4000 6306
535 335 641 400 643

1693 330 1752 389 S.
1795 328 2181 392 THEODORI
2223 328 2570 390 STUDIT/E

3679 340 3791 403 6M

539 448 808 503 scelerum
860 453 1174 499 nostrorum
1224 443 1624 512 placamentum
1648 480 1665 506 ,
1696 456 1796 494 nec
1834 455 1893 494 se
1919 440 1972 493 in
2002 454 2103 494 nos
2132 445 2181 502 Α
2211 442 2388 496 veniet
2421 441 2751 507 horrendus,
2778 457 2840 498 ac
2874 445 2967 513 qui
2995 444 3304 502 defraudari
3335 459 3570 519 nequeat
3590 451 3788 522 judex,

538 537 856 601 ofﬁrmavit,
888 537 1219 606 minimeque
1249 544 1606 590 revertentem
1642 543 1947 599 aversatur,
1972 533 2103 602 quin

539 629 758 684 asciscit
784 646 796 680 :
826 636 883 680 ut
917 628 1279 691 meretricem,
1311 637 1371 680 ut
1398 625 1706 696 prodigum,
1735 633 1793 678 ut
1817 625 2104 678 latronem.

541 715 718 779 Sane,
774 713 1250 779 obsecro,fratres
1285 727 1709 780 consurgamus,
1770 711 2104 775 excitemus,

540 806 935 859 contendamus
962 843 977 867 ,
1023 819 1132 873 quo
1176 805 1324 858 velut
1371 801 1524 872 pueri
1570 800 1803 856 studiosi
1851 817 1880 855 e
1921 802 2107 856 schola

539 894 882 948 discedentes
951 895 1057 948 laeti
1120 897 1340 948 domum
1409 901 1810 957 revertuntur;
1881 893 1960 946 sic
2008 907 2108 946 nos

539 1000 757 1054 quoque
799 1000 896 1039 ceu
925 985 1146 1054 genuini
1192 985 1466 1054 Evangelii
1510 982 1760 1051 discipuli
1820 981 1874 1035 in
1920 997 2110 1050 peren—

540 1090 662 1128 nem
692 1076 856 1128 vitam
903 1077 1175 1129 ovabundi
1219 1078 1666 1146 commigremur,
1697 1089 1791 1144 per
1825 1073 2105 1130 Christum

538 1165 723 1220 Jesum
755 1166 1041 1220 Dominum
1081 1177 1348 1220 nostrum.
1401 1167 1505 1223 Cui
1539 1169 1708 1237 gloria
1732 1179 1785 1221 et
1823 1167 2107 1236 imperium

540 1270 662 1307 cum
692 1252 871 1320 Patre,
901 1269 967 1307 ac
994 1264 1182 1309 sancto
1214 1255 1440 1324 Spiritu,
1483 1272 1630 1312 nunc
1679 1264 1735 1312 et
1773 1271 2009 1327 semper,
2053 1260 2108 1313 in

540 1358 868 1413 omnemque
896 1346 1329 1414 perpetuitatem.
1372 1348 1562 1403 Amen.

1132 1435 1366 1492 SERMO
1394 1438 1530 1493 CIV.

539 1521 616 1576 De
656 1522 854 1599 sincero
913 1540 1131 1599 veroque
1196 1543 1406 1599 amore,
1446 1544 1510 1599 ac
1542 1528 1940 1599 morigeratione
1987 1545 2110 1599 erga

610 1593 939 1660 prcefectum,
971 1603 1019 1647 et
1044 1595 1302 1648 horrendo
1316 1597 1452 1664 justi
1472 1593 1963 1665 judicis'examine.

611 1681 830 1739 Fratres
893 1685 1230 1753 Patresque,
1291 1703 1412 1756 quae
1503 1688 1768 1758 superiori
1829 1687 2109 1745 Catechesi

2205 531 2296 600 qui
2329 533 2605 585 subditum
2643 534 2864 588 subdito
2888 575 2903 601 ,
2945 534 3261 604 praefectum
3328 539 3585 608 praefecto
3610 582 3625 608 ,
3666 545 3793 614 epi-

2207 633 2431 687 scopum
2463 621 2755 690 episc0po,
2782 631 3070 690 praetorem
3104 625 3352 692 praetori,
3395 628 3504 696 regi
3532 642 3793 699 aggreget

2209 725 2432 778 regem,
2480 720 2535 764 et
2592 712 2917 766 alterutrum
2957 729 3023 768 ex
3088 717 3352 770 alterutro
3389 721 3671 789 corrigat,
3723 737 3793 776 ac

2211 798 2429 862 refutet,
2456 811 2503 854 et
2526 803 2806 871 unicuique
2835 804 3017 856 reddat
3045 809 3327 858 secundum
3360 824 3516 876 opera
3538 810 3674 876 ejus,
3710 813 3780 864 iis

2211 892 2420 958 quidem
2440 894 2528 962 qui
2556 894 2846 946 secundum
2873 897 3182 963 patientiam
3207 897 3326 949 boni
3356 900 3524 964 operis
3552 900 3792 968 gloriam

2209 995 2256 1036 et
2288 983 2554 1046 honorem,
2592 994 2640 1038 et
2663 986 3105 1054 incorruptionem
3137 999 3402 1052 aua’runt,
3441 991 3602 1042 vitam
3629 1002 3792 1044 mter-

2211 1089 2330 1124 nam
2365 1091 2385 1138 ;
2428 1076 2494 1128 iis
2538 1087 2714 1128 autent
2761 1079 2849 1144 qui
2884 1088 3007 1130 sunt
3059 1080 3424 1143 contentione,
3464 1090 3513 1132 et
3542 1081 3633 1150 qui
3682 1098 3791 1133 non

2211 1167 2541 1235 acquiescant
2563 1170 2790 1235 veritati,
2824 1170 3041 1223 credunt
3066 1181 3241 1223 autent
3268 1173 3560 1241 iniquitati,
3599 1174 3703 1232 ira,
3733 1183 3787 1225 et

2209 1254 2541 1322 indignatio,
2591 1257 2861 1309 tribulatio
2900 1265 2949 1309 et
2990 1258 3235 1326 angustia
3269 1257 3348 1321 “,
3415 1259 3491 1312 uti
3544 1258 3788 1316 canitur.

2210 1347 2363 1411 Quod
2398 1348 2794 1414 pertitnendum
2821 1356 2924 1410 est,
2956 1349 3214 1417 omnique
3243 1350 3422 1403 studio
3453 1352 3786 1418 cavendum,

2211 1453 2278 1490 ne
2331 1438 2434 1490 sub
2474 1436 2682 1490 obitum
2718 1436 2986 1491 bonorum
3033 1453 3259 1508 operum
3311 1441 3502 1495 inanes
3547 1443 3791 1511 depren-

2211 1527 2453 1590 tlamur,
2528 1527 2658 1595 quin
2745 1527 3098 1581 honestarum
3172 1529 3382 1585 feraces
3437 1531 3784 1587 functionum

2212 1627 2538 1685 spectemus.
2588 1615 2685 1671 Sin
2738 1618 3050 1673 obluctatur
3101 1620 3276 1675 hostis
3318 1636 3426 1692 quo
3464 1623 3649 1680 minus
3674 1625 3787 1679 vir-

2215 1715 2382 1759 tutcm
2431 1707 2735 1773 obeamus;
2801 1708 2949 1776 quod
2997 1710 3303 1778 negandum
3363 1727 3470 1766 non
3520 1721 3638 1780 est,
3688 1715 3784 1785 qui

540 1783 771 1866 propter
805 1780 918 1827 tum
967 1783 1256 1866 praesentes
1295 1776 1566 1842 disserui.
1626 1793 1769 1848 a’ser
1821 1793 1885 1833 ac
1921 1779 2110 1832 dolens
2142 1773 2429 1866 Bquidcm
2480 1796 2753 1852 homicida
2797 1773 2870 1852 sit
2924 1798 2992 1852 ab
3039 1773 3236 1864 ιπῖίιιο,
3301 1816 3403 1854 neu
3456 1773 3670 1856 steterit
3706 1773 3784 1857 ἰιι

541 1861 797 1926 disserui,
852 1873 905 1915 at
947 1880 1067 1932 quae
1104 1865 1170 1919 de
1214 1867 1366 1920 vobis
1414 1883 1561 1921 nunc
1609 1868 1783 1923 habeo
1820 1869 2017 1933 dicere,
2045 1881 2110 1922 ea

538 1966 666 2005 vero
693 1963 820 2006 sunt
846 1954 1111 2017 meliora,
1161 1963 1367 2008 etcum
1417 1957 1594 2012 salute
1636 1958 1925 2026 conjuncta
1951 1997 1966 2022 ,
2011 1960 2108 2028 qui

542 2043 638 2096 Dei
675 2042 796 2113 Opt.
855 2043 1000 2099 Max.
1032 2045 1298 2100 benelicio
1352 2062 1556 2102 morem
1615 2050 1862 2103 tenuitati
1915 2060 2113 2105 nostra;

541 2135 906 2204 obsequentes
927 2139 1148 2206 geratis,
1175 2139 1305 2191 nihil
1328 2140 1462 2192 citra
1496 2141 1847 2196 constitutum
1871 2152 2110 2212 agentes.

540 2225 694 2292 Quod
735 2241 841 2278 non
878 2228 1012 2280 mihi
1045 2229 1300 2298 gaudium
1329 2229 1489 2283 modo
1519 2240 1622 2297 εει,
1653 2248 1716 2286 ac
1756 2234 2068 2302 triumphus
2092 2273 2108 2300 ,

540 2318 634 2372 sed
667 2333 776 2386 prae
806 2334 891 2372 me
916 2320 1052 2375 adeo
1077 2320 1260 2385 vobis,
1290 2322 1383 2391 qui
1409 2323 1658 2378 virtutem
1689 2335 1814 2379 ante
1838 2327 2108 2395 coepistis;

541 2408 670 2477 quid
717 2418 800 2464 est
845 2413 989 2464 enim
1047 2413 1291 2476 suavius,
1354 2413 1550 2477 laetius,
1599 2415 1893 2483 jucundius
1947 2433 2109 2487 quam

541 2499 607 2552 ad
643 2502 1019 2570 praescriptum
1052 2503 1254 2568 vivere,
1282 2520 1380 2559 nec
1419 2521 1517 2576 pro
1563 2505 1786 2561 libidine
1816 2508 2111 2578 quidquam

541 2591 694 2645 obire
745 2593 1066 2648 subditum?
1113 2595 1216 2650 hoc
1268 2612 1394 2650 vera
1460 2599 1810 2670 morigeratio
1849 2609 1954 2664 est,
1997 2601 2112 2656 haec

540 2681 700 2736 beata
739 2684 848 2737 vita
874 2723 889 2748 ,
923 2685 1032 2755 (20
1064 2692 1082 2754 )
1121 2686 1225 2740 hoc
1277 2689 1676 2756 prwntolestum
1715 2691 2028 2758 quoddam,
2058 2701 2114 2748 et

541 2775 908 2830 immolestum
931 2816 944 2840 ,
993 2787 1052 2830 ut
1082 2779 1161 2832 sic
1194 2779 1460 2844 dixerim,
1506 2793 1776 2835 certamen
1805 2800 1818 2848 ;
1877 2798 2109 2852 prasino-

543 2865 735 2919 lestum
771 2867 820 2920 ei
865 2867 955 2935 qui
989 2867 1169 2922 adhuc
1200 2868 1318 2922 suis
1366 2869 1558 2923 studiis
1589 2881 1865 2935 teneatur,
1912 2874 2112 2928 immo,

541 2957 736 3011 lestum
773 2961 822 3013 ei
853 2940 945 3028 qui
979 2972 1169 3026 suapte
1199 2962 1374 3016 studia
1437 2961 1771 3034 praefregerit
1795 3008 1809 3031 ,
1859 2973 1916 3020 ut
1951 2983 2110 3036 apos-

545 3048 703 3104 tolice
739 3050 886 3105 ausit
921 3051 1101 3107 dicere
1144 3071 1156 3107 :
1195 3053 1318 3107 Vivo
1347 3066 1521 3107 autent
1554 3055 1671 3124 jam
1702 3073 1803 3110 non
1836 3074 1950 3128 ego,
1987 3059 2112 3112 vivit

541 3154 658 3191 vero
687 3139 741 3191 in
779 3155 859 3192 me
898 3138 1138 3194 Christus
1169 3145 1236 3196 δ’.
1287 3142 1505 3198 Scilicet
1547 3147 1639 3214 qui
1679 3163 2019 3217 nequaquam
2043 3165 2108 3203 ex

541 3243 638 3282 sua
667 3228 892 3284 libidine
947 3233 1111 3298 vivat,
1145 3248 1240 3302 per
1271 3233 1586 3304 praefectum
1620 3238 1775 3306 quasi
1818 3242 2108 3308 quemdam

540 3329 881 3388 sequestrum
910 3319 1020 3375 Deo
1053 3325 1202 3388 vivit,
1229 3324 1455 3378 revelata
1481 3326 1616 3394 facie
1640 3327 1864 3397 gloriam
1902 3323 2111 3384 Domini

538 3411 870 3476 speculatus,
905 3425 949 3465 et
975 3413 1029 3466 in
1066 3416 1300 3469 eamdem
1329 3417 1608 3486 imaginem
1637 3420 2044 3488 lransformatus
2076 3438 2109 3474 a

539 3499 786 3556 claritate
808 3503 864 3555 in
893 3503 1211 3571 claritatem,
1242 3517 1490 3575 tanquam
1515 3525 1546 3561 a
1577 3509 1791 3563 Domini
1819 3510 2024 3579 Spiritu
2042 3513 2107 3580 ",

537 3596 989 3661 quemadmodum
1022 3598 1282 3666 scriptum
1319 3608 1418 3654 est.
1483 3599 1779 3656 Enimvero
1805 3602 1892 3658 hic
1921 3605 2105 3658 mundi

538 3690 620 3736 est
645 3697 874 3739 securus
899 3725 914 3750 ,
957 3685 1210 3742 interitus
1241 3700 1418 3743 morte
1440 3729 1455 3754 ,
1503 3691 1678 3745 laetam
1705 3733 1721 3757 ,
1771 3708 1836 3748 ac
1865 3695 2106 3764 quietam

539 3788 804 3844 peragens
860 3779 1026 3832 vitam
1075 3791 1218 3837 totus
1257 3794 1609 3839 consecratus
1654 3785 1798 3852 Deo,
1851 3768 2106 3845 caeterum

542 3861 636 3930 qui
667 3873 857 3934 suapte
889 3867 1167 3925 voluntate
1187 3912 1202 3938 ,
1236 3873 1490 3942 projectis
1519 3876 1839 3933 obedientize
1878 3879 2106 3950 legibus,

538 3952 760 4018 nitatur,
789 3956 893 4010 sibi
917 3959 1130 4025 volens,
1159 3962 1261 4015 sibi
1293 3964 1518 4032 placens
1537 4006 1550 4031 ,
1571 3983 1653 4020 na.-
1680 3968 1727 4022 is
1749 3971 1910 4023 vitam
1930 3974 2109 4028 trahat

538 4038 836 4109 afflictam,
881 4047 974 4115 qui
1024 4062 1054 4102 a
1085 4049 1308 4106 diabolo
1351 4062 1545 4123 captus
1594 4055 1660 4110 ad
1701 4058 1986 4114 arbitrium
2027 4070 2108 4115 te-

538 4141 753 4222 neatur.
803 4135 906 4201 Qui
939 4147 997 4192 ut
1026 4139 1278 4208 jejunare
1329 4144 1599 4214 videatur,
1631 4158 1724 4203 aut
1765 4153 2107 4222 pervigilare,

535 4227 630 4271 aut
658 4221 762 4274 alia
793 4223 990 4278 virtute
1039 4225 1223 4300 fungi,
1267 4229 1522 4287 illaudata
1551 4233 1755 4292 functio
1787 4248 1870 4295 est
1889 4221 2104 4310 postca-

534 4324 698 4378 quam
778 4310 942 4368 Omne
972 4320 1108 4386 quod
1141 4335 1245 4372 non
1285 4330 1365 4376 est
1395 4324 1520 4391 ﬁde,
1552 4338 1818 4394 peccatum
1844 4341 1920 4384 est
1953 4333 2026 4397 “,
2053 4343 2106 4388 et

2212 1889 2459 1951 veritate,
2483 1903 2607 1944 cum
2637 1905 2747 1944 non
2789 1891 2861 1945 sit
2886 1891 3086 1946 veritas
3113 1892 3168 1946 in
3200 1906 3288 1956 eo,
3319 1894 3784 1962 quemadmodum

2211 1978 2286 2030 ait
2341 1979 2643 2046 Dominus;
2696 1989 2751 2034 at
2785 1980 3104 2037 fortitudine
3155 1981 3210 2035 in
3259 1997 3405 2049 eum,
3446 1999 3510 2038 ac
3558 2000 3787 2053 magna-

2212 2070 2458 2125 nimitate
2488 2081 2727 2136 utamur,
2762 2073 3071 2137 laboribus,
3098 2073 3303 2139 studio,
3331 2074 3580 2143 precibus
3607 2117 3621 2141 ,
3653 2091 3788 2145 sup-

2212 2161 2376 2228 plicio
2401 2200 2417 2225 ,
2470 2161 2728 2232 lacrymis
2766 2164 3088 2220 adhibendis
3110 2205 3126 2230 ,
3172 2174 3337 2234 atque
3365 2166 3411 2220 is
3439 2167 3784 2234 succumbet,

2213 2252 2322 2307 Deo
2363 2255 2414 2308 in
2455 2267 2728 2310 certamen
2755 2267 3017 2320 coeunte,
3082 2267 3378 2328 nostraque
3412 2259 3788 2314 imbecillitate

2207 2344 2444 2412 juvanda
2469 2362 2759 2414 perennem
2785 2349 3068 2403 victoriam
3094 2351 3363 2417 praebente
3387 2366 3482 2421 per
3502 2351 3786 2406 Christum

2211 2433 2393 2489 Jcsum
2423 2436 2713 2491 Dominum
2752 2449 3024 2492 nostrum.
3075 2439 3174 2494 Cui
3209 2441 3380 2510 gloria
3405 2451 3460 2496 ει
3496 2444 3784 2511 imperium

2212 2540 2336 2581 cum
2362 2529 2540 2594 Patre,
2581 2544 2645 2583 ac
2670 2539 2858 2582 sancto
2887 2528 3090 2597 Spiritu
3118 2569 3133 2594 ,
3184 2545 3330 2585 nunc
3359 2542 3414 2586 et
3443 2547 3656 2603 semper
3681 2573 3698 2599 ,
3731 2537 3786 2588 in

2213 2634 2541 2690 omnemque
2572 2621 3011 2690 perpetuitatem.
3045 2621 3236 2675 Amen.

2817 2712 3048 2767 SERMO
3077 2710 3181 2768 CV.

2248 2781 2326 2835 De
2382 2783 2721 2852 expurganda
2758 2799 2788 2835 a
2818 2784 3096 2837 sceleribus
3145 2787 3357 2851 animo,
3410 2787 3752 2858 ineundisque

2734 2873 2941 2926 uirtutis
2975 2875 3259 2929 laboribus.

2283 2962 2500 3018 Fratres
2566 2962 2897 3034 Patresque,
2933 2964 3046 3021 fors
3079 2967 3320 3021 animum
3351 2967 3532 3023 dicere
3561 2968 3787 3024 inducat

2138 3057 2486 3155 cquispiam
2555 3055 2764 3125 frugem
2826 3071 2893 3111 ex
2977 3057 3061 3111 bis
3122 3057 3513 3114 Catcchesibus
3576 3061 3782 3114 nullam

2214 3149 2438 3216 percipi,
2472 3149 2562 3203 sed
2590 3149 2856 3217 profecto,
2879 3158 2936 3202 ut
2967 3151 3100 3203 mihi
3127 3151 3366 3217 videtur,
3397 3152 3482 3206 vel
3513 3151 3785 3222 inprimis

2219 3239 2533 3306 percipitur.
2597 3240 2817 3294 Scilicet
2865 3241 3010 3308 quod
3045 3253 3283 3295 aratrum
3326 3251 3522 3306 terrae,
3553 3253 3608 3299 et
3639 3259 3782 3314 aqua

2214 3333 2448 3397 sitienti,
2480 3333 2529 3386 id
2563 3348 2733 3402 gnave
2763 3333 3001 3387 audienti
3025 3334 3402 3388 Catecheticus
3450 3351 3634 3390 sermo
3673 3347 3780 3393 est.

2216 3423 2366 3479 Unde
2406 3425 2549 3478 enim
2604 3440 2757 3479 mens
2819 3425 3232 3494 corrumpitur?
3285 3427 3426 3479 unde
3451 3427 3504 3479 in
3552 3427 3780 3482 fratrum

2211 3518 2373 3572 rebus
2418 3517 2651 3586 publicis
2702 3517 2863 3582 bella,
2913 3519 3065 3580 τίκτε,
3096 3518 3318 3572 dissidia
3345 3517 3568 3571 inonne
3596 3534 3662 3572 ex
3715 3536 3782 3574 eo

2211 3609 2356 3677 quod
2383 3610 2629 3662 doctrina
2658 3650 2673 3674 ,
2717 3624 2780 3664 ac
2811 3609 3095 3680 castigatio
3129 3624 3235 3663 non
3264 3609 3447 3662 obitur
3471 3610 3494 3661 ἰ
3523 3611 3656 3674 Qua:
3688 3613 3776 3664 ubi

2210 3699 2322 3751 sint
2365 3699 2435 3751 ibi
2463 3701 2728 3753 serenitas
2758 3740 2771 3765 ,
2825 3710 2983 3768 atque
3009 3716 3119 3770 pax
3144 3707 3248 3763 est,
3288 3700 3376 3755 ubi
3404 3714 3510 3770 pax
3540 3740 3556 3765 ,
3608 3709 3663 3754 et
3692 3717 3780 3755 se-

2208 3793 2413 3845 renitas
2458 3790 2530 3844 ibi
2572 3799 2795 3846 sanctus
2861 3791 3093 3860 Spiritus
3141 3792 3500 3859 conquiescit.
3563 3791 3681 3858 Qua
3713 3793 3780 3847 de

2207 3897 2374 3937 causa
2404 3883 2655 3952 equidem
2691 3883 2877 3938 timide
2934 3883 3238 3953 cupideque
3273 3883 3576 3952 disserere,
3608 3886 3776 3941 casti-

2210 3991 2360 4044 gare,
2389 3975 2624 4039 hortari,
2656 3989 2719 4029 ac
2752 3990 3099 4029 commonere
3129 3985 3338 4044 satago,
3366 3977 3409 4030 si
3436 3992 3538 4046 qua
3571 3978 3774 4046 possint

2208 4065 2276 4118 ab
2345 4065 2649 4135 omnigenis
2727 4065 2932 4118 diaboli
2993 4067 3343 4121 tcntamentis
3406 4082 3503 4121 vos
3579 4083 3778 4138 meque

2208 4171 2456 4220 servare,
2486 4171 2799 4224 quanquam
2831 4154 3006 4210 fateor
3032 4171 3253 4226 operam
3288 4171 3384 4210 vos
3421 4173 3638 4227 quoque
3667 4175 3774 4213 non

2208 4245 2491 4299 minimam
2523 4246 2773 4300 conferre
2800 4287 2812 4311 ,
2850 4249 3085 4300 maxime
3125 4247 3423 4316 primores,
3474 4265 3776 4319 omnesque

2207 4352 2294 4390 me
2338 4338 2403 4390 ad
2445 4338 2645 4391 bonum
2684 4338 3037 4407 opitulatores
3079 4339 3298 4394 habere.
3351 4338 3460 4408 Ego
3493 4341 3732 4407 plantavi
3758 4381 3772 4404 ,

534 4401 737 4471 alioqui
768 4409 912 4472 quo“
945 4405 1014 4460 ad
1041 4423 1382 4466 Communem
1417 4417 1654 4484 regulam
1704 4435 1809 4473 non
1864 4431 2055 4490 agatur
2083 4467 2096 4490 ,
2136 4431 2176 4484 D
2206 4429 2280 4482 ait
2310 4429 2422 4492 ille,
2478 4430 2664 4499 Apollo
2711 4401 2927 4500 rigavit,
2973 4431 3060 4483 sed
3089 4431 3221 4484 Deus
3267 4401 3641 4486 incrementum
3683 4434 3773 4485 de-

533 4506 655 4545 cum
687 4497 966 4563 proprium
1004 4509 1086 4553 est
1120 4501 1355 4572 agentis,
1390 4513 1505 4560 tum
1550 4509 1784 4564 alienum
1819 4527 1848 4565 a
1886 4514 2104 4583 pietate.

533 4580 604 4635 Ut
640 4586 834 4640 merito
878 4602 974 4642 eos
1019 4594 1484 4661 reprehenderim,
1511 4613 1607 4652 vos
1635 4599 1869 4668 laudem,
1889 4580 1901 4583 —
1925 4620 1988 4659 ac
2016 4620 2108 4660 co-

533 4674 725 4728 hortor
759 4676 1023 4734 inhaarere
1056 4682 1435 4750 pulcherrima:
1461 4689 1871 4759 morigerationi
1898 4732 1914 4758 .
1971 4697 2106 4752 tole-

531 4767 723 4820 rantia:
750 4807 765 4831 ,
807 4768 1118 4840 frangendae
1148 4763 1431 4841 voluntati,
1460 4780 1607 4846 ﬁdei,
1633 4783 1780 4851 spei,
1813 4785 2067 4841 charitati
2089 4831 2104 4854 ,

530 4859 741 4913 caeteris
818 4861 1143 4919 obedientiae
1194 4869 1389 4924 studiis
1424 4909 1439 4935 ,
1498 4887 1606 4942 qua
1665 4888 1724 4929 re
1770 4885 1824 4930 et
1875 4878 2100 4934 salutent

529 4949 828 5016 quaratis,
876 4961 930 5007 et
957 4958 1236 5027 exemplar
1280 4962 1558 5030 egregium
1589 4965 1688 5018 toti
1735 4969 2097 5025 contubernio

528 5037 650 5092 sitis
684 5053 815 5094 sane
839 5080 855 5105 ,
898 5043 1126 5100 obsecro
1149 5085 1165 5110 ,
1219 5046 1452 5117 fratres,
1502 5051 1772 5122 siquidem
1812 5057 1966 5113 abest
1995 5059 2099 5113 mi-

530 5129 741 5185 nimum
789 5134 920 5203 quin
952 5135 1176 5205 jamjam
1228 5141 1442 5195 veniam
1479 5144 1773 5200 adventans
1799 5187 1813 5213 ,
1855 5148 2099 5218 nihilque

527 5232 835 5290 cunctetur,
874 5244 1128 5297 supremo
1158 5233 1476 5289 imminente
1513 5235 1601 5289 die
1622 5251 1731 5303 quo
1776 5237 1827 5291 in
1856 5239 2094 5295 tenebris

534 5325 842 5385 perpetrata
875 5323 1151 5391 patefiant,
1185 5326 1463 5396 animique
1495 5328 1726 5383 consilia
1756 5337 2090 5401 retegantur,

599 5512 645 5550 δ’
681 5512 855 5570 Galat.
895 5532 968 5583 ιι,
1009 5517 1100 5572 20.
1197 5522 1242 5551 ’³
1280 5520 1321 5574 ll
1356 5521 1495 5576 Cor.
1546 5538 1640 5586 ιιι,
1695 5525 1781 5579 18.

1858 5526 1902 5558 ⁸⁵
1937 5526 2098 5583 Rom.
2141 5546 2251 5594 xw,
2290 5530 2379 5585 23.
2455 5534 2498 5564 "
2535 5532 2693 5590 Rom.
2732 5551 2788 5601 ll,
2821 5537 2871 5592 8.

2203 4518 2281 4570 dit
2307 4517 2351 4549 “
2385 4538 2398 4573 :
2433 4529 2493 4574 ut
2523 4534 2629 4573 non
2658 4535 2777 4574 mea
2818 4521 3009 4583 solius.
3044 4523 3174 4591 quin
3217 4531 3395 4576 vestra
3431 4524 3673 4575 omnium
3705 4527 3773 4576 sit

2205 4608 2433 4672 functio,
2470 4626 2564 4664 seu
2603 4612 2782 4679 potius
2820 4612 2932 4678 Dei,
2956 4614 3023 4666 ab
3056 4630 3165 4682 quo
3201 4626 3394 4669 cuncta
3428 4616 3481 4669 in
3520 4617 3771 4672 homines

2205 4711 2349 4754 recte
2379 4699 2524 4753 facta
2554 4711 2795 4756 manant.
2831 4702 3015 4773 Itaque
3039 4745 3054 4770 ,
3087 4710 3368 4772 cohortor,
3395 4710 3540 4777 quod
3571 4711 3771 4780 cuique

2206 4790 2398 4859 obtigit
2442 4806 2637 4845 tnunus
2676 4792 2742 4845 ad
2772 4792 3041 4853 publicam
3083 4792 3293 4866 frugem
3324 4809 3562 4868 urgetote
3587 4839 3603 4864 ,
3649 4803 3769 4854 ani-

2207 4882 2391 4952 mique
2423 4883 2758 4937 domicilium
2792 4884 2902 4940 Deo
2931 4895 3335 4954 construuntur,
3370 4893 3763 4961 nam’Apostoli

2199 4972 2311 5028 haec
2378 4976 2643 5029 sententia
2702 4985 2828 5039 est,
2899 4976 2957 5030 Si
3009 4980 3125 5047 quis
3174 4983 3561 5051 superadiﬁcat
3611 5001 3766 5054 super

2196 5063 2594 5130 fundamentum
2639 5066 2734 5119 hoc
2785 5084 2994 5133 aurum,
3046 5082 3350 5141 argentum,
3401 5074 3602 5143 lapides
3643 5094 3761 5143 pre-

2196 5157 2352 5208 tiosos
2373 5193 2387 5216 ,
2423 5157 2588 5222 ligna,
2621 5158 2797 5226 fenum
2819 5197 2833 5220 ,
2866 5161 3115 5226 stipulam
3142 5200 3156 5225 ,
3199 5165 3608 5236 uniuscujusque
3636 5182 3759 5233 opus

2197 5245 2534 5314 manifestum
2565 5250 2665 5300 erit
2691 5266 2704 5314 ;
2731 5251 2840 5303 dies
2863 5253 2997 5304 enim
3020 5253 3328 5318 declarabit,
3367 5255 3383 5320 (
3405 5259 3530 5323 quia
3567 5261 3623 5310 in
3646 5261 3760 5328 igne

2197 5335 2496 5406 revelatur)
2554 5348 2604 5391 et
2658 5341 3066 5410 uniuscujusque
3125 5357 3250 5410 opus
3312 5346 3466 5415 quale
3501 5349 3567 5402 sit
3625 5349 3759 5419 ignis

2953 5541 2995 5572 “
3034 5539 3052 5593 l
3090 5540 3214 5597 Cor.
3241 5557 3323 5610 ιιι,
3355 5544 3407 5598 6.

601 5676 714 5745 (95)
756 5676 879 5734 Hac
917 5681 972 5736 in
1025 5694 1212 5740 nostro
1261 5686 1400 5741 {cede
1461 5694 1702 5744 mutilata
1761 5703 1932 5758 erant,
1966 5710 2083 5760 qua:
2119 5696 2170 5749 in
2218 5694 2335 5750 Vat.
2369 5699 2573 5770 integra
2621 5697 2832 5756 oil'cndi.
