4000 6306
135 418 389 488 probabit
419 415 489 472 ⁸⁷.
524 415 902 471 Observemus
923 413 1049 484 quid
1076 413 1242 477 dicat,
1275 413 1734 483 quemadmodum

137 527 271 566 auro
303 551 320 575 ,
361 518 641 580 argento,
694 507 961 576 lapidibus
1010 507 1262 576 pretiosis
1301 507 1554 560 virtutem
1584 521 1736 561 com-

141 609 296 670 paret
329 601 542 654 vitium
567 637 585 661 ,
617 597 817 666 lignis,
863 595 987 653 fcno
1008 634 1024 660 ,
1058 597 1255 665 stipula
1279 633 1296 660 ,
1329 596 1528 664 quibus
1552 596 1737 664 judice

139 693 245 763 igni
266 689 667 760 explorandis,
693 697 876 743 tenera
898 686 1330 757 conﬂagrabunt,
1351 686 1735 755 superstitibus

135 786 308 837 duris.
344 782 435 834 Ac
457 778 852 833 terribiliorem
882 792 1208 847 comparans
1226 791 1554 840 sermonem,
1587 776 1734 829 addit

135 875 186 928 in
216 877 339 928 haec
380 873 558 924 ver-ha
596 885 611 922 :
650 868 880 923 Nescitis
923 871 1048 938 quia
1087 868 1339 936 templum
1384 866 1478 921 Dei
1503 867 1650 930 estis,
1683 875 1733 919 et

136 969 373 1036 Spiritus
427 963 532 1016 Dei
558 963 766 1015 habitat
808 962 860 1013 in
898 959 1060 1014 vobis.
1095 958 1290 1030 Siquis
1337 958 1587 1028 templum
1635 957 1732 1010 Dei

135 1060 414 1114 violaverit
434 1099 450 1122 ,
475 1053 742 1126 disperdet
775 1054 927 1106 illum
962 1053 1099 1106 Deus
1134 1068 1151 1106 :
1189 1053 1435 1121 templum
1466 1052 1603 1105 enim
1637 1051 1730 1105 Dei

137 1159 384 1204 sanctum
414 1157 540 1211 est,
574 1149 667 1217 qui
706 1146 831 1201 estis
863 1161 950 1198 vos
976 1144 1042 1197 ⁸⁸.
1096 1142 1201 1197 Hui
1234 1144 1552 1198 beneficium
1575 1184 1590 1207 ,
1638 1142 1729 1197 Dei

139 1258 235 1298 nos
267 1243 547 1312 templum
590 1239 862 1294 nominari
889 1239 902 1290 l
953 1236 1044 1290 hui
1082 1235 1259 1289 minas
1284 1275 1298 1297 ,
1338 1234 1431 1304 qui
1463 1233 1558 1288 Dei
1591 1243 1730 1289 tem-

139 1335 282 1402 plum
355 1344 820 1400 corrumpantus,
882 1336 1200 1395 corruptum
1269 1326 1333 1380 iri
1410 1326 1724 1380 divinitus:

137 1427 512 1494 quamobrem
536 1438 603 1476 ne
632 1420 727 1474 Dei
767 1419 1022 1487 templum
1048 1431 1480 1486 corrumpamus,
1506 1415 1725 1481 fratres,

142 1532 237 1569 neu
298 1515 585 1584 Spiritum
636 1511 898 1564 habentes
929 1508 1292 1563 domesticum
1326 1506 1591 1561 scelerum
1631 1507 1728 1559 do-

139 1605 411 1657 micilium
445 1602 673 1664 tiamus,
706 1615 807 1652 neu
831 1614 861 1652 a
886 1598 1034 1652 vitiis
1055 1597 1252 1652 asserti
1274 1597 1470 1650 iterum
1506 1595 1723 1649 diabolo

141 1698 464 1750 servitutem
513 1693 827 1748 serviamus
849 1732 864 1757 ,
901 1692 1032 1760 quin
1059 1699 1254 1745 stemus
1280 1690 1473 1744 sinceri
1492 1728 1508 1754 ,
1535 1699 1585 1744 et
1613 1690 1725 1746 sine

140 1786 373 1854 o/j’ensa,
433 1783 627 1853 repleti
657 1781 915 1850 fructibus
939 1781 1168 1850 justitia:
1195 1797 1285 1850 per
1325 1779 1506 1834 Iesum
1542 1780 1725 1836 Claris-

145 1887 246 1928 tum
284 1881 342 1930 in
396 1876 640 1946 gloriam
685 1882 734 1927 et
778 1871 988 1925 laudem
1029 1870 1125 1924 Dei
1147 1872 1226 1936 ‘9,
1266 1872 1724 1940 quemadmodum

144 1967 404 2035 scriptum
446 1975 554 2022 est.
594 1963 762 2033 Igitur
792 1963 861 2017 sit
885 1962 1102 2016 animus
1128 1970 1313 2016 noster
1334 1962 1462 2030 vigil
1491 1977 1726 2031 semper,

145 2073 202 2110 ac
230 2066 536 2111 contentus
561 2094 576 2118 ,
603 2053 697 2124 qui
730 2053 925 2108 timore
957 2053 1164 2118 divino,
1195 2064 1250 2106 et
1276 2054 1496 2107 assidua
1533 2055 1724 2108 mortis

144 2147 550 2202 deformatione
581 2148 877 2208 imbuatur,
905 2144 996 2199 ubi
1035 2145 1081 2198 is
1109 2145 1253 2198 enim
1287 2146 1518 2198 obeatur
1549 2145 1723 2208 labor,

147 2237 410 2291 subeundi
439 2237 627 2289 locum
655 2242 936 2304 peccatum
962 2233 1158 2286 habeat
1186 2233 1417 2286 nullum.
1439 2233 1534 2285 Sin
1577 2248 1727 2288 reses

147 2329 473 2398 stupidaque
512 2341 670 2380 mens
702 2326 810 2392 sit;
839 2334 951 2380 tum
990 2339 1120 2379 vero
1150 2324 1497 2380 subolescere
1536 2325 1725 2389 libido,

148 2435 261 2488 qua:
285 2436 390 2475 nos
418 2420 616 2474 incitet
649 2433 714 2472 ac
753 2419 1077 2478 conturbet,
1109 2416 1443 2486 minimeque
1469 2416 1726 2481 dimittat,

149 2515 268 2568 dum
303 2517 356 2569 in
391 2517 642 2584 priorem
667 2521 865 2567 statum
901 2510 1242 2582 posuiminio
1268 2521 1622 2566 revertamur.
1659 2510 1729 2566 Ut

151 2606 492 2661 inducendus
541 2607 614 2658 sit
649 2603 867 2657 animus
905 2603 998 2672 qui
1023 2618 1120 2672 pro
1150 2602 1346 2657 virtute
1376 2603 1685 2657 laboremus
1711 2643 1726 2666 ,

152 2712 253 2762 quo
288 2697 459 2749 vitam
489 2696 744 2748 ineamus
777 2691 986 2746 felicem
1019 2693 1257 2745 nitamur
1285 2707 1381 2762 pro
1414 2693 1577 2757 bono,
1618 2707 1729 2762 quo

151 2788 367 2857 perenni
403 2787 660 2855 requiete
694 2785 993 2854 potiamur;
1027 2785 1324 2854 ploremus,
1355 2800 1464 2853 quo
1496 2785 1729 2852 gaudere

155 2875 202 2926 in
234 2873 465 2927 Domino
505 2887 795 2941 queamus;
829 2879 1002 2933 arcto,
1033 2879 1085 2924 et
1132 2870 1331 2926 alﬂicto
1354 2870 1546 2924 itinere
1572 2886 1728 2941 gras-

1340 307 1751 368 SERMONES
1785 308 2280 370 CATECHETICI

3302 321 3407 384 646

1841 413 2250 485 demergeretur
2306 430 2520 485 rogare,
2573 419 2716 488 quod
2767 427 2821 474 et
2868 436 3061 491 passus
3111 426 3407 496 aliquando

1837 516 1937 571 est,
1964 507 2288 570 dormitans,
2321 510 2447 577 quid
2486 526 2584 564 nos
2631 514 2786 566 nauci
2828 515 3093 584 dicamus,
3123 530 3409 589 quantum-

1837 610 1942 662 que
1962 601 2217 651 eonvenit
2240 601 2448 664 timere,
2482 611 2535 655 et
2560 619 2628 657 ne
2658 604 2797 659 idem
2828 611 3123 666 subeamus
3153 616 3410 682 precari?

1838 684 1978 756 Ergo
2013 689 2229 743 animus
2261 702 2443 745 noster
2487 695 2643 762 quasi
2690 694 2909 765 quidam
2959 702 3289 770 gubernator
3327 720 3410 761 est

1835 778 1926 846 qui
1961 778 2050 832 ubi
2090 779 2270 849 vigilet
2343 783 2612 848 intentus,
2643 787 2900 843 vitiorum
2938 806 3120 847 arceat
3144 798 3408 864 procellas

1837 866 2119 924 minimum
2148 873 2399 938 cogitatis
2431 889 2553 943 quae
2593 876 2848 947 ingruant
2881 898 3156 951 aspersus,
3181 888 3402 943 defetis-

1834 960 2268 1026 Catnrhzereses,
2304 963 2565 1032 ﬂagitium
2597 967 2950 1037 intromittat,
2979 989 3076 1029 ceu
3109 979 3403 1046 mundans,

1833 1047 2101 1116 quoddam
2128 1049 2350 1118 ﬂumen,
2383 1055 2707 1126 sentinaque
2737 1070 3011 1129 gravatus,
3052 1065 3241 1134 ingens
3267 1081 3404 1124 nau-

1831 1136 2064 1208 fragium
2097 1140 2265 1196 faciat
2288 1146 2520 1212 peccati,
2553 1148 2697 1216 quod
2725 1166 2847 1204 cum
2895 1153 3049 1208 triste
3077 1167 3162 1211 est
3183 1159 3400 1228 auditu,

1831 1237 1942 1283 tum
1973 1231 2181 1287 tristius
2234 1237 2503 1304 cogitatu.
2541 1237 2680 1295 Tum
2728 1243 2958 1300 sollicita
3016 1263 3077 1302 ac
3102 1252 3404 1318 periculosa

1829 1323 1953 1375 vitae
1976 1324 2250 1395 navigatio
2279 1338 2480 1384 nostra:
2500 1337 2584 1384 est
2613 1348 2626 1397 ;
2659 1342 2715 1387 ut
2743 1335 2947 1391 intente
3007 1340 3401 1414 vigilanterque

1829 1410 2170 1468 retinendum
2192 1417 2263 1470 sit
2283 1419 2735 1489 gubernaculum,
2756 1434 2808 1479 et
2833 1429 3044 1484 eminus
3066 1410 3399 1505 proﬂiganda

1829 1501 1956 1554 vitia
1987 1517 2051 1556 ac
2084 1505 2375 1561 confestim
2417 1509 2679 1568 irruentes
2729 1515 2883 1571 laedas
2930 1501 3289 1590 cogitationes
3313 1543 3403 1582 ar-

1831 1586 2036 1649 cendae,
2064 1605 2130 1644 ne
2166 1592 2252 1647 his
2307 1596 2579 1653 immorati
2617 1586 3025 1675 demergamur:
3074 1612 3259 1683 Neque
3287 1617 3402 1673 hac

1832 1691 1962 1732 vero
1985 1679 2312 1748 adjuniores
2336 1693 2544 1742 tantum
2573 1692 2808 1760 pertinet
2831 1699 3009 1752 oratio
3046 1679 3183 1769 quin
3220 1706 3289 1761 ad
3319 1724 3396 1764 sc-

1827 1771 2007 1824 niores
2040 1785 2280 1843 quoque,
2311 1778 2440 1830 etin
2475 1783 2885 1842 exercitatione
2907 1801 3211 1857 provectos,
3257 1808 3408 1863 post-

1827 1874 1991 1928 quam
2025 1878 2096 1918 ne
2131 1863 2232 1919 hos
2255 1867 2475 1935 quidem
2530 1871 2766 1930 intentos
2802 1876 3058 1936 diabolus
3093 1884 3316 1950 omittit,
3343 1889 3407 1940 de

1827 1951 2026 2018 quibus
2058 1963 2238 2009 exstat
2271 1956 2387 2010 haec
2416 1959 2616 2015 alicubi
2662 1966 2841 2034 magni
2925 1982 2990 2022 ac
3027 1969 3196 2026 divini
3216 1971 3404 2030 Basilii

1828 2044 2098 2098 sententia
2161 2045 2275 2117 (26)
2315 2048 2758 2108 :Tristissimum
2818 2063 3211 2127 spectaculum,
3283 2077 3406 2134 post

1829 2135 2127 2203 pervigilia,
2163 2148 2285 2207 post
2322 2141 2667 2210 aﬂlictiones,
2702 2157 2828 2214 post
2872 2160 3159 2207 contentas
3192 2171 3402 2224 preccs,

1827 2234 1950 2295 post
1980 2227 2174 2283 uberes
2203 2229 2491 2301 lacrymas,
2521 2247 2639 2305 post
2670 2240 2858 2312 viginti
2888 2254 2985 2296 aut
3038 2245 3254 2312 triginta
3289 2247 3404 2303 fors

1828 2332 2096 2374 annorum
2159 2325 2580 2392 continentiam,
2618 2331 2688 2385 ob
2732 2334 2898 2386 animi
2943 2336 3195 2405 supinam
3233 2341 3405 2408 negli-

1828 2409 2062 2477 gentiam
2095 2416 2311 2470 cunctis
2342 2418 2657 2488 exspoliari.
2701 2419 2966 2493 Equidem
2995 2425 3047 2479 id
3071 2427 3258 2483 infelix
3288 2439 3402 2485 tum

1827 2503 1933 2556 vidi
1974 2513 2086 2559 tum
2111 2507 2320 2575 audivi,
2353 2520 2408 2565 et
2442 2511 2820 2585 illacrymatus
2884 2518 3224 2590 illacrymor,
3253 2526 3403 2594 c0gi-

1831 2603 1949 2650 tans
1977 2599 2434 2665 quemadmodum
2470 2611 2550 2659 tot
2569 2621 2700 2676 Opes
2727 2609 3014 2675 virtutum,
3037 2629 3102 2670 ac
3129 2623 3209 2670 tot
3242 2618 3404 2673 anuis

1829 2696 2120 2753 congestae,
2155 2705 2262 2747 uno
2303 2697 2563 2764 temporis
2619 2711 2898 2757 momento
2945 2704 3144 2759 diaboli
3193 2709 3404 2777 periere

1830 2777 2043 2844 fraude,
2084 2783 2230 2836 nudo
2280 2793 2334 2838 et
2361 2785 2540 2842 inutili
2569 2791 2764 2846 relicto
2791 2795 2949 2863 quasi
2980 2798 3220 2866 quodam
3250 2815 3404 2856 exer-

1827 2866 2000 2924 citore
2035 2872 2274 2941 pietatis,
2330 2885 2438 2931 tam
2473 2878 2662 2949 ingens
2698 2894 2782 2937 est
2833 2887 3024 2941 salutis
3062 2898 3262 2944 nostra:
3283 2907 3403 2962 my-

155 2979 368 3033 semur,
415 2979 534 3034 quo
579 2964 708 3016 hinc
739 2972 1047 3016 manantem
1081 2963 1314 3016 alienam
1345 2962 1532 3016 dolore
1565 2962 1724 3015 vitam
1755 2961 1798 3018 C
1830 2959 2079 3026 Sterium,
2109 2971 2368 3036 tantaque
2401 2969 2602 3025 diaboli
2632 2975 2913 3042 atrocitas,
2960 2978 3012 3031 in
3050 2982 3273 3048 emtum,
3303 2998 3403 3038 nos

156 3072 575 3128 consequamur.
592 3055 882 3109 Enimvero
899 3056 943 3109 is
962 3056 1444 3125 praestantissimus
1465 3064 1728 3124 quaestus,

155 3160 211 3200 ea
243 3165 460 3202 summa
494 3157 582 3204 est
621 3146 854 3200 felicitas
878 3186 894 3211 ,
941 3146 1153 3215 exiguis
1205 3161 1302 3215 pro
1333 3146 1531 3200 virtute
1556 3155 1727 3200 certa-

159 3239 410 3305 minibus,
444 3253 513 3293 ac
534 3236 813 3290 laboribus
841 3236 1127 3298 immensa,
1149 3246 1202 3288 et
1231 3234 1562 3288 immortalia
1589 3236 1729 3290 bona

159 3343 339 3394 parare
363 3344 490 3398 qua!
522 3325 745 3395 assequi
769 3341 957 3380 omnes
990 3325 1275 3395 contingat
1307 3324 1522 3379 Domini
1551 3325 1724 3379 nostri

156 3418 274 3472 lesu
304 3419 510 3472 Christi
549 3415 875 3470 liberalitate
900 3424 1062 3483 atque
1094 3414 1380 3469 beneficio.
1413 3415 1512 3469 Cui
1558 3416 1727 3485 gloria

156 3518 204 3561 et
233 3509 520 3578 imperium
550 3522 676 3560 cum
697 3504 876 3570 Patre,
909 3521 973 3560 ac
1001 3517 1190 3560 sancto
1244 3506 1470 3575 Spiritu,
1499 3523 1643 3562 nunc
1675 3515 1730 3561 et

161 3613 365 3670 semper
404 3599 461 3654 in
489 3612 827 3667 omnemque
858 3597 1296 3668 perpetuitatem.
1330 3597 1524 3653 Amen.

757 3790 985 3848 SERth
1015 3793 1147 3861 ενι,

273 3881 348 3936 De
379 3883 502 3938 vitae
533 3884 864 3953 navigatione
891 3899 1084 3940 nostra:
1109 3889 1353 3961 sollicite,
1378 3891 1594 3961 uigilen-

731 3967 904 4024 terque
931 3960 1174 4026 regenda.

229 4040 444 4100 Fratres
526 4043 853 4116 Patresque,
898 4049 1070 4103 instar
1117 4052 1285 4106 maris
1337 4052 1574 4110 humana
1621 4057 1728 4112 vita

167 4143 257 4199 est,
294 4135 345 4188 in
381 4152 489 4205 qua
546 4137 754 4200 cuncti,
800 4153 899 4194 ceu
953 4143 1253 4212 navigium,
1286 4160 1485 4215 corpus
1521 4149 1623 4203 boc
1653 4152 1732 4204 in-

169 4227 348 4293 gressi,
386 4226 721 4300 imaginario
742 4229 1045 4299 trajicimus
1071 4249 1086 4298 ;
1123 4249 1224 4288 nec
1243 4236 1463 4292 definito
1488 4255 1724 4308 quonam

167 4325 392 4386 tempore
418 4329 477 4375 ut
519 4322 619 4391 qui
665 4318 768 4374 sub
797 4336 1021 4378 sensum
1054 4324 1361 4393 subjectum
1390 4345 1575 4398 aequor
1605 4348 1728 4401 per-

168 4421 351 4476 meent,
386 4427 536 4468 nunc
576 4411 919 4481 navigantes,
956 4429 1105 4470 nunc
1144 4418 1197 4471 in
1232 4427 1446 4488 portum
1486 4425 1719 4493 appulsi,

167 4501 283 4565 quin
317 4505 538 4559 assidue
567 4504 915 4573 navigamus,
940 4507 1076 4571 dies,
1103 4519 1418 4581 noctesque,
1447 4531 1548 4570 nec
1581 4519 1716 4572 citra

168 4588 370 4659 ﬂuetus,
401 4610 465 4650 ac
509 4605 916 4664 tempestatem,
959 4607 1020 4654 ut
1047 4599 1184 4655 nihil
1222 4603 1400 4658 dicam
1434 4617 1591 4661 atrox
1617 4624 1717 4678 pe-

168 4679 304 4748 lagus
337 4685 642 4754 objectum,
674 4700 851 4756 neque
875 4699 1031 4744 atrox
1061 4692 1263 4756 solum,
1295 4694 1387 4748 sed
1444 4697 1718 4766 impendio

167 4783 378 4844 vastum,
401 4766 638 4848 vitaeque
664 4779 934 4835 curriculo
959 4792 1158 4838 nostra:
1187 4786 1537 4856 descriptum.
1563 4790 1718 4856 Quod

166 4863 257 4918 dici
283 4883 384 4923 non
424 4878 606 4940 potest
641 4871 862 4938 quantis
895 4875 1149 4941 procellis
1185 4891 1296 4946 pra:
1318 4880 1571 4947 malignis
1603 4885 1716 4951 spi-

169 4952 343 5012 ritibus
387 4959 754 5024 inborrescat,
788 4972 987 5030 quotve
1032 4965 1613 5025 incurrantdmmones
1643 4973 1718 5042 pi-

171 5057 300 5114 ratae,
335 5051 426 5119 qui
463 5067 566 5107 nos
621 5052 959 5123 demergant.
1014 5055 1069 5110 id
1114 5057 1248 5112 adeo
1297 5074 1404 5114 non
1457 5061 1716 5130 ignorans

169 5149 365 5197 sanctus
417 5143 584 5198 David
639 5146 1021 5213 precabundus
1060 5149 1279 5205 dicere:
1314 5148 1505 5205 Libera
1545 5170 1622 5207 me
1649 5154 1713 5208 ab

169 5225 237 5281 Itis
263 5234 344 5299 qui
367 5235 589 5288 oderunt
634 5250 734 5300 me,
761 5243 810 5287 et
842 5237 905 5289 de
949 5237 1228 5305 profundis
1263 5257 1547 5310 aquarum.
1588 5243 1714 5297 Non

169 5335 236 5373 me
263 5325 519 5397 demergat
550 5335 833 5394 tempestas
886 5338 1058 5396 aqu’te,
1116 5346 1276 5398 neque
1319 5331 1597 5390 absorbent
1637 5353 1713 5390 me

169 5414 482 5482 profundum,
515 5431 682 5489 neque
706 5429 887 5488 urgeat
921 5435 1079 5488 super
1114 5437 1192 5474 me
1219 5433 1404 5489 puteus
1452 5441 1508 5478 os
1537 5443 1711 5484 suum.

171 5501 304 5564 Quod
336 5508 380 5560 si
412 5507 602 5575 David,
642 5508 788 5572 talis,
829 5517 1117 5579 tantusque
1140 5511 1517 5579 extimescere,
1549 5531 1612 5573 ac
1643 5534 1713 5575 ne

241 5603 591 5673 "leoni",
638 5607 726 5661 ιδ.
802 5605 850 5638 ιι
877 5604 1006 5660 ibid.
1041 5603 1128 5657 l7.
1208 5601 1254 5635 δ’
1293 5602 1523 5674 Philipp.
1560 5621 1597 5672 ι.
1633 5608 1718 5662 H-

245 5697 348 5767 (26)
384 5700 442 5756 ι).
472 5701 642 5759 Basil.
671 5700 818 5755 Orat.
847 5701 940 5763 El;
965 5697 1062 5769 τὴν
1084 5698 1256 5769 ἀρχὴν
1279 5697 1386 5751 τῶν
1413 5699 1750 5771 Παροιμιῶν.

1833 3053 1974 3107 unde
1996 3055 2220 3123 excidit,
2274 3061 2556 3118 tendentes
2586 3069 2907 3136 conSpieati.
2968 3071 3146 3142 Atque
3186 3076 3230 3130 is
3256 3077 3403 3145 ejus-

1833 3143 1976 3197 modi
2003 3159 2133 3201 sane
2165 3159 2270 3212 est,
2311 3160 2568 3222 tantaque
2592 3157 2877 3214 nobiscum
2906 3164 3122 3216 vesania
3141 3143 3401 3237 conﬂigit:

1833 3243 2087 3290 cmterum
2121 3253 2241 3303 nos,
2276 3239 2495 3308 fratres,
2525 3260 2631 3314 qua
2657 3250 2834 3316 parvi,
2864 3265 2970 3319 qua
3024 3255 3227 3323 magni,
3292 3272 3402 3325 qua

1823 3322 2073 3393 juvenes,
2111 3344 2216 3397 qua
2245 3344 2424 3398 senes,
2461 3337 2744 3392 unanimes
2786 3341 3049 3407 universi,
3090 3344 3196 3400 Deo
3231 3345 3397 3413 duce,

1829 3416 2025 3470 studiis
2057 3419 2266 3486 multis,
2291 3436 2355 3476 ac
2384 3423 2663 3484 laboribus
2694 3433 2917 3499 quaesita
2959 3447 3272 3506 satagamus
3315 3455 3403 3492 ne-

1828 3523 2102 3577 quaquam
2146 3527 2240 3579 per
2275 3516 2656 3587 negligentiam
2688 3524 2932 3590 perdere,
2999 3529 3188 3582 mundi
3227 3545 3402 3585 seces-

1827 3601 2463 3675 sionem,obedientiam,
2493 3617 2930 3681 temperantiam,
2963 3619 3249 3690 lacrymas,
3277 3638 3402 3677 con-

1826 3687 2148 3759 fessionem,
2185 3702 2293 3748 tam
2324 3712 2592 3766 nuperam
2665 3718 2830 3772 quam
2863 3719 3183 3775 praesentem
3212 3729 3227 3776 ;
3263 3715 3397 3783 quin

1825 3776 2017 3848 vigiles
2050 3785 2408 3853 excubemus,
2443 3804 2678 3860 pansum
2719 3796 2832 3864 spei
2884 3800 3064 3854 velum
3114 3802 3394 3871 habentes,

1823 3875 1917 3943 qui
1954 3871 2191 3944 Spiritus
2227 3893 2479 3949 regamur
2529 3885 2700 3946 auris,
2732 3887 2862 3942 dum
2909 3890 3012 3945 sub
3038 3893 3242 3948 exitum
3275 3897 3400 3950 vita:

1825 3967 1893 4020 ad
1929 3967 2354 4026 immortalitatis
2377 3982 2594 4041 portum
2623 3980 2980 4047 appellamus,
3025 3985 3244 4040 virtutis
3267 3995 3397 4040 tan-

1823 4073 1987 4127 quam
2022 4058 2402 4118 mercimoniis
2433 4065 2653 4122 cmleste
2685 4084 2911 4139 regnum
2942 4072 3100 4127 laturi
3118 4089 3214 4143 per
3245 4076 3416 4131 (Ἀπί-ι

1822 4149 2184 4208 stum.Jesum
2219 4153 2504 4212 Dominum
2549 4171 2825 4219 nostrum.
2872 4165 2972 4220 Cui
3007 4168 3178 4237 gloria
3215 4179 3269 4223 et
3294 4169 3396 4224 im-

1821 4244 2028 4312 perium
2051 4260 2175 4299 cum
2206 4243 2384 4312 Patre,
2416 4265 2481 4304 ac
2507 4261 2696 4306 sancto
2717 4254 2925 4325 Spiritu
2968 4275 3116 4314 nunc
3167 4270 3222 4316 et
3251 4277 3395 4317 sem-

1825 4349 1940 4402 per,
1969 4335 2020 4388 in
2046 4350 2376 4409 omnemque
2411 4345 2851 4414 perpetuitatem.
2885 4352 3084 4407 Amen.

2388 4451 2622 4511 SERMO
2671 4457 2827 4514 CVII.

1861 4535 1937 4589 De
1982 4541 2166 4593 mortis
2206 4545 2584 4628 recordatione,
2638 4564 2737 4602 neu
2779 4555 2964 4621 supine
2996 4573 3148 4611 sacra
3194 4561 3364 4628 perci-

2499 4633 2729 4685 ptumus.

1899 4695 2116 4754 Fratres
2178 4698 2478 4772 Patresque
2513 4745 2528 4771 ,
2590 4709 2707 4763 heri
2764 4722 2822 4766 ut
2875 4716 3152 4784 apparitor
3209 4719 3394 4787 regius

1818 4789 2076 4854 advenit,
2126 4789 2272 4846 illico
2330 4800 2688 4867 expavimus,
2741 4804 3110 4875 inexspectato
3160 4811 3391 4865 adventu

1817 4880 2151 4936 consternati
2178 4922 2194 4948 ,
2246 4883 2629 4960 intellectoque
2663 4892 2806 4949 haud
2845 4906 3068 4967 propter
3101 4914 3200 4953 nos
3227 4903 3392 4955 adve-

1818 4969 1986 5035 nisse,
2014 4974 2285 5042 extemplo
2345 4976 2616 5042 solvimus
2666 4982 2940 5041 timorem.
2989 4987 3181 5054 Quaero
3227 4991 3392 5061 igitur

1817 5075 1921 5128 qua
1953 5061 2021 5117 de
2063 5077 2230 5119 causa
2285 5064 2657 5135 timuerimus,
2709 5075 2918 5131 scilicet
2953 5074 3046 5148 q'ui
3076 5079 3385 5149 imperatori

1817 5155 1888 5206 ob
1951 5167 2272 5224 praesentem
2327 5164 2732 5222 confessionem
2777 5185 2968 5239 parum
3026 5177 3186 5243 grati,
3253 5180 3386 5245 quin

1824 5244 1996 5309 exosi,
2046 5262 2113 5301 ac
2165 5247 2512 5308 detestabiles
2580 5271 2827 5312 essemus
2855 5275 2870 5322 ;
2898 5276 3020 5315 nam
3066 5263 3112 5316 si
3143 5267 3386 5330 germani

1832 5332 2131 5392 fuissemus
2186 5339 2372 5406 amici,
2428 5344 2687 5400 nimirum
2749 5364 3096 5418 ovassemus,
3155 5355 3390 5412 scientes

1823 5429 1947 5485 boni
1977 5435 2300 5505 cujusquam
2327 5442 2501 5505 gratia
2537 5445 2893 5514 proculdubio
2934 5449 3169 5504 venisse.
3213 5450 3391 5516 Quor-

1825 5539 1946 5579 sum
1979 5527 2081 5583 hoc
2131 5537 2310 5584 autem
2370 5533 2500 5589 mihi
2555 5539 3220 5607 prooemiumienimvero
3274 5547 3392 5599 ani-
