4000 6306
564 341 667 406 647

1782 335 1846 394 5.
1874 329 2274 394 TI-IEODORI
2331 329 2679 390 STUDIT/E

3740 334 3850 397 648

566 466 691 505 mus
743 461 966 518 quoque
1021 447 1117 514 qui
1183 446 1445 515 praelara
1506 444 1612 498 vita
1646 442 1941 512 benignum
1976 442 2148 496 Deum
2178 445 2226 500 Α
2253 438 2336 492 do-
2363 438 2645 509 ringatur;
2689 453 2836 494 nunc
2869 439 3094 494 obmoto
3141 453 3251 494 non
3297 445 3602 506 communi,
3640 447 3738 500 sed
3767 450 3850 501 vi-

565 540 862 611 paraverit,
894 538 999 595 sub
1023 538 1231 594 exitum
1273 553 1304 593 e
1345 551 1572 608 corpore
1605 536 1834 590 missum
1864 549 1894 589 a
1921 543 2149 588 cuncto-

569 649 690 688 rum
718 649 845 702 rege
874 633 942 688 ad
994 647 1053 688 se
1088 631 1378 687 satellitem
1413 631 1630 693 lubens,
1663 637 1716 683 et
1751 628 2152 697 imperterritus

566 726 858 796 spectabit,
893 725 1158 794 laetusque
1194 739 1252 778 se
1285 725 1531 777 conferet
1574 721 1641 775 ad
1673 721 1906 785 lterum;
1945 720 2030 774 sin
2066 734 2153 774 se-

567 829 667 868 cus
715 815 1107 884 deprendatur,
1172 815 1374 872 turbet.
1433 828 1497 866 ac
1558 810 1903 880 praetrepidet
1928 825 2153 866 necesse

567 913 674 970 est,
711 921 812 960 nec
842 907 1038 960 fiducia
1075 906 1358 975 prazditus,
1394 919 1494 958 nec
1515 903 1818 973 opitulante
1845 918 2148 972 quoquam.

568 990 668 1048 Hic
693 994 914 1063 quidem
956 1010 1091 1050 sane
1128 1004 1182 1050 et
1221 996 1457 1060 amicus,
1489 1003 1545 1048 et
1591 993 1759 1047 frater
1793 993 2058 1054 solemur,
2088 1005 2152 1047 ac

567 1096 833 1146 terrorem
872 1091 1167 1160 depellant.
1216 1105 1452 1160 quorum
1485 1097 1567 1143 est
1600 1088 1734 1142 inibi
1763 1089 1992 1158 pecunia
2020 1101 2152 1141 cun-

566 1191 806 1246 ctorum,
848 1183 1043 1252 angelo
1076 1183 1359 1245 atrociter,
1393 1191 1448 1237 et
1479 1181 1679 1237 acerbe
1735 1181 1995 1235 miserum
2032 1180 2152 1234 aui-

565 1286 716 1326 mum
752 1283 1023 1342 raptante.
1079 1273 1155 1327 Ac
1187 1272 1303 1328 fors
1350 1273 1704 1327 timuerimus
1743 1271 1797 1325 in
1833 1272 1916 1326 liis
1947 1270 2146 1326 verbis.

567 1361 660 1418 Pol
689 1365 732 1418 si
767 1374 1033 1418 terrorem
1079 1365 1264 1418 attulit
1310 1363 1552 1426 auditus,
1602 1362 1799 1431 ecquid
1829 1363 1882 1416 in
1920 1377 1977 1415 re
2008 1376 2150 1431 prae-

564 1453 704 1508 senti
754 1455 1027 1524 patiamur
1059 1472 1073 1520 ;
1107 1455 1201 1525 qui
1252 1454 1319 1508 ad
1359 1453 1564 1508 Christi
1599 1453 1835 1508 tribunal
1867 1452 2082 1507 animus
2106 1452 2151 1507 is

564 1553 881 1613 compareat
909 1561 923 1610 ;
956 1559 1142 1599 coram
1165 1548 1385 1615 igneum
1429 1543 1629 1598 flumen
1663 1543 1918 1608 trahitur,
1953 1558 2150 1597 secun-

563 1635 697 1690 dum
729 1635 1006 1690 Danielem
1043 1645 1246 1700 vatem,
1270 1636 1581 1690 astantibus
1607 1635 1856 1689 centenis
1889 1634 2150 1699 millibus,

563 1742 633 1782 ae
689 1727 1130 1782 ministrantibus
1160 1726 1344 1781 decies
1398 1725 1633 1780 millenis
1681 1723 1923 1780 millibus
1953 1733 2151 1794 prazsto

2252 528 2413 584 viiico
2445 544 2604 599 pane,
2624 544 2723 584 nec
2747 532 3048 594 communi,
3075 531 3166 585 sed
3191 531 3484 586 immortali
3512 539 3738 602 poculo,
3771 539 3851 592 in'

2253 620 2514 675 diﬂ‘erens
2530 621 2814 688 quiddam,
2842 637 2940 676 nec
2961 636 3192 691 prorsus
3225 626 3594 678 necessarium
3627 630 3852 680 remur?

2255 714 2474 767 scilicet
2513 727 2623 766 non
2654 729 2717 768 ea
2747 729 2961 768 summa
3010 715 3280 784 imperitia
3301 756 3316 779 ,
3345 726 3399 769 et
3436 718 3676 772 amentia
3712 729 3800 773 est
3829 721 3852 771 ?

2254 803 2365 859 Etsi
2395 805 2442 857 id
2469 804 2670 858 accidit
2701 820 2852 870 vero,
2893 807 3086 860 saltem
3115 807 3475 876 imposterum
3522 826 3848 877 caveamus,

2255 896 2400 950 haud
2460 897 2633 966 ignari
2691 912 2814 966 qua:
2863 898 2944 953 vis
2989 900 3258 962 muneris,
3313 914 3376 953 ac
3409 913 3679 969 quantum
3723 917 3848 973 pote

2254 987 2489 1056 purgati,
2533 1002 2688 1041 sacra
2722 988 3108 1057 percipiamus,
3141 989 3272 1058 quin
3313 991 3608 1048 manullciu
3637 1010 3848 1051 vacan-

2253 1084 2338 1130 tes
2369 1077 2460 1129 ubi
2493 1075 2713 1143 signum
2759 1078 2977 1142 edatur,
3011 1093 3176 1148 opere
3207 1080 3398 1134 relicto
3445 1081 3654 1136 donqu
3700 1086 3848 1141 asci-

2254 1166 2390 1220 scite
2441 1165 2707 1221 studiose.
2765 1166 2820 1220 Id
2872 1167 3010 1222 adeo
3056 1169 3248 1234 nobis,
3306 1178 3364 1224 ut
3419 1170 3685 1238 arbitror,
3743 1191 3843 1230 seu

2252 1259 2436 1326 potius
2488 1266 2547 1312 ut
2591 1273 2678 1313 res
2741 1257 2906 1313 habet
2961 1274 3162 1329 magno
3215 1264 3284 1315 sit
3343 1260 3690 1331 adjnmento,
3749 1269 3843 1337 qni

2253 1347 2466 1403 fruendi
2503 1351 2900 1420 praeparatione
2953 1351 3096 1420 puri,
3148 1362 3202 1406 et
3255 1351 3501 1407 insontes
3538 1368 3836 1412 conserve-

2254 1456 2396 1505 mur,
2441 1456 2566 1494 nam
2613 1443 3057 1497 communicandi
3113 1444 3442 1514 negligentia
3501 1445 3596 1514 qui
3642 1462 3842 1515 possu-

2253 1548 2377 1586 mus
2429 1547 2536 1587 non
2588 1533 2733 1588 vitiis
2786 1535 2952 1602 capi?
3007 1534 3149 1601 Quin
3190 1545 3244 1589 et
3296 1536 3418 1588 vitae
3470 1535 3724 1592 futurum
3757 1552 3844 1596 est

2253 1625 2509 1678 viaticum
2541 1628 2816 1694 perennis,
2852 1642 3016 1695 quam
3047 1627 3280 1696 adipisci
3308 1641 3620 1682 mereamur
3651 1627 3840 1686 Domi-

2255 1717 2310 1772 ni
2343 1719 2516 1772 nostri
2568 1715 2699 1772 Jesu
2735 1719 2940 1773 Christi
2971 1720 3295 1774 liberalitate
3325 1728 3489 1788 atque
3546 1719 3838 1778 beneﬁcio.

575 1826 662 1873 est
710 1833 951 1882 severus,
988 1827 1042 1873 et
1081 1817 1207 1872 inde
1243 1816 1571 1870 fraudabilis
1611 1815 1802 1885 judes,
1842 1815 2151 1885 agiturque,
2187 1804 2226 1857 Β
2260 1807 2362 1863 Cui
2397 1808 2573 1879 gloria
2601 1819 2656 1863 et
2688 1810 2977 1880 imperium
3020 1825 3145 1864 cum
3179 1809 3359 1878 Patre,
3403 1825 3467 1866 ac
3487 1821 3682 1868 sancto
3721 1813 3846 1884 Spi-

563 1909 630 1966 de
659 1911 975 1981 evangelica
1005 1911 1296 1972 sententia,
1327 1909 1411 1963 vel
1439 1909 1625 1978 segnis
1650 1921 1881 1962 examen
1915 1906 2148 1970 verbuli,

563 2020 684 2072 qua:
707 2004 800 2074 qui
830 2013 942 2057 tum
975 2004 1193 2057 animus
1241 2001 1416 2056 feret?
1455 2001 1716 2070 Equidem
1757 2015 1882 2054 cum
1928 2000 2152 2063 horren,

563 2101 690 2155 dum
723 2109 811 2155 est
847 2100 900 2154 in
925 2101 1161 2155 viventis
1190 2099 1279 2153 Dei
1323 2115 1522 2153 manus
1554 2097 1815 2161 incidere,
1862 2106 1978 2152 tum
2024 2097 2153 2150 lior-

565 2193 780 2248 ribilius
821 2193 911 2247 ubi
957 2193 1326 2262 jnstissimam
1362 2191 1549 2245 audiat
1601 2191 1929 2245 sententiam
1999 2198 2156 2243 aeter-

565 2283 652 2339 nis
685 2285 976 2353 suppliciis
1017 2285 1276 2338 traditus.
1326 2282 1720 2349 Quamobrem,
1779 2280 1997 2344 fratres,
2026 2281 2155 2335 hor-

565 2382 672 2438 tor,
713 2381 770 2428 et
812 2374 1078 2434 obtestor,
1131 2373 1558 2427 reconeiliemur
1599 2380 1725 2425 ante
1769 2371 1977 2425 obitum
2028 2373 2155 2432 Deo,

566 2459 976 2530 benignumque
1034 2473 1315 2528 paremus,
1370 2467 1636 2512 venturos
1686 2456 1754 2511 ad
1805 2473 1907 2512 nos
1931 2459 2156 2528 angelos

567 2551 921 2621 acquiramus
956 2551 1186 2614 amicos,
1234 2548 1452 2619 vigilem
1493 2548 1663 2602 animi
1705 2549 1923 2603 oculum
1956 2550 2157 2603 habea-

566 2655 693 2696 mus
717 2680 734 2706 ,
793 2649 1026 2695 mentem
1080 2639 1505 2709 inexpugnatam
1551 2648 1856 2702 teneamus,
1889 2641 1980 2712 qui
2015 2640 2158 2695 haud

565 2731 928 2796 declinemus,
991 2731 1058 2784 ab
1110 2731 1335 2783 assiduo
1395 2746 1519 2784 cum
1561 2730 1708 2784 vitiis
1755 2731 2037 2795 conﬂictu,
2071 2733 2155 2785 sin

565 2823 866 2893 pauxillum
929 2823 1226 2890 lapsemus,
1281 2822 1547 2890 evcstigio
1589 2837 1904 2892 surgamus,
1953 2838 2017 2876 ac
2049 2823 2159 2877 fre-

565 2925 764 2986 qnente
789 2915 915 2970 ﬂetu
958 2920 1113 2986 ignea
1163 2914 1460 2985 perduellis
1490 2917 1617 2978 tela,
1646 2915 1965 2972 Christiano
1992 2918 2157 2972 indu-

565 3007 739 3061 cendo
767 3007 972 3071 studio,
1011 3008 1448 3079 exstinguamus.
1471 3005 1701 3061 Multum
1737 3009 1872 3064 valet
1902 3010 2156 3079 depreca-

2258 1901 2389 1967 ritu,
2429 1918 2576 1958 nunc
2621 1913 2676 1958 et
2699 1919 2934 1974 semper,
2961 1903 3016 1958 in
3040 1918 3368 1974 omnemque
3392 1905 3815 1975 perpetuitatem

2253 1992 2448 2046 Amen.

2801 2145 3038 2203 SERMO
3080 2146 3265 2204 CVIII.

2366 2238 2612 2295 Pernices
2638 2256 2749 2296 esse
2776 2249 3014 2309 oportere
3042 2238 3110 2292 ad
3135 2241 3426 2294 certamina
3464 2242 3702 2298 virtutis.

2316 2349 2536 2404 Fratres
2578 2349 2903 2419 Patresque,
2940 2350 3248 2420 inquietum
3294 2351 3553 2420 quiddam
3600 2363 3687 2407 est
3736 2370 3833 2408 na-

2247 2451 2368 2496 tura
2396 2446 2590 2506 virtus,
2631 2457 2753 2511 quae
2787 2442 2930 2496 haud
2962 2451 3140 2497 cesset
3171 2443 3271 2496 ltiti
3301 2443 3354 2497 in
3386 2445 3657 2511 anticum,
3691 2448 3828 2515 quin

2246 2535 2509 2603 praeditos
2543 2550 2602 2590 se
2635 2536 2687 2588 in
2721 2534 2920 2590 melius
2950 2536 3216 2604 provehat
3247 2550 3484 2605 semper,
3533 2539 3683 2606 quod
3728 2538 3799 2592 de

2247 2636 2567 2680 monstrans
2604 2625 2905 2696 Apostolus
2932 2626 3029 2688 ait,
3063 2625 3188 2680 Non
3215 2627 3354 2696 quod
3383 2627 3501 2694 jam
3529 2630 3830 2696 acceperim

2248 2728 2340 2770 aut
2365 2717 2482 2785 jam
2505 2717 2768 2786 perfectus
2796 2718 2918 2782 sint,
2957 2733 3239 2786 persequor
3284 2725 3463 2770 autem
3494 2717 3542 2770 si
3583 2733 3830 2786 compre-

2247 2810 2493 2874 hendam,
2546 2810 2600 2863 in
2654 2827 2756 2880 quo
2801 2819 2852 2863 et
2905 2811 3304 2877 comprehensus
3349 2824 3465 2860 sum
3521 2826 3554 2862 tt
3609 2811 3832 2866 Christo

2247 2901 2370 2957 Jesu
2394 2903 2438 2935 ⁸⁸
2471 2912 2560 2968 ;et
2595 2903 2790 2958 iterum
2829 2901 3002 2965 :Quw
3035 2901 3245 2970 quidem
3291 2909 3431 2953 retro
3472 2911 3595 2954 sunt
3643 2904 3825 2956 obiici-

2247 3011 2396 3049 scens
2435 2997 2502 3050 ad
2547 3012 2609 3050 ea
2663 3011 2782 3048 vero
2821 3009 2940 3063 qua:
2986 3002 3110 3045 sunt
3144 2992 3325 3060 priora
3374 2995 3664 3046 extendens
3721 3010 3831 3049 rne-

568 3098 642 3150 tio
665 3097 804 3167 justi
834 3097 1142 3164 assidua“,
1191 3107 1250 3153 ut
1300 3114 1508 3168 preces,
1571 3109 1736 3169 atque
1777 3099 2155 3169 inStigationcs

2254 3090 2444 3156 ipsum,
2494 3087 2562 3140 ad
2611 3087 2934 3140 destinatum
2985 3097 3288 3153 persequor,
3336 3083 3405 3136 ad
3452 3083 3696 3137 braoium
3739 3102 3833 3138 su-

567 3198 790 3244 mutuas
839 3190 1211 3260 requiramus.
1258 3188 1488 3244 Multum
1543 3190 1826 3260 lacrymae,
1889 3205 1953 3246 ac
2006 3207 2161 3245 com-

568 3278 791 3343 punetio
822 3278 1024 3342 valent,
1083 3287 1136 3330 et
1160 3289 1287 3331 ante
1322 3277 1505 3332 omnia
1530 3317 1545 3342 ,
1592 3291 1656 3331 ac
1689 3293 1815 3330 cum
1879 3279 2159 3342 omnibus,

2254 3196 2428 3250 pernae
2457 3179 2748 3233 vocationis
2781 3179 2835 3230 in
2866 3175 3079 3230 Christo
3113 3174 3244 3229 Jesu
3267 3175 3338 3227 ".
3368 3173 3438 3229 Ut
3461 3178 3735 3246 quies'sit
3765 3180 3833 3232 ab

2257 3271 2458 3323 virtute
2492 3270 2662 3332 nulla,
2697 3283 2821 3321 nam
2866 3269 2936 3320 ab
2968 3266 3170 3320 virtute
3201 3267 3362 3335 quies
3397 3266 3514 3320 vitii
3537 3276 3624 3320 est
3669 3282 3833 3322 exor-

570 3383 852 3422 sacrorum
885 3369 1178 3438 perceptio,
1207 3369 1258 3422 in
1299 3385 1407 3438 qua
1438 3370 1624 3424 nescio
1651 3385 1760 3438 quo
1787 3381 1944 3437 pacto
1970 3383 2162 3438 segnes
2255 3363 2428 3416 dium.
2460 3361 2641 3431 Itaque
2667 3377 2767 3415 ncc
2798 3375 2898 3414 nos
2927 3359 3304 3429 quiescamus,
3341 3359 3561 3428 fratres,
3592 3377 3623 3415 a
3657 3362 3834 3416 virtu-

568 3459 1028 3525 animadvertens,
1084 3461 1366 3530 impendio
1429 3461 1620 3525 miror,
1677 3460 1771 3529 qui
1822 3460 2077 3530 quidem,
2110 3454 2158 3513 si
2259 3454 2327 3508 tis
2369 3452 2673 3518 curriculo,
2717 3452 2811 3505 sed
2852 3451 3073 3506 assidue
3123 3453 3393 3522 pernices,
3445 3468 3510 3508 ac
3560 3455 3758 3508 novitii
3805 3471 3834 3507 e

569 3549 715 3604 adsit
749 3548 1054 3615 Dominics,
1093 3551 1305 3606 adeatis
1342 3552 1620 3620 mysteria,
1663 3552 1746 3605 sin
1789 3551 1898 3604 alio
1925 3551 2013 3604 die
2042 3564 2155 3605 caa-

2256 3544 2454 3598 robore
2484 3543 2539 3597 in
2571 3543 2741 3597 robur
2777 3543 3167 3612 provehamnr,
3202 3545 3333 3599 dum
3369 3546 3420 3598 in
3454 3547 3636 3600 virum
3674 3548 3834 3600 adni-

570 3649 660 3696 tus
726 3640 1170 3710 frequententur,
1225 3643 1451 3698 minime
1505 3643 1734 3697 coeatis.
1789 3640 1886 3695 Pol
1917 3641 2074 3695 liccat
2103 3641 2158 3696 in
2259 3645 2369 3690 tum
2416 3635 2736 3701 evadamus,
2789 3637 2847 3688 in
2893 3651 3193 3689 mensuram
3251 3637 3427 3690 tntatis
3482 3637 3834 3704 plenitudinis

570 3732 907 3785 monasterio
929 3733 1012 3786 vel
1035 3734 1087 3787 in
1109 3734 1670 3800 dieseominunicare,
1693 3749 1840 3789 nunc
1866 3733 2064 3799 rarius,
2097 3748 2161 3788 ac
2257 3715 2544 3780 Christi".
2585 3729 2656 3780 At
2703 3727 2794 3796 qui
2865 3727 2916 3780 id
2962 3727 3090 3781 ﬁet?
3137 3728 3181 3781 si
3229 3727 3374 3781 diem
3430 3728 3670 3782 solidum
3728 3730 3833 3784 Leti

571 3817 659 3872 vix
707 3821 1067 3876 convenitur.
1098 3820 1284 3893 Neque
1337 3824 1455 3878 haec
1484 3824 1718 3889 dissero,
1745 3825 1836 3892 qui
1866 3839 1963 3878 vos
1996 3824 2156 3877 velim
2255 3821 2559 3888 exigemus.
2607 3818 2852 3886 Exempli
2895 3833 3086 3879 causa.
3133 3818 3288 3873 adest
3327 3820 3531 3874 mane?
3577 3821 3754 3876 illicet
3804 3838 3834 3876 e

570 3911 781 3978 leviter,
838 3921 892 3966 et
948 3911 1127 3967 obiter
1181 3913 1471 3978 accedere,
1530 3914 1791 3983 scriptum
1847 3921 1931 3966 cst
1985 3915 2154 3979 enim,
2254 3926 2451 3966 somno
2480 3911 3835 3979 consurgamus,precibnsinhaerentes.Absces-

575 3998 760 4055 Probet
798 4003 1031 4070 seipsum
1054 4003 1230 4069 homo,
1265 4013 1314 4057 et
1343 4007 1422 4059 sic
1453 4006 1518 4059 de
1544 4021 1679 4074 pane
1721 4005 1813 4058 illo
1846 4005 1988 4068 edat,
2024 4007 2158 4058 etde
2253 4003 2427 4058 simus
2465 4003 2632 4058 inde?
2668 4003 2882 4057 alacres
2924 4017 3064 4071 opus
3102 4004 3434 4072 arripiamus
3460 4045 3474 4070 ,
3498 4007 3670 4061 simul
3710 4024 3833 4062 car-

570 4091 734 4146 caiice
783 4093 949 4157 bibat,
1001 4097 1093 4165 qui
1131 4098 1270 4150 enim
1336 4100 1623 4150 manducet
1667 4105 1716 4149 et
1759 4098 1887 4148 bibit
1921 4097 2154 4165 indigne,
2253 4095 2400 4149 mina
2436 4094 2546 4150 Deo
2575 4111 2700 4150 cum
2730 4096 2928 4150 animis
2971 4107 3254 4164 canentes,
3283 4098 3556 4169 simulque
3601 4103 3836 4156 manuti-

567 4182 833 4250 iudieiutn
865 4188 968 4240 sibi
1033 4187 1332 4242 manducet
1398 4197 1447 4242 et
1505 4188 1660 4253 bibit,
1711 4203 1815 4240 non
1852 4186 2157 4257 dijudicans
2251 4185 2354 4239 ciis
2383 4185 2572 4240 dediti.
2627 4185 2842 4241 Finitus
2895 4187 3014 4242 dies
3052 4189 3178 4242 est?
3223 4191 3503 4259 gratulati,
3554 4207 3830 4262 compun-

572 4291 764 4344 corpus
791 4276 1006 4332 Domini
1031 4281 1097 4332 ".
1127 4277 1248 4334 Non
1283 4280 1334 4334 id
1368 4279 1531 4350 igitur
1561 4279 1688 4334 dico
1747 4279 1994 4348 (minime
2026 4295 2156 4349 gen-
2250 4277 2455 4347 otique,
2495 4277 2795 4332 dormitum
2845 4279 3240 4345 concedamus,
3285 4295 3392 4350 qua
3442 4281 3830 4340 vicissitudine

576 4367 736 4437 tium)
763 4370 895 4438 quin
933 4377 992 4424 ut
1023 4371 1431 4427 communionis
1471 4371 1655 4427 studio
1686 4379 1950 4441 quantum
1986 4373 2157 4442 pluri-
2253 4368 2393 4424 hanc
2442 4369 2663 4424 Davidis
2711 4372 3040 4425 sententiam
3091 4372 3484 4440 comprobetis,
3542 4373 3669 4428 Dies
3725 4378 3832 4430 diei

576 4472 726 4510 mum
767 4467 948 4528 potest
1009 4463 1247 4531 purgati,
1308 4471 1593 4530 compotes
1643 4463 1838 4517 fiamus
1890 4467 2154 4530 muneris;
2195 4472 2454 4546 Deruetat
2496 4461 2727 4528 verbum,
2782 4473 2832 4516 et
2884 4480 2990 4516 nox
3035 4466 3175 4517 nocti
3213 4465 3413 4517 indicat
3452 4465 3735 4520 scientiam
3764 4470 3829 4522 ".

577 4564 705 4603 nam
741 4552 1054 4620 propositus
1083 4553 1207 4607 vita:
1243 4561 1328 4608 est
1355 4551 1632 4623 perceptio
1661 4555 1839 4620 panis,
1875 4555 2154 4623 siquidem
2250 4555 2328 4608 Ne
2356 4553 2540 4622 segnis
2574 4553 2692 4608 dies
2725 4555 2927 4619 obitor,
2973 4567 3150 4610 mente
3178 4565 3438 4626 tanquam
3469 4569 3828 4631 manucapta,

580 4643 654 4694 ait
686 4639 969 4707 Dominus,
997 4643 1109 4714 Ego
1142 4661 1258 4698 sum
1288 4645 1447 4713 panis
1493 4644 1585 4712 qui
1614 4643 1678 4696 de
1702 4644 1830 4697 ctelo
1863 4645 2109 4699 descendi
2141 4661 2161 4709 ;
2251 4658 2354 4696 neu
2404 4644 2458 4697 in
2501 4645 2707 4712 stupris
2752 4659 2816 4698 ac
2865 4645 3185 4700 libidinibus
3235 4662 3342 4700 nox
3380 4647 3670 4715 transitor,
3721 4667 3828 4703 non

579 4734 627 4787 si
655 4735 773 4802 quis
804 4736 1204 4789 manducauerit
1229 4751 1294 4790 ea:
1318 4737 1417 4789 hoc
1447 4750 1603 4800 itane,
1637 4733 1767 4787 vivet
1802 4736 1854 4787 in
1887 4744 2160 4791 teternum.
2249 4733 2374 4788 dico
2404 4733 2499 4798 qui
2533 4735 2648 4788 haec
2683 4744 3061 4804 perpetremus
3091 4737 3338 4789 (minime
3361 4739 3535 4806 vero),
3567 4740 3705 4806 quin
3735 4755 3830 4794 nec

584 4823 652 4878 Et
675 4826 828 4895 panis
856 4843 1006 4894 quem
1022 4843 1114 4897 ego
1145 4827 1307 4892 dabo,
1340 4842 1466 4880 caro
1491 4843 1603 4878 mea
1633 4837 1728 4887 est,
1763 4843 1918 4895 quam
1945 4843 2037 4896 ego
2065 4829 2164 4882 αα-
2250 4824 2556 4894 c0gitemns
2592 4825 2854 4893 quidetn;
2889 4841 3014 4881 nam
3065 4827 3139 4880 uti
3173 4842 3397 4893 corpus,
3456 4828 3538 4881 sic
3576 4830 3826 4885 animum

583 4921 645 4972 bo
674 4933 769 4986 pro
803 4921 986 4974 mundi
1027 4921 1137 4973 vita
1157 4920 1241 4986 ";
1301 4933 1366 4973 ac
1406 4933 1624 4972 rursum
1656 4935 1670 4972 :
1707 4917 1811 4983 Qui
1873 4920 2161 4974 manducet
2253 4923 2462 4970 castum
2513 4918 2760 4972 veritatis
2797 4917 3002 4989 flagitat
3031 4919 3225 4973 oratio.
3262 4919 3331 4972 At
3359 4919 3504 4977 enim
3535 4921 3827 4978 desideriis

584 5025 752 5064 meam
773 5027 985 5064 carnem
1013 5021 1062 5064 et
1095 5011 1225 5066 bibit
1262 5027 1431 5064 meum
1477 5011 1811 5080 sanguinem,
1849 5011 1903 5064 in
1935 5028 2014 5065 me
2047 5029 2162 5065 ma-
2252 5006 2544 5061 ducimur?
2565 5009 2695 5076 quid
2713 5009 3129 5064 desiderabilius
3153 5010 3353 5063 virtute
3379 5011 3537 5079 cujus
3590 5012 3828 5068 iucunda

583 5109 687 5164 net,
717 5109 767 5154 et
799 5117 891 5170 ego
924 5103 979 5154 in
1009 5104 1102 5155 illo
1123 5103 1191 5159 “.
1233 5101 1425 5157 Viden‘
1462 5102 1652 5172 ingens
1706 5111 1758 5156 et
1780 5102 2048 5159 ineffabile
2071 5105 2154 5158 be-

582 5192 837 5248 neiicium
867 5209 882 5258 ;
917 5205 1025 5246 non
1057 5200 1285 5245 mortem
1316 5193 1453 5247 obiit
1482 5192 1658 5247 solum
1694 5208 1793 5262 pro
1820 5195 1998 5257 nobis,
2029 5197 2160 5264 quin

578 5283 804 5353 epulum
870 5298 929 5338 se
980 5283 1208 5353 prtebuit
1256 5298 1495 5352 quoque.
1550 5283 1692 5350 Quid
1729 5283 1832 5337 hoc
1863 5285 2023 5339 validi
2067 5285 2159 5338 de-

582 5375 986 5430 tnonstrantius
1024 5376 1263 5438 amoris;
1307 5374 1440 5444 quid
1481 5376 1666 5428 animo
1714 5375 1888 5444 magis
1920 5376 2160 5430 salutife-

581 5467 742 5524 rum?
789 5466 908 5522 Jam
946 5470 1092 5530 cibo,
1136 5479 1333 5539 potuve
1383 5469 1667 5538 preposito
1696 5469 1999 5532 communi,
2027 5470 2156 5525 deﬁt

579 5579 738 5620 nemo
787 5565 918 5634 quin
947 5567 1209 5635 percipiat
1238 5562 1502 5635 quotidie,
1526 5577 1588 5618 ac
1627 5563 1678 5616 ni
1707 5565 1967 5636 percipiat
1997 5567 2148 5636 oppi-

647 5682 693 5714 5°
726 5681 871 5748 Psal,
905 5699 1091 5747 vam,
1121 5683 1211 5738 26.
1267 5683 1309 5714 5‘
1341 5681 1457 5735 Jac.
1489 5696 1540 5743 v,
1577 5680 1661 5736 16.
1740 5681 1782 5712 ⁸¹
1825 5680 1840 5733 Ι
1882 5683 2005 5736 Cor.
2028 5699 2102 5748 xl,
2139 5685 2230 5740 9.9.

579 5767 662 5816 tat,
694 5754 777 5808 i2.
853 5755 898 5785 “
923 5755 1052 5808 ibid.
1092 5755 1175 5808 14.
1252 5755 1294 5786 ⁸⁷
1324 5754 1520 5821 Eplies.
1553 5768 1623 5815 tv,
1649 5753 1734 5806 15.
1810 5753 1854 5783 ⁵⁸
1881 5751 2020 5808 i‘sal.
2055 5772 2225 5817 'XHII,
2253 5758 2306 5811 5.

2253 5108 2306 5152 et
2330 5099 2704 5151 inexsaturata
2726 5109 2811 5154 est
2839 5101 3137 5170 voluptas?
3165 5101 3642 5157 Pulcliritudinem
3679 5119 3833 5158 ama-

2256 5190 2408 5244 mus!
2466 5191 2598 5260 quid
2639 5189 2783 5246 Ilero
2838 5194 3150 5258 amabilius,
3211 5194 3371 5263 cujus
3425 5194 3678 5249 renident
3714 5199 3832 5264 pul-

2256 5282 2564 5337 chritudine
2599 5285 2836 5338 cuncta?
2861 5295 3120 5339 cartorum
3158 5286 3314 5356 pravi
3349 5285 3638 5354 cupidines
3688 5303 3832 5342 men-

2257 5383 2366 5428 tem
2399 5383 2737 5430 externatam
2779 5377 2890 5432 fera
2923 5380 3074 5434 omni
3127 5379 3402 5435 crudelius
3432 5379 3828 5449 depascuntur.

2260 5465 2329 5520 Ut
2369 5483 2476 5520 non
2519 5468 2772 5538 voluptas
2810 5485 2872 5523 ea
2912 5471 3006 5535 sit,
3058 5473 3153 5527 sed
3191 5471 3440 5525 luctuosa
3477 5473 3613 5527 vita.
3653 5471 3832 5528 Nolite

2253 5576 2453 5624 errare,
2505 5560 2706 5632 inquit,
2746 5578 2894 5627 caro,
2943 5574 2992 5617 et
3023 5566 3240 5634 sanguis
3276 5580 3494 5634 regnum
3532 5565 3630 5620 Dei
3660 5570 3831 5637 possi-

2329 5687 2373 5720 ⁸³
2405 5687 2562 5745 Joan.
2613 5705 2701 5756 vt,
2760 5691 2847 5758 50,
2882 5692 2970 5748 5i.
3045 5693 3089 5727 "
3129 5692 3285 5761 ibid,
3329 5695 3417 5753 55.
3523 5701 3570 5733 "
3593 5701 3824 5775 Philipp.
