4000 6306
165 357 264 422 649

1311 358 1713 422 SERMONES
1751 357 2273 424 CATECHETICI.

3283 354 3389 414 650

163 472 274 523 dere
327 485 431 522 non
485 477 742 537 posiunt,
796 488 955 542 neque
997 474 1262 544 corruptio
1315 470 1726 538 iucorruptelam
1757 475 1799 530 Α
1833 471 2146 526 missionem
2178 473 2522 542 pratstoletur
2560 469 2794 538 indeque
2820 467 2884 522 ad
2917 465 3238 522 incumbens
3273 481 3395 519 mu-

165 561 444 629 possidebit
463 563 529 616 ".
580 563 809 618 (Zedosis
845 579 974 618 vero
1049 581 1208 634 quem
1253 567 1562 635 amplexum
1599 577 1725 632 pec-

165 663 341 706 catum
373 669 481 707 non
521 652 749 707 infamia
787 655 1032 724 replevit,
1072 656 1281 718 alllixit,
1318 638 1446 709 neci.
1469 653 1729 708 tradidit?

165 760 322 812 quem
352 746 606 814 amplexa
653 748 829 801 virtus
872 763 979 802 non
1020 747 1217 809 evexit,
1253 761 1318 800 ac
1364 743 1568 798 mundo
1597 756 1729 798 con-

166 839 416 905 spicuum
441 838 712 893 reddidit?
740 839 884 896 Duos
903 856 935 895 e
962 840 1146 894 multis
1173 838 1360 908 excipe
1384 880 1400 896 .
1420 838 1726 891 Amnonem

166 927 568 997 etJosephum:
600 946 709 984 non
741 931 892 984 illum
922 931 1130 986 sororis
1161 931 1403 986 incestus
1425 927 1731 999 jugulavit?

167 1033 273 1071 non
309 1019 456 1072 hunc
486 1021 712 1074 castitas
741 1020 808 1074 ab
831 1019 1085 1091 Egyptia
1114 1037 1280 1091 regno
1307 1019 1564 1075 donavit?
1598 1017 1729 1073 Tam

169 1110 442 1171 amabilis,
473 1121 526 1165 et
555 1112 874 1180 expetenda,
908 1128 971 1166 ac
999 1111 1280 1166 salutifera
1311 1121 1395 1167 est
1431 1113 1638 1165 virtus!
1681 1123 1734 1165 et

169 1200 486 1271 frequenter
532 1212 710 1257 tamen
764 1203 1034 1272 impendio
1065 1218 1332 1267 erramus,
1370 1204 1462 1272 qui
1501 1213 1726 1259 mortem

171 1310 267 1365 pro
301 1297 412 1349 vita
449 1297 906 1366 complectamur,
939 1298 1198 1351 tenebras
1230 1313 1325 1366 pro
1360 1297 1480 1350 luce
1506 1311 1734 1366 prense-

172 1404 317 1452 mus,
343 1391 710 1460 corruptelam
766 1405 864 1458 pro
905 1389 1312 1444 immortalitate
1374 1389 1738 1448 deamemus;

172 1494 279 1547 quo
309 1479 440 1548 quid
493 1480 902 1534 miserabilius?
935 1478 1086 1534 Unde
1121 1479 1310 1548 igitur,
1333 1478 1428 1541 ait,
1471 1479 1564 1547 qui
1608 1477 1737 1531 boni

171 1581 445 1625 amatores
499 1571 733 1625 velimus
797 1587 941 1635 esse,
990 1571 1377 1641 nequivimus?
1429 1570 1582 1636 Quod
1633 1586 1738 1624 non

174 1677 298 1715 vere
343 1662 620 1727 volumus,
680 1662 774 1716 sed
817 1662 1028 1730 lictltie,
1075 1663 1347 1731 siquidem
1394 1677 1492 1732 pro
1528 1661 1740 1716 arbitrii

175 1754 424 1808 libertate
441 1755 669 1809 omnino
685 1753 830 1823 quod
852 1754 1102 1809 volumus
1123 1756 1522 1824 amplectimur.
1553 1753 1740 1807 Enim.

1832 577 1959 627 nus,
2013 573 2067 616 et
2125 564 2436 633 impositam
2476 560 2810 631 provinciam
2863 559 3159 620 animetur,
3222 572 3394 628 usque

1831 654 1985 720 adeo,
2016 665 2074 708 ut
2096 656 2253 727 juges
2275 657 2488 710 labores
2522 654 2799 708 laboribus
2835 654 3033 716 addat;
3075 665 3200 704 nam
3232 651 3394 716 unde,

1831 746 2011 812 sodes,
2061 749 2242 816 praelia
2295 757 2607 801 sanctorum
2639 744 2906 807 inaudita,
2952 742 3210 798 diuturna
3261 739 3400 793 tole-

1805 838 2032 904 .rantia,
2066 841 2313 908 pertinax
2343 839 2714 910 morigeratio,
2762 837 2814 890 in
2846 844 3183 892 senectutem
3218 834 3400 903 subje-

1834 929 1966 993 ctio,
2013 939 2176 999 atque
2216 929 2300 984 his
2350 930 2576 998 insuper
2623 928 2873 999 majora?
2906 926 3052 982 unde
3097 936 3397 997 martyrum

1834 1024 2158 1085 certamina,
2196 1024 2566 1076 membrorum
2601 1023 2850 1086 lanienae,
2892 1019 3175 1091 sanguinis
3211 1017 3403 1089 profuo

1836 1113 1959 1167 sio?
1993 1128 2099 1167 non
2138 1115 2231 1183 qui
2263 1115 2464 1168 animis
2513 1121 2862 1182 usurparent,
2906 1111 3237 1182 praécipitem
3281 1112 3405 1164 vita!

1835 1205 2095 1259 curriculi
2143 1206 2482 1269 brevitatem,
2513 1205 2962 1275 comparitionem
3030 1204 3094 1256 ad
3147 1201 3406 1256 horribile

1838 1297 2097 1362 tribunal,
2131 1305 2335 1350 aeterna
2369 1307 2423 1352 et
2451 1297 2659 1351 infinita
2700 1295 3004 1364 supplicia?
3034 1294 3251 1348 Scilicet
3279 1294 3406 1347 hinc

1838 1388 1918 1441 eis
1947 1386 2224 1441 tolerablia
2251 1397 2467 1449 cuncta.
2519 1387 2643 1440 hinc
2674 1388 2943 1439 atrocium
2985 1400 3266 1452 pinnarum
3307 1397 3408 1438 ceu

1841 1481 1895 1535 in
1944 1480 2266 1550 corporibus
2325 1479 2515 1536 alienis
2571 1479 2870 1549 perpessio.
2919 1481 2995 1533 Ac
3041 1480 3249 1533 beatam
3287 1492 3410 1547 qua!

1842 1576 1958 1630 haec
2001 1578 2119 1631 dies
2184 1586 2481 1645 noctesque
2527 1575 2730 1645 cogitet
2777 1582 3037 1638 mentem,
3088 1588 3209 1642 qua:
3263 1572 3413 1626 velut

1846 1669 2066 1737 hOSpes,
2102 1678 2156 1722 et
2199 1669 2408 1723 advena
2441 1668 2608 1723 vitam
2659 1667 2957 1727 transiens,
2989 1680 3162 1717 aevum
3193 1669 3415 1718 maneat.

1848 1757 1999 1821 felix,
2026 1772 2089 1812 ac
2115 1772 2393 1818 securmn,
2421 1758 2487 1811 de
2510 1773 2620 1826 quo
2660 1755 2906 1826 Apostoli
2937 1756 3046 1808 haec
3068 1763 3196 1808 sunt
3227 1753 3416 1812 verba,

157 1861 306 1909 .VCI‘O
337 1847 578 1900 Sludillm
616 1861 647 1899 a
681 1845 864 1914 pueris
899 1846 963 1898 ad
995 1861 1184 1914 prava,
1219 1857 1277 1899 ut
1314 1847 1546 1910 videtur,
1588 1845 1741 1898 ltabi-
1773 1844 1814 1898 Β
1847 1849 1988 1903 Nam
2019 1853 2338 1922 exspectatio
2366 1863 2624 1905 creaturte
2657 1851 3019 1904 reuelationem
3052 1849 3286 1918 ﬁliorum
3318 1846 3415 1901 Dei

178 1949 290 1991 tum
325 1939 381 1990 in
418 1938 579 1990 nobis
605 1937 886 1991 contraxit
917 1937 1034 1990 vitii
1063 1946 1326 1991 tenacem.
1373 1937 1477 1990 Sed
1513 1952 1634 2006 quia:
1662 1945 1746 1989 est

176 2030 424 2099 Apostoli
464 2029 780 2084 sententia?
812 2028 1118 2084 Humanum
1163 2030 1303 2089 dico,
1343 2039 1556 2097 propter
1594 2027 1746 2093 inﬁr-

177 2123 413 2174 mitatem
453 2124 627 2175 carnis
661 2129 879 2175 vestrae:
915 2123 1050 2174 sicut
1083 2136 1218 2172 enim
1249 2119 1558 2173 exhibuistis
1590 2134 1750 2171 mem-

177 2219 271 2270 bra
324 2230 501 2271 uestra
565 2218 758 2271 servire
815 2216 1190 2281 immunditiw,
1247 2225 1296 2267 et
1353 2215 1623 2284 iniquitati
1680 2212 1749 2265 ad

176 2308 537 2377 iniquitatem,
570 2308 648 2360 ita
680 2323 817 2360 nunc
842 2307 1078 2360 exhibete
1099 2307 1332 2359 membra
1359 2315 1528 2359 vestra
1559 2304 1751 2357 servire

171 2398 406 2465 jusliltw
456 2399 512 2451 in
583 2398 1059 2467 sanctiﬁcationem
1081 2395 1168 2451 ‘°:
1233 2398 1338 2451 hoc
1386 2404 1504 2459 est,
1564 2409 1749 2463 parem

179 2498 434 2555 oportere
472 2487 804 2542 industriam
849 2486 1100 2542 conferre
1136 2487 1189 2541 in
1229 2489 1509 2542 virtutem.
1543 2485 1749 2555 Itaque,

181 2580 403 2636 fratres.
441 2581 622 2634 adhuc
651 2580 864 2649 pulsare
909 2580 1247 2645 iasistamus,
1303 2580 1570 2649 planeque
1608 2579 1754 2634 fores

181 2674 426 2726 clemens
451 2673 662 2739 aperiet
699 2671 860 2736 Deus,
883 2687 1004 2741 qua:
1034 2681 1255 2744 accepta
1287 2673 1390 2726 subi
1423 2672 1534 2726 sint
1565 2671 1619 2723 in
1642 2678 1753 2724 'nos

180 2765 431 2827 molitus,
466 2780 531 2818 ac
565 2779 854 2833 perennem
888 2766 1052 2818 vitam
1081 2765 1309 2834 largitus
1347 2779 1445 2835 per
1473 2764 1752 2818 Christum

180 2854 366 2910 Iesum
405 2855 700 2909 Dominum
733 2866 1004 2920 nostrum,
1041 2857 1130 2910 cui
1168 2857 1340 2924 gloria
1372 2867 1425 2910 et
1466 2854 1754 2924 imperium

182 2963 302 3002 cum
327 2948 523 3012 Patre,
552 2963 621 3002 ac
646 2958 842 3001 sancto
871 2946 1099 3018 Spiritu,
1137 2963 1280 3004 nunc
1327 2957 1382 3003 et
1423 2962 1656 3016 semper,
1699 2947 1753 3001 in

185 3055 521 3107 omnemque
556 3041 995 3111 perpetuitatem.
1022 3043 1217 3094 Amen.

771 3132 1002 3188 SERMO
1037 3132 1169 3188 CIX.

183 3225 257 3282 De
297 3228 450 3282 obitu
497 3226 568 3294 fr.
609 3225 903 3291 Tlteososti,
949 3237 1104 3308 atque
1144 3225 1383 3280 obeunda
1430 3228 1515 3296 pie
1554 3231 1759 3280 sancte-

839 3312 936 3365 que
977 3308 1102 3350 vita.

248 3394 481 3447 Fratres
527 3390 850 3458 Patresque,
901 3389 1126 3457 jamjam
1191 3389 1469 3458 explorate
1513 3394 1760 3461 cognovi-

185 3501 305 3540 mus
339 3484 715 3538 Theosostum
741 3481 960 3534 fratrem
991 3481 1216 3545 obiisse,
1239 3482 1304 3534 de
1336 3497 1446 3550 quo
1473 3482 1759 3535 dicendum

185 3590 266 3634 est
301 3576 584 3637 nonnihil,
633 3581 987 3642 posteaquam
1030 3573 1110 3623 vir
1154 3572 1254 3623 fuit
1297 3571 1522 3639 probus,
1558 3587 1586 3624 a
1636 3588 1760 3641 pcr-

189 3671 373 3723 multis
406 3667 686 3725 laudatus.
739 3678 844 3731 qua
886 3661 1168 3715 monachis
1205 3678 1312 3730 qua
1361 3662 1536 3726 laicis,
1579 3665 1672 3733 qui
1710 3675 1764 3717 et

189 3763 473 3820 subderet,
522 3766 577 3811 et
606 3752 885 3810 subditum
920 3763 1149 3822 gereret,
1196 3767 1290 3819 pro
1326 3752 1390 3804 iis
1419 3769 1535 3822 qua:
1575 3769 1763 3821 passus

188 3869 261 3910 est
300 3863 568 3916 tentatus,
601 3860 660 3904 nt
692 3847 1008 3919 Apostolice
1038 3848 1255 3917 loquar,
1294 3860 1475 3916 potens
1503 3856 1551 3901 et
1587 3850 1651 3900 iis
1678 3850 1766 3917 qui

189 3956 460 4001 tentantur
494 3941 752 3995 auxiliari
776 3942 857 4005 ⁶¹;
905 3954 1073 4009 quare
1102 3940 1409 4008 complures
1441 3941 1642 4008 probos
1684 3956 1765 3992 se-

187 4041 426 4094 cundum
466 4034 640 4088 Deum
675 4033 818 4087 lilios
851 4032 1146 4096 contraxit,
1179 4031 1433 4094 idemque
1468 4031 1538 4085 ob
1565 4032 1766 4085 verita-

187 4143 290 4186 tem
327 4127 615 4189 miserias,
658 4139 956 4189 aerumnas,
1007 4125 1371 4188 calamitates,
1411 4139 1476 4179 ac
1524 4124 1767 4194 pericula

188 4242 292 4279 non
336 4221 588 4278 minima
627 4216 889 4286 suseicpit,
934 4217 987 4270 in
1019 4216 1216 4285 quibus
1254 4226 1308 4270 et
1351 4217 1670 4281 defunctus,
1703 4217 1769 4268 ad

191 4315 486 4371 Dominum
537 4307 836 4364 concessit.
883 4306 1155 4372 Quorsum
1216 4308 1331 4360 haec
1385 4317 1567 4360 autem
1634 4307 1768 4367 mihi

190 4406 380 4461 dicta?
423 4412 487 4458 ut
513 4403 570 4455 in
600 4400 772 4452 fratre
817 4399 1096 4466 exemplar
1117 4399 1388 4467 quoddam
1441 4413 1622 4452 rerum
1674 4414 1773 4452 no-

1844 1955 2106 2014 earspectat
2137 1961 2156 2008 ;
2196 1947 2415 1999 vanitati
2451 1947 2589 1999 enim
2627 1953 2872 1998 creatura
2905 1942 3135 2012 subjecta
3168 1952 3266 2008 est,
3313 1955 3417 1994 non

1847 2043 2021 2090 volens
2053 2040 2142 2090 sed
2173 2049 2386 2107 propter
2415 2055 2532 2091 eum
2563 2039 2652 2106 qui
2678 2035 2896 2102 subiecit
2937 2051 3048 2088 eam
3079 2035 3130 2087 in
3158 2050 3266 2102 spe,
3289 2036 3418 2103 quia

1847 2141 1893 2182 et
1927 2134 2040 2198 ipsa
2080 2141 2324 2186 creatura
2367 2131 2683 2186 liberabitur
2706 2147 2737 2183 a
2779 2129 3027 2182 servitute
3063 2129 3418 2196 corruptionis

1849 2223 1902 2274 in
1933 2222 2228 2274 libertatem
2267 2223 2452 2292 gloriw
2479 2222 2711 2290 ﬁliorum
2745 2219 2840 2274 Dei
2861 2222 2928 2273 ".
2969 2218 3152 2273 Viden‘
3190 2231 3247 2273 ut
3289 2234 3420 2288 pro-

1851 2315 2086 2367 mittitur
2117 2313 2234 2367 fore
2263 2328 2319 2367 ut
2355 2325 2525 2367 totum
2563 2315 2664 2368 hoc
2699 2315 3016 2367 universum
3049 2327 3078 2365 a
3111 2311 3418 2380 corruptela

1852 2415 2215 2468 restauretur,
2252 2415 2411 2474 atque
2442 2421 2471 2459 e
2499 2405 2764 2459 servitute
2805 2404 2857 2457 in
2885 2403 3190 2457 libertatem
3227 2413 3420 2456 natura

1853 2511 2035 2550 rerum
2067 2496 2246 2550 omnis
2277 2495 2617 2564 dilIiugatnr?
2661 2493 2983 2564 Cujusmodi
3014 2509 3144 2547 vero
3190 2493 3234 2547 is
3263 2492 3422 2546 deina

1854 2604 1982 2661 ci-ps
2012 2589 2128 2642 dies
2164 2591 2228 2642 de
2265 2604 2376 2658 quo
2400 2590 2478 2642 ait
2504 2597 2730 2643 sanctus
2758 2587 2946 2650 David,
2983 2586 3177 2642 Melior
3202 2597 3279 2640 est
3305 2585 3419 2639 dies

1855 2698 1960 2734 una
2003 2683 2054 2734 in
2089 2682 2245 2734 atriis
2301 2681 2404 2734 tuis
2435 2695 2590 2748 super
2619 2681 2789 2732 millia
2809 2680 2854 2711 ⁸³
2892 2695 2905 2733 :
2937 2695 3264 2749 rursumque
3293 2695 3422 2749 apo:

1857 2776 2123 2828 slulorum
2191 2773 2510 2843 corypbzens
2561 2792 2573 2826 :
2626 2772 2750 2826 Dies
2807 2773 3022 2826 Domini
3086 2774 3224 2828 sicut
3280 2774 3422 2828 mille

1857 2867 1984 2919 anni
2007 2865 2052 2898 “
2085 2885 2095 2917 :
2129 2874 2183 2920 et
2236 2865 2517 2933 apostolus
2564 2864 2765 2919 Paulus
2796 2883 2811 2920 :
2842 2865 3213 2934 Conﬁguratus
3267 2869 3426 2919 morti

1855 2958 1971 3027 ejus
2006 2974 2023 3013 :
2051 2957 2096 3011 si
2131 2972 2230 3026 quo
2257 2955 2413 3008 modo
2437 2971 2710 3007 occurram
2736 2955 2804 3007 ad
2842 2956 3276 3008 resurrectionem
3309 2972 3426 3025 qua:

1859 3063 1935 3104 est
1962 3066 2025 3104 ea:
2055 3051 2276 3102 mortuis
2301 3050 2368 3101 ".
2403 3045 2518 3102 Huc
2540 3063 2638 3102 nos
2667 3062 2885 3117 quoque
2910 3046 3179 3110 animum,
3205 3045 3421 3114 fratres,

1862 3154 2025 3214 atque
2075 3153 2308 3196 mentem
2350 3141 2766 3204 contendamus,
2819 3139 2924 3194 huc
2959 3140 3138 3193 studia
3173 3139 3426 3193 confera-

1863 3253 2006 3302 mus,
2053 3237 2160 3290 huc
2206 3236 2442 3303 cogitata
2488 3241 2544 3287 et
2588 3233 2864 3300 ingenium
2916 3231 3287 3294 traducamus,
3338 3231 3428 3285 hic

1863 3341 1981 3384 vota
2020 3345 2083 3384 ac
2114 3329 2386 3382 desideria
2424 3327 2675 3396 ﬁgamus,
2721 3339 2828 3394 qua
2855 3325 3208 3394 occupatione
3242 3325 3426 3378 sazculi

1866 3425 2027 3490 hujus
2070 3421 2366 3490 principem
2422 3419 2711 3482 lateamus,
2754 3419 2844 3486 qui
2891 3433 3014 3470 cum
3071 3424 3279 3469 tentare
3327 3431 3428 3469 nos

1865 3525 2058 3584 potest,
2105 3524 2217 3567 tum
2257 3522 2599 3581 prosternere
2656 3511 2864 3578 nequit,
2908 3507 3274 3563 contentionis
3314 3507 3428 3576 jam

1863 3609 2031 3662 armis
2061 3607 2376 3660 monasticae
2402 3613 2598 3658 tectos.
2633 3603 2804 3667 Quem
2832 3611 2959 3670 opto
2990 3600 3240 3672 equidem
3271 3601 3429 3654 nauci

1867 3715 1973 3754 non
2023 3699 2259 3767 effugere
2300 3713 2397 3750 vos
2435 3696 2619 3757 modo,
2667 3692 2760 3746 sed
2811 3693 2973 3745 etiam
3022 3707 3306 3759 superare,
3338 3707 3431 3744 co-

1866 3809 1998 3846 rona
2045 3801 2252 3846 mactos
2286 3788 2596 3858 probitatis,
2653 3801 2747 3853 per
2798 3783 3074 3837 Christum
3107 3782 3293 3837 Jesnm
3336 3783 3433 3835 Do-

1871 3885 2077 3938 minum
2107 3894 2356 3937 nostrum
2395 3899 2406 3932 :
2439 3880 2526 3934 cui
2561 3878 2731 3949 gloria
2772 3885 2827 3930 et
2855 3877 3143 3944 imperium
3173 3891 3295 3929 cum
3331 3874 3434 3928 Pa-

1869 3988 1972 4037 tre.
2006 3991 2069 4029 ac
2102 3985 2292 4029 sancto
2325 3972 2556 4040 Spiritu,
2582 3986 2727 4025 nunc
2754 3977 2808 4023 et
2833 3984 3066 4037 semper,
3093 3969 3146 4022 in
3189 3983 3437 4021 omnem-

1869 4083 1975 4138 que
2001 4066 2438 4136 perpetuitatem.
2476 4063 2672 4116 Amen.

2465 4151 2695 4206 SERMO
2732 4149 2842 4205 CX.

1870 4249 1948 4303 De
1975 4246 2189 4316 laetiﬁca
2227 4247 2338 4300 vita
2386 4253 2722 4363 nostra._.nleu
2758 4243 3131 4309 defetiscamur
3163 4244 3215 4295 in
3244 4242 3434 4296 adrer-

2489 4329 2621 4363 sartt
2680 4322 2821 4363 ucta.

2489 4322 2621 4366 sum
2656 4322 2821 4364 lucta.

1944 4407 2161 4462 Fratres
2209 4403 2528 4472 Patresque,
2558 4415 2681 4454 cum
2721 4415 2910 4453 omnes
2944 4400 3194 4454 homines
3218 4415 3438 4465 semper

191 4511 426 4553 strarum
460 4506 743 4548 tueremur
768 4508 784 4557 ;
809 4491 901 4559 qui
932 4501 1118 4544 sanete
1143 4499 1196 4543 et
1222 4490 1448 4544 honeste
1473 4491 1765 4550 obeuntes,
1803 4525 1847 4580 Β
1877 4503 1928 4553 in
1972 4499 2202 4552 Domino
2251 4495 2488 4563 gaudere
2537 4491 2832 4559 Aposmlus
2860 4491 3011 4557 jubet
3035 4490 3100 4554 ⁸⁸,
3156 4502 3267 4544 tum
3309 4493 3436 4554 soli,

191 4607 342 4659 a-que
373 4592 558 4643 simus
596 4587 666 4639 ab
709 4584 816 4637 alio
853 4593 974 4651 post
1007 4592 1234 4636 mortem
1277 4585 1554 4649 laudandi,
1591 4584 1766 4637 illices

191 4685 410 4752 quidam
447 4678 715 4750 praeclare
752 4675 980 4744 posteris
1019 4673 1218 4741 objecti
1251 4675 1619 4728 annulationis
1647 4677 1768 4740 ;sin

192 4778 436 4847 sequius,
493 4789 607 4826 non
649 4771 824 4825 solum
879 4784 985 4822 non
1035 4768 1341 4834 laudemur,
1399 4770 1531 4836 quin
1581 4770 1768 4822 aeterni

193 4873 364 4940 pinnis
398 4864 663 4936 supplicii
716 4871 1033 4927 multemur,
1063 4861 1210 4931 quod
1244 4860 1486 4914 terribile
1530 4868 1616 4914 est
1658 4870 1770 4913 tum

194 4967 426 5034 cogitatu
462 4971 589 5014 tum
615 4958 788 5012 dictu.
818 4956 934 5009 Iam
963 4956 1164 5011 videsis
1200 4954 1333 5007 mihi
1364 4965 1421 5008 ut
1453 4955 1579 5008 hinc
1607 4954 1773 5009 vicis-

193 5059 291 5113 sim
327 5052 710 5117 abscedimus,
739 5064 802 5102 ac
827 5064 933 5118 quo
964 5049 1202 5114 abimus,
1229 5059 1342 5101 tum
1367 5063 1486 5115 qua:
1504 5047 1592 5100 hic
1618 5047 1774 5102 nobis

195 5151 264 5202 sit
307 5149 438 5202 vita:
497 5146 555 5198 in
604 5154 814 5211 paucos
863 5140 1178 5208 prorogatio
1236 5138 1374 5201 dies,
1434 5136 1500 5190 ad
1555 5137 1772 5192 virtutis

195 5239 675 5311 explorationem,
736 5242 789 5286 et
836 5241 1094 5300 tanquam
1149 5231 1454 5300 periculum
1510 5229 1772 5295 victuris,

197 5335 318 5388 inde
341 5328 663 5388 morituris,
694 5338 758 5378 ac
784 5325 864 5376 sic
897 5323 1223 5377 discessuris
1255 5323 1345 5376 ubi
1375 5330 1624 5390 perpetes
1656 5337 1770 5374 ma-

198 5437 446 5479 neamus.
493 5418 626 5472 llaec
660 5413 992 5484 prudentum
1052 5419 1287 5466 recolere
1325 5422 1429 5477 est,
1479 5427 1654 5480 eaque
1685 5411 1779 5478 qui

197 5517 420 5578 recolat,
469 5509 683 5572 tremit,
743 5515 798 5560 et
839 5504 1116 5568 formidat,
1181 5503 1274 5573 qui
1327 5503 1512 5556 studio
1564 5518 1781 5572 semper

197 5616 352 5670 obeat
379 5608 657 5684 quotidie,
691 5620 756 5658 ac
783 5602 1026 5671 corporis
1049 5603 1206 5672 quasi
1253 5599 1545 5670 quamdam
1585 5616 1780 5653 manu-

263 5731 308 5760 ⁸⁸
334 5729 352 5783 1
383 5729 517 5783 Cur.
557 5736 650 5784 xv,
679 5718 771 5772 50.
846 5718 890 5748 “
916 5717 1070 5772 Rom.
1099 5734 1173 5778 vr,
1208 5719 1292 5770 19.

200 5816 277 5867 ut,
306 5799 356 5854 8.
435 5797 482 5830 ⁸⁸
506 5791 752 5860 Philipp.
784 5803 863 5851 Ill,
899 5791 983 5843 10.
1058 5790 1101 5820 ⁸⁸
1134 5789 1365 5857 Philipp.
1397 5803 1470 5852 Iv,
1499 5789 1552 5840 4.

432 5893 726 5953 Ριτιιοιι.
756 5890 874 5950 (in.
914 5884 1126 5945 XCIX.

1369 5714 1605 5770 “Hebr.
1641 5735 1699 5780 Il,
1734 5723 1816 5776 I8.

1629 5790 1672 5819 ⁸⁷
1702 5781 1873 5846 Eccle.
1911 5809 1949 5854 ι,
1985 5792 2004 5844 l
2036 5799 2187 5853 seqq-

1875 4605 1932 4649 ut
1967 4599 2208 4662 apparet,
2243 4587 2353 4640 veri
2395 4581 2649 4638 monachi
2679 4581 2937 4652 gaudent,
2967 4582 3060 4670 qui
3091 4597 3197 4634 non
3233 4584 3438 4645 uxoris,

1870 4683 2331 4739 non'liberorum,
2387 4691 2494 4729 non
2540 4687 2843 4732 servorum,
2881 4686 2987 4725 non
3024 4673 3285 4740 pecuniae,
3335 4689 3443 4727 non

1869 4778 2217 4848 praediorum,
2240 4787 2344 4824 non
2375 4767 2596 4822 alterius
2616 4765 2936 4835 cujusquam
2961 4781 3145 4818 eorum
3179 4781 3300 4835 quae
3325 4781 3443 4819 am-

1875 4869 2028 4922 biant
2078 4862 2329 4917 carnales
2387 4855 2754 4913 sollicitudine
2825 4857 3121 4916 ducantur,
3166 4871 3443 4925 unumque

1875 4961 2058 5013 ineant
2116 4953 2358 5009 studium
2418 4950 2617 5013 solum,
2653 4947 2745 5016 qui
2809 4946 3058 5014 placeant
3089 4944 3248 5000 Hero.
3283 4946 3443 5013 Quod

1874 5051 1960 5120 pol
2020 5047 2261 5103 studium
2292 5043 2419 5112 juge
2481 5048 2565 5094 est
2618 5038 2672 5091 in
2723 5037 2955 5089 Domino
2995 5036 3277 5108 gaudium,
3312 5055 3440 5093 nam

1875 5141 1964 5195 ubi
2017 5134 2430 5192 matrimonium
2470 5139 2574 5193 est,
2627 5144 2691 5182 ac
2727 5128 2979 5193 servitus,
3020 5138 3073 5181 et
3109 5145 3229 5200 quae
3279 5145 3346 5185 ex
3380 5132 3446 5186 iis

1874 5230 2137 5286 molestia:
2197 5232 2452 5287 manant;
2513 5222 2711 5275 misera
2783 5219 2897 5274 haec
2941 5220 3219 5274 hominum
3264 5224 3450 5292 galeri

1881 5323 2147 5377 divinitus
2200 5318 2360 5371 insita
2410 5310 2730 5373 distractio,
2779 5324 2885 5378 qua
2927 5308 3348 5375 distinerentur,
3395 5320 3453 5365 ut

1888 5414 1993 5469 fert
2032 5410 2339 5467 Salomonis
2369 5403 2636 5462 sententia
2657 5403 2735 5454 ἰτς
2768 5400 2978 5455 dillicile
3027 5413 3111 5455 est
3142 5402 3196 5456 in
3224 5403 3456 5457 Domino

1890 5508 2161 5578 gaudere,
2202 5507 2381 5559 mente
2420 5497 2489 5550 ab
2539 5496 2606 5549 iis
2657 5509 2777 5563 qua:
2815 5493 3040 5562 praedixi
3072 5509 3100 5546 a
3139 5506 3327 5548 sancta
3363 5491 3452 5548 Dei

1890 5596 2268 5655 recordatione
2319 5593 2556 5650 demota,
2615 5586 2668 5639 in
2725 5600 2833 5654 qua
2892 5587 3056 5638 situm
3117 5587 3168 5636 in
3226 5584 3460 5640 Domino

1895 5723 1936 5753 ω
1961 5719 2250 5774 ῃοτη,νιιι,
2285 5706 2374 5762 21.
2474 5705 2518 5738 ⁸³
2544 5700 2688 5755 Psal.
2725 5714 2953 5764 Lxxxm,
2990 5701 3073 5752 Il.
3151 5700 3196 5730 “
3219 5700 3260 5753 ll
3290 5698 3464 5768 Petr.,

2996 5865 3064 5924 2|
