4000 6306
572 342 668 402 651

576 567 645 604 no
672 549 1024 620 gaudentum,
1071 551 1336 615 laetemur,
1391 560 1444 603 et
1475 549 1616 602 inter
1653 562 1753 600 nos
1787 545 2144 602 coll-.etemur,

576 639 806 706 fratres,
864 641 1234 709 exspectando
1301 638 1630 709 virginitatis
1691 652 1755 690 ac
1813 630 2148 704 paupertatis

574 732 796 802 praemia
843 746 872 785 a
928 739 1339 786 remuneratore
1390 730 1518 797 Deo,
1575 729 1666 800 qui
1722 725 2029 782 mercedem
2061 723 2143 777 vel

577 823 786 895 frigida:
823 834 906 879 est
963 823 1242 893 pollicitus
1268 825 1343 891 ",
1411 824 1607 880 nedum
1674 832 1783 878 tam
1839 820 2145 890 grandimn,

574 925 628 970 et
661 915 955 984 ingentium
985 915 1288 971 facinorum
1320 934 1334 980 ;
1373 931 1497 968 nam
1530 914 1772 984 profecto
1806 899 2146 967 summa'est,

575 1023 640 1061 ac
680 1007 995 1075 praecellens
1053 1006 1378 1075 virginitatis
1447 1005 1691 1069 functio,
1749 1001 2150 1070 conjuncta‘que

576 1112 701 1150 cum
735 1096 976 1167 angelica
1006 1097 1141 1158 vita,
1176 1112 1297 1167 quae
1325 1095 1598 1150 hominem
1631 1101 1844 1150 revocet
1873 1093 1941 1146 ad
1973 1089 2144 1158 origi-

577 1203 721 1252 nem,
767 1188 818 1241 in
851 1189 1182 1257 paradisum,
1235 1203 1360 1243 cum
1413 1187 1644 1257 nuptire,
1702 1194 1864 1254 atque
1918 1181 2150 1237 servitus

579 1296 846 1350 nusquam
877 1281 1095 1348 vitaque
1123 1282 1367 1350 quaedam
1404 1295 1618 1343 secura,
1647 1288 1702 1332 et
1739 1275 1962 1330 innoxia
1991 1274 2146 1343 dege-

577 1380 744 1425 retur.
791 1370 886 1424 Sin
918 1380 968 1424 te
1004 1371 1146 1425 haud
1179 1371 1374 1433 laetari,
1408 1372 1540 1440 quin
1572 1369 1757 1424 dolere
1785 1367 1959 1430 dicas,
1995 1380 2146 1432 qua:-

579 1476 726 1525 nam,
783 1477 934 1532 rogo,
967 1477 1131 1517 causa
1161 1471 1246 1517 est
1272 1461 1525 1516 doloris?
1572 1459 1728 1527 Quod
1759 1458 1949 1527 culpas
1980 1456 2152 1510 admi-

579 1556 839 1610 sisti?At
867 1571 943 1610 ea:
992 1571 1090 1628 per
1133 1557 1524 1620 secessionem,
1558 1565 1612 1610 et
1659 1553 2046 1614 obedientiam,
2091 1565 2154 1604 ac

577 1646 977 1701 confessionem
1029 1655 1156 1700 sunt
1195 1647 1459 1701 remissae.
1491 1646 1573 1700 An
1619 1645 1765 1716 quod
1793 1643 2048 1714 cogitatis
2099 1640 2152 1693 in

578 1739 695 1792 dies
751 1737 950 1791 ferire?
1005 1737 1074 1791 At
1100 1737 1311 1806 signant
1370 1736 1420 1789 id
1485 1750 1702 1805 quoque
1763 1742 1848 1789 est
1914 1747 2151 1797 coronae,

579 1843 756 1898 neque
784 1828 928 1883 enim
960 1827 1102 1883 bello
1149 1829 1390 1882 alienum
1423 1829 1717 1898 quisquam
1775 1827 1867 1883 sed
1921 1826 2149 1880 bellato‘

578 1930 693 1972 rem
747 1928 1009 1984 coronat;
1063 1935 1163 1974 nec
1221 1920 1275 1973 in
1333 1934 1554 1973 arenam
1611 1933 1717 1973 non
1779 1932 2152 1989 progressum,

579 2008 708 2079 quin
742 2009 956 2077 egregie
984 2024 1163 2080 pugna
1209 2007 1525 2064 defunctum
1572 2008 1830 2062 donativo
1866 2006 2153 2077 prosequi-

580 2112 691 2153 tur.
747 2099 864 2152 Non
925 2101 1114 2155 videtis
1173 2110 1230 2154 ut
1283 2100 1425 2154 unde
1456 2100 1661 2154 tristari
1735 2098 2155 2162 dicimur,hine

579 2190 750 2245 laetari
803 2191 1143 2246 habeamus?
1184 2192 1538 2260 quamobrem
1592 2192 1834 2245 laetemur
1870 2230 1884 2252 ,
1936 2191 2152 2251 fratres,

581 2283 808 2352 spiritali
862 2285 1069 2354 agendo
1125 2283 1323 2352 gaudio
1376 2283 1680 2347 instantes,
1748 2291 1802 2335 et
1861 2284 2041 2335 acrius
2087 2282 2152 2336 ad

579 2376 778 2431 diaboli
809 2374 1028 2430 fraudes
1082 2376 1447 2441 obluctantes,
1499 2377 1588 2446 qui
1613 2376 1733 2445 ejus
1761 2375 1998 2429 insultus
2032 2391 2154 2444 pre-

581 2469 737 2523 cibus
775 2468 1116 2537 acsupplicio
1147 2466 1483 2538 frangamus,
1510 2477 1564 2522 et
1600 2466 1968 2522 submissione
1991 2477 2154 2537 atque

582 2559 891 2614 obedientia
927 2559 1149 2629 laqueos
1193 2558 1561 2628 dissipemus;
1601 2567 1713 2612 tum
1757 2567 1936 2612 autem
1981 2558 2154 2628 lacry-

583 2651 707 2714 mis,
733 2663 796 2704 ac
826 2649 1247 2716 compunctione
1285 2649 1441 2718 quasi
1478 2650 1770 2718 quemdam
1803 2647 2148 2702 Pharaonem

583 2740 1010 2807 detnergamus,
1075 2745 1126 2791 et
1193 2737 1511 2807 protiteudis
1580 2737 1912 2806 edendisque
1975 2736 2154 2806 culpis

582 2832 772 2900 procul
804 2832 855 2884 in
884 2829 1063 2899 fugam
1090 2837 1384 2895 vertamus,
1414 2829 1736 2898 caaterisque
1765 2829 1978 2883 cunctis
2007 2840 2152 2882 recte

586 2921 745 2976 factis
778 2921 959 2976 divina
992 2935 1092 2989 ope
1124 2929 1552 2989 prosternamus.
1582 2917 1677 2973 Pol
1716 2918 1971 2972 fraudum
2005 2918 2146 2971 mul-

583 3013 769 3082 tiplex,
810 3022 973 3083 atque
1005 3010 1199 3067 artifex
1228 3011 1494 3065 scelerum
1529 3020 1630 3075 est,
1666 3012 1757 3080 qui
1799 3026 1899 3064 nos
1942 3010 2154 3064 interfi-

584 3120 710 3159 cere
737 3121 1007 3174 quaerens,
1059 3115 1171 3158 tum
1217 3114 1438 3172 captare
1500 3120 1609 3174 quo
1657 3105 1870 3174 ingruat
1917 3115 2150 3174 tempus,
2181 3134 2224 3192 ε

587 3205 702 3249 tum
765 3197 1006 3265 recipere
1057 3211 1116 3250 se
1185 3197 1352 3262 norit,
1411 3211 1509 3253 ceu
1558 3197 1755 3258 victus,
1803 3196 2030 3260 scilicet,
2096 3205 2154 3249 ut

586 3288 800 3341 irruens
833 3295 1070 3356 repente,
1111 3286 1439 3355 imparatum
1475 3288 1718 3339 animum
1742 3294 1959 3346 nactus,
2001 3285 2148 3354 quod

585 3381 702 3434 vult
739 3379 950 3433 efficiat.
996 3377 1108 3434 Nos
1149 3379 1428 3432 enimvero
1481 3394 1579 3449 pro
1608 3378 1840 3432 statione
1871 3378 1957 3432 siti
1989 3393 2156 3432 excu-

587 3473 814 3538 bemus;
855 3471 1162 3541 vigilemus,
1200 3472 1398 3526 mentis
1449 3472 1668 3526 oculum
1722 3473 2019 3542 insepitum
2074 3481 2154 3526 te-

587 3572 797 3628 nentes,
833 3563 1119 3632 studioque
1148 3561 1358 3618 fervens
1395 3564 1672 3634 ingenium
1710 3565 1930 3620 divino:
1960 3579 2064 3634 qua
2099 3580 2156 3619 re

589 3655 832 3716 stabiles,
864 3668 929 3708 ac
958 3653 1143 3709 invicti
1192 3669 1532 3720 maneamus,
1571 3671 1725 3722 sane,
1762 3657 2011 3721 obsecro,
2048 3672 2152 3711 neu

588 3744 841 3799 obeundo
873 3745 1015 3799 bello
1049 3754 1388 3812 torpeamus,
1427 3763 1526 3800 neu
1559 3747 1613 3800 in
1640 3749 1937 3800 adversarii
1976 3762 2154 3817 pugna

587 3832 994 3888 defetiscamur.
1041 3834 1192 3890 Finis
1255 3836 1502 3891 imminet
1544 3838 1928 3905 certaminum,
1997 3850 2158 3910 atque

588 3924 744 3977 abest
812 3924 1096 3978 tninimum
1152 3925 1284 3995 quin
1341 3927 1567 3997 jamjam
1625 3930 1806 3983 veniat
1856 3931 2157 3985 adventans

589 4012 834 4082 nihilque
863 4023 1172 4076 cunctetur,
1202 4026 1297 4070 aut
1331 4018 1601 4088 cujusque
1639 4030 1885 4075 nostrum
1909 4022 2152 4086 decessu,

589 4113 683 4157 aut
720 4103 885 4158 totius
945 4105 1182 4160 universi
1230 4106 1461 4162 decursu
1504 4110 1830 4180 peragendo,
1861 4127 1966 4180 qua
2017 4121 2156 4165 tem-

591 4205 795 4263 pestate
816 4196 1096 4266 apparebit
1129 4213 1160 4252 e
1199 4198 1361 4263 coelo,
1402 4199 1664 4269 angelicis
1696 4198 1866 4268 copiis
1891 4200 2148 4269 stipatus,

591 4289 856 4358 igneaque
894 4289 1149 4352 ﬂamma,
1203 4299 1256 4344 et
1316 4291 1536 4344 infanda
1584 4291 1868 4358 majestate
1923 4291 2153 4356 obsitus,

590 4396 716 4435 cum
765 4380 981 4450 quidem
1041 4379 1244 4434 Videbit
1292 4397 1409 4434 eum
1436 4381 1604 4433 omnis
1650 4381 1865 4447 oculus,
1897 4385 2160 4452 quemad-

1761 345 1821 402 S.
1850 334 2236 399 THEODORI
2300 335 2642 394 STUDlTxE

575 457 830 530 gaudium
868 467 972 513 est.
1008 457 1193 526 Itaque
1225 459 1316 528 qui
1347 474 1376 513 e
1405 471 1634 512 numero
1663 458 1835 510 simus
1869 456 1920 507 in
1971 451 2151 505 Domi-
2185 452 2231 508 Δ

3731 325 3831 387 652

2846 444 3075 498 SERMO
3112 443 3246 497 CXI.

2573 540 2646 594 De
2675 541 2977 599 tolerantia,
3009 555 3070 591 ac
3104 535 3517 604 compunctione.

2323 634 2541 687 Fratres
2591 633 2906 702 Patresqne,
2957 631 3209 700 equidem
3274 629 3489 682 locutus
3541 625 3716 695 loqui,
3772 639 3831 677 ac

2255 725 2534 779 cohortari
2566 724 2813 778 insistam
2841 723 3184 784 cohortatus,
3215 720 3307 790 qui
3341 717 3558 786 quidem
3591 716 3697 771 sim
3727 717 3832 770 sol-

2254 816 2461 880 licitus,
2514 825 2871 885 posteaquam
2908 823 2961 867 et
3004 823 3168 882 caput
3209 812 3423 865 obsidet
3467 818 3747 872 senectus,
3783 819 3831 860 et

2255 908 2586 962 horrendum
2644 917 2727 962 est
2787 907 3124 976 praefectura:
3177 905 3466 975 judicium,
3523 901 3656 970 quid
3706 917 3834 970 pos-

2253 1017 2372 1055 sum
2437 1016 2543 1055 non
2595 1001 2997 1061 extimescere,
3064 1014 3126 1054 ac
3180 1012 3494 1068 praecupere
3550 1011 3660 1049 non
3721 995 3834 1048 haec

2253 1109 2426 1163 pauca
2455 1093 2636 1161 eloqui
2666 1094 2866 1156 solum,
2896 1093 3025 1161 quin
3055 1091 3214 1145 nauci
3246 1091 3386 1143 hanc
3417 1089 3584 1142 vitam
3613 1101 3833 1154 quoque

2255 1197 2352 1249 pro
2390 1190 2634 1235 vestrum
2672 1182 2900 1250 singulis
2938 1176 3289 1249 impendere?
3323 1177 3488 1246 Igitur
3517 1175 3830 1236 audiamus,

2253 1270 2474 1333 fratres,
2512 1271 2831 1339 Apostolum
2879 1270 3148 1323 dicentem
3201 1286 3213 1322 :
3271 1267 3492 1332 Tempus
3551 1264 3704 1315 breve
3759 1272 3835 1314 est

2253 1376 2429 1428 porro,
2456 1371 2512 1413 ut
2543 1370 2591 1414 et
2623 1364 2710 1429 qui
2742 1358 2928 1413 habent
2960 1374 3147 1412 uxores
3177 1371 3428 1425 tanquam
3455 1369 3557 1406 non
3585 1351 3834 1404 habentes

2253 1450 2379 1513 sint,
2416 1458 2463 1502 et
2493 1450 2580 1518 qui
2607 1450 2734 1518 ﬂent
2763 1459 3014 1517 tanquam
3044 1464 3145 1500 non
3174 1448 3377 1516 ﬂentes,
3403 1455 3452 1499 et
3482 1442 3572 1514 qui
3605 1443 3835 1513 gaudent

2256 1551 2508 1610 tanquam
2545 1557 2644 1594 non
2683 1542 2986 1611 gaudentes,
3021 1549 3068 1592 et
3104 1540 3193 1609 qui
3223 1551 3399 1591 emunt
3440 1546 3693 1606 tanquam
3734 1551 3834 1586 non

2255 1631 2602 1699 possidentes,
2629 1639 2675 1683 et
2706 1630 2794 1698 qui
2832 1637 3056 1682 utuntur
3085 1629 3178 1681 hoc
3209 1626 3403 1680 mundo
3441 1635 3693 1692 tanquam
3733 1641 3836 1675 non

2259 1731 2496 1777 utentes:
2526 1723 2758 1790 prwterit
2790 1723 2925 1775 enim
2962 1723 3134 1789 ﬁgura
3176 1719 3332 1786 huius
3373 1717 3554 1771 mundi
3587 1717 3634 1747 ⁷ο
3691 1715 3834 1781 Quid

2257 1825 2361 1870 est.
2396 1817 2628 1881 praterit
2676 1816 2848 1886 ﬁgura
2897 1815 3052 1884 hujus
3100 1814 3324 1867 mundi?
3364 1813 3554 1875 idest,
3607 1811 3833 1874 labitur,

2257 1911 2664 1980 praeterequitat
2691 1924 2792 1964 nec
2819 1909 2899 1963 vel
2935 1910 3253 1963 diuturnam
3291 1907 3642 1962 stabilitatem
3687 1906 3835 1959 obti-

2255 2017 2410 2067 nens,
2463 2001 2555 2057 sed
2594 2001 2685 2070 qui
2735 2001 2850 2055 heri
2900 2001 3128 2062 nitidus,
3185 2000 3350 2055 hodie
3393 2000 3701 2069 squalidus,
3740 2000 3835 2067 qui

2257 2094 2371 2147 heri
2422 2093 2476 2146 in
2509 2110 2566 2148 re
2615 2094 2921 2162 splendida,
2959 2094 3122 2148 hodie
3173 2093 3226 2146 in
3264 2093 3485 2148 miseria
3527 2101 3643 2158 est;
3687 2105 3835 2146 nunc

2254 2184 2536 2238 extollitur
2569 2183 2678 2248 ille,
2717 2199 2862 2238 nunc
2895 2185 3028 2238 alter
3057 2183 3321 2252 dignitate
3346 2182 3491 2247 ruit;
3518 2181 3611 2236 hic
3639 2198 3669 2235 c
3700 2197 3835 2249 pau-

2254 2292 2381 2346 pere
2413 2279 2470 2331 tit
2499 2277 2672 2340 dives,
2709 2277 2849 2331 alius
2885 2292 2915 2332 e
2949 2276 3116 2330 divite
3151 2290 3378 2344 pauper,
3421 2275 3679 2343 milleque
3711 2289 3836 2326 mu-

2257 2370 2577 2434 tationibus,
2620 2380 2783 2437 atque
2839 2370 3055 2424 vicibus
3102 2384 3411 2424 mrumnosa
3461 2375 3650 2422 nostra
3697 2367 3835 2421 sub-

2255 2463 2391 2532 jecta
2445 2465 2552 2517 vita
2603 2473 2704 2526 est,
2763 2462 2898 2517 nihil
2947 2463 3232 2530 possidens
3265 2469 3544 2518 constans.
3592 2458 3745 2515 Unde
3781 2460 3833 2512 id

2254 2553 2448 2606 accidit
2471 2553 2644 2606 vero?
2670 2553 2926 2606 nimirum
2957 2568 3022 2606 ex
3050 2553 3177 2606 olim
3207 2552 3418 2607 inscitia
3449 2558 3671 2604 nostra:
3707 2565 3832 2602 nam

2254 2653 2590 2714 contempto,
2637 2647 2782 2716 quod
2835 2649 2884 2700 in
2943 2647 3195 2715 paradiso
3253 2645 3590 2715 accepimus,
3642 2655 3836 2699 sancto

2254 2745 2563 2804 praecepto,
2625 2734 2927 2806 fraudeque
2980 2733 3249 2803 serpentis
3317 2733 3594 2802 voluptate
3644 2733 3834 2796 illecti,

2254 2825 2400 2880 haud
2446 2827 2542 2881 abs
2596 2843 2655 2882 re
2702 2828 3035 2882 calamitosae
3110 2841 3173 2881 ac
3221 2826 3502 2880 mutabilis
3552 2827 3678 2879 vitae
3715 2837 3836 2879 tan-

2256 2934 2420 2989 quam
2457 2921 2511 2974 in
2546 2935 2765 2974 manum
2808 2918 3183 2973 convenimus.
3218 2915 3300 2971 0b
3327 2932 3488 2987 quam
3530 2925 3586 2970 et
3616 2916 3834 2971 Domini

2256 3012 2429 3066 nostri
2476 3009 2603 3065 Jesu
2638 3010 2846 3065 Christi
2895 3011 3163 3065 adventus
3203 3012 3459 3080 agitetur,
3503 3011 3596 3080 qui
3635 3011 3832 3081 origini

2256 3105 2496 3158 redditos
2536 3103 2589 3157 in
2629 3120 2803 3158 :evum
2850 3106 3103 3160 restituat
3149 3107 3332 3159 insons
3384 3113 3548 3173 atque
3586 3105 3832 3161 alienum

2257 3198 2452 3263 dolori,
2487 3209 2547 3252 ut
2581 3199 2907 3268 prudentum
2943 3199 3034 3260 sit,
3070 3209 3123 3253 et
3153 3200 3473 3268 proborum,
3504 3200 3557 3253 in
3595 3201 3834 3256 instabi-

2258 3289 2404 3344 libus
2431 3289 2668 3354 ﬁrmum,
2691 3291 2742 3343 in
2769 3288 3122 3343 mutabilibus
3145 3289 3478 3344 immobilem
3502 3293 3834 3356 consistere;

2258 3395 2494 3449 quorum
2547 3380 2599 3434 id
2636 3388 2720 3435 est
2758 3391 2961 3445 autem,
3010 3380 3118 3435 nisi
3163 3380 3549 3435 cruciﬁxorum
3602 3382 3834 3442 mundo,

2260 3472 2573 3542 Herumque
2620 3473 2984 3542 sequentum?
3032 3473 3320 3528 Enimvero
3377 3473 3415 3526 ii
3467 3488 3568 3526 nos
3617 3489 3837 3534 sumus.

2257 3564 2462 3619 Christi
2495 3563 2779 3625 beneficio,
2816 3565 3008 3620 fratres
3045 3565 3356 3627 venerandi,
3391 3565 3487 3633 qui
3518 3567 3837 3620 secessione

2259 3655 2401 3710 facta
2451 3655 2672 3721 illustri,
2705 3656 3016 3711 obedientia
3051 3655 3431 3724 defungamur,
3481 3671 3667 3709 rerum
3713 3659 3834 3726 pul-

2260 3748 2557 3810 cherrima,
2581 3761 2685 3816 qua
2722 3747 2774 3800 in
2800 3748 3083 3815 antiquum
3111 3747 3256 3799 velut
3287 3745 3625 3815 postliminio
3653 3763 3836 3803 rever-

2263 3848 2471 3904 tamur;
2507 3838 2706 3893 etenim
2736 3837 2989 3906 paradiso
3020 3837 3090 3890 ob
3118 3835 3571 3900 inobedientiam.
3603 3855 3670 3893 ac
3702 3858 3838 3896 con-

2259 3931 2552 3985 tumaciam
2596 3930 2933 4000 proscriptos
2963 3929 3137 3983 voluit
3173 3939 3253 3983 ter
3285 3931 3526 3999 optimus
3568 3931 3714 3988 Deus
3745 3952 3839 4001 per

2259 4022 2623 4077 obedientiam
2691 4030 2745 4074 et
2776 4020 3099 4090 obsequium
3138 4035 3461 4089 recuperare
3493 4023 3836 4090 paradisum.

2259 4114 2625 4182 Quamobrem
2660 4116 2996 4187 gaudeamus
3038 4115 3092 4169 in
3132 4115 3437 4170 obedientia
3477 4126 3692 4178 nostra,
3729 4134 3836 4188 qua

2260 4209 2312 4263 in
2344 4223 2638 4278 perennem
2673 4209 2837 4262 vitam
2885 4209 3232 4263 reducamur.
3269 4207 3466 4262 Verum
3510 4217 3565 4262 et
3598 4210 3654 4263 in
3700 4225 3838 4264 con-

2260 4298 2411 4354 ﬂictu
2445 4298 2769 4369 pertinacia,
2810 4307 2862 4352 et
2895 4298 2949 4352 in
2979 4295 3239 4352 aerumnis
3277 4297 3564 4351 tolerantia
3597 4303 3840 4369 requiri-

2264 4398 2371 4454 tur;
2414 4405 2541 4443 nam
2570 4391 2614 4444 si
2647 4390 2949 4444 secundum
2981 4404 3200 4443 carnem
3233 4388 3373 4442 haud
3413 4388 3549 4442 citra
3586 4390 3837 4461 ingentes

591 4473 814 4528 modum
877 4473 1135 4542 scriptum
1190 4484 1292 4534 est,
1354 4491 1414 4526 ac
1470 4478 1559 4541 qui
1592 4491 1710 4527 eum
1739 4485 2071 4545 pupugerunt
2107 4484 2154 4529 et
2190 4466 2234 4521 Ῐ)
2263 4483 2476 4536 labores
2528 4497 2590 4535 ac
2620 4481 2849 4535 sudores
2879 4482 3108 4534 victoria
3139 4489 3383 4548 paratur,
3412 4491 3620 4550 quanto
3665 4486 3838 4551 magis

591 4565 837 4635 plangant
874 4581 1028 4632 super
1070 4581 1128 4618 eo
1180 4583 1355 4620 omnes
1408 4571 1572 4619 tribus
1607 4579 1759 4621 terra:
1784 4569 1849 4622 ⁶⁹.
1903 4568 2075 4634 Quam
2109 4569 2161 4622 id

592 4656 836 4711 terribile
877 4657 1246 4727 spectaculum
1280 4668 1381 4720 est,
1414 4670 1465 4712 et
1516 4660 1664 4712 omni
1719 4661 2163 4713 consternatione

591 4753 799 4823 majus!
828 4752 1072 4806 Gestient
1121 4761 1232 4805 tum
1278 4753 1495 4821 quidem
1552 4755 1644 4822 qui
1695 4755 2008 4823 prwclarum
2045 4770 2162 4809 cer-

591 4854 775 4898 tamen
801 4843 1171 4906 decertarunt,
1204 4844 1296 4912 qui
1339 4844 1391 4896 in
1426 4844 1681 4913 periculis
1717 4846 2021 4914 perstitere,
2067 4849 2160 4915 qui

592 4935 915 5004 probitatem
949 4949 1222 4999 amavere,
1255 4935 1350 5004 qui
1397 4935 1873 5004 morigerationem
1918 4937 2156 5000 obivere,

591 5031 686 5098 qui
717 5029 1079 5084 obedientiam
1109 5044 1385 5100 peregere,
1437 5030 1528 5098 qui
1559 5030 1782 5083 omnino
1818 5031 1871 5083 in
1908 5032 2161 5086 omnibus

595 5122 705 5176 Deo
732 5122 1002 5191 placuere.
1029 5121 1238 5187 Quibus
1275 5122 1494 5177 accensi
1543 5136 1642 5175 nos
1671 5136 1910 5190 quoque,
1941 5125 2161 5176 aeternis

594 5213 753 5268 bonis
779 5214 1042 5278 fruamur,
1085 5229 1180 5283 per
1205 5213 1483 5268 Christum
1514 5212 1697 5268 Jesum
1743 5214 2026 5268 Dominum
2069 5230 2162 5267 no-

595 5313 794 5367 strum,
830 5303 916 5357 cui
941 5303 1105 5373 gloria
1131 5313 1184 5358 et
1223 5305 1533 5373 imperium,
1574 5323 1696 5361 cum
1728 5307 1909 5370 Patre,
1951 5322 2012 5360 ac
2037 5321 2162 5358 san-

592 5404 683 5449 cto
708 5393 932 5463 Spiritu,
963 5410 1104 5449 nunc
1135 5404 1188 5450 et
1211 5411 1443 5466 semper,
1476 5397 1528 5451 in
1556 5412 1879 5466 omnemque
1898 5396 2162 5466 perpetui-

595 5494 781 5541 tatem.
810 5483 1001 5538 Amen.

668 5711 714 5742 ⁸³
753 5708 941 5764 Matth.
978 5727 1032 5779 ι,
1065 5712 1153 5768 42.
1231 5715 1273 5747 ⁸⁸
1306 5714 1472 5785 Apoc.
1502 5732 1540 5779 ι,
1572 5716 1623 5768 7.

2259 4573 2354 4640 qui
2388 4575 2509 4625 vitae
2556 4573 2644 4626 hic
2679 4571 3016 4625 curriculum
3047 4571 3222 4625 victor
3256 4574 3533 4634 decurrat,
3568 4574 3747 4630 virilis
3783 4579 3835 4629 in

2259 4665 2447 4733 primis
2497 4673 2550 4718 et
2581 4667 2963 4732 magnanimus
2993 4666 3065 4719 sit
3098 4667 3348 4733 oportet?
3372 4665 3560 4735 Itaque
3598 4676 3834 4731 stemus,

2262 4757 2469 4821 hortor,
2503 4756 2770 4821 animose,
2826 4758 2916 4825 qui
2955 4757 3196 4825 quotidie
3248 4757 3440 4826 vigiles
3492 4760 3836 4815 excubemns

2263 4849 2510 4902 traducto
2541 4849 2594 4902 in
2643 4849 2818 4903 solum
2858 4848 3024 4903 Deum
3063 4849 3353 4913 desiderio,
3399 4850 3454 4904 in
3492 4866 3671 4921 eoque
3703 4869 3836 4908 con-

2260 4942 2567 5011 templando
2622 4941 2806 5007 deﬁxi,
2850 4942 3161 5012 lacrymosi,
3209 4941 3337 4995 tacti
3379 4947 3835 5011 compunctione,

2258 5035 2511 5103 precibus
2534 5033 2799 5102 supplicio
2818 5032 3164 5096 reluctantes,
3184 5034 3367 5102 itaque
3395 5035 3565 5088 sancti
3596 5037 3838 5104 Spiritus

2260 5127 2486 5194 gratiam
2512 5126 2791 5187 ducentes,
2821 5125 2968 5177 nulla
3009 5126 3157 5180 enim
3193 5141 3253 5180 re
3280 5134 3564 5193 tantOpere
3594 5127 3837 5182 delecta-

2262 5227 2348 5269 tur
2377 5216 2538 5279 Deus,
2577 5234 2640 5270 ac
2671 5225 2850 5270 mente
2897 5233 2926 5271 a
2958 5217 3106 5272 vitiis
3138 5232 3296 5286 Pura.
3334 5233 3432 5270 nec
3475 5226 3584 5270 tam
3630 5219 3835 5273 odora-

2269 5315 2378 5357 tum
2430 5304 2634 5358 redolet
2668 5316 2908 5373 pratum,
2944 5321 3108 5374 quam
3139 5307 3354 5359 animus
3391 5307 3690 5363 virtutibus
3723 5309 3833 5362 fra-

2268 5410 2452 5462 grans.
2497 5393 2590 5446 Sin
2648 5396 2846 5450 accidit
2879 5397 3196 5462 dormitare,
3227 5407 3282 5450 at
3331 5396 3707 5465 evigilandum
3757 5410 3837 5453 est

2271 5488 2692 5557 quamprimum,
2719 5501 2782 5543 ac
2830 5489 2872 5543 si
2904 5490 2984 5543 vel
3030 5488 3228 5559 septies
3274 5489 3326 5544 in
3369 5490 3511 5546 diem
3546 5492 3837 5548 admittere

1701 5717 1747 5748 ⁷ο
1783 5715 1800 5768 l
1835 5715 1963 5770 Cor.
1999 5731 2090 5781 vn,
2132 5714 2222 5780 26,
2259 5715 2351 5768 51.
