4000 6306
186 402 286 463 653

1370 397 1766 459 SERMONES
1823 396 2336 457 CATECHETICI.

3306 384 3413 450 654

187 513 484 578 contingat,
511 511 712 579 septies
738 507 1190 578 resipiscendum,
1222 523 1330 576 quo
1360 508 1522 572 facto,
1557 507 1752 562 admit-
1781 513 1827 568 Α
1863 506 2065 560 bonum
2097 517 2198 574 est,
2230 523 2336 578 qua
2386 522 2576 577 parvo,
2614 521 2719 575 qua
2752 519 2968 575 magno,
3021 518 3129 573 qua
3177 502 3410 563 erudito,

189 615 365 656 tamur
393 620 408 669 ;
439 602 484 655 si
511 602 594 655 vel
623 594 930 670 septuagies
960 601 1159 668 septies
1187 600 1237 653 id
1271 600 1559 669 patiamur,
1589 600 1751 653 toties

189 693 496 748 adhibenda
551 693 892 762 poenitentia,
949 708 1046 747 nec
1098 707 1192 760 spe
1238 691 1648 754 frustrabimur,
1691 696 1752 743 ut

187 788 434 840 divinum
479 786 582 841 fert
629 787 1002 856 promissum;
1045 795 1252 858 tantum
1286 786 1627 848 insistamus,
1656 797 1751 836 co-

191 879 400 942 hortor,
438 892 546 931 neu
578 877 990 940 defetiscamur,
1023 877 1152 945 quin
1184 892 1214 929 a
1253 874 1495 944 lapsibus
1525 889 1628 927 nos
1664 889 1752 926 re-

189 984 469 1024 vocamus.
498 968 621 1023 Jam
661 970 784 1023 linis
819 968 1066 1023 imminet
1109 967 1490 1030 certaminum,
1526 964 1753 1034 propin-

189 1071 357 1132 quant
387 1063 667 1132 gaudium,
697 1074 751 1117 et
795 1061 1125 1131 triumphus,
1171 1075 1234 1113 ac
1262 1073 1479 1114 coronae
1507 1057 1752 1128 probita-

192 1156 281 1220 tis,
316 1171 456 1225 quas
483 1164 536 1208 et
564 1154 825 1223 consequi
853 1168 1159 1206 mereamur
1183 1150 1397 1206 Domini
1427 1151 1598 1206 nostri
1624 1149 1750 1205 Je’su

189 1244 392 1299 Christi
438 1245 760 1316 liberalitate
813 1255 978 1312 atque
1025 1244 1288 1298 beneficio
1322 1243 1446 1298 :cui
1500 1243 1670 1313 gloria
1701 1252 1755 1298 et

189 1337 478 1402 imperium
527 1352 652 1390 cum
690 1335 865 1402 Patre,
903 1351 966 1390 ac
1004 1347 1196 1390 sancto
1241 1337 1468 1404 Spiritu,
1517 1351 1660 1389 nunc
1700 1343 1755 1390 et

189 1442 423 1496 semper,
455 1428 509 1480 in
540 1442 869 1496 omnemque
893 1427 1329 1497 perpetuitatem.
1360 1414 1548 1481 Amen.

755 1534 990 1591 SERMO
1030 1536 1193 1592 CXII.

301 1627 377 1681 De
409 1624 649 1697 supremo
680 1627 792 1689 die,
826 1636 872 1680 et
921 1628 1141 1697 adventu
1168 1628 1391 1679 illustris
1429 1625 1541 1691 Dei,
1588 1641 1650 1679 ac

609 1696 901 1751 Servatoris
938 1696 1064 1749 Jesu
1102 1696 1322 1751 Christi.

255 1788 479 1844 Fratres
534 1789 868 1856 Patresque,
921 1801 1046 1840 cum
1129 1796 1424 1856 angustum
1472 1789 1753 1859 ingenium

189 1898 370 1937 meum
409 1889 464 1934 et
493 1882 648 1935 exilis
681 1879 950 1949 loquendo
982 1878 1164 1949 lingua
1196 1891 1301 1944 est,
1348 1888 1462 1935 tum
1509 1883 1750 1938 necessi-

189 1983 294 2027 tate
325 1972 582 2041 equidem
619 1981 806 2039 satago
833 1985 928 2023 vos
961 1969 1184 2038 alloqui.
1223 1969 1429 2039 Ecquid
1459 1981 1546 2027 est
1569 1983 1748 2027 autem

191 2060 544 2115 necessitas?
606 2057 946 2128 praefecturae
1004 2057 1306 2127 judicium,
1364 2074 1605 2130 ergaque
1655 2076 1752 2116 vos

189 2152 399 2206 amoris
448 2150 731 2212 debitum,
790 2148 983 2215 partim
1025 2150 1236 2204 ratione
1290 2165 1389 2219 pro
1440 2151 1594 2206 vobis
1641 2151 1753 2207 Deo

192 2246 466 2299 reddenda
492 2243 597 2296 sub
626 2241 820 2310 judicii
859 2249 1076 2309 tempus
1108 2241 1162 2294 in
1191 2257 1300 2310 quo
1341 2252 1395 2299 et
1432 2246 1752 2314 praetrepido

195 2335 461 2398 misellus,
514 2331 712 2401 partim
748 2331 892 2384 bono
927 2341 1141 2400 pastore
1182 2332 1328 2386 haud
1361 2336 1521 2388 verba
1553 2337 1751 2401 solum,

190 2429 316 2498 quin
349 2427 516 2479 vitam
541 2439 639 2494 pro
676 2424 872 2477 ovibus
905 2424 1266 2493 impendente.
1295 2425 1504 2494 Itaque,
1534 2426 1752 2493 fratres,

191 2521 398 2582 adeste,
435 2517 582 2588 quod
611 2515 744 2570 felix
778 2515 1134 2586 faustumque
1167 2518 1260 2580 sit,
1297 2517 1477 2577 foedus
1508 2533 1672 2588 porro
1700 2519 1753 2572 in

189 2625 510 2679 supremum
565 2609 713 2663 diem
760 2610 1124 2678 paciscamur,
1165 2609 1582 2663 reconciliemur
1633 2610 1746 2664 Deo

191 2704 517 2771 priusquam
550 2700 916 2768 implacabilis
959 2701 1151 2759 mortis
1182 2701 1435 2754 adventet
1464 2702 1596 2755 hora
1619 2740 1634 2767 ,
1678 2701 1756 2755 si-

191 2796 410 2862 quidem
466 2799 648 2846 exstat
705 2793 818 2845 hate
855 2791 1124 2845 sententia
1158 2806 1170 2842 :
1203 2787 1324 2850 Non
1364 2801 1443 2844 est
1489 2791 1542 2843 in
1593 2803 1756 2845 morte

188 2888 273 2954 qui
305 2903 509 2939 memor
539 2888 606 2938 sit
636 2886 817 2949 tui,.in
849 2883 1052 2951 inferno
1083 2892 1256 2936 autem
1278 2885 1393 2952 quis
1427 2884 1757 2950 conﬁtebitur

191 2981 279 3032 tibi
307 2980 395 3032 "?
428 2978 548 3032 Non
608 2977 806 3030 fratres
859 2974 1099 3045 quotidie
1130 2974 1245 3045 rapi
1295 2975 1606 3029 cernimus?
1646 2990 1755 3029 non

189 3072 435 3126 videmus
477 3069 942 3140 quemadmodum
991 3077 1050 3120 ut
1086 3081 1221 3120 oves
1267 3065 1531 3120 habemur
1569 3067 1634 3119 ad
1676 3067 1757 3119 la-

1852 614 1960 666 qua
2010 600 2324 668 proletario,
2365 615 2472 670 qua
2505 599 2644 662 seni,
2696 613 2804 666 qua
2841 597 3031 666 juveni
3069 596 3195 660 ;sin
3230 611 3412 661 secus,

1852 690 1906 744 in
1955 690 2231 744 caelestem
2267 691 2566 745 thalamum
2625 704 2733 742 non
2770 689 3028 743 admissis
3071 687 3216 742 fores
3251 688 3417 741 herus

1853 781 2150 850 praecludet
2177 799 2190 836 :
2233 781 2340 844 Vte,
2361 781 2561 850 inquit,
2585 780 2784 833 homini
2812 779 2913 843 illi,
2946 794 3036 847 per
3063 795 3215 848 quem
3237 777 3415 832 Filius

1853 871 2076 923 hominis
2105 871 2378 934 tradetur;
2405 870 2594 923 bonum
2623 880 2734 922 erat
2775 869 2822 922 ei
2843 869 2889 921 si
2922 877 3077 921 natus
3112 883 3211 921 non
3234 867 3418 936 [uisset

1853 960 2008 1014 homo
2043 959 2131 1014 ille
2154 962 2219 1014 ⁷⁴.
2257 960 2440 1029 Neque
2472 961 2696 1014 dubium
2734 971 2819 1014 est
2864 959 2998 1029 quin
3033 956 3100 1012 de
3141 956 3417 1028 proditore

1855 1052 2128 1120 loquatur,
2166 1051 2268 1106 etsi
2301 1051 2446 1105 haud
2487 1052 2586 1105 abs
2625 1066 2684 1105 re
2719 1058 2772 1104 et
2811 1050 2864 1104 in
2896 1046 3147 1117 quemvis
3181 1047 3414 1112 dicatur,

1855 1144 1951 1213 qui
1981 1144 2212 1198 salutem
2247 1158 2402 1197 suam
2436 1143 2649 1213 prodat.
2698 1140 2815 1196 Non
2867 1143 3158 1195 adventum
3189 1148 3416 1209 reputa-

1855 1254 1978 1295 mus
2013 1239 2246 1294 illustris
2279 1239 2396 1304 Dei,
2428 1253 2493 1294 ac
2521 1237 2832 1293 Servatoris
2875 1233 3006 1292 Jesu
3041 1235 3282 1291 Christi?
3308 1249 3418 1288 non

1859 1330 2035 1400 ignem
2067 1330 2484 1391 inexstinctum,
2522 1338 2835 1398 aeternaque
2863 1337 3158 1393 tormenta,
3192 1336 3248 1381 et
3277 1325 3421 1380 into-

1853 1421 2076 1475 leranda
2101 1421 2467 1475 revolvimus?
2488 1419 2531 1475 Ο
2558 1421 2650 1490 qui
2685 1421 2799 1474 haec
2832 1421 3119 1490 intelligat,
3149 1415 3422 1488 quasique

1853 1513 2031 1568 solers
2056 1514 2395 1580 gubernator
2426 1518 2610 1585 seipse
2646 1514 2938 1585 gubernet,
2988 1515 3421 1581 immersamque

1855 1607 2024 1661 animi
2075 1620 2312 1664 mentem
2345 1613 2414 1664 al)
2459 1610 2722 1682 improbis
2770 1610 3053 1680 spiritibus
3094 1602 3412 1663 conservet!

1857 1697 1988 1764 Nos,
2025 1714 2110 1755 me
2140 1699 2390 1769 Hercule,
2422 1704 2516 1771 qui
2551 1703 2926 1772 tranquillam,
2970 1710 3021 1755 et
3052 1700 3317 1770 quietam,
3352 1711 3419 1753 ac

1857 1793 2218 1860 compositam
2289 1791 2492 1847 Christi
2547 1793 2811 1848 beneficio
2866 1792 3033 1846 vitam
3109 1790 3415 1860 coepimus,

1856 1882 2036 1935 adhuc
2076 1897 2336 1952 prospere
2383 1884 2673 1947 vehamur,
2725 1883 2905 1938 adhuc
2941 1881 3049 1936 laeti
3099 1889 3294 1936 cuncta
3324 1895 3420 1949 pa-

1854 1974 2078 2037 tiamur,
2122 1973 2352 2044 singulis
2406 1975 2722 2029 muniendis
2772 1975 2960 2028 divino
3001 1974 3200 2027 timore
3249 1986 3420 2026 mem-

1854 2064 1992 2120 bris.
2023 2065 2192 2136 Igitur
2225 2066 2420 2121 oculus
2452 2069 2672 2121 curiose
2691 2066 2854 2128 ,tueri
2890 2065 3223 2134 prohibetor,
3266 2062 3420 2118 auris

1855 2158 2046 2209 inanes
2078 2155 2288 2212 fabulas
2321 2172 2389 2211 ne
2436 2156 2727 2221 admittito,
2777 2155 2964 2225 lingua
3008 2155 3294 2208 detrahere
3323 2169 3417 2209 ve-

1856 2253 2003 2298 tator
2036 2245 2344 2315 (siquidem
2385 2247 2462 2301 ait
2509 2262 2522 2300 :
2572 2245 2676 2312 Qui
2711 2247 2936 2300 detrahit
2973 2247 3130 2315 fratri
3166 2262 3282 2311 suo,
3325 2254 3419 2299 aut

1848 2336 2174 2413 ‘quijudicat
2211 2338 2430 2407 fratrem
2473 2355 2652 2402 suum,
2698 2339 2930 2394 detrahit
2977 2341 3097 2410 legi,
3135 2349 3184 2393 et
3208 2339 3420 2409 judicat

1854 2423 2015 2494 legem
2041 2427 2148 2496 ⁷⁵),
2205 2443 2400 2482 manus
2446 2442 2546 2497 pro
2596 2430 2743 2484 virili
2792 2440 3080 2499 operator,
3131 2441 3418 2499 postquam

1853 2516 2091 2570 otiosum
2142 2533 2243 2573 nec
2277 2533 2524 2574 comesse
2567 2520 2864 2590 apostolica
2923 2520 3192 2575 sententia
3236 2531 3324 2576 est
3350 2521 3418 2584 ⁷⁸,

1854 2606 2018 2674 pedes
2056 2607 2112 2660 in
2147 2607 2291 2662 viam
2324 2609 2475 2679 pacis
2501 2610 2830 2679 diriguntor,
2857 2611 3076 2666 animus
3111 2611 3180 2665 ad
3217 2625 3420 2680 pravos

1856 2713 2142 2757 sermones
2172 2718 2243 2757 ne
2284 2704 2589 2770 declinato,
2636 2721 2742 2760 neu
2780 2707 2835 2760 in
2869 2705 3093 2777 ﬂagitiis
3122 2716 3423 2776 praetextus

1856 2800 2126 2860 captator,
2162 2795 2253 2855 sed
2286 2804 2488 2850 ornate
2509 2797 2696 2852 omnia
2742 2799 3105 2867 decenterque
3138 2807 3418 2867 geruntor,

1855 2898 1964 2952 quo
2019 2887 2236 2956 egregie
2286 2897 2481 2943 cuncta
2534 2891 2797 2946 obeuntes
2852 2890 2995 2945 bona
3053 2890 3421 2959 adipiscamur

1870 2984 2073 3030 aeterna
2111 2995 2122 3031 :
2161 2994 2255 3048 per
2283 2978 2563 3036 Christum
2590 2981 2774 3038 Iesum
2808 2981 3095 3036 Dominum
3127 2991 3377 3036 nostrqu
3405 2995 3418 3031 :

1859 3065 1944 3119 cui
1976 3066 2147 3135 gloria
2182 3077 2238 3121 et
2274 3068 2565 3138 imperium
2601 3086 2724 3126 cum
2758 3070 2936 3137 Patre,
2969 3086 3033 3126 ac
3066 3077 3257 3126 sancto
3294 3070 3422 3139 Spi-

182 3167 404 3219 'nienam
439 3168 798 3232 comparatae,
845 3157 1008 3210 hodie
1043 3156 1367 3221 incolumes,
1415 3171 1535 3210 cras
1581 3155 1754 3209 nulli?
1781 3169 1822 3227 α
1856 3156 1987 3221 ritu,
2037 3172 2184 3213 nunc
2260 3170 2311 3214 et
2344 3176 2578 3231 semper,
2632 3163 2683 3215 in
2721 3177 3047 3232 omnemque
3087 3161 3422 3232 perpetuita-

190 3261 264 3311 En
299 3265 627 3324 assumptus
660 3258 829 3307 estet
869 3248 959 3304 Fr.
1003 3247 1270 3313 Liberius,
1319 3249 1498 3317 cujus,
1539 3248 1753 3302 medius

189 3352 369 3416 lidius,
403 3365 560 3404 mors
591 3345 865 3418 percussit
893 3344 1158 3407 animum,
1195 3343 1422 3404 inventi,
1468 3353 1525 3395 ut
1575 3343 1753 3404 aiunt,

189 3454 411 3513 repente
445 3442 500 3493 in
529 3439 669 3494 cella
696 3436 1011 3505 exsanguis,
1039 3435 1092 3488 in
1126 3436 1268 3489 latus
1286 3434 1547 3504 jacentis,
1574 3434 1756 3502 specie

188 3533 486 3604 consopiti.
521 3531 697 3601 Atque
731 3531 820 3584 hic
851 3529 902 3583 ei
934 3527 1088 3593 linis;
1129 3535 1312 3582 noster
1352 3527 1445 3594 qui
1495 3539 1755 3579 cessurus

188 3626 256 3679 sit
292 3624 582 3679 nescimus
615 3635 794 3691 quave
826 3628 1001 3673 morte
1035 3618 1206 3672 simus
1235 3615 1546 3670 defuncturi
1601 3615 1754 3683 igno-

187 3733 369 3772 ramus
403 3734 417 3770 :
447 3730 577 3769 nam
613 3713 807 3782 ecquid
862 3711 1077 3773 subito,
1129 3725 1196 3763 an
1247 3709 1572 3777 aegritudine
1611 3723 1752 3777 prte-

187 3808 362 3877 cepti?
399 3821 540 3861 num
574 3804 628 3857 in
665 3805 836 3867 sicco,
880 3819 947 3855 an
983 3803 1035 3854 in
1068 3801 1320 3869 liquido?
1356 3817 1484 3854 num
1521 3801 1647 3864 soli,
1681 3814 1750 3853 an

190 3899 455 3953 fratribus
486 3893 706 3964 juncti?
758 3892 1050 3949 Enimvero
1081 3893 1206 3960 quis
1237 3889 1332 3944 Dei
1365 3899 1597 3944 utentem
1634 3906 1756 3958 per-

188 3996 379 4063 spexit,
403 4003 505 4047 aut
524 3991 573 4045 ei
606 4005 636 4044 a
667 3986 912 4042 consiliis
937 3984 1060 4052 fuit,
1088 3986 1182 4055 qui
1208 3987 1371 4048 diem,
1398 3986 1612 4051 horam,
1638 3999 1756 4039 mo-

187 4089 337 4156 dum,
364 4089 552 4142 locum
581 4083 665 4140 sui
711 4087 888 4136 teneat
911 4079 1032 4134 linis
1063 4079 1168 4135 ?ut
1199 4079 1288 4150 pol
1328 4077 1588 4133 terribilis
1631 4093 1757 4132 sen-

191 4178 351 4231 tentia
382 4178 459 4233 sit
495 4176 714 4240 mortis,
751 4181 806 4227 et
848 4171 1184 4225 horrendum
1217 4171 1270 4222 in
1307 4169 1631 4222 immortalis
1664 4167 1756 4220 Dei

191 4286 382 4324 manus
414 4268 688 4330 incidere,
725 4279 824 4318 nec
852 4262 1058 4332 possim
1085 4275 1189 4313 non
1220 4257 1497 4313 cohortari
1526 4267 1582 4310 ut
1608 4257 1754 4310 solli-

191 4359 317 4423 citi,
379 4355 699 4422 intentique
737 4366 970 4418 semper,
1017 4349 1198 4403 divina
1240 4358 1558 4403 tractemus.
1590 4346 1760 4413 Qua:-

192 4463 388 4504 storem
430 4449 528 4501 ille
558 4445 691 4513 egit,
737 4443 953 4511 inquit,
989 4441 1092 4496 sub
1135 4440 1226 4493 tali
1259 4441 1611 4509 imperatore,
1669 4440 1757 4495 hic

191 4545 503 4610 dynastatn,
539 4537 683 4588 alius
713 4547 868 4601 opes,
901 4531 1042 4585 alius
1089 4545 1312 4598 regnum
1369 4530 1634 4598 quaesivit.
1692 4529 1756 4584 Et

191 4633 452 4701 quantula
484 4632 627 4693 haec,
653 4626 836 4688 sodes,
872 4640 993 4693 quae
1020 4623 1222 4676 somnii
1257 4621 1515 4674 labantur
1548 4624 1757 4675 instar?

192 4723 532 4777 Dormierunt
561 4733 804 4773 somnum
845 4731 1021 4778 suum,
1055 4724 1103 4768 et
1138 4711 1270 4765 nihil
1299 4714 1604 4766 invenerunt
1643 4730 1756 4766 ont-

191 4829 271 4866 ues
304 4814 403 4867 viri
432 4811 753 4864 diuitiarum
782 4806 837 4857 iu
865 4803 1106 4856 manibus
1140 4803 1249 4854 suis
1276 4801 1342 4854 ⁷³.
1375 4801 1758 4871 Omnisgloria

192 4907 406 4959 hominis
433 4914 695 4970 tanquam
719 4897 818 4965 ﬂos
843 4896 948 4965 feni
971 4894 1036 4946 ".
1067 4894 1345 4959 Quaestum
1369 4894 1584 4960 quidem
1612 4905 1758 4948 certe

191 5001 448 5064 optimum
487 4994 674 5048 fecere
708 4990 800 5043 Dei
832 4989 1012 5051 electi,
1041 4988 1214 5058 partis
1249 4987 1606 5055 dignitatibus
1636 5001 1758 5055 per-

192 5088 380 5155 petuis.
415 5080 810 5152 Quibusnam?
839 5080 941 5133 Alii
975 5078 1371 5148 apostolorum,
1411 5077 1502 5129 alii
1550 5086 1754 5140 vatum,

191 5177 275 5230 alii
333 5186 689 5246 martyrum,
749 5169 840 5223 alii
905 5177 1252 5231 sanctorum,
1304 5166 1397 5221 alii
1448 5167 1755 5235 quamlibet

191 5278 483 5335 postrema,
528 5274 588 5319 at
629 5262 909 5318 salvorum
952 5271 1155 5325 tamen,
1192 5274 1424 5331 quorum
1464 5260 1655 5312 insunt
1700 5259 1752 5311 in

192 5361 307 5414 vitae
339 5361 482 5415 libro
519 5355 772 5416 nomina,
802 5353 1130 5407 iuexstincta
1161 5353 1332 5422 gloria
1353 5359 1460 5417 est,
1483 5359 1536 5404 et
1565 5348 1754 5403 inelfa-

193 5453 310 5507 bilis
342 5450 688 5518 triumphus.
746 5444 860 5499 Hos
897 5446 1173 5499 imitemur
1207 5444 1430 5510 fratres,
1480 5450 1534 5496 et
1587 5455 1752 5494 unam

193 5546 472 5599 minimum
523 5541 852 5608 dignitatem
901 5538 1171 5601 ineamus,
1201 5547 1492 5606 postquam
1533 5547 1633 5586 nec
1672 5531 1755 5583 itt-

193 5636 395 5690 videtur
450 5631 828 5692 benelicium,
882 5638 936 5681 et
990 5629 1185 5682 volenti
1236 5627 1409 5682 cuivis
1445 5623 1751 5694 expositum

261 5747 297 5782 ⁷⁸
335 5750 479 5805 Psal.
513 5764 595 5808 vr,
628 5747 681 5799 6.
763 5743 806 5773 ⁷¹
847 5740 989 5795 Psal.
1026 5755 1181 5802 Lxxv,
1218 5739 1270 5791 6.
1347 5738 1390 5768 ⁷³
1433 5739 1533 5791 Isa.
1573 5750 1658 5798 XL,
1695 5735 1745 5790 6.

195 5833 267 5883 ιιι,
314 5821 394 5876 l0.
474 5823 516 5852 ⁷⁷
562 5817 733 5871 Hebr.
774 5813 938 5876 XI,-(i.
1017 5811 1060 5841 ⁷⁸
1103 5809 1243 5863 l’sul.
1290 5825 1475 5874 XLVIII,
1513 5808 1597 5859 15.

1857 3257 1985 3301 tem.
2015 3247 2210 3304 Amen.

2410 3344 2639 3400 SERMO
2675 3344 2856 3401 CXIII.

2133 3431 2206 3485 De
2243 3433 2369 3501 ﬁde,
2405 3444 2453 3488 et
2487 3450 2683 3498 amore,
2725 3452 2786 3489 ac
2819 3434 3136 3506 virginitate.

1927 3525 2143 3581 Fratres
2184 3525 2504 3597 Patresque,
2533 3529 2639 3584 duo
2667 3539 2797 3585 sunt
2817 3546 2936 3599 quae
2956 3531 3163 3586 homini
3189 3533 3419 3589 salutem

1856 3627 2129 3685 quaerunt,
2166 3617 2300 3672 fides
2355 3630 2408 3673 et
2437 3634 2612 3674 amor.
2646 3618 2756 3677 Vos
2786 3623 3004 3692 quidem
3045 3625 3092 3680 si
3135 3639 3321 3680 errare
3362 3627 3416 3680 in

1857 3707 1961 3760 lide
1994 3720 2295 3770 cernerem,
2329 3709 2416 3778 pol
2447 3709 2514 3763 de
2550 3726 2612 3764 ea
2662 3725 2898 3766 sererem
2931 3714 3115 3778 verba,
3164 3730 3420 3784 operam-

1855 3813 1958 3866 que
1975 3798 2158 3853 darem
2191 3801 2282 3870 qui
2309 3814 2403 3854 vos
2433 3799 2485 3853 in
2518 3801 2878 3855 orthodoxam
2897 3803 3220 3858 sententiam
3258 3807 3417 3860 resti—

1858 3898 2061 3941 tuerem
2096 3907 2109 3943 :
2140 3905 2265 3942 nam
2294 3908 2306 3941 :
2329 3887 2453 3943 Siue
2471 3891 2574 3956 ﬁde
2603 3892 2925 3960 impossibile
2951 3904 3027 3946 est
3049 3893 3254 3960 placere
3277 3895 3381 3949 Deo
3401 3910 3420 3948 :

1857 3977 2067 4031 credere
2103 3979 2240 4031 enim
2265 3989 2464 4047 oportet
2494 3981 2819 4034 accedentem
2854 3984 2924 4034 ad
2954 3981 3137 4044 Deum,
3167 3984 3291 4051 quia
3316 3987 3416 4044 est,

1856 4081 1903 4122 et
1935 4070 2316 4139 inquirentibus
2351 4083 2404 4124 se
2441 4083 2800 4126 remunerator
2846 4084 2919 4126 est
2947 4069 3006 4126 ⁷⁷.
3058 4073 3162 4127 Sed
3218 4089 3342 4128 cum
3386 4094 3416 4130 a

1860 4162 2200 4227 lide,Cbristi
2237 4165 2525 4228 bcnelicio,
2548 4165 2792 4230 valeatis,
2817 4181 2924 4234 qua
2956 4164 3197 4230 subnixi,
3224 4167 3421 4222 divinae

1859 4271 1952 4324 spe
1977 4255 2162 4325 glorias
2199 4255 2565 4325 triumphalis,
2606 4272 2704 4327 age
2736 4256 2839 4312 hac
2867 4258 3073 4312 omissa
3099 4256 3165 4312 de
3203 4259 3419 4313 actione

1859 4348 2097 4403 breviter
2146 4349 2509 4404 disseramus.
2564 4348 2732 4418 Igitur
2781 4351 2975 4405 hortor
3021 4365 3156 4416 vos,
3199 4349 3420 4417 fratres,

1860 4457 2006 4496 nunc
2036 4456 2279 4512 quoque,
2333 4451 2391 4496 ut
2424 4443 2558 4496 alias
2593 4457 2830 4513 semper,
2877 4452 3128 4497 accurate
3173 4445 3416 4498 studium

1860 4535 2013 4588 obire
2070 4534 2472 4595 monasticum,
2527 4534 2691 4586 animi
2739 4534 2918 4588 sensis
2967 4534 3121 4601 quasi
3175 4534 3415 4601 quodam

1856 4624 2313 4693 modimperatore
2346 4625 2598 4693 praefecto
2619 4662 2633 4686 ,
2673 4625 2944 4679 sollicitos
2974 4624 3041 4679 de
3076 4624 3413 4694 virginitate,

1856 4731 1914 4770 re
1943 4716 2142 4785 oppido
2170 4730 2334 4785 quam
2377 4713 2638 4784 pretiosa,
2686 4731 2850 4786 quam
2891 4731 3014 4771 cum
3058 4718 3290 4786 amplexi
3322 4717 3411 4771 Dei

1858 4807 2233 4861 misericordia
2274 4822 2500 4869 sumus,
2553 4815 2667 4860 tum
2720 4824 2782 4862 ea
2829 4807 3188 4876 expugnanda
3237 4817 3411 4864 tentat

1858 4899 2116 4954 inimicus
2159 4899 2310 4953 omni
2357 4898 2628 4954 industria
2661 4901 2756 4968 qui
2808 4901 2861 4953 in
2899 4899 3131 4954 salutem
3173 4911 3414 4956 nostram

1855 4999 2132 5058 grassetur
2161 5008 2172 5042 :
2200 5005 2377 5058 neque
2399 4990 2543 5042 enim
2571 4991 2745 5044 nescit
2767 4991 2867 5044 hoc
2894 4989 3133 5044 facinore
3162 4993 3416 5045 obeundo

1854 5081 1949 5135 Dei
1984 5097 2083 5135 nos
2123 5082 2381 5149 quiddam
2419 5080 2593 5134 instar
2621 5080 2839 5145 habere,
2865 5090 2922 5134 ut
2956 5081 3199 5150 ejusdem
3227 5092 3412 5136 contra

1849 5174 2062 5242 jactura
2087 5189 2208 5228 cum
2233 5173 2497 5241 jumentis
2525 5186 2908 5241 comparemur
2936 5189 2948 5226 :
2980 5173 3244 5241 siquidem
3275 5175 3413 5227 scri-

1853 5275 2001 5331 ptum
2030 5273 2112 5316 est
2144 5281 2157 5316 :
2197 5260 2366 5314 Homo
2384 5277 2500 5313 cum
2526 5262 2579 5314 in
2603 5263 2792 5315 honore
2817 5273 2970 5328 esset,
2995 5278 3097 5316 non
3126 5264 3413 5315 intellexit:

1857 5364 2187 5422 comparatus
2237 5364 2315 5406 est
2359 5353 2617 5418 jumentis
2673 5353 3062 5420 insipientibus,
3120 5363 3168 5406 et
3223 5354 3415 5407 similis

1860 5447 2031 5511 factus
2069 5455 2140 5498 est
2192 5445 2295 5497 illis
2320 5444 2384 5495 ⁷⁸.
2434 5441 2477 5497 Ο
2526 5455 2657 5513 quot
2689 5455 2962 5499 veterator
2995 5446 3048 5499 in
3105 5445 3255 5498 omni
3294 5460 3414 5498 me-

1861 5537 2033 5590 moria
2069 5537 2248 5590 carnis
2279 5534 2504 5589 libidine
2542 5536 2713 5604 cepit!
2748 5551 2879 5604 qum
2910 5538 3075 5590 instat
3096 5551 3241 5590 nunc
3283 5552 3416 5605 quu-

1863 5644 2001 5696 que,
2055 5635 2106 5681 ct
2156 5642 2312 5680 senes
2365 5626 2543 5695 juxta,
2600 5642 2663 5680 ac
2694 5628 2944 5697 juvenes,
2993 5643 3090 5683 nec
3142 5629 3417 5697 proiectos

1856 5742 1896 5771 τ’
1939 5742 2126 5794 Matth.
2163 5757 2306 5804 xxvi,
2341 5739 2428 5791 ‘24.
2541 5741 2582 5770 ⁷⁸
2623 5738 2738 5797 Jac.
2779 5756 2852 5804 tv,
2887 5741 2968 5794 Η.
3058 5743 3100 5771 ⁷⁸
3145 5743 3180 5793 Il
3215 5739 3409 5794 Thess.
