4000 6306
554 345 660 407 655

1761 327 1822 385 S.
1854 315 2244 382 THEODORI
2283 309 2627 373 STUDITIE

3692 289 3812 353 656

557 463 757 526 solum,
789 454 885 512 sed
917 453 1084 508 etiam
1115 453 1427 508 accuratos,
1453 439 1688 511 decepit,
1720 437 1776 491 in
1809 449 1970 490 omne
1995 447 2121 502 pro—
2151 440 2197 494 Α
2226 442 2390 498 quam
2421 441 2450 480 a
2485 425 2632 478 vitiis
2660 418 3029 490 tranquillitas
3055 430 3117 471 ac
3145 414 3393 470 libertas.
3424 410 3544 467 Non
3587 411 3810 464 Herum

558 524 852 624 pemodum
883 541 1162 614 caputhis
1192 553 1327 593 usus
1360 534 1551 590 armis.
1576 530 1733 599 Quod
1763 524 2118 583 architectari

557 619 753 713 incipit
782 649 1055 694 venenum
1112 631 1272 686 laedis
1321 625 1581 682 admissis
1621 619 1898 692 cogitatis,
1930 629 2126 670 accen—

557 709 789 799 sam-que
822 725 1026 787 carnis,
1063 729 1228 788 atque
1258 714 1548 786 sanguinis
1583 709 1860 766 desiderio
1887 713 2125 760 mentem

558 821 628 878 ad
678 815 986 885 eloquenda
1038 809 1246 865 nefaria
1299 812 1607 876 provocat:
1649 814 1760 871 qua
1801 812 1930 853 ausa
1962 809 2128 865 porro

560 927 658 968 seu
702 906 1018 978 proprium,
1070 916 1166 955 seu
1217 898 1454 952 alienum
1506 900 1743 947 tractare
1790 889 2128 951 membrum,

559 1013 792 1060 mortem
811 997 1000 1067 exigit,
1022 990 1322 1049 etabsolvit
1342 1007 1354 1042 :
1377 1003 1499 1042 nam
1519 1003 1532 1041 :
1550 982 1993 1051 Concupiscentia
2013 994 2130 1032 cum

563 1092 876 1161 conceperit,
898 1087 1096 1158 inquit,
1113 1101 1180 1154 pa
1190 1083 1255 1136 rit
1275 1088 1544 1149 peccatum
1563 1094 1581 1142 ,'
1598 1084 1868 1146 peccatum
1886 1087 2001 1126 vero
2015 1085 2133 1124 cum

563 1189 988 1241 consummatum
1012 1178 1197 1247 fuerit,
1223 1180 1433 1244 generat
1457 1178 1679 1224 mortem
1701 1168 1768 1222 τ’.
1801 1165 1976 1229 Quam
2010 1176 2132 1225 nos,

565 1277 798 1338 fratres,
836 1282 1094 1328 aeternam
1150 1275 1418 1329 mortem,
1464 1277 1528 1317 ac
1579 1261 1919 1330 deploratum
1965 1254 2132 1309 anitni

563 1363 822 1420 morbum
858 1360 1157 1429 fugiamus.
1212 1354 1510 1408 Enimvero
1542 1349 1741 1406 scabiei
1777 1347 1975 1402 similis
2001 1343 2136 1398 mihi

566 1455 798 1510 videtur.
824 1450 1012 1520 Itaque
1034 1447 1191 1519 quasi
1225 1447 1320 1516 qui
1351 1443 1589 1500 scabiem
1617 1439 1847 1495 defricat
1876 1436 2137 1492 oblectari

566 1547 805 1611 videtur,
838 1557 1016 1612 neque
1051 1540 1382 1599 oblectatur,
1413 1535 1547 1606 quin
1579 1534 1724 1588 serio
1759 1531 2059 1591 cruciatur,
2084 1536 2140 1581 et

567 1655 632 1695 eo
668 1638 861 1707 magis,
913 1649 1023 1705 quo
1068 1633 1191 1702 plus
1236 1628 1500 1694 defricet;
1548 1624 1615 1679 ad
1646 1623 1894 1679 eumdem
1920 1621 2136 1675 modum

568 1729 798 1786 libidine
824 1735 1017 1795 captus
1053 1724 1322 1784 dolorem,
1355 1734 1464 1773 non
1509 1719 1868 1786 voluptatem,
1920 1721 2137 1776 aestum,

569 1837 678 1875 non
706 1820 970 1890 quietem,
996 1829 1313 1876 maerorem,
1343 1825 1450 1865 non
1482 1809 1943 1864 oblectamentum
1969 1803 2136 1873 capit,

571 1912 944 1973 miserandus,
977 1921 1193 1977 exspes,
1245 1904 1530 1964 attonitus,
1560 1900 1653 1970 qui
1684 1899 1769 1953 vel
1801 1897 2021 1952 umbras
2049 1911 2142 1950 ex-

571 2007 846 2066 timescat,
885 2009 945 2054 ut
979 1998 1116 2054 nihil
1147 1997 1327 2051 dicam
1394 1994 1638 2046 futurum
1686 1989 1976 2058 judicium.
2045 1986 2147 2039 Ec-

572 2111 695 2166 qua:
739 2103 823 2148 est
874 2101 1056 2145 autem
1103 2087 1233 2142 mali
1279 2083 1453 2154 fuga?
1489 2089 1750 2136 constans
1797 2077 2032 2132 obnixus
2079 2074 2146 2128 ad

574 2188 878 2241 incursum.
909 2181 1053 2250 Ergo
1107 2187 1168 2233 ut
1218 2174 1422 2245 ingruit
1453 2173 1616 2242 (nam
1649 2170 1736 2240 pol
1771 2167 1973 2237 ingruit
2001 2208 2016 2233 ,
2053 2181 2148 2220 ne-

575 2291 684 2347 que
720 2275 942 2338 mirum,
979 2286 1076 2326 seu
1103 2269 1276 2324 animi
1313 2266 1665 2338 negligentia,
1704 2266 1989 2318 honestam
2019 2277 2146 2315 con-

575 2366 986 2437 templationem
1019 2377 1126 2415 non
1163 2359 1452 2421 habentis;
1500 2372 1597 2413 seu
1639 2355 1853 2409 inimici
1902 2352 2146 2422 invidia)

578 2457 854 2527 extemplo
903 2453 1128 2510 saucius
1182 2449 1533 2520 consurgito,
1583 2455 1860 2516 precator,
1925 2445 2149 2515 gemito,

578 2553 947 2623 lacrymator;
980 2555 1142 2614 atque
1170 2543 1224 2599 id
1255 2543 1520 2614 evestigio
1549 2539 1917 2599 dilabetur,tu
1953 2535 2008 2588 in
2044 2533 2150 2587 Do-

581 2644 732 2700 mino
758 2639 1119 2710 conquiesces
1147 2654 1161 2691 :
1191 2635 1328 2690 nihil
1350 2644 1435 2689 est
1462 2634 1608 2688 enim
1635 2643 1744 2686 tam
1775 2629 1956 2684 animo
1983 2640 2151 2682 suave

1142 2773 1377 2832 SERMO
1413 2770 1600 2828 CXIV.

621 2872 696 2927 De
723 2871 1020 2924 monastica
1049 2869 1179 2930 uita,
1209 2865 1500 2933 obnixuque
1527 2863 1581 2915 in
1606 2861 1790 2914 heresi
1835 2870 2111 2927 praesente.

657 3025 879 3080 Fratres
931 3021 1252 3091 Patresque,
1297 3018 1546 3089 equidem
1585 3015 1727 3071 haud
1759 3031 1856 3070 vos
1895 3013 2151 3068 absistam

2227 520 2483 575 audimus
2505 512 2813 570 dicentem?
2851 511 3036 566 Omnis
3060 510 3152 578 qui
3174 509 3304 580 facit
3321 515 3592 574 peccatum
3617 519 3811 557 sema

2227 622 2304 667 est
2356 611 2557 682 peccati
2588 627 2604 662 :
2635 623 2808 662 servus
2863 613 3037 658 autem
3091 618 3194 656 non
3241 609 3417 654 manet
3457 600 3516 652 in
3548 597 3707 650 domo
3749 598 3812 649 in

2229 715 2508 766 aeternum,
2539 700 2682 769 ﬁlius
2717 705 2890 750 ntanet
2922 696 2979 748 in
3015 703 3266 747 internum
3295 690 3364 744 ".
3395 691 3506 758 Age
3539 700 3672 740 vero
3700 682 3810 753 qui

2229 791 2445 847 liberati
2472 805 2502 844 a
2528 797 2756 859 peccato
2788 787 2853 840 ad
2890 783 3241 854 adoptionem
3275 777 3634 838 evaserimus,
3672 791 3814 829 rur-

2230 898 2352 940 sum
2401 891 2625 952 peccato
2675 875 3089 948 mancipemur?
3125 873 3217 944 qui
3270 871 3372 926 sub
3409 876 3813 939 praepotentem

2233 975 2328 1029 Dei
2384 987 2608 1027 manum
2696 968 3140 1026 conveneritnus,
3195 961 3540 1038 ftedus‘cum
3583 958 3818 1013 diabolo

2232 1063 2628 1137 paciscamur?
2671 1061 2892 1116 Minime
2931 1059 3199 1130 gentium.
3265 1053 3327 1110 Si
3367 1054 3507 1108 enim
3557 1066 3674 1122 quae
3713 1050 3819 1103 de-

2234 1157 2442 1211 struxit
2477 1156 2671 1208 iterum
2703 1154 2810 1208 haec
2843 1152 3070 1221 wdiﬁco,
3113 1150 3190 1203 ait
3221 1146 3462 1218 quodam
3499 1145 3620 1198 loco
3659 1145 3820 1211 Apo-

2236 1248 2434 1310 stolus,
2461 1247 2919 1314 prevaricatorem
2948 1259 3027 1296 me
3051 1242 3314 1296 constituo
3335 1240 3404 1292 “.
3433 1237 3819 1306 Quamobrem

2237 1355 2306 1395 ne
2344 1339 2798 1410 praevaricatores
2829 1349 3112 1390 sacrorum
3154 1333 3419 1388 foederum
3453 1332 3670 1394 fiamus,
3700 1343 3817 1382 neu

2237 1431 2460 1487 diabolo
2493 1428 2812 1485 servitutem
2848 1427 3183 1489 serviamus,
3231 1423 3398 1479 semel
3433 1421 3662 1485 asserti,
3705 1435 3820 1474 neu

2239 1525 2574 1595 supplicium
2605 1522 2769 1578 nobis
2799 1532 3111 1591 quaeramus
3141 1535 3154 1572 :
3182 1517 3237 1571 in
3270 1516 3413 1572 diem
3449 1514 3728 1585 supplicii,
3762 1507 3823 1567 et

2238 1615 2600 1687 apparitionis
2652 1614 2900 1684 iustique
2955 1612 3048 1666 Dei
3095 1609 3307 1680 iudicii,
3355 1608 3411 1663 in
3465 1623 3602 1677 quos
3631 1613 3824 1660 exstet

2241 1710 2357 1764 haec
2385 1710 2660 1763 sententia
2694 1725 2706 1757 :
2749 1703 2951 1760 Vermis
2981 1719 3162 1759 eorum
3189 1718 3292 1756 non
3325 1703 3569 1765 moritur,
3605 1708 3654 1752 et
3677 1698 3824 1768 ignis

2242 1817 2344 1854 non
2380 1799 2736 1869 exstinguitur
2757 1797 2826 1851 ".
2868 1795 3008 1862 Quin
3045 1795 3414 1850 consistamus
3460 1792 3517 1845 in
3557 1792 3823 1846 libertate

2171 1861 2214 1917 Β
2244 1893 2299 1947 in
2343 1908 2507 1962 quam
2547 1906 2650 1945 nos
2698 1890 2953 1945 Christus
3000 1888 3327 1949 vindicavit,
3371 1885 3491 1940 dira
3539 1881 3823 1937 exsecrati

2242 1993 2456 2040 ostenta
2480 1982 2757 2046 draconis,
2788 1982 2881 2051 qui
2915 1996 3023 2035 non
3055 1980 3183 2036 huic
3213 1979 3405 2034 sceleri
3448 1987 3684 2041 tantum,
3717 1975 3824 2031 sed

2242 2077 2366 2132 aliis
2401 2075 2658 2130 omnibus
2687 2074 2930 2144 quotidie
2958 2072 3145 2128 obnixi
3172 2071 3524 2137 reluctemur,
3551 2068 3822 2123 invidiam

2243 2170 2541 2234 calcantes,
2564 2166 2960 2236 malignitatem
2991 2207 3004 2229 ,
3027 2165 3212 2220 odium
3240 2163 3564 2227 fraternum,
3586 2171 3826 2215 etetera-

2245 2275 2352 2328 que
2383 2268 2582 2313 cuncta
2621 2256 2867 2312 facinora
2930 2255 3132 2325 perosi,
3176 2270 3286 2325 quo
3331 2254 3506 2323 poenis
3541 2251 3827 2321 fugiendis

2246 2354 2466 2408 aeternis
2503 2353 2729 2407 caeleste
2771 2367 2995 2421 regnum
3054 2352 3341 2414 ineamus,
3392 2365 3484 2417 per
3536 2347 3826 2401 Christum

2244 2443 2431 2499 Jesum
2471 2444 2760 2498 Dominum
2796 2452 3044 2498 nostrum
3072 2461 3086 2498 :
3118 2444 3206 2496 cui
3237 2442 3414 2512 gloria
3443 2451 3498 2496 et
3529 2440 3826 2508 imperium

2245 2552 2372 2591 cum
2423 2537 2602 2600 Patre,
2638 2552 2702 2590 ac
2731 2546 2923 2591 sancto
2960 2534 3190 2604 Spiritu,
3243 2549 3409 2597 nunc,
3442 2544 3498 2588 et
3522 2545 3739 2600 semper
3771 2531 3828 2584 in

2247 2645 2577 2700 omnemque
2609 2629 3052 2698 perpetuitatem.
3088 2629 3279 2681 Arnen.

2853 2769 3069 2822 ΛΟΓΟΣ
3103 2768 3242 2822 Ρ1Δ’.

2267 2860 2398 2926 Περὶ
2443 2859 2553 2925 τῆς
2584 2857 2919 2981 ἔλοναδικῆς
2960 2859 3260 2923 πολιτείας
3299 2857 3396 2911 καί
3426 2857 3830 2924 ἁντιπαρατὰο

2331 2930 2478 2981 ξεωο
2505 2931 2578 2981 ἐπ
2632 2946 2742 2981 τηρ
2777 2928 2892 2981 ἤδη
2919 2927 3315 2981 ἐνισταμένης
3340 2926 3618 2981 αλοέσεωρ
3651 2928 3753 2981 (2).

2331 2930 2478 2994 ξεως
2505 2926 2602 2981 ἐπὶ
2632 2928 2742 2997 τῆς
2777 2928 2892 2996 ἤδη
2919 2927 3315 2996 ἐνισταμένης
3340 2926 3618 2994 αἱρέσεως
3651 2928 3753 2997 (2).

2343 3020 2584 3087 Ἀδελφοί
2607 3022 2702 3072 uel.
2727 3020 2987 3089 Πατέρες,
3018 3019 3079 3071 οὐ
3111 3019 3390 3090 παύσομαι
3423 3017 3594 3088 τούτῳ
3618 3018 3696 3088 τῷ
3729 3037 3832 3071 κα-

585 3123 801 3193 egregia
834 3123 936 3174 hac
980 3118 1390 3173 nomenclatura
1423 3115 1567 3169 ciere
1626 3114 1854 3167 fratrum
1903 3113 2149 3164 Patrum-

2258 3111 2334 3181 λῷ
2377 3111 2597 3180 ὀνόματι
2639 3110 2736 3179 τῆς
2777 3110 3133 3179 ἀδελφότητος
3164 3111 3256 3163 καὶ
3288 3109 3622 3180 πατρὸτητος
3663 3127 3837 3180 προσ·

587 3230 712 3284 qne,
737 3227 927 3267 verum
953 3211 1004 3265 id
1027 3210 1204 3272 vobis,
1231 3223 1294 3262 ac
1315 3207 1612 3278 genuinum
1632 3205 1888 3258 conscius
1917 3216 2114 3255 nomen
2139 3215 2153 3262 ;

589 3318 718 3357 nam
751 3302 863 3356 veri
901 3301 938 3354 ii
975 3307 1103 3354 sunt
1133 3297 1329 3350 fratres
1378 3297 1675 3363 Patresque
1704 3293 1796 3361 qui
1827 3307 1935 3360 prae
1960 3305 2157 3360 paren-

592 3393 760 3459 tibus,
803 3390 1087 3454 lratribns,
1146 3387 1339 3456 stirpe,
1377 3386 1573 3455 patria,
1625 3382 1838 3437 eunetis
1870 3395 1990 3450 quae
2041 3395 2161 3447 spe-

592 3493 761 3548 ctent,
796 3482 963 3537 Deum
988 3477 1279 3549 complexi,
1306 3490 1632 3546 congregem
1654 3471 1948 3544 quamdam
1979 3470 2163 3524 ineant

591 3578 784 3639 vitam,
811 3587 1045 3644 quorum
1072 3585 1178 3624 una
1212 3584 1388 3632 mens,
1417 3576 1470 3622 et
1497 3567 1734 3631 animus,
1762 3579 1960 3635 parens
1995 3562 2158 3626 Deus,

595 3669 726 3723 urbs
757 3664 996 3720 ccelestis
1031 3660 1395 3729 Jerosolyma.
1430 3656 1648 3711 Scilicet
1673 3657 1706 3709 ii
1737 3670 1836 3708 vos
1864 3654 2019 3717 estis,
2055 3651 2163 3704 fra-

595 3767 710 3811 tres
747 3753 853 3809 Deo
881 3749 1218 3815 cbarissimi,
1250 3757 1410 3815 atque
1441 3755 1499 3800 ut
1541 3744 1835 3815 Scriptum
1867 3743 2044 3797 verbis
2079 3741 2164 3793 in-

596 3846 842 3915 tligitem,
889 3856 1047 3911 genus
1093 3839 1334 3901 electum,
1393 3835 1562 3905 regale
1605 3835 1980 3893 sacerdotium,
2040 3847 2163 3900 gens

597 3943 804 3996 sancta,
849 3929 1068 4000 populus
1111 3930 1493 3998 acquisitionis,
1522 3936 1579 3980 ut
1620 3927 1835 3979 virtutes
1886 3923 2164 4000 enuntietis

598 4021 710 4096 ejus
742 4027 828 4096 qui
854 3996 924 4078 de
950 4023 1168 4077 tenebris
1187 3996 1280 4075 vos
1323 4020 1522 4076 vocavit
1566 4018 1622 4069 in
1647 3996 1964 4069 admirabile
1995 4013 2167 4066 lumen

599 4136 752 4172 suum
774 4119 839 4170 ⁸⁸.
878 4115 1157 4184 Siquidem
1189 4110 1515 4167 admirabile
1542 4119 1625 4163 est
1651 4109 1732 4161 vel
1762 4108 1814 4160 in
1845 4107 2033 4176 primis
2059 4104 2167 4157 vita

603 4211 903 4265 tnonastica
928 4211 1133 4272 lumen,
1159 4207 1212 4261 in
1245 4219 1406 4275 quam
1444 4202 1619 4265 acciti,
1647 4200 1832 4254 laudes
1861 4197 2169 4268 promulge-

604 4317 728 4356 mus
768 4299 935 4355 caelos
973 4299 1204 4367 tegentis
1254 4295 1558 4364 majestate.
1616 4291 1715 4344 llic
1761 4291 1977 4359 quidem
2026 4295 2171 4341 certe

607 4392 915 4463 prudentia,
955 4388 1335 4457 temperantia,
1379 4381 1660 4446 fortitudo,
1698 4380 1909 4452 justitia
1943 4385 2046 4442 est,
2081 4376 2170 4430 hic

607 4483 830 4552 maligni
881 4491 1103 4550 tropaea,
1157 4495 1221 4533 ac
1251 4477 1566 4533 Christiana
1611 4474 1841 4528 victoria
1874 4511 1889 4536 ,
1945 4485 2167 4541 quorum

608 4592 759 4628 arma
796 4591 899 4628 non
938 4572 1178 4625 carnalia
1224 4573 1365 4633 sint,
1404 4568 1493 4622 sed
1523 4568 1755 4634 potentia
1801 4565 1924 4629 Deo,
1972 4562 2041 4615 ad
2078 4561 2168 4614 de-

609 4667 950 4721 structionem
1000 4662 1370 4722 munitionum,
1425 4657 1645 4710 consilia
1698 4655 2072 4717 destruentum,
2123 4660 2171 4703 et

609 4774 812 4813 omnem
831 4755 1165 4809 altitudinem
1187 4751 1526 4805 extollentum
1547 4764 1599 4801 se
1622 4749 1869 4800 adversus
1901 4743 2174 4797 scientiam

611 4851 730 4912 Dei,
779 4857 825 4902 et
857 4849 909 4900 in
955 4846 1310 4915 captivitatem
1353 4842 1681 4910 redigentum
1728 4853 1937 4890 omnem
1966 4834 2173 4888 intelle-

611 4954 776 5005 ctum,
828 4941 881 4993 in
937 4937 1245 5006 obsequium
1299 4932 1495 4988 Christi
1541 4932 1608 4984 ".
1666 4930 1762 4984 Sin
1817 4927 2175 4998 aspectabiles

614 5043 832 5100 quoque
862 5024 1210 5084 adversarios
1253 5033 1494 5087 tuemur,
1547 5019 1920 5076 deformemus
1969 5017 2172 5080 animo,

613 5109 746 5191 quot
781 5127 1107 5189 quantaeque
1142 5115 1235 5169 Dei
1298 5113 1594 5168 Ecclesium
1627 5109 2064 5180 oppugnationes
2094 5109 2179 5161 in-

616 5212 857 5265 vaserint
887 5209 956 5264 ab
984 5222 1118 5262 avo.
1176 5204 1418 5272 Quorum
1449 5201 1750 5272 oppugnari
1785 5208 1885 5262 est,
1943 5213 2174 5267 quorum

615 5302 828 5371 despui,
866 5311 921 5355 et
952 5299 1203 5362 interfici,
1248 5297 1352 5351 nisi
1391 5294 1777 5349 crucifixorutn
1809 5290 2048 5344 mundo?
2082 5289 2180 5344 At-

615 5409 724 5465 que
754 5403 812 5447 ut
843 5393 1085 5447 omittam
1129 5400 1332 5453 vetera,
1361 5386 1651 5455 omnisque
1691 5383 1744 5437 in
1789 5381 2047 5436 memoria
2081 5396 2180 5434 no-

615 5628 752 5694 4,5.

690 5739 770 5809 (ἃ)
802 5749 929 5791 CXV‘
966 5745 1049 5791 est
1076 5732 1215 5804 apud
1245 5731 1376 5788 Cod.
1412 5729 1637 5793 Nanios,
1670 5745 1790 5798 pag.
1826 5727 1950 5781 165.

2257 3203 2538 3272 αγορέύειν
2565 3202 2728 3271 ὑμᾶς,
2758 3200 2913 3263 εἰδὼς
2935 3202 3015 3253 ὅτι
3041 3201 3244 3272 ἀληθὴς
3268 3202 3396 3272 ὑμῖν
3422 3203 3454 3271 ἡ
3487 3202 3700 3271 κλῆσις,
3737 3204 3833 3255 καὶ

2258 3294 2495 3365 ἀψευδὴς
2535 3295 2568 3363 ἠ
2599 3281 2959 3364 προᾶηγορία·
2994 3291 3160 3354 ὅντως
3196 3291 3304 3362 γὰρ
3338 3292 3558 3360 ἀδελφοὶ
3588 3292 3834 3363 ἀληθινοὶ

2260 3389 2351 3440 καὶ
2384 3387 2624 3455 Πατέρες
2654 3378 2796 3439 οὗτοι
2834 3386 2991 3449 εἰσιν,
3022 3384 3217 3447 οἵτινες
3257 3384 3396 3455 ὑπὲρ
3446 3387 3639 3452 γονεῖς,
3689 3384 3834 3455 ὑπὲρ

2261 3477 2540 3546 ἀδελφοὺς,
2578 3477 2718 3546 ὑπὲρ
2740 3477 2913 3546 γένος,
2941 3476 3080 3547 ὑπὲρ
3109 3475 3364 3547 πατρίδα,
3397 3475 3536 3546 ὑπὲρ
3562 3476 3740 3530 πάντα
3766 3477 3835 3529 τὰ

2261 3567 2531 3638 ὁρώμενα,
2582 3567 2875 3637 ἠγάπησαν
2917 3569 3083 3621 Θεόν⁶
3113 3568 3210 3636 τὴν
3261 3569 3353 3622 ἐπὶ
3395 3569 3457 3623 τὸ
3509 3567 3641 3621 αὐτὸ
3689 3567 3838 3640 ζωὴν

2262 3656 2722 3723 καταδεξάμενον
2757 3649 2831 3707 ὧν
2883 3657 3079 3725 καρδία
3120 3658 3216 3710 καὶ
3257 3658 3403 3729 ψυχὴ
3454 3658 3581 3728 μία·
3623 3658 3721 3712 καὶ
3761 3654 3836 3712 ὧν

2266 3748 2454 3819 Πατὴρ
2477 3749 2504 3800 ὁ
2530 3748 2680 3812 Θεὸς,
2706 3749 2799 3800 καὶ
2836 3751 3082 3821 πατρὶςή
3109 3750 3219 3803 ἅνω
3249 3752 3620 3823 Ἰερουσαλήμ.
3644 3752 3836 3805 Τοιοῦ-

2264 3856 2345 3891 τοι
2378 3834 2470 3891 οὖν
2503 3838 2596 3890 καὶ
2627 3838 2804 3907 ὑμεῖς,
2824 3838 3039 3906 ἀδελφοὶ
3074 3839 3414 3908 ἠγαπημένοι
3456 3838 3562 3892 ὑπὸ
3593 3837 3797 3910 Κυρίου
3819 3853 3833 3866 ·

2267 3931 2360 3980 καὶ
2393 3929 2478 3980 ἵνα
2518 3929 2623 3979 ἀπὸ
2658 3930 2755 3998 τῆς
2798 3928 3020 3998 Γραφῆς
3065 3928 3209 3998 ὑμᾶς
3240 3928 3454 3980 καλέσω
3475 3944 3488 3958 ·
3516 3927 3709 3993 Γένος
3737 3928 3835 3981 ἐκ-

2266 4016 2830 4080 λεκτὸν-,βασίλειον
2861 4016 3191 4084 ἱεράτευμα,
3231 4016 3380 4082 λαὸς
3415 4019 3503 4081 εἰς
3533 4017 3836 4085 περιποίη-

2268 4126 2400 4164 σιν·
2444 4108 2601 4174 ὅπως
2641 4108 2748 4172 τὰς
2791 4108 3002 4175 ἀρετὰς
3034 4107 3416 4175 ἐξαγγείλητε
3447 4105 3554 4160 τοῦ
3594 4107 3662 4160 ἐκ
3691 4108 3838 4162 σκό-

2268 4218 2410 4266 τους
2457 4198 2612 4268 ὺμᾶς
2655 4197 3031 4265 καλέσαντος
3063 4200 3148 4263 εις
3183 4200 3247 4251 τὸ
3275 4197 3621 4266 θαυμαστὸν
3651 4197 3836 4252 αὐτοῦ

2270 4291 2416 4362 φῶς.
2451 4291 2772 4360 Θαυμαστὸν
2799 4291 2906 4362 γὰρ
2936 4292 3016 4344 ὅτι
3051 4291 3186 4360 φῶς,
3223 4291 3256 4361 ἡ
3287 4288 3542 4360 μοναδικὴ
3571 4289 3834 4355 πολιτεία,

2201 4429 2243 4484 D
2272 4385 2350 4444 εἰς
2389 4384 2454 4451 ἣν
2483 4382 2793 4484 εκλήίὶημεν
2859 4384 2952 4440 καὶ
2981 4385 3038 4435 ὲν
3137 4382 3533 4451 ἐξαγγέλλομεν
3562 4381 3662 4444 τὰς
3692 4383 3833 4435 αίνέ-

2275 4490 2387 4534 σεις
2416 4474 2508 4525 τοῦ
2542 4472 2880 4540 καλύψαντος
2911 4474 3075 4544 ἀρετῇ
3105 4475 3230 4536 τοὺς
3258 4473 3537 4545 οὐρανούς.
3573 4474 3832 4528 Ἐνταῦθα

2273 4554 2366 4612 οὖν
2395 4561 2510 4611 ἐστι
2541 4561 2820 4630 φρόνησις,
2855 4563 3194 4632 σωφροσύνη,
3231 4562 3469 4628 ἀνδρεία,
3509 4562 3601 4617 καὶ
3637 4563 3833 4618 δικαιοο

2277 4651 2430 4720 σύνη,
2465 4649 2695 4705 ἐνταῦθα
2719 4651 2789 4703 τὰ
2813 4653 2951 4705 κατὰ
2979 4653 3072 4706 τοῦ
3106 4645 3362 4724 Πονηροῦ
3382 4655 3642 4724 τρόπαια,
3685 4655 3777 4710 καὶ
3803 4658 3834 4726 ἡ

2279 4741 2336 4792 ὲν
2373 4742 2596 4811 Χριστῷ
2622 4742 2746 4812 νίκη
2766 4757 2781 4772 ·
2816 4743 2954 4810 Εῑγε
2978 4742 3050 4796 τὰ
3083 4743 3242 4798 ὅπλα
3270 4743 3439 4813 ἡμῶν
3470 4746 3541 4798 οὺ
3563 4749 3833 4814 σαρκικὰ,

2277 4832 2435 4884 ἀλλὰ
2463 4833 2690 4894 δυνατὰ
2720 4831 2797 4898 τῷ
2829 4833 2949 4898 Θεῷ
2994 4839 3143 4902 πρὸς
3172 4837 3518 4903 καθαίρεσιν
3543 4837 3838 4906 ὀχυρωμά-

2278 4939 2414 4988 των,
2454 4925 2781 4990 λογισμοὺς
2828 4926 3267 4993 καθαιροῦντες,
3314 4928 3411 4980 καὶ
3461 4925 3586 4981 πᾶν
3631 4928 3836 4997 ὕψωμα

2278 5014 2667 5082 ἐπαιρόμενον
2709 5015 2856 5068 κατὰ
2895 5015 3003 5083 τῆς
3041 5017 3317 5085 γνώσεως
3367 5017 3473 5071 τοῦ
3527 5018 3712 5072 Θεοῦ·
3744 5021 3834 5074 καί

2279 5104 2802 5172 αἰχμαλωτίζοντες
2830 5104 2952 5159 πᾶν
2976 5108 3170 5175 νόημα
3190 5111 3277 5174 εἰς
3302 5108 3416 5174 τὴν
3441 5108 3721 5178 ὑπακοὴν
3740 5111 3836 5164 τοῦ

2284 5195 2578 5262 Χριστοῦ⁶
2624 5197 2668 5248 εί
2701 5196 2757 5249 δὲ
2802 5199 2895 5249 καὶ
2930 5199 3063 5268 πρὸς
3103 5200 3230 5262 τοὺς
3275 5200 3582 5270 ὁρωμένους
3622 5202 3837 5274 ἐχθροὺς

2284 5287 2430 5340 ἐστιν
2451 5290 2681 5352 ἀπιδεῖν,
2715 5291 3053 5360 ἐννοήσωμεν
3075 5295 3197 5354 τοὺς
3221 5293 3315 5345 ἀπ’
3335 5293 3530 5356 αἰῶνος
3555 5293 3836 5364 διωγμοὺς,

2284 5381 2398 5433 ὅσοι
2431 5382 2523 5434 καὶ
2557 5380 2734 5451 ἡλίκοι
2757 5382 3051 5436 κατέλαϐον
3079 5383 3178 5454 τὴν
3209 5384 3537 5456 Ἐκκλησίαν
3566 5385 3662 5440 τοῦ
3693 5386 3836 5452 Θεοῦ,

687 5559 728 5590 ’⁸
767 5558 881 5613 Jac.
932 5558 1069 5623 |,l5.
1145 5556 1189 5588 ⁸ο
1228 5553 1513 5615 Joan.vnt,
1546 5550 1633 5612 '54,
1674 5548 1763 5603 55.
1838 5547 1881 5579 ⁸¹
1924 5545 2099 5602 Galat.
2120 5564 2153 5601 ιι

2252 5545 2299 5601 8.
2374 5547 2420 5579 “
2459 5546 2622 5604 Marc.
2660 5565 2736 5615 ιι,
2768 5549 2856 5604 45.
2934 5550 2980 5582 ³³
3011 5548 3031 5602 ι
3073 5549 3211 5606 Pctr.
3248 5564 3308 5616 ll,
3353 5552 3406 5607 9.
3482 5552 3530 5585 “
3556 5550 3598 5608 11
3629 5552 3752 5609 Cor.
3787 5569 3834 5621 x,
