4000 6306
162 379 254 444 657
1321 389 1626 451 SERMON
1633 389 1723 449 ES
1758 389 2275 453 CATECHETICI.

3299 379 3404 442 653

163 498 244 548 καὶ
265 497 430 552 τίνων
452 498 516 552 τὸ
530 499 843 566 διώκεσθαι,
869 502 1031 556 τίνων
1059 502 1122 557 τὸ
1147 504 1446 561 τύπτεσθαι
1472 523 1567 559 και
1590 508 1724 560 ἀπο-

1831 517 1939 563 stra
1982 522 2046 562 ac
2087 512 2351 576 praesente
2383 500 2574 558 haeresi
2601 498 2854 572 exigatur
2883 499 3079 566 oratio,
3113 497 3206 570 qui
3240 501 3323 555 vel
3349 501 3406 556 in

161 587 464 642 κτείνεσθαι
482 606 498 621 ·
527 589 645 644 ἀλλ’
673 591 735 644 οὐ
781 591 892 644 τῶν
924 595 1358 664 ἑσταυρωμιίνων
1389 593 1468 665 τῷ
1496 596 1721 666 κόσμῳς

163 682 247 732 καὶ
274 680 362 733 ἵνα
431 681 504 735 τὰ
551 681 724 737 πάλαι
752 682 1005 754 παρήσω,
1050 686 1144 738 ἐπὶ
1179 686 1280 756 τῆς
1313 687 1597 757 παρούσης
1626 705 1723 756 γε-

163 772 278 834 νεᾶς
300 772 396 826 καὶ
425 773 524 826 ἐπὶ
548 773 648 843 τῆς
681 774 782 846 ἢδη
809 776 1160 847 ἐνισταμένης
1186 778 1446 849 αίρέσεως
1473 779 1502 832 ὁ
1530 779 1684 848 λόγος
1706 797 1720 812 ·

162 860 294 924 τίνες
358 862 560 933 μέχρις
618 864 847 934 αἵματος
907 866 1375 937 ἁντεκατέστησαν
1439 869 1576 938 πρὸς
1626 869 1725 937 τὴν

164 950 429 1020 ἁμαρτίαν
467 951 960 1023 ἀνταγωνιζόμενοι
984 969 1001 988 ⁸
1032 953 1154 1024 οὐχὶ
1181 958 1230 1010 oi
1257 957 1519 1028 μακάριοι
1547 959 1725 1013 Πατέ-

167 1059 248 1108 ρες
294 1043 390 1096 καὶ
421 1042 645 1110 ἀδελφοὶ
679 1043 855 1113 ἡμῶν,
891 1043 1027 1098 οἵτε
1064 1045 1166 1115 τῆς
1194 1047 1314 1101 καθ’
1345 1049 1492 1119 ἡμᾶς
1533 1050 1722 1120 μονῆς,

164 1132 248 1185 καὶ
285 1133 335 1185 οί
367 1131 482 1186 τῶν
506 1133 714 1198 ἄλλωνς
737 1133 1000 1204 Μοναχῶν
1051 1131 1143 1190 οὖν
1173 1137 1391 1209 ἀληθῶς
1414 1139 1482 1192 τὰ
1503 1139 1727 1196 τοιαῦτα

164 1221 557 1294 κατορθώματα
589 1226 685 1278 καὶ
725 1225 1029 1296 ἀθλήματα,
1061 1229 1157 1282 καὶ
1198 1231 1423 1301 μοναχοὶ
1458 1230 1529 1284 τὰ
1559 1230 1725 1304 νεῦρα

165 1317 248 1369 καὶ
289 1315 647 1388 ἑδραιώματα
691 1319 792 1388 τῆς
847 1322 1173 1392 Ἐκκλησίας
1193 1337 1210 1355 ⁸
1239 1322 1332 1376 καὶ⁸
1361 1322 1598 1377 τοιοῦτον
1631 1323 1726 1377 καὶ

164 1406 473 1476 τηλικοῦτον
523 1408 586 1462 τὸ
632 1409 872 1481 ἀξίωμα,
899 1413 1036 1482 ὅπερ
1080 1413 1400 1485 κεχάρισται
1438 1416 1572 1487 ἡμῖν
1618 1416 1724 1470 ὑπὸ

164 1499 253 1568 τῆς
277 1500 618 1572 ἁγαθότητος
658 1501 753 1555 τοῦ
789 1503 925 1557 Θεοῦ
951 1521 964 1536 ·
996 1504 1113 1558 ἀλλ’
1144 1505 1332 1576 ἐπειδὴ
1357 1508 1490 1560 ὅπου
1537 1508 1586 1560 οἱ
1626 1507 1726 1577 θη-

167 1591 367 1659 σαυροὶ,
399 1593 519 1644 ἐκεῖ
549 1591 644 1645 καὶ
677 1594 725 1645 οῖ
761 1595 994 1647 κλέπται
1037 1597 1461 1666 παρεδρεύουσιν
1481 1615 1494 1629 ·
1524 1599 1728 1669 θησαυ-

169 1679 244 1748 ροὶ
267 1680 321 1734 δὲ
346 1681 532 1752 ψυχῆς
551 1683 608 1735 αί
625 1683 838 1753 ἀρεταὶ,
865 1685 1164 1756 παρακαλῶ
1189 1686 1283 1739 καὶ
1305 1688 1724 1758 ὑπομιμνῄσκω,

165 1773 559 1843 γρηγορῶμεν,
615 1777 893 1847 νήφωμεν,
952 1777 1365 1850 ἀσυλαγώγητοι
1425 1781 1724 1851 διαμένειν,

1832 611 2020 651 necem
2061 595 2334 657 restitere,
2372 590 2623 649 ineundo
2676 605 2806 647 cum
2858 597 3084 661 peccato
3113 590 3406 646 conﬂictu?

1830 701 1940 742 non
1990 686 2137 742 beati
2203 685 2415 751 Patres,
2469 683 2776 752 fratresque
2827 692 2937 737 tam
2986 681 3162 738 nostri
3206 690 3404 748 cetus,

1830 791 1996 841 quam
2022 774 2268 830 externi?
2304 773 2375 829 Ut
2423 773 2821 829 monachorum
2869 769 3062 840 procul
3093 767 3261 824 dubio
3290 768 3408 823 haec

1831 869 2074 926 facinora
2106 869 2237 935 sint,
2269 877 2322 924 et
2348 866 2669 932 certamina,
2715 864 3081 935 monachique
3119 863 3299 929 nervi,
3331 877 3400 918 ac

1831 961 2082 1018 tibicines
2104 962 2214 1018 sint
2245 959 2528 1017 Ecclesiae.
2558 958 2741 1028 Atque
2774 959 2890 1012 haec
2915 965 3067 1012 tanta
3097 963 3184 1011 est
3214 962 3404 1011 nostra

1830 1052 2091 1124 dignitas,
2123 1068 2290 1123 quam
2325 1051 2421 1108 Dei
2457 1051 2584 1120 Opt.
2626 1049 2765 1103 Max.
2817 1047 3082 1102 beneficio
3131 1058 3405 1102 tenemus.

1835 1142 1939 1200 Sed
1966 1144 2226 1214 quoniam
2253 1143 2346 1199 ubi
2376 1151 2505 1200 sunt
2532 1139 2801 1205 thesauri,
2828 1138 3068 1194 indidem
3096 1136 3246 1194 fures
3273 1136 3404 1192 sub-

1831 1235 2033 1299 sident.
2067 1236 2350 1306 animique
2383 1233 2626 1290 thesauri
2658 1241 2789 1288 sunt
2817 1232 3070 1297 virtutes,
3102 1230 3315 1296 hortor,
3348 1235 3405 1284 et

1833 1326 2120 1391 admoneo,
2169 1326 2479 1397 vigilemus,
2521 1335 2685 1394 atque
2725 1322 3077 1388 excubemns,
3133 1320 3228 1391 qui
3259 1318 3404 1374 indi-

1832 1419 1970 1488 repti
1995 1433 2338 1483 maneamus,
2367 1433 2475 1471 non
2501 1416 2783 1484 voluptate
2806 1426 3021 1483 pessum
3049 1418 3263 1473 euntes,
3292 1421 3402 1462 non

1834 1506 2020 1562 furore
2047 1505 2219 1571 eﬂ‘eri,
2268 1521 2380 1560 non
2425 1504 2653 1576 perfidia
2709 1504 3032 1573 caligantes,
3069 1516 3181 1556 non
3226 1500 3401 1555 contio

1834 1601 1981 1656 tendi
2014 1599 2306 1654 insolentia
2348 1607 2666 1664 aestuantes,
2692 1610 2804 1652 non
2837 1595 2947 1650 alio
2982 1603 3256 1665 Quoquam
3285 1606 3404 1648 sce-

1834 1693 1944 1747 lere
1981 1691 2216 1762 possessi
2242 1709 2258 1757 ;
2287 1691 2419 1762 quin
2453 1688 2746 1744 lethalibus
2775 1687 2925 1742 vitiis
2952 1686 3164 1750 intacti,
3193 1684 3404 1739 alacres

1835 1785 2065 1838 ulterius
2117 1784 2377 1848 nitamur,
2427 1782 2554 1837 dum
2591 1781 2716 1835 vitae
2749 1787 2948 1835 metam
3007 1777 3401 1848 pertingamus.

166 1865 296 1935 μήτε
339 1867 448 1920 ὑπὸ
495 1867 689 1939 ἡδονῆς
728 1870 1186 1941 κατασυρόμενοι,
1231 1872 1368 1942 μήτε
1407 1872 1512 1925 ὑπὸ
1549 1873 1725 1944 θυμοῦ

1836 1875 1957 1931 Jam
1985 1875 2130 1931 dolet
2153 1874 2385 1930 fortasse
2414 1889 2601 1929 rumor
2629 1869 2968 1927 monasteria
3001 1875 3188 1924 nostra
3214 1866 3282 1921 ab
3305 1866 3413 1920 do-

163 1958 642 2029 ἐξαγριαινόμενοι,
693 1962 827 2032 μήτε
880 1962 983 2014 ὑπὸ
1027 1963 1286 2027 ἀπιστίας
1332 1967 1725 2037 σκοτιζόμενοι,

165 2049 290 2118 μήτε
317 2051 424 2103 ὑπὸ
447 2052 908 2123 ἀνεξαγορευσίας
924 2056 1430 2127 περιστατούμενοι,
1461 2061 1597 2128 μήτε
1621 2059 1726 2112 ὑπό

162 2155 294 2202 τινος
329 2141 497 2195 ἄλλου
534 2141 738 2206 πάθους
774 2150 1324 2218 κατακυριευὸμενοιο
1359 2149 1493 2204 ἀλλὰ
1525 2150 1728 2204 ἀνώτε-

165 2245 237 2295 ροι
261 2230 366 2284 τῶν
387 2231 655 2302 ὀλεθριῶν
678 2231 866 2286 παθῶν
895 2233 1068 2300 ὄντες,
1101 2237 1273 2308 ῐωμεν
1294 2239 1575 2311 προθυμίᾳ
1592 2241 1728 2310 πρὸς

161 2319 215 2370 τὸ
241 2321 388 2390 ἑξῆς,
442 2323 640 2393 μέχρις
671 2323 738 2377 ἂν
769 2328 1199 2399 καταντήσωμεν
1227 2331 1307 2394 είς
1336 2331 1396 2383 τὸ
1427 2331 1603 2401 πέρας
1634 2332 1726 2386 τοῦ

164 2409 286 2478 βίου,
313 2414 464 2484 Τάχα
508 2415 672 2469 λυπεῖ
701 2418 846 2488 ἡμᾶς
879 2419 1072 2491 ήάκοὴ
1129 2423 1223 2476 τοῦ
1263 2423 1334 2477 τὰ
1388 2427 1728 2499 μοναστήρια

162 2503 306 2572 ἡμῶν
336 2507 442 2559 ὑπὸ
488 2507 600 2559 τῶν
645 2508 740 2562 τοῦ
783 2510 989 2581 Κυρίου
1019 2513 1231 2585 ἐχθρῶν
1269 2516 1724 2588 διαφθείρεσθαι·

161 2596 264 2648 ἀλλ’
293 2597 520 2668 οὐδεμία
561 2598 704 2670 λύπη
735 2600 912 2655 τοῦτο·
952 2607 1315 2676 μοναστήριον
1341 2607 1450 2680 γὰρ
1481 2612 1573 2664 καὶ
1604 2611 1726 2674 ναὸς

160 2684 283 2766 θεοῦ
333 2689 500 2757 ἡμεῖς
555 2690 742 2758 ἐσμεν,
798 2689 934 2760 πρὸς
979 2691 1074 2756 οὓς
1110 2696 1200 2747 καὶ
1243 2695 1491 2752 λέλεκται
1517 2717 1530 2731 ο
1561 2699 1727 2766 Εττις

162 2774 258 2825 τὸν
284 2776 433 2828 ναὸν
455 2776 563 2830 τοῦ
607 2777 755 2831 Θεοῦ
792 2780 1035 2850 φθείρει,
1053 2783 1253 2851 φθερεῖ
1272 2785 1487 2840 τοῦτον
1505 2790 1538 2842 ό
1562 2790 1722 2855 Θεός.

164 2865 260 2917 Καὶ
298 2866 494 2932 ἄλλως,
529 2869 612 2921 ὅτι
645 2869 905 2935 πολλάκις
941 2871 1185 2940 ἔφθασαν
1218 2875 1579 2948 διαφθαρῆναι
1624 2880 1729 2933 ὑπὸ

164 2955 258 3008 τῶν
282 2956 588 3021 διωξάντων
617 2961 789 3031 ἡμᾶς,
816 2963 913 3016 καὶ
947 2963 1113 3018 πάλιν
1139 2967 1206 3036 τῇ
1231 2968 1324 3019 τοῦ
1353 2967 1486 3022 Θεοῦ
1516 2987 1699 3041 προμη

165 3044 294 3118 θεία.
332 3051 412 3114 είς
455 3048 520 3102 τὸ
573 3052 800 3123 ἀρχαῖον
834 3055 1228 3127 ἑπανὲδραμον.
1267 3059 1420 3130 Τάχα
1452 3061 1730 3116 καὶτοῦτο

167 3139 368 3193 σαλεύει
411 3143 584 3214 ἡμᾶς,
614 3145 696 3198 ὅτι
739 3144 816 3217 μὴ
846 3147 987 3200 κατὰ
1030 3149 1257 3213 πολλοὺς
1292 3151 1403 3206 τῶν
1435 3152 1728 3224 δεδιωγμέ-

164 3247 260 3282 νων
304 3234 615 3304 κατέχομεν
643 3233 713 3288 τὰ
741 3238 1102 3308 μοναστήρια,
1132 3240 1606 3312 ἀνοικοδομοῦντες
1634 3248 1728 3299 καὶ

165 3326 471 3389 φυτεύοντες
493 3365 511 3390 ,
543 3326 639 3379 καὶ
685 3327 785 3380 ὅσα
812 3327 949 3383 ἄλλα
1000 3329 1449 3401 καλλιεργοῦντες
1473 3349 1486 3361 ·
1522 3332 1635 3400 ἐγὼ
1673 3335 1732 3388 δὲ

164 3415 401 3466 τοσοῦτον
430 3415 760 3485 αἰσχύνομαι
794 3433 807 3448 ο
853 3419 901 3470 εί
923 3418 1030 3489 γὰρ
1060 3419 1199 3489 ὑπὲρ
1225 3421 1322 3488 τῆς
1348 3423 1732 3494 καταστροφῆς

165 3501 252 3571 τῆς
281 3505 518 3570 πίστεως
545 3509 573 3560 ὁ
607 3506 849 3578 διωγμὸς
879 3512 975 3561 καὶ
1011 3509 1040 3560 ὀ
1069 3509 1289 3580 σύμπας
1321 3511 1493 3580 ἀγὼν,
1526 3514 1732 3588 ταύτης

169 3593 239 3662 μὴ
275 3596 770 3668 ὲπανορθωθείσης,
820 3598 937 3652 ἀλλ’
968 3599 1048 3653 ἔτι
1091 3599 1588 3675 βλασφημουμένουν
1634 3608 1730 3662 τοῦ

164 3682 414 3754 ὀνόματος
459 3686 558 3741 τοῦ
587 3687 723 3741 Θεοῦ
753 3729 768 3754 ,
800 3689 910 3742 τῶν
941 3706 1000 3743 τε
1049 3691 1218 3760 ἁγίων
1266 3694 1526 3765 Πατέρων
1572 3697 1730 3767 ἡμῶν

164 3773 722 3848 ἀναθεματιζομίνων,
751 3779 909 3833 ἔστιν’
937 3781 1046 3852 ἄρα
1084 3799 1169 3845 τις
1201 3782 1438 3851 ὠφέλεια
1476 3787 1576 3854 τῆς
1614 3790 1734 3841 ἐπι-

167 3867 495 3936 κρατήσεως,
519 3867 614 3920 καὶ
636 3867 754 3936 οὐχὶ
784 3869 982 3938 μᾶλλον
1007 3869 1178 3941 βλάϐη
1199 3873 1624 3946 ὁμολογουμένη.
1640 3879 1732 3932 καὶ

173 3956 418 4024 προδοσία
460 3958 562 4027 τῆς
608 3956 903 4026 ἀληθείας;
937 3959 1034 4022 Τίς
1063 3959 1123 4025 ἐξ
1175 3963 1432 4032 ἡμισείας
1485 3966 1730 4038 δραμὼν,

165 4039 285 4116 ἦρεν
309 4048 560 4113 ἔπαθλον,
593 4049 757 4102 ὁπότε
790 4049 850 4102 οὒ
874 4049 1093 4116 τελείως
1125 4052 1352 4124 δραμεῖν
1381 4056 1562 4125 μόνον,
1595 4059 1732 4114 ἀλλὰ

168 4141 252 4192 καὶ
297 4143 566 4212 νομίμως,
603 4142 971 4213 διηγόρευται.
1025 4135 1162 4215 Φησὶ
1195 4147 1336 4218 γάρ’
1391 4148 1500 4203 Καὶ
1535 4150 1733 4218 οὐδεὶς

167 4229 577 4296 στεφανοῦται,
642 4233 694 4282 ει
747 4229 831 4298 μὴ
890 4234 1153 4303 νομίμως
1207 4236 1475 4306 ἀθλήσῃ.
1524 4240 1733 4298 Οὐκοῦν

167 4319 409 4388 ἀφέμενοι
457 4324 588 4385 τοὺς
648 4322 918 4388 τοιούτους
975 4325 1395 4397 διαλογισμοὺς,
1432 4330 1585 4402 εῖπερ
1639 4335 1731 4388 καὶ

170 4424 396 4495 πάρεισι,
443 4427 544 4482 καὶ
589 4427 780 4500 πόρρω
827 4429 894 4483 τὰ
932 4430 1064 4496 λοξὰ
1117 4433 1534 4504 παραδείγματα
1590 4437 1728 4491 ἁπο-

1829 1967 2049 2024 minicis
2072 1967 2324 2022 hostibus
2357 1965 2670 2034 corrumpi?
2701 1962 2992 2018 Enimvero
3037 1960 3181 2014 haud
3219 1957 3268 2013 is
3298 1956 3407 2014 do-

1831 2060 1912 2115 lor
1941 2067 2046 2124 est,
2087 2066 2374 2129 postquam
2417 2055 2834 2118 monasterium,
2867 2067 2932 2107 ac
2960 2050 3053 2107 Dei
3079 2048 3266 2104 fanum
3300 2062 3406 2102 nos

1829 2166 2023 2206 sumus
2056 2168 2069 2203 ε
2107 2151 2160 2203 in
2192 2164 2330 2218 quos
2355 2159 2409 2201 et
2438 2147 2583 2202 edita
2614 2147 2730 2200 haec
2757 2144 3030 2200 sententia
3055 2149 3140 2197 est
3166 2158 3179 2195 :
3202 2138 3265 2196 Si
3285 2139 3404 2210 quis

1830 2242 2078 2312 templum
2113 2240 2206 2293 Dei
2244 2239 2535 2302 violaverit,
2577 2235 2844 2306 disperdet
2873 2233 3030 2288 illum
3060 2233 3197 2286 Deus
3228 2231 3301 2285 ⁸⁸.
3337 2228 3406 2286 Ει

1829 2335 2032 2406 alioqui
2057 2347 2198 2402 saepe
2222 2331 2290 2385 ab
2308 2329 2544 2384 inimicis
2567 2335 2848 2396 corrupta,
2873 2325 2968 2379 Dei
2993 2322 3402 2394 procuratione,

1829 2428 1884 2483 in
1917 2426 2203 2495 antiquum
2253 2423 2559 2477 redierunt.
2609 2419 2715 2474 Sed
2767 2417 2882 2471 fors
2925 2416 3200 2485 inquietos
3242 2411 3407 2467 habet

1828 2519 1974 2591 quod
2008 2514 2340 2572 monasteria
2389 2527 2498 2567 non
2553 2522 2801 2565 tenemus
2831 2523 2986 2578 aeque
3029 2520 3112 2571 ac,
3163 2503 3408 2574 plerique

1829 2589 2034 2682 capite,
2063 2608 2409 2677 fortunisque
2439 2603 2613 2673 petiti,
2648 2601 2916 2665 aedificiis,
2954 2589 3309 2654 rusticatione
3350 2603 3407 2649 et

1831 2700 1881 2754 id
1919 2714 2093 2771 genus
2125 2696 2396 2766 elegantia
2423 2691 2710 2749 carentes?
2766 2689 3034 2760 Equidem
3066 2697 3278 2742 tantum
3309 2685 3404 2740 ab-

1829 2801 1913 2846 est
1942 2797 2001 2844 ut
2029 2801 2379 2846 commovear
2408 2823 2424 2850 ,
2471 2784 2628 2839 valde
2673 2792 2734 2838 ut
2777 2797 2864 2837 me
2894 2779 3095 2852 pudeat
3133 2779 3352 2834 illorum
3385 2795 3402 2834 :

1830 2898 1955 2937 nam
1989 2881 2036 2938 si
2061 2895 2223 2937 omne
2249 2881 2305 2934 in
2329 2893 2523 2934 eversa
2555 2876 2658 2931 fide
2683 2874 3001 2938 discrimen,
3028 2888 3092 2928 ac
3115 2871 3403 2927 conﬂictus

1830 2975 2080 3036 vertitur,
2109 2986 2175 3028 ea
2205 2986 2312 3025 non
2348 2969 2673 3034 instaurata,
2714 2965 2810 3022 sed
2848 2966 3030 3021 adhuc
3059 2961 3406 3019 contumeliis

1830 3067 2018 3121 divino
2051 3065 2289 3119 lacerato
2312 3062 2557 3126 nomine,
2591 3059 2907 3128 sanctisque
2939 3055 3196 3112 Patribus
3235 3055 3407 3109 dero-

1830 3161 1920 3223 tis,
1956 3158 2101 3227 quod
2142 3152 2463 3211 retentionis
2511 3148 2942 3224 compendium?
2991 3149 3104 3203 imo
3156 3156 3403 3217 apertum

1829 3261 1912 3303 est
1937 3247 2308 3318 dispendium,
2349 3255 2405 3300 et
2453 3245 2691 3316 proditio
2734 3241 3003 3298 veritatis.
3041 3239 3176 3305 Quis
3225 3237 3405 3292 medio

1829 3357 1994 3397 cursu
2047 3339 2400 3396 honorarium
2449 3337 2611 3391 tulit?
2660 3343 2950 3405 postquam
3011 3332 3158 3386 haud
3198 3331 3407 3400 integer

1831 3432 2014 3498 modo,
2049 3432 2181 3501 quin
2233 3431 2514 3499 legitimus
2560 3428 2743 3483 editur
2790 3441 2986 3482 cursus
3023 3443 3037 3480 :
3072 3424 3150 3479 ait
3203 3424 3350 3478 enim
3385 3441 3400 3476 :

1832 3523 2000 3577 Nemo
2039 3530 2344 3586 coronatur,
2382 3520 2485 3574 nisi
2530 3519 2760 3589 legitime
2802 3517 3080 3572 certaverit
3121 3515 3189 3568 ⁸⁸.
3221 3513 3406 3581 Quare

1831 3615 1920 3672 his
1949 3614 2215 3678 dimissis,
2251 3612 2296 3668 si
2322 3628 2429 3682 qua
2458 3622 2696 3678 exstant,
2714 3609 2985 3679 cogitatis,
3007 3607 3402 3678 productisquo

1832 3703 2139 3773 depravatis
2161 3703 2444 3771 exemplis,
2473 3717 2635 3756 unam
2665 3714 2956 3767 urgeamus
2993 3699 3267 3768 geminam
3300 3711 3402 3751 no-

1827 3804 2000 3849 atram
2031 3793 2460 3855 confessionem,
2490 3807 2598 3861 qua
2633 3791 2778 3856 fidei,
2813 3805 2920 3861 qua
2947 3787 3245 3853 sermonis,
3280 3784 3404 3840 freti

1833 3889 1935 3944 hoc
1962 3889 2083 3960 ejus
2127 3889 2419 3960 promisso,
2467 3889 2558 3958 qui
2593 3897 2742 3943 certo
2777 3886 3068 3956 stipuletur
3112 3902 3126 3941 :
3171 3882 3405 3948 Quaerite

1828 3982 2057 4051 primum
2088 3999 2300 4051 regnum
2334 3981 2450 4044 Dei,
2479 3991 2529 4034 et
2549 3981 2824 4048 justitiam
2854 3979 2988 4049 ejus,
3014 3989 3063 4033 et
3088 3978 3199 4032 Ιιωο
3228 3977 3405 4030 onmia

1833 4071 2152 4140 adjiciantur
2176 4071 2317 4124 nobis
2337 4071 2426 4123 δτι
2469 4070 2616 4139 quod
2671 4077 2728 4122 et
2787 4067 3050 4134 consequi
3090 4080 3401 4121 mercamur

1832 4162 2051 4219 Domini
2084 4164 2254 4218 nostri
2280 4163 2408 4220 Jesu
2435 4163 2641 4219 Christi
2674 4162 2998 4216 liberalitate
3035 4166 3199 4229 atque
3237 4159 3404 4213 bette-

1833 4256 1977 4320 ﬁcio,
2007 4256 2094 4311 cui
2120 4256 2291 4326 gloria
2334 4264 2387 4309 et
2421 4255 2710 4324 imperium
2740 4268 2863 4306 cum
2898 4251 3076 4315 Patre,
3120 4265 3184 4305 ac
3213 4258 3403 4304 sancto

1837 4347 2064 4419 Spiritu,
2108 4364 2253 4402 nunc
2299 4356 2354 4401 et
2381 4362 2617 4417 semper,
2667 4348 2721 4403 in
2754 4358 3086 4414 omnemque
3129 4342 3402 4413 perpetui-

1838 4451 2023 4494 tatem.
2049 4439 2242 4494 Amen.

171 4519 515 4589 πεμπόμενοι,
537 4519 670 4581 ἑνὸς
691 4517 942 4588 ἐχώμεθα
977 4521 1171 4590 μόνον,
1213 4522 1312 4591 τῆς
1372 4523 1565 4595 διπλῆς
1621 4527 1780 4596 ἡμῶν
1845 4527 2131 4599 ὁμολογίας
2170 4527 2267 4598 τῆς
2306 4543 2364 4580 τε
2409 4526 2548 4579 κατὰ
2589 4525 2770 4578 πίστιν
2808 4523 2903 4576 καὶ
2924 4520 3272 4590 κατὰλόγον·
3307 4537 3403 4573 πε-

171 4610 398 4676 ποιθότες
442 4615 509 4684 τῇ
550 4611 846 4682 ὑποσχέσει
871 4612 1256 4683 τοῦ-ἀψευδοῦς
1290 4616 1540 4686 λέγοντος
1565 4661 1579 4686 ,
1608 4623 1845 4689 Ζητεῐτε
1897 4622 2131 4692 πρῶτον
2155 4622 2268 4690 τὴν
2286 4622 2614 4686 ,βασιλείαν
2670 4620 2778 4674 τοῦ
2844 4619 2993 4674 Θεοῦ
3027 4618 3124 4671 καί
3181 4616 3295 4683 τὴν
3318 4616 3404 4669 δι-

172 4708 488 4776 καιοσύνην
518 4706 731 4767 αὐτοῦ,
763 4707 1074 4763 καὶταῦτα
1136 4711 1333 4765 πάντα
1388 4717 1862 4782 προστεθήσεται
1905 4717 2070 4788 ὑμῖν.
2106 4710 2214 4780 Ἦς
2261 4716 2470 4783 γένοιτο
2513 4717 2659 4786 ἡμᾶς
2717 4717 3018 4783 ἐπιτυχεῖν,
3082 4712 3263 4782 χάριτι
3311 4714 3403 4764 καὶ

172 4798 536 4872 φιλανθρωπίᾳ
566 4799 663 4853 τοῦ
688 4800 887 4870 Κυρίου
919 4800 1073 4872 ἡμῶν
1114 4803 1288 4872 Ἰησοῦ
1319 4805 1581 4875 Χριστοῦ,
1610 4802 1654 4876 ᾧ
1686 4809 1718 4878 ή
1754 4810 1880 4876 δόξα
1911 4812 2007 4864 καὶ
2033 4811 2095 4863 τὸ
2119 4810 2319 4881 κράτος
2377 4809 2474 4862 σὺν
2536 4807 2619 4876 τῷ
2644 4807 2816 4876 [Ιατρὶ⁵
2838 4810 2931 4860 καὶ
2959 4806 3035 4877 τῷ
3063 4806 3202 4877 ἁγίῳ
3231 4805 3399 4859 Πνεῦ-

177 4911 313 4962 ματι,
347 4896 442 4952 νῦν
476 4895 576 4952 καὶ
608 4897 717 4960 ἀεὶ,
745 4899 840 4948 καὶ
867 4898 944 4960 είς
972 4899 1098 4960 τοὺς
1128 4897 1329 4962 αἰῶνας
1360 4900 1467 4953 τῶν
1496 4901 1728 4958 αἰώνων.
1782 4905 1956 4976 Ἀμήν
1986 4905 2084 4975 (5).

233 5035 448 5095 “lCor.
476 5054 560 5099 In,
585 5037 673 5090 l7.
747 5035 850 5089 l"ll
873 5035 1106 5091 ΤίιιιοιιιΔ
1145 5053 1204 5102 ιι,
1233 5038 1286 5091 5.
1362 5039 1405 5071 ⁸⁷
1439 5037 1628 5094 Matth.
1658 5044 1832 5106 ",55,

211 5171 307 5254 "(3)
334 5172 688 5254 Monasticam
723 5169 886 5254 vitam
917 5173 1239 5254 uiagnisknt
1268 5175 1438 5238 vides,
1476 5175 1565 5231 hic
1618 5177 1728 5229 lau-
1761 5183 1805 5236 D
1832 5179 2081 5254 instituto
2109 5174 2440 5254 desciscunt,
2471 5189 2594 5228 cum
2627 5188 2655 5226 a
2687 5169 3043 5254 sapientibus,
3078 5168 3422 5254 tumialrin-

177 5239 318 5296 dibus
361 5243 578 5296 extollit
627 5251 848 5320 sanctus
899 5238 1086 5320 abbas.
1120 5241 1557 5320 _Co_nqneru_ntur
1599 5262 1727 5320 vero
1831 5248 2290 5320 sipientibus-non
2321 5245 2712 5320 vituperemur.
2747 5239 2835 5294 lll.
2868 5238 2943 5320 _I_Jt
2973 5239 3026 5293 in
3071 5239 3398 5307 regularium

178 5323 342 5365 nostra
389 5323 550 5367 aetate
587 5309 768 5389 multi,
794 5311 935 5390 quod
986 5309 1574 5382 regularia'instituta,
1603 5315 1730 5382 ipsi-
1832 5309 2066 5372 otiatihus
2093 5315 2272 5369 nullus
2301 5314 2372 5367 sit
2403 5309 2509 5366 non
2574 5313 2757 5369 robus.
2789 5311 2969 5364 nullus
3001 5323 3106 5362 non
3140 5314 3397 5378 propositi

178 5394 272 5434 Itue
309 5384 586 5434 reculares
618 5381 1008 5434 desmmantur.
1059 5381 1188 5434 Sed.
1219 5398 1348 5434 nace
1384 5383 1598 5434 illorum
1642 5386 1727 5434 di-
1835 5396 1993 5434 tenax
2024 5402 2086 5434 ac
2120 5384 2442 5434 discinlinm.
2491 5327 2578 5434 hy.
2611 5382 2681 5434 Ut
2706 5380 2796 5434 nui
2830 5380 2914 5434 sui
2951 5379 3160 5434 ordinis
3185 5382 3397 5434 renulas

178 5394 277 5464 que
309 5384 586 5453 regulares
618 5381 1008 5464 despiciantur.
1034 5379 1198 5464 ‘Sed,
1219 5398 1348 5463 pace
1373 5383 1598 5464 illorum
1628 5379 1727 5438 ‘di-
1835 5396 1994 5464 tenax
2024 5402 2086 5440 ac
2120 5384 2446 5463 disciplinae.
2491 5379 2796 5464 Numqui
2830 5380 2914 5434 sui
2951 5379 3160 5434 ordinis
3185 5382 3402 5464 regulas

180 5449 840 5532 xerimfnemomnquam
884 5452 986 5532 erit
1010 5460 1140 5532 "tam
1171 5449 1471 5532 insigniter
1511 5460 1728 5532 potens,
1834 5458 2146 5517 observant,
2179 5449 2278 5508 eos
2304 5452 2542 5506 maxima
2586 5450 3022 5531 Christianorum
3075 5463 3200 5518 pars
3234 5449 3399 5532 benc-

181 5535 321 5602 nemo
362 5521 627 5602 captiosis
657 5522 979 5602 eloquentiae
1009 5520 1460 5602 illeceltrisvadeo
1497 5520 1727 5602 pollens,
1835 5529 2070 5602 volentia
2105 5540 2211 5579 non
2245 5532 2627 5602 prosequatur,
2656 5520 2880 5601 minime
2920 5535 3069 5581 vero,
3103 5533 3275 5587 eaque
3304 5521 3395 5574 ab.

179 5597 232 5673 ἠ
275 5590 500 5673 quatuor
557 5593 700 5673 Ιῖξεο,
725 5598 982 5673 Ρξ’,³“βι³¹“θ
1016 5591 1215 5673 ,ρρεείμ
1335 5590 1408 5673 Ut
1436 5593 1726 5673 regularia,
1829 5596 2127 5673 jectissima
2154 5603 2209 5648 et
2235 5590 2580 5673 exsecrabilis
2615 5591 2892 5673 hominum
2921 5603 3067 5673 pars,
3094 5603 3284 5656 nempe
3315 5591 3400 5672 ἱιιτ

182 5671 464 5743 sanctasque
497 5659 651 5716 sedis
682 5659 886 5726 judicio
909 5659 1137 5743 probata
1163 5662 1419 5743 instituta
1442 5659 1726 5743 αἰθρίου·
1830 5659 2061 5743 creduli,
2083 5676 2244 5732 atque
2266 5663 2430 5729 athci,
2451 5663 2570 5718 illos
2591 5661 2736 5725 odio,
2754 5670 2844 5715 aut
2864 5659 3050 5715 saltem
3070 5659 3401 5728 contemptui

181 5728 309 5802 tibus
337 5728 464 5787 viris
489 5747 600 5784 non
635 5731 1102 5802 cmnmcndcnttrr,
1128 5730 1195 5802 ab
1219 5730 1495 5802 Evangelii
1519 5728 1731 5786 deriso-
1842 5753 1947 5792 non
1973 5728 2223 5792 habeant.

182 5796 315 5850 ribus
365 5816 468 5855 non
516 5805 958 5854 contemnantur.
1020 5801 1082 5854 ll.
1133 5799 1199 5855 Ut
1234 5796 1505 5872 regulares
1537 5803 1629 5872 qui
1665 5804 1733 5858 ab
