  <div class='ocr_page' id='page_1' title='image "/cluster/home/n/w/nwhite01/storage/ocr_20150623/99/pst.000005714063/375.png"; bbox 0 0 4000 6306; ppageno 0'>
   <div class='ocr_carea' id='block_1_1' title="bbox 601 371 705 435">
    <p class='ocr_par' dir='ltr' id='par_1_1' title="bbox 601 371 705 435">
     <span class='ocr_line' id='line_1_1' title="bbox 601 371 705 435; baseline 0.019 -2"><span class='ocrx_word' id='word_1_1' title='bbox 601 371 705 435; x_wconf 80' lang='grc'><strong><em>659</em></strong></span> 
     </span>
    </p>
   </div>
   <div class='ocr_carea' id='block_1_2' title="bbox 1160 475 1602 531">
    <p class='ocr_par' dir='ltr' id='par_1_2' title="bbox 1160 475 1602 531">
     <span class='ocr_line' id='line_1_2' title="bbox 1160 475 1602 531; baseline -0.002 -1"><span class='ocrx_word' id='word_1_2' title='bbox 1160 475 1392 530; x_wconf 79' lang='lat' dir='ltr'><strong><em>SERMO</em></strong></span> <span class='ocrx_word' id='word_1_3' title='bbox 1443 476 1602 531; x_wconf 80' lang='lat' dir='ltr'><strong><em>CXV.</em></strong></span> 
     </span>
    </p>
   </div>
   <div class='ocr_carea' id='block_1_3' title="bbox 602 566 2159 650">
    <p class='ocr_par' dir='ltr' id='par_1_3' title="bbox 602 566 2159 650">
     <span class='ocr_line' id='line_1_3' title="bbox 602 566 2159 650; baseline 0.003 -31"><span class='ocrx_word' id='word_1_4' title='bbox 602 567 678 621; x_wconf 85' lang='lat' dir='ltr'><strong><em>De</em></strong></span> <span class='ocrx_word' id='word_1_5' title='bbox 700 568 880 620; x_wconf 82' lang='lat' dir='ltr'><strong><em>mortis</em></strong></span> <span class='ocrx_word' id='word_1_6' title='bbox 906 566 1281 629; x_wconf 78' lang='lat' dir='ltr'><strong><em>recordatione,</em></strong></span> <span class='ocrx_word' id='word_1_7' title='bbox 1307 569 1552 650; x_wconf 59' lang='lat' dir='ltr'><strong><em>obituque</em></strong></span> <span class='ocrx_word' id='word_1_8' title='bbox 1572 571 1764 638; x_wconf 80' lang='lat' dir='ltr'><strong><em>fratris</em></strong></span> <span class='ocrx_word' id='word_1_9' title='bbox 1798 569 1984 624; x_wconf 80' lang='lat' dir='ltr'><strong><em>Jacobi</em></strong></span> <span class='ocrx_word' id='word_1_10' title='bbox 2014 588 2072 622; x_wconf 86' lang='lat' dir='ltr'><strong><em>uc</em></strong></span> <span class='ocrx_word' id='word_1_11' title='bbox 2097 574 2159 624; x_wconf 90' lang='lat' dir='ltr'><strong><em>de</em></strong></span> 
     </span>
    </p>
   </div>
   <div class='ocr_carea' id='block_1_4' title="bbox 1218 649 1544 704">
    <p class='ocr_par' dir='ltr' id='par_1_4' title="bbox 1218 649 1544 704">
     <span class='ocr_line' id='line_1_4' title="bbox 1218 649 1544 704; baseline 0.009 -14"><span class='ocrx_word' id='word_1_12' title='bbox 1218 649 1439 704; x_wconf 71' lang='lat' dir='ltr'><strong><em>paenitet:</em></strong></span> <span class='ocrx_word' id='word_1_13' title='bbox 1450 649 1544 693; x_wconf 81' lang='lat' dir='ltr'><strong><em>tia.</em></strong></span> 
     </span>
    </p>
   </div>
   <div class='ocr_carea' id='block_1_5' title="bbox 673 725 2158 797">
    <p class='ocr_par' dir='ltr' id='par_1_5' title="bbox 673 725 2158 797">
     <span class='ocr_line' id='line_1_5' title="bbox 673 725 2158 797; baseline 0.001 -17"><span class='ocrx_word' id='word_1_14' title='bbox 673 725 890 781; x_wconf 76' lang='lat' dir='ltr'><strong><em>Fratres</em></strong></span> <span class='ocrx_word' id='word_1_15' title='bbox 957 728 1272 795; x_wconf 89' lang='lat' dir='ltr'><strong><em>Patresque,</em></strong></span> <span class='ocrx_word' id='word_1_16' title='bbox 1318 729 1559 797; x_wconf 87' lang='lat' dir='ltr'><strong><em>quandiu</em></strong></span> <span class='ocrx_word' id='word_1_17' title='bbox 1619 730 1683 785; x_wconf 89' lang='lat' dir='ltr'><strong><em>ad</em></strong></span> <span class='ocrx_word' id='word_1_18' title='bbox 1744 746 1838 784; x_wconf 87' lang='lat' dir='ltr'><strong><em>vos</em></strong></span> <span class='ocrx_word' id='word_1_19' title='bbox 1899 731 2158 783; x_wconf 77' lang='lat' dir='ltr'><strong><em>disseram</em></strong></span> 
     </span>
    </p>
   </div>
   <div class='ocr_carea' id='block_1_6' title="bbox 603 820 2162 891">
    <p class='ocr_par' dir='ltr' id='par_1_6' title="bbox 603 820 2162 891">
     <span class='ocr_line' id='line_1_6' title="bbox 603 820 2162 891; baseline -0.001 -14"><span class='ocrx_word' id='word_1_20' title='bbox 603 822 784 886; x_wconf 86' lang='lat' dir='ltr'><strong><em>nauci,</em></strong></span> <span class='ocrx_word' id='word_1_21' title='bbox 821 835 1022 890; x_wconf 88' lang='lat' dir='ltr'><strong><em>vosque</em></strong></span> <span class='ocrx_word' id='word_1_22' title='bbox 1063 820 1302 890; x_wconf 90' lang='lat' dir='ltr'><strong><em>jejunam</em></strong></span> <span class='ocrx_word' id='word_1_23' title='bbox 1343 822 1481 877; x_wconf 85' lang='lat' dir='ltr'><strong><em>banc</em></strong></span> <span class='ocrx_word' id='word_1_24' title='bbox 1521 823 1754 877; x_wconf 79' lang='lat' dir='ltr'><strong><em>audietis</em></strong></span> <span class='ocrx_word' id='word_1_25' title='bbox 1785 837 1995 886; x_wconf 90' lang='lat' dir='ltr'><strong><em>vocem,</em></strong></span> <span class='ocrx_word' id='word_1_26' title='bbox 2044 838 2162 891; x_wconf 66' lang='lat' dir='ltr'><strong><em>qua:</em></strong></span> 
     </span>
    </p>
   </div>
   <div class='ocr_carea' id='block_1_7' title="bbox 603 911 2160 977">
    <p class='ocr_par' dir='ltr' id='par_1_7' title="bbox 603 911 2160 977">
     <span class='ocr_line' id='line_1_7' title="bbox 603 911 2160 977; baseline 0.001 -11"><span class='ocrx_word' id='word_1_27' title='bbox 603 911 892 966; x_wconf 77' lang='lat' dir='ltr'><strong><em>admoneat</em></strong></span> <span class='ocrx_word' id='word_1_28' title='bbox 934 911 1094 967; x_wconf 74' lang='lat' dir='ltr'><strong><em>ofﬁcii</em></strong></span> <span class='ocrx_word' id='word_1_29' title='bbox 1130 913 1152 966; x_wconf 90' lang='lat'><strong>?</strong></span> <span class='ocrx_word' id='word_1_30' title='bbox 1188 929 1296 967; x_wconf 93' lang='lat' dir='ltr'><strong><em>non</em></strong></span> <span class='ocrx_word' id='word_1_31' title='bbox 1329 922 1382 966; x_wconf 87' lang='lat' dir='ltr'><strong><em>et</em></strong></span> <span class='ocrx_word' id='word_1_32' title='bbox 1411 929 1555 967; x_wconf 90' lang='lat' dir='ltr'><strong><em>nunc</em></strong></span> <span class='ocrx_word' id='word_1_33' title='bbox 1588 912 1816 967; x_wconf 93' lang='lat' dir='ltr'><strong><em>fratrum</em></strong></span> <span class='ocrx_word' id='word_1_34' title='bbox 1842 913 1968 977; x_wconf 92' lang='lat' dir='ltr'><strong><em>duo,</em></strong></span> <span class='ocrx_word' id='word_1_35' title='bbox 2003 913 2160 967; x_wconf 89' lang='lat' dir='ltr'><strong><em>Jaco-</em></strong></span> 
     </span>
    </p>
   </div>
   <div class='ocr_carea' id='block_1_8' title="bbox 601 1000 2159 1066">
    <p class='ocr_par' dir='ltr' id='par_1_8' title="bbox 601 1000 2159 1066">
     <span class='ocr_line' id='line_1_8' title="bbox 601 1000 2159 1066; baseline 0.001 -12"><span class='ocrx_word' id='word_1_36' title='bbox 601 1000 723 1066; x_wconf 90' lang='lat' dir='ltr'><strong><em>bus,</em></strong></span> <span class='ocrx_word' id='word_1_37' title='bbox 752 1017 816 1056; x_wconf 88' lang='lat' dir='ltr'><strong><em>ac</em></strong></span> <span class='ocrx_word' id='word_1_38' title='bbox 836 1001 1124 1066; x_wconf 90' lang='lat' dir='ltr'><strong><em>Basianus,</em></strong></span> <span class='ocrx_word' id='word_1_39' title='bbox 1154 1004 1290 1058; x_wconf 84' lang='lat' dir='ltr'><strong><em>alter</em></strong></span> <span class='ocrx_word' id='word_1_40' title='bbox 1325 1004 1390 1057; x_wconf 92' lang='lat' dir='ltr'><strong><em>ad</em></strong></span> <span class='ocrx_word' id='word_1_41' title='bbox 1429 1004 1593 1058; x_wconf 88' lang='lat' dir='ltr'><strong><em>Deum</em></strong></span> <span class='ocrx_word' id='word_1_42' title='bbox 1622 1003 1916 1064; x_wconf 88' lang='lat' dir='ltr'><strong><em>concessit,</em></strong></span> <span class='ocrx_word' id='word_1_43' title='bbox 1951 1006 2082 1057; x_wconf 87' lang='lat' dir='ltr'><strong><em>alter</em></strong></span> <span class='ocrx_word' id='word_1_44' title='bbox 2109 1004 2159 1056; x_wconf 93' lang='lat' dir='ltr'><strong><em>in</em></strong></span> 
     </span>
    </p>
   </div>
   <div class='ocr_carea' id='block_1_9' title="bbox 601 1091 2161 1149">
    <p class='ocr_par' dir='ltr' id='par_1_9' title="bbox 601 1091 2161 1149">
     <span class='ocr_line' id='line_1_9' title="bbox 601 1091 2161 1149; baseline 0.003 -5"><span class='ocrx_word' id='word_1_45' title='bbox 601 1091 813 1146; x_wconf 88' lang='lat' dir='ltr'><strong><em>foribus</em></strong></span> <span class='ocrx_word' id='word_1_46' title='bbox 875 1103 1117 1148; x_wconf 75' lang='lat' dir='ltr'><strong><em>versatur</em></strong></span> <span class='ocrx_word' id='word_1_47' title='bbox 1171 1094 1426 1149; x_wconf 80' lang='lat' dir='ltr'><strong><em>mortis?</em></strong></span> <span class='ocrx_word' id='word_1_48' title='bbox 1476 1093 1615 1147; x_wconf 79' lang='lat' dir='ltr'><strong><em>Num</em></strong></span> <span class='ocrx_word' id='word_1_49' title='bbox 1672 1095 2002 1149; x_wconf 85' lang='lat' dir='ltr'><strong><em>immortales</em></strong></span> <span class='ocrx_word' id='word_1_50' title='bbox 2063 1109 2161 1149; x_wconf 89' lang='lat' dir='ltr'><strong><em>nos</em></strong></span> 
     </span>
    </p>
   </div>
   <div class='ocr_carea' id='block_1_10' title="bbox 599 1183 2159 1256">
    <p class='ocr_par' dir='ltr' id='par_1_10' title="bbox 599 1183 2159 1256">
     <span class='ocr_line' id='line_1_10' title="bbox 599 1183 2159 1256; baseline 0.003 -21"><span class='ocrx_word' id='word_1_51' title='bbox 599 1183 845 1249; x_wconf 86' lang='lat' dir='ltr'><strong><em>erimus;</em></strong></span> <span class='ocrx_word' id='word_1_52' title='bbox 886 1200 991 1239; x_wconf 89' lang='lat' dir='ltr'><strong><em>non</em></strong></span> <span class='ocrx_word' id='word_1_53' title='bbox 1026 1185 1165 1239; x_wconf 90' lang='lat' dir='ltr'><strong><em>idem</em></strong></span> <span class='ocrx_word' id='word_1_54' title='bbox 1192 1186 1455 1241; x_wconf 87' lang='lat' dir='ltr'><strong><em>ducemus</em></strong></span> <span class='ocrx_word' id='word_1_55' title='bbox 1479 1186 1624 1256; x_wconf 90' lang='lat' dir='ltr'><strong><em>quod</em></strong></span> <span class='ocrx_word' id='word_1_56' title='bbox 1655 1187 1962 1255; x_wconf 65' lang='lat' dir='ltr'><strong><em>praegressi,</em></strong></span> <span class='ocrx_word' id='word_1_57' title='bbox 1992 1201 2159 1255; x_wconf 51' lang='lat' dir='ltr'><strong><em>pocua</em></strong></span> 
     </span>
    </p>
   </div>
   <div class='ocr_carea' id='block_1_11' title="bbox 599 1270 2162 1344">
    <p class='ocr_par' dir='ltr' id='par_1_11' title="bbox 599 1270 2162 1344">
     <span class='ocr_line' id='line_1_11' title="bbox 599 1270 2162 1344; baseline 0.003 -19"><span class='ocrx_word' id='word_1_58' title='bbox 599 1270 710 1326; x_wconf 91' lang='lat' dir='ltr'><strong><em>lum</em></strong></span> <span class='ocrx_word' id='word_1_59' title='bbox 741 1273 765 1326; x_wconf 87' lang='lat'><strong>?</strong></span> <span class='ocrx_word' id='word_1_60' title='bbox 797 1271 864 1327; x_wconf 90' lang='lat' dir='ltr'><strong><em>Ut</em></strong></span> <span class='ocrx_word' id='word_1_61' title='bbox 895 1274 1031 1331; x_wconf 83' lang='lat' dir='ltr'><strong><em>bene</em></strong></span> <span class='ocrx_word' id='word_1_62' title='bbox 1060 1290 1181 1330; x_wconf 88' lang='lat' dir='ltr'><strong><em>cum</em></strong></span> <span class='ocrx_word' id='word_1_63' title='bbox 1214 1290 1279 1328; x_wconf 86' lang='lat' dir='ltr'><strong><em>eo</em></strong></span> <span class='ocrx_word' id='word_1_64' title='bbox 1307 1285 1519 1344; x_wconf 79' lang='lat' dir='ltr'><strong><em>agatur,</em></strong></span> <span class='ocrx_word' id='word_1_65' title='bbox 1559 1289 1723 1343; x_wconf 87' lang='lat' dir='ltr'><strong><em>porro</em></strong></span> <span class='ocrx_word' id='word_1_66' title='bbox 1745 1275 1836 1342; x_wconf 90' lang='lat' dir='ltr'><strong><em>qui</em></strong></span> <span class='ocrx_word' id='word_1_67' title='bbox 1867 1275 1917 1328; x_wconf 90' lang='lat' dir='ltr'><strong><em>id</em></strong></span> <span class='ocrx_word' id='word_1_68' title='bbox 1947 1276 2162 1330; x_wconf 86' lang='lat' dir='ltr'><strong><em>assidue</em></strong></span> 
     </span>
    </p>
   </div>
   <div class='ocr_carea' id='block_1_12' title="bbox 598 1364 2163 1435">
    <p class='ocr_par' dir='ltr' id='par_1_12' title="bbox 598 1364 2163 1435">
     <span class='ocr_line' id='line_1_12' title="bbox 598 1364 2163 1435; baseline 0 -17"><span class='ocrx_word' id='word_1_69' title='bbox 598 1364 844 1418; x_wconf 77' lang='lat' dir='ltr'><strong><em>revolvat</em></strong></span> <span class='ocrx_word' id='word_1_70' title='bbox 889 1366 1168 1434; x_wconf 88' lang='lat' dir='ltr'><strong><em>vitamque</em></strong></span> <span class='ocrx_word' id='word_1_71' title='bbox 1219 1381 1374 1420; x_wconf 90' lang='lat' dir='ltr'><strong><em>suam</em></strong></span> <span class='ocrx_word' id='word_1_72' title='bbox 1433 1365 1839 1420; x_wconf 86' lang='lat' dir='ltr'><strong><em>meditationem</em></strong></span> <span class='ocrx_word' id='word_1_73' title='bbox 1883 1374 2163 1435; x_wconf 88' lang='lat' dir='ltr'><strong><em>comparet</em></strong></span> 
     </span>
    </p>
   </div>
   <div class='ocr_carea' id='block_1_13' title="bbox 598 1454 2162 1525">
    <p class='ocr_par' dir='ltr' id='par_1_13' title="bbox 598 1454 2162 1525">
     <span class='ocr_line' id='line_1_13' title="bbox 598 1454 2162 1525; baseline 0.003 -18"><span class='ocrx_word' id='word_1_74' title='bbox 598 1454 791 1510; x_wconf 91' lang='lat' dir='ltr'><strong><em>mortis</em></strong></span> <span class='ocrx_word' id='word_1_75' title='bbox 816 1472 832 1522; x_wconf 90' lang='lat'><strong>;</strong></span> <span class='ocrx_word' id='word_1_76' title='bbox 871 1454 958 1508; x_wconf 92' lang='lat' dir='ltr'><strong><em>ubi</em></strong></span> <span class='ocrx_word' id='word_1_77' title='bbox 989 1465 1071 1510; x_wconf 92' lang='lat' dir='ltr'><strong><em>est</em></strong></span> <span class='ocrx_word' id='word_1_78' title='bbox 1101 1456 1244 1509; x_wconf 91' lang='lat' dir='ltr'><strong><em>enim</em></strong></span> <span class='ocrx_word' id='word_1_79' title='bbox 1275 1457 1464 1512; x_wconf 90' lang='lat' dir='ltr'><strong><em>mortis</em></strong></span> <span class='ocrx_word' id='word_1_80' title='bbox 1485 1457 1784 1520; x_wconf 87' lang='lat' dir='ltr'><strong><em>meditatio,</em></strong></span> <span class='ocrx_word' id='word_1_81' title='bbox 1807 1457 2162 1525; x_wconf 89' lang='lat' dir='ltr'><strong><em>proculdubio</em></strong></span> 
     </span>
    </p>
   </div>
   <div class='ocr_carea' id='block_1_14' title="bbox 598 1542 2159 1617">
    <p class='ocr_par' dir='ltr' id='par_1_14' title="bbox 598 1542 2159 1617">
     <span class='ocr_line' id='line_1_14' title="bbox 598 1542 2159 1617; baseline 0.004 -24"><span class='ocrx_word' id='word_1_82' title='bbox 598 1542 774 1610; x_wconf 87' lang='lat' dir='ltr'><strong><em>vigor,</em></strong></span> <span class='ocrx_word' id='word_1_83' title='bbox 841 1543 1067 1608; x_wconf 88' lang='lat' dir='ltr'><strong><em>stimuli,</em></strong></span> <span class='ocrx_word' id='word_1_84' title='bbox 1098 1544 1372 1617; x_wconf 65' lang='lat' dir='ltr'><strong><em>lacrymre,</em></strong></span> <span class='ocrx_word' id='word_1_85' title='bbox 1433 1545 1694 1609; x_wconf 84' lang='lat' dir='ltr'><strong><em>suavitas,</em></strong></span> <span class='ocrx_word' id='word_1_86' title='bbox 1725 1546 1889 1608; x_wconf 89' lang='lat' dir='ltr'><strong><em>nitor,</em></strong></span> <span class='ocrx_word' id='word_1_87' title='bbox 1921 1545 2159 1599; x_wconf 90' lang='lat' dir='ltr'><strong><em>studium</em></strong></span> 
     </span>
    </p>
   </div>
   <div class='ocr_carea' id='block_1_15' title="bbox 598 1633 2156 1706">
    <p class='ocr_par' dir='ltr' id='par_1_15' title="bbox 598 1633 2156 1706">
     <span class='ocr_line' id='line_1_15' title="bbox 598 1633 2156 1706; baseline 0.004 -21"><span class='ocrx_word' id='word_1_88' title='bbox 598 1633 894 1699; x_wconf 83' lang='lat' dir='ltr'><strong><em>potiorum,</em></strong></span> <span class='ocrx_word' id='word_1_89' title='bbox 945 1642 998 1690; x_wconf 91' lang='lat' dir='ltr'><strong><em>et</em></strong></span> <span class='ocrx_word' id='word_1_90' title='bbox 1032 1649 1154 1703; x_wconf 68' lang='lat' dir='ltr'><strong><em>quae</em></strong></span> <span class='ocrx_word' id='word_1_91' title='bbox 1192 1635 1381 1688; x_wconf 89' lang='lat' dir='ltr'><strong><em>orbem</em></strong></span> <span class='ocrx_word' id='word_1_92' title='bbox 1414 1645 1694 1704; x_wconf 91' lang='lat' dir='ltr'><strong><em>superent,</em></strong></span> <span class='ocrx_word' id='word_1_93' title='bbox 1730 1647 2156 1706; x_wconf 89' lang='lat' dir='ltr'><strong><em>consequuntur.</em></strong></span> 
     </span>
    </p>
   </div>
   <div class='ocr_carea' id='block_1_16' title="bbox 597 1720 2160 1796">
    <p class='ocr_par' dir='ltr' id='par_1_16' title="bbox 597 1720 2160 1796">
     <span class='ocr_line' id='line_1_16' title="bbox 597 1720 2160 1796; baseline 0.006 -22"><span class='ocrx_word' id='word_1_94' title='bbox 597 1720 727 1786; x_wconf 70' lang='lat' dir='ltr'><strong><em>Quae</em></strong></span> <span class='ocrx_word' id='word_1_95' title='bbox 745 1723 906 1776; x_wconf 85' lang='lat' dir='ltr'><strong><em>simul</em></strong></span> <span class='ocrx_word' id='word_1_96' title='bbox 927 1723 1144 1789; x_wconf 90' lang='lat' dir='ltr'><strong><em>absunt,</em></strong></span> <span class='ocrx_word' id='word_1_97' title='bbox 1170 1725 1241 1778; x_wconf 91' lang='lat' dir='ltr'><strong><em>ibi</em></strong></span> <span class='ocrx_word' id='word_1_98' title='bbox 1269 1735 1381 1780; x_wconf 92' lang='lat' dir='ltr'><strong><em>tum</em></strong></span> <span class='ocrx_word' id='word_1_99' title='bbox 1427 1742 1604 1796; x_wconf 71' lang='lat' dir='ltr'><strong><em>prava:</em></strong></span> <span class='ocrx_word' id='word_1_100' title='bbox 1633 1728 1987 1796; x_wconf 78' lang='lat' dir='ltr'><strong><em>cogitationes</em></strong></span> <span class='ocrx_word' id='word_1_101' title='bbox 2008 1729 2160 1794; x_wconf 91' lang='lat' dir='ltr'><strong><em>oriri,</em></strong></span> 
     </span>
    </p>
   </div>
   <div class='ocr_carea' id='block_1_17' title="bbox 1783 371 2659 435">
    <p class='ocr_par' dir='ltr' id='par_1_17' title="bbox 1783 371 2659 435">
     <span class='ocr_line' id='line_1_17' title="bbox 1783 371 2659 435; baseline -0.002 -2"><span class='ocrx_word' id='word_1_102' title='bbox 1783 376 1841 435; x_wconf 93' lang='lat' dir='ltr'><strong><em>S.</em></strong></span> <span class='ocrx_word' id='word_1_103' title='bbox 1873 371 2257 433; x_wconf 82' lang='lat' dir='ltr'><strong><em>THEODORI</em></strong></span> <span class='ocrx_word' id='word_1_104' title='bbox 2318 374 2659 431; x_wconf 66' lang='lat' dir='ltr'><strong><em>STUDITAi</em></strong></span> 
     </span>
    </p>
   </div>
   <div class='ocr_carea' id='block_1_18' title="bbox 2193 474 3835 544">
    <p class='ocr_par' dir='ltr' id='par_1_18' title="bbox 2193 474 3835 544">
     <span class='ocr_line' id='line_1_18' title="bbox 2193 474 3835 544; baseline -0.001 -16"><span class='ocrx_word' id='word_1_105' title='bbox 2193 482 2234 536; x_wconf 78' lang='grc' dir='ltr'>Α</span> <span class='ocrx_word' id='word_1_106' title='bbox 2264 474 2450 530; x_wconf 78' lang='lat' dir='ltr'><strong><em>lesum</em></strong></span> <span class='ocrx_word' id='word_1_107' title='bbox 2478 478 2777 530; x_wconf 89' lang='lat' dir='ltr'><strong><em>Dominum</em></strong></span> <span class='ocrx_word' id='word_1_108' title='bbox 2817 485 3061 530; x_wconf 85' lang='lat' dir='ltr'><strong><em>nostrum</em></strong></span> <span class='ocrx_word' id='word_1_109' title='bbox 3099 496 3110 528; x_wconf 92' lang='lat'><strong>:</strong></span> <span class='ocrx_word' id='word_1_110' title='bbox 3145 476 3230 542; x_wconf 74' lang='lat' dir='ltr'><strong><em>cui</em></strong></span> <span class='ocrx_word' id='word_1_111' title='bbox 3264 476 3431 541; x_wconf 77' lang='lat' dir='ltr'><strong><em>gloria</em></strong></span> <span class='ocrx_word' id='word_1_112' title='bbox 3455 485 3509 530; x_wconf 90' lang='lat' dir='ltr'><strong><em>et</em></strong></span> <span class='ocrx_word' id='word_1_113' title='bbox 3543 475 3835 544; x_wconf 83' lang='lat' dir='ltr'><strong><em>imperium</em></strong></span> 
     </span>
    </p>
   </div>
   <div class='ocr_carea' id='block_1_19' title="bbox 3737 367 3842 429">
    <p class='ocr_par' dir='ltr' id='par_1_19' title="bbox 3737 367 3842 429">
     <span class='ocr_line' id='line_1_19' title="bbox 3737 367 3842 429; baseline 0.01 -1"><span class='ocrx_word' id='word_1_114' title='bbox 3737 367 3842 429; x_wconf 83' lang='grc'><strong><em>660</em></strong></span> 
     </span>
    </p>
   </div>
   <div class='ocr_carea' id='block_1_20' title="bbox 2265 567 3835 637">
    <p class='ocr_par' dir='ltr' id='par_1_20' title="bbox 2265 567 3835 637">
     <span class='ocr_line' id='line_1_20' title="bbox 2265 567 3835 637; baseline -0.001 -17"><span class='ocrx_word' id='word_1_115' title='bbox 2265 582 2388 621; x_wconf 91' lang='lat' dir='ltr'><strong><em>cum</em></strong></span> <span class='ocrx_word' id='word_1_116' title='bbox 2429 568 2607 630; x_wconf 89' lang='lat' dir='ltr'><strong><em>Patre,</em></strong></span> <span class='ocrx_word' id='word_1_117' title='bbox 2636 583 2700 621; x_wconf 91' lang='lat' dir='ltr'><strong><em>ac</em></strong></span> <span class='ocrx_word' id='word_1_118' title='bbox 2730 579 2919 622; x_wconf 87' lang='lat' dir='ltr'><strong><em>sancto</em></strong></span> <span class='ocrx_word' id='word_1_119' title='bbox 2966 567 3190 637; x_wconf 91' lang='lat' dir='ltr'><strong><em>Spiritu,</em></strong></span> <span class='ocrx_word' id='word_1_120' title='bbox 3226 583 3370 622; x_wconf 91' lang='lat' dir='ltr'><strong><em>nunc</em></strong></span> <span class='ocrx_word' id='word_1_121' title='bbox 3405 577 3458 621; x_wconf 91' lang='lat' dir='ltr'><strong><em>et</em></strong></span> <span class='ocrx_word' id='word_1_122' title='bbox 3514 581 3751 636; x_wconf 85' lang='lat' dir='ltr'><strong><em>semper,</em></strong></span> <span class='ocrx_word' id='word_1_123' title='bbox 3785 568 3835 620; x_wconf 89' lang='lat' dir='ltr'><strong><em>in</em></strong></span> 
     </span>
    </p>
   </div>
   <div class='ocr_carea' id='block_1_21' title="bbox 2264 658 3286 727">
    <p class='ocr_par' dir='ltr' id='par_1_21' title="bbox 2264 658 3286 727">
     <span class='ocr_line' id='line_1_21' title="bbox 2264 658 3286 727; baseline -0.001 -14"><span class='ocrx_word' id='word_1_124' title='bbox 2264 674 2597 719; x_wconf 86' lang='lat' dir='ltr'><strong><em>Onmemque</em></strong></span> <span class='ocrx_word' id='word_1_125' title='bbox 2627 658 3064 727; x_wconf 84' lang='lat' dir='ltr'><strong><em>perpetuitatem.</em></strong></span> <span class='ocrx_word' id='word_1_126' title='bbox 3096 659 3286 713; x_wconf 84' lang='lat' dir='ltr'><strong><em>Amen.</em></strong></span> 
     </span>
    </p>
   </div>
   <div class='ocr_carea' id='block_1_22' title="bbox 2827 805 3272 862">
    <p class='ocr_par' dir='ltr' id='par_1_22' title="bbox 2827 805 3272 862">
     <span class='ocr_line' id='line_1_22' title="bbox 2827 805 3272 862; baseline -0.007 -1"><span class='ocrx_word' id='word_1_127' title='bbox 2827 808 3052 862; x_wconf 79' lang='lat' dir='ltr'><strong><em>SERMO</em></strong></span> <span class='ocrx_word' id='word_1_128' title='bbox 3089 805 3272 861; x_wconf 72' lang='lat' dir='ltr'><strong><em>CXVI.</em></strong></span> 
     </span>
    </p>
   </div>
   <div class='ocr_carea' id='block_1_23' title="bbox 2267 919 3832 988">
    <p class='ocr_par' dir='ltr' id='par_1_23' title="bbox 2267 919 3832 988">
     <span class='ocr_line' id='line_1_23' title="bbox 2267 919 3832 988; baseline -0.003 -13"><span class='ocrx_word' id='word_1_129' title='bbox 2267 923 2339 975; x_wconf 90' lang='lat' dir='ltr'><strong><em>De</em></strong></span> <span class='ocrx_word' id='word_1_130' title='bbox 2371 921 2802 988; x_wconf 83' lang='lat' dir='ltr'><strong><em>aspectabilibus,</em></strong></span> <span class='ocrx_word' id='word_1_131' title='bbox 2842 930 2890 973; x_wconf 88' lang='lat' dir='ltr'><strong><em>et</em></strong></span> <span class='ocrx_word' id='word_1_132' title='bbox 2919 919 3395 986; x_wconf 83' lang='lat' dir='ltr'><strong><em>inaspectabilibus.</em></strong></span> <span class='ocrx_word' id='word_1_133' title='bbox 3429 935 3544 986; x_wconf 72' lang='lat' dir='ltr'><strong><em>qua:</em></strong></span> <span class='ocrx_word' id='word_1_134' title='bbox 3578 920 3630 970; x_wconf 83' lang='lat' dir='ltr'><strong><em>in</em></strong></span> <span class='ocrx_word' id='word_1_135' title='bbox 3665 921 3832 970; x_wconf 84' lang='lat' dir='ltr'><strong><em>mani-</em></strong></span> 
     </span>
    </p>
   </div>
   <div class='ocr_carea' id='block_1_24' title="bbox 2333 990 3831 1058">
    <p class='ocr_par' dir='ltr' id='par_1_24' title="bbox 2333 990 3831 1058">
     <span class='ocr_line' id='line_1_24' title="bbox 2333 990 3831 1058; baseline -0.003 -13"><span class='ocrx_word' id='word_1_136' title='bbox 2333 995 2422 1045; x_wconf 84' lang='lat' dir='ltr'><strong><em>bus</em></strong></span> <span class='ocrx_word' id='word_1_137' title='bbox 2465 993 2566 1044; x_wconf 82' lang='lat' dir='ltr'><strong><em>sint</em></strong></span> <span class='ocrx_word' id='word_1_138' title='bbox 2601 992 2846 1058; x_wconf 78' lang='lat' dir='ltr'><strong><em>periculis</em></strong></span> <span class='ocrx_word' id='word_1_139' title='bbox 2879 1006 2941 1042; x_wconf 91' lang='lat' dir='ltr'><strong><em>ac</em></strong></span> <span class='ocrx_word' id='word_1_140' title='bbox 2975 991 3218 1051; x_wconf 80' lang='lat' dir='ltr'><strong><em>miseriis,</em></strong></span> <span class='ocrx_word' id='word_1_141' title='bbox 3258 990 3461 1056; x_wconf 77' lang='lat' dir='ltr'><strong><em>vitaque</em></strong></span> <span class='ocrx_word' id='word_1_142' title='bbox 3495 990 3831 1054; x_wconf 81' lang='lat' dir='ltr'><strong><em>adipiscenda</em></strong></span> 
     </span>
    </p>
   </div>
   <div class='ocr_carea' id='block_1_25' title="bbox 2334 1063 2502 1130">
    <p class='ocr_par' dir='ltr' id='par_1_25' title="bbox 2334 1063 2502 1130">
     <span class='ocr_line' id='line_1_25' title="bbox 2334 1063 2502 1130; baseline 0.012 -17"><span class='ocrx_word' id='word_1_143' title='bbox 2334 1063 2502 1130; x_wconf 83' lang='lat' dir='ltr'><strong><em>felice.</em></strong></span> 
     </span>
    </p>
   </div>
   <div class='ocr_carea' id='block_1_26' title="bbox 2334 1169 3831 1243">
    <p class='ocr_par' dir='ltr' id='par_1_26' title="bbox 2334 1169 3831 1243">
     <span class='ocr_line' id='line_1_26' title="bbox 2334 1169 3831 1243; baseline -0.003 -16"><span class='ocrx_word' id='word_1_144' title='bbox 2334 1174 2548 1229; x_wconf 85' lang='lat' dir='ltr'><strong><em>Fratres</em></strong></span> <span class='ocrx_word' id='word_1_145' title='bbox 2580 1175 2876 1243; x_wconf 86' lang='lat' dir='ltr'><strong><em>Patresque</em></strong></span> <span class='ocrx_word' id='word_1_146' title='bbox 2899 1173 3036 1242; x_wconf 88' lang='lat' dir='ltr'><strong><em>,jam</em></strong></span> <span class='ocrx_word' id='word_1_147' title='bbox 3058 1173 3170 1238; x_wconf 89' lang='lat' dir='ltr'><strong><em>jam</em></strong></span> <span class='ocrx_word' id='word_1_148' title='bbox 3205 1169 3311 1224; x_wconf 88' lang='lat' dir='ltr'><strong><em>huc</em></strong></span> <span class='ocrx_word' id='word_1_149' title='bbox 3343 1169 3572 1239; x_wconf 78' lang='lat' dir='ltr'><strong><em>spiritali</em></strong></span> <span class='ocrx_word' id='word_1_150' title='bbox 3603 1170 3831 1238; x_wconf 91' lang='lat' dir='ltr'><strong><em>appulso</em></strong></span> 
     </span>
    </p>
   </div>
   <div class='ocr_carea' id='block_1_27' title="bbox 2264 1263 3834 1331">
    <p class='ocr_par' dir='ltr' id='par_1_27' title="bbox 2264 1263 3834 1331">
     <span class='ocr_line' id='line_1_27' title="bbox 2264 1263 3834 1331; baseline -0.005 -9"><span class='ocrx_word' id='word_1_151' title='bbox 2264 1269 2446 1331; x_wconf 79' lang='lat' dir='ltr'><strong><em>fratre,</em></strong></span> <span class='ocrx_word' id='word_1_152' title='bbox 2464 1269 2683 1322; x_wconf 92' lang='lat' dir='ltr'><strong><em>domino</em></strong></span> <span class='ocrx_word' id='word_1_153' title='bbox 2701 1266 2995 1328; x_wconf 87' lang='lat' dir='ltr'><strong><em>Eustratio,</em></strong></span> <span class='ocrx_word' id='word_1_154' title='bbox 3019 1265 3156 1317; x_wconf 85' lang='lat' dir='ltr'><strong><em>haud</em></strong></span> <span class='ocrx_word' id='word_1_155' title='bbox 3177 1278 3271 1317; x_wconf 90' lang='lat' dir='ltr'><strong><em>vos</em></strong></span> <span class='ocrx_word' id='word_1_156' title='bbox 3290 1263 3525 1317; x_wconf 89' lang='lat' dir='ltr'><strong><em>arbitror</em></strong></span> <span class='ocrx_word' id='word_1_157' title='bbox 3542 1263 3678 1316; x_wconf 89' lang='lat' dir='ltr'><strong><em>citra</em></strong></span> <span class='ocrx_word' id='word_1_158' title='bbox 3695 1278 3834 1330; x_wconf 68' lang='lat' dir='ltr'><strong><em>qua:-</em></strong></span> 
     </span>
    </p>
   </div>
   <div class='ocr_carea' id='block_1_28' title="bbox 2264 1353 3830 1418">
    <p class='ocr_par' dir='ltr' id='par_1_28' title="bbox 2264 1353 3830 1418">
     <span class='ocr_line' id='line_1_28' title="bbox 2264 1353 3830 1418; baseline -0.008 -3"><span class='ocrx_word' id='word_1_159' title='bbox 2264 1361 2466 1415; x_wconf 90' lang='lat' dir='ltr'><strong><em>stiones</em></strong></span> <span class='ocrx_word' id='word_1_160' title='bbox 2485 1360 2801 1418; x_wconf 90' lang='lat' dir='ltr'><strong><em>consistere,</em></strong></span> <span class='ocrx_word' id='word_1_161' title='bbox 2818 1357 3078 1410; x_wconf 85' lang='lat' dir='ltr'><strong><em>adventus</em></strong></span> <span class='ocrx_word' id='word_1_162' title='bbox 3109 1368 3326 1407; x_wconf 89' lang='lat' dir='ltr'><strong><em>causam</em></strong></span> <span class='ocrx_word' id='word_1_163' title='bbox 3348 1353 3711 1416; x_wconf 87' lang='lat' dir='ltr'><strong><em>sciscitantes,</em></strong></span> <span class='ocrx_word' id='word_1_164' title='bbox 3733 1367 3830 1404; x_wconf 85' lang='lat' dir='ltr'><strong><em>ue-</em></strong></span> 
     </span>
    </p>
   </div>
   <div class='ocr_carea' id='block_1_29' title="bbox 2262 1443 3828 1520">
    <p class='ocr_par' dir='ltr' id='par_1_29' title="bbox 2262 1443 3828 1520">
     <span class='ocr_line' id='line_1_29' title="bbox 2262 1443 3828 1520; baseline -0.006 -16"><span class='ocrx_word' id='word_1_165' title='bbox 2262 1466 2368 1520; x_wconf 92' lang='lat' dir='ltr'><strong><em>que</em></strong></span> <span class='ocrx_word' id='word_1_166' title='bbox 2391 1451 2586 1504; x_wconf 90' lang='lat' dir='ltr'><strong><em>mirum</em></strong></span> <span class='ocrx_word' id='word_1_167' title='bbox 2627 1465 2748 1504; x_wconf 91' lang='lat' dir='ltr'><strong><em>cum</em></strong></span> <span class='ocrx_word' id='word_1_168' title='bbox 2784 1446 2999 1501; x_wconf 87' lang='lat' dir='ltr'><strong><em>occasio</em></strong></span> <span class='ocrx_word' id='word_1_169' title='bbox 3031 1444 3358 1513; x_wconf 65' lang='lat' dir='ltr'><strong><em>subsit,quae</em></strong></span> <span class='ocrx_word' id='word_1_170' title='bbox 3378 1443 3705 1512; x_wconf 64' lang='lat' dir='ltr'><strong><em>quaestiones</em></strong></span> <span class='ocrx_word' id='word_1_171' title='bbox 3735 1458 3828 1496; x_wconf 91' lang='lat' dir='ltr'><strong><em>eas</em></strong></span> 
     </span>
    </p>
   </div>
   <div class='ocr_carea' id='block_1_30' title="bbox 2263 1533 3828 1610">
    <p class='ocr_par' dir='ltr' id='par_1_30' title="bbox 2263 1533 3828 1610">
     <span class='ocr_line' id='line_1_30' title="bbox 2263 1533 3828 1610; baseline -0.005 -15"><span class='ocrx_word' id='word_1_172' title='bbox 2263 1551 2534 1610; x_wconf 89' lang='lat' dir='ltr'><strong><em>provocet.</em></strong></span> <span class='ocrx_word' id='word_1_173' title='bbox 2583 1539 2686 1593; x_wconf 86' lang='lat' dir='ltr'><strong><em>Sed</em></strong></span> <span class='ocrx_word' id='word_1_174' title='bbox 2720 1538 3003 1608; x_wconf 81' lang='lat' dir='ltr'><strong><em>ignoscite,</em></strong></span> <span class='ocrx_word' id='word_1_175' title='bbox 3046 1550 3150 1588; x_wconf 93' lang='lat' dir='ltr'><strong><em>non</em></strong></span> <span class='ocrx_word' id='word_1_176' title='bbox 3198 1534 3451 1589; x_wconf 90' lang='lat' dir='ltr'><strong><em>omnibus</em></strong></span> <span class='ocrx_word' id='word_1_177' title='bbox 3490 1549 3705 1602; x_wconf 88' lang='lat' dir='ltr'><strong><em>semper</em></strong></span> <span class='ocrx_word' id='word_1_178' title='bbox 3747 1533 3828 1587; x_wconf 87' lang='lat' dir='ltr'><strong><em>fas</em></strong></span> 
     </span>
    </p>
   </div>
   <div class='ocr_carea' id='block_1_31' title="bbox 2263 1623 3824 1699">
    <p class='ocr_par' dir='ltr' id='par_1_31' title="bbox 2263 1623 3824 1699">
     <span class='ocr_line' id='line_1_31' title="bbox 2263 1623 3824 1699; baseline -0.006 -14"><span class='ocrx_word' id='word_1_179' title='bbox 2263 1631 2436 1697; x_wconf 79' lang='lat' dir='ltr'><strong><em>detegi</em></strong></span> <span class='ocrx_word' id='word_1_180' title='bbox 2489 1628 2700 1699; x_wconf 89' lang='lat' dir='ltr'><strong><em>negotia</em></strong></span> <span class='ocrx_word' id='word_1_181' title='bbox 2751 1637 2852 1691; x_wconf 88' lang='lat' dir='ltr'><strong><em>est,</em></strong></span> <span class='ocrx_word' id='word_1_182' title='bbox 2887 1641 2986 1681; x_wconf 87' lang='lat' dir='ltr'><strong><em>nec</em></strong></span> <span class='ocrx_word' id='word_1_183' title='bbox 3033 1625 3138 1678; x_wconf 90' lang='lat' dir='ltr'><strong><em>nisi</em></strong></span> <span class='ocrx_word' id='word_1_184' title='bbox 3187 1625 3414 1678; x_wconf 89' lang='lat' dir='ltr'><strong><em>fratrum</em></strong></span> <span class='ocrx_word' id='word_1_185' title='bbox 3466 1623 3824 1692; x_wconf 89' lang='lat' dir='ltr'><strong><em>primoribus,</em></strong></span> 
     </span>
    </p>
   </div>
   <div class='ocr_carea' id='block_1_32' title="bbox 2263 1713 3821 1792">
    <p class='ocr_par' dir='ltr' id='par_1_32' title="bbox 2263 1713 3821 1792">
     <span class='ocr_line' id='line_1_32' title="bbox 2263 1713 3821 1792; baseline -0.007 -16"><span class='ocrx_word' id='word_1_186' title='bbox 2263 1722 2406 1792; x_wconf 92' lang='lat' dir='ltr'><strong><em>quod</em></strong></span> <span class='ocrx_word' id='word_1_187' title='bbox 2429 1722 2496 1775; x_wconf 89' lang='lat' dir='ltr'><strong><em>ab</em></strong></span> <span class='ocrx_word' id='word_1_188' title='bbox 2525 1721 2644 1790; x_wconf 92' lang='lat' dir='ltr'><strong><em>ipso</em></strong></span> <span class='ocrx_word' id='word_1_189' title='bbox 2658 1718 2889 1773; x_wconf 91' lang='lat' dir='ltr'><strong><em>Domino</em></strong></span> <span class='ocrx_word' id='word_1_190' title='bbox 2922 1725 3109 1770; x_wconf 92' lang='lat' dir='ltr'><strong><em>nostro</em></strong></span> <span class='ocrx_word' id='word_1_191' title='bbox 3141 1713 3269 1769; x_wconf 84' lang='lat' dir='ltr'><strong><em>Jesu</em></strong></span> <span class='ocrx_word' id='word_1_192' title='bbox 3294 1715 3511 1768; x_wconf 88' lang='lat' dir='ltr'><strong><em>Christo</em></strong></span> <span class='ocrx_word' id='word_1_193' title='bbox 3538 1714 3821 1777; x_wconf 89' lang='lat' dir='ltr'><strong><em>docemur,</em></strong></span> 
     </span>
    </p>
   </div>
   <div class='ocr_carea' id='block_1_33' title="bbox 595 1804 3828 1888">
    <p class='ocr_par' dir='ltr' id='par_1_33' title="bbox 595 1804 3828 1888">
     <span class='ocr_line' id='line_1_33' title="bbox 595 1804 3828 1888; baseline -0.003 -22"><span class='ocrx_word' id='word_1_194' title='bbox 595 1828 732 1882; x_wconf 89' lang='lat' dir='ltr'><strong><em>quas</em></strong></span> <span class='ocrx_word' id='word_1_195' title='bbox 768 1815 820 1866; x_wconf 91' lang='lat' dir='ltr'><strong><em>in</em></strong></span> <span class='ocrx_word' id='word_1_196' title='bbox 858 1814 1146 1886; x_wconf 87' lang='lat' dir='ltr'><strong><em>Evangelio</em></strong></span> <span class='ocrx_word' id='word_1_197' title='bbox 1197 1816 1368 1872; x_wconf 85' lang='lat' dir='ltr'><strong><em>Herus</em></strong></span> <span class='ocrx_word' id='word_1_198' title='bbox 1410 1819 1598 1883; x_wconf 84' lang='lat' dir='ltr'><strong><em>vetuit,</em></strong></span> <span class='ocrx_word' id='word_1_199' title='bbox 1626 1834 1747 1887; x_wconf 65' lang='lat' dir='ltr'><strong><em>quia</em></strong></span> <span class='ocrx_word' id='word_1_200' title='bbox 1780 1829 1964 1888; x_wconf 90' lang='lat' dir='ltr'><strong><em>captos</em></strong></span> <span class='ocrx_word' id='word_1_201' title='bbox 1995 1820 2164 1873; x_wconf 90' lang='lat' dir='ltr'><strong><em>lanci-</em></strong></span> <span class='ocrx_word' id='word_1_202' title='bbox 2193 1818 2234 1873; x_wconf 86' lang='grc' dir='ltr'><strong>Β</strong></span> <span class='ocrx_word' id='word_1_203' title='bbox 2263 1815 2355 1884; x_wconf 91' lang='lat' dir='ltr'><strong><em>qui</em></strong></span> <span class='ocrx_word' id='word_1_204' title='bbox 2397 1828 2543 1867; x_wconf 92' lang='lat' dir='ltr'><strong><em>nunc</em></strong></span> <span class='ocrx_word' id='word_1_205' title='bbox 2565 1811 2767 1866; x_wconf 90' lang='lat' dir='ltr'><strong><em>sanctis</em></strong></span> <span class='ocrx_word' id='word_1_206' title='bbox 2792 1808 3048 1864; x_wconf 90' lang='lat' dir='ltr'><strong><em>omnibus</em></strong></span> <span class='ocrx_word' id='word_1_207' title='bbox 3095 1806 3379 1875; x_wconf 89' lang='lat' dir='ltr'><strong><em>discipulis</em></strong></span> <span class='ocrx_word' id='word_1_208' title='bbox 3408 1805 3644 1859; x_wconf 74' lang='lat' dir='ltr'><strong><em>cmlestis</em></strong></span> <span class='ocrx_word' id='word_1_209' title='bbox 3677 1804 3828 1875; x_wconf 83' lang='lat' dir='ltr'><strong><em>regni</em></strong></span> 
     </span>
    </p>
   </div>
   <div class='ocr_carea' id='block_1_34' title="bbox 595 1905 2161 1978">
    <p class='ocr_par' dir='ltr' id='par_1_34' title="bbox 595 1905 2161 1978">
     <span class='ocr_line' id='line_1_34' title="bbox 595 1905 2161 1978; baseline 0.005 -21"><span class='ocrx_word' id='word_1_210' title='bbox 595 1913 746 1968; x_wconf 90' lang='lat' dir='ltr'><strong><em>nent,</em></strong></span> <span class='ocrx_word' id='word_1_211' title='bbox 778 1920 841 1959; x_wconf 92' lang='lat' dir='ltr'><strong><em>ac</em></strong></span> <span class='ocrx_word' id='word_1_212' title='bbox 873 1905 996 1959; x_wconf 68' lang='lat' dir='ltr'><strong><em>vitae</em></strong></span> <span class='ocrx_word' id='word_1_213' title='bbox 1015 1916 1256 1963; x_wconf 88' lang='lat' dir='ltr'><strong><em>amantes</em></strong></span> <span class='ocrx_word' id='word_1_214' title='bbox 1280 1911 1597 1978; x_wconf 88' lang='lat' dir='ltr'><strong><em>pertrahant</em></strong></span> <span class='ocrx_word' id='word_1_215' title='bbox 1619 1911 1668 1964; x_wconf 94' lang='lat' dir='ltr'><strong><em>in</em></strong></span> <span class='ocrx_word' id='word_1_216' title='bbox 1697 1926 1960 1966; x_wconf 90' lang='lat' dir='ltr'><strong><em>errorem.</em></strong></span> <span class='ocrx_word' id='word_1_217' title='bbox 1991 1910 2161 1966; x_wconf 82' lang='lat' dir='ltr'><strong><em>Nobis</em></strong></span> 
     </span>
    </p>
   </div>
   <div class='ocr_carea' id='block_1_35' title="bbox 594 1992 2155 2067">
    <p class='ocr_par' dir='ltr' id='par_1_35' title="bbox 594 1992 2155 2067">
     <span class='ocr_line' id='line_1_35' title="bbox 594 1992 2155 2067; baseline 0.008 -23"><span class='ocrx_word' id='word_1_218' title='bbox 594 1992 809 2060; x_wconf 82' lang='lat' dir='ltr'><strong><em>quidem</em></strong></span> <span class='ocrx_word' id='word_1_219' title='bbox 854 1995 1189 2050; x_wconf 85' lang='lat' dir='ltr'><strong><em>recordanda</em></strong></span> <span class='ocrx_word' id='word_1_220' title='bbox 1232 2013 1444 2067; x_wconf 90' lang='lat' dir='ltr'><strong><em>semper</em></strong></span> <span class='ocrx_word' id='word_1_221' title='bbox 1489 2011 1542 2054; x_wconf 92' lang='lat' dir='ltr'><strong><em>et</em></strong></span> <span class='ocrx_word' id='word_1_222' title='bbox 1570 2001 1788 2055; x_wconf 89' lang='lat' dir='ltr'><strong><em>assidue</em></strong></span> <span class='ocrx_word' id='word_1_223' title='bbox 1839 2017 1986 2056; x_wconf 88' lang='lat' dir='ltr'><strong><em>mors</em></strong></span> <span class='ocrx_word' id='word_1_224' title='bbox 2053 2013 2155 2066; x_wconf 91' lang='lat' dir='ltr'><strong><em>est,</em></strong></span> 
     </span>
    </p>
   </div>
   <div class='ocr_carea' id='block_1_36' title="bbox 594 2087 2156 2160">
    <p class='ocr_par' dir='ltr' id='par_1_36' title="bbox 594 2087 2156 2160">
     <span class='ocr_line' id='line_1_36' title="bbox 594 2087 2156 2160; baseline 0.005 -23"><span class='ocrx_word' id='word_1_225' title='bbox 594 2098 868 2154; x_wconf 83' lang='lat' dir='ltr'><strong><em>operaque</em></strong></span> <span class='ocrx_word' id='word_1_226' title='bbox 889 2087 1064 2140; x_wconf 86' lang='lat' dir='ltr'><strong><em>danda</em></strong></span> <span class='ocrx_word' id='word_1_227' title='bbox 1093 2101 1159 2141; x_wconf 91' lang='lat' dir='ltr'><strong><em>ne</em></strong></span> <span class='ocrx_word' id='word_1_228' title='bbox 1177 2088 1336 2142; x_wconf 66' lang='lat' dir='ltr'><strong><em>foedis</em></strong></span> <span class='ocrx_word' id='word_1_229' title='bbox 1365 2090 1987 2155; x_wconf 89' lang='lat' dir='ltr'><strong><em>obeundislibidinibus,</em></strong></span> <span class='ocrx_word' id='word_1_230' title='bbox 2026 2095 2156 2160; x_wconf 89' lang='lat' dir='ltr'><strong><em>quin</em></strong></span> 
     </span>
    </p>
   </div>
   <div class='ocr_carea' id='block_1_37' title="bbox 592 2176 2156 2250">
    <p class='ocr_par' dir='ltr' id='par_1_37' title="bbox 592 2176 2156 2250">
     <span class='ocr_line' id='line_1_37' title="bbox 592 2176 2156 2250; baseline 0.004 -20"><span class='ocrx_word' id='word_1_231' title='bbox 592 2189 658 2230; x_wconf 80' lang='lat' dir='ltr'><strong><em>es</em></strong></span> <span class='ocrx_word' id='word_1_232' title='bbox 686 2176 868 2230; x_wconf 84' lang='lat' dir='ltr'><strong><em>divina</em></strong></span> <span class='ocrx_word' id='word_1_233' title='bbox 896 2177 1175 2232; x_wconf 88' lang='lat' dir='ltr'><strong><em>voluntate</em></strong></span> <span class='ocrx_word' id='word_1_234' title='bbox 1203 2179 1468 2247; x_wconf 91' lang='lat' dir='ltr'><strong><em>reliquum</em></strong></span> <span class='ocrx_word' id='word_1_235' title='bbox 1504 2180 1626 2233; x_wconf 70' lang='lat' dir='ltr'><strong><em>vitae</em></strong></span> <span class='ocrx_word' id='word_1_236' title='bbox 1666 2180 1718 2233; x_wconf 90' lang='lat' dir='ltr'><strong><em>in</em></strong></span> <span class='ocrx_word' id='word_1_237' title='bbox 1751 2195 1914 2236; x_wconf 87' lang='lat' dir='ltr'><strong><em>carne</em></strong></span> <span class='ocrx_word' id='word_1_238' title='bbox 1939 2189 2156 2250; x_wconf 86' lang='lat' dir='ltr'><strong><em>tempus</em></strong></span> 
     </span>
    </p>
   </div>
   <div class='ocr_carea' id='block_1_38' title="bbox 592 2270 2156 2338">
    <p class='ocr_par' dir='ltr' id='par_1_38' title="bbox 592 2270 2156 2338">
     <span class='ocr_line' id='line_1_38' title="bbox 592 2270 2156 2338; baseline 0.003 -19"><span class='ocrx_word' id='word_1_239' title='bbox 592 2281 934 2338; x_wconf 84' lang='lat' dir='ltr'><strong><em>peragamus,</em></strong></span> <span class='ocrx_word' id='word_1_240' title='bbox 967 2284 1092 2324; x_wconf 91' lang='lat' dir='ltr'><strong><em>nam</em></strong></span> <span class='ocrx_word' id='word_1_241' title='bbox 1127 2270 1215 2338; x_wconf 93' lang='lat' dir='ltr'><strong><em>pol</em></strong></span> <span class='ocrx_word' id='word_1_242' title='bbox 1255 2281 1562 2324; x_wconf 87' lang='lat' dir='ltr'><strong><em>auteactum</em></strong></span> <span class='ocrx_word' id='word_1_243' title='bbox 1591 2271 1789 2325; x_wconf 76' lang='lat' dir='ltr'><strong><em>sufiicit</em></strong></span> <span class='ocrx_word' id='word_1_244' title='bbox 1821 2272 2156 2327; x_wconf 88' lang='lat' dir='ltr'><strong><em>curriculum</em></strong></span> 
     </span>
    </p>
   </div>
   <div class='ocr_carea' id='block_1_39' title="bbox 593 2359 2159 2429">
    <p class='ocr_par' dir='ltr' id='par_1_39' title="bbox 593 2359 2159 2429">
     <span class='ocr_line' id='line_1_39' title="bbox 593 2359 2159 2429; baseline 0.003 -18"><span class='ocrx_word' id='word_1_245' title='bbox 593 2371 700 2427; x_wconf 92' lang='lat' dir='ltr'><strong><em>quo</em></strong></span> <span class='ocrx_word' id='word_1_246' title='bbox 717 2359 979 2428; x_wconf 89' lang='lat' dir='ltr'><strong><em>corporis,</em></strong></span> <span class='ocrx_word' id='word_1_247' title='bbox 1000 2359 1277 2429; x_wconf 87' lang='lat' dir='ltr'><strong><em>animique</em></strong></span> <span class='ocrx_word' id='word_1_248' title='bbox 1302 2359 1586 2414; x_wconf 88' lang='lat' dir='ltr'><strong><em>desideriis</em></strong></span> <span class='ocrx_word' id='word_1_249' title='bbox 1611 2360 1994 2425; x_wconf 89' lang='lat' dir='ltr'><strong><em>satisfecimus,</em></strong></span> <span class='ocrx_word' id='word_1_250' title='bbox 2024 2364 2159 2416; x_wconf 87' lang='lat' dir='ltr'><strong><em>satis</em></strong></span> 
     </span>
    </p>
   </div>
   <div class='ocr_carea' id='block_1_40' title="bbox 595 2448 2160 2519">
    <p class='ocr_par' dir='ltr' id='par_1_40' title="bbox 595 2448 2160 2519">
     <span class='ocr_line' id='line_1_40' title="bbox 595 2448 2160 2519; baseline 0.001 -17"><span class='ocrx_word' id='word_1_251' title='bbox 595 2462 869 2519; x_wconf 86' lang='lat' dir='ltr'><strong><em>superque</em></strong></span> <span class='ocrx_word' id='word_1_252' title='bbox 896 2456 978 2502; x_wconf 87' lang='lat' dir='ltr'><strong><em>est</em></strong></span> <span class='ocrx_word' id='word_1_253' title='bbox 1038 2456 1370 2502; x_wconf 86' lang='lat' dir='ltr'><strong><em>structarum</em></strong></span> <span class='ocrx_word' id='word_1_254' title='bbox 1418 2449 1636 2502; x_wconf 88' lang='lat' dir='ltr'><strong><em>diabolo</em></strong></span> <span class='ocrx_word' id='word_1_255' title='bbox 1665 2448 1935 2515; x_wconf 79' lang='lat' dir='ltr'><strong><em>fraudum,</em></strong></span> <span class='ocrx_word' id='word_1_256' title='bbox 1969 2451 2060 2519; x_wconf 89' lang='lat' dir='ltr'><strong><em>qui</em></strong></span> <span class='ocrx_word' id='word_1_257' title='bbox 2091 2451 2160 2504; x_wconf 89' lang='lat' dir='ltr'><strong><em>ab</em></strong></span> 
     </span>
    </p>
   </div>
   <div class='ocr_carea' id='block_1_41' title="bbox 594 2537 2160 2607">
    <p class='ocr_par' dir='ltr' id='par_1_41' title="bbox 594 2537 2160 2607">
     <span class='ocr_line' id='line_1_41' title="bbox 594 2537 2160 2607; baseline 0.001 -15"><span class='ocrx_word' id='word_1_258' title='bbox 594 2537 840 2592; x_wconf 89' lang='lat' dir='ltr'><strong><em>honestis</em></strong></span> <span class='ocrx_word' id='word_1_259' title='bbox 913 2538 1106 2592; x_wconf 88' lang='lat' dir='ltr'><strong><em>studiis</em></strong></span> <span class='ocrx_word' id='word_1_260' title='bbox 1165 2537 1414 2591; x_wconf 88' lang='lat' dir='ltr'><strong><em>diversos</em></strong></span> <span class='ocrx_word' id='word_1_261' title='bbox 1455 2537 1506 2590; x_wconf 92' lang='lat' dir='ltr'><strong><em>in</em></strong></span> <span class='ocrx_word' id='word_1_262' title='bbox 1536 2537 1759 2592; x_wconf 82' lang='lat' dir='ltr'><strong><em>nefariis</em></strong></span> <span class='ocrx_word' id='word_1_263' title='bbox 1815 2538 2160 2607; x_wconf 89' lang='lat' dir='ltr'><strong><em>cupidinibus</em></strong></span> 
     </span>
    </p>
   </div>
   <div class='ocr_carea' id='block_1_42' title="bbox 595 2625 2158 2696">
    <p class='ocr_par' dir='ltr' id='par_1_42' title="bbox 595 2625 2158 2696">
     <span class='ocr_line' id='line_1_42' title="bbox 595 2625 2158 2696; baseline 0.001 -16"><span class='ocrx_word' id='word_1_264' title='bbox 595 2641 800 2696; x_wconf 85' lang='lat' dir='ltr'><strong><em>susque</em></strong></span> <span class='ocrx_word' id='word_1_265' title='bbox 830 2626 1000 2694; x_wconf 86' lang='lat' dir='ltr'><strong><em>deque</em></strong></span> <span class='ocrx_word' id='word_1_266' title='bbox 1021 2625 1262 2694; x_wconf 87' lang='lat' dir='ltr'><strong><em>jactarit,</em></strong></span> <span class='ocrx_word' id='word_1_267' title='bbox 1297 2625 1436 2678; x_wconf 89' lang='lat' dir='ltr'><strong><em>unde</em></strong></span> <span class='ocrx_word' id='word_1_268' title='bbox 1459 2625 1883 2679; x_wconf 90' lang='lat' dir='ltr'><strong><em>emolumentum</em></strong></span> <span class='ocrx_word' id='word_1_269' title='bbox 1912 2627 2158 2694; x_wconf 88' lang='lat' dir='ltr'><strong><em>cepimus</em></strong></span> 
     </span>
    </p>
   </div>
   <div class='ocr_carea' id='block_1_43' title="bbox 594 2712 2159 2785">
    <p class='ocr_par' dir='ltr' id='par_1_43' title="bbox 594 2712 2159 2785">
     <span class='ocr_line' id='line_1_43' title="bbox 594 2712 2159 2785; baseline 0 -17"><span class='ocrx_word' id='word_1_270' title='bbox 594 2730 895 2785; x_wconf 85' lang='lat' dir='ltr'><strong><em>nunquam,</em></strong></span> <span class='ocrx_word' id='word_1_271' title='bbox 928 2726 1226 2780; x_wconf 89' lang='lat' dir='ltr'><strong><em>contraque</em></strong></span> <span class='ocrx_word' id='word_1_272' title='bbox 1256 2714 1541 2779; x_wconf 88' lang='lat' dir='ltr'><strong><em>damnum,</em></strong></span> <span class='ocrx_word' id='word_1_273' title='bbox 1574 2729 1637 2767; x_wconf 89' lang='lat' dir='ltr'><strong><em>ac</em></strong></span> <span class='ocrx_word' id='word_1_274' title='bbox 1670 2712 1988 2780; x_wconf 89' lang='lat' dir='ltr'><strong><em>infamiam;</em></strong></span> <span class='ocrx_word' id='word_1_275' title='bbox 2015 2731 2159 2768; x_wconf 91' lang='lat' dir='ltr'><strong><em>nunc</em></strong></span> 
     </span>
    </p>
   </div>
   <div class='ocr_carea' id='block_1_44' title="bbox 594 2803 2154 2876">
    <p class='ocr_par' dir='ltr' id='par_1_44' title="bbox 594 2803 2154 2876">
     <span class='ocr_line' id='line_1_44' title="bbox 594 2803 2154 2876; baseline -0.004 -14"><span class='ocrx_word' id='word_1_276' title='bbox 594 2817 807 2876; x_wconf 88' lang='lat' dir='ltr'><strong><em>tempus</em></strong></span> <span class='ocrx_word' id='word_1_277' title='bbox 849 2815 930 2860; x_wconf 86' lang='lat' dir='ltr'><strong><em>est</em></strong></span> <span class='ocrx_word' id='word_1_278' title='bbox 999 2813 1303 2873; x_wconf 88' lang='lat' dir='ltr'><strong><em>acceptum,</em></strong></span> <span class='ocrx_word' id='word_1_279' title='bbox 1350 2804 1576 2873; x_wconf 88' lang='lat' dir='ltr'><strong><em>diesque</em></strong></span> <span class='ocrx_word' id='word_1_280' title='bbox 1626 2804 1839 2858; x_wconf 89' lang='lat' dir='ltr'><strong><em>salutis.</em></strong></span> <span class='ocrx_word' id='word_1_281' title='bbox 1892 2803 2062 2858; x_wconf 86' lang='lat' dir='ltr'><strong><em>Hodie</em></strong></span> <span class='ocrx_word' id='word_1_282' title='bbox 2107 2806 2154 2857; x_wconf 87' lang='lat' dir='ltr'><strong><em>si</em></strong></span> 
     </span>
    </p>
   </div>
   <div class='ocr_carea' id='block_1_45' title="bbox 594 2895 2152 2966">
    <p class='ocr_par' dir='ltr' id='par_1_45' title="bbox 594 2895 2152 2966">
     <span class='ocr_line' id='line_1_45' title="bbox 594 2895 2152 2966; baseline -0.002 -14"><span class='ocrx_word' id='word_1_283' title='bbox 594 2915 762 2952; x_wconf 77' lang='lat' dir='ltr'><strong><em>vocem</em></strong></span> <span class='ocrx_word' id='word_1_284' title='bbox 786 2898 897 2966; x_wconf 86' lang='lat' dir='ltr'><strong><em>ejus</em></strong></span> <span class='ocrx_word' id='word_1_285' title='bbox 933 2897 1230 2957; x_wconf 85' lang='lat' dir='ltr'><strong><em>audieritis,</em></strong></span> <span class='ocrx_word' id='word_1_286' title='bbox 1257 2895 1412 2948; x_wconf 78' lang='lat' dir='ltr'><strong><em>nolite</em></strong></span> <span class='ocrx_word' id='word_1_287' title='bbox 1439 2896 1695 2948; x_wconf 86' lang='lat' dir='ltr'><strong><em>obdurare</em></strong></span> <span class='ocrx_word' id='word_1_288' title='bbox 1719 2896 1880 2948; x_wconf 89' lang='lat' dir='ltr'><strong><em>corda</em></strong></span> <span class='ocrx_word' id='word_1_289' title='bbox 1903 2907 2070 2950; x_wconf 85' lang='lat' dir='ltr'><strong><em>vestra</em></strong></span> <span class='ocrx_word' id='word_1_290' title='bbox 2088 2897 2152 2958; x_wconf 82' lang='grc'><strong><em>⁸⁸,</em></strong></span> 
     </span>
    </p>
   </div>
   <div class='ocr_carea' id='block_1_46' title="bbox 594 2991 2153 3060">
    <p class='ocr_par' dir='ltr' id='par_1_46' title="bbox 594 2991 2153 3060">
     <span class='ocr_line' id='line_1_46' title="bbox 594 2991 2153 3060; baseline -0.003 -10"><span class='ocrx_word' id='word_1_291' title='bbox 594 3002 817 3050; x_wconf 83' lang='lat' dir='ltr'><strong><em>sanctus</em></strong></span> <span class='ocrx_word' id='word_1_292' title='bbox 871 2991 1106 3060; x_wconf 90' lang='lat' dir='ltr'><strong><em>Spiritus</em></strong></span> <span class='ocrx_word' id='word_1_293' title='bbox 1155 2992 1374 3055; x_wconf 90' lang='lat' dir='ltr'><strong><em>clamat,</em></strong></span> <span class='ocrx_word' id='word_1_294' title='bbox 1421 2992 1622 3045; x_wconf 88' lang='lat' dir='ltr'><strong><em>etenim</em></strong></span> <span class='ocrx_word' id='word_1_295' title='bbox 1671 3008 1836 3060; x_wconf 84' lang='lat' dir='ltr'><strong><em>prona</em></strong></span> <span class='ocrx_word' id='word_1_296' title='bbox 1884 2994 1936 3045; x_wconf 90' lang='lat' dir='ltr'><strong><em>in</em></strong></span> <span class='ocrx_word' id='word_1_297' title='bbox 1966 2994 2153 3046; x_wconf 89' lang='lat' dir='ltr'><strong><em>vitium</em></strong></span> 
     </span>
    </p>
   </div>
   <div class='ocr_carea' id='block_1_47' title="bbox 593 3083 2150 3149">
    <p class='ocr_par' dir='ltr' id='par_1_47' title="bbox 593 3083 2150 3149">
     <span class='ocr_line' id='line_1_47' title="bbox 593 3083 2150 3149; baseline -0.003 -11"><span class='ocrx_word' id='word_1_298' title='bbox 593 3087 774 3138; x_wconf 89' lang='lat' dir='ltr'><strong><em>anima</em></strong></span> <span class='ocrx_word' id='word_1_299' title='bbox 827 3083 1056 3139; x_wconf 85' lang='lat' dir='ltr'><strong><em>adversa</em></strong></span> <span class='ocrx_word' id='word_1_300' title='bbox 1110 3091 1305 3136; x_wconf 91' lang='lat' dir='ltr'><strong><em>natura</em></strong></span> <span class='ocrx_word' id='word_1_301' title='bbox 1356 3089 1562 3146; x_wconf 86' lang='lat' dir='ltr'><strong><em>nostra,</em></strong></span> <span class='ocrx_word' id='word_1_302' title='bbox 1615 3098 1736 3149; x_wconf 71' lang='lat' dir='ltr'><strong><em>qua:</em></strong></span> <span class='ocrx_word' id='word_1_303' title='bbox 1768 3097 1866 3135; x_wconf 90' lang='lat' dir='ltr'><strong><em>nec</em></strong></span> <span class='ocrx_word' id='word_1_304' title='bbox 1898 3083 2150 3134; x_wconf 92' lang='lat' dir='ltr'><strong><em>diurnam</em></strong></span> 
     </span>
    </p>
   </div>
   <div class='ocr_carea' id='block_1_48' title="bbox 2267 1894 3830 1973">
    <p class='ocr_par' dir='ltr' id='par_1_48' title="bbox 2267 1894 3830 1973">
     <span class='ocr_line' id='line_1_48' title="bbox 2267 1894 3830 1973; baseline -0.006 -15"><span class='ocrx_word' id='word_1_305' title='bbox 2267 1902 2442 1973; x_wconf 81' lang='lat' dir='ltr'><strong><em>aperit</em></strong></span> <span class='ocrx_word' id='word_1_306' title='bbox 2473 1916 2675 1956; x_wconf 90' lang='lat' dir='ltr'><strong><em>arcana</em></strong></span> <span class='ocrx_word' id='word_1_307' title='bbox 2715 1918 2727 1953; x_wconf 91' lang='lat'><strong>:</strong></span> <span class='ocrx_word' id='word_1_308' title='bbox 2761 1913 2906 1953; x_wconf 91' lang='lat' dir='ltr'><strong><em>nunc</em></strong></span> <span class='ocrx_word' id='word_1_309' title='bbox 2943 1899 3240 1967; x_wconf 87' lang='lat' dir='ltr'><strong><em>assumptis</em></strong></span> <span class='ocrx_word' id='word_1_310' title='bbox 3291 1897 3469 1962; x_wconf 88' lang='lat' dir='ltr'><strong><em>Petro,</em></strong></span> <span class='ocrx_word' id='word_1_311' title='bbox 3505 1894 3728 1958; x_wconf 86' lang='lat' dir='ltr'><strong><em>Jacobo,</em></strong></span> <span class='ocrx_word' id='word_1_312' title='bbox 3767 1911 3830 1950; x_wconf 91' lang='lat' dir='ltr'><strong><em>ac</em></strong></span> 
     </span>
    </p>
   </div>
   <div class='ocr_carea' id='block_1_49' title="bbox 2265 1984 3824 2057">
    <p class='ocr_par' dir='ltr' id='par_1_49' title="bbox 2265 1984 3824 2057">
     <span class='ocr_line' id='line_1_49' title="bbox 2265 1984 3824 2057; baseline -0.008 -8"><span class='ocrx_word' id='word_1_313' title='bbox 2265 1996 2533 2055; x_wconf 84' lang='lat' dir='ltr'><strong><em>Johanne,</em></strong></span> <span class='ocrx_word' id='word_1_314' title='bbox 2577 1993 2644 2047; x_wconf 90' lang='lat' dir='ltr'><strong><em>iis</em></strong></span> <span class='ocrx_word' id='word_1_315' title='bbox 2677 1991 2810 2046; x_wconf 85' lang='lat' dir='ltr'><strong><em>solis</em></strong></span> <span class='ocrx_word' id='word_1_316' title='bbox 2861 1989 3083 2044; x_wconf 82' lang='lat' dir='ltr'><strong><em>exhibet</em></strong></span> <span class='ocrx_word' id='word_1_317' title='bbox 3133 1985 3465 2057; x_wconf 89' lang='lat' dir='ltr'><strong><em>spectacula.</em></strong></span> <span class='ocrx_word' id='word_1_318' title='bbox 3503 1984 3824 2054; x_wconf 89' lang='lat' dir='ltr'><strong><em>Quanquam</em></strong></span> 
     </span>
    </p>
   </div>
   <div class='ocr_carea' id='block_1_50' title="bbox 2267 2075 3828 2156">
    <p class='ocr_par' dir='ltr' id='par_1_50' title="bbox 2267 2075 3828 2156">
     <span class='ocr_line' id='line_1_50' title="bbox 2267 2075 3828 2156; baseline -0.009 -14"><span class='ocrx_word' id='word_1_319' title='bbox 2267 2098 2327 2142; x_wconf 93' lang='lat' dir='ltr'><strong><em>ut</em></strong></span> <span class='ocrx_word' id='word_1_320' title='bbox 2369 2085 2565 2156; x_wconf 91' lang='lat' dir='ltr'><strong><em>partim</em></strong></span> <span class='ocrx_word' id='word_1_321' title='bbox 2619 2082 2805 2137; x_wconf 90' lang='lat' dir='ltr'><strong><em>sciatis</em></strong></span> <span class='ocrx_word' id='word_1_322' title='bbox 2853 2095 2950 2135; x_wconf 92' lang='lat' dir='ltr'><strong><em>vos</em></strong></span> <span class='ocrx_word' id='word_1_323' title='bbox 2999 2094 3239 2148; x_wconf 90' lang='lat' dir='ltr'><strong><em>quoque,</em></strong></span> <span class='ocrx_word' id='word_1_324' title='bbox 3289 2078 3360 2132; x_wconf 90' lang='lat' dir='ltr'><strong><em>ob</em></strong></span> <span class='ocrx_word' id='word_1_325' title='bbox 3403 2075 3703 2131; x_wconf 84' lang='lat' dir='ltr'><strong><em>Ecclesiam</em></strong></span> <span class='ocrx_word' id='word_1_326' title='bbox 3747 2085 3828 2129; x_wconf 85' lang='lat' dir='ltr'><strong><em>est</em></strong></span> 
     </span>
    </p>
   </div>
   <div class='ocr_carea' id='block_1_51' title="bbox 2264 2167 3829 2246">
    <p class='ocr_par' dir='ltr' id='par_1_51' title="bbox 2264 2167 3829 2246">
     <span class='ocr_line' id='line_1_51' title="bbox 2264 2167 3829 2246; baseline -0.008 -13"><span class='ocrx_word' id='word_1_327' title='bbox 2264 2179 2530 2233; x_wconf 84' lang='lat' dir='ltr'><strong><em>adventus</em></strong></span> <span class='ocrx_word' id='word_1_328' title='bbox 2575 2174 2902 2246; x_wconf 86' lang='lat' dir='ltr'><strong><em>:profitetur</em></strong></span> <span class='ocrx_word' id='word_1_329' title='bbox 2953 2187 3227 2241; x_wconf 89' lang='lat' dir='ltr'><strong><em>namque,</em></strong></span> <span class='ocrx_word' id='word_1_330' title='bbox 3269 2181 3328 2224; x_wconf 91' lang='lat' dir='ltr'><strong><em>ut</em></strong></span> <span class='ocrx_word' id='word_1_331' title='bbox 3362 2185 3392 2224; x_wconf 91' lang='lat' dir='ltr'><strong><em>a</em></strong></span> <span class='ocrx_word' id='word_1_332' title='bbox 3443 2167 3680 2224; x_wconf 82' lang='lat' dir='ltr'><strong><em>consciis</em></strong></span> <span class='ocrx_word' id='word_1_333' title='bbox 3708 2207 3721 2230; x_wconf 96' lang='lat'><strong><em>,</em></strong></span> <span class='ocrx_word' id='word_1_334' title='bbox 3777 2176 3829 2220; x_wconf 91' lang='lat' dir='ltr'><strong><em>et</em></strong></span> 
     </span>
    </p>
   </div>
   <div class='ocr_carea' id='block_1_52' title="bbox 2266 2255 3826 2334">
    <p class='ocr_par' dir='ltr' id='par_1_52' title="bbox 2266 2255 3826 2334">
     <span class='ocr_line' id='line_1_52' title="bbox 2266 2255 3826 2334; baseline -0.006 -10"><span class='ocrx_word' id='word_1_335' title='bbox 2266 2267 2480 2325; x_wconf 90' lang='lat' dir='ltr'><strong><em>concilii</em></strong></span> <span class='ocrx_word' id='word_1_336' title='bbox 2515 2255 2750 2334; x_wconf 87' lang='lat' dir='ltr'><strong><em>tempus,</em></strong></span> <span class='ocrx_word' id='word_1_337' title='bbox 2780 2274 2833 2318; x_wconf 88' lang='lat' dir='ltr'><strong><em>et</em></strong></span> <span class='ocrx_word' id='word_1_338' title='bbox 2860 2263 2979 2317; x_wconf 85' lang='lat' dir='ltr'><strong><em>fidei</em></strong></span> <span class='ocrx_word' id='word_1_339' title='bbox 3006 2264 3477 2327; x_wconf 86' lang='lat' dir='ltr'><strong><em>instaurationem,</em></strong></span> <span class='ocrx_word' id='word_1_340' title='bbox 3505 2273 3556 2316; x_wconf 91' lang='lat' dir='ltr'><strong><em>et</em></strong></span> <span class='ocrx_word' id='word_1_341' title='bbox 3578 2261 3826 2316; x_wconf 82' lang='lat' dir='ltr'><strong><em>exsulum</em></strong></span> 
     </span>
    </p>
   </div>
   <div class='ocr_carea' id='block_1_53' title="bbox 2266 2353 3828 2424">
    <p class='ocr_par' dir='ltr' id='par_1_53' title="bbox 2266 2353 3828 2424">
     <span class='ocr_line' id='line_1_53' title="bbox 2266 2353 3828 2424; baseline -0.005 -11"><span class='ocrx_word' id='word_1_342' title='bbox 2266 2359 2692 2414; x_wconf 88' lang='lat' dir='ltr'><strong><em>revocationem.</em></strong></span> <span class='ocrx_word' id='word_1_343' title='bbox 2728 2356 2807 2409; x_wconf 84' lang='lat' dir='ltr'><strong><em>Ad</em></strong></span> <span class='ocrx_word' id='word_1_344' title='bbox 2837 2370 2960 2424; x_wconf 71' lang='lat' dir='ltr'><strong><em>quae</em></strong></span> <span class='ocrx_word' id='word_1_345' title='bbox 2989 2363 3238 2408; x_wconf 90' lang='lat' dir='ltr'><strong><em>accurate</em></strong></span> <span class='ocrx_word' id='word_1_346' title='bbox 3287 2353 3670 2422; x_wconf 86' lang='lat' dir='ltr'><strong><em>respondimus</em></strong></span> <span class='ocrx_word' id='word_1_347' title='bbox 3706 2367 3828 2421; x_wconf 68' lang='lat' dir='ltr'><strong><em>qum</em></strong></span> 
     </span>
    </p>
   </div>
   <div class='ocr_carea' id='block_1_54' title="bbox 2265 2441 3826 2510">
    <p class='ocr_par' dir='ltr' id='par_1_54' title="bbox 2265 2441 3826 2510">
     <span class='ocr_line' id='line_1_54' title="bbox 2265 2441 3826 2510; baseline -0.005 -6"><span class='ocrx_word' id='word_1_348' title='bbox 2265 2455 2500 2510; x_wconf 90' lang='lat' dir='ltr'><strong><em>deceret,</em></strong></span> <span class='ocrx_word' id='word_1_349' title='bbox 2547 2447 2683 2500; x_wconf 91' lang='lat' dir='ltr'><strong><em>nihil</em></strong></span> <span class='ocrx_word' id='word_1_350' title='bbox 2731 2443 3163 2507; x_wconf 85' lang='lat' dir='ltr'><strong><em>dissimulantes,</em></strong></span> <span class='ocrx_word' id='word_1_351' title='bbox 3218 2441 3310 2496; x_wconf 90' lang='lat' dir='ltr'><strong><em>Dei</em></strong></span> <span class='ocrx_word' id='word_1_352' title='bbox 3360 2442 3644 2506; x_wconf 83' lang='lat' dir='ltr'><strong><em>beneficio,</em></strong></span> <span class='ocrx_word' id='word_1_353' title='bbox 3685 2443 3826 2509; x_wconf 85' lang='lat' dir='ltr'><strong><em>quod</em></strong></span> 
     </span>
    </p>
   </div>
   <div class='ocr_carea' id='block_1_55' title="bbox 2270 2532 3828 2606">
    <p class='ocr_par' dir='ltr' id='par_1_55' title="bbox 2270 2532 3828 2606">
     <span class='ocr_line' id='line_1_55' title="bbox 2270 2532 3828 2606; baseline -0.006 -13"><span class='ocrx_word' id='word_1_354' title='bbox 2270 2539 2412 2593; x_wconf 89' lang='lat' dir='ltr'><strong><em>edici</em></strong></span> <span class='ocrx_word' id='word_1_355' title='bbox 2452 2546 2747 2606; x_wconf 87' lang='lat' dir='ltr'><strong><em>oporteret,</em></strong></span> <span class='ocrx_word' id='word_1_356' title='bbox 2797 2534 2942 2589; x_wconf 91' lang='lat' dir='ltr'><strong><em>unde</em></strong></span> <span class='ocrx_word' id='word_1_357' title='bbox 2969 2542 3023 2588; x_wconf 90' lang='lat' dir='ltr'><strong><em>et</em></strong></span> <span class='ocrx_word' id='word_1_358' title='bbox 3049 2534 3423 2602; x_wconf 86' lang='lat' dir='ltr'><strong><em>conjecturam</em></strong></span> <span class='ocrx_word' id='word_1_359' title='bbox 3461 2532 3694 2588; x_wconf 88' lang='lat' dir='ltr'><strong><em>facimus</em></strong></span> <span class='ocrx_word' id='word_1_360' title='bbox 3731 2535 3828 2587; x_wconf 84' lang='lat' dir='ltr'><strong><em>ite-</em></strong></span> 
     </span>
    </p>
   </div>
   <div class='ocr_carea' id='block_1_56' title="bbox 2273 2623 3826 2696">
    <p class='ocr_par' dir='ltr' id='par_1_56' title="bbox 2273 2623 3826 2696">
     <span class='ocr_line' id='line_1_56' title="bbox 2273 2623 3826 2696; baseline -0.004 -15"><span class='ocrx_word' id='word_1_361' title='bbox 2273 2644 2391 2681; x_wconf 92' lang='lat' dir='ltr'><strong><em>rum</em></strong></span> <span class='ocrx_word' id='word_1_362' title='bbox 2421 2642 2521 2681; x_wconf 92' lang='lat' dir='ltr'><strong><em>nos</em></strong></span> <span class='ocrx_word' id='word_1_363' title='bbox 2556 2627 2793 2696; x_wconf 89' lang='lat' dir='ltr'><strong><em>pericula</em></strong></span> <span class='ocrx_word' id='word_1_364' title='bbox 2843 2641 2906 2681; x_wconf 88' lang='lat' dir='ltr'><strong><em>ac</em></strong></span> <span class='ocrx_word' id='word_1_365' title='bbox 2933 2626 3186 2680; x_wconf 89' lang='lat' dir='ltr'><strong><em>miserias</em></strong></span> <span class='ocrx_word' id='word_1_366' title='bbox 3218 2640 3454 2679; x_wconf 89' lang='lat' dir='ltr'><strong><em>manere.</em></strong></span> <span class='ocrx_word' id='word_1_367' title='bbox 3489 2623 3594 2678; x_wconf 89' lang='lat' dir='ltr'><strong><em>Sed</em></strong></span> <span class='ocrx_word' id='word_1_368' title='bbox 3634 2625 3764 2676; x_wconf 80' lang='lat' dir='ltr'><strong><em>nihil</em></strong></span> <span class='ocrx_word' id='word_1_369' title='bbox 3782 2625 3826 2657; x_wconf 77' lang='grc'><strong><em>⁸³</em></strong></span> 
     </span>
    </p>
   </div>
   <div class='ocr_carea' id='block_1_57' title="bbox 2263 2714 3828 2787">
    <p class='ocr_par' dir='ltr' id='par_1_57' title="bbox 2263 2714 3828 2787">
     <span class='ocr_line' id='line_1_57' title="bbox 2263 2714 3828 2787; baseline -0.002 -15"><span class='ocrx_word' id='word_1_370' title='bbox 2263 2722 2453 2773; x_wconf 78' lang='lat' dir='ltr'><strong><em>horum</em></strong></span> <span class='ocrx_word' id='word_1_371' title='bbox 2494 2735 2690 2783; x_wconf 84' lang='lat' dir='ltr'><strong><em>vereor,</em></strong></span> <span class='ocrx_word' id='word_1_372' title='bbox 2722 2719 2798 2771; x_wconf 89' lang='lat' dir='ltr'><strong><em>ait</em></strong></span> <span class='ocrx_word' id='word_1_373' title='bbox 2830 2718 3023 2773; x_wconf 90' lang='lat' dir='ltr'><strong><em>beatus</em></strong></span> <span class='ocrx_word' id='word_1_374' title='bbox 3084 2717 3376 2787; x_wconf 82' lang='lat' dir='ltr'><strong><em>Apostolus</em></strong></span> <span class='ocrx_word' id='word_1_375' title='bbox 3420 2714 3701 2784; x_wconf 89' lang='lat' dir='ltr'><strong><em>(lepidum</em></strong></span> <span class='ocrx_word' id='word_1_376' title='bbox 3747 2728 3828 2769; x_wconf 91' lang='lat' dir='ltr'><strong><em>est</em></strong></span> 
     </span>
    </p>
   </div>
   <div class='ocr_carea' id='block_1_58' title="bbox 2264 2807 3826 2878">
    <p class='ocr_par' dir='ltr' id='par_1_58' title="bbox 2264 2807 3826 2878">
     <span class='ocr_line' id='line_1_58' title="bbox 2264 2807 3826 2878; baseline -0.004 -13"><span class='ocrx_word' id='word_1_377' title='bbox 2264 2812 2410 2865; x_wconf 90' lang='lat' dir='ltr'><strong><em>enim</em></strong></span> <span class='ocrx_word' id='word_1_378' title='bbox 2450 2812 2562 2865; x_wconf 67' lang='lat' dir='ltr'><strong><em>haec</em></strong></span> <span class='ocrx_word' id='word_1_379' title='bbox 2590 2811 2707 2878; x_wconf 87' lang='lat' dir='ltr'><strong><em>ejus</em></strong></span> <span class='ocrx_word' id='word_1_380' title='bbox 2737 2809 2900 2864; x_wconf 85' lang='lat' dir='ltr'><strong><em>verba</em></strong></span> <span class='ocrx_word' id='word_1_381' title='bbox 2944 2823 3254 2878; x_wconf 74' lang='lat' dir='ltr'><strong><em>usurpare),</em></strong></span> <span class='ocrx_word' id='word_1_382' title='bbox 3292 2823 3382 2860; x_wconf 87' lang='lat' dir='ltr'><strong><em>nec</em></strong></span> <span class='ocrx_word' id='word_1_383' title='bbox 3423 2807 3563 2876; x_wconf 80' lang='lat' dir='ltr'><strong><em>facio</em></strong></span> <span class='ocrx_word' id='word_1_384' title='bbox 3596 2807 3826 2859; x_wconf 85' lang='lat' dir='ltr'><strong><em>animam</em></strong></span> 
     </span>
    </p>
   </div>
   <div class='ocr_carea' id='block_1_59' title="bbox 2264 2900 3828 2972">
    <p class='ocr_par' dir='ltr' id='par_1_59' title="bbox 2264 2900 3828 2972">
     <span class='ocr_line' id='line_1_59' title="bbox 2264 2900 3828 2972; baseline -0.003 -18"><span class='ocrx_word' id='word_1_385' title='bbox 2264 2919 2434 2956; x_wconf 89' lang='lat' dir='ltr'><strong><em>meam</em></strong></span> <span class='ocrx_word' id='word_1_386' title='bbox 2451 2903 2813 2972; x_wconf 85' lang='lat' dir='ltr'><strong><em>pretiosiorem</em></strong></span> <span class='ocrx_word' id='word_1_387' title='bbox 2844 2917 3003 2970; x_wconf 90' lang='lat' dir='ltr'><strong><em>quam</em></strong></span> <span class='ocrx_word' id='word_1_388' title='bbox 3035 2916 3134 2964; x_wconf 91' lang='lat' dir='ltr'><strong><em>me,</em></strong></span> <span class='ocrx_word' id='word_1_389' title='bbox 3169 2900 3450 2951; x_wconf 89' lang='lat' dir='ltr'><strong><em>dummodo</em></strong></span> <span class='ocrx_word' id='word_1_390' title='bbox 3479 2914 3828 2951; x_wconf 85' lang='lat' dir='ltr'><strong><em>consummem</em></strong></span> 
     </span>
    </p>
   </div>
   <div class='ocr_carea' id='block_1_60' title="bbox 2263 2988 3830 3062">
    <p class='ocr_par' dir='ltr' id='par_1_60' title="bbox 2263 2988 3830 3062">
     <span class='ocr_line' id='line_1_60' title="bbox 2263 2988 3830 3062; baseline -0.003 -15"><span class='ocrx_word' id='word_1_391' title='bbox 2263 3011 2474 3047; x_wconf 82' lang='lat' dir='ltr'><strong><em>cursum</em></strong></span> <span class='ocrx_word' id='word_1_392' title='bbox 2508 3010 2675 3047; x_wconf 89' lang='lat' dir='ltr'><strong><em>meum</em></strong></span> <span class='ocrx_word' id='word_1_393' title='bbox 2707 3010 2825 3046; x_wconf 82' lang='lat' dir='ltr'><strong><em>cum</em></strong></span> <span class='ocrx_word' id='word_1_394' title='bbox 2855 2991 3071 3062; x_wconf 86' lang='lat' dir='ltr'><strong><em>gaudio,</em></strong></span> <span class='ocrx_word' id='word_1_395' title='bbox 3111 3000 3161 3043; x_wconf 90' lang='lat' dir='ltr'><strong><em>et</em></strong></span> <span class='ocrx_word' id='word_1_396' title='bbox 3190 2990 3538 3042; x_wconf 83' lang='lat' dir='ltr'><strong><em>ministerium</em></strong></span> <span class='ocrx_word' id='word_1_397' title='bbox 3571 2988 3708 3058; x_wconf 87' lang='lat' dir='ltr'><strong><em>quod</em></strong></span> <span class='ocrx_word' id='word_1_398' title='bbox 3742 3006 3830 3042; x_wconf 88' lang='lat' dir='ltr'><strong><em>ac-</em></strong></span> 
     </span>
    </p>
   </div>
   <div class='ocr_carea' id='block_1_61' title="bbox 2263 3079 3831 3153">
    <p class='ocr_par' dir='ltr' id='par_1_61' title="bbox 2263 3079 3831 3153">
     <span class='ocr_line' id='line_1_61' title="bbox 2263 3079 3831 3153; baseline -0.002 -16"><span class='ocrx_word' id='word_1_399' title='bbox 2263 3087 2373 3153; x_wconf 90' lang='lat' dir='ltr'><strong><em>cepi</em></strong></span> <span class='ocrx_word' id='word_1_400' title='bbox 2411 3101 2443 3136; x_wconf 92' lang='lat' dir='ltr'><strong><em>a</em></strong></span> <span class='ocrx_word' id='word_1_401' title='bbox 2483 3083 2701 3136; x_wconf 83' lang='lat' dir='ltr'><strong><em>Domino</em></strong></span> <span class='ocrx_word' id='word_1_402' title='bbox 2743 3081 2902 3146; x_wconf 71' lang='lat' dir='ltr'><strong><em>Iesu,</em></strong></span> <span class='ocrx_word' id='word_1_403' title='bbox 2955 3081 3230 3150; x_wconf 73' lang='lat' dir='ltr'><strong><em>testiﬁcari</em></strong></span> <span class='ocrx_word' id='word_1_404' title='bbox 3261 3079 3601 3149; x_wconf 87' lang='lat' dir='ltr'><strong><em>Evangelium</em></strong></span> <span class='ocrx_word' id='word_1_405' title='bbox 3643 3082 3831 3150; x_wconf 69' lang='lat' dir='ltr'><strong><em>gratia</em></strong></span> 
     </span>
    </p>
   </div>
   <div class='ocr_carea' id='block_1_62' title="bbox 591 3169 3828 3242">
    <p class='ocr_par' dir='ltr' id='par_1_62' title="bbox 591 3169 3828 3242">
     <span class='ocr_line' id='line_1_62' title="bbox 591 3169 3828 3242; baseline -0.001 -12"><span class='ocrx_word' id='word_1_406' title='bbox 591 3174 939 3230; x_wconf 87' lang='lat' dir='ltr'><strong><em>stabilitatem</em></strong></span> <span class='ocrx_word' id='word_1_407' title='bbox 978 3173 1226 3237; x_wconf 85' lang='lat' dir='ltr'><strong><em>haberet,</em></strong></span> <span class='ocrx_word' id='word_1_408' title='bbox 1257 3173 1513 3226; x_wconf 89' lang='lat' dir='ltr'><strong><em>benevole</em></strong></span> <span class='ocrx_word' id='word_1_409' title='bbox 1543 3186 1708 3234; x_wconf 91' lang='lat' dir='ltr'><strong><em>nunc,</em></strong></span> <span class='ocrx_word' id='word_1_410' title='bbox 1744 3179 1796 3224; x_wconf 90' lang='lat' dir='ltr'><strong><em>et</em></strong></span> <span class='ocrx_word' id='word_1_411' title='bbox 1832 3171 1991 3225; x_wconf 89' lang='lat' dir='ltr'><strong><em>hodie</em></strong></span> <span class='ocrx_word' id='word_1_412' title='bbox 2023 3187 2158 3240; x_wconf 68' lang='lat' dir='ltr'><strong><em>prte-</em></strong></span> <span class='ocrx_word' id='word_1_413' title='bbox 2190 3169 2230 3224; x_wconf 90' lang='lat' dir='ltr'><strong><em>C</em></strong></span> <span class='ocrx_word' id='word_1_414' title='bbox 2266 3175 2363 3228; x_wconf 86' lang='lat' dir='ltr'><strong><em>Dei</em></strong></span> <span class='ocrx_word' id='word_1_415' title='bbox 2386 3177 2455 3238; x_wconf 72' lang='lat'><strong><em>9°,</em></strong></span> <span class='ocrx_word' id='word_1_416' title='bbox 2490 3175 2632 3228; x_wconf 85' lang='lat' dir='ltr'><strong><em>idem</em></strong></span> <span class='ocrx_word' id='word_1_417' title='bbox 2668 3184 2720 3227; x_wconf 91' lang='lat' dir='ltr'><strong><em>et</em></strong></span> <span class='ocrx_word' id='word_1_418' title='bbox 2746 3189 2845 3228; x_wconf 90' lang='lat' dir='ltr'><strong><em>nos</em></strong></span> <span class='ocrx_word' id='word_1_419' title='bbox 2879 3173 3096 3236; x_wconf 80' lang='lat' dir='ltr'><strong><em>fratres,</em></strong></span> <span class='ocrx_word' id='word_1_420' title='bbox 3133 3187 3231 3242; x_wconf 94' lang='lat' dir='ltr'><strong><em>pro</em></strong></span> <span class='ocrx_word' id='word_1_421' title='bbox 3265 3173 3386 3226; x_wconf 88' lang='lat' dir='ltr'><strong><em>data</em></strong></span> <span class='ocrx_word' id='word_1_422' title='bbox 3424 3172 3546 3225; x_wconf 88' lang='lat' dir='ltr'><strong><em>fidei</em></strong></span> <span class='ocrx_word' id='word_1_423' title='bbox 3577 3186 3828 3226; x_wconf 87' lang='lat' dir='ltr'><strong><em>mensura</em></strong></span> 
     </span>
    </p>
   </div>
   <div class='ocr_carea' id='block_1_63' title="bbox 591 3260 2161 3333">
    <p class='ocr_par' dir='ltr' id='par_1_63' title="bbox 591 3260 2161 3333">
     <span class='ocr_line' id='line_1_63' title="bbox 591 3260 2161 3333; baseline -0.003 -13"><span class='ocrx_word' id='word_1_424' title='bbox 591 3266 789 3330; x_wconf 87' lang='lat' dir='ltr'><strong><em>stituit,</em></strong></span> <span class='ocrx_word' id='word_1_425' title='bbox 820 3279 888 3319; x_wconf 89' lang='lat' dir='ltr'><strong><em>ne</em></strong></span> <span class='ocrx_word' id='word_1_426' title='bbox 946 3265 1035 3319; x_wconf 88' lang='lat' dir='ltr'><strong><em>cui</em></strong></span> <span class='ocrx_word' id='word_1_427' title='bbox 1061 3264 1254 3318; x_wconf 89' lang='lat' dir='ltr'><strong><em>liceret</em></strong></span> <span class='ocrx_word' id='word_1_428' title='bbox 1302 3262 1677 3333; x_wconf 75' lang='lat' dir='ltr'><strong><em>ptenitentiam</em></strong></span> <span class='ocrx_word' id='word_1_429' title='bbox 1722 3260 1997 3332; x_wconf 82' lang='lat' dir='ltr'><strong><em>defugere,</em></strong></span> <span class='ocrx_word' id='word_1_430' title='bbox 2029 3264 2161 3332; x_wconf 90' lang='lat' dir='ltr'><strong><em>quin</em></strong></span> 
     </span>
    </p>
   </div>
   <div class='ocr_carea' id='block_1_64' title="bbox 591 3354 2160 3427">
    <p class='ocr_par' dir='ltr' id='par_1_64' title="bbox 591 3354 2160 3427">
     <span class='ocr_line' id='line_1_64' title="bbox 591 3354 2160 3427; baseline -0.002 -15"><span class='ocrx_word' id='word_1_431' title='bbox 591 3373 690 3412; x_wconf 91' lang='lat' dir='ltr'><strong><em>seu</em></strong></span> <span class='ocrx_word' id='word_1_432' title='bbox 727 3356 988 3427; x_wconf 84' lang='lat' dir='ltr'><strong><em>graviter,</em></strong></span> <span class='ocrx_word' id='word_1_433' title='bbox 1042 3372 1139 3410; x_wconf 91' lang='lat' dir='ltr'><strong><em>seu</em></strong></span> <span class='ocrx_word' id='word_1_434' title='bbox 1168 3354 1361 3410; x_wconf 90' lang='lat' dir='ltr'><strong><em>leviter</em></strong></span> <span class='ocrx_word' id='word_1_435' title='bbox 1407 3355 1835 3420; x_wconf 87' lang='lat' dir='ltr'><strong><em>consceleratus,</em></strong></span> <span class='ocrx_word' id='word_1_436' title='bbox 1881 3371 1973 3410; x_wconf 89' lang='lat' dir='ltr'><strong><em>seu</em></strong></span> <span class='ocrx_word' id='word_1_437' title='bbox 2007 3355 2160 3418; x_wconf 93' lang='lat' dir='ltr'><strong><em>olim,</em></strong></span> 
     </span>
    </p>
   </div>
   <div class='ocr_carea' id='block_1_65' title="bbox 595 3445 2161 3515">
    <p class='ocr_par' dir='ltr' id='par_1_65' title="bbox 595 3445 2161 3515">
     <span class='ocr_line' id='line_1_65' title="bbox 595 3445 2161 3515; baseline -0.001 -15"><span class='ocrx_word' id='word_1_438' title='bbox 595 3461 692 3500; x_wconf 89' lang='lat' dir='ltr'><strong><em>seu</em></strong></span> <span class='ocrx_word' id='word_1_439' title='bbox 725 3461 918 3515; x_wconf 90' lang='lat' dir='ltr'><strong><em>nuper,</em></strong></span> <span class='ocrx_word' id='word_1_440' title='bbox 951 3445 1180 3500; x_wconf 87' lang='lat' dir='ltr'><strong><em>salutari</em></strong></span> <span class='ocrx_word' id='word_1_441' title='bbox 1212 3445 1400 3500; x_wconf 92' lang='lat' dir='ltr'><strong><em>audito</em></strong></span> <span class='ocrx_word' id='word_1_442' title='bbox 1429 3445 1704 3515; x_wconf 76' lang='lat' dir='ltr'><strong><em>praeconio</em></strong></span> <span class='ocrx_word' id='word_1_443' title='bbox 1727 3445 1779 3499; x_wconf 91' lang='lat' dir='ltr'><strong><em>in</em></strong></span> <span class='ocrx_word' id='word_1_444' title='bbox 1809 3447 1924 3501; x_wconf 90' lang='lat' dir='ltr'><strong><em>dies</em></strong></span> <span class='ocrx_word' id='word_1_445' title='bbox 1950 3462 2028 3512; x_wconf 90' lang='lat' dir='ltr'><strong><em>se,</em></strong></span> <span class='ocrx_word' id='word_1_446' title='bbox 2057 3447 2161 3500; x_wconf 92' lang='lat' dir='ltr'><strong><em>mi-</em></strong></span> 
     </span>
    </p>
   </div>
   <div class='ocr_carea' id='block_1_66' title="bbox 592 3535 2163 3604">
    <p class='ocr_par' dir='ltr' id='par_1_66' title="bbox 592 3535 2163 3604">
     <span class='ocr_line' id='line_1_66' title="bbox 592 3535 2163 3604; baseline 0 -14"><span class='ocrx_word' id='word_1_447' title='bbox 592 3537 739 3591; x_wconf 89' lang='lat' dir='ltr'><strong><em>nime</em></strong></span> <span class='ocrx_word' id='word_1_448' title='bbox 781 3543 1090 3598; x_wconf 89' lang='lat' dir='ltr'><strong><em>cunctatus,</em></strong></span> <span class='ocrx_word' id='word_1_449' title='bbox 1145 3535 1494 3600; x_wconf 87' lang='lat' dir='ltr'><strong><em>instauraret,</em></strong></span> <span class='ocrx_word' id='word_1_450' title='bbox 1528 3545 1690 3604; x_wconf 90' lang='lat' dir='ltr'><strong><em>atque</em></strong></span> <span class='ocrx_word' id='word_1_451' title='bbox 1748 3547 2057 3590; x_wconf 89' lang='lat' dir='ltr'><strong><em>renovaret.</em></strong></span> <span class='ocrx_word' id='word_1_452' title='bbox 2087 3537 2163 3590; x_wconf 83' lang='lat' dir='ltr'><strong><em>En</em></strong></span> 
     </span>
    </p>
   </div>
   <div class='ocr_carea' id='block_1_67' title="bbox 591 3628 2160 3699">
    <p class='ocr_par' dir='ltr' id='par_1_67' title="bbox 591 3628 2160 3699">
     <span class='ocr_line' id='line_1_67' title="bbox 591 3628 2160 3699; baseline -0.001 -15"><span class='ocrx_word' id='word_1_453' title='bbox 591 3645 712 3698; x_wconf 75' lang='lat' dir='ltr'><strong><em>qua:</em></strong></span> <span class='ocrx_word' id='word_1_454' title='bbox 755 3628 845 3683; x_wconf 90' lang='lat' dir='ltr'><strong><em>Dei</em></strong></span> <span class='ocrx_word' id='word_1_455' title='bbox 879 3628 1001 3698; x_wconf 91' lang='lat' dir='ltr'><strong><em>Opt.</em></strong></span> <span class='ocrx_word' id='word_1_456' title='bbox 1046 3628 1186 3683; x_wconf 78' lang='lat' dir='ltr'><strong><em>Max.</em></strong></span> <span class='ocrx_word' id='word_1_457' title='bbox 1221 3629 1542 3699; x_wconf 84' lang='lat' dir='ltr'><strong><em>benignitas,</em></strong></span> <span class='ocrx_word' id='word_1_458' title='bbox 1585 3630 1815 3682; x_wconf 85' lang='lat' dir='ltr'><strong><em>celerem</em></strong></span> <span class='ocrx_word' id='word_1_459' title='bbox 1861 3643 2013 3684; x_wconf 73' lang='lat' dir='ltr'><strong><em>noxae</em></strong></span> <span class='ocrx_word' id='word_1_460' title='bbox 2057 3645 2160 3683; x_wconf 91' lang='lat' dir='ltr'><strong><em>me-</em></strong></span> 
     </span>
    </p>
   </div>
   <div class='ocr_carea' id='block_1_68' title="bbox 591 3719 2164 3790">
    <p class='ocr_par' dir='ltr' id='par_1_68' title="bbox 591 3719 2164 3790">
     <span class='ocr_line' id='line_1_68' title="bbox 591 3719 2164 3790; baseline 0.001 -16"><span class='ocrx_word' id='word_1_461' title='bbox 591 3722 827 3775; x_wconf 82' lang='lat' dir='ltr'><strong><em>dicinam</em></strong></span> <span class='ocrx_word' id='word_1_462' title='bbox 871 3720 1193 3790; x_wconf 86' lang='lat' dir='ltr'><strong><em>facilemque</em></strong></span> <span class='ocrx_word' id='word_1_463' title='bbox 1225 3721 1426 3774; x_wconf 91' lang='lat' dir='ltr'><strong><em>moliri.</em></strong></span> <span class='ocrx_word' id='word_1_464' title='bbox 1449 3719 1722 3774; x_wconf 88' lang='lat' dir='ltr'><strong><em>Curantur</em></strong></span> <span class='ocrx_word' id='word_1_465' title='bbox 1761 3721 1982 3790; x_wconf 90' lang='lat' dir='ltr'><strong><em>quidem</em></strong></span> <span class='ocrx_word' id='word_1_466' title='bbox 2013 3733 2164 3776; x_wconf 83' lang='lat' dir='ltr'><strong><em>certe</em></strong></span> 
     </span>
    </p>
   </div>
   <div class='ocr_carea' id='block_1_69' title="bbox 589 3812 2164 3882">
    <p class='ocr_par' dir='ltr' id='par_1_69' title="bbox 589 3812 2164 3882">
     <span class='ocr_line' id='line_1_69' title="bbox 589 3812 2164 3882; baseline -0.001 -15"><span class='ocrx_word' id='word_1_467' title='bbox 589 3823 643 3867; x_wconf 91' lang='lat' dir='ltr'><strong><em>et</em></strong></span> <span class='ocrx_word' id='word_1_468' title='bbox 673 3812 968 3867; x_wconf 89' lang='lat' dir='ltr'><strong><em>secundum</em></strong></span> <span class='ocrx_word' id='word_1_469' title='bbox 1005 3827 1223 3864; x_wconf 88' lang='lat' dir='ltr'><strong><em>carnem</em></strong></span> <span class='ocrx_word' id='word_1_470' title='bbox 1256 3812 1446 3874; x_wconf 88' lang='lat' dir='ltr'><strong><em>saucii,</em></strong></span> <span class='ocrx_word' id='word_1_471' title='bbox 1481 3813 1573 3866; x_wconf 88' lang='lat' dir='ltr'><strong><em>sed</em></strong></span> <span class='ocrx_word' id='word_1_472' title='bbox 1605 3815 1691 3878; x_wconf 90' lang='lat' dir='ltr'><strong><em>pol</em></strong></span> <span class='ocrx_word' id='word_1_473' title='bbox 1716 3812 1878 3877; x_wconf 88' lang='lat' dir='ltr'><strong><em>lente,</em></strong></span> <span class='ocrx_word' id='word_1_474' title='bbox 1908 3827 2016 3882; x_wconf 92' lang='lat' dir='ltr'><strong><em>quo</em></strong></span> <span class='ocrx_word' id='word_1_475' title='bbox 2042 3828 2164 3881; x_wconf 88' lang='lat' dir='ltr'><strong><em>per-</em></strong></span> 
     </span>
    </p>
   </div>
   <div class='ocr_carea' id='block_1_70' title="bbox 590 3901 2160 3972">
    <p class='ocr_par' dir='ltr' id='par_1_70' title="bbox 590 3901 2160 3972">
     <span class='ocr_line' id='line_1_70' title="bbox 590 3901 2160 3972; baseline -0.002 -14"><span class='ocrx_word' id='word_1_476' title='bbox 590 3904 766 3958; x_wconf 89' lang='lat' dir='ltr'><strong><em>sanati</em></strong></span> <span class='ocrx_word' id='word_1_477' title='bbox 818 3918 940 3957; x_wconf 92' lang='lat' dir='ltr'><strong><em>cum</em></strong></span> <span class='ocrx_word' id='word_1_478' title='bbox 977 3903 1135 3957; x_wconf 89' lang='lat' dir='ltr'><strong><em>hoste</em></strong></span> <span class='ocrx_word' id='word_1_479' title='bbox 1195 3902 1390 3956; x_wconf 91' lang='lat' dir='ltr'><strong><em>iterum</em></strong></span> <span class='ocrx_word' id='word_1_480' title='bbox 1450 3901 1760 3972; x_wconf 86' lang='lat' dir='ltr'><strong><em>confligant,</em></strong></span> <span class='ocrx_word' id='word_1_481' title='bbox 1825 3903 1988 3958; x_wconf 91' lang='lat' dir='ltr'><strong><em>nobis</em></strong></span> <span class='ocrx_word' id='word_1_482' title='bbox 2036 3919 2160 3957; x_wconf 89' lang='lat' dir='ltr'><strong><em>cum</em></strong></span> 
     </span>
    </p>
   </div>
   <div class='ocr_carea' id='block_1_71' title="bbox 590 3991 2167 4064">
    <p class='ocr_par' dir='ltr' id='par_1_71' title="bbox 590 3991 2167 4064">
     <span class='ocr_line' id='line_1_71' title="bbox 590 3991 2167 4064; baseline 0.002 -19"><span class='ocrx_word' id='word_1_483' title='bbox 590 3992 817 4047; x_wconf 60' lang='lat' dir='ltr'><strong><em>vulnere</em></strong></span> <span class='ocrx_word' id='word_1_484' title='bbox 851 3993 1141 4062; x_wconf 88' lang='lat' dir='ltr'><strong><em>conjuncta</em></strong></span> <span class='ocrx_word' id='word_1_485' title='bbox 1167 3991 1438 4047; x_wconf 88' lang='lat' dir='ltr'><strong><em>medicina</em></strong></span> <span class='ocrx_word' id='word_1_486' title='bbox 1471 4001 1552 4045; x_wconf 89' lang='lat' dir='ltr'><strong><em>est</em></strong></span> <span class='ocrx_word' id='word_1_487' title='bbox 1586 3993 1744 4046; x_wconf 93' lang='lat' dir='ltr'><strong><em>modo</em></strong></span> <span class='ocrx_word' id='word_1_488' title='bbox 1772 3993 1815 4048; x_wconf 91' lang='lat' dir='ltr'><strong><em>si</em></strong></span> <span class='ocrx_word' id='word_1_489' title='bbox 1846 3993 2167 4064; x_wconf 88' lang='lat' dir='ltr'><strong><em>propulsare</em></strong></span> 
     </span>
    </p>
   </div>
   <div class='ocr_carea' id='block_1_72' title="bbox 591 4079 2162 4153">
    <p class='ocr_par' dir='ltr' id='par_1_72' title="bbox 591 4079 2162 4153">
     <span class='ocr_line' id='line_1_72' title="bbox 591 4079 2162 4153; baseline 0.003 -16"><span class='ocrx_word' id='word_1_490' title='bbox 591 4085 845 4139; x_wconf 88' lang='lat' dir='ltr'><strong><em>inimicos</em></strong></span> <span class='ocrx_word' id='word_1_491' title='bbox 893 4084 1156 4153; x_wconf 77' lang='lat' dir='ltr'><strong><em>evesdgio</em></strong></span> <span class='ocrx_word' id='word_1_492' title='bbox 1192 4084 1444 4145; x_wconf 77' lang='lat' dir='ltr'><strong><em>velimus,</em></strong></span> <span class='ocrx_word' id='word_1_493' title='bbox 1494 4079 1860 4149; x_wconf 83' lang='lat' dir='ltr'><strong><em>Quamobrem</em></strong></span> <span class='ocrx_word' id='word_1_494' title='bbox 1910 4102 1976 4140; x_wconf 91' lang='lat' dir='ltr'><strong><em>ne</em></strong></span> <span class='ocrx_word' id='word_1_495' title='bbox 2008 4101 2162 4140; x_wconf 90' lang='lat' dir='ltr'><strong><em>com-</em></strong></span> 
     </span>
    </p>
   </div>
   <div class='ocr_carea' id='block_1_73' title="bbox 589 4175 2163 4245">
    <p class='ocr_par' dir='ltr' id='par_1_73' title="bbox 589 4175 2163 4245">
     <span class='ocr_line' id='line_1_73' title="bbox 589 4175 2163 4245; baseline 0.002 -16"><span class='ocrx_word' id='word_1_496' title='bbox 589 4176 869 4230; x_wconf 88' lang='lat' dir='ltr'><strong><em>mittamus</em></strong></span> <span class='ocrx_word' id='word_1_497' title='bbox 915 4175 1042 4243; x_wconf 92' lang='lat' dir='ltr'><strong><em>quiu</em></strong></span> <span class='ocrx_word' id='word_1_498' title='bbox 1086 4176 1281 4229; x_wconf 87' lang='lat' dir='ltr'><strong><em>diurna</em></strong></span> <span class='ocrx_word' id='word_1_499' title='bbox 1335 4176 1595 4230; x_wconf 88' lang='lat' dir='ltr'><strong><em>obeunda</em></strong></span> <span class='ocrx_word' id='word_1_500' title='bbox 1646 4177 1968 4245; x_wconf 73' lang='lat' dir='ltr'><strong><em>pmuitentia</em></strong></span> <span class='ocrx_word' id='word_1_501' title='bbox 2000 4193 2163 4232; x_wconf 85' lang='lat' dir='ltr'><strong><em>reno-</em></strong></span> 
     </span>
    </p>
   </div>
   <div class='ocr_carea' id='block_1_74' title="bbox 594 4267 2165 4338">
    <p class='ocr_par' dir='ltr' id='par_1_74' title="bbox 594 4267 2165 4338">
     <span class='ocr_line' id='line_1_74' title="bbox 594 4267 2165 4338; baseline 0.003 -21"><span class='ocrx_word' id='word_1_502' title='bbox 594 4283 781 4321; x_wconf 87' lang='lat' dir='ltr'><strong><em>vemur</em></strong></span> <span class='ocrx_word' id='word_1_503' title='bbox 821 4267 1024 4332; x_wconf 92' lang='lat' dir='ltr'><strong><em>animo,</em></strong></span> <span class='ocrx_word' id='word_1_504' title='bbox 1049 4283 1151 4322; x_wconf 90' lang='lat' dir='ltr'><strong><em>neu</em></strong></span> <span class='ocrx_word' id='word_1_505' title='bbox 1176 4270 1514 4322; x_wconf 86' lang='lat' dir='ltr'><strong><em>occasionem</em></strong></span> <span class='ocrx_word' id='word_1_506' title='bbox 1541 4268 1778 4337; x_wconf 61' lang='lat' dir='ltr'><strong><em>praebeat</em></strong></span> <span class='ocrx_word' id='word_1_507' title='bbox 1808 4269 2052 4338; x_wconf 78' lang='lat' dir='ltr'><strong><em>segnitiae</em></strong></span> <span class='ocrx_word' id='word_1_508' title='bbox 2077 4284 2165 4322; x_wconf 87' lang='lat' dir='ltr'><strong><em>ac-</em></strong></span> 
     </span>
    </p>
   </div>
   <div class='ocr_carea' id='block_1_75' title="bbox 589 4359 2162 4428">
    <p class='ocr_par' dir='ltr' id='par_1_75' title="bbox 589 4359 2162 4428">
     <span class='ocr_line' id='line_1_75' title="bbox 589 4359 2162 4428; baseline 0.002 -16"><span class='ocrx_word' id='word_1_509' title='bbox 589 4367 808 4428; x_wconf 85' lang='lat' dir='ltr'><strong><em>ceptum</em></strong></span> <span class='ocrx_word' id='word_1_510' title='bbox 842 4374 941 4414; x_wconf 89' lang='lat' dir='ltr'><strong><em>seu</em></strong></span> <span class='ocrx_word' id='word_1_511' title='bbox 974 4369 1171 4422; x_wconf 87' lang='lat' dir='ltr'><strong><em>mente,</em></strong></span> <span class='ocrx_word' id='word_1_512' title='bbox 1211 4377 1306 4415; x_wconf 89' lang='lat' dir='ltr'><strong><em>seu</em></strong></span> <span class='ocrx_word' id='word_1_513' title='bbox 1336 4359 1541 4422; x_wconf 90' lang='lat' dir='ltr'><strong><em>verbis,</em></strong></span> <span class='ocrx_word' id='word_1_514' title='bbox 1571 4368 1664 4413; x_wconf 92' lang='lat' dir='ltr'><strong><em>aut</em></strong></span> <span class='ocrx_word' id='word_1_515' title='bbox 1697 4361 1912 4414; x_wconf 90' lang='lat' dir='ltr'><strong><em>actione</em></strong></span> <span class='ocrx_word' id='word_1_516' title='bbox 1943 4362 2162 4423; x_wconf 81' lang='lat' dir='ltr'><strong><em>vulnus,</em></strong></span> 
     </span>
    </p>
   </div>
   <div class='ocr_carea' id='block_1_76' title="bbox 589 4449 2153 4519">
    <p class='ocr_par' dir='ltr' id='par_1_76' title="bbox 589 4449 2153 4519">
     <span class='ocr_line' id='line_1_76' title="bbox 589 4449 2153 4519; baseline 0.001 -16"><span class='ocrx_word' id='word_1_517' title='bbox 589 4451 684 4503; x_wconf 85' lang='lat' dir='ltr'><strong><em>sed</em></strong></span> <span class='ocrx_word' id='word_1_518' title='bbox 717 4450 932 4517; x_wconf 88' lang='lat' dir='ltr'><strong><em>quoties</em></strong></span> <span class='ocrx_word' id='word_1_519' title='bbox 972 4449 1384 4514; x_wconf 83' lang='lat' dir='ltr'><strong><em>occumbamus,</em></strong></span> <span class='ocrx_word' id='word_1_520' title='bbox 1420 4450 1579 4505; x_wconf 87' lang='lat' dir='ltr'><strong><em>toties</em></strong></span> <span class='ocrx_word' id='word_1_521' title='bbox 1610 4451 2019 4519; x_wconf 89' lang='lat' dir='ltr'><strong><em>resipiscamus,</em></strong></span> <span class='ocrx_word' id='word_1_522' title='bbox 2058 4451 2153 4507; x_wconf 90' lang='lat' dir='ltr'><strong><em>Dei</em></strong></span> 
     </span>
    </p>
   </div>
   <div class='ocr_carea' id='block_1_77' title="bbox 588 4540 2154 4610">
    <p class='ocr_par' dir='ltr' id='par_1_77' title="bbox 588 4540 2154 4610">
     <span class='ocr_line' id='line_1_77' title="bbox 588 4540 2154 4610; baseline 0.001 -18"><span class='ocrx_word' id='word_1_523' title='bbox 588 4541 803 4594; x_wconf 88' lang='lat' dir='ltr'><strong><em>rcveriti</em></strong></span> <span class='ocrx_word' id='word_1_524' title='bbox 851 4540 1079 4607; x_wconf 86' lang='lat' dir='ltr'><strong><em>judicia,</em></strong></span> <span class='ocrx_word' id='word_1_525' title='bbox 1126 4547 1180 4594; x_wconf 91' lang='lat' dir='ltr'><strong><em>et</em></strong></span> <span class='ocrx_word' id='word_1_526' title='bbox 1235 4542 1382 4594; x_wconf 86' lang='lat' dir='ltr'><strong><em>omni</em></strong></span> <span class='ocrx_word' id='word_1_527' title='bbox 1433 4557 1535 4610; x_wconf 89' lang='lat' dir='ltr'><strong><em>ope</em></strong></span> <span class='ocrx_word' id='word_1_528' title='bbox 1578 4541 1780 4610; x_wconf 84' lang='lat' dir='ltr'><strong><em>ﬂagitia</em></strong></span> <span class='ocrx_word' id='word_1_529' title='bbox 1837 4541 2154 4610; x_wconf 73' lang='lat' dir='ltr'><strong><em>depraedati.</em></strong></span> 
     </span>
    </p>
   </div>
   <div class='ocr_carea' id='block_1_78' title="bbox 588 4630 2156 4701">
    <p class='ocr_par' dir='ltr' id='par_1_78' title="bbox 588 4630 2156 4701">
     <span class='ocr_line' id='line_1_78' title="bbox 588 4630 2156 4701; baseline 0.001 -16"><span class='ocrx_word' id='word_1_530' title='bbox 588 4633 880 4685; x_wconf 85' lang='lat' dir='ltr'><strong><em>Enimvero</em></strong></span> <span class='ocrx_word' id='word_1_531' title='bbox 925 4630 1118 4694; x_wconf 78' lang='lat' dir='ltr'><strong><em>Moses,</em></strong></span> <span class='ocrx_word' id='word_1_532' title='bbox 1173 4631 1265 4687; x_wconf 86' lang='lat' dir='ltr'><strong><em>Dei</em></strong></span> <span class='ocrx_word' id='word_1_533' title='bbox 1318 4648 1531 4696; x_wconf 85' lang='lat' dir='ltr'><strong><em>servus,</em></strong></span> <span class='ocrx_word' id='word_1_534' title='bbox 1571 4636 1621 4689; x_wconf 88' lang='lat' dir='ltr'><strong><em>in</em></strong></span> <span class='ocrx_word' id='word_1_535' title='bbox 1672 4645 1853 4689; x_wconf 86' lang='lat' dir='ltr'><strong><em>monte</em></strong></span> <span class='ocrx_word' id='word_1_536' title='bbox 1878 4634 2156 4701; x_wconf 79' lang='lat' dir='ltr'><strong><em>explicans</em></strong></span> 
     </span>
    </p>
   </div>
   <div class='ocr_carea' id='block_1_79' title="bbox 587 4721 2155 4793">
    <p class='ocr_par' dir='ltr' id='par_1_79' title="bbox 587 4721 2155 4793">
     <span class='ocr_line' id='line_1_79' title="bbox 587 4721 2155 4793; baseline -0.001 -18"><span class='ocrx_word' id='word_1_537' title='bbox 587 4737 823 4785; x_wconf 90' lang='lat' dir='ltr'><strong><em>manus,</em></strong></span> <span class='ocrx_word' id='word_1_538' title='bbox 867 4721 1202 4776; x_wconf 83' lang='lat' dir='ltr'><strong><em>Amalecitcn</em></strong></span> <span class='ocrx_word' id='word_1_539' title='bbox 1268 4722 1573 4792; x_wconf 83' lang='lat' dir='ltr'><strong><em>proﬂigare,</em></strong></span> <span class='ocrx_word' id='word_1_540' title='bbox 1621 4725 1713 4793; x_wconf 90' lang='lat' dir='ltr'><strong><em>qui</em></strong></span> <span class='ocrx_word' id='word_1_541' title='bbox 1764 4722 1928 4777; x_wconf 91' lang='lat' dir='ltr'><strong><em>simul</em></strong></span> <span class='ocrx_word' id='word_1_542' title='bbox 1976 4723 2155 4775; x_wconf 87' lang='lat' dir='ltr'><strong><em>relan-</em></strong></span> 
     </span>
    </p>
   </div>
   <div class='ocr_carea' id='block_1_80' title="bbox 587 4813 2154 4883">
    <p class='ocr_par' dir='ltr' id='par_1_80' title="bbox 587 4813 2154 4883">
     <span class='ocr_line' id='line_1_80' title="bbox 587 4813 2154 4883; baseline 0.001 -16"><span class='ocrx_word' id='word_1_543' title='bbox 587 4823 794 4882; x_wconf 83' lang='lat' dir='ltr'><strong><em>gueret,</em></strong></span> <span class='ocrx_word' id='word_1_544' title='bbox 828 4813 902 4868; x_wconf 92' lang='lat' dir='ltr'><strong><em>ibi</em></strong></span> <span class='ocrx_word' id='word_1_545' title='bbox 929 4829 1044 4868; x_wconf 88' lang='lat' dir='ltr'><strong><em>cum</em></strong></span> <span class='ocrx_word' id='word_1_546' title='bbox 1064 4813 1151 4868; x_wconf 92' lang='lat' dir='ltr'><strong><em>hic</em></strong></span> <span class='ocrx_word' id='word_1_547' title='bbox 1181 4816 1532 4883; x_wconf 67' lang='lat' dir='ltr'><strong><em>praepollere;</em></strong></span> <span class='ocrx_word' id='word_1_548' title='bbox 1562 4817 1626 4870; x_wconf 89' lang='lat' dir='ltr'><strong><em>ad</em></strong></span> <span class='ocrx_word' id='word_1_549' title='bbox 1652 4815 1904 4870; x_wconf 91' lang='lat' dir='ltr'><strong><em>eumdem</em></strong></span> <span class='ocrx_word' id='word_1_550' title='bbox 1935 4815 2154 4869; x_wconf 91' lang='lat' dir='ltr'><strong><em>modum</em></strong></span> 
     </span>
    </p>
   </div>
   <div class='ocr_carea' id='block_1_81' title="bbox 587 4905 2156 4976">
    <p class='ocr_par' dir='ltr' id='par_1_81' title="bbox 587 4905 2156 4976">
     <span class='ocr_line' id='line_1_81' title="bbox 587 4905 2156 4976; baseline 0.002 -19"><span class='ocrx_word' id='word_1_551' title='bbox 587 4915 638 4959; x_wconf 79' lang='lat' dir='ltr'><strong><em>et</em></strong></span> <span class='ocrx_word' id='word_1_552' title='bbox 676 4919 829 4959; x_wconf 85' lang='lat' dir='ltr'><strong><em>mens</em></strong></span> <span class='ocrx_word' id='word_1_553' title='bbox 874 4905 1172 4960; x_wconf 89' lang='lat' dir='ltr'><strong><em>sceleribus</em></strong></span> <span class='ocrx_word' id='word_1_554' title='bbox 1212 4906 1470 4974; x_wconf 89' lang='lat' dir='ltr'><strong><em>appetita,</em></strong></span> <span class='ocrx_word' id='word_1_555' title='bbox 1524 4917 1777 4976; x_wconf 89' lang='lat' dir='ltr'><strong><em>superato</em></strong></span> <span class='ocrx_word' id='word_1_556' title='bbox 1819 4922 1917 4961; x_wconf 90' lang='lat' dir='ltr'><strong><em>ceu</em></strong></span> <span class='ocrx_word' id='word_1_557' title='bbox 1974 4915 2156 4960; x_wconf 92' lang='lat' dir='ltr'><strong><em>monte</em></strong></span> 
     </span>
    </p>
   </div>
   <div class='ocr_carea' id='block_1_82' title="bbox 587 4996 2153 5068">
    <p class='ocr_par' dir='ltr' id='par_1_82' title="bbox 587 4996 2153 5068">
     <span class='ocr_line' id='line_1_82' title="bbox 587 4996 2153 5068; baseline 0.003 -22"><span class='ocrx_word' id='word_1_558' title='bbox 587 5010 838 5064; x_wconf 75' lang='lat' dir='ltr'><strong><em>precum,</em></strong></span> <span class='ocrx_word' id='word_1_559' title='bbox 863 4996 1148 5064; x_wconf 90' lang='lat' dir='ltr'><strong><em>sensisque</em></strong></span> <span class='ocrx_word' id='word_1_560' title='bbox 1165 4997 1230 5048; x_wconf 88' lang='lat' dir='ltr'><strong><em>ad</em></strong></span> <span class='ocrx_word' id='word_1_561' title='bbox 1259 4996 1450 5060; x_wconf 83' lang='lat' dir='ltr'><strong><em>Deum,</em></strong></span> <span class='ocrx_word' id='word_1_562' title='bbox 1484 4999 1638 5065; x_wconf 86' lang='lat' dir='ltr'><strong><em>quasi</em></strong></span> <span class='ocrx_word' id='word_1_563' title='bbox 1670 4998 1998 5068; x_wconf 89' lang='lat' dir='ltr'><strong><em>quibusdam</em></strong></span> <span class='ocrx_word' id='word_1_564' title='bbox 2035 5012 2153 5050; x_wconf 85' lang='lat' dir='ltr'><strong><em>ma-</em></strong></span> 
     </span>
    </p>
   </div>
   <div class='ocr_carea' id='block_1_83' title="bbox 589 5087 2156 5159">
    <p class='ocr_par' dir='ltr' id='par_1_83' title="bbox 589 5087 2156 5159">
     <span class='ocr_line' id='line_1_83' title="bbox 589 5087 2156 5159; baseline 0.002 -20"><span class='ocrx_word' id='word_1_565' title='bbox 589 5087 751 5139; x_wconf 85' lang='lat' dir='ltr'><strong><em>nibus</em></strong></span> <span class='ocrx_word' id='word_1_566' title='bbox 803 5088 1072 5156; x_wconf 87' lang='lat' dir='ltr'><strong><em>protentis</em></strong></span> <span class='ocrx_word' id='word_1_567' title='bbox 1095 5129 1107 5153; x_wconf 89' lang='lat'><strong><em>,</em></strong></span> <span class='ocrx_word' id='word_1_568' title='bbox 1141 5087 1476 5143; x_wconf 83' lang='lat' dir='ltr'><strong><em>Amaleciten</em></strong></span> <span class='ocrx_word' id='word_1_569' title='bbox 1515 5089 1566 5142; x_wconf 90' lang='lat' dir='ltr'><strong><em>iu</em></strong></span> <span class='ocrx_word' id='word_1_570' title='bbox 1603 5088 1783 5158; x_wconf 87' lang='lat' dir='ltr'><strong><em>fugam</em></strong></span> <span class='ocrx_word' id='word_1_571' title='bbox 1839 5097 2038 5151; x_wconf 89' lang='lat' dir='ltr'><strong><em>vertat,</em></strong></span> <span class='ocrx_word' id='word_1_572' title='bbox 2065 5090 2156 5159; x_wconf 86' lang='lat' dir='ltr'><strong><em>qui</em></strong></span> 
     </span>
    </p>
   </div>
   <div class='ocr_carea' id='block_1_84' title="bbox 587 5177 2156 5247">
    <p class='ocr_par' dir='ltr' id='par_1_84' title="bbox 587 5177 2156 5247">
     <span class='ocr_line' id='line_1_84' title="bbox 587 5177 2156 5247; baseline 0.001 -18"><span class='ocrx_word' id='word_1_573' title='bbox 587 5177 834 5230; x_wconf 86' lang='lat' dir='ltr'><strong><em>obtutum</em></strong></span> <span class='ocrx_word' id='word_1_574' title='bbox 882 5177 1051 5244; x_wconf 84' lang='lat' dir='ltr'><strong><em>fugiat</em></strong></span> <span class='ocrx_word' id='word_1_575' title='bbox 1082 5178 1360 5232; x_wconf 86' lang='lat' dir='ltr'><strong><em>oculorum</em></strong></span> <span class='ocrx_word' id='word_1_576' title='bbox 1392 5202 1406 5245; x_wconf 82' lang='lat'><strong><em>-,</em></strong></span> <span class='ocrx_word' id='word_1_577' title='bbox 1449 5179 1532 5234; x_wconf 85' lang='lat' dir='ltr'><strong><em>sin</em></strong></span> <span class='ocrx_word' id='word_1_578' title='bbox 1576 5181 1838 5244; x_wconf 85' lang='lat' dir='ltr'><strong><em>remittat,</em></strong></span> <span class='ocrx_word' id='word_1_579' title='bbox 1871 5180 2156 5247; x_wconf 91' lang='lat' dir='ltr'><strong><em>imperium</em></strong></span> 
     </span>
    </p>
   </div>
   <div class='ocr_carea' id='block_1_85' title="bbox 590 5268 2158 5343">
    <p class='ocr_par' dir='ltr' id='par_1_85' title="bbox 590 5268 2158 5343">
     <span class='ocr_line' id='line_1_85' title="bbox 590 5268 2158 5343; baseline 0.004 -22"><span class='ocrx_word' id='word_1_580' title='bbox 590 5270 847 5338; x_wconf 86' lang='lat' dir='ltr'><strong><em>patiatur.</em></strong></span> <span class='ocrx_word' id='word_1_581' title='bbox 885 5268 1088 5339; x_wconf 88' lang='lat' dir='ltr'><strong><em>Ecquid</em></strong></span> <span class='ocrx_word' id='word_1_582' title='bbox 1138 5269 1276 5324; x_wconf 86' lang='lat' dir='ltr'><strong><em>facto</em></strong></span> <span class='ocrx_word' id='word_1_583' title='bbox 1306 5285 1442 5340; x_wconf 88' lang='lat' dir='ltr'><strong><em>opus</em></strong></span> <span class='ocrx_word' id='word_1_584' title='bbox 1489 5284 1573 5325; x_wconf 90' lang='lat' dir='ltr'><strong><em>est</em></strong></span> <span class='ocrx_word' id='word_1_585' title='bbox 1604 5288 1729 5343; x_wconf 85' lang='lat' dir='ltr'><strong><em>ergo</em></strong></span> <span class='ocrx_word' id='word_1_586' title='bbox 1767 5275 1778 5326; x_wconf 75' lang='grc' dir='ltr'><strong>ε</strong></span> <span class='ocrx_word' id='word_1_587' title='bbox 1834 5274 1963 5342; x_wconf 90' lang='lat' dir='ltr'><strong><em>quid</em></strong></span> <span class='ocrx_word' id='word_1_588' title='bbox 1991 5273 2158 5333; x_wconf 87' lang='lat' dir='ltr'><strong><em>aliud,</em></strong></span> 
     </span>
    </p>
   </div>
   <div class='ocr_carea' id='block_1_86' title="bbox 589 5361 2154 5433">
    <p class='ocr_par' dir='ltr' id='par_1_86' title="bbox 589 5361 2154 5433">
     <span class='ocr_line' id='line_1_86' title="bbox 589 5361 2154 5433; baseline 0.002 -20"><span class='ocrx_word' id='word_1_589' title='bbox 589 5376 751 5430; x_wconf 90' lang='lat' dir='ltr'><strong><em>quam</em></strong></span> <span class='ocrx_word' id='word_1_590' title='bbox 811 5376 971 5414; x_wconf 86' lang='lat' dir='ltr'><strong><em>manu</em></strong></span> <span class='ocrx_word' id='word_1_591' title='bbox 1037 5361 1322 5430; x_wconf 89' lang='lat' dir='ltr'><strong><em>ingruente</em></strong></span> <span class='ocrx_word' id='word_1_592' title='bbox 1406 5364 1629 5425; x_wconf 89' lang='lat' dir='ltr'><strong><em>hostili,</em></strong></span> <span class='ocrx_word' id='word_1_593' title='bbox 1698 5374 1932 5419; x_wconf 90' lang='lat' dir='ltr'><strong><em>mentem</em></strong></span> <span class='ocrx_word' id='word_1_594' title='bbox 2001 5365 2154 5433; x_wconf 68' lang='lat' dir='ltr'><strong><em>juxta</em></strong></span> 
     </span>
    </p>
   </div>
   <div class='ocr_carea' id='block_1_87' title="bbox 590 5451 2153 5524">
    <p class='ocr_par' dir='ltr' id='par_1_87' title="bbox 590 5451 2153 5524">
     <span class='ocr_line' id='line_1_87' title="bbox 590 5451 2153 5524; baseline 0.003 -18"><span class='ocrx_word' id='word_1_595' title='bbox 590 5467 658 5507; x_wconf 87' lang='lat' dir='ltr'><strong><em>ac</em></strong></span> <span class='ocrx_word' id='word_1_596' title='bbox 690 5467 884 5505; x_wconf 82' lang='lat' dir='ltr'><strong><em>manus</em></strong></span> <span class='ocrx_word' id='word_1_597' title='bbox 921 5452 986 5505; x_wconf 90' lang='lat' dir='ltr'><strong><em>ad</em></strong></span> <span class='ocrx_word' id='word_1_598' title='bbox 1035 5451 1202 5506; x_wconf 89' lang='lat' dir='ltr'><strong><em>Deum</em></strong></span> <span class='ocrx_word' id='word_1_599' title='bbox 1244 5454 1486 5514; x_wconf 86' lang='lat' dir='ltr'><strong><em>tendere,</em></strong></span> <span class='ocrx_word' id='word_1_600' title='bbox 1535 5457 1626 5523; x_wconf 90' lang='lat' dir='ltr'><strong><em>qui</em></strong></span> <span class='ocrx_word' id='word_1_601' title='bbox 1669 5458 1879 5524; x_wconf 87' lang='lat' dir='ltr'><strong><em>eripere</em></strong></span> <span class='ocrx_word' id='word_1_602' title='bbox 1921 5467 2083 5524; x_wconf 88' lang='lat' dir='ltr'><strong><em>queat</em></strong></span> <span class='ocrx_word' id='word_1_603' title='bbox 2125 5472 2153 5509; x_wconf 86' lang='lat' dir='ltr'><strong><em>a</em></strong></span> 
     </span>
    </p>
   </div>
   <div class='ocr_carea' id='block_1_88' title="bbox 591 5542 2155 5615">
    <p class='ocr_par' dir='ltr' id='par_1_88' title="bbox 591 5542 2155 5615">
     <span class='ocr_line' id='line_1_88' title="bbox 591 5542 2155 5615; baseline 0.001 -17"><span class='ocrx_word' id='word_1_604' title='bbox 591 5545 800 5598; x_wconf 86' lang='lat' dir='ltr'><strong><em>morte?</em></strong></span> <span class='ocrx_word' id='word_1_605' title='bbox 822 5542 934 5607; x_wconf 92' lang='lat' dir='ltr'><strong><em>Qua</em></strong></span> <span class='ocrx_word' id='word_1_606' title='bbox 955 5559 1008 5597; x_wconf 91' lang='lat' dir='ltr'><strong><em>re</em></strong></span> <span class='ocrx_word' id='word_1_607' title='bbox 1033 5543 1270 5614; x_wconf 74' lang='lat' dir='ltr'><strong><em>[u&#39;ofngis</em></strong></span> <span class='ocrx_word' id='word_1_608' title='bbox 1299 5547 1554 5610; x_wconf 84' lang='lat' dir='ltr'><strong><em>inimicis,</em></strong></span> <span class='ocrx_word' id='word_1_609' title='bbox 1581 5562 1678 5600; x_wconf 87' lang='lat' dir='ltr'><strong><em>nos</em></strong></span> <span class='ocrx_word' id='word_1_610' title='bbox 1707 5550 1904 5601; x_wconf 84' lang='lat' dir='ltr'><strong><em>adorea</em></strong></span> <span class='ocrx_word' id='word_1_611' title='bbox 1935 5549 2155 5615; x_wconf 81' lang='lat' dir='ltr'><strong><em>obligati</em></strong></span> 
     </span>
    </p>
   </div>
   <div class='ocr_carea' id='block_1_89' title="bbox 593 5637 2150 5707">
    <p class='ocr_par' dir='ltr' id='par_1_89' title="bbox 593 5637 2150 5707">
     <span class='ocr_line' id='line_1_89' title="bbox 593 5637 2150 5707; baseline 0 -15"><span class='ocrx_word' id='word_1_612' title='bbox 593 5637 832 5692; x_wconf 73' lang='lat' dir='ltr'><strong><em>victOria:</em></strong></span> <span class='ocrx_word' id='word_1_613' title='bbox 880 5638 1100 5691; x_wconf 72' lang='lat' dir='ltr'><strong><em>cmiestc</em></strong></span> <span class='ocrx_word' id='word_1_614' title='bbox 1144 5653 1368 5706; x_wconf 82' lang='lat' dir='ltr'><strong><em>regnum</em></strong></span> <span class='ocrx_word' id='word_1_615' title='bbox 1402 5639 1732 5692; x_wconf 84' lang='lat' dir='ltr'><strong><em>erciSccmur</em></strong></span> <span class='ocrx_word' id='word_1_616' title='bbox 1759 5654 1851 5707; x_wconf 85' lang='lat' dir='ltr'><strong><em>per</em></strong></span> <span class='ocrx_word' id='word_1_617' title='bbox 1878 5639 2150 5695; x_wconf 86' lang='lat' dir='ltr'><strong><em>Christum</em></strong></span> 
     </span>
    </p>
   </div>
   <div class='ocr_carea' id='block_1_90' title="bbox 661 5793 1924 5865">
    <p class='ocr_par' dir='ltr' id='par_1_90' title="bbox 661 5793 1924 5865">
     <span class='ocr_line' id='line_1_90' title="bbox 661 5793 1924 5865; baseline 0.006 -18"><span class='ocrx_word' id='word_1_618' title='bbox 661 5795 705 5828; x_wconf 74' lang='grc'><strong>⁸⁸</strong></span> <span class='ocrx_word' id='word_1_619' title='bbox 734 5793 872 5852; x_wconf 78' lang='lat' dir='ltr'><strong><em>Psal.</em></strong></span> <span class='ocrx_word' id='word_1_620' title='bbox 909 5811 1044 5865; x_wconf 74' lang='grc' dir='ltr'><strong><em>χειν,</em></strong></span> <span class='ocrx_word' id='word_1_621' title='bbox 1083 5795 1134 5850; x_wconf 87' lang='grc'><strong>8.</strong></span> <span class='ocrx_word' id='word_1_622' title='bbox 1204 5799 1243 5830; x_wconf 73' lang='grc'><strong><em>⁸³</em></strong></span> <span class='ocrx_word' id='word_1_623' title='bbox 1279 5799 1399 5853; x_wconf 81' lang='lat' dir='ltr'><strong><em>Act.</em></strong></span> <span class='ocrx_word' id='word_1_624' title='bbox 1435 5816 1523 5864; x_wconf 76' lang='lat' dir='ltr'><strong><em>xx,</em></strong></span> <span class='ocrx_word' id='word_1_625' title='bbox 1555 5798 1642 5854; x_wconf 69' lang='grc' dir='ltr'><strong><em>Ἡ.</em></strong></span> <span class='ocrx_word' id='word_1_626' title='bbox 1719 5801 1761 5834; x_wconf 76' lang='lat'><strong><em>9°</em></strong></span> <span class='ocrx_word' id='word_1_627' title='bbox 1798 5799 1924 5854; x_wconf 88' lang='lat' dir='ltr'><strong><em>ibid.</em></strong></span> 
     </span>
    </p>
   </div>
   <div class='ocr_carea' id='block_1_91' title="bbox 2265 3261 3831 3332">
    <p class='ocr_par' dir='ltr' id='par_1_91' title="bbox 2265 3261 3831 3332">
     <span class='ocr_line' id='line_1_91' title="bbox 2265 3261 3831 3332; baseline -0.002 -13"><span class='ocrx_word' id='word_1_628' title='bbox 2265 3266 2598 3327; x_wconf 87' lang='lat' dir='ltr'><strong><em>sentiamus,</em></strong></span> <span class='ocrx_word' id='word_1_629' title='bbox 2660 3263 3091 3331; x_wconf 89' lang='lat' dir='ltr'><strong><em>loquamurque,</em></strong></span> <span class='ocrx_word' id='word_1_630' title='bbox 3154 3262 3247 3329; x_wconf 93' lang='lat' dir='ltr'><strong><em>qui</em></strong></span> <span class='ocrx_word' id='word_1_631' title='bbox 3301 3261 3355 3314; x_wconf 90' lang='lat' dir='ltr'><strong><em>in</em></strong></span> <span class='ocrx_word' id='word_1_632' title='bbox 3409 3262 3683 3331; x_wconf 82' lang='lat' dir='ltr'><strong><em>martyriis</em></strong></span> <span class='ocrx_word' id='word_1_633' title='bbox 3730 3277 3831 3332; x_wconf 91' lang='lat' dir='ltr'><strong><em>pro</em></strong></span> 
     </span>
    </p>
   </div>
   <div class='ocr_carea' id='block_1_92' title="bbox 2264 3352 3828 3423">
    <p class='ocr_par' dir='ltr' id='par_1_92' title="bbox 2264 3352 3828 3423">
     <span class='ocr_line' id='line_1_92' title="bbox 2264 3352 3828 3423; baseline 0 -15"><span class='ocrx_word' id='word_1_634' title='bbox 2264 3357 2489 3410; x_wconf 85' lang='lat' dir='ltr'><strong><em>Christo</em></strong></span> <span class='ocrx_word' id='word_1_635' title='bbox 2523 3353 2880 3423; x_wconf 86' lang='lat' dir='ltr'><strong><em>gaudeamus,</em></strong></span> <span class='ocrx_word' id='word_1_636' title='bbox 2917 3354 2986 3408; x_wconf 87' lang='lat' dir='ltr'><strong><em>ad</em></strong></span> <span class='ocrx_word' id='word_1_637' title='bbox 3013 3352 3279 3419; x_wconf 89' lang='lat' dir='ltr'><strong><em>supplicia</em></strong></span> <span class='ocrx_word' id='word_1_638' title='bbox 3317 3353 3512 3418; x_wconf 91' lang='lat' dir='ltr'><strong><em>parati,</em></strong></span> <span class='ocrx_word' id='word_1_639' title='bbox 3553 3368 3674 3415; x_wconf 90' lang='lat' dir='ltr'><strong><em>nec,</em></strong></span> <span class='ocrx_word' id='word_1_640' title='bbox 3707 3369 3828 3408; x_wconf 89' lang='lat' dir='ltr'><strong><em>cre-</em></strong></span> 
     </span>
    </p>
   </div>
   <div class='ocr_carea' id='block_1_93' title="bbox 2269 3442 3832 3515">
    <p class='ocr_par' dir='ltr' id='par_1_93' title="bbox 2269 3442 3832 3515">
     <span class='ocr_line' id='line_1_93' title="bbox 2269 3442 3832 3515; baseline -0.001 -15"><span class='ocrx_word' id='word_1_641' title='bbox 2269 3449 2365 3500; x_wconf 89' lang='lat' dir='ltr'><strong><em>bro</em></strong></span> <span class='ocrx_word' id='word_1_642' title='bbox 2413 3447 2670 3515; x_wconf 87' lang='lat' dir='ltr'><strong><em>periculis</em></strong></span> <span class='ocrx_word' id='word_1_643' title='bbox 2718 3444 2980 3509; x_wconf 84' lang='lat' dir='ltr'><strong><em>defuncti,</em></strong></span> <span class='ocrx_word' id='word_1_644' title='bbox 3035 3458 3249 3498; x_wconf 87' lang='lat' dir='ltr'><strong><em>rursum</em></strong></span> <span class='ocrx_word' id='word_1_645' title='bbox 3305 3442 3600 3512; x_wconf 87' lang='lat' dir='ltr'><strong><em>periclitari</em></strong></span> <span class='ocrx_word' id='word_1_646' title='bbox 3651 3444 3832 3498; x_wconf 92' lang='lat' dir='ltr'><strong><em>detre-</em></strong></span> 
     </span>
    </p>
   </div>
   <div class='ocr_carea' id='block_1_94' title="bbox 2266 3533 3829 3607">
    <p class='ocr_par' dir='ltr' id='par_1_94' title="bbox 2266 3533 3829 3607">
     <span class='ocr_line' id='line_1_94' title="bbox 2266 3533 3829 3607; baseline -0.002 -15"><span class='ocrx_word' id='word_1_647' title='bbox 2266 3547 2517 3602; x_wconf 87' lang='lat' dir='ltr'><strong><em>ctemus;</em></strong></span> <span class='ocrx_word' id='word_1_648' title='bbox 2559 3538 2690 3607; x_wconf 92' lang='lat' dir='ltr'><strong><em>quin</em></strong></span> <span class='ocrx_word' id='word_1_649' title='bbox 2735 3537 3041 3600; x_wconf 91' lang='lat' dir='ltr'><strong><em>audientes,</em></strong></span> <span class='ocrx_word' id='word_1_650' title='bbox 3075 3534 3176 3589; x_wconf 89' lang='lat' dir='ltr'><strong><em>Per</em></strong></span> <span class='ocrx_word' id='word_1_651' title='bbox 3225 3533 3418 3586; x_wconf 77' lang='lat' dir='ltr'><strong><em>utultas</em></strong></span> <span class='ocrx_word' id='word_1_652' title='bbox 3465 3533 3829 3589; x_wconf 85' lang='lat' dir='ltr'><strong><em>tribulationes</em></strong></span> 
     </span>
    </p>
   </div>
   <div class='ocr_carea' id='block_1_95' title="bbox 2267 3628 3828 3700">
    <p class='ocr_par' dir='ltr' id='par_1_95' title="bbox 2267 3628 3828 3700">
     <span class='ocr_line' id='line_1_95' title="bbox 2267 3628 3828 3700; baseline 0 -17"><span class='ocrx_word' id='word_1_653' title='bbox 2267 3640 2465 3697; x_wconf 88' lang='lat' dir='ltr'><strong><em>oportet</em></strong></span> <span class='ocrx_word' id='word_1_654' title='bbox 2498 3647 2590 3683; x_wconf 87' lang='lat' dir='ltr'><strong><em>nos</em></strong></span> <span class='ocrx_word' id='word_1_655' title='bbox 2637 3631 2838 3682; x_wconf 88' lang='lat' dir='ltr'><strong><em>intrare</em></strong></span> <span class='ocrx_word' id='word_1_656' title='bbox 2868 3631 2924 3682; x_wconf 86' lang='lat' dir='ltr'><strong><em>in</em></strong></span> <span class='ocrx_word' id='word_1_657' title='bbox 2967 3646 3183 3700; x_wconf 83' lang='lat' dir='ltr'><strong><em>regnum</em></strong></span> <span class='ocrx_word' id='word_1_658' title='bbox 3214 3628 3546 3693; x_wconf 74' lang='lat' dir='ltr'><strong><em>caelorum&quot;,</em></strong></span> <span class='ocrx_word' id='word_1_659' title='bbox 3584 3629 3828 3684; x_wconf 89' lang='lat' dir='ltr'><strong><em>animum</em></strong></span> 
     </span>
    </p>
   </div>
   <div class='ocr_carea' id='block_1_96' title="bbox 2269 3718 3831 3790">
    <p class='ocr_par' dir='ltr' id='par_1_96' title="bbox 2269 3718 3831 3790">
     <span class='ocr_line' id='line_1_96' title="bbox 2269 3718 3831 3790; baseline 0 -17"><span class='ocrx_word' id='word_1_660' title='bbox 2269 3721 2590 3774; x_wconf 88' lang='lat' dir='ltr'><strong><em>inducamus</em></strong></span> <span class='ocrx_word' id='word_1_661' title='bbox 2639 3722 2807 3774; x_wconf 90' lang='lat' dir='ltr'><strong><em>multa</em></strong></span> <span class='ocrx_word' id='word_1_662' title='bbox 2845 3722 3082 3790; x_wconf 89' lang='lat' dir='ltr'><strong><em>perpeti,</em></strong></span> <span class='ocrx_word' id='word_1_663' title='bbox 3131 3729 3185 3774; x_wconf 88' lang='lat' dir='ltr'><strong><em>et</em></strong></span> <span class='ocrx_word' id='word_1_664' title='bbox 3222 3718 3501 3788; x_wconf 78' lang='lat' dir='ltr'><strong><em>perferre,</em></strong></span> <span class='ocrx_word' id='word_1_665' title='bbox 3528 3734 3640 3789; x_wconf 89' lang='lat' dir='ltr'><strong><em>quo</em></strong></span> <span class='ocrx_word' id='word_1_666' title='bbox 3690 3719 3831 3774; x_wconf 88' lang='lat' dir='ltr'><strong><em>felici</em></strong></span> 
     </span>
    </p>
   </div>
   <div class='ocr_carea' id='block_1_97' title="bbox 2269 3809 3831 3881">
    <p class='ocr_par' dir='ltr' id='par_1_97' title="bbox 2269 3809 3831 3881">
     <span class='ocr_line' id='line_1_97' title="bbox 2269 3809 3831 3881; baseline -0.001 -15"><span class='ocrx_word' id='word_1_667' title='bbox 2269 3814 2370 3866; x_wconf 88' lang='lat' dir='ltr'><strong><em>hoc</em></strong></span> <span class='ocrx_word' id='word_1_668' title='bbox 2399 3814 2647 3881; x_wconf 85' lang='lat' dir='ltr'><strong><em>ingressu</em></strong></span> <span class='ocrx_word' id='word_1_669' title='bbox 2695 3813 2991 3881; x_wconf 74' lang='lat' dir='ltr'><strong><em>potiantur.</em></strong></span> <span class='ocrx_word' id='word_1_670' title='bbox 3038 3812 3116 3865; x_wconf 88' lang='lat' dir='ltr'><strong><em>Ac</em></strong></span> <span class='ocrx_word' id='word_1_671' title='bbox 3167 3812 3278 3864; x_wconf 90' lang='lat' dir='ltr'><strong><em>fors</em></strong></span> <span class='ocrx_word' id='word_1_672' title='bbox 3324 3809 3458 3863; x_wconf 89' lang='lat' dir='ltr'><strong><em>nihil</em></strong></span> <span class='ocrx_word' id='word_1_673' title='bbox 3491 3811 3699 3865; x_wconf 90' lang='lat' dir='ltr'><strong><em>accidet</em></strong></span> <span class='ocrx_word' id='word_1_674' title='bbox 3739 3811 3831 3865; x_wconf 89' lang='lat' dir='ltr'><strong><em>Dei</em></strong></span> 
     </span>
    </p>
   </div>
   <div class='ocr_carea' id='block_1_98' title="bbox 2269 3904 3832 3974">
    <p class='ocr_par' dir='ltr' id='par_1_98' title="bbox 2269 3904 3832 3974">
     <span class='ocr_line' id='line_1_98' title="bbox 2269 3904 3832 3974; baseline 0.001 -17"><span class='ocrx_word' id='word_1_675' title='bbox 2269 3905 2648 3960; x_wconf 89' lang='lat' dir='ltr'><strong><em>misericordia</em></strong></span> <span class='ocrx_word' id='word_1_676' title='bbox 2679 3905 2818 3969; x_wconf 90' lang='lat' dir='ltr'><strong><em>diri;</em></strong></span> <span class='ocrx_word' id='word_1_677' title='bbox 2849 3905 3065 3974; x_wconf 81' lang='lat' dir='ltr'><strong><em>expedit</em></strong></span> <span class='ocrx_word' id='word_1_678' title='bbox 3098 3913 3274 3958; x_wconf 86' lang='lat' dir='ltr'><strong><em>tamen</em></strong></span> <span class='ocrx_word' id='word_1_679' title='bbox 3307 3905 3597 3958; x_wconf 89' lang='lat' dir='ltr'><strong><em>constituta</em></strong></span> <span class='ocrx_word' id='word_1_680' title='bbox 3628 3904 3832 3959; x_wconf 88' lang='lat' dir='ltr'><strong><em>habere</em></strong></span> 
     </span>
    </p>
   </div>
   <div class='ocr_carea' id='block_1_99' title="bbox 2269 3994 3831 4063">
    <p class='ocr_par' dir='ltr' id='par_1_99' title="bbox 2269 3994 3831 4063">
     <span class='ocr_line' id='line_1_99' title="bbox 2269 3994 3831 4063; baseline 0 -15"><span class='ocrx_word' id='word_1_681' title='bbox 2269 4011 2392 4063; x_wconf 78' lang='lat' dir='ltr'><strong><em>qua:</em></strong></span> <span class='ocrx_word' id='word_1_682' title='bbox 2444 3995 2708 4050; x_wconf 87' lang='lat' dir='ltr'><strong><em>formides</em></strong></span> <span class='ocrx_word' id='word_1_683' title='bbox 2762 4004 2887 4049; x_wconf 91' lang='lat' dir='ltr'><strong><em>ante</em></strong></span> <span class='ocrx_word' id='word_1_684' title='bbox 2938 4005 3224 4057; x_wconf 89' lang='lat' dir='ltr'><strong><em>terrorem,</em></strong></span> <span class='ocrx_word' id='word_1_685' title='bbox 3273 4005 3333 4046; x_wconf 94' lang='lat' dir='ltr'><strong><em>ut</em></strong></span> <span class='ocrx_word' id='word_1_686' title='bbox 3379 3995 3630 4062; x_wconf 87' lang='lat' dir='ltr'><strong><em>egregie,</em></strong></span> <span class='ocrx_word' id='word_1_687' title='bbox 3691 3994 3831 4048; x_wconf 90' lang='lat' dir='ltr'><strong><em>bello</em></strong></span> 
     </span>
    </p>
   </div>
   <div class='ocr_carea' id='block_1_100' title="bbox 2267 4080 3830 4152">
    <p class='ocr_par' dir='ltr' id='par_1_100' title="bbox 2267 4080 3830 4152">
     <span class='ocr_line' id='line_1_100' title="bbox 2267 4080 3830 4152; baseline 0 -16"><span class='ocrx_word' id='word_1_688' title='bbox 2267 4085 2660 4146; x_wconf 88' lang='lat' dir='ltr'><strong><em>commisso,in</em></strong></span> <span class='ocrx_word' id='word_1_689' title='bbox 2707 4085 2876 4138; x_wconf 92' lang='lat' dir='ltr'><strong><em>aciem</em></strong></span> <span class='ocrx_word' id='word_1_690' title='bbox 2912 4083 3243 4152; x_wconf 86' lang='lat' dir='ltr'><strong><em>prodeamus</em></strong></span> <span class='ocrx_word' id='word_1_691' title='bbox 3279 4099 3293 4146; x_wconf 89' lang='lat'><strong>;</strong></span> <span class='ocrx_word' id='word_1_692' title='bbox 3341 4080 3513 4136; x_wconf 87' lang='lat' dir='ltr'><strong><em>facilis</em></strong></span> <span class='ocrx_word' id='word_1_693' title='bbox 3563 4090 3648 4137; x_wconf 90' lang='lat' dir='ltr'><strong><em>est</em></strong></span> <span class='ocrx_word' id='word_1_694' title='bbox 3687 4084 3830 4136; x_wconf 90' lang='lat' dir='ltr'><strong><em>enim</em></strong></span> 
     </span>
    </p>
   </div>
   <div class='ocr_carea' id='block_1_101' title="bbox 2270 4173 3834 4242">
    <p class='ocr_par' dir='ltr' id='par_1_101' title="bbox 2270 4173 3834 4242">
     <span class='ocr_line' id='line_1_101' title="bbox 2270 4173 3834 4242; baseline 0.003 -15"><span class='ocrx_word' id='word_1_695' title='bbox 2270 4175 2487 4229; x_wconf 83' lang='lat' dir='ltr'><strong><em>animus</em></strong></span> <span class='ocrx_word' id='word_1_696' title='bbox 2543 4174 2688 4228; x_wconf 87' lang='lat' dir='ltr'><strong><em>vinci</em></strong></span> <span class='ocrx_word' id='word_1_697' title='bbox 2780 4175 3113 4242; x_wconf 85' lang='lat' dir='ltr'><strong><em>imparatus,</em></strong></span> <span class='ocrx_word' id='word_1_698' title='bbox 3169 4173 3262 4242; x_wconf 88' lang='lat' dir='ltr'><strong><em>qui</em></strong></span> <span class='ocrx_word' id='word_1_699' title='bbox 3319 4173 3464 4227; x_wconf 90' lang='lat' dir='ltr'><strong><em>haud</em></strong></span> <span class='ocrx_word' id='word_1_700' title='bbox 3521 4177 3834 4242; x_wconf 84' lang='lat' dir='ltr'><strong><em>procinctus</em></strong></span> 
     </span>
    </p>
   </div>
   <div class='ocr_carea' id='block_1_102' title="bbox 2269 4262 3831 4336">
    <p class='ocr_par' dir='ltr' id='par_1_102' title="bbox 2269 4262 3831 4336">
     <span class='ocr_line' id='line_1_102' title="bbox 2269 4262 3831 4336; baseline 0 -17"><span class='ocrx_word' id='word_1_701' title='bbox 2269 4266 2562 4336; x_wconf 88' lang='lat' dir='ltr'><strong><em>derepente</em></strong></span> <span class='ocrx_word' id='word_1_702' title='bbox 2591 4265 2739 4320; x_wconf 88' lang='lat' dir='ltr'><strong><em>ineat</em></strong></span> <span class='ocrx_word' id='word_1_703' title='bbox 2769 4275 3063 4319; x_wconf 90' lang='lat' dir='ltr'><strong><em>certamen.</em></strong></span> <span class='ocrx_word' id='word_1_704' title='bbox 3093 4262 3214 4318; x_wconf 85' lang='lat' dir='ltr'><strong><em>Jam</em></strong></span> <span class='ocrx_word' id='word_1_705' title='bbox 3240 4264 3371 4335; x_wconf 90' lang='lat' dir='ltr'><strong><em>quid</em></strong></span> <span class='ocrx_word' id='word_1_706' title='bbox 3413 4275 3649 4321; x_wconf 91' lang='lat' dir='ltr'><strong><em>terrores</em></strong></span> <span class='ocrx_word' id='word_1_707' title='bbox 3680 4282 3831 4321; x_wconf 90' lang='lat' dir='ltr'><strong><em>com-</em></strong></span> 
     </span>
    </p>
   </div>
   <div class='ocr_carea' id='block_1_103' title="bbox 2267 4357 3831 4428">
    <p class='ocr_par' dir='ltr' id='par_1_103' title="bbox 2267 4357 3831 4428">
     <span class='ocr_line' id='line_1_103' title="bbox 2267 4357 3831 4428; baseline 0.001 -17"><span class='ocrx_word' id='word_1_708' title='bbox 2267 4358 2554 4413; x_wconf 87' lang='lat' dir='ltr'><strong><em>memoro?</em></strong></span> <span class='ocrx_word' id='word_1_709' title='bbox 2592 4358 2645 4411; x_wconf 90' lang='lat' dir='ltr'><strong><em>in</em></strong></span> <span class='ocrx_word' id='word_1_710' title='bbox 2670 4359 2785 4412; x_wconf 87' lang='lat' dir='ltr'><strong><em>dies</em></strong></span> <span class='ocrx_word' id='word_1_711' title='bbox 2801 4366 3099 4420; x_wconf 83' lang='lat' dir='ltr'><strong><em>certamen,</em></strong></span> <span class='ocrx_word' id='word_1_712' title='bbox 3137 4358 3188 4410; x_wconf 92' lang='lat' dir='ltr'><strong><em>in</em></strong></span> <span class='ocrx_word' id='word_1_713' title='bbox 3215 4358 3331 4412; x_wconf 88' lang='lat' dir='ltr'><strong><em>dies</em></strong></span> <span class='ocrx_word' id='word_1_714' title='bbox 3373 4357 3621 4426; x_wconf 76' lang='lat' dir='ltr'><strong><em>praelium</em></strong></span> <span class='ocrx_word' id='word_1_715' title='bbox 3657 4359 3831 4428; x_wconf 83' lang='lat' dir='ltr'><strong><em>agita-</em></strong></span> 
     </span>
    </p>
   </div>
   <div class='ocr_carea' id='block_1_104' title="bbox 2267 4450 3835 4520">
    <p class='ocr_par' dir='ltr' id='par_1_104' title="bbox 2267 4450 3835 4520">
     <span class='ocr_line' id='line_1_104' title="bbox 2267 4450 3835 4520; baseline 0 -14"><span class='ocrx_word' id='word_1_716' title='bbox 2267 4463 2377 4517; x_wconf 88' lang='lat' dir='ltr'><strong><em>tur,</em></strong></span> <span class='ocrx_word' id='word_1_717' title='bbox 2409 4467 2515 4506; x_wconf 90' lang='lat' dir='ltr'><strong><em>non</em></strong></span> <span class='ocrx_word' id='word_1_718' title='bbox 2551 4450 2917 4520; x_wconf 90' lang='lat' dir='ltr'><strong><em>perspicuum,</em></strong></span> <span class='ocrx_word' id='word_1_719' title='bbox 2955 4450 3046 4503; x_wconf 87' lang='lat' dir='ltr'><strong><em>sed</em></strong></span> <span class='ocrx_word' id='word_1_720' title='bbox 3083 4450 3536 4519; x_wconf 89' lang='lat' dir='ltr'><strong><em>imperspicuum,</em></strong></span> <span class='ocrx_word' id='word_1_721' title='bbox 3577 4466 3681 4506; x_wconf 90' lang='lat' dir='ltr'><strong><em>nec</em></strong></span> <span class='ocrx_word' id='word_1_722' title='bbox 3715 4467 3835 4507; x_wconf 85' lang='lat' dir='ltr'><strong><em>cor—</em></strong></span> 
     </span>
    </p>
   </div>
   <div class='ocr_carea' id='block_1_105' title="bbox 2269 4540 3830 4612">
    <p class='ocr_par' dir='ltr' id='par_1_105' title="bbox 2269 4540 3830 4612">
     <span class='ocr_line' id='line_1_105' title="bbox 2269 4540 3830 4612; baseline -0.001 -16"><span class='ocrx_word' id='word_1_723' title='bbox 2269 4559 2396 4612; x_wconf 89' lang='lat' dir='ltr'><strong><em>pus,</em></strong></span> <span class='ocrx_word' id='word_1_724' title='bbox 2463 4543 2554 4596; x_wconf 89' lang='lat' dir='ltr'><strong><em>sed</em></strong></span> <span class='ocrx_word' id='word_1_725' title='bbox 2589 4548 2824 4595; x_wconf 91' lang='lat' dir='ltr'><strong><em>mentem</em></strong></span> <span class='ocrx_word' id='word_1_726' title='bbox 2871 4540 3164 4595; x_wconf 89' lang='lat' dir='ltr'><strong><em>vulnerans</em></strong></span> <span class='ocrx_word' id='word_1_727' title='bbox 3206 4549 3259 4594; x_wconf 89' lang='lat' dir='ltr'><strong><em>et</em></strong></span> <span class='ocrx_word' id='word_1_728' title='bbox 3295 4541 3637 4605; x_wconf 88' lang='lat' dir='ltr'><strong><em>interimens,</em></strong></span> <span class='ocrx_word' id='word_1_729' title='bbox 3687 4543 3830 4610; x_wconf 84' lang='lat' dir='ltr'><strong><em>quod</em></strong></span> 
     </span>
    </p>
   </div>
   <div class='ocr_carea' id='block_1_106' title="bbox 2261 4632 3835 4701">
    <p class='ocr_par' dir='ltr' id='par_1_106' title="bbox 2261 4632 3835 4701">
     <span class='ocr_line' id='line_1_106' title="bbox 2261 4632 3835 4701; baseline 0.001 -14"><span class='ocrx_word' id='word_1_730' title='bbox 2261 4635 2426 4687; x_wconf 88' lang='lat' dir='ltr'><strong><em>animi</em></strong></span> <span class='ocrx_word' id='word_1_731' title='bbox 2493 4644 2754 4701; x_wconf 89' lang='lat' dir='ltr'><strong><em>tanquam</em></strong></span> <span class='ocrx_word' id='word_1_732' title='bbox 2814 4632 3013 4686; x_wconf 87' lang='lat' dir='ltr'><strong><em>lumbis</em></strong></span> <span class='ocrx_word' id='word_1_733' title='bbox 3073 4633 3409 4696; x_wconf 83' lang='lat' dir='ltr'><strong><em>succinctis,</em></strong></span> <span class='ocrx_word' id='word_1_734' title='bbox 3481 4647 3546 4686; x_wconf 88' lang='lat' dir='ltr'><strong><em>ac</em></strong></span> <span class='ocrx_word' id='word_1_735' title='bbox 3607 4633 3835 4701; x_wconf 62' lang='lat' dir='ltr'><strong><em>justitias</em></strong></span> 
     </span>
    </p>
   </div>
   <div class='ocr_carea' id='block_1_107' title="bbox 2258 4723 3832 4790">
    <p class='ocr_par' dir='ltr' id='par_1_107' title="bbox 2258 4723 3832 4790">
     <span class='ocr_line' id='line_1_107' title="bbox 2258 4723 3832 4790; baseline 0.001 -12"><span class='ocrx_word' id='word_1_736' title='bbox 2258 4725 2430 4778; x_wconf 83' lang='lat' dir='ltr'><strong><em>armis</em></strong></span> <span class='ocrx_word' id='word_1_737' title='bbox 2477 4725 2674 4787; x_wconf 90' lang='lat' dir='ltr'><strong><em>induti,</em></strong></span> <span class='ocrx_word' id='word_1_738' title='bbox 2711 4738 2807 4777; x_wconf 90' lang='lat' dir='ltr'><strong><em>ceu</em></strong></span> <span class='ocrx_word' id='word_1_739' title='bbox 2853 4723 3035 4777; x_wconf 80' lang='lat' dir='ltr'><strong><em>eximii</em></strong></span> <span class='ocrx_word' id='word_1_740' title='bbox 3084 4724 3285 4778; x_wconf 89' lang='lat' dir='ltr'><strong><em>Christi</em></strong></span> <span class='ocrx_word' id='word_1_741' title='bbox 3339 4724 3577 4790; x_wconf 86' lang='lat' dir='ltr'><strong><em>milites,</em></strong></span> <span class='ocrx_word' id='word_1_742' title='bbox 3624 4725 3832 4781; x_wconf 85' lang='lat' dir='ltr'><strong><em>alacres</em></strong></span> 
     </span>
    </p>
   </div>
   <div class='ocr_carea' id='block_1_108' title="bbox 2263 4814 3833 4886">
    <p class='ocr_par' dir='ltr' id='par_1_108' title="bbox 2263 4814 3833 4886">
     <span class='ocr_line' id='line_1_108' title="bbox 2263 4814 3833 4886; baseline 0.001 -16"><span class='ocrx_word' id='word_1_743' title='bbox 2263 4833 2365 4873; x_wconf 87' lang='lat' dir='ltr'><strong><em>nec</em></strong></span> <span class='ocrx_word' id='word_1_744' title='bbox 2411 4817 2711 4872; x_wconf 86' lang='lat' dir='ltr'><strong><em>oscitantes</em></strong></span> <span class='ocrx_word' id='word_1_745' title='bbox 2753 4817 3147 4886; x_wconf 88' lang='lat' dir='ltr'><strong><em>depugnemus.</em></strong></span> <span class='ocrx_word' id='word_1_746' title='bbox 3188 4814 3358 4869; x_wconf 84' lang='lat' dir='ltr'><strong><em>Nemo</em></strong></span> <span class='ocrx_word' id='word_1_747' title='bbox 3396 4816 3680 4871; x_wconf 89' lang='lat' dir='ltr'><strong><em>dormiens</em></strong></span> <span class='ocrx_word' id='word_1_748' title='bbox 3723 4827 3833 4872; x_wconf 89' lang='lat' dir='ltr'><strong><em>tro—</em></strong></span> 
     </span>
    </p>
   </div>
   <div class='ocr_carea' id='block_1_109' title="bbox 2255 4907 3828 4978">
    <p class='ocr_par' dir='ltr' id='par_1_109' title="bbox 2255 4907 3828 4978">
     <span class='ocr_line' id='line_1_109' title="bbox 2255 4907 3828 4978; baseline 0 -16"><span class='ocrx_word' id='word_1_749' title='bbox 2255 4925 2425 4977; x_wconf 69' lang='lat' dir='ltr'><strong><em>pa&#39;um</em></strong></span> <span class='ocrx_word' id='word_1_750' title='bbox 2478 4909 2694 4972; x_wconf 88' lang='lat' dir='ltr'><strong><em>statuit,</em></strong></span> <span class='ocrx_word' id='word_1_751' title='bbox 2744 4922 2846 4963; x_wconf 90' lang='lat' dir='ltr'><strong><em>nec</em></strong></span> <span class='ocrx_word' id='word_1_752' title='bbox 2893 4908 3246 4978; x_wconf 88' lang='lat' dir='ltr'><strong><em>resupinatus</em></strong></span> <span class='ocrx_word' id='word_1_753' title='bbox 3307 4921 3538 4962; x_wconf 90' lang='lat' dir='ltr'><strong><em>messem</em></strong></span> <span class='ocrx_word' id='word_1_754' title='bbox 3586 4907 3828 4977; x_wconf 88' lang='lat' dir='ltr'><strong><em>colligit;</em></strong></span> 
     </span>
    </p>
   </div>
   <div class='ocr_carea' id='block_1_110' title="bbox 2254 4997 3828 5068">
    <p class='ocr_par' dir='ltr' id='par_1_110' title="bbox 2254 4997 3828 5068">
     <span class='ocr_line' id='line_1_110' title="bbox 2254 4997 3828 5068; baseline -0.001 -15"><span class='ocrx_word' id='word_1_755' title='bbox 2254 5001 2383 5068; x_wconf 89' lang='lat' dir='ltr'><strong><em>quin</em></strong></span> <span class='ocrx_word' id='word_1_756' title='bbox 2416 4999 2605 5068; x_wconf 87' lang='lat' dir='ltr'><strong><em>ingens</em></strong></span> <span class='ocrx_word' id='word_1_757' title='bbox 2633 4998 2891 5067; x_wconf 91' lang='lat' dir='ltr'><strong><em>utrinque</em></strong></span> <span class='ocrx_word' id='word_1_758' title='bbox 2922 5013 3060 5068; x_wconf 91' lang='lat' dir='ltr'><strong><em>opus</em></strong></span> <span class='ocrx_word' id='word_1_759' title='bbox 3085 5007 3170 5052; x_wconf 85' lang='lat' dir='ltr'><strong><em>est</em></strong></span> <span class='ocrx_word' id='word_1_760' title='bbox 3207 4998 3395 5062; x_wconf 92' lang='lat' dir='ltr'><strong><em>sudor,</em></strong></span> <span class='ocrx_word' id='word_1_761' title='bbox 3430 5006 3484 5052; x_wconf 91' lang='lat' dir='ltr'><strong><em>et</em></strong></span> <span class='ocrx_word' id='word_1_762' title='bbox 3518 4997 3828 5062; x_wconf 88' lang='lat' dir='ltr'><strong><em>industria;</em></strong></span> 
     </span>
    </p>
   </div>
   <div class='ocr_carea' id='block_1_111' title="bbox 2259 5083 3829 5160">
    <p class='ocr_par' dir='ltr' id='par_1_111' title="bbox 2259 5083 3829 5160">
     <span class='ocr_line' id='line_1_111' title="bbox 2259 5083 3829 5160; baseline -0.001 -15"><span class='ocrx_word' id='word_1_763' title='bbox 2259 5093 2339 5145; x_wconf 90' lang='lat' dir='ltr'><strong><em>sin</em></strong></span> <span class='ocrx_word' id='word_1_764' title='bbox 2371 5091 2481 5145; x_wconf 89' lang='lat' dir='ltr'><strong><em>illic</em></strong></span> <span class='ocrx_word' id='word_1_765' title='bbox 2515 5107 2571 5145; x_wconf 92' lang='lat' dir='ltr'><strong><em>se</em></strong></span> <span class='ocrx_word' id='word_1_766' title='bbox 2603 5091 2676 5144; x_wconf 92' lang='lat' dir='ltr'><strong><em>ita</em></strong></span> <span class='ocrx_word' id='word_1_767' title='bbox 2713 5103 2802 5144; x_wconf 91' lang='lat' dir='ltr'><strong><em>res</em></strong></span> <span class='ocrx_word' id='word_1_768' title='bbox 2829 5090 3014 5156; x_wconf 87' lang='lat' dir='ltr'><strong><em>habet,</em></strong></span> <span class='ocrx_word' id='word_1_769' title='bbox 3044 5102 3250 5160; x_wconf 89' lang='lat' dir='ltr'><strong><em>quanto</em></strong></span> <span class='ocrx_word' id='word_1_770' title='bbox 3287 5090 3460 5157; x_wconf 81' lang='lat' dir='ltr'><strong><em>magis</em></strong></span> <span class='ocrx_word' id='word_1_771' title='bbox 3490 5083 3544 5144; x_wconf 87' lang='lat' dir='ltr'><strong><em>in</em></strong></span> <span class='ocrx_word' id='word_1_772' title='bbox 3585 5100 3829 5146; x_wconf 81' lang='lat' dir='ltr'><strong><em>nostrate</em></strong></span> 
     </span>
    </p>
   </div>
   <div class='ocr_carea' id='block_1_112' title="bbox 2270 5181 3831 5253">
    <p class='ocr_par' dir='ltr' id='par_1_112' title="bbox 2270 5181 3831 5253">
     <span class='ocr_line' id='line_1_112' title="bbox 2270 5181 3831 5253; baseline 0 -18"><span class='ocrx_word' id='word_1_773' title='bbox 2270 5183 2411 5236; x_wconf 88' lang='lat' dir='ltr'><strong><em>bello</em></strong></span> <span class='ocrx_word' id='word_1_774' title='bbox 2435 5223 2447 5245; x_wconf 94' lang='lat'><strong><em>,</em></strong></span> <span class='ocrx_word' id='word_1_775' title='bbox 2484 5182 2573 5235; x_wconf 92' lang='lat' dir='ltr'><strong><em>ubi</em></strong></span> <span class='ocrx_word' id='word_1_776' title='bbox 2608 5181 2839 5235; x_wconf 89' lang='lat' dir='ltr'><strong><em>missilia</em></strong></span> <span class='ocrx_word' id='word_1_777' title='bbox 2869 5183 3026 5248; x_wconf 90' lang='lat' dir='ltr'><strong><em>quasi</em></strong></span> <span class='ocrx_word' id='word_1_778' title='bbox 3059 5181 3279 5250; x_wconf 90' lang='lat' dir='ltr'><strong><em>quidam</em></strong></span> <span class='ocrx_word' id='word_1_779' title='bbox 3322 5181 3454 5236; x_wconf 90' lang='lat' dir='ltr'><strong><em>radii</em></strong></span> <span class='ocrx_word' id='word_1_780' title='bbox 3485 5181 3723 5253; x_wconf 85' lang='lat' dir='ltr'><strong><em>fulguris</em></strong></span> <span class='ocrx_word' id='word_1_781' title='bbox 3753 5183 3831 5235; x_wconf 90' lang='lat' dir='ltr'><strong><em>in-</em></strong></span> 
     </span>
    </p>
   </div>
   <div class='ocr_carea' id='block_1_113' title="bbox 2262 5271 3828 5339">
    <p class='ocr_par' dir='ltr' id='par_1_113' title="bbox 2262 5271 3828 5339">
     <span class='ocr_line' id='line_1_113' title="bbox 2262 5271 3828 5339; baseline 0 -13"><span class='ocrx_word' id='word_1_782' title='bbox 2262 5275 2543 5339; x_wconf 86' lang='lat' dir='ltr'><strong><em>cumbant,</em></strong></span> <span class='ocrx_word' id='word_1_783' title='bbox 2592 5272 2721 5327; x_wconf 91' lang='lat' dir='ltr'><strong><em>hinc</em></strong></span> <span class='ocrx_word' id='word_1_784' title='bbox 2753 5273 2995 5326; x_wconf 87' lang='lat' dir='ltr'><strong><em>arietans</em></strong></span> <span class='ocrx_word' id='word_1_785' title='bbox 3046 5271 3254 5326; x_wconf 88' lang='lat' dir='ltr'><strong><em>nefaria</em></strong></span> <span class='ocrx_word' id='word_1_786' title='bbox 3302 5271 3491 5336; x_wconf 93' lang='lat' dir='ltr'><strong><em>libido,</em></strong></span> <span class='ocrx_word' id='word_1_787' title='bbox 3547 5272 3674 5325; x_wconf 87' lang='lat' dir='ltr'><strong><em>inde</em></strong></span> <span class='ocrx_word' id='word_1_788' title='bbox 3714 5287 3828 5326; x_wconf 89' lang='lat' dir='ltr'><strong><em>am-</em></strong></span> 
     </span>
    </p>
   </div>
   <div class='ocr_carea' id='block_1_114' title="bbox 2263 5363 3830 5433">
    <p class='ocr_par' dir='ltr' id='par_1_114' title="bbox 2263 5363 3830 5433">
     <span class='ocr_line' id='line_1_114' title="bbox 2263 5363 3830 5433; baseline -0.001 -16"><span class='ocrx_word' id='word_1_789' title='bbox 2263 5366 2394 5418; x_wconf 89' lang='lat' dir='ltr'><strong><em>bitio</em></strong></span> <span class='ocrx_word' id='word_1_790' title='bbox 2421 5401 2434 5425; x_wconf 92' lang='lat'><strong><em>,</em></strong></span> <span class='ocrx_word' id='word_1_791' title='bbox 2477 5364 2603 5416; x_wconf 87' lang='lat' dir='ltr'><strong><em>hinc</em></strong></span> <span class='ocrx_word' id='word_1_792' title='bbox 2672 5363 2870 5416; x_wconf 88' lang='lat' dir='ltr'><strong><em>invidia</em></strong></span> <span class='ocrx_word' id='word_1_793' title='bbox 2898 5403 2912 5427; x_wconf 95' lang='lat'><strong><em>,</em></strong></span> <span class='ocrx_word' id='word_1_794' title='bbox 2968 5363 3093 5416; x_wconf 90' lang='lat' dir='ltr'><strong><em>inde</em></strong></span> <span class='ocrx_word' id='word_1_795' title='bbox 3141 5363 3527 5432; x_wconf 83' lang='lat' dir='ltr'><strong><em>blasphemia?</em></strong></span> <span class='ocrx_word' id='word_1_796' title='bbox 3565 5366 3830 5433; x_wconf 82' lang='lat' dir='ltr'><strong><em>Artesque</em></strong></span> 
     </span>
    </p>
   </div>
   <div class='ocr_carea' id='block_1_115' title="bbox 2265 5449 3826 5524">
    <p class='ocr_par' dir='ltr' id='par_1_115' title="bbox 2265 5449 3826 5524">
     <span class='ocr_line' id='line_1_115' title="bbox 2265 5449 3826 5524; baseline -0.001 -16"><span class='ocrx_word' id='word_1_797' title='bbox 2265 5455 2486 5508; x_wconf 86' lang='lat' dir='ltr'><strong><em>diabolo</em></strong></span> <span class='ocrx_word' id='word_1_798' title='bbox 2541 5453 2761 5520; x_wconf 66' lang='lat' dir='ltr'><strong><em>multae,</em></strong></span> <span class='ocrx_word' id='word_1_799' title='bbox 2812 5455 3056 5508; x_wconf 90' lang='lat' dir='ltr'><strong><em>animum</em></strong></span> <span class='ocrx_word' id='word_1_800' title='bbox 3112 5455 3341 5509; x_wconf 90' lang='lat' dir='ltr'><strong><em>tentanti</em></strong></span> <span class='ocrx_word' id='word_1_801' title='bbox 3392 5449 3826 5524; x_wconf 88' lang='lat' dir='ltr'><strong><em>quaquaversum</em></strong></span> 
     </span>
    </p>
   </div>
   <div class='ocr_carea' id='block_1_116' title="bbox 2264 5545 3828 5616">
    <p class='ocr_par' dir='ltr' id='par_1_116' title="bbox 2264 5545 3828 5616">
     <span class='ocr_line' id='line_1_116' title="bbox 2264 5545 3828 5616; baseline 0 -18"><span class='ocrx_word' id='word_1_802' title='bbox 2264 5546 2615 5612; x_wconf 84' lang='lat' dir='ltr'><strong><em>labefactare,</em></strong></span> <span class='ocrx_word' id='word_1_803' title='bbox 2669 5562 2731 5600; x_wconf 91' lang='lat' dir='ltr'><strong><em>ac</em></strong></span> <span class='ocrx_word' id='word_1_804' title='bbox 2764 5546 2911 5599; x_wconf 91' lang='lat' dir='ltr'><strong><em>velut</em></strong></span> <span class='ocrx_word' id='word_1_805' title='bbox 2941 5545 3311 5601; x_wconf 85' lang='lat' dir='ltr'><strong><em>devorandum</em></strong></span> <span class='ocrx_word' id='word_1_806' title='bbox 3360 5561 3612 5616; x_wconf 88' lang='lat' dir='ltr'><strong><em>poscere,</em></strong></span> <span class='ocrx_word' id='word_1_807' title='bbox 3649 5558 3706 5601; x_wconf 92' lang='lat' dir='ltr'><strong><em>ut</em></strong></span> <span class='ocrx_word' id='word_1_808' title='bbox 3739 5548 3828 5599; x_wconf 89' lang='lat' dir='ltr'><strong><em>de-</em></strong></span> 
     </span>
    </p>
   </div>
   <div class='ocr_carea' id='block_1_117' title="bbox 2265 5634 3827 5708">
    <p class='ocr_par' dir='ltr' id='par_1_117' title="bbox 2265 5634 3827 5708">
     <span class='ocr_line' id='line_1_117' title="bbox 2265 5634 3827 5708; baseline -0.003 -18"><span class='ocrx_word' id='word_1_809' title='bbox 2265 5645 2475 5704; x_wconf 83' lang='lat' dir='ltr'><strong><em>sperata</em></strong></span> <span class='ocrx_word' id='word_1_810' title='bbox 2509 5635 2736 5703; x_wconf 87' lang='lat' dir='ltr'><strong><em>quilibet</em></strong></span> <span class='ocrx_word' id='word_1_811' title='bbox 2767 5635 2873 5690; x_wconf 84' lang='lat' dir='ltr'><strong><em>vita</em></strong></span> <span class='ocrx_word' id='word_1_812' title='bbox 2917 5646 3165 5708; x_wconf 80' lang='lat' dir='ltr'><strong><em>erumpat</em></strong></span> <span class='ocrx_word' id='word_1_813' title='bbox 3212 5635 3264 5690; x_wconf 85' lang='lat' dir='ltr'><strong><em>in</em></strong></span> <span class='ocrx_word' id='word_1_814' title='bbox 3298 5635 3411 5691; x_wconf 67' lang='lat'><strong><em>11820</em></strong></span> <span class='ocrx_word' id='word_1_815' title='bbox 3467 5637 3629 5692; x_wconf 85' lang='lat' dir='ltr'><strong><em>verba</em></strong></span> <span class='ocrx_word' id='word_1_816' title='bbox 3669 5655 3680 5689; x_wconf 89' lang='lat'><strong>:</strong></span> <span class='ocrx_word' id='word_1_817' title='bbox 3713 5634 3827 5688; x_wconf 73' lang='lat' dir='ltr'><strong><em>Nisi</em></strong></span> 
     </span>
    </p>
   </div>
   <div class='ocr_carea' id='block_1_118' title="bbox 2005 5800 2477 5865">
    <p class='ocr_par' dir='ltr' id='par_1_118' title="bbox 2005 5800 2477 5865">
     <span class='ocr_line' id='line_1_118' title="bbox 2005 5800 2477 5865; baseline 0 -11"><span class='ocrx_word' id='word_1_818' title='bbox 2005 5802 2045 5833; x_wconf 72' lang='lat'><strong><em>9‘</em></strong></span> <span class='ocrx_word' id='word_1_819' title='bbox 2086 5803 2205 5856; x_wconf 80' lang='lat' dir='ltr'><strong><em>Act.</em></strong></span> <span class='ocrx_word' id='word_1_820' title='bbox 2245 5817 2352 5865; x_wconf 67' lang='lat' dir='ltr'><strong><em>inv,</em></strong></span> <span class='ocrx_word' id='word_1_821' title='bbox 2388 5800 2477 5854; x_wconf 67' lang='grc' dir='ltr'><strong><em>Ἣ.</em></strong></span> 
     </span>
    </p>
   </div>
  </div>
