4000 6306
153 364 247 428 651

1287 369 1372 427 SE
1385 368 1589 428 ΒΜοΝ
1599 370 1686 428 ES
1730 369 2245 431 CATECHETICI.

3280 381 3391 445 662

151 477 274 544 quia
311 474 567 530 Dominus
628 477 830 545 adjuvit
887 495 986 540 me,
1033 478 1189 548 paulo
1225 482 1397 531 minus
1432 479 1717 532 habitasset
1746 479 1798 538 Α
1827 477 1932 546 igni
1971 483 2165 550 potius,
2204 483 2387 550 ferro,
2421 484 2630 553 bestiis,
2668 502 2830 557 quam
2860 489 3212 547 Icthabilihus
3237 493 3386 548 vitiis

155 572 205 621 in
232 568 446 637 inferno
479 568 667 619 anima
705 569 904 632 mea",
937 569 1035 622 etsi
1063 570 1115 622 in
1149 569 1233 624 his
1265 569 1525 623 omnibus
1564 584 1718 637 supe-

155 676 346 714 ramus
399 675 493 721 ner
552 675 680 712 eum
719 661 811 728 qui
849 675 948 715 nos
997 660 1292 725 adamavit,
1336 677 1467 716 sane
1512 662 1568 714 in
1621 660 1723 713 Deo

157 754 423 819 faciamus
463 753 736 815 virtutem,
783 763 840 806 ut
875 752 1125 807 Davidice
1165 754 1376 823 loquar,
1427 762 1479 807 et
1518 754 1624 820 ipse
1654 753 1721 804 ad

155 842 384 895 nihilum
419 842 641 896 deducet
686 843 920 896 inimicos
953 854 1157 898 nostros
1180 844 1270 898 ”:
1310 846 1416 910 ipse
1458 853 1536 897 est
1586 845 1723 897 enim

153 951 254 1000 pas:
282 944 472 988 nostra
513 937 602 1003 qui
645 936 1019 1004 fecit‘utraque
1047 952 1229 1000 unum,
1273 945 1321 989 et
1364 937 1590 988 medium
1627 953 1723 1004 pa-

157 1030 333 1080 rietem
381 1028 627 1081 maceriae
663 1028 836 1092 solvit,
869 1029 1198 1092 inimicitias,
1247 1028 1299 1081 in
1349 1044 1444 1081 sua
1476 1045 1631 1081 carne
1654 1028 1720 1090 ",

157 1124 202 1171 id
260 1129 370 1185 est,
431 1119 528 1187 qui
588 1119 790 1174 victum
843 1119 1116 1172 diabolum
1170 1120 1520 1189 proculcavit,
1571 1129 1721 1187 parta

157 1207 279 1261 hinc
338 1207 507 1259 nobis
549 1205 773 1259 victoria
836 1222 1052 1275 quoque
1103 1209 1432 1277 praemioque
1482 1209 1723 1262 victoriae

154 1297 365 1351 caelesti
409 1291 580 1365 regn‘o
623 1299 894 1362 condicto,
935 1298 1080 1367 quod
1116 1299 1332 1367 assequi
1373 1315 1561 1354 omnes
1592 1313 1722 1353 con-

156 1390 319 1458 tingat
348 1403 449 1456 per
483 1386 665 1440 Jesum
697 1385 969 1441 Christum
1002 1388 1286 1441 Dominum
1316 1398 1560 1443 nostrum
1595 1392 1716 1444 :cui

155 1480 320 1548 gloria
355 1489 411 1532 et
448 1479 738 1547 imperium
773 1495 893 1533 cum
933 1479 1108 1544 Patre,
1147 1496 1211 1536 ac
1268 1494 1459 1536 sancto
1494 1482 1719 1551 Spiritu,

157 1585 295 1623 nunc
353 1576 410 1622 et
462 1583 699 1638 semper,
791 1569 845 1622 in
903 1585 1229 1640 omnemque
1284 1572 1718 1640 perpetuitatem.

153 1660 319 1714 Amen
331 1701 344 1716 .

707 1726 935 1785 SERMO
973 1729 1181 1786 CXVII.

154 1821 224 1874 De
266 1822 467 1898 fratris
506 1820 1008 1898 Memiionis‘lapsu.
1029 1823 1146 1878 Neu
1194 1827 1424 1882 solitarii
1468 1829 1716 1898 degamus
1750 1807 1794 1866 Β

217 1892 493 2012 Ξεεείίενὶδ
521 1894 673 1946 noxis
696 1891 995 1959 evadendis,
1029 1912 1144 1962 qua,
1172 1912 1264 1964 per
1292 1914 1472 1952 sensus
1499 1891 1717 1953 contra-

252 1974 438 2012 antur.

252 1974 438 2017 antur.

221 2052 453 2108 Fratres
514 2053 835 2126 Patresque,
881 2058 1131 2127 equidem
1164 2074 1286 2112 cum
1321 2075 1420 2115 vos
1452 2061 1720 2130 undiqua-

156 2161 254 2213 que
282 2156 481 2217 satago
517 2147 815 2214 cohortari,
850 2149 977 2205 hinc
1009 2151 1134 2205 inde
1175 2153 1494 2208 occasiones
1535 2168 1722 2207 corro-

156 2253 319 2304 gans;
377 2249 499 2292 tum
551 2239 737 2294 audito
789 2240 843 2294 in
898 2240 1146 2312 Bithynia
1173 2244 1428 2313 quiddam
1480 2244 1722 2300 insolens

158 2329 442 2395 accidisse,
469 2345 780 2385 sermonem
808 2331 934 2386 hinc
957 2333 1232 2388 exordiar.
1258 2334 1464 2405 Ecquid
1496 2338 1722 2406 contigit

159 2421 318 2474 vero?
353 2423 531 2477 Aiunt
580 2423 849 2492 pardalim
904 2440 1012 2479 non
1051 2441 1234 2490 unam,
1276 2429 1408 2497 quin
1461 2429 1617 2493 duas,
1658 2445 1722 2485 ac

163 2520 298 2576 tres,
353 2523 581 2582 repente
623 2514 796 2578 visas,
848 2529 956 2568 non
1010 2515 1177 2571 boves
1227 2518 1427 2572 habere
1473 2518 1720 2584 infestos,

162 2617 259 2657 non
309 2620 465 2671 oves,
520 2620 632 2659 non
687 2606 831 2661 aliud
883 2607 1083 2661 animal
1118 2609 1307 2674 ullum,
1345 2610 1437 2664 sed
1474 2612 1723 2665 homines

166 2697 357 2759 solum,
391 2705 451 2751 ut
477 2698 737 2767 oppidani
783 2700 1130 2755 vehementer
1174 2703 1441 2767 exterriti,
1495 2703 1720 2757 solidam

163 2802 215 2840 se
255 2798 473 2844 noctem
527 2790 675 2844 intra
731 2792 871 2848 aedes
918 2793 1271 2855 concludant,
1318 2795 1444 2848 dum
1482 2794 1722 2848 lu‘cescat

167 2881 293 2938 dies.
326 2883 474 2938 Sane
517 2884 781 2938 indicium
817 2885 866 2939 id
914 2897 997 2942 est
1031 2887 1124 2940 irae
1151 2887 1368 2943 divinae.
1403 2889 1507 2944 Sed
1544 2890 1720 2944 dicam

166 2975 212 3027 in
265 2976 457 3045 primis
517 2992 631 3046 quo
692 2978 805 3034 haec
857 2981 991 3034 mihi
1050 2980 1215 3049 petita
1272 2982 1473 3036 serviat
1521 2983 1718 3036 oratio.

162 3062 443 3122 Enimvero
489 3066 685 3122 insunt
733 3069 783 3121 in
816 3069 973 3124 nobis
1013 3068 1143 3125 fera:
1191 3071 1490 3141 permultae,
1536 3082 1588 3126 et
1635 3074 1721 3140 pol

164 3166 397 3222 atroces,
458 3157 680 3213 scelesti
731 3160 995 3229 spiritus;
1028 3173 1179 3217 atrox
1235 3163 1346 3218 fera
1400 3165 1564 3219 libido
1618 3143 1790 3229 est,C

165 3244 326 3314 furor,
357 3250 593 3316 invidia,
626 3267 780 3305 vana:
824 3253 1010 3322 gloriae
1040 3253 1331 3322 cupiditas,
1374 3270 1436 3310 ac
1462 3272 1582 3325 quae
1616 3257 1720 3311 alia

165 3350 281 3394 sunt
309 3343 581 3397 scelerata
626 3343 892 3409 facinora,
928 3361 1051 3415 qua:
1091 3347 1234 3400 haud
1269 3357 1554 3413 nocturna,
1589 3349 1719 3418 quin

164 3430 345 3485 diurna
391 3434 628 3489 audacia
672 3435 1044 3491 devorandum
1094 3438 1332 3492 animum
1381 3449 1618 3508 captent,
1668 3450 1722 3495 et

170 3521 424 3590 impetant
476 3523 814 3594 frequentes.
856 3527 924 3582 Ut
966 3529 1156 3583 beatus
1200 3532 1481 3599 apostolus
1529 3529 1722 3585 Petrus

164 3613 327 3666 edit-at
376 3614 428 3667 in
473 3616 591 3669 hinc
626 3617 812 3682 verba,
863 3616 1040 3671 Sobrii
1083 3629 1268 3682 estote,
1309 3620 1542 3690 vigilate,
1595 3622 1722 3690 quia

165 3702 484 3759 adversarius
519 3715 687 3760 vester
714 3706 957 3763 diabolus
988 3718 1238 3778 tanquam
1272 3710 1352 3764 leo
1377 3713 1585 3781 rugiens
1615 3714 1722 3765 cir-

165 3796 282 3858 cuit,
321 3813 559 3864 querens
612 3799 861 3853 devorare
919 3817 1226 3870 quemquam
1261 3803 1348 3868 ⁹⁸;
1396 3819 1722 3874 rursumque

167 3896 372 3941 sanctus
421 3889 590 3944 David
634 3891 1082 3961 deprecabundus
1125 3894 1330 3948 scribat
1371 3911 1384 3946 :
1428 3893 1720 3965 Nequando

169 3979 326 4044 rapiat
348 3990 399 4032 ut
419 3981 501 4035 leo
521 3985 757 4036 animam
777 4000 970 4048 meam,
996 3986 1120 4039 dum
1140 3994 1339 4040 nonest
1363 3989 1453 4055 qui
1473 3987 1719 4053 redimat,

168 4085 314 4136 neque
355 4076 441 4141 qui
488 4075 697 4128 salvum
731 4076 980 4144 faciat".
1024 4077 1142 4134 Jam
1191 4080 1322 4150 quid
1365 4083 1629 4151 agendum
1666 4082 1718 4136 in

168 4161 264 4213 iis?
301 4165 426 4231 quid
476 4167 668 4231 aliud,
722 4184 885 4236 quam
922 4169 975 4224 in
1026 4172 1266 4226 ccelestis
1317 4173 1572 4241 praesidio
1630 4174 1718 4227 Dei

171 4252 565 4320 stabnlanduni,
613 4254 864 4326 intraque
903 4274 1163 4313 sensuum
1205 4272 1417 4315 errores
1462 4263 1720 4316 resisten-

169 4343 552 4403 dumtEtenim
585 4365 706 4404 cum
743 4352 882 4406 oculi
916 4354 1154 4423 pendent
1183 4355 1305 4424 vagi
1339 4370 1402 4410 ac
1437 4355 1716 4419 sublimes,

172 4438 441 4498 pestiferas
471 4457 634 4495 aures
670 4442 880 4499 fabulas
922 4445 1235 4508 admittunt,
1283 4463 1344 4501 os
1386 4446 1606 4502 infanda
1638 4448 1717 4502 lo-
1756 4482 1796 4538 υ

168 4529 357 4592 quitur,
392 4547 547 4588 mens
589 4533 752 4589 foedis
785 4535 1026 4594 inerrat:
1064 4546 1174 4591 tum
1215 4538 1431 4594 animus
1463 4555 1590 4593 vero
1619 4554 1714 4594 ceu

170 4629 253 4681 per
281 4627 466 4690 tesqua
501 4625 741 4693 palatus,
788 4642 909 4694 quae
941 4627 1126 4682 divina
1157 4629 1302 4682 nulla
1334 4631 1721 4698 procuratione

171 4713 420 4777 tenentur,
465 4712 596 4768 feris
622 4716 919 4770 occumbit.
958 4715 1014 4771 Id
1053 4719 1188 4772 adeo
1213 4727 1267 4774 et
1297 4736 1441 4775 nunc
1466 4720 1718 4775 Memnon

171 4809 349 4860 passus
382 4803 750 4867 miserandus,
801 4807 1021 4863 diabolo
1063 4812 1255 4878 prtedae
1285 4819 1390 4877 est,
1425 4814 1585 4882 cujus
1610 4829 1717 4868 non

171 4900 437 4947 cruentam
496 4907 707 4951 vestem
765 4900 1000 4962 intueor,
1058 4911 1116 4955 ut
1163 4900 1400 4958 Iacobus
1455 4905 1584 4959 olim
1634 4921 1720 4974 pa-

172 4979 391 5039 triarcha
431 4986 655 5059 Iosephi
705 4992 789 5047 sui
839 4992 954 5058 fllii,
999 4995 1134 5062 quin
1173 4995 1556 5066 interemptam
1592 5012 1717 5067 pec-

169 5075 260 5126 cati
303 5093 563 5138 mucrone
592 5094 849 5140 mentem.
892 5087 1113 5142 Scilicet
1142 5105 1338 5158 parens
1372 5093 1564 5147 mortis
1597 5107 1720 5161 pec-

169 5175 332 5222 catum
361 5181 442 5226 est
468 5191 480 5226 :
511 5176 617 5231 hoc
644 5177 987 5234 decessorem
1034 5181 1324 5246 Adamum,
1357 5184 1715 5238 immortalem

172 5261 342 5324 gratia,
391 5269 674 5322 mortalem
721 5272 955 5328 reddidit
989 5274 1128 5338 ;hoc
1175 5275 1602 5331 internecionem
1636 5277 1720 5329 di-

173 5346 301 5404 luvio
327 5357 504 5413 attulit
550 5361 754 5415 mundo
787 5379 800 5427 ;
832 5365 930 5418 hoc
956 5364 1209 5432 Sodoma,
1234 5383 1297 5422 ac
1332 5367 1713 5434 Gomorrha”,

171 5445 216 5489 et
256 5442 455 5502 vicinas
506 5451 747 5508 incendit
798 5459 1000 5521 urbes;
1052 5457 1154 5513 hoc
1210 5463 1502 5528 quemlibet
1561 5480 1705 5516 nunc

172 5541 368 5600 qquue
417 5549 633 5595 aeternae
703 5545 862 5598 morti
936 5547 1329 5614 concipientem
1400 5567 1457 5604 se
1531 5553 1711 5606 tradit.

178 5614 314 5681 Ουοᾱ
349 5625 642 5699 fugiamus,
699 5633 916 5701 fratres,
961 5647 1016 5690 ut
1059 5639 1258 5708 ignem,
1302 5653 1464 5711 atque
1505 5647 1708 5698 utinam

243 5806 278 5837 ³¹
311 5810 629 5890 Pythium”,
677 5820 754 5873 I7.
834 5824 878 5853 ’³
911 5822 1050 5876 Psal.
1092 5840 1217 5890 (‘\'l|,
1256 5828 1306 5880 vi.

181 5885 315 5948 Seqq.
389 5885 430 5942 ⁸1⁸
463 5888 640 5945 Eccle.
679 5907 749 5956 tv,
789 5891 869 5947 IO.
951 5895 992 5925 ’9
1030 5893 1147 5949 Act.
1187 5885 1236 5962 v,
1278 5897 1327 5950 7.

1385 5828 1427 5857 τιτι
1461 5828 1593 5897 Eph.
1640 5848 1697 5896 ιι,
1736 5835 1821 5890 tt.

1410 5900 1423 5928 ¹
1463 5901 1654 5968 Philip.
1695 5920 1764 5965 tv,
1813 5908 1863 5963 8.

1825 577 2236 632 occumbamus.
2283 588 2394 648 Age
2441 594 2569 634 vero
2619 583 2759 636 unde
2804 582 2895 637 hic
2935 582 3142 640 corruit
3174 587 3386 642 miser?

1826 685 1934 720 non
1967 668 2209 735 aliunde,
2262 686 2424 740 quam
2471 673 2565 742 qui
2599 674 2877 731 solitarius
2919 677 3138 748 degeret
3169 696 3184 746 ;
3210 695 3386 750 neque

1823 762 1965 815 enim
1996 763 2190 818 veritas
2210 763 2371 827 fallat,
2409 765 2520 830 Vae,
2547 768 2823 834 accinens,
2852 770 2975 832 soli,
3006 772 3099 840 qui
3129 773 3175 828 si
3204 771 3383 839 cadat,

1823 850 1938 906 Non
1985 854 2180 909 habeat
2213 870 2273 910 se
2309 857 2677 912 sublevantem
2701 859 2766 912 '°.
2811 860 2986 930 Atque
3033 863 3085 916 id
3131 865 3382 934 equidem

1823 948 2064 1009 veritus.
2124 947 2267 1002 haud
2323 951 2482 1004 omisi
2537 952 2666 1021 quin
2711 953 2762 1007 ei
2812 954 3000 1023 juxta,
3061 972 3124 1010 ae
3174 959 3385 1013 caeteris

1827 1038 2121 1101 edicerem,
2152 1040 2296 1107 quod
2323 1041 2479 1096 edico
2506 1042 2559 1095 in
2586 1047 2873 1111 praesentia
2901 1062 3140 1116 quoque,
3167 1063 3234 1103 ne
3258 1049 3382 1118 quis

1823 1128 2041 1194 degeret
2087 1130 2258 1194 solus,
2309 1146 2410 1186 neu
2456 1133 2673 1202 prodire
2717 1135 2989 1204 deaveret,
3052 1155 3157 1193 neu
3209 1141 3384 1196 otiose

1824 1215 1930 1270 huc
1975 1217 2100 1272 illuc
2150 1219 2339 1286 itaret,
2402 1237 2507 1276 neu
2555 1238 2679 1278 cum
2733 1223 2950 1280 feminis
2980 1239 3382 1295 consuesceret,

1823 1323 2028 1376 amore,
2080 1311 2227 1365 velut
2265 1313 2408 1382 igne,
2459 1315 2587 1371 hinc
2638 1318 3000 1374 accendendo.
3047 1319 3256 1388 Quibus
3288 1325 3383 1393 qui

1822 1401 2050 1458 audiens
2095 1403 2242 1459 dicto
2297 1407 2498 1473 obedit,
2552 1418 2606 1461 et
2649 1410 3002 1480 obsequitur,
3050 1414 3105 1467 in
3153 1415 3384 1470 Domino

1819 1494 2140 1563 sospitatur,
2172 1497 2262 1565 qui
2307 1498 2591 1565 detrectat,
2629 1515 2656 1552 a
2682 1501 2900 1556 diabolo
2931 1513 3142 1572 captus,
3177 1505 3382 1560 interit.

1823 1584 2115 1640 Enimvero
2174 1589 2276 1643 etsi
2326 1591 2394 1643 ab
2437 1591 2557 1659 ejus
2627 1594 2893 1663 sanguine
2978 1596 3245 1650 insontem
3297 1613 3384 1652 me

1823 1679 2065 1744 conscio,
2102 1697 2262 1749 quem
2292 1683 2512 1751 quidem
2539 1685 2683 1738 haud
2721 1685 3012 1741 celaverim
3040 1691 3171 1759 quin
3203 1691 3387 1745 immi-

1824 1780 2039 1824 nentem
2070 1774 2416 1842 praedicerent]
2449 1792 2787 1844 mucronem,
2818 1787 2999 1834 tamen
3023 1795 3131 1834 non
3158 1797 3381 1851 possum

1821 1877 1926 1915 non
1951 1862 2168 1932 ejulari,
2201 1879 2266 1920 ac
2289 1873 2548 1936 tanquam
2577 1871 2798 1938 preprio
2829 1871 3186 1942 ingemiscere
3214 1889 3385 1928 mem-

1822 1953 1937 2007 bro.
1991 1955 2131 2020 Quin
2163 1956 2359 2023 habeo,
2400 1958 2734 2025 charissimi,
2785 1963 2931 2032 quod
2982 1978 3239 2020 accusem
3288 1980 3385 2020 vos

1821 2060 2040 2116 quoque
2064 2064 2080 2113 ;
2109 2049 2239 2118 quid
2269 2049 2381 2104 ita?
2425 2050 2699 2122 Scriptum
2728 2064 2811 2109 est
2853 2055 2906 2109 in
2934 2057 3082 2111 Actis
3110 2058 3387 2126 apostolo-

1822 2155 1942 2193 rum
1977 2158 1988 2193 :
2023 2138 2251 2195 Factum
2282 2152 2356 2196 est
2388 2146 2540 2214 quasi
2568 2146 2820 2200 horarum
2850 2148 3012 2202 trium
3035 2149 3292 2218 spatium,
3332 2160 3383 2205 et

1822 2229 2051 2302 Sapliira
2083 2251 2216 2288 uxor
2243 2237 2408 2305 ipsius
2440 2238 2700 2294 nesciebat
2734 2244 2873 2311 quod
2899 2242 3101 2311 factum
3121 2244 3294 2312 fuerat
3314 2245 3385 2300 θ’.

1823 2321 1978 2378 Certe
2008 2324 2060 2377 in
2096 2327 2314 2393 publico
2341 2338 2458 2381 acta
2489 2328 2670 2384 fabula
2699 2341 2801 2395 est,
2840 2341 2895 2387 et
2926 2332 3207 2403 frequente
3236 2336 3382 2407 vulgi

1824 2427 2046 2470 corona.
2083 2415 2186 2470 Sed
2218 2427 2333 2472 erat
2371 2418 2609 2493 indidem
2639 2423 2899 2478 nimirum
2941 2424 3382 2495 circumspectio,

1824 2509 2096 2571 molestia,
2138 2508 2232 2563 Dei
2263 2515 2564 2566 reverentia
2596 2515 2724 2579 ;hic
2753 2516 2961 2584 aliquot
3005 2533 3091 2572 me
3133 2520 3382 2588 superio-

1825 2599 1974 2653 ribus
1998 2601 2190 2663 diebus
2225 2611 2436 2658 secreto
2467 2604 2532 2659 ad
2562 2619 2659 2659 vos
2684 2607 2941 2673 quiddam
2972 2608 3172 2673 locuto,
3199 2611 3380 2664 statim

1824 2691 2121 2761 dissipatus
2161 2709 2338 2748 sermo
2367 2704 2468 2759 est,
2505 2696 2629 2751 inde
2667 2696 3222 2768 Constantinopolim,
3258 2702 3383 2756 hinc.

1825 2783 2051 2838 Prusam
2099 2802 2294 2855 usque.
2339 2786 2409 2842 Ut
2450 2789 2584 2843 mihi
2615 2791 2832 2858 quidem
2870 2792 3099 2847 consilia
3130 2794 3182 2847 in
3214 2811 3386 2864 angu-

1825 2886 1965 2930 stum
2010 2889 2295 2948 cogantur,
2347 2896 2442 2934 seu
2495 2881 2756 2950 loquenti,
2806 2899 2898 2938 seu
2956 2899 3060 2938 non
3118 2886 3380 2954 loquenti,

1824 2969 1966 3037 quod
1989 2969 2290 3024 efferuntur
2314 2987 2434 3040 quae
2457 2973 2662 3040 vulgari
2699 2976 2920 3029 minime
2943 2987 3246 3045 oporteret;
3277 2994 3383 3032 non

1827 3063 2066 3130 loquenti
2092 3071 2235 3131 quod
2259 3065 2436 3118 lnereo
2455 3066 2546 3134 qui
2569 3080 2722 3135 agam
2753 3077 2918 3133 recte,
2947 3083 3052 3121 non
3087 3084 3219 3122 usus
3248 3083 3381 3123 con-

1823 3155 2137 3210 sultoribus.
2165 3155 2312 3212 Itane
2333 3159 2650 3228 desipimus,
2675 3159 2893 3227 fratres;
2919 3162 3048 3214 itan’
3068 3162 3383 3231 impotentia

1824 3251 2018 3320 lingua:
2049 3251 2428 3322 intempestive
2467 3255 2520 3308 in
2552 3254 2854 3323 periculum
2892 3255 3140 3310 ruimus?
3181 3268 3385 3326 nequa-

1823 3360 1986 3413 quam
2037 3345 2091 3398 id
2128 3355 2209 3399 est
2239 3360 2493 3400 verorum
2541 3346 2957 3415 discipulorum.
2994 3346 3087 3404 sed
3117 3346 3380 3402 hostium.

1822 3434 1899 3490 Ne
1935 3436 2261 3505 ineptiamus
2296 3445 2600 3506 tantopere,
2637 3453 2844 3507 quaeso,
2877 3437 3008 3509 quin
3044 3439 3385 3508 circumspe-

1823 3528 1932 3582 ctio
1963 3528 2239 3598 deinceps,
2274 3529 2556 3594 modestia,
2605 3529 2697 3583 Dei
2740 3530 3068 3593 reverentia,
3101 3543 3165 3586 ac
3197 3531 3386 3600 regula

1822 3619 2041 3672 demum
2091 3621 2400 3686 adhibetur,
2450 3637 2581 3690 quo,
2628 3628 2845 3689 peracta
2892 3635 2958 3674 ex
3011 3621 3102 3674 Dei
3164 3620 3386 3674 libidine

1822 3711 1953 3776 vita,
1979 3712 2028 3766 ei
2053 3711 2350 3782 placentes,
2381 3712 2751 3766 haereditatem
2788 3713 3034 3767 ineamus
3059 3721 3384 3766 aeternorum

1823 3805 2089 3859 bonorum
2128 3820 2224 3874 per
2251 3804 2527 3860 Christum
2561 3803 2746 3860 Iesum
2773 3804 3056 3857 Dominum
3097 3809 3339 3856 nostrum
3367 3817 3383 3853 :

1824 3899 1909 3951 cui
1951 3898 2119 3967 gloria
2153 3904 2208 3950 et
2252 3897 2539 3965 imperium
2580 3911 2706 3950 cum
2738 3894 2897 3949 Patre
2926 3909 2990 3949 ac
3029 3902 3221 3949 sancto
3260 3891 3386 3963 Spi-

1825 3991 1954 4054 ritu,
2007 4005 2153 4044 nunc
2194 3998 2250 4044 et
2288 4004 2522 4058 semper,
2575 3991 2628 4042 in
2678 4002 3008 4057 omnemque
3053 3986 3384 4055 perpetuita-

1825 4094 1952 4137 tetn.
1983 4081 2174 4137 Amen.

2351 4195 2584 4253 SERMO
2630 4194 2857 4252 CXVIII.

1826 4292 1902 4346 De
1930 4291 2165 4345 irreclini
2220 4292 2562 4351 confessionis
2605 4299 2652 4343 et
2687 4287 2994 4341 obedientiie
3036 4284 3228 4339 tuenda
3259 4298 3387 4336 con-

1891 4364 2111 4427 stantia,
2162 4378 2223 4413 ac
2261 4363 2369 4413 suis
2409 4363 2593 4429 cuique
2637 4359 2830 4412 muniis
2873 4367 3127 4411 accurata
3172 4363 3384 4408 conten-

1897 4434 2035 4486 tione
2061 4430 2304 4501 vigilique
2334 4433 2591 4499 gerendis.

1892 4547 2108 4601 Fratres
2169 4544 2494 4612 Patresque,
2554 4543 2645 4598 alii
2699 4542 2820 4596 aliis
2878 4541 3042 4595 rebus
3095 4537 3386 4593 narrandis

1819 4641 2185 4698 obiectantur,
2213 4645 2267 4690 et
2301 4651 2360 4690 se
2395 4642 2690 4698 ostentant,
2723 4633 2879 4686 miles
2945 4630 3172 4691 bellicis,
3203 4635 3385 4681 nauta:

1820 4729 2072 4794 marinis,
2124 4728 2300 4781 coloni
2356 4726 2600 4787 rusticis,
2650 4721 2963 4792 singulique
3009 4721 3252 4788 singulas
3295 4734 3385 4773 se-

1817 4822 1926 4876 cuti
1987 4831 2131 4874 artes
2195 4834 2259 4872 ac
2320 4818 2607 4878 scientias,
2657 4813 2721 4868 iis
2775 4828 2895 4883 qua:
2976 4810 3259 4866 conferant
3320 4808 3386 4862 ad

1823 4913 2101 4980 singulas;
2142 4926 2315 4979 neque
2340 4918 2444 4975 est,
2475 4908 2731 4972 breviter,
2780 4907 3098 4976 quisquam,
3134 4901 3226 4972 qui
3276 4917 3384 4955 non

1820 5006 2014 5060 studiis
2067 5003 2310 5073 capiatur
2357 5002 2491 5057 suis.
2545 5002 2757 5057 Nostrae
2802 4998 2946 5052 haud
2999 5011 3128 5051 sane
3187 4995 3240 5048 in
3300 4994 3385 5048 liis

1822 5097 2010 5168 posita:
2055 5110 2246 5165 gerrae,
2295 5101 2347 5147 et
2399 5093 2703 5155 urbanitas,
2759 5097 3045 5158 postquam
3104 5101 3204 5140 nec
3256 5091 3385 5138 sunt

1820 5188 2060 5244 carnalia
2088 5196 2297 5248 nostra,
2334 5185 2466 5254 quin
2495 5185 2562 5240 de
2591 5182 2760 5236 animi
2793 5181 2987 5240 salute,
3020 5178 3084 5232 de
3117 5177 3383 5247 placendo

1828 5276 2050 5340 Deo,de
2099 5273 2224 5326 hinc
2273 5273 2566 5334 abscessu,
2613 5269 2680 5324 de
2725 5268 3121 5322 instauratione
3175 5264 3380 5326 futura,

1822 5380 1982 5441 atque
2013 5375 2072 5420 ut
2105 5365 2396 5434 Apostolus
2423 5364 2683 5433 loquitur,
2724 5375 3040 5430 quacunque
3080 5365 3203 5412 sunt
3241 5373 3380 5417 vera,

1819 5472 2139 5529 quaecunque
2176 5463 2433 5524 augusta,
2481 5466 2794 5523 quacunque
2823 5449 3032 5515 justah
3061 5460 3383 5516 qua'cunque

1819 5564 1988 5615 casta,
2022 5561 2340 5618 qua'cunque
2364 5546 2647 5615 amabilia,
2672 5556 2989 5612 quiscunque
3022 5543 3168 5592 bona:
3201 5537 3381 5604 famis,

1818 5647 1862 5698 si
1909 5662 2011 5716 qua
2057 5644 2242 5706 virtus,
2286 5641 2329 5693 si
2359 5656 2460 5708 qua
2501 5640 2668 5700 laus‘,
2723 5638 2803 5691 ha:
2843 5633 2998 5688 nobis
3034 5632 3244 5693 fabulae,
3272 5628 3385 5681 haec

2955 5823 2997 5853 ³⁷
3033 5821 3170 5875 Gen.
3214 5835 3384 5883 sun,

1901 5840 1943 5870 9⁵
1986 5834 2168 5888 II’etr.
2210 5848 2260 5896 ν,
2298 5830 2348 5883 8.
2429 5829 2472 5860 ⁹⁶
2517 5827 2659 5885 Psal.
2701 5839 2792 5890 \‘tl,
2828 5825 2878 5877 5.
