4000 6306
555 394 661 457 655

1762 381 1822 439 S.
1855 371 2243 437 THEODORI
2284 366 2628 430 STUDIT/E

3691 351 3798 414 656

557 513 757 577 solum,
790 505 885 563 sed
918 504 1084 560 etiam
1116 506 1427 562 accuratos,
1454 492 1688 564 decepit,
1720 492 1776 545 in
1809 504 1970 545 omne
1996 501 2121 557 pro-
2151 495 2197 550 Α
2226 499 2390 554 quam
2422 498 2452 536 a
2486 482 2633 535 vitiis
2661 476 3029 548 tranquillitas
3055 489 3117 530 ac
3145 474 3394 530 libertas.
3425 470 3543 528 Non
3586 472 3796 526 Herum

558 603 852 674 pemodum
884 593 1162 665 caputhis
1192 606 1327 645 usus
1360 588 1551 642 armis.
1577 584 1733 653 Quod
1762 579 2117 637 architectari

557 693 753 763 incipit
782 701 1054 745 venenum
1111 683 1272 738 laedis
1320 678 1580 734 admissis
1621 674 1897 746 cogitatis,
1929 685 2126 726 accen-

556 794 788 850 samque
821 777 1026 838 carnis,
1063 781 1228 840 atque
1258 767 1547 839 sanguinis
1583 763 1859 820 desiderio
1886 768 2124 814 mentem

557 871 626 927 ad
677 866 984 936 eloquenda
1037 860 1244 917 nefaria
1299 865 1605 928 provocat:
1649 869 1759 925 qua
1800 867 1929 908 ausa
1961 865 2128 920 porro

558 977 656 1018 seu
701 957 1016 1028 proprium,
1069 967 1164 1007 seu
1216 951 1453 1004 alienum
1504 953 1741 1001 tractare
1789 945 2127 1006 membrum,

558 1063 791 1110 mortem
809 1048 999 1118 exigit,
1021 1043 1321 1100 etabsolvit
1341 1060 1353 1096 :
1375 1055 1497 1094 nam
1517 1057 1531 1093 :
1548 1037 1992 1105 Concupiscentia
2011 1049 2128 1087 cum

561 1143 874 1212 conceperit,
897 1139 1094 1209 inquit,
1111 1137 1253 1206 parit
1273 1141 1542 1202 peccatum
1561 1147 1578 1196 ;
1596 1138 1866 1199 peccatum
1883 1142 1998 1180 vero
2013 1140 2132 1179 cum

561 1241 986 1291 consummatum
1010 1229 1195 1299 fuerit,
1221 1233 1431 1297 generat
1455 1232 1676 1277 mortem
1699 1221 1765 1276 ⁷⁸.
1799 1220 1974 1284 Quam
2008 1232 2130 1281 nos,

562 1326 796 1388 fratres,
834 1333 1091 1379 aeternam
1147 1328 1415 1382 mortem,
1461 1331 1526 1370 ac
1575 1314 1916 1384 deploratum
1962 1309 2130 1364 anitni

561 1414 819 1470 morbum
856 1410 1154 1481 fugiamus.
1209 1406 1506 1460 Enimvero
1539 1403 1737 1459 scabiei
1773 1402 1971 1457 similis
1998 1399 2133 1454 mihi

563 1505 795 1560 videtur.
821 1501 1009 1572 Itaque
1031 1499 1188 1570 quasi
1221 1499 1316 1569 qui
1347 1497 1586 1553 scabiem
1613 1493 1843 1549 defricet
1872 1492 2133 1548 obiectari

561 1598 802 1661 videtur,
835 1608 1012 1664 neque
1047 1593 1378 1652 oblectatur,
1409 1589 1542 1660 quin
1575 1588 1720 1642 serio
1755 1587 2055 1646 cruciatur,
2080 1592 2136 1637 et

563 1705 628 1744 eo
664 1688 858 1758 magis,
909 1700 1019 1756 quo
1065 1685 1187 1753 plus
1232 1681 1496 1747 defricet;
1543 1678 1610 1733 ad
1642 1678 1890 1733 eumdem
1915 1677 2132 1730 modum

563 1780 795 1836 libidine
819 1786 1013 1847 captus
1049 1776 1318 1837 dolorem,
1351 1787 1460 1826 non
1505 1773 1864 1840 voluptatem,
1915 1777 2132 1832 aestum,

565 1887 674 1925 non
702 1871 965 1940 quietem,
990 1881 1308 1928 maerorem,
1337 1879 1445 1918 non
1477 1863 1938 1917 oblectamentum
1965 1859 2131 1928 capit,

566 1963 939 2025 miserandus,
971 1973 1188 2029 exspes,
1240 1957 1524 2017 attonitus,
1555 1953 1648 2024 qui
1679 1953 1764 2008 vel
1795 1952 2016 2006 umbras
2044 1966 2136 2005 ex-

567 2057 840 2116 timescat,
879 2060 939 2105 ut
973 2050 1110 2105 nihil
1142 2049 1321 2103 dicam
1389 2047 1632 2098 futurum
1680 2043 1970 2112 judicium.
2038 2042 2141 2094 Ec-

567 2161 689 2216 qua
733 2153 817 2198 est
869 2152 1050 2196 autem
1097 2139 1227 2193 ntali
1274 2135 1447 2206 fuga?
1482 2143 1744 2189 constans
1791 2132 2026 2187 obnixus
2073 2129 2140 2184 ad

568 2238 873 2290 incursum.
903 2232 1046 2302 Ergo
1101 2239 1162 2284 ut
1212 2227 1416 2298 ingruit
1447 2226 1610 2295 (nam
1643 2224 1730 2293 pol
1764 2223 1966 2291 ingruit
1996 2263 2010 2288 ,
2047 2237 2142 2275 ne-

569 2341 678 2397 que
714 2325 935 2389 mirum,
973 2338 1069 2377 seu
1096 2321 1270 2376 animi
1306 2319 1659 2391 negligentia,
1697 2320 1984 2372 honestam
2013 2331 2140 2370 con-

568 2417 979 2487 templationem
1012 2429 1119 2467 non
1156 2412 1445 2474 habentis;
1493 2425 1590 2466 seu
1632 2409 1845 2463 inimici
1895 2407 2140 2476 invidia)

571 2508 847 2577 extemplo
896 2504 1121 2561 saucius
1175 2502 1526 2573 consurgito,
1576 2509 1852 2569 precator,
1919 2500 2141 2570 gemito,

570 2603 938 2674 lacrymator;
972 2607 1134 2666 atque
1163 2596 1217 2651 id
1247 2595 1512 2667 evestigio
1541 2593 1909 2654 dilabetur,tu
1946 2590 2000 2643 in
2036 2589 2142 2643 Do.

573 2695 725 2750 mino
751 2691 1111 2762 conquiesces
1140 2706 1153 2743 :
1184 2687 1320 2742 nihil
1342 2697 1427 2742 est
1454 2687 1600 2742 enim
1627 2697 1736 2740 tam
1767 2684 1948 2738 animo
1975 2697 2143 2737 suave

1134 2826 1369 2884 SERMO
1405 2824 1591 2881 CXIV.

612 2922 688 2977 De
714 2922 1012 2976 monastica
1041 2920 1170 2982 vita,
1200 2917 1491 2987 obnixuque
1518 2916 1572 2968 in
1597 2914 1781 2968 haeresi
1825 2927 2102 2982 prtesente.

647 3075 869 3132 Fratres
921 3072 1243 3143 Patresque,
1288 3071 1537 3142 equidem
1575 3070 1717 3125 haud
1748 3085 1847 3126 vos
1885 3069 2142 3124 absistam

2228 577 2483 631 audimus
2505 570 2814 627 dicentem?
2850 569 3036 624 Omnis
3061 569 3152 637 qui
3174 569 3305 639 facit
3321 576 3592 635 peccatum
3616 580 3797 618 servus

2226 679 2302 723 est
2357 668 2557 738 peccati
2587 683 2604 720 :
2633 676 2809 720 servus
2862 671 3037 716 autem
3090 678 3194 714 non
3241 670 3417 714 manet
3458 661 3516 713 in
3547 658 3704 712 domo
3739 659 3797 711 in

2228 770 2508 823 teternum,
2538 757 2682 827 [ilius
2716 764 2890 808 manet
2921 754 2979 807 in
3014 763 3266 806 teternum
3295 750 3363 805 '°.
3395 751 3506 818 Age
3539 761 3671 801 vero
3698 744 3796 815 qui

2228 847 2444 903 liberati
2471 862 2501 901 a
2528 856 2755 916 peccato
2787 845 2852 898 ad
2888 842 3240 913 adoptionem
3275 838 3632 901 evaserimus,
3670 853 3799 890 rur-

2229 955 2351 996 sum
2399 949 2624 1009 peccato
2674 934 3088 1006 mancipemur?
3124 933 3215 1003 qui
3269 931 3371 986 sub
3408 938 3798 1000 praepotentem

2231 1031 2327 1085 Dei
2383 1044 2606 1085 nianum
2695 1027 3138 1086 convenerimus,
3193 1022 3538 1099 ftedus‘cum
3582 1020 3802 1074 diabolo

2229 1121 2626 1193 paciscamur?
2669 1119 2890 1174 Minime
2929 1119 3197 1189 gentium.
3263 1114 3324 1170 Si
3366 1115 3506 1168 enim
3554 1128 3672 1183 quae
3708 1112 3802 1165 de-

2231 1214 2440 1267 struxit
2475 1212 2668 1265 iterum
2701 1212 2808 1266 haec
2841 1211 3068 1280 aediﬁco,
3111 1210 3188 1263 ait
3218 1206 3460 1278 quodam
3498 1206 3617 1260 loco
3656 1206 3804 1272 Apo-

2234 1305 2430 1367 stolus,
2459 1305 2916 1371 praevaricatorem
2945 1318 3025 1355 me
3049 1302 3312 1355 constituo
3333 1300 3401 1352 ⁸⁸.
3432 1299 3803 1366 Quamobrem

2235 1412 2303 1452 ne
2341 1396 2794 1466 praevaricatores
2826 1409 3109 1448 sacrorum
3151 1393 3417 1448 fmderum
3449 1393 3666 1457 fiamus,
3697 1405 3802 1443 neu

2234 1487 2456 1543 diabolo
2491 1486 2808 1542 servitutem
2845 1486 3179 1548 serviamus,
3227 1484 3395 1538 semel
3430 1483 3658 1546 asserti,
3699 1497 3804 1535 neu

2235 1581 2571 1651 supplicium
2602 1580 2765 1635 nobis
2795 1590 3108 1649 quaeramus
3137 1594 3151 1631 :
3178 1576 3233 1631 in
3267 1577 3409 1632 diem
3445 1575 3719 1646 supplicii,
3751 1568 3806 1628 et

2234 1673 2597 1744 apparitionis
2648 1672 2897 1741 justique
2951 1670 3045 1725 Dei
3091 1669 3303 1739 judicii,
3352 1669 3408 1722 in
3461 1683 3598 1738 quos
3627 1675 3807 1722 exstet

2236 1766 2352 1820 haec
2381 1768 2656 1820 sententia
2690 1783 2702 1814 :
2744 1762 2947 1818 Vermis
2976 1779 3157 1818 eorum
3184 1778 3287 1815 non
3321 1763 3565 1827 moritur,
3601 1769 3648 1813 et
3672 1761 3808 1830 ignis

2237 1874 2339 1910 non
2375 1856 2731 1927 exstinguitur
2753 1856 2820 1909 ⁸⁸.
2863 1854 3003 1921 Quin
3041 1855 3408 1909 consistamus
3456 1853 3512 1906 in
3554 1853 3808 1907 libertate

2239 1949 2293 2003 in
2338 1965 2502 2019 quam
2541 1964 2645 2003 nos
2693 1948 2949 2003 Christus
2996 1947 3322 2009 vindicavit,
3366 1945 3486 2000 dira
3535 1943 3809 1999 exsecrati

2237 2051 2450 2096 ostenta
2474 2041 2752 2105 draconis,
2782 2040 2876 2110 qui
2909 2055 3018 2094 non
3050 2039 3178 2095 huic
3208 2039 3400 2095 sceleri
3442 2048 3678 2102 tantum,
3710 2038 3810 2094 sed

2237 2133 2360 2188 aliis
2395 2133 2653 2187 omnibus
2681 2133 2925 2202 quotidie
2953 2132 3140 2187 obnixi
3167 2131 3518 2199 reluctemur,
3546 2131 3808 2185 invidiam

2237 2226 2535 2292 calcantes,
2558 2225 2954 2294 malignitatem
2985 2265 2998 2289 ,
3021 2224 3206 2279 odium
3234 2224 3557 2289 fraternum,
3581 2233 3812 2277 caetera-

2238 2331 2345 2384 que
2376 2325 2576 2370 cuncta
2615 2314 2862 2370 facinora
2924 2315 3126 2384 perosi,
3169 2331 3279 2384 quo
3325 2315 3499 2385 poenis
3535 2313 3814 2383 fugiendis

2238 2411 2460 2464 aeternis
2496 2411 2722 2465 caeleste
2765 2426 2990 2480 regnum
3048 2411 3334 2475 ineamus,
3386 2425 3478 2478 per
3530 2409 3813 2463 Christum

2237 2499 2423 2556 Jesum
2464 2502 2753 2557 Dominum
2788 2511 3037 2557 nostrum
3066 2521 3080 2556 :
3112 2505 3199 2557 cui
3230 2504 3408 2573 gloria
3437 2511 3490 2556 et
3522 2502 3813 2571 imperium

2238 2609 2364 2648 cum
2415 2593 2595 2658 Patre,
2631 2611 2695 2648 ac
2723 2605 2916 2650 sancto
2953 2593 3182 2664 Spiritu,
3235 2610 3402 2658 nunc,
3435 2605 3490 2649 et
3515 2607 3730 2662 semper
3760 2593 3816 2647 in

2238 2701 2570 2757 omnemque
2601 2688 3044 2757 perpetuitatem.
3080 2689 3271 2741 Amen.

2844 2830 3061 2882 ΛΟΓΟΣ
3095 2828 3233 2882 ΡΙΔ¹.

2258 2917 2389 2983 Περὶ
2434 2917 2543 2983 τῆς
2575 2917 2910 3038 μοναδικῆς
2951 2919 3252 2983 πολιτείας
3289 2918 3388 2971 καὶ
3417 2919 3818 2986 ἀντιπαρατάο

2321 2987 2469 3038 Esaia
2496 2988 2568 3038 ἐπ
2623 3005 2733 3038 τηρ
2769 2987 2884 3038 ἤδη
2911 2987 3306 3038 ἐνισταιιένηο
3331 2987 3609 3038 αὶοέσεωρ
3643 2991 3742 3038 l2)-

2321 2987 2469 3051 ξεως
2496 2987 2593 3038 ἐπὶ
2623 2987 2733 3055 τῆς
2769 2987 2884 3055 ἤδη
2911 2987 3306 3055 ἐνισταμένης
3331 2987 3609 3055 αἱρέσεως
3643 2991 3742 3057 (2).

2334 3078 2575 3145 Ἀδελεροὶ
2597 3080 2692 3130 καὶ
2718 3079 2978 3148 Πατὲρες,
3008 3078 3069 3130 οὐ
3102 3080 3382 3150 παύσομαι
3414 3078 3586 3150 τούτῳ
3609 3079 3688 3150 τῷ
3719 3099 3822 3133 κα-

576 3175 791 3244 egregia
824 3173 926 3225 hac
970 3170 1379 3226 nomenclatura
1413 3168 1558 3222 ciere
1616 3169 1844 3222 fratrum
1893 3168 2139 3220 Patrum-

2249 3168 2324 3238 λῷ
2368 3169 2587 3238 ὀνόματι
2629 3169 2726 3238 τῆς
2767 3147 3122 3238 ἀδελφότητος
3154 3172 3246 3223 καὶ
3278 3147 3612 3240 ἰτατρὸτητος
3654 3147 3826 3242 apoc-

577 3281 701 3335 que,
727 3279 916 3318 verum
942 3262 995 3316 id
1018 3261 1193 3323 vobis,
1221 3275 1284 3314 ac
1305 3260 1602 3331 genuinum
1622 3260 1877 3312 conscius
1907 3271 2103 3311 nomen
2130 3271 2143 3320 ;

579 3369 707 3408 nam
740 3353 852 3407 veri
891 3352 927 3406 ii
965 3359 1092 3406 sunt
1123 3348 1318 3403 fratres
1368 3350 1664 3417 Patresque
1694 3348 1786 3415 qui
1817 3362 1926 3416 pra:
1950 3362 2147 3416 paren-

581 3443 749 3510 tibus,
793 3441 1076 3506 lratribns,
1135 3439 1328 3508 stirpe,
1365 3440 1562 3509 patria,
1614 3437 1826 3492 cunctis
1859 3450 1980 3505 quae
2031 3451 2151 3504 spe-

581 3543 750 3599 ctent,
785 3533 952 3588 Deum
977 3529 1268 3600 complexi,
1294 3544 1620 3600 congregem
1643 3526 1937 3598 quamdam
1968 3526 2151 3579 ineant

579 3627 773 3690 vitam,
799 3638 1033 3694 quorum
1061 3637 1166 3677 una
1201 3637 1376 3686 mens,
1405 3629 1458 3675 et
1486 3621 1722 3685 animus,
1750 3633 1949 3690 parens
1983 3618 2147 3682 Deus,

583 3719 715 3773 urbs
745 3716 984 3771 caelestis
1019 3713 1382 3782 Jerosolyma.
1419 3710 1636 3764 Scilicet
1661 3711 1695 3763 ii
1724 3725 1825 3763 vos
1852 3710 2008 3774 estis,
2043 3707 2152 3760 fra—

583 3818 698 3862 tres
735 3805 841 3860 Deo
869 3801 1206 3868 charissimi,
1238 3809 1398 3868 atque
1429 3808 1487 3853 ut
1528 3798 1823 3869 Scriptura:
1855 3799 2031 3852 verbis
2068 3797 2152 3849 in-

584 3896 830 3966 digitem,
877 3909 1034 3963 genus
1079 3892 1322 3954 electum,
1380 3889 1550 3959 regale
1592 3889 1967 3949 sacerdotium,
2028 3903 2150 3956 gens

585 3994 792 4048 sancta,
837 3983 1055 4052 populus
1097 3983 1480 4050 acquisitianis,
1509 3991 1566 4034 ut
1607 3982 1822 4034 virtutes
1873 3979 2152 4031 enuntictis

585 4079 697 4147 ejus
729 4078 816 4147 qui
841 4051 908 4130 de
936 4076 1155 4129 tenebris
1183 4090 1267 4127 vos
1309 4074 1508 4128 vocavit
1553 4072 1609 4123 in
1635 4051 1950 4124 admirabile
1982 4069 2154 4122 lumen

586 4186 739 4222 suum
760 4170 825 4220 ⁸⁸.
865 4168 1143 4236 Siquidem
1176 4165 1501 4220 admirabile
1528 4173 1612 4217 est
1638 4163 1719 4216 vel
1748 4162 1801 4215 in
1832 4163 2020 4231 primis
2047 4161 2153 4214 vita

590 4261 890 4316 monastiea
914 4261 1119 4324 lumen,
1145 4259 1197 4313 in
1231 4273 1393 4327 quam
1429 4256 1605 4319 acciti,
1633 4255 1818 4309 laudes
1847 4253 2155 4324 promulge-

590 4368 714 4406 mus
754 4350 922 4406 caelos
959 4351 1190 4418 tegentis
1240 4348 1543 4418 majestate.
1602 4345 1702 4398 ilic
1748 4346 1963 4413 quidem
2012 4351 2157 4398 certe

592 4442 901 4513 prudentia,
941 4440 1320 4509 temperantia,
1365 4435 1646 4500 fortitudo,
1685 4435 1895 4506 iustitia
1928 4441 2031 4497 est,
2067 4432 2155 4487 hic

593 4535 815 4603 maligni
867 4543 1088 4601 tropea,
1142 4546 1206 4586 ac
1236 4531 1551 4586 Christiana
1596 4529 1827 4582 victoria
1859 4566 1875 4591 ,
1930 4541 2152 4596 quorum

593 4643 745 4679 arma
781 4641 884 4678 non
923 4623 1162 4677 carnalia
1209 4625 1350 4686 sint,
1388 4621 1478 4675 sed
1507 4622 1741 4687 potentia
1786 4619 1910 4684 Deo,
1957 4619 2026 4670 ad
2063 4618 2153 4671 de-

594 4717 934 4770 structionem
984 4711 1630 4775 munitionunt,.consilia
1682 4709 2057 4772 destruentum,
2107 4717 2155 4759 et

594 4824 796 4863 omnem
815 4807 1149 4860 altitudinem
1171 4803 1510 4857 extolleutum
1531 4818 1583 4854 se
1607 4802 1855 4854 adversus
1886 4799 2158 4852 scientiam

595 4901 714 4962 Dei,
763 4907 810 4952 et
842 4899 893 4950 in
939 4897 1293 4966 captivitatem
1336 4895 1666 4964 redigentum
1713 4908 1921 4945 omnem
1951 4890 2157 4944 intelle-

595 5004 760 5055 ctum,
812 4991 865 5043 in
921 4988 1228 5058 obsequium
1282 4985 1479 5041 Christi
1525 4986 1592 5038 “.
1650 4984 1746 5039 Sin
1801 4983 2159 5054 aspectabilcs

597 5094 816 5150 quoque
846 5076 1193 5136 adversarios
1235 5086 1478 5141 tuemur,
1530 5073 1904 5130 deformemus
1952 5073 2155 5136 animo,

596 5160 729 5241 quot
763 5178 1090 5240 quantaeque
1125 5167 1217 5221 Dei
1280 5167 1577 5221 Ecclesiam
1610 5164 2047 5235 oppugnationes
2078 5164 2161 5217 in-

598 5262 839 5314 vaserint
869 5261 938 5314 ab
966 5274 1101 5313 arvo.
1159 5256 1401 5323 Quorum
1432 5255 1734 5326 oppugnari
1768 5263 1868 5318 est,
1927 5269 2157 5322 quorum

596 5352 810 5421 despui,
848 5361 903 5406 et
934 5350 1185 5415 interfici,
1230 5349 1334 5404 nisi
1373 5347 1758 5402 cruciﬁxorutn
1791 5345 2031 5399 mundo?
2064 5344 2161 5398 At-

596 5459 706 5515 que
735 5453 792 5498 ut
824 5444 1068 5498 omittam
1111 5451 1314 5506 vetera,
1343 5439 1633 5508 omnisque
1672 5438 1725 5491 in
1770 5436 2028 5490 memoria
2063 5450 2161 5489 no-

596 5681 654 5744 4,
681 5678 732 5732 5.

670 5789 749 5858 (2)
781 5799 908 5842 cxv'
946 5795 1028 5841 est
1056 5784 1195 5854 apud
1225 5783 1358 5840 Cod.
1393 5781 1618 5846 Nanios,
1651 5785 1770 5852 pag.
1807 5781 1930 5836 l65.

2246 3260 2528 3330 αγορέύειν
2554 3260 2717 3329 ὑμᾶς,
2748 3259 2903 3322 εἰδὼς
2925 3261 3005 3313 ὅτι
3031 3261 3234 3332 ἀληθὴς
3257 3262 3386 3332 ὑμῖν
3413 3263 3445 3333 ἠ
3477 3263 3690 3332 κλῆσις,
3727 3266 3823 3316 καὶ

2248 3351 2484 3422 ἀψευδὴς
2525 3353 2558 3421 ὴ
2589 3341 2949 3423 προὸηγορίαθ
2983 3351 3150 3414 ὅντως
3186 3352 3293 3422 γὰρ
3327 3352 3547 3421 ἀδελφοὶ
3578 3354 3825 3425 ἀληθινοὶ

2249 3446 2340 3497 καὶ
2373 3445 2613 3513 Πατέρες
2643 3437 2786 3498 οὗτοι
2823 3445 2980 3509 εἰσιν,
3011 3444 3206 3507 οἵτινες
3247 3444 3385 3515 ὑπὲρ
3435 3449 3629 3513 γονεῖς,
3679 3446 3825 3518 ὑπὲρ

2251 3535 2529 3604 ἀδελφοὺς,
2566 3535 2707 3604 ὑπὲρ
2729 3536 2902 3604 γένος,
2930 3536 3069 3607 ὑπὲρ
3098 3536 3353 3608 πατρίδα,
3386 3536 3526 3608 ὑπὲρ
3551 3537 3729 3592 πάντα
3756 3539 3826 3591 τὰ

2250 3624 2519 3694 ὁρώμενα,
2570 3626 2863 3696 ἠγάπησαν
2905 3629 3072 3681 Θεόνο
3101 3629 3199 3696 τὴν
3249 3630 3342 3683 ἐπὶ
3384 3629 3446 3684 τὸ
3498 3630 3629 3683 αὐτὸ
3677 3629 3829 3702 ζωὴν

2252 3713 2710 3782 καταδεξάμενοι·
2745 3708 2819 3766 ὧν
2870 3717 3067 3786 καρδία
3109 3718 3204 3770 καὶ
3245 3719 3391 3790 ψυχὴ
3442 3720 3569 3790 μεαο
3611 3720 3709 3773 καὶ
3751 3716 3828 3774 ὧν

2254 3806 2442 3876 Πατὴρ
2465 3807 2492 3858 ὁ
2518 3806 2668 3870 Θεὸς,
2695 3808 2787 3859 καὶ
2823 3810 3069 3881 πατρὶςή
3096 3811 3206 3863 ἄνω
3236 3813 3607 3884 Ἰερουσαλήμ.
3632 3813 3827 3867 Τοιοῦ-

2251 3913 2332 3948 τοι
2366 3892 2457 3948 οὖν
2490 3897 2584 3948 καὶ
2614 3897 2792 3965 ὑμεῖς,
2811 3897 3026 3966 ἀδελφοὶ
3061 3899 3401 3968 ἠγαπημένοι
3443 3899 3549 3953 ὑπὸ
3580 3900 3788 3971 Κυρίου
3811 3915 3825 3928 °

2254 3988 2347 4038 καὶ
2379 3987 2465 4038 ἵνα
2505 3987 2610 4037 ἀπὸ
2645 3989 2742 4056 τῆς
2785 3987 3007 4057 Γραφῆς
3052 3988 3196 4057 ὑμᾶς
3228 3989 3441 4042 καλέσω
3462 4005 3476 4018 ο
3503 3989 3696 4055 Γένος
3724 3989 3828 4044 ἐκ·

2253 4074 2817 4137 λεκτὸν,βασίλειον
2847 4076 3178 4144 ἱεράτευμα,
3217 4077 3367 4142 λαὸς
3402 4080 3490 4141 εἰς
3519 4079 3830 4146 περιποίη-

2255 4184 2386 4221 σιν·
2430 4165 2587 4231 ὅπως
2627 4166 2735 4231 τὰς
2777 4167 2988 4234 ἀρετὰς
3020 4166 3404 4235 ἐξαγγείλητε
3433 4166 3540 4222 τοῦ
3579 4169 3647 4222 ἐκ
3677 4170 3831 4223 σκό-

2255 4275 2396 4324 τους
2443 4255 2598 4326 ὑμᾶς
2641 4255 3017 4325 καλέσαντος
3049 4260 3134 4323 εις
3169 4260 3233 4310 τὸ
3261 4259 3607 4327 θαυμαστὸν
3636 4259 3830 4314 αὑτοῦ

2256 4349 2401 4418 φῶς.
2436 4348 2758 4418 Θαυμαστὸν
2785 4349 2892 4421 γὰρ
2922 4351 3001 4404 ὅτι
3036 4350 3172 4420 φῶς,
3208 4351 3241 4421 ὴ
3272 4349 3528 4421 μοναδικὴ
3557 4350 3830 4416 πολιτεία,

2186 4486 2229 4540 D
2258 4443 2335 4502 εἰς
2375 4442 2439 4508 ἢν
2469 4439 2778 4540 exhiliiqu
2844 4443 2937 4499 καὶ
2967 4443 3023 4494 ὲν
3123 4442 3518 4512 ἐξαγγέλλομεν
3547 4442 3646 4505 τὰς
3675 4444 3828 4497 αἰνέ-

2260 4547 2372 4592 σεις
2401 4531 2494 4583 τοῦ
2527 4531 2865 4598 καλύψαντος
2896 4533 3060 4603 ἀρετῇ
3090 4535 3215 4596 τοὺς
3242 4534 3522 4605 οὐρανούς.
3557 4535 3827 4589 Ἐνταῦθα

2259 4612 2350 4669 οὖν
2380 4618 2494 4668 ἐστι
2525 4618 2804 4688 φρόνησις,
2839 4622 3178 4692 σωφροσύνη,
3215 4623 3454 4688 ἀνδρεία,
3494 4623 3584 4678 καὶ
3620 4624 3830 4679 δικαιο-

2262 4707 2413 4777 σύνη,
2448 4706 2679 4763 ἐνταῦθα
2703 4709 2773 4762 τὰ
2797 4712 2935 4764 κατά
2963 4712 3055 4766 τοῦ
3091 4704 3625 4785 Πονηροῦτρόπαια,
3669 4717 3766 4771 καὶ
3797 4720 3830 4788 ἡ

2262 4797 2321 4849 ὲν
2357 4799 2580 4869 Χριστῷ
2606 4801 2730 4870 νίκη
2750 4815 2765 4831 ’
2800 4802 2938 4870 Εἴτε
2962 4801 3033 4855 τὰ
3067 4803 3226 4857 ὅπλα
3254 4804 3422 4874 ἡμῶν
3454 4808 3524 4860 οὐ
3547 4811 3830 4875 σαρκικὰ,

2261 4889 2419 4941 ἀλλὰ
2447 4889 2674 4952 δυνατὰ
2702 4890 2780 4956 τῷ
2813 4892 2933 4957 Θεῷ
2978 4898 3127 4962 πρὸς
3155 4898 3501 4963 καθαίρεσιν
3527 4899 3834 4967 ὀχυρωμὰο

2261 4996 2397 5045 των,
2437 4983 2765 5048 λογισμοὺς
2811 4985 3250 5052 καθαιροῦντες,
3297 4987 3394 5040 καὶ
3445 4986 3569 5042 πᾶν
3613 4989 3834 5059 ὕψωμα

2260 5070 2650 5139 ἐπαιρόμενον
2691 5073 2839 5126 κατὰ
2877 5073 2986 5142 τῆς
3023 5077 3299 5144 γνώσεως
3349 5077 3455 5132 τοῦ
3509 5079 3658 5134 Θεοῦ
3681 5097 3696 5111 ·
3730 5082 3832 5135 καὶ

2262 5161 2785 5230 αἰχμαλωτίζοντες
2813 5163 2934 5219 πᾶν
2959 5167 3152 5234 νόημα
3173 5171 3260 5234 εἰς
3284 5169 3398 5235 τὴν
3423 5169 3704 5239 ὑπακοὴν
3726 5173 3835 5227 τοῦ

2266 5253 2524 5317 Χριστοῦ
2548 5271 2561 5285 ·
2607 5256 2651 5306 ει
2684 5254 2740 5308 δὲ
2784 5257 2877 5308 καὶ
2912 5258 3046 5328 πρὸς
3086 5259 3211 5322 τοὺς
3258 5261 3563 5331 ὁρωμένους
3604 5263 3836 5334 ἐχθροὺς

2267 5343 2412 5397 ἐστιν
2433 5347 2662 5410 ἀπιδεῖν,
2697 5350 3035 5419 ἐννοήσωμεν
3057 5354 3180 5414 τοὺς
3202 5353 3296 5405 ἀπ’
3317 5354 3512 5417 αἰῶνος
3537 5354 3833 5425 διωγμοὺς,

2266 5436 2379 5489 ὅσοι
2412 5440 2506 5491 καὶ
2539 5439 2715 5508 ἡλίκοι
2739 5441 3033 5495 κατέλαϐον
3061 5443 3160 5514 τὴν
3190 5444 3519 5516 Ἐκκλησίαν
3547 5447 3643 5501 τοῦ
3675 5447 3835 5514 Θεοῦ,

669 5610 711 5682 ’ξ
747 5609 862 5664 Jac.
912 5610 1050 5674 1,l5.
1127 5608 1170 5639 ⁸⁸
1208 5605 1494 5668 Joan.vm,
1527 5603 1614 5665 54,
1655 5602 1744 5656 55.
1819 5602 1862 5634 ⁸³
1905 5600 2136 5657 Galat.u

2244 5601 2280 5658 3.
2356 5603 2402 5636 ⁸³
2441 5602 2603 5660 Marc.
2642 5622 2718 5672 ix,
2749 5606 2838 5661 45.
2915 5608 3012 5661 ⁸³1
3054 5609 3192 5666 Petr.
3229 5624 3289 5675 ιι,
3334 5612 3386 5667 9.
3463 5613 3512 5646 “
3537 5611 3579 5668 ll
3609 5613 3740 5670 Cor.
3780 5630 3832 5682 ι,
