4000 6306
184 351 274 414 657
1331 358 1634 420 SERMON
1641 357 1730 417 ES
1767 356 2283 421 CATECHETICI.

3307 344 3412 408 658

184 469 264 520 καὶ
285 468 442 521 τίνων
463 468 527 522 se
542 469 853 536 διώκεσθαι,
879 471 1040 526 τίνων
1068 472 1131 527 τὸ
1157 473 1455 529 τύπτεσθαι
1481 492 1575 528 και
1599 476 1733 529 ἀπο·

1843 485 1947 531 stre
1990 489 2054 530 ac
2095 479 2360 543 prasente
2391 466 2582 524 haeresi
2611 465 2863 538 exigatur
2891 465 3088 532 oratio,
3121 463 3214 535 qui
3248 466 3331 520 vel
3357 466 3413 521 in

181 559 475 612 κτείνεσθαι
493 576 509 591 ⁸
539 559 656 614 ἀλλ’
683 561 744 614 ού
790 561 902 614 τῶν
933 564 1367 633 ὲσταυρωμένων
1398 562 1478 633 τῷ
1505 565 1729 634 κόσμῳς

183 653 266 703 καὶ
293 651 378 704 ἴνα
445 651 516 705 τά
563 651 732 706 πάλαι
761 652 1015 723 παρήσω,
1059 655 1153 708 ἐπὶ
1188 655 1290 724 τῆς
1323 655 1606 725 παρούσης
1635 672 1732 724 γε-

183 742 296 804 νεᾶς
317 743 411 796 καὶ
441 743 535 796 ἐπὶ
559 743 658 813 τῆς
691 744 793 815 ἤδη
819 746 1169 816 ἐνισταμένης
1195 747 1456 818 αἱρέσεως
1483 748 1512 800 δ
1539 747 1693 816 λόγος
1715 765 1729 780 ·

182 831 312 895 τίνες
374 832 571 903 μέχρις
629 834 856 904 αῖματος
918 834 1384 906 ἀντεκατέστησαν
1448 837 1585 906 πρὸς
1634 836 1734 905 τὴν

182 921 445 992 ἁμαρτίαν
481 921 971 993 ἀνταγωνιζόμενοι
995 939 1012 957 ο
1043 923 1163 994 οὐχὶ
1191 926 1239 979 οῖ
1266 925 1528 996 μακάριοι
1557 926 1734 981 Πατέ-

185 1029 266 1080 ρες
311 1013 406 1066 καὶ
437 1012 655 1081 ἀδελφοὶ
690 1013 866 1082 ἡμῶν,
902 1013 955 1066 οῖ
979 1031 1038 1066 τε
1074 1013 1176 1083 τῆς
1204 1015 1324 1070 καθ’
1354 1017 1502 1088 ἡμᾶς
1542 1018 1731 1089 μονῆς,

183 1103 265 1156 καὶ
303 1103 352 1156 oi
383 1101 495 1156 τῶν
518 1103 724 1168 ἀλλωνς
746 1102 1011 1174 Μοναχῶν
1061 1100 1154 1159 οὖν
1183 1106 1400 1178 ἀληθῶς
1424 1108 1492 1161 τά
1513 1107 1737 1163 τοιαῦτα

181 1192 568 1265 κατορθώματα
601 1195 695 1248 καὶ
734 1194 1040 1265 ἀθλήματα,
1072 1197 1167 1250 καὶ
1209 1201 1432 1270 μοναχοὶ
1467 1199 1538 1252 τὰ
1568 1199 1735 1272 νεῦρα

181 1288 265 1339 καὶ
306 1286 657 1358 ἐδραιώματα
701 1288 802 1358 τῆς
858 1291 1183 1361 Ἐκκλησίας
1204 1306 1221 1324 ο
1249 1291 1342 1344 καὶ⁸
1371 1290 1609 1345 τοιοῦτον
1641 1292 1736 1346 καὶ

180 1377 487 1446 τηλικοῦτον
536 1378 597 1432 τὸ
643 1378 883 1451 ἀξίωμα,
911 1382 1047 1452 ὅπερ
1091 1382 1412 1454 κεχάρισται
1448 1384 1582 1456 ἡμῖν
1628 1385 1734 1438 ὑπὸ

180 1470 269 1539 τῆς
293 1469 629 1541 ἀγαθότητος
669 1471 765 1525 τοῦ
800 1472 936 1526 Θεοῦ
963 1490 975 1504 ·
1008 1474 1124 1527 ἀλλ’
1155 1474 1343 1545 ἐπειδὴ
1367 1476 1500 1528 ὅπου
1547 1475 1596 1528 οῖ
1637 1475 1736 1545 θη-

183 1562 382 1629 σαυροὶ,
413 1563 532 1613 ἐκεῖ
561 1561 655 1615 καὶ
688 1564 736 1614 οί
772 1564 1005 1616 κλέπται
1048 1566 1472 1634 παρεδρεύουσιν
1492 1583 1505 1597 ο
1534 1567 1739 1637 θησαυ-

185 1649 261 1718 ροὶ
283 1650 338 1703 δὲ
363 1651 544 1721 ψυχῆς
563 1653 620 1704 αἱ
637 1652 850 1722 ἀρεταὶ,
876 1653 1176 1725 παρακαλῶ
1201 1655 1294 1708 καὶ
1315 1657 1734 1726 ὑπομιμνῄσκω,

180 1743 571 1813 γρηγορῶμεν,
627 1747 904 1816 νήφωμεν,
963 1746 1376 1818 ἀσυλαγώγητοι
1436 1749 1735 1819 διαμένειν,

1840 579 2029 619 necem
2069 563 2343 624 restitere,
2381 557 2632 616 ineundo
2685 572 2814 613 cum
2867 563 3093 627 peccato
3121 555 3415 611 conﬂictu?

1839 669 1948 710 non
1999 653 2146 710 beati
2211 653 2425 718 Patres,
2478 650 2785 718 fratresque
2836 658 2946 703 tam
2994 647 3171 704 nostri
3215 655 3413 714 catus,

1839 759 2006 809 quam
2031 741 2277 797 externi?
2313 739 2384 796 Ut
2432 739 2830 795 monachorum
2878 735 3071 806 procul
3102 732 3270 790 dubio
3300 733 3417 788 hac

1841 837 2083 893 facinora
2115 837 2246 902 sint,
2278 844 2331 891 et
2356 832 2679 898 certamina,
2724 830 3091 901 monachique
3128 828 3308 894 nervi,
3341 842 3409 883 ac

1840 929 2091 985 tibicines
2113 929 2224 985 sint
2255 926 2537 984 Ecclesia.
2568 925 2751 995 Atque
2783 925 2900 978 hac
2924 930 3076 978 tanta
3107 929 3194 976 est
3223 928 3413 976 nostra

1840 1019 2100 1092 dignitas,
2133 1035 2300 1090 quam
2334 1018 2431 1074 Dei
2467 1017 2593 1087 Opt.
2635 1014 2774 1069 Max.
2828 1012 3092 1068 beneﬂcio
3140 1023 3414 1067 tenemus.

1844 1110 1949 1167 Sed
1975 1111 2236 1182 quoniam
2262 1110 2355 1166 ubi
2386 1117 2514 1166 sunt
2542 1105 2810 1171 thesauri,
2838 1104 3078 1160 indidem
3106 1101 3256 1159 fures
3283 1101 3414 1157 sub-

1840 1203 2043 1267 sident.
2077 1203 2360 1273 animique
2392 1199 2636 1257 thesauri
2668 1207 2799 1254 sunt
2827 1197 3081 1263 virtutes,
3112 1195 3325 1262 hortor,
3358 1199 3415 1248 et

1843 1294 2130 1359 admoneo,
2179 1294 2489 1364 vigilemus,
2531 1303 2695 1361 atque
2735 1288 3087 1354 excubemus,
3144 1285 3238 1356 qui
3269 1282 3415 1338 indi-

1842 1387 1979 1456 repti
2006 1400 2348 1449 maneamus,
2377 1399 2485 1438 non
2512 1383 2792 1450 voluptate
2816 1392 3031 1449 pessum
3059 1383 3273 1438 euntes,
3302 1387 3412 1427 non

1843 1475 2030 1530 furore
2057 1473 2229 1539 eﬂ‘eri,
2278 1487 2390 1528 non
2435 1471 2662 1543 perﬁdia
2720 1470 3042 1539 caligantes,
3079 1481 3191 1522 non
3237 1465 3411 1520 conti-

1844 1569 1991 1624 tendi
2024 1567 2316 1623 insolentia
2358 1574 2676 1630 astuantes,
2702 1577 2815 1618 non
2847 1561 2958 1616 alio
2993 1569 3267 1631 Quoquam
3296 1571 3414 1613 sce-

1845 1661 1954 1715 lere
1991 1658 2226 1730 possessi
2253 1676 2269 1726 ;
2297 1658 2429 1729 quin
2464 1655 2757 1711 lethalibus
2785 1653 2935 1709 vitiis
2962 1651 3174 1716 intacti,
3203 1649 3414 1704 alacres

1846 1752 2076 1806 ulterius
2127 1751 2388 1815 nitamur,
2437 1749 2565 1804 dum
2602 1748 2726 1802 vita
2759 1754 2958 1802 metam
3017 1742 3412 1814 pertingamus.

182 1836 312 1904 μήτε
355 1836 462 1890 ὑπὸ
508 1837 701 1908 ἡδονῆς
740 1839 1197 1909 κατασυρόμενοι,
1243 1840 1380 1910 μήτε
1418 1840 1523 1894 ὑπὸ
1560 1841 1736 1912 θυμοῦ

1847 1843 1969 1899 iam
1996 1843 2141 1898 dolet
2165 1842 2396 1897 fortasse
2425 1856 2612 1896 rumor
2640 1836 2979 1894 monasteria
3012 1841 3198 1890 nostra
3225 1832 3293 1887 ab
3316 1831 3424 1886 do-

177 1928 654 1998 ἐξαγριαινόμενοι,
704 1931 839 2000 μήτε
892 1931 995 1982 ὑπὸ
1039 1930 1297 1995 ἀπιστίας
1344 1935 1737 2005 σκοτιζόμενοι,

181 2019 306 2088 μήτε
332 2020 440 2073 ὑπὸ
460 2021 920 2092 ἀνεξαγορευσίας
936 2025 1260 2094 περιστατού
1269 2043 1442 2095 μενοι,
1471 2029 1609 2097 μήτε
1633 2027 1738 2080 ὑπό

176 2125 310 2172 τινος
345 2110 511 2164 ἀλλου
547 2110 750 2175 πάθους
787 2118 1336 2187 κατακυριευόμενοι·
1371 2118 1505 2172 ἀλλά
1537 2118 1740 2172 ἀνώτε-

181 2214 253 2265 ροι
276 2199 382 2254 τῶν
403 2201 668 2272 ὀλεθριῶν
691 2201 879 2256 παθῶν
907 2202 1080 2269 ὄντες,
1113 2206 1285 2277 ῖωμεν
1306 2207 1587 2279 προθυμίᾳ
1604 2209 1740 2278 πρὸς

175 2289 229 2340 τὺ
256 2291 403 2359 ἑξῆς,
458 2292 654 2362 μέχρις
685 2293 751 2346 ἂν
781 2297 1211 2368 καταντήσωμεν
1239 2300 1319 2362 είς
1348 2299 1408 2352 τὸ
1440 2299 1616 2369 πέρας
1646 2299 1738 2354 τοῦ

178 2380 302 2447 βίου.
328 2383 480 2453 Τάχα
522 2383 685 2438 λυπεῖ
714 2387 860 2457 ἡμᾶς
893 2389 1084 2460 ήάκοὴ
1142 2392 1235 2445 τοῦ
1276 2392 1346 2446 τὰ
1401 2395 1740 2467 μοναστήρια

175 2473 322 2541 ἡμῶν
351 2476 457 2528 ὑπὸ
502 2475 614 2528 τῶν
658 2477 753 2531 τοῦ
796 2479 1002 2550 Κυρίου
1033 2482 1244 2554 ἐχθρῶν
1281 2485 1736 2557 διαφθείρεσθαι·

174 2566 279 2618 ἀλλ’
308 2567 534 2638 οὐδεμία
575 2567 718 2639 λύπη
747 2568 926 2624 τοῦτο·
965 2575 1328 2644 μοναστήριον
1353 2575 1462 2648 γὰρ
1493 2580 1585 2633 καὶ
1617 2580 1738 2642 ναὸς

174 2654 298 2736 θεοῦ
349 2658 514 2726 ἡμεῖς
569 2659 756 2727 ἐσμεν,
811 2658 947 2729 πρὸς
992 2660 1087 2724 οὓς
1123 2665 1213 2715 καὶ
1257 2663 1504 2720 λέλεκται
1530 2685 1543 2699 ο
1573 2667 1740 2734 Εῖτις

175 2743 272 2795 τὸν
298 2746 449 2798 ναὸν
470 2745 577 2799 τοῦ
621 2745 769 2800 Θεοῦ
806 2749 1048 2818 φθείρει,
1066 2751 1266 2819 φθερεῖ
1285 2753 1500 2808 τοῦτον
1517 2759 1550 2810 d
1575 2758 1734 2823 Θεός.

177 2835 275 2887 Καὶ
313 2835 508 2901 άλλως,
543 2838 626 2890 ὅτι
659 2838 919 2904 πολλάκις
955 2839 1199 2909 ἔφθασαν
1231 2844 1592 2916 διαφθαρῆναι
1637 2848 1742 2901 ὑπὸ

176 2926 272 2978 τῶν
297 2926 603 2991 διωξάντων
632 2930 803 3000 ἡμᾶς,
830 2931 927 2984 καὶ
961 2932 1126 2987 πάλιν
1153 2936 1219 3005 τῇ
1244 2936 1338 2987 τοῦ
1366 2936 1500 2990 Θεοῦ
1529 2955 1712 3009 προμη

177 3015 308 3089 θείᾳ,
347 3021 428 3082 είς
470 3017 533 3072 τδ
588 3021 815 3092 ἀρχαῖον
848 3023 1241 3095 ἐπανάδραμον.
1280 3028 1434 3098 Τάχα
1465 3029 1743 3083 καὶτοῦτο

178 3110 383 3163 σαλεύει
426 3113 598 3183 ἡμᾶς,
629 3114 710 3167 ὅτι
754 3113 830 3186 μὴ
860 3115 1000 3169 κατὰ
1044 3117 1271 3182 πολλοὺς
1305 3120 1416 3173 τῶν
1448 3121 1740 3191 δεδιωγμέ-

176 3218 274 3253 νων
319 3203 630 3274 κατέχομεν
657 3202 727 3257 τά
755 3207 1115 3278 μοναστήρια,
1146 3209 1619 3280 ἀνοικοδομοῦντες
1649 3216 1742 3267 καὶ

176 3296 487 3359 φυτεύοντες
508 3335 526 3359 ,
557 3295 654 3348 καὶ
699 3295 799 3349 ὅσα
827 3295 963 3352 ἀλλα
1014 3298 1463 3369 καλλιεργοῦντες
1487 3317 1499 3330 ο
1536 3300 1648 3369 ἐγὼ
1687 3303 1745 3356 δὲ

175 3385 416 3436 τοσοῦτον
446 3385 774 3454 αἰσχύνομαι
807 3402 822 3417 ο
867 3387 915 3438 εί
937 3387 1044 3458 γάρ
1074 3388 1213 3457 ὑπὲρ
1239 3389 1336 3456 τῆς
1363 3390 1746 3462 καταστροφῆς

175 3472 265 3542 τῆς
293 3475 532 3539 πίστεως
560 3478 589 3529 ὀ
622 3475 864 3546 διωγμὸς
893 3481 989 3530 καὶ
1025 3478 1054 3529 ὀ
1083 3477 1304 3548 σύμπας
1335 3479 1507 3548 ἀγὼν,
1539 3483 1746 3554 ταύτης

181 3565 252 3633 μὴ
288 3565 784 3637 ὲπανορθωθείσης,
835 3567 951 3621 ἀλλ’
982 3567 1063 3622 ἔτι
1104 3568 1603 3642 βλασφημουμένου,
1648 3576 1744 3630 τοῦ

175 3653 429 3726 ὀνόματος
474 3655 573 3711 τοῦ
603 3656 738 3711 Θεοῦ
768 3698 783 3723 ,
815 3659 924 3712 τῶν
955 3675 1014 3712 τε
1063 3659 1232 3729 ἀγίων
1280 3662 1541 3733 Πατέρων
1587 3665 1745 3736 ἡμῶν

174 3744 736 3818 ἀναθεματιζομένων,
765 3749 923 3802 ἐστιν
952 3749 1060 3821 ἀρα
1098 3768 1182 3814 τις
1215 3751 1453 3820 ὠφέλεια
1491 3755 1590 3822 τῆς
1628 3757 1748 3808 ἐπι-

177 3837 510 3906 κρατήσεως,
533 3837 630 3890 καὶ
651 3836 770 3905 οὐχὶ
798 3837 996 3906 μᾶλλον
1022 3838 1191 3910 βλάϐη
1213 3841 1638 3915 ὁμολογουμένη,
1654 3847 1746 3900 καὶ

183 3927 432 3995 προδοσία
476 3927 577 3996 τῆς
623 3925 918 3995 ἀληθείας;
953 3928 994 3979 Τ
1001 3927 1049 3991 ις
1078 3928 1138 3994 ἐξ
1190 3931 1446 4002 ἡμισείας
1499 3935 1744 4006 δραμὼν.

175 4011 296 4088 ἦρεν
321 4018 575 4082 ἔπαθλον,
609 4018 772 4072 ὁπότε
805 4018 865 4071 οὒ
889 4018 1107 4084 τελείως
1140 4021 1366 4093 δραμεῖν
1395 4025 1577 4094 μόνον,
1609 4027 1747 4081 ἀλλά

177 4113 262 4163 καὶ
309 4113 581 4182 νομίμως,
618 4110 987 4183 διηγόρευται.
1041 4104 1178 4183 Φησὶ
1210 4116 1351 4186 γάρ’
1405 4117 1515 4172 Kal
1550 4118 1748 4186 οὐδεὶς

175 4199 592 4267 στεφανοῦται,
656 4203 708 4251 εί
761 4198 846 4267 μὴ
906 4203 1168 4271 νομίμως
1223 4205 1489 4274 ἀθλήσῃ.
1538 4209 1748 4266 Οὐκοῦν

174 4290 422 4359 ἀφέμενοι
472 4293 603 4354 τοὺς
663 4291 934 4356 τοιούτους
992 4294 1409 4366 διαλογισμοὺς,
1446 4299 1599 4371 εῐπερ
1653 4303 1746 4355 καὶ

178 4396 408 4466 πάρεισι.
458 4397 559 4450 καὶ
604 4396 795 4469 πὸῤῥω
843 4397 910 4452 τὰ
948 4399 1079 4464 λοξά
1133 4401 1548 4473 παραδείγματα
1604 4406 1742 4459 ἀπο-

1841 1936 2060 1992 minicis
2083 1934 2334 1990 hostibus
2369 1931 2680 2001 corrumpi?
2712 1929 3003 1984 Enimvero
3048 1926 3191 1981 haud
3230 1923 3278 1978 is
3309 1921 3416 1980 do-

1842 2029 1924 2082 lor
1953 2035 2058 2092 est,
2099 2034 2385 2096 postquam
2428 2022 2845 2085 monasterium,
2878 2034 2942 2073 ac
2971 2016 3064 2072 Dei
3091 2015 3277 2070 ianum
3311 2027 3416 2068 nos

1841 2133 2034 2174 sumus
2067 2136 2080 2171 :
2119 2119 2171 2170 in
2203 2131 2342 2185 quos
2367 2126 2420 2168 et
2449 2115 2594 2168 edita
2624 2114 2740 2166 hac
2769 2110 3041 2167 sententia
3066 2115 3152 2162 est
3177 2124 3190 2161 :
3213 2103 3276 2161 Si
3297 2104 3415 2176 quis

1842 2210 2090 2280 templum
2124 2207 2218 2261 Dei
2254 2206 2546 2269 violaverit,
2588 2202 2855 2272 disperdet
2884 2200 3041 2254 illum
3071 2199 3208 2252 Deus
3239 2197 3312 2250 ⁸⁵.
3348 2193 3418 2251 Et

1841 2303 2044 2373 alioqui
2069 2314 2209 2370 sape
2233 2298 2301 2353 ab
2320 2296 2555 2351 inimicis
2579 2301 2860 2363 corrupta,
2884 2291 2978 2345 Dei
3005 2288 3413 2361 procuratione,

1841 2396 1896 2450 in
1929 2393 2215 2462 antiquum
2264 2389 2570 2444 redierunt.
2621 2385 2727 2440 Sed
2779 2383 2894 2437 fors
2936 2382 3212 2451 inquietos
3254 2377 3419 2433 habet

1840 2486 1986 2558 quod
2020 2481 2352 2539 monasteria
2401 2494 2510 2534 non
2565 2489 2813 2532 tenemus
2843 2489 2998 2544 aque
3040 2486 3123 2537 ac,
3175 2470 3420 2539 plerique

1841 2580 2046 2649 capite,
2074 2575 2421 2643 fortunisque
2451 2569 2625 2640 petiti,
2659 2567 2928 2631 adiﬁciis,
2966 2563 3321 2619 rusticatione
3362 2568 3420 2615 et

1843 2668 1893 2722 id
1931 2681 2105 2738 genus
2137 2663 2408 2734 elegantia
2435 2658 2722 2716 carentes?
2779 2655 3046 2726 Equidem
3078 2662 3290 2708 tantum
3322 2651 3416 2706 ab-

1841 2767 1924 2814 est
1955 2764 2014 2812 ut
2041 2769 2392 2814 commovear
2421 2791 2436 2816 ,
2483 2750 2641 2806 valde
2685 2758 2746 2804 ut
2790 2764 2877 2804 me
2907 2745 3108 2819 pudeat
3145 2745 3364 2799 illorum
3397 2761 3414 2799 :

1843 2866 1968 2905 nam
2001 2849 2049 2905 si
2073 2862 2236 2904 omne
2262 2848 2318 2902 in
2342 2860 2535 2902 eversa
2567 2843 2670 2898 [ide
2696 2841 3014 2904 discrimen,
3041 2854 3105 2894 ac
3127 2836 3415 2893 conﬂictus

1844 2942 2093 3004 vertitur,
2121 2953 2188 2995 ea
2217 2953 2326 2993 non
2361 2937 2685 3001 instaurata,
2727 2931 2823 2988 sed
2861 2932 3043 2987 adhuc
3072 2927 3418 2984 contumeliis

1843 3034 2031 3088 divino
2064 3033 2302 3086 lacerato
2325 3029 2570 3093 nomine,
2604 3025 2920 3094 sanctisque
2951 3021 3209 3077 Patribus
3248 3021 3419 3074 dero-

1843 3129 1933 3190 tis,
1969 3125 2114 3194 quod
2155 3119 2476 3178 retentionis
2525 3114 2955 3190 compendium?
3005 3115 3118 3168 imo
3169 3121 3416 3183 apertum

1843 3228 1925 3270 est
1950 3214 2322 3285 dispendium,
2363 3222 2419 3266 et
2466 3212 2704 3282 proditio
2748 3206 3018 3264 veritatis.
3054 3204 3189 3271 Quis
3239 3202 3418 3257 medio

1843 3324 2008 3364 cursu
2060 3307 2414 3363 honorarium
2462 3304 2625 3357 tulit?
2673 3310 2964 3371 postquam
3025 3297 3172 3352 haud
3212 3296 3420 3365 integer

1845 3400 2028 3466 modo,
2063 3399 2194 3468 quin
2247 3397 2527 3466 legitimus
2573 3394 2757 3449 editur
2804 3407 3000 3448 cursus
3037 3408 3051 3445 :
3087 3390 3164 3445 ait
3217 3389 3364 3443 enim
3399 3405 3414 3441 :

1846 3490 2014 3544 Nemo
2052 3497 2358 3552 coronatur,
2396 3486 2498 3539 nisi
2544 3485 2774 3555 legitime
2817 3482 3094 3538 certaverit
3135 3481 3204 3533 ⁸⁸.
3235 3478 3420 3546 Quare

1845 3583 1934 3640 his
1963 3581 2229 3645 dimissis,
2265 3579 2310 3634 si
2335 3594 2443 3648 qua
2473 3587 2710 3643 exstant,
2729 3575 3000 3646 cogitatis,
3022 3572 3416 3644 productisquo

1846 3671 2153 3741 depravatis
2175 3669 2458 3738 exemplis,
2487 3682 2649 3722 unam
2680 3680 2970 3733 urgeamus
3008 3664 3281 3735 geminam
3314 3676 3416 3716 no-

1842 3771 2014 3817 SIram
2045 3759 2474 3821 confessionem,
2504 3773 2612 3827 qua
2647 3757 2794 3822 ﬁdei,
2829 3771 2936 3828 qua
2963 3752 3260 3818 sermonis,
3295 3750 3419 3805 freti

1847 3857 1950 3912 hoc
1976 3857 2098 3928 ejus
2142 3856 2434 3926 promisso,
2481 3854 2572 3923 qui
2607 3863 2757 3909 certo
2793 3852 3083 3923 stipuletur
3127 3868 3141 3907 :
3186 3847 3420 3914 Quaerite

1842 3950 2072 4018 primum
2102 3965 2314 4019 regnum
2349 3947 2465 4010 Dei,
2495 3957 2544 3999 et
2563 3947 2840 4013 justitiam
2869 3945 3003 4015 ejus,
3030 3954 3078 3998 et
3103 3943 3214 3997 lusa
3243 3942 3420 3994 onmia

1847 4038 2166 4107 adjiciantur
2191 4039 2332 4091 vobis
2351 4037 2394 4068 ⁸⁷
2427 4052 2441 4089 :
2485 4036 2631 4104 quod
2687 4042 2744 4088 et
2803 4032 3065 4099 consequi
3105 4045 3417 4086 mercamur

1847 4130 2066 4187 Domini
2099 4131 2269 4186 nostri
2295 4129 2423 4187 Jesu
2450 4128 2656 4184 Christi
2689 4127 3013 4181 liberalitate
3050 4130 3214 4193 atque
3252 4123 3419 4176 bene-

1848 4224 1992 4289 ﬁcio,
2021 4224 2108 4279 cui
2135 4222 2306 4293 gloria
2349 4230 2403 4275 et
2437 4221 2725 4289 imperium
2756 4234 2879 4272 cum
2913 4217 3092 4280 Patre,
3135 4230 3199 4270 ac
3228 4223 3419 4269 sancto

1852 4315 2079 4387 Spiritu,
2123 4331 2268 4370 nunc
2315 4321 2369 4368 et
2397 4327 2632 4382 semper,
2683 4313 2736 4368 in
2770 4322 3101 4378 omnemque
3145 4307 3418 4377 perpetui-

1853 4418 2038 4463 tatem.
2065 4407 2257 4462 Amen.

177 4489 531 4559 πεμπόμενοι,
553 4488 686 4550 ’ἑνδς
708 4485 958 4557 ἐχώμεθα
993 4489 1186 4559 μόνον,
1229 4491 1328 4559 τῆς
1387 4492 1579 4563 διπλῆς
1636 4494 1795 4564 ἡμῶν
1860 4495 2146 4567 ὁμολογίας
2185 4494 2283 4565 τῆς
2322 4509 2380 4545 τε
2425 4491 2563 4543 κατᾶ
2605 4490 2786 4543 πίστιν
2823 4489 2918 4542 καὶ
2939 4486 3080 4540 κατὰ
3101 4486 3287 4555 λόγον·
3322 4503 3418 4538 πε-

177 4581 410 4646 ποιθότες
455 4584 526 4653 τῇ
566 4581 861 4651 ὑποσχέσει
888 4581 998 4634 τοῦο
1011 4583 1272 4652 ἀψευδοῦς
1305 4585 1555 4654 λέγοντος
1580 4629 1593 4655 ,
1623 4591 1860 4657 Ζητεῐτε
1912 4590 2146 4660 πρῶτον
2171 4589 2283 4657 τὴν
2302 4587 2630 4652 ,βασιλείαν
2687 4587 2794 4640 τοῦ
2860 4585 3008 4640 Θεοῦ
3041 4583 3139 4636 καί
3196 4581 3310 4649 τὴν
3333 4581 3420 4635 δι-

177 4679 503 4745 καιοσύνην
534 4675 747 4735 αὐτοῦ,
779 4676 1090 4732 καὶταῦτα
1151 4679 1348 4733 πάντα
1403 4684 1878 4750 προστεθήσεται
1920 4685 2086 4755 ὑμῖν.
2121 4677 2230 4747 *Ης
2277 4682 2487 4750 γένοιτο
2530 4682 2676 4751 ἡμᾶς
2734 4682 3034 4749 ἐπιτυχεῖν,
3096 4679 3278 4748 χάριτι
3325 4679 3419 4729 καὶ

177 4770 551 4842 φιλανθρωπίᾳ
582 4768 680 4821 τοῦ
704 4769 904 4839 Κυρίου
936 4769 1090 4840 ἡμῶν
1131 4771 1303 4840 Ἰησοῦ
1335 4773 1597 4843 Χριστοῦ,
1626 4769 1670 4844 ᾧ
1701 4777 1734 4846 ἡ
1770 4777 1896 4844 δόξα
1927 4780 2023 4832 καὶ
2048 4779 2110 4831 τὸ
2136 4777 2335 4849 κράτος
2393 4774 2490 4827 σὺν
2553 4772 2635 4842 τῷ
2660 4773 2832 4843 [Ιατρὶ⁵
2854 4774 2947 4825 καὶ
2974 4771 3050 4842 τῷ
3079 4771 3218 4842 ἀγίῳ
3247 4770 3414 4824 “vei-

181 4883 322 4934 ματι,
357 4866 456 4922 νῦν
490 4864 591 4921 καὶ
624 4865 734 4928 ἀεὶ,
763 4867 857 4917 καὶ
884 4867 962 4927 είς
989 4867 1114 4927 τοὺς
1144 4866 1344 4930 αἰῶνας
1377 4868 1484 4921 τῶν
1511 4869 1744 4926 αἰώνων.
1798 4873 1972 4943 Ἀμήν
2002 4874 2100 4942 (5).

237 5007 462 5065 "lCor.
490 5006 689 5068 “1,17.
764 5003 866 5057 "ll
891 5003 1123 5059 Timoth.
1162 5021 1221 5070 ll,
1249 5006 1302 5059 5.
1378 5007 1421 5039 ⁸⁷
1455 5006 1644 5062 Matth.
1675 5011 1849 5074 “.55,

214 5143 314 5223 "(3)
342 5142 703 5223 Homericam
740 5138 904 5223 vitam
935 5141 1255 5223 magnisunt
1285 5143 1454 5206 vides,
1493 5142 1582 5223 hic
1635 5145 1744 5197 lau-
1778 5150 1822 5203 ι)
1849 5147 2097 5223 instituto
2126 5141 2458 5220 desciscunt,
2488 5152 2672 5223 cutn‘a
2704 5133 3058 5223 sapientibus,
3094 5133 3440 5223 tumlali.in-.

179 5201 325 5268 dibus
371 5213 594 5268 extollit
643 5220 865 5291 Sanetus
916 5201 1104 5291 abitas.
1136 5201 1574 5291 _Conqt_teru;ntur
1616 5229 1744 5291 vero
1780 5201 1803 5203 _
1849 5216 2307 5291 sipientibuspon
2338 5211 2731 5291 vituperemur.
2765 5201 2852 5260 ill.
2884 5201 2959 5291 lit
2989 5203 3042 5256 in
3088 5203 3414 5272 regularium

181 5295 351 5338 nostra
400 5293 566 5359 atate
603 5279 784 5359 inulti,
811 5280 952 5359 quod
1004 5275 1592 5359 regularia'instituta,
1619 5282 1748 5359 ip_s_i-
1851 5275 2083 5341 ccetihus
2110 5281 2290 5359 nullus
2317 5280 2389 5359 sit
2420 5275 2775 5359 noti_pr(_ibus.
2802 5275 2985 5356 nullus
3017 5279 3414 5359 notrpropositi

181 5368 282 5435 que.
317 5355 603 5425 regulares
634 5343 1025 5435 despiciantur.
1050 5343 1216 5435 Sed,
1237 5365 1365 5430 pace
1389 5351 1615 5435 illorum
1644 5343 1744 5404 'di-
1853 5364 2012 5435 tenax
2042 5369 2104 5408 ac
2138 5350 2462 5429 disciplina.
2508 5343 2814 5435 Illi-Itoni
2848 5343 2930 5398 sui
2967 5343 3177 5398 ordinis
3201 5346 3418 5435 reLgulas

182 5413 857 5503 ierimfnemoounquam
901 5420 1158 5503 erit_tani
1188 5413 1488 5503 insigniter
1528 5427 1741 5503 potens,

1852 5427 2164 5503 observant,
2196 5413 2296 5474 eos
2323 5418 2559 5473 maxima
2603 5413 3038 5498 Cltri'Stianorum
3091 5428 3217 5482 pars
3252 5413 3416 5503 benc-

184 5509 328 5547 nctno
350 5485 642 5569 captiosis
672 5485 996 5569 eloquentia
1027 5488 1300 5569 illecebris
1316 5485 1477 5569 adeo
1514 5485 1741 5569 pollens,

1853 5497 2088 5569 volentia
2123 5507 2228 5546 non
2263 5497 2645 5569 prosequatur,
2674 5486 2898 5566 minime
2936 5498 3086 5545 vero,
3120 5497 3292 5551 eaque
3321 5485 3412 5564 ali-

182 5573 235 5616 ut
280 5555 516 5632 quatu'or
740 5555 1000 5642 praestare
1034 5559 1233 5642 possit.
1454 5555 1744 5640 regularia.
1847 5563 2145 5642 jeclissima
2173 5569 2227 5615 et
2254 5555 2599 5642 exsecrabilis
2633 5557 2910 5642 hominum
2938 5567 3084 5642 pars,
3111 5567 3301 5620 nempe
3332 5555 3417 5636 in-o

183 5621 478 5710 sanctaque
512 5631 665 5687 Sedis
696 5621 904 5697 judicio
927 5621 1154 5710 probata
1181 5630 1436 5710 instituta
1459 5621 1743 5710 asapiené
1847 5621 2080 5710 'crcduli,
2102 5644 2263 5699 atque
2285 5629 2449 5694 athci,
2469 5628 2589 5683 illos
2610 5626 2755 5691 odio,
2772 5635 2862 5680 aut
2882 5621 3068 5679 saltem
3087 5623 3418 5692 contemptui

183 5701 316 5756 tibus
343 5697 478 5758 viris
505 5717 613 5756 non
647 5700 1119 5763 cotntnendcntur,
1146 5698 1214 5769 ali
1236 5697 1512 5769 Evangelii
1537 5697 1749 5752 deriso—
1860 5719 1965 5760 non
1992 5697 2243 5760 habeant.

184 5771 321 5824 ribus
375 5789 484 5826 non
532 5776 975 5825 contemnantur.
1037 5769 1100 5822 ll.
1151 5767 1216 5823 Ut
1252 5767 1522 5840 regulares
1554 5769 1646 5839 qui
1683 5769 1750 5824 ab
