4000 6306
576 359 680 423 659

1135 463 1368 518 δεξιΜο
1419 465 1578 520 CXV.

577 556 653 609 De
675 556 856 608 mortis
881 554 1257 617 recOrdatione,
1282 557 1528 640 obituque
1548 560 1740 626 fratris
1774 558 1960 612 Jacobi
1990 577 2047 611 ac
2073 562 2135 612 de

1194 637 1520 693 paenitentia.

648 713 864 770 Fratres
932 716 1248 784 Patresque,
1293 718 1535 786 quandiu
1595 719 1659 773 ad
1719 734 1814 773 vos
1875 720 2133 772 disseram

577 810 760 874 nauci,
795 823 998 878 vosque
1038 808 1278 878 jejunam
1318 811 1457 866 hanc
1497 811 1730 866 audietis
1761 826 1971 874 vocem,
2019 827 2139 880 quae

577 899 868 954 admoneat
910 899 1070 955 ofﬁcii
1105 901 1128 954 ?
1165 918 1270 956 non
1303 910 1358 955 et
1387 918 1531 956 nunc
1563 901 1791 956 fratrum
1817 902 1944 966 duo,
1978 902 2136 956 Jaco-

576 989 698 1054 bus,
727 1005 792 1044 ac
811 989 1100 1054 Basianus,
1129 993 1266 1046 alter
1301 993 1366 1046 ad
1404 993 1569 1047 Deum
1598 992 1890 1053 concessit,
1926 995 2058 1046 alter
2085 993 2135 1046 in

575 1079 788 1134 foribus
849 1093 1093 1136 versatur
1146 1084 1334 1137 mortis
1378 1083 1402 1136 ?
1451 1081 1590 1136 Num
1647 1084 1978 1138 immortales
2037 1098 2136 1138 nos

575 1171 782 1226 erimus
807 1189 820 1237 ;
861 1187 967 1226 non
1001 1173 1141 1229 idem
1168 1174 1431 1230 ducemus
1455 1174 1600 1244 quod
1629 1176 1938 1243 praegressi,
1968 1190 2135 1244 pocu-

574 1258 685 1313 lum
717 1261 740 1313 ?
771 1259 840 1316 Ut
870 1261 1006 1319 bene
1035 1278 1157 1318 cum
1190 1278 1254 1317 eo
1282 1273 1494 1332 agatur,
1534 1278 1698 1332 porro
1720 1263 1813 1332 qui
1842 1263 1893 1317 id
1923 1264 2138 1319 assidue

573 1351 819 1406 revolvat
863 1353 1144 1423 vitamque
1195 1369 1349 1409 suam
1409 1354 1814 1409 meditationem
1858 1364 2138 1424 comparet

573 1442 766 1499 mortis
791 1459 807 1511 ;
845 1441 933 1497 ubi
965 1453 1046 1498 est
1076 1444 1220 1498 enim
1251 1445 1439 1500 mortis
1460 1445 1759 1510 meditatio,
1783 1446 2137 1514 proculdubio

573 1529 749 1598 vigor,
816 1531 1042 1596 stimuli,
1073 1532 1348 1604 laerymze,
1407 1534 1670 1599 suavitas,
1700 1535 1865 1597 nitor,
1897 1534 2134 1588 studium

573 1621 868 1688 potiorum,
920 1631 972 1679 et
1007 1637 1128 1692 quae
1167 1623 1356 1676 orbem
1390 1634 1669 1693 snperent,
1706 1636 2130 1695 consequuntur.

573 1708 882 1774 Quaesimul
901 1711 1119 1777 absunt,
1145 1713 1216 1767 ibi
1245 1723 1356 1768 tum
1401 1731 1580 1784 prava:
1608 1716 1962 1785 cogitationes
1983 1719 2135 1783 oriri,

1759 364 1817 424 S.
1849 360 2232 421 THEODORI
2293 362 2635 420 STUDITzE

2169 471 2210 525 Α
2240 463 2426 519 Jesum
2453 467 2752 520 Dominum
2792 475 3037 520 nostrum
3074 485 3086 518 :
3120 466 3206 533 cui
3240 465 3408 531 gloria
3432 474 3487 520 et
3521 464 3808 535 imperium

3709 357 3815 419 660

2241 571 2364 610 cum
2404 556 2583 620 Patre,
2612 572 2675 610 ac
2705 568 2895 612 sancto
2942 557 3167 627 Spiritu,
3202 572 3346 612 nunc
3381 567 3435 612 et
3491 572 3724 626 semper,
3757 558 3810 610 in

2240 663 2572 709 omnemque
2602 647 3040 716 perpetuitatem.
3071 649 3262 704 Amen.

2803 797 3028 852 SERMO
3065 795 3248 850 CXVI.

2242 912 2315 965 De
2347 910 2777 978 aspectabilibus,
2818 920 2865 963 et
2895 909 3372 976 inaspectabilibus.
3404 925 3520 976 quae
3554 911 3605 961 in
3639 911 3812 960 mani-

2309 983 2399 1034 bus
2441 983 2543 1033 sint
2577 981 2822 1047 periculis
2855 996 2917 1032 ac
2951 981 3194 1041 miseriis,
3233 979 3437 1046 vitaque
3471 980 3809 1044 adipiscenda

2310 1052 2477 1119 felice.

2310 1164 2523 1218 Fratres
2555 1165 2852 1233 Patresque
2875 1162 3012 1232 ,jam
3033 1161 3145 1228 jam
3180 1159 3286 1214 huc
3319 1159 3548 1229 spiritali
3577 1159 3809 1228 appulsu

2239 1259 2421 1320 fratre,
2439 1258 2658 1312 domino
2676 1256 2970 1318 Eustratio,
2993 1255 3132 1307 haud
3152 1268 3247 1307 vos
3265 1253 3500 1307 arbitror
3517 1252 3651 1306 citra
3668 1267 3812 1320 quaa-

2239 1351 2441 1404 stiones
2460 1349 2777 1408 consistere,
2793 1345 3054 1399 adventus
3084 1357 3301 1396 causam
3323 1341 3685 1405 sciscitantes,
3710 1356 3809 1394 ne-

2237 1455 2343 1509 que
2366 1440 2561 1494 mirum
2602 1454 2724 1493 cum
2759 1435 2974 1490 occasio
3006 1434 3333 1502 subsit,quaa
3353 1433 3679 1501 qumstiones
3710 1448 3807 1486 eas

2238 1540 2509 1600 provocet.
2558 1529 2661 1583 Sed
2694 1527 2978 1598 ignoscite,
3021 1540 3126 1578 non
3173 1523 3426 1578 omnibus
3465 1539 3679 1592 semper
3723 1523 3808 1577 fas

2238 1620 2411 1687 detegi
2464 1618 2676 1688 negotia
2725 1626 2828 1680 est,
2862 1631 2961 1670 nec
3008 1614 3112 1667 nisi
3162 1613 3389 1666 fratrum
3441 1612 3803 1682 primoribus,

2237 1711 2381 1780 quod
2404 1711 2471 1764 ab
2500 1711 2619 1779 ipso
2633 1707 2864 1762 Domino
2897 1714 3084 1759 nostro
3117 1702 3243 1758 Jesu
3268 1703 3486 1758 Christo
3513 1703 3800 1766 docemur,

570 1816 707 1870 quas
743 1802 794 1855 in
833 1802 1122 1874 Evangelia
1171 1804 1343 1860 Herus
1384 1808 1573 1872 vetuit,
1602 1823 1722 1876 qua:
1755 1818 1939 1877 captos
1969 1809 2139 1862 lanci-
2168 1807 2210 1862 Β
2238 1804 2330 1873 qui
2372 1818 2518 1856 nunc
2539 1800 2741 1856 sanctis
2767 1797 3022 1853 omnibus
3069 1795 3354 1864 discipulis
3383 1794 3619 1849 cmlestis
3652 1795 3807 1864 regni

570 1901 720 1956 ncnt,
753 1908 816 1947 ac
848 1894 972 1947 vitae
990 1904 1231 1951 amantes
1255 1899 1572 1967 pertrahant
1593 1900 1643 1953 in
1673 1915 1935 1954 errorem.
1965 1899 2136 1955 Nobis

569 1981 784 2048 quidem
830 1984 1164 2039 recordanda
1207 2001 1420 2056 semper
1464 1999 1518 2043 et
1545 1989 1764 2044 assidue
1814 2005 1961 2044 mors
2028 2001 2129 2055 est,

569 2087 844 2142 operaque
863 2074 1038 2128 danda
1067 2089 1133 2130 ne
1151 2077 1311 2131 fmdis
1340 2079 1962 2144 obeundislibidinibus,
2002 2085 2131 2150 quin

567 2178 633 2218 ex
660 2164 843 2218 divina
871 2165 1150 2220 voluntate
1178 2167 1443 2236 reliquum
1479 2169 1602 2223 vitae
1641 2169 1693 2222 in
1726 2184 1889 2225 carne
1914 2179 2131 2239 tempus

566 2270 909 2326 peragamus,
943 2272 1067 2312 nam
1101 2258 1190 2327 pol
1229 2270 1537 2313 anteactum
1565 2259 1764 2314 sulIieit
1796 2261 2130 2316 curriculum

567 2360 675 2415 quo
691 2347 954 2417 corporis,
975 2348 1252 2418 animique
1276 2348 1560 2404 desideriis
1586 2349 1969 2414 satisfecimus,
1999 2353 2134 2406 satis

569 2451 843 2508 superque
870 2445 952 2490 est
1012 2446 1344 2491 structarum
1392 2437 1611 2492 diabolo
1639 2437 1909 2504 fraudum,
1943 2439 2034 2508 qui
2065 2440 2134 2492 ab

568 2526 814 2581 honestis
887 2527 1081 2580 studiis
1138 2527 1388 2580 diversos
1428 2526 1481 2579 in
1511 2526 1733 2581 nefariis
1788 2527 2134 2596 cupidinibus

569 2629 774 2684 susque
804 2615 974 2683 deque
995 2613 1236 2683 jactarit,
1271 2613 1410 2667 unde
1434 2614 1858 2668 emolumentum
1887 2616 2133 2684 cepimus

568 2718 869 2774 nunquam,
902 2714 1200 2769 contraque
1230 2703 1515 2768 damnum,
1548 2718 1611 2756 ac
1644 2701 1922 2757 infamiam
1949 2721 1962 2769 ;
1989 2720 2132 2757 nunc

568 2805 781 2864 tempus
823 2804 906 2849 est
973 2802 1277 2862 acceptum,
1324 2794 1550 2863 diesque
1600 2793 1813 2847 salutis.
1867 2793 2036 2847 Hodie
2080 2795 2129 2846 si

568 2903 736 2940 vocem
760 2887 871 2955 ejus
907 2886 1204 2947 audieritis,
1230 2885 1386 2938 nolite
1413 2886 1669 2938 obdurare
1692 2885 1854 2937 corda
1878 2896 2044 2938 vestra
2062 2885 2126 2947 ⁸⁸,

568 2991 791 3038 sanctus
845 2979 1080 3050 Spiritus
1128 2981 1348 3045 clamat,
1395 2981 1596 3034 etenim
1645 2997 1810 3050 prona
1859 2983 1909 3034 in
1939 2983 2127 3035 vitium

566 3075 749 3127 anima
800 3072 1030 3128 adversa
1083 3081 1279 3126 natura
1331 3079 1536 3136 nostra,
1589 3087 1710 3139 quae
1741 3086 1840 3124 nec
1872 3071 2124 3124 diurnam

2242 1892 2416 1962 aperit
2447 1906 2650 1946 arcana
2690 1908 2702 1942 :
2735 1903 2881 1942 nunc
2917 1889 3214 1956 assumptis
3265 1885 3444 1952 Petro,
3480 1884 3705 1947 Jacobo,
3745 1900 3812 1940 ac

2240 1986 2508 2044 Johanne,
2551 1982 2618 2036 iis
2652 1980 2784 2035 solis
2836 1979 3057 2033 exhibet
3109 1975 3440 2047 spectacula.
3478 1973 3804 2043 Quanquam

2241 2087 2302 2131 ut
2343 2075 2539 2145 partim
2594 2071 2780 2126 sciatis
2828 2085 2924 2124 vos
2973 2083 3213 2138 quoque,
3263 2067 3334 2121 ob
3377 2065 3677 2120 Ecclesiam
3724 2075 3809 2119 est

2239 2169 2505 2222 adventus
2549 2163 2876 2235 :profitetur
2927 2176 3201 2230 namque,
3243 2170 3302 2214 ut
3336 2175 3366 2214 a
3417 2157 3655 2213 consciis
3683 2197 3697 2221 ,
3755 2165 3810 2210 et

2241 2256 2455 2313 concilii
2489 2243 2724 2324 tempus,
2755 2263 2808 2307 et
2834 2253 2953 2306 lidei
2980 2252 3452 2316 instaurationem,
3479 2263 3532 2305 et
3553 2251 3808 2305 exsulum

2240 2347 2666 2402 revocationem.
2702 2345 2782 2398 Ad
2811 2359 2934 2413 quae
2963 2353 3214 2397 accurate
3260 2342 3645 2412 respondimus
3682 2357 3808 2411 quae

2239 2443 2475 2500 deceret,
2522 2436 2657 2490 nihil
2705 2433 3138 2496 dissimulantes,
3193 2431 3284 2485 Dei
3334 2432 3620 2496 beneficio,
3661 2434 3806 2500 quod

2244 2529 2386 2582 edici
2426 2535 2721 2596 oporteret,
2771 2523 2917 2578 unde
2944 2531 2998 2577 et
3024 2524 3398 2592 conjecturam
3436 2521 3671 2577 facimus
3708 2525 3808 2576 ite-

2247 2633 2364 2670 rum
2394 2631 2495 2670 nos
2531 2617 2767 2685 pericula
2817 2630 2880 2670 ac
2906 2615 3160 2670 miserias
3193 2629 3428 2668 manere.
3464 2613 3569 2667 Sed
3610 2614 3743 2666 nihil
3761 2616 3807 2646 ⁸⁸

2237 2711 2426 2763 [torum
2467 2724 2664 2772 vereor,
2696 2709 2772 2761 ait
2804 2708 2996 2762 beatus
3058 2705 3350 2777 Apostolus
3394 2704 3676 2774 (lepidum
3724 2719 3810 2759 est

2237 2801 2383 2855 enim
2424 2801 2536 2854 haec
2564 2800 2681 2867 ejus
2712 2798 2874 2852 verba
2918 2811 3228 2867 usurpare),
3266 2813 3356 2850 nec
3398 2797 3539 2865 facio
3572 2797 3807 2849 animam

2237 2909 2408 2945 meam
2425 2892 2787 2962 pretiosiorem
2818 2906 2977 2959 quam
3009 2905 3108 2954 me,
3143 2889 3426 2941 dummodo
3453 2904 3809 2941 consummem

2237 3001 2447 3036 cursum
2481 2999 2649 3036 meum
2680 2999 2798 3036 cum
2829 2981 3044 3052 gaudio,
3085 2990 3135 3032 et
3164 2979 3513 3032 ministerium
3546 2979 3683 3049 quod
3719 2996 3811 3032 ac-

2237 3075 2346 3142 cepi
2385 3090 2416 3125 a
2456 3072 2674 3126 Domino
2717 3070 2876 3135 Jesu,
2929 3070 3204 3139 testiﬁcari
3236 3069 3578 3139 Evangelium
3619 3072 3811 3140 gratia:

565 3163 913 3219 stabilitatem
952 3162 1199 3227 haberet,
1230 3162 1487 3215 benevole
1516 3175 1682 3224 nunc,
1717 3168 1769 3213 et
1806 3160 1965 3214 hodie
1997 3175 2131 3228 prte-
2163 3156 2204 3213 C
2239 3164 2336 3216 Dei
2359 3166 2428 3227 9°,
2463 3164 2605 3216 idem
2642 3173 2694 3216 et
2720 3178 2818 3217 nos
2853 3163 3069 3225 fratres,
3106 3176 3205 3232 pro
3239 3163 3360 3215 data
3398 3161 3520 3214 fidei
3552 3177 3809 3216 mensura

565 3254 762 3318 stituit,
795 3268 862 3308 ne
919 3253 1008 3308 cui
1035 3253 1227 3307 liceret
1275 3251 1651 3322 paenitentiam
1696 3248 1971 3321 defugere,
2003 3252 2135 3321 quin

565 3361 663 3400 seu
701 3345 962 3415 graviter,
1015 3360 1112 3399 seu
1142 3343 1335 3399 leviter
1381 3344 1808 3408 consceleratus,
1854 3359 1946 3398 seu
1981 3343 2134 3406 olim,

569 3449 665 3487 seu
699 3449 891 3502 nuper,
925 3433 1154 3488 salutari
1185 3434 1374 3489 audito
1401 3434 1677 3503 praeconio
1701 3433 1752 3487 in
1782 3435 1897 3489 dies
1923 3451 2001 3500 se,
2031 3436 2135 3488 mi-

565 3525 712 3579 nime
754 3531 1064 3587 cunctatus,
1118 3523 1468 3588 instauraret,
1503 3533 1663 3592 atque
1722 3536 2030 3578 renovaret.
2060 3526 2136 3578 En

565 3632 685 3685 qua:
729 3615 818 3671 Dei
853 3615 975 3686 Opt.
1019 3617 1159 3671 Max.
1194 3616 1516 3687 benignitas,
1559 3618 1788 3670 celerem
1834 3631 1985 3671 noxa:
2030 3633 2132 3671 nte-

565 3709 801 3763 dicinam
844 3707 1166 3778 facilemque
1199 3709 1399 3762 moliri.
1422 3707 1695 3762 Curantur
1734 3710 1954 3777 quidem
1987 3722 2137 3765 certe

563 3810 616 3854 et
647 3799 943 3854 secundum
979 3815 1196 3853 carnem
1229 3799 1420 3862 saucii,
1454 3800 1547 3853 sed
1578 3802 1664 3866 pol
1689 3799 1852 3864 lente,
1881 3815 1989 3870 quo
2015 3816 2137 3869 per-

563 3892 740 3945 sanati
791 3906 914 3945 cum
950 3892 1108 3945 hoste
1168 3891 1364 3944 iterum
1423 3889 1734 3960 confligant,
1797 3891 1962 3946 nobis
2009 3907 2132 3945 cum

563 3980 790 4036 vulnere
825 3981 1115 4050 conjuncta
1141 3980 1411 4036 medicina
1445 3989 1525 4034 est
1559 3980 1718 4035 modo
1745 3982 1788 4036 si
1820 3981 2140 4051 propulsare

563 4073 818 4128 inimicos
866 4073 1128 4142 eveSIigio
1167 4073 1416 4135 velimus,
1467 4073 1832 4137 Quamobrem
1883 4090 1948 4128 ne
1981 4089 2135 4129 com-

562 4165 842 4218 mittamus
887 4164 1016 4232 quin
1059 4165 1254 4218 diurna
1307 4165 1568 4219 obeunda
1619 4166 1941 4234 poenitentia
1973 4182 2136 4221 reno-

566 4271 754 4309 vemur
794 4256 997 4322 animo,
1021 4273 1124 4311 neu
1149 4259 1486 4311 occasionem
1513 4257 1751 4326 praebeat
1781 4258 2024 4327 segnitiae
2050 4273 2139 4310 ac-

562 4356 781 4416 ceptum
815 4363 914 4402 seu
947 4357 1144 4411 mente,
1184 4365 1278 4404 seu
1309 4347 1514 4411 verbis,
1544 4356 1636 4402 aut
1670 4350 1886 4403 actione
1915 4351 2135 4413 vulnus,

561 4439 657 4493 sed
690 4438 905 4506 quoties
945 4438 1357 4503 occumbamus,
1393 4439 1551 4494 toties
1583 4439 1992 4508 resipiscamus,
2031 4440 2126 4496 Dei

561 4530 776 4583 reveriti
824 4529 1052 4596 judicia,
1099 4537 1153 4583 et
1208 4531 1355 4583 omni
1405 4546 1507 4599 ope
1550 4530 1752 4598 flagitia
1809 4529 2126 4599 deprmdati.

560 4622 852 4674 Enimvero
897 4620 1091 4683 Moses,
1146 4620 1238 4676 Dei
1291 4637 1504 4684 servus,
1543 4623 1594 4677 in
1644 4633 1826 4678 monte
1850 4623 2130 4691 explicans

559 4726 795 4775 manus,
840 4711 1174 4765 Amaleciten
1242 4711 1545 4781 profligare,
1593 4714 1685 4781 qui
1737 4711 1901 4766 simul
1949 4713 2128 4764 relan-

559 4812 767 4872 gueret,
800 4802 874 4857 ibi
902 4817 1017 4856 cum
1037 4802 1124 4856 hic
1155 4805 1504 4872 praepollere;
1535 4805 1599 4859 ad
1624 4804 1877 4860 eumdem
1907 4805 2126 4858 modum

559 4905 610 4948 et
648 4908 802 4949 mens
846 4894 1145 4949 sceleribus
1185 4895 1442 4963 appetita,
1496 4906 1749 4965 superato
1791 4911 1890 4950 ceu
1947 4904 2128 4950 monte

559 5000 810 5053 precum,
835 4984 1120 5053 sensisque
1138 4986 1202 5037 ad
1232 4985 1423 5049 Deum,
1457 4988 1610 5054 quasi
1643 4987 1972 5056 quibusdam
2008 5001 2126 5039 ma-

560 5077 724 5129 nibus
775 5076 1044 5144 protentis
1067 5118 1080 5141 ,
1114 5076 1450 5131 Amaleciten
1487 5078 1539 5131 in
1575 5077 1755 5147 fugam
1811 5086 2011 5140 vertat,
2038 5079 2129 5148 qui

559 5167 806 5219 obtutum
853 5167 1023 5233 fugiat
1054 5167 1333 5221 oculorum
1364 5191 1378 5234 ~,
1422 5168 1504 5222 sin
1548 5169 1810 5232 remittat,
1844 5169 2128 5236 imperium

561 5259 819 5328 patiatur.
857 5257 1060 5328 Ecquid
1110 5258 1249 5313 facto
1279 5275 1414 5329 opus
1461 5273 1544 5314 est
1577 5277 1702 5332 ergo
1739 5263 1750 5314 !
1806 5263 1936 5330 quid
1963 5262 2131 5322 aliud,

561 5366 723 5420 quam
783 5365 942 5403 manu
1010 5350 1295 5419 ingruente
1379 5353 1601 5413 hostili,
1670 5362 1904 5408 mentem
1974 5353 2128 5422 juxta

561 5457 630 5497 ac
662 5456 857 5495 manus
893 5441 959 5495 ad
1006 5440 1174 5495 Deum
1217 5444 1458 5504 tendere,
1507 5445 1598 5512 qui
1641 5447 1851 5513 eripere
1893 5456 2056 5514 queat
2098 5462 2126 5499 a

562 5534 772 5588 morte?
794 5531 906 5597 Qua
927 5548 980 5586 re
1006 5533 1242 5603 profugis
1271 5536 1526 5600 inimicis,
1554 5551 1651 5589 nos
1679 5539 1876 5590 adorea
1908 5539 2127 5605 obligati

564 5627 804 5682 victOria:
852 5627 1072 5681 (mle-ste
1116 5641 1340 5695 regnum
1374 5628 1705 5682 crcisccmur
1731 5643 1823 5696 per
1850 5629 2123 5685 Christum

632 5785 676 5818 "
705 5783 844 5842 Psal.
881 5801 1016 5854 χειν,
1055 5783 1106 5840 8.
1176 5788 1216 5820 ⁸⁵
1252 5789 1372 5842 Act.
1408 5805 1495 5854 xx,
1527 5787 1614 5843 Ἡ.
1691 5789 1733 5823 ⁹⁰
1769 5788 1896 5844 ibid.

2238 3254 2571 3316 sentiamus,
2633 3252 3065 3321 loquamurque,
3128 3251 3222 3318 qui
3275 3250 3330 3303 in
3383 3251 3659 3320 martyriis
3707 3267 3812 3322 pro

2237 3345 2462 3398 Christo
2497 3342 2854 3412 gaudeamus,
2891 3343 2960 3398 ad
2987 3340 3252 3409 supplicia
3291 3343 3487 3408 parati,
3529 3357 3650 3405 nec,
3682 3359 3808 3398 cre-

2241 3438 2338 3489 hro
2385 3435 2643 3504 periculis
2691 3433 2954 3500 defuncti,
3009 3447 3223 3487 rursum
3279 3432 3576 3501 periclitari
3628 3434 3812 3488 detre-

2239 3535 2490 3591 ctemus;
2533 3527 2663 3596 quin
2708 3526 3014 3589 audientes,
3049 3523 3149 3578 Per
3199 3523 3392 3576 multas
3439 3523 3809 3578 tribulatione:

2241 3629 2438 3686 oportet
2471 3636 2564 3672 nos
2610 3621 2812 3671 intrare
2842 3620 2898 3671 in
2941 3635 3157 3688 regnum
3187 3618 3521 3682 caelorum“,
3559 3619 3808 3674 animum

2241 3709 2564 3763 inducamus
2611 3711 2781 3763 multa
2818 3711 3055 3778 perpeti,
3105 3718 3158 3762 et
3196 3707 3615 3779 perferre,‘quo
3664 3709 3810 3764 felici

2242 3803 2343 3856 huc
2372 3803 2620 3870 ingressu
2667 3802 2964 3870 patiamur.
3012 3801 3089 3854 Ac
3141 3801 3252 3854 fors
3297 3799 3432 3852 nihil
3464 3801 3674 3855 accidet
3715 3801 3809 3855 Dei

2242 3893 2622 3948 misericordia
2652 3894 2791 3958 diri;
2822 3894 3038 3963 expedit
3071 3902 3248 3947 tamen
3281 3895 3573 3948 constituta
3605 3894 3812 3948 habere

2242 3999 2366 4052 qua:
2418 3983 2680 4039 formides
2735 3993 2860 4038 ante
2911 3993 3197 4047 terrorem,
3247 3995 3307 4036 ut
3353 3985 3604 4052 egregie,
3664 3984 3810 4037 bello

2240 4073 2634 4135 commisso,in
2680 4073 2849 4126 aciem
2886 4073 3216 4142 prodeamus
3252 4089 3266 4136 ;
3315 4069 3487 4126 facilis
3537 4081 3622 4126 est
3660 4074 3810 4127 enim

2243 4165 2461 4218 animus
2517 4164 2661 4218 vinci
2753 4165 3086 4232 imparatus,
3141 4163 3236 4231 qui
3293 4163 3438 4217 haud
3495 4166 3813 4232 procinctus

2242 4255 2535 4325 derepente
2564 4255 2713 4309 ineat
2743 4265 3037 4309 certamen.
3066 4252 3186 4307 Jam
3213 4254 3344 4324 quid
3386 4264 3624 4311 terrores
3653 4272 3810 4311 com-

2240 4347 2527 4402 memoro?
2565 4347 2618 4400 in
2643 4349 2758 4402 dies
2774 4356 3072 4411 certamen,
3109 4347 3161 4400 in
3187 4347 3304 4401 dies
3347 4347 3595 4416 praelium
3630 4350 3810 4418 agita-

2241 4452 2350 4506 tur,
2382 4455 2488 4495 non
2524 4440 2890 4510 perspicuum,
2927 4440 3019 4493 sed
3056 4439 3509 4508 imperspicuum,
3551 4456 3655 4496 nec
3689 4458 3813 4496 cor-

2243 4547 2369 4600 pus,
2436 4531 2527 4584 sed
2562 4537 2796 4584 mentem
2843 4530 3136 4585 vulnerans
3179 4539 3232 4583 et
3268 4530 3611 4595 interimens,
3662 4534 3808 4601 quod

2234 4623 2401 4676 animi
2466 4633 2727 4689 tanquam
2787 4621 2986 4676 lumbis
3045 4623 3382 4686 succinctis,
3453 4637 3519 4677 ac
3580 4623 3814 4692 justitiae

2231 4714 2403 4767 armis
2451 4713 2647 4776 induti,
2683 4727 2780 4767 ceu
2826 4713 3007 4767 eximii
3057 4713 3258 4768 Christi
3311 4714 3551 4780 milites,
3598 4716 3811 4771 alacres

2235 4822 2338 4862 nec
2383 4807 2684 4861 oscitantes
2727 4806 3119 4876 depugnemus.
3160 4803 3331 4859 Nemo
3369 4805 3655 4861 dormiens
3700 4817 3812 4862 tro-

2228 4914 2399 4967 paeum
2451 4898 2667 4961 statuit,
2718 4911 2818 4952 nec
2865 4898 3218 4966 resupinatus
3278 4911 3510 4950 messem
3559 4897 3807 4968 colligit;

2227 4991 2356 5056 quin
2388 4988 2578 5058 ingens
2606 4988 2864 5056 utrinque
2895 5002 3033 5057 opus
3057 4996 3141 5042 est
3179 4987 3367 5051 sudor,
3402 4995 3457 5041 et
3490 4986 3807 5054 industria;

2231 5082 2312 5134 sin
2344 5081 2454 5134 illic
2488 5096 2544 5134 se
2576 5081 2648 5133 ita
2686 5093 2775 5133 res
2802 5080 2987 5145 habet,
3016 5091 3222 5150 quanto
3259 5079 3433 5146 magis
3462 5080 3518 5133 in
3558 5090 3808 5136 nostrate

2244 5172 2384 5225 bello
2407 5213 2420 5235 ,
2457 5171 2546 5225 ubi
2581 5171 2811 5225 missilia
2842 5172 2999 5238 quasi
3031 5170 3252 5239 quidam
3294 5170 3427 5225 radii
3457 5169 3698 5242 fulguris
3729 5173 3811 5226 in-

2235 5264 2515 5328 cumbant,
2565 5262 2693 5317 hinc
2726 5263 2968 5315 arietans
3018 5260 3226 5315 nefaria
3273 5261 3464 5325 libido,
3519 5262 3649 5315 inde
3689 5279 3808 5316 am-

2237 5355 2366 5407 bitio
2394 5392 2407 5415 ,
2451 5353 2576 5406 hinc
2645 5353 2842 5406 invidia
2871 5392 2885 5416 ,
2941 5352 3066 5405 inde
3112 5352 3500 5422 blasphemia?
3538 5355 3809 5424 Artesque

2239 5445 2458 5498 diabolo
2514 5443 2734 5510 multae,
2785 5445 3028 5497 animum
3084 5445 3314 5498 tentanti
3364 5438 3805 5514 quaquaversum

2237 5535 2588 5601 labefactare,
2642 5551 2704 5590 ac
2737 5536 2884 5589 velut
2913 5535 3282 5590 devorandum
3332 5551 3586 5605 poscere,
3625 5549 3683 5592 ut
3716 5539 3808 5591 de-

2237 5635 2448 5694 sperata
2482 5625 2708 5693 quilibet
2739 5626 2845 5680 vita
2889 5636 3137 5697 erumpat
3183 5625 3236 5680 in
3270 5625 3383 5681 haec
3437 5627 3604 5683 verba
3644 5646 3656 5680 :
3691 5627 3808 5681 Nisi

1978 5792 2017 5823 οι
2059 5793 2177 5846 Act.
2217 5806 2324 5856 xw,
2361 5791 2450 5844 ill.
