4000 6306
191 323 289 387 661

1329 335 1415 393 SE
1427 335 1631 396 ΒΜοΝ
1642 338 1729 396 ES
1772 338 2288 402 CATECHETICI.

3323 359 3433 422 662

192 437 315 504 quia
351 434 613 491 Dominus
672 440 872 507 adjuvit
929 459 1028 505 me,
1075 443 1231 512 paulo
1267 448 1439 497 minus
1474 446 1758 498 habitasset
1788 448 1839 507 Α
1868 446 1974 515 igni
2012 453 2206 520 potius,
2246 454 2391 511 ferro
2413 495 2428 522 ,
2463 457 2672 528 bestiis,
2710 476 2872 532 quam
2903 463 3254 525 Ictliabilihus
3281 471 3427 527 vitiis

195 531 248 580 in
275 528 490 596 inferno
523 530 708 581 anima
746 546 860 584 mea
879 533 945 596 ",
979 533 1077 586 etsi
1105 534 1156 586 in
1189 534 1274 589 his
1307 536 1566 590 omnibus
1605 553 1760 605 supe-

197 635 387 674 ramus
438 636 535 682 per
595 637 722 674 eum
760 624 852 691 qui
891 638 990 679 nos
1038 624 1333 691 adamavit,
1376 644 1508 683 sane
1552 629 1609 681 in
1661 628 1764 681 Deo

198 713 462 778 faciamus
504 715 776 777 virtutem,
823 726 881 768 ut
915 715 1166 771 Davidice
1205 719 1416 788 loquar,
1468 729 1519 774 et
1558 721 1665 787 ipse
1695 722 1762 772 ad

197 803 425 854 nihilum
459 804 681 858 deducet
726 806 961 860 inimicos
993 819 1197 863 nostros
1219 809 1310 863 ":
1350 812 1456 876 ipse
1498 821 1576 864 est
1625 813 1763 865 enim

196 910 299 959 pax
328 905 510 948 nostra
552 898 642 964 qui
685 897 1059 968 fecit‘utraque
1087 916 1268 965 unum,
1312 912 1359 955 et
1403 904 1630 955 medium
1665 921 1762 972 pa-

202 989 379 1039 rietem
421 989 667 1042 maceriw
702 991 874 1055 solvit,
909 993 1236 1058 inimicitias,
1286 994 1338 1047 in
1389 1011 1483 1047 sua
1515 1012 1669 1049 carne
1693 997 1758 1059 ",

202 1083 246 1130 id
305 1089 412 1143 est,
472 1080 566 1148 qui
627 1081 830 1136 victum
881 1083 1154 1136 diabolum
1208 1087 1559 1154 proculcavit,
1609 1097 1758 1155 parta

202 1165 324 1221 hinc
384 1167 545 1220 nobis
587 1167 812 1222 victoria
874 1185 1090 1239 quoque
1141 1175 1470 1243 prmmioque
1519 1177 1761 1230 victoriie

199 1258 410 1310 ctelesti
451 1252 619 1327 regn‘o
661 1261 931 1326 condicto,
972 1263 1117 1330 quod
1154 1265 1369 1333 assequi
1410 1281 1598 1321 omnes
1629 1281 1759 1320 con-

199 1348 365 1417 tingat
393 1363 489 1416 per
519 1347 703 1402 Iesum
735 1348 1007 1404 Christum
1039 1352 1323 1406 Dominum
1353 1365 1597 1410 nostrum
1631 1361 1753 1412 :cui

199 1439 366 1507 gloria
400 1449 453 1492 et
488 1439 774 1508 imperium
809 1458 929 1496 cum
969 1443 1144 1509 Patre,
1183 1462 1248 1501 ac
1305 1461 1495 1502 sancto
1530 1449 1756 1518 Spiritu,

200 1545 340 1583 nunc
396 1537 452 1582 et
500 1545 736 1599 semper,
827 1532 880 1585 iu
939 1549 1265 1604 onmemque
1319 1539 1754 1607 perpetuitatem.

197 1619 389 1676 Amen.

743 1688 970 1748 SEBMO
1008 1693 1216 1750 CXVII.

194 1780 266 1834 De
310 1781 502 1865 {rat-ris.
543 1781 1042 1865 Memnonis-lapsu.
1064 1787 1181 1844 Neu
1228 1792 1458 1848 solitarii
1502 1796 1749 1865 degamus
1784 1775 1828 1834 Β

259 1851 529 1972 pestiferis
557 1856 708 1907 noxis
731 1851 1029 1923 evadendis,
1063 1876 1178 1927 qua’
1206 1877 1298 1929 per
1326 1880 1506 1919 sensus
1533 1851 1750 1920 contra-

294 1933 476 1972 antur.

294 1933 476 1977 antur.

262 2011 488 2068 Fratres
549 2014 868 2088 Patresque,
914 2022 1165 2090 equidem
1197 2039 1318 2078 cum
1355 2041 1453 2081 vos
1484 2028 1753 2097 undique-

189 2119 294 2172 que
323 2116 515 2176 satago
551 2109 848 2177 cohortari,
882 2112 1010 2168 hinc
1041 2116 1166 2170 inde
1207 2119 1526 2174 occasiones
1567 2135 1754 2175 corro-

188 2213 361 2264 gans;
418 2209 532 2252 tum
584 2200 768 2256 audito
821 2202 874 2257 in
931 2203 1178 2276 Bithynia
1206 2209 1461 2277 quiddam
1512 2211 1753 2268 insolens

186 2287 480 2354 accidisse,
503 2305 811 2347 sermonem
838 2294 966 2349 hinc
989 2298 1264 2353 exordiar.
1289 2300 1496 2371 Ecquid
1527 2305 1753 2373 contigit

185 2379 358 2433 vero?
392 2382 563 2436 Aiunt
613 2385 880 2452 pardalim
937 2403 1043 2442 non
1083 2406 1266 2454 unam,
1307 2395 1439 2462 quin
1492 2396 1648 2460 duas,
1689 2413 1769 2453 ac.

187 2480 334 2536 tres,
392 2483 612 2542 repente
654 2475 825 2540 visas,
879 2491 987 2530 non
1041 2479 1207 2536 boves
1257 2483 1457 2538 habere
1504 2485 1750 2552 infestos,

184 2577 291 2616 non
346 2579 499 2630 oves,
553 2581 663 2620 non
717 2567 862 2624 aliud
914 2571 1114 2625 animal
1148 2573 1336 2639 ullum,
1375 2576 1466 2630 sed
1504 2579 1752 2632 homines

187 2657 394 2718 solum,
429 2665 486 2710 ut
511 2659 766 2728 oppidani
812 2663 1160 2719 vehementer
1204 2669 1471 2733 exterriti,
1524 2670 1748 2724 solidam

181 2762 239 2801 se
283 2757 506 2803 noctem
558 2751 704 2806 intra
759 2754 901 2810 aedes
948 2757 1300 2820 concludant,
1347 2760 1473 2814 dum
1511 2761 1751 2816 lu’cescat

184 2842 326 2897 dies.
361 2841 507 2898 Sane
547 2845 810 2900 indicium
845 2848 895 2903 id
943 2859 1026 2905 est
1059 2851 1153 2904 irae
1179 2851 1397 2908 divina.
1432 2855 1535 2910 Sed
1572 2856 1748 2912 dicam

182 2936 233 2988 in
290 2936 491 3005 primis
547 2953 660 3007 quo
720 2940 834 2996 haec
885 2943 1019 2997 mihi
1078 2945 1243 3013 petita
1299 2948 1501 3002 serviat
1549 2951 1746 3004 oratio.

179 3023 476 3080 Enimvero
521 3026 712 3082 insunt
759 3031 810 3082 in
845 3032 1001 3086 nobis
1041 3032 1171 3089 fera:
1218 3037 1517 3105 permultae,
1563 3049 1615 3094 et
1662 3042 1748 3108 pol

1866 548 2277 604 occumbamus.
2324 560 2436 620 Age
2481 568 2610 607 vero
2660 559 2801 610 unde
2846 557 2937 612 hic
2977 559 3183 616 corruit
3217 564 3380 619 miser
3405 568 3438 626 lg

1867 653 1975 690 non
2007 638 2250 706 aliunde,
2302 658 2464 712 quam
2511 646 2606 715 qui
2639 649 2918 706 solitarius
2960 653 3179 724 degeret
3210 673 3225 722 ;
3251 672 3426 727 neque

1863 732 2005 785 enim
2036 734 2230 789 veritas
2250 734 2411 799 fallat,
2451 738 2560 803 Vae,
2587 742 2863 809 accinens,
2893 746 3016 807 soli,
3047 748 3140 816 qui
3170 749 3215 804 si
3245 750 3423 817 cadat,

1863 819 1977 876 Non
2025 824 2219 880 habeat
2253 841 2312 881 se
2349 829 2717 886 sublevantem
2741 834 2806 887 ³⁸.
2851 835 3026 905 Atque
3074 839 3125 892 id
3171 842 3422 911 equidem

1863 917 2103 980 veritus,
2163 919 2307 973 haud
2362 923 2521 977 omisi
2576 926 2706 994 quin
2750 928 2801 981 ei
2851 929 3038 997 juxta,
3100 947 3164 987 ae
3213 936 3424 991 czeteris

1865 1008 2160 1072 edicerem,
2190 1012 2335 1078 quod
2362 1014 2518 1068 edico
2544 1015 2598 1068 in
2625 1021 2912 1085 praesentia
2940 1037 3179 1092 quoque,
3206 1041 3273 1080 ne
3297 1027 3421 1095 quis

1861 1097 2079 1164 degeret
2122 1101 2296 1174 solus,
2347 1118 2448 1158 neu
2493 1107 2711 1174 prodire
2755 1109 3027 1179 deaveret,
3090 1130 3196 1168 neu
3248 1118 3422 1174 otiose

1862 1185 1967 1240 huc
2013 1186 2138 1243 illuc
2187 1190 2376 1258 itaret,
2439 1209 2544 1249 neu
2593 1212 2716 1251 cum
2771 1198 2987 1256 feminis
3017 1217 3419 1272 consuesceret,

1860 1292 2064 1346 amore,
2116 1282 2264 1337 velut
2301 1285 2444 1355 igne,
2496 1288 2624 1344 hinc
2675 1293 3036 1349 accendendo.
3084 1295 3294 1364 Quibus
3326 1303 3420 1370 qui

1859 1371 2086 1428 audiens
2132 1374 2278 1430 dicto
2333 1379 2535 1446 obedit,
2588 1391 2642 1435 et
2686 1384 3038 1455 obsequitur,
3087 1390 3142 1443 in
3190 1392 3420 1448 Domino

1855 1464 2175 1533 sospitatur,
2207 1469 2298 1536 qui
2342 1469 2627 1538 detrectat,
2665 1489 2692 1526 a
2719 1475 2936 1532 diabolo
2967 1488 3178 1548 captus,
3213 1482 3418 1538 interit.

1858 1553 2150 1611 Enimvero
2209 1561 2311 1614 etsi
2362 1563 2430 1615 ab
2472 1564 2592 1632 ejus
2663 1568 2928 1637 sanguine
3013 1571 3280 1627 insontem
3333 1591 3419 1630 me

1858 1649 2100 1714 conscio,
2136 1668 2296 1720 quem
2326 1655 2547 1724 quidem
2575 1658 2717 1712 haud
2756 1660 3047 1717 celaverim
3075 1668 3206 1734 quin
3238 1668 3422 1722 immi-

1859 1750 2074 1795 nentem
2105 1745 2450 1812 praedicet-em
2483 1765 2822 1819 mucronem,
2853 1761 3034 1809 tamen
3058 1771 3165 1810 non
3192 1774 3416 1828 possum

1855 1845 1959 1884 non
1986 1831 2202 1901 ejulari,
2235 1851 2299 1891 ac
2322 1845 2581 1908 tanquam
2609 1845 2832 1911 proprio
2863 1845 3219 1917 ingemiscere
3248 1867 3419 1905 mem-

1855 1922 1970 1976 bro.
2024 1924 2164 1990 Quin
2196 1927 2392 1994 habeo,
2434 1931 2766 1999 charissimi,
2818 1938 2964 2007 quod
3015 1953 3272 1996 accusem
3321 1957 3418 1998 vos

1854 2029 2073 2085 quoque
2097 2035 2112 2083 ;
2142 2021 2272 2088 quid
2301 2021 2414 2076 ita?
2457 2023 2732 2095 Scriptum
2761 2039 2843 2084 est
2886 2030 2939 2084 in
2966 2033 3115 2087 Actis
3143 2035 3420 2103 apostolo-

1854 2123 1975 2162 rum
2009 2127 2021 2164 :
2055 2108 2282 2166 Factum
2314 2124 2389 2168 est
2420 2119 2572 2187 quasi
2600 2119 2852 2175 horarum
2882 2123 3044 2176 trium
3067 2126 3324 2193 spatium,
3364 2138 3415 2182 et

1855 2199 2083 2271 Saphira
2115 2222 2248 2260 uxor
2275 2209 2440 2277 ipsius
2471 2212 2732 2269 nesciebat
2766 2218 2905 2284 quod
2931 2217 3133 2286 factum
3153 2221 3325 2288 fuerat
3345 2222 3416 2278 ".

1853 2290 2010 2347 Certe
2039 2294 2091 2346 in
2126 2298 2344 2364 publico
2372 2311 2489 2354 acta
2520 2301 2701 2358 fabula
2731 2316 2832 2369 est,
2871 2317 2925 2362 et
2958 2307 3238 2380 frequente
3267 2313 3413 2384 vulgi

1855 2397 2076 2440 corona.
2114 2386 2217 2440 Sed
2249 2399 2364 2443 erat
2402 2390 2639 2467 indidem
2669 2396 2929 2453 nimirum
2971 2400 3412 2472 circumspectio,

1855 2478 2125 2541 molestia,
2168 2478 2262 2534 Dei
2293 2487 2594 2539 reverentia
2626 2489 2754 2552 ;hic
2784 2490 2991 2559 aliquot
3035 2509 3121 2548 me
3163 2497 3412 2564 superio-

1855 2569 2004 2623 ribus
2028 2570 2219 2632 dicbus
2254 2583 2465 2630 secreto
2497 2577 2561 2631 ad
2592 2592 2688 2632 vos
2714 2580 2971 2647 quiddam
3002 2584 3202 2650 locuto,
3229 2588 3410 2642 statim

1853 2660 2150 2729 dissipatus
2189 2679 2367 2719 sermo
2396 2676 2497 2732 est,
2534 2669 2657 2724 inde
2696 2669 3251 2745 Constantinopolim,
3287 2679 3412 2734 hinc

1853 2751 2080 2807 Prusam
2127 2772 2322 2826 usque.
2368 2757 2437 2813 Ut
2479 2762 2613 2815 mihi
2644 2765 2861 2832 quidem
2899 2768 3126 2823 consilia
3158 2771 3210 2823 in
3242 2787 3415 2841 angu-

1853 2855 1994 2900 stum
2038 2860 2322 2917 cogantur,
2375 2867 2470 2906 seu
2523 2854 2784 2923 loquenti,
2833 2874 2926 2912 seu
2983 2875 3088 2914 non
3145 2862 3408 2930 loquenti,

1851 2938 1994 3006 quod
2016 2939 2317 2995 ell'ernntur
2341 2958 2461 3011 qua:
2485 2947 2690 3013 vulgari
2727 2950 2947 3004 minime
2970 2963 3273 3021 oporteret;
3304 2971 3410 3010 non

1854 3031 2092 3100 loquenti
2118 3042 2262 3101 quod
2286 3035 2463 3090 haereo
2482 3039 2573 3106 qui
2597 3053 2748 3109 agam
2779 3052 2944 3107 recte,
2973 3058 3079 3097 non
3114 3060 3246 3099 usus
3274 3060 3408 3100 con-

177 3126 432 3182 ειτοεεε,
491 3118 706 3174 scelesti
757 3122 1022 3191 spiritus;
1055 3137 1206 3181 ειη-οι
1261 3128 1373 3184 fera
1427 3131 1591 3185 libido
1645 3143 1746 3196 εει⁹
1777 3111 1816 3165 C
1849 3124 2164 3180 sultoribus.
2191 3126 2339 3183 Itane
2360 3131 2676 3200 desipimus,
2702 3132 2919 3201 fratres;
2945 3137 3409 3207 itan’impotentia

178 3207 355 3273 furor,
389 3209 621 3277 invidia,
653 3229 807 3266 vana:
850 3216 1036 3284 gloriae
1067 3218 1358 3286 cupiditas,
1401 3237 1463 3275 ac
1488 3239 1608 3291 quae
1642 3225 1746 3278 alia

178 3310 300 3354 sunt
334 3302 608 3358 scelerata
652 3304 919 3371 facinora,
954 3324 1077 3378 qua:
1117 3311 1261 3364 baud
1294 3324 1580 3379 nocturna,
1614 3316 1744 3385 quin

175 3392 371 3445 diurna
421 3393 654 3449 audacia
698 3397 1068 3454 devorandum
1119 3402 1356 3456 animum
1407 3415 1644 3474 captent,
1693 3418 1747 3463 et

181 3483 455 3551 iinpetant
505 3483 840 3555 frequentes.
880 3490 949 3544 Ut
991 3492 1182 3547 beatus
1225 3497 1506 3564 apostolus
1553 3496 1746 3553 Petrus

174 3574 348 3626 edicat
403 3573 458 3626 iu
501 3576 616 3629 haec
650 3579 836 3644 verba,
888 3579 1064 3634 Sobrii
1107 3593 1291 3647 estote,
1333 3586 1566 3656 vigilate,
1619 3589 1745 3657 quia

174 3664 511 3718 adversarius
546 3677 710 3720 vester
737 3667 981 3725 diabolus
1011 3682 1262 3742 tanquam
1295 3675 1376 3729 leo
1400 3678 1608 3747 rugiens
1638 3681 1746 3732 cir-

174 3758 296 3820 cuit,
339 3774 584 3826 quazrens
635 3760 884 3816 devorare
942 3780 1249 3833 quemquam
1285 3768 1371 3833 ”;
1419 3785 1745 3842 rursumque

175 3857 394 3902 saueius
447 3849 613 3904 David
657 3852 1105 3922 deprecabundus
1149 3859 1353 3913 scribat
1394 3877 1406 3912 :
1451 3859 1742 3931 Nequando

177 3941 341 4006 rapiat
365 3949 424 3993 ut
445 3941 526 3994 leo
545 3945 779 3997 animam
799 3962 992 4011 meam,
1018 3949 1142 4002 dum
1162 3960 1361 4005 nonest
1385 3954 1476 4021 qui
1495 3954 1740 4021 redimat,

174 4048 328 4098 neque
372 4035 466 4102 qui
512 4034 718 4088 salvum
753 4037 1002 4106 faciat“.
1045 4041 1163 4097 Jam
1212 4045 1344 4113 quid
1386 4049 1651 4116 agendum
1687 4050 1740 4103 in

175 4122 274 4176 iis?
313 4125 449 4193 quid
500 4127 689 4192 aliud,
743 4146 906 4197 quam
943 4132 996 4186 in
1048 4135 1288 4190 cmlestis
1340 4138 1593 4206 praesidio
1651 4141 1739 4194 Dei

176 4215 587 4280 stabnlandum,
635 4215 884 4288 intraque
923 4236 1183 4277 sensuum
1225 4237 1438 4280 errores
1483 4228 1740 4283 resisten-

174 4306 573 4365 dum‘lEtenim
606 4325 726 4364 cum
763 4314 902 4367 oculi
936 4317 1174 4386 pendent
1204 4320 1325 4389 vagi
1359 4335 1422 4375 ac
1457 4321 1736 4387 sublimes,

1849 3219 2044 3289 linguae
2075 3222 2453 3294 intempestive
2494 3227 2546 3280 in
2577 3228 2879 3296 periculum
2917 3231 3166 3286 ruimus?
3207 3244 3410 3302 nequa-

1848 3329 2012 3382 quam
2061 3315 2116 3368 id
2153 3326 2234 3370 est
2263 3332 2518 3371 verorum
2566 3319 2982 3389 discipulorum.
3019 3322 3113 3379 sed
3143 3323 3405 3380 hostium.

1846 3402 1924 3458 Ne
1960 3407 2285 3475 ineptiamus
2321 3416 2625 3478 tantopere,
2661 3427 2868 3481 quaeso,
2902 3413 3033 3484 quin
3069 3415 3410 3485 circumspe-

1847 3497 1957 3551 ctio
1987 3498 2263 3568 deinceps,
2298 3501 2580 3568 modestia,
2629 3503 2721 3557 Dei
2766 3505 3093 3568 reverentia,
3125 3519 3189 3561 ac
3223 3508 3410 3576 regula

1846 3588 2065 3641 demum
2114 3591 2424 3658 adhibetur,
2474 3609 2604 3663 quo,
2651 3603 2868 3662 peracta
2915 3609 2982 3649 ex
3035 3597 3126 3650 Dei
3187 3597 3409 3651 libidine

1846 3680 1975 3744 vita,
2003 3681 2051 3736 ei
2077 3681 2374 3751 placentes,
2404 3685 2774 3740 haereditatem
2811 3687 3058 3741 ineamus
3083 3697 3407 3741 atternorum

1845 3774 2112 3828 bonorum
2151 3790 2246 3844 per
2274 3775 2549 3833 Christum
2584 3776 2768 3833 Jesum
2795 3778 3079 3832 Dominum
3120 3786 3404 3832 nostrum:

1846 3867 1930 3920 cui
1973 3867 2141 3936 gloria
2175 3875 2230 3920 et
2275 3868 2562 3937 imperium
2602 3884 2729 3924 cum
2760 3869 2918 3924 Patre
2948 3884 3012 3924 ac
3051 3879 3243 3925 sancto
3283 3868 3407 3939 Spi-

1847 3960 1975 4023 ritu,
2029 3975 2174 4014 nunc
2215 3969 2272 4014 et
2310 3976 2544 4030 semper,
2596 3963 2650 4015 in
2700 3976 3030 4032 omnemque
3075 3963 3406 4031 perpetuita-

1847 4061 1973 4105 tem.
2003 4051 2195 4107 Amen.

2372 4167 2605 4225 SERMO
2651 4168 2877 4225 CXVIII.

1847 4260 1922 4314 De
1950 4260 2186 4315 irreclini
2239 4262 2582 4320 confessionis
2625 4271 2673 4315 et
2707 4261 3014 4314 obedientite
3056 4259 3249 4314 tuenda
3279 4275 3407 4311 con-

1911 4333 2130 4397 stantia,
2181 4348 2243 4384 ac
2280 4334 2389 4384 suis
2429 4334 2613 4400 cuique
2657 4333 2850 4385 muniis
2892 4342 3148 4384 accurata
3192 4339 3404 4384 conten-

177 4400 458 4461 pestil‘eras
490 4417 654 4456 aures
691 4403 900 4462 fabulas
942 4408 1254 4473 admittunt,
1302 4428 1364 4465 os
1405 4412 1624 4468 infanda
1656 4415 1736 4469 lo-
1775 4450 1815 4506 υ
1916 4403 2054 4454 “(me
2080 4400 2324 4470 υἱθίιὶιῖιιε
2353 4404 2610 4471 defend“-

173 4492 368 4555 qnitur,
405 4509 566 4548 mens
608 4493 771 4564 foedis
804 4497 1045 4558 inerrat:
1083 4509 1193 4555 tum
1233 4503 1450 4559 animus
1482 4520 1609 4559 vero
1638 4521 1732 4561 ceu

174 4592 259 4644 per
289 4590 484 4653 tesqua
519 4585 760 4654 palatus,
807 4605 928 4656 quae
959 4590 1144 4646 divina
1175 4594 1320 4647 nulla
1351 4598 1739 4664 procuratione

175 4675 434 4739 tenentur,
481 4673 615 4729 feris
641 4678 937 4733 occumbit.
976 4679 1032 4734 Id
1071 4683 1205 4736 adeo
1231 4693 1285 4738 et
1315 4701 1458 4740 nunc
1484 4686 1735 4743 Memnon

174 4771 357 4823 passus
393 4765 768 4828 miserandus,
818 4769 1038 4826 diabolo
1080 4777 1272 4841 praedae
1302 4785 1407 4842 est,
1442 4779 1601 4848 cujus
1627 4797 1734 4836 non

172 4862 449 4910 cruentam
512 4867 724 4911 vestem
782 4861 1016 4926 intueor,
1075 4875 1132 4918 ut
1179 4865 1417 4923 Iacobus
1472 4871 1601 4925 olim
1650 4888 1736 4942 pa-

174 4942 400 5001 triarcha
442 4948 673 5019 Iosephi
722 4953 805 5007 sui
855 4953 971 5020 lilii,
1016 4958 1149 5026 quin
1189 4959 1572 5032 interemptam
1608 4979 1733 5034 pec-

170 5037 264 5089 cati
308 5055 579 5098 mucrone
609 5055 866 5101 mentem.
909 5049 1128 5105 Scilicet
1157 5068 1354 5122 parens
1387 5059 1580 5112 mortis
1613 5074 1736 5128 pec-

170 5138 338 5184 catum
368 5144 452 5189 est.
479 5153 492 5189 :
523 5137 632 5191 hoc
661 5137 1002 5196 decessorem
1048 5145 1339 5211 Adamum,
1371 5149 1730 5205 immortalem

171 5224 347 5287 gratia,
398 5230 690 5282 mortalem
736 5233 970 5289 reddidit
1003 5237 1142 5301 ;hoc
1190 5239 1617 5297 internecionem
1651 5244 1734 5296 di~

171 5309 304 5366 luvio
331 5319 514 5374 attulit
563 5321 768 5376 mundo
802 5339 815 5388 ;
847 5326 944 5379 hoc
970 5326 1223 5397 Sodoma,
1248 5348 1310 5387 ac
1346 5333 1644 5390 Gomorrha
1661 5338 1727 5401 9’,

169 5407 215 5450 et
256 5404 463 5465 vicinas
517 5412 762 5469 incendit
812 5420 1014 5484 urbes;
1065 5421 1167 5477 hoc
1223 5428 1517 5493 quemlibet
1574 5447 1719 5484 nunc

168 5501 371 5578 quoilue
423 5512 648 5556 aeterna:
717 5507 876 5559 morti
949 5511 1341 5578 concipientem
1414 5531 1470 5570 se
1545 5521 1725 5574 tradit.

173 5575 314 5643 000d
351 5588 658 5661 fugiamus,
713 5593 930 5664 fratres,
974 5611 1027 5655 ut
1070 5603 1270 5673 ignem,
1314 5618 1478 5676 atque
1519 5613 1722 5665 utinam

237 5769 275 5800 ³³
309 5773 448 5830 Ρδςιι.
489 5797 643 5843 scin,
691 5780 768 5833 I7.
807 5786 891 5856 __"
923 5785 1058 5839 Psal.
1103 5805 1228 5856 t‘\'l|,
1268 5793 1318 5846 ιι.

261 5859 312 5910 ιι.
390 5849 433 5906 ⁸3⁵
466 5852 655 5906 Eccle.
693 5866 764 5916 tv,
803 5853 882 5908 I0.
963 5859 1002 5889 ⁵³³
1038 5859 1158 5914 Act.
1197 5849 1247 5928 ὦ,
1289 5862 1338 5915 7.

1397 5793 1439 5822 "‘
1473 5793 1606 5861 Eph.
1653 5814 1710 5862 Il,
1750 5801 1833 5855 li.

1423 5865 1435 5893 ³
1475 5865 1667 5935 Philip.
1708 5887 1776 5932 Iv,
1824 5873 1874 5927 8.

1910 4516 2127 4570 Fratres
2187 4514 2513 4585 Patresque,
2573 4516 2664 4571 alii
2716 4515 2838 4570 aliis
2897 4515 3061 4570 rebus
3115 4512 3405 4568 narrandis

1837 4609 2202 4668 oblectamur,
2231 4617 2284 4661 et
2319 4623 2378 4662 se
2413 4616 2707 4672 ostentant,
2741 4607 2897 4661 miles
2963 4607 3190 4668 bellicis,
3221 4612 3404 4658 nautae

1837 4699 2088 4764 marinis,
2141 4699 2318 4752 coloni
2374 4699 2617 4759 rusticis,
2667 4695 2980 4766 singulique
3026 4696 3270 4764 singulas
3314 4711 3402 4749 se-

1834 4791 1942 4844 cuti
2003 4801 2147 4844 artes
2213 4805 2276 4843 ac
2337 4790 2623 4851 scientias,
2674 4787 2738 4841 iis
2791 4802 2911 4856 quae
2992 4785 3276 4840 conferant
3337 4785 3404 4839 ad

1839 4882 2116 4949 singulas;
2158 4897 2331 4950 neque
2356 4889 2460 4946 est,
2492 4881 2746 4945 breviter,
2795 4880 3114 4950 quisquam,
3150 4876 3243 4947 qui
3293 4893 3400 4931 non

1836 4975 2030 5028 studiis
2082 4973 2325 5042 capiatur
2373 4973 2507 5029 suis.
2559 4973 2772 5028 Nostrae
2817 4972 2960 5025 haud
3013 4985 3142 5025 sane
3203 4971 3255 5024 in
3316 4970 3401 5025 his

1836 5066 2025 5135 positae
2070 5079 2260 5134 gerrae,
2310 5073 2362 5118 et
2413 5064 2716 5128 urbanitas,
2773 5071 3058 5131 postquam
3119 5076 3218 5116 nec
3270 5068 3399 5114 sunt

1835 5156 2073 5211 carnalia
2102 5166 2311 5218 ucstra,
2348 5155 2479 5224 quin
2509 5156 2575 5210 de
2605 5155 2774 5208 animi
2805 5154 3000 5214 salute,
3033 5153 3099 5207 de
3131 5153 3397 5222 placendo

1841 5243 2062 5307 Deo,de
2111 5242 2237 5296 hinc
2285 5243 2579 5303 abscessu,
2626 5241 2692 5296 de
2738 5242 3134 5296 instauratione
3187 5240 3393 5303 futura,

1836 5345 1994 5406 atque
2025 5344 2083 5389 ut
2118 5336 2408 5404 Apostolus
2435 5334 2694 5404 loquitur,
2736 5349 3051 5403 quacunque
3092 5340 3214 5387 sunt
3253 5348 3392 5394 uera,

1833 5441 2149 5495 quaecunque
2187 5434 2444 5495 augusta,
2491 5439 2805 5493 quacunque
2834 5423 3042 5490 Ῐιιειιι,⁸
3071 5437 3394 5491 qua'cunque

1832 5529 1999 5582 casta,
2033 5532 2350 5586 qua'runque
2374 5515 2656 5588 amabilia,
2681 5530 2999 5584 quotcunque
3031 5518 3179 5566 bona:
3211 5513 3391 5580 famtv,

1831 5613 1874 5663 si
1920 5628 2021 5680 qua
2067 5614 2251 5676 virtus,
2296 5611 2470 5679 siqua
2510 5611 2676 5672 laus‘,
2731 5610 2812 5663 ha:
2851 5607 3007 5661 nobis
3042 5607 3254 5669 fabula),
3281 5605 3394 5658 hate

2961 5797 3003 5827 97
3039 5795 3177 5850 Gen.
3221 5811 3391 5862 xxxii,

1912 5803 1953 5834 9”
1995 5801 2177 5856 Il’etr.
2219 5818 2270 5865 ν,
2306 5800 2356 5853 8.
2438 5799 2480 5830 νδ
2524 5797 2665 5854 Psal.
2706 5812 2798 5864 γυ,
2833 5798 2883 5850 ὅ.
