4000 6306
575 352 679 414 663

1759 355 1820 413 3.
1860 351 2249 414 THEODORI
2291 347 2636 411 STUDITAI

3700 337 3811 403 664

576 469 755 525 studia
788 479 934 536 sunt,
974 486 1082 540 quo
1125 472 1253 541 quid
1293 471 1543 528 festivius
1573 471 1758 533 simul,
1788 486 1851 526 ac
1882 469 2137 524 beatius?
2165 477 2208 531 Α
2240 473 2394 534 gesta
2449 475 2738 530 perennem
2799 461 2964 513 vitam
3017 459 3352 514 erciscamur
3401 469 3499 525 per
3525 453 3809 508 Christum

575 563 630 618 ld
661 564 795 619 adeo
827 579 890 618 ex
919 565 1199 619 amborum
1261 566 1448 620 videas
1482 565 1621 632 fine,
1663 580 1787 619 nam
1829 563 2042 619 illorum
2079 575 2137 617 ut

577 655 808 725 origine,
847 657 926 711 sic
959 656 1066 716 fine
1099 658 1164 712 ad
1200 658 1304 712 hoc
1343 673 1516 712 aevum
1558 657 1760 722 soluto,
1805 655 1947 725 (Ubi
1991 655 2136 709 enim

577 755 662 801 est
708 749 970 818 sapiens?
999 750 1088 803 ubi
1118 750 1343 809 scriba?
1373 751 1462 804 ubi
1490 749 1820 819 disceptator
1842 748 2006 817 huius
2039 763 2139 802 sar»

582 840 730 892 culi?
757 841 878 907 quis
902 840 1158 902 humanis
1180 842 1368 897 ofﬁciis
1390 842 1571 897 clarus
1592 841 1824 911 perstitit
1849 841 1901 894 in
1931 842 2056 904 vita,
2081 849 2142 894 ut

579 944 704 983 cum
721 933 901 986 sonitu
922 947 1029 986 non
1056 935 1317 988 memoria
1331 934 1548 1003 perierit
1571 941 1884 988 cunctorum
1897 932 1942 1002 ?)
1959 942 2142 986 noster

582 1032 636 1074 et
654 1021 954 1091 ingressus,
975 1034 1028 1078 et
1046 1024 1570 1086 linisindissolulus.
1597 1039 1661 1078 ac
1702 1024 1961 1092 perennis
1984 1023 2144 1082 liabe-

586 1122 692 1164 tur.
718 1111 1224 1182 Scilicetamplexos
1252 1129 1311 1169 se
1340 1115 1513 1168 virtus
1541 1114 1701 1170 ellicit
1729 1115 1878 1176 deos,
1898 1114 1998 1167 etsi
2018 1128 2140 1167 vera

585 1201 698 1256 haec
719 1201 835 1269 ejus
861 1205 1127 1261 sententia
1155 1213 1269 1258 est:
1291 1202 1398 1273 Ego
1424 1205 1555 1268 dixi,
1573 1205 1650 1256 dii
1673 1206 1819 1268 estis,
1854 1214 1901 1258 et
1920 1204 2147 1273 ﬁliiEx-

585 1296 710 1356 celsi
733 1312 908 1349 omnes
931 1297 973 1350 ².
1003 1295 1105 1352 Hui
1144 1311 1251 1366 quo
1292 1297 1463 1350 affecti
1500 1296 1760 1351 beneficio
1783 1313 1973 1352 sumus
2004 1313 2018 1350 ε
2052 1299 2144 1352 hui

586 1401 750 1455 quam
784 1389 989 1456 experti
1025 1388 1400 1442 liberalitatem
1434 1391 1445 1441 l
1484 1398 1541 1442 ut
1573 1389 1897 1455 ovahundis,
1922 1405 1984 1443 ac
2017 1387 2145 1443 Ser-

586 1477 757 1529 vatori
785 1475 895 1531 Deo
933 1479 1178 1546 jubilatis
1209 1479 1352 1533 serio
1403 1480 1589 1534 laudes
1616 1481 1726 1534 sint
1773 1482 2148 1545 obmovendai,

587 1574 641 1620 et
669 1565 1074 1636 frequentandis
1101 1569 1437 1623 carminibus
1469 1571 1826 1631 vitulandum,
1854 1586 1992 1640 quos
2035 1571 2147 1641 jam

589 1657 720 1714 olim
768 1659 834 1712 ad
891 1658 1317 1719 incolumitatem
1373 1662 1650 1731 delegerit,
1702 1665 1867 1716 animi
1902 1663 2153 1732 praditos

589 1749 969 1815 sanctimonia,
1003 1767 1236 1821 veraque
1271 1753 1403 1807 fides
1444 1753 1782 1824 Dominoque
1817 1765 2003 1810 nostro
2024 1753 2150 1810 Jesu

589 1841 808 1896 Christo
851 1844 1034 1913 gloriae
1082 1860 1176 1912 per
1215 1847 1358 1902 hunc
1402 1847 1643 1901 habitum
1689 1850 1990 1916 quaerenda:
2021 1865 2155 1919 prae-

591 1934 845 1988 stituerit.
875 1933 1014 2003 Ergo
1040 1937 1263 1991 stabiles
1293 1938 1344 1992 in
1369 1939 1470 1993 tide
1500 1939 1886 2006 consistamus,
1932 1941 2149 2008 fratres,

590 2023 986 2082 confessionem
1025 2029 1290 2098 irruptam
1340 2041 1646 2091 teneamus,
1690 2033 1978 2102 genuinam
2026 2035 2156 2089 obe-

589 2116 849 2180 dientiam
892 2137 1190 2190 servemus,
1229 2125 1593 2194 virginitatem
1636 2127 1856 2181 illzesam
1883 2138 2153 2194 tueamur,

592 2227 758 2266 unum
787 2229 1026 2269 amorem
1056 2231 1318 2285 sponsum
1366 2218 1667 2272 habeamus
1696 2221 1970 2274 Christum
2004 2238 2156 2291 gene-

591 2305 670 2357 ris
715 2304 992 2359 hominum
1052 2305 1529 2372 formosissimum,
1575 2325 1738 2364 unam
1791 2311 2154 2367 haereditatem

593 2394 814 2452 caeleste
863 2414 1114 2469 regnum,
1168 2402 1522 2471 superumque
1577 2403 1720 2457 bona
1769 2403 2154 2477 Jerosolymae;

589 2499 846 2550 caeterum
877 2506 1026 2555 caro,
1067 2494 1309 2561 sanguis,
1335 2493 1554 2557 divitia,
1589 2496 1780 2564 gloria,
1818 2512 1880 2551 ac
1911 2513 2031 2566 qua:
2055 2500 2157 2553 alia

593 2591 731 2636 sunt-
756 2583 961 2650 inania,
1008 2584 1250 2651 valento,
1282 2597 1336 2640 et
1361 2602 1389 2640 a
1432 2587 1589 2641 nobis
1618 2588 1934 2658 longissime
1972 2593 2161 2646 absce-

592 2672 784 2727 dunto.
826 2673 1117 2729 Enimvero
1169 2677 1409 2746 quandiu
1486 2679 1538 2733 in
1595 2680 1693 2734 hac
1737 2697 1898 2736 carne
1948 2697 2158 2749 sumus,

596 2772 795 2832 praesto
842 2775 925 2820 est
976 2765 1199 2832 bellum,
1252 2783 1430 2838 neque
1483 2771 1626 2824 enim
1677 2770 1838 2825 fuerit
1884 2774 2075 2840 virtus,
2108 2775 2161 2828 ni

596 2869 840 2929 praesens
863 2856 935 2914 sit
969 2857 1189 2913 bellum.
1229 2858 1324 2912 Sin
1352 2861 1854 2933 acciditmanucapi
1887 2865 2160 2932 cogitatis,

596 2947 731 3003 nihil
787 2948 1066 3014 miremur,
1124 2951 1255 3022 quin
1301 2951 1458 3008 ocius
1505 2955 1930 3023 resipiscamus,
1994 2972 2163 3011 unum

599 3039 851 3106 timentes
879 3042 1022 3111 quod
1045 3054 1363 3098 exerceatur
1388 3057 1692 3113 peccatum,
1721 3056 1777 3101 ut
1798 3047 2163 3113 mortiferum,

599 3147 661 3200 ac
684 3132 980 3201 prohibens
1008 3150 1037 3188 a
1061 3135 1171 3189 Deo
1194 3144 1247 3189 et
1268 3137 1520 3206 cogitatis
1547 3140 1780 3208 cogitata
1814 3141 2161 3209 repellamus,
2195 3138 2237 3195 C
2273 3119 2496 3180 "erum:
2531 3115 2627 3185 qui
2652 3113 2931 3183 θενθεῑιιηι

598 3223 887 3291 studiaque
939 3226 1136 3280 studiis
1189 3226 1428 3281 vicissim
1489 3229 1793 3299 exigamus.
1842 3230 2026 3300 Neque
2079 3233 2167 3286 hic

601 3324 733 3364 vero
782 3322 1175 3380 torpescamus,
1208 3325 1493 3384 postquam
1537 3319 1586 3372 id
1649 3320 1759 3389 agit
1810 3321 2046 3385 daemon,
2110 3332 2167 3375 ut

597 3399 722 3455 belli
759 3402 1115 3458 diuturnitate
1178 3406 1399 3476 ignavos
1448 3421 1722 3479 comparet
1778 3427 1888 3481 quo
1943 3413 2168 3467 obuixui

599 3492 991 3552 defatiscamus
1046 3517 1060 3553 :
1122 3499 1210 3554 cui
1255 3501 1300 3556 si
1359 3502 1643 3568 instemus,
1704 3504 1948 3571 ferendo,
2006 3516 2170 3576 atque

601 3587 919 3644 obsistendo
944 3590 1163 3646 diabolo
1186 3634 1200 3657 ,
1229 3594 1317 3661 pol
1353 3595 1638 3653 victoriam
1672 3611 1960 3653 cernamus
1982 3609 2166 3668 parata

603 3677 658 3732 in
709 3681 862 3736 cielis
911 3682 1120 3747 laurea,
1152 3682 1244 3741 Dei
1277 3687 1597 3755 perhibente
1657 3705 1932 3758 germano,
1972 3691 2167 3746 Beatus

601 3776 692 3849 qui
722 3776 905 3844 suffert
928 3781 1286 3846 tentationem,
1304 3785 1548 3850 quoniam
1571 3800 1686 3836 cum
1708 3785 1957 3850 probatus
1988 3786 2167 3855 fuerit,

601 3873 820 3934 accipiet
852 3885 1099 3921 coronam
1132 3873 1250 3925 vitae
1269 3888 1428 3940 quam
1458 3875 1751 3942 repromisit
1789 3875 1922 3930 Deus
1946 3878 2168 3949 diligen-

602 3957 739 4011 tibus
769 3974 824 4012 se
845 3960 887 4014 ⁸.
938 3959 1012 4014 De
1055 3971 1271 4024 caetero,
1310 3964 1540 4034 gaudete
1586 3965 1638 4018 iii
1671 3967 1921 4030 Domino,
1950 3969 2170 4024 fratres.

601 4047 702 4111 Qui
743 4050 922 4103 omnia
954 4052 1163 4120 geritis,
1194 4053 1340 4108 haud
1378 4055 1643 4125 ignoratis
1665 4058 1808 4125 quod
1842 4075 1906 4112 ex
1933 4060 2001 4113 iis
2032 4076 2169 4128 prae-

605 4141 772 4194 mium
805 4151 1020 4211 petatur
1050 4163 1063 4208 ;
1100 4147 1190 4214 qui
1222 4147 1538 4217 disciplinas
1565 4151 1848 4214 exercetis,
1894 4161 2081 4205 cavete
2105 4167 2171 4205 ne

604 4231 687 4285 his
727 4231 894 4287 Deum
946 4235 1189 4291 irritetis.
1251 4237 1485 4308 Tempus
1531 4249 1614 4295 est
1659 4241 1904 4309 opiﬁcii?
1951 4244 2171 4313 opiticia

601 4331 882 4380 obeamus.
916 4326 1200 4383 Vacatur?
1246 4330 1590 4401 disciplinam
1636 4333 1918 4390 obeamus.
1961 4336 2059 4390 Sin
2090 4346 2174 4392 est

602 4416 655 4469 iu
711 4432 873 4486 opere
920 4418 1107 4480 frater,
1151 4421 1277 4474 tuin
1339 4422 1650 4489 disciplina,
1688 4439 1795 4476 non
1839 4426 2072 4480 amicum
2123 4437 2173 4480 te

603 4509 768 4575 geris,
809 4511 940 4580 quin
974 4512 1208 4568 alienum
1253 4512 1476 4568 exhibes
1508 4513 1757 4568 fratrum.
1797 4516 1911 4570 Non
1937 4519 2172 4585 Aposto-

603 4598 712 4650 luin
754 4601 941 4660 audies
988 4603 1279 4666 dicentem,
1329 4603 1388 4658 Si
1418 4622 1534 4658 esca
1586 4607 1916 4663 scandalizat
1950 4609 2170 4676 fratrem

599 4705 795 4754 meum,
825 4707 926 4745 non
956 4692 1285 4751 manducabo
1316 4711 1523 4748 carnem
1556 4697 1610 4747 in
1639 4709 1910 4760 retentum,
1948 4714 2010 4751 ne
2057 4701 2172 4766 fra-

602 4793 733 4833 trem
771 4798 939 4835 meum
967 4784 1326 4843 scandalizent
1349 4785 1369 4816 ⁸
1393 4785 1412 4836 1
1436 4785 1515 4839 Tu
1549 4785 1770 4841 fratrem
1801 4805 1904 4842 nou
1944 4792 2175 4844 scanda-

605 4873 736 4928 lizas
780 4875 965 4936 modo,
1001 4877 1093 4929 sed
1123 4876 1286 4932 etiam
1314 4877 1512 4934 citatus
1560 4893 1802 4942 emanes,
1854 4895 2049 4935 causas
2108 4897 2173 4937 ac

599 4973 892 5032 pmtextus
947 4980 1230 5033 quaerens,
1265 4981 1440 5034 neque
1474 4977 1729 5036 reputans
1766 4969 1862 5024 tibi
1886 4980 1936 5022 te
1965 4971 2170 5039 suppli-

599 5055 746 5105 cium
777 5067 973 5124 cogere
1034 5055 1088 5113 in
1157 5055 1299 5109 diem
1373 5059 1651 5127 supplicii,
1677 5069 1732 5113 et
1761 5061 2050 5125 adventus,
2079 5062 2171 5131 ju-

600 5145 778 5213 stique
799 5143 893 5198 Del
921 5144 1133 5213 judicii.
1171 5145 1365 5208 Verum
1403 5167 1469 5204 ne
1507 5152 1558 5205 id
1591 5153 1679 5206 fiat
1703 5154 1961 5222 Apostolo
1983 5171 2172 5225 parea-

600 5253 719 5290 mus
744 5235 955 5303 jubenti
989 5253 1002 5294 :
1032 5243 1221 5295 Omnia
1256 5246 1467 5297 honeste
1522 5253 1570 5300 et
1629 5245 1910 5298 secundum
1933 5248 2169 5300 ordinem

597 5330 730 5391 ﬁant
757 5332 799 5396 ⁸,
838 5334 1052 5402 Opilicia
1086 5335 1136 5388 in
1195 5337 1406 5405 primis,
1439 5336 1740 5404 disciplina:
1772 5338 1824 5391 in
1889 5341 2166 5394 secundis.

596 5428 770 5492 Atque
800 5424 935 5479 adeo
965 5426 1294 5494 opitulentur
1322 5428 1586 5491 vicissim,
1622 5430 1699 5482 uti
1729 5428 1887 5483 decet
1921 5439 2164 5492 sanctos,

593 5530 656 5568 ac
694 5517 855 5569 vitam
888 5519 1024 5572 alter
1059 5519 1212 5573 alteri
1252 5519 1649 5587 impendamus,
1685 5535 1780 5573 ceu
1816 5519 2010 5573 fratres
2041 5536 2163 5590 ger-

593 5606 764 5669 mani,
823 5623 931 5675 quo
955 5626 1075 5664 cum
1113 5611 1414 5665 illusu'etur
1476 5610 1636 5675 Deus,
1674 5623 1786 5664 tum
1817 5626 1916 5666 nos
1937 5612 2074 5666 bene
2106 5629 2162 5665 rc

660 5724 680 5752 ¹
719 5724 858 5804 Psal-
911 5732 996 5794 8l,
1045 5732 1096 5784 6.
1177 5730 1338 5786 ’Jac.
1418 5751 1452 5796 t,
1518 5735 1596 5788 l2.

597 5809 781 5862 xxviii,
813 5795 866 5848 5.

1737 5735 1770 5797 l,
1831 5736 1956 5788 Cor.
2019 5751 2128 5794 vui,
2196 5735 2272 5786 l2.

2239 554 2426 610 Jesum
2462 551 2749 606 Dominum
2781 559 3027 605 nostrum
3063 568 3076 603 :
3119 548 3208 603 cui
3234 547 3403 616 gloria
3429 555 3483 600 et
3515 543 3808 612 imperium

2241 662 2365 701 cum
2399 645 2578 708 Patre,
2614 659 2679 699 ac
2707 651 2895 698 sancto
2939 641 3165 712 Spiritu,
3193 653 3345 695 nunc
3373 646 3428 694 et
3479 651 3719 707 semper,
3749 636 3806 688 in

2242 739 2570 806 omnemque
2600 733 3036 805 perpetuitatem.
3081 733 3275 790 Amen.

2805 870 3034 927 SERMO
3061 867 3244 926 CXIX.

2246 968 2352 1033 Qui
2405 967 2594 1021 divinis
2626 965 2961 1036 exsequendis
2994 964 3265 1036 praeceptis
3319 961 3485 1036 Deum
3535 959 3809 1036 exquirat,

2314 1052 2640 1108 nequaquam
2658 1029 3096 1108 consternarisub
3127 1029 3389 1108 decessum
3417 1029 3485 1084 ad
3512 1030 3814 1082 damonum

2317 1103 2616 1168 aduentum.
2643 1107 2804 1176 deque
2837 1106 3020 1158 mortis
3065 1103 3445 1164 recordatione,
3490 1109 3540 1153 et
3568 1113 3772 1160 amore,

2319 1199 2536 1254 Fratres
2582 1197 2898 1266 Patresque,
2940 1194 3221 1264 proposita
3301 1189 3582 1247 communi
3638 1188 3811 1242 multa

2249 1292 2494 1346 omnium
2544 1297 2738 1352 morte,
2772 1303 2834 1342 ac
2861 1287 3096 1342 emlestis
3120 1299 3215 1354 spe
3243 1283 3413 1352 regni,
3447 1289 3501 1336 et
3529 1280 3670 1350 ignis
3714 1293 3815 1349 ge-

2251 1379 2442 1433 henna:
2489 1378 2672 1444 minis,
2720 1376 2914 1446 ecquid
2962 1375 3044 1429 fas
3081 1385 3158 1429 est
3188 1383 3282 1427 aut
3313 1388 3398 1426 me
3432 1365 3677 1438 alloquii,
3722 1381 3816 1424 aut

2251 1486 2346 1526 vos
2375 1470 2570 1525 cedere
2619 1484 2684 1524 ac
2718 1469 2901 1538 pigere
2956 1465 3222 1521 auditus?
3257 1464 3475 1519 Minime
3506 1477 3654 1524 vero,
3680 1462 3814 1531 quin

2255 1562 2520 1616 utrumvis
2569 1560 2784 1615 assidue
2821 1558 2895 1612 sit
2933 1556 3225 1627 agendum,
3271 1565 3420 1608 eteo
3469 1555 3662 1622 magis,
3705 1566 3816 1622 quo

2255 1655 2624 1707 imminentem
2669 1660 2989 1705 contuemur
3025 1647 3205 1712 diem;
3238 1660 3360 1700 nam
3412 1646 3557 1698 omni
3608 1642 3814 1696 homini

2256 1747 2447 1815 quavis
2476 1752 2631 1799 aetate
2661 1743 2777 1797 dies
2826 1742 3070 1794 imminet
3108 1752 3414 1808 supremus,
3453 1753 3513 1789 ac
3564 1734 3817 1789 terribilis

2257 1837 2498 1907 quadam
2535 1834 2855 1903 exspectatio
2869 1831 3082 1900 judicii,
3138 1841 3185 1882 et
3221 1827 3357 1898 ignis
3398 1825 3688 1888 (emutatio,
3727 1825 3819 1894 qui

2255 1938 2659 1995 consumpturus
2678 1934 2750 1977 est
2770 1921 3150 1985 aduersarios“,
3165 1918 3238 1972 uti
3255 1918 3491 1986 loquitur
3513 1930 3666 1970 sacer
3677 1915 3822 1983 Apo-

2255 2021 2445 2074 stolus.
2477 2016 2543 2071 Ut
2575 2017 2833 2083 deinceps
2861 2013 3083 2066 minime
3117 2012 3187 2065 sit
3218 2009 3564 2078 torpendum,
3597 2021 3700 2060 nec
3738 2005 3822 2060 vel

2255 2110 2467 2165 diecula
2504 2106 2745 2177 segniter
2793 2116 2956 2173 atque
2993 2103 3286 2158 inscienter
3314 2100 3541 2169 agenda,
3574 2098 3706 2167 quin
3742 2098 3824 2151 vi-

2259 2203 2493 2273 gilemus
2522 2200 2735 2262 intenti,
2760 2197 3117 2266 esquiramus
3142 2193 3331 2257 Deum,
3365 2199 3424 2245 ut
3455 2200 3539 2245 est
3587 2190 3641 2243 iu
3674 2188 3827 2242 Psal-

2261 2295 2364 2348 mis
2395 2295 2438 2356 ",
2472 2291 2731 2347 incolumi
2785 2289 2970 2346 animo
3021 2286 3230 2342 futuro.
3279 2285 3350 2338 At
3381 2284 3470 2352 qui
3503 2283 3826 2351 exquiratur

2263 2385 2448 2438 Deus?
2492 2384 2748 2438 nimirum
2795 2379 3162 2447 exsequendis
3214 2376 3518 2446 praeceptis,
3572 2373 3639 2426 ad
3689 2373 3826 2424 bea-

2262 2476 2548 2530 titudinem
2632 2471 3033 2541 prmscriptum,
3107 2467 3209 2521 hoc
3272 2475 3377 2530 est,
3428 2461 3824 2522 submissioae,

2263 2567 2549 2626 mmstitia,
2583 2561 3031 2622 mansuetudine,
3063 2559 3265 2627 mentis
3324 2554 3614 2617 munditie,
3671 2566 3824 2620 pare,

2261 2676 2325 2714 ac
2357 2655 2719 2712 sanctimonia
2776 2653 3055 2724 agitando.
3098 2651 3309 2718 Quibus
3364 2645 3691 2717 priestandis
3734 2643 3829 2714 qni

2262 2751 2553 2820 exiluirens
2587 2747 2976 2817 deprendatur,
3015 2759 3085 2798 ne
3118 2744 3164 2797 is
3222 2740 3493 2795 invenerit
3544 2737 3740 2802 Deum,
3774 2746 3830 2791 et

2265 2846 2484 2900 invento
2509 2882 2524 2906 ,
2562 2843 2666 2897 sub
2717 2843 3000 2895 decessum
3030 2851 3280 2897 securus,
3332 2833 3557 2888 minime
3583 2841 3833 2886 conster-

2267 2947 2424 2991 uetur
2476 2934 2545 2988 ab
2571 2931 2934 2992 daemonibus,
2971 2936 3066 2981 aut
3113 2926 3430 2994 angelorum
3468 2921 3705 2990 trepidet
3738 2921 3832 2973 ad-

2268 3039 2431 3082 ventu
2464 3044 2478 3092 ;
2509 3041 2606 3080 ceu
2639 3025 2846 3078 amicos
2876 3034 3188 3089 aggressus,
3238 3019 3498 3082 lautusque
3531 3014 3728 3067 abiens
3763 3011 3832 3065 ad

2984 3108 3264 3171 viaticum,
3302 3105 3501 3160 bonam
3539 3103 3830 3158 conscien-

2270 3211 2394 3263 tiam
2435 3212 2721 3274 deportet;
2757 3213 3008 3257 cseterum
3037 3202 3128 3269 qui
3167 3215 3226 3253 se
3261 3210 3603 3264 nequaquam
3636 3191 3717 3248 sic
3751 3195 3834 3246 inc

2269 3301 2549 3361 struxerit,
2594 3298 2647 3351 iu
2694 3295 3031 3349 calamitates
3068 3287 3472 3344 inextricabilcs
3515 3287 3694 3340 irruat
3738 3298 3835 3336 ne-

2268 3405 2420 3446 cesse
2447 3398 2568 3451 est;
2606 3402 2713 3440 non
2771 3385 2976 3438 habens
3024 3396 3134 3451 quo
3167 3385 3454 3447 respectet,
3499 3385 3592 3431 aut
3653 3375 3748 3446 qui
3779 3389 3837 3428 se

2272 3493 2492 3537 tutetur.
2530 3478 2626 3533 llic
2653 3478 2871 3548 quidem
2908 3483 3053 3529 certe
3079 3474 3168 3543 qui
3195 3475 3247 3528 in
3284 3470 3624 3531 carnificum,
3653 3482 3837 3521 exem-

2271 3577 2343 3645 pli
2401 3587 2590 3635 causa,
2636 3569 2842 3626 incidat
2898 3581 3134 3632 manus,
3173 3574 3266 3618 aut
3306 3562 3599 3618 barbarum
3661 3568 3832 3618 mare,

2273 3675 2368 3725 aut
2399 3678 2726 3723 succussum
2763 3662 2963 3725 solum,
2989 3670 3083 3714 aut
3134 3658 3298 3714 aliam
3365 3651 3683 3724 quampiam
3737 3662 3835 3701 ne-

2272 3760 2581 3815 cessitatem
2617 3757 2915 3817 funestam,
2948 3752 3089 3809 haud
3125 3767 3184 3804 se
3213 3761 3506 3803 evasurum
3536 3744 3833 3811 desperat;

2273 3854 2382 3907 illic
2415 3865 2538 3921 spes
2564 3849 2742 3904 omnis
2770 3854 2952 3913 erepta
2991 3840 3072 3897 est
3099 3840 3311 3904 salutis,
3345 3853 3501 3906 opem
3540 3835 3748 3888 ferente
3777 3848 3842 3887 ac

2271 3943 2596 3999 defendente
2625 3938 2865 4000 nemine,
2907 3949 3014 3988 non
3044 3932 3256 4001 angelo,
3305 3946 3413 3984 non
3456 3927 3699 3990 homine,
3730 3940 3839 3979 non

2274 4043 2446 4102 patre,
2484 4046 2590 4084 non
2643 4036 2831 4090 matre,
2858 4038 2966 4078 non
3017 4021 3202 4084 fratre,
3235 4035 3342 4074 non
3367 4018 3564 4082 amico,
3599 4030 3706 4070 non
3733 4014 3843 4068 alio

2272 4139 2547 4196 quoquam
2581 4137 2610 4176 e
2635 4120 2869 4183 cunctis,
2930 4117 3243 4186 ingentique
3272 4119 3553 4166 contracta
3603 4108 3842 4176 trepida-

2273 4222 2442 4280 tione,
2471 4226 2526 4270 et
2555 4210 2932 4268 inconsolabili
2966 4208 3174 4270 dolore,
3208 4205 3374 4259 miser
3406 4203 3529 4255 hinc
3569 4201 3684 4254 abit
3725 4199 3843 4251 ani.

2275 4325 2419 4365 mus.
2461 4306 2593 4373 Quae
2631 4319 2753 4360 cum
2782 4299 3038 4358 terribilis
3063 4295 3333 4362 descripta
3374 4302 3456 4347 est
3485 4292 3682 4351 oratio,
3728 4299 3840 4342 tum

2277 4403 2353 4456 rei
2384 4400 2663 4454 veritatem
2703 4410 2810 4450 non
2855 4393 3096 4461 attingit,
3159 4386 3366 4442 scilicet
3399 4398 3461 4437 ea
3505 4396 3630 4437 esse
3664 4380 3845 4449 perhi-

2210 4469 2248 4521 θ
2277 4495 2471 4550 bentur
2509 4504 2627 4559 quae
2659 4488 2743 4541 sui
2775 4486 3103 4546 amantibus,
3137 4495 3199 4533 ac
3223 4474 3556 4532 refractariis
3595 4472 3760 4537 bona,
3791 4479 3845 4525 et

2272 4587 2499 4639 adversa
2528 4579 2865 4648 comparavit
2896 4575 3055 4637 Deus,
3093 4587 3216 4642 qua:
3269 4585 3369 4624 nec
3398 4566 3594 4621 oculus
3634 4573 3845 4633 specta-

2272 4679 2362 4741 rit,
2413 4689 2513 4728 nec
2549 4670 2817 4726 audiverit
2865 4668 3033 4731 auris,
3086 4680 3186 4719 nec
3216 4661 3528 4717 mortalium
3582 4658 3864 4726 cuiquam,

2251 4767 2520 4822 venerint
2551 4765 2603 4817 in
2634 4770 2893 4816 mentem.
2932 4759 3001 4814 Ea
3048 4765 3285 4827 propter,
3331 4752 3547 4816 fratres,
3583 4750 3843 4805 cohortor

2275 4857 2553 4913 inoblitain
2588 4854 2778 4907 mortis
2822 4851 3012 4921 agitari
3064 4848 3409 4911 memoriam,
3466 4842 3841 4910 membrisque

2275 4952 2379 5005 hac
2413 4945 2715 5003 interfectis
2742 4943 2991 5007 terrenis,
3017 4943 3202 4995 animo
3233 4939 3572 5007 voluptatum
3595 4933 3715 4988 erui
3750 4948 3844 4987 cu-

2275 5041 2698 5110 pidinemzquo
2720 5037 2864 5090 enim
2920 5035 3077 5088 nobis
3133 5033 3378 5086 studium
3434 5027 3641 5090 carnis,
3699 5025 3842 5079 unde

2275 5132 2418 5188 haud
2451 5131 2684 5186 fructum
2727 5131 3030 5198 capiamus,
3070 5135 3370 5191 contraque
3419 5121 3756 5178 cruciemur,
3787 5126 3844 5170 ut

2275 5224 2572 5281 revolubile
2597 5236 2758 5277 omne
2784 5229 2868 5274 est
2924 5227 3207 5286 peccatum
3239 5214 3261 5266 ?
3313 5210 3649 5271 lntueamur,
3691 5207 3737 5261 si
3769 5205 3843 5257 vi-

2274 5321 2452 5383 detur,
2506 5317 2560 5370 in
2597 5322 2946 5369 monumenta
3004 5307 3177 5363 visuri
3214 5321 3373 5376 quem
3434 5302 3712 5356 ambimus
3739 5314 3843 5367 pa:-

2275 5411 2480 5471 dorcm,
2524 5422 2645 5460 nam
2678 5420 2742 5459 ea
2768 5412 2851 5458 est
2871 5402 3174 5455 mortalitas
3199 5398 3447 5460 omnino,
3472 5410 3596 5464 quin
3623 5392 3843 5446 ordiens

2271 5517 2303 5554 e
2339 5497 2664 5566 corruptela,
2711 5496 2761 5545 in
2807 5492 3173 5560 corruptelam
3231 5489 3469 5545 desinat,
3534 5491 3843 5550 cunctaque

2275 5591 2510 5647 hominis
2544 5587 2712 5656 gloria
2743 5585 2897 5657 quasi
2935 5584 3150 5653 quidam
3178 5581 3277 5634 llos
3302 5578 3481 5632 lierer
3504 5583 3587 5631 est
3621 5592 3635 5605 ο
3677 5574 3843 5626 virtus

2353 5728 2443 5794 ⁵1,
2490 5728 2616 5782 Cor.
2679 5743 2782 5790 xiv,
2833 5725 2920 5786 40.
3023 5721 3232 5776 ‘llcbr.
3293 5734 3344 5780 π,
3407 5715 3496 5770 ‘27.
3614 5718 3634 5744 ‘
3701 5713 3822 5772 l’sal
