4000 6306
199 324 304 387 665

1319 322 1719 383 SERMONES
1755 320 2274 384 CATECHETICL

3343 320 3447 385 666

202 437 482 507 indirepta
535 438 787 492 habetur.
824 436 1009 506 anue
1059 435 1230 490 sancti
1257 436 1560 506 complexa,
1610 435 1782 491 Deum
1812 441 1860 496 Α
1886 444 1995 500 sta,
2037 436 2092 490 in
2123 436 2344 492 incertis
2368 435 2574 492 divitiis
2605 450 2753 502 spem
2776 435 3007 490 collocet
3035 449 3254 496 avarus,
3287 433 3448 486 vitio-

199 539 398 598 cepere
451 544 693 598 quorum
735 539 864 584 sunt
921 530 976 582 in
1024 527 1178 583 ctelis
1239 528 1487 596 spiritus,
1530 542 1686 584 sacra
1725 527 1780 583 in

202 621 364 675 terris
402 635 712 676 averrunca
760 634 1012 688 corpora,
1081 619 1377 684 miraculis,
1423 629 1478 674 et
1525 621 1778 686 ostentis,

200 730 263 769 ac
304 713 582 783 prodigiis
615 706 861 783 Operata.
892 711 1200 776 Enimvero,
1235 720 1294 766 ut
1342 711 1533 765 incidit
1577 710 1645 767 de
1673 713 1779 766 mi-

201 804 408 860 raculis
457 813 666 869 sermo,
707 813 1028 859 exercentur
1074 803 1334 857 miracula
1374 818 1519 857 nunc
1562 818 1780 873 quoque

200 896 674 965 quemadmodum
706 895 979 959 audimus,
1017 906 1194 963 neque
1236 898 1456 960 mirum,
1491 904 1778 964 postquam

201 984 459 1052 spiritus,
501 999 626 1055 quae
683 993 797 1037 tum
831 982 1172 1050 fungebatur,
1238 984 1468 1053 gratiam
1518 999 1587 1038 ne
1633 999 1780 1040 nunc

201 1071 426 1138 quidem
454 1072 652 1141 religio
690 1081 776 1126 est
808 1071 1026 1138 feriari;
1058 1075 1153 1127 sed
1175 1088 1280 1126 non
1314 1082 1519 1126 temere
1550 1072 1778 1126 creden-

200 1163 328 1216 dum
353 1175 444 1218 est
474 1163 808 1227 rumoribus,
835 1165 1102 1232 siquidem
1121 1173 1298 1218 exstat
1327 1166 1442 1218 hac
1464 1166 1734 1220 sententia
1760 1182 1775 1220 :

203 1251 388 1308 Nolite
417 1255 568 1308 omni
589 1256 806 1323 spiritui
832 1255 1060 1320 credere,
1089 1255 1178 1309 sed
1219 1255 1442 1325 probate
1471 1258 1694 1323 spiritus
1731 1258 1780 1310 si

199 1345 400 1399 esDeo
448 1346 560 1400 sint
584 1345 628 1398 ⁸.
665 1343 807 1400 Sane
838 1362 960 1400 cum
1015 1347 1168 1400 multi
1230 1348 1286 1402 in
1337 1349 1521 1402 orbem
1583 1364 1780 1404 venere

198 1445 373 1500 vates,
411 1448 529 1490 tum
573 1437 828 1506 permissi
860 1446 988 1491 sunt
1044 1439 1282 1492 heretici
1314 1440 1641 1508 complures,
1669 1440 1779 1495 sci-

199 1533 362 1590 taque
399 1535 766 1581 retrectantes
791 1527 998 1592 divina,
1039 1538 1092 1582 et
1119 1529 1249 1583 olim
1290 1539 1344 1585 et
1378 1548 1538 1598 tumc,
1574 1534 1774 1603 quibus

200 1624 548 1686 compertum
578 1629 664 1674 est
696 1619 1046 1688 providentia:
1075 1622 1272 1687 modis,
1292 1632 1523 1688 ostenta,
1553 1640 1614 1679 ae
1647 1641 1774 1695 pro-

198 1703 338 1776 digia
374 1718 623 1776 patrare,
653 1719 712 1763 ut
751 1710 874 1766 hinc
901 1711 1199 1777 demoveri,
1229 1725 1284 1767 et
1317 1715 1516 1773 abduci
1548 1717 1769 1774 minime

199 1798 268 1850 sit
301 1806 562 1864 necesse,
628 1801 762 1868 quin
813 1804 920 1855 veri
958 1803 1233 1870 discipuli,
1275 1805 1341 1858 ad
1384 1808 1652 1874 proditam
1699 1811 1768 1863 ab

200 1882 344 1940 Bero
377 1897 567 1942 notam
587 1890 905 1958 explorandi
941 1893 1072 1947 sint.
1104 1892 1362 1958 Quaenam
1388 1909 1450 1948 ea
1486 1907 1613 1950 nota
1638 1900 1769 1952 est?

198 1973 264 2031 In
287 1980 410 2041 hoc,
447 1981 650 2048 inquit,
678 1992 987 2051 cognoscent
1011 1996 1188 2038 omnes
1225 1987 1350 2054 quia
1386 1985 1634 2057 discipuli
1665 1994 1768 2044 mei

199 2068 342 2132 estis,
385 2070 436 2122 si
486 2070 819 2125 dilectionem
855 2072 1143 2128 habueritis
1179 2075 1249 2127 ad
1293 2077 1508 2131 invicem
1531 2083 1573 2130 ⁹.
1619 2078 1768 2136 Unde

199 2161 499 2227 Apostolus
531 2163 763 2217 edoctus
785 2166 976 2220 scribit
1002 2167 1056 2219 in
1097 2167 1211 2222 haec
1240 2169 1438 2224 verba:
1483 2168 1543 2225 Si
1571 2173 1766 2242 linguis

200 2251 474 2307 hominum
505 2254 716 2324 loquar,
747 2267 794 2310 et
840 2259 1202 2327 angelorum,’
1239 2262 1553 2316 charitatem
1593 2275 1767 2318 autem

201 2357 300 2394 non
327 2343 576 2410 habeam,
613 2347 786 2415 factus
820 2365 935 2402 sum
965 2349 1101 2404 velut
1131 2369 1202 2405 ws
1229 2368 1443 2417 sonans,
1480 2366 1573 2408 aut
1626 2373 1769 2426 cym»

202 2428 375 2484 bolum
404 2436 637 2490 tinniens
661 2455 681 2500 ;
706 2450 756 2491 et
773 2441 819 2491 si
845 2440 1070 2493 habuero
1097 2445 1442 2511 prophetiam,
1466 2456 1517 2500 et
1538 2450 1767 2502 noverim

200 2526 470 2592 mysteria,
510 2536 560 2580 et
591 2538 795 2582 antnem
826 2532 1120 2597 scientiam,
1153 2541 1201 2584 et
1230 2535 1277 2586 si
1310 2534 1539 2589 habuero
1563 2555 1766 2591 omnem

202 2615 376 2683 ﬁdem,
409 2619 488 2672 ita
520 2631 577 2674 ut
607 2633 806 2675 montes
859 2621 1195 2693 transferam,
1236 2626 1542 2682 charitatem
1592 2640 1767 2684 autem

203 2722 302 2760 non
329 2709 584 2776 habuero,
619 2712 754 2766 nihil
784 2729 898 2766 sum
933 2731 953 2779 ;
1001 2725 1050 2769 et
1089 2719 1135 2769 si
1162 2718 1482 2772 distribuero
1526 2721 1580 2772 in
1623 2721 1765 2775 cibos

203 2813 492 2866 pauperum
530 2817 709 2855 omnes
764 2803 1044 2871 facultates
1093 2820 1257 2871 meas,
1306 2817 1357 2860 et
1385 2809 1433 2860 si
1493 2793 1765 2865 tradidero

203 2905 388 2959 corpus
421 2905 597 2947 meum
627 2907 684 2948 ut
732 2897 966 2963 ardeam,
1001 2899 1310 2952 charitatem
1343 2911 1515 2953 autem
1539 2919 1639 2956 non
1669 2904 1766 2956 ha-

204 2980 378 3049 buero,
412 2986 550 3039 nihil
588 2987 718 3040 mihi
765 2989 973 3056 prodest
997 2990 1060 3042 ¹⁶.
1095 2989 1258 3047 Vides
1314 2993 1366 3046 in
1422 2995 1566 3063 quod
1615 2995 1767 3050 fasti-

1885 537 2003 576 rum
2028 523 2284 578 inhaereat
2313 524 2522 578 lacunis
2547 523 2907 592 voluptarius,
2935 531 3220 591 postquam
3255 521 3329 574 ita
3361 536 3451 575 res

1883 612 2084 676 ferunt,
2111 622 2172 666 ut
2203 615 2495 684 lugendum
2544 607 2616 667 sit
2662 613 2715 666 in
2749 612 2888 678 dies,
2911 626 2973 666 ac
2998 610 3360 674 maerentium,
3393 617 3450 663 et

1881 705 2098 760 animus
2139 719 2237 772 pro
2269 704 2408 758 virili
2459 703 2865 773 expurgandus,
2907 703 3224 771 priusquam
3255 699 3446 753 mortis

1881 803 2096 862 appetat
2139 793 2426 862 judicium,
2475 809 2586 863 quo
2619 807 2810 863 poenas
2835 791 3152 855 evadamus,
3189 803 3310 858 quae
3359 802 3445 843 re-

1883 881 2160 939 fractariis
2198 883 2525 953 impendent.
2573 884 2638 939 Hi
2681 884 2957 937 enimvero
2991 922 3005 941 .
3033 889 3094 934 ut
3119 895 3242 959 cum
3295 879 3444 932 Scri-

1878 983 2039 1044 ptura
2105 973 2321 1029 dicam:
2357 970 2690 1043 Quacunque
2739 975 2983 1042 ignorant
3033 970 3392 1039 blasphemant
3424 1011 3441 1036 ,

1878 1079 2198 1134 quacunque
2249 1073 2425 1116 autem
2464 1062 2783 1117 naturaliter
2837 1073 3090 1130 tanquam
3129 1060 3284 1112 bruta
3322 1059 3443 1112 ani-

1877 1157 2046 1210 malia
2075 1165 2288 1219 norunt,
2322 1158 2376 1208 in
2420 1157 2499 1208 his
2528 1165 2956 1224 corrumpuntur.
2994 1153 3079 1208 γω
3111 1154 3200 1219 iis,
3243 1152 3440 1221 inquit,

1877 1251 2002 1319 quia
2033 1251 2084 1301 in
2116 1249 2202 1301 uia
2236 1247 2369 1302 Cain
2397 1247 2659 1309 abierunt,
2678 1258 2727 1301 et
2757 1263 2935 1301 errore
2963 1246 3186 1300 Balaam
3213 1244 3442 1298 mercede

1877 1341 2030 1408 effusi
2077 1348 2222 1400 sunt,
2272 1350 2322 1391 et
2367 1338 2421 1390 in
2452 1337 2872 1391 contradictione
2905 1336 3039 1391 Core
3065 1337 3325 1404 perierunt
3359 1335 3439 1398 u;

1881 1429 1986 1484 Sed
2019 1444 2212 1483 vereor
2238 1443 2305 1482 ne
2334 1428 2450 1482 hanc
2487 1443 2582 1482 eos
2616 1427 2883 1482 sententia
2909 1416 3284 1495 proscindens,
3302 1439 3439 1493 prse-

1875 1523 2020 1576 clara
2066 1520 2310 1586 nomina,
2341 1520 2564 1588 impetat
2617 1533 2717 1572 nos
2768 1532 3017 1586 quoque;
3051 1531 3175 1569 nam
3211 1529 3335 1569 cum
3371 1512 3442 1568 ob

1875 1621 2153 1683 paternam
2212 1610 2578 1665 hereditatem
2611 1611 2752 1665 alius
2785 1609 3058 1678 conﬂigat,
3089 1607 3266 1676 longis
3320 1620 3443 1659 sus-

1873 1705 2045 1774 ceptis
2078 1703 2386 1766 itineribus,
2418 1702 2557 1756 alius
2587 1701 2756 1771 stipes
2814 1700 3044 1754 sollicite
3093 1707 3302 1766 satagat
3340 1711 3440 1748 au-

1799 1776 1841 1830 Β
1867 1811 2013 1867 gere,
2043 1794 2184 1849 alius
2212 1808 2374 1847 avare
2415 1807 2479 1846 ac
2505 1792 2774 1846 monacho
2809 1791 3047 1860 indigne,
3076 1789 3176 1843 hoc
3225 1795 3279 1841 et
3309 1785 3439 1840 illud

1871 1895 2061 1956 urgeat
2107 1883 2363 1948 mercari,
2405 1884 2614 1938 scilicet
2663 1897 2770 1936 non
2825 1881 3015 1935 eadem
3075 1880 3112 1932 ii
3176 1877 3439 1946 supplicia

1869 1976 2190 2032 merentur?
2226 1973 2344 2030 Jam
2379 1974 2580 2029 habent
2618 1988 2724 2042 quo
2775 1987 2833 2027 se
2884 1972 2960 2024 illi
2990 1968 3310 2032 defendant,
3337 1969 3442 2023 etsi

1869 2067 2096 2138 frigide,
2124 2074 2303 2121 tamen
2333 2065 2477 2135 quod
2512 2079 2710 2119 uxores
2751 2078 2812 2116 ac
2855 2061 3057 2115 liberos
3104 2066 3436 2129 procurent;

1869 2162 2050 2225 nobis,
2082 2160 2175 2229 qui
2201 2159 2403 2213 mundo
2433 2157 2676 2211 (τιυυίίὶιί
2713 2170 2873 2209 unam
2904 2154 3198 2209 habeamus
3221 2163 3439 2205 crucem

1869 2253 2208 2313 thesaurum,
2240 2265 2359 2318 qua:
2389 2249 2639 2317 purgatio
2695 2246 2882 2301 relicta
2935 2253 3020 2299 est
3068 2242 3198 2312 quin
3233 2243 3317 2297 his
3343 2241 3440 2295 ad-

1870 2341 2052 2396 missis
2101 2342 2322 2410 gravius
2370 2339 2690 2406 puniamur;
2730 2338 2995 2405 siquidem
3028 2336 3289 2403 scriptum
3318 2345 3435 2410 est:

1871 2432 2112 2483 Potentes
2139 2437 2374 2498 potenter
2401 2437 2659 2480 tormenta
2708 2428 2978 2495 patientur
3007 2425 3051 2458 ¹³
3078 2442 3091 2488 ;
3133 2433 3187 2478 et
3213 2442 3227 2476 :
3281 2421 3316 2475 .1
3323 2423 3442 2477 udi-

1868 2525 2006 2576 cium
2029 2521 2370 2575 durissimum
2398 2521 2452 2573 in
2477 2522 2555 2572 his
2577 2523 2665 2588 qui
2695 2530 2928 2588 prtesunt
2959 2520 3049 2588 ﬁet
3082 2518 3159 2584 ";
3199 2534 3263 2572 ac
3313 2532 3438 2570 rur-

1867 2629 1987 2668 sum
2039 2632 2053 2668 :
2095 2612 2196 2667 Cui
2244 2612 2732 2665 commendaverunt
2789 2610 3045 2674 multum,
3100 2610 3217 2679 plus
3265 2617 3440 2678 petent

1870 2709 1933 2762 ab
1979 2725 2038 2762 eo
2066 2710 2133 2767 ".
2178 2709 2336 2777 Agite
2369 2721 2521 2768 vero,
2546 2704 2896 2759 insolsissimi
2927 2703 3260 2780 mortalium,
3291 2702 3439 2755 itane

1870 2799 2033 2853 dediti
2058 2799 2218 2868 nugis
2247 2799 2381 2852 falsa
2411 2797 2677 2866 quaeritis,
2714 2809 2778 2849 ac
2805 2792 3110 2862 patrocinio
3139 2790 3438 2846 sceleribus

1869 2894 2112 2956 invento,
2168 2905 2400 2954 causas,
2454 2903 2560 2943 non
2625 2903 2856 2951 causas,
2899 2884 3060 2940 exilia
3115 2879 3440 2952 prmtexitis?

1873 2981 2119 3050 Dispicite
2157 2983 2210 3034 in
2253 2981 2502 3050 antiquas
2535 2978 2914 3046 generationes,
2958 2984 3007 3028 et
3057 2974 3244 3036 videte,
3285 2971 3439 3024 aiunt

204 3073 345 3140 gium
377 3076 670 3131 charitatis
699 3079 722 3131 ?
753 3088 811 3133 ut
842 3081 1026 3149 regina
1083 3092 1166 3136 est
1197 3085 1410 3138 cunctis
1439 3062 1766 3143 antecellens

1871 3075 2106 3136 Litterae,
2139 3074 2254 3144 quis
2280 3072 2512 3141 speravit
2560 3073 2615 3124 in
2665 3070 2911 3128 Domino,
2953 3077 3001 3120 et
3045 3066 3293 3133 confusus
3320 3062 3438 3116 est?

205 3164 439 3236 Spiritus
465 3170 670 3224 donis?
695 3187 817 3240 quae
845 3188 944 3227 nec
972 3173 1138 3229 dilabi
1168 3191 1404 3246 unquam
1429 3187 1622 3247 potest,
1661 3181 1766 3233 mi-

205 3257 447 3316 rionibus
485 3264 708 3318 tandem
737 3263 981 3334 dilapsis.
1024 3278 1375 3337 posteaquam
1415 3271 1466 3324 in
1519 3272 1764 3344 Evange-

202 3345 284 3400 liis
310 3351 386 3404 ait
425 3351 694 3409 Dominus
724 3374 736 3408 :
773 3355 935 3410 Multi
963 3358 1135 3412 dicent
1161 3361 1288 3413 mihi
1315 3363 1369 3414 in
1401 3362 1496 3417 illa
1512 3364 1618 3429 die,
1654 3365 1764 3418 Do-

203 3442 354 3506 mine,
391 3441 641 3508 Domine,
672 3462 838 3500 nonne
861 3448 917 3500 in
950 3451 1155 3502 nomine
1196 3461 1284 3504 tuo
1320 3451 1762 3523 prophetavimus,

202 3540 246 3582 et
272 3533 325 3585 in
350 3537 562 3590 nomine
595 3548 685 3590 tuo
707 3538 968 3593 dtemonia
999 3542 1269 3611 ejecimus,
1295 3553 1343 3596 et
1362 3546 1415 3597 in
1439 3548 1647 3601 nomine
1673 3557 1763 3602 tuo

203 3626 412 3681 virtutes
452 3629 653 3684 multas
684 3631 901 3699 fecimus
928 3633 954 3686 .’
983 3645 1031 3688 et
1055 3645 1178 3689 tunc
1200 3638 1484 3707 conﬁtebor
1510 3640 1614 3695 illis
1636 3645 1762 3712 quia

204 3729 463 3785 nunquam
499 3721 617 3773 novi
649 3735 756 3786 vos,
791 3721 1043 3778 discedite
1066 3742 1098 3778 a
1132 3741 1211 3779 me
1227 3729 1317 3797 qui
1334 3733 1626 3795 operamini
1661 3735 1764 3786 ini-

202 3805 448 3872 quitatem
473 3808 539 3862 ".
577 3807 750 3874 Quam
782 3811 1137 3878 horrendum,
1187 3833 1272 3870 me
1303 3819 1572 3885 hercules,
1620 3822 1764 3891 judi-

203 3896 360 3960 cium,
397 3915 462 3954 ac
499 3904 792 3968 peracerba
835 3906 1104 3960 sententia
1133 3917 1215 3962 est
1245 3911 1257 3963 l
1296 3908 1453 3974 Quod
1489 3923 1760 3980 superest,

205 3983 410 4057 fratres,
449 3992 800 4058 charitatem,
832 4006 886 4051 et
923 3999 970 4052 ei
1008 4001 1267 4071 conjuges
1304 4001 1461 4056 ﬁdem
1500 4017 1762 4075 spemque

204 4089 486 4145 sectemur,
517 4085 696 4138 acturi
733 4099 892 4155 quam
921 4089 1015 4157 qui
1056 4092 1317 4146 miracula
1352 4095 1640 4165 designent
1670 4113 1758 4152 se-

203 4167 400 4233 curius,
436 4173 665 4242 verique
711 4172 976 4233 Dominici
1014 4180 1179 4248 agniti
1217 4182 1494 4251 discipuli,
1534 4186 1765 4243 caeleste

203 4272 418 4328 regnum
455 4263 650 4318 inituri
682 4280 777 4334 per
799 4267 1077 4325 Christum
1123 4269 1308 4327 Iesum
1342 4272 1632 4332 Dominum
1658 4293 1759 4332 no-

205 4357 404 4408 strnm:
431 4354 523 4409 cui
551 4355 724 4424 gloria
751 4358 1102 4430 etimperium
1127 4378 1251 4418 cum
1276 4361 1455 4433 Patre,
1479 4381 1543 4422 ac
1569 4379 1759 4423 sancto

1874 3177 1966 3221 aut
2005 3167 2120 3236 quis
2153 3168 2436 3233 permansit
2468 3166 2519 3217 in
2552 3164 2736 3216 timore
2791 3160 2925 3229 ejus,
2977 3169 3026 3212 et
3083 3157 3312 3240 despexit
3371 3153 3436 3207 il-

1872 3258 1981 3311 lum
2017 3259 2099 3310 "?
2127 3257 2243 3311 Non
2271 3257 2613 3310 Abrahamus
2645 3254 2738 3308 Dei
2767 3254 2922 3322 jussu
2955 3251 3125 3320 patria
3178 3247 3434 3308 extorris,

1871 3361 2070 3416 parens
2099 3347 2394 3398 multarum
2421 3343 2597 3398 factus
2627 3343 2908 3395 nationum
2941 3339 3067 3393 est?
3103 3335 3220 3390 Non
3273 3333 3436 3390 Jaco-

1871 3440 1974 3494 bus
2007 3436 2319 3508 patriarcha
2350 3435 2470 3490 solo
2507 3434 2808 3488 instructus
2853 3433 2991 3499 pedo
3022 3431 3074 3483 in
3127 3427 3436 3494 MesOpota-

1872 3531 2033 3583 miam
2065 3530 2373 3597 degressus,
2405 3527 2555 3580 dives
2582 3522 2846 3578 revertit?
2871 3520 2987 3574 Non
3034 3519 3303 3588 Josephus
3339 3533 3432 3571 ve-

1870 3636 1998 3674 num
2030 3618 2294 3673 abductus
2332 3621 2385 3672 in
2439 3617 2752 3686 Egyptian,
2785 3614 2895 3681 regi
2925 3628 3023 3681 par
3049 3609 3270 3666 evasit?
3314 3607 3432 3662 Non

1869 3722 2017 3766 vates
2043 3710 2190 3766 Elias
2226 3709 2414 3780 pulsus
2448 3709 2516 3762 ab
2545 3706 2817 3770 Jezabele,
2867 3718 2972 3757 non
3007 3719 3133 3772 pera
3181 3714 3435 3768 compor-

1869 3810 2004 3862 tata,
2045 3815 2139 3868 per
2177 3811 2402 3854 corvum
2431 3795 2726 3866 pascitur?
2770 3792 2888 3847 Non
2925 3790 3154 3861 apostoli
3186 3788 3318 3843 nudi
3369 3803 3434 3843 ac

1869 3893 2102 3948 inermes
2138 3891 2204 3945 ad
2251 3890 2579 3960 praeconium
2634 3885 2882 3956 profecti,
2914 3895 3186 3939 terrarum
3243 3881 3431 3934 orbem

1868 3985 2157 4039 devicere?
2204 3982 2321 4037 Non
2355 3981 2454 4051 ipsi
2492 3995 2587 4035 vos
2645 3979 3017 4048 superioribus
3055 3977 3212 4032 annis
3257 3976 3435 4044 capite

1867 4085 1922 4129 et
1978 4074 2212 4128 fortunis
2245 4071 2562 4141 oppugnati,
2593 4077 2773 4123 certas
2804 4069 3181 4136 stipulationes
3234 4066 3434 4136 proha-

1868 4167 2008 4222 stis?
2041 4165 2192 4220 Unde
2237 4166 2350 4217 haec
2383 4163 2549 4232 igitur
2591 4161 2936 4230 improbitas.
2960 4172 3148 4228 quave
3174 4157 3288 4211 haec
3318 4157 3434 4210 ine-

1866 4259 1976 4328 ptia
2007 4257 2126 4312 est?
2159 4255 2471 4317 Enimvero,
2507 4262 2566 4306 ut
2594 4253 2824 4316 videtur,
2863 4250 3230 4304 lsraelitarum
3261 4248 3433 4301 instar

1868 4350 2193 4419 priscorum,
2223 4346 2316 4401 Dei
2346 4346 2500 4400 obliti
2529 4342 2790 4399 beoellcia
2820 4340 3432 4409 sonius,Christumque

208 4436 419 4511 Spiritu,
453 4461 605 4502 nunc
645 4455 695 4502 et
743 4429 978 4520 semper,
1030 4453 1085 4507 in
1118 4429 1450 4528 omnemque
1482 4461 1760 4530 ρει-ρειαί,
1792 4442 1840 4499 D
1867 4450 2161 4500 tentamus,
2200 4445 2257 4492 ut
2289 4452 2479 4492 eorum
2511 4435 2731 4502 quidam
2789 4441 3084 4530 tentarunt.
3141 4429 3252 4530 sed.
3299 4431 3432 4500 quid

206 4537 381 4590 tatem.
412 4539 615 4597 Amen.

758 4631 987 4693 SERMO
1033 4638 1196 4696 CXX.

270 4715 839 4802 committendumnon
866 4743 975 4802 esse
1001 4730 1279 4802 ut_mnnt_lo
1302 4732 1545 4800 cruciﬁxi
1572 4733 1690 4788 vita

317 4791 514 4844 inhient
540 4795 769 4861 ineptiis,
796 4798 923 4865 quin
947 4800 1326 4866 proﬁciendum
1355 4803 1411 4852 in
1434 4791 1638 4856 melius.

268 4878 480 4942 Fratres
529 4885 848 4957 Patresque,
908 4890 1022 4944 dies
1078 4892 1381 4955 horarum,
1437 4895 1758 4961 septimana:

1867 4532 1934 4587 de
1964 4533 2030 4587 iis
2055 4530 2286 4586 edatur?
2309 4529 2677 4597 Quadraginta
2698 4527 2849 4578 annis
2875 4528 3146 4594 proximus
3173 4525 3252 4593 fui
3278 4539 3434 4593 gene-

1865 4624 2061 4680 rationi
2093 4623 2215 4674 huic
2257 4631 2306 4674 et
2345 4621 2489 4673 dixi:
2542 4618 2755 4685 Semper
2780 4619 2835 4669 Ιιὶ
2893 4627 3072 4670 errant
3103 4617 3300 4679 corde;
3331 4616 3433 4682 ipsi

1863 4733 1983 4770 vero
2011 4730 2124 4767 non
2174 4721 2522 4781 cognoverunt
2552 4712 2662 4763 uias
2692 4725 2833 4762 meos
2855 4725 2874 4763 :
2907 4707 3004 4776 ego
3040 4707 3223 4774 juraoi
3263 4706 3317 4758 in
3347 4707 3437 4758 ira

1865 4827 1980 4865 mea
2014 4811 2060 4864 si
2105 4808 2396 4862 introibant
2427 4807 2477 4858 in
2509 4805 2738 4873 requiem
2786 4817 2955 4854 meam
2989 4801 3053 4854 ".
3085 4799 3290 4862 Videte,
3324 4797 3441 4850 frag

1861 4908 1988 4963 tres,
2057 4911 2124 4951 ne
2165 4895 2354 4950 eadem
2409 4893 2566 4947 nobis
2615 4892 2887 4952 dicantur,
2919 4889 3013 4960 qui
3064 4889 3258 4959 ingrati
3303 4903 3436 4956 erga

209 4968 422 5063 dierum,
451 4991 672 5032 menses
723 4980 1164 5063 septimanarum,
1196 4983 1323 5035 anni
1378 4985 1643 5038 mensium
1681 4988 1760 5039 la-
1854 4988 2200 5052 beneficium,
2223 4986 2475 5056 prasenti
2507 4983 2724 5038 fortuna
2750 4981 2990 5051 iniquius
3015 4991 3257 5034 utamur.
3287 4977 3427 5033 Hinc

209 5059 395 5121 buntur
423 5070 623 5132 instar,
668 5059 988 5141 tempusque
1015 5071 1310 5128 decurrens
1340 5075 1407 5128 ad
1441 5090 1757 5144 supremum

211 5148 406 5212 Domini
437 5163 613 5216 nostri
659 5159 786 5216 Jesu
824 5163 1023 5218 Christi
1081 5165 1346 5220 adventus
1376 5166 1520 5220 diem
1575 5167 1763 5222 incitat

210 5252 556 5320 Pl‘omiscuos,
584 5269 697 5322 quo
739 5257 859 5323 ejus
905 5260 1077 5315 oculis
1120 5259 1262 5314 nuda
1293 5268 1443 5323 sunt,
1472 5268 1525 5312 et
1573 5270 1758 5329 aperta

212 5352 406 5406 cuneta,
434 5356 494 5400 ut
523 5355 612 5400 est
640 5345 692 5399 in
724 5346 947 5415 litteris;
977 5367 1072 5405 nec
1103 5352 1214 5418 jam
1232 5363 1312 5406 est
1342 5368 1442 5406 cur
1481 5353 1754 5407 incassum

213 5440 362 5492 porro
393 5445 632 5490 aestuent
684 5440 958 5500 mortales,
997 5455 1155 5504 auro,
1203 5456 1268 5495 ac
1313 5443 1631 5497 cohortibus
1663 5459 1754 5496 rex

214 5520 453 5590 pratidat,
492 5524 906 5594 supellectilem,
935 5536 988 5582 et
1016 5532 1269 5597 pecuaria
1305 5531 1542 5584 venditet
1576 5532 1748 5603 dyna-

275 5657 294 5684 ⁸
319 5659 334 5712 1
361 5660 517 5718 Joan.
551 5678 608 5718 IV
650 5663 722 5722 ,l.

219 5721 256 5756 ι’
280 5727 398 5786 ibid.
425 5737 477 5790 6.
563 5733 608 5764 "
650 5721 780 5788 Luc’.
819 5751 914 5801 xit,
941 5737 1027 5790 48.
1110 5721 1150 5769 ’δ
1185 5721 1445 5804 Ευριὶξιιξ
1471 5721 1570 5797 illi

796 5666 816 5695 ’
840 5663 996 5718 Joau.
1023 5677 1138 5727 x‘ltt,
1172 5667 1284 5720 53..
1338 5669 1380 5724 '9
1409 5669 1422 5722 Ι
1455 5670 1579 5730 Cor.
1609 5687 1724 5732 xui,
1759 5671 1864 5725 l-‘5.

1857 5082 2139 5152 quiescere
2164 5078 2327 5147 pedes
2353 5077 2575 5130 minime
2601 5076 2875 5138 sinuntur,
2912 5073 3020 5126 huc
3071 5071 3196 5125 illuc
3232 5070 3425 5139 palan-

1858 5181 1998 5240 tum,
2025 5172 2152 5224 hioc
2176 5169 2378 5239 judicia
2433 5166 2692 5226 vicissim.
2723 5179 2789 5218 ac
2821 5164 3109 5216 verborum
3138 5159 3425 5214 conﬂictus

1865 5282 2144 5337 urgemus,
2187 5264 2412 5335 proinde
2465 5272 2523 5316 ut
2550 5259 2813 5323 extranei,
2844 5259 2971 5312 hinc
3020 5256 3144 5319 soli,
3176 5270 3276 5308 nec
3300 5269 3427 5308 cum

1862 5359 2030 5414 fratre
2052 5359 2318 5428 (legimus.
2353 5355 2446 5408 Sin
2490 5370 2610 5408 cum
2642 5353 2824 5416 fratre,
2855 5348 3175 5421 imaginario
3204 5346 3428 5415 quidem

1860 5455 2026 5510 certe,
2061 5443 2154 5512 qui
2192 5446 2338 5497 enim
2373 5444 2573 5511 possis,
2606 5442 2804 5496 comite
2835 5440 3004 5494 ascita
3037 5437 3202 5498 dulci,
3246 5434 3432 5488 avari-

1858 5538 1953 5602 tia,
1981 5553 2104 5592 cum
2131 5550 2235 5605 qua
2261 5536 2558 5605 paciscare,
2587 5533 2892 5588 unanimem
2947 5543 3132 5587 tenere
3165 5530 3386 5584 fratrem
3405 5527 3430 5578 τ

1945 5675 1982 5703 ¹¹
2020 5671 2208 5723 Matth.
2243 5686 2336 5736 vn,
2372 5671 2459 5723 Ἡ..
2540 5674 2579 5702 ¹²
2607 5668 2727 5722 Jud.
2774 5685 2827 5730 κ,
2876 5669 2956 5722 ll.
3035 5667 3077 5698 ¹³
3110 5667 3235 5736 Sap.
3268 5679 3346 5728 Vt,
3375 5663 3427 5726 7,

1651 5742 1690 5771 ¹⁷
1722 5741 1865 5798 l’sul.
1915 5759 2056 5810 χειν,
2090 5741 2175 5804 ll),
2218 5742 2296 5795 ll.
