4000 6306
553 351 654 413 667

1712 350 1773 409 S.
1806 345 2193 408 THEODORI
2271 345 2611 406 STUDlT/E

3685 336 3793 397 668

555 465 773 519 Minime
802 464 1064 535 gentium.
1091 463 1184 520 Va:
1220 466 1308 529 iis,
1343 483 1439 521 ceu
1471 464 1734 535 reprobis,
1789 476 1911 514 nam
1943 457 2112 511 haud-
2153 463 2196 517 Α
2228 474 2366 510 rmtt.
2408 456 2525 521 Quo
2575 456 2627 508 iu
2659 453 2840 509 studio
2883 451 2926 506 si
2957 448 3282 505 curriculum
3313 447 3614 515 exigetntts,
3641 444 3793 498 diur-

552 572 825 628 quaquant
872 558 938 611 de
986 557 1160 621 vobis,
1214 559 1435 621 fratres,
1491 569 1584 611 aut
1640 556 1726 608 hic
1783 555 1893 608 illic
1942 550 2120 605 divine

553 649 879 705 abeuntibus
914 650 1129 719 loquor,
1165 650 1256 703 sed
1287 649 1354 703 de
1390 650 1456 702 iis
1485 646 1906 717 quiprolltgate,
1950 655 2124 710 neque

557 745 621 796 ad
651 742 1025 812 prescriptum
1059 743 1203 812 quod
1232 742 1659 797 deformavimus
1689 742 1894 791 vivant.
1929 734 2030 801 Qui
2067 741 2124 787 ut

556 835 638 888 vel
693 836 905 889 tandem
950 835 1173 889 redeant
1206 836 1272 888 ad
1312 832 1545 903 frugem,
1588 832 1827 900 rectique
1878 828 2125 898 gradian-

559 937 668 990 ιυτ,
694 941 1002 995 precemur,
1027 941 1135 995 quo
1162 934 1349 995 pereat
1390 942 1572 986 nemo,
1602 926 1733 994 quin
1765 936 1954 975 omnes
1976 919 2126 972 inco-

560 1018 871 1071 lumitemur
900 1034 993 1087 per
1014 1018 1287 1073 Christum
1313 1018 1495 1073 Jesum
1521 1018 1807 1070 Dominum
1827 1023 2072 1067 nostrum
2103 1027 2119 1069 ;

562 1109 647 1161 cui
698 1107 869 1177 gloria
898 1119 951 1161 et
998 1109 1281 1176 impetium
1319 1124 1441 1162 cum
1476 1107 1652 1169 Patre,
1685 1120 1747 1159 ac
1777 1112 1966 1158 sancto
2000 1100 2119 1169 Spi-

564 1204 693 1259 ritu,
723 1212 866 1252 nunc
910 1208 966 1252 et
986 1214 1223 1266 semper,
1252 1199 1305 1253 in
1331 1214 1657 1268 omnemque
1690 1196 2121 1266 perpetuitatem.

562 1292 755 1345 Amen.

1119 1400 1349 1455 SERMO
1392 1401 1576 1456 CXXI.

565 1491 641 1545 De
670 1494 855 1545 mortis
888 1493 1530 1629 recordatiotrde,rseneque
1564 1492 1802 1561 quodam
1836 1488 2125 1543 venerando

1249 1579 1275 1613 e
1304 1573 1481 1615 uncto.

1249 1573 1481 1615 eluncto.

636 1650 849 1705 Fratres
918 1650 1234 1721 Patresque,
1289 1666 1412 1706 cum
1466 1651 1648 1705 multa;
1684 1650 1844 1704 utiles
1888 1647 2126 1702 historiae

566 1751 693 1796 sunt
739 1741 920 1795 animo
972 1743 1324 1806 stimulando,
1358 1752 1468 1796 tum
1515 1757 1666 1811 teque
1716 1741 1863 1795 utilis
1896 1735 2125 1794 habetur

566 1833 711 1885 nulla
742 1846 807 1886 ac
834 1833 1024 1887 mortis
1080 1833 1460 1902 promulgatio;
1499 1847 1623 1886 nam
1668 1831 1912 1886 terribile
1961 1830 2127 1895 dictu,

562 1933 617 1977 et
653 1922 890 1993 cogitatu
930 1938 1211 1988 arcanum,
1240 1939 1387 1978 mors
1416 1936 1515 1978 est.
1549 1923 1717 1993 Igitur
1743 1933 1792 1978 et
1826 1937 1973 1979 nunc
2003 1936 2131 1977 sene

561 2011 820 2067 defuncto
857 2013 1164 2067 venerando
1196 2027 1417 2068 necesse
1463 2023 1547 2066 est
1579 2027 1739 2081 porro
1766 2012 1834 2064 ad
1880 2025 2129 2065 commu-

563 2118 687 2157 nem
724 2102 933 2174 frugem
964 2104 1030 2159 de
1052 2120 1120 2159 eo
1142 2120 1311 2171 pauca
1336 2118 1640 2158 recensere.
1666 2103 1809 2157 Sane
1839 2118 1869 2157 a
1903 2102 2131 2172 pueritia

564 2195 617 2247 iu
653 2206 988 2250 senectutem
1025 2196 1344 2265 profundam
1376 2197 1482 2250 vita
1532 2196 1782 2250 obeunda
1830 2195 2131 2250 monastica

564 2284 676 2340 Deo
707 2288 1014 2351 servivisse,
1042 2289 1371 2342 luculentum
1403 2289 1515 2343 seni
1541 2290 1846 2342 encomium
1876 2297 1958 2342 est
1990 2303 2006 2353 ;
2035 2288 2132 2342 de-

563 2376 686 2429 inde
712 2378 853 2446 quod
888 2379 1024 2432 inter
1068 2378 1410 2433 confessores
1446 2389 1527 2432 est
1558 2376 1808 2443 illustris,
1837 2378 1930 2447 qui
1980 2393 2132 2432 com-

564 2468 865 2535 prehensus
903 2470 971 2523 ab
1006 2470 1175 2539 impio
1224 2472 1406 2524 Leone
1466 2470 1531 2523 ad
1587 2471 1892 2523 satietatem
1942 2483 2133 2537 poenas

564 2558 793 2626 dederit,
839 2571 893 2614 et
947 2570 1097 2631 tergo
1149 2561 1322 2626 omni,
1374 2577 1436 2616 ac
1469 2570 1687 2630 pectore
1737 2561 1968 2616 trecenis
2004 2560 2132 2614 loris

563 2651 809 2712 concise.
838 2660 893 2706 et
920 2652 1056 2707 facie
1090 2653 1289 2723 pugnis
1339 2652 1620 2721 alapisque
1658 2661 1905 2716 contusa,
1938 2660 1995 2704 ut
2024 2651 2133 2705 duo

563 2738 726 2791 etiam
758 2740 945 2794 dentes
995 2739 1317 2794 exciderint.
1360 2738 1599 2795 Tandem
1638 2740 1844 2808 aliquot
1879 2747 2001 2807 post
2032 2752 2132 2789 an—

565 2831 672 2893 nis,
702 2845 735 2885 e
782 2846 1000 2886 carcere
1029 2832 1259 2887 eductus
1308 2847 1371 2886 ac
1404 2832 1541 2886 liber
1569 2831 1849 2893 dimissus,
1878 2846 1944 2885 ex
1978 2828 2134 2882 insti-

568 2929 683 2974 tnto
709 2922 872 2989 priori
921 2923 1124 2992 tstylita
1153 2923 1296 2977 enim
1327 2921 1545 2990 fuerat),
1587 2936 1801 2976 rursum
1831 2937 1890 2976 se
1928 2920 2135 2974 abdidit

568 3013 620 3066 iu
649 3012 859 3076 cellam,
883 3014 1175 3084 multisque
1198 3013 1488 3069 defunctus
1510 3012 1745 3068 miseriis
1766 3022 1820 3067 et
1844 3013 2132 3083 angustiis,

2225 562 2322 601 uas
2354 544 2516 599 ferias
2537 560 2762 614 agamus
2791 544 2897 597 laeti
2931 543 2982 595 in
3028 542 3161 604 dies,
3194 550 3246 592 et
3277 536 3527 606 impavidi
3573 536 3792 596 mortis,

2222 653 2323 693 nec
2372 638 2417 692 si
2476 637 2559 691 vel
2612 635 2757 688 mille
2809 633 3087 687 cruciatus
3133 628 3494 689 intendentur,
3539 637 3792 679 securam

2223 726 2612 785 conscientiam
2647 727 2957 792 demergant
2988 740 3001 786 ;
3030 722 3111 774 sin
3144 717 3383 786 maligni,
3409 713 3795 781 iuvidi,pervi-

2224 835 2378 877 caces
2426 817 2744 884 exterisque
2798 813 2987 868 imbuti
3044 809 3335 867 sceleribus
3377 808 3658 876 degemus,
3686 805 3792 858 heu

2225 913 2377 967 fucus
2404 917 2457 964 et
2491 909 2782 963 ludibrium
2817 908 2830 960 ε
2866 905 3090 959 Scilicet
3125 917 3188 956 ea
3226 902 3417 955 diurna
3455 914 3555 952 ne:
3592 907 3695 956 est.
3730 913 3795 950 ac

2221 1003 2488 1072 judicium
2544 1009 2668 1054 ante
2718 997 3000 1066 judicium,
3037 1006 3145 1048 tum
3193 1003 3369 1046 autem
3406 1005 3553 1043 mors
3579 988 3795 1056 ingruet

2226 1092 2381 1162 quasi
2416 1091 2634 1158 quidam
2664 1086 2882 1154 mgiens
2913 1084 2995 1137 leo
3026 1094 3118 1139 aut
3148 1098 3333 1136 amens
3368 1096 3511 1132 ursa.
3536 1076 3654 1131 Jam
3697 1079 3793 1145 qui

2224 1194 2478 1236 :eteruam
2509 1179 2804 1250 perniciem
2840 1177 3004 1230 miser
3058 1172 3555 1231 exantletanimus,
3613 1178 3795 1222 exstat

2226 1289 2356 1328 sane
2401 1273 2514 1326 haec
2565 1268 2867 1324 sententia:
2905 1265 2966 1320 Si
2995 1266 3255 1332 judicium
3286 1262 3512 1330 primum
3558 1277 3589 1312 a
3620 1260 3791 1320 nobis,

2225 1367 2341 1432 quis
2364 1363 2487 1432 ﬁnis
2509 1376 2688 1415 eorum
2722 1360 2811 1429 qui
2845 1375 2946 1411 non
2987 1356 3204 1409 credunt
3245 1354 3342 1408 Dei
3384 1352 3711 1421 Evangelia?
3747 1361 3797 1404 et

2227 1458 2273 1509 si
2296 1455 2480 1523 justus
2501 1454 2588 1507 vix
2638 1449 2949 1511 salvabitur,
2975 1448 3161 1515 impius
3192 1458 3239 1499 et
3269 1453 3509 1511 peccator
3538 1442 3625 1495 ubi
3646 1456 3797 1508 pare-

2228 1546 2352 1597 bunt
2379 1543 2459 1595 "1’
2487 1540 2666 1609 Quare
2721 1540 2913 1607 trepidi
2958 1552 3191 1606 semper,
3229 1549 3292 1588 ac
3329 1532 3563 1595 solliciti,
3599 1530 3797 1585 fratres

2226 1634 2550 1698 charissimi,
2575 1632 2734 1695 ﬁrmi,
2755 1640 2808 1685 et
2838 1627 3139 1682 immobiles
3163 1624 3528 1679 consistamus
3544 1663 3559 1681 .
3578 1622 3797 1677 assidue

2229 1727 2389 1782 macti
2413 1728 2465 1781 in
2491 1740 2655 1796 opere
2676 1723 2882 1787 divino,
2914 1730 3061 1776 certe
3089 1732 3430 1788 nequaquam
3452 1715 3651 1769 frustra
3677 1728 3797 1768 esse

2231 1835 2351 1872 eum
2378 1818 2430 1872 iu
2464 1815 2694 1871 Domino
2749 1814 3007 1867 laborem.
3064 1813 3135 1864 De
3190 1808 3355 1863 fratre
3379 1807 3621 1870 Socrate,
3646 1805 3798 1859 scitis

2231 1909 2688 1979 quemadmodum
2722 1906 2927 1960 venerit
2966 1904 3036 1958 ab
3068 1899 3309 1963 Oriente.
3343 1898 3619 1969 probanda
3664 1897 3797 1950 ohe-

2233 2002 2433 2056 dientia
2469 2000 2775 2054 tarditatem
2822 2010 3109 2051 excusans.
3167 1992 3303 2047 Eum
3353 1990 3669 2045 volebamus
3711 1989 3800 2043 hic

2233 2092 2490 2155 retinere,
2528 2100 2589 2143 ut
2613 2097 2912 2157 spectatum
2943 2085 3204 2149 fratrem;
3242 2083 3334 2136 sed
3362 2079 3619 2149 quoniam
3658 2078 3799 2131 scri-

2234 2193 2383 2252 ptum
2414 2190 2523 2235 est:
2566 2178 2765 2233 Beatus
2791 2178 2880 2247 qui
2928 2174 3077 2228 habet
3103 2188 3274 2227 semen
3305 2172 3360 2223 in
3395 2168 3543 2233 Sion,
3576 2177 3625 2223 et
3676 2184 3800 2236 pro-

2233 2275 2450 2342 pinquos
2479 2272 2534 2330 in
2561 2269 2880 2328 Jerusalem,
2910 2281 3126 2320 rursum
3159 2263 3331 2318 redire
3363 2277 3484 2316 eum
3548 2260 3797 2322 sivimus,

2235 2382 2328 2436 per
2363 2380 2521 2433 quem
2556 2360 2981 2416 misericordiam
3019 2368 3366 2426 pararemus,
3405 2353 3504 2406 etsi
3536 2362 3618 2406 est
3653 2351 3798 2420 quod

2234 2460 2588 2524 gaudeamus,
2626 2456 2837 2519 fratres,
2867 2452 3223 2507 constitutum
3257 2465 3287 2503 a
3329 2446 3672 2503 sanctissimo
3706 2459 3800 2512 pa-

2235 2550 2473 2606 triarcha
2507 2547 2657 2601 Sioni
2690 2561 2719 2600 e
2751 2556 2918 2610 casto,
2948 2560 3012 2599 ac
3062 2542 3336 2613 republica
3387 2547 3592 2601 nostra,
3622 2537 3715 2606 qui
3747 2535 3797 2588 in

2236 2642 2598 2697 Ecclesiarum
2646 2649 2816 2694 matre
2871 2636 3178 2692 sacerdotio
3200 2640 3254 2688 et
3280 2629 3583 2688 oeconomia
3614 2627 3804 2696 funge-

2236 2744 2402 2787 retur.
2439 2728 2591 2797 Quod
2624 2737 2891 2798 superest,
2918 2735 3139 2780 sauctus
3192 2722 3334 2778 Deus
3379 2731 3490 2775 tum
3529 2734 3655 2774 eum
3687 2729 3801 2771 tum

2236 2840 2333 2879 nos
2371 2829 2675 2885 conservet,
2696 2820 2954 2887 omnique
2981 2815 3203 2885 impleat
3224 2814 3462 2869 benefica
3500 2811 3801 2873 voluntate,

2234 2931 2299 2970 ac
2343 2920 2672 2981 praepotente
2723 2907 2846 2961 ﬁdei
2904 2904 3317 2974 propagatione,
3344 2900 3664 2954 illustrando
3710 2911 3805 2964 per

2238 3022 2335 3060 nos
2366 3003 2579 3059 Domini
2623 2997 2797 3053 nostri
2837 2995 2966 3051 Jesu
3015 2995 3218 3050 Christi
3260 2993 3496 3056 nomine,
3539 2988 3805 3056 nobisque

566 3119 822 3174 supremo
850 3105 976 3160 vita:
1028 3106 1299 3161 curriculo
1335 3106 1577 3171 evoluto,
1609 3106 1847 3161 animam
1880 3076 2127 3168 reddidit,
2162 3126 2204 3181 ε
2240 3111 2331 3165 per
2358 3109 2478 3147 eum
2515 3089 2813 3145 secundum
2842 3083 3196 3157 gratiam‘Dei
3225 3082 3456 3150 denique
3480 3079 3651 3133 nostri
3675 3076 3806 3131 .Iesu

569 3211 629 3253 ut
674 3202 873 3269 impius
911 3203 1137 3267 scelere,
1178 3219 1236 3258 se
1283 3202 1691 3268 obstrinxerit,
1742 3202 2131 3272 nequidquam,

569 3290 770 3345 athleta
799 3292 865 3346 ad
901 3292 1069 3346 Deum
1105 3294 1376 3362 laurigero
1402 3292 1664 3361 profecto.
1692 3292 1805 3346 Nos
1835 3293 2133 3351 enimvero,

570 3384 791 3446 fratres,
858 3384 986 3455 quid
1034 3401 1260 3454 agamus
1307 3385 1504 3455 quidve
1542 3382 1888 3454 cogitemus?
1922 3382 2135 3446 Quanto

571 3484 811 3544 tempore
840 3478 1272 3546 supervivemus,
1324 3478 1509 3548 longo,
1545 3492 1610 3529 an
1637 3475 1873 3546 exiguo?
1921 3476 2138 3529 Scilicet

571 3569 715 3621 norit
753 3570 1039 3638 quisquam
1071 3569 1199 3638 quid
1230 3585 1350 3624 cras
1389 3571 1689 3638 pariturum
1716 3567 1843 3623 est?
1895 3567 1992 3621 Pol
2021 3582 2136 3621 mo-

571 3658 815 3713 nimento
858 3659 991 3714 satis
1038 3675 1309 3729 superque
1358 3676 1505 3716 mors
1534 3668 1637 3724 est,
1677 3669 1964 3730 postquam
1993 3659 2136 3729 quod

574 3748 812 3805 vidimus
842 3749 895 3803 in
928 3748 1118 3813 fratre,
1145 3752 1288 3805 haud
1316 3752 1484 3804 multo
1507 3761 1627 3821 post
1647 3752 1853 3805 accidet
1878 3750 1929 3803 in
1958 3750 2136 3810 nobis,

571 3842 791 3895 nemine
826 3850 1021 3895 metam
1062 3842 1477 3897 transeeudente
1515 3842 1726 3897 mortis.
1770 3839 1954 3910 Itaque
1994 3854 2138 3893 mor-

574 3933 661 4001 tis.
682 3946 848 4000 porro
899 3931 1290 3986 obliviscamur
1320 3949 1617 4003 nunquam.
1659 3949 1726 3987 ne
1753 3942 2009 4001 perpetua
2038 3944 2137 3998 op-

573 4020 914 4088 primamur;
947 4037 1050 4074 neu
1086 4037 1318 4089 praesens
1374 4038 1617 4077 amemus
1667 4038 1864 4084 aevum,
1895 4036 1963 4075 ne
2015 4036 2135 4074 cum

567 4104 685 4160 Deo
728 4105 1045 4161 inimicitias
1092 4109 1377 4178 agitemus,
1413 4111 1683 4179 siquidem
1724 4111 1983 4179 scriptum
2014 4121 2135 4164 est:

560 4197 921 4263 ,Qujooluerit
950 4200 1152 4253 amicus
1189 4217 1299 4254 esse
1338 4203 1518 4255 διεσαιὶ
1552 4201 1729 4270 hujus,
1765 4203 2011 4255 inimicus
2046 4200 2140 4254 Dei

575 4288 916 4341 constituitur
939 4289 1003 4344 ⁸⁸.
1027 4289 1183 4358 Fugit
1216 4306 1330 4355 vos,
1358 4292 1603 4362 inquam,
1637 4291 1819 4345 mundi
1848 4300 2143 4346 consuetu-

574 4373 756 4433 dinem
789 4379 931 4433 haud
963 4382 1274 4449 permittere
1322 4392 1381 4436 ut
1422 4386 1637 4439 animus
1686 4383 1868 4438 studio
1912 4383 2143 4437 ducatur

2236 3183 2436 3239 Christi
2459 3201 2472 3237 :
2494 3181 2585 3235 cui
2612 3180 2783 3247 gloria
2826 3185 2879 3231 et
2912 3176 3202 3246 imperium
3234 3190 3355 3229 cum
3382 3170 3561 3234 Patre,
3590 3185 3655 3223 ac
3687 3185 3810 3222 san-

2237 3287 2325 3330 cto
2347 3274 2575 3343 Spiritu,
2594 3287 2739 3327 nunc
2786 3282 2841 3325 et
2864 3284 3097 3337 semper,
3119 3270 3172 3322 in
3198 3280 3523 3335 omnemque
3541 3262 3791 3335 perpetui

2239 3375 2422 3419 tatem.
2450 3366 2642 3418 Amen.

2795 3472 3027 3528 SEBMO
3059 3469 3267 3526 CXXII.

2240 3570 2315 3624 De
2353 3568 2616 3623 seruiendo
2670 3567 2878 3636 fortiter
2943 3582 3004 3619 ac
3051 3559 3518 3636 cons:anter_Deo,_
3548 3557 3813 3625 studiique

2425 3629 2684 3691 curriculo
2709 3637 2985 3690 monastici
3028 3642 3263 3687 contente
3292 3629 3573 3697 exigendo.

2313 3731 2527 3786 Fratres
2572 3728 2892 3797 Patresque,
2945 3726 3208 3780 eximium
3283 3720 3520 3776 studium
3554 3734 3585 3772 a
3628 3718 3813 3787 pervi-

2248 3824 2379 3895 gilio
2404 3822 2471 3875 ad
2513 3821 2844 3875 audiendum
2902 3831 3215 3871 sermonem
3275 3822 3600 3875 coeuntum,
3648 3816 3817 3878 atque

2237 3932 2269 3970 e
2302 3915 2495 3968 robore
2547 3913 2602 3965 in
2649 3910 2814 3964 robur
2870 3916 3257 3978 grassantum;
3294 3903 3602 3974 quamlibet
3666 3902 3814 3958 enim

2242 4005 2385 4060 haud
2426 4003 2741 4074 suppeditat
2776 4002 2935 4054 nobis
2981 4014 3078 4067 par
3111 3998 3286 4051 oratio
3334 3997 3587 4059 dicendo,
3629 4002 3813 4049 tamen

2241 4105 2595 4165 posteaquam
2626 4093 2691 4146 ad
2742 4099 3059 4146 sanctorum
3096 4088 3317 4142 Patrum
3363 4085 3672 4155 exemplum
3706 4084 3817 4138 fre-

2241 4197 2560 4259 quentatur,
2590 4200 2695 4239 non
2724 4185 2821 4238 abs
2864 4200 2921 4237 re
2954 4191 3057 4247 est,
3094 4181 3227 4251 quin
3254 4180 3339 4234 vel
3369 4179 3422 4232 in
3484 4177 3676 4247 primis
3706 4176 3817 4230 uti-

2244 4283 2331 4336 lis.
2372 4279 2660 4333 Euituvero
2687 4278 2738 4330 in
2768 4289 3018 4330 sermone
3065 4289 3130 4327 ac
3160 4273 3411 4326 doctrina
3436 4269 3627 4324 Patres
3662 4269 3816 4322 labo-

2247 4376 2457 4437 rabaut,
2498 4373 2710 4425 beatqu
2744 4366 3058 4437 Apostolum
3092 4364 3310 4426 imitati,
3361 4361 3519 4431 cujus
3570 4361 3625 4414 itt
3683 4361 3819 4414 actis

573 4470 751 4525 exitus
779 4487 810 4525 e
843 4486 1094 4541 corpore.
1128 4471 1261 4527 Nam
1290 4477 1744 4543 quemadmodum
1768 4475 2023 4530 Israelita:
2055 4492 2140 4531 sa-
2171 4470 2217 4527 D
2246 4470 2359 4520 haec
2387 4474 2512 4518 sunt
2573 4462 2735 4515 verba
2764 4477 2778 4511 :
2812 4459 2915 4511 l’er
2968 4456 3252 4509 triennium
3294 4464 3441 4506 nocte
3504 4462 3554 4505 et
3598 4452 3685 4505 die
3713 4468 3820 4504 non

576 4563 847 4632 tagebant,
874 4565 966 4632 qui
989 4563 1161 4634 erepti
1203 4579 1269 4619 ex
1298 4565 1546 4636 Egyptia
1600 4567 1861 4620 servitute
1908 4567 2137 4634 promis-

577 4670 696 4708 sum
720 4655 896 4710 solum
924 4656 1258 4716 invaderent,
1287 4660 1352 4712 ad
1378 4657 1626 4713 eumdem
1652 4659 1872 4712 modum
1902 4658 2138 4712 nitamur

574 4756 629 4799 et
666 4761 763 4802 uos
787 4756 1017 4816 oportet,
1051 4760 1108 4801 ut
1135 4764 1165 4802 e
1191 4750 1447 4804 servitute
1470 4751 1701 4817 quadam
1730 4751 1998 4819 corporis,
2019 4765 2139 4819 qua:

576 4838 880 4906 corruptela
936 4840 1187 4905 obeatur,
1222 4841 1425 4909 egressi
1486 4841 1540 4892 in
1576 4840 1807 4907 peuitius
1836 4840 2012 4894 velum
2047 4856 2132 4909 pe-

579 4940 877 4994 netremus,
905 4946 1013 5000 quo
1039 4931 1388 4985 anteambulo
1419 4948 1514 5000 pro
1542 4932 1695 4986 nobis
1725 4932 1887 4987 Jesus
1921 4934 2139 5003 irrupit,

579 5022 685 5074 hoc
710 5029 813 5086 est,
846 5022 898 5075 itt
941 5024 1176 5079 ctelestis
1199 5022 1551 5094 Jerosolytna:
1581 5025 1740 5078 bona.
1768 5025 1931 5094 Igitur
1960 5024 2143 5076 mundi

580 5111 759 5167 adhuc
805 5129 972 5183 nugas
1015 5116 1366 5177 detestemur,
1401 5117 1625 5170 virtutes
1658 5116 1812 5169 avide
1859 5115 2147 5168 contraha-

582 5217 727 5265 mus,
761 5205 879 5258 dias
910 5221 1211 5260 mercemur
1241 5222 1391 5275 opes,
1424 5222 1633 5276 preces,
1668 5207 1960 5276 lacrymas,
1995 5206 2147 5274 puri-

582 5302 769 5359 tatem,
825 5295 1078 5362 nitorem,
1126 5297 1514 5359 innocentiam,
1549 5312 1671 5366 quae
1713 5299 1833 5351 vitae
1872 5307 1997 5351 sunt
2037 5296 2149 5350 via-

585 5385 690 5437 tica
732 5387 984 5453 perennis
1008 5404 1021 5453 ;
1042 5396 1296 5441 caterum
1331 5403 1531 5451 escam,
1556 5398 1764 5457 potum,
1792 5388 2069 5453 vestitum,
2097 5396 2151 5439 ct

583 5491 703 5543 qua:
756 5477 858 5530 alia
915 5487 1040 5532 sunt
1097 5479 1400 5534 necessaria
1458 5481 1670 5549 corpori
1732 5480 2147 5547 amplectamur,

585 5576 853 5634 quatenus
899 5570 1042 5633 vitaz,
1074 5585 1137 5624 ac
1165 5568 1428 5626 functioui
1472 5572 1712 5627 serviant
1736 5568 1827 5624 Dei
1856 5579 2151 5641 praecepto-

659 5753 700 5783 ³¹¹
733 5751 847 5808 Jac.
875 5769 946 5817 tv,
978 5754 1029 5809 ri.
1108 5756 1147 5788 ”
1178 5755 1197 5810 l
1225 5754 1369 5811 Petr‘.
1401 5772 1474 5817 tv,
1514 5756 1595 5811 18.
1675 5758 1717 5788 ²⁰
1765 5756 1882 5810 Act.
1910 5772 1977 5809 xx
2032 5755 2117 5810 31.

1108 5756 1147 5788 ⁸⁵
1178 5755 1197 5810 I
1225 5754 1369 5824 Petr.
1401 5772 1474 5822 ιν,
1514 5756 1595 5811 18.

2243 4555 2459 4618 cessavi,
2512 4568 2627 4606 cum
2682 4549 2931 4615 lacrymis
2982 4560 3193 4599 monens
3256 4558 3671 4611 unumquemque
3729 4557 3817 4595 ve-

2241 4646 2475 4700 strum”
2510 4660 2524 4709 ;
2565 4642 2818 4709 identque
2870 4638 2997 4691 alibi
3030 4655 3043 4689 :
3071 4634 3172 4700 Qui
3220 4635 3343 4689 bene
3392 4642 3630 4702 prtesunt
3668 4650 3814 4702 pres-

2244 4742 2410 4811 byteri
2444 4739 2642 4809 duplici
2670 4738 2865 4788 honore
2901 4733 3048 4801 digni
3102 4730 3410 4794 habeantur,
3462 4728 3693 4780 maxime
3728 4726 3818 4793 qui

2242 4834 2477 4884 laborant
2498 4832 2552 4883 in
2586 4828 2756 4890 verba,
2788 4836 2835 4880 et
2856 4825 3095 4878 doctrina
3120 4840 3138 4886 ;
3164 4823 3294 4875 dicit
3324 4821 3462 4873 enim
3486 4818 3769 4886 Scriptura
3800 4832 3817 4866 :

2247 4924 2366 4976 Non
2397 4922 2640 4992 aliigabis
2672 4936 2729 4973 0s
2757 4919 2869 4970 bovi
2907 4915 3217 4977 triturauti;
3249 4924 3304 4967 et
3335 4911 3543 4981 Dignus
3590 4921 3668 4963 est
3695 4925 3815 4977 ape-

2243 5018 2418 5069 rarius
2453 5014 2685 5069 mercede
2726 5011 2913 5065 sua".
2968 5007 3201 5061 Videtin‘
3255 5015 3314 5059 ut
3362 5003 3675 5058 necessaria
3720 5000 3817 5054 do—

2244 5110 2420 5160 ctrina
2483 5106 2612 5160 est?
2657 5119 2780 5156 nam
2830 5100 3285 5172 quemadmodum
3337 5097 3541 5165 stirpes
3591 5093 3819 5149 edendis

2244 5198 2517 5252 fructibus
2548 5195 2931 5263 scaturigiuem
2974 5192 3251 5262 postulant
3283 5203 3459 5257 aquae,
3504 5188 3588 5241 sic
3624 5186 3819 5240 virtute

2242 5295 2540 5345 exercenda
2593 5291 2836 5360 magistri
2872 5303 3054 5342 vocem
3114 5283 3391 5352 discipuli,
3426 5288 3590 5350 atque
3638 5290 3696 5334 ttt
3743 5296 3818 5333 ea:

2256 5384 2395 5436 haud
2437 5384 2669 5453 irrigatus
2699 5389 2974 5443 arescunt,
3014 5380 3087 5432 ita
3121 5387 3175 5431 et
3202 5376 3256 5429 hi
3306 5389 3411 5429 non
3456 5373 3636 5427 cdocti
3670 5371 3818 5426 defe-

2254 5475 2540 5529 tiscuntur.
2572 5472 2687 5539 Qua
2713 5473 2780 5527 de
2819 5486 2981 5527 causa
3026 5469 3277 5540 equidem
3312 5480 3539 5520 monere
3569 5464 3816 5533 instignr.

2261 5576 2313 5620 ct
2347 5566 2573 5629 hortari,
2607 5582 2669 5619 ac
2693 5566 2779 5634 pol
2830 5564 3101 5621 interdum
3159 5559 3418 5625 refutare,
3445 5566 3500 5613 et
3523 5558 3817 5619 incessere,

2196 5755 2237 5785 ²¹
2276 5752 2289 5807 I
2324 5753 2463 5809 Tim.
2502 5770 2555 5815 v,
2584 5753 2664 5819 l7,
2708 5754 2789 5807 18.
