4000 6306
173 372 271 436 669

1332 362 1736 427 SERMONES
1774 363 2291 428 CATECHETICI.

3323 372 3428 434 670

176 486 214 538 si
265 497 373 551 qua
429 493 650 533 mecum
707 491 809 541 vos,
845 490 1060 545 quoque
1109 487 1325 528 servare
1384 475 1609 543 possim,
1646 483 1743 523 vos
1773 470 1817 526 Δ
1845 472 2036 536 sim,et
2060 473 2298 527 excitare
2321 473 2386 527 ad
2411 473 3041 537 iter-incumbentesmec
3062 473 3426 537 dextra,sini-

175 575 418 643 quidem,
457 571 681 632 fratres,
709 569 763 622 in
790 567 1017 620 Domino
1041 566 1308 627 valentes,
1341 581 1404 619 ac
1432 565 1748 634 praepotenti

175 674 462 720 contractu
490 664 706 721 robore.
740 670 1070 713 armaturam
1126 658 1336 714 induite
1378 658 1616 711 divinam
1641 672 1751 726 quo

174 757 368 810 diaboli
408 753 706 808 fraudibus
753 751 1023 807 obsistere
1045 751 1276 820 queatis,
1305 751 1398 819 qui
1448 750 1591 802 haud
1623 751 1749 803 dor-

174 849 301 902 mi‘at
335 863 498 911 sane,
529 846 663 915 quin
694 846 980 899 adversum
1018 858 1119 898 nos
1154 844 1358 912 vigilet,
1391 851 1528 897 eteo
1557 842 1749 910 magis,

175 939 312 1008 quod
346 938 573 992 animos
610 934 882 1003 conspicit
912 935 1072 988 luclte
1099 933 1492 987 incumbentes.
1535 931 1636 997 Qui
1663 934 1748 984 ubi

175 1031 390 1084 invadat
446 1033 598 1098 (nam
618 1028 824 1082 invadit
851 1037 1034 1086 noctu.
1055 1036 1216 1095 atque
1237 1026 1513 1090 interdiu),
1547 1033 1752 1078 stemus

176 1123 430 1185 animosi,
470 1136 827 1175 accurramus
884 1120 948 1172 ad
969 1135 1101 1172 eum
1145 1118 1236 1186 qui
1263 1133 1292 1171 e
1341 1125 1515 1171 morte
1562 1116 1754 1169 liberet

176 1215 403 1281 peccati,
443 1213 707 1282 pret-ibus
753 1211 1074 1265 adhibendis
1129 1209 1420 1268 contentis.
1481 1223 1579 1262 nec
1636 1208 1754 1262 sine

178 1305 402 1361 fervidis
433 1307 717 1374 lacrymis,
748 1319 810 1356 ac
837 1302 1069 1357 facesset
1099 1303 1254 1356 ocius
1283 1301 1539 1355 inimicus
1571 1318 1585 1365 ;
1615 1303 1753 1354 scri-

178 1408 321 1467 ptum
358 1406 449 1453 est
505 1398 650 1451 enim
686 1397 737 1449 in
769 1395 997 1449 Psalmis
1025 1415 1038 1447 :
1073 1396 1265 1448 lnvoca
1288 1411 1367 1448 me
1394 1398 1446 1447 in
1481 1397 1563 1447 die
1589 1395 1754 1446 tribu-

180 1493 388 1546 lationis
420 1501 551 1565 tute,
570 1500 618 1544 et
639 1506 818 1543 eruam
843 1499 910 1551 te,
945 1497 989 1542 et
1023 1487 1392 1556 Itonoriﬁcabis
1423 1504 1500 1540 me
1528 1488 1592 1537 “.
1631 1485 1753 1538 Vul-

180 1598 276 1636 nus
308 1581 513 1635 inflixit
544 1580 718 1634 hostis
743 1580 765 1632 ἲ
795 1589 850 1634 at
891 1578 1157 1633 Dominus
1218 1578 1450 1632 sanavit.
1497 1575 1753 1629 Turbavit

180 1673 298 1726 ille?
359 1672 520 1742 atqui
601 1670 888 1739 imperavit
952 1671 1124 1732 mari,
1171 1669 1396 1734 sileret,
1482 1668 1755 1722 contices-

1854 571 2033 616 strave
2062 562 2380 626 deﬂectere,
2414 563 2506 617 sed
2533 563 2614 616 via
2651 565 2797 632 regia
2825 565 3096 632 grassari,
3129 581 3189 618 ac
3223 567 3306 634 pol
3348 568 3429 621 ci-

1853 655 2003 718 bum,
2024 662 2229 722 potum,
2256 669 2507 707 somnum
2533 670 2725 723 capere
2749 658 3107 720 moderatum,
3130 672 3237 725 quo
3260 659 3430 712 dianae

1854 753 2277 812 temperamento
2308 743 2520 797 itineris
2536 759 2808 797 mrumnas
2835 745 3061 797 leviores
3085 756 3423 813 comparent.

1856 834 2129 899 Quorsum
2167 836 2269 888 hoc
2313 836 2448 888 mihi
2488 835 2850 903 prooemium?
2880 836 3043 888 Plane
3087 845 3142 890 et
3195 852 3289 901 per
3331 855 3427 892 vos

1854 926 2066 994 capitis,
2095 927 2186 995 qui
2214 927 2451 980 viatores
2479 928 2699 995 quidam
2734 927 2788 979 in
2822 928 2923 981 hac
2951 931 3066 980 vita
3087 929 3280 990 simus,
3309 931 3425 998 ple-

1857 1035 1983 1071 num
2036 1019 2265 1088 ingressi
2328 1019 2473 1072 mille
2517 1019 2619 1072 iter
2664 1017 2976 1083 laboribus,
3014 1022 3325 1085 cohortari,
3373 1029 3426 1074 et

1857 1113 2098 1165 animare
2130 1111 2355 1163 invicem
2390 1111 2442 1162 in
2475 1110 3151 1180 certatninibusoportere,
3175 1111 3426 1164 minime—

1855 1217 1959 1270 que
1991 1201 2324 1270 palabundos
2355 1216 2681 1265 excurrere;
2712 1201 2841 1261 cibi,
2876 1212 3055 1272 potus,
3082 1202 3260 1254 somni
3295 1216 3428 1253 con-

1857 1290 2123 1349 tinentes,
2156 1304 2220 1340 ne
2249 1289 2372 1341 hinc
2411 1289 2615 1355 gravati
2649 1296 3024 1355 torpescamus
3060 1288 3124 1340 ad
3155 1288 3291 1354 iter;
3330 1304 3428 1340 nec

1855 1396 1962 1432 non
2001 1379 2123 1432 vitae
2173 1379 2258 1432 hic
2293 1379 2501 1433 deliciis
2540 1379 2744 1432 aversis
2772 1417 2785 1440 ,
2833 1393 2897 1432 ac
2943 1379 3177 1432 viatores
3223 1393 3427 1446 nequa-

1854 1489 2018 1542 quam
2051 1475 2156 1527 huc
2188 1473 2317 1526 illuc
2371 1487 2429 1524 se
2458 1481 2777 1523 convertant
2803 1512 2816 1535 ,
2846 1471 3196 1524 dextrorsum
3227 1483 3319 1523 aut
3348 1469 3426 1523 si-

1856 1568 2183 1621 nistrorsum
2208 1606 2223 1630 ,
2257 1565 2468 1632 iterque
2494 1562 2668 1616 solum
2703 1570 2953 1632 urgentes
2980 1603 2994 1626 ,
3035 1577 3140 1630 quo
3169 1560 3427 1614 festinent

1857 1657 2218 1712 diversorium
2258 1665 2586 1725 respectent.
2630 1654 2707 1710 Ac
2747 1669 2843 1708 nos
2877 1653 3162 1709 diversorii
3193 1651 3374 1706 felices
3406 1692 3421 1715 ,

180 1775 361 1830 εει-εις
429 1763 763 1819 ﬂuctuantes
830 1763 884 1816 in
945 1762 1105 1816 nobis
1171 1761 1526 1830 cogitationes
1590 1760 1747 1815 seda-
1777 1793 1822 1853 Β
1858 1766 1953 1804 seu
1987 1748 2169 1819 potius
2200 1749 2537 1802 mansionem
2561 1746 2794 1808 felicem,
2829 1761 2950 1814 quae
2978 1745 3120 1798 haud
3152 1752 3425 1813 tempora-

177 1859 266 1912 vit.
309 1859 496 1928 Atque
553 1873 589 1912 ο
642 1855 1105 1910 munificentiam!
1140 1854 1227 1907 vix
1274 1852 1514 1907 invocari
1561 1852 1744 1921 coapit,

179 1968 293 2006 eum
351 1952 602 2009 beneﬁce
650 1967 716 2006 ac
758 1950 1058 2005 liberaliter
1114 1958 1464 2019 praeverteris,
1507 1947 1747 2001 votatri-

179 2042 286 2096 buit
338 2044 613 2112 precanti,
673 2041 921 2110 uubeque
949 2041 1179 2108 quadam
1201 2039 1431 2093 tristitia:
1476 2038 1744 2102 discussa,

179 2135 402 2203 egregiis
435 2133 607 2186 animi
633 2133 809 2188 sensis
841 2131 1110 2194 ineundis,
1150 2130 1267 2184 luce
1299 2128 1461 2183 allicit
1491 2140 1743 2183 mentem.

182 2225 241 2278 Et
262 2226 389 2292 quid
421 2242 532 2280 non
566 2233 692 2294 agat
729 2224 975 2286 scilicet;
1008 2237 1131 2274 nam
1161 2221 1253 2289 qui
1282 2231 1562 2290 nostrapte
1580 2235 1746 2274 causa

183 2330 236 2369 se
264 2317 462 2370 obtulit
499 2316 553 2369 in
588 2330 796 2378 necem,
831 2329 895 2367 ac
926 2312 1014 2382 pol
1055 2313 1254 2375 crucis,
1291 2312 1383 2382 qui
1414 2322 1592 2380 potest
1637 2326 1745 2365 non

183 2421 281 2459 una
308 2422 500 2462 secum
531 2406 717 2460 omnia
752 2404 977 2475 largiri?
1004 2405 1075 2460 Ut
1106 2403 1464 2458 insistendum
1497 2404 1588 2467 sit,
1634 2403 1745 2456 fra-

185 2506 308 2562 tres,
337 2498 432 2568 qui
463 2498 516 2552 ei
562 2497 775 2551 fortiter
829 2496 1155 2561 serviamus,
1189 2510 1289 2550 nos
1318 2511 1346 2549 a
1389 2495 1630 2564 lapsibus
1661 2511 1746 2549 re—

183 2602 456 2658 vocantes,
490 2590 772 2659 studiiqne
804 2589 1139 2645 curriculum
1176 2590 1462 2645 monastici
1489 2598 1747 2644 contente

184 2684 554 2750 decurrentes,
606 2684 743 2739 certi
774 2695 1018 2739 extremo
1062 2683 1114 2736 in
1147 2684 1444 2737 certamine
1482 2682 1746 2752 repositas

186 2793 430 2834 coronas.
475 2779 621 2849 Ergo
661 2785 877 2831 utamur
896 2775 1242 2832 confessione
1272 2776 1561 2846 frequenti,
1587 2785 1739 2845 post-

189 2886 342 2940 quam
375 2871 594 2924 frenum
631 2885 736 2922 non
767 2868 1025 2936 peccandi
1069 2866 1342 2922 confessio
1372 2877 1496 2930 est;
1528 2877 1746 2921 utamur

190 2962 568 3024 submissione,
630 2975 738 3028 qua
778 2960 933 3028 ignea
967 2959 1185 3030 maligni
1222 2961 1321 3013 tela
1377 2958 1695 3028 frangamus
1728 2975 1742 3024 ;

191 3065 397 3108 utamur
423 3054 547 3113 lide,
578 3052 701 3106 sine
722 3067 826 3120 qua
863 3052 971 3104 Deo
993 3053 1202 3120 placere
1225 3051 1396 3104 nefas.
1427 3048 1545 3104 Jam
1582 3051 1746 3102 mira-

1851 1841 1927 1893 ria
1950 1879 1963 1902 ,
1997 1840 2088 1893 sed
2120 1849 2321 1893 interna
2348 1879 2362 1903 ,
2393 1852 2568 1906 neque
2601 1837 2654 1890 in
2706 1838 2914 1891 caduco
2942 1873 2956 1898 ,
2994 1835 3085 1889 sed
3129 1835 3424 1888 immortali

1850 1928 2023 1998 posita
2056 1929 2172 1982 solo
2211 1936 2316 1989 est,
2351 1927 2440 1980 ubi
2483 1926 2775 1997 gaudium,
2811 1941 2915 1995 pax
2944 1967 2957 1987 ,
2984 1925 3291 1993 triumphus
3315 1917 3441 1995 agi?

1852 2029 2014 2084 tetur,
2042 2020 2111 2074 de
2139 2035 2245 2087 qua
2273 2017 2483 2071 Domini
2519 2019 2569 2070 in
2599 2016 2904 2086 Evangeliis
2934 2017 3046 2070 haec
3070 2027 3195 2070 sunt
3217 2017 3377 2070 verba
3405 2034 3420 2070 :

1850 2111 1913 2166 In
1944 2111 2098 2164 domo
2132 2110 2311 2163 Patris
2354 2110 2456 2162 mei
2490 2110 2783 2162 mansiones
2820 2107 2999 2161 multa:
3035 2117 3178 2171 sunt,
3205 2109 3252 2161 si
3290 2124 3422 2178 quo—

1852 2203 2026 2255 minus
2053 2202 2307 2254 dixissem
2336 2200 2477 2253 vobis
2502 2215 2521 2252 :
2568 2197 2710 2251 Vada
2739 2214 2929 2263 parare
2965 2198 3106 2251 vobis
3139 2199 3308 2252 locum
3329 2238 3342 2260 ,
3370 2207 3420 2251 et

1855 2294 1902 2346 si
1934 2295 2110 2347 abiero
2137 2309 2328 2362 parare
2367 2292 2537 2344 locum
2567 2333 2580 2354 ,
2632 2292 2822 2344 iterum
2863 2292 3039 2350 venio,
3077 2300 3126 2342 et
3166 2291 3430 2355 accipiant

1854 2402 1940 2439 vos
1971 2385 2038 2438 ad
2063 2387 2318 2452 meipsum
2340 2423 2355 2447 ,
2387 2393 2444 2437 ut
2481 2382 2568 2435 ubi
2591 2398 2708 2434 sum
2737 2397 2830 2450 ego
2860 2391 2906 2434 et
2933 2397 3021 2434 vos
3047 2382 3182 2434 sitis.
3223 2378 3288 2432 Et
3319 2396 3421 2449 quo

1857 2493 1946 2548 ego
1972 2476 2104 2530 vado
2139 2477 2319 2539 scitis,
2362 2485 2408 2528 et
2437 2476 2574 2527 viam
2604 2475 2751 2526 scitis
2783 2473 2848 2525 “.
2897 2471 3082 2526 Viden’
3116 2473 3334 2540 ingens,
3365 2481 3423 2525 et

1847 2565 2267 2636 incomparabile
2282 2564 2606 2634 promissum
2627 2562 2794 2627 ?Quis
2819 2578 2925 2617 non
2950 2562 3422 2632 exsurgatporro?

1848 2658 1970 2727 quis
1993 2673 2096 2712 non
2119 2657 2322 2711 irruat?
2342 2655 2462 2724 quis
2489 2671 2595 2709 non
2621 2656 2812 2710 avidus
2840 2657 3167 2725 sempiterna
3197 2655 3308 2708 haec
3341 2663 3423 2708 ta-

1850 2749 2144 2805 bernacula
2178 2749 2435 2802 invadat?
2459 2763 2688 2816 quorum
2721 2745 2980 2800 incensus
3013 2744 3281 2799 desiderio
3314 2743 3420 2797 Da-

1849 2842 1937 2895 vid
1974 2855 2171 2897 canere
2205 2857 2218 2895 :
2256 2839 2429 2905 Quam
2461 2840 2655 2892 dilecta
2684 2838 3025 2892 tabernacula
3051 2849 3164 2903 tua,
3200 2836 3421 2890 Domine

1847 2935 2099 2988 virtutum
2125 2933 2144 2986 !
2179 2933 2521 3000 concupiscit,
2551 2944 2598 2985 et
2634 2931 2806 2998 deﬁcit
2840 2931 3017 2983 anima
3050 2945 3165 2982 mea
3194 2929 3248 2981 in
3277 2929 3420 2981 atria

1851 3023 2064 3076 Domini
2091 3023 2155 3076 ’⁸.
2198 3021 2330 3076 Nam
2380 3022 2632 3090 equidem
2672 3020 2916 3089 jucunda
2962 3035 3024 3074 ea
3073 3019 3418 3072 tabernacula

191 3160 304 3198 mur
334 3111 544 3208 forsan,
603 3157 668 3196 ac
706 3111 1061 3209 demiramur,
1094 3142 1555 3212 quemadmodum
1595 3141 1751 3196 fmdis
1779 3131 1821 3188 C
1855 3123 2014 3212 33""
2056 3114 2145 3169 hic
2180 3113 2335 3182 quaSi
2367 3112 2586 3212 q‘fidam
2631 3111 2860 3165 dedimii
2892 3111 3140 3173 Obimus’
3175 3111 3423 3212 ξ¹¹ίΨ¹ξ¹¹¹⁸

192 3236 454 3306 cogitatis,
487 3234 792 3305 quamlibet
822 3245 1115 3298 certantes,
1144 3235 1447 3303 capiamur,
1497 3234 1588 3289 sed
1621 3234 1752 3301 pati-

192 3343 306 3382 mur
329 3329 381 3383 id
406 3328 666 3382 nimirum
694 3327 763 3380 ob
780 3327 1276 3395 praevaricationem
1303 3328 1352 3379 in
1377 3327 1605 3391 Adanio,
1627 3341 1750 3380 nam

192 3417 456 3488 Regnavit,
489 3419 691 3488 inquit,
716 3434 854 3471 mors
893 3418 956 3470 ab
1001 3417 1172 3471 Adam
1208 3434 1366 3486 usque
1405 3418 1472 3468 ad
1525 3418 1746 3480 Mosem,

191 3514 423 3566 etiamin
452 3529 539 3567 eos
571 3511 666 3572 qui
694 3527 796 3563 non
851 3520 1188 3579 peccaverant
1241 3512 1294 3565 in
1347 3512 1748 3565 similitudinem

190 3605 631 3670 prevaricationis
679 3603 806 3658 Adae
837 3603 901 3657 ".
957 3603 1186 3672 Alteque
1237 3603 1289 3656 in
1339 3613 1588 3656 naturam
1623 3603 1746 3657 libi-

191 3691 368 3748 dinum
399 3695 519 3751 lues
553 3705 609 3749 et
639 3695 889 3761 contagio
919 3695 1178 3763 pervasit,
1202 3709 1322 3760 quae
1340 3694 1442 3748 etsi
1465 3695 1515 3748 in
1545 3694 1747 3748 Christi

192 3785 410 3840 adrentu
445 3787 887 3854 regenerationis
936 3785 1171 3848 lavacro,
1195 3786 1482 3854 sanctique
1513 3786 1748 3855 Spiritus

193 3879 577 3935 instauratione
607 3888 799 3933 sanata
851 3880 901 3932 in
930 3878 1213 3949 antiquum
1274 3887 1476 3934 statum
1505 3879 1746 3944 revertit,

193 3980 359 4027 tamen
390 3988 513 4041 qua:
567 3979 825 4039 corrupta
881 3972 1047 4026 semel
1097 3972 1470 4043 aegritudinem
1530 3982 1748 4028 contra-

193 4064 338 4127 xerit,
375 4063 538 4119 facile
569 4064 898 4133 negligentia
957 4069 1065 4119 ruit
1125 4067 1180 4120 in
1211 4065 1515 4120 libidinem.
1560 4065 1745 4118 Enim-

193 4167 309 4209 vero
345 4155 378 4209 ii
407 4158 580 4210 sancti
609 4170 850 4218 evasere,
885 4157 1210 4222 reverentia,
1242 4164 1297 4212 et
1339 4171 1528 4210 amore
1563 4156 1748 4210 divino

195 4251 472 4312 temperata
501 4245 666 4315 quasi
720 4245 953 4313 quadam
985 4248 1183 4301 mentis
1230 4247 1369 4310 acie,
1395 4247 1486 4317 qui
1519 4261 1646 4301 cum
1679 4247 1746 4300 ad

195 4337 489 4400 prasidium
526 4335 635 4390 sibi
666 4334 989 4395 sufﬁcerent.
1048 4346 1158 4390 tum
1191 4354 1414 4392 manum
1446 4338 1569 4392 aliis
1613 4353 1742 4407 por-

197 4426 438 4493 rigerent,
475 4428 748 4484 daemonia
785 4428 1053 4498 fugarent,
1087 4430 1294 4486 infinita
1317 4433 1543 4486 ederent
1575 4433 1744 4486 mira-

195 4518 300 4571 eula
319 4536 333 4583 ;
354 4535 588 4590 quorum
607 4519 708 4573 etsi
732 4535 761 4573 a
783 4521 889 4575 vita
914 4522 1176 4576 absumus
1201 4522 1380 4593 longe,
1401 4525 1599 4579 imitari
1622 4528 1742 4595 qui-

196 4607 303 4662 dem
339 4621 504 4676 certe,
538 4619 807 4681 quantum
830 4610 944 4665 ﬁeri
975 4620 1165 4680 potest,
1181 4626 1463 4680 conemur,
1481 4615 1746 4671 clemente

194 4697 427 4758 Deotam
474 4714 729 4759 nostrum
785 4704 928 4759 exile
978 4720 1175 4758 munus
1227 4719 1538 4777 accepturo,
1580 4725 1744 4779 quam

195 4790 394 4850 illorum
441 4798 710 4868 praeclara
770 4796 1031 4862 facinora,
1093 4812 1157 4852 ac
1209 4814 1432 4866 regnum
1501 4803 1747 4870 utrisque

195 4895 339 4939 Situm
392 4888 691 4956 praebitura
740 4902 834 4955 per
882 4888 1158 4944 Christum
1215 4889 1400 4944 Jesum
1437 4875 1742 4947 'Dominum

197 4987 459 5034 nostrum:
496 4981 586 5036 cui
638 4979 805 5049 gloria
834 4988 887 5033 et
932 4979 1216 5050 imperium
1269 4998 1395 5036 eum
1441 4981 1620 5048 Patre,
1677 5000 1742 5038 ac

195 5078 366 5122 saneto
404 5070 638 5142 Spiritu,
704 5087 848 5126 nunc
901 5082 956 5126 et
999 5088 1235 5142 semper,
1293 5075 1347 5128 in
1412 5089 1744 5146 omnemque

195 5159 625 5225 Perpetuitatem.
664 5160 853 5214 Amen.

711 5315 946 5376 SERMO
983 5319 1218 5378 CXXIII.

196 5422 264 5478 De
315 5430 517 5498 itinere
579 5432 818 5504 spiritali
880 5437 1098 5504 impigre
1166 5438 1441 5504 ineundo,
1491 5442 1609 5494 vitae
1667 5441 1749 5494 hic

257 5505 546 5622 aoezsandis
613 5503 853 5568 deliciis,
890 5503 1048 5574 deque
1099 5509 1389 5563 mansionis
1425 5503 1748 5566 beatitudine

262 5584 344 5623 nos
373 5589 460 5626 rte.

259 5655 459 5719 Fratres
496 5664 821 5731 Patresque,
847 5667 1021 5720 solent
1046 5668 1276 5723 \iattores
1302 5669 1560 5740 instigare
1584 5674 1742 5729 vicis-

816 5783 859 5813 ’³
892 5782 1045 5850 Rom,
1077 5802 1126 5849 v,
1162 5788 1240 5843 Iri.

428 5855 475 5891 ³⁸
511 5854 680 5908 Ιὶυιιι.
718 5865 776 5915 ιι,
802 5851 850 5906 5.

254 5774 440 5834 "Psal.
472 5797 620 5844 κων,
658 5779 737 5832 I5.

203 5854 254 5910 τ,
287 5849 358 5903 18.

1322 5792 1363 5822 ’⁵
1398 5790 1551 5849 Juan.
1573 5812 1687 5863 XIV,
1718 5800 1770 5866 ‘2,
1800 5800 1850 5857 .5.

1858 3207 2029 3260 tillum
2070 3212 2353 3259 constante
2392 3203 2497 3256 vita
2527 3242 2541 3267 ,
2586 3210 2874 3271 postquam
2922 3209 2976 3254 et
3025 3200 3287 3254 saeculum
3317 3199 3421 3254 hoc

1854 3312 2015 3350 omne
2049 3312 2145 3364 pro
2178 3294 2395 3348 diecula
2427 3295 2491 3346 ad
2524 3292 2764 3346 futurum
2800 3293 3036 3347 ducitur.
3083 3289 3152 3345 Ut
3181 3291 3317 3345 nihil
3352 3293 3423 3345 sit

1852 3374 1950 3442 cur
1980 3402 2105 3442 cum
2136 3385 2340 3440 mundo
2371 3398 2797 3438 consuescamus
2827 3399 2990 3452 porro
3010 3425 3025 3448 ,
3067 3391 3160 3436 aut
3184 3397 3421 3450 praesen-

1852 3480 1998 3534 tibus
2029 3480 2327 3544 inhiemus,
2366 3486 2461 3532 aut
2494 3492 2603 3531 non
2632 3477 2809 3530 dicam
2839 3476 2894 3529 in
2926 3476 3030 3529 hoc
3067 3486 3120 3530 et
3146 3473 3274 3528 illud
3303 3483 3419 3528 stu-

1850 3571 1997 3625 dium
2025 3570 2287 3632 feramur,
2311 3569 2401 3622 sed
2434 3584 2500 3621 ne
2524 3569 2573 3620 in
2601 3568 2721 3621 caeli
2754 3567 2996 3635 quidem.
3022 3575 3201 3630 terrae,
3229 3564 3419 3630 maris,

1852 3666 2011 3729 lunae,
2037 3663 2190 3727 solis,
2217 3662 2516 3727 stellarum,
2545 3680 2606 3714 ac
2633 3674 2753 3730 quae
2783 3659 2888 3712 alia
2929 3667 3055 3712 sunt
3081 3659 3374 3724 conspicua
3401 3673 3416 3722 ;

1849 3772 1969 3825 qua:
1996 3757 2138 3816 enim
2169 3770 2291 3806 mox
2324 3755 2656 3816 deseremus,
2687 3751 2752 3804 iis
2781 3750 2910 3818 quid
2944 3748 3306 3816 nequidquam
3338 3748 3424 3800 iu-

1849 3848 2150 3903 INBI‘CIIIUSI
2185 3844 2356 3898 Unam
2377 3844 2506 3912 petii
2531 3860 2562 3896 a
2597 3843 2839 3908 Domino,
2865 3841 3061 3911 inquit,
3089 3843 3221 3894 hanc
3248 3841 3422 3908 requi-

1849 3954 1963 3992 rant
2005 3948 2058 3989 ut
2099 3935 2386 3989 inhabitem
2429 3934 2478 3986 in
2516 3934 2671 3986 domo
2708 3931 2922 3985 Domini
2964 3931 3200 3985 omnibus
3241 3931 3421 3984 diebus

1849 4034 1968 4084 vitae
1994 4044 2122 4082 metu
2142 4068 2156 4094 ,
2190 4036 2247 4079 ut
2274 4025 2478 4078 videam
2507 4025 2828 4093 voluptatem
2873 4023 3084 4076 Domini
3124 4032 3171 4075 et
3217 4024 3422 4075 visitem

1849 4121 2094 4189 templum
2126 4126 2368 4170 sanctum
2413 4117 2526 4184 ejus
2562 4116 2628 4166 “.
2678 4116 2801 4178 Quo
2836 4115 2928 4183 qui
2965 4113 3296 4182 pervaserit,
3340 4128 3423 4167 na:

1849 4215 1916 4268 iis
1950 4212 2210 4266 liberatus
2263 4209 2336 4262 sit
2368 4209 2435 4262 ab
2464 4221 2770 4261 aerumnosa
2816 4221 2880 4260 ea
2929 4206 3050 4269 die,
3082 4203 3147 4257 de
3193 4218 3299 4271 qua
3347 4207 3422 4255 ait

1847 4313 1996 4358 vates
2037 4321 2052 4358 :
2084 4300 2278 4368 thuid
2341 4317 2427 4353 vos
2475 4301 2713 4369 qurerilis
2751 4299 2888 4351 diem
2920 4295 3178 4350 Domini?
3213 4311 3273 4346 ea
3305 4295 3422 4361 qui-

1849 4397 1962 4448 dem
1996 4393 2246 4455 tenebrw,
2290 4402 2338 4446 et
2369 4409 2472 4444 non
2519 4391 2612 4442 lux
2640 4401 2711 4442 est
2745 4390 2811 4442 ³⁷.
2857 4389 3025 4454 Quin,
3058 4389 3249 4441 beatus
3273 4385 3420 4454 Apo-

1775 4470 1820 4527 D
1849 4489 2020 4543 stolus
2042 4502 2256 4556 quoque
2288 4484 2432 4537 diem
2470 4482 2707 4551 appellat
2742 4481 2856 4546 iraa,
2890 4481 3155 4543 scribens,
3192 4481 3245 4533 in
3282 4481 3421 4534 hanc

1845 4579 2207 4634 sententiam:
2258 4573 2609 4628 Thesaurizas
2644 4572 2738 4626 tibi
2774 4573 2910 4625 iram
2971 4573 3028 4625 in
3072 4571 3212 4625 diem
3283 4573 3371 4625 ira
3403 4610 3419 4636 ,

1845 4682 1902 4726 et"
1946 4668 2272 4724 reuelationis
2310 4706 2325 4728 .
2382 4675 2430 4719 et
2471 4665 2603 4736 justi
2652 4663 2846 4733 judicii
2901 4662 3047 4728 Dei,
3098 4662 3188 4730 qui
3243 4659 3421 4714 reddet

1848 4762 2126 4830 unicuique
2159 4757 2442 4813 secundum
2477 4771 2635 4823 opera
2672 4754 2786 4823 ejus
2818 4754 2883 4806 ’⁸.
2924 4753 3100 4821 Atque
3136 4760 3194 4804 ut
3241 4767 3423 4804 exem-

1849 4853 1937 4922 plo
1987 4863 2168 4904 rerum
2208 4862 2330 4917 quae
2375 4847 2428 4899 in
2477 4860 2578 4899 nos
2622 4844 2909 4898 incurrant
2951 4857 3275 4896 aerumnosa:
3304 4842 3423 4910 ejus

1849 4944 1953 4998 diei
1995 4942 2349 4998 simulacrum
2395 4937 2664 5008 quoddam
2703 4950 3047 5005 proponam,
3107 4949 3422 4989 revocemus

1849 5037 1915 5091 ad
1971 5032 2321 5094 memoriam,
2376 5030 2421 5083 si
2462 5029 2694 5094 videtur,
2726 5027 3002 5080 hominem
3048 5024 3274 5094 jamjam
3320 5024 3422 5077 huc

1851 5127 2162 5198 appulsum,
2190 5123 2283 5193 qui
2309 5138 2338 5175 a
2368 5121 2636 5175 daemonio
2664 5120 2925 5172 multatus
2957 5117 3421 5186 strangulabatur,

1850 5222 2075 5282 ardens,
2107 5222 2161 5268 et
2197 5211 2362 5266 animi
2396 5220 2631 5264 aestuans
2660 5247 2672 5272 ,
2709 5223 2772 5263 ac
2805 5207 3118 5263 vociferans
3148 5207 3265 5262 dies
3319 5224 3420 5260 no-

1846 5321 2103 5379 ctesque,
2160 5314 2360 5360 statum
2389 5345 2405 5369 ,
2448 5313 2503 5356 et
2553 5303 2850 5371 requietem
2899 5303 3151 5355 obtinens
3189 5303 3418 5356 nullam.

1846 5402 2000 5470 Quod
2050 5399 2286 5455 hominis
2335 5397 2453 5451 leve
2499 5396 2823 5465 sapplicium
2873 5393 3156 5448 censetis?
3204 5394 3423 5448 Minime

1846 5489 2241 5566 gentiumJam
2277 5489 2326 5543 id
2363 5487 2634 5540 somnium
2659 5502 2781 5541 cum
2813 5484 3242 5548 sitadfnlurum,
3267 5486 3419 5552 illud,

1847 5587 2058 5649 fratres,
2091 5584 2182 5652 qui
2208 5579 2544 5651 perferamus
2570 5621 2585 5644 ,
2629 5580 2804 5648 ignem
2836 5579 3254 5640 inexslinctum,
3300 5579 3420 5634 sine

1847 5688 2021 5733 morte
2055 5689 2313 5735 vernicm,
2352 5671 2497 5724 mille
2544 5671 2646 5723 alia
2683 5669 2937 5739 perennia
2971 5670 3281 5722 tormenta?
3314 5670 3412 5722 Ve-

1930 5800 1970 5830 ”
2007 5793 2149 5850 Psal.
2184 5803 2408 5853 uxxm,
2442 5786 2493 5839 5.
2571 5787 2614 5816 "
2647 5784 2788 5839 Psal.
2820 5801 2981 5844 Xh'h
3004 5785 3056 5838 ιι.
3135 5786 3176 5815 ³⁷
3206 5785 3408 5852 Amos,
