4000 6306
552 355 653 421 δτι

1684 358 1746 416 S.
1799 344 2195 414 THEODORI
2241 344 2588 406 STUDlT/E

3694 345 3809 407 672

557 482 678 522 rum
708 482 813 521 non
846 467 1004 524 nobis
1031 508 1047 534 ,
1085 467 1311 524 Domine
1336 509 1350 534 ,
1389 483 1496 524 non
1538 469 1694 524 nobis
1718 512 1732 535 ,
1773 472 1905 538 quin
1943 466 2025 519 fas
2057 460 2127 513 sit

2236 482 2488 547 salutem,
2523 482 2628 536 nisi
2671 482 2937 550 repressis
2967 482 3231 552 evestigio
3261 482 3431 537 turbis
3456 525 3470 546 ,
3495 495 3808 550 consequa-

556 569 786 615 cunctos
822 559 914 613 Dei
939 560 1278 625 liberalitate,
1303 576 1366 616 ac
1390 571 1733 626 sanetorum,
1756 571 1810 616 et
1841 563 1979 616 beati
2006 577 2129 631 pre-

557 652 717 706 cibus
742 652 918 707 Patris
947 665 1010 706 ex
1056 653 1141 706 his
1161 653 1420 708 omnibus
1444 660 1666 722 ereptos
1693 653 1835 706 bona
1867 653 2126 721 consequi

559 745 833 814 promissa
862 761 958 815 per
984 745 1261 800 Christum
1291 744 1476 800 Jesum
1518 744 1807 800 Dominum
1841 755 2088 799 nostrum
2111 789 2125 812 ,

559 839 649 891 cui
676 837 845 905 gloria
871 846 925 890 et
955 838 1240 907 imperium
1266 853 1390 892 cum
1416 839 1574 895 Patre
1596 854 1660 893 ae
1680 847 1870 894 sancto
1885 839 2090 909 Spiritu
2112 882 2127 906 ,

561 943 707 985 nunc
735 939 791 984 et
822 943 1052 999 semper,
1075 930 1126 983 in
1141 945 1469 1000 omnemque
1486 932 1921 1000 perpetuitatem.
1936 932 2127 987 Amen.

1090 1061 1323 1117 SERMO
1351 1062 1587 1120 CXXIV.

563 1152 777 1222 Aperiri
809 1153 947 1222 fores
978 1154 1120 1230 uitiis
1139 1173 1250 1230 non
1275 1166 1533 1230 oportere,
1565 1175 1877 1230 operamque
1902 1160 2132 1216 dandam

923 1226 1012 1293 qui
1042 1227 1195 1294 [tedis
1224 1228 1476 1296 cogitatis
1508 1245 1769 1284 vacemus.

633 1311 853 1368 Fratres
909 1314 1242 1384 Patresque,
1287 1317 1498 1387 lapsum
1529 1328 1612 1374 est
1645 1329 1855 1390 tempus
1896 1323 2134 1377 nonnul-

563 1406 675 1459 lum
712 1422 777 1461 ex
831 1423 942 1477 quo
987 1409 1217 1462 solemni
1257 1411 1533 1467 catechesi
1561 1452 1576 1476 ,
1612 1415 1862 1485 interque
1895 1431 1992 1470 nos
2021 1417 2138 1470 olli-

561 1497 662 1552 ciis
687 1499 924 1554 vicissim
969 1500 1354 1568 prohibemur,
1384 1513 1630 1559 extorres
1681 1507 1787 1561 huc
1851 1507 1982 1562 illuc
2026 1524 2136 1578 prae

561 1591 936 1657 Agarenorum
970 1591 1214 1645 incursu.
1248 1592 1570 1662 Quanquam
1610 1597 1698 1664 qui
1725 1597 2019 1665 jubeamur
2050 1600 2135 1653 be-

563 1677 802 1734 nedicere
823 1680 1109 1735 Dominum
1126 1685 1180 1736 in
1205 1686 1347 1737 omni
1377 1685 1490 1739 loco
1518 1686 1897 1743 dominationis
1928 1691 2041 1760 ejus
2067 1693 2131 1760 ",

2231 590 2373 627 mur.
2415 573 2685 640 Quorsum
2721 589 2820 629 nos
2850 583 3029 628 autem
3057 573 3300 638 turbari,
3335 588 3398 628 ac
3431 572 3718 637 fluctuare,
3751 585 3806 627 et

2231 661 2578 731 naufragium
2610 661 3008 716 extimescere?
3041 677 3141 714 cur
3173 678 3280 714 non
3326 663 3620 730 tranquilla
3669 677 3804 731 pace

2231 753 2482 816 fruimur,
2520 753 2612 807 sed
2643 761 3001 822 spontaneum
3037 753 3090 806 in
3109 767 3209 806 nos
3226 762 3381 806 atrox
3411 753 3639 807 exitium
3666 769 3802 807 con-

2233 843 2470 898 ﬁamus?
2518 842 2636 898 Non
2669 844 3002 899 arcessimus
3031 843 3256 897 insania:
3281 843 3374 911 qui
3413 857 3444 896 e
3476 853 3635 911 portu
3672 858 3803 911 pro-

2233 935 2358 991 fecti
2387 937 2490 992 sub
2519 945 2912 1005 tempestatem,
2953 935 3208 990 ﬂuctibus
3239 935 3593 1005 mergantur?
3621 935 3802 988 enim-

2234 1044 2362 1085 vero
2391 1031 2558 1085 multo
2588 1046 2687 1085 nos
2719 1031 2836 1085 sani
2864 1027 3085 1098 putandi
3121 1027 3323 1092 minus,
3351 1027 3442 1096 qui
3468 1026 3523 1080 in
3546 1026 3802 1080 vitiorum

2236 1132 2611 1190 tempestatem
2648 1123 2789 1176 ultro
2807 1135 3056 1174 ruamus.
3079 1117 3298 1172 Scilicet
3318 1133 3453 1188 quas
3475 1133 3582 1171 non
3604 1118 3805 1172 excitet

2236 1213 2504 1282 procellas
2539 1213 2807 1282 impotens
2843 1213 2897 1265 in
2951 1211 3134 1264 animo
3179 1210 3397 1279 spirans
3439 1207 3804 1263 desiderium?

2238 1320 2344 1358 non
2378 1306 2518 1367 huc,
2552 1305 2681 1358 illuc
2707 1303 2971 1372 impulsos
3017 1309 3276 1372 tanquam
3316 1299 3566 1365 suffocat,
3591 1299 3804 1358 demet:

2236 1395 2370 1449 sos?
2400 1395 2516 1449 Non
2554 1394 2755 1447 invidia
2781 1393 2982 1461 pariter
3004 1398 3239 1445 mentem
3269 1397 3536 1454 externat,
3563 1390 3804 1442 animum

2233 1489 2388 1558 juxta
2447 1501 2512 1541 ac
2541 1499 2743 1554 corpus
2779 1482 3071 1538 saucians?
3099 1496 3202 1535 non
3222 1480 3522 1551 pervicacia
3557 1479 3808 1534 tenebras

2238 1581 2467 1652 ingeniis
2515 1577 2756 1641 obducit,
2788 1575 3014 1629 remissa
3040 1582 3093 1627 et
3110 1572 3268 1627 effeta
3315 1571 3808 1641 comparans?non

2239 1673 2453 1742 singula
2478 1713 2493 1737 ,
2522 1671 2793 1734 breviter,
2845 1667 3101 1721 mortales
3133 1666 3319 1720 habitu
3350 1665 3583 1732 quodam
3620 1663 3808 1718 demo-

563 1782 632 1822 ne
666 1768 752 1823 hic
781 1771 1002 1839 quidem
1041 1781 1438 1842 torpescamus,
1469 1777 1562 1846 qui
1597 1794 1696 1847 pro
1729 1780 1872 1835 virili
1909 1755 2132 1850 statum,
2167 1810 2208 1865 Β
2241 1775 2366 1819 νθηῑ
2389 1772 2622 1827 natura:
2651 1777 2716 1817 ³ο
2734 1761 2926 1865 brum?
2956 1758 3290 1865 mO'iuf‘mi?
3321 1756 3506 1827 Ιιθίιιιθ
3538 1755 3809 1861 fuﬁum“

560 1863 1029 1919 exercitationem.
1066 1865 1300 1934 opiﬁcia,
1333 1877 1524 1937 etquae
1545 1871 1595 1923 in
1619 1872 1741 1927 aliis
1767 1875 1870 1929 sita
1905 1875 2132 1932 honesta

562 1955 908 2009 conversatio
940 1966 1058 2020 est,
1113 1972 1404 2026 urgeamus
1456 1977 1576 2028 qua:
1625 1964 1910 2019 videantur
1952 1985 2132 2023 rerum

562 2059 684 2110 «gnte
719 2046 939 2099 minime
979 2048 1264 2102 videantur
1286 2053 1563 2121 exemplar
1592 2055 1901 2125 capientes;
1934 2075 2055 2114 nam
2088 2061 2134 2116 si

563 2145 710 2189 metu
745 2153 810 2191 ne
839 2138 1206 2196 incideremus
1236 2141 1287 2195 in
1320 2145 1691 2214 Agarenorum
1743 2166 1935 2206 manus
1977 2152 2138 2208 aufu-

563 2226 763 2294 giinus,
795 2228 881 2283 hic
913 2229 1198 2296 hat-rentes,
1219 2243 1423 2303 quanto
1452 2237 1710 2294 debemus
1739 2243 1912 2312 magis
1941 2244 2136 2300 timore

563 2330 634 2369 ne
664 2317 922 2384 inimicis,
945 2323 1038 2390 q‘ui
1068 2324 1315 2378 obtutum
1355 2325 1562 2396 fugiant
1590 2333 1899 2399 oculorum,
1938 2336 1990 2390 in
2022 2353 2137 2392 ma-

565 2424 694 2462 nutn
735 2415 1332 2485 conveniamns,quam
1389 2420 1708 2491 longissime
1738 2465 1752 2489 ,
1821 2444 2134 2499 quanquam

566 2500 840 2591 tutissime
876 2504 1212 2562 abscedere?
1235 2509 1303 2562 At
1328 2511 1420 2579 qui
1453 2523 1538 2566 est
1569 2514 1899 2574 abscessus?
1927 2523 2134 2591 peccati

565 2589 714 2664 fuga,
746 2609 877 2664 quo,
904 2600 1144 2654 acinacis
1166 2600 1362 2664 instar.
1387 2605 1628 2660 animum
1655 2623 1871 2665 omnem
1897 2589 2136 2671 interne-

565 2700 692 2740 care
720 2689 917 2758 satagit
937 2689 1366 2760 diabolus.Quod
1395 2695 1667 2764 fugiamus
1692 2715 1856 2770 quam
1877 2708 2134 2772 maxime,

566 2777 785 2838 fratres.
821 2781 902 2833 vel
936 2797 1108 2851 usque
1143 2785 1208 2837 ad
1253 2789 1632 2857 cogitationes,
1692 2795 1834 2849 unde
1879 2796 1934 2851 in
1975 2804 2136 2856 verba

565 2884 948 2941 prorumpens,
977 2874 1189 2930 desinat
1216 2893 1379 2946 porro
1405 2880 1458 2934 in
1487 2883 1774 2940 actionem.
1802 2887 2024 2946 Difﬁcile
2052 2901 2137 2948 est

566 2971 748 3018 autem
777 3005 793 3030 ,
854 2981 917 3021 ac
949 2983 1114 3038 prope
1153 2971 1493 3040 deploratum
1523 3016 1538 3042 ,
1595 2993 1936 3050 nequaquam
1973 2983 2135 3040 ftedis

566 3057 816 3125 cogitatis
849 3059 988 3128 capi.
1020 3059 1230 3126 Quibus
1271 3063 1317 3118 si
1350 3079 1702 3135 occupemnr,
1737 3084 1883 3126 certe
1922 3079 2134 3132 anmliri

2240 1873 2423 1929 porro,
2449 1855 2721 1925 fugiamus
2754 1852 3007 1923 pestifera
3036 1849 3164 1904 vitia
3186 1889 3201 1913 ,
3239 1849 3434 1905 fratres
3458 1888 3474 1913 ,
3521 1865 3589 1903 ne
3621 1849 3674 1903 in
3710 1865 3810 1905 nos

2236 1963 2453 2021 quoque
2493 1949 2605 2003 hate
2637 1947 2730 2002 Dei
2767 1945 3042 2001 sententia
3088 1943 3301 1998 dicatur
3337 1959 3350 1996 ε
3389 1940 3509 1994 Non
3536 1957 3809 2010 permane-

2238 2042 2310 2095 bit
2345 2041 2562 2107 spiritus
2595 2055 2740 2091 meus
2767 2038 2823 2090 in
2855 2037 2929 2090 eis
2951 2077 2965 2099 ,
3007 2035 3097 2105 qui
3125 2049 3310 2086 carnes
3345 2043 3464 2084 sunt
3491 2032 3558 2089 ³⁸.
3597 2030 3808 2086 Carnes

2235 2150 2366 2188 vero
2428 2134 2850 2202 haudquaquam
2893 2129 3065 2182 sensit
3100 2128 3352 2184 universe
3392 2125 3538 2192 (nam
3578 2133 3634 2178 et
3669 2122 3809 2178 Deus

2237 2227 2475 2281 Verbum
2502 2225 2676 2280 facms
2707 2239 2837 2277 caro
2873 2227 2998 2288 est),
3019 2219 3111 2275 sed
3142 2218 3360 2273 carnale
3385 2215 3623 2270 studium
3644 2215 3810 2268 nimi-

2237 2338 2379 2391 rum,
2416 2320 2561 2391 quod
2607 2318 2765 2372 Redis
2809 2314 3125 2368 libidinibus
3157 2312 3423 2375 defixum,
3463 2309 3638 2362 instar
3666 2306 3810 2361 fera-

2238 2390 2382 2474 rum,
2421 2412 2643 2465 minime
2680 2408 2978 2478 appetitum
3035 2403 3283 2458 conferat
3331 2401 3383 2453 in
3434 2399 3626 2479 Deum.
3688 2400 3808 2465 Quo

2236 2509 2347 2563 Deo
2365 2507 2492 2576 Opt.
2509 2503 2652 2557 Max.
2672 2499 3070 2558 consecrando,
3090 2496 3164 2549 uti
3187 2494 3420 2560 postulet
3437 2493 3541 2547 hoc
3554 2492 3804 2546 ell‘atum:

2245 2600 2433 2654 Vestra
2462 2595 2788 2652 conversatio
2813 2592 2868 2645 in
2902 2590 3045 2644 caelis
3075 2599 3151 2642 est
3179 2589 3245 2651 “,
3279 2585 3565 2640 audiamus
3590 2585 3807 2652 potius:

2247 2690 2347 2746 Vos
2379 2706 2479 2743 non
2530 2687 2656 2742 estis
2684 2700 2750 2739 ex
2773 2685 2869 2736 hoc
2896 2680 3114 2745 mundo,
3147 2681 3278 2733 sicut
3308 2687 3355 2732 et
3400 2693 3491 2746 ego
3547 2691 3648 2728 non
3693 2691 3809 2728 sum

2236 2796 2300 2836 ea:
2337 2782 2433 2833 hoc
2469 2776 2664 2832 mundo
2689 2776 2755 2839 ³⁸,
2787 2788 2897 2844 quo
2927 2771 3057 2841 quid
3095 2771 3340 2829 beatius,
3375 2783 3482 2821 non
3515 2766 3690 2820 solum
3725 2780 3812 2820 se-

2237 2876 2474 2932 cundum
2541 2871 2834 2925 imminens
2887 2881 3083 2928 :evum,
3139 2864 3233 2920 sed
3276 2863 3437 2916 etiam
3509 2860 3810 2914 secundum

2237 2983 2476 3038 praesens
2520 2967 2542 3018 ?
2595 2966 2688 3034 qui
2719 2962 2941 3032 quidem
2984 2974 3011 3012 a
3044 2957 3207 3012 foedis
3259 2954 3577 3009 libidinibus
3623 2953 3810 3018 alieni,

2239 3076 2343 3114 non
2377 3074 2542 3114 carne
2593 3070 2883 3126 regamur,
2919 3053 3051 3122 quin
3114 3050 3306 3120 spiritu
3357 3049 3646 3101 ducamur.
3698 3045 3814 3100 Hoc

567 3149 724 3202 ocius
748 3150 986 3204 nitamur
1017 3152 1304 3223 precibus,
1339 3156 1595 3226 lacrymis
1618 3162 1784 3214 animi
1831 3167 1984 3232 quasi
2017 3170 2133 3236 qui-

2243 3152 2540 3212 heatitudo,
2585 3150 2689 3202 hoc
2737 3146 2999 3208 suavitas,
3054 3143 3159 3197 hoc
3212 3140 3462 3205 felicitas,
3511 3140 3614 3193 hoc
3644 3153 3813 3206 ange-

568 3240 796 3294 bnsdam
829 3246 1113 3311 aerumnis,
1146 3263 1268 3317 quae
1300 3264 1363 3302 ex
1387 3250 1568 3305 divina
1601 3251 2140 3315 fortnidinenascan-

567 3345 675 3397 tur,
701 3343 759 3387 ut
777 3350 843 3387 ne
867 3347 1148 3404 peccatum
1173 3341 1390 3409 exigant
1412 3358 1586 3411 mora,
1605 3355 1767 3416 atque
1794 3350 1844 3404 id
1874 3354 2138 3421 quotidie,

567 3428 836 3496 siquidem
873 3429 1018 3484 inest
1054 3432 1106 3485 in
1144 3433 1301 3489 nobis
1331 3451 1525 3506 perpes
1557 3441 1895 3508 implacabile
1920 3449 2137 3516 bellum,

568 3533 744 3586 neque
769 3520 925 3574 aliter
955 3521 1039 3578 fas
1064 3524 1294 3580 evadere
1316 3539 1418 3591 est,
1444 3547 1606 3599 quam
1645 3533 1872 3603 ingenti,
1913 3549 2140 3595 conterr—

567 3619 732 3680 toque
759 3614 1072 3681 magisterio
1095 3619 1317 3684 mentis,
1342 3637 1463 3674 cum
1490 3627 1739 3691 praesidio
1766 3631 1992 3685 caelesti.
2019 3630 2136 3687 Non

566 3702 818 3757 videmus
849 3722 968 3771 qua:
994 3709 1221 3761 excitata
1252 3712 1324 3763 sit
1363 3725 1460 3778 per
1491 3714 1589 3768 hoc
1623 3716 1858 3771 triduum
1897 3722 1948 3774 in
1999 3725 2135 3778 mari

568 3801 910 3865 tempestas?
938 3801 1121 3854 eadem
1148 3810 1231 3856 est
1262 3811 1316 3856 et
1365 3805 1646 3875 vitiorum,
1687 3825 1751 3864 ac
1781 3813 1868 3877 pol
1897 3818 2132 3883 gravior,

567 3903 857 3960 postquam
889 3893 976 3946 hic
1005 3894 1172 3950 animi
1217 3900 1400 3962 agitur
1441 3898 1808 3968 naufragium.
1841 3903 1959 3958 Jam
1990 3908 2134 3964 illius

569 3993 764 4036 auctor
799 3981 940 4037 Deus
970 3995 1073 4046 est.
1104 3987 1218 4052 qui,
1241 3997 1299 4041 ut
1325 4004 1389 4042 ex
1419 4006 1520 4046 usu
1555 3993 1644 4058 sit,
1671 3998 1978 4063 praestituto
1997 4009 2134 4055 tem-

567 4091 698 4147 pore
730 4077 864 4130 mari
896 4080 1381 4147 ventosimmittat;
1413 4083 1575 4153 huius
1603 4091 1949 4160 nosmetipsi:
1974 4094 2134 4151 liceat

566 4168 713 4222 enim
745 4170 892 4224 velut
931 4171 984 4224 in
1019 4180 1176 4239 portu
1212 4174 1409 4243 degere
1440 4181 1748 4248 tranquillis
1778 4223 1792 4247 ,
1850 4187 1944 4254 qui
1989 4189 2131 4246 haud

566 4261 880 4327 aperiamus
912 4264 1057 4319 vitiis
1101 4265 1265 4321 fores.
1301 4268 1397 4322 Sin
1425 4271 1733 4339 aperimus.
1765 4276 1896 4330 llant
1945 4280 1996 4334 in
2033 4299 2134 4338 nos

564 4351 792 4419 spiritus
821 4354 1065 4424 maligni,
1097 4366 1152 4410 et
1185 4357 1373 4428 ingens
1401 4363 1642 4415 cooritur
1671 4372 1994 4436 tempestas,
2031 4388 2134 4430 uec

1137 4446 1367 4503 SEBMO
1396 4448 1606 4507 CXXV.

565 4536 642 4593 De
666 4537 984 4601 obedientia,
1025 4555 1087 4592 ac
1119 4542 1209 4608 qui
1243 4543 1442 4596 cunctis
1483 4545 1737 4602 obeundis
1780 4552 1972 4606 muniis
2017 4571 2134 4610 cum

881 4610 984 4679 ﬁde
1027 4626 1260 4680 puraque
1290 4623 1456 4667 mente
1482 4619 1797 4672 animentur.

639 4699 856 4757 Fratres
910 4699 1230 4770 Patresque,
1276 4705 1526 4773 equidem
1575 4712 1714 4763 servi
1746 4713 1949 4769 veritus
1982 4715 2131 4783 judi-

567 4793 713 4846 cium
745 4793 838 4862 qui
890 4793 1150 4846 talentum
1181 4794 1389 4850 abdidit
1420 4797 1472 4850 in
1510 4807 1730 4864 terram,
1761 4804 1827 4856 ad
1860 4821 2022 4874 quem
2057 4808 2134 4861 ait

567 4882 830 4939 Dominus
862 4901 875 4938 :
909 4883 1063 4939 Serve
1098 4887 1248 4949 male,
1281 4899 1329 4941 et
1350 4892 1514 4959 piger,
1546 4896 1779 4959 Oportuit
1819 4905 1866 4950 te
1889 4910 2131 4952 commit-

567 4987 672 5031 tere
700 4978 972 5046 pecuniam
1006 4994 1174 5032 meam
1199 4983 1588 5044 nummulariis,
1614 4995 1661 5037 et
1683 4987 1886 5041 veniens
1919 5005 2012 5058 ego
2049 5008 2132 5043 re-

567 5070 816 5136 cepissem
846 5069 1023 5139 utique
1047 5071 1185 5139 quod
1207 5087 1374 5124 meum
1403 5081 1479 5126 est
1509 5089 1628 5129 cum
1660 5093 1820 5130 usura
1850 5079 1915 5143 ³³,
1941 5095 2130 5135 neces-

567 5161 715 5218 sario
750 5161 863 5215 haec
890 5161 1177 5217 verborum
1211 5166 1419 5220 dissero
1447 5178 1748 5238 segmenta.
1778 5168 2027 5227 Vestrum
2053 5186 2135 5229 est

567 5262 774 5316 autem,
817 5252 910 5323 qui
951 5255 1151 5327 egregii
1203 5256 1423 5325 quidam
1460 5261 1812 5316 nummularii
1861 5263 2014 5327 sitis,
2079 5266 2130 5318 in

565 5360 701 5413 opus
743 5347 976 5402 educere
1008 5363 1352 5414 sermonem,
1403 5365 1563 5420 quem
1616 5351 1710 5406 Dei
1762 5354 2024 5408 beneficio
2080 5366 2134 5410 et

566 5437 854 5503 eduxistis,
880 5455 965 5494 me
992 5440 1263 5508 hercules,
1292 5453 1346 5496 et
1368 5441 1618 5509 educitis,
1651 5460 1750 5514 pro
1779 5446 1974 5515 insigni
2001 5448 2128 5503 obe-

567 5530 769 5586 dientia
809 5542 1005 5587 vestra.
1047 5532 1366 5605 Quanquam
1423 5547 1546 5590 sunt
1583 5537 1639 5590 in
1692 5539 1847 5594 vobis
1885 5541 1976 5609 qui
2029 5558 2126 5597 nec

640 5675 684 5704 "
714 5671 854 5728 Psal.
889 5691 982 5736 cn,
1011 5675 1100 5730 2‘2.
1177 5677 1220 5708 ³ο
1252 5675 1384 5731 Gen.
1419 5694 1490 5745 vt,
1527 5681 1580 5733 5.

641 5785 890 5860 (-i)Apud
924 5787 1051 5845 Cod.
1088 5791 1229 5846 Non.
1261 5805 1416 5846 C.\.\l“
1443 5792 1674 5858 exsistit,
1701 5810 1749 5863 p.
1790 5792 1902 5845 lti'i.

1655 5681 1695 5710 “
1737 5679 1965 5750 Philipp.
2007 5696 2082 5744 ιιι,
2117 5681 2203 5736 9.0.
2284 5685 2326 5716 ³³
2358 5684 2513 5739 Joan.
2550 5700 2678 5750 xv”,
2721 5681 2800 5739 Η.

2242 3243 2342 3296 lica
2369 3243 2476 3294 vita
2504 3249 2582 3295 est
2618 3246 2782 3308 atque
2809 3240 2874 3298 is,
2909 3236 3122 3289 medius
3151 3233 3332 3294 fidius,
3363 3231 3419 3288 in
3459 3228 3667 3285 mundo
3691 3230 3814 3282 vita:

2240 3333 2498 3405 quiddam
2533 3331 2743 3385 obtinet
2793 3328 2988 3387 instar,
3025 3326 3272 3379 diadema
3301 3322 3615 3392 gerentibus
3647 3334 3816 3373 vene-

2242 3427 2468 3492 randus,
2502 3421 2691 3477 mundi
2727 3421 2962 3482 arbiter,
3004 3427 3058 3472 et
3098 3417 3295 3479 herus,
3323 3414 3633 3468 simulacris
3660 3423 3817 3467 satur

2240 3519 2477 3583 divinis,
2505 3517 2570 3570 ad
2606 3517 2886 3569 decessum
2925 3519 3169 3581 paratus,
3203 3523 3232 3561 a
3269 3515 3442 3560 morte
3471 3505 3815 3573 imperterri~

2238 3621 2345 3665 tus.
2377 3610 2412 3662 li
2438 3617 2493 3663 et
2518 3622 2639 3672 nos,
2673 3606 2887 3669 fratres,
2919 3603 3150 3658 evadere
3180 3615 3280 3672 pro
3308 3598 3514 3654 viribus
3538 3609 3814 3652 certemus

2237 3701 2458 3773 (etenim
2493 3697 2574 3753 fas
2599 3707 2704 3756 est.
2741 3697 2784 3752 si
2815 3695 2990 3749 solido
3021 3693 3298 3758 velimus),
3333 3691 3481 3759 lique
3518 3688 3670 3752 facti,
3697 3699 3812 3744 tum

2235 3794 2399 3847 vitam
2434 3791 2575 3844 hanc
2601 3803 2818 3843 omnem
2857 3786 3084 3839 hilarem
3111 3783 3414 3854 exigeutus,
3442 3780 3660 3849 quotvis
3747 3794 3815 3834 ac

2237 3883 2526 3954 quantavis
2564 3881 2861 3937 secundum
2893 3891 3113 3932 carnem
3152 3875 3395 3929 incidant
3437 3871 3658 3936 acerba,
3695 3880 3812 3926 tum

2241 3979 2294 4032 in
2334 3976 2516 4031 futuro
2540 3973 2740 4030 saeculo
2761 3971 2983 4026 caeleste
3008 3983 3235 4038 regnum
3267 3965 3623 4025 erciscemur,
3653 3973 3816 4018 teter-

2241 4072 2327 4126 nis
2359 4071 2517 4125 bonis
2551 4081 2676 4122 cum
2706 4061 2908 4119 sanctis
2940 4059 3198 4114 omnibus
3240 4056 3482 4112 fruentes
3527 4071 3623 4123 per
3660 4055 3817 4110 Chri-

2243 4178 2386 4224 stum
2419 4164 2603 4219 Jesum
2649 4159 2934 4214 Dominum
2969 4161 3252 4208 nostrum:
3291 4151 3379 4207 cui
3421 4149 3593 4222 gloria
3625 4158 3682 4203 et
3708 4151 3813 4203 im-

2239 4258 2448 4331 perlum
2497 4270 2620 4310 cum
2686 4249 2866 4313 Patre,
2908 4260 2972 4301 ac
3027 4253 3218 4301 sancto
3271 4242 3500 4313 Spiritu,
3556 4255 3702 4294 nunc
3762 4252 3817 4294 et

2240 4363 2478 4420 semper,
2512 4346 2567 4401 in
2601 4355 2928 4410 omnemque
2965 4335 3415 4409 perpetuitatem.
3439 4335 3634 4388 Amen.

2802 4447 3020 4503 ΛΟΓΟΣ
3054 4445 3230 4500 ΡΚΕ’.

2234 4552 2374 4622 Περὶ
2400 4543 2676 4622 ὐπᾳκρῆς
2700 4542 2810 4622 ’καὶ
2844 4541 2949 4622 fat?
2976 4540 3127 4622 μεςὰ
3156 4537 3535 4622 πΐσςεωςοκιέι
3570 4535 3812 4622 βαρ-

2338 4622 2458 4687 δίᾳ,
2495 4619 2592 4671 ἐπὶ
2627 4607 2798 4680 sitia"
2835 4607 3112 4676 ὃιακὸνίςι
3139 4608 3572 4678 προθυμεῖσθαι
3603 4607 3706 4678 (4).

2317 4711 2559 4780 Ἀδελφοὶ
2601 4707 2695 4762 καὶ
2713 4705 2854 4759 Πατὲ
2861 4721 2972 4775 ρες,
2985 4700 3236 4763 δεδοικὼς
3251 4700 3312 4752 τὸ
3333 4701 3508 4769 κρῖμα
3528 4699 3621 4751 τοῦ
3639 4701 3702 4752 τὸ
3718 4704 3816 4755 τά..

2235 4809 2427 4861 λαντον
2455 4805 2513 4856 ὲν
2540 4804 2606 4872 τῇ
2632 4802 2698 4869 τῇ
2734 4795 3040 4867 κρύψαντος
3064 4836 3078 4859 ,
3107 4792 3243 4862 πρὸς
3267 4791 3326 4845 ὃν
3343 4783 3559 4862 φησίφὸ
3585 4792 3812 4862 κύριος.

2240 4900 2428 4954 Δοῦλε
2458 4892 2684 4961 πονηρὲ
2717 4892 2814 4944 καὶ
2853 4886 3090 4954 ὀκνηρέ,
3120 4885 3241 4939 ἔδει
3269 4901 3342 4938 σε
3363 4883 3587 4949 ,ϐαλεῖν
3616 4885 3684 4938 τὸ
3715 4887 3816 4954 dp-

2240 4990 2449 5060 γύριόν
2478 5002 2599 5055 μου
2618 4983 2743 5046 τοῖς
2776 4977 3163 5048 τραπεζῖταις,
3192 4976 3290 5029 καὶ
3309 4973 3504 5029 ἐλθὼν
3533 4974 3649 5043 ἐγὼ
3683 4976 3815 5029 ἐκο-

2229 5079 2503 5153 μισάμην
2534 5076 2612 5132 ἂν
2654 5078 2720 5129 τὸ
2751 5074 2896 5144 ἐμὸν
2929 5073 3052 5127 σὺν
3087 5073 3261 5136 τόκῳ.
3295 5069 3611 5136 ἀναγκαίως
3651 5069 3813 5138 φθέγ.

2232 5192 2399 5244 γομαι
2442 5170 2616 5226 ταῦτα
2651 5169 2718 5222 τὰ
2753 5165 2959 5237 βραχέα
2986 5165 3238 5235 ῥήματα·
3270 5160 3424 5231 ὑμῶν
3453 5160 3513 5214 δέ
3555 5161 3812 5240 ἐστι-λοι-

2234 5267 2333 5319 πὺν
2360 5264 2469 5318 τῶν
2494 5261 2673 5316 καλῶν
2704 5259 2811 5313 τῶν
2841 5253 3206 5329 τραπεζιτῶν,
3235 5253 3315 5316 εἰς
3353 5251 3516 5323 ἔργον
3560 5269 3809 5323 προαγα-

2232 5361 2347 5425 γεῖν
2381 5357 2450 5410 τὰ
2491 5357 2761 5423 λεγόμενα
2782 5370 2797 5382 ·
2833 5349 2977 5420 ἅπερ
3006 5349 3188 5420 χάριτι
3219 5343 3354 5400 Θεοῦ
3382 5345 3479 5399 καὶ
3512 5346 3807 5416 προάγετε,

2234 5449 2324 5501 Gri
2356 5449 2452 5516 τῆς
2479 5447 2688 5516 ἀγαθῆς
2724 5443 2876 5513 ὑμῶν
2902 5440 3202 5508 ὑποταγῆς,
3229 5439 3380 5508 ὅμως
3410 5438 3491 5490 ὅτι
3521 5437 3631 5490 εἰσί
3667 5454 3809 5501 τινες

2233 5543 2291 5595 ἐν
2325 5541 2474 5612 ὑμῖν,
2505 5541 2724 5603 οἵτινες
2771 5537 2831 5591 οὐ
2870 5537 3032 5608 μόνον
3065 5533 3127 5586 τὸ
3153 5531 3303 5586 δοθὲν
3321 5529 3806 5603 ,προσεξεργάζον-

2882 5682 2924 5713 ³³
2965 5679 3155 5734 Matth.
3190 5693 3317 5743 xxv,
3349 5675 3437 5733 ‘27.
