4000 6306
163 354 267 415 673

1338 350 1742 413 SERMONES
1779 350 2175 412 CATECHET
2189 354 2287 414 lCI
2301 399 2314 415 .

3315 352 3422 422 674

161 481 272 527 ται,
323 460 465 516 ἀλλὰ
507 461 605 515 καὶ
648 461 785 530 ὅπερ
815 461 1001 530 ἔχουσι
1038 459 1236 531 μικροῦ
1278 460 1389 515 δεῖν
1418 462 1744 515 ἀπολύουσι·

1851 470 2087 530 augeant
2117 462 2343 527 sortem,
2379 473 2433 518 et
2473 478 2663 534 parum
2699 464 2855 520 abest
2879 482 3011 535 qtnn
3041 466 3185 538 quod
3220 466 3420 524 habent

163 557 311 620 τίνες
357 555 403 609 δ’
435 555 502 608 ἂν
535 552 648 606 εἶεν
673 549 854 617 οὑτοις
903 555 967 607 Oi
1005 554 1103 618 τὰς
1138 555 1415 617 διακονίας
1448 555 1750 626 παραιτού-

164 664 343 716 μενοι,
380 647 478 700 καὶ
522 645 586 697 τὸ
637 644 992 715 συγχώρησον
1027 645 1148 699 ἀντί
1194 662 1342 710 τινος
1381 645 1749 716 δικαιώματος

164 738 624 810 προσαλλόμενοι.
680 739 745 791 Τί
798 737 993 806 λέγεις,
1027 738 1257 808 ἁδελφέ;
1303 739 1464 809 μέχρι
1516 737 1747 792 θανάτου

163 832 258 900 τὴν
285 830 543 901 ὑπακοὴν
573 830 906 899 ἐπηγγείλω,
936 830 1029 883 καὶ
1050 829 1144 884 νῦν
1170 833 1410 901 παραιτῇ
1442 831 1544 901 τὴν
1564 830 1748 883 διακοι-

165 923 282 976 νίαν
313 924 451 994 περὶ¹
479 925 545 992 ἢν
578 922 795 992 εὐφυῶς
836 921 979 992 ἔχεις
993 923 1059 975 ἐκ
1091 922 1310 991 χάριτος
1334 921 1468 975 Θεοῦ
1486 922 1587 991 (5);
1607 921 1746 975 Ἀλλ’

163 1013 266 1076 ὅτι,
316 1014 480 1082 φησὶ,
520 1012 732 1065 δέδοικα
767 1011 1011 1066 διαπλεῖν
1052 1012 1152 1082 τὴν
1195 1011 1502 1070 θάλασσαν’
1542 1009 1603 1077 ἐξ
1631 1015 1750 1066 ἁπι-

167 1105 342 1167 στίας,
376 1105 501 1157 ἐκεῖ
524 1102 855 1174 φοϐούμενος
885 1102 1071 1171 φόϐον,
1098 1094 1163 1154 οὗ
1184 1103 1284 1155 οὑκ
1315 1101 1433 1155 ἐστι
1463 1103 1627 1170 φόϐος
1648 1119 1660 1133 ε
1698 1105 1748 1156 εἰ

164 1197 272 1266 γὰρ
302 1194 588 1255 πεποιθὼς
621 1189 688 1265 ἧς
721 1195 788 1265 τῇ
817 1194 1052 1263 ὑπακοῇ,
1079 1197 1140 1246 οὑ
1178 1192 1340 1262 μόνον
1366 1192 1612 1246 διαπλεῖν
1649 1193 1748 1263 τὴν

166 1287 473 1349 θάλασσαν,
507 1285 641 1339 ἀλλά
663 1286 756 1338 καὶ
787 1287 990 1353 γυμνὸς
1022 1282 1101 1354 τῷ
1135 1284 1348 1354 σώματι
1379 1287 1576 1355 χωρεῖν
1605 1285 1749 1339 κατὰ

165 1377 255 1429 τοῦ
289 1376 492 1438 ὓδατος
510 1391 524 1406 ο
560 1374 898 1444 μιμούμενος
925 1373 1017 1426 τὸν
1045 1373 1286 1444 ἀοίδιμον
1312 1376 1519 1428 ἐκεῖνον
1546 1375 1747 1429 ὑποταρ

165 1465 391 1537 κτίτην’
445 1465 505 1528 ὃς
546 1467 612 1536 τῇ
660 1466 900 1536 πατρικῇ
947 1464 1134 1536 ἐντολῇ
1177 1466 1608 1535 ἐπερειδόμενος,
1648 1467 1747 1519 οὐκ

166 1557 333 1609 Εδεισε
368 1556 466 1609 τὸν
496 1555 726 1626 φοϐερὸν
760 1558 968 1610 ἐκεῖνον
1014 1557 1256 1627 ποταμὸν
1294 1558 1552 1628 περάσαι,
1614 1559 1749 1613 ἀλλά

164 1648 528 1719 διαπεράσας,
563 1647 746 1718 ἔμεινε
776 1648 943 1719 μηδὲν
993 1648 1180 1704 παθὼν
1205 1649 1281 1713 ὡς
1321 1651 1588 1721 ἐκστῆσαι
1623 1655 1748 1718 τοὺς

1849 555 2160 624 prodigaut.
2201 553 2434 621 Quinam
2470 557 2545 621 lii,
2581 558 2782 611 sodes?
2819 559 2911 628 qui
2945 557 3117 613 olllcia
3144 569 3423 623 recusent,

1849 655 1916 696 ac
1943 658 2042 712 pro
2062 658 2220 714 aequo
2249 645 2540 713 objecteut.
2561 645 2855 702 Comitare.
2882 647 3016 714 Quae
3043 649 3176 717 haec,
3195 651 3421 718 malum,

1850 742 1938 789 est
1965 735 2180 789 oratio?
2214 736 2327 790 itan
2368 736 2676 792 obedientia
2703 739 2788 792 vel
2819 741 2872 794 in
2931 757 3118 795 necem
3146 743 3420 806 condicta,

1850 840 1998 880 nunc
2019 824 2252 880 ofﬁcium
2277 827 2550 882 detrectas
2572 828 2638 882 ad
2669 832 2813 898 quod
2846 847 2942 900 per
2967 831 3058 886 Dei
3089 833 3320 903 gratiam
3345 833 3423 888 sia

1851 916 2117 971 idoneus?
2145 915 2284 988 Ergo
2333 918 2638 974 obedientia
2667 923 2894 976 corruit.
2943 924 3013 977 At
3033 926 3178 978 enim
3205 939 3418 990 vereor,

1851 1006 2048 1075 inquit,
2084 1009 2333 1079 trajicere
2361 1025 2529 1066 mare.
2561 1009 2658 1066 Pol
2699 1028 2808 1082 prae
2855 1015 3158 1083 pervicacia
3207 1025 3416 1082 vetere,

1849 1097 2144 1152 formidine
2168 1099 2369 1155 ductus
2406 1102 2495 1156 ubi
2524 1101 2930 1160 formidandum
2962 1107 3034 1161 sit
3061 1107 3198 1162 nihil
3224 1145 3240 1170 ,
3291 1123 3420 1162 nam

1848 1190 2154 1244 obedientia
2209 1190 2512 1260 pralldens,
2569 1209 2676 1248 non
2726 1195 2902 1249 solum
2959 1211 3105 1251 mare
3156 1197 3419 1268 trajieias,

1848 1279 1976 1348 quin
2009 1280 2091 1335 vel
2121 1282 2266 1336 nudo
2293 1297 2524 1352 corpore
2568 1285 2779 1340 insilias
2819 1286 2874 1340 in
2917 1303 3116 1358 aquam
3137 1330 3153 1354 ,
3182 1289 3421 1344 nobilem

1848 1371 2002 1426 illum
2039 1373 2322 1428 subditum
2347 1375 2601 1432 imitatus
2623 1378 2717 1447 qui
2755 1387 2984 1448 paterno
3018 1381 3181 1435 nixus
3211 1396 3420 1449 praece-

1848 1476 1961 1534 pto,
1985 1467 2128 1521 haud
2154 1469 2406 1524 extimuit
2436 1481 2589 1526 atrox
2614 1471 2818 1527 flumen
2877 1481 3114 1538 tranare,
3162 1474 3422 1544 traiecto-

1847 1576 1954 1629 que
1993 1560 2198 1617 illaesus
2224 1564 2497 1631 perstitit,
2548 1572 2609 1618 ut
2655 1564 3103 1633 obstupescerent
3153 1565 3418 1620 videntes.

1849 1651 1990 1718 Quin
2029 1655 2217 1709 domat
2238 1655 2544 1710 obedientia
2585 1655 2732 1714 feras
2753 1695 2770 1722 ,
2793 1658 2882 1712 cui
2908 1657 3141 1712 orationi
3171 1659 3423 1712 testimo-

166 1740 585 1804 ἐπιϐλέποντος.
627 1740 871 1812 Ὑπακοὴ
892 1741 1072 1793 τοίνυν
1103 1744 1197 1795 καὶ
1223 1742 1388 1813 Θηρία
1420 1743 1746 1798 ὑποτάσσειν

1852 1746 2001 1800 nium
2033 1747 2174 1801 dicet
2203 1748 2297 1816 qui
2346 1756 2575 1818 paterno
2601 1749 2760 1819 jussu
2815 1750 3059 1820 hyaenam
3090 1749 3283 1803 vinxit.
3318 1749 3423 1803 Ea-

165 1829 296 1884 οἶδε·
347 1832 452 1885 καὶ
484 1831 695 1903 μάρτυς
721 1831 813 1884 τοῦ
842 1832 1023 1900 λόγου,
1053 1833 1082 1886 6
1112 1835 1177 1887 ἐκ
1207 1835 1478 1905 πατρικῆς
1508 1853 1745 1906 προστα-

1850 1836 2078 1907 demque
2115 1813 2308 1892 edit—iu
2345 1813 2576 1895 mortuis
2602 1813 2886 1905 vostentav,
2933 1842 3080 1910 quod
3127 1842 3344 1896 loeutus
3389 1855 3422 1894 e

167 1922 264 1992 γῆς
308 1921 621 1992 δεσμεύσας
659 1921 760 1992 τὴν
785 1921 975 1976 ὑαιναν
998 1939 1012 1952 ο
1058 1923 1274 1996 ὑπακοὴ
1316 1926 1410 1978 καὶ
1444 1926 1501 1978 ιν
1529 1928 1738 1997 νεκροῖς

167 2012 612 2086 θαυματουργεῖ·
638 2014 735 2068 καὶ
766 2014 922 2069 τοῦτο
957 2016 1190 2087 ἐδιδάχει
1215 2018 1243 2070 6
1275 2019 1338 2070 ὲκ
1360 2017 1530 2086 τάφου
1560 2021 1743 2087 φωνή-

172 2121 265 2169 σας
308 2105 589 2169 Ἀκάκιος.
629 2106 740 2186 Ιςαὶ
765 2106 818 2160 τί
850 2107 1009 2160 τοῦτο
1046 2108 1267 2161 κάκεῖνο
1311 2108 1483 2176 λέγω;
1513 2110 1674 2172 αὑτὸς
1715 2111 1744 2163 6

171 2198 462 2270 μονογενὴς
493 2198 620 2261 Υἱὸς
663 2197 758 2252 τοῦ
799 2198 932 2252 Θεοῦ
973 2199 1210 2268 ὑπήκοος
1243 2201 1535 2269 γενόμενος
1583 2203 1743 2274 μέχρι

171 2290 419 2358 θανάτου,
456 2291 691 2345 Θανάτου
716 2292 773 2344 δὲ
806 2291 1064 2360 σταυροῦ,
1093 2292 1192 2361 τὴν
1234 2295 1496 2363 σωτήριον
1527 2293 1619 2346 τοῦ
1649 2295 1744 2347 κό-

172 2396 301 2450 σμου
330 2381 650 2451 οἰκονομίαν
691 2381 1085 2450 ἀπειργάσατο.
1118 2383 1226 2435 Καὶ
1269 2382 1492 2436 τοιαῦτα
1541 2383 1639 2454 μὲν
1673 2383 1744 2439 τά

171 2472 260 2542 τῆς
286 2473 536 2542 ὑπακοῆς
563 2472 966 2544 κατορθώματα
991 2490 1005 2504 ·
1037 2475 1105 2528 τὰ
1132 2474 1189 2527 δὲ
1214 2475 1312 2544 τῆς
1341 2475 1626 2540 ἀπειθείας
1652 2480 1746 2546 ὲγ-

173 2563 423 2634 κλήματα
476 2564 656 2634 βούλει
710 2566 939 2636 μαθεῖν;
985 2567 1268 2637 Ἐννόησον
1312 2567 1405 2620 τὸν
1440 2566 1644 2637 ⁸Αδά,μ’
1684 2569 1745 2632 ὃς

174 2657 464 2730 ἐπειδήπερ
509 2659 711 2729 ῆκουσε
751 2659 885 2712 Θεοῦ
927 2659 1028 2728 τῆς
1069 2661 1445 2730 ἀπειρημένης
1490 2660 1744 2730 βρώσεως

174 2749 638 2821 ἀπογευσάμενος,
679 2751 906 2805 θάνατον
935 2754 1015 2814 είς
1049 2751 1143 2804 τὸν
1173 2755 1378 2821 κόσμον
1429 2754 1740 2824 εἰσήγαγεν.

175 2837 454 2914 Ἐννόησον
480 2847 573 2896 τὸν
612 2843 781 2896 Σαούλ
807 2859 820 2873 ·
870 2844 965 2896 καὶ
1011 2844 1261 2913 εὑρήσεις
1295 2844 1390 2897 καὶ
1425 2846 1586 2898 αὑτὸν
1613 2863 1745 2916 παρ-

177 2931 484 2987 ακούσαντα
515 2934 609 2985 τοῦ
637 2934 793 3000 ἀγίου
816 2934 1093 3005 Σαμουὴλ,
1126 2936 1216 2987 καὶ
1241 2935 1375 3003 ὁμοῦ
1402 2935 1500 3005 μὲν
1523 2937 1622 3006 τὴν
1652 2937 1746 3005 βα-

177 3023 392 3087 σιλείαν,
427 3023 568 3095 ὁμοῦ
595 3024 652 3076 δὲ
683 3026 775 3077 καὶ
795 3026 892 3094 τὴν
920 3027 1063 3096 ζωὴν
1084 3028 1172 3090 είς
1194 3029 1261 3079 τὰ
1294 3027 1395 3098 ὅρη
1420 3029 1488 3080 τὰ
1516 3027 1745 3082 Γελϐουὲ

1845 1941 2201 1985 monumento
2231 1930 2464 1987 Aeacius
2492 1931 2798 1988 conﬁrmat.
2824 1931 3034 2002 thuid
3053 1933 3168 1987 haec
3218 1932 3419 2001 illaque

1843 2036 2216 2078 commemoro
2243 2024 2404 2093 lipse
2428 2025 2658 2095 unigena
2693 2024 2784 2079 Dei
2815 2023 2987 2080 Filius
3024 2025 3332 2094 obsequens
3365 2025 3417 2078 in

1845 2125 2099 2180 mortem,
2124 2131 2189 2172 ac
2226 2117 2316 2186 pol
2344 2117 2546 2180 crucis,
2573 2119 2831 2187 sospitum
2851 2119 2966 2172 orbi
2994 2127 3263 2173 terrarum
3295 2133 3423 2187 pro-

1845 2208 2181 2262 curationem
2216 2210 2439 2278 peregit.
2486 2210 2661 2277 Atque
2697 2208 2812 2262 base
2834 2217 2962 2262 sunt
2999 2209 3319 2263 obedientia:
3342 2207 3422 2260 la-

1845 2301 2053 2354 cinora.
2090 2298 2193 2354 Sed
2223 2301 2336 2354 vin'
2363 2311 2417 2355 et
2448 2300 2770 2371 pervicacia
2797 2301 3029 2354 crimina
3051 2300 3420 2370 cognoscere?

1846 2391 2115 2460 Cogitasis
2139 2391 2432 2457 Adamum,
2489 2391 2583 2460 qui
2636 2391 2747 2445 Deo
2795 2389 3132 2454 inobediens,
3171 2389 3293 2444 cibo
3317 2406 3420 2460 gu-

1848 2493 1988 2537 stato
2016 2483 2321 2548 interdicm,
2353 2498 2540 2536 necem
2565 2482 2744 2535 intulit
2773 2481 2827 2534 in
2873 2481 3172 2548 mundum;
3206 2495 3419 2537 necnon

1848 2584 1903 2630 et
1937 2575 2184 2639 Saulum,
2212 2591 2371 2642 quem
2402 2576 2814 2645 immorigerum
2849 2573 3092 2628 Samueli
3117 2615 3134 2642 ,
3190 2589 3419 2644 regnum

1841 2668 1998 2738 juxta
2057 2683 2121 2722 ac
2146 2667 2314 2721 vitam
2341 2668 2584 2722 invenies
2614 2666 2666 2720 in
2697 2674 2883 2721 monte
2898 2665 3103 2722 Gelboe
3144 2664 3418 2722 amisisse.

1847 2759 1944 2813 His
1975 2760 2197 2814 accedat
2225 2760 2442 2814 divinus
2469 2760 2688 2828 ille,qui
2724 2758 2844 2814 l‘alsi
2872 2758 3156 2814 mendacio
3171 2758 3421 2813 vatisin-
3520 2765 3526 2771 '

1849 2853 2172 2908 obcdientiae
2193 2852 2508 2917 damnatus,
2535 2854 2794 2922 pabulum
2816 2853 3048 2906 traditur
3066 2852 3230 2910 leoni.
3253 2851 3419 2918 Quid,

1848 2946 2040 2998 beatus
2087 2945 2370 3013 apostolus
2401 2942 2595 2999 Petrus
2623 2959 2730 2997 non
2765 2958 2796 2996 a
2836 2943 3068 2997 Domino
3107 2942 3278 2997 lavari
3308 2956 3421 3012 pra:

1848 3035 2154 3090 reverentia
2213 3037 2517 3089 detrectans
2546 3073 2563 3098 ,
2634 3034 2833 3087 audit:
2868 3034 2930 3089 Si
2975 3050 3077 3086 non
3126 3035 3298 3086 lavero
3347 3041 3418 3096 te,

176 3118 579 3191 ἀπορρήξαντα.
631 3118 912 3188 Ἐννόησον
945 3121 1080 3191 πρὸς
1122 3121 1333 3184 τούτοις
1382 3124 1475 3175 καὶ
1522 3124 1612 3177 τὸν
1654 3123 1747 3175 ἇν-

1851 3142 1954 3179 non
1985 3123 2142 3179 habes
2169 3135 2374 3194 partem
2410 3141 2606 3179 mecum
2640 3123 2724 3179 “1
2766 3123 2934 3191 Quid,
2980 3124 3072 3194 qui
3122 3123 3175 3176 iu
3231 3131 3422 3177 sancto

176 3208 384 3280 θρωπον
418 3212 517 3267 τοῦ
545 3211 681 3265 Θεοῦ
716 3215 922 3266 ἐκεῖνον
944 3229 957 3242 ο
991 3214 1047 3277 ὃς
1097 3217 1162 3284 τῇ
1194 3215 1377 3286 ἀπάτῃ
1417 3215 1511 3268 τοῦ
1559 3216 1750 3284 ψευδο-

178 3307 448 3376 προφήτου
471 3308 553 3370 είς
579 3307 863 3376 παρακοῆς
886 3304 1136 3376 ἔγκλημα
1156 3306 1556 3376 ἐμπεπτωκὼς,
1574 3307 1747 3360 λέοντι

178 3399 512 3469 κατάϐρωμα
541 3398 909 3468 παραδίδοται.
943 3399 1006 3450 Τί
1037 3399 1124 3451 δαὶ
1158 3401 1364 3467 Πέτρος
1408 3401 1437 3451 6
1481 3401 1749 3471 μακάριος

179 3489 500 3557 ἀπόστολοςς
535 3491 657 3560 οὐχὶ
688 3497 1164 3560 παραιτησάμενος
1211 3490 1468 3558 νίψασθαι
1517 3490 1620 3543 ὑπὸ
1653 3491 1747 3542 τοῦ

179 3579 376 3651 Κυρίου
424 3582 492 3635 δι’
530 3579 839 3642 εὐλάϐειαν,
883 3579 1070 3632 ἀκούει
1095 3595 1109 3608 ·
1161 3580 1297 3632 Ἐὰν
1333 3580 1420 3648 μὴ
1455 3581 1611 3647 νίψω
1650 3595 1744 3645 σε,

181 3673 283 3725 οὐκ
323 3673 483 3742 ἔχεις
531 3674 711 3741 μέρος
752 3670 880 3740 μετ’
913 3669 1081 3740 ἐμοῦ.
1118 3671 1184 3723 Τί
1230 3671 1319 3724 δαὶ
1358 3672 1386 3724 ό
1423 3674 1480 3724 ὲν
1506 3671 1584 3741 τῷ
1609 3672 1748 3742 ἀγίῳ

182 3763 429 3835 Εὑθυμίῳ
458 3763 559 3836 τὴν
590 3761 687 3816 τοῦ
719 3762 972 3832 κτηνίτου
1007 3763 1287 3815 διακονίαν
1315 3764 1748 3831 ἀπαναινόμενος

182 3856 243 3910 δι’
269 3856 332 3920 ἀς
385 3858 559 3912 ἐδόκει
616 3855 871 3922 εὐλόγους
922 3856 1245 3924 προφάσεις,
1287 3855 1407 3924 οὑχὶ
1451 3855 1581 3923 παρ’
1613 3855 1744 3906 αὐτὸ

183 3948 312 4003 αὑτά
343 3950 543 4020 ῆφρισε
564 3946 636 3999 τὰ
649 3945 876 4014 δαίμονα
910 3945 1374 4014 κληρωσάμενος;
1405 3945 1656 3996 Τοιοῦτον
1687 3943 1748 3996 τὸ

185 4042 346 4109 κρῖμα
377 4040 473 4093 τοῦ
508 4035 954 4108 παραιτουμένου
990 4034 1088 4105 τὴν
1117 4035 1400 4106 διδομένην
1438 4036 1745 4089 διακονίανο

182 4131 268 4182 τοῦ
309 4131 707 4199 ἀντιλέγοντοςο
738 4127 1050 4194 ἀντιλογίας
1079 4126 1188 4198 γὰρ
1215 4126 1470 4197 διεγείρει
1511 4130 1618 4190 πᾶς
1651 4145 1750 4180 κα-

186 4222 271 4275 κὸς
308 4223 672 4292 ὑποτακτίτης
697 4239 710 4252 ·
745 4223 772 4274 6
807 4221 863 4273 δὲ
901 4219 1106 4290 Κύριος
1136 4219 1366 4287 ἄγγελον
1413 4220 1749 4290 ἀνελεήμονα

185 4314 395 4377 εἰκότως
422 4317 633 4386 πέμπει
662 4311 832 4381 αὑτῷ,
859 4312 994 4376 ὅλως
1023 4313 1208 4382 ἐπειδὴ
1241 4312 1298 4365 ἓν
1323 4313 1483 4382 σῶμά
1509 4314 1674 4382 ἐσμεν
1699 4315 1746 4365 oi

188 4406 376 4471 πολλοὶ,
410 4411 438 4462 6
476 4409 536 4462 δὲ
585 4405 707 4459 καθ’
734 4400 814 4467 εἷς
844 4404 1086 4474 ἀλλήλων
1121 4404 1278 4475 μέλη,
1324 4405 1418 4456 καὶ
1450 4406 1478 4455 ό
1524 4404 1620 4472 μὲν
1651 4406 1748 4456 ἐπ-

187 4495 290 4565 έχει
316 4499 477 4552 τόπον
504 4495 823 4566 όφθαλμοῦο
855 4497 882 4547 ό
922 4495 980 4548 δὲ
1019 4494 1178 4558 ὠτὸς,
1229 4497 1258 4548 6
1298 4495 1355 4547 δὲ
1391 4494 1559 4564 ῥινὸς,
1592 4493 1748 4556 ἄλλος
1783 4480 1824 4534 D

188 4591 422 4665 γλώσσης
441 4609 456 4625 ο
478 4593 667 4662 ἕτερος
693 4587 893 4659 χειρὸς,
923 4586 1189 4649 καῖ’άλλος
1206 4576 1382 4650 ποδός.
1405 4585 1531 4639 Ἐὰν
1555 4581 1647 4639 οὖν
1676 4585 1749 4654 μὴ

193 4685 356 4738 πάντα
386 4686 455 4738 τὰ
485 4685 624 4755 μέλη
654 4681 724 4735 τὰ
750 4683 926 4734 οίκεῖα
951 4680 1172 4749 ἐνεργῇ,
1203 4679 1339 4732 ἀλλὰ
1364 4677 1696 4747 φιλονεικοίη
1726 4681 1752 4730 ὁ

191 4775 448 4848 ὀφθαλμὸς
490 4777 739 4841 ἀκούειν,
775 4775 870 4828 καὶ
915 4775 976 4828 τὸ
1014 4771 1107 4835 οὖς
1137 4772 1548 4843 ὀσφραίνεσθαι,
1579 4773 1673 4823 καὶ
1714 4774 1750 4842 ή

196 4869 268 4934 ῥὶς
295 4870 647 4940 φθέγγεσθαι,
674 4869 767 4921 καὶ
794 4871 827 4937 ή
855 4866 1078 4936 γλῶσσα
1099 4867 1438 4936 χειραπτεῖν,
1458 4863 1554 4917 καὶ
1577 4864 1610 4932 ή
1632 4864 1753 4933 χεὶρ

197 4956 445 5026 βαδίζεινο
479 4963 602 5032 οὑχὶ
629 4959 692 5013 τὸ
715 4959 834 5012 ὅλον
879 4958 1038 5028 σῶμα
1083 4958 1362 5028 οἰχήσεται
1395 4957 1490 5009 καὶ
1522 4955 1755 5022 διαφθα-

199 5054 434 5121 ρήσεται;
454 5053 668 5110 Οὐκοῦν
696 5053 819 5106 ἐπεὶ
840 5051 1013 5105 ταῦτα
1031 5049 1204 5114 οὕτως
1231 5050 1364 5120 ἔχει,
1395 5050 1625 5111 ἕκαστος
1649 5046 1747 5117 τὴν

262 5186 303 5218 ⁸⁸
329 5184 479 5254 Joan,
510 5202 631 5250 χιιι,
658 5184 714 5239 8.

266 5281 336 5348 (5)
363 5280 656 5351 Perspicue
690 5279 817 5335 hinc
843 5287 1088 5351 apparet,
1115 5275 1415 5351 monaclios
1450 5293 1468 5326 ι
1502 5273 1753 5351 obedien-

204 5345 327 5403 tiam
354 5345 519 5421 usque
547 5351 623 5421 ad
644 5345 932 5404 mortem?
969 5347 1243 5421 professos
1271 5347 1455 5421 fuisse,
1486 5355 1544 5421 ut
1563 5345 1750 5421 etiam-

206 5431 320 5489 num
349 5414 569 5477 faciunt.
603 5420 809 5474 Levinii
855 5414 1072 5489 quidem
1114 5415 1489 5485 interpretatio
1524 5414 1575 5468 id
1619 5417 1752 5489 satis

203 5488 336 5560 clare
359 5508 459 5547 non
489 5491 747 5560 exprimit
778 5506 791 5543 :
819 5485 912 5545 sed
954 5489 1007 5560 in
1030 5487 1218 5560 Graeco
1237 5495 1519 5560 ‘textu‘res‘
1535 5494 1616 5560 est
1635 5485 1755 5560 _ela_-

207 5556 427 5626 rissima.
461 5549 663 5619 Ille-sic
686 5561 847 5614 vertit
876 5576 890 5612 ι
930 5579 948 5611 ι
976 5558 1203 5626 Quinam
1237 5556 1291 5610 bi
1320 5555 1522 5626 sodes?
1545 5549 1647 5620 Qui
1679 5553 1753 5607 ol-

209 5623 315 5698 ῥοὴ
348 5642 617 5697 recusant,
670 5644 734 5684 ac
777 5645 874 5698 pro
916 5623 1072 5698 :equo
1118 5628 1406 5698 obiectent,
1440 5625 1749 5698 ‘Comitare.

209 5693 328 5772 Qua!
359 5701 488 5768 lucc,
526 5693 755 5764 malum,
779 5693 874 5753 ἐει
911 5693 1122 5772 oratio?
1159 5693 1286 5772 itan‘
1317 5695 1620 5772 obedientia
1671 5697 1753 5772 vel

214 5765 263 5818 in
293 5765 764 5837 uecemvcondicta,
796 5787 938 5827 nunc
959 5769 1187 5824 cilicium
1221 5770 1487 5823 detractas
1510 5766 1575 5819 ad
1609 5765 1753 5834 quod

1850 3217 2140 3290 Euthymio
2165 3215 2432 3287 pecorarii
2459 3232 2658 3270 munus
2685 3215 3003 3285 defugisset,
3023 3214 3185 3284 justis
3200 3214 3269 3269 de
3288 3228 3423 3268 cau-

1851 3310 1948 3371 sis,
1977 3323 2117 3379 quas
2144 3309 2422 3370 credebat,
2459 3321 2564 3361 non
2613 3307 2877 3374 evestigio
2915 3319 3180 3372 spumans
3209 3305 3418 3360 daemo-

1849 3417 1973 3455 nem
2004 3401 2318 3456 contraxit?
2357 3400 2470 3455 Hoc
2523 3399 2785 3467 judicium
2820 3410 2904 3451 est
2936 3396 3290 3451 detrectando
3336 3395 3424 3448 in-

1849 3491 1998 3544 dicto
2041 3490 2648 3559 munere:obloqueuti
2712 3489 2911 3542 etenim
2980 3501 3180 3555 pravus
3239 3487 3422 3542 omnis

1850 3582 2100 3636 subditus
2125 3582 2383 3650 obloquia
2407 3580 2604 3641 eoneit.
2633 3579 2938 3648 meritoque
2962 3577 3108 3633 Deus
3140 3577 3419 3632 crudelem

1848 3675 1896 3729 ei
1921 3675 2136 3745 genium
2169 3673 2430 3726 immittit.
2450 3670 2762 3734 Enimvero,
2779 3678 2835 3723 nt
2859 3669 3025 3723 semel
3047 3667 3421 3734 dicam,multi

1849 3781 2015 3818 unum
2039 3774 2313 3831 corpus,et
2335 3764 2470 3815 alter
2491 3761 2717 3815 alterius
2735 3765 2975 3813 membra
2993 3759 3188 3829 singuli
3203 3772 3418 3820 sumus,

1850 3857 2101 3923 oculique
2154 3855 2326 3906 vicem
2372 3853 2512 3905 alius
2562 3854 2722 3921 gerit,
2774 3851 2915 3904 alius
2973 3849 3214 3913 aurium,
3277 3838 3421 3903 alius

1849 3945 2086 4009 narium,
2119 3944 2258 3999 alius
2284 3945 2499 4013 lingua,
2528 3945 2669 3996 alius
2694 3958 2910 4006 manus,
2960 3941 3100 3996 alius
3130 3941 3300 4010 pedis.
3322 3941 3419 3998 Sin

1849 4041 2089 4093 membra
2103 4045 2229 4092 suas
2244 4053 2396 4108 quaeq
2406 4051 2470 4091 ue
2488 4047 2664 4105 partes
2680 4051 2783 4089 non
2800 4045 3106 4100 exerceant,
3120 4032 3212 4090 sed
3231 4038 3422 4090 audire

1849 4129 2045 4182 oculus
2078 4137 2276 4189 certet,
2309 4127 2526 4179 odorari
2551 4141 2710 4179 aures
2740 4125 2939 4194 ,eloqui
2971 4142 3132 4180 nares
3155 4166 3169 4188 ,
3200 4125 3420 4194 palpare

1850 4223 2068 4292 lingua,
2108 4221 2240 4272 itare
2275 4234 2500 4282 manus,
2546 4221 2638 4288 qui
2695 4227 2875 4288 potest
2934 4233 3044 4271 non
3101 4219 3420 4271 universum

1849 4315 2086 4366 ditlluerc
2109 4321 2270 4380 atque
2296 4310 2518 4364 interire
2544 4309 2786 4377 corpus?
2814 4309 2944 4374 Quae
2987 4324 3112 4363 cum
3170 4308 3243 4361 ita
3286 4311 3414 4373 sint,

1850 4421 1952 4460 suo
2016 4405 2245 4473 quisque
2295 4403 2472 4458 ollicio
2518 4403 2815 4457 satisfacito
2844 4442 2857 4465 ,
2908 4413 2965 4456 et
3009 4417 3172 4472 quam
3207 4401 3418 4469 accepit
3451 4452 3465 4460 χλ

1851 4497 2079 4563 gratiam
2112 4496 2393 4559 divinitus,
2444 4493 2510 4548 ad
2554 4494 2824 4563 publicam
2875 4494 3084 4564 frugem
3146 4492 3414 4553 conferto,

1854 4599 2034 4642 nostra
2078 4588 2129 4640 iu
2168 4587 2260 4640 Dei
2299 4602 2460 4640 manu
2519 4584 2696 4655 posita
2749 4595 3040 4653 reputans,
3098 4598 3276 4654 neque
3326 4594 3421 4638 aut

1851 4696 2004 4734 mare
2047 4679 2327 4747 naviganti
2362 4678 2592 4743 omnino
2642 4677 2773 4730 inibi
2819 4676 3159 4730 tnoriendum
3185 4717 3200 4741 ,
3236 4687 3330 4730 aut
3364 4676 3418 4730 in

1853 4772 1999 4827 sicco
2026 4770 2240 4838 degenti
2273 4769 2511 4823 indidem
2544 4767 2914 4824 decedendum
2943 4809 2958 4833 ,
3007 4766 3102 4821 sed
3143 4781 3306 4835 quam
3351 4767 3420 4819 ab

1854 4864 1985 4917 orbe
2015 4861 2235 4916 condito
2261 4870 2658 4931 tempestatem,
2692 4859 2852 4914 linem
2876 4901 2891 4925 ,
2944 4860 3122 4914 locum
3155 4859 3424 4928 benignus

1860 4955 2049 5009 statuit
2076 4952 2236 5016 Deus,
2269 4953 2320 5007 id
2341 4953 2539 5024 cuique
2565 4961 2869 5007 extremum
2907 4967 3212 5007 cessurum.
3246 4952 3422 5020 Atque

1858 5049 1972 5102 haec
2001 5046 2233 5101 disserui
2262 5062 2368 5100 non
2409 5056 2518 5101 tam
2550 5058 2738 5101 eorum
2786 5045 2852 5100 de
2896 5044 3095 5116 quibus
3133 5058 3314 5098 sermo
3340 5053 3425 5098 est

1859 5291 1954 5338 per
1989 5273 2080 5328 Dei
2116 5273 2343 5342 gratiam
2379 5271 2457 5326 sis
2487 5268 2754 5342 idoneus?
2795 5286 2814 5318 ι
2857 5268 2960 5342 Sed
2982 5268 3182 5323 clarius
3209 5268 3426 5342 acgtideg

1857 5346 1964 5401 lius
2015 5339 2141 5397 haec'
2177 5351 2472 5396 vertamus.
2528 5360 2547 5392 ι
2585 5339 2649 5393 Hi
2686 5354 2816 5393 vero
2853 5341 3071 5408 quinam
3122 5340 3289 5408 sunt?
3323 5340 3425 5403 Qui

1861 5415 2164 5471 ministeria
2232 5414 2576 5473 detrectant,
2634 5419 2688 5463 et
2747 5425 2906 5463 suum
2961 5410 3130 5472 illud,
3171 5407 3423 5478 Ignosce,

1859 5487 2017 5558 quasi
2075 5481 2374 5558 quamdam
2425 5482 2828 5558 excusationem
2886 5479 3242 5558 praetendunt.
3286 5480 3426 5542 Quid

1860 5550 1967 5620 ais,
1991 5572 2024 5610 ο
2069 5550 2278 5608 frater?
2316 5552 2689 5607 Obedieutiam
2724 5565 2892 5620 usque
2926 5550 2992 5603 ad
3038 5558 3265 5602 mortem
3300 5564 3426 5620 ρςυέ

1860 5615 2041 5684 fessus
2073 5641 2154 5686 es,
2180 5634 2235 5679 et
2269 5639 2410 5677 nunc
2432 5615 3072 5682 ministerium'recusas,
3101 5620 3188 5674 cui
3220 5615 3312 5687 per
3333 5615 3429 5672 Dei

1861 5699 2091 5772 gratiam
2127 5697 2354 5752 idoneus
2383 5694 2479 5749 es?
2503 5711 2521 5744 ι
