4000 6306
552 348 658 411 675

548 468 697 523 (nam
740 452 1084 508 obsecundos
1114 452 1226 521 jam
1263 450 1507 520 accepi),

550 549 813 605 dientiutn
847 561 1034 609 causa,
1073 556 1131 600 ut
1154 545 1354 599 obnixe
1390 559 1454 597 ac
1504 553 1758 597 contente
1807 558 1928 612 quae
1963 551 2120 612 pacta

550 649 815 696 conventa
856 638 963 690 Deo
996 646 1150 702 teste,
1190 644 1354 704 atque
1396 634 1584 689 electis
1632 635 1838 704 angelis
1878 634 2121 698 iniimus,

552 746 610 786 re
664 741 720 785 et
743 745 908 799 Opere
942 737 1285 799 praestemus.
1329 743 1434 781 neu
1466 727 1908 797 tergiversemur,
1929 740 2123 794 quam-

550 824 676 877 libet
709 822 1049 876 mortiferum
1075 821 1145 875 sit
1166 820 1310 890 quod
1338 818 1741 889 injuttgitur,,id
1773 817 1916 869 enim
1942 816 2128 870 Patres

553 928 617 969 ac
646 928 881 984 magnus
906 913 960 967 in
1006 912 1198 982 primis
1227 911 1480 977 Basilius,
1506 910 1721 980 jubent.
1745 908 1861 975 Qua
1887 908 2126 978 degenda

550 1004 682 1069 vita,
716 1020 1056 1075 nequaquam
1082 1014 1266 1058 sontes
1302 1004 1601 1057 moriamur
1623 1044 1637 1066 ,
1671 1001 1805 1070 quin
1833 1015 1931 1070 pro
1961 999 2130 1070 justi-

549 1096 623 1150 tia
652 1096 779 1157 vivi.
802 1096 1023 1151 caeleste
1056 1111 1280 1167 regnum
1313 1109 1712 1163 consequamur
1733 1108 1826 1162 per
1847 1092 2120 1145 Christum

549 1185 736 1241 Jesum
779 1186 1071 1240 Dominum
1109 1196 1357 1240 nostrum
1393 1202 1406 1237 :
1438 1186 1523 1239 cui
1552 1185 1723 1254 gloria
1756 1194 1807 1237 et
1830 1184 2119 1253 imperium

549 1294 672 1334 cum
704 1277 882 1343 Patre,
911 1292 974 1333 ac
1003 1285 1194 1332 sancto
1233 1276 1461 1346 Spiritu,
1505 1290 1650 1330 nunc
1683 1284 1737 1329 et
1776 1290 2012 1346 semper,
2065 1276 2119 1329 in

550 1385 879 1439 omnemque
899 1369 1335 1439 perpetuitatem.
1362 1368 1555 1423 Amen.

1708 343 1766 401 S.
1831 340 2227 402 THEODORI
2269 339 2612 400 STUDITzE

1564 466 1724 519 quam
1754 452 1996 505 omnium
2027 466 2120 503 an-

2235 448 2498 501 Ξιακονίαν
2530 445 2695 500 αὑτοῦ
2720 447 3159 517 πληροφορείτω·
3194 446 3289 499 καὶ
3312 446 3339 499 ὃ
3366 446 3525 500 ἔλαϐε
3550 449 3804 519 χάρισμα

3698 339 3806 399 676

2226 539 2376 609 παρά
2404 539 2562 602 Θεοῦ,
2594 540 2941 592 λυσιτελείτω
2987 540 3121 609 πρὸς
3173 539 3234 592 τὸ
3286 542 3437 610 κοινῇ
3492 544 3800 612 συμφέρον.

2224 632 2424 686 ἐννοῶν
2446 632 2528 685 ὅτι
2560 633 2617 685 ὲν
2644 631 2787 702 χειρὶ
2812 630 2945 684 Θεοῦ
2969 632 3035 683 τά
3064 631 3328 701 ἡμέτερα,
3358 634 3451 684 καὶ
3473 632 3598 684 οὔτε
3629 634 3717 685 διὰ
3742 632 3805 685 τὸ

2226 727 2283 777 ἐν
2310 724 2551 794 θαλάσσῃ
2585 723 2761 787 πλεῖν,
2795 723 3013 785 πάντως
3047 724 3225 799 ὲριείσε
3254 724 3531 794 τελευτᾷν,
3575 724 3702 777 οὗτε
3745 728 3807 777 ἐν

2224 821 2289 888 τῇ
2350 819 2486 888 ξηρᾷ
2545 817 2863 889 διατρίὸειν,
2913 819 3092 871 ὲκεῖσε
3141 816 3255 868 ἐστι
3309 816 3580 885 θνήσκειν.
3640 818 3805 870 Ἀ).λά

2227 910 2407 973 καθὼς
2436 914 2464 963 ὁ
2496 910 2695 978 ἀγαθὸς
2734 910 2891 980 ἡμῶν
2918 910 3051 972 Θεὸς
3093 910 3200 980 πρὸ
3246 910 3547 979 καταδολῆς
3590 911 3804 979 κόσμου

2228 1003 2394 1073 ὥρισε
2413 1043 2427 1066 ,
2456 1006 2549 1055 καὶ
2579 1002 2771 1072 χρόνον
2802 1006 2893 1056 καὶ
2917 1005 3081 1057 τόπον
3110 1001 3204 1054 καὶ
3231 1001 3451 1070 τρόπον,
3480 1002 3540 1055 τὸ
3565 1004 3804 1055 ἑκάστου

2228 1093 2561 1163 ἀποϐήσεται
2596 1094 2767 1156 τέλος.
2801 1096 2910 1147 Καὶ
2939 1094 3111 1147 ταῦτα
3162 1094 3399 1164 διῆλθον,
3445 1094 3504 1147 οὐ
3544 1093 3805 1146 τοσοῦτον

2226 1185 2317 1238 διὰ
2341 1186 2465 1248 τοὺς
2495 1186 2624 1256 περὶ
2645 1180 2719 1239 ὧν
2745 1188 2772 1240 ὁ
2800 1186 2984 1254 λόγος’
3018 1188 3117 1259 ἠδη
3144 1187 3258 1259 γὰρ,
3286 1186 3477 1240 ἔλαϐον
3508 1187 3706 1247 αὐτοὺς
3733 1186 3821 1239 δι’

2229 1277 2498 1344 ὑπακοῆς,
2536 1275 2669 1330 ἀλλὰ
2712 1277 2799 1330 διὰ
2842 1280 3050 1340 πάντας
3090 1279 3215 1342 τοὺς
3257 1280 3660 1349 ἀκροωμένους,
3714 1279 3807 1330 ἵνα

2230 1368 2590 1439 προσέχωμεν
2619 1368 2876 1437 ἀσφαλῶς
2897 1385 2909 1397 ·
2942 1371 3036 1423 καὶ
3057 1369 3122 1433 ἃς
3155 1370 3489 1437 ἐπαγγελίας
3521 1370 3625 1421 ὑπὸ
3659 1369 3804 1437 μὰρ·-

548 1478 671 1533 τυρι
721 1460 838 1531 Θεῷ
893 1462 1135 1523 καὶτοῖς
1185 1460 1464 1522 ἐκλεκτοῖς
1511 1457 1768 1527 ἀγγέλοις
1818 1456 2119 1529 ἐδώκαμεν,
2194 1459 2398 1522 ταύτας
2442 1459 2685 1529 ἐναργῶς
2754 1460 3187 1531 ἀποπληρῶμεν,
3225 1463 3320 1515 καὶ
3370 1462 3445 1531 μὴ
3479 1459 3806 1513 ἀναδύεσθαι

552 1555 655 1609 κᾶν
687 1553 986 1623 Θανάσιμον
1089 1552 1149 1604 τὸ
1184 1552 1626 1622 ἐπιταττόμενον.
1675 1549 1864 1614 Οὕτως
1904 1550 2013 1620 γὰρ
2044 1550 2355 1603 κελεύουσιν
2384 1551 2432 1603 οἱ
2470 1552 2733 1623 Πατέρες,
2765 1554 2857 1605 καὶ
2918 1555 3024 1623 πρό
3053 1570 3116 1620 γε
3149 1553 3363 1607 πάντων
3424 1558 3451 1607 ὁ
3477 1554 3650 1623 μέγας
3695 1553 3808 1604 Βα-

554 1647 771 1711 σίλειος,
803 1646 896 1698 καὶ
930 1643 1101 1706 οὕτως
1133 1643 1445 1708 διαζῶντες,
1474 1642 1576 1695 οὐκ
1605 1641 2030 1710 ἀποθανούμεθα
2055 1644 2118 1713 τῇ
2159 1643 2427 1714 ἁμαρτίᾳ,
2455 1642 2593 1696 ἀλλά
2620 1643 2857 1714 ζήσομεν
2909 1648 2974 1714 τῇ
3005 1646 3356 1719 δικαιοσύνῃ,
3396 1647 3488 1699 καί
3549 1646 3808 1717 τύχωμεν

553 1737 832 1810 βασιλείας
860 1736 1130 1807 οὐρανῶν*
1166 1736 1225 1786 ὲν
1265 1734 1485 1803 Χριστῷ
1520 1731 1694 1805 Ἰησοῦ
1714 1733 1792 1802 τῷ
1817 1731 2025 1804 [Κυρίῳ
2056 1732 2181 1805 (5⁸)]
2208 1733 2364 1803 ἡμῶν
2384 1750 2397 1764 ·
2429 1727 2474 1802 ᾧ
2507 1736 2541 1806 ἡ
2572 1735 2697 1800 δόξα
2720 1738 2813 1790 καὶ
2835 1737 2896 1790 τὸ
2924 1739 3124 1809 κράτος
3160 1740 3258 1793 σὺν
3286 1738 3361 1809 τῷ
3392 1739 3564 1808 Harp!
3598 1743 3692 1792 καὶ
3727 1740 3809 1808 τῷ

549 1832 691 1904 ἁγίῳ
715 1828 1013 1901 Πνεύματι’
1045 1828 1138 1881 νῦν
1164 1830 1257 1881 καὶ
1286 1826 1393 1894 ἀεὶ,
1412 1828 1506 1881 καὶ
1538 1830 1617 1897 εις
1649 1828 1774 1890 τοὺς
1801 1827 2005 1890 αἰῶνας
2030 1828 2137 1880 τῶν
2165 1827 2393 1881 αἰώνων.
2432 1828 2606 1900 Ἀμήν

1079 1941 1206 1997 SER
1219 1941 1313 1997 ΜΟ
1364 1940 1601 1997 CXXVI.

558 2055 662 2122 Qui
685 2056 912 2125 genuina
935 2053 1343 2125 obedgieutia,_ac
1369 2052 1657 2125 secessione
1685 2061 1924 2125 suscepta
1946 2093 1958 2106 .
1981 2068 2134 2125 mun-

626 2121 702 2177 do'
744 2126 849 2178 sint
890 2121 1134 2191 Cruci/ixi
1159 2160 1174 2185 ,
1224 2122 1428 2176 alacres
1472 2121 1718 2190 amplecti
1759 2124 1991 2191 corporis
2044 2124 2135 2176 de-

622 2196 813 2248 victum
841 2208 1101 2263 oportere.

621 2281 842 2337 Fratres
889 2280 1209 2351 Patresque,
1239 2281 1457 2350 paulum
1486 2281 1538 2334 in
1563 2280 1847 2351 prazsentia
1871 2281 2127 2349 decttbui,

550 2374 865 2441 quanquam
896 2371 1063 2424 animi
1098 2371 1401 2439 perculsus,
1430 2370 1814 2423 abscessurum
1852 2386 1937 2423 me
1962 2387 1991 2422 a
2028 2385 2122 2424 vo-

554 2466 639 2520 bis
687 2463 914 2517 credidi.
962 2462 1069 2516 Sed
1123 2475 1233 2529 quo
1283 2459 1585 2529 longiorem
1628 2460 1762 2513 mihi
1796 2460 1997 2512 vitam?
2030 2469 2124 2514 aut

552 2562 759 2626 quanto
797 2563 1043 2623 tempore
1096 2552 1433 2620 supervivatu
1478 2550 1681 2604 miser?
1712 2550 1913 2604 Videtis
1940 2565 2100 2618 quem

555 2645 847 2699 admodum
892 2651 1049 2711 urget
1091 2641 1342 2704 senium,
1381 2648 1435 2694 et
1471 2639 1771 2709 aequalibus
1813 2638 2121 2703 defunctis,

555 2752 690 2790 mea:
722 2733 1017 2789 decedendi
1058 2732 1347 2785 imminent
1377 2732 1539 2785 vices.
1568 2730 1708 2796 Quid
1737 2731 1906 2801 ergo?
1937 2731 2125 2785 dolea-

558 2846 679 2883 mus
714 2829 766 2883 itt
801 2827 903 2883 eo?
928 2826 1152 2880 minime
1184 2838 1329 2878 vero.
1371 2823 1598 2878 Doleant
1631 2838 1763 2877 sane
1802 2825 1848 2878 si
1898 2825 2125 2892 volunt,

556 2920 649 2990 qui
690 2920 992 2975 secundum
1024 2930 1248 2971 carnem
1284 2916 1490 2981 vivant,
1524 2915 1874 2985 conjugibus,
1906 2916 2123 2984 liberis,

556 3014 759 3082 pueris,
794 3011 1010 3066 ancillis
1034 3053 1049 3077 ,
1085 3010 1319 3077 praediis,
1350 3009 1593 3079 pecuniis
1617 3049 1632 3075 ,
1663 3024 1726 3063 ac
1752 3024 1875 3079 quae
1908 3010 1997 3063 hic
2025 3010 2129 3064 alia

558 3114 689 3158 sunt
708 3105 833 3157 vitae
862 3103 1064 3167 studia,
1093 3102 1293 3170 quibus
1323 3112 1377 3154 et
1410 3101 1727 3170 capiuntur,
1755 3100 2093 3155 dimittendis
2112 3143 2127 3167 ,

560 3211 683 3259 nos,
700 3195 900 3265 quibus
922 3193 1218 3247 crucifixus
1239 3202 1321 3246 est
1342 3193 1599 3251 mundus,
1629 3193 1853 3261 solaque
1880 3200 2132 3262 superest

557 3305 695 3345 crux
724 3327 741 3354 ,
788 3304 887 3357 pro
915 3290 1147 3359 genuina
1175 3287 1483 3341 obedientia
1505 3324 1521 3347 ,
1556 3294 1610 3340 et
1642 3289 1951 3343 secessione
1976 3328 1992 3351 ,
2023 3303 2128 3341 non

559 3382 786 3450 lugubre
812 3419 827 3443 ,
875 3380 967 3433 sed
998 3379 1271 3433 ltetificum
1312 3378 1507 3433 mortis
1539 3392 1797 3432 arcanum
1834 3378 2131 3433 habeamus

559 3486 782 3526 necesse
810 3480 911 3526 est.
943 3471 1021 3524 Ac
1058 3472 1185 3540 quid
1218 3486 1319 3525 nos
1349 3470 1474 3526 dico
1500 3470 1523 3523 ?
1560 3471 1773 3524 cunctis
1811 3471 1947 3524 adeo
1973 3470 2132 3525 Chrio

561 3563 753 3618 stianis
781 3563 1011 3632 prailtete
1044 3563 1418 3632 amplectenda
1445 3562 1723 3632 dejunctio
1742 3573 1845 3626 est,
1865 3562 2132 3631 siquidem

562 3663 686 3707 ante
718 3654 930 3707 Domini
964 3656 1131 3707 nostri
1161 3651 1290 3710 Jesu
1323 3652 1526 3707 Christi
1564 3654 1856 3707 adventum
1894 3668 2044 3708 tttors
2078 3654 2133 3707 in
2165 3676 2209 3736 ρ

561 3744 817 3813 homines
858 3745 1146 3814 imperium
1196 3744 1372 3815 posita
1425 3745 1496 3797 ob
1541 3744 2039 3813 praevaricationem
2079 3744 2133 3797 in

561 3840 771 3894 Adatno
797 3878 811 3902 ,
850 3839 931 3893 vel
968 3837 1173 3893 sanctis
1200 3838 1316 3891 dira
1356 3845 1411 3890 et
1442 3836 1673 3889 terrifica
1701 3875 1716 3900 ,
1750 3837 1931 3892 veniat
1972 3836 2136 3891 simul

563 3933 850 3996 Christus,
883 3932 1128 3987 omnium
1161 3932 1265 3983 vita
1295 3968 1310 3992 ,
1342 3940 1573 3984 mortem
1615 3945 1713 3998 pro
1745 3930 2001 3990 omnibus
2038 3946 2137 4000 gn-

565 4025 725 4077 stavit
754 4023 818 4086 ‘3,
849 4024 986 4075 vium
1011 4022 1161 4075 nobis
1186 4022 1405 4074 initiatis
1440 4037 1648 4084 novam,
1684 4037 1747 4073 ac
1770 4023 2019 4074 viventem
2046 4036 2140 4087 per

563 4116 791 4169 velamen
812 4154 828 4178 ,
856 4114 911 4166 id
936 4125 1008 4167 est
1030 4155 1045 4179 ,
1081 4129 1293 4166 carnem
1330 4129 1481 4166 suam
1501 4151 1516 4175 ,
1562 4114 1636 4166 ttti
1675 4113 1933 4181 scriptum
1960 4122 2042 4167 est
2060 4114 2103 4146 ³⁸
2121 4156 2135 4177 ,

564 4206 635 4259 ibi
662 4216 773 4259 tutn
803 4218 952 4258 mors
976 4205 1233 4272 absorpta
1258 4202 1487 4258 victoria
1515 4213 1615 4268 est,
1643 4219 1741 4257 nec
1761 4205 1874 4271 jam
1900 4202 2139 4258 defuncti

567 4300 621 4351 itt
653 4298 768 4353 orci
794 4298 996 4367 regiam
1025 4297 1397 4366 deportamur,
1432 4297 1525 4349 sed
1571 4297 1624 4349 in
1659 4298 1881 4350 cmieste
1916 4311 2139 4364 regnum

567 4389 925 4443 subvebimur
948 4429 964 4455 ,
996 4405 1172 4458 neque
1201 4389 1253 4441 itt
1288 4388 1531 4441 tenebris
1553 4430 1568 4454 ,
1605 4396 1767 4455 atque
1796 4387 1849 4441 in
1883 4389 2140 4441 umbrosa

567 4495 739 4536 morte
769 4481 1071 4535 dormimus
1094 4521 1110 4547 ,
1142 4481 1275 4549 quin
1308 4480 1524 4533 abimus
1559 4480 1612 4531 itt
1653 4478 1829 4532 lucem
1865 4480 2143 4533 immorta-

565 4576 710 4631 lem.
743 4587 1027 4643 aevumque
1071 4572 1344 4643 quoddam
1420 4587 1671 4626 securum
1720 4583 1774 4625 et
1823 4571 2138 4635 innoxium,

565 4662 709 4732 quod
741 4662 826 4715 sui
860 4660 1168 4714 amantibus
1194 4660 1444 4729 promisit
1476 4659 1641 4715 Deus.
1674 4658 1743 4715 Ut
1774 4659 1910 4713 nihil
1943 4661 2014 4713 sit
2042 4676 2141 4714 cur

565 4756 848 4823 decessum
881 4755 1171 4823 fugiamus,
1196 4752 1286 4819 qui
1323 4751 1463 4805 ultro
1491 4751 1543 4805 in
1572 4752 1763 4821 primis
1785 4751 1855 4806 sit
1880 4765 2141 4819 prensan-

565 4846 668 4899 dus
689 4887 705 4910 ,
735 4860 910 4914 eoque
938 4846 1107 4913 magis
1130 4886 1144 4910 ,
1194 4858 1302 4913 quo
1337 4844 1634 4912 paratiores
1667 4844 1839 4897 simus
1876 4842 1944 4895 ab
1970 4843 2137 4897 animi

568 4940 849 5005 procinctu
877 4953 891 5002 ;
929 4934 1185 4988 miserum
1210 4947 1291 4987 est
1323 4935 1466 4986 enim
1492 4975 1507 4999 ,
1540 4932 1731 4988 fratres
1757 4974 1772 4999 ,
1806 4933 2139 5002 praeteritum

2228 1921 2370 1976 diem
2400 1925 2710 1987 credamus,
2744 1931 2802 1977 ut
2837 1939 2864 1977 a
2902 1923 2962 1976 D.
3000 1922 3238 1978 Antonio
3269 1924 3551 1993 docemur,
3582 1942 3690 1996 qua
3726 1927 3810 1981 in-

2228 2016 2406 2069 eunda
2441 2016 2654 2071 ratione
2673 2060 2687 2083 ,
2720 2033 2816 2070 nec
2846 2017 3099 2070 dissoluti
3128 2017 3302 2072 simus
3322 2060 3337 2082 ,
3364 2033 3463 2073 nec
3488 2020 3761 2089 prtefracti
3788 2062 3806 2087 ,

2230 2120 2329 2159 nec
2358 2105 2553 2174 torpidi
2586 2147 2599 2170 ,
2628 2122 2727 2161 ncc
2750 2107 2969 2172 inertes,
2998 2122 3097 2161 nec
3123 2108 3453 2178 pervicaces,
3480 2125 3580 2164 nec
3608 2110 3808 2164 immo-

2230 2197 2390 2267 rigeri
2414 2239 2430 2262 ,
2468 2212 2567 2252 nec
2596 2196 2858 2264 effrenes,
2893 2215 2991 2254 nec
3015 2200 3233 2254 ridiculi
3258 2243 3272 2267 ,
3298 2201 3431 2271 quin
3457 2202 3759 2257 obsecundi
3790 2245 3803 2268 ,

2233 2287 2442 2354 faciles,
2476 2289 2860 2358 stitnulabiles,
2895 2290 3081 2357 vividi,
3116 2292 3407 2356 mansueti,
3434 2293 3652 2362 placidi,
3684 2294 3808 2349 sin-

2233 2379 2381 2441 ceri,
2421 2380 2557 2433 citra
2597 2380 2897 2445 oﬂensatn,
2938 2384 3087 2436 omni
3124 2384 3355 2439 honesto
3394 2386 3580 2450 dediti,
3632 2387 3809 2441 instar

2234 2479 2549 2526 sanctorum
2572 2510 2587 2535 ,
2620 2474 2710 2541 qui
2755 2472 2856 2527 hac
2886 2475 3033 2528 obita
3065 2476 3172 2529 vita
3202 2478 3487 2545 promissis
3519 2478 3678 2532 bonis
3708 2495 3808 2548 po—

2230 2563 2455 2616 tiantur.
2488 2566 2664 2633 Atque
2696 2566 2808 2619 haec
2838 2566 2986 2631 dixi,
3025 2583 3133 2621 non
3175 2584 3270 2623 vos
3307 2570 3521 2634 solum,
3557 2572 3689 2639 quin
3719 2587 3808 2626 me

2230 2656 2364 2710 adeo
2393 2658 2791 2725 praemuniens,
2831 2673 2941 2727 quo
2994 2660 3097 2714 hoc
3151 2672 3411 2731 apparatu
3435 2662 3677 2718 defuncti
3702 2667 3809 2721 sub

2229 2749 2433 2803 exitum
2464 2750 2720 2819 impavidi
2762 2760 2818 2805 et
2873 2752 3262 2822 imperterriti,
3293 2756 3405 2809 haec
3436 2756 3692 2811 Davidica
3727 2759 3809 2811 lo-

2230 2854 2507 2907 quamur:
2549 2838 2819 2905 Converte,
2862 2842 3063 2909 anima,
3108 2845 3161 2896 in
3208 2846 3437 2913 requiem
3480 2856 3649 2911 tuam,
3681 2851 3809 2918 quia

2234 2929 2487 2984 Dominus
2513 2932 2762 3001 benefecit
2795 2935 2893 2988 tibi
2919 2936 2996 3000 '7;
3028 2948 3118 2991 et:
3147 2936 3372 2992 Placebo
3390 2937 3617 2992 Domino
3639 2941 3697 2993 in
3726 2957 3810 2995 re-

2231 3022 2382 3087 gione
2417 3023 2651 3075 vivorum
2683 3023 2763 3088 ³⁸;
2795 3041 2957 3093 quam
2999 3040 3053 3080 et
3093 3030 3273 3083 cuncti
3309 3044 3668 3098 assequamur
3698 3030 3810 3084 Du-

2232 3114 2365 3166 mini
2411 3114 2581 3168 nostri
2620 3113 2751 3170 Jesu
2793 3117 2997 3174 Christi
3049 3119 3371 3177 liberalitate
3409 3132 3574 3194 atque
3604 3126 3810 3181 benefi—

2233 3206 2358 3260 cio:
2391 3205 2480 3259 cui
2523 3205 2695 3275 gloria
2730 3219 2784 3262 et
2820 3210 3105 3278 imperium
3137 3229 3258 3267 cum
3289 3213 3485 3282 Patre,
3523 3232 3589 3272 ac
3618 3231 3813 3274 sancto

2234 3296 2464 3368 Spiritu,
2491 3313 2637 3353 nunc
2702 3307 2756 3353 et
2785 3315 3018 3371 semper,
3046 3304 3099 3357 in
3128 3319 3455 3378 onmemque
3482 3313 3814 3379 perpetuita-

2235 3401 2363 3447 tem.
2385 3393 2578 3447 Amen.

2751 3481 2985 3538 SERMO
3023 3484 3281 3540 LXXVII.

2238 3574 2471 3630 Fortiter
2524 3586 2575 3631 et
2611 3579 2846 3653 animose
2885 3578 2954 3653 ad
3006 3580 3250 3653 pericula‘
3269 3581 3617 3635 resistendum
3646 3622 3662 3648 ,
3700 3600 3818 3653 qua:

2700 3648 3007 3703 humanitus
3041 3651 3353 3719 con/lentur.

2310 3738 2530 3794 Fratres
2563 3739 2892 3811 Patresque,
2946 3744 3090 3798 haud
3116 3745 3213 3799 abs
3240 3760 3295 3799 re
3316 3753 3399 3799 est
3424 3744 3604 3815 loqui,
3630 3757 3688 3803 et
3714 3762 3820 3803 au-

2240 3829 2358 3884 dire
2382 3870 2396 3894 ,
2430 3831 2495 3898 ad
2545 3833 2816 3901 publicam
2866 3836 3075 3906 frugem
3118 3853 3294 3907 neque
3323 3838 3390 3892 ad
3421 3843 3675 3894 virtutem
3716 3856 3816 3896 ne-

2240 3923 2541 3993 quidquam
2592 3938 2920 3993 apparamur
2973 3941 3038 3981 ac
3071 3927 3474 3996 procingimnr;
3511 3945 3635 3983 nam
3683 3932 3731 3986 si
3764 3933 3817 3987 id

2242 4024 2485 4083 agentes,
2510 4030 2698 4086 sparsa
2727 4016 2838 4085 jam
2876 4017 2930 4070 in
2963 4016 3097 4072 urbe
3132 4018 3274 4073 fama
3304 4021 3369 4074 de
3399 4018 3500 4073 fide
3529 4025 3816 4088 nonnulla,

2241 4109 2501 4177 evestigio
2551 4111 2904 4180 expavimus,
2938 4111 3174 4177 turbati,
3216 4113 3443 4178 scilicet,
3506 4114 3820 4185 impraame-

2241 4198 2816 4262 ditati,vehementius
2861 4203 3095 4268 attoniti,
3152 4207 3394 4259 animum
3455 4205 3817 4275 deSponderi-

2244 4289 2404 4341 mus?
2436 4286 2502 4343 Ut
2530 4280 2885 4344 sermocinari
2918 4293 3188 4361 expediat,
3217 4306 3269 4349 et
3295 4298 3569 4365 praestrui,
3613 4315 3729 4370 quo
3766 4303 3817 4355 in

2243 4397 2302 4436 re
2347 4384 2600 4451 prasenti
2623 4423 2637 4445 ,
2668 4383 2960 4453 adjuvante
3000 4387 3137 4451 Deo,
3176 4390 3389 4459 egregie
3419 4406 3599 4461 pugna
3626 4392 3820 4447 defun-

2220 4489 2459 4534 gamur.
2504 4477 2574 4529 At
2617 4480 2709 4547 qui
2760 4488 2844 4533 est
2888 4480 3111 4533 rumor?
3170 4491 3290 4550 post
3324 4483 3611 4538 scelestam
3654 4498 3819 4556 syno-

2244 4567 2373 4621 dutn
2420 4584 2541 4638 quae
2582 4570 2649 4622 ad
2693 4571 2813 4626 fidei
2851 4574 3064 4627 ruinam
3098 4590 3273 4646 nuper
3304 4586 3389 4630 est
3416 4580 3618 4647 agitata
3646 4618 3662 4641 ,
3697 4589 3819 4648 post

2243 4660 2379 4713 dll'lS
2413 4662 2683 4731 obligatos
2709 4662 2895 4720 Patres
2917 4706 2931 4730 ,
2968 4677 3090 4736 post
3114 4672 3581 4737 Oppugnationem
3608 4672 3817 4726 duode-

2244 4762 2494 4815 cennem,
2520 4766 2639 4821 post
2654 4753 2866 4820 exsilia,
2883 4757 3316 4825 con‘tpilationes,
3335 4775 3635 4825 carcerem,
3681 4780 3816 4818 con-

2245 4842 2516 4907 tumelias,
2542 4842 2730 4914 ﬂagta,
2752 4863 2929 4911 neces,
2950 4857 3170 4919 totoque
3191 4852 3396 4907 mundo
3422 4855 3813 4922 jactationem,

2245 4934 2472 5000 proinde
2503 4951 2567 4990 ac
2596 4939 2642 4991 si
2683 4938 2815 4991 nihil
2848 4940 3085 4995 insolens
3116 4943 3187 4996 sit
3213 4957 3392 4999 actum
3416 4987 3430 5010 ,
3458 4948 3731 5014 trahimur
3782 4964 3810 5002 a

567 5037 783 5097 tempus
812 5026 914 5081 sub
959 5025 1164 5079 exitum
1198 5039 1455 5078 revocare
1481 5064 1497 5089 ,
1541 5040 1605 5078 ac
1643 5025 1761 5078 dies
1791 5039 2016 5093 poscere
2059 5027 2135 5078 vi-
2168 5030 2208 5085 ο
2241 5026 2574 5095 principibus
2588 5030 2747 5084 verba
2767 5047 2885 5085 cum
2900 5034 3117 5090 sceleris
3138 5038 3507 5105 antesignanis
3523 5041 3810 5107 conferre;

569 5122 725 5174 vendi
755 5122 820 5173 ad
848 5128 1112 5189 quaestum
1143 5118 1436 5182 virtutum;
1467 5117 1723 5171 miserum
1752 5128 1855 5182 est,
1889 5118 2132 5187 inquam,

565 5225 619 5267 et
646 5226 1033 5266 aerumnosum.
1061 5210 1321 5279 Equidem
1348 5209 1440 5277 qui
1466 5208 1545 5262 sic
1566 5209 1948 5277 deprendatur,
1982 5224 2064 5263 na:
2090 5211 2135 5264 is

568 5304 842 5373 impendio
872 5303 1123 5356 turbetur
1150 5310 1314 5370 atque
1350 5299 1637 5353 aﬂlictetur
1659 5315 1879 5354 necesse
1910 5309 2010 5365 est,
2042 5303 2133 5370 qui

567 5411 675 5452 non
709 5394 776 5448 ad
818 5395 1171 5448 honorarium
1202 5397 1559 5445 certaminum
1586 5432 1600 5457 ,
1647 5392 1740 5444 sed
1772 5390 1839 5444 ad
1871 5393 2133 5461 supplicia

566 5488 835 5542 scelerum
889 5484 1112 5553 prodeat
1162 5496 1192 5536 e
1245 5495 1474 5551 corpore
1506 5521 1519 5543 ,
1578 5480 1911 5535 terribilibus
1960 5483 2134 5537 obviis

566 5579 912 5651 spectaculis.
936 5578 1093 5644 Quod
1122 5592 1188 5629 ne
1211 5575 1501 5645 patiamur,
1529 5588 1735 5642 quaeso,
1762 5581 1815 5626 et
1844 5574 2129 5638 adtnotteo,

564 5673 739 5745 parati
772 5671 837 5723 ad
874 5674 1078 5724 exitum
1116 5682 1329 5737 semper
1354 5707 1369 5731 ,
1406 5681 1623 5720 omnem
1658 5680 1973 5735 supremum
2014 5670 2132 5722 vita:

601 5790 677 5825 -³⁶
712 5787 873 5842 Hebr.
906 5802 964 5849 tt,
995 5786 1046 5839 9.
1124 5785 1166 5813 ""
1204 5784 1363 5837 Hebr.
1400 5800 1427 5835 x
1452 5822 1465 5847 ,
1496 5783 1581 5835 20.

647 5882 746 5949 (5')
787 5881 941 5935 Deest
972 5882 1110 5948 apud
1139 5880 1277 5933 Nan.

1661 5784 1700 5813 ³⁷
1734 5783 1873 5836 Psal.
1911 5800 2053 5847 cur,
2093 5786 2140 5837 7.

2242 5134 2417 5187 neque
2454 5120 2502 5172 id
2544 5123 2719 5175 solum
2742 5164 2754 5184 ,
2789 5127 2916 5191 quin
2952 5127 3218 5181 dicturum
3248 5168 3262 5189 ,
3303 5145 3367 5183 ac
3408 5136 3811 5188 controversia-

2243 5225 2360 5262 rum
2391 5213 2625 5267 arbitros
2648 5230 2840 5284 capere
2874 5219 3141 5285 ptimores
3167 5237 3197 5274 e
3231 5221 3573 5289 magistratu,
3607 5227 3808 5293 quibus

2242 5299 2556 5369 despectare
2585 5305 2637 5357 itt
2669 5310 2932 5361 nostratia
2983 5310 3163 5373 nefas,
3212 5306 3269 5366 ut
3307 5314 3384 5368 ait
3420 5318 3659 5385 quodam
3693 5321 3808 5375 loco

2243 5392 2537 5462 Gregorius
2568 5393 2893 5467 Theologus,
2934 5409 3142 5454 tantum
3183 5407 3334 5458 abest
3376 5416 3431 5459 ut
3468 5405 3684 5474 jttdices
3717 5411 3807 5463 ad-

2243 5485 2523 5541 mittamus
2550 5502 2831 5544 sacrorum
2872 5493 3206 5562 dogmattttn.

2311 5577 2531 5632 Scilicet
2581 5582 2920 5652 magistratui
2990 5586 3254 5641 divinitus
3303 5590 3537 5644 tributus
3598 5593 3803 5662 gladius

2239 5678 2340 5733 est,
2386 5679 2670 5740 postquam
2703 5686 2879 5731 exstat
2916 5678 3027 5732 haec
3054 5683 3320 5733 sententia
3359 5701 3369 5734 :

2221 5786 2263 5817 ³⁸
2292 5788 2422 5841 lbitl.
2462 5792 2512 5844 9.

3419 5682 3562 5736 Nam
3601 5702 3701 5738 non
3728 5696 3801 5739 est
