4000 6306
175 321 292 385 677

1363 334 1766 396 SERMONES
1803 335 2302 404 CATECHETICI

3348 358 3456 421 678

180 434 370 489 timori
419 439 775 508 magistratus
845 441 964 494 boni
1019 446 1207 508 operis,
1263 444 1350 496 sed
1401 446 1633 496 mali".
1670 444 1770 499 Et:
1802 450 1849 507 Α
1877 451 2142 514 opitnlum
2196 466 2249 509 et
2295 459 2724 516 commilitonem
2767 464 2818 517 in
2886 467 3165 534 periculis,
3199 485 3319 539 quae
3352 475 3455 526 hu-

183 525 318 580 Non
349 531 470 582 sine
546 547 708 583 causa
751 532 987 601 gladium
1023 544 1217 602 portat,
1247 536 1435 589 uindex
1468 537 1515 589 ei
1548 538 1636 606 qui
1663 552 1774 589 nta-

176 620 295 672 lum
326 623 444 691 agit
467 624 536 685 ⁸⁸,
570 625 1030 691 quemadmodum
1056 636 1111 681 et
1132 627 1400 697 opitulum
1424 629 1638 697 probis;
1668 643 1772 683 cae-

177 721 370 768 terum
401 715 608 768 sanctis
659 717 921 784 apostolis
955 733 1078 771 cum
1117 718 1426 773 divinorum
1457 721 1766 791 dogmatnm

177 813 476 871 potestas,
513 818 542 856 a
593 802 796 872 Spiritu
851 804 1128 875 proiecta,
1187 818 1298 861 tum
1356 810 1766 878 proscribendi,

176 900 353 962 atque
380 895 652 959 solvendi,
682 895 951 966 siquidem
990 896 1205 952 Domini
1253 900 1319 954 ad
1365 915 1461 955 eos
1495 902 1608 956 haec
1640 909 1769 955 sunt

176 988 348 1040 verba
381 1005 392 1039 :
429 989 666 1057 Accipite
711 987 970 1059 Spiritum
1022 1002 1266 1044 sanctum
1299 1009 1317 1046 :
1343 1009 1565 1061 quorum
1607 995 1766 1047 remi-

174 1079 364 1130 seritis
404 1090 642 1146 peccata,
667 1082 1005 1135 remittuntur
1029 1083 1204 1148 eis;et
1233 1098 1452 1152 quorum
1486 1086 1764 1139 retinueri-

178 1170 273 1227 tis,
301 1179 510 1223 retenta
540 1181 662 1224 sunt
685 1171 750 1225 ⁶¹.
787 1174 863 1227 Ac
891 1189 1110 1228 rursum
1140 1192 1153 1227 :
1200 1175 1534 1244 Quaecunque
1571 1179 1766 1249 ligave-

177 1259 302 1311 ritis
333 1276 492 1326 super
534 1272 759 1326 terram,
796 1275 948 1317 erunt
989 1265 1152 1334 ligata
1182 1276 1231 1320 et
1260 1267 1312 1320 in
1337 1269 1504 1323 calo:
1533 1281 1581 1324 et
1621 1287 1765 1340 qua:-

176 1365 386 1418 cunque
438 1351 699 1406 solveritis
758 1371 913 1424 super
948 1365 1167 1422 terram,
1227 1369 1380 1413 erunt
1428 1361 1599 1415 soluta
1626 1371 1673 1416 et
1707 1365 1761 1416 in

175 1439 308 1492 celo
335 1441 403 1494 δ’.
433 1440 655 1496 Certum
675 1455 758 1498 est
783 1455 985 1511 autem,
1022 1456 1080 1501 ut
1110 1449 1178 1502 iis
1205 1449 1409 1504 dictum
1447 1454 1536 1515 sit,
1572 1453 1758 1506 itidem

175 1542 231 1580 et
259 1534 528 1588 hactenus
567 1535 810 1592 vicissim
862 1539 1278 1596 successoribus
1326 1542 1584 1608 edictum,
1617 1553 1674 1597 ut
1703 1545 1756 1598 in

177 1620 249 1674 iis
271 1623 518 1690 judicem
544 1640 740 1694 capere
764 1630 1138 1699 magistratum
1167 1633 1302 1690 nihil
1326 1636 1397 1690 sit
1419 1636 1565 1689 aliud
1593 1652 1756 1706 quam

176 1709 366 1763 datam
428 1716 692 1782 apostolis
753 1731 783 1771 a
841 1717 1046 1789 Spiritu
1101 1733 1418 1790 potestatem
1471 1726 1752 1796 abrogare.

1879 545 2116 598 manitus
2151 547 2473 616 conﬂentur,
2507 561 2810 610 teneamus.
2845 556 3125 626 Confidite,
3168 561 3243 616 ait
3266 562 3441 618 Domi-

1875 650 1998 701 nus,
2019 652 2112 706 ego
2141 639 2245 691 vici
2273 642 2606 708 mundum“,
2643 646 2807 716 igitur
2828 649 3166 706 conﬁdamus
3190 667 3289 707 nos
3312 670 3450 723 quo-

1871 741 2000 793 que,
2050 729 2185 782 certi
2229 731 2451 786 victoria
2488 736 2782 802 petituros,
2831 753 2954 793 cum
2986 754 3052 795 eo
3081 757 3242 810 quem
3279 745 3446 812 impe-

1871 817 1954 871 rio
1982 831 2220 873 mactum
2247 833 2572 878 cunctorum
2617 829 2796 884 omnis
2829 830 3001 898 gloria
3048 832 3221 898 decet,
3254 843 3308 888 et
3350 836 3441 888 ho-

1870 924 1990 975 nor,
2039 917 2201 980 atque
2233 914 2431 978 cultus,
2484 929 2607 970 cum
2660 918 2839 986 Patre,
2883 936 2947 976 ac
2979 934 3168 979 sancto
3215 924 3441 995 Spiritu,

1867 1013 2013 1053 nunc
2090 1009 2146 1056 et
2200 1018 2439 1073 semper,
2509 1006 2563 1060 in
2626 1024 2954 1081 omnemque
3001 1016 3440 1084 perpetuitatem.

1866 1089 2058 1143 Amen.

2356 1178 2587 1235 SERMO
2655 1182 2937 1241 CXXVIII.

2067 1268 2144 1322 De
2174 1270 2491 1338 obedientia,
2527 1289 2588 1325 ac
2622 1274 2915 1345 frangenda
2947 1279 3232 1335 uoluntate.

1933 1358 2154 1415 Fratres
2205 1359 2668 1434 Patresque,cum
2698 1366 2938 1423 defectos
2968 1374 3162 1427 virtnte
3197 1377 3437 1433 cateche-

1862 1451 1968 1505 tica
2021 1452 2272 1507 verberat
2305 1455 2504 1523 oratio,
2560 1467 2671 1510 tum
2721 1459 2914 1514 iterum
2962 1475 3212 1531 persanat
3241 1509 3257 1533 ,
3307 1485 3431 1524 nam

1863 1540 1961 1592 hoc
2000 1540 2219 1608 ipsum,
2270 1542 2452 1599 dolere
2511 1546 2579 1600 ob
2627 1547 2899 1604 defectum
2944 1567 3129 1608 eorum
3183 1573 3305 1626 qua:
3332 1559 3429 1613 de-

1860 1639 1979 1683 ceat
2009 1630 2147 1684 obiri
2178 1632 2628 1690 instaurationem
2658 1674 2675 1701 ,
2725 1638 2776 1691 in
2804 1641 3004 1696 animis
3030 1643 3168 1698 clam
3202 1649 3433 1702 moritur

1859 1735 1974 1789 quin
2018 1721 2303 1774 secundum
2332 1721 2500 1776 Deum
2515 1734 2592 1778 est
2625 1727 2869 1793 tristitia,
2893 1741 3118 1788 auctore
3147 1735 3428 1804 Apostolo,

173 1799 300 1853 Jam
358 1804 453 1871 qui
511 1806 824 1875 pertingant
871 1810 935 1862 ad
994 1789 1163 1865 ardua
1218 1813 1463 1868 veritatis
1514 1789 1752 1880 decreta,
1786 1789 1828 1843 Β
1853 1813 2210 1879 paenitentiam
2250 1814 2307 1867 in
2343 1815 2566 1868 salutem
2591 1833 2692 1870 non
2717 1821 3066 1888 paenitendum
3098 1839 3343 1894 operante
3361 1828 3424 1883 ⁸⁷.

178 1892 304 1944 vitae
360 1891 695 1960 perfectione
750 1898 987 1952 absoluti
1048 1901 1241 1955 nulla?
1289 1905 1559 1960 scribente
1610 1907 1756 1976 Apo-

176 1983 322 2035 stolo
357 2004 368 2036 :
409 1981 738 2051 Sapientiam
777 1989 1040 2056 loquimur
1073 1992 1209 2044 inter
1247 1994 1520 2062 perfectos,
1550 1999 1756 2065 sapien-

176 2075 308 2126 tium
358 2088 534 2129 autem
585 2094 690 2130 non
727 2080 884 2148 hujus
955 2083 1157 2148 steculi,
1215 2101 1305 2139 nec
1345 2088 1752 2156 magistratuum

174 2166 334 2232 hujus
367 2168 572 2233 saeculi,
608 2170 696 2238 qui
724 2171 1088 2239 destruantur,
1120 2177 1210 2228 sed
1251 2176 1515 2246 loquimur
1540 2179 1638 2233 Dei
1667 2197 1754 2233 sa-

173 2259 430 2322 pientium
494 2261 550 2312 in
616 2265 886 2330 mysterio,
942 2281 1058 2332 qua:
1103 2266 1410 2321 abscondita
1456 2279 1550 2332 est,
1580 2288 1752 2340 quam

173 2352 568 2416 praedestinavit
613 2352 754 2407 Deus
782 2365 904 2408 ante
938 2347 1133 2411 secula
1154 2363 1207 2411 in
1235 2360 1461 2430 gloriam
1495 2373 1748 2428 nostram,

171 2457 335 2510 qnam
372 2459 521 2496 nemo
553 2448 962 2514 magistratuum
995 2449 1150 2517 hujus
1184 2452 1365 2504 seculi
1408 2456 1642 2521 cognovit
1670 2472 1681 2507 :
1706 2455 1751 2507 si

172 2538 313 2587 enim
349 2539 732 2605 cognovissent,
768 2555 1034 2609 nunquam
1080 2541 1364 2596 Dominum
1413 2545 1600 2613 gloria:
1627 2564 1750 2599 cru-

172 2627 546 2693 ciﬁxissent”.
588 2626 818 2682 Videtin‘
854 2631 1147 2698 gloriosum
1182 2631 1470 2688 Dominum
1498 2637 1552 2689 in
1586 2652 1749 2691 cruce

172 2716 352 2783 egisse
381 2719 805 2786 magistratum?
840 2731 898 2774 ut
936 2736 1082 2776 nunc
1125 2738 1374 2793 quoque;
1409 2727 1454 2778 si
1505 2731 1748 2796 anginam

171 2808 295 2875 ejus
339 2809 566 2879 imagini
601 2811 837 2866 tribunal
883 2814 1041 2868 detur
1091 2816 1463 2886 magistratus,
1505 2833 1614 2872 non
1651 2821 1747 2874 abs

173 2913 231 2952 re
286 2899 593 2955 dixerimus
655 2918 873 2958 rursum
926 2901 1269 2961 Judaismum
1330 2909 1648 2978 quemdam,
1685 2926 1747 2963 ac

172 2989 331 3044 Pilati
364 2992 606 3046 tribunal
651 2995 866 3061 agitari.
916 2995 1057 3061 Quin
1112 2997 1375 3069 defugere
1410 3016 1533 3054 cum
1565 3002 1746 3071 impiis

1858 1901 1961 1956 Sed
2018 1907 2464 1974 contemplemur,
2513 1908 2558 1962 si
2590 1909 2758 1974 lubet,
2791 1913 2989 1981 quibus
3032 1916 3083 1969 in
3124 1919 3286 1972 rebus
3327 1935 3426 1989 po-

1853 1993 1954 2046 sita
1987 1996 2096 2046 sint
2128 2010 2248 2062 qua:
2292 2011 2391 2050 nos
2444 2001 2791 2055 contristent.
2837 2002 2992 2068 Quod
3042 2008 3275 2075 cogitata
3339 2011 3425 2064 in-

1853 2095 2050 2152 gruant
2079 2087 2307 2153 impura,
2343 2102 2464 2156 quae
2509 2089 2747 2144 hostium
2798 2093 2969 2146 viccm
3023 2097 3166 2149 serio
3193 2098 3425 2152 arietem

1852 2175 1903 2228 in
1929 2177 2211 2230 mentem?
2237 2179 2437 2232 etenim
2471 2180 2735 2250 scriptum
2766 2190 2848 2236 est
2875 2201 2888 2236 :
2924 2182 2982 2237 Si
3015 2187 3305 2240 consistant
3335 2191 3424 2241 ad-

1850 2281 2053 2319 versum
2089 2283 2168 2321 me
2213 2278 2411 2332 castra,
2464 2286 2566 2323 non
2602 2271 2796 2325 timebit
2823 2290 2910 2326 cor
2940 2292 3131 2343 meum,
3163 2278 3209 2331 si
3237 2294 3423 2333 arsur—

1849 2366 1938 2425 gat
1969 2357 2245 2410 adversum
2272 2375 2352 2413 me
2378 2361 2640 2428 pra'lium,
2665 2364 2718 2417 in
2751 2365 2847 2417 hoc
2872 2383 2961 2435 ego
2987 2371 3202 2436 sperabo
3227 2371 3292 2424 ιδ.
3338 2373 3420 2427 An

1849 2449 1995 2516 quod
2044 2464 2207 2517 grave
2228 2458 2310 2504 est
2355 2453 2680 2508 obedientia:
2732 2455 2969 2526 jugum?
3017 2461 3218 2515 atenim
3247 2474 3423 2518 exstat

1848 2540 1962 2594 haec
1992 2543 2260 2595 sententia
2292 2558 2505 2597 rursum
2543 2562 2557 2597 :
2605 2545 2809 2600 Bonum
2839 2559 2917 2603 est
2950 2551 3059 2605 viro
3094 2569 3210 2606 cum
3235 2570 3420 2624 porta-

1848 2636 1975 2685 verit
2025 2635 2212 2702 jugum
2247 2636 2311 2688 ab
2346 2634 2698 2690 adolescentia
2727 2656 2843 2704 sua,
2902 2645 2992 2706 qui
3022 2645 3294 2700 solitarius
3335 2649 3416 2700 in-

1846 2724 2006 2775 simul
2036 2722 2143 2777 Deo
2177 2726 2363 2778 serviet
2386 2726 2452 2780 ".
2485 2726 2812 2798 lterumque,
2838 2730 3034 2802 Iugum
3063 2751 3234 2788 meum
3265 2753 3420 2790 suave

1844 2825 1942 2880 est,
1988 2824 2040 2868 et
2098 2833 2230 2869 onus
2293 2834 2462 2870 meum
2517 2819 2621 2872 leve
2645 2821 2712 2874 '°.
2768 2822 2850 2876 An
2892 2825 3038 2892 quod
3080 2826 3220 2880 nihil
3257 2828 3420 2883 habet

1845 2903 2148 2958 obedientia
2179 2906 2434 2973 privum?
2470 2917 2525 2960 at
2557 2908 2663 2963 hoc
2700 2911 2847 2965 enim
2872 2914 3236 2980 apostolicum
3272 2933 3414 2985 quo-

1845 3009 1948 3062 que
1970 3005 2089 3050 est:
2131 2995 2266 3050 Ecce
2294 3000 2450 3061 enim,
2512 3001 2608 3065 ait,
2643 3017 2736 3054 nos
2776 3002 3085 3072 reliquimus
3125 3008 3334 3072 omnia,
3369 3019 3418 3062 et

174 3084 228 3136 iu
261 3084 587 3139 concionem
635 3087 847 3153 venire,
892 3103 953 3142 ea
984 3104 1204 3159 quoque
1255 3090 1438 3144 divina
1472 3094 1739 3146 sententia

1848 3088 2009 3140 secuti
2033 3104 2216 3142 sumus
2255 3097 2325 3154 te,
2360 3090 2487 3158 quid
2513 3107 2636 3160 ergo
2664 3093 2762 3145 erit
2789 3094 2935 3147 nobis
2958 3096 3000 3127 ⁸³
3024 3097 3043 3149 t
3071 3097 3148 3150 Ac
3179 3101 3416 3166 promis-

170 3183 256 3229 est
289 3194 304 3241 ;
336 3177 415 3230 ait
442 3177 588 3230 enim
616 3195 629 3231 :
670 3176 850 3231 Nolite
873 3178 999 3233 dare
1043 3193 1283 3234 sanctum
1309 3184 1549 3246 canibus,
1584 3201 1745 3254 neque

173 3269 403 3321 mittatis
450 3271 773 3337 margaritas
815 3280 1015 3324 vestras
1063 3286 1185 3326 ante
1222 3289 1408 3342 porcos
1427 3275 1495 3332 “.
1538 3275 1743 3330 Conse-

171 3370 408 3429 quenter
448 3360 670 3414 divinus
703 3361 997 3430 Apostolus
1030 3363 1224 3430 jubet:
1280 3364 1405 3419 Non
1434 3369 1744 3421 contendere

170 3451 360 3514 verbis,
409 3451 523 3504 sine
577 3450 690 3504 ulla
739 3453 908 3522 fruge,
968 3454 1036 3506 ad
1086 3456 1470 3510 subversionem
1521 3459 1744 3511 audien-

170 3545 300 3596 tium
321 3545 392 3597 ⁸³.
427 3543 540 3598 Nec
589 3543 794 3597 abludit
820 3553 875 3599 et
902 3543 1074 3599 deifer
1115 3546 1371 3616 lgnatius,
1405 3551 1648 3603 scribens
1689 3552 1740 3602 in

171 3637 320 3689 hunc
377 3649 603 3690 sensum
654 3655 664 3684 :
719 3653 738 3686 ς
777 3635 1093 3690 Praemoneo
1135 3653 1229 3692 vos
1275 3639 1740 3694 bominiforminm

169 3723 438 3788 ferarum,
499 3725 904 3790 haereticorum,
957 3741 1094 3795 quos
1144 3743 1252 3780 non
1311 3729 1485 3782 solum
1513 3745 1619 3782 non
1650 3732 1742 3784 ad-

168 3818 386 3872 mittere
448 3816 678 3881 debetis,
725 3817 818 3871 sed
873 3831 940 3870 ne
974 3832 1265 3871 occurrere
1303 3819 1546 3888 quidem,
1577 3823 1620 3874 si
1654 3837 1744 3889 po-

167 3914 340 3968 testis.
397 3930 416 3961 ι
457 3910 778 3980 Singulique
809 3911 1003 3974 sancti,
1043 3926 1109 3964 ne
1147 3911 1473 3965 catechesim
1523 3913 1738 3981 longam

170 4006 388 4066 faciam,
423 4003 568 4057 idem
599 4013 996 4058 contestantur.
1043 4003 1173 4070 Quae
1191 4019 1314 4058 cum
1334 4005 1414 4059 sic
1435 4005 1737 4060 edicantur.

167 4097 256 4164 qui
300 4095 608 4149 audeamus
646 4107 802 4148 sacra
855 4094 908 4147 in
952 4099 1154 4150 utravis
1186 4097 1559 4152 controversia
1601 4097 1737 4151 scita

166 4184 413 4242 violare?
451 4186 830 4255 Nequaquam,
885 4200 985 4239 nec
1026 4187 1070 4239 si
1112 4202 1256 4241 mors
1300 4187 1628 4255 impendeat.
1671 4185 1739 4241 Ut

168 4280 481 4336 necessario
540 4281 926 4341 detrectemus,
992 4277 1210 4340 fratres.
1270 4294 1378 4332 non
1430 4279 1578 4347 quod
1622 4279 1734 4332 veri

166 4369 355 4425 eﬂ'ecta
397 4369 467 4423 sit
492 4366 853 4421 oratiozsane
882 4367 1021 4420 enim
1047 4367 1291 4436 quidem,
1312 4383 1412 4436 pro
1442 4379 1730 4437 praecepto,

1846 3192 1988 3245 sum,
2008 3179 2081 3233 dii
2121 3180 2243 3232 boni
2271 3181 2283 3232 ι
2324 3195 2484 3248 quam
2509 3183 2830 3250 venerabile,
2861 3196 2915 3240 et
2939 3187 3165 3242 illustre.
3201 3188 3419 3244 Scilicet

1845 3283 1951 3320 non
1987 3278 2167 3323 autem
2215 3279 2270 3324 et
2319 3286 2414 3327 vos
2462 3288 2617 3342 atque
2666 3275 2920 3329 omnibus
2946 3277 3189 3334 dimissis
3223 3279 3412 3334 herum

1843 3359 2107 3424 comitati,
2163 3361 2300 3414 alius
2350 3373 2600 3431 parentes
2651 3366 2934 3431 deseruit,
2990 3369 3134 3424 alius
3193 3368 3412 3435 fratres,

1844 3449 1981 3503 alios
2032 3450 2336 3520 conjugem,
2389 3460 2550 3520 atque
2591 3454 2817 3520 liberos,
2871 3457 3014 3512 alius
3062 3459 3231 3523 uades,
3275 3461 3415 3516 alius

1844 3555 2024 3610 agros,
2085 3544 2288 3607 cuncti,
2352 3546 2605 3600 omnibus
2654 3551 3019 3616 praestantius,
3065 3552 3418 3608 voluntates?

1843 3634 1986 3701 quod
2020 3635 2249 3688 arduum
2280 3645 2362 3688 est
2393 3651 2513 3689 cum
2554 3639 2746 3706 primis
2772 3639 2822 3691 in
2856 3626 3201 3710 hominibus;
3232 3645 3408 3698 enim-

1845 3739 1971 3777 vero
2026 3740 2119 3779 seu
2151 3735 2462 3780 contentum
2493 3728 2759 3796 jejunium
2807 3730 2977 3797 dicas,
3021 3749 3114 3788 seu
3166 3737 3408 3807 pervigi-

1843 3814 1996 3879 lium,
2049 3831 2139 3869 seu
2192 3819 2516 3872 solicubium
2547 3859 2560 3883 ,
2622 3835 2719 3874 seu
2769 3824 3113 3879 insolentiam
3166 3827 3407 3895 lavandi,

1841 3919 1935 3958 seu
1971 3906 2338 3968 solitudinem,
2369 3923 2465 3961 seu
2492 3908 2639 3977 quod
2686 3911 2832 3964 aliud
2862 3915 3103 3968 studium
3131 3915 3407 3982 divinum,

1841 3994 2010 4048 libera
2039 3996 2270 4064 quadam
2303 3995 2574 4066 fungentis
2607 3998 2890 4054 voluntate
2918 4003 3221 4072 obeuntnr;
3241 4024 3407 4075 porro

1839 4097 2018 4140 autem
2072 4088 2218 4156 quod
2258 4088 2427 4144 libera
2455 4091 2736 4146 voluntate
2785 4094 3044 4162 obeatur,
3103 4102 3407 4167 quamlibet

1839 4193 2000 4248 grave
2048 4189 2131 4233 est
2178 4191 2406 4242 natura,
2438 4183 2716 4239 voluntate
2762 4187 2977 4254 quidem
3031 4200 3176 4244 certe
3214 4191 3406 4268 leviter

1838 4271 2004 4324 confit
2050 4273 2194 4339 quod
2238 4272 2533 4342 frangenda
2579 4276 2876 4339 voluntate,
2913 4284 3263 4347 quantumvis
3291 4284 3406 4335 leve

1838 4364 2104 4426 videatur,
2162 4365 2449 4418 ditliculter
2491 4376 2674 4421 tamen
2721 4370 3027 4424 conﬁcitur.
3084 4372 3160 4425 Ac
3191 4371 3402 4428 facinus

166 4479 273 4532 quo
301 4461 552 4516 stabilire
583 4458 705 4514 fidei
738 4473 1046 4513 sermonem
1078 4459 1389 4526 jubeamur,
1424 4460 1733 4515 volentibus
1769 4453 1810 4506 υ
1843 4455 1894 4508 id
1926 4456 2060 4509 adeo
2114 4459 2286 4511 sancli
2322 4456 2508 4513 Patres
2554 4461 3028 4516 Obtrultcalionem
3084 4465 3392 4529 Βείνθνωιι,

169 4555 508 4625 principibus
558 4551 736 4622 parati
779 4566 968 4605 sumus
1015 4553 1080 4603 ad
1119 4552 1462 4620 apologiam,
1516 4551 1732 4606 Domini

168 4649 337 4701 nostri
374 4644 500 4700 Jesn
531 4643 735 4698 Christi
771 4642 1034 4696 beneficio
1056 4685 1070 4708 ,
1121 4644 1212 4710 qui
1242 4644 1485 4713 accingat
1525 4644 1733 4698 viribus

169 4739 411 4793 imbelles
468 4747 522 4790 et
553 4735 860 4789 facundiam
903 4735 983 4787 vel
1039 4737 1202 4789 mutis
1249 4736 1506 4804 praebeat.
1559 4738 1734 4804 Atque

171 4832 280 4886 lucc
303 4832 392 4885 illa
447 4829 631 4882 fabula
668 4835 752 4882 est
779 4843 898 4896 qna-
927 4827 1239 4880 rumoribus
1265 4827 1522 4897 jactetur.
1565 4827 1733 4881 Caete-

181 4938 296 4976 rum
323 4938 420 4974 vos
451 4920 708 4984 animosi,
747 4934 808 4972 ac
847 4919 1039 4988 spiritu
1081 4918 1357 4988 przeﬁrmi,
1387 4932 1454 4972 ne
1481 4919 1732 4972 commit-

180 5017 268 5071 tite
297 5033 359 5070 ut
383 5013 768 5069 exterreamini
795 5013 862 5066 ab
883 5012 1239 5078 adversariis;
1271 5012 1422 5079 quin,
1452 5027 1550 5066 ceu
1582 5012 1737 5065 Chri-

175 5109 329 5164 stiani
370 5107 595 5176 quidam
637 5103 861 5167 milites,
889 5103 1012 5158 (idet
1051 5104 1220 5158 armis
1256 5103 1462 5168 amicti,
1511 5104 1733 5158 stabiles

172 5211 221 5255 et
268 5198 576 5255 immobiles
626 5196 928 5250 consistite.
977 5195 1270 5250 Enimvero
1320 5197 1473 5252 miles
1506 5198 1600 5266 qui
1634 5212 1730 5250 ex-

174 5303 382 5362 pertum
438 5290 620 5353 bellis,
669 5303 733 5343 ac
779 5288 1227 5357 triumphatorem
1276 5289 1471 5342 habeat
1512 5292 1729 5349 ducem,

175 5392 356 5443 timere
387 5385 564 5442 nescit
593 5401 607 5449 ;
633 5382 761 5453 quin
787 5383 1022 5446 animos,
1062 5391 1117 5435 ct
1151 5383 1301 5450 signa
1335 5381 1544 5434 confert
1572 5421 1584 5432 .
1617 5394 1727 5448 quo

175 5498 264 5537 nos
293 5482 562 5535 debemus
592 5476 765 5546 magis
809 5475 1060 5537 animari,
1117 5475 1206 5542 qui
1249 5474 1528 5536 copiarqu
1581 5472 1726 5524 arbi—

173 5585 304 5628 trum
354 5571 665 5628 ccelestium
694 5607 709 5631 ,
751 5581 813 5621 ac
844 5567 1011 5621 totius
1057 5564 1292 5618 universi
1348 5562 1720 5625 monarcbam,

1835 4547 1977 4614 quod
2023 4548 2077 4600 in
2137 4548 2303 4601 alium
2355 4550 2516 4602 cadat
2583 4552 2851 4605 neminem
2901 4569 3062 4621 quam
3119 4556 3398 4610 subditum

1835 4642 2147 4710 genuinum,
2178 4641 2268 4708 qui
2296 4649 2349 4693 et
2390 4638 2488 4693 fari
2537 4657 2658 4694 cum
2694 4644 2952 4710 Apostolo
3001 4654 3206 4712 queat:
3273 4645 3398 4700 Vivo

1835 4744 2007 4784 autem
2033 4731 2151 4798 jam
2196 4747 2297 4782 non
2329 4747 2440 4799 ego,
2497 4733 2617 4785 vivit
2653 4749 2768 4785 vero
2825 4736 2879 4786 in
2911 4751 2989 4785 me
3049 4734 3288 4790 Christus
3308 4740 3352 4769 "
3382 4758 3394 4791 :

1835 4839 1956 4878 nam
2012 4824 2104 4892 qui
2155 4838 2494 4891 nequaquam
2547 4841 2611 4877 ex
2666 4841 2762 4877 sua
2819 4826 3044 4879 libidine
3083 4828 3247 4889 vivat,
3283 4829 3400 4882 tan-

1834 4931 1994 4985 quant
2026 4921 2302 4983 sequestra
2328 4913 2560 4980 prtet‘ecti
2587 4915 2880 4977 voluntate,
2916 4914 3024 4967 Deo
3053 4916 3202 4970 vivit.
3234 4917 3384 4982 Quin

1835 5010 2078 5061 imitatur
2106 5017 2159 5059 et
2192 5019 2314 5057 eum
2356 5005 2448 5072 qui
2471 5005 2670 5057 dixerit
2699 5024 2709 5057 :
2759 5005 3016 5058 Descendi
3047 5007 3108 5058 de
3138 5009 3262 5059 caelo
3295 5025 3397 5061 non

1834 5113 1888 5152 ut
1916 5102 2111 5168 faciam
2137 5098 2452 5151 uoluntatem
2486 5115 2674 5160 meam,
2724 5100 2814 5151 sed
2845 5099 3156 5152 voluntatem
3183 5101 3273 5168 qui
3296 5104 3396 5153 mi-

1833 5194 1900 5244 sit
1939 5208 2037 5256 me,
2071 5189 2334 5242 Patris”.
2367 5189 2597 5243 Videtin’
2645 5191 2790 5259 quod
2837 5189 3067 5243 instituti
3119 5190 3394 5259 fastigium

1834 5284 1946 5336 sit?
2007 5298 2112 5335 non
2181 5281 2432 5334 aemulum
2462 5279 2687 5346 Christi,
2713 5295 2819 5335 non
2868 5280 3223 5349 apostolicum
3280 5285 3396 5336 est?

1832 5374 1940 5430 Nec
1966 5374 2054 5443 pol
2092 5373 2304 5434 adulor,
2376 5373 2504 5439 quin
2551 5373 2881 5441 exploratam
2914 5386 3032 5425 eam
3067 5374 3390 5424 sententiam

1831 5469 2028 5521 veritas
2072 5463 2438 5518 lesuimonium
2487 5462 2640 5518 dicit.
2708 5463 2802 5516 Sin
2860 5463 3110 5516 homines
3173 5462 3254 5515 sic
3296 5465 3397 5529 de—l

1830 5558 2033 5614 functis
2064 5558 2209 5611 haud
2252 5558 2497 5612 eneomia
2525 5563 2737 5620 texunt,
2773 5556 2909 5610 nihil
2954 5555 3081 5608 hinc
3103 5553 3184 5608 eis
3212 5556 3396 5622 gloria:

235 5714 274 5745 ³³
305 5713 466 5767 Rom.
504 5725 625 5769 xm,
657 5707 710 5760 5.
784 5707 827 5736 ⁸ο
860 5705 1015 5758 Rom.
1043 5720 1157 5766 xm,
1189 5702 1240 5754 4.
1278 5701 1318 5731 ’δ’
1357 5701 1511 5754 Joan.
1540 5715 1628 5759 xx,
1659 5696 1746 5748 22.

1848 5700 1857 5728 '
1908 5699 2063 5769 Joan.
2098 5712 2207 5769 xVI,
2245 5694 2330 5748 19.
2401 5695 2464 5769 _"
2494 5696 2506 5749 Ι
2531 5695 2752 5769 Cor__tl,
2781 5696 2813 5748 6
2848 5694 2898 5746 8.
2957 5689 3391 5769 ff}l:ttl_l_t.__v'tt._6.

167 5786 256 5840 “ll
286 5786 504 5838 'lutnttlt.
545 5797 601 5838 tt,
639 5778 727 5829 14-
797 5777 841 5807 ⁸⁸
872 5777 1025 5829 Joan.
1069 5791 1175 5834 xu,
1211 5773 1296 5824 55.

170 5872 235 5924 xt,
269 5858 354 5912 30.
436 5855 479 5887 ⁵¹
515 5849 830 5911 Maltinus,
861 5847 951 5899 ‘27.
1027 5847 1069 5876 ⁸²
1097 5843 1271 5898 Galat.
1305 5840 1474 5904 11,²ὶυ.

1373 5773 1412 5799 ⁸⁷
1435 5771 1472 5822 ΙΙ
1502 5772 1732 5828 (ὲυικγιι,
1769 5767 1853 5820 10.

1554 5840 1598 5871 ⁵³
1636 5836 1793 5890 Joan.
1829 5853 1900 5903 si,
1935 5839 2020 5892 58.

1931 5771 1974 5799 ⁸⁸
2010 5767 2149 5820 Psal.
2218 5781 2366 5830 xxvr,
2400 5765 2452 5819 5.
2547 5769 2589 5799 δ’
2625 5764 2825 5819 Tltt'en.
2859 5780 2938 5817 III.
2964 5763 3052 5813 97.
3131 5763 3175 5791 ⁵⁰
3204 5760 3390 5817 Matth.
