4000 6306
537 323 644 387 679

1724 304 1784 362 S.
1825 295 2215 360 THEODORI
2259 293 2603 354 STUDITAS

3673 282 3776 338 630

536 435 770 497 decedit,
821 439 1106 500 postquam
1161 422 1384 477 minime
1425 416 1568 469 videt
1613 412 1753 466 Deus
1784 409 2010 479 proinde
2039 422 2104 458 ac
2137 416 2178 465 Α
2210 402 2406 455 bellum
2441 410 2523 453 est
2555 398 2788 450 invisum
2822 393 2962 463 quod
2997 407 3089 462 per
3118 391 3301 445 orbem
3350 390 3581 456 pertinet
3608 398 3781 442 ιρι-η-

539 530 814 590 mortales.
865 524 1123 593 aliudque
1169 517 1283 578 Dei,
1330 513 1472 567 aliud
1530 508 1807 562 hominum
1835 503 2098 572 judicium

540 635 645 689 est,
677 631 733 678 et
775 616 1028 689 ignobilis
1079 614 1401 682 plerumque
1428 605 1497 656 iis
1546 599 1638 668 qui
1668 598 1905 651 illustres
1934 606 2102 660 appa-

545 685 725 778 reant,
757 685 861 769 sub
894 706 1100 776 prcmii
1143 703 1286 758 diem
1336 695 1654 752 honoratior
1697 698 1952 744 cernetttr
1988 703 2000 738 :
2037 685 2109 739 si-

544 808 761 879 quidem
827 802 1085 869 scriptum
1140 806 1222 851 est
1258 809 1272 846 :
1302 791 1470 845 Erunt
1517 783 1786 840 novissimi
1825 779 2008 848 primi,
2059 785 2109 830 et

545 870 703 974 primi
769 890 1125 951 nouissimi“.
1187 887 1352 956 Igitur
1400 879 1628 951 gaudete
1679 884 1734 930 ct
1793 870 2107 929 tremiscite,

547 962 742 1065 partim
781 990 851 1044 ob
885 987 974 1040 Dei
1006 980 1348 1038 beneficium,
1400 970 1592 1042 partim
1638 967 1709 1021 ob
1749 962 1946 1032 ingenii
1977 973 2113 1014 con-

549 1063 878 1142 versionem,
933 1075 1024 1144 qui
1081 1086 1187 1125 non
1245 1065 1406 1120 iidem
1471 1066 1730 1128 perpetuo
1777 1063 2113 1107 maneamus.

547 1180 725 1244 Atque
753 1181 811 1224 ut
837 1141 1128 1236 apostolice
1159 1162 1350 1228 loquar
1377 1173 1389 1207 :
1451 1149 1849 1207 Consideremus
1877 1141 2114 1198 invicem,

549 1270 603 1322 in
632 1261 1052 1336 provocationem
1093 1248 1392 1308 alacritatis,
1436 1261 1497 1297 ac
1540 1247 1791 1294 bonorum
1826 1230 2114 1303 operum",

550 1326 645 1432 qui
678 1356 820 1413 haud
847 1352 1232 1408 defetiseamur
1274 1337 1566 1411 frangenda
1601 1334 1898 1392 voluntate,
1935 1326 2120 1432 inmqtta

552 1415 732 1506 dumis
791 1445 1020 1500 vertitur
1078 1438 1294 1499 oratio,
1351 1445 1452 1486 nec
1507 1426 1874 1481 dissolvamur
1927 1415 2121 1471 oﬂiciis

552 1538 839 1600 obeundis,
898 1535 1028 1604 quin
1068 1529 1344 1585 alacritate
1388 1520 1568 1592 potius
1599 1519 1897 1575 tirmenntr,
1930 1515 2121 1562 mutuo

555 1599 1108 1693 sustinentem—mutua
1142 1632 1308 1674 onera
1337 1619 1630 1683 portantes,
1672 1620 1768 1659 ceu
1797 1599 2122 1658 confratres,

555 1743 655 1784 ceu
693 1723 977 1778 unanimes
1023 1730 1120 1769 ceu
1169 1719 1551 1774 coneorpores.
1604 1700 1724 1765 Quo
1781 1692 2034 1764 agitando
2067 1690 2122 1742 itt

555 1823 672 1879 dies
706 1815 1022 1876 certamine,
1068 1817 1340 1873 cursuque
1382 1794 1708 1870 peragendo,
1761 1789 1893 1844 nihil
1940 1785 2129 1840 dubito

557 1913 689 1985 quin
734 1920 989 1964 coronam
1039 1899 1224 1970 gloria:
1276 1891 1489 1954 feretis,
1539 1900 1659 1954 qua:
1710 1882 1932 1935 minime
1982 1890 2126 1930 mar-

558 1964 758 2067 ;escat,
779 2015 876 2071 per
899 1995 1176 2051 Christum
1206 1986 1391 2042 Jesum
1413 1980 1700 2036 Dominum
1729 1981 1970 2027 nostrum
1993 1985 2005 2020 :
2044 1964 2131 2020 cui

559 2062 831 2169 gloria'et
863 2087 1174 2160 imperium,
1230 2095 1353 2137 cum
1395 2076 1554 2130 Patre
1579 2087 1643 2126 ac
1669 2076 1855 2124 sancto
1905 2062 2130 2133 Spiritu,

560 2159 708 2249 nunc
758 2200 812 2244 et
866 2159 1118 2254 semper,
1172 2179 1226 2233 in
1294 2181 1623 2237 omnemque
1696 2159 2131 2233 perpetuitatem.

561 2288 754 2341 Amen.

1097 2359 1329 2418 SEBMO
1367 2350 1604 2409 CXXIX.

565 2470 821 2528 Contenta
908 2458 1242 2515 accuratione
1307 2465 1424 2504 cum
1491 2436 1953 2528 inaspectabjlibus
2031 2430 2137 2483 ini-

1331 2506 1706 2580 ritandutnque
1770 2506 2135 2561 haereticorum

635 2607 978 2663 consortium.

635 2699 850 2755 Fratres
905 2693 1234 2756 Patresque,
1287 2677 1537 2749 equidem
1611 2680 1763 2727 curta
1816 2675 2001 2720 nostra
2055 2669 2138 2716 est

566 2787 888 2853 cohortandi
944 2781 1208 2842 facultas,
1256 2791 1312 2829 re
1376 2786 1441 2825 ac
1513 2777 1762 2822 sermone
1817 2757 2027 2816 tenuis,
2088 2763 2139 2806 et

567 2901 666 2939 vos
694 2893 874 2937 tamen
924 2870 1131 2928 hortari
1173 2877 1335 2934 atque
1367 2861 1435 2914 ab
1459 2856 1656 2911 animis
1685 2866 1785 2922 pro
1817 2847 1961 2901 virili
1993 2843 2140 2898 esci-

570 2987 688 3031 tare
731 2980 816 3028 est
852 2978 1096 3022 necesse.
1129 2960 1265 3014 Nam
1300 2955 1346 3010 si
1366 2955 1422 3006 in
1446 2948 1623 3006 stadio
1652 2951 1935 2999 currentes
1963 2935 2140 2992 accla-

570 3066 865 3122 mationem
898 3057 1213 3114 desiderant
1244 3053 1590 3118 sequentum,
1625 3045 1892 3108 egentque
1917 3032 1969 3085 itt
2006 3042 2139 3097 prae-

572 3159 657 3212 liis
706 3160 977 3209 certantes
1025 3141 1458 3200 commilitonum
1514 3129 1772 3188 stimulis,
1807 3132 2011 3193 quanto
2041 3131 2138 3169 vos

572 3256 788 3318 oportet
846 3242 1051 3311 magis;
1108 3238 1202 3306 qui
1248 3249 1369 3287 cum
1405 3211 2144 3294 inaspectabilibusinimicis

574 3311 772 3399 bellum
823 3333 1073 3395 inieritis,
1125 3338 1388 3394 tanquam
1435 3320 1706 3373 delibutos
1731 3312 2045 3370 verborum,
2085 3311 2146 3358 ut

576 3437 656 3490 sic
703 3431 954 3492 dixerim,
993 3420 1320 3482 calcaribus,
1349 3415 1492 3470 serio
1523 3407 1720 3466 animis
1757 3399 2023 3474 procingi,
2051 3398 2143 3466 qui

576 3531 719 3583 lueta
747 3522 890 3580 haud
915 3491 968 3575 in
1001 3516 1284 3574 dieculam,
1313 3509 1445 3578 Qttltt
1482 3519 1574 3572 per
1606 3513 1822 3555 omnem
1861 3496 2023 3549 vitam
2051 3491 2146 3544 dc-

578 3618 771 3681 functi,
827 3623 980 3684 parta
1010 3608 1206 3664 illustri
1248 3596 1672 3658 immortalitatis
1710 3594 1897 3646 laurea
1925 3584 2148 3641 victori-

577 3710 704 3774 bus,
755 3679 1067 3773 sempiterni
1115 3697 1338 3766 pudoris
1383 3689 1659 3744 infamiam
1707 3683 1832 3737 victi
1883 3679 2151 3749 exigatis?

579 3770 781 3855 Verum
812 3770 890 3851 nev
925 3793 977 3849 id
1019 3792 1312 3862 patiamur,
1350 3781 1567 3843 fratres,
1602 3793 1703 3829 neu
1739 3770 2147 3841 exspectatione

581 3895 926 3952 frustremnr,
956 3887 1048 3942 sed
1084 3879 1434 3937 accuratione
1481 3880 1763 3933 contenta,
1796 3883 1859 3922 ac
1887 3862 2148 3936 pertinaci

581 3986 806 4047 obnixu,
841 3987 1028 4035 contra
1056 3974 1356 4030 diabolum,
1387 3967 1494 4019 Deo
1527 3964 1683 4024 duce,
1718 3961 1997 4014 victoriam
2027 3972 2150 4011 cer-

579 4092 799 4140 namus,
827 4087 1004 4142 neque
1032 4071 1175 4124 enim
1223 4062 1446 4120 nescitis
1481 4069 1539 4111 ut
1575 4055 1864 4111 carnaliter
1913 4067 2152 4121 pugnan-

581 4181 666 4228 tes
699 4169 789 4223 toti
825 4168 936 4222 sint
981 4163 1164 4218 exciti.
1213 4158 1457 4224 Quorum
1504 4152 1657 4205 aiunt
1705 4165 1801 4202 ora
1851 4146 2072 4207 mutari,
2101 4152 2146 4196 et

583 4263 716 4316 alios
770 4274 868 4328 pro
899 4255 1022 4309 aliis
1053 4263 1334 4322 apparere,
1381 4259 1489 4314 prae
1544 4245 1689 4297 serio
1716 4240 1922 4302 furore,
1956 4236 2156 4289 animi-

583 4372 690 4424 que
719 4349 1023 4422 praesentia,
1049 4359 1110 4400 ut
1151 4354 1262 4397 tum
1301 4337 1557 4406 temporis
1585 4350 1681 4388 nec
1708 4334 2022 4402 coniugum,
2052 4343 2152 4382 nec

2209 506 2352 543 rum.
2386 493 2461 541 Ac
2485 488 2528 542 si
2561 487 2760 556 placet,
2790 483 2986 552 ingenii
3015 481 3186 535 oculis
3216 479 3441 534 sublatis
3472 479 3780 540 intuemini,

2210 581 2391 646 sultis,
2423 595 2584 633 omne
2618 580 2719 630 hoc
2749 575 3064 628 universum
3111 570 3256 640 quod
3291 571 3368 624 cis
3400 569 3598 623 coelum
3632 577 3785 637 patet

2213 675 2276 728 iis
2309 673 2546 727 caedibus
2577 668 2869 724 refertum:
2903 680 3077 734 neque
3108 664 3250 718 enim
3286 661 3617 730 irreligiosos
3643 663 3786 716 dun-

2212 774 2382 829 taxat,
2416 772 2469 818 et
2515 762 2821 820 haereticos.
2877 772 2975 812 nec
3038 755 3264 825 stupris,
3311 763 3472 820 atque
3501 753 3787 808 adulteriis

2213 857 2444 919 deditus,
2478 869 2542 909 ac
2564 853 2656 923 qui
2691 852 2740 905 id
2769 866 2940 920 genus
2958 847 3154 916 flagitia
3194 848 3497 915 designent,
3531 847 3634 900 sub
3665 862 3790 900 mu-

2216 962 2434 1002 cronem
2469 945 2636 1016 adigit
2662 945 2847 1006 draco,
2877 941 2968 996 sed
3003 941 3070 994 ab
3111 939 3194 993 his
3224 952 3441 1008 quoque
3473 936 3617 991 haud
3654 937 3791 990 alie-

2218 1056 2318 1094 nos
2339 1049 2392 1094 et
2416 1039 2729 1094 societatem
2759 1042 3041 1095 coeuntes,
3078 1031 3122 1086 si
3162 1032 3276 1086 htec
3304 1045 3429 1084 vera
3454 1039 3536 1086 εει
3567 1033 3748 1084 oratio
3775 1046 3788 1081 :

2221 1133 2324 1198 Qui
2365 1132 2532 1201 tangit
2586 1131 2751 1198 picem
2803 1125 3186 1195 inquinabitur,
3227 1134 3276 1174 et
3321 1123 3409 1190 qui
3439 1122 3793 1174 communicat

2219 1224 2459 1293 superbo,
2482 1222 2673 1276 similis
2696 1221 2744 1274 ei
2783 1219 2950 1288 ﬁet".
2979 1215 3120 1270 Sane
3154 1213 3534 1269 insimulamur
3559 1213 3611 1264 in
3649 1227 3792 1281 pne-

2224 1318 2419 1378 sentia,
2441 1315 2535 1386 qui
2558 1314 2924 1369 venditantem
2953 1325 3013 1365 se
3028 1308 3313 1377 qhemdam
3340 1322 3438 1376 pro
3463 1306 3794 1368 orthodoxe,

2224 1426 2288 1465 ac
2309 1420 2572 1479 perpetuo
2597 1421 2720 1460 cum
2746 1403 2937 1458 haeresi
2962 1409 3432 1465 consuescentem,
3459 1400 3801 1453 vetuerimus

2225 1504 2295 1558 ab
2323 1501 2630 1556 orthodoxe
2659 1499 2714 1555 in
2747 1513 2902 1554 sacra
2935 1498 3230 1557 mentione,
3271 1494 3359 1549 dia
3387 1492 3634 1548 obeunda
3668 1508 3796 1563 my-

2227 1593 2488 1663 stagogia,
2531 1592 2638 1654 edi.
2679 1599 2733 1645 et
2765 1589 2971 1652 offerri,
3003 1604 3126 1642 nam
3165 1586 3210 1642 si
3255 1586 3308 1639 in
3337 1586 3580 1647 decessu,
3633 1584 3802 1637 mini-

2231 1701 2401 1745 mum.
2433 1681 2797 1753 praevertisset
2846 1695 2940 1749 per
2969 1677 3372 1732 confessionem
3406 1674 3581 1729 sacris
3611 1675 3801 1743 potiri.

2161 1746 2200 1802 Β
2232 1778 2419 1832 liceret
2463 1775 2679 1844 quidem
2752 1782 2899 1827 certe
2949 1787 3046 1839 pro
3109 1786 3175 1824 eo
3230 1767 3560 1823 oblationem
3619 1766 3806 1820 fat-ere

2232 1866 2557 1929 orthodoxo,
2605 1879 2749 1919 nunc
2782 1866 2836 1917 in
2873 1863 3127 1917 haeretica
3167 1859 3562 1915 consuetudine
3588 1857 3806 1912 exstin-

2234 1970 2396 2022 ctus,
2456 1958 2548 2027 qui
2603 1966 2779 2022 potest
2847 1958 2900 2008 in
2944 1954 3300 2009 orthodoxam
3355 1949 3806 2006 communionem

2237 2049 2451 2105 inseri?
2480 2047 2769 2101 Enimvero
2808 2046 2924 2100 haec
2963 2045 3204 2113 Apostoli
3233 2042 3498 2098 sententia
3523 2050 3608 2095 est
3643 2060 3656 2094 :
3691 2040 3804 2095 Ca-

2235 2141 2312 2195 lia:
2366 2138 2762 2196 benedictionis.
2792 2137 2880 2189 cui
2911 2136 3281 2199 benedicintus,
3314 2151 3483 2187 nonne
3511 2133 3811 2185 communi-

2234 2232 2375 2286 catio
2405 2231 2674 2299 sanguinis
2703 2228 2903 2281 Christi
2929 2236 3004 2280 est
3033 2227 3059 2279 Ρ
3094 2228 3266 2294 panis,
3306 2242 3454 2296 quem
3485 2224 3804 2293 frangimus,

2237 2339 2404 2378 nonne
2440 2319 2844 2374 communicatio
2873 2319 3103 2385 corporis
3155 2317 3356 2371 Christi
3411 2318 3808 2384 est?quoni:ms

2235 2434 2370 2471 unus
2414 2415 2588 2483 panis,
2622 2428 2782 2468 unum
2817 2427 3002 2478 corpus
3044 2409 3195 2462 multi
3223 2423 3426 2470 sumus;
3454 2422 3575 2459 nam
3627 2423 3809 2459 omnes

2235 2511 2298 2562 de
2331 2525 2435 2562 uno
2465 2523 2598 2576 pane
2623 2507 3000 2575 participantus
3038 2504 3106 2557 ⁵⁷.
3154 2504 3320 2568 Igitur
3351 2518 3379 2554 a
3414 2502 3528 2570 pari
3565 2502 3810 2555 haeretici

2238 2601 2553 2657 communio
2616 2601 2795 2665 panis,
2844 2610 3008 2667 atque
3051 2596 3256 2658 calicis,
3291 2594 3642 2650 adversarum
3680 2610 3815 2663 par-

2237 2696 2369 2750 tium
2405 2705 2506 2760 est,
2533 2708 2808 2760 unumque
2835 2705 3022 2746 exsors
3037 2687 3238 2742 Christi
3279 2687 3440 2741 eﬂlcit
3487 2703 3688 2757 corpus
3723 2702 3818 2743 so-

2238 2789 2488 2842 cietatem
2513 2787 2780 2845 ineuntes,
2808 2790 3095 2850 postquam
3127 2796 3217 2832 nec
3246 2781 3469 2832 societas
3497 2779 3605 2832 luci
3638 2779 3709 2831 ad
3737 2791 3816 2832 ts-

2240 2881 2452 2942 nebras,
2474 2895 2563 2931 nec
2612 2874 2950 2942 participatio
2975 2873 3206 2941 justitiw
3256 2888 3372 2924 cum
3402 2871 3692 2939 injustitia,
3722 2889 3819 2925 nec

2239 2987 2362 3037 pars
2393 2969 2537 3036 ﬁdeli
2590 2981 2709 3018 cum
2735 2963 2972 3032 inﬁdeli,
3018 2974 3108 3015 net:
3147 2977 3428 3015 consensus
3477 2961 3668 3029 templo
3721 2960 3818 3014 Dei

2168 3087 2212 3146 ο
2244 3077 2358 3113 cum
2413 3058 2569 3110 idolis
2593 3057 2660 3122 ⁸⁸,
2701 3065 2760 3110 ut
2809 3056 2948 3109 idem
3014 3054 3139 3108 alibi
3168 3057 3386 3108 clamat.
3423 3054 3816 3122 Ut'lugendum

2246 3151 2315 3207 sit
2343 3154 2394 3204 itt
2429 3151 2517 3210 iis,
2543 3165 2607 3204 ac
2631 3165 2754 3202 cum
2784 3150 3047 3202 orandum
3079 3162 3177 3216 pro
3200 3147 3380 3200 adhuc
3410 3146 3547 3200 vivis
3567 3162 3676 3214 quo
3698 3146 3821 3200 dia-

2245 3245 2352 3298 boli
2385 3245 2607 3313 laqueos
2646 3244 2895 3302 evadant,
2934 3251 3045 3294 tum
3087 3241 3156 3294 de
3209 3240 3364 3294 nobis
3403 3241 3818 3311 gratulandum,

2246 3351 2383 3405 quos
2426 3336 2536 3404 jam
2593 3335 2722 3388 olim
2787 3334 2928 3386 Deus
2963 3333 3028 3386 ad
3076 3331 3502 3385 incolumitatem
3535 3333 3819 3395 asciverit,

2247 3429 2411 3482 animi
2445 3426 2821 3488 sanctimonia,
2852 3427 3064 3490 lideque
3109 3425 3360 3494 praeditos
3391 3439 3540 3487 vera,
3562 3425 3659 3492 qui
3689 3425 3824 3479 reli-

2249 3525 2406 3592 gione
2463 3520 2660 3574 tuenda
2689 3518 3008 3582 orthodoxa,
3050 3518 3133 3571 vel
3165 3518 3216 3571 in
3252 3527 3569 3587 praesentem
3597 3517 3647 3569 ei
3682 3533 3823 3572 con-

2251 3615 2535 3668 fessionem
2572 3612 2924 3675 serviremus,
2959 3626 3065 3679 qua
3101 3611 3333 3673 insonte,
3376 3619 3429 3662 et
3475 3609 3687 3680 integra
3722 3611 3823 3666 de-

2250 3704 2486 3765 functus,
2518 3715 2686 3771 regno
2729 3711 2920 3770 augeat
2950 3699 3156 3753 caelesti
3193 3714 3284 3766 per
3308 3698 3588 3752 Christum
3627 3698 3824 3756 Jesum

2252 3791 2539 3846 Dominum
2569 3800 2818 3843 nostrum
2851 3806 2865 3841 :
2926 3791 3013 3841 cui
3065 3787 3235 3854 gloria
3283 3797 3336 3841 et
3371 3787 3663 3856 imperium
3695 3806 3824 3844 cum

2251 3883 2430 3948 Patre,
2477 3898 2540 3936 ac
2571 3890 2758 3936 sancto
2792 3879 3016 3948 Spiritu,
3058 3895 3202 3932 nunc
3233 3887 3287 3933 et
3331 3893 3568 3948 semper,
3599 3882 3654 3935 in
3707 3898 3828 3936 om-

2253 3990 2485 4045 nemque
2517 3974 2949 4044 perpetuitatem.
3001 3971 3192 4025 Amen.

2791 4061 3022 4116 SERMO
3062 4062 3270 4116 CXXX.

2458 4158 2530 4212 De
2559 4158 2741 4211 mortis
2782 4157 3164 4220 recordatione,
3205 4173 3268 4208 ac
3292 4158 3620 4226 virginitate.

2324 4249 2541 4305 Fratres
2597 4250 2910 4316 Patresque,
2963 4249 3066 4302 alia
3104 4249 3224 4300 aliis
3258 4247 3518 4316 praeﬁnita
3569 4259 3654 4302 est
3683 4259 3826 4303 tem-

2255 4356 2436 4414 pestas
2492 4345 2628 4414 (alia_
2673 4352 2752 4398 est
2784 4344 2924 4395 enim
2986 4343 3264 4401 sementis.
3315 4343 3417 4394 alia
3465 4345 3686 4407 messis,
3721 4347 3829 4397 alia

585 4447 902 4504 liberorum,
934 4454 1032 4492 nec
1070 4447 1376 4506 parentum,
1423 4445 1519 4483 nec
1551 4427 1801 4487 fratrum,
1831 4441 1928 4478 nec
1958 4425 2137 4490 cujus-

2262 4439 2427 4504 pacis,
2457 4439 2560 4490 alia
2596 4436 2739 4498 belli,
2774 4435 2877 4487 alia
2929 4446 3186 4501 quaestus,
3224 4434 3326 4485 alia
3363 4433 3672 4503 feriarum),
3711 4440 3830 4490 ani-

584 4551 750 4608 quum
827 4531 1050 4586 alterius
1105 4524 1452 4580 meminerint
1522 4522 1785 4581 omnino,
1858 4524 2054 4584 praesto
2101 4515 2150 4564 in

585 4605 787 4683 bellum
841 4630 1040 4683 mente,
1072 4617 1310 4686 ingenio,
1343 4623 1505 4681 atque
1548 4624 1775 4678 corpore
1805 4606 1869 4660 ad
1895 4605 2148 4658 eumdem

589 4721 809 4775 modum
851 4711 1026 4766 allecti
1102 4725 1203 4763 uos
1251 4721 1467 4776 quoque
1499 4702 1799 4757 secundum
1833 4699 2147 4752 interiorem

589 4811 888 4871 hominem,
924 4816 1128 4858 terrore
1176 4800 1413 4854 hostium
1447 4797 1594 4850 nullo
1621 4806 1902 4850 teneamur
1929 4808 2154 4848 necesse

588 4912 693 4965 est,
749 4899 880 4969 quin
932 4896 1212 4950 alacritate
1258 4906 1519 4947 acuamur
1551 4900 1601 4946 et
1626 4889 1913 4942 ardeamus
1935 4887 2156 4950 animis,

592 5013 691 5051 ceu
743 4992 944 5063 egregii
975 4989 1270 5042 Christiani
1324 4986 1538 5039 milites.
1595 4983 1809 5053 Eosque
1860 4981 2159 5050 conspicati

594 5086 915 5158 perduelles,
947 5083 1137 5137 cedent
1171 5079 1606 5149 oppugnatione;
1641 5077 1725 5131 sin
1757 5073 2159 5134 formidolosos,

594 5196 658 5234 ac
698 5175 1011 5248 praefractas
1059 5182 1305 5234 cernant,
1339 5171 1409 5225 ibi
1456 5179 1568 5224 tum
1618 5184 1802 5224 arcum
1837 5169 2079 5230 tendere,
2110 5177 2163 5222 et

595 5271 822 5339 impuris
868 5266 1140 5335 cogitatis,
1198 5263 1355 5334 quasi
1388 5262 1713 5332 quibusdam
1752 5262 1875 5315 telis
1929 5269 2163 5315 mentem

598 5363 891 5418 lancinare.
949 5359 1270 5426 Quanquam
1323 5371 1424 5411 nec
1483 5356 1564 5410 sic
1613 5354 2011 5422 desperandum
2059 5361 2162 5414 est,

601 5456 732 5525 quin
786 5460 1103 5521 recuperata
1134 5465 1231 5510 per
1270 5449 1642 5518 ptenitentiam
1689 5448 1939 5507 sanitate,
1976 5446 2165 5498 iternnt

598 5545 970 5620 pugnandum,
1003 5553 1164 5612 atque
1199 5543 1249 5596 id
1281 5541 1567 5610 perpetim,
1623 5554 1745 5592 nam
1779 5539 1866 5608 pol
1896 5536 2165 5605 ejusmodi

671 5681 715 5714 ”
745 5679 934 5733 Matth.
989 5694 1097 5744 χιχ,
1139 5679 1226 5734 50.
1303 5680 1348 5710 ⁸⁵
1377 5677 1537 5734 Hebr.
1589 5677 1736 5746 .x,2l.

603 5751 647 5782 "
690 5751 844 5806 Rom.
882 5766 938 5814 tt,
987 5751 1068 5802 l5.

1815 5677 2052 5732 "ECCll.
2121 5694 2236 5742 xttt,
2287 5678 2336 5732 l.

2262 4529 2332 4580 mi
2382 4528 2543 4581 saluti
2589 4528 2734 4578 nulla
2785 4540 2890 4577 non
2945 4525 3154 4585 idonea,
3188 4525 3476 4592 omnisque
3503 4531 3831 4582 commodus

2258 4619 2394 4680 dies,
2427 4619 2472 4671 si
2507 4618 2755 4670 velimus.
2785 4615 2927 4682 Ergo
2962 4615 3235 4683 irrequieti
3267 4617 3438 4667 sintus
3475 4618 3539 4667 ad
3575 4617 3828 4679 honesta,

2262 4712 2526 4780 pernices,
2588 4709 2799 4771 novitii,
2854 4709 2998 4760 dicta
3051 4709 3100 4758 in
3162 4722 3300 4775 opus
3327 4707 3663 4763 educentes:
3705 4727 3829 4764 naut

2265 4801 2383 4855 Non
2417 4803 2701 4865 auditores,
2727 4802 2819 4859 ait,
2851 4800 2978 4869 legis
3004 4801 3141 4867 justi
3171 4809 3290 4850 sunt
3327 4800 3466 4867 apud
3508 4799 3697 4866 Deum,
3740 4805 3832 4856 sed

2263 4895 2485 4962 factores
2535 4893 2659 4961 legis
2706 4891 3224 4958 justiﬁcabuntur".
3285 4890 3428 4945 Sane
3485 4907 3580 4944 seu
3628 4894 3830 4947 bellum

2262 4999 2470 5055 agatur,
2507 4988 2651 5053 quod
2685 4985 2854 5037 aciem
2887 4985 3062 5054 fugiat
3115 4983 3420 5043 oculorum.
3490 4984 3704 5040 fortiter
3761 4989 3833 5043 sit

2263 5075 2634 5146 pugnandum,
2667 5091 2730 5129 ac
2765 5073 2873 5128 Deo
2915 5076 3054 5128 duce
3098 5084 3282 5128 coorta
3324 5075 3596 5131 diabolica
3667 5093 3831 5132 sensa

2264 5168 2623 5239 profliganda,
2682 5183 2748 5221 ne
2797 5166 3087 5220 immorata
3143 5166 3362 5236 exigant
3413 5179 3684 5232 mortem,
3737 5185 3830 5224 seu

2263 5260 2458 5313 messis
2496 5260 2721 5313 obeatur
2746 5258 3025 5326 spiritalis,
3055 5259 3300 5313 animosa
3341 5260 3663 5314 metendum
3692 5278 3830 5331 qua-

2264 5352 2418 5420 sique
2466 5352 2518 5404 in
2576 5351 2831 5404 horreum
2876 5349 3153 5418 quoddam
3186 5352 3441 5419 perennis
3480 5352 3681 5408 viatica
3714 5356 3834 5407 vitae

2265 5440 2676 5511 comportanda,
2725 5456 2793 5494 ne
2845 5443 3068 5509 perenni
3122 5441 3266 5497 fame
3311 5457 3625 5499 enecemur.
3661 5446 3836 5499 Enim-

2265 5552 2395 5591 vero
2425 5535 2552 5604 juge
2581 5544 2794 5602 tempus
2823 5543 2907 5588 est
2935 5549 3182 5604 precum,
3216 5534 3606 5604 lacrymarum,
3639 5552 3833 5591 recou-

2412 5677 2456 5709 "
2513 5674 2700 5729 lCor.
2736 5688 2788 5739 κ,
2844 5670 2929 5739 l6,
2984 5673 3070 5726 l7.
3182 5673 3226 5704 ⁸⁸
3261 5670 3304 5725 ιι
3345 5671 3472 5728 Cor.
3527 5689 3580 5728 Vl
3651 5671 3830 5730 "-16.
