4000 6306
131 302 228 370 681

1272 314 1673 376 SERMONES
1708 316 1996 377 CATECH
2006 316 2228 377 ETICI.

3299 324 3406 390 682

131 417 505 474 ciliandorum
533 419 862 487 facinorum,
910 423 1063 494 regni
1094 423 1340 495 rapiendi
1374 427 1632 491 cmlestis,
1667 436 1724 479 ut
1754 434 1796 490 Α
1828 436 1883 482 et
1912 428 2228 498 imperium,
2281 443 2404 482 cum
2450 427 2613 483 Patre
2666 445 2730 485 ac
2761 441 2953 487 sancto
2999 432 3226 504 Spiritu,
3256 453 3403 494 nunc

133 510 267 563 nihil
308 512 389 566 sit
420 529 524 566 cur
568 514 824 584 deinceps
869 524 1215 581 cunctemur,
1251 516 1619 584 dillindamur,
1665 529 1718 573 et

129 604 584 659 emendationem
632 607 700 662 de
733 609 819 662 die
861 608 915 661 in
965 608 1108 663 diem
1157 609 1464 662 trahamus.
1498 606 1720 664 Scilicet

132 711 236 748 non
283 698 486 751 mundi
531 701 772 767 praeterit
806 701 1027 771 tigura?
1055 717 1162 755 non
1192 701 1436 770 quotidie
1466 701 1715 754 innume-

127 787 336 842 rabilcs
373 789 691 845 decedunt?
718 807 824 844 non
877 792 1071 846 tumuli
1110 801 1354 862 patentes
1378 808 1552 862 genus
1583 792 1720 848 infe-

128 880 196 934 lix
231 881 575 948 humanum,
610 896 668 937 ut
692 885 770 940 sic
797 884 1050 951 dixerim,
1073 893 1240 954 agunt
1270 884 1322 936 in
1356 884 1722 954 triumphum?

127 989 234 1026 non
264 984 574 1042 cognatum
619 984 762 1030 terra
794 978 994 1046 excipit
1021 977 1263 1046 corpus?
1289 975 1431 1030 Num
1471 987 1720 1046 perpetes

127 1062 255 1134 [nos
284 1076 477 1120 autem
509 1084 703 1122 sumus
739 1069 978 1122 tuansuri
999 1068 1041 1139 η
1081 1085 1184 1122 non
1219 1069 1510 1123 recolimus
1533 1078 1722 1134 quote

127 1156 419 1224 republica
473 1173 684 1220 nosua,
757 1165 817 1210 ut
870 1157 972 1210 hoc
1028 1172 1318 1212 memorem
1365 1157 1722 1221 solutn,abic-

126 1248 288 1302 rint?
333 1247 438 1303 Ubi
473 1250 618 1303 beati
644 1251 774 1303 olim
804 1248 1033 1319 patres?
1075 1250 1165 1302 llbi
1213 1249 1410 1303 fratres
1458 1250 1720 1318 spiritua-

127 1341 204 1394 les
280 1355 354 1394 ac
409 1339 697 1394 carnales?
754 1339 843 1392 ubi
901 1337 1273 1393 conten-rauci?
1329 1338 1420 1391 ubi
1467 1338 1719 1393 sodales?

127 1429 217 1483 ubi
274 1431 686 1485 concantores?
732 1447 966 1500 quorum
1032 1447 1202 1500 penes
1235 1447 1338 1487 nos
1371 1433 1473 1485 soli
1501 1433 1720 1487 habitus

126 1528 380 1584 exstant,
415 1521 557 1575 cassi
591 1536 773 1573 rerum
807 1531 860 1575 et
893 1520 1105 1575 inanes.
1140 1521 1242 1576 Sed
1279 1521 1454 1586 obliti,
1494 1532 1552 1574 ut
1580 1523 1721 1576 vide-

128 1619 238 1674 tur,
287 1611 737 1680 stipulationum,
790 1611 833 1666 si
874 1612 1079 1681 quiest
1124 1615 1177 1666 in
1228 1614 1484 1668 manibus
1535 1613 1721 1670 fratris

127 1706 343 1768 obitus,
387 1707 651 1772 patrisve,
683 1703 826 1757 illico
856 1704 923 1758 ad
961 1713 1194 1758 mentem
1231 1704 1494 1769 redimus,
1525 1706 1722 1758 stimu-

1818 528 1873 574 et
1901 534 2134 590 semper,
2171 520 2226 574 in
2253 535 2584 592 omnemque
2616 526 3055 593 perpetuitatem.
3090 531 3285 585 Amen.

2383 654 2613 714 SERMO
2647 657 2861 713 CXXXI

2030 764 2103 818 De
2130 767 2328 833 studio,
2369 769 2577 838 vitaque
2607 780 2788 825 nostra
2827 774 2916 827 dia
2941 784 2992 830 et
3017 775 3190 844 felice.

1893 875 2111 934 Fratres
2143 879 2456 950 Patresque,
2491 882 2597 937 alio
2624 883 2677 938 in
2704 885 2980 954 prioribus
3001 874 3236 946 dicendi
3265 907 3400 950 usus

1820 968 2064 1032 exordio,
2083 986 2226 1025 nunc
2248 974 2726 1041 percontabundus
2766 978 2915 1034 inlio.
2939 980 3015 1034 Ac
3035 996 3223 1049 quaero
3248 987 3402 1056 equi-

1820 1061 1940 1114 dem
1971 1059 2037 1114 de
2070 1064 2375 1128 monastici,
2399 1067 2545 1135 quod
2576 1068 2856 1130 obeamus,
2890 1071 3056 1126 studii
3080 1077 3401 1144 certamine,

1821 1153 1949 1222 quid
1979 1153 2341 1223 arbitramini,
2392 1156 2588 1214 fratres
2612 1160 2634 1213 ?
2671 1165 2977 1218 tenemusn’
3002 1166 3148 1235 quod
3172 1169 3400 1238 vestiga-

1823 1258 1963 1307 mus,
1998 1251 2051 1297 et
2073 1243 2364 1300 immortali
2407 1249 2644 1316 potimur
2668 1266 2804 1317 aevo,
2831 1268 2927 1323 spe
2953 1255 3127 1311 aﬂ‘ecti
3151 1261 3354 1327 sospita
3383 1297 3402 1323 ,

1821 1346 1888 1384 au
1908 1332 2166 1388 desumus
2193 1352 2319 1389 vero
2345 1337 2521 1392 olIicio
2543 1339 2894 1408 ?Euimvero,
2922 1359 3187 1415 quantum
3212 1363 3278 1402 ex
3305 1365 3403 1420 ap-

1822 1427 2055 1491 parenti,
2078 1427 2220 1481 haud
2252 1445 2348 1484 vos
2374 1434 2571 1500 opinor
2595 1434 2677 1489 vel
2709 1436 2976 1492 tantillum
3006 1439 3326 1508 subdititiis,
3348 1452 3407 1496 ut

1823 1515 1902 1569 sic
1960 1515 2211 1583 dixerim,
2243 1521 2418 1588 scitis,
2474 1532 2639 1594 atque
2701 1529 2903 1597 regulis
2956 1529 3218 1598 defuisse,
3258 1533 3404 1602 quod

1824 1604 2013 1661 salutis
2041 1616 2202 1678 caput
2236 1619 2430 1667 vestra:
2455 1623 2558 1680 est,
2583 1622 2634 1670 et
2654 1615 2959 1674 incolumes
2982 1634 3170 1689 porro,
3200 1637 3265 1678 ac
3285 1625 3406 1679 sine

1827 1695 2016 1752 fraude
2048 1700 2347 1756 introrsum
2395 1707 2817 1774 conservemini,
2848 1724 2960 1779 quo
2989 1713 3149 1768 nauci
3195 1713 3283 1769 hic
3304 1730 3406 1785 ego

128 1800 337 1865 lamur,
413 1797 772 1866 sullrigimur,
839 1808 893 1850 at
958 1797 1122 1850 simul
1155 1797 1554 1864 aliquantillum
1588 1798 1722 1853 abiit
1754 1779 1795 1836 Β
1823 1804 1921 1858 per
1958 1807 2055 1846 vos
2095 1795 2326 1850 sentiam
2384 1796 2730 1855 beneﬁcium.
2767 1801 2910 1858 Sane
2970 1805 3188 1876 utrique
3234 1779 3403 1862 Deum

131 1899 373 1959 tempus,
411 1890 482 1943 ibi
528 1898 641 1942 tum
699 1899 976 1958 pactorum
1005 1904 1070 1942 ac
1099 1890 1440 1944 stimulorum
1476 1892 1725 1958 pertinax

130 1981 339 2033 oblivio
368 1988 475 2034 est.
509 1983 579 2032 At
611 1995 718 2033 non
753 1980 826 2034 dii
859 1981 1044 2034 itidem
1073 1982 1269 2046 sancti,
1297 1982 1390 2050 qui
1424 1981 1535 2035 vita
1568 1983 1722 2036 omni

133 2071 491 2124 meditatione
549 2071 781 2138 quadam
818 2082 1000 2137 parata
1063 2071 1289 2136 mortis,
1332 2070 1508 2126 indies
1559 2073 1720 2137 mori,

134 2166 206 2234 (et
239 2167 469 2234 mirum)
501 2165 683 2218 vivere
706 2206 721 2231 ,
755 2166 932 2219 indies
974 2165 1175 2220 mundo
1208 2167 1506 2236 apostolice
1536 2167 1722 2221 cruci-

137 2259 219 2326 Iigi
245 2300 260 2323 ,
291 2259 478 2312 indies
511 2259 576 2310 ad
613 2255 779 2311 Deum
809 2258 990 2312 studio
1011 2257 1304 2326 proficisci,
1339 2259 1506 2312 vitam
1524 2257 1722 2327 degen~

132 2359 213 2402 tes
251 2367 382 2405 vere
427 2349 640 2404 felicem
700 2364 764 2404 ac
809 2350 1122 2404 amabilem.
1170 2347 1285 2404 Non
1326 2350 1575 2420 exemplo
1610 2358 1720 2404 ter-

135 2444 331 2496 remini
372 2443 559 2497 decem
593 2443 864 2512 virginum
886 2443 909 2496 ?
930 2442 1083 2509 Ecce,
1107 2443 1536 2514 inquit,sponsns
1554 2443 1714 2505 venit,

132 2535 272 2586 exite
299 2533 508 2586 obviam
543 2534 592 2586 ei
611 2533 679 2589 “.
712 2534 882 2604 Igitur
921 2536 1213 2603 prudentes
1243 2550 1368 2589 cum
1406 2533 1716 2604 splendidis

133 2622 377 2678 lucernis
433 2625 626 2687 obviae,
664 2625 717 2678 in
766 2625 1066 2679 thalamum
1115 2634 1418 2695 penetrare,
1469 2640 1604 2680 serae
1643 2628 1716 2680 ob

135 2713 408 2769 b0uorum
445 2730 671 2785 operum
708 2716 990 2785 penuriam
1026 2717 1203 2772 stultae
1253 2717 1489 2771 clamare
1518 2717 1571 2769 in
1600 2717 1716 2771 haec

134 2809 298 2860 verba
328 2825 340 2859 :
379 2806 625 2873 Domine,
655 2807 891 2872 Domine,
927 2810 1074 2877 aperi
1117 2808 1266 2864 nobis
1284 2809 1352 2874 ⁸⁷,
1382 2809 1583 2878 quibus
1619 2809 1714 2864 ille

135 2901 475 2966 respondens
504 2899 725 2955 dicere:
769 2900 952 2967 Amen,
985 2917 1135 2954 amen
1182 2901 1300 2953 dico
1347 2901 1513 2964 vobis,
1542 2901 1713 2954 nescio

135 3003 221 3039 ros
245 2989 314 3052 ⁸⁸,
349 2989 555 3043 addens
583 3006 596 3042 :
640 2987 886 3058 Vigilate,
947 2991 1074 3058 quin
1107 2989 1319 3043 nescitis
1365 2989 1505 3042 diem
1539 2989 1710 3055 illum,

1827 1884 2206 1952 praedic-emus,
2249 1888 2346 1959 qui
2395 1893 2592 1960 potiori
2619 1892 2812 1950 dilecta
2845 1907 3020 1967 parte,
3064 1909 3119 1954 et
3149 1909 3403 1971 tanquam

1825 1973 1889 2027 ad
1917 1973 2046 2030 Jesu
2085 1980 2248 2046 pedes
2282 1983 2649 2047 considentes,
2701 1990 3166 2046 sermocinantem
3212 1993 3405 2048 audia-

1825 2076 1948 2118 mus
1993 2066 2058 2121 ⁷³.
2087 2068 2231 2138 Ergo
2288 2083 2562 2142 anguntur
2592 2075 2707 2139 alii,
2740 2091 2806 2131 ac
2860 2076 2928 2133 de
2968 2079 3218 2149 plurimis
3249 2083 3404 2137 labo-

1823 2162 1966 2219 rant,
2014 2157 2358 2228 conjugibus,
2389 2161 2598 2227 liberis,
2637 2165 2879 2234 praediis,
2915 2168 3187 2237 pecuniis,
3212 2179 3403 2227 nostra

1822 2243 1937 2298 hinc
1961 2262 2064 2300 una
2091 2251 2403 2317 procuratio
2429 2262 2532 2319 est,
2564 2255 2658 2324 qui
2692 2253 2924 2310 Domino
2949 2259 3284 2327 placeamus,
3309 2263 3402 2316 alii

1822 2343 2038 2391 terreno
2083 2341 2277 2395 eaesari
2322 2350 2575 2409 merent,
2613 2345 2770 2415 cujus
2821 2347 3067 2416 imperiis
3112 2362 3398 2418 coguntur,

1806 2432 2118 2501 quamlibet
2141 2434 2208 2490 ad
2259 2447 2511 2505 mortem,
2565 2439 2852 2508 inservire,
2883 2451 3072 2496 nostra
3107 2453 3403 2512 spontanea

1819 2523 2008 2576 militia
2042 2536 2145 2590 est,
2174 2527 2315 2597 regis
2351 2536 2432 2583 ter
2457 2530 2646 2598 optimi
2675 2529 2878 2587 Christi
2913 2548 3035 2588 cum
3074 2538 3224 2588 omni
3248 2534 3407 2590 liber-

1819 2621 1927 2667 tate
1969 2614 2122 2682 jussa
2177 2618 2500 2687 obeuntum,
2534 2621 2830 2677 honorario
2885 2624 3121 2693 quodam
3175 2627 3406 2687 militizc,

1817 2718 1984 2772 regno
2040 2708 2293 2763 condicto
2353 2713 2701 2778 inconcusso,
2751 2714 2842 2768 alii
2872 2715 3002 2770 fluxi
3053 2727 3216 2786 atque
3247 2720 3406 2774 exilis

1815 2806 2057 2864 qna-stus
2130 2802 2300 2868 gratia
2343 2803 2561 2872 longum
2619 2813 2674 2860 et
2734 2807 2963 2862 arduum
3005 2809 3108 2864 iter
3161 2811 3407 2881 exigunto

1815 2887 1972 2945 nobis
2023 2889 2077 2942 in
2140 2891 2256 2945 aede
2295 2893 2480 2947 divina
2544 2897 2911 2954 concordibus
2949 2901 3123 2965 obire,
3167 2917 3232 2957 ac
3289 2904 3408 2958 dies

1816 2991 2111 3052 noctesque
2175 2985 2589 3053 amplitudinem
2657 2989 2753 3045 Dei
2815 3007 3082 3062 usurpare
3150 2993 3409 3051 faucibus

133 3093 300 3148 neque
359 3081 626 3135 horam“,
681 3079 1026 3150 vigilandum
1080 3089 1164 3133 ,εει
1213 3095 1365 3150 ergo,
1399 3090 1452 3134 ει
1497 3083 1716 3134 animus
1745 3112 1788 3173 C
1820 3073 1966 3139 licet,
1990 3089 2097 3128 non
2124 3091 2318 3129 aurum
2352 3077 2481 3132 hinc
2501 3079 2766 3134 caducum
2798 3081 3116 3150 lucraturis,
3153 3084 3248 3140 sed
3276 3101 3410 3155 opes

135 3171 484 3238 excitandus,
535 3172 628 3241 qui
673 3180 920 3227 arrectus
945 3171 1278 3236 stimuletur,
1326 3172 1607 3237 lustretur,
1642 3173 1718 3228 fe-

142 3269 393 3333 bruetur,
451 3267 779 3331 renidescat,
824 3281 892 3320 ne
940 3269 1227 3336 ingruente
1275 3266 1458 3319 subito
1517 3277 1716 3328 morte,

135 3362 517 3421 excludamur,
563 3359 781 3412 nemine
829 3368 1104 3426 aperturo,
1139 3365 1234 3410 aut
1272 3356 1584 3425 adjumento
1630 3356 1718 3410 fu-

139 3462 278 3508 turo.
342 3453 741 3506 Praevertamus
806 3465 912 3503 una
963 3465 1153 3504 omnes
1215 3449 1396 3510 serio,
1466 3450 1714 3517 inquam,

136 3557 332 3609 parare
379 3555 547 3609 opera
597 3540 844 3593 discessu
897 3538 1068 3592 amica
1101 3537 1229 3598 Deo.
1266 3538 1416 3606 piger
1441 3537 1716 3605 evigilato,

138 3630 460 3684 inobediens
490 3628 732 3689 ohedito,
779 3627 953 3681 elatus
978 3627 1341 3690 succumbito,
1370 3627 1539 3680 durus
1577 3628 1719 3680 rnol-

138 3721 281 3783 litor,
315 3718 477 3774 ﬂendi
511 3716 752 3770 insolens
785 3715 1114 3780 stimulator,
1146 3712 1478 3768 confessioni
1508 3717 1720 3772 alienus

136 3813 449 3872 cenlitetor,
466 3810 694 3880 ignavus
713 3817 986 3876 operator,
1009 3808 1190 3861 cuncti
1205 3817 1399 3861 cuncta
1416 3823 1722 3879 exsequun-

138 3917 238 3970 tor,
282 3915 446 3972 atque
487 3902 709 3966 addam,
748 3915 834 3955 me
879 3900 1148 3963 hercules,
1187 3899 1515 3954 mulierosus
1550 3900 1717 3956 refreo

138 4009 315 4053 nator.
377 3995 516 4061 Quid
572 3994 676 4048 hoc
722 3992 871 4047 verbi
921 3992 1045 4047 est?
1097 4007 1166 4046 ne
1219 4007 1344 4045 eum
1399 3993 1719 4048 mulieribus

136 4090 504 4150 consuescito,
540 4103 605 4142 ac
635 4095 1005 4141 Commorator
1047 4086 1276 4149 diutius,
1329 4087 1474 4138 unde
1528 4085 1718 4155 ﬂagitii

134 4184 450 4236 exardescat
481 4181 642 4249 ignis,
675 4193 739 4231 ac
768 4192 1051 4231 sacrarum
1085 4176 1413 4230 Litterarum
1443 4178 1716 4232 audienda

136 4275 435 4330 sententia:
481 4271 749 4340 Deligabit
775 4270 968 4339 aliquis
998 4270 1169 4338 ignem
1210 4271 1262 4322 in
1294 4271 1435 4333 sinu,
1485 4287 1576 4323 nec
1617 4272 1714 4324 de-

135 4378 248 4420 nret
287 4367 616 4425 vestimenta,
642 4371 735 4415 aut
758 4361 1050 4415 ambulabit
1081 4378 1238 4431 super
1275 4362 1524 4416 carbones
1558 4365 1716 4434 ignis,

1826 3164 2124 3235 indireptas
2174 3177 2227 3221 et
2264 3176 2517 3225 internas.
2555 3171 2672 3237 Qua
2716 3173 2770 3226 in
2817 3189 2875 3228 re
2907 3185 2964 3229 ut
2989 3174 3123 3229 insit
3159 3176 3406 3231 molestia

1824 3259 2093 3327 quaedam,
2121 3274 2184 3313 ac
2217 3264 2515 3327 contentio,
2545 3279 2638 3319 seu
2667 3266 2903 3330 sensilis,
2932 3283 3026 3322 seu
3049 3269 3220 3323 invisa
3244 3271 3406 3340 (nam

1825 3348 1914 3416 pol
1947 3350 2159 3420 inest),
2196 3361 2343 3408 certe
2381 3355 2453 3409 ob
2506 3371 2812 3411 sermonem
2856 3360 3123 3423 divinum,
3147 3375 3410 3430 spemque

1825 3439 2083 3495 facillima
2111 3451 2214 3506 est,
2245 3444 2338 3513 qui
2366 3445 2419 3499 in
2446 3448 2710 3516 angustiis
2737 3452 3062 3517 exporrecti,
3091 3451 3333 3506 laetemur
3352 3453 3408 3506 in

1825 3534 2084 3588 aarumnis
2110 3549 2174 3588 ea
2202 3551 2217 3599 ;
2253 3535 2365 3590 haec
2392 3537 2538 3591 enim
2570 3539 2675 3592 vita
2703 3540 2914 3610 degitur
2946 3557 3069 3611 quae
3108 3543 3188 3597 vel
3215 3544 3410 3599 adver-

1825 3624 1902 3677 sis
1932 3625 2128 3679 eharos
2181 3627 2247 3676 ad
2276 3640 2336 3679 se
2364 3625 2586 3681 alliciat.
2634 3626 2768 3693 Quis
2801 3644 2907 3682 non
2961 3631 3175 3685 deamat
3208 3641 3263 3686 et
3293 3649 3411 3688 am-

1824 3712 2079 3782 plectitur
2127 3724 2380 3782 parentes
2412 3715 2435 3769 ?
2464 3725 2628 3786 atque
2666 3719 2750 3772 his
2780 3728 2959 3774 tamen
2997 3737 3109 3792 pra:
3163 3721 3257 3778 Dei
3288 3733 3407 3780 stu-

1823 3803 1915 3857 dio
1950 3805 2173 3870 relictis,
2231 3807 2513 3860 hominum
2561 3808 2674 3862 nati
2729 3809 2836 3864 huc
2861 3812 3203 3869 incumbunt.
3261 3815 3406 3882 Quid

1825 3894 2078 3965 coniugio
2106 3896 2436 3963 devinctius,
2468 3909 2750 3970 postquam
2781 3902 2848 3957 de
2887 3902 3099 3957 Domini
3134 3908 3402 3962 sententia

1825 3987 1934 4041 duo
1961 4003 2128 4041 unum
2159 3997 2286 4042 sunt
2343 4004 2562 4058 corpus,
2617 4000 2794 4046 sectos
2845 4001 3022 4047 tamen
3059 3997 3406 4067 evangelicus

1826 4081 2037 4150 gladius
2068 4081 2174 4134 huc
2207 4081 2440 4150 ablegat.
2476 4081 2619 4137 Sane
2645 4084 2730 4137 hic
2757 4085 3120 4154 principatum
3159 4090 3407 4156 repudiat

1825 4175 2096 4242 princeps,
2116 4173 2334 4228 divitias
2367 4172 2516 4228 flocci
2544 4177 2774 4229 testimat
2798 4177 2971 4240 dives,
3003 4180 3244 4247 penuriae
3267 4181 3407 4236 obli-

1825 4268 2048 4321 viscitur
2082 4267 2261 4338 inops,
2291 4267 2608 4332 viduitatem
2648 4269 2904 4323 amolitur
2953 4271 3168 4337 viduus,
3206 4273 3402 4327 addam

1824 4368 1879 4413 et
1903 4359 2122 4427 derepta
2192 4369 2431 4427 purpura
2491 4373 2668 4429 regem
2727 4358 2810 4414 his
2856 4363 3153 4416 aceenseri.
3188 4361 3407 4418 Scilicet

137 4476 225 4513 nec
261 4458 471 4524 plantas
497 4455 767 4510 comburet
789 4454 834 4485 ⁷ο
858 4453 881 4506 1
905 4451 1090 4509 itidem
1121 4454 1214 4524 qui
1250 4454 1315 4508 ad
1348 4455 1631 4510 mulierem
1660 4473 1719 4510 se
1754 4465 1797 4519 ι)
1828 4469 1924 4523 par
1955 4450 2247 4507 Christiani
2307 4452 2556 4520 corporis
2615 4452 2811 4517 honor,
2843 4461 3135 4523 portusque
3186 4456 3404 4524 quidam

136 4551 380 4605 conferat
444 4549 742 4605 maritam:
805 4547 999 4600 marita
1035 4555 1119 4600 est
1180 4554 1362 4599 autem
1395 4556 1508 4599 tum
1560 4549 1714 4616 virgo

136 4657 372 4710 quoque,
401 4655 495 4694 seu
526 4637 824 4702 monacha,
858 4647 974 4689 tum
1011 4651 1132 4702 qua:
1165 4637 1444 4691 viduitatis
1475 4653 1534 4692 se
1575 4639 1716 4691 obli-

136 4732 300 4802 gavit,
363 4745 598 4801 quarum
642 4742 880 4796 sponsus
911 4729 1184 4796 gloriosus
1220 4727 1361 4782 Deus
1397 4736 1500 4783 est.
1537 4730 1716 4798 Atque

140 4825 251 4878 haec
294 4822 515 4893 quidem
552 4821 856 4874 oberrones
910 4819 1019 4873 huc
1061 4818 1208 4882 illuc,
1244 4820 1337 4887 qui
1397 4834 1463 4874 ex
1495 4819 1720 4875 libidine

135 4915 318 4968 vivant
341 4913 642 4982 querendo
675 4911 865 4964 sceleri
898 4920 1184 4980 praetextu,
1221 4925 1412 4979 parum
1454 4927 1723 4966 memores

141 5001 400 5057 Doluinici
429 5002 595 5070 jussi,
627 5001 927 5055 eruendum
975 5001 1192 5054 oculum
1241 5000 1333 5070 qui
1368 5010 1419 5053 te
1457 5002 1724 5057 scandali-

140 5097 307 5163 zet",
364 5098 566 5149 nedum
619 5093 779 5146 aliter
833 5093 1076 5147 affectos.
1131 5094 1208 5148 Ad
1240 5108 1332 5146 vos
1362 5094 1578 5162 quidem
1626 5094 1729 5148 hoc

141 5190 311 5243 habeo
365 5188 571 5250 dicere,
632 5186 895 5240 debemus
949 5201 1048 5239 nos
1107 5185 1247 5239 tirmi
1291 5185 1717 5240 imbecillitatem

147 5281 280 5336 ferre
321 5280 699 5342 infirmorum,
751 5287 804 5331 et
855 5278 1160 5332 honestatis
1205 5278 1516 5345 exemplum
1554 5277 1718 5346 objiei

149 5373 413 5440 perversis
464 5369 614 5440 quod
677 5383 802 5422 cum
856 5369 989 5422 estis
1040 5384 1135 5437 per
1187 5368 1425 5421 divinam
1457 5369 1718 5439 gratiam,

149 5473 253 5516 tum
304 5463 426 5517 sitis
473 5462 722 5529 insuper,
770 5457 864 5511 Dei
917 5459 1202 5521 benclicio,
1247 5473 1311 5512 ac
1357 5458 1723 5527 sospitemini,

152 5571 237 5625 per
271 5554 560 5612 Christum
591 5552 778 5609 Jesum
811 5549 1100 5605 Dominum
1132 5559 1404 5615 nostrum,
1440 5552 1522 5605 cui
1549 5551 1719 5621 gloria

206 5671 250 5702 ⁸⁸
282 5671 475 5726 Matth.
521 5685 648 5731 xxv,
679 5667 730 5720 6.
810 5666 854 5696 ⁸⁷
884 5665 1014 5720 ibid.
1051 5666 1132 5720 ll.
1211 5667 1254 5696 ⁸³
1286 5666 1417 5720 ibid.
1453 5666 1534 5720 12.

221 5745 307 5799 39.
417 5743 462 5772 ⁷³
499 5741 666 5792 .Ioan.
696 5753 769 5804 κε,
806 5739 895 5792 55.

450 5841 726 5898 ΡΑτκοι..
782 5837 896 5895 Gn.
953 5837 1150 5895 XCIX.

1614 5666 1655 5698 ⁸³
1689 5664 1820 5719 ibid.
1856 5667 1937 5720 l5.

1824 4555 1906 4599 est
1941 4544 2186 4613 publicus
2225 4542 2438 4596 salutis.
2467 4543 2587 4597 Jam
2615 4543 2761 4597 obita
2831 4555 3036 4603 morte.
3083 4561 3192 4600 non
3229 4546 3408 4604 luctus

1827 4643 1988 4704 atque
2038 4633 2290 4702 planctus
2347 4632 2599 4701 agitatur,
2632 4635 2933 4688 secundum
2993 4635 3111 4690 vita:
3135 4649 3405 4703 amantes,

1822 4728 1952 4793 quin
1993 4705 2296 4793 composita
2348 4723 2650 4779 inhumatio
2683 4723 2922 4780 defuncti
2976 4735 3081 4791 est,
3118 4743 3276 4796 quem
3307 4744 3407 4782 nec

1818 4817 2016 4886 eoujnx
2055 4815 2334 4878 inclamet,
2364 4830 2463 4870 nec
2495 4815 2650 4870 liberi
2681 4817 3032 4886 quiritentur,
3064 4833 3164 4873 nec
3186 4806 3403 4889 cOgnati

1821 4910 2044 4979 cjulent,
2078 4909 2180 4962 hoc
2210 4917 2263 4962 et
2299 4907 2428 4961 illud
2457 4917 2799 4975 revocantes,
2837 4912 3063 4978 lateque
3091 4911 3404 4981 prodeatur,

1827 5017 1890 5056 ac
1919 5017 2042 5055 cum
2076 5015 2170 5068 spe
2228 5000 2367 5053 bona
2401 4998 2680 5062 eﬂ‘eratur,
2717 5001 2800 5054 sin
2845 5009 2898 5056 et
2961 5003 3216 5073 iaerymis
3246 5020 3406 5074 opus,

1828 5104 1911 5142 nte
1940 5089 2022 5142 ha:
2051 5086 2267 5156 quidem
2299 5087 2434 5139 citra
2467 5086 2568 5152 fas,
2599 5089 2668 5140 ob
2689 5087 2987 5157 spiritalem
3017 5091 3250 5160 digressi
3278 5093 3410 5145 .uni-

1829 5182 2037 5245 ciliam,
2063 5187 2346 5249 postquam
2373 5188 2426 5232 et
2463 5178 2725 5235 Dominus
2747 5196 2910 5250 super
2936 5182 3144 5235 Lazaro
3174 5181 3319 5236 flevit
3339 5184 3408 5250 ⁷³,

1824 5285 2073 5327 naturam
2108 5273 2507 5328 demonstrans.
2554 5271 2687 5338 Quae
2719 5279 2820 5329 hac
2849 5273 2958 5328 vita
2990 5274 3042 5327 ill
3090 5275 3239 5327 omni
3295 5291 3410 5329 me-

1829 5366 2000 5418 moria
2046 5363 2255 5416 felicior
2279 5361 2419 5431 quod
2443 5376 2552 5430 pra:
2580 5362 2683 5417 hoc
2727 5362 3032 5417 institutum
3079 5361 3407 5432 patefactum

1827 5467 1907 5510 est
1944 5455 2056 5509 Deo
2086 5453 2441 5523 conjungens,
2477 5465 2536 5508 ut
2587 5469 2693 5508 non
2727 5456 2824 5510 abs
2855 5471 2912 5509 re
2955 5454 3210 5510 Davidice
3265 5456 3413 5509 dit-a-

1827 5564 1947 5603 Inus
1979 5567 1990 5601 :
2038 5544 2162 5598 Illic
2197 5547 2466 5598 mandavit
2503 5547 2761 5600 Dominus
2792 5548 3219 5614 benedictionem,
3249 5551 3411 5602 vitam

2019 5665 2060 5695 ⁷ο
2091 5663 2247 5719 Prov.
2279 5681 2349 5729 γι,
2378 5665 2468 5727 27,
2505 5665 2594 5718 28.
2660 5666 2702 5696 ⁷¹
2731 5665 2922 5721 Matth.
2954 5683 3004 5732 v,
3035 5665 3126 5721 ἓξ).
3204 5667 3248 5697 τ’
3277 5666 3412 5721 Luc.

2906 5831 2985 5888 22
