4000 6306
576 350 682 414 683

1766 337 1824 395 S.
1849 332 2239 395 THEODORI
2275 331 2624 394 STUDIT/E

3716 324 3833 393 68L

576 474 738 528 usque
767 456 820 508 in
856 450 1107 507 saeculum
1149 449 1212 500 “.
1245 445 1416 516 Igitur
1453 441 1784 514 gaudeamus
1807 480 1822 504 ,
1861 437 2079 502 fratres,
2107 447 2160 491 et
2188 441 2233 498 Α
2264 438 2353 491 hic
2381 439 2785 508 exstinguitur;
2808 450 2915 492 non
2951 437 3188 490 moritur
3205 438 3426 500 vermis,
3457 438 3546 492 hic
3581 439 3847 493 moritur.

577 551 804 604 invicem
831 543 1183 615 gratulemur,
1209 536 1435 608 agendis
1455 535 1618 588 etiam
1651 541 1814 602 atque
1847 531 2008 585 etiam
2039 543 2161 600 gra-

577 641 686 702 tiis,
728 651 790 691 ac
819 633 885 688 de
929 630 1164 686 amando
1218 627 1361 683 serio
1397 626 1664 680 clemente
1715 621 1848 686 Deo,
1883 619 1973 690 qui
2007 634 2106 672 nos
2131 632 2162 672 e

579 728 824 786 tenebris
860 726 913 779 iu
945 725 1143 786 lucem,
1173 734 1238 774 ex
1271 716 1569 787 ignominia
1598 714 1652 768 in
1682 714 1938 784 gloriam,
1965 725 1994 765 e
2036 726 2161 764 sor-

572 827 731 881 dibus
762 824 817 877 in
849 817 1195 892 splendorem
1228 811 1526 876 acciverit;
1563 825 1689 863 nam
1727 807 1880 864 scitis
1919 820 2026 876 qua
2053 803 2164 856 ori-

573 922 698 990 gine
728 916 958 987 quisque
987 920 1041 967 et
1061 909 1258 981 quibus
1288 905 1600 977 parentibus
1631 912 1942 965 satus,cum
1966 897 2164 967 quibus

574 986 796 1069 coierit,
820 1017 1052 1074 quorum
1096 998 1266 1053 frater
1294 1003 1517 1050 vocetur
1553 1010 1567 1058 ;
1609 1005 1844 1061 quorum
1873 986 2166 1042 contuber-

576 1105 665 1158 nio
692 1110 894 1156 utatur.
927 1101 1002 1151 Ac
1035 1095 1158 1149 dico
1197 1088 1446 1160 equidem
1475 1086 1607 1141 etin
1648 1083 1852 1138 exteris
1893 1079 2162 1150 Personis.

576 1193 706 1258 Quae
741 1191 1019 1258 ingressus
1069 1181 1311 1252 quidam,
1355 1187 1411 1231 et
1445 1174 1668 1230 exordia
1701 1179 1828 1227 sunt
1863 1168 2163 1222 futurorum

579 1281 1002 1352 promissorum,
1029 1271 1296 1343 siquidem
1327 1268 1575 1322 absoluto
1628 1279 1692 1319 ac
1733 1260 1986 1316 confecto
2020 1258 2166 1328 quod

579 1372 862 1429 incumbat
910 1364 1210 1422 certamine
1255 1369 1308 1415 et
1348 1359 1612 1427 obsequio
1648 1354 1914 1409 irrcvulso
1948 1360 2165 1405 certan-

579 1477 680 1532 tes,
726 1459 1071 1534 proferendis
1111 1451 1439 1510 obedientiaa
1499 1447 1763 1503 fructibus
1816 1443 2161 1514 quibusdam,

578 1568 834 1628 tanquam
876 1554 931 1607 in
990 1549 1246 1621 paradiso
1279 1587 1293 1611 ,
1325 1543 1408 1598 vel
1445 1541 1513 1597 ad
1545 1537 1843 1595 ministeria
1893 1534 2160 1604 prompti,

577 1627 730 1706 omni
765 1650 1047 1702 honestate
1074 1639 1268 1700 functi,
1322 1636 1390 1690 ad
1421 1634 1652 1689 indictas
1689 1627 1974 1698 morigeris
2021 1627 2163 1695 leges

577 1751 739 1812 atque
769 1749 1042 1798 normam,
1070 1731 1139 1785 ad
1164 1740 1466 1785 extremum
1492 1736 1890 1793 consequemur
1914 1732 2032 1788 quae
2065 1730 2163 1770 nec

2266 527 2370 582 Sed
2420 529 2542 598 quis
2577 528 2752 583 solers
2783 539 2838 581 et
2887 528 3219 597 exquisitus,
3267 527 3390 596 quis
3448 528 3736 598 perspicax
3789 540 3853 584 et

2264 623 2514 676 auritus?
2547 622 2814 691 siquidem
2867 630 3046 690 potest
3108 637 3208 675 nec
3263 623 3444 676 videre
3486 623 3697 688 videns,
3745 638 3853 677 nec

2265 715 2452 768 audire
2487 715 2736 777 audiens,
2767 731 2876 783 prae
2919 715 3085 768 animi
3111 725 3332 784 stupore
3366 715 3670 785 mentisque
3717 732 3849 771 cum

2265 807 2410 860 vitiis
2443 807 2796 861 commercio.
2824 805 2958 871 Quis
3001 807 3281 860 laudatum
3319 822 3350 860 a
3381 806 3609 860 Domino
3634 807 3851 860 luctum

2265 899 2571 968 possidens,
2604 908 2657 952 ct
2705 899 2880 952 indies
2906 915 2964 953 se
2996 899 3064 952 ab
3099 898 3535 968 inquinamentis
3567 897 3695 952 hinc
3722 899 3856 952 inde

2263 1007 2590 1062 expurgans,
2627 1008 2799 1062 neque
2838 993 2889 1045 iu
2937 993 3237 1047 crastinum
3292 990 3584 1060 rejiciens?
3640 989 3855 1058 Sufﬁcit

2264 1085 2424 1146 enim,
2455 1085 2549 1146 ait,
2583 1085 2685 1136 diei
2731 1084 2938 1136 malitia
2977 1101 3074 1136 sua
3095 1085 3162 1136 ⁷⁸.
3223 1083 3357 1148 Quis
3390 1081 3572 1136 studio
3603 1082 3855 1136 studium

2266 1177 2612 1228 committens
2643 1174 2757 1238 Dei,
2782 1175 3042 1242 omnique
3072 1175 3196 1228 hinc
3226 1174 3450 1227 libidine
3479 1173 3716 1236 solutus,
3755 1175 3854 1241 qui

2266 1283 2388 1322 cum
2423 1268 2624 1320 Davide
2677 1268 2821 1320 dicat
2855 1286 2866 1319 :
2909 1267 3143 1320 Adliwsit
3173 1268 3352 1318 anima
3386 1282 3499 1318 mea
3529 1275 3640 1333 post
3675 1275 3745 1329 te,
3770 1280 3856 1317 me

2265 1357 2488 1422 suscepit
2523 1357 2738 1408 dextera
2766 1365 2858 1406 tua
2875 1355 2962 1408 5°?
2995 1355 3038 1409 Ο
3066 1354 3429 1409 innocentiam
3461 1355 3672 1408 felicem
3700 1359 3713 1408 l
3751 1369 3857 1410 nos

2265 1446 2484 1516 quidem
2539 1445 2712 1500 simus
2751 1459 2973 1498 necesse
3003 1455 3105 1507 est,
3145 1454 3198 1497 et
3229 1459 3353 1498 eum
3406 1445 3459 1497 in
3487 1443 3708 1498 modum
3766 1443 3858 1513 ju-

2263 1538 2392 1593 bent
2447 1553 2768 1606 apparemus
2815 1552 2988 1591 sacrae
3042 1535 3281 1598 Litterae,
3315 1537 3513 1590 animis
3572 1537 3854 1602 ardentes,

2264 1631 2368 1685 ﬁde
2395 1631 2612 1691 armati,
2647 1646 2739 1699 spe
2770 1630 2948 1693 alites,
2984 1629 3050 1683 ad
3085 1629 3290 1683 exitum
3340 1630 3630 1698 procincti.
3682 1628 3860 1699 Igitur

2265 1720 2451 1775 hortor
2473 1736 2535 1774 ac
2567 1721 2826 1778 obtestor.
2861 1735 2960 1774 ceu
2993 1720 3236 1788 quotidie
3278 1720 3528 1773 morituri
3563 1722 3854 1784 obeamus,

579 1803 714 1887 vidit
747 1829 938 1885 oculus
969 1864 984 1890 ,
1048 1837 1150 1879 nec
1205 1817 1410 1876 audivit
1451 1816 1638 1881 auris,
1699 1827 1799 1868 nec
1856 1809 2162 1865 mortalium
2197 1803 2242 1861 Β
2271 1827 2369 1881 pro
2412 1812 2554 1866 virili
2599 1827 2697 1865 nos
2744 1820 3016 1881 urgentes,
3059 1811 3190 1864 certi
3234 1811 3530 1865 violentum
3588 1812 3855 1881 quiddam

580 1926 828 1999 quiquam
861 1932 1058 1976 venere
1084 1916 1137 1970 iu
1176 1922 1413 1968 mentem
1437 1910 1504 1974 "',
1536 1907 1618 1963 sui
1653 1905 1963 1960 amantibus
1986 1911 2170 1972 parata

581 1992 874 2078 divi—nitus,
899 2025 1018 2082 qua:
1037 2017 1088 2063 et
1117 2006 1298 2060 cuncti
1329 2001 1706 2057 nanciscamur
1736 1994 1951 2051 Domini
1998 1992 2170 2047 nostri

580 2109 704 2166 Jesu
727 2104 930 2164 Christi
969 2101 1287 2158 liberalitate
1320 2104 1482 2166 atque
1534 2091 1820 2148 beneficio.
1857 2087 1956 2143 Cui
2002 2086 2169 2156 gloria

580 2213 635 2257 et
683 2198 996 2270 imperium,
1039 2207 1164 2247 cum
1217 2189 1380 2244 Patre
1429 2202 1494 2242 ac
1527 2195 1716 2241 sancto
1767 2180 1994 2252 Spiritu,
2028 2194 2171 2234 nunc

579 2301 638 2348 et
663 2285 898 2359 semper,
930 2285 984 2340 in
1028 2293 1356 2350 omnemque
1388 2277 1822 2351 perpetuitatem.
1851 2273 2042 2326 Amen.

1111 2390 1349 2450 SERMO
1385 2388 1652 2448 CXXXII.

654 2491 731 2546 De
787 2488 934 2543 obitu
997 2485 1181 2554 fratris
1217 2481 1480 2551 Gregorii,
1539 2489 1696 2549 atque
1763 2477 1832 2530 ad
1899 2474 2168 2528 decessum

963 2554 1218 2625 apparari
1246 2560 1480 2623 perpetes
1515 2559 1775 2619 oportere.

653 2648 871 2705 Fratres
901 2642 1220 2714 Patresque,
1263 2640 1458 2695 mortis
1487 2638 1667 2693 nuntii
1734 2637 2166 2698 increbrescunt.

585 2739 842 2796 cominus
871 2746 924 2791 et
955 2735 1178 2789 eminus
1208 2729 1380 2786 auditi
1413 2728 1516 2784 hac
1565 2734 1906 2796 tempestate,
1933 2725 2167 2781 maxime

586 2830 956 2902 spiritualium
991 2825 1225 2880 fratrum
1255 2833 1622 2894 patrumque;
1658 2819 1936 2874 enimvero
1972 2829 2168 2889 praeter

588 2924 724 2978 alios
763 2931 817 2976 et
837 2920 1002 2974 frater
1033 2917 1330 2986 Gregorius
1383 2928 1486 2969 uos
1539 2911 1781 2982 reliquit,
1813 2911 1974 2981 cujus
2036 2918 2155 2964 tum

589 3013 807 3068 laudata
835 3011 946 3065 vita
992 3018 1098 3075 est,
1125 3017 1238 3062 tum
1292 3005 1473 3062 exitus
1503 3002 1655 3069 felix,
1685 3002 1740 3056 in
1772 3001 2031 3072 periculis
2065 3012 2163 3069 pro

2273 1919 2395 1958 esse
2425 1904 2699 1968 virtutem,
2725 1918 2847 1971 quae
2891 1903 2942 1956 in
2970 1904 3191 1956 acclivia
3225 1903 3424 1969 trahat,
3457 1903 3533 1957 uti
3573 1903 3764 1957 vitium
3799 1905 3858 1956 in

2273 1994 2532 2062 proclive,
2585 1995 2856 2063 lacrymas
2913 1993 3305 2047 contrahamus
3372 1993 3654 2057 lustricas,
3712 2007 3861 2062 quas

2273 2087 2525 2140 contritio
2553 2086 2735 2140 cordis
2759 2085 3036 2154 animique
3063 2084 3361 2140 submissio
3395 2085 3601 2154 gignat,
3630 2085 3850 2139 amicos

2272 2188 2490 2232 sanctos
2513 2179 2734 2247 angelos
2752 2191 3027 2247 paremus,
3055 2176 3311 2246 agitanda
3360 2177 3573 2232 insonte
3608 2177 3716 2230 vita
3759 2176 3860 2246 qui

2271 2270 2373 2324 sub
2428 2271 2716 2324 decessum
2760 2269 2952 2322 leniter
2991 2285 3090 2324 nos
3142 2267 3208 2322 ad
3259 2269 3447 2322 herum
3515 2268 3848 2338 perducant.

2272 2366 2446 2433 Atque
2473 2363 2582 2416 haec
2605 2363 2836 2424 dissero,
2867 2376 2972 2415 non
2999 2362 3092 2430 qui
3117 2361 3316 2415 bonum
3350 2362 3552 2431 aliquid
3585 2361 3853 2424 obierim,

2270 2455 2402 2524 quin
2440 2453 2591 2507 obire
2617 2461 2858 2521 satagam
2891 2451 3195 2514 vobiscum,
3240 2461 3299 2503 ut
3324 2450 3554 2504 damnas
3591 2450 3860 2519 loquendi

2270 2561 2371 2599 nec
2404 2543 2730 2607 subticeudi,
2769 2545 2975 2612 Deique
3006 2557 3100 2595 vos
3149 2556 3490 2611 prosequens
3516 2556 3725 2604 amore,
3747 2555 3866 2610 quo

2271 2633 2452 2686 felices
2482 2632 2662 2687 cuncti
2688 2647 2976 2700 perennem
3005 2634 3170 2686 vitam
3194 2631 3552 2695 erciscamur,
3573 2645 3670 2701 per
3693 2629 3868 2684 Chri-

2269 2734 2414 2776 stum
2467 2719 2652 2774 Jcsum
2695 2720 2982 2776 Dominum
3031 2735 3300 2785 nostrum,
3339 2723 3426 2778 cui
3476 2722 3645 2792 gloria
3677 2732 3735 2778 et
3763 2722 3866 2775 im-

2271 2816 2505 2884 perium,
2533 2829 2655 2868 cum
2693 2812 2850 2872 Patre
2874 2831 2937 2869 ac
2967 2828 3159 2870 8anCl0
3191 2815 3421 2885 Spiritu,
3448 2831 3595 2870 nunc
3629 2825 3683 2870 et
3708 2829 3860 2870 sem-

2267 2922 2378 2977 per,
2421 2908 2474 2961 in
2507 2922 2836 2976 omnemque
2895 2909 3334 2977 perpetuitatem.
3371 2909 3568 2963 Amen.

2756 3019 2987 3075 SERMO
3037 3019 3324 3076 CXXXIII.

587 3105 808 3160 Christo
832 3099 1094 3192 defuncti.
1150 3096 1292 3192 Quid
1318 3094 1637 3192 tum-vero?
1685 3093 1912 3155 scilicet,
1940 3103 2164 3146 necesse
2191 3135 2234 3192 ο
2270 3113 2344 3167 De
2399 3113 2630 3192 salua-".5
2685 3113 3133 3192 εοηίεερίοηεν-ᾳο
3166 3128 3270 3181 φη,
3310 3113 3546 3192 ἀπέειπε
3601 3111 3861 3182 beneﬁcio

589 3206 674 3250 est
710 3207 902 3249 omnes
934 3191 1160 3246 omnino
1212 3189 1340 3243 hinc
1405 3186 1578 3250 abire,
1633 3199 1741 3253 qua
1784 3196 2006 3252 parvos,
2058 3196 2166 3249 qua

591 3299 841 3356 magnos,
868 3296 976 3353 qua
1001 3295 1178 3344 senes,
1203 3293 1309 3349 qua
1333 3277 1582 3347 juvenes,
1601 3290 1709 3329 una
1734 3273 1789 3327 in
1814 3286 2006 3326 omnes
2023 3285 2170 3324 mor-

593 3378 664 3433 tis
692 3385 891 3430 statuta
935 3371 1124 3437 multa,
1152 3371 1260 3426 alio
1292 3369 1468 3440 prius,
1495 3368 1602 3424 alio
1624 3366 1902 3438 posterius
1925 3364 2165 3420 obituro.

596 3463 667 3523 Ut
727 3465 872 3521 serio
907 3464 979 3519 sit
1008 3461 1361 3532 cogitandum
1383 3460 1515 3531 quid
1535 3459 1720 3513 animo
1753 3473 1782 3512 e
1819 3471 2049 3527 corpore
2079 3470 2169 3510 se-

595 3573 782 3630 gresso
813 3555 1124 3627 patiemur?
1153 3553 1289 3607 Nam
1308 3552 1402 3622 qui
1433 3552 1594 3607 sodes
1618 3550 1906 3605 adventum
1935 3547 2172 3604 feramus

595 3652 898 3720 geniorum,
949 3658 1294 3715 nequaquam
1346 3643 1516 3697 armis
1569 3641 1741 3696 induti
1795 3639 2026 3694 lucidis?
2077 3637 2170 3707 qui

594 3753 717 3793 eam
762 3736 902 3792 viam
962 3749 1335 3806 peragremus,
1368 3731 1511 3787 haud
1562 3731 1920 3801 comportatis
1956 3738 2172 3783 aeternae

595 3830 719 3884 vitae
756 3827 1008 3883 viaticis?
1044 3827 1141 3897 qui
1201 3825 1391 3880 mundi
1424 3824 1725 3895 principem
1755 3821 2071 3884 evadamus,
2105 3819 2172 3874 de

596 3936 705 3993 quo
750 3921 826 3974 ait
878 3919 1142 3974 Dominus
1177 3936 1190 3972 :
1232 3915 1384 3971 Venit
1417 3917 1657 3984 princeps
1696 3913 1877 3968 mundi
1911 3912 2090 3981 hujus,
2122 3922 2172 3965 et

596 4014 649 4066 in
678 4028 756 4065 me
783 4027 882 4064 non
905 4011 1056 4064 habet
1089 4009 1377 4079 quidquam
1407 4009 1479 4073 ⁷⁸,
1510 4008 1694 4061 minus
1717 4004 1871 4058 liberi
1912 4004 1980 4057 ab
2006 4002 2175 4057 servi-

598 4103 742 4158 libus
772 4101 963 4156 vitiis?
1000 4100 1223 4165 Beatus,
1270 4099 1468 4170 inquit,
1519 4112 1694 4152 servus
1737 4094 1826 4150 ille
1855 4111 2008 4166 quem
2057 4109 2174 4147 cum

598 4196 789 4249 uenerit
817 4194 1058 4249 dominus
1099 4194 1235 4262 ejus,
1287 4192 1540 4247 invenerit
1573 4193 1647 4245 sic
1683 4189 1977 4258 facientem.
2008 4188 2173 4242 Amen

599 4285 715 4337 dico
746 4284 909 4350 vobis,
943 4287 1191 4353 quoniam
1218 4299 1374 4352 super
1397 4282 1575 4336 omnia
1609 4281 1745 4334 bona
1771 4297 1870 4334 sua
1892 4279 2175 4334 constituet

599 4392 718 4429 eum
743 4376 807 4430 ".
828 4375 1067 4446 Ecquam
1091 4375 1487 4445 optatissimam
1511 4389 1718 4429 vocem.
1746 4371 1807 4426 Si
1830 4382 2005 4426 autem
2027 4373 2177 4424 dixe-

2479 3185 2698 3254 quisque
2725 3196 2822 3249 est,
2851 3183 3108 3250 impertiri
3143 3185 3347 3236 caeteris
3378 3193 3637 3252 oportere.

2343 3273 2563 3328 Fratres
2615 3273 2937 3344 Patrcsque,
2969 3289 3092 3329 cum
3127 3282 3307 3330 tacere
3342 3275 3523 3344 cupio,
3554 3285 3670 3330 tum
3705 3276 3859 3346 loqui

2270 3366 2591 3435 compellor,
2617 3365 2746 3419 illud
2779 3381 2846 3418 ne
2882 3380 2978 3419 vos
3010 3365 3351 3430 contristem,
3379 3366 3480 3422 hoc
3512 3366 3580 3422 de
3597 3371 3856 3440 pracepti

2272 3458 2528 3511 mandato
2551 3473 2566 3510 :
2596 3472 2744 3523 nam,
2765 3455 3020 3526 Loquere,
3050 3455 3245 3526 inquit,
3269 3467 3397 3512 etne
3423 3467 3620 3524 taceas,
3641 3470 3862 3529 propter

2269 3553 2407 3621 quod
2434 3567 2525 3622 ego
2555 3566 2670 3604 sunt
2700 3561 2869 3603 tecum
2889 3549 2968 3614 ⁸¹;
3001 3551 3106 3604 etsi
3133 3549 3180 3604 id
3210 3549 3355 3604 enim
3404 3548 3621 3604 Domini
3675 3563 3762 3607 est
3789 3552 3857 3606 ad

2274 3644 2597 3712 Apostolum
2654 3643 2883 3707 dictum,
2928 3642 3183 3698 omnibus
3242 3650 3420 3696 tamen
3475 3641 3856 3710 praefecturam

2273 3736 2485 3790 sortitis
2517 3737 2771 3790 convenit
2797 3737 2994 3790 oratio.
3037 3734 3178 3790 Sane
3218 3734 3353 3790 estis
3381 3749 3476 3789 vos
3508 3747 3734 3804 quoque
3765 3735 3860 3790 Dei

2273 3828 2506 3898 populus
2549 3842 2613 3880 ac
2643 3843 2796 3882 sacer
2826 3828 3076 3897 populus,
3106 3827 3301 3882 addam
3333 3837 3385 3881 et
3415 3840 3770 3890 numerosus,
3811 3826 3859 3883 si

2275 3921 2527 3972 universa
2549 3921 2839 3986 spectanda
2869 3921 3172 3987 respublica
3194 3928 3298 3974 est.
3355 3916 3460 3972 Sed
3492 3920 3857 3988 quamobrem

2275 4011 2428 4066 vobis
2461 4010 2668 4064 indolui
2696 4009 3068 4079 superioribus
3107 4009 3320 4076 diebus,
3349 4025 3413 4064 ac
3458 4009 3648 4066 dolore
3693 4012 3860 4065 mini-

2279 4118 2366 4157 me
2413 4099 2679 4155 ferendo?
2714 4099 2996 4163 nimirum,
3025 4108 3084 4152 ut
3110 4108 3353 4168 apparet,
3379 4098 3652 4154 confessio
3709 4101 3858 4156 nulla

2276 4203 2382 4259 est,
2441 4193 2634 4263 ingens
2666 4207 2729 4247 ea
2787 4201 2841 4246 et
2888 4192 3092 4260 opitula
3151 4190 3346 4250 virtus.
3377 4189 3493 4256 Qua
3517 4189 3564 4243 si
3601 4191 3861 4248 meliores

2275 4285 2410 4343 effici
2447 4286 2709 4350 viderem,
2760 4284 2847 4354 pol
2878 4284 3109 4347 lmtarer,
3141 4291 3200 4337 ut
3249 4283 3532 4338 exsolutus
3567 4282 3860 4349 molestiis;

2275 4387 2562 4448 postquam
2591 4391 2698 4430 non
2722 4376 2902 4446 exigui
2943 4376 3147 4430 laboris
3176 4375 3387 4430 alienos
3413 4373 3636 4428 morbos
3664 4389 3862 4430 curare

602 4468 671 4521 rit
724 4466 895 4521 malus
943 4482 1120 4521 servus
1176 4465 1268 4520 ille
1297 4465 1353 4518 in
1394 4465 1547 4519 corde
1573 4480 1669 4519 suo
1729 4477 1751 4518 :
1783 4467 1990 4518 Moram
2042 4463 2171 4531 facit
2205 4472 2248 4527 1)
2277 4478 2381 4532 est,
2412 4483 2557 4522 nunc
2579 4468 2672 4537 qui
2701 4468 2788 4537 agi
2858 4469 3106 4523 diversos
3137 4483 3170 4523 θ
3200 4467 3476 4523 contrario
3507 4464 3860 4520 animadver.

605 4558 856 4611 Dominus
888 4572 1032 4610 meus
1066 4557 1264 4620 venire,
1295 4565 1344 4609 et
1372 4555 1579 4622 coeperit
1599 4563 1866 4623 percutere
1902 4568 2174 4606 conservos

601 4662 745 4714 suos,
787 4648 1066 4701 manducet
1105 4655 1282 4700 autem
1309 4656 1358 4700 et
1405 4646 1548 4700 bibat
1591 4661 1709 4699 cum
1744 4643 1989 4709 ebriosis,
2015 4645 2177 4697 veniet

602 4743 846 4797 dominus
869 4741 1002 4794 servi
1049 4739 1193 4793 illius
1227 4739 1283 4792 in
1309 4739 1392 4792 die
1446 4755 1551 4808 qua
1608 4753 1712 4792 non
1747 4746 1945 4805 sperat,
1977 4746 2025 4789 et
2049 4736 2177 4791 hora

601 4851 704 4904 qua
772 4833 1003 4902 ignorat,
1057 4838 1107 4885 et
1151 4829 1348 4884 dividet
1399 4845 1539 4892 eum,
1575 4837 1878 4899 partemque
1917 4826 2030 4895 ejus
2081 4844 2178 4895 po-

603 4934 685 4978 net
713 4940 830 4978 cum
865 4922 1147 4993 hypocritis
1177 4939 1195 4976 :
1229 4921 1339 4975 illic
1369 4922 1465 4975 erit
1498 4921 1675 4989 ﬂetus,
1717 4929 1767 4973 et
1825 4919 2025 4974 stridor
2048 4920 2173 4972 den—

605 5017 733 5070 tium
759 5016 824 5070 ⁷⁸.
851 5015 967 5071 Non
1023 5013 1091 5068 ad
1149 5027 1268 5067 eam
1313 5011 1773 5080 comparationem
1833 5011 2138 5081 pavemus?

603 5120 708 5160 non
741 5106 807 5160 ad
831 5106 1009 5160 minas
1043 5102 1366 5173 corporibus
1398 5101 1687 5157 tabemus?
1718 5100 1928 5156 scilicet
1976 5099 2174 5155 fabulae

602 5207 750 5264 sunt,
788 5207 840 5252 et
864 5197 1038 5252 oratio
1069 5194 1264 5250 cassa?
1297 5192 1394 5247 Pol
1434 5208 1534 5248 nec
1564 5195 1638 5248 rei
1671 5192 1981 5264 significata:
2028 5193 2172 5246 veri-

603 5299 765 5345 tatem
797 5289 881 5344 vis
914 5286 1226 5356 assequitur
1272 5285 1584 5349 verborum,
1617 5299 1791 5354 neque
1837 5283 1983 5339 enim
2017 5283 2174 5339 fletus

605 5383 691 5436 ille
711 5390 796 5437 est
825 5389 884 5434 ut
908 5379 998 5433 hic
1027 5386 1238 5442 noster,
1272 5390 1373 5430 nec
1421 5375 1666 5430 dentium
1693 5375 1898 5430 stridor
1937 5375 2067 5430 huic
2095 5376 2170 5430 si-

601 5472 769 5538 milis,
797 5481 1117 5540 tantumque
1138 5469 1380 5533 interest,
1398 5477 1660 5538 quantum
1694 5467 1834 5522 inter
1867 5469 2079 5523 somnia
2114 5483 2178 5524 ac

607 5565 906 5629 veritatem,
944 5571 1231 5634 postquam
1287 5561 1398 5615 illic
1425 5577 1532 5615 non
1593 5561 1962 5631 exsdnguitur
2013 5563 2178 5632 ignis,

671 5673 716 5704 "
751 5673 891 5727 Psal.
917 5686 1120 5734 cxxxu,
1147 5670 1198 5724 5.
1276 5671 1318 5702 ⁷⁸
1352 5670 1372 5723 l
1403 5668 1530 5725 Cor.
1583 5685 1644 5735 tt,
1677 5669 1729 5724 9.

608 5759 677 5809 γι,
727 5745 815 5800 δι.
893 5743 939 5774 ⁸ο
967 5741 1106 5796 Psal.
1153 5756 1283 5808 tht,
1311 5740 1364 5794 9.
1437 5741 1478 5771 "
1506 5743 1623 5796 Act.
1656 5755 1811 5808 xvtu,
1839 5742 1891 5795 9.

1806 5670 2024 5727 ".Ioan.
2062 5688 2168 5740 xw,
2200 5673 2286 5727 30.
2365 5673 2406 5704 ⁷⁷
2433 5671 2620 5726 Matth.
2657 5672 3003 5736 XXIV,4G,47.

2275 4569 2384 4615 tam
2417 4569 2608 4629 reputo
2637 4574 2882 4613 causam.
2918 4559 3084 4628 Igitur
3113 4559 3256 4613 unde
3290 4559 3405 4613 haec
3425 4558 3478 4613 in
3505 4557 3662 4612 vobis
3690 4558 3859 4613 licen-

2276 4654 2373 4718 tia,
2431 4653 2613 4716 sodes,
2650 4666 2713 4705 ac
2766 4665 2888 4720 quae
2931 4651 3057 4705 hinc
3110 4651 3352 4705 nascitur
3379 4650 3707 4718 indignitas!
3751 4664 3856 4704 non

2277 4744 2371 4814 qui
2432 4741 2577 4797 haud
2628 4741 2912 4811 evulgetis,
2962 4739 3093 4810 quin
3145 4740 3337 4810 tegatis
3390 4738 3644 4809 pestifera
3690 4738 3857 4793 animi

2279 4834 2478 4889 censa?
2527 4833 2805 4888 Scelerum
2843 4832 3062 4902 quidem
3107 4841 3255 4886 certe
3279 4830 3460 4885 aditus
3505 4831 3558 4884 in
3589 4831 3779 4895 nobis,
3807 4841 3859 4884 et

2277 4936 2539 4997 tanquam
2586 4927 2742 4981 radix
2788 4927 2933 4981 {teda
2983 4925 3243 4996 cogitatio
3276 4931 3356 4980 est
3390 4938 3511 4994 qua:
3557 4924 3854 4992 publicata,

2279 5017 2372 5072 Dei
2395 5016 2845 5082 misericordiam,
2881 5015 3194 5085 profligetur
3229 5021 3368 5068 tecta
3400 5011 3663 5082 paulatim
3702 5019 3857 5066 exeat

2276 5110 2330 5164 in
2363 5124 2500 5178 opus
2533 5109 2896 5163 tenebrarum.
2934 5106 3072 5160 Hinc
3094 5106 3257 5160 animi
3283 5104 3702 5167 interneciones,
3733 5103 3857 5158 hinc

2277 5213 2552 5262 secessus,
2587 5198 2716 5253 hinc
2747 5196 2856 5251 fuci
2893 5205 3055 5266 atque
3086 5193 3408 5265 ignorantiae
3431 5201 3754 5262 praetextus.
3788 5194 3856 5245 At

2278 5291 2448 5354 enim,
2475 5289 2616 5344 bone
2639 5290 2741 5356 vir,
2779 5288 3006 5343 rationis
3031 5287 3261 5356 impotes
3319 5285 3624 5339 animantes
3675 5300 3771 5354 per
3801 5300 3855 5340 se

2284 5382 2466 5438 sciunt
2493 5382 2684 5436 noxias
2718 5395 2873 5436 escas
2909 5377 3177 5448 refugere,
3206 5385 3265 5430 ut
3289 5375 3426 5430 nihil
3462 5364 3646 5430 dicam
3683 5377 3855 5432 homi-

2287 5488 2432 5540 nem,
2473 5487 2565 5541 per
2620 5487 2833 5528 sacram
2869 5471 3181 5526 tinctionem
3235 5471 3382 5522 omni
3438 5478 3684 5522 mactum
3739 5483 3855 5524 esse

2284 5563 2414 5617 boui
2451 5562 2701 5618 scientia.
2736 5561 2924 5618 Tenus
2958 5562 3224 5633 Scipturae
3253 5559 3580 5619 sententiam
3615 5573 3726 5614 non
3757 5574 3851 5612 au-

3082 5674 3126 5705 ⁷⁸
3152 5673 3280 5727 ibid.
3319 5672 3516 5726 48-51.
3594 5671 3640 5701 ”
3662 5667 3846 5723 Matth.
