4000 6306
141 372 238 436 685

1305 376 1706 437 SERMONES
1743 373 2258 436 CATECHETICI.

3269 379 3373 441 686

139 491 313 545 disse?
356 489 623 560 Originali
678 490 872 545 mundo
921 489 1060 544 haud
1115 493 1340 560 pepercit
1403 482 1562 557 Deus,
1613 491 1702 544 sed
1734 494 1776 551 Α
1807 488 1911 543 hoc
1958 489 2113 543 vobis
2143 496 2400 551 statutus,
2436 489 2682 558 equidem
2721 505 2831 546 non
2863 492 3013 562 potui
3042 492 3169 562 quin
3199 496 3378 560 priore

140 594 369 637 octavum
426 582 560 644 Noe,
581 583 809 651 justitice
854 600 1161 653 prceconem,
1204 584 1506 647 custodiuit,
1561 583 1704 636 dilu-

138 677 271 730 rium
307 677 502 728 mundo
537 676 819 744 impiorum
849 676 1100 729 inducens
1119 676 1188 742 δ’,
1217 692 1324 731 non
1348 677 1448 731 hoc
1483 676 1705 731 tenere?

138 768 379 820 civitates
422 766 790 820 Sodomorum
849 782 912 821 ac
961 766 1298 833 Gomorrhai,
1349 768 1401 821 in
1466 768 1700 822 cinerem

138 857 403 920 redactas,
455 859 739 912 eversione
806 856 1093 912 damnasse
1151 857 1340 923 Deum,
1395 860 1701 928 exemplum

134 965 318 1004 eorum
367 951 461 1019 qui
509 950 674 1018 impie
704 958 888 1003 essent
918 951 1093 1004 acturi
1124 961 1412 1020 ponentem
1439 951 1510 1015 ⁸³,
1543 951 1700 1004 deni-

136 1058 233 1108 que
264 1059 370 1095 non
401 1042 726 1094 clamantem
770 1055 909 1107 saepe
935 1041 1250 1108 Apostolum
1288 1043 1563 1097 sensisse?
1592 1041 1703 1096 No-

136 1130 220 1181 lite
250 1147 469 1193 errare;
497 1145 656 1195 neque
700 1129 995 1207 fornicarii,
1022 1147 1180 1198 neque
1210 1131 1365 1185 idolis
1400 1134 1700 1197 servientes,

137 1239 290 1288 neque
343 1223 595 1285 adulteri,
659 1239 820 1291 neque
875 1222 1074 1288 molles,
1138 1240 1296 1294 neque
1349 1229 1704 1278 masculorum

135 1315 516 1374 concubitores,
548 1330 707 1381 neque
738 1315 906 1376 avari,
938 1331 1095 1384 neque
1111 1314 1275 1382 fures,
1304 1333 1463 1385 neque
1490 1317 1703 1380 ebriosi,

137 1422 288 1473 neque
324 1405 594 1469 maledici,
650 1421 808 1473 neque
859 1422 1072 1473 rapaces
1100 1422 1312 1475 regnum
1345 1407 1441 1460 Dei
1472 1409 1705 1476 posside-

137 1500 253 1547 bnnt
278 1497 345 1550 ⁸⁸.
384 1496 480 1548 llis
507 1506 563 1548 tu
592 1497 790 1550 auditis
813 1497 1137 1564 qui-malum
1166 1498 1377 1552 nescire
1408 1499 1705 1568 pradicas?

136 1589 336 1642 scilicet
373 1589 535 1641 verba
563 1588 674 1642 haec
697 1598 823 1641 sunt
843 1598 896 1643 et
925 1599 1235 1659 practextus.
1269 1591 1371 1645 Sed
1398 1592 1526 1660 quid
1547 1607 1703 1661 agam

135 1680 318 1732 talium
385 1680 666 1748 magistris
700 1698 714 1735 :
746 1682 838 1750 qui
888 1692 1010 1736 cum
1059 1685 1266 1737 hortari
1317 1691 1591 1754 oporteret
1641 1699 1706 1739 ac

134 1771 479 1838 pra-munire,
514 1787 721 1842 suoque
768 1772 1092 1841 discipulum
1159 1777 1402 1845 exemplo
1440 1776 1700 1839 stabilire,

136 1860 602 1914 nomenclaturam
640 1869 835 1929 gerunt
861 1862 1096 1928 inanem,
1130 1865 1198 1918 ab
1222 1879 1280 1918 re
1306 1867 1484 1919 vacui.
1520 1864 1702 1919 Enim-

133 1965 256 2003 vero
282 1952 466 2004 omnis
501 1950 602 2004 τενί
655 1951 993 2014 memoriam,
1034 1967 1227 2021 resque
1259 1965 1440 2023 gestas
1485 1965 1702 2010 sancto-

134 2055 246 2091 rum
307 2039 534 2092 Patrum
603 2039 913 2106 lustratore,
964 2056 1083 2108 seu,
1126 2051 1184 2097 ut
1217 2043 1440 2112 propius
1499 2044 1698 2107 dicam,

134 2132 181 2183 in
222 2140 410 2185 nostra
447 2132 725 2200 republica
773 2133 918 2202 quod
965 2133 1075 2188 disi
1106 2143 1430 2203 spectatore.
1475 2134 1698 2200 Qualem

133 2222 345 2274 beatum
393 2220 716 2290 Gregorium
776 2223 943 2276 abbas
1006 2221 1332 2288 Dorotheus,
1367 2224 1581 2292 qualem
1620 2231 1702 2279 ter

132 2314 339 2370 felicem
373 2315 706 2371 Thaddaeum
759 2319 929 2373 abbas
972 2319 1256 2384 Arsenius,
1289 2324 1500 2390 qualem
1532 2322 1700 2392 incly-

133 2419 238 2461 tum
273 2407 542 2462 Jacobum
579 2410 746 2464 abbas
786 2410 1081 2476 Lucianus,
1112 2413 1300 2482 quales
1353 2425 1600 2480 caeteros,
1636 2431 1701 2469 ne

130 2499 226 2551 sim
253 2500 526 2567 prolixus,
559 2501 736 2555 caueri
765 2499 985 2556 fecere?
1029 2502 1279 2567 Habenti,
1320 2507 1516 2577 inquit,
1548 2507 1701 2560 dabi-

131 2599 232 2653 tur,
260 2601 310 2642 et
335 2590 644 2656 abundabit,
677 2593 724 2644 ei
761 2603 936 2646 autem
967 2594 1056 2662 qui
1085 2611 1186 2648 non
1220 2596 1370 2650 habet
1396 2606 1443 2650 et
1467 2599 1604 2666 quod
1627 2599 1702 2651 vi-

128 2679 279 2731 detur
313 2679 505 2733 habere
535 2681 802 2748 auferetur
830 2682 897 2735 3".
941 2681 1060 2736 Non
1121 2686 1295 2740 minas
1325 2687 1567 2741 timetis?
1595 2703 1701 2742 non

132 2771 500 2827 reformidatis
559 2789 721 2843 quem
781 2773 1140 2830 reformidant
1203 2779 1499 2833 universa?
1538 2779 1703 2851 igitur

129 2863 316 2922 hortor
342 2874 398 2918 et
431 2866 692 2929 obtestor,
725 2879 783 2922 ut
807 2869 1030 2924 affectus
1066 2869 1322 2925 beneﬁcio
1351 2871 1576 2940 quisque
1598 2881 1701 2935 est,

129 2954 426 3020 provincia:
491 2955 815 3021 satisfacito,
871 2967 1175 3028 cunctaque
1227 2960 1372 3014 velut
1430 2961 1482 3014 in
1531 2960 1703 3015 oculis

129 3045 328 3100 divinis
369 3047 660 3102 obeuntor.
693 3046 770 3102 Ne
799 3050 924 3119 quis
956 3050 1206 3120 deinceps
1242 3051 1584 3107 inconfessus
1612 3053 1705 3106 de-

1807 581 2070 638 catechesi
2093 595 2373 651 carperem
2401 580 2733 652 frequentes,
2753 601 2855 638 non
2884 593 2941 638 ut
2968 585 3379 639 contristaremi-

1812 675 1866 727 ni
1909 673 2095 744 (adeo
2152 674 2205 728 id
2254 673 2494 744 Apostoli
2552 676 2756 730 dictum
2811 677 3146 746 usurpare),
3177 679 3266 732 sed
3318 688 3377 731 ut

1803 768 2007 820 sciretis
2065 764 2377 819 charitatem
2431 782 2590 832 quam
2665 767 2824 820 habeo
2896 768 3250 822 abundantius
3322 769 3381 823 iis

1804 875 1890 912 vos
1928 859 1994 923 ⁸⁹,
2026 860 2114 928 qui
2143 867 2196 912 et
2242 857 2454 912 alnictis
2487 859 2826 924 condoleam,
2885 869 2940 914 et
2975 861 3110 915 luztis
3143 875 3378 932 congra-

1805 952 1966 1009 tuler.
2003 950 2132 1004 Nam
2187 951 2254 1004 ad
2290 966 2449 1021 quem
2503 951 2667 1005 alium
2711 961 3026 1020 respectem,
3057 963 3147 1006 aut
3177 955 3244 1007 de
3271 967 3382 1024 quo

1805 1043 2014 1096 doleam
2067 1043 2301 1108 lmterve,
2359 1043 2462 1097 nisi
2517 1042 2585 1097 de
2632 1043 2824 1096 vobis?
2873 1044 2967 1114 qui
3003 1043 3109 1098 mei
3159 1044 3378 1109 fratres,

1806 1131 1921 1197 ﬁlii,
1955 1140 2154 1200 patres,
2200 1132 2378 1193 amici,
2421 1131 2658 1201 cognati,
2700 1146 2874 1197 amor,
2929 1133 3200 1202 voluptas,
3249 1149 3382 1204 gau-

1806 1226 1974 1287 dium,
2000 1239 2201 1279 corona
2225 1225 2365 1287 sitis,
2389 1239 2452 1279 ac
2480 1225 2524 1278 si
2554 1225 2697 1294 quod
2721 1224 2865 1278 aliud
2899 1239 3094 1279 nomen
3115 1225 3276 1280 edere
3299 1235 3384 1282 est

1805 1316 1966 1371 studii
2000 1325 2050 1370 et
2090 1317 2316 1372 amoris.
2349 1316 2566 1385 Vosque
2596 1317 2780 1372 itidem
2812 1326 2980 1371 testor
3029 1333 3139 1372 non
3183 1319 3252 1373 ab
3285 1333 3383 1388 pa-

1807 1410 2069 1474 rentibus,
2113 1426 2220 1464 non
2274 1408 2553 1473 fratribus,
2603 1425 2710 1463 non
2747 1424 2980 1479 genere,
3033 1426 3140 1465 non
3186 1411 3381 1481 patria,

1805 1517 1911 1555 non
1944 1501 2048 1554 alia
2083 1516 2137 1554 re
2196 1501 2453 1569 quapiam
2509 1501 2802 1570 conspicua
2841 1501 3097 1570 pendere,
3127 1502 3259 1570 quin
3313 1503 3382 1557 ab

1806 1590 1917 1644 Deo
1956 1591 2243 1654 duntaxat,
2295 1604 2357 1644 ac
2390 1599 2512 1658 post
2563 1588 2731 1643 Deum
2787 1589 2855 1642 ab
2881 1590 3144 1644 tenuitate
3170 1600 3381 1652 nostra,

1807 1690 1864 1735 ut
1891 1683 2150 1736 habenda:
2193 1681 2302 1735 sint
2332 1681 2440 1736 Deo
2490 1681 2700 1750 gratiae,
2739 1681 2832 1750 qui
2873 1689 2980 1735 tam
3011 1681 3244 1736 sinceris
3266 1681 3388 1736 ani-

1808 1774 1906 1828 mis
1942 1773 2266 1837 devinxerit,
2304 1782 2550 1826 amantes
2593 1789 2656 1826 ac
2693 1773 3022 1838 redamatos,
3055 1772 3387 1842 amplecten-

1809 1875 1889 1920 tes
1946 1881 2010 1919 ac
2045 1865 2436 1934 redamplexos,
2470 1881 2637 1918 unum
2678 1879 2877 1932 corpus
2929 1877 3204 1933 unamque
3233 1879 3386 1919 men-

1809 1966 1938 2022 tem,
1976 1967 2034 2011 ut
2069 1958 2122 2010 in
2163 1972 2326 2010 unam
2354 1972 2501 2027 spem
2532 1971 2752 2026 quoque
2800 1956 3004 2010 accitos
3034 1964 3198 2025 atque
3221 1969 3387 2010 voca-

1803 2055 1911 2102 tos.
1943 2045 2098 2112 Quod
2131 2055 2400 2116 superest,
2457 2044 2727 2109 laetemur,
2763 2054 2817 2098 et
2843 2045 2985 2099 inter
3013 2058 3115 2099 nos
3148 2044 3386 2100 coitate-

1804 2153 1946 2202 mur,
1977 2136 2198 2202 fratres,
2233 2152 2337 2191 neu
2376 2145 2713 2205 stupeamus,
2742 2133 2836 2205 qui
2885 2135 3158 2190 interdum
3194 2149 3388 2205 carpa-

1803 2244 1944 2290 mur.
1982 2228 2079 2283 sed
2106 2226 2402 2298 profectam
2435 2227 2504 2282 ab
2548 2241 2763 2293 amore,
2797 2236 2962 2296 atque
3004 2225 3057 2280 in
3099 2241 3389 2281 commune

1801 2319 1941 2390 frugi
1999 2320 2343 2388 disciplinam
2408 2318 2603 2372 leniter
2649 2315 2910 2370 feramus.
2980 2317 3255 2388 Scriptum
3305 2325 3390 2373 est

1801 2410 1946 2464 enim
1976 2427 1990 2463 :
2021 2407 2132 2462 Fili
2181 2411 2272 2476 mi,
2329 2409 2439 2463 noli
2473 2408 2730 2478 negligere
2778 2406 3122 2476 disciplinam
3149 2407 3387 2473 Domini,

1801 2517 1961 2570 neque
1986 2501 2223 2571 fatigeris
2252 2502 2376 2554 dum
2410 2501 2473 2555 ab
2503 2518 2561 2554 eo
2600 2501 2878 2571 argueris;
2908 2515 3056 2570 quem
3088 2501 3227 2554 enim
3265 2502 3394 2556 ditio

1801 2591 1874 2660 git
1927 2590 2179 2643 Dominus
2223 2591 2470 2659 castigat,
2520 2589 2755 2660 flagellat
2801 2600 2979 2642 autem
3063 2605 3266 2644 omnem
3321 2592 3389 2660 ﬁ-

1801 2681 1930 2734 lium
1957 2698 2108 2750 quem
2148 2682 2332 2750 recipit
2360 2682 2426 2737 '°.
2454 2680 2597 2748 Quin
2634 2681 2709 2737 ait
2740 2691 2792 2736 et
2817 2679 3112 2750 Apostolus
3138 2699 3152 2736 :
3180 2682 3241 2737 Si
3275 2685 3387 2737 dis-

1802 2774 2051 2842 ciplinam
2118 2775 2411 2836 sustinetis.
2474 2785 2724 2844 tanquam
2758 2773 2889 2845 ﬁliis
2932 2774 3077 2828 vobis
3129 2775 3284 2844 aiert
3335 2790 3389 2828 se

1804 2866 1962 2920 Dens.
1997 2867 2128 2931 Quis
2183 2869 2321 2920 enim
2369 2866 2514 2935 [ilius
2568 2882 2718 2937 quem
2756 2885 2857 2922 non
2912 2868 3128 2937 corripit
3189 2867 3391 2937 pater!

1803 2961 1884 3014 sin
1930 2969 2082 3012 extra
2142 2959 2482 3028 disciplinam
2537 2961 2696 3025 estis,
2731 2962 2880 3032 cujus
2912 2961 3220 3032 partticipes
3259 2960 3392 3029 facti

1803 3060 2114 3106 suntomnes
2146 3066 2164 3102 :
2188 3066 2312 3120 ergo
2343 3050 2630 3105 adulterini
2662 3054 2810 3115 estis,
2833 3061 2883 3105 et
2913 3070 3017 3107 non
3047 3051 3147 3120 ﬁlii
3173 3051 3243 3104 ".
3265 3049 3386 3106 Jam

130 3138 257 3203 gito,
287 3136 518 3207 ignavus
539 3153 604 3193 ac
627 3137 948 3205 dissolutus,
982 3156 1082 3194 neu
1113 3141 1217 3195 cibi
1259 3151 1313 3195 et
1346 3150 1505 3212 potus
1528 3142 1700 3212 impo-
1727 3159 1771 3216 (ι
1803 3143 1997 3212 opibus
2036 3157 2100 3196 ac
2127 3142 2390 3212 imperiis,
2420 3151 2475 3196 et
2517 3142 2562 3196 si
2612 3142 2744 3213 quid
2781 3143 2926 3199 aliud
2958 3154 3040 3200 est
3087 3143 3232 3214 quod
3269 3159 3391 3198 am-

129 3237 269 3291 tens,
310 3229 457 3282 unde
509 3228 758 3285 libidines
811 3232 1120 3301 gignantur,
1177 3247 1280 3287 neu
1317 3232 1592 3306 inquietus
1640 3249 1704 3289 ac

130 3321 342 3384 rabula,
379 3321 473 3390 qui
532 3322 820 3394 collegium
865 3325 1174 3379 conturbet.
1231 3325 1440 3380 Auden'
1479 3327 1704 3381 omnino

127 3429 248 3467 cum
295 3416 436 3468 laico
472 3431 686 3484 pugnas
709 3431 1002 3473 conserere
1026 3419 1320 3473 verborum
1362 3431 1416 3474 et
1440 3420 1704 3490 improbis

127 3507 420 3577 colloquiis
448 3511 699 3563 certare?
750 3509 891 3581 Ergo
928 3511 1068 3565 haud
1133 3514 1433 3568 monachus
1479 3530 1559 3578 es,
1609 3514 1705 3569 sed

127 3598 514 3667 facinorosus;
553 3615 660 3654 non
688 3603 856 3670 pacis,
900 3602 991 3657 sed
1032 3603 1126 3656 iraa
1188 3603 1352 3659 ﬁlius.
1380 3606 1555 3674 Atque
1593 3607 1705 3660 haec

127 3689 350 3756 quinam
376 3689 632 3759 juvenes,
672 3707 771 3746 nec
807 3694 890 3747 vel
933 3695 1132 3750 mutirc
1169 3697 1340 3765 digni.
1381 3695 1703 3766 Quanquam

126 3780 374 3833 debemus
426 3797 518 3834 nos
551 3781 694 3850 ﬁrmi
729 3783 1136 3838 imbecillitatem
1171 3787 1502 3855 inﬁrmorum
1538 3788 1702 3839 susti-

128 3887 268 3937 nere,
320 3883 371 3926 et
417 3888 520 3924 non
582 3873 730 3927 nobis
785 3875 1010 3943 placere.
1066 3875 1428 3946 Unusquisque
1478 3889 1703 3930 vestrum

127 3964 371 4031 proximo
395 3979 489 4016 suo
523 3963 728 4032 placeat
752 3967 805 4020 in
833 3966 1043 4032 bonum,
1065 3972 1133 4020 ad
1160 3968 1598 4038 wdiﬁcationem;
1626 3981 1705 4023 et-

127 4056 267 4108 enim
294 4054 542 4109 Christus
569 4072 670 4110 non
694 4059 793 4111 sibi
814 4058 1034 4127 placuit,
1058 4061 1166 4126 sed,
1183 4064 1316 4114 sicut
1334 4062 1586 4130 scriptum
1605 4070 1703 4115 est:

131 4146 468 4217 Improperia
520 4147 990 4216 improperantium
1052 4152 1145 4203 tibi
1194 4152 1491 4205 ceciderunt
1553 4168 1708 4218 super

130 4255 210 4291 me
232 4238 300 4289 ⁸⁸.
332 4236 704 4303 Quamobrem
735 4239 1030 4293 multemur
1061 4242 1407 4295 contumeliis
1431 4255 1530 4296 nos
1567 4258 1705 4311 quo-

129 4344 233 4396 que
273 4344 384 4383 una
430 4342 559 4382 cum
597 4325 836 4393 Christo,
882 4343 946 4383 ac
979 4343 1078 4398 pro
1133 4329 1374 4393 Christo,
1408 4328 1703 4398 omniaque

129 4421 196 4474 ad
222 4421 490 4475 instituta:
521 4419 592 4473 ab
622 4433 687 4475 eo
713 4421 836 4474 vitae
877 4421 1152 4489 exemplar
1185 4436 1342 4490 agere
1370 4429 1703 4490 satagamus,

1806 3233 1954 3287 biant
1978 3232 2250 3295 mortales,
2272 3233 2414 3286 haud
2433 3232 2569 3286 citra
2599 3232 2839 3288 laborem
2857 3234 3223 3304 acquirendis,
3250 3234 3384 3303 quin

1807 3339 2002 3394 magno
2029 3341 2150 3379 cum
2183 3325 2365 3380 labore
2396 3333 2559 3394 atque
2608 3325 2812 3391 studio,
2844 3323 3013 3381 Deum
3053 3368 3066 3393 ,
3112 3341 3176 3381 ac
3209 3326 3394 3381 divina

1806 3416 2027 3486 praemia
2098 3432 2330 3486 parare,
2381 3415 2691 3486 expeditum
2763 3417 3063 3488 quiddam,
3137 3425 3192 3473 et
3239 3417 3397 3473 facile

1807 3524 1990 3561 remur
2036 3548 2052 3574 ,
2098 3523 2198 3564 nec
2248 3508 2391 3562 mille
2457 3507 2672 3577 plenum
2735 3509 2994 3563 aerumnis
3027 3548 3044 3574 ,
3108 3524 3172 3562 ex
3233 3509 3399 3572 sudo.

1808 3601 1978 3663 ribus,
2010 3615 2114 3653 non
2143 3599 2193 3652 id
2215 3607 2468 3653 extremae
2501 3599 2750 3653 amentiae
2780 3600 3140 3654 estindicium
3164 3600 3188 3654 i
3210 3598 3398 3654 Enim-

1807 3705 1935 3744 vero
1993 3689 2242 3743 audimus
2285 3707 2299 3742 :
2348 3687 2450 3742 Per
2499 3688 2694 3742 multas
2747 3690 3108 3745 tribulationes
3187 3699 3396 3758 oportet

1808 3795 1900 3832 nos
1939 3779 2139 3831 intrare
2167 3779 2223 3831 in
2255 3794 2467 3847 regnum
2491 3778 2739 3832 caelorum
2762 3779 2839 3842 ",
2876 3788 3133 3847 arctaque
3171 3779 3398 3836 etalili-

1809 3879 1893 3923 cta
1936 3871 2019 3922 via
2046 3879 2129 3923 est
2161 3907 2177 3933 ,
2233 3885 2354 3937 qua:
2405 3870 2458 3922 in
2508 3884 2799 3935 perennem
2849 3869 3012 3922 vitam
3064 3869 3282 3924 deducit
3327 3871 3373 3903 ⁹³

1809 3960 2190 4026 Quamobrem,
2225 3958 2405 4021 sodes,
2460 3958 2604 4026 quod
2651 3959 2917 4012 inhrerere
2966 3969 3258 4013 renuentes
3310 3960 3398 4015 hi-

1809 4054 1910 4106 lari
1940 4068 2054 4106 aevo
2083 4066 2192 4121 quo
2225 4050 2564 4112 frueremur,
2585 4067 2648 4107 ac
2680 4051 2879 4108 laetitiae
2907 4051 3180 4123 quondam
3213 4053 3268 4106 in
3300 4069 3400 4123 po-

1810 4144 1982 4197 mario
2018 4143 2264 4209 infinitae,
2315 4157 2473 4197 ruere
2526 4142 2580 4196 in
2642 4143 3021 4199 calamitosam
3081 4145 3400 4214 tristemque

1810 4239 1976 4292 vitam
2035 4237 2327 4290 maluimus
2359 4235 2571 4289 inscite.
2617 4232 2806 4304 Neque
2848 4235 3004 4288 aliter
3045 4249 3110 4287 eo
3158 4244 3398 4288 reverta-

1810 4346 1953 4395 mur,
2008 4343 2169 4397 quam
2234 4327 2463 4381 miseriis
2510 4326 2758 4388 exerciti,
2812 4334 2984 4380 instar
3040 4325 3254 4380 Domini
3299 4341 3399 4381 no-

1811 4423 1909 4475 stri
1966 4421 2092 4474 Jesu
2150 4419 2403 4484 Christi,
2445 4419 2536 4487 qui
2579 4420 2842 4486 proposito
2889 4418 2991 4472 sibi
3056 4419 3274 4488 gaudio,
3324 4420 3401 4473 ait

128 4528 238 4581 quo
298 4513 408 4568 Dco
448 4513 726 4581 placentes
774 4513 993 4567 cceleste
1031 4527 1258 4582 regnum
1313 4514 1581 4581 ineamus,
1615 4529 1708 4582 per
1742 4491 1785 4545 θ
1819 4513 1930 4570 ille,
1965 4511 2211 4563 sustinuit
2241 4524 2442 4562 crucem
2468 4508 2776 4576 confusione
2805 4519 3096 4578 contempta
3121 4508 3190 4564 ’⁸.
3219 4507 3401 4575 Quan-

127 4604 410 4657 Christum
467 4601 656 4657 Jesum
683 4601 969 4656 Dominum
999 4613 1245 4658 nostrum
1274 4622 1288 4657 :
1329 4607 1413 4659 cui
1443 4605 1609 4674 gloria
1659 4614 1711 4659 et

132 4698 447 4766 imperium,
481 4712 608 4752 cum
637 4695 795 4750 Patre
846 4710 910 4750 ac
957 4707 1144 4750 sancto
1184 4696 1408 4764 Spiritu,
1465 4712 1608 4751 nunc
1657 4707 1712 4751 et

127 4806 361 4862 semper,
382 4791 436 4845 in
456 4804 785 4858 omnemque
812 4790 1243 4860 perpetuitatem.
1269 4790 1465 4844 Amen.

667 4899 896 4953 SERMO
933 4898 1217 4955 CXXXIV.

132 4995 532 5065 Obstupendum
584 5007 684 5065 non
732 5009 863 5055 esse,
894 4994 1060 5065 quia
1108 4992 1354 5065 prtefecto
1408 5008 1711 5065 carpamur,

199 5063 522 5134 regnumque
589 5063 872 5116 ineundum
923 5064 1122 5117 cazlestc
1155 5080 1246 5133 per
1275 5063 1566 5133 frequentes
1610 5063 1712 5115 nti-

197 5153 385 5192 διήαε.

200 5249 416 5303 Fratres
448 5247 769 5314 Patresque,
802 5260 968 5301 sacrae
1001 5246 1295 5317 Scripturae
1324 5246 1441 5302 haec
1498 5253 1719 5301 senten-

131 5341 205 5394 tia
260 5352 342 5396 est
369 5359 382 5394 :
413 5338 529 5409 Ego
554 5337 826 5406 diligentes
852 5355 928 5392 me
961 5338 1142 5408 diligo,
1173 5347 1223 5411 et
1251 5339 1340 5407 qui
1366 5347 1608 5407 quaerunt
1641 5351 1721 5387 me

134 5437 390 5489 invenient
449 5450 534 5487 me
568 5431 636 5496 ⁸⁷,
669 5447 731 5486 ac
779 5433 988 5501 signum
1020 5431 1252 5500 explicat
1284 5430 1486 5484 amoris
1511 5431 1563 5483 in
1608 5428 1728 5482 haee

133 5531 330 5583 verba:
366 5528 473 5594 Qui
511 5533 690 5579 autem
727 5523 922 5596 diligit,
954 5525 1088 5577 serio
1119 5524 1339 5589 castigat
1366 5522 1432 5575 ⁸⁸.
1473 5523 1617 5576 Sane
1654 5519 1720 5574 ad

200 5688 472 5750 "llPetr,
506 5703 570 5747 II,
602 5682 688 5737 15.
786 5685 830 5717 ⁸³
850 5685 977 5738 ibid.
1003 5683 1055 5737 6.

1167 5685 1213 5715 ⁸⁸
1241 5681 1260 5734 1
1285 5682 1408 5736 Cor.
1438 5698 1511 5748 v1,
1544 5682 1598 5742 9,
1662 5679 1747 5732 lO.

1818 4618 1981 4672 quam
2016 4618 2139 4671 qure
2196 4600 2493 4656 secundum
2552 4600 2718 4653 Deum
2762 4601 3003 4654 incidant
3050 4601 3266 4666 acerba,
3303 4615 3401 4670 spe

1819 4696 1983 4749 lenita
2010 4706 2338 4748 aeternorum
2370 4694 2660 4757 bonorum,
2694 4709 2763 4747 ne
2792 4694 2986 4747 acerba
3012 4693 3397 4761 suntquidem.

1818 4802 2163 4857 praesensque
2190 4795 2400 4856 tempus
2443 4788 2644 4839 sanctis
2683 4785 2832 4839 feria:
2861 4786 3105 4854 quaedam
3145 4785 3405 4841 credeba-

1819 4889 1930 4946 tur,
1965 4880 2110 4950 quod
2156 4878 2280 4932 hinc
2329 4887 2547 4932 sanctus
2596 4879 2758 4932 David
2800 4888 3059 4942 testatur,
3097 4878 3400 4948 inquiens:

1821 4972 2357 5040 Exsultate,justi,in
2379 4970 2598 5023 Domino
2621 4970 2687 5031 θδ,
2713 4969 2828 5039 jugi
2867 4969 3190 5023 declarando
3209 4969 3404 5023 trium-

1822 5069 1953 5136 pho.
1988 5065 2127 5119 Ilinc
2160 5065 2348 5117 beatus
2378 5061 2689 5131 Apostolus,
2724 5060 2910 5114 eadem
2954 5061 3179 5130 loquens
3213 5078 3227 5115 :
3256 5058 3404 5115 Gau-

1823 5163 1934 5214 dete
1969 5161 2020 5212 in
2049 5157 2271 5210 Domino
2300 5169 2522 5222 semper,
2552 5153 2740 5205 iterum
2770 5153 2905 5216 dico,
2934 5152 3155 5221 gaudete
3183 5150 3247 5204 “.
3275 5151 3408 5216 Quae

1822 5253 1920 5304 etsi
1943 5246 2208 5303 luctuosis
2234 5252 2289 5299 et
2345 5241 2800 5310 lacrymahnndis,
2856 5255 3142 5309 pugnaque
3168 5240 3404 5309 quadam

1824 5339 2096 5402 exercitis,
2130 5351 2192 5390 ac
2217 5349 2314 5403 pro
2346 5335 2572 5387 honesto
2602 5332 2748 5384 varie
2784 5331 3028 5384 multatis
3062 5329 3404 5395 dicebantur,

1827 5441 2006 5487 tamen
2034 5427 2328 5485 secundum
2356 5425 2522 5480 Deum
2558 5423 2774 5477 tristitia
2806 5423 2989 5492 probis
3007 5422 3222 5477 occasio
3252 5421 3409 5476 duci-

1832 5534 1921 5578 tur
1976 5520 2264 5584 lietitiae,ut
2289 5532 2389 5571 nos
2437 5516 2599 5571 etiam
2649 5513 2864 5577 fratres,
2897 5524 3152 5582 tanquam
3185 5511 3411 5568 feriatos

2520 5672 2564 5703 ⁸⁸
2595 5672 2750 5722 Rom.
2787 5684 2876 5731 xv,
2900 5667 2955 5732 2,
2997 5666 3051 5719 5.
3158 5665 3202 5697 ⁸⁷
3247 5664 3408 5724 Prov.

1853 5681 1896 5712 ⁸⁵
1933 5677 2123 5731 Matth.
2161 5690 2287 5736 xxv,
2319 5673 2410 5727 ‘29.

140 5734 687 5829 v;n,-i'7..w"3
718 5771 829 5819 xm,
1012 5734 1070 5829 ξθ
1097 5754 1137 5829 ll
1167 5734 1310 5808 (lor;
1336 5734 1526 5829 ἠλεέ-⁷,
1553 5734 1704 5829 θέης

1827 5768 1924 5813 xu,
1949 5750 2001 5811 5,
2035 5748 2087 5813 6,
2163 5746 2204 5779 9'
2234 5734 2363 5799 ibid.
2391 5742 2511 5810 7,8.
2588 5742 2632 5772 "
2657 5741 2777 5793 Act.
2815 5753 2925 5804 xnv,
2985 5735 3074 5790 21.
3148 5735 3193 5768 ⁸³
3215 5734 3407 5794 Matth.

139 5850 225 5898 \‘It,
264 5833 348 5888 14.

445 5829 493 5862 9"
532 5824 697 5879 Hebr.
727 5842 817 5890 xu,
848 5826 900 5881 2.
942 5827 987 5857 9"
1013 5823 1158 5878 Psal.
1201 5838 1366 5890 xxxn,
1403 5823 1526 5877 1."
1567 5819 1802 5889 Philipp.
1859 5839 1928 5883 ιγ,
1966 5821 1997 5872 4
