4000 6306
592 356 694 418 687

1763 359 1823 418 S.
1879 357 2271 418 THEODORI
2322 358 2669 418 STUDITx‘E

3753 355 3868 420 688

593 467 856 534 quotidie,
883 465 1083 521 divinis
1101 465 1368 536 patiendis
1393 460 1627 522 miseriis
1650 477 1859 522 certare
1883 468 2181 524 tolerantia
2212 475 2256 527 Α
2287 466 2638 520 honorarium
2671 464 2833 531 ferre,
2887 481 2994 521 non
3028 466 3273 538 fugacem
3301 475 3352 521 et
3385 465 3684 522 imbellem.
3711 464 3871 533 Quod

595 571 692 624 par
720 557 810 622 sit,
831 570 1170 626 nequaquam
1197 555 1397 612 fractos
1419 558 1615 612 diaboli
1639 558 1848 613 tecltnis
1868 565 2029 626 atque
2047 572 2182 627 prae-

596 647 704 712 liis,
724 650 858 719 quin
878 649 922 704 si
943 648 1071 719 quid
1101 648 1368 703 interdum
1401 649 1778 711 dormitemus,
1797 650 2044 720 citraque
2074 663 2186 703 car-

2287 573 2385 613 nos
2425 559 2810 627 inaspectabile
2840 561 3038 614 bellum
3081 559 3148 614 ad
3179 568 3480 614 extremum
3508 574 3680 631 usque
3711 561 3875 630 spiri-

2287 658 2398 703 tum
2424 659 2698 719 urgentes,
2715 650 2935 704 teternis
2951 650 3190 719 praemiis
3215 650 3307 706 Dei
3332 651 3597 706 beneﬁcio
3624 667 3870 722 queren-

595 756 746 795 ceres
779 740 1048 810 quosdam
1090 741 1251 796 olﬁcii
1286 742 1369 796 vel
1401 743 1610 805 animo,
1663 742 1744 796 vel
1778 757 2052 806 sermone,
2101 743 2184 797 vel
2285 740 2628 802 dis,cmleste
2648 755 2872 809 regnum
2902 754 3322 809 consequemur,
3347 757 3442 810 per
3471 741 3746 797 Christum
3776 741 3868 796 Je-

596 832 809 887 actione
831 831 1088 897 feramur,
1108 835 1261 889 ocius
1288 843 1593 903 surgentes,
1625 834 1716 902 qui
1740 834 1793 887 in
1813 833 2047 902 priorem
2065 841 2175 886 sta-

597 933 708 977 tum
747 939 1112 991 recurramus,
1155 935 1217 980 et.
1243 925 1564 980 ardentibus
1601 926 1792 980 studiis
1835 925 1943 980 Deo
1982 926 2181 980 servia-

599 1028 740 1078 mus,
773 1014 907 1068 certi
940 1014 1253 1069 bellatorem
1284 1030 1348 1070 ac
1377 1031 1672 1086 pugnacem
1717 1015 1938 1070 militem
1975 1030 2003 1068 a
2051 1029 2174 1085 rege

2288 845 2406 883 sum
2429 829 2710 885 Dominum
2729 839 2999 886 nostrum.
3017 831 3118 888 Cui
3137 832 3307 901 gloria
3329 842 3382 888 et
3405 833 3717 905 imperium,
3739 848 3865 888 cum

2286 922 2448 978 Patre
2475 938 2539 978 ac
2568 933 2756 978 sancto
2781 922 3011 994 Spiritu,
3031 940 3175 981 nunc
3202 933 3257 981 et
3275 939 3509 995 semper,
3539 926 3594 981 in
3621 941 3868 982 omnem-

2280 1028 2389 1084 que
2417 1015 2852 1084 perpetuitatem.
2888 1016 3079 1072 Amen.

1566 1402 2103 1492 EJUSDEM
2185 1400 2878 1495 ORATIONES

1161 1598 1272 1659 EX
1313 1594 1714 1668 FABRICIO,
1764 1594 2214 1669 GRETSERO,
2263 1597 2590 1658 ANGELO
2623 1597 2771 1658 MAI
2806 1598 3278 1661 EXCERPTE.

3033 1913 3113 1963 A’.

599 2001 663 2056 lu
693 2004 1008 2088 dignitate
1029 2004 1262 2083 ciborum
1288 2001 1594 2088 cavendum,
1626 2011 1671 2053 et
1700 2002 1763 2053 de
1793 2004 2165 2088 temperantia.

2281 2001 2410 2088 ὈΞι
2445 2001 2569 2088 χρὴ
2607 2002 2930 2088 προσέχειν
2957 2004 3224 2088 ,ἑαυτοὺς
3374 2005 3862 2088 τοῖεηδεαφόροις

733 2073 827 2125 Dia
857 2073 1133 2128 Dominica
1174 2081 1477 2126 sanctorum
1514 2069 1760 2136 Patrum,
1801 2069 1918 2141 cap.
1954 2072 2038 2126 IO.

2341 2072 2638 2144 βρώμασι,
2699 2074 2797 2125 καὶ
2841 2074 2972 2144 περὶ
3021 2075 3384 2142 ἐγκρατείας.
3457 2075 3536 2144 Τῇ

3588 2081 3863 2150 κυριακῇ

2347 2141 2465 2195 τῶν
2498 2142 2684 2211 ἁγίων
2707 2143 3004 2209 Πατέρων,
3035 2141 3227 2211 κεφάλ.
3273 2152 3323 2199 ι’.

1616 2254 1854 2323 (FABRIC.
1894 2253 2149 2310 Bibliotlt.
2179 2275 2338 2329 grwc.
2381 2271 2418 2314 t.
2456 2260 2573 2327 XII,
2613 2277 2664 2331 p.
2696 2262 2849 2331 ⁸505.)

669 2369 889 2428 Fratres
941 2381 994 2426 et
1038 2370 1226 2428 Patres
1264 2375 1391 2437 mei,
1428 2375 1870 2444 quandoquidem
1921 2390 1984 2430 os
2031 2375 2170 2429 indi-

598 2482 764 2536 gnum
790 2464 1035 2535 quotidie
1069 2479 1258 2520 coram
1297 2465 1450 2520 vobis
1479 2469 1774 2536 aperirem,
1828 2482 1861 2522 o
1896 2468 1990 2522 lilii
2028 2468 2172 2524 desi-

598 2554 959 2618 deratissimi,
1023 2570 1316 2624 meumque
1364 2556 1526 2611 simul
1575 2556 1882 2620 ﬁrmamen,
1916 2572 2027 2612 non
2069 2558 2172 2613 hoc

602 2647 734 2700 satis
773 2648 1030 2702 ducerem
1062 2663 1160 2718 pro
1200 2648 1399 2703 salutis
1435 2657 1630 2703 vestrae
1657 2650 1930 2706 desiderio
1962 2652 2170 2708 sollici-

601 2735 897 2806 tudineque
953 2738 1150 2808 quibus
1211 2739 1582 2794 indesinenter
1626 2755 1888 2809 occupor.
1951 2741 2007 2794 In
2068 2741 2174 2796 hoc

599 2827 770 2892 enim,
806 2829 934 2882 licet
964 2840 1241 2898 peccator,
1267 2828 1512 2884 intentus
1549 2845 1738 2884 versor
1773 2838 1933 2885 nocte
1953 2829 2168 2899 dieque,

599 2921 701 2975 hoc
755 2920 923 2988 spiro,
971 2920 1178 2986 ambio,
1229 2935 1551 2992 persequor,
1597 2922 1699 2977 hoc
1749 2930 1832 2977 est
1879 2922 1990 2977 vita
2030 2938 2169 2977 mea.

600 3010 828 3066 Mortem
883 3010 1160 3065 laudarem
1214 3019 1436 3081 propter
1481 3026 1644 3081 quam
1696 3011 2171 3082 proﬁciscentibus

602 3101 866 3158 fratribus
901 3103 1140 3166 relator,
1171 3103 1350 3158 oblata
1385 3103 1668 3160 vobiscum
1698 3104 2047 3162 colloouendi
2080 3122 2174 3177 per

603 3194 813 3248 litteras
839 3193 1151 3248 occasione.

671 3497 990 3564 Quomodo,
1051 3496 1248 3552 fratres
1324 3497 1457 3563 mei,
1519 3496 1785 3552 Pascham
1849 3497 2171 3551 sanctiﬁcati

602 3591 867 3660 degistis?
895 3589 1184 3655 Quomodo
1229 3598 1448 3644 sanctos
1483 3588 1902 3643 resurrectionis
1939 3586 2032 3641 Dei
2080 3589 2175 3641 ho-

605 3683 767 3738 minis
813 3682 866 3735 in
909 3681 1107 3751 pietate
1153 3680 1529 3749 pertransistis
1563 3679 1717 3733 dies?
1750 3677 1868 3731 Non
1918 3692 2003 3732 me
2037 3678 2171 3748 fugit

599 3785 700 3826 vos
727 3769 1062 3841 puriﬁcatos,
1090 3767 1447 3831 illuminatos,
1485 3767 1774 3830 exaltatos,
1802 3765 2172 3822 sanctiﬁcatos

601 3863 986 3933 perfectosque
1034 3874 1157 3916 esse
1197 3859 1248 3913 in
1295 3858 1470 3929 gratia
1505 3858 1890 3923 Domini-mei,
1943 3873 2172 3913 concor-

601 3959 748 4012 diam
779 3965 834 4010 et
866 3953 1187 4010 cltaritatetn
1221 3953 1363 4007 inter
1391 3967 1488 4007 vos
1519 3960 1857 4016 exercentes,
1891 3961 1945 4006 et
1990 3951 2169 4005 omni-

595 4049 699 4106 bus
757 4044 903 4116 vigili
953 4042 1275 4111 ardentique
1333 4040 1515 4095 studio
1572 4040 1951 4094 incumbentes
2002 4059 2015 4094 :
2068 4040 2170 4093 hoc

598 4139 748 4195 enim
800 4137 1180 4193 demonstrant
1231 4134 1412 4204 plures
1469 4142 1661 4188 vestrae
1711 4133 1974 4200 epistolae,
2034 4133 2167 4187 mihi

598 4244 794 4289 vestra:
825 4231 947 4286 ﬁdei
988 4229 1095 4284 vim
1138 4227 1538 4299 praecelsasque
1580 4226 1803 4280 virtutes
1855 4223 2168 4294 signiﬁcan-

599 4337 700 4380 tes.
732 4323 894 4386 Deus,
934 4321 1029 4391 qui
1059 4336 1153 4374 vos
1183 4321 1255 4374 ita
1301 4317 1634 4388 iustiﬁcavit,
1673 4317 1803 4372 etin
1839 4317 1987 4371 omni
2025 4317 2169 4371 bono

598 4415 854 4477 ﬁrmavit,
883 4413 1058 4483 magis
1094 4427 1158 4465 ac
1199 4411 1373 4477 magis
1403 4409 1887 4464 abundantissimo
1921 4408 2169 4464 subsidio

597 4515 777 4563 servet
818 4514 873 4560 et
913 4501 1190 4557 custodiat
1238 4514 1336 4554 vos
1366 4499 1475 4552 mei
1527 4499 1699 4563 luces,
1751 4497 1914 4560 faces,
1956 4499 2166 4562 oculos,

599 4598 841 4661 brachia,
873 4604 926 4650 et
947 4591 1211 4666 quidquid
1242 4589 1674 4646 sanctissimum.
1706 4589 1783 4643 Ex
1811 4591 2166 4657 praesentibus

595 4695 795 4755 videte,
835 4689 929 4743 ﬁlii
966 4687 1095 4751 mei,
1137 4687 1342 4740 bonum
1401 4681 1614 4737 difﬁcile
1647 4681 1944 4750 acquisitu,
1982 4680 2164 4734 facile-

591 4801 700 4856 que
760 4798 868 4837 non
924 4779 1243 4837 caventibus
1301 4776 1571 4845 perditum
1604 4816 1617 4839 ,
1667 4781 1721 4829 et
1766 4788 1876 4840 quo
1933 4773 2162 4841 longiori

592 4890 832 4947 tempore
863 4882 1135 4943 repertum
1180 4871 1368 4936 fuerit,
1417 4883 1482 4922 eo
1514 4868 1676 4922 citius
1725 4866 1951 4918 minima
1999 4863 2165 4932 negli-

591 4971 772 5042 gentia
829 4967 1110 5038 dilTugere.
1170 4964 1410 5034 Tempus
1476 4975 1718 5031 pratscns
1774 4965 1960 5012 cavete
2009 4977 2019 5009 :

590 5066 764 5128 adest,
799 5075 909 5132 quo
940 5073 1142 5128 corpus
1167 5057 1233 5110 ad
1263 5054 1615 5124 agitationem
1640 5049 2004 5114 sollicitatur;
2032 5063 2162 5104 caro

591 5165 776 5213 nostra
803 5165 1014 5210 terrena
1043 5152 1106 5204 ad
1142 5160 1295 5203 actus
1321 5155 1605 5201 terrestres
1637 5143 1829 5197 tendit.

2354 2378 2593 2448 Ἀδελφοί
2625 2399 2726 2451 μου
2754 2382 2846 2435 καὶ
2875 2382 3138 2453 Πατέρες,
3175 2382 3270 2436 ἐὰν
3303 2384 3424 2438 καθ’
3453 2387 3702 2461 ἑκάστην
3729 2393 3863 2461 ἡμέ-

2275 2489 2374 2542 ραν
2403 2473 2464 2525 τὸ
2490 2474 2734 2543 ῥυπαρὸν
2773 2473 2928 2543 ἡμῶν
2965 2474 3138 2544 στόμα
3170 2475 3476 2547 ἀνοίγωμεν
3517 2481 3658 2550 πρὸς
3695 2483 3861 2551 ὑμᾶς,

2272 2558 2316 2616 ὦ
2363 2563 2530 2619 τέκνα
2578 2563 2937 2635 πεποθημένα
2982 2567 3076 2619 καὶ
3127 2568 3419 2638 σεϐάσμια,
3471 2571 3573 2624 οὐκ
3627 2573 3865 2642 ἀρκετὸν

2272 2655 2557 2725 ἡγούμεθα
2583 2656 2671 2710 διὰ
2715 2657 2806 2712 τὸν
2845 2661 3104 2730 περιόντα
3131 2663 3261 2732 ἡμῖν
3297 2661 3475 2726 πόθον,
3512 2665 3610 2717 καὶ
3638 2665 3742 2735 τὴν
3775 2668 3864 2718 ἐπὶ

2271 2749 2348 2818 τῷ
2399 2749 2668 2813 σώζεσθαι
2705 2752 2849 2822 ὑμᾶς
2887 2754 3242 2823 ἐπικειμένην
3281 2755 3412 2822 ἡμῖν
3445 2756 3710 2824 φροντίδα
3734 2776 3748 2789 ·
3790 2762 3866 2821 είς

2272 2841 2430 2893 τοῦτο
2457 2843 2584 2912 γὰρ,
2619 2843 2720 2897 κᾶν
2753 2844 3063 2914 ἁμαρτωλοί
3091 2845 3280 2913 ἐσμεν,
3319 2845 3728 2916 ἀδολεσχοῠμεν
3774 2852 3864 2904 νύ-

2274 2950 2378 2986 κτα
2409 2935 2502 2988 καὶ
2527 2937 2762 3006 ἡμέραν,
2795 2937 2887 2988 καὶ
2916 2937 3042 3006 περὶ
3065 2936 3257 2990 τούτου
3289 2941 3732 3009 καταγινόμεοα,
3766 2948 3857 2996 καὶ

2273 3026 2432 3080 τοῦτο
2465 3029 2821 3097 ἀναπνέομεν,
2863 3028 2954 3080 καὶ
2992 3027 3182 3080 τούτου
3223 3029 3508 3098 ἐφιέμεθα,
3553 3032 3652 3084 καὶ
3699 3034 3860 3088 τοῦτο

2275 3119 2630 3188 ἐκζητοῢμεν,
2665 3123 2757 3173 καὶ
2785 3119 2994 3190 τοῦτοή
3024 3120 3136 3191 ζωὴ
3169 3121 3346 3191 ἡμῶν.
3376 3123 3485 3175 Καὶ
3515 3126 3542 3176 ό
3568 3126 3859 3189 ἐπαινετὸς

2278 3210 2524 3272 Θάνατος,
2554 3211 2635 3263 διὸ
2669 3213 2761 3264 καὶ
2793 3211 2852 3262 τὸ
2899 3209 2992 3263 νῦν
3026 3210 3397 3283 ἐξερχομένων
3442 3215 3552 3268 τῶν
3607 3217 3860 3289 ἀδελφῶν

2275 3302 2706 3373 ἁνεπνεύσαμεν,
2744 3303 2996 3373 εὑρόντες
3044 3304 3104 3357 τὸ
3139 3305 3417 3361 συλλαλεῖν
3452 3307 3584 3378 ὑμῖν
3637 3312 3699 3363 ἐν
3753 3315 3862 3376 τοῖς

2276 3397 2586 3466 γράμμασι.

2351 3490 2471 3551 Πῶς
2500 3489 2697 3553 τοίνυν,
2725 3489 2939 3557 ἀδελφοί
2967 3508 3066 3560 μου
3091 3492 3438 3562 ἡγιασμένοι,
3464 3494 3824 3566 ἐπασχάσατε
3848 3515 3861 3559 ;

2280 3578 2374 3630 καὶ
2404 3579 2518 3642 πῶς
2547 3578 2824 3648 διέρχεσοε
2861 3581 2918 3633 ἐν
2952 3581 3208 3652 εὐσεϐείᾳ
3254 3582 3352 3643 τὰς
3397 3583 3496 3652 τῆς
3530 3585 3700 3652 ἁγίας
3735 3588 3866 3639 ἀνα-

2281 3669 2522 3732 στάσεως
2546 3670 2941 3737 Θεοφωτίστους
2970 3672 3181 3742 ἡμέρας
3202 3691 3216 3736 ;
3251 3668 3384 3727 Οἶδα
3409 3674 3465 3726 δὲ
3488 3675 3571 3726 ὅτι
3593 3677 3864 3749 καθαίρε-

2277 3761 2368 3813 σΟε
2399 3764 2492 3815 καὶ
2518 3762 2837 3831 φωτίζεσθε,
2869 3764 2963 3816 καὶ
2990 3764 3246 3838 ὑψοῦσθε,
3278 3766 3373 3817 καὶ
3405 3767 3734 3834 ἁγιάζεσθε,
3770 3771 3862 3822 καὶ

2273 3855 2580 3908 τελειοῦσθε
2615 3856 2672 3907 ἐν
2709 3858 2773 3924 τῇ
2809 3856 2988 3925 χάριτι
3017 3855 3110 3908 τοῦ
3141 3857 3349 3925 Κυρίου
3386 3875 3511 3925 μου,
3547 3859 3772 3930 ἔχοντες
3804 3864 3863 3916 τὺ

2273 3948 2352 4008 είς
2385 3947 2648 4017 ἀλλήλους
2679 3949 3033 4017 ὁμονοητικὸν
3055 3950 3147 4001 καὶ
3171 3948 3465 4018 όμόψυχον,
3498 3952 3596 4004 καὶ
3631 3954 3858 4026 ἀγαπη-

2271 4038 2443 4101 τικὸν,
2485 4039 2579 4091 καὶ
2608 4038 3032 4108 διεγηγερμένον
3057 4042 3114 4092 ἐν
3153 4042 3282 4093 πᾶσι
3309 4041 3403 4094 καὶ
3438 4043 3861 4116 μεγαλοπρόθυ-

2275 4151 2393 4201 μον.
2425 4133 2593 4186 Τοῦτο
2625 4133 2732 4202 γὰρ
2767 4133 3111 4203 ἐπιδηλοῢσιν
3141 4136 3195 4186 αἱ
3230 4134 3508 4204 διαφόρως
3540 4138 3863 4209 ἐπεισερχό-

2275 4243 2431 4294 μεναι
2477 4225 2759 4278 ἐπιστολαὶ
2803 4225 2979 4295 ὑμῶν,
3011 4226 3437 4294 ἀναγγέλλουσαι
3469 4229 3605 4298 ἡμῖν
3651 4230 3715 4282 τὸ
3762 4233 3860 4301 τῆς

2273 4317 2509 4378 πίστεως
2543 4316 2804 4386 κραταιὸν
2833 4316 3005 4386 ὑμῶν,
3044 4317 3137 4369 καὶ
3185 4317 3246 4369 τὸ
3284 4317 3384 4386 τῆς
3413 4318 3620 4388 ἀρετῆς
3657 4321 3861 4391 ὑψηλό-

2270 4424 2450 4461 τατον.
2493 4408 2601 4460 Καὶ
2628 4408 2760 4474 γοῦν
2801 4409 3003 4478 Κύριος
3047 4410 3074 4460 ὁ
3105 4408 3236 4470 Θεὸς
3267 4407 3424 4478 ἡμῶν
3456 4410 3485 4460 ό
3516 4409 3695 4474 οὕτως
3727 4414 3859 4482 ὑμῖν

2269 4501 2442 4554 ταῦτα
2466 4503 2857 4570 χαρισάμενος,
2882 4501 2976 4552 καὶ
2997 4500 3258 4563 τοιούτοις
3281 4500 3426 4570 ὑμᾶς
3455 4503 3857 4576 κατορθώμασι

2272 4593 2664 4663 στηριξάμενος
2687 4591 2947 4654 πλειόνως
2973 4593 3065 4644 καὶ
3092 4592 3375 4659 μειζόνως,
3407 4597 3504 4647 καὶ
3533 4595 3860 4667 διαρκεστά-

2268 4701 2374 4746 τως
2400 4684 2718 4763 διατηρῄσοι
2748 4686 2843 4738 καὶ
2863 4685 3178 4754 διαφυλάξοι
3199 4687 3336 4750 ὅλως
3357 4687 3505 4756 ὑμᾶς
3525 4689 3655 4752 τοὺς
3683 4690 3855 4761 ἐμοὺς

2269 4776 2564 4845 φωστῆρας
2612 4777 2705 4829 καὶ
2748 4778 3096 4848 λαμπτῆρας,
3130 4778 3445 4848 ὀφθαλμούς
3484 4797 3544 4833 τε
3583 4781 3682 4835 καὶ
3719 4783 3858 4854 βρα-

2269 4866 2471 4933 χίονας,
2505 4866 2598 4919 καὶ
2627 4867 2678 4918 εἴ
2706 4882 2756 4917 τι
2797 4864 2923 4918 ἄλλο
2964 4864 3074 4918 τῶν
3121 4868 3435 4920 όσιοτάτων.
3465 4865 3706 4921 Βλέπετε
3740 4870 3855 4923 τοί-

2072 4973 2165 5011 ver
2196 4981 2243 5038 ι)
2269 4976 2384 5019 νυν,
2399 4959 2563 5010 τέκνα
2580 4975 2701 5027 μου,
2724 4961 2816 5010 καὶ
2835 4959 2940 5010 ἀπὸ
2956 4958 3049 5010 τοῦ
3069 4959 3359 5026 παρόντος,
3378 4961 3461 5012 ὅτι
3484 4959 3547 5012 τὸ
3569 4959 3738 5013 καλὸν
3758 4961 3856 5015 καὶ

2270 5051 2565 5119 δύσκτητόν
2596 5052 2731 5114 ἐστι,
2777 5051 2870 5103 καὶ
2903 5053 3016 5114 τοῖς
3049 5052 3123 5122 μὴ
3153 5053 3514 5122 προσέχουσιν
3551 5053 3851 5120 εὐάλωτον,

2272 5147 2367 5196 καὶ
2427 5143 2487 5195 τὸ
2543 5142 2907 5212 πολυχρονίως
2956 5142 3199 5212 εὑρεθὲν,
3248 5142 3444 5213 ῥᾳδίως
3493 5143 3586 5198 διὰ
3643 5148 3850 5215 μικρᾶς

585 5249 849 5323 ἀμελείας
893 5243 1259 5314 διαφεύγοιεν.
1298 5239 1601 5309 Προσέχετε
1644 5239 1858 5300 ἑαυτοῖς
1899 5237 2005 5290 ἀπὸ
2033 5238 2127 5289 τοῦ
2160 5237 2452 5300 ἐνεστῶτος
2497 5237 2712 5309 καιροῦ,
2748 5238 2827 5290 ὅτι
2883 5224 3096 5305 ἐαρινὸς
3149 5240 3286 5303 ἐστι,
3325 5237 3419 5291 καὶ
3457 5238 3552 5291 τοῦ
3591 5239 3853 5311 σώματος

586 5339 885 5411 κινητικός.
919 5337 1027 5390 Καὶ
1061 5335 1094 5403 ἡ
1141 5330 1280 5401 σὰρξ
1310 5328 1469 5399 ἡμῶν
1502 5329 1573 5397 γῆ
1605 5327 1739 5382 οὖσα
1778 5328 1927 5397 ζητεί
1962 5328 2164 5404 γηξνως
2201 5328 2468 5396 ἐνεργεῖν,

657 5433 723 5487 Et
752 5445 901 5485 nunc
930 5436 1074 5481 terra
1117 5423 1245 5478 ﬁmo
1277 5430 1521 5476 saturata
1557 5431 1610 5475 et
1644 5421 1912 5476 laetiﬁcata
1958 5415 2159 5491 germi-

587 5536 701 5590 nat,
740 5521 1008 5594 germinat
1033 5527 1086 5572 et
1116 5517 1301 5582 ﬂoret;
1331 5513 1409 5570 sic
1445 5523 1498 5569 et
1528 5529 1658 5569 caro
1689 5516 1856 5570 variis
1892 5514 2030 5569 cibis
2069 5529 2158 5583 po-

590 5621 843 5684 libusque
891 5618 1133 5667 saturata
1174 5624 1237 5663 ex
1285 5609 1607 5663 necessitate
1655 5608 1841 5677 spinas
1884 5607 2156 5676 cupidita-

2344 5422 2414 5473 "H
2443 5437 2523 5473 τοι
2555 5419 2646 5472 νῦν
2680 5420 2752 5490 γῆ
2788 5420 3159 5492 κοπριζομένη
3207 5421 3301 5475 καὶ
3345 5425 3678 5495 πιαινομένη
3717 5430 3851 5483 ἀνα-

2269 5515 2395 5581 φύει
2440 5514 2533 5567 καὶ
2579 5513 2861 5583 βλαστάνει
2896 5515 2990 5567 καὶ
3021 5514 3329 5586 ἀνοοφορεῖ.
3364 5517 3476 5570 Καὶ
3527 5519 3562 5589 ἡ
3611 5519 3749 5591 σὰρξ
3790 5521 3852 5573 τὸ

2257 5605 2400 5658 ἀὐτὸ
2429 5607 2540 5668 τοῖς
2563 5605 2841 5676 διαφόροις
2869 5605 3117 5674 βρώμασι
3148 5607 3240 5660 καὶ
3259 5607 3470 5677 πόμασι
3494 5612 3850 5680 πιαινομένη,

589 5723 699 5765 tum
733 5706 1004 5762 diﬂ‘undit.
1041 5704 1190 5757 Illam
1225 5702 1504 5757 continete
1546 5710 1600 5755 et
1646 5699 1948 5770 apostolico
1996 5701 2158 5753 modo

2280 5701 2470 5769 ινάγκη
2502 5699 2599 5761 τὰς
2628 5699 2734 5752 τῶν
2768 5699 2953 5751 παθῶν
2978 5699 3224 5761 ἀκάνθας
3253 5701 3641 5780 ἀναμερίζειν.
3688 5705 3851 5775 Περι.

585 5803 864 5871 castigate,
904 5796 1144 5851 modeste
1187 5793 1260 5847 illi
1309 5793 1653 5863 providentes
1702 5802 1755 5846 et
1808 5791 2154 5846 solummodo

2280 5792 2447 5846 ,ἀόετε
2491 5790 2715 5857 ταύτην,
2764 5792 2854 5842 καὶ
2898 5791 3252 5845 ύπωπιάσατε
3298 5791 3680 5859 ἀποστολικῶς
3708 5834 3724 5862 ,
3757 5803 3852 5851 καὶ
