4000 6306
114 339 222 410 689

1061 342 1343 404 ORATIO
1377 343 1422 403 Ι.
1462 363 1532 376 -·
1573 341 1671 402 DE
1707 338 2051 401 DELECTU
2097 341 2466 403 ClBORUM.

3296 335 3400 399 690

120 454 391 524 πρόνοιαν
423 452 601 522 αὐτῆς
637 451 716 516 εἰς
749 452 1048 521 ἐπιθυμίαν
1085 453 1161 524 μὴ
1187 451 1450 515 ποιεῖσθε,
1486 450 1621 505 ἀλλά
1649 450 1716 504 τά

1829 450 2192 506 necessarium
2247 459 2302 505 et
2347 449 2623 505 sufﬁciens
2675 446 3076 518 impendentes,
3123 446 3402 516 vitamque

119 539 318 594 δέοντα
359 538 459 593 καὶ
493 539 744 610 αὐτάρκη
774 539 1141 611 χορηγοῦντες
1177 543 1368 610 μένετε
1403 541 1503 611 ζῇν
1539 542 1596 594 ἐν
1637 538 1716 610 τῷ

124 633 428 704 πνεύματι.
465 631 667 685 Λοιπὸν
720 631 920 704 μέτρον
971 634 1066 688 καὶ
1119 633 1213 687 ἐπὶ
1247 633 1342 687 τού
1382 633 1574 704 ἄρτου,
1622 635 1717 687 καὶ

123 727 220 778 ἐπὶ
254 724 352 778 τοῦ
379 724 548 779 οἴνου.
577 724 688 778 Καὶ
707 726 734 778 6
760 725 861 795 μὲν
887 719 1051 792 οτνος,
1080 726 1129 780 εί
1159 727 1254 780 καὶ
1281 727 1486 782 δίδοται
1513 727 1594 792 είς
1619 728 1714 780 πό-

127 833 238 882 σιν,
277 814 418 870 ἀλλά
451 815 596 870 κατά
629 815 833 887 μικρὰν
887 819 1237 889 παρηγορίαν
1269 821 1364 874 καὶ
1401 820 1460 872 ἐν
1502 823 1717 891 καιροῖς

125 909 535 978 ἐορταστικοῖς,
561 908 658 961 καὶ
689 909 748 962 ἐν
767 909 880 974 τοῖς
911 910 1340 984 κοπωδεστέροις
1364 911 1573 984 ἔργοις,
1599 912 1632 982 ἢ
1658 914 1718 966 ἐν

124 1001 242 1060 τοῖς
264 999 740 1071 νοσηλευομένοις,
770 1001 804 1071 ἢ
831 1001 891 1055 ἐν
913 1004 1026 1065 τοῖς
1052 1002 1380 1074 ἀθυμοῦσιν,
1405 1004 1499 1058 καὶ
1525 1006 1583 1061 ἐν
1603 1007 1719 1070 τοῖς

129 1090 270 1162 πρὸς
301 1091 421 1145 ὁδὸν
450 1091 771 1158 ἀπαίρουσι.
827 1091 982 1146 Ἐπεὶ
1030 1093 1125 1147 ἐπὶ
1153 1093 1264 1148 τῶν
1303 1094 1481 1150 ἄλλων
1511 1094 1718 1165 ὀφείλει

129 1182 513 1256 λαμϐάνεσθαι
547 1184 710 1254 μέχρι
738 1186 868 1254 μιᾶς
890 1185 1164 1256 κράσεως,
1188 1188 1222 1259 ἢ
1247 1189 1340 1241 καὶ
1363 1188 1456 1242 δύο
1479 1188 1542 1242 τὸ
1559 1188 1715 1242 πολύ.

128 1277 204 1330 Τὸ
217 1276 331 1349 γὰρ
357 1277 674 1348 γεροντικόν
705 1294 756 1330 τι
783 1277 1166 1348 ἀσφαλίζεται,
1202 1279 1404 1334 οἴδατε.
1433 1280 1508 1334 Οὐ
1538 1281 1719 1334 τοίνυν

126 1369 426 1441 ἀπείργειν
473 1369 618 1439 ὑμᾶς
671 1370 996 1441 βουλόμενος
1035 1373 1145 1426 τῶν
1195 1373 1528 1443 βρωμάτων,
1551 1374 1718 1428 τέκνα

131 1479 264 1529 μου,
295 1460 471 1515 ταῦτα
493 1460 640 1530 λέγω
665 1478 678 1491 ο
713 1462 1117 1534 Καταργείσθω
1155 1464 1264 1536 γὰρ
1303 1467 1373 1518 τὰ
1419 1465 1716 1537 βρώματα,

127 1556 279 1607 κατὰ
306 1551 400 1607 τὸν
434 1553 789 1607 ’Δπόστολονσ
815 1554 952 1609 ἀλλά
992 1554 1090 1625 τὴν
1129 1556 1299 1620 ὅντως
1338 1558 1544 1630 τροφὴν
1575 1559 1720 1628 ὑμᾶς

126 1643 426 1712 ἐφιέμενος
454 1641 620 1711 ἔχειν.
645 1643 735 1698 διὰ
757 1643 918 1698 τοῦτο
943 1647 1003 1699 ἐν
1031 1646 1340 1718 ὑπομνήσει
1369 1649 1561 1720 τίθημι
1592 1651 1720 1714 τοὺς

127 1733 349 1802 λόγους.
392 1732 547 1786 Θέλω
584 1733 730 1803 ὑμᾶς
769 1735 972 1790 ἐσθίειν
1005 1737 1097 1790 καὶ
1128 1737 1306 1790 πίνειν
1335 1778 1348 1801 ,
1386 1739 1502 1793 ἀλλ’
1541 1741 1716 1812 ἁρμο-

1819 541 1874 596 in
1915 542 2113 613 spiritu
2148 549 2380 612 portate.
2415 543 2683 597 Creterum
2709 543 2762 595 in
2791 541 2917 594 cibo
2947 548 3002 594 et
3040 538 3168 592 vino
3198 547 3402 606 tempe-

1819 643 1955 690 rate.
2021 633 2216 688 Vinum
2277 633 2546 704 quidem,
2604 634 2650 688 si
2701 633 2998 688 bibendum
3064 631 3399 702 praebeatur,

1819 728 2170 784 solummodo
2199 729 2264 783 ad
2290 743 2520 799 parvum
2555 729 2824 790 levamen,
2862 726 2914 780 in
2943 725 3152 781 festivis
3183 723 3398 789 diebus,

1820 830 1918 875 aut
1966 821 2034 876 iis
2079 822 2173 892 qui
2222 819 2462 892 graviori
2505 833 2696 890 opere,
2747 818 2964 884 morbo,
3012 815 3403 884 debilitateque

1821 913 2099 979 laborant,
2153 921 2252 967 aut
2299 913 2518 968 tandem
2569 911 2673 966 iter
2703 908 3220 982 proficiscentibus;
3263 905 3402 962 alias

1818 1020 1951 1062 vero
2011 1005 2358 1061 solummodo
2420 1003 2799 1075 accipiendum
2859 1017 3034 1073 usque
3091 1001 3160 1056 ad
3230 1015 3400 1054 unum

1820 1098 2094 1154 mistionis
2128 1098 2421 1166 haustum,
2469 1106 2566 1153 attt
2609 1097 2678 1152 ad
2714 1098 2879 1162 duos,
2917 1094 3061 1165 quod
3103 1093 3400 1164 plurimum

1819 1201 1920 1248 est.
1949 1190 2122 1246 Senes
2145 1200 2327 1245 tamen
2358 1190 2504 1245 haud
2535 1189 2742 1246 nescite
2768 1188 2864 1244 illo
2891 1185 3256 1242 corroborari.
3287 1182 3400 1238 Non

1818 1281 1948 1350 quia
1989 1281 2150 1335 velim
2199 1295 2298 1335 vos
2350 1295 2402 1333 a.
2438 1279 2578 1336 cibis
2626 1267 2960 1346 absterrere,
3013 1277 3144 1332 talia
3187 1277 3402 1347 loquor,

1820 1387 1854 1428 ο
1897 1373 2024 1439 filii;
2080 1382 2440 1428 amoveantur
2491 1372 2620 1438 cibi,
2666 1381 2731 1427 ut
2777 1371 2910 1427 dicit
2954 1369 3267 1441 Apostolus,
3306 1369 3401 1426 sed

1821 1463 1950 1533 quia
2000 1478 2096 1518 vos
2141 1463 2511 1518 necessariam
2558 1462 2910 1518 solummodo
2943 1460 3259 1516 alimoniam
3303 1460 3403 1514 ha-

1823 1552 1951 1608 bere
1980 1554 2246 1616 concedo,
2279 1553 2556 1608 memoriae
2587 1559 2786 1608 vestra:
2823 1549 3227 1606 admonitiones
3250 1563 3405 1604 com-

1823 1645 2040 1700 mendo.
2073 1644 2213 1700 Volo
2243 1660 2342 1702 vos
2373 1645 2537 1702 edere
2575 1653 2631 1701 et
2661 1645 2868 1710 bibere,
2905 1643 3000 1700 sed
3042 1642 3308 1707 modeste,
3345 1651 3405 1697 ut

1824 1737 1936 1794 Deo
1967 1737 2161 1808 placet,
2194 1738 2620 1809 salubriterque,
2659 1746 2720 1792 ut
2750 1739 2860 1792 vim
2898 1751 3100 1807 corpus
3129 1736 3183 1791 in
3215 1749 3407 1790 neces-

123 1823 282 1888 ὃίως,
313 1825 412 1876 καὶ
437 1821 761 1895 θεοπρεπῶς
789 1824 884 1880 καὶ
923 1826 1227 1893 σωστικῶς,
1255 1828 1393 1899 πρός
1413 1844 1474 1881 τε
1495 1829 1722 1900 δύναμιν

1829 1829 1988 1886 sariis
2031 1829 2314 1885 laboribus
2357 1828 2574 1883 habeat.
2617 1825 2810 1882 Nonne
2858 1825 3014 1881 scitis
3055 1824 3158 1879 hac
3196 1831 3405 1892 tempe-

125 1913 227 1967 τοῦ
287 1913 564 1982 σώματος,
610 1915 702 1969 διά
736 1916 828 1970 ’τά
884 1908 1023 1988 πρὸς
1074 1918 1264 1990 χρείαν
1322 1920 1722 1989 κατεπείγοντα

127 2009 294 2077 ἔργα.
319 2008 392 2060 Ἢ
419 2008 521 2061 οὐκ
543 2007 744 2075 οἴδατε,
775 2009 858 2063 ὅτι
889 2012 989 2080 τῆς
1020 2012 1347 2083 ἐγκρατείας
1382 2013 1584 2086 ταύτης
1627 2015 1722 2068 καὶ

127 2101 562 2171 ἀποστερήσεως
601 2101 710 2155 τῶν
751 2099 845 2155 τοῦ
872 2103 1080 2173 κόσμου
1117 2103 1288 2175 ἡδέων
1334 2105 1719 2178 κρεωφαγιῶι,

125 2194 226 2245 καὶ
274 2191 620 2258 οίνοποσιῶν,
656 2193 751 2246 καὶ⁵
793 2193 1228 2265 λουτρισμάτων,
1255 2197 1350 2250 καὶ
1398 2199 1723 2268 θερμασμά-

126 2301 261 2348 των,
300 2283 398 2338 καὶ
421 2284 880 2356 καρυκευμάτων,
909 2289 1004 2340 καὶ
1035 2286 1415 2359 ζωμευμάτων
1442 2289 1724 2359 ἑτοιμάζε-

126 2392 218 2428 ται
242 2376 380 2444 ὑμῖν
406 2376 434 2429 6
464 2375 608 2440 θεῖος
641 2377 848 2440 ἐκεῖνος
876 2378 1225 2451 παράδεισος,
1258 2380 1288 2433 6
1311 2379 1451 2450 ἔχων
1479 2379 1540 2434 τὸ
1565 2381 1722 2448 ξύλον

127 2468 228 2538 τῆς
265 2467 440 2536 ζωῆς,
470 2467 569 2520 καὶ
595 2467 659 2521 τὸ
687 2467 833 2540 ὕδωρ
854 2469 957 2539 τῆς
987 2469 1311 2536 ἀθανασίας,
1345 2471 1442 2524 καί⁷
1468 2471 1562 2525 τὸν
1592 2473 1721 2541 γλυ-

130 2557 350 2628 κασμὸν
376 2557 474 2610 τοῦ
502 2558 840 2630 πνεύματος,
866 2559 960 2614 καὶ
982 2561 1044 2615 τὸ
1068 2561 1373 2632 ἀμήχανον,
1404 2562 1498 2616 καὶ
1526 2564 1723 2634 ἀπερι·

129 2652 323 2720 νόητον
355 2649 552 2714 κάλλος
583 2651 682 2722 τῆς
707 2652 965 2723 εύχροίας
991 2653 1099 2706 τῶν
1127 2653 1381 2727 ἀρρήτως
1407 2655 1720 2726 ὁρωμένων,

131 2745 224 2797 καὶ
257 2742 515 2805 ἀθεάτως
543 2741 938 2815 θεωρουμένων
978 2745 1213 2800 αίωνίων
1254 2747 1474 2815 ἀγαθῶν
1504 2742 1632 2818 ὑμῖν
1664 2750 1725 2802 τὸ

131 2836 435 2890 ἀπολαύειν
458 2835 558 2889 καὶ
585 2837 799 2907 τρυφᾷν
829 2838 1007 2890 ἐκεῖσε
1031 2823 1387 2908 ταμίιεύεταις
1410 2838 1562 2893 Ἐκεῖ
1589 2841 1724 2910 φθά-

142 2925 355 2992 ζοντεςζ
394 2929 514 2981 ἐκεῖ
547 2928 744 3000 μτκρὺν
770 2929 896 2983 ὅσον
921 2930 1010 2984 διὰ
1042 2931 1302 2997 θανάτου,
1347 2932 1587 3002 φάγεσθε
1630 2935 1724 2986 καὶ

138 3021 326 3075 πίεσθε
355 3023 678 3094 ἀκορέστως
706 3024 801 3077 καὶ
830 3023 1084 3089 αίωνίως.

207 3114 319 3168 Καὶ
347 3114 460 3185 γὰρ
487 3113 744 3179 ἐνταῦθα,
764 3116 933 3169 τέκνα
966 3134 1091 3188 μου,
1128 3117 1223 3172 ἐὰν
1255 3118 1341 3172 ἐπ’
1401 3118 1582 3172 αὐτῶν
1613 3119 1722 3173 τῶν

139 3205 539 3274 βασιλευόντων
584 3205 857 3278 λάϐωμεν,
881 3208 942 3261 ού
982 3208 1184 3280 τρυφὴ,
1217 3208 1353 3264 ἀλλά
1386 3208 1560 3281 τροφὴ
1585 3227 1730 3263 σκω-

141 3294 317 3364 λήκων
359 3295 394 3366 ἡ
427 3295 736 3357 ἀπόλαυσις
765 3297 970 3360 αὐτῶν,
996 3299 1117 3351 οὐδὲ
1145 3299 1372 3364 εύζωῖα,
1409 3299 1546 3353 ἀλλά
1599 3300 1726 3353 δυσ-

143 3385 272 3449 ζωτα
305 3389 339 3459 ἡ
369 3387 561 3451 ἄνεσις
595 3388 795 3454 αὐτῶν,
836 3389 955 3443 οὑδέ
984 3390 1151 3462 χαρὰ,
1181 3390 1319 3446 ἀλλὰ
1335 3392 1479 3460 λύπη
1505 3394 1538 3461 ἡ
1557 3409 1722 3463 χαρο-

145 3481 356 3551 ποίησις
394 3480 601 3546 αὐτῶν,
655 3481 775 3534 ούδέ
828 3481 1180 3552 κατάσχεσις,
1212 3483 1350 3536 ἀλλά
1374 3483 1721 3555 ἀπόσχεσιςή

145 3572 481 3645 κληρονομία
497 3571 706 3638 αὑτῶνξ
727 3576 821 3628 καὶ
835 3573 1002 3638 ὅντως
1033 3575 1328 3646 ματαιότης
1349 3578 1726 3648 ματαιοτήτων

147 3665 522 3739 ἡεύδαιμονία
553 3665 756 3721 αὐτῶν.
791 3664 976 3732 Οὕτως
1009 3669 1038 3722 6
1101 3668 1302 3738 μείζων
1341 3669 1521 3722 αὐτῶν
1575 3669 1727 3739 βασι-

149 3759 357 3825 λεύσας,
390 3760 492 3815 καὶ
541 3759 654 3820 τῶν
711 3759 886 3831 ἡδέων
940 3760 1038 3814 τοῦ
1108 3760 1316 3831 κόσμου
1370 3761 1726 3815 ἀπολαύσεων

152 3849 438 3922 προείρηκε
498 3849 774 3922 Σολομὼν.
841 3851 1035 3920 Ἔχετε
1079 3851 1138 3905 δὲ
1189 3853 1348 3923 ὑμεῖς
1410 3853 1509 3924 τὴν
1562 3852 1726 3924 φίλην

152 3940 293 4009 ὑμῶν
319 3941 679 4014 ἐγκράτειαν,
711 3941 811 4015 τὴν
854 3941 1089 4010 σύζυγον
1148 3944 1419 4016 ὑπακοὴν,
1479 3943 1580 4009 τὰς
1630 3945 1725 3999 θυ-

154 4039 376 4110 γατέρας
421 4038 523 4092 τοῦ
552 4039 787 4111 Κυρίου,
820 4040 919 4112 τὴν
943 4041 1189 4110 ἁγνείαν,
1245 4043 1346 4111 τὴν
1402 4040 1724 4110 παρθενίαν,

152 4128 240 4195 τὴν
271 4127 654 4200 ἐλεημοσύνην
675 4167 691 4194 ,
719 4129 819 4195 τάς
852 4131 1003 4202 ίεράς
1034 4131 1299 4198 νεάνιδας,
1330 4131 1431 4202 τὴν
1486 4132 1724 4187 κατανυ-

158 4216 247 4284 ξιν,
277 4220 374 4293 τὴν
406 4220 764 4276 ταπείνωσιν.
819 4222 1183 4292 Ἀνασλέψατε
1213 4227 1293 4290 είς
1356 4225 1444 4278 τὸν
1494 4224 1727 4297 οὐρανὸν

157 4313 273 4379 ἀνω,
304 4319 398 4371 καὶ
432 4317 578 4371 ῐδετε
618 4314 723 4369 πού
761 4316 795 4386 ἠ
826 4316 1079 4371 κατοικία
1104 4317 1283 4388 ἡμῶν,
1315 4319 1410 4372 καὶ
1443 4318 1546 4373 ποῦ
1578 4321 1611 4390 ἠ
1637 4335 1728 4372 κε-

160 4405 285 4478 φαλὴ
312 4408 471 4480 ἡμῶν
502 4410 534 4464 6
563 4406 825 4479 Χριστὸς,
856 4407 952 4462 καλ⁵
979 4408 1008 4460 6
1036 4408 1214 4472 κοινὸς
1241 4407 1432 4480 Πατὴρ
1483 4410 1724 4473 πάντων,

161 4494 323 4592 {at},
368 4497 733 4592 miserisa
790 4499 825 4568 ἡ
871 4497 1408 4592 ἄνωξιερουσαλὴμ,
1456 4501 1490 4571 ἡ
1542 4499 1728 4571 μήτηρ
1759 4539 1803 4592 υ

164 4584 356 4642 Παύλου
381 4591 480 4644 καὶ
519 4589 760 4661 Πέτρου,
809 4591 904 4645 καὶ
946 4590 1056 4646 τῶν
1102 4594 1224 4645 κατ’
1270 4592 1470 4655 αὐτοὺς
1528 4592 1722 4660 ἁγίων.

168 4677 352 4744 Ὄντως
381 4683 478 4738 ἐὰν
508 4682 834 4754 ἐπιμένητε,
880 4684 1194 4756 ἐνικήσατε,
1225 4685 1321 4738 ἐὰν
1373 4684 1724 4756 διαρκέσητε,

167 4768 584 4847 ὲστεφανώθητε,
627 4773 726 4828 ἐὰν
759 4774 904 4830 οὕτω
941 4776 1288 4847 τελειωθῆτε,
1344 4777 1729 4847 ἀνοιγήσονται

170 4860 280 4928 ὑμῖν
309 4867 362 4918 al
392 4867 560 4921 πύλαι
585 4867 685 4937 τῆς
723 4865 1001 4937 βασιλείας
1028 4868 1137 4922 τῶν
1166 4869 1436 4939 οὐρανῶν,
1470 4871 1567 4922 καὶ
1599 4869 1725 4922 τότε

174 4969 258 5018 μου
297 4961 704 5029 μνημονεύσετε
729 4959 825 5012 τοῦ
878 4959 1112 5025 τάλανθς
1149 4960 1244 5013 καὶ
1292 4958 1526 5022 ἀσώτου,
1592 4960 1730 5023 ὅλως

174 5043 401 5114 ὁρῶντες,
435 5052 511 5122 μὴ
548 5053 638 5114 είς
663 5052 846 5120 κρίσιν
877 5050 1364 5121 ἀποπεμπόμενοι,
1403 5050 1541 5103 ἀλλὰ
1592 5049 1723 5119 δεή-

175 5134 282 5204 υητε
310 5145 400 5194 καὶ
432 5144 574 5216 ὑπὲρ
600 5141 761 5214 ἐμοῦ,
795 5137 839 5197 ὧ
862 5143 1026 5197 τέκνα
1060 5161 1184 5214 μου,
1219 5144 1303 5195 ἵνα
1337 5160 1403 5213 με
1426 5145 1453 5196 6
1482 5143 1612 5204 Θεὸς
1637 5142 1733 5194 σὺν

181 5222 286 5289 ὑμῖν
309 5229 590 5297 διασώζων
618 5231 886 5304 διασώσῃ,
917 5233 1013 5287 καὶ
1057 5233 1131 5301 δῷ
1157 5232 1377 5302 πνεῦμα
1437 5232 1732 5293 συνέσεως,

181 5317 258 5369 n‘t
283 5327 648 5397 καταρτισμὸν
687 5324 887 5394 ψυχῆς,
913 5327 994 5388 εἰς
1023 5326 1084 5378 τὸ
1117 5325 1222 5379 ἀνὰ
1252 5325 1416 5395 μέσον
1446 5323 1600 5394 ὑμῶν
1623 5323 1735 5376 Oeo-

183 5414 382 5480 πρεπῶς
408 5418 877 5492 ἀναστρέφεσθαι.
913 5417 1099 5472 Ταῦτα
1129 5418 1228 5490 μὲν
1253 5420 1310 5471 ἐν
1337 5417 1414 5487 τῷ
1441 5420 1578 5480 τέως
1603 5417 1727 5469 ἐλα-

183 5495 416 5576 λὴσαμεν,
446 5511 644 5566 ἔπειτα
674 5512 768 5565 καὶ
793 5513 820 5564 6
848 5509 1152 5582 οίκόνομος,
1182 5503 1225 5578 ᾧ
1252 5509 1592 5581 προέγραψα,
1647 5509 1732 5575 ἐξ·

186 5590 450 5658 ελιύσεται.
473 5604 667 5670 ’Υμείς
698 5603 754 5658 δὲ
785 5604 1131 5676 εὐρίσκοντές
1161 5620 1308 5668 τινας
1336 5601 1730 5675 γραμματοφό-

245 5775 260 5805 ⁸
283 5776 440 5840 Galat.
473 5802 542 5847 μ’.
579 5788 673 5846 ἓϐ.

1824 1919 2004 1974 rantia
2039 1920 2480 1990 abstinentiaque
2505 1920 2753 1974 laztarum
2784 1931 2907 1987 quae
2936 1919 3073 1972 liunt
3113 1915 3167 1970 in
3200 1913 3406 1970 mundo

1821 2014 2008 2072 carnis
2083 2014 2589 2077 comessationum,
2639 2011 2751 2066 vini
2821 2011 3132 2081 potionum,
3183 2007 3407 2063 balneo—

1823 2125 1972 2178 rum,
2016 2110 2412 2175 caldariorum,
2452 2108 2856 2179 exquisitorum
2889 2106 3164 2168 ciborum,
3214 2102 3406 2158 condi-

1825 2211 2247 2272 mentorumque
2273 2201 2456 2272 parari
2492 2200 2650 2255 vobis
2692 2199 2940 2255 divinum
2975 2196 3310 2268 paradisum,
3351 2194 3405 2246 in

1823 2312 1934 2370 quo
1983 2297 2198 2365 signum
2262 2293 2429 2358 vitae,-
2461 2306 2601 2361 aqua
2665 2291 3120 2350 immortalitatis,
3175 2283 3408 2341 dulcedo

1825 2389 2078 2461 spiritus,
2106 2396 2160 2442 et
2195 2383 2604 2454 pulcherrimus
2636 2395 2813 2452 neque
2846 2389 2965 2434 arte
2991 2393 3166 2448 neque
3198 2376 3410 2446 cegita-

1827 2479 1977 2533 tione
1998 2471 2399 2545 concipiendus
2418 2470 2569 2526 color
2593 2481 2925 2526 aeternorum
2954 2467 3226 2522 bonorum
3259 2479 3406 2535 qum,

1826 2577 2118 2641 postquam
2148 2563 2264 2620 visa
2296 2561 2778 2631 contemplataque
2811 2558 2946 2624 sint,
2976 2571 3152 2627 neque
3182 2556 3399 2609 narrari

1826 2675 2006 2732 neque
2038 2655 2185 2730 pingi
2223 2660 2490 2726 possunt;
2520 2653 2786 2724 vobisque
2813 2651 3133 2706 deliciosam
3161 2649 3405 2704 omnium

1829 2758 2028 2811 harum
2060 2751 2378 2807 divitiarum
2410 2748 2734 2804 fruitionem
2784 2746 3078 2802 reservari.
3116 2743 3409 2799 Sustinea-

1827 2857 1907 2902 tes
1954 2843 2043 2897 hic
2101 2842 2406 2912 paululum,
2468 2850 2738 2911 quantum
2801 2853 2978 2909 usque
3029 2836 3096 2890 ad
3153 2842 3406 2900 mortem,

1829 2935 2208 2994 insatiabiliter
2239 2943 2614 3005 :eternumque
2647 2930 3055 2988 manducabitis
3100 2937 3155 2985 et
3187 2929 3406 2984 bibetis.

1901 3115 2112 3171 Etenim
2166 3114 2274 3176 hic,
2331 3112 2424 3167 filii
2487 3111 2614 3177 mei,
2662 3110 2707 3166 si
2753 3111 2820 3165 ab
2865 3110 3000 3180 ipsis
3051 3108 3272 3179 regibus
3307 3123 3407 3162 au-

1830 3209 2086 3273 diamus,
2151 3219 2343 3260 eorum
2415 3218 2524 3258 non
2582 3201 2792 3257 delicia:
2851 3202 2946 3257 sed
3007 3201 3407 3256 lumbricorum

1831 3299 2059 3355 nutritio
2105 3297 2360 3370 voluptas
2401 3304 2517 3359 est,
2573 3309 2680 3349 non
2736 3292 2864 3348 felix
2918 3295 3013 3349 sed
3066 3291 3253 3348 infelix
3300 3295 3404 3347 vita

1832 3390 2109 3453 mollities,
2157 3404 2266 3443 non
2324 3387 2511 3442 lattitia
2574 3388 2668 3442 sed
2727 3386 2907 3441 luctus
2966 3385 3249 3456 gaudium,
3301 3399 3409 3438 non

1831 3485 2122 3554 occupatio
2170 3484 2262 3538 sed
2298 3483 2549 3552 expulsio
2587 3481 2904 3546 hereditas,
2947 3490 3003 3537 et
3045 3495 3169 3534 vere
3197 3477 3409 3534 vanitas

1831 3574 2138 3628 vanitatum
2171 3571 2420 3627 felicitas.
2455 3569 2546 3626 Sic
2576 3570 2679 3626 iste
2720 3571 2815 3641 qui
2850 3570 3088 3624 maxima
3125 3584 3251 3624 cum
3290 3568 3409 3639 glo-

1831 3668 1915 3723 ria
1947 3667 2212 3736 regnavit,
2249 3666 2535 3731 Salomon,
2581 3665 2651 3720 de
2694 3663 3036 3718 dulcissimis
3085 3661 3277 3716 mundi
3307 3665 3410 3716 vo-

1833 3757 2133 3829 luptatihus
2160 3757 2377 3813 loeutus
2413 3765 2522 3812 est.
2551 3753 2662 3810 Vos
2691 3762 2876 3809 autem
2915 3752 3144 3807 retinete
3170 3758 3408 3805 vestram

1833 3849 2248 3921 temperantiam
2289 3857 2344 3903 et
2387 3846 2603 3901 ﬁdelem
2643 3843 3035 3909 obedientiam,
3078 3839 3294 3894 Domini
3351 3839 3413 3892 lio

1833 3945 1958 4009 has,
2005 3955 2304 4010 sacrasque
2339 3939 2578 4009 virgines
2604 3936 2917 4007 puritatem,
2941 3933 3248 3989 castitatem
3265 3932 3411 3986 elee-

1832 4046 2268 4105 mosynamque,
2340 4027 2820 4100 compunctionem
2892 4029 2947 4078 et
3019 4023 3405 4077 humilitatem.

1834 4127 2067 4181 Sursum
2118 4131 2361 4193 spectate
2407 4121 2473 4175 ad
2515 4120 2738 4182 emlum,
2781 4127 2837 4172 et
2865 4115 3047 4170 videte
3088 4114 3177 4169 ubi
3223 4122 3412 4168 nostra

1835 4217 2136 4283 habitatio,
2195 4215 2287 4270 ubi
2335 4222 2586 4269 nostrum
2641 4219 2807 4279 caput
2850 4217 2906 4263 et
2955 4206 3114 4262 Pater
3163 4205 3410 4260 omnium

1833 4310 2112 4372 Christus,
2171 4307 2262 4362 ubi
2317 4313 2504 4362 nostra
2551 4302 2746 4357 civitas
2789 4299 3093 4356 Jerusalem
3152 4297 3410 4360 cmlestis,

1836 4412 2010 4457 mater
2039 4400 2185 4455 Petri
2234 4408 2290 4454 et
2336 4395 2491 4451 Pauli
2540 4404 2596 4450 et
2628 4394 3004 4464 proximorum
3046 4391 3154 4446 illis
3197 4397 3414 4444 saneto-

1838 4493 2029 4550 rutn'.
2101 4492 2159 4546 Si
2226 4487 2580 4552 restiteritis,
2649 4485 2920 4543 vincetis;
2987 4484 3034 4538 si
3092 4495 3411 4552 persevera-

1834 4587 2043 4648 veritis,
2060 4578 2461 4639 coronabimini
2481 4594 2496 4644 ;
2517 4579 2563 4632 si
2590 4576 2815 4647 perfecti
2842 4575 3082 4640 fueritis,
3099 4574 3414 4644 aperientur

1831 4679 1989 4736 vobis
2025 4677 2178 4747 regni
2213 4675 2479 4732 caelorum
2522 4679 2715 4741 portae.
2768 4669 2836 4722 Et
2891 4678 3008 4722 tttm
3058 4667 3184 4730 mei,
3227 4666 3410 4720 miseri

1834 4772 2116 4840 saluteque
2141 4763 2369 4837 indigni,
2391 4760 2778 4824 recordamini,
2801 4768 3055 4814 accurate
3069 4756 3412 4827 providentes

1836 4879 1904 4918 ne
1946 4863 1999 4915 in
2034 4859 2295 4931 iudicium
2341 4855 2444 4909 sim
2477 4853 2792 4908 mittendus.
2837 4849 3142 4906 Preeamini
3167 4863 3266 4918 pro
3303 4864 3410 4911 me,

1836 4972 1869 5010 o
1902 4954 2019 5018 filii,
2057 4963 2114 5006 ut
2149 4949 2291 5004 Deus
2318 4946 2602 5001 vobiscum
2630 4945 2804 4999 salvet
2833 4957 2942 5010 me,
2971 4941 3220 5012 spiritum
3256 4940 3414 4994 intel-

1830 5045 2069 5115 ligentiac
2113 5042 2421 5108 animmque
2454 5035 2912 5091 instaurationem
2951 5031 3231 5097 concedat,
3267 5040 3323 5085 et
3356 5029 3410 5084 in

1832 5137 2071 5193 medium
2137 5132 2303 5188 vestri
2359 5145 2424 5184 ex
2483 5129 2632 5182 illius
2682 5126 2961 5181 voluntate
3018 5126 3260 5179 redeam.
3305 5121 3410 5177 Ista

1835 5229 2023 5287 eadem
2079 5235 2239 5280 antea
2293 5222 2442 5288 dixi;
2502 5222 2644 5290 (quae
2691 5219 2869 5274 ferens
2913 5218 2982 5273 ad
3050 5217 3191 5286 vos),
3226 5225 3411 5285 postea

1840 5332 2183 5382 (econontus,
2226 5312 2314 5368 cui
2344 5312 2545 5380 scripta
2583 5309 2728 5372 dedi,
2762 5308 2950 5363 abibit.
2990 5305 3103 5361 Vos
3127 5313 3333 5371 autem,
3365 5305 3410 5359 si

1837 5411 2102 5484 quosdam
2131 5404 2418 5461 inveniatis
2457 5403 2523 5456 ad
2555 5402 2763 5457 litteras
2791 5398 3108 5462 mittendas,
3137 5410 3249 5451 non
3279 5397 3413 5452 abs-

1843 5509 2006 5561 tinctc
2044 5501 2177 5572 quin
2208 5498 2340 5553 mihi
2383 5495 2646 5551 nuntietis
2687 5493 2964 5566 quomodo
3004 5506 3064 5548 se
3098 5507 3185 5547 res
3214 5501 3414 5546 vestra.

1847 5602 2102 5656 habeant.
2140 5590 2481 5658 Contendite,
2515 5589 2609 5645 filii
2647 5589 2774 5657 mei,
2820 5586 2886 5642 ad
2919 5584 3190 5642 manualia
3222 5597 3387 5653 opera
