4000 6306
157 345 264 409 693

1012 349 1297 410 ORATIO
1332 351 1416 411 II.
1455 375 1523 386 -
1563 347 1643 408 IN
1686 345 2235 408 ADORATIONEM
2267 345 2559 408 CRUCIS.

3310 333 3415 396 694

153 463 354 534 ὥσπερ
385 463 643 534 βασιλεὺς
674 466 765 519 ἐπὶ
787 466 1110 536 τεθρίππου,
1137 468 1229 521 τὸν
1246 468 1307 520 τὸ
1330 484 1532 539 κρατος
1550 467 1742 535 ἔχοντα

1855 463 1902 518 in
1931 463 2252 534 quadrigam
2279 500 2292 526 ,
2348 461 2684 526 ascendens,
2731 457 3045 526 diabolum,
3091 455 3183 525 qui
3228 456 3420 511 mortis

155 556 254 610 m6
287 558 525 611 Θανάτου
576 557 668 612 τὸν
717 558 963 612 διάϐολον
996 558 1221 625 ὤλεσεν,
1278 559 1595 626 ἀπαλλάξας
1647 558 1748 623 τῆς

154 647 250 702 τοῦ
293 648 567 719 τυράννου
597 648 840 712 δουλείας
877 649 937 703 τὸ
970 649 1316 720 ἀνθρώπινον
1349 651 1507 719 γένος
1531 667 1544 680 ⁸
1584 648 1746 716 ξύλον

160 742 365 806 έκεῖνο,
403 743 462 795 ἐν
488 735 533 810 ᾧ
555 744 584 796 6
619 741 898 812 Δεσπότης
929 742 1183 814 καθάπερ
1213 744 1469 813 ἀριστεὺς
1515 743 1748 813 πληγεὶς

160 833 219 884 ἐν
243 833 500 904 πολέμῳ.
526 835 718 904 χεῖράς
744 851 803 886 τε
845 835 938 888 κα)⁸
965 834 1134 898 πόδας
1165 835 1264 888 σὺν
1294 834 1502 904 πλευρᾷ
1525 836 1590 903 τῇ
1629 833 1750 886 θεο-

165 921 361 993 σὼμῳ,
419 923 608 978 ἰάσατο
666 926 948 992 μωλώπων
988 925 1302 996 ἁμαρτίας,
1347 925 1448 997 τὴν
1496 925 1602 978 ὑπὸ
1653 923 1749 977 τοῦ

163 1013 413 1083 πονηροῦ
460 1014 755 1085 δράκοντος
794 1016 1297 1086 τραυματισθεῖσαν
1355 1014 1515 1086 ήμῶν
1556 1016 1746 1084 φύσιν*

165 1106 260 1160 καλ⁵
293 1108 347 1159 εἰ
381 1105 464 1159 δεῖ
495 1106 810 1177 προσθεῖναι
838 1108 928 1161 τὸν
975 1107 1164 1178 ὕμνον,
1199 1107 1357 1174 ξύλον
1386 1109 1584 1174 έκεῖνο,
1617 1109 1675 1159 ὲν
1703 1099 1749 1176 ᾧ

163 1196 222 1247 τὸ
256 1197 598 1249 Δεσποτικδν
650 1199 775 1267 ῥυὲν
805 1192 967 1267 αἷμα,
1007 1198 1183 1269 ἐνίησι
1238 1198 1470 1269 δύναμιν
1519 1198 1743 1268 ἀμαχω·

165 1285 361 1355 τάτην,
392 1285 485 1355 ὑφ’
515 1281 583 1357 ἧς
622 1286 911 1356 φλέγονται
951 1288 1227 1359 δαίμονες,
1257 1287 1353 1342 καὶ
1383 1289 1591 1359 κόσμος
1637 1304 1748 1356 (ρων

165 1375 253 1438 τίς⁹
257 1393 358 1430 ετα
367 1394 406 1430 ι.

233 1469 342 1534 Τίς
385 1469 574 1523 λοιπὸν
605 1471 666 1524 οὐ
713 1471 1150 1542 προσδραμεῖται
1181 1471 1524 1543 προσϐλέψαι
1568 1471 1628 1524 τὸ
1659 1487 1749 1524 πο·

167 1559 434 1614 λύευκτον
469 1561 688 1632 θέαμα;
718 1563 802 1625 τίς
827 1564 926 1615 οὐκ
956 1563 1288 1634 ἐπιθυμήσει
1314 1561 1750 1635 περιπτύξασθαι

165 1654 225 1704 τὸ
271 1653 568 1706 θεόπλοκον
620 1653 811 1724 έρνος;
861 1655 1108 1719 ’Ήκετε,
1171 1655 1530 1726 ἁθροίσθητε,
1580 1655 1749 1707 πᾶσαι

169 1743 334 1811 φυλαὶ
381 1745 476 1796 καὶ
512 1743 798 1812 γλῶσσαι,
837 1746 945 1798 πᾶν
990 1746 1145 1813 γένος
1192 1747 1288 1799 καὶ
1338 1748 1490 1799 πᾶσα
1537 1744 1746 1815 ήλικία,

167 1837 274 1888 πᾶν
305 1835 527 1906 ἀξίωμα
565 1839 659 1890 καὶ
699 1838 808 1890 πᾶν
857 1837 1178 1909 πολίτευμα,
1209 1838 1332 1892 ὅσον
1376 1838 1651 1908 ίερατικὸν
1684 1823 1745 1889 τε

170 1930 261 1979 καὶ
294 1927 596 1997 βασίλειον,
636 1928 806 1998 ἄρχον
846 1945 906 1980 τε
968 1931 1064 1982 καὶ
1096 1931 1418 2000 ἀρχόμενον.
1485 1929 1748 1998 Ἐπείπερ

168 2016 423 2088 θεοτελὴς
480 2020 512 2087 ή
570 2021 912 2088 πανήγυρις,
969 2019 1185 2072 δοκοῦσί
1238 2038 1328 2090 μοι
1377 2020 1470 2073 καὶ
1525 2020 1747 2088 ἄγγελοι

172 2108 489 2179 περιχαρῶς
538 2110 846 2178 ὑπαντῆσαι
874 2112 940 2180 τῇ
974 2111 1278 2180 πανηγύρει
1306 2153 1320 2174 ,
1371 2112 1657 2164 ἁπόστολοί
1687 2128 1746 2164 τε

169 2200 514 2269 ὁμοθυμαδὸν
547 2199 921 2270 συγχορεύειν,
971 2201 1266 2272 προφητῶν
1296 2201 1505 2270 ὅμιλος,
1537 2201 1746 2272 μαρτύ-

170 2309 276 2361 ρων
338 2293 550 2361 στίφος,
590 2292 816 2345 δικαίων
869 2292 1127 2348 ἁπάντων
1172 2295 1465 2365 ὁμήγυρις.
1516 2287 1586 2364 ᾯ
1639 2294 1747 2366 γὰρ

166 2382 414 2452 τροπαίῳ
459 2382 906 2453 χριστομομήτως
965 2384 1301 2455 κατίσχυσαν
1348 2386 1448 2455 τῆς
1501 2386 1746 2438 ἀντικει⁹

171 2473 336 2544 μένης
376 2475 663 2543 δυνάμεως
688 2512 702 2536 ,
741 2474 895 2538 κλέος
945 2475 1197 2546 οὐράνιον
1249 2475 1746 2546 καταστρεψάμενοι,

169 2565 283 2627 πῶς
316 2567 392 2636 μὴ
422 2566 543 2635 οὐχὶ
587 2566 682 2617 καὶ
709 2566 802 2618 ἐπὶ
844 2569 911 2636 τῇ
947 2567 1140 2620 τούτου
1183 2568 1453 2638 ἐμφανείᾳ.
1485 2567 1748 2639 πρόσεστι

173 2657 691 2729 συνευφραίνεσθαις
727 2658 954 2712 Δοκοῦσί
991 2678 1081 2730 μοι
1136 2661 1230 2714 καὶ
1289 2655 1489 2714 οἷστισι
1535 2660 1610 2732 μὴ
1661 2660 1749 2713 αῐ-

172 2747 380 2819 σθησις,
413 2746 740 2818 συνήδεσθαι
778 2750 952 2819 τάχα’
987 2749 1080 2820 γῆ,
1119 2750 1284 2819 φημὶ,
1313 2752 1347 2821 ή
1379 2752 1471 2803 τὸν
1502 2742 1748 2804 τοιοῦτον

172 2841 380 2912 καρπὸν
408 2835 498 2893 οἶα
529 2841 714 2911 μήτηρ
742 2843 806 2895 ὲκ
847 2842 1090 2911 λαγόνων
1134 2843 1428 2896 δεδωκυῖα·
1474 2842 1653 2896 πάντα
1681 2841 1751 2896 τά

175 2929 301 2995 ξύλα
321 2931 418 2985 τοῦ
447 2931 658 3002 δρυμοῦ
689 2933 764 2996 ὡς
797 2933 1085 3003 ὁμωνυμίᾳ
1111 2933 1399 3004 τιμώμενα
1424 2950 1439 2965 ·
1471 2935 1498 2986 6
1525 2933 1752 3003 ὰειλαμ-

174 3023 275 3096 πής
323 3025 504 3095 ἥλιος,
551 3025 816 3097 σελήνηή
857 3025 1198 3095 πολύφωτος,
1230 3027 1458 3098 ἀστέρες
1503 3027 1552 3080 οἱ
1611 3043 1752 3098 μαρ·

179 3118 482 3187 μαίροντες,
514 3116 680 3182 αὐτὸς
702 3119 729 3171 6
756 3118 983 3188 οὐρανὸς
1011 3119 1038 3170 ὁ
1068 3117 1241 3188 μέγας
1267 3113 1423 3183 οὗτος
1454 3118 1548 3172 καὶ
1587 3119 1750 3172 πολύ·
1777 3144 1823 3208 c

177 3225 436 3280 στροφοςο
476 3211 712 3282 ἐπείπερ
743 3212 948 3282 πᾶσαή
976 3211 1066 3266 διὰ.
1092 3211 1184 3266 τοῦ
1217 3212 1516 3284 σταυρικοῦ
1543 3212 1750 3276 πάθους

176 3300 305 3370 πρὸς
331 3301 394 3354 τὸ
414 3305 669 3373 κρεῖττον
697 3301 946 3373 ἄμειψις.

176 3406 383 3450 vastum
432 3397 569 3453 illud
603 3398 1014 3468 multarumque
1076 3400 1505 3455 conversionum
1577 3416 1822 3472 corpus;

179 3491 404 3546 mutatio
434 3494 728 3562 processit.

253 3585 678 3659 ’Λνακρουσάτω
724 3585 1013 3658 τοιγαροῦν
1047 3588 1212 3642 Δαδὶδ
1243 3587 1343 3660 τήν
1375 3589 1753 3662 πνευματικήν

182 3679 425 3751 κιθάραν,
464 3683 608 3753 ᾄδων
646 3683 832 3734 ἐκεῖνα
879 3682 1282 3752 εὐκαιρότατα·
1337 3684 1594 3752 ’Υψοῦτε
1637 3686 1754 3738 Κύ-

177 3787 303 3836 ριον
326 3772 434 3826 τὸν
462 3772 615 3827 Θεὸν
639 3770 808 3840 ἡμῶν
837 3772 937 3823 καὶ
970 3773 1371 3839 προσκυνεῖτε
1413 3774 1492 3838 τῷ
1525 3777 1755 3828 ὑποπο-

185 3858 282 3926 δίῳ
313 3860 432 3916 τῶν
479 3861 684 3916 ποδῶν
716 3861 925 3922 αὐτοῦ.
963 3861 1054 3915 ὅτι
1086 3861 1251 3931 ἅγιός
1285 3863 1435 3916 ἐστι.
1471 3863 1756 3934 Συνᾳδέτω

185 3952 271 4004 καὶ
324 3951 582 4024 Σολομὼν
633 3954 662 4006 6
719 3952 880 4023 σοφίᾳ
934 3954 1380 4024 ἀνυπέρϐλητος·
1433 3955 1756 4025 Εὑλογεῖτε

186 4041 365 4104 ξύλον
397 4048 473 4102 δι’
501 4043 575 4105 οὗ
608 4049 834 4117 γίνεται
861 4048 1143 4114 σωτηρία.
1187 4050 1436 4120 Σήμερον
1465 4048 1755 4119 τοιγαροῦν

186 4135 216 4203 ή
245 4135 541 4210 Ἐκκλησία
575 4133 756 4191 ὦπται
799 4137 1147 4206 παράδεισος,
1179 4139 1240 4192 τὸ
1286 4139 1442 4205 ξύλον
1483 4141 1582 4209 τῆς
1609 4139 1754 4209 ζωῆς

188 4228 241 4280 ὲν
267 4231 412 4302 μέσῳ
453 4232 830 4303 προφέρουσα,
864 4231 948 4300 ἐφ’
997 4225 1041 4300 ᾧ
1091 4232 1192 4285 οὐκ
1236 4233 1509 4304 ἀπατηλὸς
1546 4232 1755 4302 δαίμων

189 4323 401 4378 ἀπατῶν
426 4344 532 4378 που
565 4325 665 4397 τὴν
701 4322 868 4387 Εὕαν,
897 4323 1011 4378 ἀλλ’
1035 4326 1267 4395 ἄγγελος
1308 4327 1516 4398 Κυρίου
1551 4344 1754 4380 παντο-

191 4417 439 4485 κράτορος
469 4415 755 4487 περιέπων
780 4416 871 4467 τὸν
907 4416 1295 4487 ἐπερχόμενον.
1319 4418 1565 4489 Σήμερον
1591 4434 1755 4489 προσ-

191 4507 418 4559 κυνεῖται
463 4507 700 4578 σταυρὸς
729 4507 757 4558 6
805 4508 1090 4576 πανάγιος,
1124 4509 1220 4562 καὶ
1262 4509 1294 4578 ή
1343 4507 1585 4579 Χριστοῦ
1621 4510 1753 4564 ἀνά-

193 4608 367 4661 στασις
411 4597 848 4667 εὐαγγελίζεται.
885 4601 1129 4672 Σήμερον
1178 4603 1564 4670 προσκυνεῖται
1598 4599 1754 4665 ξύλον

191 4686 244 4739 τὺ
267 4687 634 4763 ζωοπάροχον,
673 4691 770 4745 καὶ
813 4692 842 4744 6
894 4692 1097 4763 κόσμος
1147 4691 1267 4755 ὅλος
1318 4691 1755 4763 ἀναζωπυρεῖται

193 4781 316 4849 πρὸς
367 4786 595 4842 αῐνεσιν.
655 4786 905 4856 Σήμερον
971 4788 1357 4856 προσκυνεῖται
1415 4785 1444 4838 ό
1485 4785 1754 4857 τριμερὴς

1849 557 2145 626 potentiam
2173 555 2426 617 habebat,
2454 552 2710 623 perdidit,
2735 551 3145 620 humanumque
3165 563 3336 619 genus
3355 565 3421 604 ex

1850 647 2063 718 tyranni
2092 646 2354 702 servitute
2391 643 2707 699 vindicavit.
2751 642 2986 713 Lignum
3027 639 3194 703 illud,
3227 639 3281 694 in
3312 654 3422 710 quo

1849 739 2114 795 Dominus
2140 778 2154 804 ,
2203 741 2462 808 tanquam
2496 734 2980 806 praestantissimus
3020 739 3292 804 pugnator
3318 771 3334 798 ,
3366 731 3419 785 in

1848 832 2035 902 praelio
2073 831 2330 886 manibus
2351 871 2366 896 ,
2399 829 2630 900 pedibus
2653 869 2666 893 ,
2712 827 3006 896 divinoque
3037 826 3205 880 latere
3232 823 3422 878 vulne-

1849 934 2001 979 ratus
2033 964 2048 988 ,
2099 923 2241 978 male
2281 921 2553 978 factorum
2608 920 2814 975 vibices
2853 917 3104 980 curavit,
3166 925 3419 970 naturam

1847 1017 2101 1072 videlicet
2132 1025 2375 1071 nostram
2414 1031 2443 1068 a
2472 1013 2786 1085 pernicioso
2817 1011 3055 1066 dracone
3087 1008 3418 1073 sauciatam;

1849 1117 1904 1164 et
1929 1119 1988 1164 ut
2015 1108 2220 1178 aliquid
2243 1122 2308 1163 ex
2341 1107 2542 1177 hymno
2571 1105 2853 1160 desumam
2882 1143 2897 1168 ,
2935 1101 3140 1172 lignum
3163 1098 3294 1153 illud
3315 1141 3330 1163 ,
3368 1098 3421 1152 in

1849 1216 1960 1271 quo
2031 1199 2351 1254 Dominicus
2423 1199 2647 1266 sanguis
2723 1195 2934 1249 stillans
3004 1190 3421 1262 insuperabilem

1849 1293 2101 1345 virtutem
2129 1291 2377 1353 instillat,
2397 1304 2504 1359 qua
2542 1291 2817 1343 daemones
2839 1294 3091 1352 uruntur,
3115 1292 3168 1339 et
3190 1282 3424 1338 mundus

1849 1383 2172 1438 illustratur.

1919 1469 2056 1536 Quis
2103 1470 2172 1525 de
2221 1477 2419 1524 castero
2465 1484 2572 1522 non
2603 1472 2890 1529 accurret,
2943 1473 3004 1520 ut
3042 1464 3148 1518 hoc
3199 1472 3425 1533 exopta-

1849 1562 2121 1618 tissimum
2169 1561 2542 1631 spectaculum
2595 1561 2874 1614 intueatur
2900 1559 2926 1612 .’
2972 1555 3108 1622 Quis
3136 1570 3244 1609 non
3277 1555 3423 1610 desi-

1852 1654 2066 1709 derabit
2096 1654 2318 1709 cmlesle
2377 1654 2480 1707 hoc
2530 1666 2748 1720 germen
2808 1648 3122 1719 amplecti?
3179 1645 3372 1701 Venite
3408 1688 3423 1713 ,

1853 1745 2279 1816 congregamini,
2311 1759 2502 1798 omnes
2534 1743 2707 1797 tribtts
2731 1749 2786 1796 et
2810 1741 3026 1811 linguze,
3061 1739 3241 1795 omnis
3269 1755 3422 1810 gens,

1850 1847 1904 1892 et
1932 1837 2111 1892 onmis
2138 1845 2268 1891 aetas
2289 1876 2304 1900 ,
2340 1835 2518 1890 omnis
2549 1833 2785 1906 dignitas
2812 1874 2829 1898 ,
2867 1831 3048 1887 omnis
3075 1839 3251 1886 status
3277 1869 3292 1894 ,
3327 1845 3422 1884 seu

1851 1929 2204 1984 sacerdotalis
2229 1967 2244 1992 ,
2282 1942 2376 1982 seu
2417 1927 2613 1998 regalis
2642 1966 2658 1992 ,
2696 1941 2791 1980 seu
2822 1925 3136 1994 imperans,
3167 1937 3262 1978 seu
3294 1922 3425 1976 sub-

1849 2021 2016 2075 ditus.
2069 2019 2204 2073 Cum
2237 2035 2267 2074 a
2296 2018 2405 2073 Deo
2439 2019 2632 2074 concio
2665 2018 2780 2072 btec
2807 2026 2863 2071 et
2899 2015 3189 2087 panegyris
3230 2024 3425 2069 coacta

1848 2111 1955 2174 sit,
2011 2109 2195 2164 videor
2231 2109 2366 2163 mihi
2416 2107 2600 2162 videre
2645 2108 2868 2177 angelos
2914 2106 3054 2162 laetis
3081 2103 3325 2158 vultibus
3358 2102 3425 2155 ad

1850 2203 1999 2257 hunc
2043 2212 2370 2258 conventum
2404 2214 2803 2269 approperare,
2859 2197 3246 2266 apostolosque
3293 2208 3428 2250 con-

1850 2294 2111 2350 cordibus
2178 2293 2378 2349 animis
2433 2292 2718 2354 collzetari,
2777 2290 3086 2359 gaudioqne
3155 2286 3423 2352 exsilire;

1848 2387 2101 2444 similiter
2165 2395 2220 2440 et
2273 2384 2658 2456 praphetarum
2707 2391 2951 2445 costum,
3021 2389 3076 2435 et
3127 2390 3424 2448 martyrum

1851 2479 2090 2543 turbam,
2124 2477 2486 2548 omniumque
2511 2477 2788 2547 iustorum
2817 2473 3246 2529 multitudinem.
3271 2468 3424 2536 Quo-

1853 2569 2014 2623 modo
2037 2568 2182 2623 enim
2220 2567 2337 2622 ﬁeri
2377 2575 2557 2636 potest
2591 2574 2650 2620 ut
2675 2565 2992 2620 ostensione
3020 2564 3140 2634 ejus
3173 2561 3423 2630 trophaai,

1851 2661 2050 2733 gaudio
2096 2675 2205 2714 non
2273 2660 2687 2729 compleantur.
2746 2673 2878 2728 quo,
2935 2658 3003 2712 ad
3064 2655 3425 2712 imitationem

1851 2752 2078 2817 Christi,
2117 2751 2460 2806 adversarias
2487 2759 2788 2820 potestates
2811 2749 3131 2805 devicerunt
3155 2789 3170 2812 ,
3220 2747 3429 2802 cmlesti

1852 2844 2025 2915 gloria
2074 2843 2360 2899 redimiti?
2402 2843 2669 2898 Videntur
2722 2843 2856 2897 mihi
2892 2851 2948 2898 et
2988 2842 3078 2896 illa
3116 2857 3238 2911 quae
3267 2857 3430 2896 sensu

1851 2943 2078 3001 carent,
2122 2935 2419 3005 voluptatis
2465 2950 2686 3006 quoque
2731 2949 2954 2990 sensum
3004 2933 3245 3005 aliquem
3299 2944 3427 3003 per-

1853 3027 2032 3097 cipere
2061 3069 2075 3094 ,
2128 3035 2272 3082 terra
2302 3067 2317 3092 ,
2358 3027 2583 3097 inquam
2611 3066 2626 3094 ,
2677 3041 2800 3097 qua:
2839 3026 3078 3081 fructum
3106 3025 3251 3080 hunc
3288 3024 3434 3080 velut

1853 3129 2026 3176 mater
2052 3134 2117 3175 ex
2149 3130 2307 3175 utero
2351 3121 2616 3191 protulit,
2667 3120 2852 3175 omnia
2887 3119 3031 3190 ligna
3067 3118 3333 3174 silvarum
3361 3117 3434 3172 ob

1857 3213 2240 3282 cognationem
2295 3213 2602 3278 honorata,
2660 3212 2739 3269 sol
2791 3213 3057 3284 perpetim
3099 3211 3432 3282 splendens,

1854 3306 1986 3361 luna
2034 3305 2276 3368 luciilua,
2341 3305 2510 3360 stellae
2569 3305 2883 3368 rutilantes,
2943 3304 3126 3374 ipsum
3181 3301 3429 3366 cmlum,

1855 3402 1984 3473 quia
2021 3416 2089 3456 ex
2151 3401 2406 3472 passione
2459 3399 2641 3455 crucis
2690 3397 2870 3454 omnis
2935 3396 2992 3452 in
3054 3394 3252 3451 melius
3278 3409 3430 3450 com-

1929 3590 2198 3659 Quocirca
2220 3591 2386 3648 David
2404 3591 2742 3660 spiritualem
2762 3606 2916 3647 suam
2941 3589 3209 3646 citharam
3235 3589 3432 3660 pulset,

1857 3687 2152 3742 admodum
2219 3697 2528 3757 opportune
2597 3686 2690 3740 illa
2763 3685 3114 3741 concinens:
3182 3682 3436 3737 Exaltate

1860 3773 2142 3827 Dominum
2201 3773 2369 3827 Deum
2425 3783 2666 3827 nostrum
2699 3813 2715 3838 ,
2774 3782 2822 3828 et
2867 3774 3090 3828 adorate
3145 3773 3435 3828 scabellum

1856 3867 2046 3936 pedum
2105 3867 2261 3936 ejus,
2316 3867 2570 3937 quoniam
2631 3876 2848 3921 sanctus
2889 3875 2966 3920 est
3019 3867 3060 3921 ¹.
3108 3866 3338 3921 Accinat
3382 3878 3436 3921 et

1858 3958 2299 4031 sapientissimus
2339 3959 2599 4013 Salomon
2655 3975 2669 4011 ι
2722 3956 3024 4011 Benedicite
3056 3957 3295 4028 lignum,
3344 3973 3436 4025 per

1856 4047 1996 4118 quod
2040 4048 2100 4116 ﬁt
2153 4051 2299 4102 salus
2327 4049 2368 4103 ¹.
2413 4049 2712 4118 Eapropter
2766 4047 2927 4102 hodie
2987 4047 3247 4103 Ecclesiae
3277 4063 3436 4118 para-

1856 4139 2009 4195 disus
2040 4154 2160 4194 esse
2194 4139 2426 4204 videtur,
2448 4139 2652 4209 lignum
2676 4140 2799 4193 vitae
2835 4139 2890 4193 in
2914 4139 3095 4194 medio
3124 4138 3430 4210 proterens.

1856 4232 1910 4287 in
1963 4248 2073 4303 quo
2127 4232 2382 4302 deceptor
2428 4230 2637 4286 daemon
2715 4246 2824 4285 non
2886 4230 3106 4297 residet,
3155 4229 3321 4284 Evam
3378 4231 3430 4283 in

1856 4323 2103 4378 fraudem
2159 4322 2483 4393 impellens,
2542 4322 2634 4376 sed
2707 4321 2931 4391 angelus
2983 4321 3194 4375 Domini
3249 4321 3431 4375 omni-

1857 4416 2094 4486 potentis
2116 4417 2209 4486 qui
2238 4415 2596 4486 prodeuntem
2620 4429 2838 4468 crucem
2866 4413 3146 4468 defensam
3188 4423 3427 4483 praestat.

1857 4508 2029 4564 Hodie
2061 4524 2196 4563 crux
2248 4507 2595 4565 sanctissima
2640 4507 2931 4574 adoratur,
2988 4515 3042 4561 et
3099 4506 3431 4561 resurrectio

1855 4603 2055 4660 Christi
2083 4601 2460 4656 annuntiatur.
2515 4599 2688 4656 Hodie
2717 4600 2974 4654 adoratur
3028 4599 3232 4668 lignum
3282 4599 3429 4668 quod

1855 4694 2023 4748 vitam
2076 4693 2433 4763 suppeditat,
2505 4700 2765 4762 totusque
2821 4692 3062 4746 mundus
3107 4691 3174 4746 ad
3240 4690 3430 4745 laudes

1855 4784 2243 4838 exsuscitatur.
2293 4781 2467 4838 Hodie
2509 4783 2776 4852 tripartita
2837 4798 2974 4838 crux
3029 4783 3328 4848 adoratur,
3377 4790 3430 4834 et

195 4874 429 4944 σταυρὸς,
459 4878 558 4930 καὶ
587 4875 659 4928 τὰ
702 4875 1084 4947 τετραπέρατα
1123 4876 1373 4947 ἑορτάζει
1405 4878 1746 4948 χαρμόσυνα.

1855 4883 2088 4946 quatuor
2113 4876 2246 4930 ﬁnes
2266 4874 2415 4930 orbis
2437 4876 2578 4931 diem
2614 4874 2808 4929 festum
2834 4875 3031 4930 ltetitiac
3052 4874 3428 4944 plenissimum

202 4958 291 5029 Ὦς
315 4967 532 5036 ὡραῖοι,
568 4970 757 5038 φησὶν,
789 4971 843 5021 οἱ
865 4969 1045 5035 πόδες
1069 4967 1186 5022 τῶν
1215 4967 1756 5039 εὐαγγελιζομένων

194 5053 445 5125 ειρήνην,
473 5057 597 5113 τῶν
629 5057 1174 5128 εὐαγγελιζομένων
1204 5059 1277 5113 τὰ
1303 5059 1539 5130 ἀγαθάί
1592 5059 1757 5113 Ἀλλὰ

195 5143 292 5216 γὰρ
345 5152 606 5223 μακάριοι
641 5150 738 5202 καὶ
794 5152 846 5203 oi
906 5151 1193 5222 ὀφθαλμοὶ,
1231 5152 1446 5221 εἴποιμι
1502 5152 1591 5219 ἂν,
1648 5152 1755 5206 τῶν

199 5234 484 5302 βλεπόντων
517 5243 579 5296 τὸ
606 5242 710 5312 τῆς
735 5242 960 5314 εἰρήνης
987 5243 1080 5297 τοῦ
1117 5243 1317 5308 παντὸς
1340 5245 1626 5316 τρόπαιον,
1657 5245 1756 5297 καὶ

197 5327 255 5380 τὰ
281 5333 426 5404 χείλη
448 5335 558 5390 τῶν
584 5335 1123 5407 προσπτυσσομένων
1143 5335 1203 5389 τὸ
1229 5336 1575 5408 ὐπεράγαθον
1593 5337 1754 5390 τοῦτο

200 5417 442 5494 σύνθεμα.
466 5427 740 5497 ’Δφθονος
769 5429 801 5497 ή
824 5428 982 5498 χάρις
1005 5428 1174 5484 ἅπασι
1201 5429 1485 5500 πρόκειται
1503 5431 1749 5496 άένναος,

198 5508 230 5578 ἦ
258 5516 422 5590 κρήνη
453 5519 733 5590 άγιασμδν
759 5519 1101 5590 πηγάζουσα,
1129 5521 1320 5577 οὐδένα
1351 5523 1603 5595 οὐδαμῶς
1625 5523 1754 5576 ἀπο-

201 5607 430 5681 σειομένη
477 5613 540 5665 ὲκ
601 5609 862 5680 δαψιλοῦς
904 5609 1278 5682 άγαθότητος,
1327 5613 1463 5667 ἀλλὰ
1513 5613 1607 5666 καὶ
1659 5612 1752 5665 τὸν

1854 4977 2042 5038 agunt.
2064 4967 2237 5034 Quam
2264 4967 2512 5036 speciosi,
2537 4967 2731 5037 inquit,
2757 4965 2908 5036 pedes
2953 4966 3429 5037 cvangelizantinm

1852 5077 2056 5132 pacem,
2111 5060 2590 5132 evangelisantium
2643 5060 2779 5114 bona
2834 5060 2897 5114 ’ί
2940 5061 3104 5130 Atqui
3142 5069 3195 5114 et
3237 5060 3428 5116 beatos

1855 5156 2258 5228 praedicaverim
2311 5153 2436 5210 illos
2474 5155 2662 5210 oculos
2728 5153 2822 5223 qui
2899 5153 3051 5224 pacis
3095 5153 3258 5223 hujus
3304 5155 3427 5208 uni-

1857 5248 2126 5304 versitatis
2161 5246 2462 5316 trophazum
2493 5244 2883 5315 conspicantur
2910 5285 2924 5309 ,
2955 5245 3112 5300 beata
3140 5244 3230 5299 illa
3262 5245 3426 5299 etiam

1861 5341 2043 5404 labia,
2101 5356 2222 5410 qua:
2268 5338 2827 5408 prazcellentissimum
2883 5339 2984 5392 hoc
3040 5338 3252 5408 signum
3296 5352 3428 5390 exo-

1861 5431 2164 5489 sculantur.
2216 5428 2448 5500 Copiosa
2491 5429 2664 5499 gratia
2704 5429 2959 5483 omnibus
3011 5420 3288 5497 proposita
3321 5435 3424 5481 est.

1859 5524 2122 5581 Perennis
2168 5521 2325 5587 fons,
2357 5535 2422 5575 ex
2471 5535 2579 5590 quo
2613 5517 2971 5575 sanctiﬁcatio
3018 5525 3279 5583 emanat;
3330 5530 3426 5571 nec

1860 5629 2189 5688 quemquam
2222 5612 2291 5668 ab
2321 5611 2422 5667 hac
2453 5619 2563 5668 tam
2595 5611 2744 5683 larga
2777 5611 3024 5667 ubertate
3052 5608 3263 5681 repellit
3285 5651 3300 5676 ,
3333 5607 3423 5666 sed

263 5768 279 5801 ¹
312 5767 446 5829 Psal.
481 5790 677 5838 xcvm,
711 5774 763 5828 5.
842 5776 860 5805 ²
890 5774 1015 5846 Sap.
1054 5791 1162 5844 xiv,
1190 5777 1242 5830 7.
1323 5778 1341 5810 ³
1382 5777 1542 5833 Rom.
1575 5794 1624 5844 ς,
1663 5779 1754 5844 15;

1855 5794 2022 5846 n.1,“,
2059 5777 2129 5842 7;
2162 5773 2297 5830 Nah.
2330 5789 2368 5840 ι,
2398 5773 2483 5830 l5.
