4000 6306
582 290 686 352 695

1796 316 1858 376 s.
1896 316 2287 381 THEODORI
2335 328 2680 409 STUDlT/E

3699 340 3805 403 696

579 414 636 459 ct
696 421 888 475 purum
936 424 1045 477 jam
1111 428 1386 485 puriorem
1438 424 1655 492 reddit,
1715 445 1987 503 eumque,
2039 438 2130 506 qui

579 496 899 523 ﬂ-..:-:....--_
957 506 1115 523 --μμ-
1477 518 1487 523 -

2239 447 2558 515 ἡγνισμένον
2599 453 3051 523 ὲπικαθαίρουσα,
3099 453 3207 508 τῶν
3252 471 3311 506 τε
3347 451 3804 522 κεκηλιδωμένων

577 496 901 567 flagitiorum
953 506 1204 564 sordibus
1254 518 1656 575 contaminatus
1717 533 1798 578 est
1832 496 1872 592 ,-
1909 496 2086 596 expiat
2115 570 2131 595 ,

580 590 872 658 superbum
914 603 968 648 et
999 598 1198 652 elatum
1230 606 1525 672 contrahit,
1558 626 1776 682 segnem
1811 590 2135 688 tardumque

579 680 745 774 corde
782 681 1019 751 excitat;
1051 688 1397 760 dissolutum,
1437 680 1733 770 disciplima
1779 705 1908 774 jugo
1938 680 2136 762 astrin-

575 766 695 868 git,
730 771 1063 868 Idurumque
1106 789 1159 834 et
1214 766 2135 868 inﬂexibilem—mollit;siquidem

576 855 794 961 aliquis,
820 865 962 919 votis
985 868 1108 924 vitae
1125 869 1179 926 in
1201 875 1393 932 melius
1415 884 1812 941 commutandae
1835 855 2135 961 conceptis,

577 946 816 1038 accedat,
846 967 945 1007 nec
975 958 1251 1025 audacter,
1280 978 1379 1019 nec
1413 981 1728 1038 arroganter
1755 975 1955 1032 divinis
1988 946 2137 1035 hisce

580 1033 741 1092 rebus
767 1043 1110 1115 propinquet;
1136 1065 1256 1105 cum
1283 1069 1412 1110 crux
1439 1033 1700 1126 pudentes
1724 1075 1777 1119 et
1801 1069 2137 1126 verecundos

575 1137 752 1195 amet;
784 1147 878 1189 eos
920 1148 1096 1194 autem
1122 1183 1137 1208 ,
1169 1146 1366 1212 quibus
1417 1154 1672 1208 contrarii
1729 1172 1906 1214 mores
1933 1199 1947 1228 ,
1978 1177 2134 1231 quam

577 1233 808 1276 maxume
836 1237 1133 1288 aversetur.

651 1309 763 1367 Hoc
812 1316 1083 1375 vivificum
1143 1322 1347 1394 lignum
1392 1333 1566 1388 oculis
1619 1347 1937 1406 usurpatum
1967 1341 2137 1395 medi-

576 1399 760 1499 cinam
785 1403 911 1462 fecit
942 1409 1027 1476 ei,
1083 1416 1174 1482 qui
1203 1431 1266 1470 ex
1307 1419 1500 1476 intuitu
1551 1399 1877 1483 blandientis
1923 1431 2051 1499 ligni
2083 1433 2136 1485 in

577 1492 828 1558 paradiso
873 1501 1029 1567 quasi
1065 1501 1374 1562 incantatus
1426 1510 1564 1575 fuit,
1609 1518 1872 1585 aspectui.
1910 1492 2138 1584 Quando

576 1579 782 1672 lignum
816 1585 916 1642 hoc
955 1590 1112 1648 labiis
1139 1605 1192 1648 et
1217 1599 1390 1655 oculis
1413 1579 1772 1672 applicam-us,
1812 1623 1840 1662 a
1872 1579 2136 1666 mortiferi

579 1671 707 1741 ligni
757 1687 967 1745 gustatu
1017 1691 1068 1736 et
1120 1696 1372 1744 contactu
1415 1695 1700 1751 confestim
1742 1698 2056 1757 liberamur.
2093 1703 2136 1758 Ο

579 1765 1005 1859 magnitudinem
1041 1774 1191 1841 doni,
1220 1782 1366 1849 quod
1401 1800 1544 1838 nunc
1578 1790 1790 1856 publice
1823 1797 2049 1859 prostat!
2089 1794 2133 1849 Ο
2169 1769 2207 1823 Β

577 1861 658 1905 ter
704 1853 914 1912 felicem
949 1861 1373 1926 beatitudinem!
1410 1853 1703 1947 Prius—per
1733 1853 1932 1950 lignum
1971 1884 2137 1939 inter-

574 1947 762 2044 empti,
797 1964 941 2006 nunc
977 1969 1072 2022 per
1109 1957 1312 2028 lignum
1359 1965 1523 2021 vitam
1574 1972 1894 2040 reperimus;
1926 1977 2074 2044 prius
2105 1994 2134 2031 a

574 2032 745 2137 ligno"
777 2039 1024 2112 decepti,
1097 2060 1454 2110 veteratorem
1517 2070 1820 2130 serpentem
1884 2032 1940 2118 in
1994 2068 2136 2137 ligno

577 2126 893 2193 repulimus.
925 2133 1086 2191 Novae
1115 2150 1166 2194 et
1193 2146 1458 2212 pergrinae
1486 2150 1729 2217 profecto
1758 2160 2138 2212 commutatio-

574 2230 687 2270 nes.
719 2218 823 2274 Pro
871 2235 1044 2282 morte
1090 2230 1248 2286 datur
1276 2236 1403 2300 vita,
1430 2254 1528 2307 pro
1558 2246 1907 2314 corruptione
1945 2249 2127 2303 incor-

573 2309 772 2411 ruptio,
817 2329 914 2383 pro
967 2319 1231 2380 dedecore
1282 2329 1474 2394 gloria.
1525 2331 1645 2389 Non
1684 2309 1781 2393 abs
1803 2355 1861 2393 re
1892 2356 2019 2411 ergo
2044 2359 2136 2396 cx-

570 2398 825 2458 clamavit
887 2421 1107 2466 sanctus
1161 2415 1501 2485 Apostolus:
1560 2425 1697 2480 Mihi
1760 2398 2135 2486 autemvabsit

567 2493 813 2561 gloriari,
843 2501 947 2554 nisi
971 2503 1024 2556 in
1053 2521 1203 2563 cruce
1258 2510 1470 2567 Domini
1529 2521 1699 2572 nostri
1747 2521 1878 2576 Jcsu
1917 2524 2133 2591 Christi,

568 2600 659 2650 per
689 2604 839 2654 quem
873 2595 1000 2647 mihi
1034 2601 1256 2654 mundus
1290 2607 1576 2674 cruciﬁxus
1616 2622 1691 2663 est
1716 2653 1728 2677 ,
1778 2623 1826 2666 et
1865 2631 1956 2684 ego
1989 2634 2137 2671 mun-

569 2677 636 2727 do
655 2676 676 2708 ⁸
698 2678 874 2737 ?Nam
903 2699 1116 2745 summa
1143 2691 1228 2747 illa
1249 2695 1530 2768 sapientia,
1553 2715 1673 2771 qua:
1691 2676 1756 2759 ex

569 2770 821 2872 etllriruit,
858 2780 1146 2838 mundana:
1176 2787 1453 2856 sapientiae
1487 2770 1805 2862 jactantiam
1862 2811 1912 2855 et
1943 2770 2133 2872 super-

569 2861 751 2918 cilium
778 2868 1021 2926 stultitiae
1046 2875 1336 2947 redarguit.
1384 2861 1680 2954 Omnigena
1722 2889 1983 2946 bonorum
2011 2861 2136 2963 spe-

570 2967 702 3015 etes,
738 2970 858 3025 quae
884 2971 950 3014 ex
979 2976 1140 3018 cruce
1170 2970 1402 3036 exstitit,
1437 2975 1723 3033 malitiaeet
1749 2982 1999 3050 nequitiae
2017 3000 2135 3050 ger-

572 3043 716 3098 mina
771 3053 1092 3118 amputavit.
1159 3055 1331 3125 Hujus
1377 3062 1507 3131 ligni
1556 3067 1740 3136 figura:
1787 3043 2050 3128 duntaxat
2081 3085 2126 3129 et
2160 3096 2202 3151 ς

570 3139 1126 3212 prtesignillcationes,
1181 3147 1292 3216 jam
1343 3152 1468 3207 inde
1526 3157 1595 3208 ab
1659 3159 1884 3213 exordio
1946 3165 2131 3217 mumli

573 3243 751 3282 rerum
801 3232 1034 3286 maxime
1094 3236 1423 3294 mirabilium
1480 3254 1644 3299 notae.
1682 3244 1906 3303 fuerunt
1957 3261 2009 3304 et
2054 3251 2135 3305 in-

568 3317 736 3373 dices.

640 3406 773 3462 Vide
824 3411 968 3467 enim
1030 3415 1278 3487 quisquis
1326 3421 1532 3476 sciendi
1590 3424 1862 3481 desiderio
1910 3431 2128 3487 teneris.

569 3497 760 3555 Nonne
792 3502 905 3557 Noe
955 3506 1152 3578 exiguo
1191 3511 1337 3580 ligno
1368 3528 1489 3567 cum
1529 3516 1651 3571 [iliis
1672 3528 1725 3571 et
1764 3522 2049 3585 uxoribus,
2080 3531 2134 3575 et

571 3607 694 3646 cum
724 3596 903 3650 omnis
945 3602 1155 3667 generis
1199 3604 1526 3661 animalibus
1563 3609 1749 3662 diluvii
1777 3613 2000 3667 exitium
2051 3615 2133 3667 di-

571 3682 700 3738 vino
727 3684 944 3741 decreto
969 3689 1192 3760 effugit?
1223 3693 1412 3748 Nonne
1457 3695 1624 3751 Jacob
1655 3701 1848 3767 positis
1880 3703 1933 3756 in
1974 3719 2133 3757 caua-

573 3773 711 3828 libus
739 3774 921 3844 lignis,
950 3779 1203 3838 detractis
1251 3786 1400 3853 prius
1439 3790 1751 3857 corticibus,
1781 3808 1843 3847 eo
1871 3805 2131 3864 tempore,

572 3879 682 3931 quo
729 3869 1089 3925 ascendebant
1136 3889 1286 3936 oves,
1346 3885 1486 3931 totos
1533 3895 1719 3950 greges
1780 3899 1971 3955 magna
2018 3901 2134 3939 om-

572 3957 722 4008 nium
781 3959 1141 4016 admiratione
1204 3980 1334 4022 suos
1380 3967 1555 4023 fecit?
1611 3971 1747 4036 Quid
1803 3989 1932 4027 vero
1986 3977 2133 4045 virga

571 4045 792 4116 Joseph,
825 4049 982 4118 cujus
1008 4049 1278 4122 fastigium
1311 4057 1620 4125 patriarcha
1658 4058 1826 4115 Jacob
1864 4063 2132 4131 adoravit,

573 4138 716 4191 aliud
756 4148 838 4194 est
877 4157 1037 4210 quam
1087 4147 1392 4212 symbolum
1432 4150 1552 4215 ejus
1603 4151 1746 4219 quod
1772 4168 1913 4207 nunc
1942 4155 2135 4210 adora-

575 4245 661 4282 rur
689 4231 882 4285 vivifici
919 4234 1098 4303 ligni?
1133 4236 1272 4301 Quid
1311 4255 1438 4294 vero
1472 4256 1661 4295 rursus
1704 4243 1854 4312 virga
1907 4243 2136 4314 Moysis?

575 4320 766 4378 Nonne
833 4326 1004 4395 figura
1054 4330 1269 4383 crucis?
1332 4348 1477 4385 nunc
1530 4334 1743 4403 quidem
1820 4353 2015 4404 aquam
2079 4337 2130 4390 iu

2241 541 2530 611 μολυσμῶν
2561 545 3010 608 ὰπαλλάττουσα,
3063 547 3154 598 τὸν
3196 545 3540 617 ὑπεραύχενα
3578 543 3804 598 συστέλ-

2239 629 2420 693 λουσα,
2449 633 2543 683 καὶ
2576 634 2666 686 τὸν
2695 633 3090 705 νωθροκάρδιον
3133 635 3497 704 διεγείρουσα,
3527 633 3621 686 τὸν
3662 648 3804 702 παρ-

2239 720 2450 790 ειμένον
2479 725 2802 794 σφίγγουσα,
2837 727 2931 780 καὶ
2965 727 3053 780 τὸν
3087 727 3398 799 ἀτεράμονα
3433 724 3801 795 μαλάττουσα,

2238 813 2398 882 εῐπερ
2425 813 2652 876 ἕκαστος
2709 814 2933 883 ὲγγύαις
2971 817 3090 878 ταῖς
3138 815 3275 886 πρὸς
3302 815 3362 867 τὸ
3409 815 3656 884 κρεῖττον
3704 813 3802 880 τὴν

2240 904 2594 971 προσέλευσιν
2636 907 2932 976 ποιήσοιτο,
2971 907 3106 959 ἀλλὰ
3144 907 3218 977 μὴ
3260 904 3550 975 τολμηρῶς
3578 905 3675 956 καὶ
3701 904 3802 956 αὑ·-

2239 995 2417 1059 θαδῶς
2440 1000 2551 1060 τοῖς
2575 997 2739 1061 θείοις
2767 997 3219 1067 προσπελάσειεν,
3250 998 3480 1064 ἐπείπερ
3503 995 3628 1056 τοὺς
3647 995 3802 1063 αἰδή-

2242 1104 2408 1156 μονας
2434 1083 2539 1140 οἶδε
2562 1089 2900 1159 προσίεσθαι,
2925 1088 3363 1160 ἀποστρέφεσθαι
3384 1087 3429 1140 δ’
3447 1088 3537 1140 ’ὅτι
3567 1087 3801 1158 μάλιστα

2240 1181 2362 1241 τοὺς
2390 1179 2562 1243 άλλως
2594 1180 2839 1250 ἔχοντας.

2311 1359 2481 1412 Τοῦτο
2519 1360 2578 1412 τὸ
2616 1358 2876 1422 ζωοποιδν
2931 1358 3084 1423 ξύλον
3128 1358 3403 1428 ὁρώμενον
3456 1358 3554 1427 τὴν
3585 1359 3649 1410 ὲκ
3701 1358 3802 1426 τῆς

2239 1451 2329 1505 τοῦ
2390 1450 2672 1504 θελκτικοῦ
2742 1450 2898 1514 ξύλου
2965 1449 3348 1521 προσϐλέψεως
3411 1449 3802 1517 γοητευθεῑσαν

2237 1545 2392 1615 ἡμῶν
2442 1544 2500 1593 ὲν
2530 1541 2840 1612 παραδείσῳ
2878 1541 3064 1594 ίάσατο
3114 1542 3341 1610 ὃρασινο
3380 1540 3538 1593 τοῦτο
3563 1541 3622 1592 τὸ
3661 1543 3804 1605 ζωο-

2241 1635 2390 1687 ποιὸν
2422 1633 2575 1697 ξύλον
2636 1633 3075 1703 προσαπτόμενοι
3119 1630 3323 1701 χείλεσί
3352 1647 3411 1682 τε
3454 1630 3539 1683 καὶ
3585 1631 3799 1699 δμμασι

2237 1727 2332 1794 τῆς
2358 1726 2648 1794 γευστικῆς
2681 1723 2775 1777 τοῦ
2823 1723 3199 1794 θανατηφόρου
3256 1722 3414 1788 ξύλου
3463 1723 3803 1775 ἀπαλλαττό-

2242 1817 2377 1887 μεθα
2412 1815 2825 1885 προσ-ψαύσεως.
2879 1816 2940 1866 Ὠ
2995 1816 3091 1884 τῆς
3143 1814 3512 1883 προκειμένης
3565 1813 3802 1883 μεγαλο-

2237 1909 2480 1977 δωρεᾶςί
2518 1907 2561 1960 ὣ
2597 1911 2691 1976 τῆς
2723 1906 3030 1976 τρισολϐίου
3056 1906 3485 1975 μακαριότητοςι
3520 1904 3710 1973 ἐπειδὴ
3741 1903 3803 1956 τὸ

2238 2002 2366 2070 πρὶν
2405 2000 2493 2052 διὰ
2535 1998 2692 2062 ξύλου
2730 1998 3176 2068 τεθανατώμεοα,
3208 1998 3265 2049 ὲν
3298 1997 3440 2064 ξύλῳ
3475 1995 3571 2067 τὴν
3600 1995 3804 2048 ἀθανα-

2238 2092 2356 2146 σίαν
2385 2089 2664 2160 εύράμεθοι
2689 2106 2701 2119 ’
2729 2090 2832 2142 ὑπὸ
2866 2090 3022 2153 ξύλου
3062 2088 3552 2157 κατασοφισθέντες
3581 2087 3642 2139 τὸ
3667 2087 3803 2155 πρό-

2236 2198 2412 2250 τερον,
2455 2183 2511 2233 ὲν
2540 2179 2681 2249 ξύλῳ
2730 2180 2820 2231 τὸν
2855 2178 3113 2247 σοφιστὴν
3144 2178 3264 2246 ὅφιν
3314 2175 3798 2246 ἁπεκρουσάμεθα.

2235 2273 2335 2324 Τά.
2371 2271 2794 2340 ἀνταλλάγματα
2832 2270 2992 2336 ξέναι
3032 2270 3175 2322 Ἀντὶ
3217 2268 3442 2321 θανάτου
3485 2267 3630 2336 ζωὴ,
3681 2268 3802 2319 ἀντὶ

2236 2363 2441 2434 φθοράς
2491 2363 2802 2434 ἀφθαρσία,
2852 2363 2965 2414 ἀντ’
3017 2361 3247 2423 ὀνείδους
3294 2360 3459 2425 δόξαι
3514 2360 3802 2429 Εύκαίρως

2235 2455 2326 2511 οὖν
2353 2459 2380 2509 ὁ
2413 2457 2551 2526 ἱερὸς
2579 2455 2901 2515 Ἀπόστολος
2945 2452 3202 2522 βεϐὁηκεν
3228 2469 3242 2482 ο
3288 2452 3443 2518 Ἐμοί
3480 2450 3548 2501 δὲ
3586 2451 3671 2518 μὴ
3702 2451 3802 2519 γέ..

2237 2565 2397 2602 νοιτο
2424 2546 2783 2613 καυχᾶσθαι,
2805 2546 2856 2596 εὶ
2886 2542 2970 2611 μὴ
3001 2543 3070 2596 ἐν
3089 2537 3163 2609 τῷ
3183 2539 3420 2607 σταυρῷ
3445 2540 3550 2592 τοῦ
3577 2542 3803 2606 Κῳίου

2237 2636 2406 2708 ἡμῶν
2438 2633 2639 2702 Ἰησοῦ
2665 2633 2942 2700 Χριστοῦ,
2973 2631 3047 2684 δι’
3077 2627 3146 2686 οὗ
3174 2631 3300 2700 ἐμοὶ
3333 2631 3561 2698 κόσμος
3581 2629 3801 2683 ἐσταύ-

1790 2719 1952 2761 cruce
1979 2712 2135 2778 quasi

2239 2744 2434 2797 ρωτιιι,
2469 2727 2630 2796 κάγὼ
2665 2726 2742 2791 τῷ
2789 2727 3014 2793 κόσμῳ.
3064 2725 3154 2776 Ἐν
3185 2721 3297 2792 γὰρ
3323 2721 3538 2793 σταυρῷ
3562 2721 3595 2786 ή
3631 2720 3803 2790 ὑπέρ-

2239 2836 2399 2885 σοφος
2425 2819 2582 2886 σοφία
2613 2818 2973 2886 ὲξανθήσασα,
3000 2818 3067 2868 τὰ
3109 2817 3403 2884 αὐχήματα
3448 2812 3544 2866 τοῦ
3594 2813 3803 2879 κόσμου

2239 2913 2426 2980 σοφίας
2454 2909 2733 2980 ὲμὼρωιεν
2757 2925 2769 2938 ·
2794 2911 2850 2962 ὲν
2886 2907 3107 2978 σταυρῷ
3132 2908 3330 2969 παντὸς
3355 2906 3564 2976 εἶδησις
3591 2900 3802 2972 ἀγαθοῦ

2237 3005 2727 3074 καρποφορήσασα,
2768 3001 2834 3054 τὰ
2874 3001 2970 3071 τῆς
2997 3000 3196 3063 κακίας
3232 2999 3585 3070 βλαστήματα
3631 2996 3803 3061 ἀπεξ-

2235 3099 2415 3165 έτεμε.
2435 3095 2637 3148 Τούτου
2667 3093 2760 3145 τοῦ
2791 3091 2946 3156 ξύλου
2981 3091 3071 3144 καὶ
3097 3089 3258 3143 τύποι
3303 3089 3461 3159 μόνον
3483 3087 3804 3160 θαυμασίων

2239 3190 2374 3242 εἰσὶν
2403 3185 2461 3251 ἐξ
2490 3185 2685 3246 αἰῶνος
2706 3186 2786 3237 ὅτι
2819 3185 3053 3254 μάλιστα
3081 3183 3459 3253 γνωρίσματα.

2309 3429 2449 3499 Ὅρα
2483 3427 2610 3497 γὰρ,
2643 3427 2669 3479 ὁ
2697 3424 3034 3494 φιλομαθήςὶ
3071 3423 3205 3492 Οὒχὶ
3255 3422 3396 3492 ξύλῳ
3441 3422 3625 3493 μικρῷ
3673 3422 3801 3475 Νῶε

2241 3520 2335 3571 σὺν
2382 3519 2518 3570 υἱέσι
2567 3517 2660 3568 καὶ
2702 3513 2939 3582 γυναιξὶ,
2975 3513 3112 3582 πρὸς
3160 3511 3214 3563 δὲ
3266 3512 3425 3563 παντὶ
3453 3510 3602 3578 γένει
3649 3510 3806 3574 ζώων

2240 3609 2623 3678 κατακλυσμοῦ
2667 3608 2885 3677 ὄλεθρον
2925 3604 3220 3674 θεοκρίτως
3257 3603 3632 3670 ὲκπέφευγεν;
3680 3601 3808 3670 οὐχὶ

2241 3702 2416 3765 ξύλοις
2465 3701 2775 3770 παρέθηκεν
2815 3697 3008 3751 Ἰακὼϐ
3068 3695 3538 3764 ὲκλελεπισμένοις
3588 3695 3647 3746 ὲν
3690 3694 3807 3756 τοῖς

2211 3793 2435 3862 ληνοῖς,
2485 3792 2624 3844 κατὰ
2675 3791 2771 3861 τὴν
2805 3788 3048 3852 ὲπίτεξιν
3092 3785 3199 3837 τῶν
3235 3784 3565 3855 θρεμμάτων
3611 3784 3806 3836 τεθαυ-

2242 3883 2534 3953 μάσμένως
2576 3882 2654 3944 είς
2686 3881 2876 3933 ἑαυτὸν
2919 3878 3271 3948 ἀπηγάγετος
3321 3875 3373 3927 τί
3418 3875 3496 3940 δὲ,
3534 3878 3566 3946 ἡ
3612 3875 3810 3945 ῥάϐδος

2253 3977 2474 4043 Ἰωσὴφ,
2502 3968 2568 4045 ἦς
2628 3972 3035 4043 προσεκύνησεν
3091 3970 3187 4022 ἐπὶ
3220 3967 3278 4020 τὸ
3322 3967 3488 4036 ἄκρον
3540 3966 3740 4020 Ἰακὼϐ
3779 3969 3809 4018 ὀ

2242 4066 2604 4134 πατριάρχης,
2637 4065 2852 4124 πάντως
2885 4079 2937 4114 τι
2992 4059 3122 4112 ἄλλο
3165 4058 3197 4128 ἢ
3254 4056 3525 4124 σύμϐολον
3567 4057 3662 4110 τοῦ
3710 4056 3810 4110 νῦν

2241 4156 2717 4228 προσκυνουμένου
2764 4152 2888 4222 παρ’
2924 4153 3057 4220 ἡμῖν
3105 4146 3370 4212 ζωοποιοῦ
3419 4147 3701 4214 ξύλου;τί
3748 4149 3806 4202 δὲ

2241 4252 2401 4303 πάλιν
2433 4251 2465 4319 ἡ
2492 4239 2594 4300 τού
2607 4246 2849 4307 Μωσέως
2883 4242 3073 4312 ῥάϐδος
3097 4259 3111 4307 ;
3138 4241 3196 4295 οὐ
3235 4240 3404 4303 τύπος
3431 4239 3700 4310 σταυροῦς
3728 4239 3806 4309 πῆ

2247 4341 2344 4409 μὲν
2374 4339 2433 4390 τὸ
2461 4333 2601 4409 ὕδωρ
2647 4337 2727 4396 είς
2779 4327 2918 4402 αἷμα
2957 4331 3390 4401 μεταϐάλλουσα,
3435 4330 3509 4397 πῆ
3570 4327 3627 4382 δὲ
3677 4330 3807 4390 τοὺς

573 4416 891 4486 sanguinem
949 4427 1342 4483 transmutans,
1391 4439 1536 4477 nunc
1589 4425 1809 4479 tictitios
1859 4439 2134 4494 serpentes

2239 4429 2618 4500 ψευδωνύμους
2661 4426 2812 4496 ὄφεις
2842 4424 2972 4476 τῶν-
2987 4423 3255 4476 ὲπαοιδῶν
3297 4419 3679 4482 κατεσθίουσα,
3712 4421 3815 4473 καὶ

571 4523 850 4578 magorum
909 4509 1215 4576 devorans,
1262 4514 1424 4567 modo
1481 4515 1590 4567 ictu
1649 4525 1702 4570 et
1752 4516 1986 4585 impulsu
2037 4536 2136 4575 suo

575 4612 723 4652 mare
766 4598 1031 4661 dividens,
1081 4602 1191 4670 jam
1250 4618 1413 4658 cursu
1460 4620 1723 4660 converso
1753 4611 1919 4663 maris
1959 4611 2132 4666 undas

573 4690 857 4757 reducens,
913 4693 1202 4764 hostesque
1249 4696 1640 4767 ’submergcns;
1694 4714 1788 4752 eos
1840 4716 1991 4764 vero,
2047 4703 2138 4772 qui

574 4780 846 4846 legitimus
909 4783 1138 4850 populus
1195 4792 1354 4848 erat,
1409 4800 1760 4840 conservans.
1829 4785 1977 4844 Talis
2036 4789 2140 4845 fuit

571 4871 732 4924 etiam
786 4873 934 4940 virga
987 4874 1276 4940 Aaronica,
1332 4881 1510 4931 crucis
1574 4879 1763 4947 figura,
1812 4881 2000 4934 eodem
2051 4882 2139 4936 die

573 4959 955 5026 frondescens,
1032 4963 1442 5033 legitimumque
1516 4969 1854 5022 sacerdotem
1910 4970 2135 5025 demou-

570 5061 771 5107 strans.
796 5053 1117 5122 Quanquam
1146 5055 1362 5124 longum
1396 5058 1558 5113 nimis
1607 5058 1824 5124 faciam,
1866 5062 1909 5116 si
1945 5078 2136 5118 omnes

570 5144 748 5196 crucis
777 5145 1313 5213 praesignificationes
1346 5147 1399 5200 in
1428 5165 1591 5202 unum
1637 5152 1942 5207 conducere
1972 5155 2132 5208 nitar.

573 5233 719 5288 llanc
748 5236 888 5289 enim
930 5237 1257 5306 pmnotavit
1287 5238 1583 5303 Abraham,
1619 5259 1738 5296 cum
1777 5244 1945 5298 filium
1978 5247 2135 5301 colli-

568 5332 751 5390 gatum
802 5325 1068 5395 lignorum
1118 5329 1252 5382 strui
1302 5330 1582 5399 imposuit.
1634 5331 1788 5387 Hanc
1832 5335 2138 5405 designavit

565 5416 755 5480 Jacob,
787 5434 910 5472 cum
955 5419 1205 5475 manibus
1233 5422 1552 5490 permutatis
1585 5424 1707 5477 filiis
1746 5423 1942 5496 Josepb
1974 5428 2137 5481 bene-

568 5513 856 5567 dictionem
898 5515 1175 5584 impertiit.
1208 5517 1471 5587 Agedum,
1515 5519 1685 5584 ipsmn
1734 5536 1952 5590 quoque
1989 5521 2135 5592 Moy—

569 5620 662 5659 sen
723 5604 947 5672 ﬁguram
1006 5609 1184 5664 crucis
1233 5610 1467 5675 habeto,
1522 5611 1613 5678 qni
1652 5613 1967 5667 extensione
2021 5630 2134 5668 ma-

693 5714 864 5770 Calal.
899 5735 971 5784 vi,
1004 5720 1084 5772 14.

2241 4527 2364 4595 ἄρτι
2399 4523 2494 4592 μὲν
2526 4519 2830 4590 κρούσματι
2859 4515 2955 4585 τὴν
2983 4515 3256 4568 θάλασσαν
3287 4512 3724 4584 τέμνουσα,άρτι
3753 4512 3808 4566 δὲ

2242 4610 2672 4684 ὲπιστρεπτικῶς
2698 4608 2795 4678 τὴν
2824 4608 2996 4679 ὑγρὰν
3025 4607 3388 4671 συνάπτουσα,
3425 4606 3518 4658 καὶ
3545 4604 3672 4668 τοὺς
3710 4605 3809 4674 μὲν

2240 4701 2524 4770 δυσμενεῖς
2566 4696 3072 4760 καταποντίζουσα,
3116 4697 3242 4757 τοὺς
3298 4695 3355 4747 δὲ
3411 4693 3807 4764 γνησιεύοντας

2240 4791 2600 4854 διασώζουσα.
2652 4786 2887 4856 Τοιαύτη
2943 4787 3037 4840 καὶ
3094 4788 3126 4857 ἠ
3189 4787 3519 4858 Ἀαρωνῆτις
3572 4786 3807 4857 ῥάβδος,

2240 4883 2529 4944 ἀντίτυπος
2555 4879 2809 4952 σταυροῦ,
2850 4878 3160 4949 αύθήμερον
3199 4877 3567 4947 ὲξανθήσασα,
3594 4876 3692 4930 καὶ
3718 4876 3809 4929 τὸν

2240 4976 2462 5044 γνήσιον
2519 4973 2618 5042 τῆς
2655 4971 2954 5042 ἱερωσύνης
3000 4969 3344 5034 ὑποδείξασα.
3377 4967 3552 5034 Καίγε
3594 4984 3810 5038 μακρο-

2240 5068 2390 5119 επείν
2448 5063 2681 5133 δόξαιμι,
2726 5065 2973 5131 συνάγων
3005 5061 3098 5114 τοῦ
3144 5058 3438 5131 σταυρικοῦ
3483 5059 3658 5112 τύπου
3707 5059 3810 5121 τὰς

2241 5156 2526 5227 ἐμφάσεις.
2559 5155 2728 5208 Τοῦτο
2768 5155 2886 5224 μὲν,
2947 5153 3109 5223 ἡνίκα
3159 5150 3411 5223 Ἀϐραάμ
3458 5150 3811 5221 συμποδήσας

2253 5249 2440 5302 Ἰσαὰκ
2472 5248 2562 5300 τὸν
2589 5247 2702 5298 υίὸν
2740 5245 2924 5310 αὑτοῦ,
2955 5244 3224 5318 ἐπέθηκεν
3263 5243 3428 5297 αὑτὸν
3460 5243 3647 5295 ἐπάνω
3703 5242 3815 5295 τῶν

2242 5339 2412 5403 ξύλων
2432 5355 2445 5368 ·
2472 5338 2628 5390 τοῦτο
2655 5337 2731 5400 δὲ,
2755 5336 2956 5388 ὁπόταν
2988 5334 3201 5400 Ἰακὼϐ,
3235 5332 3473 5400 εὐλογῶν
3500 5333 3629 5396 τοὺς
3664 5332 3812 5395 υἱοὺς

2251 5430 2469 5501 Ἰωσὴφ,
2491 5427 2719 5492 ἐναλλὰξ
2743 5427 2839 5490 τὰς
2870 5429 3057 5497 χεῖρας
3089 5424 3620 5497 μετεσχηματίσατο.
3643 5423 3813 5494 Δεῦρό

2244 5539 2331 5591 μοι
2362 5521 2491 5575 λάϐε
2515 5520 2606 5572 καὶ
2630 5519 2791 5572 αὑτὸν
2816 5518 2878 5589 δὴ
2910 5518 3146 5572 Μωῦσέα
3175 5519 3240 5587 τῇ
3270 5516 3381 5568 τῶν
3415 5514 3619 5587 χειρῶν
3650 5515 3809 5569 ἐκτά-

2242 5631 2321 5665 σει
2357 5613 2447 5666 τὸν
2487 5610 2731 5682 ’Λμαλὴκ
2782 5612 3168 5682 τροπούμενον.
3210 5609 3346 5680 Φέρε
3397 5609 3493 5679 δὴ,
3532 5609 3668 5681 φέρε
3715 5607 3810 5664 καὶ
