4000 6306
243 273 354 338 697

230 385 332 436 τὸν
373 385 650 446 Ἑλισσαιὲ
687 397 944 457 καθιέντα
976 407 1061 475 ἐφ’
1097 408 1238 482 ὕδωρ
1288 415 1348 467 τὸ
1375 416 1553 487 ξύλον,

233 474 457 545 σίδηρον
483 481 548 534 ἐκ
569 481 767 552 βάθους
793 474 1106 550 ἀνέλκοντα.
1125 474 1324 556 Τούτου
1346 474 1409 576 δη
1431 474 1804 569 τοῦ

235 565 401 636 μόνον
430 570 487 624 ἐν
515 576 581 645 τῇ
608 576 822 651 Παλαιᾷ
850 585 1114 659 Διαθήκῃ,
1144 591 1277 646 ἀλλὰ
1311 565 1409 650 καί
1433 600 1491 652 ὲν
1520 605 1586 674 τῇ
1625 565 1806 678 χάριτι

233 663 411 719 πολλά
443 667 513 723 τὰ
539 672 803 743 τεράστια
820 693 834 708 ·
858 681 918 732 ὲν
951 682 1128 749 νίκαις
1150 687 1215 760 δὴ
1249 663 1658 768 βαρϐάρων,”ἐ;
1676 663 1807 775 έρα-

234 757 396 825 σμοῖς
450 760 745 854 ξαιμόνων,
779 769 838 824 ὲν
893 757 1455 854 ἀπαλλαγαίς-νόσων,
1489 757 1560 845 έν⁷
1602 757 1806 854 ἅπασιν

228 845 417 912 ἄλλοις
442 842 519 904 ὧν
547 854 647 909 οὐκ
677 856 792 914 ἔστι
813 861 912 932 τῆς
951 842 1311 942 ἀναμνήσέως
1341 842 1592 950 ἀριθμός.

314 1111 477 1185 Ὁρᾷς
507 1118 603 1190 ὅση
631 1120 860 1194 δύναμις
891 1127 950 1181 ἐν
987 1129 1066 1200 τῷ
1109 1132 1265 1205 τύπῳ
1302 1138 1397 1193 τοῦ
1440 1147 1675 1217 σταυροῦ
1699 1189 1714 1211 ,
1755 1145 1800 1205 ὦ

231 1198 507 1273 βέ).τιστε;
556 1211 618 1263 Εἰ
649 1215 705 1265 δὲ
737 1215 897 1288 δεῦρο
928 1198 1185 1294 τοσαύτη,
1220 1198 1358 1302 πόση
1389 1232 1434 1285 δ’
1477 1234 1544 1288 ἂν
1582 1198 1714 1294 ,ενῖέν
1740 1198 1799 1296 ἐζ

227 1292 306 1360 τῷ
330 1296 486 1368 τύπῳ
529 1301 623 1355 τοῦ
677 1306 1095 1380 ὲσταυρωμένου
1152 1292 1424 1390 Χριστόῦ;
1475 1326 1633 1399 δῆλον
1666 1292 1797 1405 γάξρ,

1203 1384 1215 1390 -
1412 1384 1422 1390 -
1527 1384 1536 1399 Ι
1675 1384 1797 1405 1“ι’⁷

225 1384 307 1437 ὃτι
359 1389 484 1442 καθ’
524 1393 646 1447 ὅσον
700 1404 1115 1478 προφερέστερα
1159 1412 1226 1464 τὰ
1265 1419 1616 1486 πρωτότυπα,
1660 1428 1800 1482 κατὰ

221 1475 475 1533 τοσοῦτον
512 1484 606 1536 καὶ
635 1487 704 1541 τά
731 1475 1515 1579 παράγωγανπρούργιαίτερα.
1550 1475 1794 1584 καί

224 1568 409 1636 φησὶν,
448 1574 506 1626 ὲν
561 1580 672 1641 τοῖς
732 1568 1151 1658 προειρημένοις
1186 1568 1583 1670 ύπ-οδεδήλωται
1627 1568 1796 1674 τύπᾶξ

222 1655 460 1726 Χριστοῦ
481 1703 495 1726 ,
524 1667 761 1722 συνιέναι
785 1655 1151 1742 ζητῶίΑύτοὶ
1173 1682 1252 1747 δὲ,
1285 1655 1447 1757 φημὶ,
1480 1655 1544 1745 οίῗ

210 2113 478 2186 ληπτέον,
513 2130 1009 2197 συνεκφαινομένου
1057 2133 1285 2207 θατέρου
1332 2143 1500 2198 τύπου
1548 2147 1781 2221 θατέρῳ.

222 2208 361 2262 Ἀλλ’
402 2213 536 2278 ἐκεῖ,
593 2221 789 2286 φησὶν,
850 2220 1092 2296 ἔμψυχος
1140 2230 1168 2280 ό
1211 2232 1399 2297 τύπος.
1443 2238 1508 2290 Τί
1554 2239 1611 2294 δὲ
1657 2208 1785 2316 τζερι

205 2299 416 2371 ἀψύχου
449 2321 528 2358 σοι
552 2308 580 2359 ό
609 2308 764 2377 λόγος
784 2329 797 2375 ;
819 2312 941 2366 Ὅτι
972 2319 1106 2372 κάπὶ
1132 2322 1223 2375 τοῦ
1261 2334 1555 2400 σταυρικοῦ
1584 2335 1782 2404 τύπου,

204 2390 332 2444 ὅταν
365 2394 570 2466 ἄψυχον
603 2398 664 2450 τὸ
692 2402 987 2472 ὁρώμενον,
1009 2409 1094 2477 ἐφ’
1127 2412 1155 2465 ὃ
1186 2415 1282 2468 καὶ
1312 2390 1440 2488 περὶ
1467 2421 1495 2474 ὁ
1525 2423 1586 2477 τὸ
1615 2390 1780 2498 τερόιἐ

205 2500 373 2549 στιον,
400 2488 547 2558 ὅμως
573 2493 973 2561 παραπλησίως
1000 2505 1065 2571 τῇ
1097 2511 1432 2578 σταυροειδεῖ
1455 2516 1622 2568 εἰκόνι
1650 2535 1779 2572 συν-

201 2580 595 2652 εκφαινομένῃ,
619 2581 676 2633 έν
705 2600 763 2636 τε
805 2587 1070 2660 ἐμψύχοις
1111 2596 1202 2648 καὶ
1231 2600 1458 2670 ἀψύχοις
1489 2605 1520 2676 ἡ
1563 2625 1780 2680 χριστο-

199 2668 347 2736 ειδης
376 2671 541 2724 είκὼν
568 2683 953 2747 τερατουργείν
983 2682 1194 2751 εἴωθεν,
1223 2689 1297 2754 ὡς
1327 2694 1383 2745 ἑν
1413 2697 1547 2768 αὐτῇ
1579 2700 1778 2771 ιχουσα

197 2760 297 2826 τήν
332 2779 392 2814 τε
433 2765 648 2835 μορφὴν
683 2769 774 2820 καὶ
803 2771 864 2823 τὸ
892 2768 1031 2839 εἶδος
1056 2779 1149 2832 τοῦ
1179 2784 1509 2853 ἀρχετύπου,
1536 2793 1627 2846 καὶ
1650 2811 1773 2848 τοσ-

195 2850 358 2904 οῦτον
407 2857 766 2930 ταυτιζομένη
820 2865 883 2934 τῇ
925 2882 984 2917 τε
1043 2873 1176 2942 τιμῇ
1222 2877 1314 2927 καὶ
1363 2887 1772 2955 προσκυνήσει,

193 2943 318 2997 ὅσον
349 2948 443 3000 καὶ⁵
473 2951 617 3002 κατὰ
637 2950 896 3026 τοῦνομα,
930 2962 1092 3015 παντί
1123 2981 1226 3018 που
1256 2967 1432 3038 δῆλον.
1465 2974 1576 3028 Καὶ
1599 2977 1774 3031 ταῦτα

193 3040 239 3089 εἰ
268 3041 363 3092 καὶ
390 3042 963 3120 παρεκὸαλικὼτερον,
992 3054 1106 3106 ἀλλ’
1139 3055 1288 3125 ὅμως
1318 3063 1398 3125 είς
1427 3062 1649 3137 ἔλεγχον
1680 3070 1772 3124 καὶ

189 3223 400 3292 πούσης
445 3225 505 3277 τὸ
560 3228 663 3295 τῆς
717 3233 763 3282 οἱ

185 3410 569 3478 πρωτότυπον,
612 3419 769 3489 εἴπερ
818 3419 1020 3491 θάτερα
1052 3426 1159 3481 τῶν
1194 3428 1330 3499 ἅμα,
1360 3437 1456 3487 καὶ⁵
1484 3436 1592 3492 τῶν
1626 3441 1762 3510 πρός

184 3517 232 3553 τι
263 3505 378 3567 τοῖς
402 3506 530 3560 νοῦν
556 3507 792 3578 ἔχουσιν.

182 3601 504 3654 mentientia:
546 3612 601 3655 et
646 3602 1068 3671 dispensationis
1111 3610 1316 3670 Christi
1367 3621 1580 3677 evertit.
1643 3623 1777 3682 Nam
1847 3633 1941 3701 qui

2298 3697 2326 3709 υ
2501 3697 2514 3708 ,
2580 3697 2619 3699 ,_
2993 3697 3042 3704 --
3096 3697 3438 3725 ,-....-.,,......

899 3697 1022 3768 illis,
1090 3721 1212 3774 quae
1280 3709 1347 3762 ad
1411 3726 1470 3767 se
1527 3724 1713 3773 mutuo
1775 3697 2122 3794 referuntur,
2189 3739 2249 3784 ut
2313 3743 2557 3801 norunt,
2622 3738 2715 3806 qui
2776 3748 3008 3797 mentem
3069 3759 3175 3798 non
3237 3749 3438 3806 amise-

182 3689 363 3755 tollit;
413 3702 539 3746 sunt
583 3693 726 3748 enim
777 3712 841 3751 ex

179 3789 329 3838 runt.

258 3876 387 3930 Ἐπὶ
436 3875 495 3928 δὲ
540 3876 632 3931 τὸν
673 3881 908 3953 σταυρὸν
940 3885 1176 3954 ἐπιτέον,
1221 3893 1317 3946 καὶ
1360 3895 1522 3950 οἱονεὶ
1561 3900 1753 3971 ἐντρυ-

177 3969 379 4041 φητέον
407 3971 474 4040 τῇ
499 3969 602 4040 τῆς
621 3971 782 4041 ἁγίας
810 3980 1180 4049 προσηγορίας
1198 3982 1472 4059 διατριϐῇ.
1491 3969 1751 4064 Σταυρὸς,

176 4061 477 4132 χρημάτων
504 4063 764 4119 ἁπάντων
787 4067 977 4139 χρῆμα
1012 4071 1466 4150 πολυτιμότερον·
1498 4061 1751 4156 σταυρὸς,

174 4154 524 4224 Χριστιανῶν
604 4159 1014 4226 ἀσφαλέστατον
1077 4169 1460 4238 καταφύγιον·
1501 4177 1752 4248 σταυρὸς,

173 4246 412 4318 Χριστοῦ
443 4247 707 4320 μαθητῶν
736 4251 1099 4322 ἐλαφρότατον
1125 4259 1457 4330 έπωμάδιον·
1489 4246 1751 4337 σταυρὸς,

172 4338 607 4407 τετρυχωμένων
645 4340 833 4410 ψυχῶν
877 4345 1224 4415 παραμύθιον
1262 4351 1747 4427 ιεύπαρηγόρητον⁹

1133 301 1415 366 ORATIO
1436 306 1517 370 ΙΙ.
1549 335 1618 349 ·-
1648 313 1729 375 ΙΝ
1762 317 2311 391 ADORATIONEM
2351 334 2642 399 CRUCIS-

1593 427 1684 525 καὶ
1715 427 1804 533 τὸν
1836 437 1882 492 Α
1911 450 2075 491 nuum
2108 440 2435 503 Amalecitas
2459 450 2516 504 in
2551 452 2733 524 fugam
2765 463 2942 518 vertit.
2976 465 3216 538 Agedum
3268 485 3320 531 et
3376 481 3487 533 Ell-

1915 537 2082 580 saaum
2163 532 2344 603 accipe
2419 537 2789 600 demittentem
2857 552 2910 606 in
2971 532 3168 626 aq'uam
3256 565 3484 635 lignum,

1913 613 2228 687 ferrumque
2267 640 2331 678 ex
2365 629 2636 695 profundo
2658 613 3040 703 attrahentem:
3095 613 3485 727 Hujus—figura;

1913 723 2020 764 non
2050 713 2210 768 modo
2246 716 2298 771 in
2347 717 2520 776 Veteri
2571 724 2939 803 Testamento,
2997 742 3093 796 sed
3146 713 3200 800 et
3260 749 3310 803 in
3338 713 3484 821 “lege

1911 802 2099 871 gratiae
2146 807 2312 862 multa
2355 826 2652 882 suppetunt
2703 802 2995 894 mirabilia,
3051 833 3104 887 in
3138 837 3382 894 victoriis
3411 802 3479 896 de

1911 890 2158 952 barbaris
2204 899 2408 967 relatis,
2467 905 2522 960 in
2584 907 2864 981 fugandis'
2905 890 3268 990 daemonibus,
3290 890 3480 988 inid;-

1909 981 2157 1080 pulsione
2205 991 2543 1061 morborum,
2580 998 2634 1053 in
2663 1002 2914 1070 plurimis
2943 1011 3089 1079 aliis,
3117 981 3477 1092 quat'sigilla-

1911 1068 2005 1123 tim
2047 1087 2368 1141 percensere
2399 1068 2678 1144 inﬁnitum
2695 1093 2785 1148 sit.

1977 1160 2160 1272 fides,
2191 1169 2533 1243 charissime,
2565 1193 2768 1250 quanta
2807 1188 2863 1244 in
2894 1191 3050 1263 signo
3075 1199 3256 1256 crucis
3284 1213 3475 1272 poten-

1907 1250 2027 1306 tia?
2052 1255 2124 1310 At
2149 1259 2194 1313 si
2241 1260 2331 1317 hic
2369 1272 2540 1335 tanta,
2582 1285 2786 1342 quanta
2829 1250 3022 1339 eritvin
3055 1295 3184 1358 typo
3213 1250 3475 1352 crucifixi

1905 1342 2145 1402 Christi!
2201 1350 2556 1424 Perspicuum
2613 1378 2848 1436 namque
2894 1381 2998 1437 est,
3051 1342 3256 1444 quanto
3297 1385 3476 1439 excel-

1906 1433 2133 1494 lentiora
2181 1453 2310 1498 sunt
2359 1459 2666 1524 prototypa,
2711 1433 2861 1514 tanto
2887 1433 3470 1536 etiam-praestantiora

1902 1538 2025 1581 esse
2068 1542 2153 1593 ea,
2203 1548 2326 1602 qua:
2366 1538 2431 1591 ad
2477 1552 2760 1616 prototypa
2814 1558 3254 1620 repraesentanda
3317 1560 3472 1618 insti-

1906 1623 2154 1676 tuuntttr.
2192 1625 2257 1680 Et
2306 1629 2448 1697 quis,
2491 1634 2689 1690 dixerit
2754 1638 2894 1696 forte
2938 1645 3232 1716 quispiam,
3285 1657 3466 1722 typum

1901 1707 2102 1768 Christi
2177 1721 2449 1786 praedictis
2521 1730 2853 1798 temporibus
2917 1707 3127 1807 gessit?
3201 1707 3465 1812 Equidem

2305 1994 2506 2066 Moysis
2539 2017 2756 2057 crucem
2794 2012 3194 2084 prreﬁgurabat,
3235 2021 3316 2076 sic
3346 2021 3464 2088 ipse

1886 2071 2098 2144 Moyses
2126 2078 2350 2146 figuram
2381 2087 2598 2152 gerebat
2626 2071 2807 2147 Christ
2817 2095 2853 2153 i.
2887 2071 2979 2165 qui
3013 2071 3458 2171 inspectabilem

1884 2164 2102 2222 Amalec
2143 2169 2197 2224 in
2235 2170 2418 2242 fugam
2450 2179 2703 2248 conjecit,
2736 2184 2864 2241 licet
2895 2164 3015 2246 aliis
3053 2194 3239 2251 itidem
3271 2214 3455 2256 exem-

1880 2255 1984 2325 plis
2038 2258 2089 2313 id
2117 2264 2323 2318 ostendi
2381 2279 2564 2336 queat,
2597 2274 2764 2331 altera
2817 2278 2970 2348 juxta
3023 2283 3251 2341 alteram
3283 2293 3455 2358 posita

1880 2359 1933 2404 et
1979 2350 2318 2412 elucescente
2360 2360 2551 2430 ﬁgura.
2610 2364 2679 2419 At
2717 2367 2812 2434 ibi,
2863 2372 3088 2442 obiiciat
3135 2380 3281 2448 quis,
3328 2383 3450 2438 viva

1881 2443 2202 2514 spiransque
2226 2447 2392 2519 figura
2427 2465 2530 2509 est.
2559 2455 2669 2511 Cur
2703 2461 2870 2531 igitur
2906 2474 2959 2520 tu
2992 2467 3060 2521 de
3097 2443 3324 2528 inanimi
3368 2475 3452 2530 Io-

1879 2537 2106 2604 queris?
2151 2539 2274 2595 lden
2329 2545 2395 2600 de
2435 2546 2534 2603 hac
2572 2550 2787 2620 loquor,
2843 2558 2972 2624 quia
3014 2562 3178 2616 etiam
3234 2568 3289 2618 iu
3326 2577 3454 2638 typo

1877 2629 2078 2695 crucis,
2132 2635 2350 2700 quando
2405 2638 2456 2692 id
2520 2644 2664 2711 quod
2713 2649 2976 2714 cernitur,
3032 2663 3088 2708 et
3137 2655 3190 2710 in
3240 2629 3454 2726 queret

1875 2715 2018 2770 circa
2062 2720 2208 2789 quod
2257 2724 2504 2782 mirabile
2565 2731 2822 2800 quiddam
2874 2747 3139 2805 patratur,
3177 2715 3284 2799 vita
3329 2715 3450 2800 ani-

1875 2823 2075 2880 maque
2103 2822 2272 2881 caret,
2307 2816 2485 2889 imago
2523 2822 2590 2876 ad
2631 2822 2838 2883 Christi
2881 2830 3300 2892 similitudinem
3334 2839 3445 2894 elli-

1873 2907 1980 2964 cta,
2004 2901 2255 2960 similiter
2279 2916 2338 2962 ut
2359 2911 2541 2968 crucis
2574 2914 2771 2987 imago,
2805 2933 2924 2989 qua:
2961 2929 3084 2994 typo
3119 2926 3211 2981 illo
3239 2944 3446 2998 reprze-

1872 2999 2139 3059 senlatur,
2185 3010 2348 3066 opera
2382 3000 2702 3059 admiranda
2750 3021 3065 3079 perpetrare
3097 3016 3260 3082 solet,
3292 3019 3442 3074 velut

1873 3095 1956 3146 ea,
1989 3097 2111 3152 qua:
2151 3085 2203 3139 in
2243 3103 2302 3142 se
2336 3092 2572 3159 speciem
2621 3103 2676 3150 et
2708 3095 2935 3154 formam
2971 3106 3239 3176 prototypi
3269 3110 3448 3165 conti-

1868 3447 2119 3515 deantur,
2154 3453 2332 3510 valent
2378 3457 2730 3516 nihilominus
2776 3466 3167 3538 redarguenda:
3195 3480 3251 3526 et
3280 3473 3442 3528 refel-

1868 3539 2038 3596 lenda;
2111 3543 2591 3604 ieonomaehorum
2642 3552 2880 3621 haeresi,
2940 3573 3060 3627 quas
3119 3563 3441 3631 mysterium

1992 3635 2128 3689 tollit
2186 3638 2514 3709 imaginem,
2579 3644 2625 3699 is
2682 3646 2940 3702 nimirum
2988 3660 3043 3704 et
3096 3662 3441 3725 prototypum

1933 3906 2042 3962 Sed
2099 3925 2243 3965 nunc
2288 3911 2355 3965 ad
2404 3926 2619 3967 crucem
2668 3914 3006 3971 redeundum
3050 3929 3169 3984 est,
3211 3921 3435 3992 ejusque

1860 4002 2143 4069 praeconiis
2165 4005 2547 4070 percensendis
2574 4021 2678 4060 non
2706 4007 2824 4062 sine
2852 4010 3218 4068 oblectatione
3241 4015 3437 4072 immo-

1857 4092 2107 4146 randum.
2167 4093 2314 4149 Crux
2356 4098 2601 4166 pecuniis
2654 4100 2911 4158 omnibus
2964 4106 3195 4174 pecunia
3231 4109 3436 4176 pretio-

1851 4184 1983 4237 sior.
2033 4183 2183 4240 Crux
2231 4187 2668 4246 Christianorum
2725 4195 3058 4251 tutissimum
3093 4199 3432 4270 perfugium.

1850 4277 1997 4333 Crux
2022 4278 2412 4350 discipulorum
2461 4284 2663 4341 Christi
2693 4286 3030 4344 levissimum
3059 4307 3202 4346 unus
3237 4293 3427 4349 hume-

1851 4367 1925 4420 ris
1959 4366 2294 4437 impositutn.
2328 4369 2472 4424 Crux
2507 4372 2830 4430 afﬂictarum
2866 4379 3130 4433 mentium
3177 4382 3430 4438 dulcissi-

179 4427 438 4498 σταυρὸς,
463 4428 565 4497 τῆς
609 4432 690 4494 είς
723 4433 953 4506 οὐρανὸν
986 4439 1210 4508 πορείας
1237 4442 1548 4517 όδευτήριον
1581 4451 1750 4521 άνεμ-
1784 4465 1787 4494 t

1873 4471 1942 4510 na
1992 4427 2316 4514 consolatio.
2368 4458 2516 4515 Crux
2561 4464 2659 4517 viae
2693 4466 2746 4519 in
2781 4467 2981 4521 caelum
3030 4468 3244 4525 ductrix
3276 4510 3292 4536 ,
3337 4474 3426 4527 cui

174 4520 446 4575 πόδιστον.
481 4522 726 4593 Σταυροῦ
777 4527 964 4592 στάσις
1006 4529 1103 4584 καὶ
1142 4529 1320 4606 εὖρος,
1353 4537 1450 4594 τοῦ
1494 4540 1745 4611 οὐρανίου

171 4610 372 4683 κήτους
403 4613 946 4687 περιληπτικώτερον
979 4617 1270 4695 διάμετρον
1293 4643 1306 4657 ·
1351 4610 1587 4702 σταυροῦ
1621 4634 1745 4688 σθέ-

169 4721 257 4770 νος
287 4705 385 4761 καὶ
422 4706 647 4779 κράτος,
691 4707 912 4780 ῦλεθρον
943 4711 1123 4783 πάσης
1169 4717 1550 4799 ἀντικειμένης
1584 4722 1744 4779 δυνά-

170 4814 344 4866 μεως·
379 4796 616 4869 σταυροῦ
644 4798 785 4865 εἶδος
815 4802 910 4856 καὶ
940 4803 1146 4875 σχῆμα,
1191 4796 1411 4863 πάντων
1443 4816 1746 4883 σχημάτων

168 4888 667 4961 εὐσχημονέστερον
692 4891 911 4962 ὅραμαο
956 4896 1188 4966 σταυροῦ
1219 4898 1368 4969 βολὶς
1416 4905 1509 4956 καὶ
1539 4905 1743 4978 ἔλλαμ‹

168 4980 276 5047 ψις,
307 4981 458 5052 ἡλίου
492 4981 879 5055 λαμπρότερον
906 4986 1112 5059 ἔξαλμα
1137 5006 1151 5021 ⁸
1184 4993 1420 5064 σταυροῦ
1454 4997 1613 5068 χάρις
1645 5002 1742 5054 καὶ

168 5071 310 5140 δόξα,
345 5075 592 5145 χαρίτων
627 5075 858 5131 ἁπασῶν
887 5081 1240 5154 χαριέστερον
1266 5085 1497 5158 δώρημα
1522 5105 1536 5118 ⁸
1581 5107 1742 5144 σταυ-

172 5160 277 5227 ρὸς,
299 5162 534 5233 ούρανοῦ
569 5165 666 5219 καὶ
696 5165 800 5250 γῆς
822 5169 1310 5243 είρηνοϐράϐευτον
1345 5182 1735 5250 συναπτήριον.

170 5249 400 5325 Σταυροῦ
429 5253 676 5325 τοῦνομα
696 5248 1003 5328 ’ἁγιασμὸς,
1036 5263 1116 5316 ὅτι
1162 5255 1400 5334 μάλιστα
1445 5271 1537 5323 καὶ
1562 5248 1738 5340 γλώσ-

171 5361 281 5412 σαις
305 5349 663 5422 λαλούμενον,
688 5353 784 5406 καὶ
810 5354 1001 5420 ἀκοαῖς
1035 5359 1474 5432 ἀκουτιζόμενον.
1511 5366 1737 5439 Σταυρῷ

169 5443 488 5513 νενέκρωται
511 5443 770 5509 θάνατος,
811 5449 904 5501 καὶ
933 5450 1103 5523 Ἀδὰμ
1139 5453 1505 5526 ὲζωοποίηται
1526 5475 1539 5489 ο
1572 5477 1731 5514 σταυ-

169 5525 238 5597 ρῷ
275 5530 623 5603 κεκαύχηται
653 5533 760 5596 πᾶς
789 5535 1102 5604 ἀπόστολος,
1132 5546 1226 5595 καὶ
1260 5525 1472 5614 μάρτυς
1500 5549 1733 5617 ἐστεφά-

166 5637 336 5684 νωται.
370 5624 468 5676 καὶ
496 5623 742 5677 ὠσίωται
784 5626 956 5692 ὃσιος’
991 5633 1206 5705 σταυρῷ
1245 5636 1481 5707 Χριστὸν
1524 5639 1733 5694 ἐνδεδύ-

163 5711 310 5780 μεθα,
329 5717 420 5769 καὶ
451 5716 548 5771 τὸν
574 5714 803 5771 παλαιὸν
831 5719 1111 5791 ἄνθρωπον
1131 5727 1499 5798 ἀποτιθέμεοα
1523 5747 1534 5761 ⁶
1569 5750 1730 5786 σταυ-

1852 4547 2059 4602 nullum
2109 4548 2558 4619 impedimentum
2602 4555 2764 4625 objici
2798 4567 2994 4626 potest.
3029 4560 3220 4617 Crucis
3244 4571 3427 4618 status

1849 4649 1902 4694 et
1929 4639 2159 4696 latitudo
2193 4644 2429 4700 caelestis
2459 4648 2589 4710 ceti,
2618 4651 2870 4718 capacior
2915 4653 3196 4711 diameter.
3229 4657 3429 4714 Crucis

1848 4729 2017 4786 robur
2062 4741 2118 4788 et
2154 4736 2414 4803 potentia,
2467 4737 2692 4792 exitium
2732 4743 2912 4798 omnis
2960 4744 3290 4802 adversariae
3326 4763 3425 4817 po-

1849 4825 2082 4881 testatis.
2116 4825 2309 4882 Crucis
2355 4827 2521 4897 ﬁgura
2578 4841 2633 4885 et
2686 4835 2899 4903 species
2947 4839 3200 4894 omnibus
3232 4840 3424 4910 ﬁguris

1847 4925 2090 4985 spectatn
2125 4920 2467 4976 concinnior.
2511 4921 2706 4978 Crucis
2741 4925 2928 4982 radius
2969 4936 3024 4983 et
3053 4931 3422 4996 collustratio,

1845 5007 1960 5061 sole
1992 5007 2326 5076 splendidior
2353 5010 2576 5066 emissio
2606 5021 2662 5067 et
2701 5015 2837 5070 lucis
2867 5017 3186 5084 ejaculatio.
3219 5020 3420 5078 Crucis

1844 5098 2014 5164 gratia
2050 5107 2103 5152 et
2149 5099 2343 5168 gloria,
2394 5104 2646 5159 omnibus
2697 5108 2888 5176 gratiis
2936 5109 3147 5180 gratius
3188 5113 3419 5168 donum.

1842 5187 1988 5242 Crux
2057 5191 2179 5243 «παθη
2229 5201 2281 5243 et
2332 5201 2489 5248 terra:
2543 5197 2882 5264 paciﬁcatrix
2945 5209 2998 5254 et
3051 5203 3418 5260 conciliatrix.

1839 5275 2032 5330 Crucis
2089 5293 2326 5345 nomen,
2383 5285 2768 5354 sanctilieatio,
2834 5291 3072 5346 maxime
3131 5293 3177 5346 si
3233 5293 3416 5364 lingua

1840 5366 2168 5435 proferatur,
2217 5381 2270 5425 et
2326 5375 2551 5430 auribus
2609 5380 2964 5450 percipiatur.
3021 5381 3198 5441 Cruce
3261 5402 3414 5446 mors

1840 5469 2028 5514 necata
2060 5472 2164 5526 est,
2192 5462 2473 5535 Adamque
2506 5473 2628 5525 vita:
2665 5474 2971 5531 restitutus.
3003 5476 3179 5534 Cruce
3213 5479 3416 5549 gloria-

1839 5560 1926 5604 tus
1973 5561 2055 5607 est
2103 5553 2332 5623 quilibet
2365 5560 2668 5627 apostolus,
2716 5574 2767 5618 et
2803 5567 2984 5621 omnis
3019 5578 3227 5639 martyr
3253 5584 3384 5624 coro

1837 5653 1994 5698 natus
2029 5648 2315 5716 omnisque
2353 5663 2578 5708 sanetus
2613 5658 3007 5714 sanctiﬁcatus.
3042 5659 3215 5716 Cruce
3259 5660 3410 5716 Chri-

1837 5745 1975 5791 stum
2030 5738 2324 5806 induimus,
2391 5755 2732 5815 veteremque
2800 5749 3070 5805 hominem
3135 5751 3402 5812 exuimus.
