4000 6306
565 351 671 418 699

1763 353 1823 411 S.
1863 348 2253 411 THEODORI
2289 348 2639 408 STUDIT£

3720 345 3825 407 700

562 463 740 515 Cruce
799 458 855 513 in
905 473 1068 512 unum
1124 457 1286 520 ovile,
1323 472 1452 513 oves
1491 457 1716 521 Christi,
1746 458 1956 511 collecti
1989 468 2042 511 et
2074 459 2141 509 ad

2255 454 2328 524 ρῷ
2386 453 2802 524 σεσηκειώμεθα
2857 454 3090 524 Χριστοῦ
3144 455 3430 524 πῷϐσιτα,
3473 457 3566 506 καὶ
3612 458 3678 523 τῇ
3714 455 3823 506 ἄνω

567 567 840 623 supernas
869 551 1059 607 caulas
1091 550 1348 606 destinati
1391 566 1606 606 sumus.
1639 549 1814 605 Cruce
1846 550 2138 604 ventilabi.

566 659 686 696 mus
723 642 976 696 inimicos
1007 649 1226 695 nostros
1260 650 1315 696 et
1352 655 1520 696 cornu
1554 639 1748 696 salutis
1779 640 2137 695 sustollimus.

565 733 742 788 Crnce
798 733 1236 803 perturbationes
1301 733 1590 801 fugamus,
1641 735 1917 803 vitamque
1975 747 2140 800 supra

567 828 696 880 hum
737 842 864 879 nam
910 825 1270 879 instituimus.
1319 826 1420 890 Qui
1453 840 1675 880 crucem
1720 825 1827 879 fert
1877 824 2142 887 humeris,

568 917 615 970 is
640 915 880 969 Imitator
914 915 974 968 ﬁt
1030 914 1253 977 Christi,
1289 925 1342 968 et
1385 915 1612 984 gloriam
1643 931 1767 968 cum
1805 915 2024 968 Christo
2056 928 2145 982 pa-

567 1008 674 1061 lam
723 1008 1054 1078 assequitur.
1108 1007 1338 1061 Crucem
1399 1024 1524 1062 cum
1579 1009 1804 1080 angelus
1841 1009 2005 1073 videt,
2052 1008 2147 1063 de-

568 1107 825 1161 coratur,
877 1109 931 1152 et
991 1097 1240 1152 diabolus
1304 1098 1677 1154 confunditur.
1743 1099 1909 1153 Latro
1981 1115 2146 1155 cruce

568 1198 782 1258 reperta
849 1191 900 1243 itt
959 1190 1276 1259 paradisum
1339 1192 1523 1253 intrat.
1581 1204 1636 1246 et
1688 1192 1974 1246 latrocinia
2022 1208 2147 1248 cum

569 1296 734 1349 regno
778 1282 1159 1335 commutavit.
1201 1280 1305 1348 Qui
1358 1297 1582 1337 crucem
1620 1282 1846 1352 eﬁingit,
1879 1284 1926 1337 is
1957 1282 2148 1337 formi-

566 1372 746 1426 dinem
781 1374 1052 1436 dissolvit,
1091 1389 1388 1444 pacemque
1434 1385 1740 1444 recuperat.
1790 1375 1891 1440 Qui
1925 1391 2144 1429 crucem

567 1467 849 1520 custodem
884 1467 1069 1530 habet,
1122 1469 1168 1522 is
1196 1468 1546 1535 praedonibus
1585 1485 1689 1520 non
1727 1467 1785 1521 ﬁt
1816 1470 2019 1537 prmda,
2050 1469 2146 1522 sed

567 1553 768 1608 illaesus
793 1565 1094 1624 permanet.
1148 1555 1405 1626 Quisquis
1428 1573 1642 1611 crucem
1669 1569 1837 1619 amat,
1874 1557 1960 1611 hic
1993 1575 2150 1611 mun-

566 1645 694 1698 dum
757 1647 892 1712 odit,
945 1647 1113 1718 ﬁtque
1168 1663 1381 1704 amator
1427 1649 1654 1704 Christi.
1717 1650 1863 1705 Crux
1917 1650 2146 1714 Christi,

565 1735 1002 1794 Christianorum
1035 1741 1389 1795 celeberrima
1428 1744 1700 1812 gloriatio.
1743 1743 1887 1798 Crux
1920 1744 2145 1803 ChriSti,

2247 546 2462 616 μάνδρᾳ
2502 546 2945 615 συνταττόμεθαο
3004 547 3223 617 σταυρῷ
3284 545 3648 617 κερατιοῦμεν
3701 546 3826 606 τοὺς

2243 639 2473 708 ἐχθροὺς
2502 639 2682 708 ἡμῶν,
2713 641 2806 691 καὶ
2834 640 3004 711 κέρας
3028 643 3295 710 σωτήριον
3327 641 3572 708 αι’ρομεν⁹
3607 638 3826 707 σταυρῷ

2244 732 2311 784 τά
2347 731 2491 801 πάθη
2518 731 2902 800 τροπούμεθα,
2933 736 3024 784 καὶ
3057 730 3443 801 ὑπερκοσμίως
3493 731 3594 798 ζῇν
3630 746 3829 799 προαι-

2248 824 2508 892 ρουμεθσ.
2537 823 2774 892 Σταυρὸν
2801 824 2829 875 6
2855 823 3035 894 φέρων
3059 823 3143 876 ἐπ’
3175 822 3362 891 ὤμων,
3395 820 3633 890 Χριστοῦ
3658 837 3830 890 μιμητ

2244 915 2344 984 τὴς
2373 915 2602 981 γίνεται,
2626 917 2718 968 καὶ
2746 915 2966 985 Χριστῷ
2997 915 3183 981 σαφῶς
3215 912 3598 978 συνδοξάζεται
3619 928 3632 942 ⁸
3667 928 3832 964 σταυ-

2251 1006 2341 1076 ρὸν
2386 1008 2526 1076 ὁρῶν
2569 1008 2800 1076 ἄγγελος
2834 1007 3169 1077 ὠραῖζεται,
3209 1005 3304 1058 καὶ
3347 1003 3593 1066 διάϐολος
3633 1020 3830 1055 καται-

2250 1098 2535 1168 σχύνεται·
2569 1101 2800 1167 σταυρὸν
2830 1098 3033 1169 λῃστὴς
3071 1096 3344 1168 εὑρηκὼς,
3380 1098 3459 1159 είς
3495 1095 3832 1166 παράδεισον

2249 1193 2461 1252 εἴσεισι,
2493 1193 2586 1244 καὶ
2619 1193 2875 1262 λῃστείας
2919 1191 3191 1260 βασιλείαν
3218 1188 3589 1258 ἀντηλλάξατο
3614 1203 3627 1216 ο
3659 1204 3831 1239 σταυ-

2253 1285 2346 1354 ρὸν
2383 1284 2566 1344 ἁπλῶς
2615 1287 2642 1336 6
2677 1285 2865 1336 τυπῶν
2913 1284 3119 1335 διαλύει
3165 1281 3417 1352 δείματα,
3459 1282 3552 1333 καὶ
3603 1281 3835 1348 εἰρήνην

2251 1373 2696 1436 ἁντασπάζεται·
2745 1376 2975 1444 σταυρὸν
3027 1376 3055 1426 6
3105 1376 3244 1444 ἔχων
3296 1373 3530 1444 φρουρὸν
3583 1372 3836 1440 διαμένει

2252 1469 2448 1531 ἄσυλος
2495 1469 2591 1522 καὶ
2642 1469 2973 1537 φυλάττεται
3029 1469 3385 1537 ἀπήμαντοςο
3442 1465 3670 1534 σταυρὸν
3724 1464 3836 1524 πᾶς

2250 1580 2334 1625 τις
2360 1561 2553 1630 φιλῶν,
2586 1565 2735 1630 μισεῖ
2767 1562 2993 1632 κόσμον,
3029 1562 3120 1614 καὶ
3170 1560 3406 1631 ἐραστὴς
3451 1560 3660 1627 γίνεται
3697 1558 3841 1626 Χριο

2253 1653 2402 1706 στοῦ.
2449 1654 2659 1723 Σταυρέ
2719 1653 2978 1724 Χριστοῦ,
3026 1653 3088 1705 τὸ
3125 1653 3233 1705 τῶν
3281 1649 3620 1719 Χριστιανῶν
3667 1648 3837 1700 πολυ-

2253 1745 2553 1816 Θρύλλητον
2587 1745 2883 1816 καύχημα·
2928 1747 3128 1815 σταυρέ
3172 1744 3430 1815 Χριστοῦ,
3464 1743 3522 1796 τὸ
3549 1743 3656 1795 τῶν
3697 1744 3839 1794 ἀπο-

567 1830 936 1897 apostolorum
1003 1833 1294 1900 peculiaris
1354 1807 1684 1904 praedicatio,
1727 1838 1870 1890 Crux
1921 1836 2141 1900 Christi,

2255 1807 2456 1890 στόλων
2499 1807 2812 1908 περιούσιον
2863 1807 3165 1907 κήρυγμαο
3210 1807 3411 1904 σταυρέ
3468 1833 3743 1906 Χριστοῦ,
3777 1833 3841 1884 τὸ

567 1930 864 1992 martyrum
901 1925 1082 1993 regale
1113 1923 1383 1978 diadema.
1425 1926 1572 1980 Crux
1607 1927 1832 1990 Christi,
1863 1929 2146 1996 propltcla-

565 2027 688 2066 rum
734 2014 1168 2082 pretiosissimus
1214 2029 1463 2072 ornatus.
1495 2018 1644 2072 Crux
1693 2018 1920 2085 Christi,
1955 2020 2144 2073 ﬁnium

564 2098 935 2156 lucidissimus
981 2103 1149 2158 nitor.
1199 2105 1344 2158 Crux
1389 2104 1620 2169 Christi,
1673 2121 1802 2157 nam
1840 2115 1898 2156 ut
1927 2121 2049 2159 cum
2089 2119 2146 2158 re

562 2187 686 2243 viva
735 2189 949 2260 loquar,
1013 2202 1236 2261 protege
1287 2207 1403 2255 eos,
1458 2194 1551 2263 qui
1584 2205 1634 2248 te
1669 2193 1896 2249 incenso
1922 2205 2144 2264 pectore

565 2279 858 2345 celebrant,
884 2295 1174 2347 conserva,
1205 2284 1296 2352 qui
1330 2293 1382 2338 te
1408 2283 1550 2340 ﬁdeli
1574 2297 1756 2339 mente
1789 2288 2142 2353 amplectun-

564 2379 653 2424 tur
677 2380 730 2424 et
762 2374 1105 2428 osculantur.
1159 2373 1415 2430 Guberna
1456 2377 1508 2430 in
1571 2393 1704 2447 pace
1756 2387 2013 2448 rectaque
2043 2377 2146 2432 ﬁde

563 2460 832 2516 subditos.
891 2463 1083 2518 Adduc
1137 2466 1394 2520 omnibus
1447 2465 1648 2521 Christi
1719 2470 2146 2524 resurrectionis

561 2548 704 2604 diem
740 2551 1102 2619 laetissimum,
1150 2555 1465 2609 custodiens
1504 2557 1812 2626 pontiﬁces,
1849 2560 2146 2628 antistites,

564 2641 942 2712 imperatores,
977 2647 1295 2711 monachos,
1328 2649 1811 2720 promiscuamque
1837 2652 2146 2711 multitudi-

562 2749 686 2789 ncm
727 2745 782 2790 et
827 2752 1102 2795 convenas
1148 2755 1340 2796 omnes
1371 2742 1425 2796 in
1459 2739 1681 2797 Christo
1733 2741 1860 2798 Jesu
1914 2745 2148 2800 Domino

564 2835 774 2880 nostro.
803 2824 902 2881 Cui
942 2829 1115 2898 gloria
1143 2838 1198 2884 et
1235 2832 1500 2899 potentia,
1531 2848 1654 2887 cum
1681 2832 1842 2888 Patre
1869 2843 1922 2888 et
1955 2843 2147 2891 sancto

565 2916 795 2986 Spiritu,
832 2934 976 2975 nunc
1006 2928 1062 2976 et
1093 2936 1329 2994 semper,
1361 2931 1416 2979 et
1457 2923 1511 2977 in
1546 2926 1743 2980 sacula
1793 2927 2144 2983 sa:culorum.

564 3010 758 3067 Amen.

776 3220 844 3275 In
893 3221 1130 3293 vigiiiam
1173 3223 1280 3278 sive
1309 3225 1594 3280 stationem
1633 3223 1938 3280 Luminum.

2245 1928 2355 1981 τῶν
2387 1931 2684 1999 μαρτύρων
2719 1929 2990 1997 βασίλειον
3024 1929 3294 1998 διάδημα·
3333 1927 3535 1996 σταυρέ
3569 1923 3838 1992 Χριστοῦ.

2245 2020 2308 2071 τὸ
2329 2021 2436 2072 τῶν
2460 2020 2760 2091 προφητῶν
2785 2021 3111 2090 ύπερτίμιον
3135 2019 3570 2088 ἐγκαλλώπισμα
3593 2033 3604 2046 ·
3635 2014 3842 2084 σταυρέ

2247 2113 2508 2182 Χριστοῦ,
2539 2114 2599 2165 τὸ
2625 2113 2734 2165 τῶν
2763 2113 3017 2181 περάτων
3054 2112 3482 2182 παμφαέστατον
3512 2108 3800 2177 ἀγλάϊσμα
3823 2120 3838 2134 ⁸

2248 2205 2451 2275 σταυρὲ
2510 2205 2771 2276 Χριστοῦ,
2808 2207 2902 2257 καὶ
2953 2205 3036 2257 σοὶ
3091 2203 3167 2266 ὡς
3220 2203 3452 2273 ἐμψύχῳ
3487 2201 3840 2268 διαλέγομαι,

2248 2299 2475 2360 σκέποις
2511 2300 2636 2359 τοὺς
2665 2297 2903 2366 Θερμοῦς
2939 2295 3272 2364 ὑμνολόγους
3319 2312 3437 2360 σου,
3473 2293 3666 2357 σώζοις
3712 2292 3844 2351 τοὺς

2251 2388 2459 2452 πιστῶς
2509 2387 3051 2459 περιπτυσσομένους
3111 2404 3194 2449 σε,
3243 2387 3398 2454 ἄγοις
3447 2384 3742 2456 εἰρηνικῶς
3781 2399 3841 2434 τε

2248 2481 2342 2533 καὶ
2379 2479 2676 2550 ὀρθοδόξως
2709 2478 2769 2531 τὸ
2799 2480 3061 2548 ὑπήκοον,
3092 2479 3279 2547 φέροις
3310 2479 3410 2548 τὴν
3438 2474 3679 2548 Χριστοῦ
3708 2474 3845 2527 ἀνά-

2250 2590 2439 2625 στασιν
2470 2575 2605 2625 πᾶσι
2643 2574 3012 2643 χαρμόσυνον,
3041 2570 3296 2642 φρουρῶν
3338 2571 3602 2640 ίεράρχας
3643 2583 3706 2619 τε
3744 2563 3846 2619 καὶ

2247 2665 2514 2729 ἄνακτας,
2565 2666 2836 2734 μοναστὰς
2873 2665 2969 2718 καὶ
3019 2664 3257 2735 μιγάδας
3290 2661 3560 2725 ἅπαντας,
3600 2661 3660 2712 ἐν
3703 2658 3844 2726 Χρι-

2249 2755 2359 2827 στῷ
2393 2755 2569 2826 Ἰησοῦ
2614 2755 2693 2824 τῷ
2728 2757 2917 2828 Κυρίῳ
2945 2756 3126 2826 ἡμῶν,
3162 2749 3206 2823 ᾧ
3247 2757 3279 2826 ὴ
3313 2753 3440 2819 δόξα
3475 2754 3568 2806 καὶ
3617 2751 3680 2803 τὸ
3707 2749 3842 2819 κρά-

2245 2865 2337 2911 τος
2373 2848 2470 2900 σὺν
2497 2845 2576 2915 τῷ
2619 2847 2795 2916 “arpi
2824 2848 2919 2899 xui
2956 2845 3034 2916 τῷ
3073 2846 3214 2915 ἁγίῳ
3249 2843 3554 2913 Πνέύματι,
3599 2838 3700 2891 νῦν
3749 2835 3845 2889 καὶ

2245 2940 2354 3005 ἀεὶ,
2383 2941 2476 2993 καὶ
2502 2941 2582 3002 είς
2613 2938 2741 2999 τοὺς
2770 2938 2976 3003 αἰῶνας
3019 2938 3128 2992 τῶν
3155 2936 3390 2994 αἰώνων.
3421 2934 3622 3005 ’Δμήν.

2993 3141 3070 3194 I".

2530 3235 2633 3301 Εἰς
2665 3233 2782 3302 τὴν
2815 3231 3172 3303 παραμονὴν
3200 3231 3317 3284 τῶν
3342 3231 3577 3284 Φώτων.

1654 3364 1809 3432 (Anc.
1843 3363 1972 3430 MAI,
2011 3363 2153 3422 Bibl.
2189 3385 2307 3425 που.
2334 3379 2372 3424 t.
2408 3371 2500 3439 IV,
2524 3389 2578 3444 p.
2618 3374 2729 3442 16.)

638 3471 692 3525 1.
726 3468 1023 3525 Luminum
1053 3472 1312 3542 praeludia
1343 3473 1642 3543 splendidis
1668 3479 2152 3548 contemplationi-

566 3563 670 3620 bus
701 3564 1091 3619 collustremus
1130 3583 1144 3618 :
1176 3565 1228 3618 itt
1263 3565 1397 3634 ipsis
1427 3565 1747 3620 insistentes
1780 3570 1959 3638 aquis,
1995 3571 2160 3624 clari-

578 3665 744 3712 tatem
774 3658 996 3713 uberem
1031 3659 1420 3728 participemus
1457 3659 1652 3729 spiritu
1691 3660 2074 3729 splendiﬁcati,
2106 3671 2161 3717 et

569 3747 794 3804 luminis
849 3759 1128 3804 auctorem
1171 3748 1381 3814 Jesutu,
1419 3749 1598 3807 Patris
1629 3752 1993 3821 splendorem,
2040 3754 2159 3808 exi-

570 3843 696 3897 miis
731 3843 1032 3913 gratiarum
1072 3843 1380 3908 actionibus
1417 3844 1778 3899 celebremus.
1822 3844 2154 3900 Puriﬁcatus

568 3945 654 3991 est
679 3935 845 3990 Israel
885 3936 1086 4005 primo,
1125 3951 1250 3990 cum
1292 3935 1345 3987 in
1379 3945 1619 3989 montem
1657 3937 1780 4008 igne
1810 3936 2154 4008 ﬂagrantem,

571 4031 806 4101 caligine
847 4032 1198 4102 procellaque
1245 4033 1490 4101 plenum,
1536 4049 1946 4089 conscensurus
1991 4045 2154 4090 esset.

572 4126 676 4180 Sed
705 4142 772 4180 ne
798 4125 877 4180 sic
903 4125 1122 4195 quidem
1151 4127 1417 4192 ascendit,
1454 4127 1582 4195 quia
1614 4127 1752 4180 haud
1785 4136 1960 4180 tutum
1993 4143 2157 4193 nego-

569 4218 706 4272 tium
756 4225 908 4285 erat;
948 4218 1042 4272 sed
1094 4217 1236 4272 infra
1275 4219 1523 4273 substitit
1553 4229 1819 4284 tremens,
1869 4229 1922 4273 et
1975 4221 2160 4274 multi-

569 4309 734 4366 formi
760 4320 1027 4365 terrorum
1054 4312 1234 4379 specie
1251 4312 1535 4366 attonitus.
1561 4311 1679 4380 lpse
1701 4327 1923 4381 quoque
1945 4312 2157 4382 Moyses

570 4405 857 4459 materiale
882 4404 1310 4458 calceamentum
1345 4404 1529 4465 solvit,
1574 4404 1704 4458 dum
1750 4414 2025 4458 sacratam
2066 4403 2138 4458 De

568 4496 817 4565 vestigiis
848 4503 1049 4549 terram
1078 4503 1294 4564 pararet
1327 4496 1613 4565 attingere,
1649 4512 1759 4566 quo
1793 4506 2038 4564 tentpOt-e
2071 4512 2158 4548 ar-

569 4588 750 4642 dentis
782 4588 900 4640 rtthi
928 4588 1250 4641 mirabiliter
1282 4588 1420 4641 visui
1452 4588 1791 4651 initiahatur,
1827 4590 1918 4658 qui
1949 4589 2148 4657 praevia

571 4678 800 4745 majoris
839 4678 1081 4747 mysterii
1143 4678 1321 4746 imago
1376 4687 1510 4732 erat.
1571 4679 1716 4732 Idem
1773 4678 1956 4734 facere
1993 4679 2154 4734 Jcsus

2332 3492 2401 3539 α’.
2446 3487 2568 3540 Τῶν
2594 3487 2792 3541 Φώτων
2819 3488 2885 3542 τὰ
2910 3487 3180 3558 προαύλια
3214 3485 3560 3556 φωτοφανέσι
3587 3483 3848 3553 Θεωρίαις

2261 3579 2720 3651 ἐποπτεύσωμεν·
2781 3583 2863 3642 είς
2925 3583 3065 3636 αὐτὰ
3114 3580 3485 3640 εἰσϐαίνοντες
3529 3577 3598 3629 τὰ
3651 3576 3844 3640 ὕδατα,

2262 3671 2526 3736 πλουσίας
2571 3673 2669 3744 τῆς
2713 3673 2907 3743 αἴγλης
2957 3673 3389 3742 μεταλάϐωμεν,
3422 3668 3743 3739 φωτοειδεῖς
3783 3668 3844 3718 ἐν

2261 3765 2536 3835 πνεύματι
2581 3767 2904 3836 γενόμενοι,
2939 3766 3033 3818 καὶ
3062 3766 3152 3816 τὸν
3183 3765 3275 3817 τοῦ
3309 3762 3490 3832 φωτὸς
3523 3758 3704 3812 αἴτιον
3741 3759 3846 3825 Ἰη-

2264 3859 2391 3911 σοῦν
2413 3860 2474 3911 τὸ
2508 3859 2774 3930 πατρικὸν
2814 3857 3157 3927 ἀπαύγασμα
3187 3857 3568 3925 πανευφήμοις
3612 3852 3842 3920 εὐχαρι-

2264 3951 2442 4014 στίαις
2482 3952 2919 4022 εὐφημήσωμεν.
2969 3947 3274 4016 Ἀγνίζεται
3318 3946 3539 4018 Ἰσραὴλ
3571 3944 3846 4013 πρότερον

2263 4041 2497 4109 ὁπηνίκα
2538 4043 2616 4112 τῷ
2652 4043 2768 4110 ὄρει
2805 4042 3132 4110 κεκαυμένῳ
3176 4040 3342 4108 πυρὶ,
3381 4038 3610 4097 σκότους
3643 4051 3709 4086 τε
3749 4036 3846 4086 καὶ

2265 4135 2490 4203 Θυέλλης
2543 4134 2963 4204 πεπληρωμένῳ
3017 4131 3370 4202 προσϐαίνειν
3421 4129 3685 4200 ἔμελλεν·
3748 4127 3844 4178 καὶ

2261 4227 2371 4280 οὐδ’
2403 4225 2576 4289 οὕτως
2620 4226 2848 4289 ἄνεισιν,
2900 4224 3023 4275 ἐπεὶ
3071 4225 3143 4292 μὴ
3195 4222 3462 4289 ἀσφαλές·
3502 4218 3749 4287 εἱστήκει
3784 4215 3842 4268 δὲ

2260 4319 2408 4372 κάτω
2441 4319 2698 4388 ἔντρομος
2728 4321 2844 4379 τοῖς
2875 4315 3175 4368 πολυειδέσι
3207 4314 3559 4383 φοϐερισμοῖς
3590 4309 3728 4364 Θεοῦ
3757 4312 3846 4362 ἐκ·

2260 4411 2705 4481 δειματούμενος.
2761 4409 3092 4462 ’Υπολύεται
3137 4408 3230 4458 καὶ
3280 4406 3443 4468 αὐτὸς
3483 4402 3727 4471 Μωῦσῆς
3779 4403 3843 4454 τὸ

2261 4500 2460 4563 ὑλῶδες
2504 4502 2787 4570 ὑπόδημα,
2840 4501 2940 4568 τῆς
2985 4496 3302 4559 θεοστιϐοῦς
3333 4498 3436 4564 γῆς
3467 4495 3666 4564 ψαύειν
3705 4511 3845 4563 προ-

2261 4593 2577 4662 ερχόμενος,
2613 4592 2775 4645 ὁπότε
2805 4592 2905 4659 τῆς
2940 4588 3387 4659 φλογοφορούσης
3420 4586 3584 4656 βάτου
3615 4589 3842 4656 ἐμυεῖτο

2261 4683 2649 4754 Θαυμαστικῶς
2679 4684 2738 4736 τὸ
2765 4683 3030 4753 Θεὼρημα
3056 4725 3068 4746 ,
3123 4681 3374 4751 μείζονος
3406 4678 3716 4748 μυστηρίου
3748 4676 3843 4729 ob-

571 4783 792 4837 quoquc
826 4765 960 4820 Navi
995 4767 1141 4821 ﬁlius
1174 4769 1243 4821 ab
1275 4769 1468 4838 angelo
1493 4769 1684 4838 jussus
1703 4768 1828 4832 fuit,
1866 4787 1933 4824 ne
1961 4771 2142 4826 solum

2263 4748 2751 4846 ang-npowwwpa.
2785 4775 2857 4826 Τὸ
2881 4748 3095 4827 ’δ”αὑτδ
3126 4748 3220 4825 καὶ
3267 4770 3475 4840 Ἰησοῦς
3507 4772 3535 4822 6
3563 4769 3656 4822 τοῦ
3679 4768 3841 4837 Ναυῆ

571 4860 826 4915 calceatis
855 4859 1082 4928 pedibus
1115 4874 1341 4928 prorsus
1368 4861 1623 4925 calcaret,
1659 4870 1881 4930 propter
1909 4862 2148 4915 debitam

571 4961 730 5007 terra:
761 4963 962 5006 sancta:
991 4952 1416 5006 venerationem.
1459 4951 1599 5018 Quid
1636 4963 1825 5008 autem
1876 4963 1985 5009 tres
2019 4954 2152 5008 ado-

570 5042 876 5098 lescentes?
902 5040 1092 5096 Nonne
1112 5043 1311 5097 animis
1337 5043 1768 5113 corporibusque
1793 5044 2150 5098 sanctiﬁcatis

572 5136 641 5190 ad
696 5149 950 5190 voracem
1009 5135 1189 5204 ignem
1221 5145 1599 5202 accesserunt,
1630 5144 1798 5206 atque
1834 5136 1909 5191 ita
1950 5138 2152 5191 caloris

573 5227 657 5282 vis
682 5228 736 5281 in
759 5229 1026 5283 roscidam
1052 5229 1186 5297 ipsis
1212 5228 1530 5299 qualitatem
1563 5245 1825 5285 conversa
1853 5230 1972 5286 est?
1997 5229 2154 5294 Quod

572 5321 730 5389 quale
766 5331 1140 5392 quantumque
1171 5324 1478 5394 prodigium
1512 5323 1635 5388 fuit,
1668 5324 1798 5379 dum
1836 5323 1978 5378 idem
2013 5325 2156 5393 ignis

571 5413 915 5468 vehementia
963 5415 1191 5485 duplici,
1227 5415 1424 5486 dignos
1459 5431 1618 5485 pcena
1655 5416 1803 5471 ultus
1848 5416 1967 5472 est!
2011 5414 2154 5481 Quid

573 5504 766 5561 Daniel
812 5507 1210 5563 desideriorum
1259 5509 1362 5573 vir,
1419 5524 1604 5563 nonne
1653 5517 1780 5565 ante
1827 5509 2155 5579 puriﬁcante

570 5598 779 5668 jejunio
810 5616 965 5666 usus,
989 5616 1114 5656 cum
1146 5602 1398 5657 leonibus
1429 5601 1483 5655 in
1513 5601 1878 5660 contubernio
1903 5599 2025 5667 fuit,
2063 5599 2150 5656 in-

573 5690 789 5749 colume
823 5707 1022 5765 corpus
1063 5693 1214 5750 illinc
1242 5693 1527 5751 referens?

2263 4868 2400 4938 πρὸς
2433 4867 2528 4920 τοῦ
2561 4867 2790 4936 ἀγγέλου
2838 4850 3274 4937 παρακελεύεται
3323 4862 3398 4932 μὴ
3443 4861 3712 4928 τοῦδαφος
3752 4862 3842 4913 ἐνο

2259 4961 2567 5029 δεδυμένοις
2599 4960 2723 5012 ποσὶ
2753 4955 3140 5028 προσεγγίζειν
3165 4955 3324 5017 ὅλως,
3349 4953 3436 5006 διὰ
3459 4953 3518 5006 τὸ
3548 4954 3647 5023 τῆς
3674 4953 3841 5020 ἁγίας

2260 5052 2365 5120 γῆς
2399 5049 2712 5118 σεϐάσμιον.
2743 5049 2807 5102 Τί
2838 5049 2893 5102 δὲ
2918 5047 2967 5100 οἱ
2993 5048 3144 5118 τρεῖς
3167 5046 3378 5098 νεανίαι
3402 5061 3416 5108 ;
3448 5045 3547 5114 οὐχ
3567 5045 3839 5114 ἡγνισμέ-

2260 5159 2378 5205 ναις
2405 5141 2604 5211 ψυχαῖς
2626 5157 2685 5193 τε
2715 5140 2810 5193 καὶ
2838 5138 3056 5209 σώμασι
3078 5139 3157 5207 τῷ
3188 5136 3475 5208 παμφάγῳ
3497 5137 3632 5206 πυρὶ
3659 5155 3838 5208 προσ-

2255 5234 2532 5297 ϐάλλουσι,
2588 5232 2690 5302 τῆς
2741 5231 3046 5301 καυστικῆς
3101 5230 3287 5294 αὐτοῖς
3341 5229 3626 5298 ἐνεργείας
3671 5247 3841 5298 μετα-

2252 5322 2546 5392 ϐληοείσης
2594 5323 2674 5385 είς
2722 5320 3004 5391 δροσοειδῆ
3059 5319 3359 5389 ποιότητα;
3416 5319 3501 5386 ἐφ’
3547 5310 3592 5385 ᾧ
3639 5319 3740 5372 καὶ
3779 5319 3841 5370 τὸ

2252 5413 2438 5484 θαῦμα
2470 5415 2594 5466 ὅσον
2637 5415 2730 5466 καὶ
2773 5414 2980 5484 ἡλίκον,
3035 5412 3256 5474 διπλαῖς
3289 5410 3648 5481 ἁντιρρόποις
3679 5411 3836 5481 ἐνερ-

2249 5506 2426 5576 γείαις
2451 5506 2581 5568 τοὺς
2608 5503 2794 5570 ἀξίους
2823 5506 3231 5576 ἀμειψάμενονὶ
3262 5503 3327 5556 Τί
3351 5503 3410 5556 δέ
3437 5505 3636 5574 Δανιὴλ
3665 5505 3695 5557 6
3727 5505 3839 5557 τῶν

2257 5599 2567 5668 ἐπιθυμιῶν
2600 5601 2773 5671 ἀνήρ;
2800 5602 2861 5653 οὐ
2890 5603 2959 5672 τῇ
2991 5598 3300 5671 καθαρτικῇ
3333 5597 3560 5668 νηστείᾳ.
3589 5614 3839 5669 προχρη-

2263 5691 2495 5759 σάμενος
2545 5691 2916 5747 συνδιαιτᾶται
2968 5692 3147 5747 λέουσι
3197 5691 3522 5761 ἀπήμαντον
3567 5689 3631 5744 τδ
3677 5690 3836 5762 σῶμα

2267 5783 2711 5852 ἀπενεγκάμενος
2729 5806 2741 5850 ;
