4000 6306
221 327 322 395 701

1107 342 1390 405 ORATIO
1445 347 1556 407 ΙΙΙ.
1591 350 1762 410 -ΙΝ
1807 353 2160 416 VIGILIAM
2206 360 2595 421 LUMINUM.

3370 368 3476 430 702

291 445 361 516 β’.
419 445 582 503 Ἀλλὰ
613 450 796 520 βούλει
832 454 925 509 ἐπὶ
954 457 1052 527 τὴν
1083 458 1213 512 νέαν
1254 461 1671 532 μετεληλυθέναι
1713 483 1785 519 σοι

1965 476 2020 526 2.
2069 473 2173 528 Sed
2211 476 2321 528 vin'
2357 477 2424 530 ad
2469 476 2678 530 Novum
2718 477 3275 536 Testamentum-tibi
3334 483 3472 538 llecti

217 537 312 594 τὸν
363 539 555 609 λόγονς
593 542 734 613 Ὅρα
781 547 994 601 Παῦλον
1039 551 1132 602 τὸν
1175 551 1353 620 μέγαν
1391 554 1488 624 τῆς
1542 557 1796 626 ἀληθείας

219 633 441 702 κήρυκα
489 637 943 708 τριημερονύκτῳ
1001 643 1224 713 νηστεία
1280 645 1380 714 τὴν
1439 649 1796 719 παρασκευὴν

219 724 616 793 ποιησάμενον,
661 722 760 779 εἷθ’
792 728 964 793 οὕτως
997 731 1134 800 πρὸς
1165 736 1229 804 τῇ
1263 736 1479 790 ἐκτενεῖ
1519 737 1703 808 δεήσει
1737 740 1798 792 τὸ

217 814 477 884 ἀληθινὸν
532 816 651 886 φῶς
724 820 961 890 Χριστὸν
1025 823 1409 895 ἐνδυσάμενον.
1467 829 1643 882 Βλέπε
1704 833 1797 884 καὶ

218 906 501 960 Ματθαίον
527 909 618 962 τὸν
645 911 1038 985 εὑαγγελιστὴν
1079 916 1359 988 προύργου
1388 920 1488 991 τὴν
1519 921 1627 974 τῶν
1651 923 1798 975 ἐνόν-

216 1014 328 1051 των
358 999 627 1067 ἁπόταξιν
657 1003 1046 1076 ποιησάμενον,
1081 1009 1280 1075 αὑτούς
1312 1029 1372 1065 τε
1417 1014 1542 1077 τοὺς
1571 1015 1793 1068 τελωνι-

219 1091 350 1154 κοὺς
376 1091 573 1159 λόγους
597 1095 808 1160 ἀτελεῖς
843 1098 1208 1153 καταλιπόντα
1230 1144 1244 1167 ,
1287 1104 1381 1157 καὶ
1410 1104 1584 1169 οὕτως
1616 1107 1796 1178 μαθη-

215 1181 340 1251 τιᾷν
389 1183 468 1252 τῷ
507 1182 678 1254 Ἰησοῦ
724 1186 999 1256 ἑλόμενον.
1050 1192 1158 1244 Καὶ
1194 1193 1347 1246 οὑπω
1387 1195 1532 1265 λέγω
1574 1199 1657 1252 ὅτι
1701 1201 1795 1253 καὶ

217 1272 490 1343 Ζακχαῖος
529 1276 799 1349 πρότερον
829 1280 1065 1350 χαμόθεν
1109 1283 1341 1354 ὑψωθεὶς
1373 1289 1468 1341 καὶ
1501 1290 1662 1359 σῶμα
1702 1291 1795 1343 καὶ

218 1363 478 1431 διάνοιαν,
521 1366 667 1421 οὕτω
695 1370 790 1422 τὸν
827 1371 1036 1442 Ἰησοῦν
1064 1374 1320 1443 ὑφέστιον
1351 1380 1664 1450 πεποίηται,
1697 1383 1794 1435 σὺν

221 1456 516 1528 ὑποσχέσει
561 1461 855 1539 κρείττονι,
903 1466 998 1517 καλ⁸
1049 1467 1149 1536 τῆς
1193 1469 1504 1539 κρείττονος
1547 1473 1794 1538 ἀξιοῦται

220 1552 696 1622 προσφωνήσεως·
753 1555 847 1608 καὶ
899 1558 1008 1629 μὴν
1065 1554 1367 1632 Κορνήλιος
1415 1568 1794 1639 τετραήμερον

219 1642 594 1711 νενηστευκώς
632 1662 691 1698 τε
726 1647 820 1700 καὶ
853 1650 1326 1720 προσευξάμενος,
1360 1656 1666 1724 τηνικαῦτα
1693 1661 1793 1729 ὁρᾷ

217 1731 306 1785 τὸν
350 1733 586 1802 ἄγγελον
639 1737 1136 1812 εὑαγγελισάμενον
1189 1745 1258 1799 τὰ
1302 1747 1641 1818 καταθύμια,
1699 1751 1793 1803 καὶ

1900 581 2208 620 sermonem
2229 569 2251 622 ?
2275 567 2469 638 Specta
2502 569 2754 635 Paulum,
2788 587 3040 641 magnum
3067 575 3311 630 veritatis
3339 591 3474 645 pne-

1899 674 2113 724 conem,
2143 661 2306 713 trium
2350 662 2559 715 dierum
2598 663 2949 732 noctiumque
2977 665 3189 734 jejunio
3229 682 3286 720 se
3320 682 3472 721 com-

1898 760 2204 818 parantem,
2243 762 2404 821 atque
2463 754 2533 806 ita
2587 769 2692 806 non
2731 754 2852 807 sine
2880 767 3164 811 constante
3201 759 3469 818 oratione.

1897 859 2026 898 vero
2059 844 2265 898 lumine
2297 844 2516 900 Christo
2545 846 3039 906 circumvestitum.
3069 848 3283 906 Videsis
3309 853 3471 907 etiam

1896 935 2284 1004 evangelistam
2318 935 2627 991 Matthaeum
2656 939 2964 1007 perutiliter
2987 941 3150 995 rebus
3180 943 3293 996 suis
3328 943 3473 996 vale-

1896 1026 2101 1090 dicere,
2139 1036 2192 1080 et
2232 1029 2382 1097 ipsas
2432 1029 2617 1083 telonii
2651 1031 2893 1085 rationes
2929 1031 3277 1101 imperfectas
3311 1033 3473 1089 deseo

1897 1131 2036 1181 rere,
2070 1128 2234 1187 atque
2267 1118 2338 1172 ita
2371 1119 2578 1174 Christi
2618 1121 3008 1192 discipulatum
3035 1125 3291 1193 arripere.
3327 1124 3473 1178 Non-

1895 1208 2025 1262 dum
2072 1208 2360 1264 Zachaeum
2413 1213 2735 1275 memoravi,
2793 1227 3024 1284 corpore
3070 1229 3134 1269 ac
3185 1226 3365 1269 mente
3409 1217 3474 1270 de

1898 1313 2039 1357 terra
2095 1302 2391 1366 sublatum,
2435 1302 2622 1358 Jesum
2675 1306 2926 1360 convivio
2979 1307 3282 1377 excepisse,
3347 1324 3470 1363 cum

1895 1394 2110 1465 egregia
2142 1409 2239 1449 sua
2273 1395 2662 1464 promissione,
2701 1413 2808 1466 qua
2847 1399 3128 1453 meliorem
3160 1399 3361 1454 Christi
3394 1402 3473 1455 al-

1897 1488 2231 1541 locutionem
2279 1488 2601 1557 promeruit.
2657 1489 2789 1543 ltem
2844 1490 3132 1547 Cornelius
3178 1493 3475 1562 quatriduo

1889 1580 2148 1651 jejunans
2177 1590 2230 1634 et
2254 1595 2440 1643 orans,
2476 1581 2611 1635 vidit
2655 1582 2890 1651 denique
2936 1585 3189 1654 angelum
3232 1585 3472 1654 jucunda

1895 1673 1999 1728 sibi
2050 1671 2413 1736 nuntiantem,
2460 1687 2794 1755 composque
2843 1679 2954 1730 voti
3017 1676 3192 1732 lactus
3239 1687 3343 1733 est.
3393 1676 3472 1730 Tu

1897 1779 2046 1829 vero,
2075 1765 2280 1833 optime
2321 1764 2714 1834 (baptizande),
2753 1776 2814 1820 ut
2854 1769 2992 1822 alios
3025 1784 3170 1824 nunc
3204 1769 3475 1839 appellare

218 1825 323 1878 τῶν
351 1827 586 1882 ἐλπίδων
625 1831 1024 1889 ἐπιτέτευκται.
1056 1837 1128 1888 Σὺ
1159 1837 1214 1888 δὲ
1240 1879 1253 1899 ,
1292 1834 1336 1890 ὦ
1375 1838 1617 1908 βέλτιστε
1639 1884 1654 1907 ,
1707 1842 1785 1895 ἵνα

1897 1856 2165 1922 omittam,
2195 1856 2297 1911 etsi
2331 1872 2437 1910 non
2475 1859 2594 1910 sine
2631 1859 2893 1927 religione
2917 1860 3205 1932 longisque
3227 1861 3476 1916 excubiis

217 1916 344 1978 τοὺς
373 1916 568 1980 ἄλλους
592 1920 829 1990 παρήσω
859 1921 1060 1991 λέγειν,
1092 1927 1192 1979 οὐκ
1218 1927 1347 1981 ἄνευ
1378 1930 1665 1995 εὐλαϐείας
1697 1935 1793 1986 καὶ

219 2008 421 2077 πολλῇς
457 2010 818 2081 προφυλακῆς
848 2018 960 2078 τοῖς
995 2015 1162 2081 θείοις
1204 2022 1662 2092 προσερχόμενος,
1697 2024 1789 2078 οὑ-

214 2116 319 2163 τως
354 2100 543 2164 ἁπλῶς
587 2102 683 2155 καὶ
710 2103 1216 2175 ἀπαρασκευάστως
1244 2112 1322 2182 τῷ
1368 2113 1640 2184 ὑπερφαεί
1686 2134 1789 2185 μυ-

217 2192 426 2263 στηρίῳ
459 2194 803 2266 προσελεύσῃ
830 2237 845 2260 ,
879 2197 948 2250 δι’
978 2192 1039 2252 οὗ
1091 2219 1173 2255 σοι
1218 2205 1313 2257 καὶ
1361 2207 1393 2275 ή
1431 2206 1489 2258 ἐν
1520 2207 1792 2278 πνεύματι

214 2284 492 2352 ἁπότεξις,
545 2291 640 2342 καὶ
685 2289 746 2342 τὸ
793 2291 906 2355 υίὸς
949 2293 1128 2359 φωτὸς
1182 2296 1524 2367 κεκλῆσθαι;
1572 2301 1680 2354 ικαὶ
1729 2303 1791 2354 οὐ

215 2375 352 2447 φοϐῇ
381 2379 456 2448 μή
483 2394 617 2433 ποτε
639 2383 838 2435 ταυτὸν
868 2384 1061 2449 πάθοις
1082 2385 1160 2456 τῷ
1179 2387 1479 2461 ὀφθαλμοῖς
1507 2393 1792 2452 ἀσθενέσιν

214 2470 487 2524 ἁντωπεῖν
515 2474 884 2545 ἐπιχειροῦντι
920 2477 1058 2549 πρὸς
1085 2480 1178 2534 τὸν
1206 2483 1394 2551 ἦλιον;

286 2571 356 2634 γ’.
412 2567 556 2620 Ἀλλ’
583 2569 773 2640 ἐπειδὴ
805 2570 964 2624 τοῦτο
1007 2573 1223 2639 καλῶς,
1254 2576 1331 2641 ὡς
1387 2574 1574 2652 οἶμαι,
1608 2587 1793 2658 προδι-

216 2657 376 2729 έτεθη
415 2660 511 2711 καὶ
539 2659 845 2734 διετυπώθη
870 2703 886 2728 ,
941 2664 1073 2733 φέρε
1101 2665 1177 2731 ὡς
1204 2662 1315 2723 οἶόν
1340 2688 1415 2726 ,τε
1454 2678 1793 2748 χωρήσωμεν

213 2750 308 2801 ἐπὶ
329 2749 399 2802 τὰ
431 2749 726 2820 Προφόηια
746 2794 761 2819 ,
788 2757 881 2809 καὶ
913 2756 1113 2828 ἴδωμεν
1138 2760 1571 2834 κεκαθαρμένοις
1597 2770 1794 2840 ὀφθαλ-

215 2844 338 2913 μοῖς
387 2843 539 2906 ὅπως
581 2843 646 2897 τὸ
694 2846 950 2917 ἀληθινὸν
1002 2850 1117 2920 φῶς
1161 2853 1222 2919 ἐξ
1265 2857 1436 2926 αὐτῆς
1483 2864 1793 2932 γεννήσεως

212 2939 622 3006 ἁνατεταλκὸς,
677 2942 841 3012 μέχρι
888 2945 985 2998 τοῦ
1039 2948 1382 3018 φωτογενοῦς
1414 2949 1794 3024 βαπτίσματος

212 3031 431 3101 πρόεισι
463 3031 889 3104 θεολογούμενον
911 3054 922 3070 ·
949 3037 1090 3092 οὑτω
1113 3039 1222 3110 γὰρ
1253 3041 1282 3093 6
1308 3041 1432 3106 νοῦς
1462 3047 1528 3116 τῇ
1582 3047 1792 3118 ἱστορίᾳ

212 3123 582 3192 συνεπόμενος
616 3125 930 3193 φωτίζοιτο,
966 3130 1058 3182 καὶ
1097 3131 1126 3182 6
1171 3130 1330 3199 λόγος
1362 3133 1653 3205 ἐφαρμογῇ
1687 3138 1788 3205 τὴν

206 3213 466 3286 διήγησιν
496 3218 778 3287 ποιήσοιτο
801 3257 817 3282 ,
868 3219 955 3288 ἐφ’
987 3220 1190 3294 ἑκάστῃ
1235 3222 1428 3294 τελετῇ
1466 3225 1787 3295 ἐπιθεωρῶν

205 3307 273 3360 τὰ
302 3309 684 3380 προσήκοντα.
720 3311 882 3383 Ι’Λρτι
911 3313 1204 3384 τοιγαροῦν
1243 3317 1310 3369 ἐκ
1353 3317 1629 3386 Παρθένου
1663 3335 1790 3388 γεν-

206 3400 396 3470 νηθεὶς
425 3402 455 3454 6
481 3402 835 3472 ὑπερούσιος,
868 3405 1132 3473 ἀγγέλους
1157 3408 1436 3478 ὑμνῳδοὺς
1453 3409 1549 3463 τοῦ
1575 3428 1786 3482 μυστη-

210 3498 323 3560 ρίου
361 3494 694 3565 παρίστησι·
741 3496 837 3548 καὶ
888 3498 1183 3568 σκοπῶμεν
1215 3499 1276 3553 τὸ
1305 3501 1654 3572 ἀπόρρητον·
1695 3503 1784 3568 τίς

207 3584 320 3639 Ἰνα
369 3587 650 3657 γνωρισθῇ
701 3589 873 3640 πᾶσιν
900 3589 981 3641 ὃτι
1011 3589 1070 3642 ὃν
1110 3591 1230 3643 κατ’
1261 3590 1435 3661 ἀρχὰς
1467 3594 1532 3663 τῇ
1569 3593 1784 3661 γενέσει

204 3675 308 3728 τῶν
335 3677 560 3748 ἄστρων
589 3678 666 3740 ὡς
696 3680 1078 3750 γενεσιουργὸν
1107 3671 1356 3753 ὕμνησαν
1387 3682 1631 3751 ἄγγελοι,
1657 3685 1780 3739 τοῦ-

203 3782 293 3821 τον
317 3767 413 3821 νῦν
442 3770 777 3840 γεννηθέντα
813 3771 906 3824 καὶ
938 3771 1170 3839 ὀφθέντα
1193 3774 1252 3826 ἐν
1271 3773 1348 3844 τῷ
1374 3774 1499 3827 καθ’
1529 3776 1680 3846 ἡμᾶς
1707 3777 1785 3829 εἴ-

204 3859 279 3912 δει
309 3859 546 3929 ὑμνοῦσι
577 3863 672 3914 καὶ
705 3862 1020 3927 δοξάζουσι·
1040 3863 1119 3917 διὸ
1150 3864 1247 3917 καὶ
1275 3865 1451 3936 ἀστὴρ
1477 3867 1640 3919 αὑτὸν
1674 3886 1781 3939 μη-

205 3950 314 4004 νύει
347 3953 506 4015 πᾶσι,
537 3955 634 4007 καὶ
669 3953 844 4019 οὕτως
879 3955 1021 4026 ὑπὲρ
1047 3956 1146 4028 τὴν
1184 3958 1292 4010 τῶν
1333 3958 1582 4029 ἀστέρων
1619 3959 1782 4029 φύσιν

203 4043 584 4116 δεικνύμενος,
612 4049 679 4117 τῇ
710 4064 768 4099 τε
797 4051 998 4120 τοπικῇ
1030 4051 1239 4121 κινήσει
1266 4089 1282 4116 ,
1316 4052 1412 4104 καὶ
1443 4054 1509 4123 τῇ
1542 4053 1777 4124 ήμερινῇ

203 4133 399 4206 λάμψει
421 4152 436 4167 ο
470 4136 525 4190 τί
554 4139 792 4207 Squere;
828 4139 910 4202 Ὠς
943 4139 1009 4193 ἂν
1038 4141 1337 4195 κάντεῦθεν
1365 4143 1575 4213 δηλωθῇ
1613 4145 1780 4215 ὑπερ-

203 4230 336 4299 φυὴς
382 4232 412 4284 6
463 4231 690 4301 κυηθεὶς
716 4270 730 4294 ,
766 4232 1052 4301 ἄνθρωπος
1085 4236 1184 4304 μέν
1212 4235 1274 4288 τὺ
1302 4234 1606 4306 ὁρώμενον,
1649 4238 1778 4302 Θεὸς

201 4318 338 4373 δὲτὸ
365 4321 681 4392 νοούμενον.
728 4323 1012 4377 Ἐντεῦθεν
1053 4325 1112 4378 τὸ
1156 4327 1254 4397 τῆς
1301 4329 1606 4398 περιτομῆς
1642 4329 1768 4386 θεώ-

203 4427 366 4480 ρημα,
402 4414 517 4466 οὐδ’
559 4413 693 4467 αὑτὸ
738 4416 1002 4486 ἀμοιροῦν
1030 4416 1309 4487 θεολογίας
1343 4423 1458 4483 τοῖς
1498 4423 1773 4493 ἐπεσκεμ-

1895 1950 1959 2001 ad
1995 1949 2106 2002 haec
2139 1962 2296 2001 sacra
2336 1947 2576 2012 accedis,
2613 1948 2971 2004 nihilominus
3022 1959 3128 2004 tam
3160 1962 3366 2005 temere
3395 1961 3476 2005 at-

1893 2055 2000 2110 que
2025 2040 2323 2108 imparatus
2355 2041 2420 2094 ad
2445 2040 2946 2107 splendidissimum
2977 2045 3294 2113 mysterium
3320 2045 3473 2103 ades.

1895 2133 1949 2188 in
1975 2146 2084 2202 quo
2115 2140 2203 2185 tua
2239 2132 2500 2200 spiritalis
2526 2133 2584 2186 lit
2614 2133 2892 2195 nativitas,
2921 2142 2976 2187 et
2999 2135 3142 2189 unde
3166 2135 3301 2190 lueis
3330 2134 3476 2189 ﬁlius

1895 2226 2185 2296 appellaris
2207 2223 2356 2279 ?Nee
2376 2225 2607 2288 vereris,
2639 2241 2707 2280 ne
2738 2225 2788 2279 id
2817 2227 3065 2296 patiaris.
3090 2227 3235 2296 quod
3263 2227 3475 2282 homini

1895 2315 2128 2370 inﬁrmis
2176 2315 2351 2370 oculis
2397 2315 2569 2370 solem
2602 2325 2851 2384 spectare
2904 2317 3107 2373 volenti
3159 2318 3294 2373 solet
3331 2318 3477 2373 acci-

1894 2404 2064 2460 dere?

1967 2585 2020 2639 3.
2055 2582 2159 2638 Sed
2192 2585 2319 2653 quia
2353 2584 2458 2640 hoc
2487 2585 2723 2656 egregie,
2757 2595 2817 2640 ut
2844 2587 3120 2652 existimo,
3145 2587 3258 2655 jam
3285 2589 3475 2660 dispo-

1896 2677 2063 2734 situm
2113 2678 2219 2733 fuit
2255 2686 2308 2733 et
2361 2679 2743 2746 constitutum,
2795 2693 2894 2748 age
2928 2681 3112 2750 quoad
3146 2681 3260 2735 ﬁeri
3295 2692 3474 2753 potest

1895 2772 1961 2827 ad
1995 2772 2100 2826 hoc
2147 2771 2488 2842 pervigilium
2541 2773 2847 2838 veniamus,
2910 2774 3266 2845 purgatisque
3298 2776 3474 2830 oculis

1895 2866 2272 2930 observemus,
2313 2865 2590 2935 quomodo
2637 2881 2824 2920 verum
2878 2866 3059 2921 lumen
3096 2867 3210 2938 jam
3247 2868 3374 2923 inde
3404 2870 3474 2923 ah

1895 2957 2011 3026 ipsa
2043 2955 2324 3011 nativitate
2354 2966 2559 3022 ortum,
2595 2972 2768 3027 usque
2803 2957 2870 3012 ad
2918 2959 3262 3027 splendidum
3293 2959 3470 3029 bapti-

1895 3064 2070 3104 smum
2103 3047 2304 3103 comite
2350 3048 2632 3103 divinitate
2671 3049 2949 3118 procedat.
2998 3047 3089 3104 Sic
3122 3051 3268 3104 enim
3316 3066 3471 3106 mens

1896 3137 2180 3192 historiam
2216 3137 2534 3194 discurrens
2573 3139 2957 3205 illustrabitur,
2990 3151 3044 3196 et
3073 3144 3249 3197 oratio
3283 3153 3470 3199 nostra

1893 3227 2144 3284 idoneam
2175 3229 2546 3283 narrationem
2573 3228 2754 3296 faciet,
2789 3240 2901 3284 tum
2929 3231 2980 3285 in
3014 3233 3244 3303 singulis
3275 3234 3472 3288 divina:

1890 3321 2014 3375 vitae
2060 3321 2322 3390 gradibus
2371 3319 2518 3390 quod
2571 3321 2815 3390 apprime
2867 3323 3023 3378 decet
3077 3324 3467 3381 considerabit.

1889 3409 2072 3480 Nuper
2113 3425 2243 3481 ergo
2291 3426 2358 3464 ex
2416 3409 2638 3480 Virgine
2695 3421 2853 3468 natus
2900 3415 3470 3483 incomprehensibilis

1889 3500 2054 3567 Deus,
2085 3501 2310 3571 angelos
2345 3502 2591 3571 mysterii
2623 3501 2987 3572 hymnologos
3027 3504 3176 3557 fecit.
3212 3503 3277 3557 Et
3310 3520 3461 3558 arca-

1888 3609 2043 3660 num,
2100 3609 2311 3664 quaeso,
2369 3594 2894 3650 animadvertamus.
2956 3595 3241 3661 Quodnam
3299 3599 3472 3652 vero?

1888 3683 2090 3753 Nempe
2125 3692 2182 3737 ut
2210 3684 2470 3740 omnibus
2505 3694 2692 3739 notum
2736 3685 2906 3750 tieret,
2947 3687 3090 3755 quod
3126 3688 3277 3742 illum
3305 3704 3466 3758 quem

1885 3775 2042 3829 initio
2091 3776 2300 3842 mundi,
2354 3792 2476 3830 cum
2530 3786 2678 3831 astra
2740 3777 3130 3843 conderentur,
3207 3787 3466 3848 tanquam

1883 3865 2198 3921 Creatorem
2246 3869 2444 3938 hymno
2474 3869 2905 3928 celehraverant,
2953 3885 3101 3923 nunc
3155 3870 3468 3925 humanitus

1886 3968 2094 4021 natum,
2121 3956 2251 4010 etin
2283 3957 2461 4024 Specie
2487 3969 2670 4011 nostra
2696 3958 2899 4024 visum,
2936 3961 3154 4014 hvmnis
3178 3962 3464 4015 celebrant

1882 4059 2046 4119 atque
2075 4051 2364 4106 honorant.
2400 4049 2632 4121 Ideoque
2659 4062 2712 4105 et
2752 4053 2908 4106 stella
2950 4055 3167 4108 cunctis
3202 4055 3357 4108 illum
3391 4055 3468 4110 si-

1881 4141 2121 4212 gniﬁcat,
2157 4143 2310 4196 stella
2343 4145 2552 4198 scilicet
2584 4155 2782 4214 praeter
2818 4160 2972 4199 suam
3009 4155 3260 4199 naturam
3296 4157 3468 4199 semet

1879 4235 2165 4298 exhibens,
2191 4245 2306 4288 tum
2338 4235 2496 4289 locali
2524 4249 2698 4301 motu,
2728 4245 2842 4290 tum
2869 4237 3036 4290 etiam
3063 4239 3262 4291 diurno
3285 4239 3464 4307 splen.

1879 4327 2032 4382 dore.
2067 4325 2179 4381 Cur
2211 4327 2306 4381 id?
2340 4329 2581 4397 inquam.
2621 4326 2693 4382 Ut
2725 4329 2852 4382 hinc
2882 4330 3046 4383 etiam
3081 4339 3463 4398 supernatura-

1879 4420 1946 4474 lis
1977 4429 2263 4488 appareret
2292 4420 2383 4489 qui
2417 4432 2576 4474 natus
2608 4431 2742 4478 erat.
2773 4429 2826 4474 et
2849 4422 3014 4475 homo
3039 4423 3254 4491 quidem
3278 4439 3465 4477 cerne-

203 4503 371 4568 μένως
397 4506 584 4574 ἔχουσι
601 4523 615 4536 ·
638 4507 700 4558 τὸ
723 4507 832 4576 γὰρ
857 4509 1150 4579 ἐπικληθὲν
1181 4511 1330 4582 αὑτῷ
1346 4512 1552 4581 Ἰησοῦς
1579 4513 1769 4582 ὄνομα,

1890 4524 2052 4578 retur,
2090 4517 2229 4569 Deus
2271 4524 2450 4569 tamen
2484 4515 2900 4585 intelligeretur.
2937 4515 3200 4586 Sequitur
3224 4517 3464 4569 circum-

202 4595 332 4648 κατὰ
360 4598 462 4667 τὴν
503 4598 601 4651 τοῦ
639 4599 877 4667 ἀγγέλου
908 4602 1340 4674 πρωνάρρησιν,
1379 4603 1613 4675 ἐπείπερ
1655 4607 1774 4658 ἐστὶ

200 4685 444 4759 Σωτῆρος
477 4691 719 4761 ἔμφασιν
760 4692 902 4762 ἔχον,
956 4694 1106 4758 θείας
1159 4697 1374 4765 φύσεως
1408 4698 1773 4767 γνωριστικόν

97 4834 100 4836 ν
202 4774 342 4843 ἐστι,
377 4780 549 4833 παντί
579 4798 684 4833 που
730 4782 922 4852 δῆλον·
963 4785 1098 4854 μηδὲ
1129 4784 1238 4856 γάρ
1270 4788 1636 4857 ἐπιπεμπέτω
1672 4788 1773 4858 τὴν

200 4866 446 4930 γλῶσσαν
470 4871 712 4925 ἐνταῦθα
741 4875 770 4927 6
807 4875 1075 4946 θεομάχος
1102 4877 1190 4932 διὰ
1210 4879 1309 4950 τῆς
1334 4879 1432 4932 τοῦ
1472 4880 1648 4950 Ἰησοῦ
1677 4881 1771 4934 τοῦ

201 4955 346 5032 Ναυῆ
382 4964 715 5034 ὁμωνυμίας
768 4967 1274 5039 προεξηγούμενος,
1308 4970 1385 5034 ὡς
1415 4971 1516 5023 οὑκ
1542 4972 1636 5025 ἐπὶ
1673 4973 1769 5026 τοῦ

201 5047 323 5103 Θεοῦ
352 5057 554 5125 Λόγου,
583 5057 702 5109 ἀλλ’
741 5059 835 5111 ἐπὶ
867 5058 1255 5131 τοῦ-σχετικῶς
1283 5062 1435 5132 αὑτῷ
1466 5062 1770 5131 συναφθέν-

199 5155 280 5204 τος
297 5146 630 5219 τεθειμένον.
658 5149 795 5202 Οὑδέ
820 5151 950 5221 γὰρ,
975 5151 1207 5222 ἐπείπερ
1231 5153 1416 5206 πολλοὶ
1446 5157 1651 5224 κύριοι,
1673 5155 1769 5207 καὶ

199 5232 255 5283 0‘5
286 5242 423 5294 κατὰ
458 5242 629 5312 φύσιν
676 5237 857 5296 οὑτοι·
891 5246 1026 5315 πρὸς
1075 5245 1134 5298 δέ
1180 5246 1276 5300 καὶ
1321 5246 1453 5314 θεοὶ,
1504 5247 1625 5300 ἀλλ’
1657 5247 1768 5301 οὐδ’

199 5320 341 5379 αὑτοὶ
373 5333 514 5385 κατὰ
545 5332 713 5400 φύσιν
733 5347 749 5363 ·
788 5332 904 5385 ἀλλ’
935 5329 1016 5394 εἷς
1049 5334 1272 5406 Κύριος,
1301 5333 1381 5400 εἷς
1413 5336 1542 5401 Θεὸς
1569 5339 1597 5391 6
1621 5337 1766 5392 κατά

201 5411 350 5477 φύσιν
374 5420 588 5493 ἀληθής
610 5437 624 5450 ·
651 5420 796 5474 οὕτω
824 5425 919 5476 καὶ
953 5423 1147 5477 πολλαὶ
1180 5427 1760 5500 προσηγορίαιἸησοῦ,

201 5501 304 5559 ἀλλ’
333 5505 412 5575 εἷς
449 5513 666 5586 Ἰησοῦς
695 5515 724 5565 ό
743 5515 850 5568 τῶν
876 5517 1132 5570 ἁπάντων
1158 5519 1367 5589 Σωτήρ.

1876 4608 2100 4664 cisionis
2126 4608 2534 4678 contemplatio,
2570 4624 2636 4662 ne
2667 4609 2783 4678 ipsa
2817 4609 3036 4678 quidem
3067 4608 3341 4678 theologia
3373 4623 3460 4661 ca-

1875 4715 2023 4765 rens,
2053 4699 2098 4754 si
2126 4700 2287 4753 modo
2322 4700 2530 4752 intenta
2563 4710 2745 4754 mente
2790 4699 2901 4754 fiat.
2935 4699 3070 4753 Nam
3104 4698 3232 4755 Jesu
3261 4714 3458 4754 nomen

1873 4791 2213 4860 impositum,
2235 4789 2388 4856 juxta
2411 4791 2589 4861 angeli
2622 4791 3055 4860 prmdictionem,
3098 4792 3226 4860 quia
3260 4791 3460 4845 Serva-

1873 4893 2044 4938 toreut
2103 4894 2283 4948 sonat,
2337 4884 2534 4938 divinae
2590 4895 2799 4938 naturae
2857 4883 3275 4955 signiﬁcativum
3337 4897 3460 4937 esse

1878 4989 2038 5028 nemo
2066 4990 2175 5029 non
2207 4975 2371 5039 videt.
2400 4975 2584 5046 Neque
2609 4991 2740 5031 vero
2768 4974 2855 5029 hic
2880 4975 3055 5029 vibret
3095 4974 3333 5044 linguam
3367 4972 3458 5025 Dei

1872 5066 2069 5136 aliquis
2096 5067 2289 5130 hostis,
2319 5078 2537 5138 pr0pter
2558 5068 2684 5122 Jesu
2709 5066 2857 5120 Nave
2907 5066 3002 5120 ﬁlii
3029 5065 3456 5135 homonymiam,

1869 5155 2057 5210 dicens
2087 5173 2194 5212 non
2230 5157 2400 5212 fuisse
2432 5159 2534 5214 hoc
2570 5174 2767 5212 nomen
2827 5169 3083 5228 tanquam
3132 5158 3244 5211 Deo
3281 5156 3458 5212 Verbo

1870 5246 2208 5318 impositum,
2246 5250 2338 5304 sed
2378 5250 2585 5305 homini
2616 5251 2775 5320 cujus
2809 5267 2933 5306 cum
2968 5251 3060 5305 illo
3093 5260 3275 5305 vetere
3317 5265 3452 5304 con-

1870 5340 2141 5396 venientia
2191 5344 2368 5412 aliqua
2424 5342 2546 5398 fuit.
2599 5343 2786 5413 Neque
2830 5346 2998 5405 enini,
3032 5343 3245 5398 etiamsi
3297 5341 3451 5394 multi

1872 5431 2078 5487 domini
2128 5444 2273 5499 sunt,
2322 5434 2463 5489 haud
2497 5444 2672 5490 tamen
2710 5444 2900 5489 natura
2930 5445 3057 5489 sunt
3081 5435 3247 5498 tales;
3281 5433 3364 5486 vel
3407 5433 3454 5485 si

1874 5525 2028 5578 multi
2053 5527 2148 5590 dii,
2180 5543 2249 5582 ne
2278 5526 2330 5580 hi
2372 5528 2590 5597 quidem
2622 5543 2809 5597 reapse
2840 5527 3013 5593 tales;
3046 5526 3140 5581 sed
3173 5541 3316 5580 unus
3347 5524 3452 5577 Do-

200 5597 386 5667 minus,
419 5624 566 5664 unus
621 5607 767 5664 Deus
796 5620 987 5681 suapte
1019 5620 1214 5666 natura
1242 5628 1422 5668 verus.
1475 5612 1568 5668 Sic
1593 5612 1758 5668 etiam
1795 5615 1949 5670 multi
2023 5629 2150 5674 sunt
2193 5619 2416 5674 nomine
2459 5619 2586 5676 Jesu
2635 5619 2914 5690 appellati.
2959 5630 3018 5672 ut
3091 5627 3272 5671 tamen
3312 5633 3453 5671 unus

203 5687 263 5742 sit
282 5688 433 5754 Jesus
471 5702 728 5757 omnium
762 5700 1038 5758 Servator.

260 5784 319 5842 δ’.
371 5793 656 5852 Ἐντεῦθεν
682 5796 912 5868 ἀνῆκται
940 5800 1018 5863 είς
1059 5799 1433 5873 Ἰεροσόλυμα·
1469 5802 1561 5856 καὶ
1582 5795 1666 5862 οἷα
1693 5803 1758 5857 τὰ

1937 5802 1989 5857 4.
2021 5799 2222 5856 Deinde
2249 5795 2679 5871 Hierosolymam
2714 5797 3030 5868 deportatus
3056 5804 3138 5850 est
3169 5813 3181 5848 ι
3214 5802 3266 5850 et
3297 5807 3444 5864 quae-
