4000 6306
523 368 628 432 703

1701 376 1760 434 S.
1802 374 2197 434 THEODORI
2235 374 2584 434 STUDlT/E

3677 363 3786 428 ’104

520 501 646 539 nam
691 483 810 553 ejus
845 484 939 554 qui
972 483 1122 538 illum
1169 484 1311 540 ulnis
1349 486 1559 556 excepit
1615 486 1888 542 Simeonis
1937 487 2099 542 verba

2229 486 2296 539 ςοῦ
2334 484 2734 553 ὑποδεξαμένου
2769 483 2928 538 αὑτὸν
2981 485 3037 535 ἐν
3085 481 3204 542 ταῖς
3251 478 3522 546 ἀγκάλαις
3557 479 3787 548 Συμεὼν

522 577 744 642 fuerint,
794 579 1035 642 scimus;
1080 592 1274 647 nempe
1305 578 1448 647 quod
1501 586 1646 633 esset
1693 579 1933 633 salutare
1983 578 2100 642 Dei,

2207 579 2449 650 ῥήματα,
2485 578 2644 648 ῐσμεν
2666 592 2679 606 ·
2728 576 2789 629 τ’)
2830 576 2938 647 γάρ
2971 573 3237 643 σωτήριον
3268 569 3404 623 Θεοῦ
3438 571 3791 640 ἡτοιμασμέ-

522 676 767 735 paratum
796 676 920 722 ante
946 665 1139 722 faciem
1167 669 1412 723 omnium
1444 669 1793 739 populorum,
1827 679 1880 726 et
1909 671 2101 725 lumen

2229 686 2294 723 ιον
2333 667 2480 722 κατὰ
2523 668 2814 740 πρόσωπον
2847 667 3064 721 πάντων
3104 662 3213 716 τῶν
3244 661 3412 724 λαῶν.
3439 661 3556 731 φῶς
3598 678 3658 714 τε
3704 665 3789 725 εἰς

522 759 588 812 ad
619 759 855 829 gentium
901 760 1286 815 revelationem
1315 762 1356 828 ',
1383 769 1439 815 et
1490 761 1534 814 si
1569 762 1698 831 quid
1731 763 1878 820 aliud
1914 763 2105 833 hujus-

525 853 671 908 modi
701 853 766 908 de
793 853 885 907 illo
907 855 1304 923 pronuntiavit,
1334 853 1384 909 id
1423 869 1578 924 teque
1607 856 1673 910 de
1706 855 1862 911 Patre
1894 856 2106 911 theolo-

526 941 645 1009 gice
675 941 782 995 dici
817 957 977 1012 posse
1003 943 1360 1012 judicandum
1391 951 1493 998 est.
1527 942 1774 1014 Namque
1805 945 1968 1000 etiam
2005 945 2108 1000 Pa-

527 1045 629 1098 ter,
660 1031 921 1088 Servatur
952 1036 1244 1105 lumenque
1277 1039 1332 1090 iu
1362 1037 1602 1093 oraculis
1636 1038 1970 1092 nominatur.
2003 1038 2107 1104 Qui

527 1136 690 1188 porro
740 1123 984 1178 eamdem
1046 1125 1461 1194 appellationem
1511 1127 1850 1182 substantive
1892 1129 2110 1196 partici-

528 1219 678 1279 paut,
731 1212 894 1267 iidem
938 1216 1184 1269 eamdem
1221 1231 1441 1285 quoque
1490 1232 1550 1271 se
1605 1217 1805 1272 habere
1859 1227 2108 1272 naturam

531 1304 794 1372 produnt.
829 1304 1016 1377 Itaque
1051 1305 1224 1362 Filius
1250 1307 1397 1362 Patri
1427 1309 1504 1362 ait
1536 1326 1548 1362 :
1577 1307 1771 1362 Omnia
1827 1324 1970 1375 mea,
2021 1319 2112 1365 tua

530 1402 693 1460 sunt;
726 1403 781 1450 et
812 1405 924 1461 tua,
958 1412 1078 1452 mea
1114 1417 1126 1452 :
1158 1400 1593 1468 reciprocatione
1622 1400 1922 1454 secundum
1955 1411 2114 1456 natu-

533 1503 648 1542 ram
684 1489 972 1556 affirmata,
1006 1508 1110 1547 non
1174 1493 1474 1547 secundum
1530 1509 1886 1562 personarum
1923 1496 2113 1549 termi-

531 1595 662 1634 num
704 1600 717 1636 :
750 1583 855 1636 hoc
894 1584 1041 1636 enim
1085 1582 1406 1638 Sabellianae
1443 1584 1782 1641 confusionis
1832 1601 2114 1641 commen-

531 1683 644 1727 tum
691 1683 794 1739 est,
844 1675 988 1745 quod
1023 1677 1320 1746 rejicimus.
1367 1675 1560 1730 Postea
1594 1679 1648 1731 in
1695 1675 1990 1748 Egyptum
2022 1680 2116 1733 de-

531 1764 766 1828 scendit,
798 1774 852 1820 et
882 1765 1097 1835 quidem
1139 1767 1480 1837 deportatus.
1514 1768 1618 1822 Sed
1656 1769 1778 1822 audi
1811 1769 1941 1838 quid
1972 1769 2116 1824 dicat

2206 758 2547 828 ἀποκάλυψιν
2580 758 2772 823 ἐθνῶν,
2819 758 2912 811 καὶ
2958 757 3011 810 εί
3049 773 3101 810 τι
3147 753 3358 816 τούτοις
3407 753 3597 823 ἕτερον
3624 753 3791 805 αὑτὸν

2207 849 2571 914 ἀποκαλέσαι,
2603 852 2689 904 ἐπ’
2718 850 2838 920 ίσης
2867 851 2945 919 τῷ
2987 847 3161 918 Πατρὶ
3193 841 3306 899 εἷεν
3346 843 3753 914 θεολογούμενα
3773 861 3788 877 ο

2209 941 2333 996 ἐπεὶ
2360 941 2454 995 καὶ
2479 943 2506 994 ό
2536 942 2726 1013 Πατὴρ
2760 941 2854 994 καὶ
2889 940 3083 1011 Σωτὴρ
3108 938 3204 992 καὶ
3237 936 3352 1005 φῶς
3383 935 3524 1006 πρὸς
3550 937 3666 998 τοῖς
3697 936 3790 988 λο-

2209 1032 2351 1101 γίοις
2393 1033 2751 1104 ὠνόμασται·
2787 1031 2856 1086 τὰ
2897 1031 2956 1085 δὲ
2988 1031 3087 1101 τῆς
3131 1029 3306 1099 αὐτῆς
3335 1025 3637 1097 ὀνομασίας
3681 1027 3791 1081 ῦπ-

2211 1125 2470 1195 αρκτικά,
2519 1125 2613 1176 καὶ
2653 1123 2752 1193 τῆς
2800 1120 2969 1192 αὐτῆς
3002 1118 3069 1173 ἂν
3106 1119 3192 1188 εῐη
3228 1119 3447 1187 φύσεως
3489 1116 3790 1187 δηλωτικά.

2214 1213 2325 1267 Καὶ
2368 1212 2500 1281 γοῦν
2539 1211 2664 1275 Υίδς
2715 1210 2852 1282 πρὸς
2889 1209 2981 1262 τὸν
3027 1206 3249 1277 Πατέρα
3291 1204 3458 1275 φησι·
3492 1202 3682 1256 Πάντα
3721 1203 3794 1256 τὰ

2214 1304 2325 1373 ἐμὰ
2359 1305 2429 1358 σά
2458 1304 2596 1368 ἐστι,
2625 1303 2721 1356 καὶ
2751 1302 2817 1355 τὰ
2850 1300 2917 1354 σά
2941 1298 3050 1370 ἐμά
3069 1315 3082 1328 ·
3120 1297 3222 1368 τῆς
3254 1295 3618 1364 ἀπιστροφῆς
3649 1294 3794 1348 κατά

2214 1395 2305 1448 τὸν
2347 1396 2446 1466 τῆς
2492 1394 2679 1456 οὐσίας
2718 1391 2964 1460 δηλονότι
3009 1389 3168 1457 λόγον
3211 1384 3692 1458 δμολογουμένης,
3731 1386 3795 1437 οὐ

2215 1485 2359 1541 κατά
2415 1486 2509 1540 τὸν
2561 1485 2672 1539 τῶν
2725 1483 3080 1538 ὑποστάσεων
3121 1481 3281 1550 ὅρον·
3334 1477 3495 1531 τοῦτο
3533 1475 3643 1543 γὰρ
3693 1475 3798 1544 τῆς

2219 1580 2533 1649 συγχύσεως
2568 1577 2859 1632 Σαὸελλίου
2887 1576 2945 1630 τὸ
2974 1577 3232 1647 φρόνημα
3257 1615 3272 1639 ,
3314 1573 3452 1640 ὅπερ
3480 1569 3795 1640 ηρνήμεθα.

2229 1671 2513 1726 Ἐντεῦθεν
2559 1671 2804 1725 κάτεισιν
2848 1670 2929 1731 είς
2988 1668 3262 1735 Αίγυπτον
3307 1663 3401 1717 καὶ
3450 1662 3800 1732 ὑπειλημμέ-

2219 1777 2306 1824 νος
2361 1759 2508 1833 [cod.
2557 1753 3026 1829 bmtlnppévovl°
3082 1755 3197 1809 ἀλλ’
3255 1753 3488 1808 ἄκουσον
3534 1751 3588 1804 τί
3629 1768 3801 1822 φησιν

536 1855 704 1910 Isaias
733 1874 746 1910 :
776 1855 910 1910 Ecce
951 1855 1211 1910 Dominus
1261 1857 1359 1910 levi
1409 1859 1532 1910 nubi
1579 1859 1813 1911 insidens
1861 1859 2023 1912 veniet
2058 1859 2112 1913 in

2229 1852 2451 1914 Ἡσαΐας
2471 1869 2485 1881 ·
2529 1851 2676 1906 Ἰδοὺ
2703 1852 2922 1918 Κύριος
2947 1848 3196 1916 κάθηται
3225 1846 3326 1900 ἐπὶ
3351 1844 3613 1914 νεφέλης
3653 1846 3798 1898 κού-

533 1946 847 2017 Ᾰίςμριωη,
872 1958 922 2002 et
950 1958 1141 2002 cuncta
1165 1946 1387 2018 Egypli
1417 1949 1561 2002 idola
1585 1967 1764 2003 coram
1793 1967 1852 2003 eo
1881 1966 2113 2004 commo-

536 2037 790 2089 vebuntur
820 2037 860 2090 ⁸.
894 2037 1032 2102 Quid
1080 2038 1282 2092 clarius
1309 2039 1415 2093 dici
1461 2039 1638 2107 potuit
1687 2041 1753 2094 de
1791 2040 1896 2094 Deo
1938 2040 2115 2094 incar-

540 2138 667 2182 nato
698 2129 828 2183 illuc
861 2129 1222 2184 adventante?
1264 2131 1383 2184 Mox
1415 2131 1482 2184 de
1516 2130 1753 2202 {Egypto
1806 2133 2114 2196 revertitur,

535 2233 591 2276 et
617 2221 914 2276 iucolatum
949 2219 1200 2275 Nazareti
1229 2221 1446 2292 delegit,
1482 2225 1624 2278 unde
1656 2224 1818 2278 etiam
1850 2240 2115 2294 agnomen

538 2315 834 2368 contraxit.
869 2310 948 2367 Tu
981 2329 1109 2367 vero
1152 2329 1218 2368 ne
1247 2315 1670 2385 cogitationibus
1714 2315 1956 2381 lluctues,
1986 2317 2115 2370 dum

539 2391 635 2455 Dei.
663 2403 988 2456 descensum
1024 2403 1367 2472 reditumque
1410 2405 1588 2468 audis,
1629 2415 1682 2459 et
1731 2405 1958 2460 localem
2004 2421 2120 2458 mo-

538 2502 653 2558 tum
702 2507 766 2547 ac
830 2493 1387 2563 transmigrationem.
1443 2494 1576 2548 Nam
1633 2497 1676 2549 si
1735 2495 1972 2552 Verbum
2003 2499 2120 2552 sine

539 2598 771 2654 corpore
804 2583 1216 2655 intelligeretur,
1251 2601 1358 2639 non
1391 2594 1590 2641 temere
1613 2575 1846 2641 mentem
1879 2597 2120 2644 nostram

540 2675 878 2731 commoveri
899 2692 963 2731 ac
986 2677 1292 2745 perturbari
1320 2679 1659 2748 contingeret
1685 2696 1698 2730 :
1723 2679 1814 2734 scd
1846 2680 1973 2748 quia
1998 2695 2120 2734 cum

541 2781 770 2836 corpore
801 2773 908 2829 est,
942 2766 1078 2822 nihil
1109 2777 1194 2824 est
1221 2768 1492 2824 absonum
1526 2778 1622 2823 aut
1673 2770 2074 2839 inconsequens
2107 2786 2118 2820 :

541 2870 778 2926 namque
806 2865 866 2910 ut
893 2855 1036 2912 Deus
1069 2857 1125 2912 in
1156 2872 1319 2913 carne
1358 2857 1640 2928 apparuit;
1675 2857 1748 2911 ita
1797 2856 1916 2912 loca
1951 2866 2127 2912 mutat

543 2941 688 2999 Deus
709 2945 763 2998 in
791 2959 981 3008 carne,
1029 2954 1084 3000 et
1123 2945 1261 3001 alias
1287 2946 1558 3016 quaslibet
1585 2948 1706 3000 vitae
1747 2960 1960 3001 carnea:
2003 2961 2126 3017 pro-

542 3035 805 3105 prietates
837 3036 1092 3092 admittit.

614 3216 668 3272 5.
701 3215 840 3271 Hinc
860 3218 973 3287 jam
1005 3233 1180 3273 annos
1211 3217 1500 3275 duodecim
1537 3228 1700 3276 natus
1731 3221 1785 3274 in
1818 3220 1998 3275 medio
2028 3221 2126 3275 do-

543 3318 756 3364 ctorqu
792 3310 967 3376 sedet,
993 3311 1224 3366 audiens
1249 3322 1301 3365 et
1343 3315 1708 3382 interrOgans,
1735 3313 2126 3381 prudentibus-

544 3416 653 3470 que
695 3401 976 3470 responsis
1025 3402 1312 3456 audientes
1344 3403 1804 3472 obstupefaciens.
1839 3405 1950 3474 Age
1999 3417 2127 3458 vero

546 3496 800 3562 quisnam
835 3495 920 3548 illa
967 3505 1125 3550 aetate
1157 3505 1264 3548 tam
1300 3495 1435 3548 mira
1482 3496 1706 3562 diceret,
1765 3497 1868 3550 nisi
1901 3497 2128 3551 omnino

549 3587 866 3641 incarnatus
895 3587 1075 3641 Deus?
1103 3586 1240 3641 Tum
1267 3587 1430 3641 etiam
1461 3603 1491 3642 a
1526 3585 1700 3642 Matre
1744 3590 2125 3658 interrogatus,

546 3694 668 3745 qua:
700 3679 930 3733 revelari
969 3680 1038 3733 ab
1071 3695 1136 3733 eo
1168 3676 1262 3732 Dei
1297 3680 1524 3748 gloriam
1562 3681 1808 3751 optabat,
1856 3682 1931 3736 rei
1966 3695 2129 3752 gesue

551 3773 816 3827 rationem
871 3772 1125 3826 reddidit.
1175 3770 1368 3827 Viden’
1404 3783 1610 3842 quanta
1665 3775 1718 3827 in
1761 3775 1905 3830 brevi
1944 3789 2132 3828 narra-

548 3863 697 3918 tione
728 3863 998 3933 theologia
1045 3864 1154 3917 sit‘!
1196 3873 1249 3918 et
1288 3865 1564 3928 quomodo
1611 3863 1878 3920 Dominus
1926 3864 2131 3936 gloriae,

548 3969 649 4008 ceu
697 3968 790 4008 rex
826 3954 1049 4023 quidam
1093 3957 1380 4024 magnifice
1425 3971 1490 4010 ex
1533 3957 1810 4026 regalibus
1857 3957 2132 4022 thalamis,

557 4044 841 4109 maternis,
860 4044 1106 4114 inquam,
1128 4045 1453 4109 visceribus,
1471 4048 1746 4115 prodiens,
1765 4048 1952 4102 dextra
1973 4048 2134 4102 laeva-

552 4152 659 4204 que
687 4135 905 4207 hymnis
934 4135 1281 4190 celebratur?
1309 4135 1502 4191 Merito
1538 4151 1668 4207 ergo
1716 4137 1940 4192 tonitrui
1992 4137 2135 4192 filius

552 4225 790 4281 Joannes
821 4226 1124 4282 clamavit:
1173 4224 1241 4279 Et
1279 4225 1505 4280 Verbum
1547 4244 1669 4281 caro
1701 4227 1900 4297 factum
1945 4238 2044 4294 est,
2086 4239 2134 4284 et

554 4320 814 4372 Imbitavit
844 4322 900 4373 in
943 4321 1114 4384 nobis,
1142 4331 1192 4374 et
1227 4321 1453 4374 vidimus
1487 4319 1712 4389 gloriam
1747 4319 1883 4388 (jus,
1913 4322 2138 4390 gloriam

553 4411 707 4476 quasi
732 4412 989 4482 unigeniti
1016 4427 1048 4463 a
1081 4409 1260 4472 Patre,
1292 4413 1504 4479 plenum
1532 4412 1721 4479 gratiae
1757 4421 1806 4465 et
1835 4413 2068 4467 veritatis
2094 4415 2136 4468 '.

2218 1961 2357 2013 φης,
2412 1945 2512 1997 καὶ
2567 1943 2702 2009 ἣξει
2759 1943 2846 2005 εὶς
2877 1941 3209 2009 Αιγυπτον,
3255 1936 3351 1991 καὶ
3405 1932 3801 2000 σεισθήσεται

2219 2036 2414 2088 πάντα
2442 2035 2513 2088 τὰ
2559 2031 2943 2102 χειροποίητα
2987 2031 3286 2098 Αἰγύπτου
3320 2025 3440 2082 ἀπὸ
3470 2024 3799 2094 προσώπου

2219 2125 2439 2180 αὐτοῦ·
2501 2117 2562 2177 οῦ
2611 2124 2661 2176 τί
2713 2122 2778 2176 ἂν
2822 2121 3031 2188 γένοιτο
3073 2117 3521 2189 γνωριμώτερον,
3572 2114 3710 2168 Θεὸν
3743 2116 3802 2166 ἐν

2221 2217 2383 2286 σαρκὶ
2436 2210 2575 2268 εἶναι
2633 2215 2727 2267 τὸν
2775 2216 2953 2267 ἐκεῖσε
3007 2211 3374 2279 ἀφικόμενον;
3421 2207 3707 2262 Ἐντεῦθεν
3739 2208 3803 2271 ἐξ

2220 2294 2494 2376 Λίγύπτοῦ
2525 2307 2805 2361 ἐπάνεισιν
2825 2345 2839 2370 ,
2869 2305 2964 2357 καὶ
3002 2304 3084 2366 είς
3114 2301 3373 2373 Ναζαρὲτ
3400 2302 3571 2353 οἰκεῖν
3600 2299 3799 2363 εἵλετο,

2222 2397 2312 2465 ἀφ’
2341 2393 2410 2470 ἦς
2440 2397 2532 2450 καὶ
2555 2395 2654 2463 τὴν
2682 2393 2998 2464 ἐπωνυμίαν
3029 2391 3222 2461 εἴληφε
3241 2405 3254 2422 ·
3293 2392 3358 2443 σὺ
3381 2390 3437 2443 δέ
3469 2389 3637 2459 μήπω
3665 2387 3804 2456 ίλιγ-

2222 2491 2424 2560 γιάσῃς
2453 2491 2569 2550 τοῖς
2600 2489 2883 2557 λογισμοῖς
2912 2485 3128 2542 ἀκούων
3161 2484 3254 2538 ἐπὶ
3281 2482 3416 2536 Θεοῦ
3445 2481 3673 2535 κάθοδον
3708 2482 3803 2535 καὶ

2221 2582 2426 2644 ἄνοδον,
2465 2582 2696 2649 τοπικήν
2744 2595 2803 2632 τε
2861 2577 3078 2648 κίνησιν
3110 2581 3204 2631 καὶ
3241 2574 3534 2646 μετάθεσιν
3557 2588 3572 2603 ο
3612 2575 3662 2627 εί
3706 2573 3805 2645 μὲν

2223 2674 2334 2744 γὰρ
2363 2672 2531 2742 χωρὶς
2561 2670 2815 2742 σώματος
2840 2671 2868 2723 ὁ
2897 2671 3068 2738 Λόγος
3111 2666 3422 2738 ἐξηκούετο,
3457 2661 3526 2737 ἦν
3555 2665 3706 2729 είκδς
3746 2666 3807 2719 τὸ

2223 2767 2461 2819 ἐπισεῖον
2489 2765 2582 2819 τὸν
2609 2764 2735 2820 νοῦν
2759 2765 2854 2819 καὶ¹
2879 2762 3142 2835 θορυεοῦν
3161 2778 3174 2792 ο
3207 2761 3330 2813 ἐπεὶ
3362 2759 3419 2813 δὲ
3451 2759 3590 2831 μετὰ
3614 2759 3806 2830 σώμα-

2224 2877 2336 2922 τος,
2369 2859 2524 2912 οὐδὲν
2552 2855 2759 2930 ἀπηχὲς
2788 2856 2909 2910 οὐδὲ
2942 2852 3306 2908 ἀνακόλουθον
3325 2870 3340 2884 ·
3367 2850 3442 2914 ὡς
3465 2851 3576 2924 γάρ
3605 2852 3807 2921 ἐφανε-

2231 2949 2376 3023 ρώθη
2405 2949 2536 3014 Θεὸς
2568 2952 2624 3002 ἐν
2661 2936 2846 3018 σαρκὶ,
2879 2947 3020 2999 οὕτω
3055 2944 3151 2999 καὶ
3175 2943 3378 3006 τόπους
3412 2942 3637 3011 ἀμείϐει
3677 2940 3810 3003 Θεδς

2229 3043 2287 3094 ἐν
2318 3041 2510 3112 σαρκί·
2546 3041 2641 3092 καὶ
2666 3039 2766 3091 ὅσα
2793 3036 2926 3092 ἄλλα
2959 3036 3056 3105 τῆς
3081 3037 3138 3088 ὲν
3176 3033 3340 3105 σαρκὶ
3363 3032 3512 3103 ζωῆς
3541 3032 3811 3102 ίδιώματα

2153 3171 2196 3228 C
2230 3135 2532 3204 προσίεται.

2297 3225 2356 3278 ε’.
2397 3221 2677 3276 Ἐντεῦθεν
2714 3219 3060 3289 δωδεκαετὴς
3106 3217 3398 3289 γενόμενος
3423 3219 3481 3270 ἐν
3511 3217 3665 3288 μέσῳ
3702 3214 3812 3268 τῶν

2225 3315 2558 3370 διδασκάλων
2586 3315 2820 3384 κάθηται
2855 3312 3063 3366 ἐπαΐων
3094 3312 3190 3366 καὶ
3240 3309 3536 3382 ἐπερωτῶν
3566 3310 3664 3363 καὶ
3689 3308 3815 3370 ταῖς

2228 3407 2525 3477 ἐμμελέσιν
2550 3405 2912 3476 ἀποκρίσεσιν
2940 3404 3166 3469 ἐξιστῶν
3193 3405 3320 3467 τοὺς
3356 3401 3682 3460 ἀκούοντας.
3715 3401 3810 3452 Τί-

2229 3518 2317 3563 νος
2349 3500 2393 3551 δ’
2427 3499 2494 3554 ἂν
2524 3499 2616 3552 καὶ
2647 3498 2734 3568 είη
2766 3499 2824 3550 ἐν
2849 3497 3076 3569 τοιαύτῃ
3107 3496 3296 3567 ἡλικίᾳ
3322 3493 3627 3566 τηλικαῦτα
3662 3493 3811 3558 ἐξαί-

2232 3607 2324 3642 σια
2377 3589 2746 3659 φθέγγεσθαι,
2803 3588 2836 3658 ἢ
2887 3589 3105 3650 πάντως
3155 3587 3290 3640 Θεοῦ
3347 3584 3812 3656 σεσαρκωμένου;

2245 3683 2407 3736 Ἀλλά
2436 3685 2544 3754 γὰρ
2576 3684 2670 3736 καὶ
2702 3682 2806 3735 ὑπὸ
2834 3682 2932 3752 τῆς
2968 3679 3174 3750 μητρὸς
3201 3675 3816 3748 ἀνακρινόμενος,φιλο⁹

2234 3773 2577 3845 πευστούσης
2615 3773 2808 3844 μαθεῖν
2858 3774 2958 3841 τὴν
3001 3769 3345 3838 ἀποκάλυψιν
3391 3767 3488 3834 τῆς
3538 3767 3816 3839 πατρικῆς

2235 3865 2398 3919 αὑτοῦ
2428 3865 2616 3934 δόξης,
2663 3865 2754 3917 τὸν
2788 3863 2947 3930 λόγον
2977 3861 3326 3913 ἀποδίδωσιν.
3373 3859 3538 3930 Ὁρᾷς
3585 3860 3714 3912 ὅσον
3752 3861 3817 3913 ἐκ

2239 3957 2648 4028 σχεδιασθείσης
2664 3955 2969 4026 διηγήσεως
2989 3951 3281 4021 ὑπεδείχθη
3296 3950 3364 4004 τά
3381 3949 3633 4017 θεολογού
3643 3966 3814 4019 μενα;

2235 4046 2332 4100 καὶ
2359 4048 2506 4110 ὅπως
2533 4049 2561 4099 ό
2593 4047 2795 4116 Κύριος
2837 4046 2936 4115 τῆς
2968 4042 3126 4113 δόξης
3154 4037 3244 4096 οἷά
3301 4058 3385 4105 τις
3435 4040 3691 4110 βασιλεὺς
3731 4041 3818 4093 εὑ-

2237 4140 2466 4212 πρεπῶς
2496 4138 2557 4204 ἐξ
2589 4137 2969 4209 ἀνακτορικῶν
3003 4136 3264 4205 θαλάμων
3291 4134 3400 4187 τῶν
3434 4133 3724 4205 μητρικῶν
3753 4133 3815 4200 δὴ

2239 4234 2564 4304 σπλάγχνων
2614 4230 3021 4302 προερχόμενος
3061 4229 3187 4299 τῇδε
3241 4229 3336 4280 καὶ
3378 4227 3502 4296 τῇδε
3541 4225 3815 4294 byw-irai;

2237 4329 2481 4391 Εἰκότως
2508 4322 2602 4382 οῦν
2634 4329 2663 4379 ό
2685 4325 2781 4395 τῆς
2814 4323 3047 4394 βροντῆς
3075 4323 3191 4386 υἱὸς
3230 4321 3480 4389 Ἰωάννης
3511 4318 3812 4386 κέκραγεψ

2241 4419 2348 4477 Καὶ
2395 4425 2426 4474 ὀ
2470 4421 2659 4490 Λόγος
2704 4415 2862 4484 σὰρξ
2905 4413 3162 4485 ἐγένετο,
3209 4413 3311 4466 καὶ
3347 4411 3712 4478 ἐσκήνωσεν
3752 4412 3821 4462 ἐν

557 4497 662 4553 Sed
713 4515 841 4555 ecce
891 4499 1130 4554 Joannes
1163 4515 1191 4553 e
1223 4499 1440 4552 deserto
1489 4500 1734 4563 veniens,
1789 4503 2124 4572 peregrinum

2240 4512 2385 4581 ἡμῖν
2447 4510 2567 4580 (καὶ
2613 4506 2990 4574 ἐθεασάμεθα
3022 4505 3138 4572 τὴν
3165 4504 3355 4568 δόξαν
3386 4499 3597 4563 αὐτοῦ,
3630 4499 3821 4563 δόξαν

558 4591 814 4644 Israelitis
840 4600 894 4646 et
923 4599 1240 4659 exoptatum
1277 4591 1673 4658 spectaculum,
1705 4591 1796 4644 Dei
1827 4593 2052 4662 angelus
2083 4604 2135 4648 et

557 4683 840 4751 apostolus
865 4683 1077 4752 primus
1121 4681 1347 4735 electus.
1392 4682 1686 4750 Oportebat
1713 4683 1858 4736 enim
1896 4684 2027 4737 tanti
2058 4701 2137 4739 re-

557 4774 641 4844 gis
670 4773 828 4828 talem
862 4790 982 4830 esse
1021 4774 1272 4835 militem,
1301 4783 1354 4828 et
1379 4775 1645 4842 pontificis
1672 4775 1896 4829 maximi
1927 4786 2134 4831 tantum

563 4864 895 4918 ministrum.
979 4861 1045 4915 Et
1127 4862 1497 4930 intelligamus
1570 4863 1913 4934 mysterium,
1979 4867 2138 4934 quale

561 4963 939 5023 quantumque
979 4952 1070 5006 sit.
1105 4952 1243 5019 Quia
1281 4953 1394 5007 fieri
1428 4968 1533 5007 non
1567 4964 1796 5021 poterat,
1824 4955 1954 5024 quin
1980 4972 2141 5026 para-

563 5045 800 5114 nympho
828 5053 1096 5113 praesente
1136 5060 1370 5113 sponsus
1405 5061 1619 5116 quoque
1670 5047 1905 5110 adesset,
1935 5057 1986 5102 ct
2028 5050 2141 5104 cla-

564 5146 747 5190 mante
775 5153 906 5191 voce
947 5135 1186 5192 Verbum
1229 5137 1430 5206 pariter
1476 5138 1755 5192 audiretur
1790 5156 1802 5191 :
1832 5140 1961 5209 quid
1993 5141 2141 5195 acci-

565 5229 684 5282 dit?
713 5229 911 5297 quidve
942 5230 1237 5300 prudenter
1268 5241 1516 5284 curatum
1553 5241 1656 5284 est.
1699 5230 1913 5285 Secedit
1946 5248 2142 5301 pueru-

566 5321 651 5374 lus
675 5320 913 5376 Joannes
942 5337 968 5373 a
994 5321 1223 5390 publicis
1253 5321 1386 5376 locis
1414 5321 1465 5374 in
1495 5319 1768 5386 abstrusa,
1795 5338 1890 5376 ceu
1925 5324 2140 5378 lucerna

565 5413 946 5482 qumdanmub
986 5411 1168 5467 modio
1204 5413 1255 5466 in
1297 5412 1509 5468 deserto
1539 5422 1730 5481 prarter
1766 5423 1971 5469 natura:
1994 5417 2142 5470 ordi-

569 5518 692 5558 nem
731 5503 951 5573 dcgens.
986 5504 1064 5558 lbi
1120 5519 1385 5573 supernas
1431 5503 1580 5558 audit
1626 5520 1808 5569 voces,
1847 5515 1900 5560 et
1943 5507 2142 5563 divinis

568 5594 870 5650 visionibus
901 5595 1095 5665 dignus
1128 5595 1386 5660 habetur;
1417 5602 1469 5649 et
1501 5594 1862 5650 ineﬂ‘abilibus
1897 5597 2141 5653 initialur

650 5778 671 5810 ⁸
703 5777 834 5832 Luc.
873 5794 926 5843 ιι,
963 5778 1049 5845 50,
1084 5779 1169 5834 52.
1253 5781 1269 5810 ⁸
1298 5780 1399 5833 lsa.
1437 5795 1544 5842 xix,
1587 5779 1634 5833 l.
1739 5780 1756 5812 ⁷
1789 5778 1944 5834 Joan.
1985 5797 2020 5846 ι,
2055 5781 2138 5838 Η.

2237 4605 2318 4666 ὼς
2368 4599 2748 4670 Μονογενοῦς
2780 4597 2939 4664 παρὰ
2976 4593 3241 4662 Πατρός)
3290 4590 3528 4660 πλήρης
3578 4590 3822 4657 χάριτος

2239 4693 2336 4747 καὶ
2374 4692 2680 4760 ἀληθείας.
2701 4687 2841 4740 Ἀλλ’
2872 4687 2971 4758 ήδη
3004 4686 3100 4738 καὶ
3139 4687 3391 4754 Ἰωάννης
3421 4681 3530 4735 ἀπὸ
3560 4682 3662 4751 τῆς
3694 4682 3821 4752 ἐρή-

2243 4803 2344 4856 μου
2381 4783 2820 4855 προερχόμενος,
2851 4781 2911 4833 τδ
2944 4779 3090 4843 ξένον
3132 4775 3492 4847 Ἰσραηλίταις
3519 4776 3614 4827 καὶ
3649 4775 3818 4828 πολύ-

2241 4894 2432 4931 ευκτον
2477 4876 2653 4945 θέαμα
2691 4913 2706 4938 ,
2741 4874 2769 4925 ό
2804 4871 2940 4925 Θεοῦ
2977 4870 3209 4939 ἄγγελος
3232 4908 3247 4932 ,
3282 4867 3375 4920 καὶ
3406 4869 3464 4919 ἐν
3492 4867 3821 4929 ἀποστόλοις

2243 4968 2725 5041 προχειροτόνητος
2757 4980 2770 4994 ·
2834 4964 2940 5016 ἔδει
2999 4963 3108 5034 γὰρ
3170 4958 3493 5032 τηλικούτου
3555 4958 3823 5028 βασιλέως

2243 5059 2485 5112 τοιοῦτον
2520 5052 2662 5110 εἶναι
2691 5055 2784 5108 τὸν
2817 5051 3178 5124 στρατιώτην,
3212 5049 3306 5104 τοῦ
3341 5050 3597 5119 μεγίστου
3630 5050 3820 5120 ἀρχιε-

2246 5153 2382 5224 ρέως
2409 5150 2661 5203 τοσοῦτον
2689 5147 2781 5199 τὸν
2807 5147 3094 5216 ὑποφήτην
3112 5161 3125 5176 °
3156 5143 3252 5196 καὶ
3293 5142 3494 5212 νοῶμεν
3519 5142 3581 5194 τὸ
3613 5143 3821 5210 μυστή-

2247 5260 2357 5314 ριον
2383 5236 2494 5296 οἷον
2528 5242 2619 5294 καὶ
2649 5239 2860 5311 ἡλίκον.
2897 5237 3118 5306 Ἐπειδὴ
3148 5235 3258 5305 γὰρ
3292 5234 3393 5286 οὐκ
3422 5232 3702 5303 ἐνεδέχετο
3728 5231 3822 5285 τοῦ

2245 5334 2614 5404 νυμφαγωγοῦ
2644 5333 2933 5403 παρόντος,
2964 5330 3037 5400 μὴ
3061 5331 3152 5382 καὶ
3180 5328 3270 5380 τὸν
3297 5326 3532 5396 νυμφίον
3563 5342 3626 5378 συ
3637 5343 3819 5396 μπαρ·

2245 5430 2420 5490 εῖναι,
2472 5427 2566 5479 xei.
2609 5425 2706 5494 τῆς
2753 5424 2938 5493 φωνῆς
2992 5421 3202 5491 βοώσης
3251 5419 3326 5490 μὴ
3375 5418 3469 5471 καὶ
3507 5417 3600 5470 τὸν
3649 5416 3821 5484 Λόγον

2247 5517 2633 5581 ἀκουτίζεσθαι
2660 5557 2674 5582 ,
2704 5515 2756 5567 τί
2800 5516 3048 5583 γίνεται,
3091 5511 3186 5565 καὶ
3230 5510 3282 5564 τί
3326 5509 3385 5561 τὸ
3430 5507 3821 5579 οἰκονομούμε-

2244 5628 2369 5677 νον;
2427 5609 2785 5664 Συστὲλλεται
2833 5606 2994 5671 εὐθὺς
3036 5605 3146 5660 ἀπὸ
3189 5601 3520 5674 σπαργάνων
3570 5602 3682 5656 ἀπὸ
3727 5598 3820 5656 τοῦ
