4000 6306
189 324 298 387 705
1087 322 1370 384 ORATIO
1411 321 1526 382 IlI.
1560 345 1629 355 -
1662 320 1742 380 ΙΝ
1782 320 2138 381 VIGILIAM
2173 319 2561 384 LUMINUM.
3348 319 3456 382 706

189 430 470 504 ἐμφανοῦς
504 433 585 496 εἰς
611 431 674 486 16
698 429 1070 501 ἀφανέστερον
1111 431 1140 481 6
1182 430 1434 499 Ἰωάννης
1457 471 1470 492 ,
1520 428 1770 498 καθάπερ

1877 438 2038 498 atque
2072 429 2348 492 cdocetur,
2382 429 2526 483 sicut
2553 426 2682 482 olim
2715 427 2894 484 adhuc
2924 427 3150 501 embryo
3181 431 3453 499 cegnovit,

191 544 275 591 τις
302 528 498 598 λύχνος
529 526 636 580 ὑπὸ
669 523 836 596 μοδίῳ
863 525 920 576 ὲν
949 525 1016 594 τῇ
1041 523 1232 593 ἐρήμῳ
1256 521 1546 592 ὑπερφυῶς
1572 521 1774 574 ἐνδιαι-

1881 523 2004 590 quis
2029 531 2175 575 esset
2223 518 2404 585 Jesus,
2455 535 2648 590 nempe
2692 524 2837 592 quod
2877 522 2970 577 Dei
3003 521 3196 587 Filius,
3234 523 3458 593 etquod

189 623 466 694 τώμενος⁸
513 622 680 675 κάκεῖ
723 620 882 674 θείων
923 617 1113 672 ἀκούει
1151 619 1346 687 φωνῶν
1387 619 1480 671 καὶ
1515 617 1773 679 θεοπτίας

1880 626 2045 682 supra
2075 627 2235 681 quem
2266 611 2503 681 Spiritus
2536 612 2591 665 in
2619 613 2889 669 columbae
2937 615 3120 684 specie
3161 615 3460 670 descende-

190 715 470 780 ἀξιοῦται’
496 711 712 786 ἄρρητά
752 729 811 766 τε
851 712 1380 781 μυσταγωγούμενος
1425 711 1521 764 καὶ
1561 710 1773 762 ἐκδιδα-

1881 715 1984 768 ret,
2019 705 2065 760 is
2089 704 2338 774 foretqui
2357 706 2411 759 in
2444 703 2650 773 Spiritu
2670 714 2862 760 sancto
2883 715 3030 788 esset
3054 707 3457 778 baptizaturus.

191 805 754 876 σκόμενος,καθάπερ
781 803 864 857 ἔτι
891 802 968 856 ὢν
998 802 1255 874 έμϐρυος,
1287 803 1372 866 τίς
1394 803 1480 874 εἴη
1503 804 1530 856 6
1573 800 1801 872 Ἰησοῦς,
1835 798 2028 867 ὅτιπερ
2066 797 2192 860 Υἱὸς
2220 796 2358 850 Θεοῦ
2377 839 2393 864 ,
2423 798 2521 850 καὶ
2555 795 2642 867 ἐφ’
2670 790 2714 866 ᾧ
2741 796 2804 850 τὸ
2856 801 3088 869 σημεῖον
3138 799 3241 869 τῆς
3291 815 3462 852 πνευ-

189 893 513 966 ματοειδοῦς
543 894 896 964 περιστερᾶς,
922 891 1004 946 ὅτι
1030 892 1190 955 αὑτός
1220 895 1368 946 ἐστιν
1391 893 1419 944 6
1449 890 1731 960 βαπτίσων
1762 891 1820 941 ὲν
1862 887 2141 955 Πνεύματι
2170 886 2334 957 ἁγίῳ.

261 990 341 1055 ς’.
398 989 621 1060 Ἐπειδὴ
665 989 724 1041 δὲ
767 982 872 1058 ἦκε
919 987 984 1039 16
1031 987 1232 1057 μέτρον
1274 985 1374 1056 τῆς
1422 985 1637 1055 ἡλικίας
1680 981 1772 1037 τοῦ

1950 980 2003 1032 6.
2037 978 2144 1034 Sed
2172 990 2461 1050 postquam
2496 978 2638 1034 venit
2672 993 2930 1034 mensura
2955 979 3312 1048 plenitudinis
3331 991 3461 1039 aeta-

185 1079 566 1152 πληρώματος
597 1079 694 1133 τοῦ
727 1078 1099 1150 Χριστοῦ,καί
1119 1078 1273 1142 τέλος
1303 1077 1583 1148 εἷληιρενή
1616 1077 1774 1147 περί-

1879 1071 1952 1126 tis
1977 1071 2203 1134 Christi,
2233 1082 2286 1126 et
2325 1071 2546 1141 triginta
2581 1085 2850 1126 annorum
2883 1074 3142 1142 periodus
3173 1085 3256 1130 est
3298 1077 3462 1131 abso-

187 1173 309 1237 οδος
337 1173 439 1241 τῆς
470 1171 923 1243 τριακονταέτους
955 1171 1318 1241 παρατάσεως
1342 1210 1357 1234 ,
1404 1170 1706 1241 τηνικαῦτα
1743 1169 1772 1222 6

1880 1164 2015 1229 luta,
2066 1174 2197 1217 tunc
2243 1163 2465 1218 demum
2515 1164 2735 1218 lucerna
2778 1165 2969 1218 ardere
3023 1166 3076 1219 in
3133 1167 3460 1222 candelabro

190 1265 293 1334 μὲν
337 1264 532 1334 λύχνος
577 1264 671 1316 ἐπὶ
697 1263 796 1333 τὴν
835 1261 1058 1333 λυχνίαν
1087 1264 1396 1332 καιόμενος,
1441 1263 1537 1315 καὶ
1562 1262 1771 1330 φαίνων

1879 1254 2067 1322 erepit,
2096 1262 2151 1307 et
2181 1253 2423 1306 laetitiam
2453 1251 2768 1307 domesticis
2806 1252 3098 1322 splendore
3137 1271 3238 1310 suo
3273 1271 3462 1313 creare

185 1355 298 1418 τοῖς
328 1354 390 1406 έν
420 1355 487 1424 τῇ
516 1352 664 1423 οἰκίᾳ
696 1351 1100 1420 ἀγαλλιάσιμαο
1133 1351 1317 1423 (εἰπερ
1340 1352 1420 1404 δεῖ
1440 1353 1618 1404 οἰκίαν
1641 1352 1774 1404 ὑπο-

1879 1345 1948 1413 (si
2001 1354 2184 1399 tamen
2239 1343 2464 1398 domum
2526 1355 2780 1413 reputare
2836 1355 3051 1413 Oportet
3112 1343 3455 1419 Synagogam

185 1443 498 1515 λαμϐάνειν
516 1447 616 1515 τὴν
657 1443 1055 1514 Ὶσραηλιτικῆν
1078 1444 1455 1514 Συναγωγήνο)
1475 1444 1534 1496 τό
1554 1461 1612 1496 τε
1636 1445 1771 1512 ἀλη-

1877 1435 2248 1506 lsraeliticam)
2301 1446 2482 1492 :tunc
2522 1451 2712 1491 verum
2770 1437 3024 1507 apparuit
3073 1438 3259 1494 lumen
3311 1443 3460 1510 quod

187 1539 336 1591 θινὸν
369 1538 488 1608 φῶς
535 1537 964 1607 ἐπιφαινόμενον
999 1537 1091 1590 καὶ
1121 1537 1358 1606 φωτίζον
1405 1537 1498 1590 τὸν
1545 1537 1770 1606 κόσμον.

1877 1532 2134 1607 mundum
2191 1531 2492 1587 illuminat.
2543 1532 2587 1586 0
2637 1535 2985 1603 portentum!
3052 1535 3145 1590 Sol
3195 1536 3344 1591 venit
3389 1537 3459 1592 ad

192 1629 256 1681 ’Ὠ
287 1628 385 1682 τοῦ
417 1627 730 1694 θαύματοςί
765 1629 794 1680 6
825 1628 981 1698 ἥλιος
1008 1629 1146 1698 πρὸς
1177 1629 1268 1682 τὸν
1295 1629 1522 1701 ἀστέρι,
1556 1631 1584 1682 6
1613 1629 1771 1696 λόγος

1877 1623 2104 1688 stellam,
2139 1622 2380 1679 Verbum
2407 1623 2476 1678 ad
2503 1638 2718 1687 vocem.
2746 1640 2982 1695 sponsus
3008 1629 3075 1682 ad
3103 1628 3378 1692 amicum;
3404 1639 3459 1684 et

187 1720 326 1790 πρὸς
355 1719 454 1790 τὴν
485 1721 668 1790 φωνην
694 1761 709 1784 ,
737 1723 766 1774 6
793 1721 1023 1790 νυμφίος
1071 1721 1207 1792 πρὸς
1239 1721 1330 1774 τὸν
1357 1722 1527 1790 φίλον,
1557 1724 1769 1776 οἰκονο-

1877 1712 1923 1766 id
1963 1712 2186 1782 quidem
2243 1713 2673 1783 dispensationis
2725 1717 3023 1786 mysterio,
3084 1728 3145 1771 ut
3182 1718 3453 1787 gradatim

193 1816 321 1884 μίας
349 1814 557 1876 εἵνεκα,
597 1813 681 1866 ἵνα
720 1813 809 1866 διὰ
834 1813 935 1884 τῆς
977 1813 1346 1878 έπιϐιϐἀσεως
1390 1813 1774 1884 πληρουμένης

1879 1806 2151 1875 completa
2192 1806 2249 1860 in
2296 1804 2427 1862 Jesu
2479 1806 2714 1876 justitia,
2763 1806 2853 1861 hic
2890 1807 3112 1877 quidem
3163 1822 3457 1874 cresceret,

186 1909 246 1960 ὲν
269 1907 348 1976 τῷ
385 1906 562 1976 Ἰησοῦ
595 1907 777 1976 πάσης
804 1905 1173 1976 δικαιοσύνης,
1202 1909 1230 1960 6
1264 1907 1361 1977 μὲν
1389 1907 1638 1971 αὐξάνει,
1677 1908 1772 1960 εὐ-

189 1998 505 2067 αγγελικῶς
532 1998 734 2060 εἰπεῖν,
764 1999 793 2050 6
821 1998 878 2050 δὲ
903 1997 1242 2051 ἐλαττοῦται.
1283 1998 1404 2063 [Ιῶς
1433 2001 1543 2070 γὰρ
1576 1999 1644 2054 ἂν
1683 2003 1777 2053 καὶ

188 2089 292 2141 οὐκ
317 2083 388 2159 ἦν
421 2085 780 2141 ἐλαττοῦσθαι
805 2087 866 2139 16
890 2086 1163 2157 λυχνιαίον
1191 2088 1328 2156 φῶς,
1366 2089 1567 2158 μᾶλλον
1595 2089 1651 2143 δὲ
1683 2093 1777 2143 καί

190 2180 370 2250 πάντη
396 2179 463 2232 ὲκ
497 2179 665 2251 μέσου
695 2180 933 2244 ἀπεῖναι,
957 2179 1052 2232 τοῦ
1082 2180 1183 2248 τῆς
1209 2182 1559 2253 δικαιοσύνης
1595 2183 1775 2236 Ἠλίου

190 2271 294 2342 ήδη
330 2273 446 2333 τοῖς
476 2270 724 2341 θαύμασι
758 2270 1251 2343 μαρμαρύσσοντος
1284 2272 1530 2339 ὲξαίσιας
1560 2274 1775 2344 βλέπεις

190 2365 316 2427 ὅσος
351 2365 381 2416 6
412 2363 665 2433 χρονικὸς
695 2363 926 2434 ἀριθμὸς
965 2362 1066 2432 τῆς
1114 2363 1434 2433 σωματικῆς
1479 2365 1773 2428 ὲντελείας,

191 2458 250 2508 έν
307 2448 352 2520 ᾧ
383 2453 727 2506 ὐπετάσσετο
772 2454 885 2515 τοῖς
930 2454 1180 2521 γονεῦσιν
1222 2453 1462 2526 Ἰησοῦς;
1494 2457 1562 2509 Ὢ
1587 2455 1777 2522 βάθος

190 2547 463 2600 πλούτου
490 2545 589 2598 καί
616 2544 836 2613 σοφίας
858 2545 952 2599 καὶ
984 2543 1260 2613 γνώσεως
1284 2547 1432 2602 Θεοῦ
1456 2547 1476 2600 .’
1500 2548 1579 2600 Δι’
1603 2549 1667 2619 ἢν
1691 2550 1778 2600 αἰ-

191 2640 313 2690 τίαν
347 2637 489 2708 ἄρας
529 2635 723 2697 ’Ἄλλος
757 2637 856 2705 μὲν
889 2633 983 2691 οὗν
1005 2636 1131 2690 ἄλλο
1164 2637 1390 2706 λεγέτω,
1417 2638 1525 2691 τῶν
1557 2638 1777 2709 ὑψηλῶν

192 2731 260 2800 τῇ
292 2728 500 2797 θεωρίᾳ
531 2728 624 2780 καὶ
652 2728 721 2779 τὰ
754 2726 890 2797 βάθη
921 2727 1015 2780 τοῦ
1065 2729 1383 2799 Πνεύματος
1425 2731 1772 2798 έγνωκὸτωνσ

192 2821 268 2884 ὡς
293 2820 424 2888 γοῦν
455 2820 648 2889 ἔμοιγε
682 2819 848 2884 δοκεῖ,
880 2820 1027 2874 δυοῖν
1055 2821 1220 2874 ’ἑνεκα
1239 2839 1254 2853 ι
1289 2821 1377 2876 ἵνα
1427 2823 1522 2876 καὶ
1551 2824 1689 2876 υἱέσι
1716 2821 1778 2876 16

194 2914 334 2983 πρὸς
366 2913 492 2975 τοὺς
536 2911 732 2980 γονέας
760 2913 1126 2967 ὑποτακτικὸν
1158 2913 1245 2968 διά
1268 2914 1367 2985 τῆς
1397 2916 1605 2979 οἰκείας
1647 2916 1777 2970 ὐπο-

193 3004 367 3073 ταγῆς
397 3004 426 3056 6
463 3003 683 3057 πάντων
715 3003 1022 3071 νομοθετῶν
1054 3005 1351 3076 νομοθέτης
1396 3006 1736 3079 νομοθετήσῃ
1757 3047 1772 3072 ,

195 3096 291 3158 τάς
319 3113 382 3148 τε
417 3093 844 3166 μεθηλικιώσεις
879 3096 1095 3164 ἀγιάσοι
1117 3112 1128 3126 ⁸
1161 3097 1255 3151 καί
1286 3097 1491 3167 τρίτον,
1526 3098 1601 3169 μὴ
1632 3101 1771 3153 ἀπο-

196 3187 500 3259 ξενωμένον
525 3205 578 3240 τι
614 3187 710 3240 καὶ
738 3188 998 3252 ἀπεοικὸς
1018 3189 1118 3258 τῆς
1148 3189 1271 3243 καθ’
1305 3192 1451 3261 ἡμᾶς
1479 3192 1684 3264 βιοτῆς,
1717 3197 1775 3248 ὲν

197 3275 499 3352 ᾔμάλιστα
545 3278 608 3331 τὸ
656 3278 862 3331 τέλειον
911 3281 1045 3350 ἡμῖν
1090 3281 1373 3350 πρόσεστι,
1425 3282 1526 3353 τὴν
1581 3283 1773 3336 ἑαυτοῦ

197 3373 474 3426 πολιτείαν
517 3374 546 3424 6
596 3371 908 3434 παντελειος
949 3372 1289 3426 ἐπιδεικνείοι
1315 3389 1328 3403 ⁸
1366 3376 1500 3428 ὅπου
1552 3393 1614 3443 γε
1673 3379 1768 3429 καὶ

198 3465 335 3518 οὕτω
363 3467 467 3534 τῆς
503 3462 763 3533 ἀνδρικῆς
785 3462 1000 3532 ἡλικίας
1019 3463 1080 3516 τὸ
1106 3464 1310 3518 τέλειον
1341 3465 1577 3534 ἔχοντος,
1613 3468 1775 3520 ἐτόλ-

203 3575 370 3629 μησεν
417 3559 636 3627 Ἀρειος
672 3555 880 3625 ἀᾷυχον
926 3556 1090 3611 αὐτοῦ
1137 3558 1200 3609 τὸ
1250 3558 1408 3628 σῶμα
1455 3561 1771 3629 ἀποφῆναι’

211 3651 587 3722 Ἀπολινάριος
615 3649 672 3702 δὲ
699 3650 840 3701 κατά
875 3649 1180 3720 συνδρομὴν
1213 3651 1467 3715 ἀσεϐείας
1490 3652 1650 3706 ἄνουν
1681 3655 1775 3706 αὑ-

201 3743 282 3798 τὸν
315 3742 675 3813 φληναφῆσαι
693 3757 705 3769 ·
733 3743 761 3794 6
790 3741 848 3793 δὲ
881 3740 976 3795 νῦν
1001 3743 1301 3813 Μανιχαῶς
1333 3745 1410 3812 (1)
1436 3747 1575 3799 κατὰ
1603 3745 1774 3815 προῦ-

205 3851 397 3903 χουσαν
427 3824 685 3887 ἀσέϐειαν
707 3871 721 3896 ,
777 3833 1056 3904 ἄγραπτον
1087 3835 1248 3888 αὑτὸν
1279 3835 1622 3905 δογματίσαι.
1667 3838 1778 3890 Καὶ

206 3927 495 3996 σκοπῶμεν
531 3927 632 3995 ὅση
664 3927 696 3994 ἠ
725 3926 1054 3996 διαφορότης
1085 3925 1314 3998 θατέρου
1346 3929 1478 3998 πρὸς
1525 3929 1772 4001 θάτερον.

217 4017 264 4072 Ὀ
286 4020 387 4089 μὲν
405 4017 499 4071 οὖν
521 4018 603 4087 τῷ
618 4019 810 4088 ἀψύχῳ
833 4021 1257 4089 προϊστάμενος,
1283 4021 1523 4092 ἐξίστησι
1554 4023 1698 4092 ζωῆς
1718 4023 1776 4075 16

207 4109 526 4164 Δεσποτικὺν
559 4109 741 4178 σῶμα·
775 4110 835 4162 16
854 4115 961 4182 γὰρ
981 4112 1246 4181 ἁμοιροῦν
1274 4113 1452 4183 ψυχῆς
1476 4153 1489 4177 ,
1514 4116 1608 4166 καί
1630 4116 1773 4185 ζωῆς

209 4201 344 4255 ἐστιν
363 4201 520 4264 ἐκτὸς
539 4200 803 4270 δηλονότι’
822 4203 849 4253 6
863 4201 1159 4274 63-:16[cod.
1190 4203 1288 4274 τῷ]
1310 4205 1488 4270 ἄνουν,
1507 4210 1571 4275 τῇ
1595 4208 1775 4275 ἀλόγῳ

211 4293 486 4346 σύντάττει
512 4291 673 4362 οὐσίᾳ
693 4308 707 4323 ·
735 4293 968 4364 ἐπείπερ
1001 4296 1108 4346 πᾶν
1135 4295 1317 4360 ἄνουν,
1352 4299 1448 4348 καὶ
1480 4296 1672 4365 ἄλογον
1695 4314 1709 4326 ·
1749 4301 1778 4351 6

211 4378 258 4431 δὲ
281 4382 362 4454 τῷ
394 4381 688 4453 ἀγράπτῳ,
719 4382 841 4434 οὐδὲ
871 4381 1007 4443 ὅλως
1043 4382 1201 4452 φύσει
1234 4385 1484 4454 σώματος
1515 4387 1574 4438 16
1617 4387 1776 4455 σῶμα

1881 1909 1942 1955 ut
1967 1898 2301 1970 evangelicis
2339 1900 2520 1955 verbis
2550 1907 2790 1964 utamur,
2821 1900 2909 1954 ille
2937 1915 3067 1954 vero
3095 1900 3454 1956 minueretur.

1878 1992 2168 2059 Quomodo
2218 1992 2366 2048 enim
2414 2007 2525 2046 non
2574 1993 2916 2048 minueretur
2959 1993 3197 2048 lucerna:
3249 1992 3457 2058 lumen,

1882 2086 1993 2140 imo
2032 2095 2087 2140 et
2113 2086 2341 2141 omnino
2377 2084 2656 2140 tolleretur
2685 2086 2753 2140 de
2805 2087 3006 2153 medio,
3052 2101 3174 2140 cum
3212 2087 3324 2157 jam
3373 2087 3476 2166 Sol‘

1875 2176 2103 2246 iustitia:
2147 2177 2432 2233 immensis
2466 2177 2839 2248 prodigiorum
2875 2178 3259 2248 splendoribus
3290 2178 3457 2233 reful-

1879 2268 2070 2339 geret‘!
2105 2267 2299 2322 Cernis
2328 2280 2539 2337 quanto
2575 2269 2880 2339 corporalis
2913 2269 3092 2324 aetatis
3139 2271 3316 2339 spatio
3356 2272 3458 2324 sub

1879 2368 2166 2430 parentum
2209 2375 2435 2414 suorum
2469 2370 2739 2429 potestate
2778 2359 2940 2415 Jesus
2990 2361 3192 2415 fuerit?
3237 2362 3281 2416 0
3325 2363 3457 2414 alti-

1881 2451 2008 2507 tudo
2043 2452 2355 2505 divitiarum
2387 2453 2664 2519 sapientia:
2695 2461 2745 2506 et
2774 2452 3009 2507 scientia:
3042 2451 3141 2506 Dei
3164 2451 3222 2506 ⁸1
3254 2450 3365 2506 Cur
3391 2467 3456 2507 ea

1882 2563 1993 2612 res,
2028 2549 2298 2618 inquam?
2329 2549 2436 2602 Alii
2470 2550 2577 2603 alia
2607 2552 2813 2617 dicant,
2845 2551 2938 2622 qui
2966 2552 3222 2607 sublimia
3252 2552 3458 2608 intelli-

1878 2650 2035 2710 gunt,
2069 2651 2122 2695 et
2158 2639 2430 2710 profunda
2466 2642 2693 2711 spiritus
2730 2651 2953 2697 norunt.
2996 2642 3273 2708 Quantum
3320 2644 3456 2698 mihi

1877 2730 2098 2801 quidem
2149 2732 2388 2798 videtur,
2451 2731 2574 2788 dua:
2620 2748 2802 2788 causa:
2853 2734 3099 2798 fuerunt,
3152 2751 3348 2805 nempe
3400 2747 3460 2792 ut

1881 2821 2254 2876 obedientiam
2291 2824 2609 2892 parentibus
2645 2824 2988 2894 subjectione
3036 2840 3134 2880 sua
3179 2825 3460 2896 legislator

1877 2913 2283 2985 legislatorum,
2319 2916 2437 2986 lege
2463 2919 2728 2980 ﬁrmaret,
2758 2933 2823 2973 ac
2851 2927 3072 2973 aetatum
3105 2918 3459 2976 transitiones

1877 3015 1934 3060 et
1961 3006 2166 3076 gradus
2212 3008 2601 3064 sanctiﬁcaret.
2652 3007 2832 3063 Tertia
2867 3024 3088 3079 quoque
3116 3024 3282 3065 causa
3329 3010 3455 3075 fuit,

1800 3130 1844 3190 ο
1880 3114 1948 3153 ne
1996 3099 2283 3156 insolitum
2331 3101 2539 3172 aliquid
2591 3112 2644 3158 et
2685 3104 2809 3157 vita:
2858 3110 3062 3158 nostra:
3107 3102 3456 3169 inusitatum,

1876 3193 2184 3262 praesertim
2228 3203 2439 3247 matura
2484 3202 2645 3249 aetate
2671 3233 2686 3257 ,
2734 3195 2788 3248 in
2834 3210 2947 3250 suae
2984 3195 3108 3249 vita:
3143 3210 3339 3266 genere
3369 3196 3460 3248 hic

1874 3283 2315 3354 perfectissimus
2354 3286 2520 3339 homo
2544 3285 2849 3341 exhiberet.
2883 3285 3023 3341 Ecce
3064 3286 3210 3341 enim
3241 3287 3456 3342 etiamsi

1877 3371 1944 3424 ad
1975 3370 2029 3424 id
2068 3371 2240 3426 virilis
2270 3373 2445 3426 aetatis
2475 3374 2935 3442 complementum
2979 3376 3229 3440 devenit,
3284 3392 3457 3432 ausus

1878 3472 1962 3516 est
1996 3462 2161 3520 Arius
2207 3480 2408 3535 corpus
2450 3467 2569 3537 ejus
2612 3470 2862 3523 exanime
2906 3468 3217 3525 allii-mare:
3248 3470 3459 3540 Apolli-

1879 3556 2062 3623 naris,
2094 3558 2373 3627 impietate
2425 3561 2675 3623 aamulus,
2725 3562 2902 3630 ipsum
2941 3565 3061 3616 sine
3096 3571 3277 3619 mente
3307 3578 3459 3618 com-

1877 3657 2096 3703 mentus
2135 3659 2219 3704 est
2249 3668 2262 3705 :
2298 3652 2594 3708 hodiernus
2623 3653 2859 3723 denique
2889 3653 3223 3710 Manichacus
3277 3657 3454 3711 incir-

1877 3743 2276 3812 cumscriptum
2352 3744 2528 3813 ipsum
2608 3761 2704 3815 per
2774 3762 3046 3801 summam
3115 3749 3452 3818 impietatem

1878 3835 2232 3905 dogmatizat.
2280 3836 2343 3891 Et
2389 3838 2747 3893 observemus
2795 3854 2918 3910 quae
2957 3841 3028 3895 sit
3073 3842 3268 3896 horum
3312 3845 3457 3898 inter

1879 3939 1938 3978 se
1965 3925 2295 3980 dill'erentia.
2330 3925 2435 3992 Qui
2466 3930 2774 3983 exanimem
2805 3945 2928 3986 esse
2961 3933 3262 3998 contendit,
3287 3934 3454 3989 vitam

1877 4019 2168 4088 denegavit
2196 4020 2475 4074 dominico
2505 4023 2721 4090 corpori
2761 4040 2773 4076 :
2813 4040 2934 4077 nam
2977 4025 3120 4094 quod
3152 4027 3331 4081 anima
3362 4042 3457 4082 ca-

1878 4120 1981 4172 ret,
2031 4111 2137 4163 vita
2188 4111 2426 4165 alienum
2460 4121 2561 4177 est,
2599 4125 2656 4167 ut
2684 4123 2848 4182 patet.
2886 4115 2991 4182 Qui
3035 4126 3215 4172 autem
3249 4119 3458 4190 absque

1879 4212 2060 4255 mente
2089 4201 2240 4268 fecit,
2277 4203 2323 4257 is
2357 4202 2512 4256 illum
2549 4219 2672 4258 cum
2707 4205 2864 4261 bruta
2907 4208 3213 4264 substantia
3264 4226 3458 4266 nume-

1878 4292 2020 4344 ravit
2050 4309 2062 4344 :
2095 4307 2218 4344 nam
2253 4292 2513 4361 quidquid
2545 4294 2664 4347 sine
2698 4305 2879 4351 mente
2926 4306 3029 4362 cst,
3074 4301 3286 4354 ratione
3315 4316 3457 4371 quo-

1879 4398 1983 4451 que
2013 4394 2185 4437 caret.
2216 4383 2321 4449 Qui
2345 4384 2580 4452 denique
2608 4386 3140 4460 incircumscriptum
3172 4407 3295 4447 esse
3317 4394 3451 4459 vult,

210 4471 443 4537 δοξάζειο
497 4473 660 4542 εἰπερ
707 4473 785 4543 τῷ
833 4475 1236 4545 ἀπεριγράπτῳ
1287 4477 1668 4531 συνακολουθεί
1714 4481 1774 4532 16

1882 4491 1948 4529 ne
1982 4491 2308 4546 corpoream
2346 4479 2564 4547 quidem
2615 4489 2862 4534 naturam
2908 4485 3120 4553 corpori
3164 4487 3452 4542 concedit:

212 4562 513 4635 ἀσώματον.
553 4564 616 4616 Εἰ
659 4564 769 4635 γὰρ
818 4565 1004 4635 σῶμα,
1057 4567 1164 4618 πᾶν
1197 4567 1254 4618 δὲ
1286 4567 1443 4636 σῶμα
1483 4569 1576 4620 ὑπ’
1631 4573 1776 4641 ἁφὴν

214 4657 290 4708 καὶ
319 4661 515 4728 χροιάν
549 4658 668 4709 ἐστι
699 4655 888 4710 τελοῦν
907 4701 921 4726 ,
952 4659 1012 4710 16
1041 4657 1085 4710 6‘
1115 4661 1173 4710 ὲν
1203 4659 1416 4723 τούτοις
1461 4661 1768 4716 ύποπὶπτον

216 4747 263 4809 ἐξ
291 4750 599 4818 ἀναγκαίου
618 4748 825 4802 -ἓπεται
851 4790 865 4815 ,
902 4750 950 4802 εἰ
986 4751 1061 4820 μὴ
1096 4750 1373 4821 ληρῶμεν,
1409 4754 1502 4804 καί
1531 4755 1590 4805 τὸ
1624 4772 1776 4826 περι-

218 4843 544 4913 γράφεσθαι·
597 4841 673 4904 ὡς
703 4842 856 4912 εἰμὴ
914 4843 1330 4914 περιγράφοιτο,
1378 4845 1550 4916 πάντη
1590 4865 1645 4898 τε
1684 4849 1778 4900 καὶ

219 4936 420 4998 πάντως
451 4935 548 4988 τοῦ
575 4933 781 4987 οἰκείου
821 4935 947 5005 ὅρου
990 4936 1329 5006 ἐξοιχήσεται
1355 4938 1431 5000 εἰς
1457 4939 1518 4991 τὸ
1547 4938 1770 5008 ἀσώμα-

219 5038 292 5077 τον
315 5027 622 5097 ἀνατρέχον
642 5039 656 5055 ·
699 5023 871 5090 οὐδὲν,
903 5025 979 5088 ὡς
1010 5024 1153 5076 ἔοικε
1186 5066 1201 5089 ,
1235 5025 1296 5078 16
1324 5028 1565 5095 ἐπισχεῖν
1601 5027 1772 5092 γλῶσ-

223 5128 302 5168 σαν
331 5118 645 5173 ἀσεϐοῦσαν
675 5117 1145 5189 ὲπικουρουμένην
1171 5119 1360 5188 κράτει
1386 5119 1636 5184 ἐξουσίας

281 5387 336 5452 ζ’.
376 5389 522 5444 Ἀλλ’
553 5387 817 5442 ἀνακτέον
859 5389 921 5442 τὸ
953 5389 1110 5460 ὅμμα
1159 5387 1250 5439 έπί
1297 5389 1392 5451 τάς
1433 5386 1776 5458 προφητικᾶις

228 5476 455 5548 θεοπτίας
495 5481 596 5535 καὶ
620 5479 920 5549 θεωρητέον
945 5483 1089 5543 ὅπως
1119 5480 1175 5532 ὲν
1196 5480 1384 5542 αὑταῖς
1408 5480 1776 5532 ὑποτυποῦται

228 5569 276 5623 τὸ
303 5576 591 5646 ἱερώτατον
637 5571 936 5641 βάπτισμα⁸
971 5573 1050 5634 εἰς
1080 5569 1240 5623 τοῦτο
1269 5571 1376 5639 γὰρ
1407 5570 1558 5622 καλεῖ
1584 5572 1614 5640 ἡ
1650 5587 1777 5622 συν-

286 5688 301 5712 ’”
338 5687 495 5744 Rom.
540 5700 619 5748 ιι,
651 5683 741 5736 35.

1879 4568 2078 4620 etenim
2137 4569 2598 4639 incircumscripti
2667 4586 3008 4642 consequens
3059 4586 3144 4631 est
3196 4579 3455 4647 incorpo-

1878 4673 2051 4711 reum.
2105 4657 2238 4712 Nam
2294 4660 2337 4712 si
2391 4676 2590 4730 corpus
2645 4673 2747 4724 est,
2789 4679 2954 4719 omne
3012 4677 3197 4722 autem
3251 4685 3453 4739 corpus

1879 4752 2048 4804 tactui
2105 4759 2268 4820 atque
2316 4750 2486 4805 colori
2537 4754 2833 4808 obnoxium
2883 4765 3001 4823 est;
3054 4759 3316 4829 quidquid
3368 4762 3455 4816 bis

1879 4844 2237 4912 qualitatibus
2275 4844 2479 4910 subest,
2519 4860 2745 4900 necesse
2776 4856 2860 4901 est
2893 4848 3034 4917 (nisi
3080 4851 3218 4906 forte
3261 4855 3455 4920 nugari

1881 4935 2163 5002 volumus)
2199 4945 2257 4987 ut
2280 4937 2767 4990 circumscribatur
2793 4954 2806 4989 :
2835 4939 2970 4992 adeo
3001 4947 3059 4994 ut
3083 4941 3188 4995 nisi
3221 4943 3457 4997 circum-

1879 5027 2170 5090 scribatur,
2204 5041 2231 5078 a
2260 5040 2357 5078 sua
2404 5039 2632 5093 prorsus
2687 5026 3000 5083 dettnitione
3049 5031 3284 5095 excidat,
3321 5032 3454 5086 etin

1887 5132 1998 5170 rem
2034 5118 2410 5185 incorporcam
2438 5115 2786 5174 dissolvatur.
2836 5117 2980 5174 Nihil
3020 5131 3200 5176 tamen
3243 5123 3452 5178 videtur

1885 5211 2082 5280 linguae
2130 5210 2612 5278 intemperantiam
2671 5212 2930 5269 cohibere
2977 5230 3160 5284 posse,
3195 5230 3316 5287 qua:
3347 5234 3450 5274 sae-

1886 5303 2056 5357 culari
2088 5301 2342 5370 potestati
2375 5303 2594 5356 serviat.

1959 5396 2007 5448 7.
2051 5395 2158 5448 Sed
2195 5396 2596 5449 convertendus
2622 5405 2706 5450 est
2734 5396 2926 5452 oculus
2961 5397 3027 5452 ad
3061 5399 3300 5455 visiones
3327 5415 3454 5470 pro-

1885 5485 2156 5554 plietieas,
2200 5485 2605 5555 videndumque
2637 5489 2913 5556 quomodo
2945 5491 3356 5547 sacratissimus
3385 5494 3455 5548 ab

1889 5579 1971 5630 liis
2023 5580 2327 5646 baptismus
2369 5577 2758 5646 portendatur;
2809 5579 2912 5634 huc
2955 5581 3097 5635 enim
3148 5599 3248 5637 nos
3299 5594 3455 5639 vocat

290 5779 350 5843 il)
391 5781 534 5833 Dicit
579 5790 749 5830 novos
779 5774 1104 5830 Maniehzcos
1136 5788 1229 5834 seu
1259 5773 1601 5831 l’aulicianos
1648 5777 2047 5834 lcunomacltos.
