4000 6306
528 317 634 382 707
1736 320 1795 377 S.
1821 319 2212 378 THEODORI
2244 320 2588 380 STUDlTIF.
3676 320 3785 382 708

526 426 796 482 sermonis
830 426 1021 481 series.
1068 424 1208 491 Quid
1252 441 1383 496 ergo
1418 426 1586 482 Isaias
1624 427 1744 482 ait?
1777 430 1904 484 inde
1933 431 2078 483 enim

2206 431 2347 501 ἑχεια
2384 433 2476 486 τοῦ
2521 432 2701 500 λόγου.
2733 430 2800 484 Τί
2829 425 2922 486 οῦν
2965 447 3132 502 φησιν
3185 430 3412 495 Ἡσαΐας
3455 429 3569 498 (2);
3623 431 3783 485 ἔνθεν

529 518 689 572 verba
716 519 980 573 sumimus
1010 535 1021 572 :
1049 517 1280 584 Lwtare,
1298 521 1478 573 sitiens
1504 521 1786 586 desertum,
1811 523 1935 592 quia
1959 522 2096 591 apud

2206 524 2309 594 γὰρ
2332 524 2543 588 ἑλόντες
2572 526 2819 594 εἴπομεν·
2845 523 3243 593 Εὐφράνθητι,
3276 525 3494 594 ἕρημος
3511 523 3778 592 διψῶσα·

528 620 575 662 te
603 608 719 670 fons
752 612 944 680 erupit,
975 619 1024 662 et
1071 611 1212 664 rivus
1267 612 1322 662 in
1353 621 1493 664 terra
1533 613 1761 666 sitiente.
1794 612 2097 667 Humanam

2206 616 2291 669 ὅτι
2341 614 2558 684 ἐρράγη
2611 616 2679 669 ἐν
2715 615 2910 685 ἐρήιιῳ
2951 614 3128 683 ὕδωρ,
3160 615 3257 668 καὶ
3299 615 3534 685 φάραγξ
3592 615 3664 668 ἐν
3701 615 3782 686 γῆ

526 703 742 757 scilicet
773 711 1028 756 naturam
1066 704 1387 772 alloquitur,
1426 719 1548 773 quae
1596 704 1651 756 in
1685 704 1900 759 deserto
1931 703 2099 757 veluti

2206 705 2463 775 διψώσῃ.
2493 706 2570 776 Τῇ
2593 706 2910 778 ἀνθρωπίνῃ
2931 704 3172 775 δηλονότι
3197 705 3354 774 φύσει
3396 707 3427 776 ἡ
3456 705 3783 776 προσφώνη-

525 805 643 848 erat
686 795 898 865 absque
929 795 1197 849 bonorum
1229 811 1297 850 ex
1341 795 1445 850 ﬁde
1474 810 1700 864 operum
1735 794 2096 848 fecunditate:

528 887 767 956 ideoque
794 887 1107 956 adoptionis
1141 887 1356 942 laticem
1386 888 1616 957 optanti,
1643 887 1894 941 scaturiit
1924 885 2102 955 bapti-

528 979 632 1032 smi
671 993 835 1048 aqua,
879 980 1080 1033 amnici
1117 978 1306 1034 ﬂuenti
1341 980 1533 1042 instar,
1581 978 1847 1034 Jordanes
1883 977 2100 1033 ﬂuvius.

527 1072 670 1136 Quid
701 1071 862 1125 inde?
890 1071 1003 1124 Erit
1038 1073 1193 1125 arida
1220 1073 1273 1125 in
1303 1072 1567 1139 paludem,
1604 1071 1654 1124 id
1680 1081 1764 1126 est
1799 1071 1852 1123 in
1883 1070 2101 1124 uberem

529 1166 687 1220 tidem
717 1182 730 1218 :
765 1175 816 1218 et
843 1176 996 1220 terra:
1023 1167 1248 1220 sitientis
1280 1167 1414 1230 loco,
1446 1183 1598 1234 aqua:
1621 1166 1757 1234 fons,
1795 1165 1910 1234 ipse
1937 1163 2104 1216 nimi-

529 1273 650 1310 rum
687 1258 1003 1326 adoptionis
1037 1257 1160 1312 fons
1195 1275 1207 1310 :
1244 1256 1415 1327 ibique
1444 1259 1544 1310 erit
1580 1258 1757 1310 avium
1789 1256 2102 1324 tripudium,

529 1363 596 1401 ex
642 1348 916 1418 baptismo
969 1350 1220 1405 videlicet
1285 1359 1597 1403 renatarum
1625 1349 1645 1378 ⁹
1678 1367 1690 1401 :
1726 1363 1851 1400 nam
1902 1345 2105 1415 tropice

531 1439 792 1506 baptizati
848 1440 1045 1494 avibus
1097 1449 1520 1510 comparantur,
1581 1440 1710 1508 quia
1767 1438 1871 1492 sub
1920 1450 2104 1490 rerum

529 1530 686 1585 initio
739 1547 871 1585 aves
929 1547 994 1585 ex
1051 1533 1210 1600 aquis
1258 1532 1538 1600 productae
1589 1529 1902 1582 traduntur.
1962 1525 2102 1593 Quid

527 1630 712 1676 autem
744 1622 1021 1678 Gedeonis
1069 1623 1276 1678 concha
1314 1623 1541 1675 humore
1579 1621 1772 1690 plena?
1807 1621 2102 1674 Materinam

529 1715 844 1783 adoptionis
875 1715 1142 1782 piscinam
1177 1714 1417 1768 narratio
1449 1713 1538 1766 illa
1572 1713 1874 1780 signiﬁcat;
1905 1720 1958 1764 et
1980 1710 2103 1780 qui-

529 1808 652 1862 dem
676 1809 907 1861 rutunda
933 1809 1124 1877 ﬁgura,
1148 1817 1201 1861 et
1219 1820 1634 1877 quaquaversus
1658 1805 1845 1873 polita,
1871 1812 1930 1857 ttt
1947 1803 2105 1858 inno-

527 1900 722 1953 ccntiae
738 1901 971 1968 speciem
994 1899 1256 1968 pra2beat;
1278 1898 1329 1950 in
1345 1912 1504 1965 quam
1526 1895 2106 1949 deﬁuitintellectualis

530 1991 748 2046 velleris
797 1991 1060 2044 salutaris
1096 2005 1190 2044 ros
1233 1989 1439 2059 Spiritu
1475 1998 1668 2043 sancto
1695 1989 1927 2058 plenus:
1962 1987 2106 2042 unde

531 2085 926 2146 regenerantur
955 2078 1153 2132 novelli
1189 2077 1386 2131 initiati
1421 2076 1514 2131 Dei
1549 2076 1665 2141 ﬁlii,
1695 2078 1878 2131 carnis
1898 2086 1951 2130 et
1977 2092 2106 2130 san-

530 2169 715 2236 guinis
763 2168 1052 2237 nativitate
1102 2177 1308 2222 mutata
1348 2187 1361 2222 :
1399 2183 1462 2222 ac
1516 2177 1800 2237 tantopere
1836 2169 1888 2221 in
1926 2169 2105 2221 virum

531 2258 830 2328 perfectum
861 2261 1029 2323 aucti,
1065 2269 1124 2313 ut
1156 2276 1255 2313 suo
1288 2259 1586 2324 tridcntali,
1619 2259 1672 2313 id
1705 2269 1790 2313 est
1819 2258 2106 2314 Trinitatis

529 2352 723 2416 cultu,
785 2350 1183 2406 dannoniacum
1241 2351 1501 2421 populum
1558 2350 1832 2404 debellare
1881 2358 2103 2420 queant.

530 2442 674 2510 Quid
703 2445 830 2497 item
875 2443 965 2496 illa
1012 2443 1142 2498 Elia:
1180 2455 1427 2514 tempore
1469 2443 1615 2496 circa
1655 2442 1824 2496 altare
1855 2451 1911 2496 et
1942 2442 2102 2497 victi-

532 2549 678 2587 mam
715 2541 868 2588 terna
898 2549 1052 2602 aqua:
1081 2534 1323 2589 eﬁ‘usio?
1352 2533 1491 2588 Puto
1537 2534 1662 2588 hinc
1701 2531 1994 2603 signiﬁcari
2025 2532 2106 2586 vel

532 2625 805 2695 triplicem
841 2625 936 2680 Dei
985 2627 1288 2680 beatissimi
1334 2641 1497 2694 super
1530 2627 1859 2694 baptizatum
1891 2627 2108 2682 invoca-

533 2726 644 2770 tam
692 2731 1006 2786 personam,
1054 2717 1139 2771 vel
1175 2717 1347 2786 ipsius
1395 2716 1649 2786 baptizati
1694 2718 1960 2781 triplicem
2003 2717 2108 2771 im-

532 2810 887 2865 mersionem.
936 2809 1180 2864 Naaman
1223 2811 1388 2865 etiam
1439 2826 1503 2864 ex
1549 2825 1712 2880 aqua,
1746 2808 1924 2863 Elisaai
1955 2825 2108 2863 man-

529 2900 679 2963 dato,
717 2911 978 2970 purgatus
1028 2909 1177 2955 tutus
1223 2900 1488 2954 emersit:
1525 2898 1788 2952 Restituta
1833 2909 1908 2952 est
1947 2899 2105 2965 enim,

531 2991 712 3060 inquit
749 2989 1033 3072 Scriptura
1063 2991 1129 3057 ⁸⁸,
1172 3007 1296 3043 caro
1327 2991 1438 3055 eius
1478 3005 1571 3043 ceu
1615 2990 1763 3058 pueri
1790 2990 2018 3058 parvuli,
2059 3001 2108 3045 et

2204 811 2306 860 σις,
2340 797 2395 847 ὲν
2423 796 2615 865 ἐρήμῳ
2639 794 2773 866 οὑσῃ
2798 795 2896 864 τῆς
2925 796 2990 846 ὲκ
3026 795 3262 856 πίστεως
3294 794 3388 846 καὶ
3428 794 3650 861 ἀγαθῶν
3681 793 3779 865 ερ-

2202 904 2314 954 γων
2349 887 2725 958 καρποφορίας
2758 902 2773 916 ⁸
2810 887 2904 940 καὶ
2935 888 3025 940 διὰ
3074 886 3232 938 τοῦτο
3257 885 3316 938 τὸ
3362 885 3460 954 τῆς
3501 887 3783 950 υἱοθεσίας

2205 982 2352 1051 νᾶμα
2406 981 2618 1051 διψώσῃ
2675 982 2883 1052 ἐρράγη
2935 980 2995 1033 τὺ
3043 980 3135 1033 τοῦ
3187 977 3561 1049 βαπτίσματος
3609 979 3780 1051 ῦδωρ,

2204 1072 2454 1142 καθάπερ
2496 1089 2548 1124 τι
2597 1072 2771 1141 ῥεῦμα
2806 1072 3071 1140 ποτάμιον
3115 1071 3174 1124 τὸ
3225 1069 3320 1121 τοῦ
3364 1069 3626 1139 Ἰορδάνου
3665 1074 3780 1142 ῥεῖ-

2206 1166 2359 1235 θρονο
2395 1165 2688 1218 κάντεῦθεν
2713 1165 2795 1230 τί;
2838 1165 2944 1217 Καὶ
2985 1165 3154 1215 ἔσται
3179 1165 3216 1230 ἠ
3247 1162 3506 1230 ἄνυδρος
3528 1166 3615 1230 είς
3641 1164 3780 1230 ἕλη,

2205 1257 2482 1308 τουτέστιν
2513 1259 2592 1320 εἰς
2631 1256 2917 1326 ἀμφιλαφῆ
2947 1255 3128 1307 πίστιν
3159 1273 3170 1286 ·
3217 1255 3315 1306 καὶ
3344 1257 3420 1319 είς
3455 1254 3570 1321 τὴν
3597 1255 3785 1322 διψῶ-

2205 1363 2326 1400 σαν
2376 1347 2515 1416 γῆν,
2550 1346 2712 1416 πηγὴ
2768 1347 2986 1411 ὕδατος
3043 1347 3213 1399 ἔσται
3243 1359 3256 1374 ⁶
3319 1343 3457 1416 αὑτὴ
3509 1345 3711 1414 δηλαδὴ
3747 1346 3782 1414 ὴ

2207 1441 2382 1510 κρήνη
2427 1439 2529 1509 τῆς
2581 1438 2851 1499 υἱοθεσίας
2879 1453 2893 1467 ’
2945 1437 3042 1490 καὶ
3073 1435 3199 1488 ἐκεῖ
3228 1435 3397 1486 ἔσται
3427 1435 3781 1502 εὐφροσύνη

2207 1531 2448 1599 ὀρνέων,
2471 1531 2578 1585 τῶν
2604 1532 2667 1583 ὲκ
2696 1530 2789 1582 τοῦ
2816 1529 3190 1598 βαπτίσματος
3215 1526 3453 1594 δηλονότι
3478 1529 3780 1590 ἀναγεννω-

2210 1623 2406 1692 μένων,
2437 1623 2644 1692 ὀρνέοις
2665 1620 3233 1691 τροπικῶς-ἐοικότων
3271 1617 3359 1671 διὰ
3387 1619 3446 1670 τὸ
3475 1617 3569 1668 ἀπ’
3603 1616 3784 1686 ἀρχῆς

2209 1714 2266 1778 ἐξ
2287 1714 2494 1766 ὑδάτων
2524 1714 2616 1767 καὶ
2645 1713 2742 1783 τὴν
2769 1710 3004 1782 ὓπαρξιν
3045 1709 3360 1779 ἐσχηκέναι.
3424 1709 3488 1761 Τί
3538 1708 3597 1760 δὲ
3638 1708 3784 1760 κατὰ

2204 1805 2294 1858 τὸν
2318 1805 2520 1858 Γεδεὼν
2544 1806 2755 1874 πλήρης
2784 1804 2983 1873 λεκάνη
3007 1802 3196 1864 ὓδατος
3213 1802 3354 1873 ;-Τὴν
3375 1802 3474 1870 τῆς
3503 1799 3782 1864 υἱοθεσίας

2209 1897 2540 1967 μητρόμοιον
2595 1889 2979 1965 κολυμόήθραν
3011 1892 3377 1962 ὑποσημαίνει
3406 1894 3434 1944 ὁ
3466 1891 3647 1960 λόγος,
3684 1909 3782 1945 κυ·

2205 1989 2435 2057 κλοτερῆ
2465 2004 2524 2039 τε
2553 1987 2716 2044 οὖσαν
2755 1986 2832 2057 τῷ
2864 1987 3123 2055 σχήματι,
3158 1986 3253 2037 καὶ
3283 1980 3548 2036 πάντοθεν
3579 1982 3786 2036 ἀποτε-

2205 2078 2564 2149 τορνημένην,
2601 2079 2666 2146 τῇ
2709 2077 2805 2145 τῆς
2844 2073 3263 2144 ἁναμσρτησίας
3296 2073 3427 2143 ἰδέᾳ·
3456 2065 3595 2145 ὲφ’ᾔ
3619 2072 3788 2145 ἀπερ-

2208 2167 2309 2238 ρύη
2344 2169 2378 2238 ἠ
2411 2166 2506 2218 τοῦ
2548 2166 2737 2234 νοητοῦ
2793 2165 2961 2218 πόκου
3017 2163 3303 2234 ίαματικὸς
3339 2162 3528 2231 δρόσος
3569 2163 3786 2234 πλήρης

2207 2260 2522 2330 Πνεύματος
2575 2257 2729 2326 ἁγίου
2760 2273 2772 2288 ’
2818 2257 2877 2321 ἐξ
2907 2253 2973 2327 ἦς
3007 2255 3406 2322 ἀναγεννῶνται
3435 2255 3484 2306 οἱ
3518 2253 3783 2314 νεοτελείς

2206 2347 2341 2401 Θεοῦ
2376 2349 2585 2413 παῖδες,
2620 2349 2720 2420 τὴν
2746 2350 2811 2401 ὲκ
2844 2347 3044 2416 σαρκὸς
3084 2346 3178 2398 καὶ
3211 2346 3441 2412 αἵματος
3471 2344 3785 2418 ἀμειψάμερ

2207 2459 2286 2495 νοι
2317 2440 2591 2510 γέννησιν·
2615 2441 2709 2492 καὶ
2727 2439 2982 2492 τοσοῦτον
3004 2440 3083 2501 είς
3114 2438 3284 2509 ἄνδρα
3313 2437 3521 2492 τέλειον
3553 2436 3786 2506 ἀνατρέ-

2206 2549 2422 2603 χοντες,
2477 2532 2553 2594 ὡς
2600 2531 2998 2584 καταπαλαίειν
3028 2533 3096 2602 τῇ
3130 2530 3394 2602 Τριαδικῇ
3444 2528 3677 2599 λατρεία
3721 2527 3785 2581 τὸ

2205 2625 2477 2693 δαιμόνιον
2513 2623 2696 2692 φῦλον.
2724 2624 2788 2675 Τί
2813 2624 2866 2675 δὲ
2889 2625 2920 2692 ἡ
2945 2625 3082 2675 κατὰ
3118 2623 3209 2676 τὸν
3258 2624 3442 2677 Ἠλίαν
3472 2623 3565 2674 ἐπὶ
3587 2622 3648 2674 τὸ
3689 2619 3786 2674 θυ-

2208 2717 2523 2787 σιαστήριόν
2555 2735 2614 2770 τε
2649 2718 2743 2769 καὶ
2782 2717 2841 2769 τὸ
2875 2715 3230 2786 δλοκαύτωμα
3260 2713 3656 2788 τρισσευομένη
3686 2714 3782 2766 τοῦ

2207 2805 2395 2872 ὓδατος
2434 2808 2720 2879 ὲπίχυσις;
2756 2803 2925 2875 Οἶμαι
2959 2807 3151 2878 δηλοῦν
3198 2809 3230 2879 ἢ
3272 2808 3371 2875 τὴν
3413 2804 3642 2876 τρισσὴν
3682 2803 3782 2873 τῆς

2205 2897 2357 2962 θείας
2387 2900 2785 2972 μακαριότητος
2813 2900 2870 2950 ὲν
2891 2897 2967 2968 τῷ
2994 2897 3376 2968 βαπτιζομένῳ
3398 2896 3783 2966 ὲπιῦοωμένην

2209 2989 2531 3051 ὑπόστασιν,
2586 2988 2619 3058 ἦ
2679 2987 2776 3059 τὴν
2827 2991 3057 3061 τρισσὴν
3097 2987 3258 3042 αὑτοῦ
3302 2986 3398 3039 τοῦ
3454 2985 3784 3056 τελουμένου

531 3083 820 3136 mundatus
850 3094 954 3136 est.
1005 3080 1330 3152 Symbolum
1360 3081 1473 3150 jam
1504 3093 1618 3135 tum
1649 3081 1699 3134 id
1733 3079 1834 3135 fuit
1864 3081 2103 3151 baptiza-

2211 3082 2503 3136 κατάδυσιν
2529 3099 2543 3112 ·
2578 3081 2754 3135 ἄνεισι
2778 3082 2835 3134 δὲ
2868 3083 3086 3153 Νεεμὰν
3132 3081 3239 3133 ἀπὸ
3271 3079 3364 3132 τοῦ
3402 3078 3593 3142 ὕδατος
3641 3078 3786 3132 κατὰ

532 3185 711 3227 torum
755 3193 768 3229 :
812 3189 1003 3229 recens
1032 3174 1204 3237 enim,
1236 3184 1287 3228 et
1318 3173 1566 3243 priorum
1602 3174 1797 3229 deletis
1820 3172 2103 3243 culparum

2215 3174 2311 3243 τὴν
2356 3173 2626 3226 Ἐλισσαιὲ
2656 3174 2921 3246 διαταγὴν
2965 3172 3379 3244 κεκαθαρμένος
3437 3172 3556 3236 ὅλος
3591 3186 3607 3201 ’
3649 3172 3790 3225 Ἔπ-

532 3267 884 3337 stigmatibus
912 3268 1042 3332 exit,
1084 3268 1340 3338 quisquis
1369 3268 1563 3338 spiritu
1608 3269 1908 3338 perﬁcitur.

2215 3266 2510 3335 έστρεψεν
2539 3266 2669 3335 γὰρ,
2693 3267 2877 3336 φησὶν,
2916 3267 2953 3334 ἡ
2990 3264 3145 3334 σὰρξ
3166 3265 3353 3319 αὑτοῦ
3383 3263 3474 3318 ἐπ’
3499 3263 3688 3319 αὐτὸν
3708 3261 3789 3328 ὡς

531 3358 848 3426 παιδαρίου
876 3358 1114 3427 μικροῦ,
1150 3359 1250 3414 καὶ
1279 3361 1526 3430 ἐκαθαρι
1540 3363 1678 3428 σθη.
1723 3359 1998 3430 Σύμϐολον
2036 3359 2136 3430 ήδη
2167 3357 2327 3412 τοῦτο
2351 3360 2448 3429 τῆς
2492 3361 2746 3414 ἁπάντων
2781 3359 2888 3413 τῶν
2910 3360 3320 3430 βαπτιζομὲνων
3353 3357 3790 3430 άμαρῘτη]τικῆς

533 3451 885 3522 καθάρὲεωςο
918 3450 1178 3523 νεοθαλὴς
1216 3454 1327 3524 γὰρ
1354 3454 1464 3516 πᾶς
1502 3469 1590 3517 τις
1627 3451 1723 3504 καὶ
1786 3451 2014 3514 ἄσπιλος
2065 3451 2172 3504 τῶν
2232 3456 2784 3523 προκατεοτιγμένων
2816 3451 3301 3523 πλημμελημάτων
3329 3453 3532 3507 ἄνεισιν
3579 3453 3610 3505 ὁ
3638 3448 3791 3504 τελε-

533 3542 680 3606 σθεὶς
703 3544 760 3594 ὲν
784 3544 1076 3613 πνεύματι.

603 3633 655 3687 8.
689 3635 864 3702 Atque
903 3643 961 3686 ut
993 3635 1293 3702 gratuitum
1326 3648 1546 3705 quoque
1578 3632 1844 3704 spiritalis
1887 3648 2103 3703 regene-

2281 3642 2350 3704 η’.
2385 3636 2447 3687 Ei
2477 3633 2532 3686 δὲ
2566 3632 2745 3703 βούλει
2774 3633 2975 3700 γνῶναι
3014 3635 3109 3687 καὶ
3137 3633 3196 3687 τὸ
3223 3632 3454 3703 ἄμισθον
3486 3632 3587 3701 τῆς
3620 3650 3792 3685 πνευο

532 3724 768 3779 rationis
817 3723 1146 3778 beneﬁcium
1194 3739 1318 3779 esse
1365 3739 1690 3795 cognoscas,
1737 3725 1861 3778 audt
1911 3725 2103 3779 lsaiam

2216 3726 2453 3798 ματικῆς
2505 3726 2939 3795 ἀναγεννήσεως,
2968 3725 3176 3796 ἀκούσῃ
3221 3725 3314 3777 τοῦ
3353 3724 3574 3777 Ἡσαΐου
3602 3725 3790 3793 λέγον-

533 3818 804 3870 dicentem
841 3833 855 3869 :
891 3815 1164 3882 Sitientes,
1209 3817 1376 3871 venite
1407 3818 1475 3869 ad
1507 3832 1736 3886 aquam;
1784 3827 1829 3870 et
1871 3816 1962 3885 qui
2009 3832 2103 3869 non

2212 3837 2301 3883 τος
2331 3838 2342 3849 ·
2377 3824 2438 3874 Οἱ
2463 3818 2776 3889 διψῶντες,
2817 3820 3145 3885 πορεύεσθε
3182 3818 3273 3885 ἐφ’
3305 3817 3461 3884 ὔδωρ
3486 3834 3500 3846 ”
3528 3817 3630 3869 καὶ
3653 3817 3789 3871 ὅσοι

533 3907 739 3960 habetis
783 3916 1098 3976 argentum,
1149 3907 1218 3960 ad
1263 3907 1537 3961 emendum
1587 3907 1913 3969 accedite“;
1963 3906 2103 3960 omni

2209 3909 2293 3980 μὴ
2322 3910 2488 3978 ἔχετε
2517 3911 2820 3979 ἀργύριον,
2842 3907 3211 3972 βαδίσαντες
3239 3906 3573 3976 ἀγοράσατε
3592 3920 3607 3935 °
3647 3924 3787 3961 παν-

531 3999 678 4050 cnitn
715 3997 919 4051 volenti
972 3998 1145 4066 gratia
1200 4007 1378 4066 patet;
1431 4014 1537 4068 qua
1585 3999 1679 4068 qui
1727 4015 1833 4053 non
1866 4000 2103 4068 potitur,

2213 4001 2304 4064 τὸς
2332 4002 2441 4072 γὰρ
2471 4001 2564 4053 τοῦ
2606 4001 3040 4072 προαιρουμένου
3081 4001 3141 4052 τὸ
3181 4000 3447 4070 χάρισμα,
3479 4000 3572 4052 καὶ
3600 3993 3663 4054 οὗ
3712 4001 3787 4071 μὴ

530 4089 654 4142 vitae
702 4088 970 4158 jacturam
1019 4087 1168 4143 facit.
1227 4089 1331 4142 Sed
1389 4089 1502 4144 haec
1530 4103 1632 4144 nos
1669 4091 1862 4157 partim
1895 4097 2103 4144 tantum

2216 4097 2421 4164 τυχεῖν,
2477 4094 2620 4165 ζωῆς
2677 4097 2823 4148 ἐστιν
2857 4093 3165 4160 ἁπότευξις.
3221 4093 3378 4146 Ἀλλὰ
3425 4091 3629 4146 τούτων
3687 4093 3784 4163 μὲν

532 4179 842 4233 delibatnus
875 4193 938 4233 ac
966 4177 1360 4248 participamus
1385 4217 1400 4242 ,
1423 4193 1546 4231 nam
1579 4179 1912 4249 paupercula
1942 4180 2103 4234 etiam

2215 4184 2323 4238 ἀπὸ
2354 4185 2551 4255 μέρους
2583 4188 2616 4256 ἡ
2655 4185 2810 4252 λῆψις
2865 4184 2957 4236 καὶ
3017 4182 3232 4252 μέθεξις
3255 4197 3268 4211 ⁸
3303 4183 3383 4234 ὅτι
3417 4183 3508 4235 καὶ⁵
3536 4183 3599 4234 ἐκ
3631 4199 3781 4234 πενι-

532 4285 688 4324 tnens
775 4285 902 4323 suas
976 4269 1106 4323 facit
1183 4268 1522 4335 oblationes,
1591 4269 1936 4340 pervigilium
2001 4271 2103 4327 hoc

2213 4277 2354 4346 χρᾶς
2382 4276 2624 4339 διανοίας
2658 4277 2689 4344 ἡ
2720 4274 3043 4345 προκόμισις
3073 4272 3155 4341 ἐφ’
3170 4275 3290 4325 ὅσον
3311 4267 3422 4324 οἷόν
3444 4289 3502 4323 τε
3528 4272 3782 4338 ἀφοσιου-

531 4373 794 4429 quantum
823 4370 1000 4430 potest
1028 4362 1404 4416 sanctiﬁcans.
1430 4360 1510 4416 Tu
1533 4377 1658 4416 vero
1680 4378 1892 4417 mecum
1920 4373 2103 4428 specta

2216 4366 2384 4434 μένης
2411 4364 2479 4417 τὰ
2506 4367 2821 4433 προεὸρτια.
2843 4363 2913 4414 Σὺ
2934 4362 2989 4414 δέ
3014 4378 3102 4430 μοι
3126 4361 3278 4428 ἄθρει
3304 4355 3389 4412 οἷα
3416 4360 3484 4412 τὰ
3503 4360 3778 4430 ὁρώμενα·

531 4472 653 4522 quaa
689 4456 864 4510 oculis
908 4465 1036 4511 sunt
1084 4456 1329 4525 subjecta
1367 4474 1379 4509 :
1419 4455 1646 4525 piscina:
1685 4457 1840 4525 aquis
1869 4457 2102 4526 implen-

2212 4456 2586 4527 κολυμὸῆθραι
2636 4457 2843 4508 ὑδάτων
2898 4453 3279 4522 πεπλήρωνται
3307 4493 3321 4516 ,
3357 4452 3529 4521 πηγαί
3580 4471 3642 4506 τε
3691 4455 3784 4507 καὶ

531 4560 641 4610 tur,
679 4547 855 4603 [alites
889 4563 952 4602 ac
979 4548 1192 4613 ﬁstulae,
1223 4547 1324 4600 rivi
1358 4556 1413 4601 et
1449 4556 1663 4615 stagna,
1699 4547 1932 4615 Spiritus
1952 4562 2103 4602 rece-

2211 4548 2430 4616 κρῆναι,
2466 4546 2700 4614 ποταμοί
2737 4562 2796 4597 τε
2833 4545 2926 4596 καὶ
2951 4544 3158 4611 λῖμναι,
3186 4543 3364 4612 δοχεῖα
3400 4542 3493 4595 τοῦ
3529 4544 3781 4614 Πνεύμα-

534 4641 745 4708 ptacula
771 4648 1150 4710 proponuntur
1171 4657 1185 4694 :
1209 4654 1475 4708 aquarum
1513 4650 1707 4692 natura
1743 4640 1810 4691 ad
1830 4653 2103 4692 summum

2208 4653 2301 4699 τος
2333 4638 2618 4708 πρόκειται
2644 4652 2660 4666 ⁸
2687 4637 2721 4703 ἡ
2754 4633 2914 4703 φύσις
2939 4634 3045 4684 τῶν
3085 4632 3289 4685 ὑδάτων
3320 4635 3398 4695 εἰς
3425 4634 3596 4704 τιμὴν
3616 4636 3783 4706 ὑπέρ-

532 4734 793 4788 honorem
824 4732 1093 4785 evehitur.
1153 4730 1384 4783 Lumina
1435 4729 1756 4798 multiplicia
1799 4739 1956 4783 nocte
2003 4729 2103 4783 hac

2208 4744 2368 4795 τιμον
2401 4727 2757 4797 προέρχεται·
2791 4725 2944 4793 φῶτα
2989 4723 3239 4793 πολυειδῆ
3269 4725 3365 4786 τῆς
3409 4725 3559 4794 ίερᾶς
3590 4727 3783 4789 νυκτὸς

531 4839 709 4887 sacra,
745 4825 982 4878 siderum
1022 4825 1221 4887 instar,
1261 4831 1376 4876 toto
1402 4822 1533 4876 orbe
1575 4827 1860 4890 parantur.
1901 4819 2017 4875 Stat
2050 4821 2102 4875 in

532 4914 759 4983 singulis
789 4914 1019 4968 urbibus
1052 4915 1379 4983 Oppidisque
1413 4928 1592 4982 praeco
1620 4913 1765 4966 celso
1796 4917 1914 4967 loco
1944 4928 2101 4966 sacra

533 5006 760 5068 l'acicns,
799 5021 1083 5075 aquasque
1120 5006 1471 5059 sanctiﬁcans
1522 5020 1618 5074 per
1659 5005 1826 5059 divini
1867 5003 2102 5074 Spiritus

532 5096 587 5150 in
629 5098 776 5166 ipsas
809 5098 1135 5160 adventura;
1175 5112 1408 5165 quarum
1446 5097 1650 5150 utinam
1686 5097 2102 5166 participatione

531 5188 963 5252 sanctiﬁcetnur,
1003 5198 1056 5240 et
1101 5186 1298 5242 deinde
1342 5202 1535 5242 omnes
1580 5189 1861 5256 splendido
1904 5189 2100 5256 spiritu

531 5277 786 5330 illustrati
843 5292 1243 5346 appareamus,
1310 5279 1364 5331 in
1425 5278 1645 5333 Christo
1695 5277 1822 5334 Jesu
1872 5278 2101 5333 Domino

531 5381 745 5423 nostro.
778 5370 877 5424 Cui
913 5371 1080 5440 gloria
1117 5381 1166 5424 et
1209 5372 1452 5439 potentia
1483 5388 1606 5426 cum
1637 5371 1797 5426 Patre
1830 5380 1885 5426 et
1913 5379 2100 5425 sancto

531 5460 763 5531 Spiritu,
806 5476 955 5515 nunc
989 5471 1044 5516 et
1077 5477 1173 5532 pcr
1203 5463 1400 5516 saecula
1436 5463 1783 5516 saeculorum.
1817 5461 2012 5516 Amen.

603 5663 621 5691 ’
664 5660 767 5714 Isa.
805 5675 968 5724 xxxv,
1011 5660 1061 5726 l,
1095 5659 1147 5725 6,
1185 5660 1262 5710 ’7.-

2210 4818 2365 4888 δίκην
2401 4817 2645 4886 ἀστέρων
2681 4816 2821 4869 κατὰ
2850 4817 3028 4868 πᾶσαν
3065 4814 3160 4885 τὴν
3193 4815 3517 4885 ὑπουράνιον
3566 4818 3783 4888 ἑτοιμά-

2203 4912 2356 4976 {erat
2379 4925 2393 4939 '
2431 4910 2669 4978 εἱστήκει
2697 4908 2751 4960 δὲ
2775 4907 2916 4960 κατὰ
2944 4908 3123 4958 πᾶσαν
3156 4905 3310 4958 πόλιν
3346 4905 3440 4957 καὶ
3472 4905 3659 4976 χώραν
3690 4910 3780 4978 κή-

2205 4999 2303 5068 ρυξ
2327 4999 2419 5050 ὲπὶ
2446 4997 2540 5050 τοῦ
2576 4998 2848 5067 μετεώρου
2891 4994 3117 5066 ἱερεύων
3148 4993 3216 5046 τὰ
3253 4993 3394 5056 θεῖα,
3417 4994 3512 5047 καὶ
3538 4995 3780 5066 ἁγιάζων

2199 5089 2270 5141 τὰ
2293 5087 2460 5140 ὕδατα
2482 5087 2570 5139 διὰ
2594 5088 2691 5156 τῆς
2721 5086 2808 5138 ἐπ’
2834 5087 2975 5139 αὑτά
3005 5084 3097 5138 τοῦ
3135 5084 3278 5137 θείου
3314 5083 3633 5154 Πνεύματος
3663 5087 3780 5138 ὲπι-

2203 5182 2532 5250 φοιτήσεως⁹
2562 5173 2635 5231 ὧν
2664 5181 2728 5248 τῇ
2760 5179 2975 5248 μεθέξει
3009 5177 3424 5246 ἁγιασθείημεν,
3444 5179 3539 5230 καὶ
3560 5180 3628 5247 τῇ
3657 5177 3779 5246 ἑξῆς

2206 5270 2504 5339 ὀφθείημεν
2540 5270 2775 5332 ἅπαντες
2822 5270 3033 5338 φαεινοὶ
3064 5268 3140 5337 τῷ
3188 5271 3438 5338 παμφαεῖ
3463 5270 3736 5339 πνεύματι
3763 5286 3771 5297 ·

2208 5365 2265 5416 ὲν
2297 5360 2517 5433 Χριστῷ
2559 5360 2734 5430 Ἰησοῦ
2765 5361 2842 5432 τῷ
2892 5361 3082 5432 Κυρίῳ
3110 5360 3288 5433 ήμῶν,
3317 5352 3361 5428 ᾧ
3399 5358 3580 5430 ἠδόξα
3605 5361 3699 5414 καὶ
3723 5361 3775 5412 τὲ

2209 5454 2431 5524 κράτος,
2474 5454 2569 5506 σὺν
2597 5452 2674 5523 τῷ
2714 5454 2887 5523 Πατρὶ
2916 5455 3010 5506 καὶ
3041 5453 3180 5523 ἁγίῳ
3211 5450 3511 5520 Πνεύματι,
3538 5448 3634 5505 νῦν
3687 5449 3775 5502 καὶ

2208 5545 2301 5598 ἀεὶ
2338 5546 2430 5597 καὶ
2463 5545 2541 5608 είς
2575 5544 2699 5604 τοὺς
2729 5544 2926 5609 αἰῶνας
2951 5544 3058 5598 τῶν
3080 5543 3310 5598 αἰώνων.
3345 5543 3543 5613 Ἀμήν.

1342 5660 1381 5690 ¹⁰
1425 5660 1487 5714 ιγ
1532 5661 1659 5730 Reg.
1705 5677 1759 5724 ν,
1809 5660 1892 5713 Η.
1974 5661 2011 5689 ¹¹
2053 5658 2158 5714 Isa.
2196 5675 2284 5723 ιν,
2333 5658 2383 5713 l.

604 5778 676 5846 (εὶ)
720 5777 858 5833 Dicit
893 5779 1276 5834 lconomarltos
1309 5778 1470 5835 Leoni
1510 5781 1749 5835 Armcno
1782 5781 1911 5848 itnp.
1949 5778 2330 5848 gratiﬁcantes.
