4000 6306
208 346 305 408 709

957 462 1007 509 Δ,

198 558 379 623 Λόγος
411 553 815 623 κατηχητικὸς
841 553 1077 678 tif/irit:
1107 554 1343 624 μεγάλῃ
1375 553 1642 624 Κυριακῇ
1673 554 1778 608 τοῦ

929 641 1112 678 ασγα.

929 641 1112 694 ασχα.

1130 349 1410 411 ORATIO
1446 352 1541 412 IV.
1597 378 1662 388 —
1710 350 1792 410 IN
1833 348 2185 414 SANCTUM
2226 355 2534 417 PASCHA.

3351 356 3456 424 710

2629 463 2716 519 IV.

1926 552 2116 608 Oratio
2140 557 2461 611 catechetira
2494 559 2549 610 in
2588 567 2827 611 sanctum
2862 575 3112 629 magnum
3140 558 3417 619 Paschalis

2419 630 2558 682 diem
2580 630 2915 685 dominicum.

1422 757 1576 830 (Amo.
1614 758 1742 828 MAI,
1777 759 1877 814 Ioc.
1919 766 2010 816 cit.
2047 779 2101 833 p.
2138 766 2254 835 24.)

265 902 332 947 α’.
363 893 426 946 Τί
453 892 633 958 τοῦτο,
668 891 890 962 ἀδελφοὶ
933 892 1210 963 ἀγαπητοὶ
1242 893 1338 947 καὶ
1379 893 1652 964 φιλέορτοι
1681 897 1776 948 καὶ

193 984 532 1052 φιλόχριστοι
559 1001 573 1047 ;
601 982 686 1045 τίς
709 985 740 1053 ἡ
774 981 1005 1052 τοσαύτη
1029 982 1448 1052 λαμπροφορία;
1481 984 1565 1045 τίς
1595 986 1626 1052 ή
1653 1000 1776 1036 τοσ-

190 1073 331 1140 αύτη
373 1073 716 1140 φωταγωγία
779 1072 874 1124 καὶ
911 1071 1171 1142 θυμηδία,
1220 1071 1272 1123 τί
1297 1072 1355 1124 τὸ
1384 1071 1775 1144 καταστράψαν

191 1163 335 1215 οὔτω
356 1163 454 1231 τὴν
482 1162 852 1231 Ἐκκλησίανς
888 1163 940 1215 τί
970 1163 1030 1214 τὸ
1059 1163 1434 1229 καταγλαῒσαν
1464 1164 1563 1234 τὴν
1591 1166 1772 1217 οἰκου-

191 1257 394 1324 μένην;
426 1256 476 1307 τί
503 1255 562 1307 τὸ
608 1255 1037 1324 παρασκευάσαν
1070 1254 1336 1323 τοσαύτην
1371 1254 1623 1323 γενέσθαι
1652 1255 1774 1325 ηδο-

185 1346 281 1415 νὴν
331 1346 427 1397 καὶ
459 1345 834 1414 φαιδρύτητα;
867 1343 1008 1406 Χθὲς
1040 1345 1096 1395 ὲν
1143 1343 1370 1414 ἀθυμίᾳ,
1403 1345 1498 1396 καὶ
1534 1346 1774 1413 σήμερον

186 1435 243 1486 ὲν
278 1433 552 1502 εὐθυμία·
589 1432 715 1501 χθὲς
747 1434 805 1484 ἐν
841 1433 1136 1502 κατηφείᾳ,
1173 1433 1267 1485 καὶ
1305 1435 1542 1503 σήμερον
1566 1435 1621 1487 ὲν
1649 1450 1773 1501 φαι-

185 1524 426 1593 δρότητι·
451 1521 578 1591 χθὲς
601 1523 657 1572 ἐν
680 1520 1020 1590 ὀλολυγμοῖς,
1045 1522 1138 1573 καὶ
1170 1523 1411 1591 σήμερον
1443 1525 1500 1574 ἐν
1526 1522 1766 1590 ἀλαλαγ-

187 1616 331 1682 μοῖς.
371 1612 616 1682 Ἐρωτᾷς
636 1613 688 1662 τί
717 1611 922 1664 τούτων
954 1613 1014 1664 τὸ
1046 1611 1240 1674 αἴτιον,
1277 1613 1369 1664 καὶ
1407 1612 1459 1663 τί
1491 1613 1548 1664 τὸ
1582 1630 1766 1681 παρα-

187 1701 462 1757 σκευάσαν
486 1702 740 1769 γενέσθαι
769 1701 1035 1772 τοσαύτην
1068 1701 1243 1771 χαρὰν
1265 1701 1358 1754 καὶ
1383 1700 1763 1772 λαμπρότητα;

184 1795 419 1866 Χριστὸς
443 1795 647 1864 ἀνέστη
676 1797 739 1847 ὲκ
763 1793 995 1865 νεκρῶν,
1033 1795 1124 1846 καὶ
1154 1793 1298 1855 ἅπας
1323 1795 1350 1844 6

183 1887 430 1942 λιάσατο.
458 1888 795 1958 Κατήργησε
829 1886 906 1955 τῷ
933 1885 1184 1955 ζωοποιῷ
1217 1887 1384 1939 αὑτοῦ
1430 1887 1641 1957 Θανάτῳ
1679 1887 1772 1940 τὸν

185 1979 440 2043 θάνατον,
487 1980 579 2030 καὶ
626 1978 827 2040 πάντες
855 1978 903 2029 oi
933 1979 989 2029 ὲν
1014 1977 1090 2046 τῷ
1123 1976 1224 2048 ᾅδῃ
1244 1976 1350 2028 τῶν
1381 1978 1597 2047 δεσμῶν
1656 1979 1768 2030 άπ-

183 2071 478 2138 ε).ύθησαν·
509 2068 720 2138 ὴνὲῳξε
763 2070 853 2120 τὸν
883 2068 1233 2136 παράδεισον,
1266 2067 1361 2119 καὶ
1401 2069 1565 2120 πᾶσιν
1608 2069 1772 2121 αὑτὸν

184 2161 443 2232 εἰσηκτὸν
486 2159 886 2230 ἀπειργάσατο.
923 2160 984 2210 ’Ὠ
1037 2157 1200 2227 βάθος
1247 2156 1320 2228 μὴ
1355 2159 1674 2228 νοούμενονι
1709 2160 1772 2212 Ὢ

185 2251 319 2321 ὕψος
368 2251 444 2322 μὴ
479 2250 882 2321 μετρούμενονί
920 2250 982 2299 Ὠ
1019 2250 1318 2318 μυστηρίου
1359 2249 1612 2319 φρικτοῦ,
1650 2251 1771 2315 νοὸς

181 2345 414 2414 δύναμιν
467 2340 922 2413 ὑπερϐαίνοντοςε
971 2337 1262 2408 ’Υμνοῦσιν
1288 2340 1512 2409 ἄγγελοι
1563 2345 1628 2413 τῇ
1667 2359 1772 2396 σω-

181 2437 353 2507 τηρίᾳ.
403 2436 564 2506 ήμῶν
616 2432 1125 2505 ὲπευφραινόμενοι.
1178 2433 1461 2503 Προφῆται
1521 2435 1772 2506 χαίρουσι

182 2533 282 2594 τὰς
308 2531 521 2592 οίκείας
539 2528 875 2599 προρρήσεις
896 2525 1278 2595 πληρουμένας
1296 2525 1586 2595 θεώμενοι.
1615 2528 1771 2580 Πᾶσα

180 2626 212 2692 ὴ
265 2622 447 2685 κτίσις
508 2618 877 2691 συνεορτάζει.
948 2616 1187 2685 Ηῦγασει
1232 2617 1339 2686 γὰρ
1391 2617 1528 2688 αὐτῇ
1586 2617 1772 2688 ἡμέρα

184 2715 477 2785 σωτήριος,
507 2711 716 2782 ἔλαμψε
750 2710 910 2764 πάλιν
964 2711 993 2763 6
1039 2709 1139 2778 τῆς
1181 2708 1527 2778 δικαιοσύνης
1559 2708 1766 2773 Ἤλιος.

183 2805 280 2868 Τίς
313 2809 498 2857 τοίνυν
537 2801 705 2866 ἀξίως
756 2801 856 2871 τῆς
909 2798 1166 2870 λαμπρᾶς
1199 2798 1403 2867 ταύτης
1434 2798 1646 2868 ἡμέρας
1670 2797 1769 2870 τὴν

181 2897 344 2969 χάριν
386 2895 721 2965 ὲξυμνήσει;
755 2892 851 2951 Τίς
899 2888 1335 2961 μεγαλοπρεπῶς
1385 2887 1478 2941 τοῦ
1515 2889 1767 2941 τοσούτου

185 2988 492 3058 μυστηρίου
548 2982 806 3054 ὲκθειάσῃ
856 2982 956 3051 τὴν
1000 2981 1268 3050 δύναμιν;
1313 2979 1396 3042 τίς
1427 2978 1695 3050 ἒτερος,ἢ
1740 2981 1768 3034 6

181 3079 423 3151 χρυσοῦς
480 3077 638 3147 ἡμῶν
694 3077 883 3147 Πατὴρ
926 3075 1203 3146 Ἰωάννης,
1256 3076 1284 3127 6
1329 3074 1643 3146 διαπρύσιος
1675 3076 1770 3130 καὶ

184 3169 651 3242 μεγαλοφώνατος
700 3169 894 3238 κήρυξ,
927 3171 953 3221 6
989 3169 1088 3238 τῆς
1131 3167 1455 3238 οἰκουμένης
1511 3167 1766 3237 διαφανέ-
1796 3190 1840 3248 c

183 3278 381 3325 στατος
410 3263 505 3314 καὶ
528 3260 916 3330 λαμπρότατος
948 3257 1194 3328 φωστὴρ,
1244 3258 1338 3311 καὶ
1371 3257 1622 3327 ἀληθινὸς
1644 3275 1765 3312 ποι-

183 3357 291 3426 μὴν
344 3356 438 3408 καὶ
473 3354 822 3416 διδάσκαλος,
848 3353 876 3405 6
899 3352 1008 3404 τῶν
1042 3351 1228 3421 ψυχῶν
1257 3351 1623 3419 εὐφυέστατος
1671 3349 1764 3401 καὶ

179 3446 561 3517 δοκιμώτατος
612 3443 816 3514 ίάτρὸς,
866 3444 895 3495 6
945 3441 1054 3494 τῶν
1104 3441 1445 3512 ἁμαρτωλῶν
1493 3437 1764 3508 ἐγγυητὴς

180 3539 506 3608 ἀξιόχρεως,
532 3539 560 3589 6
582 3535 724 3606 ὑπὲρ
754 3535 844 3588 τὸν
874 3533 1066 3587 Νεῖλον
1088 3533 1329 3602 ποταμὸν
1364 3531 1501 3603 ῥέων
1531 3531 1598 3584 τὰ
1633 3549 1762 3603 χρυ-

183 3628 483 3700 σόρρειθρα
511 3627 751 3696 νάματα,
775 3628 802 3679 6
831 3623 1066 3696 χρυσοῦς
1103 3624 1195 3676 καὶ
1221 3620 1632 3692 χρυσόγλωσσος
1671 3620 1764 3672 καὶ

179 3721 601 3792 χρυσόστομος;
636 3709 790 3779 οὗτος
844 3716 1176 3779 ἐκθειαζέτω
1209 3713 1303 3765 καὶ
1334 3712 1640 3781 ἁνυμνείτω
1672 3711 1767 3762 καὶ

180 3808 451 3880 κροτείτω
512 3806 598 3859 τοῦ
651 3805 952 3875 μυστηρίου
986 3804 1084 3872 τὴν
1129 3801 1400 3870 δύναμιν·
1447 3799 1540 3851 κα)⁹
1572 3798 1763 3850 τούτου

181 3901 368 3972 χάριν,
389 3898 466 3962 ὡς
492 3891 605 3951 οἷόν
635 3912 695 3949 τε
721 3895 806 3947 διὰ
838 3893 1084 3964 βραχέων
1114 3888 1571 3960 συντετμημένων
1591 3886 1765 3956 λόγων

182 3991 586 4061 ἐξαγγελλέτω·
615 3986 729 4040 ἀλλ’
763 3989 790 4039 6
819 3985 917 4056 μὲν
941 3982 1157 4054 ἕτοιμός
1185 3983 1354 4047 ἐστιν,
1386 3980 1462 4044 ὡς
1492 3979 1582 4041 τοῦ
1605 3979 1762 4048 λόγου

185 4089 375 4158 ῥήτωρ
419 4083 691 4148 ποικίλος,
724 4081 818 4134 καὶ
846 4079 1081 4146 σάλπιγξ
1128 4075 1619 4146 μεγαλοφωνοτάτη
1669 4072 1762 4124 τοῦ

183 4181 524 4249 Πνεύματος·
555 4178 715 4247 ἡμεῖς
739 4174 795 4227 δὲ
829 4174 964 4243 πρὸς
993 4170 1055 4223 τὸ
1079 4169 1299 4224 ἀκούειν
1323 4167 1509 4219 τούτου
1536 4164 1764 4235 ἐτοιμώ-

1949 904 2001 956 I.
2044 902 2183 968 Quid
2240 901 2345 956 hoc
2396 909 2525 968 est,
2580 903 2760 959 dilecti
2803 904 3042 971 fratres,
3105 905 3268 977 hujus
3326 907 3449 964 festi

1874 992 2192 1064 Christique
2225 994 2544 1051 amatores?
2580 994 2838 1061 Quaenam
2872 998 2984 1050 haac
3013 1005 3161 1051 tanta
3203 998 3451 1053 candida:

1874 1088 2041 1142 vestis
2071 1089 2349 1155 gestatio?
2394 1090 2518 1159 quis
2551 1097 2738 1144 tantus
2772 1091 3038 1144 luminum
3072 1101 3367 1161 apparatus
3394 1103 3452 1146 et

1875 1179 2170 1234 hilaritas?
2227 1181 2359 1249 quid
2419 1189 2705 1250 tantopere
2768 1181 3068 1238 Ecclesiam
3132 1184 3452 1239 illuminat?

1876 1273 2006 1341 quid
2047 1274 2310 1327 mundum
2341 1275 2616 1328 exornat?
2645 1275 2775 1344 quid
2814 1282 3018 1329 tantam
3046 1275 3446 1346 jucunditatem

1876 1366 2231 1428 laetitiamque
2266 1366 2474 1420 edicit?
2513 1365 2640 1421 Heri
2674 1370 3029 1432 consternati,
3084 1369 3245 1424 hodie
3287 1371 3449 1425 exhi-

1875 1454 2036 1507 Iarati
2074 1473 2086 1508 :
2123 1455 2239 1508 heri
2275 1455 2326 1508 in
2364 1456 2606 1520 tristitia,
2652 1458 2813 1512 hodie
2860 1459 2913 1512 in
2950 1460 3193 1528 gaudio:
3233 1461 3350 1516 heri
3392 1466 3446 1516 in

1874 1542 2192 1612 ejulatibus,
2233 1545 2391 1600 hodie
2425 1549 2474 1600 in
2502 1548 2713 1616 jubilis.
2760 1549 2940 1620 Rogas
2972 1553 3163 1606 horum
3198 1569 3445 1621 causam,

1875 1638 2076 1706 quidve
2114 1648 2324 1693 tantum
2357 1642 2616 1708 gaudium
2659 1643 3171 1716 solemnitatemque
3205 1647 3446 1702 aderat?

1873 1729 2126 1785 Christus
2157 1734 2442 1787 emortuis
2466 1734 2787 1801 resurrexit,
2818 1747 2869 1789 et
2891 1737 3179 1794 universus
3211 1740 3448 1795 mundus

1382 1793 1581 1897 κξσμῆς
1604 1797 1769 1897 Wa?“
1805 1828 1844 1880 Β
1873 1825 2134 1878 exsultat.
2184 1824 2461 1881 Destruxit
2493 1827 2709 1881 viviﬁca
2760 1839 2933 1883 morte
2975 1844 3074 1884 sua
3107 1842 3362 1897 mortem,
3394 1842 3450 1887 et

1874 1931 2066 1970 omnes
2115 1916 2419 1972 inferorum
2482 1920 2671 1975 incolae
2721 1921 2958 1978 vinculis
3008 1934 3134 1978 sunt
3175 1926 3445 1980 resoluti:

1871 2010 2188 2076 paradisum
2249 2012 2475 2068 reclusit
2537 2015 2862 2086 cunctisque
2942 2018 3190 2086 pervium
3241 2019 3444 2075 ell‘ecit.

1873 2102 1917 2155 0
1952 2102 2301 2172 profunditas
2347 2106 2756 2163 inscrutabilisl
2806 2124 2840 2164 ο
2870 2109 3102 2164 altitudo
3139 2112 3447 2167 immensu-

1871 2195 2094 2249 rabilisl
2140 2193 2183 2249 Ο
2233 2199 2571 2251 tremendum
2625 2203 2945 2269 mysterium
2988 2203 3186 2257 mentis
3213 2203 3320 2256 vim
3350 2219 3449 2258 ex-

1869 2285 2106 2340 cedens!
2147 2287 2388 2357 Hymuos
2423 2301 2628 2342 cauum
2660 2291 2836 2359 angeli
2875 2293 3053 2346 salute
3086 2303 3274 2348 nostra
3306 2295 3445 2351 laeti-

1872 2378 2039 2432 ﬁcati.
2078 2377 2369 2448 Propheta:
2400 2381 2659 2449 gaudent,
2690 2383 2947 2437 vaticinia
2973 2400 3069 2439 sua
3095 2385 3161 2439 ad
3188 2387 3440 2443 effectum

1869 2482 1993 2522 esse
2024 2470 2304 2537 perducta.
2345 2469 2608 2527 Universa
2644 2484 2895 2530 creatura
2945 2478 3146 2532 festum
3194 2480 3450 2536 concele-

1872 2560 2035 2614 brat:
2068 2561 2252 2616 illuxit
2279 2564 2426 2618 enim
2464 2567 2510 2620 ei
2539 2567 2656 2622 dies
2693 2570 2973 2634 salutaris,
3019 2571 3201 2626 denuo
3245 2572 3448 2630 effulsit

1876 2652 2244 2723 Sotjustitize.
2297 2656 2437 2724 Quis
2471 2675 2602 2731 ergo
2649 2662 2811 2731 digne
2863 2663 2970 2717 diei
3021 2663 3182 2733 hujus
3213 2667 3443 2735 gratiam

1870 2747 2162 2805 decantet?
2195 2751 2326 2818 Quis
2373 2769 2474 2824 pro
2521 2755 2785 2826 dignitate
2837 2758 2974 2812 tanti
3027 2759 3136 2812 vim
3195 2762 3446 2831 mysterii

1871 2842 2152 2898 dilaudet?
2186 2846 2330 2914 quis,
2368 2846 2472 2900 nisi
2503 2861 2706 2903 aureus
2735 2848 2899 2903 Pater
2947 2859 3133 2905 uoster
3179 2851 3444 2915 Joannes,

1871 2949 2108 2992 canorus
2148 2952 2212 2992 ac
2243 2938 2626 2994 vocalissimus
2657 2956 2856 3009 praeco,
2908 2944 3096 2998 mundi
3139 2944 3446 3000 illustrissi-

1871 3045 2020 3084 mum
2055 3046 2117 3083 ac
2147 3031 2649 3101 splendidissimum
2693 3034 3006 3098 luminare,
3051 3049 3215 3090 verus
3261 3045 3446 3105 pastor

1872 3133 2036 3193 atque
2066 3125 2344 3194 magister,
2385 3125 2753 3195 peritissimus
2787 3129 3092 3181 animarum
3128 3142 3193 3182 ac
3240 3129 3446 3198 proba-

1873 3217 2120 3271 tissimus
2160 3217 2439 3283 medicus,
2489 3229 2836 3288 peccatorum
2879 3221 3264 3276 reconciliator
3291 3236 3446 3293 egre—

1871 3309 2029 3378 gius,
2081 3307 2203 3363 Nilo
2249 3309 2416 3363 ﬂuvio
2465 3310 2721 3365 ﬂuentior
2778 3313 2962 3366 aureis
3019 3313 3296 3378 Iaticibus,
3354 3314 3446 3369 ille

1868 3414 2091 3465 aureus,
2124 3409 2177 3456 et
2206 3417 2371 3456 aurea
2394 3403 2597 3472 lingua,
2633 3414 2796 3474 atque
2823 3403 2898 3458 Os
2927 3419 3187 3472 aureum;
3220 3405 3331 3471 hic,
3359 3407 3445 3460 in-

1869 3511 2059 3567 quam,
2091 3497 2354 3559 diIaudet,
2392 3497 2612 3567 hymnis
2649 3505 2702 3551 et
2752 3498 3035 3568 plausibus
3082 3510 3446 3569 prosequatur

1872 3590 2036 3660 hujus
2088 3592 2196 3644 vim
2246 3590 2522 3661 mysterii,
2563 3590 2801 3661 ideoque
2842 3592 3097 3646 breviore
3129 3608 3295 3662 quam
3329 3593 3443 3648 lit-ri

1874 3686 2076 3754 poterit
2106 3685 2354 3739 oratione
2379 3683 2726 3753 depraedieet.
2757 3685 2825 3737 At
2871 3684 2916 3737 is
2950 3684 3169 3752 quidem
3220 3693 3446 3752 paratus

1873 3788 1977 3844 est,
2015 3794 2112 3833 ceu
2149 3779 2366 3833 dicendi
2404 3779 2588 3832 rhetor
2623 3778 2899 3844 copiosus,
2935 3778 3066 3831 tuba
3097 3779 3444 3832 vocalissitua

1871 3871 2110 3942 Spiritus
2141 3890 2154 3926 :
2187 3886 2285 3926 nos
2316 3880 2498 3926 autem
2528 3869 2596 3925 ad
2623 3871 2770 3926 hunc
2796 3870 3122 3925 audiendum
3147 3871 3465 3928 alacriores.

1871 3969 2047 4023 simus
2074 3976 2127 4022 et
2157 3965 2499 4028 altentiores,
2552 3973 2614 4018 ut
2661 3978 3059 4032 cognoscamus
3105 3965 3237 4030 quid
3285 3964 3445 4019 nobis

1870 4060 2008 4114 alter
2059 4058 2395 4127 paenitentia:
2450 4071 2629 4125 praeco
2673 4054 2976 4124 (Joannes)
3025 4055 3252 4110 nuntiet.
3299 4057 3444 4127 Ergo

1869 4157 2073 4213 audite.

181 4243 348 4342 15pm-
386 4243 679 4341 γενώμεθα
728 4268 820 4319 καὶ
873 4261 1392 4336 προσεκτικώτεροι,
1443 4257 1508 4309 ἵν’
1532 4257 1760 4328 εἴδωμεν
1792 4250 1878 4308 οἷα
1908 4254 2042 4323 ἡμῖν
2091 4246 2483 4315 ἐπαγγέλλεται
2535 4247 2562 4298 6
2618 4243 2903 4313 μετανοίας
2925 4244 3099 4315 κήρυξ
3122 4243 3437 4318 ὁδεύτερος.

181 4367 274 4419 Διὸ
304 4363 438 4418 ἀκού
447 4377 598 4414 σατε.

448 4473 644 4529 ΑΡΧΗ
681 4471 817 4525 'ror
853 4470 1365 4524 ΧΡΥΣυΣΤυΜυΥ
1401 4468 1477 4540 (π)

254 4592 319 4664 β’.
357 4592 422 4644 Εἴ
455 4607 540 4653 τις
570 4588 800 4657 εὐσεϐὴς
831 4589 926 4639 καὶ
971 4584 1239 4654 φιλόθεος,
1267 4585 1586 4636 ἀπολαυέτω
1635 4581 1766 4635 ταύ-

180 4703 281 4756 της
303 4686 401 4754 τῆς
426 4682 603 4751 καλῆς
635 4679 1016 4749 πανηγύρεωςο
1045 4677 1098 4729 εί
1118 4694 1204 4741 τις
1223 4677 1419 4740 δοῦλος
1446 4675 1764 4746 εὐγνώμων,

187 4778 478 4831 εἰσελθέτω
512 4775 725 4845 χαίρων
758 4774 838 4836 εἰς
878 4771 978 4842 τὴν
1007 4770 1178 4843 χαρὰν
1207 4771 1301 4824 τοῦ
1333 4771 1521 4839 κυρίου
1561 4769 1726 4822 αὑτοῦ
1748 4783 1762 4798 ⁶

187 4871 242 4922 εἴ
267 4886 350 4931 τις
376 4866 553 4936 ἔκαμε
579 4863 874 4933 νηστεύων,
899 4861 1223 4915 ἀπολαϐἐτω
1259 4861 1352 4915 νῦν
1385 4861 1445 4913 τὸ
1475 4861 1762 4930 δηνάριον⁹

188 4961 350 5023 εἴτις
380 4957 489 5011 ἀπὸ
525 4954 748 5026 πρώτης
777 4952 925 5024 ὥρας
967 4952 1285 5023 εἰργάσατο,
1311 4951 1554 5022 δεχέσθω
1588 4950 1682 5004 νῦν
1704 4951 1768 5004 τὸ

187 5051 393 5105 δίκαιον
417 5048 645 5116 ὄφλημα
669 5061 682 5075 ·
716 5046 767 5098 εί
789 5062 870 5109 τις
894 5043 1032 5114 μετὰ
1062 5044 1161 5113 τὴν
1188 5045 1375 5116 τρίτην
1396 5040 1582 5115 ἦλθεν,
1611 5045 1767 5113 εὐχα-

184 5143 383 5217 ριστῶν
414 5140 693 5212 ἐορτάσοι’
723 5137 878 5201 εἴτις
909 5138 1038 5207 περὶ
1067 5138 1166 5208 τὴν
1196 5137 1359 5208 ’ἐκτην
1381 5134 1567 5208 ἦλθεν,
1601 5137 1765 5206 μηδὲν

182 5235 564 5309 ἁμφιὸαλέτω,
608 5231 700 5285 καὶ
729 5229 838 5301 γὰρ
872 5229 1025 5283 οὐδὲν
1056 5228 1379 5299 ζημιοῦται·
1408 5228 1462 5282 εῐ
1495 5245 1577 5291 τις
1608 5228 1765 5281 ὑστέ-

186 5346 350 5403 ρησεν
379 5328 464 5388 είς
493 5323 598 5394 τὴν
624 5323 870 5393 ὲννάτην,
912 5320 1200 5392 προσέλθοι
1238 5322 1404 5392 μηδὲν
1435 5319 1725 5384 ἐνδοιάζων
1745 5338 1760 5354 ι

184 5425 237 5478 si
265 5439 347 5485 τις
401 5418 566 5491 μόνον
602 5414 807 5484 ἔφθασε
836 5415 933 5487 τὴν
979 5414 1292 5484 ἑνδεκάτην,
1327 5412 1617 5486 προσέλθοι
1671 5413 1768 5466 καὶ

251 5601 324 5669 (3)
357 5598 556 5669 Exstat
614 5605 1092 5669 seqtten_s__sermo
1106 5591 1267 5669 _._vel_
1297 5591 1660 5669 fragmentum
1709 5589 1760 5669 in

182 5660 416 5724 editione
447 5660 705 5722 Maurina
736 5673 777 5715 t.‘
812 5661 943 5723 VIII,
975 5679 1028 5730 p.
1065 5661 1190 5714 250.
1237 5660 1493 5730 Spurium
1551 5662 1766 5714 int-aute

193 5736 633 5793 Moutfaucouius
680 5729 1146 5799 judicavit.'[\'ide
1189 5732 1415 5798 hujusce
1442 5729 1764 5799 Patrologite

1796 4429 1843 4485 D

2240 4454 2505 4510 INITIUM
2546 4451 3064 4508 CHRYSOSTOMI.

1933 4573 1989 4626 2.
2028 4571 2085 4625 Si
2136 4570 2259 4640 quis
2308 4569 2429 4638 pius
2461 4575 2575 4632 est,
2634 4565 2841 4637 Deique
2887 4581 3115 4632 amans,
3169 4577 3442 4638 praesente

1865 4665 2098 4734 gaudeat
2116 4662 2342 4733 pulchra
2373 4659 2737 4716 solemnitate.
2775 4659 2832 4712 Si
2852 4660 2976 4727 quis
3000 4674 3189 4714 servus
3210 4660 3438 4729 probus,

1865 4755 2021 4810 laetus
2056 4756 2220 4809 intret
2262 4754 2315 4808 in
2344 4751 2602 4822 gaudium
2635 4750 2846 4806 domini
2893 4749 2999 4806 sui.
3045 4747 3102 4804 Si
3131 4751 3255 4822 quis
3284 4751 3441 4806 labo-

1866 4849 2005 4903 ravit
2035 4848 2316 4918 jejunans,
2369 4860 2514 4900 nunc
2552 4844 2782 4914 recipiat
2807 4843 3090 4898 denarium
3122 4861 3136 4897 :
3167 4843 3212 4898 si
3247 4843 3371 4911 quis
3406 4859 3438 4899 a

1864 4945 2040 5013 prima
2093 4944 2227 4996 hora
2279 4951 2537 5012 Operatus
2584 4951 2701 5006 est,
2760 4954 2904 4995 nunc
2931 4939 3133 5009 justam
3169 4940 3440 5009 percipiat

1867 5037 2172 5092 mercedem
2207 5056 2218 5089 :
2253 5037 2295 5090 si
2331 5037 2456 5106 quis
2490 5045 2614 5105 post
2639 5034 2854 5089 tertiam
2888 5033 3054 5096 venit,
3088 5048 3210 5088 cum
3237 5035 3440 5103 gratia-

1866 5147 1985 5185 rum
2042 5130 2257 5185 actione
2312 5129 2508 5184 Iestum
2551 5135 2680 5197 agat
2720 5144 2734 5181 :
2777 5127 2824 5181 si
2871 5126 2995 5195 quis
3039 5127 3184 5179 circa
3228 5134 3436 5180 sextam

1865 5223 2116 5287 accessit,
2154 5222 2288 5275 nihil
2340 5220 2573 5285 haesitet,
2629 5219 2839 5273 nullum
2872 5220 3015 5273 enim
3047 5217 3436 5274 detrimentum

1867 5315 2111 5372 sentiet:
2151 5315 2195 5369 si
2247 5315 2369 5385 quis
2418 5315 2483 5368 ad
2533 5327 2730 5370 nouam
2786 5325 2959 5380 usque
3019 5309 3249 5375 distulit,
3303 5313 3440 5368 nihil

1871 5414 2127 5469 dubitans
2159 5413 2342 5467 veniat
2371 5429 2384 5466 :
2419 5410 2463 5465 si
2495 5409 2619 5480 quis
2650 5408 2781 5462 hora
2807 5415 3019 5461 tantum
3051 5406 3338 5463 undecima
3370 5408 3440 5464 ad

1875 5601 1912 5646 t.
1963 5591 2097 5654 LIX,
2142 5593 2246 5652 col.
2299 5590 2448 5662 γει]
2513 5590 2668 5646 Nunc
2720 5598 2919 5655 autem,
2973 5589 3182 5662 Studita
3229 5589 3438 5660 judice,

1874 5665 2013 5719 inter
2043 5665 2274 5733 genuiua
2304 5664 2411 5718 divi
2440 5661 2617 5717 Patris
2657 5664 2857 5731 scripta
2892 5663 3018 5731 poni
3052 5661 3231 5716 debet.
