  <div class='ocr_page' id='page_1' title='image "/cluster/home/n/w/nwhite01/storage/ocr_20150623/99/pst.000005714063/407.png"; bbox 0 0 4000 6306; ppageno 0'>
   <div class='ocr_carea' id='block_1_1' title="bbox 571 339 669 405">
    <p class='ocr_par' dir='ltr' id='par_1_1' title="bbox 571 339 669 405">
     <span class='ocr_line' id='line_1_1' title="bbox 571 339 669 405; baseline 0.031 -4"><span class='ocrx_word' id='word_1_1' title='bbox 571 339 669 405; x_wconf 79' lang='grc'><strong>711</strong></span> 
     </span>
    </p>
   </div>
   <div class='ocr_carea' id='block_1_2' title="bbox 1700 344 2588 409">
    <p class='ocr_par' dir='ltr' id='par_1_2' title="bbox 1700 344 2588 409">
     <span class='ocr_line' id='line_1_2' title="bbox 1700 344 2588 409; baseline 0.006 -6"><span class='ocrx_word' id='word_1_2' title='bbox 1700 345 1760 404; x_wconf 93' lang='lat' dir='ltr'><strong>S.</strong></span> <span class='ocrx_word' id='word_1_3' title='bbox 1806 344 2196 405; x_wconf 82' lang='lat' dir='ltr'><strong>THEODORI</strong></span> <span class='ocrx_word' id='word_1_4' title='bbox 2242 345 2588 409; x_wconf 71' lang='lat' dir='ltr'><strong>STUDIT/E</strong></span> 
     </span>
    </p>
   </div>
   <div class='ocr_carea' id='block_1_3' title="bbox 3709 351 3820 414">
    <p class='ocr_par' dir='ltr' id='par_1_3' title="bbox 3709 351 3820 414">
     <span class='ocr_line' id='line_1_3' title="bbox 3709 351 3820 414; baseline 0.009 -1"><span class='ocrx_word' id='word_1_5' title='bbox 3709 351 3820 414; x_wconf 70' lang='grc' dir='ltr'>ἨΞ</span> 
     </span>
    </p>
   </div>
   <div class='ocr_carea' id='block_1_4' title="bbox 570 450 2152 528">
    <p class='ocr_par' dir='ltr' id='par_1_4' title="bbox 570 454 2127 526">
     <span class='ocr_line' id='line_1_4' title="bbox 570 454 2127 526; baseline -0.001 -19"><span class='ocrx_word' id='word_1_6' title='bbox 570 456 809 509; x_wconf 81' lang='lat' dir='ltr'><strong>laborem</strong></span> <span class='ocrx_word' id='word_1_7' title='bbox 843 471 903 511; x_wconf 89' lang='lat' dir='ltr'><strong>se</strong></span> <span class='ocrx_word' id='word_1_8' title='bbox 938 456 1187 522; x_wconf 89' lang='lat' dir='ltr'><strong>contulit,</strong></span> <span class='ocrx_word' id='word_1_9' title='bbox 1235 471 1300 510; x_wconf 90' lang='lat' dir='ltr'><strong>ne</strong></span> <span class='ocrx_word' id='word_1_10' title='bbox 1339 456 1452 526; x_wconf 87' lang='lat' dir='ltr'><strong>ipse</strong></span> <span class='ocrx_word' id='word_1_11' title='bbox 1481 455 1698 524; x_wconf 79' lang='lat' dir='ltr'><strong>quidem</strong></span> <span class='ocrx_word' id='word_1_12' title='bbox 1741 456 1807 509; x_wconf 86' lang='lat' dir='ltr'><strong>de</strong></span> <span class='ocrx_word' id='word_1_13' title='bbox 1832 471 1930 510; x_wconf 86' lang='lat' dir='ltr'><strong>sua</strong></span> <span class='ocrx_word' id='word_1_14' title='bbox 1960 454 2127 508; x_wconf 82' lang='lat' dir='ltr'><strong>tardi-</strong></span> 
     </span>
    </p>
   </div>
   <div class='ocr_carea' id='block_1_5' title="bbox 2253 450 3824 528">
    <p class='ocr_par' dir='ltr' id='par_1_5' title="bbox 2253 450 3824 528">
     <span class='ocr_line' id='line_1_5' title="bbox 2253 450 3824 528; baseline 0.005 -20"><span class='ocrx_word' id='word_1_15' title='bbox 2253 455 2392 517; x_wconf 75' lang='grc' dir='ltr'>ιύτδς</span> <span class='ocrx_word' id='word_1_16' title='bbox 2430 456 2596 525; x_wconf 81' lang='grc' dir='ltr'>μηδὲν</span> <span class='ocrx_word' id='word_1_17' title='bbox 2627 455 2912 521; x_wconf 73' lang='grc' dir='ltr'>ἐνδοιάζων</span> <span class='ocrx_word' id='word_1_18' title='bbox 2939 472 2952 486; x_wconf 87' lang='grc'><strong>·</strong></span> <span class='ocrx_word' id='word_1_19' title='bbox 3004 457 3282 528; x_wconf 76' lang='grc' dir='ltr'>φιλότιμος</span> <span class='ocrx_word' id='word_1_20' title='bbox 3318 450 3427 528; x_wconf 78' lang='grc' dir='ltr'><strong>γὰρ</strong></span> <span class='ocrx_word' id='word_1_21' title='bbox 3449 455 3523 511; x_wconf 84' lang='grc' dir='ltr'>ὣν</span> <span class='ocrx_word' id='word_1_22' title='bbox 3552 461 3580 512; x_wconf 99' lang='lat'><strong>6</strong></span> <span class='ocrx_word' id='word_1_23' title='bbox 3609 464 3824 517; x_wconf 85' lang='grc' dir='ltr'>Δεσπό-</span> 
     </span>
    </p>
   </div>
   <div class='ocr_carea' id='block_1_6' title="bbox 570 545 2138 614">
    <p class='ocr_par' dir='ltr' id='par_1_6' title="bbox 570 545 2138 614">
     <span class='ocr_line' id='line_1_6' title="bbox 570 545 2138 614; baseline 0.001 -15"><span class='ocrx_word' id='word_1_24' title='bbox 570 555 678 601; x_wconf 88' lang='lat' dir='ltr'><strong>tate</strong></span> <span class='ocrx_word' id='word_1_25' title='bbox 701 548 912 603; x_wconf 92' lang='lat' dir='ltr'><strong>timeat.</strong></span> <span class='ocrx_word' id='word_1_26' title='bbox 937 547 1072 603; x_wconf 93' lang='lat' dir='ltr'><strong>Cum</strong></span> <span class='ocrx_word' id='word_1_27' title='bbox 1095 549 1327 603; x_wconf 81' lang='lat' dir='ltr'><strong>sitcniin</strong></span> <span class='ocrx_word' id='word_1_28' title='bbox 1355 546 1598 600; x_wconf 89' lang='lat' dir='ltr'><strong>liberalis</strong></span> <span class='ocrx_word' id='word_1_29' title='bbox 1618 545 1897 609; x_wconf 91' lang='lat' dir='ltr'><strong>dominus,</strong></span> <span class='ocrx_word' id='word_1_30' title='bbox 1925 553 2138 614; x_wconf 88' lang='lat' dir='ltr'><strong>postre-</strong></span> 
     </span>
    </p>
   </div>
   <div class='ocr_carea' id='block_1_7' title="bbox 2241 547 3820 621">
    <p class='ocr_par' dir='ltr' id='par_1_7' title="bbox 2241 547 3820 621">
     <span class='ocr_line' id='line_1_7' title="bbox 2241 547 3820 621; baseline 0.006 -22"><span class='ocrx_word' id='word_1_31' title='bbox 2241 563 2361 616; x_wconf 86' lang='grc' dir='ltr'>της,</span> <span class='ocrx_word' id='word_1_32' title='bbox 2396 547 2613 617; x_wconf 87' lang='grc' dir='ltr'>δέχεται</span> <span class='ocrx_word' id='word_1_33' title='bbox 2640 548 2731 600; x_wconf 80' lang='grc' dir='ltr'><strong>τὸν</strong></span> <span class='ocrx_word' id='word_1_34' title='bbox 2767 549 2995 618; x_wconf 76' lang='grc' dir='ltr'>ἔσχατον</span> <span class='ocrx_word' id='word_1_35' title='bbox 3018 550 3269 621; x_wconf 89' lang='grc' dir='ltr'>καθάπερ</span> <span class='ocrx_word' id='word_1_36' title='bbox 3295 550 3385 603; x_wconf 86' lang='grc' dir='ltr'>τὸν</span> <span class='ocrx_word' id='word_1_37' title='bbox 3415 551 3652 621; x_wconf 59' lang='grc' dir='ltr'>πρῶτον</span> <span class='ocrx_word' id='word_1_38' title='bbox 3685 555 3820 608; x_wconf 82' lang='grc' dir='ltr'>ἀνα-</span> 
     </span>
    </p>
   </div>
   <div class='ocr_carea' id='block_1_8' title="bbox 571 637 2152 714">
    <p class='ocr_par' dir='ltr' id='par_1_8' title="bbox 571 637 2144 709">
     <span class='ocr_line' id='line_1_8' title="bbox 571 637 2144 709; baseline 0 -16"><span class='ocrx_word' id='word_1_39' title='bbox 571 656 722 695; x_wconf 89' lang='lat' dir='ltr'><strong>mum</strong></span> <span class='ocrx_word' id='word_1_40' title='bbox 779 640 924 695; x_wconf 88' lang='lat' dir='ltr'><strong>haud</strong></span> <span class='ocrx_word' id='word_1_41' title='bbox 975 656 1135 696; x_wconf 86' lang='lat' dir='ltr'><strong>secus</strong></span> <span class='ocrx_word' id='word_1_42' title='bbox 1194 655 1258 694; x_wconf 91' lang='lat' dir='ltr'><strong>ac</strong></span> <span class='ocrx_word' id='word_1_43' title='bbox 1310 639 1542 709; x_wconf 85' lang='lat' dir='ltr'><strong>primum</strong></span> <span class='ocrx_word' id='word_1_44' title='bbox 1593 638 1824 705; x_wconf 83' lang='lat' dir='ltr'><strong>excipit;</strong></span> <span class='ocrx_word' id='word_1_45' title='bbox 1877 637 2144 693; x_wconf 88' lang='lat' dir='ltr'><strong>refocillat</strong></span> 
     </span>
    </p>
   </div>
   <div class='ocr_carea' id='block_1_9' title="bbox 2253 637 3822 714">
    <p class='ocr_par' dir='ltr' id='par_1_9' title="bbox 2253 639 3822 714">
     <span class='ocr_line' id='line_1_9' title="bbox 2253 639 3822 714; baseline 0.003 -20"><span class='ocrx_word' id='word_1_46' title='bbox 2253 639 2410 694; x_wconf 82' lang='grc' dir='ltr'><strong>παύει</strong></span> <span class='ocrx_word' id='word_1_47' title='bbox 2461 641 2551 694; x_wconf 78' lang='grc' dir='ltr'>τὸν</span> <span class='ocrx_word' id='word_1_48' title='bbox 2597 641 2696 710; x_wconf 83' lang='grc' dir='ltr'>τῆς</span> <span class='ocrx_word' id='word_1_49' title='bbox 2724 642 3037 712; x_wconf 80' lang='grc' dir='ltr'><strong>ἑνδεκάτης,</strong></span> <span class='ocrx_word' id='word_1_50' title='bbox 3070 643 3144 704; x_wconf 89' lang='grc' dir='ltr'><strong>ώς</strong></span> <span class='ocrx_word' id='word_1_51' title='bbox 3171 643 3261 695; x_wconf 71' lang='grc' dir='ltr'>τὸν</span> <span class='ocrx_word' id='word_1_52' title='bbox 3293 644 3668 714; x_wconf 77' lang='grc' dir='ltr'><strong>ἐργασάμενον</strong></span> <span class='ocrx_word' id='word_1_53' title='bbox 3710 648 3822 698; x_wconf 77' lang='grc' dir='ltr'>άπὸ</span> 
     </span>
    </p>
   </div>
   <div class='ocr_carea' id='block_1_10' title="bbox 569 729 2152 806">
    <p class='ocr_par' dir='ltr' id='par_1_10' title="bbox 569 729 2144 801">
     <span class='ocr_line' id='line_1_10' title="bbox 569 729 2144 801; baseline -0.001 -16"><span class='ocrx_word' id='word_1_54' title='bbox 569 747 725 801; x_wconf 72' lang='lat' dir='ltr'><strong>aeque</strong></span> <span class='ocrx_word' id='word_1_55' title='bbox 746 733 1050 787; x_wconf 75' lang='lat' dir='ltr'><strong>undecima:</strong></span> <span class='ocrx_word' id='word_1_56' title='bbox 1079 733 1226 786; x_wconf 75' lang='lat' dir='ltr'><strong>hora:</strong></span> <span class='ocrx_word' id='word_1_57' title='bbox 1255 731 1589 801; x_wconf 88' lang='lat' dir='ltr'><strong>operarium,</strong></span> <span class='ocrx_word' id='word_1_58' title='bbox 1630 744 1696 783; x_wconf 90' lang='lat' dir='ltr'><strong>ac</strong></span> <span class='ocrx_word' id='word_1_59' title='bbox 1730 729 1884 784; x_wconf 91' lang='lat' dir='ltr'><strong>illum</strong></span> <span class='ocrx_word' id='word_1_60' title='bbox 1911 729 2005 798; x_wconf 85' lang='lat' dir='ltr'><strong>qui</strong></span> <span class='ocrx_word' id='word_1_61' title='bbox 2032 732 2144 799; x_wconf 89' lang='lat' dir='ltr'><strong>jam</strong></span> 
     </span>
    </p>
   </div>
   <div class='ocr_carea' id='block_1_11' title="bbox 2253 729 3822 806">
    <p class='ocr_par' dir='ltr' id='par_1_11' title="bbox 2253 729 3822 806">
     <span class='ocr_line' id='line_1_11' title="bbox 2253 729 3822 806; baseline 0.003 -22"><span class='ocrx_word' id='word_1_62' title='bbox 2253 731 2345 802; x_wconf 83' lang='grc' dir='ltr'>τῆς</span> <span class='ocrx_word' id='word_1_63' title='bbox 2372 729 2594 802; x_wconf 85' lang='grc' dir='ltr'><strong>πρώτης</strong></span> <span class='ocrx_word' id='word_1_64' title='bbox 2617 749 2629 762; x_wconf 89' lang='grc'><strong>·</strong></span> <span class='ocrx_word' id='word_1_65' title='bbox 2676 733 2771 784; x_wconf 58' lang='grc' dir='ltr'><strong>καὶ⁵</strong></span> <span class='ocrx_word' id='word_1_66' title='bbox 2799 733 2890 785; x_wconf 82' lang='grc' dir='ltr'>τὸν</span> <span class='ocrx_word' id='word_1_67' title='bbox 2923 732 3150 803; x_wconf 79' lang='grc' dir='ltr'>ὕστερον</span> <span class='ocrx_word' id='word_1_68' title='bbox 3178 734 3337 797; x_wconf 81' lang='grc' dir='ltr'>ἐλεεῖ,</span> <span class='ocrx_word' id='word_1_69' title='bbox 3362 735 3568 787; x_wconf 73' lang='grc' dir='ltr'>καὶτὸν</span> <span class='ocrx_word' id='word_1_70' title='bbox 3600 735 3822 806; x_wconf 83' lang='grc' dir='ltr'>πρῶτον</span> 
     </span>
    </p>
   </div>
   <div class='ocr_carea' id='block_1_12' title="bbox 574 822 2149 895">
    <p class='ocr_par' dir='ltr' id='par_1_12' title="bbox 574 822 2149 895">
     <span class='ocr_line' id='line_1_12' title="bbox 574 822 2149 895; baseline 0 -17"><span class='ocrx_word' id='word_1_71' title='bbox 574 824 702 878; x_wconf 87' lang='lat' dir='ltr'><strong>inde</strong></span> <span class='ocrx_word' id='word_1_72' title='bbox 748 839 777 877; x_wconf 90' lang='lat' dir='ltr'><strong>a</strong></span> <span class='ocrx_word' id='word_1_73' title='bbox 810 826 984 895; x_wconf 89' lang='lat' dir='ltr'><strong>prima</strong></span> <span class='ocrx_word' id='word_1_74' title='bbox 1016 839 1235 893; x_wconf 85' lang='lat' dir='ltr'><strong>cperam</strong></span> <span class='ocrx_word' id='word_1_75' title='bbox 1270 823 1628 894; x_wconf 70' lang='lat' dir='ltr'><strong>prmstiterat;</strong></span> <span class='ocrx_word' id='word_1_76' title='bbox 1672 832 1727 877; x_wconf 93' lang='lat' dir='ltr'><strong>et</strong></span> <span class='ocrx_word' id='word_1_77' title='bbox 1763 822 1935 876; x_wconf 90' lang='lat' dir='ltr'><strong>ultimi</strong></span> <span class='ocrx_word' id='word_1_78' title='bbox 1982 823 2149 878; x_wconf 90' lang='lat' dir='ltr'><strong>mise-</strong></span> 
     </span>
    </p>
   </div>
   <div class='ocr_carea' id='block_1_13' title="bbox 573 915 2144 983">
    <p class='ocr_par' dir='ltr' id='par_1_13' title="bbox 573 915 2144 983">
     <span class='ocr_line' id='line_1_13' title="bbox 573 915 2144 983; baseline 0.002 -15"><span class='ocrx_word' id='word_1_79' title='bbox 573 923 744 976; x_wconf 90' lang='lat' dir='ltr'><strong>retur,</strong></span> <span class='ocrx_word' id='word_1_80' title='bbox 775 924 829 968; x_wconf 92' lang='lat' dir='ltr'><strong>et</strong></span> <span class='ocrx_word' id='word_1_81' title='bbox 851 915 1087 983; x_wconf 88' lang='lat' dir='ltr'><strong>primum</strong></span> <span class='ocrx_word' id='word_1_82' title='bbox 1119 923 1533 982; x_wconf 80' lang='lat' dir='ltr'><strong>remuneratur;</strong></span> <span class='ocrx_word' id='word_1_83' title='bbox 1569 916 1696 970; x_wconf 88' lang='lat' dir='ltr'><strong>huic</strong></span> <span class='ocrx_word' id='word_1_84' title='bbox 1714 916 1828 979; x_wconf 90' lang='lat' dir='ltr'><strong>dat,</strong></span> <span class='ocrx_word' id='word_1_85' title='bbox 1854 915 2144 971; x_wconf 90' lang='lat' dir='ltr'><strong>illidonat:</strong></span> 
     </span>
    </p>
   </div>
   <div class='ocr_carea' id='block_1_14' title="bbox 573 1008 2150 1077">
    <p class='ocr_par' dir='ltr' id='par_1_14' title="bbox 573 1008 2150 1077">
     <span class='ocr_line' id='line_1_14' title="bbox 573 1008 2150 1077; baseline 0 -17"><span class='ocrx_word' id='word_1_86' title='bbox 573 1014 628 1060; x_wconf 89' lang='lat' dir='ltr'><strong>et</strong></span> <span class='ocrx_word' id='word_1_87' title='bbox 661 1021 882 1076; x_wconf 85' lang='lat' dir='ltr'><strong>operam</strong></span> <span class='ocrx_word' id='word_1_88' title='bbox 927 1009 1129 1077; x_wconf 86' lang='lat' dir='ltr'><strong>excipit</strong></span> <span class='ocrx_word' id='word_1_89' title='bbox 1152 1049 1166 1072; x_wconf 93' lang='lat'><strong>,</strong></span> <span class='ocrx_word' id='word_1_90' title='bbox 1210 1015 1264 1061; x_wconf 90' lang='lat' dir='ltr'><strong>et</strong></span> <span class='ocrx_word' id='word_1_91' title='bbox 1307 1008 1639 1062; x_wconf 82' lang='lat' dir='ltr'><strong>voluntatem</strong></span> <span class='ocrx_word' id='word_1_92' title='bbox 1674 1008 2018 1076; x_wconf 83' lang='lat' dir='ltr'><strong>amplectitur</strong></span> <span class='ocrx_word' id='word_1_93' title='bbox 2051 1026 2063 1060; x_wconf 90' lang='lat'><strong>:</strong></span> <span class='ocrx_word' id='word_1_94' title='bbox 2095 1017 2150 1062; x_wconf 92' lang='lat' dir='ltr'><strong>et</strong></span> 
     </span>
    </p>
   </div>
   <div class='ocr_carea' id='block_1_15' title="bbox 575 1096 2145 1167">
    <p class='ocr_par' dir='ltr' id='par_1_15' title="bbox 575 1096 2145 1167">
     <span class='ocr_line' id='line_1_15' title="bbox 575 1096 2145 1167; baseline -0.001 -18"><span class='ocrx_word' id='word_1_95' title='bbox 575 1105 754 1150; x_wconf 84' lang='lat' dir='ltr'><strong>actum</strong></span> <span class='ocrx_word' id='word_1_96' title='bbox 794 1096 976 1151; x_wconf 86' lang='lat' dir='ltr'><strong>debito</strong></span> <span class='ocrx_word' id='word_1_97' title='bbox 1007 1097 1212 1151; x_wconf 90' lang='lat' dir='ltr'><strong>honore</strong></span> <span class='ocrx_word' id='word_1_98' title='bbox 1251 1097 1438 1161; x_wconf 81' lang='lat' dir='ltr'><strong>allicit,</strong></span> <span class='ocrx_word' id='word_1_99' title='bbox 1471 1106 1526 1150; x_wconf 91' lang='lat' dir='ltr'><strong>et</strong></span> <span class='ocrx_word' id='word_1_100' title='bbox 1563 1097 1902 1167; x_wconf 77' lang='lat' dir='ltr'><strong>prepositum</strong></span> <span class='ocrx_word' id='word_1_101' title='bbox 1940 1096 2145 1150; x_wconf 79' lang='lat' dir='ltr'><strong>laudat.</strong></span> 
     </span>
    </p>
   </div>
   <div class='ocr_carea' id='block_1_16' title="bbox 579 1185 2151 1258">
    <p class='ocr_par' dir='ltr' id='par_1_16' title="bbox 579 1185 2151 1258">
     <span class='ocr_line' id='line_1_16' title="bbox 579 1185 2151 1258; baseline 0.004 -20"><span class='ocrx_word' id='word_1_102' title='bbox 579 1185 721 1256; x_wconf 83' lang='lat' dir='ltr'><strong>Ergo</strong></span> <span class='ocrx_word' id='word_1_103' title='bbox 764 1201 957 1242; x_wconf 92' lang='lat' dir='ltr'><strong>omnes</strong></span> <span class='ocrx_word' id='word_1_104' title='bbox 991 1187 1192 1242; x_wconf 82' lang='lat' dir='ltr'><strong>intrate</strong></span> <span class='ocrx_word' id='word_1_105' title='bbox 1227 1189 1277 1240; x_wconf 90' lang='lat' dir='ltr'><strong>in</strong></span> <span class='ocrx_word' id='word_1_106' title='bbox 1315 1188 1576 1258; x_wconf 87' lang='lat' dir='ltr'><strong>gaudium</strong></span> <span class='ocrx_word' id='word_1_107' title='bbox 1615 1189 1825 1243; x_wconf 90' lang='lat' dir='ltr'><strong>Domini</strong></span> <span class='ocrx_word' id='word_1_108' title='bbox 1854 1191 2064 1255; x_wconf 83' lang='lat' dir='ltr'><strong>nostri;</strong></span> <span class='ocrx_word' id='word_1_109' title='bbox 2096 1201 2151 1245; x_wconf 91' lang='lat' dir='ltr'><strong>et</strong></span> 
     </span>
    </p>
   </div>
   <div class='ocr_carea' id='block_1_17' title="bbox 577 1279 2150 1351">
    <p class='ocr_par' dir='ltr' id='par_1_17' title="bbox 577 1279 2150 1351">
     <span class='ocr_line' id='line_1_17' title="bbox 577 1279 2150 1351; baseline 0.003 -18"><span class='ocrx_word' id='word_1_110' title='bbox 577 1290 688 1333; x_wconf 90' lang='lat' dir='ltr'><strong>tum</strong></span> <span class='ocrx_word' id='word_1_111' title='bbox 721 1279 883 1350; x_wconf 86' lang='lat' dir='ltr'><strong>primi</strong></span> <span class='ocrx_word' id='word_1_112' title='bbox 918 1288 1031 1333; x_wconf 90' lang='lat' dir='ltr'><strong>tum</strong></span> <span class='ocrx_word' id='word_1_113' title='bbox 1059 1281 1233 1334; x_wconf 89' lang='lat' dir='ltr'><strong>ultimi</strong></span> <span class='ocrx_word' id='word_1_114' title='bbox 1261 1283 1566 1335; x_wconf 87' lang='lat' dir='ltr'><strong>mercedem</strong></span> <span class='ocrx_word' id='word_1_115' title='bbox 1607 1282 1869 1351; x_wconf 83' lang='lat' dir='ltr'><strong>percipite</strong></span> <span class='ocrx_word' id='word_1_116' title='bbox 1904 1300 1916 1334; x_wconf 92' lang='lat'><strong>:</strong></span> <span class='ocrx_word' id='word_1_117' title='bbox 1953 1283 2150 1338; x_wconf 82' lang='lat' dir='ltr'><strong>divites</strong></span> 
     </span>
    </p>
   </div>
   <div class='ocr_carea' id='block_1_18' title="bbox 577 1359 2154 1442">
    <p class='ocr_par' dir='ltr' id='par_1_18' title="bbox 577 1359 2154 1442">
     <span class='ocr_line' id='line_1_18' title="bbox 577 1359 2154 1442; baseline 0.003 -18"><span class='ocrx_word' id='word_1_118' title='bbox 577 1369 741 1424; x_wconf 89' lang='lat' dir='ltr'><strong>simul</strong></span> <span class='ocrx_word' id='word_1_119' title='bbox 771 1380 825 1424; x_wconf 89' lang='lat' dir='ltr'><strong>et</strong></span> <span class='ocrx_word' id='word_1_120' title='bbox 854 1385 1141 1439; x_wconf 86' lang='lat' dir='ltr'><strong>pauperes,</strong></span> <span class='ocrx_word' id='word_1_121' title='bbox 1171 1372 1425 1426; x_wconf 90' lang='lat' dir='ltr'><strong>chorcam</strong></span> <span class='ocrx_word' id='word_1_122' title='bbox 1451 1373 1630 1426; x_wconf 90' lang='lat' dir='ltr'><strong>ducite</strong></span> <span class='ocrx_word' id='word_1_123' title='bbox 1659 1393 1672 1426; x_wconf 91' lang='lat'><strong>:</strong></span> <span class='ocrx_word' id='word_1_124' title='bbox 1707 1373 1872 1428; x_wconf 81' lang='lat' dir='ltr'><strong>fortes</strong></span> <span class='ocrx_word' id='word_1_125' title='bbox 1902 1359 2056 1442; x_wconf 67' lang='lat' dir='ltr'><strong>itaque</strong></span> <span class='ocrx_word' id='word_1_126' title='bbox 2089 1391 2154 1429; x_wconf 91' lang='lat' dir='ltr'><strong>ac</strong></span> 
     </span>
    </p>
   </div>
   <div class='ocr_carea' id='block_1_19' title="bbox 579 1460 2150 1534">
    <p class='ocr_par' dir='ltr' id='par_1_19' title="bbox 579 1460 2150 1534">
     <span class='ocr_line' id='line_1_19' title="bbox 579 1460 2150 1534; baseline 0.003 -20"><span class='ocrx_word' id='word_1_127' title='bbox 579 1460 783 1530; x_wconf 83' lang='lat' dir='ltr'><strong>ignavi,</strong></span> <span class='ocrx_word' id='word_1_128' title='bbox 817 1461 962 1515; x_wconf 92' lang='lat' dir='ltr'><strong>hunc</strong></span> <span class='ocrx_word' id='word_1_129' title='bbox 989 1462 1132 1515; x_wconf 92' lang='lat' dir='ltr'><strong>diem</strong></span> <span class='ocrx_word' id='word_1_130' title='bbox 1163 1461 1428 1516; x_wconf 85' lang='lat' dir='ltr'><strong>honorate</strong></span> <span class='ocrx_word' id='word_1_131' title='bbox 1465 1480 1478 1516; x_wconf 94' lang='lat'><strong>:</strong></span> <span class='ocrx_word' id='word_1_132' title='bbox 1513 1463 1604 1533; x_wconf 88' lang='lat' dir='ltr'><strong>qui</strong></span> <span class='ocrx_word' id='word_1_133' title='bbox 1635 1463 1950 1534; x_wconf 84' lang='lat' dir='ltr'><strong>jejunastis,</strong></span> <span class='ocrx_word' id='word_1_134' title='bbox 1982 1474 2036 1518; x_wconf 91' lang='lat' dir='ltr'><strong>et</strong></span> <span class='ocrx_word' id='word_1_135' title='bbox 2059 1465 2150 1533; x_wconf 91' lang='lat' dir='ltr'><strong>qui</strong></span> 
     </span>
    </p>
   </div>
   <div class='ocr_carea' id='block_1_20' title="bbox 578 1552 2151 1624">
    <p class='ocr_par' dir='ltr' id='par_1_20' title="bbox 578 1552 2151 1624">
     <span class='ocr_line' id='line_1_20' title="bbox 578 1552 2151 1624; baseline 0.004 -20"><span class='ocrx_word' id='word_1_136' title='bbox 578 1566 760 1617; x_wconf 89' lang='lat' dir='ltr'><strong>secus,</strong></span> <span class='ocrx_word' id='word_1_137' title='bbox 794 1552 954 1604; x_wconf 91' lang='lat' dir='ltr'><strong>hodie</strong></span> <span class='ocrx_word' id='word_1_138' title='bbox 981 1553 1364 1621; x_wconf 80' lang='lat' dir='ltr'><strong>jucunda‘mini</strong></span> <span class='ocrx_word' id='word_1_139' title='bbox 1399 1571 1411 1607; x_wconf 91' lang='lat'><strong>:</strong></span> <span class='ocrx_word' id='word_1_140' title='bbox 1449 1569 1641 1608; x_wconf 88' lang='lat' dir='ltr'><strong>mensa</strong></span> <span class='ocrx_word' id='word_1_141' title='bbox 1673 1556 1906 1624; x_wconf 81' lang='lat' dir='ltr'><strong>dapibus</strong></span> <span class='ocrx_word' id='word_1_142' title='bbox 1937 1565 2022 1610; x_wconf 85' lang='lat' dir='ltr'><strong>est</strong></span> <span class='ocrx_word' id='word_1_143' title='bbox 2065 1571 2151 1610; x_wconf 83' lang='lat' dir='ltr'><strong>re-</strong></span> 
     </span>
    </p>
   </div>
   <div class='ocr_carea' id='block_1_21' title="bbox 579 1638 2152 1713">
    <p class='ocr_par' dir='ltr' id='par_1_21' title="bbox 579 1638 2152 1713">
     <span class='ocr_line' id='line_1_21' title="bbox 579 1638 2152 1713; baseline 0.004 -21"><span class='ocrx_word' id='word_1_144' title='bbox 579 1638 746 1702; x_wconf 87' lang='lat' dir='ltr'><strong>ferta,</strong></span> <span class='ocrx_word' id='word_1_145' title='bbox 779 1640 1118 1694; x_wconf 88' lang='lat' dir='ltr'><strong>deliciamini</strong></span> <span class='ocrx_word' id='word_1_146' title='bbox 1145 1656 1338 1696; x_wconf 88' lang='lat' dir='ltr'><strong>omnes</strong></span> <span class='ocrx_word' id='word_1_147' title='bbox 1370 1658 1384 1695; x_wconf 96' lang='lat'><strong>:</strong></span> <span class='ocrx_word' id='word_1_148' title='bbox 1416 1642 1622 1697; x_wconf 76' lang='lat' dir='ltr'><strong>vitulus</strong></span> <span class='ocrx_word' id='word_1_149' title='bbox 1654 1645 1956 1713; x_wconf 87' lang='lat' dir='ltr'><strong>saginatus,</strong></span> <span class='ocrx_word' id='word_1_150' title='bbox 1988 1659 2152 1699; x_wconf 87' lang='lat' dir='ltr'><strong>nemo</strong></span> 
     </span>
    </p>
   </div>
   <div class='ocr_carea' id='block_1_22' title="bbox 580 1731 2154 1804">
    <p class='ocr_par' dir='ltr' id='par_1_22' title="bbox 580 1731 2154 1804">
     <span class='ocr_line' id='line_1_22' title="bbox 580 1731 2154 1804; baseline 0.004 -21"><span class='ocrx_word' id='word_1_151' title='bbox 580 1731 822 1785; x_wconf 83' lang='lat' dir='ltr'><strong>discedet</strong></span> <span class='ocrx_word' id='word_1_152' title='bbox 853 1731 1140 1788; x_wconf 80' lang='lat' dir='ltr'><strong>famelicus</strong></span> <span class='ocrx_word' id='word_1_153' title='bbox 1173 1752 1186 1786; x_wconf 91' lang='lat'><strong>:</strong></span> <span class='ocrx_word' id='word_1_154' title='bbox 1221 1733 1402 1787; x_wconf 85' lang='lat' dir='ltr'><strong>cuncti</strong></span> <span class='ocrx_word' id='word_1_155' title='bbox 1443 1735 1616 1804; x_wconf 80' lang='lat' dir='ltr'><strong>capiis</strong></span> <span class='ocrx_word' id='word_1_156' title='bbox 1651 1734 1991 1791; x_wconf 89' lang='lat' dir='ltr'><strong>liberalitatis</strong></span> <span class='ocrx_word' id='word_1_157' title='bbox 2020 1735 2154 1790; x_wconf 87' lang='lat' dir='ltr'><strong>frui-</strong></span> 
     </span>
    </p>
   </div>
   <div class='ocr_carea' id='block_1_23' title="bbox 579 1823 2153 1894">
    <p class='ocr_par' dir='ltr' id='par_1_23' title="bbox 579 1823 2153 1894">
     <span class='ocr_line' id='line_1_23' title="bbox 579 1823 2153 1894; baseline 0.004 -18"><span class='ocrx_word' id='word_1_158' title='bbox 579 1823 714 1876; x_wconf 85' lang='lat' dir='ltr'><strong>miui</strong></span> <span class='ocrx_word' id='word_1_159' title='bbox 749 1840 764 1876; x_wconf 91' lang='lat'><strong>:</strong></span> <span class='ocrx_word' id='word_1_160' title='bbox 799 1837 962 1878; x_wconf 92' lang='lat' dir='ltr'><strong>nemo</strong></span> <span class='ocrx_word' id='word_1_161' title='bbox 1013 1825 1078 1878; x_wconf 91' lang='lat' dir='ltr'><strong>de</strong></span> <span class='ocrx_word' id='word_1_162' title='bbox 1124 1824 1306 1894; x_wconf 89' lang='lat' dir='ltr'><strong>in0pia</strong></span> <span class='ocrx_word' id='word_1_163' title='bbox 1357 1833 1640 1894; x_wconf 85' lang='lat' dir='ltr'><strong>queratur,</strong></span> <span class='ocrx_word' id='word_1_164' title='bbox 1691 1841 1817 1880; x_wconf 89' lang='lat' dir='ltr'><strong>nam</strong></span> <span class='ocrx_word' id='word_1_165' title='bbox 1861 1842 2153 1883; x_wconf 88' lang='lat' dir='ltr'><strong>commune</strong></span> 
     </span>
    </p>
   </div>
   <div class='ocr_carea' id='block_1_24' title="bbox 581 1915 2151 1986">
    <p class='ocr_par' dir='ltr' id='par_1_24' title="bbox 581 1915 2151 1986">
     <span class='ocr_line' id='line_1_24' title="bbox 581 1915 2151 1986; baseline 0.004 -18"><span class='ocrx_word' id='word_1_166' title='bbox 581 1930 808 1984; x_wconf 83' lang='lat' dir='ltr'><strong>regnum</strong></span> <span class='ocrx_word' id='word_1_167' title='bbox 835 1915 990 1970; x_wconf 87' lang='lat' dir='ltr'><strong>adest</strong></span> <span class='ocrx_word' id='word_1_168' title='bbox 1019 1933 1033 1969; x_wconf 91' lang='lat'><strong>:</strong></span> <span class='ocrx_word' id='word_1_169' title='bbox 1065 1931 1230 1972; x_wconf 89' lang='lat' dir='ltr'><strong>nemo</strong></span> <span class='ocrx_word' id='word_1_170' title='bbox 1267 1916 1454 1986; x_wconf 80' lang='lat' dir='ltr'><strong>lapsus</strong></span> <span class='ocrx_word' id='word_1_171' title='bbox 1487 1933 1617 1973; x_wconf 89' lang='lat' dir='ltr'><strong>suos</strong></span> <span class='ocrx_word' id='word_1_172' title='bbox 1648 1918 1995 1984; x_wconf 88' lang='lat' dir='ltr'><strong>lamentetur,</strong></span> <span class='ocrx_word' id='word_1_173' title='bbox 2027 1935 2151 1974; x_wconf 89' lang='lat' dir='ltr'><strong>nam</strong></span> 
     </span>
    </p>
   </div>
   <div class='ocr_carea' id='block_1_25' title="bbox 580 2008 2155 2078">
    <p class='ocr_par' dir='ltr' id='par_1_25' title="bbox 580 2008 2155 2078">
     <span class='ocr_line' id='line_1_25' title="bbox 580 2008 2155 2078; baseline 0.005 -21"><span class='ocrx_word' id='word_1_174' title='bbox 580 2008 736 2063; x_wconf 79' lang='lat' dir='ltr'><strong>venia</strong></span> <span class='ocrx_word' id='word_1_175' title='bbox 787 2009 853 2062; x_wconf 89' lang='lat' dir='ltr'><strong>de</strong></span> <span class='ocrx_word' id='word_1_176' title='bbox 892 2008 1145 2078; x_wconf 88' lang='lat' dir='ltr'><strong>sepulcro</strong></span> <span class='ocrx_word' id='word_1_177' title='bbox 1192 2019 1379 2064; x_wconf 90' lang='lat' dir='ltr'><strong>exorta</strong></span> <span class='ocrx_word' id='word_1_178' title='bbox 1420 2018 1505 2064; x_wconf 88' lang='lat' dir='ltr'><strong>est</strong></span> <span class='ocrx_word' id='word_1_179' title='bbox 1538 2028 1552 2064; x_wconf 93' lang='lat'><strong>:</strong></span> <span class='ocrx_word' id='word_1_180' title='bbox 1622 2025 1786 2064; x_wconf 91' lang='lat' dir='ltr'><strong>nemo</strong></span> <span class='ocrx_word' id='word_1_181' title='bbox 1820 2023 2051 2065; x_wconf 88' lang='lat' dir='ltr'><strong>mortem</strong></span> <span class='ocrx_word' id='word_1_182' title='bbox 2085 2012 2155 2065; x_wconf 87' lang='lat' dir='ltr'><strong>ti-</strong></span> 
     </span>
    </p>
   </div>
   <div class='ocr_carea' id='block_1_26' title="bbox 579 2100 2155 2169">
    <p class='ocr_par' dir='ltr' id='par_1_26' title="bbox 579 2100 2155 2169">
     <span class='ocr_line' id='line_1_26' title="bbox 579 2100 2155 2169; baseline 0.004 -19"><span class='ocrx_word' id='word_1_183' title='bbox 579 2107 747 2163; x_wconf 87' lang='lat' dir='ltr'><strong>meat,</strong></span> <span class='ocrx_word' id='word_1_184' title='bbox 794 2102 992 2153; x_wconf 90' lang='lat' dir='ltr'><strong>etenim</strong></span> <span class='ocrx_word' id='word_1_185' title='bbox 1025 2100 1276 2154; x_wconf 85' lang='lat' dir='ltr'><strong>liberavit</strong></span> <span class='ocrx_word' id='word_1_186' title='bbox 1339 2115 1440 2156; x_wconf 87' lang='lat' dir='ltr'><strong>nos</strong></span> <span class='ocrx_word' id='word_1_187' title='bbox 1492 2115 1642 2156; x_wconf 88' lang='lat' dir='ltr'><strong>mors</strong></span> <span class='ocrx_word' id='word_1_188' title='bbox 1684 2101 2010 2169; x_wconf 86' lang='lat' dir='ltr'><strong>Salvatoris;</strong></span> <span class='ocrx_word' id='word_1_189' title='bbox 2055 2117 2155 2157; x_wconf 86' lang='lat' dir='ltr'><strong>ex-</strong></span> 
     </span>
    </p>
   </div>
   <div class='ocr_carea' id='block_1_27' title="bbox 580 2190 2156 2268">
    <p class='ocr_par' dir='ltr' id='par_1_27' title="bbox 580 2190 2156 2268">
     <span class='ocr_line' id='line_1_27' title="bbox 580 2190 2156 2268; baseline 0.004 -26"><span class='ocrx_word' id='word_1_190' title='bbox 580 2191 772 2244; x_wconf 78' lang='lat' dir='ltr'><strong>stinxit</strong></span> <span class='ocrx_word' id='word_1_191' title='bbox 818 2190 992 2254; x_wconf 86' lang='lat' dir='ltr'><strong>illam,</strong></span> <span class='ocrx_word' id='word_1_192' title='bbox 1038 2207 1066 2244; x_wconf 84' lang='lat' dir='ltr'><strong>a</strong></span> <span class='ocrx_word' id='word_1_193' title='bbox 1103 2207 1210 2268; x_wconf 79' lang='lat' dir='ltr'><strong>qua</strong></span> <span class='ocrx_word' id='word_1_194' title='bbox 1252 2191 1430 2246; x_wconf 80' lang='lat' dir='ltr'><strong>fuerat</strong></span> <span class='ocrx_word' id='word_1_195' title='bbox 1474 2195 1962 2262; x_wconf 81' lang='lat' dir='ltr'><strong>oppressuszvicit</strong></span> <span class='ocrx_word' id='word_1_196' title='bbox 1993 2194 2156 2248; x_wconf 89' lang='lat' dir='ltr'><strong>infer-</strong></span> 
     </span>
    </p>
   </div>
   <div class='ocr_carea' id='block_1_28' title="bbox 581 2279 2156 2350">
    <p class='ocr_par' dir='ltr' id='par_1_28' title="bbox 581 2279 2156 2350">
     <span class='ocr_line' id='line_1_28' title="bbox 581 2279 2156 2350; baseline 0.005 -18"><span class='ocrx_word' id='word_1_197' title='bbox 581 2295 709 2333; x_wconf 90' lang='lat' dir='ltr'><strong>num</strong></span> <span class='ocrx_word' id='word_1_198' title='bbox 730 2323 746 2344; x_wconf 90' lang='lat'><strong>,</strong></span> <span class='ocrx_word' id='word_1_199' title='bbox 779 2282 874 2350; x_wconf 90' lang='lat' dir='ltr'><strong>qui</strong></span> <span class='ocrx_word' id='word_1_200' title='bbox 899 2282 966 2336; x_wconf 89' lang='lat' dir='ltr'><strong>ad</strong></span> <span class='ocrx_word' id='word_1_201' title='bbox 1001 2279 1275 2336; x_wconf 87' lang='lat' dir='ltr'><strong>infernum</strong></span> <span class='ocrx_word' id='word_1_202' title='bbox 1307 2283 1620 2338; x_wconf 85' lang='lat' dir='ltr'><strong>descendit:</strong></span> <span class='ocrx_word' id='word_1_203' title='bbox 1648 2299 1892 2338; x_wconf 89' lang='lat' dir='ltr'><strong>amarum</strong></span> <span class='ocrx_word' id='word_1_204' title='bbox 1922 2285 2156 2340; x_wconf 87' lang='lat' dir='ltr'><strong>reddidit</strong></span> 
     </span>
    </p>
   </div>
   <div class='ocr_carea' id='block_1_29' title="bbox 580 2372 2156 2444">
    <p class='ocr_par' dir='ltr' id='par_1_29' title="bbox 580 2372 2156 2444">
     <span class='ocr_line' id='line_1_29' title="bbox 580 2372 2156 2444; baseline 0.003 -19"><span class='ocrx_word' id='word_1_205' title='bbox 580 2372 766 2438; x_wconf 87' lang='lat' dir='ltr'><strong>illutn,</strong></span> <span class='ocrx_word' id='word_1_206' title='bbox 794 2373 888 2442; x_wconf 93' lang='lat' dir='ltr'><strong>qui</strong></span> <span class='ocrx_word' id='word_1_207' title='bbox 920 2389 1112 2428; x_wconf 88' lang='lat' dir='ltr'><strong>carnes</strong></span> <span class='ocrx_word' id='word_1_208' title='bbox 1151 2373 1271 2442; x_wconf 85' lang='lat' dir='ltr'><strong>ejus</strong></span> <span class='ocrx_word' id='word_1_209' title='bbox 1297 2383 1626 2443; x_wconf 75' lang='lat' dir='ltr'><strong>gustaverat.</strong></span> <span class='ocrx_word' id='word_1_210' title='bbox 1657 2374 1710 2428; x_wconf 91' lang='lat' dir='ltr'><strong>ld</strong></span> <span class='ocrx_word' id='word_1_211' title='bbox 1768 2391 2156 2444; x_wconf 74' lang='lat' dir='ltr'><strong>praeoccupans</strong></span> 
     </span>
    </p>
   </div>
   <div class='ocr_carea' id='block_1_30' title="bbox 582 2463 2154 2536">
    <p class='ocr_par' dir='ltr' id='par_1_30' title="bbox 582 2463 2154 2536">
     <span class='ocr_line' id='line_1_30' title="bbox 582 2463 2154 2536; baseline 0.003 -21"><span class='ocrx_word' id='word_1_212' title='bbox 582 2463 748 2519; x_wconf 88' lang='lat' dir='ltr'><strong>Isaias</strong></span> <span class='ocrx_word' id='word_1_213' title='bbox 777 2465 1099 2520; x_wconf 82' lang='lat' dir='ltr'><strong>exclamavit</strong></span> <span class='ocrx_word' id='word_1_214' title='bbox 1131 2483 1146 2520; x_wconf 94' lang='lat'><strong>:</strong></span> <span class='ocrx_word' id='word_1_215' title='bbox 1181 2465 1449 2535; x_wconf 70' lang='lat' dir='ltr'><strong>Iniernus,</strong></span> <span class='ocrx_word' id='word_1_216' title='bbox 1485 2466 1677 2536; x_wconf 88' lang='lat' dir='ltr'><strong>inquit,</strong></span> <span class='ocrx_word' id='word_1_217' title='bbox 1716 2483 1930 2520; x_wconf 76' lang='lat' dir='ltr'><strong>amarus</strong></span> <span class='ocrx_word' id='word_1_218' title='bbox 1980 2469 2154 2536; x_wconf 77' lang='lat' dir='ltr'><strong>{actus</strong></span> 
     </span>
    </p>
   </div>
   <div class='ocr_carea' id='block_1_31' title="bbox 579 2555 2156 2630">
    <p class='ocr_par' dir='ltr' id='par_1_31' title="bbox 579 2555 2156 2630">
     <span class='ocr_line' id='line_1_31' title="bbox 579 2555 2156 2630; baseline 0.006 -22"><span class='ocrx_word' id='word_1_219' title='bbox 579 2566 658 2608; x_wconf 74' lang='lat' dir='ltr'><strong>est</strong></span> <span class='ocrx_word' id='word_1_220' title='bbox 685 2555 772 2622; x_wconf 83' lang='lat'><strong>“&#39;,</strong></span> <span class='ocrx_word' id='word_1_221' title='bbox 812 2557 940 2610; x_wconf 89' lang='lat' dir='ltr'><strong>dum</strong></span> <span class='ocrx_word' id='word_1_222' title='bbox 973 2558 1066 2611; x_wconf 86' lang='lat' dir='ltr'><strong>tibi</strong></span> <span class='ocrx_word' id='word_1_223' title='bbox 1118 2559 1374 2611; x_wconf 86' lang='lat' dir='ltr'><strong>deorsum</strong></span> <span class='ocrx_word' id='word_1_224' title='bbox 1424 2559 1880 2630; x_wconf 80' lang='lat' dir='ltr'><strong>congrederetur;</strong></span> <span class='ocrx_word' id='word_1_225' title='bbox 1933 2574 2156 2617; x_wconf 86' lang='lat' dir='ltr'><strong>amarus</strong></span> 
     </span>
    </p>
   </div>
   <div class='ocr_carea' id='block_1_32' title="bbox 585 2639 2152 2718">
    <p class='ocr_par' dir='ltr' id='par_1_32' title="bbox 585 2639 2152 2718">
     <span class='ocr_line' id='line_1_32' title="bbox 585 2639 2152 2718; baseline 0.005 -19"><span class='ocrx_word' id='word_1_226' title='bbox 585 2645 761 2702; x_wconf 88' lang='lat' dir='ltr'><strong>factus</strong></span> <span class='ocrx_word' id='word_1_227' title='bbox 789 2657 904 2709; x_wconf 87' lang='lat' dir='ltr'><strong>est,</strong></span> <span class='ocrx_word' id='word_1_228' title='bbox 940 2647 1068 2716; x_wconf 89' lang='lat' dir='ltr'><strong>quia</strong></span> <span class='ocrx_word' id='word_1_229' title='bbox 1107 2639 1515 2717; x_wconf 55' lang='lat' dir='ltr'><strong>‘ntortiftcatus;</strong></span> <span class='ocrx_word' id='word_1_230' title='bbox 1570 2666 1794 2707; x_wconf 87' lang='lat' dir='ltr'><strong>amarus</strong></span> <span class='ocrx_word' id='word_1_231' title='bbox 1833 2650 2009 2706; x_wconf 88' lang='lat' dir='ltr'><strong>factus</strong></span> <span class='ocrx_word' id='word_1_232' title='bbox 2051 2662 2152 2718; x_wconf 89' lang='lat' dir='ltr'><strong>est,</strong></span> 
     </span>
    </p>
   </div>
   <div class='ocr_carea' id='block_1_33' title="bbox 583 2737 2153 2807">
    <p class='ocr_par' dir='ltr' id='par_1_33' title="bbox 583 2737 2153 2807">
     <span class='ocr_line' id='line_1_33' title="bbox 583 2737 2153 2807; baseline 0.005 -17"><span class='ocrx_word' id='word_1_233' title='bbox 583 2737 711 2807; x_wconf 91' lang='lat' dir='ltr'><strong>quia</strong></span> <span class='ocrx_word' id='word_1_234' title='bbox 740 2738 962 2793; x_wconf 90' lang='lat' dir='ltr'><strong>illusum</strong></span> <span class='ocrx_word' id='word_1_235' title='bbox 994 2747 1077 2792; x_wconf 89' lang='lat' dir='ltr'><strong>est</strong></span> <span class='ocrx_word' id='word_1_236' title='bbox 1121 2739 1210 2805; x_wconf 90' lang='lat' dir='ltr'><strong>ei;</strong></span> <span class='ocrx_word' id='word_1_237' title='bbox 1257 2754 1455 2807; x_wconf 89' lang='lat' dir='ltr'><strong>corpus</strong></span> <span class='ocrx_word' id='word_1_238' title='bbox 1507 2742 1724 2807; x_wconf 88' lang='lat' dir='ltr'><strong>invasit,</strong></span> <span class='ocrx_word' id='word_1_239' title='bbox 1769 2751 1823 2797; x_wconf 90' lang='lat' dir='ltr'><strong>et</strong></span> <span class='ocrx_word' id='word_1_240' title='bbox 1861 2742 2050 2798; x_wconf 88' lang='lat' dir='ltr'><strong>incidit</strong></span> <span class='ocrx_word' id='word_1_241' title='bbox 2101 2740 2153 2798; x_wconf 84' lang='lat' dir='ltr'><strong>in</strong></span> 
     </span>
    </p>
   </div>
   <div class='ocr_carea' id='block_1_34' title="bbox 583 2828 2150 2901">
    <p class='ocr_par' dir='ltr' id='par_1_34' title="bbox 583 2828 2150 2901">
     <span class='ocr_line' id='line_1_34' title="bbox 583 2828 2150 2901; baseline 0.006 -19"><span class='ocrx_word' id='word_1_242' title='bbox 583 2828 795 2894; x_wconf 86' lang='lat' dir='ltr'><strong>Deum;</strong></span> <span class='ocrx_word' id='word_1_243' title='bbox 829 2836 1028 2884; x_wconf 84' lang='lat' dir='ltr'><strong>terram</strong></span> <span class='ocrx_word' id='word_1_244' title='bbox 1061 2831 1442 2901; x_wconf 88' lang='lat' dir='ltr'><strong>apprehendit,</strong></span> <span class='ocrx_word' id='word_1_245' title='bbox 1473 2840 1527 2885; x_wconf 90' lang='lat' dir='ltr'><strong>et</strong></span> <span class='ocrx_word' id='word_1_246' title='bbox 1561 2831 1614 2885; x_wconf 93' lang='lat' dir='ltr'><strong>in</strong></span> <span class='ocrx_word' id='word_1_247' title='bbox 1645 2833 1846 2887; x_wconf 71' lang='lat' dir='ltr'><strong>coelum</strong></span> <span class='ocrx_word' id='word_1_248' title='bbox 1881 2836 2150 2892; x_wconf 88' lang='lat' dir='ltr'><strong>incurrit:</strong></span> 
     </span>
    </p>
   </div>
   <div class='ocr_carea' id='block_1_35' title="bbox 585 2921 2153 2990">
    <p class='ocr_par' dir='ltr' id='par_1_35' title="bbox 585 2921 2153 2990">
     <span class='ocr_line' id='line_1_35' title="bbox 585 2921 2153 2990; baseline 0.007 -19"><span class='ocrx_word' id='word_1_249' title='bbox 585 2921 944 2988; x_wconf 86' lang='lat' dir='ltr'><strong>apprehendit</strong></span> <span class='ocrx_word' id='word_1_250' title='bbox 975 2935 1138 2990; x_wconf 87' lang='lat' dir='ltr'><strong>quem</strong></span> <span class='ocrx_word' id='word_1_251' title='bbox 1176 2921 1416 2988; x_wconf 85' lang='lat' dir='ltr'><strong>videbat,</strong></span> <span class='ocrx_word' id='word_1_252' title='bbox 1451 2931 1506 2978; x_wconf 87' lang='lat' dir='ltr'><strong>et</strong></span> <span class='ocrx_word' id='word_1_253' title='bbox 1541 2922 1744 2979; x_wconf 85' lang='lat' dir='ltr'><strong>decidit</strong></span> <span class='ocrx_word' id='word_1_254' title='bbox 1779 2925 1917 2979; x_wconf 90' lang='lat' dir='ltr'><strong>unde</strong></span> <span class='ocrx_word' id='word_1_255' title='bbox 1944 2929 2153 2982; x_wconf 88' lang='lat' dir='ltr'><strong>nescie-</strong></span> 
     </span>
    </p>
   </div>
   <div class='ocr_carea' id='block_1_36' title="bbox 585 3011 2151 3089">
    <p class='ocr_par' dir='ltr' id='par_1_36' title="bbox 585 3011 2151 3089">
     <span class='ocr_line' id='line_1_36' title="bbox 585 3011 2151 3089; baseline 0.006 -23"><span class='ocrx_word' id='word_1_256' title='bbox 585 3013 695 3066; x_wconf 86' lang='lat' dir='ltr'><strong>bat.</strong></span> <span class='ocrx_word' id='word_1_257' title='bbox 742 3011 863 3080; x_wconf 85' lang='lat' dir='ltr'><strong>Ubi,</strong></span> <span class='ocrx_word' id='word_1_258' title='bbox 929 3031 960 3068; x_wconf 88' lang='grc' dir='ltr'>ο</span> <span class='ocrx_word' id='word_1_259' title='bbox 1007 3032 1170 3082; x_wconf 67' lang='lat' dir='ltr'><strong>more,</strong></span> <span class='ocrx_word' id='word_1_260' title='bbox 1223 3017 1472 3071; x_wconf 72' lang='lat' dir='ltr'><strong>stimulus</strong></span> <span class='ocrx_word' id='word_1_261' title='bbox 1521 3027 1641 3072; x_wconf 71' lang='lat' dir='ltr'><strong>tuus</strong></span> <span class='ocrx_word' id='word_1_262' title='bbox 1670 3019 1696 3071; x_wconf 69' lang='grc'><em>2</em></span> <span class='ocrx_word' id='word_1_263' title='bbox 1763 3019 1882 3083; x_wconf 82' lang='lat' dir='ltr'><strong>ubi,</strong></span> <span class='ocrx_word' id='word_1_264' title='bbox 1933 3021 2151 3089; x_wconf 77' lang='lat' dir='ltr'><strong>inferne,</strong></span> 
     </span>
    </p>
   </div>
   <div class='ocr_carea' id='block_1_37' title="bbox 583 3104 2224 3194">
    <p class='ocr_par' dir='ltr' id='par_1_37' title="bbox 583 3104 2224 3194">
     <span class='ocr_line' id='line_1_37' title="bbox 583 3104 2224 3194; baseline 0.005 -37"><span class='ocrx_word' id='word_1_265' title='bbox 583 3104 806 3159; x_wconf 82' lang='lat' dir='ltr'><strong>victoria</strong></span> <span class='ocrx_word' id='word_1_266' title='bbox 841 3115 935 3159; x_wconf 87' lang='lat' dir='ltr'><strong>tua</strong></span> <span class='ocrx_word' id='word_1_267' title='bbox 963 3105 1046 3160; x_wconf 74' lang='lat' dir='ltr'><strong>“i</strong></span> <span class='ocrx_word' id='word_1_268' title='bbox 1074 3105 1394 3163; x_wconf 78' lang='lat' dir='ltr'><strong>Resurrexit</strong></span> <span class='ocrx_word' id='word_1_269' title='bbox 1424 3109 1696 3174; x_wconf 88' lang='lat' dir='ltr'><strong>Christus,</strong></span> <span class='ocrx_word' id='word_1_270' title='bbox 1736 3119 1792 3166; x_wconf 88' lang='lat' dir='ltr'><strong>et</strong></span> <span class='ocrx_word' id='word_1_271' title='bbox 1838 3111 2152 3167; x_wconf 88' lang='lat' dir='ltr'><strong>ceciderunt</strong></span> <span class='ocrx_word' id='word_1_272' title='bbox 2180 3133 2224 3194; x_wconf 74' lang='grc' dir='ltr'>ο</span> 
     </span>
    </p>
   </div>
   <div class='ocr_carea' id='block_1_38' title="bbox 586 3197 2148 3274">
    <p class='ocr_par' dir='ltr' id='par_1_38' title="bbox 586 3197 2148 3274">
     <span class='ocr_line' id='line_1_38' title="bbox 586 3197 2148 3274; baseline 0.006 -24"><span class='ocrx_word' id='word_1_273' title='bbox 586 3197 864 3250; x_wconf 66' lang='lat' dir='ltr'><strong>daemones</strong></span> <span class='ocrx_word' id='word_1_274' title='bbox 898 3214 912 3250; x_wconf 91' lang='lat'><strong>:</strong></span> <span class='ocrx_word' id='word_1_275' title='bbox 945 3201 1246 3253; x_wconf 78' lang='lat' dir='ltr'><strong>resurrexit</strong></span> <span class='ocrx_word' id='word_1_276' title='bbox 1271 3199 1543 3267; x_wconf 81' lang='lat' dir='ltr'><strong>Christus,</strong></span> <span class='ocrx_word' id='word_1_277' title='bbox 1569 3213 1624 3256; x_wconf 86' lang='lat' dir='ltr'><strong>et</strong></span> <span class='ocrx_word' id='word_1_278' title='bbox 1652 3203 1902 3258; x_wconf 61' lang='lat' dir='ltr'><strong>lmtantur</strong></span> <span class='ocrx_word' id='word_1_279' title='bbox 1929 3204 2104 3274; x_wconf 88' lang='lat' dir='ltr'><strong>angeli</strong></span> <span class='ocrx_word' id='word_1_280' title='bbox 2133 3220 2148 3260; x_wconf 90' lang='lat'><strong>:</strong></span> 
     </span>
    </p>
   </div>
   <div class='ocr_carea' id='block_1_39' title="bbox 588 3289 2147 3354">
    <p class='ocr_par' dir='ltr' id='par_1_39' title="bbox 588 3289 2147 3354">
     <span class='ocr_line' id='line_1_39' title="bbox 588 3289 2147 3354; baseline 0.009 -14"><span class='ocrx_word' id='word_1_281' title='bbox 588 3291 890 3343; x_wconf 81' lang='lat' dir='ltr'><strong>resurrexit</strong></span> <span class='ocrx_word' id='word_1_282' title='bbox 911 3289 1185 3350; x_wconf 84' lang='lat' dir='ltr'><strong>Christus.</strong></span> <span class='ocrx_word' id='word_1_283' title='bbox 1219 3301 1275 3346; x_wconf 91' lang='lat' dir='ltr'><strong>et</strong></span> <span class='ocrx_word' id='word_1_284' title='bbox 1296 3291 1404 3348; x_wconf 84' lang='lat' dir='ltr'><strong>vita</strong></span> <span class='ocrx_word' id='word_1_285' title='bbox 1435 3293 1575 3348; x_wconf 90' lang='lat' dir='ltr'><strong>inter</strong></span> <span class='ocrx_word' id='word_1_286' title='bbox 1597 3295 1844 3353; x_wconf 88' lang='lat' dir='ltr'><strong>homines</strong></span> <span class='ocrx_word' id='word_1_287' title='bbox 1867 3308 2147 3354; x_wconf 86' lang='lat' dir='ltr'><strong>versatur:</strong></span> 
     </span>
    </p>
   </div>
   <div class='ocr_carea' id='block_1_40' title="bbox 589 3381 2151 3448">
    <p class='ocr_par' dir='ltr' id='par_1_40' title="bbox 589 3381 2151 3448">
     <span class='ocr_line' id='line_1_40' title="bbox 589 3381 2151 3448; baseline 0.008 -15"><span class='ocrx_word' id='word_1_288' title='bbox 589 3381 1200 3448; x_wconf 81' lang='lat' dir='ltr'><strong>resurrexit.Christus,</strong></span> <span class='ocrx_word' id='word_1_289' title='bbox 1249 3393 1306 3436; x_wconf 85' lang='lat' dir='ltr'><strong>et</strong></span> <span class='ocrx_word' id='word_1_290' title='bbox 1356 3399 1515 3439; x_wconf 91' lang='lat' dir='ltr'><strong>nemo</strong></span> <span class='ocrx_word' id='word_1_291' title='bbox 1544 3395 1789 3442; x_wconf 85' lang='lat' dir='ltr'><strong>mortuus</strong></span> <span class='ocrx_word' id='word_1_292' title='bbox 1821 3389 1875 3442; x_wconf 93' lang='lat' dir='ltr'><strong>in</strong></span> <span class='ocrx_word' id='word_1_293' title='bbox 1927 3391 2151 3446; x_wconf 89' lang='lat' dir='ltr'><strong>tumulis</strong></span> 
     </span>
    </p>
   </div>
   <div class='ocr_carea' id='block_1_41' title="bbox 581 3471 2152 3547">
    <p class='ocr_par' dir='ltr' id='par_1_41' title="bbox 581 3471 2152 3547">
     <span class='ocr_line' id='line_1_41' title="bbox 581 3471 2152 3547; baseline 0.007 -22"><span class='ocrx_word' id='word_1_294' title='bbox 581 3471 747 3540; x_wconf 88' lang='lat' dir='ltr'><strong>jacet.</strong></span> <span class='ocrx_word' id='word_1_295' title='bbox 797 3473 1048 3529; x_wconf 77' lang='lat' dir='ltr'><strong>Christus</strong></span> <span class='ocrx_word' id='word_1_296' title='bbox 1092 3475 1237 3528; x_wconf 88' lang='lat' dir='ltr'><strong>enim</strong></span> <span class='ocrx_word' id='word_1_297' title='bbox 1286 3491 1579 3547; x_wconf 82' lang='lat' dir='ltr'><strong>resurgens</strong></span> <span class='ocrx_word' id='word_1_298' title='bbox 1613 3493 1678 3531; x_wconf 91' lang='lat' dir='ltr'><strong>ex</strong></span> <span class='ocrx_word' id='word_1_299' title='bbox 1709 3481 1941 3535; x_wconf 87' lang='lat' dir='ltr'><strong>mortuis</strong></span> <span class='ocrx_word' id='word_1_300' title='bbox 1975 3481 2152 3538; x_wconf 85' lang='lat' dir='ltr'><strong>factus</strong></span> 
     </span>
    </p>
   </div>
   <div class='ocr_carea' id='block_1_42' title="bbox 584 3565 2152 3630">
    <p class='ocr_par' dir='ltr' id='par_1_42' title="bbox 584 3565 2152 3630">
     <span class='ocr_line' id='line_1_42' title="bbox 584 3565 2152 3630; baseline 0.006 -10"><span class='ocrx_word' id='word_1_301' title='bbox 584 3575 671 3620; x_wconf 89' lang='lat' dir='ltr'><strong>est</strong></span> <span class='ocrx_word' id='word_1_302' title='bbox 703 3565 1091 3621; x_wconf 87' lang='lat' dir='ltr'><strong>dormientium</strong></span> <span class='ocrx_word' id='word_1_303' title='bbox 1145 3568 1439 3623; x_wconf 87' lang='lat' dir='ltr'><strong>inchoatio.</strong></span> <span class='ocrx_word' id='word_1_304' title='bbox 1489 3570 1750 3626; x_wconf 86' lang='lat' dir='ltr'><strong>Dominus</strong></span> <span class='ocrx_word' id='word_1_305' title='bbox 1803 3587 1869 3626; x_wconf 89' lang='lat' dir='ltr'><strong>ex</strong></span> <span class='ocrx_word' id='word_1_306' title='bbox 1923 3576 2152 3630; x_wconf 84' lang='lat' dir='ltr'><strong>mortuis</strong></span> 
     </span>
    </p>
   </div>
   <div class='ocr_carea' id='block_1_43' title="bbox 587 3656 2150 3721">
    <p class='ocr_par' dir='ltr' id='par_1_43' title="bbox 587 3656 2150 3721">
     <span class='ocr_line' id='line_1_43' title="bbox 587 3656 2150 3721; baseline 0.005 -13"><span class='ocrx_word' id='word_1_307' title='bbox 587 3656 907 3721; x_wconf 76' lang='lat' dir='ltr'><strong>resurrexit,</strong></span> <span class='ocrx_word' id='word_1_308' title='bbox 963 3667 1012 3712; x_wconf 89' lang='lat' dir='ltr'><strong>et</strong></span> <span class='ocrx_word' id='word_1_309' title='bbox 1071 3674 1194 3713; x_wconf 92' lang='lat' dir='ltr'><strong>cum</strong></span> <span class='ocrx_word' id='word_1_310' title='bbox 1251 3675 1316 3714; x_wconf 90' lang='lat' dir='ltr'><strong>eo</strong></span> <span class='ocrx_word' id='word_1_311' title='bbox 1373 3661 1543 3715; x_wconf 90' lang='lat' dir='ltr'><strong>multa</strong></span> <span class='ocrx_word' id='word_1_312' title='bbox 1602 3672 1918 3717; x_wconf 87' lang='lat' dir='ltr'><strong>sanctorum</strong></span> <span class='ocrx_word' id='word_1_313' title='bbox 1973 3665 2150 3718; x_wconf 91' lang='lat' dir='ltr'><strong>turba.</strong></span> 
     </span>
    </p>
   </div>
   <div class='ocr_carea' id='block_1_44' title="bbox 583 3746 2151 3811">
    <p class='ocr_par' dir='ltr' id='par_1_44' title="bbox 583 3746 2151 3811">
     <span class='ocr_line' id='line_1_44' title="bbox 583 3746 2151 3811; baseline 0.007 -12"><span class='ocrx_word' id='word_1_314' title='bbox 583 3746 805 3802; x_wconf 79' lang='lat' dir='ltr'><strong>Festum</strong></span> <span class='ocrx_word' id='word_1_315' title='bbox 831 3751 1166 3805; x_wconf 87' lang='lat' dir='ltr'><strong>celebremus</strong></span> <span class='ocrx_word' id='word_1_316' title='bbox 1192 3751 1430 3806; x_wconf 76' lang='lat' dir='ltr'><strong>suaviter</strong></span> <span class='ocrx_word' id='word_1_317' title='bbox 1461 3762 1514 3807; x_wconf 91' lang='lat' dir='ltr'><strong>et</strong></span> <span class='ocrx_word' id='word_1_318' title='bbox 1550 3755 1790 3809; x_wconf 88' lang='lat' dir='ltr'><strong>modeste</strong></span> <span class='ocrx_word' id='word_1_319' title='bbox 1818 3772 1831 3808; x_wconf 93' lang='lat'><strong>:</strong></span> <span class='ocrx_word' id='word_1_320' title='bbox 1866 3755 1978 3811; x_wconf 68' lang='lat' dir='ltr'><strong>haec</strong></span> <span class='ocrx_word' id='word_1_321' title='bbox 2006 3757 2151 3810; x_wconf 90' lang='lat' dir='ltr'><strong>enim</strong></span> 
     </span>
    </p>
   </div>
   <div class='ocr_carea' id='block_1_45' title="bbox 584 3842 2154 3912">
    <p class='ocr_par' dir='ltr' id='par_1_45' title="bbox 584 3842 2154 3912">
     <span class='ocr_line' id='line_1_45' title="bbox 584 3842 2154 3912; baseline 0.007 -19"><span class='ocrx_word' id='word_1_322' title='bbox 584 3857 709 3896; x_wconf 77' lang='lat' dir='ltr'><strong>vere</strong></span> <span class='ocrx_word' id='word_1_323' title='bbox 742 3842 860 3898; x_wconf 88' lang='lat' dir='ltr'><strong>dies</strong></span> <span class='ocrx_word' id='word_1_324' title='bbox 897 3853 981 3898; x_wconf 90' lang='lat' dir='ltr'><strong>est</strong></span> <span class='ocrx_word' id='word_1_325' title='bbox 1017 3858 1178 3912; x_wconf 89' lang='lat' dir='ltr'><strong>quam</strong></span> <span class='ocrx_word' id='word_1_326' title='bbox 1226 3844 1353 3900; x_wconf 87' lang='lat' dir='ltr'><strong>fecit</strong></span> <span class='ocrx_word' id='word_1_327' title='bbox 1397 3846 1683 3910; x_wconf 87' lang='lat' dir='ltr'><strong>Dominus;</strong></span> <span class='ocrx_word' id='word_1_328' title='bbox 1730 3849 2063 3904; x_wconf 90' lang='lat' dir='ltr'><strong>exsultemus</strong></span> <span class='ocrx_word' id='word_1_329' title='bbox 2099 3861 2154 3904; x_wconf 89' lang='lat' dir='ltr'><strong>et</strong></span> 
     </span>
    </p>
   </div>
   <div class='ocr_carea' id='block_1_46' title="bbox 585 3934 2151 4005">
    <p class='ocr_par' dir='ltr' id='par_1_46' title="bbox 585 3934 2151 4005">
     <span class='ocr_line' id='line_1_46' title="bbox 585 3934 2151 4005; baseline 0.007 -19"><span class='ocrx_word' id='word_1_330' title='bbox 585 3934 832 3988; x_wconf 57' lang='lat' dir='ltr'><strong>laetemur</strong></span> <span class='ocrx_word' id='word_1_331' title='bbox 860 3935 913 3988; x_wconf 88' lang='lat' dir='ltr'><strong>in</strong></span> <span class='ocrx_word' id='word_1_332' title='bbox 941 3951 1003 3989; x_wconf 89' lang='lat' dir='ltr'><strong>ca</strong></span> <span class='ocrx_word' id='word_1_333' title='bbox 1034 3954 1047 3988; x_wconf 88' lang='lat'><strong>:</strong></span> <span class='ocrx_word' id='word_1_334' title='bbox 1080 3937 1436 4005; x_wconf 64' lang='lat' dir='ltr'><strong>prmdicemus</strong></span> <span class='ocrx_word' id='word_1_335' title='bbox 1461 3940 1763 3994; x_wconf 79' lang='lat' dir='ltr'><strong>Servatoris</strong></span> <span class='ocrx_word' id='word_1_336' title='bbox 1797 3943 2151 3997; x_wconf 85' lang='lat' dir='ltr'><strong>resurrectio-</strong></span> 
     </span>
    </p>
   </div>
   <div class='ocr_carea' id='block_1_47' title="bbox 584 4027 2151 4102">
    <p class='ocr_par' dir='ltr' id='par_1_47' title="bbox 584 4027 2151 4102">
     <span class='ocr_line' id='line_1_47' title="bbox 584 4027 2151 4102; baseline 0.006 -24"><span class='ocrx_word' id='word_1_337' title='bbox 584 4040 732 4091; x_wconf 88' lang='lat' dir='ltr'><strong>nem,</strong></span> <span class='ocrx_word' id='word_1_338' title='bbox 786 4027 897 4082; x_wconf 92' lang='lat' dir='ltr'><strong>imo</strong></span> <span class='ocrx_word' id='word_1_339' title='bbox 938 4028 1118 4095; x_wconf 81' lang='lat' dir='ltr'><strong>potius</strong></span> <span class='ocrx_word' id='word_1_340' title='bbox 1173 4028 1465 4084; x_wconf 89' lang='lat' dir='ltr'><strong>salvationi</strong></span> <span class='ocrx_word' id='word_1_341' title='bbox 1521 4041 1725 4086; x_wconf 72' lang='lat' dir='ltr'><strong>nostra:</strong></span> <span class='ocrx_word' id='word_1_342' title='bbox 1780 4032 2151 4102; x_wconf 88' lang='lat' dir='ltr'><strong>plaudamus:</strong></span> 
     </span>
    </p>
   </div>
   <div class='ocr_carea' id='block_1_48' title="bbox 585 4119 2154 4195">
    <p class='ocr_par' dir='ltr' id='par_1_48' title="bbox 585 4119 2154 4195">
     <span class='ocr_line' id='line_1_48' title="bbox 585 4119 2154 4195; baseline 0.007 -26"><span class='ocrx_word' id='word_1_343' title='bbox 585 4119 942 4187; x_wconf 69' lang='lat' dir='ltr'><strong>prmdiccmds</strong></span> <span class='ocrx_word' id='word_1_344' title='bbox 970 4121 1225 4175; x_wconf 82' lang='lat' dir='ltr'><strong>salutaris</strong></span> <span class='ocrx_word' id='word_1_345' title='bbox 1252 4123 1355 4177; x_wconf 87' lang='lat' dir='ltr'><strong>diei</strong></span> <span class='ocrx_word' id='word_1_346' title='bbox 1383 4124 1981 4188; x_wconf 88' lang='lat' dir='ltr'><strong>commemorationem,</strong></span> <span class='ocrx_word' id='word_1_347' title='bbox 2017 4141 2154 4195; x_wconf 70' lang='lat' dir='ltr'><strong>prm-</strong></span> 
     </span>
    </p>
   </div>
   <div class='ocr_carea' id='block_1_49' title="bbox 582 4212 2150 4285">
    <p class='ocr_par' dir='ltr' id='par_1_49' title="bbox 582 4212 2150 4285">
     <span class='ocr_line' id='line_1_49' title="bbox 582 4212 2150 4285; baseline 0.006 -23"><span class='ocrx_word' id='word_1_348' title='bbox 582 4213 826 4264; x_wconf 86' lang='lat' dir='ltr'><strong>dicemus</strong></span> <span class='ocrx_word' id='word_1_349' title='bbox 874 4212 1074 4266; x_wconf 88' lang='lat' dir='ltr'><strong>diaboli</strong></span> <span class='ocrx_word' id='word_1_350' title='bbox 1120 4213 1619 4281; x_wconf 85' lang='lat' dir='ltr'><strong>mortiﬁcationem,</strong></span> <span class='ocrx_word' id='word_1_351' title='bbox 1667 4215 2008 4285; x_wconf 88' lang='lat' dir='ltr'><strong>impurorum</strong></span> <span class='ocrx_word' id='word_1_352' title='bbox 2040 4219 2150 4271; x_wconf 73' lang='lat' dir='ltr'><strong>da:-</strong></span> 
     </span>
    </p>
   </div>
   <div class='ocr_carea' id='block_1_50' title="bbox 587 4303 2152 4374">
    <p class='ocr_par' dir='ltr' id='par_1_50' title="bbox 587 4303 2152 4374">
     <span class='ocr_line' id='line_1_50' title="bbox 587 4303 2152 4374; baseline 0.006 -21"><span class='ocrx_word' id='word_1_353' title='bbox 587 4315 808 4356; x_wconf 89' lang='lat' dir='ltr'><strong>tnonum</strong></span> <span class='ocrx_word' id='word_1_354' title='bbox 835 4303 1226 4370; x_wconf 88' lang='lat' dir='ltr'><strong>captivitatem,</strong></span> <span class='ocrx_word' id='word_1_355' title='bbox 1251 4303 1691 4360; x_wconf 88' lang='lat' dir='ltr'><strong>Christianorum</strong></span> <span class='ocrx_word' id='word_1_356' title='bbox 1726 4308 1979 4374; x_wconf 90' lang='lat' dir='ltr'><strong>salutem,</strong></span> <span class='ocrx_word' id='word_1_357' title='bbox 2009 4311 2152 4362; x_wconf 87' lang='lat' dir='ltr'><strong>inor-</strong></span> 
     </span>
    </p>
   </div>
   <div class='ocr_carea' id='block_1_51' title="bbox 2248 820 3818 895">
    <p class='ocr_par' dir='ltr' id='par_1_51' title="bbox 2248 820 3818 895">
     <span class='ocr_line' id='line_1_51' title="bbox 2248 820 3818 895; baseline 0.003 -21"><span class='ocrx_word' id='word_1_358' title='bbox 2248 821 2577 892; x_wconf 90' lang='grc' dir='ltr'>θεραπεύει·</span> <span class='ocrx_word' id='word_1_359' title='bbox 2634 820 2869 891; x_wconf 84' lang='grc' dir='ltr'>κάκείνῳ</span> <span class='ocrx_word' id='word_1_360' title='bbox 2906 821 3108 887; x_wconf 90' lang='grc' dir='ltr'>δίδωσι,</span> <span class='ocrx_word' id='word_1_361' title='bbox 3147 822 3239 876; x_wconf 74' lang='grc' dir='ltr'>καὶ</span> <span class='ocrx_word' id='word_1_362' title='bbox 3282 822 3455 894; x_wconf 87' lang='grc' dir='ltr'>τούτῳ</span> <span class='ocrx_word' id='word_1_363' title='bbox 3498 826 3818 895; x_wconf 73' lang='grc' dir='ltr'>χαρίζεται·</span> 
     </span>
    </p>
   </div>
   <div class='ocr_carea' id='block_1_52' title="bbox 2247 911 3818 984">
    <p class='ocr_par' dir='ltr' id='par_1_52' title="bbox 2247 911 3818 984">
     <span class='ocr_line' id='line_1_52' title="bbox 2247 911 3818 984; baseline 0.004 -20"><span class='ocrx_word' id='word_1_364' title='bbox 2247 913 2344 966; x_wconf 76' lang='grc' dir='ltr'>καὶ</span> <span class='ocrx_word' id='word_1_365' title='bbox 2373 913 2442 966; x_wconf 83' lang='grc' dir='ltr'><strong>τά</strong></span> <span class='ocrx_word' id='word_1_366' title='bbox 2490 911 2625 984; x_wconf 73' lang='grc' dir='ltr'>ἔργα</span> <span class='ocrx_word' id='word_1_367' title='bbox 2658 913 2890 983; x_wconf 88' lang='grc' dir='ltr'>δέχεται,</span> <span class='ocrx_word' id='word_1_368' title='bbox 2924 914 3018 967; x_wconf 75' lang='grc' dir='ltr'>καὶ</span> <span class='ocrx_word' id='word_1_369' title='bbox 3065 913 3166 984; x_wconf 78' lang='grc' dir='ltr'>τὴν</span> <span class='ocrx_word' id='word_1_370' title='bbox 3194 912 3420 984; x_wconf 81' lang='grc' dir='ltr'><strong>γνώμην</strong></span> <span class='ocrx_word' id='word_1_371' title='bbox 3466 916 3781 979; x_wconf 77' lang='grc' dir='ltr'>ἀσπάζεται</span> <span class='ocrx_word' id='word_1_372' title='bbox 3805 934 3818 947; x_wconf 81' lang='grc'><em>’</em></span> 
     </span>
    </p>
   </div>
   <div class='ocr_carea' id='block_1_53' title="bbox 2250 1002 3824 1075">
    <p class='ocr_par' dir='ltr' id='par_1_53' title="bbox 2250 1002 3824 1075">
     <span class='ocr_line' id='line_1_53' title="bbox 2250 1002 3824 1075; baseline 0.004 -20"><span class='ocrx_word' id='word_1_373' title='bbox 2250 1003 2342 1056; x_wconf 79' lang='grc' dir='ltr'>καὶ</span> <span class='ocrx_word' id='word_1_374' title='bbox 2357 1002 2454 1073; x_wconf 81' lang='grc' dir='ltr'>τὴν</span> <span class='ocrx_word' id='word_1_375' title='bbox 2481 1003 2677 1073; x_wconf 79' lang='grc' dir='ltr'>πρᾶξιν</span> <span class='ocrx_word' id='word_1_376' title='bbox 2706 1005 2859 1074; x_wconf 77' lang='grc' dir='ltr'>τιμᾷ,</span> <span class='ocrx_word' id='word_1_377' title='bbox 2880 1004 2972 1057; x_wconf 77' lang='grc' dir='ltr'>καὶ</span> <span class='ocrx_word' id='word_1_378' title='bbox 3001 1003 3100 1073; x_wconf 82' lang='grc' dir='ltr'><strong>τὴν</strong></span> <span class='ocrx_word' id='word_1_379' title='bbox 3133 1004 3390 1075; x_wconf 78' lang='grc' dir='ltr'><strong>πρόθεσιν</strong></span> <span class='ocrx_word' id='word_1_380' title='bbox 3414 1005 3645 1060; x_wconf 83' lang='grc' dir='ltr'>ἐπαινεῖ.</span> <span class='ocrx_word' id='word_1_381' title='bbox 3678 1008 3824 1061; x_wconf 76' lang='lat' dir='ltr'><strong>06x-</strong></span> 
     </span>
    </p>
   </div>
   <div class='ocr_carea' id='block_1_54' title="bbox 2250 1093 3821 1168">
    <p class='ocr_par' dir='ltr' id='par_1_54' title="bbox 2250 1093 3821 1168">
     <span class='ocr_line' id='line_1_54' title="bbox 2250 1093 3821 1168; baseline 0.003 -22"><span class='ocrx_word' id='word_1_382' title='bbox 2250 1093 2342 1146; x_wconf 96' lang='grc' dir='ltr'><strong>οῦν</strong></span> <span class='ocrx_word' id='word_1_383' title='bbox 2389 1095 2658 1147; x_wconf 84' lang='grc' dir='ltr'>είσέλθετε</span> <span class='ocrx_word' id='word_1_384' title='bbox 2705 1096 2908 1157; x_wconf 88' lang='grc' dir='ltr'>πάντες</span> <span class='ocrx_word' id='word_1_385' title='bbox 2959 1098 3039 1158; x_wconf 89' lang='grc' dir='ltr'><strong>είς</strong></span> <span class='ocrx_word' id='word_1_386' title='bbox 3101 1096 3201 1166; x_wconf 78' lang='grc' dir='ltr'>τὴν</span> <span class='ocrx_word' id='word_1_387' title='bbox 3246 1096 3420 1167; x_wconf 76' lang='grc' dir='ltr'>χαρὰν</span> <span class='ocrx_word' id='word_1_388' title='bbox 3477 1097 3570 1151; x_wconf 83' lang='grc' dir='ltr'><strong>τοῦ</strong></span> <span class='ocrx_word' id='word_1_389' title='bbox 3607 1099 3821 1168; x_wconf 73' lang='grc' dir='ltr'>Κυρίου</span> 
     </span>
    </p>
   </div>
   <div class='ocr_carea' id='block_1_55' title="bbox 2249 1184 3824 1256">
    <p class='ocr_par' dir='ltr' id='par_1_55' title="bbox 2249 1184 3824 1256">
     <span class='ocr_line' id='line_1_55' title="bbox 2249 1184 3824 1256; baseline 0.002 -20"><span class='ocrx_word' id='word_1_390' title='bbox 2249 1184 2407 1254; x_wconf 79' lang='grc' dir='ltr'>ἡμῶν</span> <span class='ocrx_word' id='word_1_391' title='bbox 2431 1197 2444 1211; x_wconf 90' lang='grc'>⁶</span> <span class='ocrx_word' id='word_1_392' title='bbox 2481 1185 2570 1236; x_wconf 79' lang='grc' dir='ltr'>καὶ</span> <span class='ocrx_word' id='word_1_393' title='bbox 2601 1184 2808 1254; x_wconf 86' lang='grc' dir='ltr'>πρῶτοι</span> <span class='ocrx_word' id='word_1_394' title='bbox 2847 1185 2942 1238; x_wconf 73' lang='grc' dir='ltr'>καὶ</span> <span class='ocrx_word' id='word_1_395' title='bbox 2981 1184 3226 1256; x_wconf 88' lang='grc' dir='ltr'>δεύτεροι</span> <span class='ocrx_word' id='word_1_396' title='bbox 3259 1185 3348 1238; x_wconf 84' lang='grc' dir='ltr'>τὸν</span> <span class='ocrx_word' id='word_1_397' title='bbox 3391 1184 3581 1254; x_wconf 87' lang='grc' dir='ltr'>μισθὸν</span> <span class='ocrx_word' id='word_1_398' title='bbox 3615 1187 3824 1239; x_wconf 79' lang='grc' dir='ltr'>ἀπολάο</span> 
     </span>
    </p>
   </div>
   <div class='ocr_carea' id='block_1_56' title="bbox 2252 1275 3821 1350">
    <p class='ocr_par' dir='ltr' id='par_1_56' title="bbox 2252 1275 3821 1350">
     <span class='ocr_line' id='line_1_56' title="bbox 2252 1275 3821 1350; baseline 0.002 -23"><span class='ocrx_word' id='word_1_399' title='bbox 2252 1275 2396 1328; x_wconf 74' lang='grc' dir='ltr'>ϐετεο</span> <span class='ocrx_word' id='word_1_400' title='bbox 2421 1276 2664 1328; x_wconf 86' lang='grc' dir='ltr'>πλούσιοι</span> <span class='ocrx_word' id='word_1_401' title='bbox 2685 1278 2778 1329; x_wconf 68' lang='grc' dir='ltr'>καὶ</span> <span class='ocrx_word' id='word_1_402' title='bbox 2808 1278 3060 1348; x_wconf 86' lang='grc' dir='ltr'>πένητες,</span> <span class='ocrx_word' id='word_1_403' title='bbox 3085 1277 3201 1347; x_wconf 86' lang='grc' dir='ltr'>μετ’</span> <span class='ocrx_word' id='word_1_404' title='bbox 3225 1277 3469 1347; x_wconf 75' lang='grc' dir='ltr'>ἀλλήλων</span> <span class='ocrx_word' id='word_1_405' title='bbox 3489 1277 3790 1350; x_wconf 79' lang='grc' dir='ltr'><strong>χορεύσατε</strong></span> <span class='ocrx_word' id='word_1_406' title='bbox 3807 1293 3821 1307; x_wconf 87' lang='grc'><strong>·</strong></span> 
     </span>
    </p>
   </div>
   <div class='ocr_carea' id='block_1_57' title="bbox 2252 1365 3823 1438">
    <p class='ocr_par' dir='ltr' id='par_1_57' title="bbox 2252 1365 3823 1438">
     <span class='ocr_line' id='line_1_57' title="bbox 2252 1365 3823 1438; baseline 0.001 -20"><span class='ocrx_word' id='word_1_407' title='bbox 2252 1367 2539 1436; x_wconf 78' lang='grc' dir='ltr'>ἐγκρατεῖς</span> <span class='ocrx_word' id='word_1_408' title='bbox 2573 1366 2667 1420; x_wconf 80' lang='grc' dir='ltr'>καὶ</span> <span class='ocrx_word' id='word_1_409' title='bbox 2719 1365 2977 1436; x_wconf 74' lang='grc' dir='ltr'>ῥᾴθυμοι,</span> <span class='ocrx_word' id='word_1_410' title='bbox 3017 1367 3115 1436; x_wconf 77' lang='grc' dir='ltr'>τὴν</span> <span class='ocrx_word' id='word_1_411' title='bbox 3155 1367 3370 1436; x_wconf 76' lang='grc' dir='ltr'>ἡμέραν</span> <span class='ocrx_word' id='word_1_412' title='bbox 3421 1370 3692 1438; x_wconf 74' lang='grc' dir='ltr'><strong>τιμήσατε</strong></span> <span class='ocrx_word' id='word_1_413' title='bbox 3725 1383 3740 1396; x_wconf 88' lang='grc'><strong>·</strong></span> <span class='ocrx_word' id='word_1_414' title='bbox 3772 1369 3823 1419; x_wconf 88' lang='grc' dir='ltr'>οί</span> 
     </span>
    </p>
   </div>
   <div class='ocr_carea' id='block_1_58' title="bbox 2253 1448 3824 1529">
    <p class='ocr_par' dir='ltr' id='par_1_58' title="bbox 2253 1448 3824 1529">
     <span class='ocr_line' id='line_1_58' title="bbox 2253 1448 3824 1529; baseline 0 -19"><span class='ocrx_word' id='word_1_415' title='bbox 2253 1458 2650 1529; x_wconf 79' lang='grc' dir='ltr'><strong>νηστεύσαντες</strong></span> <span class='ocrx_word' id='word_1_416' title='bbox 2681 1457 2776 1512; x_wconf 75' lang='grc' dir='ltr'>καὶ</span> <span class='ocrx_word' id='word_1_417' title='bbox 2818 1458 2891 1527; x_wconf 84' lang='grc' dir='ltr'>μὴ</span> <span class='ocrx_word' id='word_1_418' title='bbox 2919 1457 3330 1528; x_wconf 79' lang='grc' dir='ltr'>νηστεύσαντες,</span> <span class='ocrx_word' id='word_1_419' title='bbox 3357 1448 3699 1529; x_wconf 63' lang='grc' dir='ltr'>ειίᾧράνθητε</span> <span class='ocrx_word' id='word_1_420' title='bbox 3729 1459 3824 1529; x_wconf 87' lang='grc' dir='ltr'><strong>σή-</strong></span> 
     </span>
    </p>
   </div>
   <div class='ocr_carea' id='block_1_59' title="bbox 2255 1547 3822 1620">
    <p class='ocr_par' dir='ltr' id='par_1_59' title="bbox 2255 1547 3822 1620">
     <span class='ocr_line' id='line_1_59' title="bbox 2255 1547 3822 1620; baseline 0 -20"><span class='ocrx_word' id='word_1_421' title='bbox 2255 1565 2440 1620; x_wconf 61' lang='grc' dir='ltr'>μερον</span> <span class='ocrx_word' id='word_1_422' title='bbox 2479 1549 2511 1618; x_wconf 81' lang='grc' dir='ltr'>ἠ</span> <span class='ocrx_word' id='word_1_423' title='bbox 2554 1548 2802 1620; x_wconf 78' lang='grc' dir='ltr'>τράπεζα</span> <span class='ocrx_word' id='word_1_424' title='bbox 2831 1550 3026 1618; x_wconf 89' lang='grc' dir='ltr'>γέμει,</span> <span class='ocrx_word' id='word_1_425' title='bbox 3056 1549 3370 1620; x_wconf 84' lang='grc' dir='ltr'>τρυφήσατε</span> <span class='ocrx_word' id='word_1_426' title='bbox 3415 1551 3632 1612; x_wconf 86' lang='grc' dir='ltr'>πάντες·</span> <span class='ocrx_word' id='word_1_427' title='bbox 3663 1549 3692 1601; x_wconf 91' lang='lat'><strong>6</strong></span> <span class='ocrx_word' id='word_1_428' title='bbox 3724 1547 3822 1617; x_wconf 82' lang='grc' dir='ltr'>μό-</span> 
     </span>
    </p>
   </div>
   <div class='ocr_carea' id='block_1_60' title="bbox 2255 1637 3825 1710">
    <p class='ocr_par' dir='ltr' id='par_1_60' title="bbox 2255 1637 3825 1710">
     <span class='ocr_line' id='line_1_60' title="bbox 2255 1637 3825 1710; baseline -0.001 -17"><span class='ocrx_word' id='word_1_429' title='bbox 2255 1657 2382 1710; x_wconf 87' lang='grc' dir='ltr'>σχος</span> <span class='ocrx_word' id='word_1_430' title='bbox 2409 1641 2596 1704; x_wconf 86' lang='grc' dir='ltr'>πολὺς,</span> <span class='ocrx_word' id='word_1_431' title='bbox 2627 1641 2814 1710; x_wconf 79' lang='grc' dir='ltr'>μηδεὶς</span> <span class='ocrx_word' id='word_1_432' title='bbox 2844 1639 3050 1706; x_wconf 79' lang='grc' dir='ltr'><strong>ἐξέλθοι</strong></span> <span class='ocrx_word' id='word_1_433' title='bbox 3082 1640 3279 1693; x_wconf 84' lang='grc' dir='ltr'>πεινῶν</span> <span class='ocrx_word' id='word_1_434' title='bbox 3299 1657 3312 1672; x_wconf 89' lang='grc'><strong>·</strong></span> <span class='ocrx_word' id='word_1_435' title='bbox 3345 1641 3547 1703; x_wconf 88' lang='grc' dir='ltr'>πάντες</span> <span class='ocrx_word' id='word_1_436' title='bbox 3586 1637 3825 1694; x_wconf 82' lang='grc' dir='ltr'>ἀπολαύ-</span> 
     </span>
    </p>
   </div>
   <div class='ocr_carea' id='block_1_61' title="bbox 2257 1730 3823 1804">
    <p class='ocr_par' dir='ltr' id='par_1_61' title="bbox 2257 1730 3823 1804">
     <span class='ocr_line' id='line_1_61' title="bbox 2257 1730 3823 1804; baseline -0.003 -18"><span class='ocrx_word' id='word_1_437' title='bbox 2257 1749 2386 1787; x_wconf 88' lang='grc' dir='ltr'>σατε</span> <span class='ocrx_word' id='word_1_438' title='bbox 2414 1733 2508 1786; x_wconf 90' lang='grc' dir='ltr'><strong>τοῦ</strong></span> <span class='ocrx_word' id='word_1_439' title='bbox 2540 1733 2772 1787; x_wconf 83' lang='grc' dir='ltr'>πλούτου</span> <span class='ocrx_word' id='word_1_440' title='bbox 2802 1732 2900 1804; x_wconf 83' lang='grc' dir='ltr'>τῆς</span> <span class='ocrx_word' id='word_1_441' title='bbox 2927 1734 3310 1803; x_wconf 77' lang='grc' dir='ltr'>χρηστότητοςο</span> <span class='ocrx_word' id='word_1_442' title='bbox 3339 1732 3527 1802; x_wconf 78' lang='grc' dir='ltr'>μηδεὶς</span> <span class='ocrx_word' id='word_1_443' title='bbox 3554 1730 3823 1802; x_wconf 83' lang='grc' dir='ltr'>θρηνείτω</span> 
     </span>
    </p>
   </div>
   <div class='ocr_carea' id='block_1_62' title="bbox 2255 1825 3819 1898">
    <p class='ocr_par' dir='ltr' id='par_1_62' title="bbox 2255 1825 3819 1898">
     <span class='ocr_line' id='line_1_62' title="bbox 2255 1825 3819 1898; baseline -0.003 -16"><span class='ocrx_word' id='word_1_444' title='bbox 2255 1829 2464 1894; x_wconf 80' lang='grc' dir='ltr'>πενίαν,</span> <span class='ocrx_word' id='word_1_445' title='bbox 2494 1827 2666 1898; x_wconf 81' lang='grc' dir='ltr'>ἐφάνη</span> <span class='ocrx_word' id='word_1_446' title='bbox 2703 1829 2812 1897; x_wconf 83' lang='grc' dir='ltr'>γὰρ</span> <span class='ocrx_word' id='word_1_447' title='bbox 2843 1829 2875 1898; x_wconf 81' lang='grc' dir='ltr'><strong>ἡ</strong></span> <span class='ocrx_word' id='word_1_448' title='bbox 2905 1827 3057 1898; x_wconf 80' lang='grc' dir='ltr'>κοινὴ</span> <span class='ocrx_word' id='word_1_449' title='bbox 3116 1826 3381 1896; x_wconf 81' lang='grc' dir='ltr'>βασιλεία·</span> <span class='ocrx_word' id='word_1_450' title='bbox 3417 1825 3602 1896; x_wconf 72' lang='grc' dir='ltr'>μηδεὶς</span> <span class='ocrx_word' id='word_1_451' title='bbox 3630 1825 3819 1895; x_wconf 79' lang='grc' dir='ltr'>ὀδυρέ-</span> 
     </span>
    </p>
   </div>
   <div class='ocr_carea' id='block_1_63' title="bbox 2255 1916 3821 1990">
    <p class='ocr_par' dir='ltr' id='par_1_63' title="bbox 2255 1916 3821 1990">
     <span class='ocr_line' id='line_1_63' title="bbox 2255 1916 3821 1990; baseline -0.004 -15"><span class='ocrx_word' id='word_1_452' title='bbox 2255 1919 2369 1975; x_wconf 90' lang='grc' dir='ltr'><strong>σθω</strong></span> <span class='ocrx_word' id='word_1_453' title='bbox 2413 1921 2483 1974; x_wconf 80' lang='grc' dir='ltr'>τὰ</span> <span class='ocrx_word' id='word_1_454' title='bbox 2515 1921 2858 1990; x_wconf 85' lang='grc' dir='ltr'>πταίσματα,</span> <span class='ocrx_word' id='word_1_455' title='bbox 2902 1919 3201 1989; x_wconf 85' lang='grc' dir='ltr'>συγγνώμη</span> <span class='ocrx_word' id='word_1_456' title='bbox 3231 1918 3340 1989; x_wconf 77' lang='grc' dir='ltr'><strong>γάρ</strong></span> <span class='ocrx_word' id='word_1_457' title='bbox 3385 1919 3495 1971; x_wconf 66' lang='grc' dir='ltr'><strong>ἀπὸ</strong></span> <span class='ocrx_word' id='word_1_458' title='bbox 3525 1917 3618 1972; x_wconf 85' lang='grc' dir='ltr'><strong>τοῦ</strong></span> <span class='ocrx_word' id='word_1_459' title='bbox 3645 1916 3821 1984; x_wconf 69' lang='grc' dir='ltr'>τάφου</span> 
     </span>
    </p>
   </div>
   <div class='ocr_carea' id='block_1_64' title="bbox 2253 2007 3823 2080">
    <p class='ocr_par' dir='ltr' id='par_1_64' title="bbox 2253 2007 3823 2080">
     <span class='ocr_line' id='line_1_64' title="bbox 2253 2007 3823 2080; baseline -0.004 -13"><span class='ocrx_word' id='word_1_460' title='bbox 2253 2011 2522 2067; x_wconf 75' lang='grc' dir='ltr'>ἀνέτειλεν</span> <span class='ocrx_word' id='word_1_461' title='bbox 2541 2028 2555 2043; x_wconf 78' lang='grc' dir='ltr'>ο</span> <span class='ocrx_word' id='word_1_462' title='bbox 2585 2010 2774 2080; x_wconf 72' lang='grc' dir='ltr'>μηδεὶς</span> <span class='ocrx_word' id='word_1_463' title='bbox 2813 2009 3082 2077; x_wconf 81' lang='grc' dir='ltr'>φοϐείσθω</span> <span class='ocrx_word' id='word_1_464' title='bbox 3111 2010 3200 2064; x_wconf 83' lang='grc' dir='ltr'>τὸν</span> <span class='ocrx_word' id='word_1_465' title='bbox 3235 2009 3488 2073; x_wconf 87' lang='grc' dir='ltr'>θάνατον,</span> <span class='ocrx_word' id='word_1_466' title='bbox 3516 2007 3823 2079; x_wconf 68' lang='grc' dir='ltr'>ἠλευθέρω-</span> 
     </span>
    </p>
   </div>
   <div class='ocr_carea' id='block_1_65' title="bbox 2255 2099 3825 2176">
    <p class='ocr_par' dir='ltr' id='par_1_65' title="bbox 2255 2099 3825 2176">
     <span class='ocr_line' id='line_1_65' title="bbox 2255 2099 3825 2176; baseline -0.004 -19"><span class='ocrx_word' id='word_1_467' title='bbox 2255 2121 2349 2158; x_wconf 88' lang='grc' dir='ltr'><strong>σεν</strong></span> <span class='ocrx_word' id='word_1_468' title='bbox 2404 2103 2513 2174; x_wconf 84' lang='grc' dir='ltr'><strong>γάρ</strong></span> <span class='ocrx_word' id='word_1_469' title='bbox 2554 2104 2698 2173; x_wconf 75' lang='grc' dir='ltr'>ἡμᾶς</span> <span class='ocrx_word' id='word_1_470' title='bbox 2748 2105 2776 2155; x_wconf 87' lang='grc' dir='ltr'><strong>ό</strong></span> <span class='ocrx_word' id='word_1_471' title='bbox 2831 2100 2927 2154; x_wconf 90' lang='grc' dir='ltr'><strong>τοῦ</strong></span> <span class='ocrx_word' id='word_1_472' title='bbox 2977 2102 3230 2176; x_wconf 83' lang='grc' dir='ltr'>Σωτῆρος</span> <span class='ocrx_word' id='word_1_473' title='bbox 3282 2101 3541 2163; x_wconf 83' lang='grc' dir='ltr'>θάνατος·</span> <span class='ocrx_word' id='word_1_474' title='bbox 3596 2099 3825 2152; x_wconf 83' lang='grc' dir='ltr'>ἔσϐεσεν</span> 
     </span>
    </p>
   </div>
   <div class='ocr_carea' id='block_1_66' title="bbox 2253 2191 3825 2266">
    <p class='ocr_par' dir='ltr' id='par_1_66' title="bbox 2253 2191 3825 2266">
     <span class='ocr_line' id='line_1_66' title="bbox 2253 2191 3825 2266; baseline -0.006 -16"><span class='ocrx_word' id='word_1_475' title='bbox 2253 2197 2415 2250; x_wconf 82' lang='grc' dir='ltr'>αὐτὸν</span> <span class='ocrx_word' id='word_1_476' title='bbox 2461 2195 2552 2248; x_wconf 79' lang='grc' dir='ltr'><strong>ὑπ’</strong></span> <span class='ocrx_word' id='word_1_477' title='bbox 2573 2194 2739 2248; x_wconf 83' lang='grc' dir='ltr'>αὑτοῦ</span> <span class='ocrx_word' id='word_1_478' title='bbox 2775 2195 3138 2266; x_wconf 82' lang='grc' dir='ltr'>κατεχόμενος</span> <span class='ocrx_word' id='word_1_479' title='bbox 3171 2212 3186 2228; x_wconf 74' lang='grc' dir='ltr'><strong>ο</strong></span> <span class='ocrx_word' id='word_1_480' title='bbox 3239 2193 3473 2248; x_wconf 88' lang='grc' dir='ltr'>ἐκώλυσε</span> <span class='ocrx_word' id='word_1_481' title='bbox 3502 2193 3594 2246; x_wconf 84' lang='grc' dir='ltr'>τὸν</span> <span class='ocrx_word' id='word_1_482' title='bbox 3627 2191 3759 2264; x_wconf 68' lang='grc' dir='ltr'>ᾅδην</span> <span class='ocrx_word' id='word_1_483' title='bbox 3794 2191 3825 2242; x_wconf 89' lang='lat'><strong>6</strong></span> 
     </span>
    </p>
   </div>
   <div class='ocr_carea' id='block_1_67' title="bbox 2253 2287 3824 2360">
    <p class='ocr_par' dir='ltr' id='par_1_67' title="bbox 2253 2287 3824 2360">
     <span class='ocr_line' id='line_1_67' title="bbox 2253 2287 3824 2360; baseline -0.004 -18"><span class='ocrx_word' id='word_1_484' title='bbox 2253 2288 2528 2342; x_wconf 86' lang='grc' dir='ltr'>κατελθὼν</span> <span class='ocrx_word' id='word_1_485' title='bbox 2558 2290 2635 2351; x_wconf 88' lang='grc' dir='ltr'><strong>είς</strong></span> <span class='ocrx_word' id='word_1_486' title='bbox 2661 2291 2750 2342; x_wconf 82' lang='grc' dir='ltr'>τὸν</span> <span class='ocrx_word' id='word_1_487' title='bbox 2789 2289 2939 2360; x_wconf 69' lang='grc' dir='ltr'>ᾅδην·</span> <span class='ocrx_word' id='word_1_488' title='bbox 2974 2291 3266 2358; x_wconf 80' lang='grc' dir='ltr'>ἐπίκρανεν</span> <span class='ocrx_word' id='word_1_489' title='bbox 3298 2287 3460 2341; x_wconf 69' lang='grc' dir='ltr'>αὐτὸν</span> <span class='ocrx_word' id='word_1_490' title='bbox 3485 2287 3824 2354; x_wconf 67' lang='grc' dir='ltr'>γευσάμενον</span> 
     </span>
    </p>
   </div>
   <div class='ocr_carea' id='block_1_68' title="bbox 2253 2375 3821 2449">
    <p class='ocr_par' dir='ltr' id='par_1_68' title="bbox 2253 2375 3821 2449">
     <span class='ocr_line' id='line_1_68' title="bbox 2253 2375 3821 2449; baseline -0.003 -18"><span class='ocrx_word' id='word_1_491' title='bbox 2253 2380 2351 2448; x_wconf 83' lang='grc' dir='ltr'>τῆς</span> <span class='ocrx_word' id='word_1_492' title='bbox 2402 2379 2603 2446; x_wconf 68' lang='grc' dir='ltr'>σαρκὸς</span> <span class='ocrx_word' id='word_1_493' title='bbox 2651 2379 2816 2432; x_wconf 83' lang='grc' dir='ltr'>αὑτοῦ</span> <span class='ocrx_word' id='word_1_494' title='bbox 2845 2396 2860 2410; x_wconf 79' lang='grc' dir='ltr'><strong>ο</strong></span> <span class='ocrx_word' id='word_1_495' title='bbox 2913 2379 3192 2432; x_wconf 70' lang='grc' dir='ltr'>καὶτοῦτο</span> <span class='ocrx_word' id='word_1_496' title='bbox 3239 2375 3526 2449; x_wconf 83' lang='grc' dir='ltr'>προλαϐὼν</span> <span class='ocrx_word' id='word_1_497' title='bbox 3572 2376 3821 2437; x_wconf 76' lang='grc' dir='ltr'>Ἡσαΐας,</span> 
     </span>
    </p>
   </div>
   <div class='ocr_carea' id='block_1_69' title="bbox 2254 2465 3826 2538">
    <p class='ocr_par' dir='ltr' id='par_1_69' title="bbox 2254 2465 3826 2538">
     <span class='ocr_line' id='line_1_69' title="bbox 2254 2465 3826 2538; baseline -0.005 -17"><span class='ocrx_word' id='word_1_498' title='bbox 2254 2468 2510 2538; x_wconf 81' lang='grc' dir='ltr'>ἐϐόησεν’</span> <span class='ocrx_word' id='word_1_499' title='bbox 2555 2467 2610 2519; x_wconf 88' lang='lat'><strong>&#39;0</strong></span> <span class='ocrx_word' id='word_1_500' title='bbox 2646 2465 2813 2534; x_wconf 80' lang='grc' dir='ltr'>ᾅδης,</span> <span class='ocrx_word' id='word_1_501' title='bbox 2871 2469 3054 2536; x_wconf 73' lang='grc' dir='ltr'>φησὶν,</span> <span class='ocrx_word' id='word_1_502' title='bbox 3089 2467 3435 2536; x_wconf 79' lang='grc' dir='ltr'>ἐπικράνθη,</span> <span class='ocrx_word' id='word_1_503' title='bbox 3486 2465 3826 2532; x_wconf 81' lang='grc' dir='ltr'>συναντήσας</span> 
     </span>
    </p>
   </div>
   <div class='ocr_carea' id='block_1_70' title="bbox 2256 2553 3822 2629">
    <p class='ocr_par' dir='ltr' id='par_1_70' title="bbox 2256 2553 3822 2629">
     <span class='ocr_line' id='line_1_70' title="bbox 2256 2553 3822 2629; baseline -0.004 -17"><span class='ocrx_word' id='word_1_504' title='bbox 2256 2578 2339 2612; x_wconf 92' lang='grc' dir='ltr'><strong>σοι</strong></span> <span class='ocrx_word' id='word_1_505' title='bbox 2368 2560 2539 2614; x_wconf 89' lang='grc' dir='ltr'>κάτω·</span> <span class='ocrx_word' id='word_1_506' title='bbox 2568 2559 2896 2629; x_wconf 82' lang='grc' dir='ltr'>ἐπικράνθη,</span> <span class='ocrx_word' id='word_1_507' title='bbox 2917 2558 3008 2610; x_wconf 76' lang='grc' dir='ltr'>καὶ</span> <span class='ocrx_word' id='word_1_508' title='bbox 3038 2558 3143 2627; x_wconf 82' lang='grc' dir='ltr'>γὰρ</span> <span class='ocrx_word' id='word_1_509' title='bbox 3167 2556 3462 2627; x_wconf 85' lang='grc' dir='ltr'>ἐνεκρώθη·</span> <span class='ocrx_word' id='word_1_510' title='bbox 3491 2553 3822 2623; x_wconf 77' lang='grc' dir='ltr'>ἐπικράνθη,</span> 
     </span>
    </p>
   </div>
   <div class='ocr_carea' id='block_1_71' title="bbox 2253 2647 3825 2723">
    <p class='ocr_par' dir='ltr' id='par_1_71' title="bbox 2253 2647 3825 2723">
     <span class='ocr_line' id='line_1_71' title="bbox 2253 2647 3825 2723; baseline -0.006 -16"><span class='ocrx_word' id='word_1_511' title='bbox 2253 2653 2349 2707; x_wconf 81' lang='grc' dir='ltr'>καὶ</span> <span class='ocrx_word' id='word_1_512' title='bbox 2375 2653 2485 2723; x_wconf 85' lang='grc' dir='ltr'><strong>γὰρ</strong></span> <span class='ocrx_word' id='word_1_513' title='bbox 2514 2650 2811 2721; x_wconf 78' lang='grc' dir='ltr'>ἐνεπαίχθη</span> <span class='ocrx_word' id='word_1_514' title='bbox 2843 2666 2856 2680; x_wconf 89' lang='grc'><strong>·</strong></span> <span class='ocrx_word' id='word_1_515' title='bbox 2888 2649 3047 2703; x_wconf 84' lang='grc' dir='ltr'>ἐλαϐε</span> <span class='ocrx_word' id='word_1_516' title='bbox 3081 2649 3260 2719; x_wconf 89' lang='grc' dir='ltr'>σῶμα,</span> <span class='ocrx_word' id='word_1_517' title='bbox 3298 2649 3392 2701; x_wconf 78' lang='grc' dir='ltr'>καὶ</span> <span class='ocrx_word' id='word_1_518' title='bbox 3423 2647 3541 2717; x_wconf 79' lang='grc' dir='ltr'><strong>Θεῷ</strong></span> <span class='ocrx_word' id='word_1_519' title='bbox 3569 2647 3825 2714; x_wconf 80' lang='grc' dir='ltr'>περιέτυ-</span> 
     </span>
    </p>
   </div>
   <div class='ocr_carea' id='block_1_72' title="bbox 2253 2737 3825 2818">
    <p class='ocr_par' dir='ltr' id='par_1_72' title="bbox 2253 2737 3825 2818">
     <span class='ocr_line' id='line_1_72' title="bbox 2253 2737 3825 2818; baseline -0.008 -18"><span class='ocrx_word' id='word_1_520' title='bbox 2253 2761 2367 2817; x_wconf 83' lang='grc' dir='ltr'>χεν⁶</span> <span class='ocrx_word' id='word_1_521' title='bbox 2402 2744 2582 2818; x_wconf 74' lang='grc' dir='ltr'>[ἔλαϐε</span> <span class='ocrx_word' id='word_1_522' title='bbox 2621 2743 2744 2814; x_wconf 71' lang='grc' dir='ltr'>γῆν,</span> <span class='ocrx_word' id='word_1_523' title='bbox 2796 2743 2891 2796; x_wconf 76' lang='grc' dir='ltr'>καὶ</span> <span class='ocrx_word' id='word_1_524' title='bbox 2937 2742 3263 2812; x_wconf 83' lang='grc' dir='ltr'>συνήντησεν</span> <span class='ocrx_word' id='word_1_525' title='bbox 3315 2737 3576 2810; x_wconf 53' lang='grc' dir='ltr'>οὐρανῷ]</span> <span class='ocrx_word' id='word_1_526' title='bbox 3631 2738 3825 2791; x_wconf 80' lang='grc' dir='ltr'>ἐλαϐεν</span> 
     </span>
    </p>
   </div>
   <div class='ocr_carea' id='block_1_73' title="bbox 2251 2829 3826 2909">
    <p class='ocr_par' dir='ltr' id='par_1_73' title="bbox 2251 2829 3826 2909">
     <span class='ocr_line' id='line_1_73' title="bbox 2251 2829 3826 2909; baseline -0.006 -16"><span class='ocrx_word' id='word_1_527' title='bbox 2251 2840 2387 2909; x_wconf 83' lang='grc' dir='ltr'>ὅπερ</span> <span class='ocrx_word' id='word_1_528' title='bbox 2415 2837 2658 2901; x_wconf 76' lang='grc' dir='ltr'>ἔϐλεπεν,</span> <span class='ocrx_word' id='word_1_529' title='bbox 2692 2837 2784 2889; x_wconf 83' lang='grc' dir='ltr'>καὶ</span> <span class='ocrx_word' id='word_1_530' title='bbox 2810 2833 3100 2888; x_wconf 83' lang='grc' dir='ltr'>πέπτωκεν</span> <span class='ocrx_word' id='word_1_531' title='bbox 3121 2831 3244 2885; x_wconf 86' lang='grc' dir='ltr'>ὅθεν</span> <span class='ocrx_word' id='word_1_532' title='bbox 3273 2831 3372 2885; x_wconf 85' lang='grc' dir='ltr'>οὒκ</span> <span class='ocrx_word' id='word_1_533' title='bbox 3413 2830 3669 2882; x_wconf 72' lang='grc' dir='ltr'>ἔϐλεπεν.</span> <span class='ocrx_word' id='word_1_534' title='bbox 3698 2829 3826 2883; x_wconf 86' lang='grc' dir='ltr'><strong>Ποῦ</strong></span> 
     </span>
    </p>
   </div>
   <div class='ocr_carea' id='block_1_74' title="bbox 2251 2921 3823 2996">
    <p class='ocr_par' dir='ltr' id='par_1_74' title="bbox 2251 2921 3823 2996">
     <span class='ocr_line' id='line_1_74' title="bbox 2251 2921 3823 2996; baseline -0.006 -11"><span class='ocrx_word' id='word_1_535' title='bbox 2251 2947 2392 2996; x_wconf 86' lang='grc' dir='ltr'>σου,</span> <span class='ocrx_word' id='word_1_536' title='bbox 2415 2929 2652 2994; x_wconf 83' lang='grc' dir='ltr'>θάνατε,</span> <span class='ocrx_word' id='word_1_537' title='bbox 2676 2929 2742 2982; x_wconf 81' lang='grc' dir='ltr'>τὸ</span> <span class='ocrx_word' id='word_1_538' title='bbox 2767 2927 3054 2994; x_wconf 80' lang='grc' dir='ltr'>κέντρον;</span> <span class='ocrx_word' id='word_1_539' title='bbox 3084 2924 3201 2979; x_wconf 83' lang='grc' dir='ltr'><strong>ποῦ</strong></span> <span class='ocrx_word' id='word_1_540' title='bbox 3218 2940 3355 2985; x_wconf 85' lang='grc' dir='ltr'>σου,</span> <span class='ocrx_word' id='word_1_541' title='bbox 3373 2921 3506 2989; x_wconf 82' lang='grc' dir='ltr'>ᾷδη,</span> <span class='ocrx_word' id='word_1_542' title='bbox 3523 2921 3588 2975; x_wconf 84' lang='grc' dir='ltr'>τὸ</span> <span class='ocrx_word' id='word_1_543' title='bbox 3613 2923 3783 2986; x_wconf 77' lang='grc' dir='ltr'>νῖκος</span> <span class='ocrx_word' id='word_1_544' title='bbox 3804 2939 3823 2983; x_wconf 87' lang='lat'><strong>.&#39;</strong></span> 
     </span>
    </p>
   </div>
   <div class='ocr_carea' id='block_1_75' title="bbox 2265 3013 3826 3090">
    <p class='ocr_par' dir='ltr' id='par_1_75' title="bbox 2265 3013 3826 3090">
     <span class='ocr_line' id='line_1_75' title="bbox 2265 3013 3826 3090; baseline -0.006 -17"><span class='ocrx_word' id='word_1_545' title='bbox 2265 3019 2489 3090; x_wconf 81' lang='grc' dir='ltr'>Ἀνέστη</span> <span class='ocrx_word' id='word_1_546' title='bbox 2532 3020 2782 3089; x_wconf 80' lang='grc' dir='ltr'>Χριστὸς,</span> <span class='ocrx_word' id='word_1_547' title='bbox 2826 3021 2918 3073; x_wconf 71' lang='grc' dir='ltr'>καὶ</span> <span class='ocrx_word' id='word_1_548' title='bbox 2947 3014 3271 3070; x_wconf 84' lang='grc' dir='ltr'>πεπτώκασι</span> <span class='ocrx_word' id='word_1_549' title='bbox 3315 3013 3591 3084; x_wconf 85' lang='grc' dir='ltr'>δαίμονες·</span> <span class='ocrx_word' id='word_1_550' title='bbox 3623 3014 3826 3082; x_wconf 82' lang='grc' dir='ltr'>ἀνέστη</span> 
     </span>
    </p>
   </div>
   <div class='ocr_carea' id='block_1_76' title="bbox 2253 3104 3823 3181">
    <p class='ocr_par' dir='ltr' id='par_1_76' title="bbox 2253 3104 3823 3181">
     <span class='ocr_line' id='line_1_76' title="bbox 2253 3104 3823 3181; baseline -0.006 -17"><span class='ocrx_word' id='word_1_551' title='bbox 2253 3112 2506 3181; x_wconf 84' lang='grc' dir='ltr'>Χριστὸς,</span> <span class='ocrx_word' id='word_1_552' title='bbox 2554 3111 2650 3164; x_wconf 78' lang='grc' dir='ltr'>καὶ</span> <span class='ocrx_word' id='word_1_553' title='bbox 2698 3111 2978 3180; x_wconf 86' lang='grc' dir='ltr'>χαίρουσιν</span> <span class='ocrx_word' id='word_1_554' title='bbox 3009 3107 3226 3176; x_wconf 78' lang='grc' dir='ltr'>ἄγγελοι</span> <span class='ocrx_word' id='word_1_555' title='bbox 3257 3121 3271 3135; x_wconf 84' lang='lat'>&#39;</span> <span class='ocrx_word' id='word_1_556' title='bbox 3329 3105 3528 3174; x_wconf 86' lang='grc' dir='ltr'>ἀνέστη</span> <span class='ocrx_word' id='word_1_557' title='bbox 3566 3104 3823 3172; x_wconf 65' lang='grc' dir='ltr'>Χριστὸς,</span> 
     </span>
    </p>
   </div>
   <div class='ocr_carea' id='block_1_77' title="bbox 2255 3195 3826 3271">
    <p class='ocr_par' dir='ltr' id='par_1_77' title="bbox 2255 3195 3826 3271">
     <span class='ocr_line' id='line_1_77' title="bbox 2255 3195 3826 3271; baseline -0.005 -17"><span class='ocrx_word' id='word_1_558' title='bbox 2255 3202 2348 3254; x_wconf 73' lang='grc' dir='ltr'>καὶ</span> <span class='ocrx_word' id='word_1_559' title='bbox 2379 3203 2492 3271; x_wconf 83' lang='grc' dir='ltr'>ζωὴ</span> <span class='ocrx_word' id='word_1_560' title='bbox 2522 3201 2859 3254; x_wconf 88' lang='grc' dir='ltr'>πολιτεύεται</span> <span class='ocrx_word' id='word_1_561' title='bbox 2885 3216 2899 3232; x_wconf 76' lang='grc'><strong>⁸</strong></span> <span class='ocrx_word' id='word_1_562' title='bbox 2948 3201 3145 3270; x_wconf 84' lang='grc' dir='ltr'>ἀνέστη</span> <span class='ocrx_word' id='word_1_563' title='bbox 3185 3197 3441 3268; x_wconf 82' lang='grc' dir='ltr'>Χριστὸς,</span> <span class='ocrx_word' id='word_1_564' title='bbox 3491 3196 3586 3247; x_wconf 79' lang='grc' dir='ltr'>καὶ</span> <span class='ocrx_word' id='word_1_565' title='bbox 3631 3195 3826 3265; x_wconf 81' lang='grc' dir='ltr'>νεκρὸς</span> 
     </span>
    </p>
   </div>
   <div class='ocr_carea' id='block_1_78' title="bbox 2253 3285 3828 3362">
    <p class='ocr_par' dir='ltr' id='par_1_78' title="bbox 2253 3285 3828 3362">
     <span class='ocr_line' id='line_1_78' title="bbox 2253 3285 3828 3362; baseline -0.006 -16"><span class='ocrx_word' id='word_1_566' title='bbox 2253 3293 2428 3356; x_wconf 77' lang='grc' dir='ltr'>οὐδεὶς</span> <span class='ocrx_word' id='word_1_567' title='bbox 2461 3292 2553 3346; x_wconf 75' lang='grc' dir='ltr'>ἐπὶ</span> <span class='ocrx_word' id='word_1_568' title='bbox 2595 3295 2889 3362; x_wconf 76' lang='grc' dir='ltr'>μνήματος.</span> <span class='ocrx_word' id='word_1_569' title='bbox 2949 3290 3179 3362; x_wconf 79' lang='grc' dir='ltr'>Χριστὸς</span> <span class='ocrx_word' id='word_1_570' title='bbox 3213 3290 3320 3361; x_wconf 83' lang='grc' dir='ltr'>γὰρ</span> <span class='ocrx_word' id='word_1_571' title='bbox 3374 3285 3620 3356; x_wconf 80' lang='grc' dir='ltr'>ἐγερθεὶς</span> <span class='ocrx_word' id='word_1_572' title='bbox 3649 3287 3714 3338; x_wconf 85' lang='grc' dir='ltr'><strong>ἐκ</strong></span> <span class='ocrx_word' id='word_1_573' title='bbox 3747 3304 3828 3339; x_wconf 84' lang='grc' dir='ltr'>νε-</span> 
     </span>
    </p>
   </div>
   <div class='ocr_carea' id='block_1_79' title="bbox 2253 3379 3829 3458">
    <p class='ocr_par' dir='ltr' id='par_1_79' title="bbox 2253 3379 3829 3458">
     <span class='ocr_line' id='line_1_79' title="bbox 2253 3379 3829 3458; baseline -0.004 -18"><span class='ocrx_word' id='word_1_574' title='bbox 2253 3386 2423 3458; x_wconf 90' lang='grc' dir='ltr'>κρῶν,</span> <span class='ocrx_word' id='word_1_575' title='bbox 2473 3383 2696 3454; x_wconf 82' lang='grc' dir='ltr'>ἀπαρχὴ</span> <span class='ocrx_word' id='word_1_576' title='bbox 2726 3383 2833 3436; x_wconf 92' lang='grc' dir='ltr'><strong>τῶν</strong></span> <span class='ocrx_word' id='word_1_577' title='bbox 2861 3383 3278 3454; x_wconf 79' lang='grc' dir='ltr'>κεκοιμημένων</span> <span class='ocrx_word' id='word_1_578' title='bbox 3318 3382 3532 3449; x_wconf 87' lang='grc' dir='ltr'>ἐγένετο</span> <span class='ocrx_word' id='word_1_579' title='bbox 3561 3379 3638 3450; x_wconf 83' lang='grc' dir='ltr'>(ι)</span> <span class='ocrx_word' id='word_1_580' title='bbox 3659 3397 3673 3410; x_wconf 89' lang='grc'><strong>·</strong></span> <span class='ocrx_word' id='word_1_581' title='bbox 3710 3381 3829 3434; x_wconf 81' lang='grc' dir='ltr'><strong>Κύ-</strong></span> 
     </span>
    </p>
   </div>
   <div class='ocr_carea' id='block_1_80' title="bbox 2255 3470 3828 3550">
    <p class='ocr_par' dir='ltr' id='par_1_80' title="bbox 2255 3470 3828 3550">
     <span class='ocr_line' id='line_1_80' title="bbox 2255 3470 3828 3550; baseline -0.003 -20"><span class='ocrx_word' id='word_1_582' title='bbox 2255 3496 2368 3550; x_wconf 81' lang='grc' dir='ltr'>ριος</span> <span class='ocrx_word' id='word_1_583' title='bbox 2420 3479 2485 3531; x_wconf 90' lang='grc' dir='ltr'><strong>ἐκ</strong></span> <span class='ocrx_word' id='word_1_584' title='bbox 2533 3475 2742 3547; x_wconf 84' lang='grc' dir='ltr'>νεκρῶν</span> <span class='ocrx_word' id='word_1_585' title='bbox 2787 3475 3116 3546; x_wconf 85' lang='grc' dir='ltr'>ἐγήγερται,</span> <span class='ocrx_word' id='word_1_586' title='bbox 3170 3474 3262 3528; x_wconf 78' lang='grc' dir='ltr'>καὶ</span> <span class='ocrx_word' id='word_1_587' title='bbox 3300 3473 3418 3544; x_wconf 81' lang='grc' dir='ltr'>μετ’</span> <span class='ocrx_word' id='word_1_588' title='bbox 3440 3470 3604 3525; x_wconf 82' lang='grc' dir='ltr'>αὐτοῦ</span> <span class='ocrx_word' id='word_1_589' title='bbox 3658 3472 3828 3536; x_wconf 79' lang='grc' dir='ltr'>πολίις</span> 
     </span>
    </p>
   </div>
   <div class='ocr_carea' id='block_1_81' title="bbox 2253 3563 3826 3640">
    <p class='ocr_par' dir='ltr' id='par_1_81' title="bbox 2253 3563 3826 3640">
     <span class='ocr_line' id='line_1_81' title="bbox 2253 3563 3826 3640; baseline -0.004 -18"><span class='ocrx_word' id='word_1_590' title='bbox 2253 3570 2410 3640; x_wconf 75' lang='grc' dir='ltr'>ὄχλος</span> <span class='ocrx_word' id='word_1_591' title='bbox 2446 3568 2637 3638; x_wconf 84' lang='grc' dir='ltr'>ἁγίων.</span> <span class='ocrx_word' id='word_1_592' title='bbox 2689 3567 2840 3637; x_wconf 85' lang='grc' dir='ltr'>Ἐορτ</span> <span class='ocrx_word' id='word_1_593' title='bbox 2852 3566 3068 3635; x_wconf 90' lang='grc' dir='ltr'>άσωμεν</span> <span class='ocrx_word' id='word_1_594' title='bbox 3091 3566 3261 3633; x_wconf 78' lang='grc' dir='ltr'>ἡδέως</span> <span class='ocrx_word' id='word_1_595' title='bbox 3288 3583 3348 3617; x_wconf 91' lang='grc' dir='ltr'><strong>τε</strong></span> <span class='ocrx_word' id='word_1_596' title='bbox 3371 3567 3465 3618; x_wconf 76' lang='grc' dir='ltr'>καὶ</span> <span class='ocrx_word' id='word_1_597' title='bbox 3491 3563 3788 3635; x_wconf 80' lang='grc' dir='ltr'>σωφρόνως</span> <span class='ocrx_word' id='word_1_598' title='bbox 3811 3580 3826 3593; x_wconf 72' lang='grc' dir='ltr'>ο</span> 
     </span>
    </p>
   </div>
   <div class='ocr_carea' id='block_1_82' title="bbox 2254 3654 3827 3732">
    <p class='ocr_par' dir='ltr' id='par_1_82' title="bbox 2254 3654 3827 3732">
     <span class='ocr_line' id='line_1_82' title="bbox 2254 3654 3827 3732; baseline -0.004 -18"><span class='ocrx_word' id='word_1_599' title='bbox 2254 3661 2391 3732; x_wconf 83' lang='grc' dir='ltr'>αῦτη</span> <span class='ocrx_word' id='word_1_600' title='bbox 2419 3662 2526 3732; x_wconf 80' lang='grc' dir='ltr'><strong>γὰρ</strong></span> <span class='ocrx_word' id='word_1_601' title='bbox 2556 3660 2769 3730; x_wconf 81' lang='grc' dir='ltr'>ἀληθῶς</span> <span class='ocrx_word' id='word_1_602' title='bbox 2816 3659 2848 3729; x_wconf 80' lang='grc' dir='ltr'><strong>ή</strong></span> <span class='ocrx_word' id='word_1_603' title='bbox 2891 3657 3072 3728; x_wconf 77' lang='grc' dir='ltr'>ἡμέρα</span> <span class='ocrx_word' id='word_1_604' title='bbox 3100 3658 3166 3726; x_wconf 76' lang='grc' dir='ltr'>ἢν</span> <span class='ocrx_word' id='word_1_605' title='bbox 3212 3657 3462 3725; x_wconf 83' lang='grc' dir='ltr'>ἐποίησεν</span> <span class='ocrx_word' id='word_1_606' title='bbox 3513 3657 3541 3709; x_wconf 89' lang='lat'><strong>6</strong></span> <span class='ocrx_word' id='word_1_607' title='bbox 3598 3654 3827 3724; x_wconf 79' lang='grc' dir='ltr'>Κύριος·</span> 
     </span>
    </p>
   </div>
   <div class='ocr_carea' id='block_1_83' title="bbox 2255 3744 3828 3818">
    <p class='ocr_par' dir='ltr' id='par_1_83' title="bbox 2255 3744 3828 3818">
     <span class='ocr_line' id='line_1_83' title="bbox 2255 3744 3828 3818; baseline -0.002 -17"><span class='ocrx_word' id='word_1_608' title='bbox 2255 3748 2711 3818; x_wconf 86' lang='grc' dir='ltr'>ἀγαλλιασώμεθα</span> <span class='ocrx_word' id='word_1_609' title='bbox 2750 3749 2841 3801; x_wconf 80' lang='grc' dir='ltr'>καὶ</span> <span class='ocrx_word' id='word_1_610' title='bbox 2879 3744 3273 3817; x_wconf 83' lang='grc' dir='ltr'>εὐφρανθῶμεν</span> <span class='ocrx_word' id='word_1_611' title='bbox 3299 3747 3354 3798; x_wconf 91' lang='grc' dir='ltr'><strong>ἐν</strong></span> <span class='ocrx_word' id='word_1_612' title='bbox 3382 3748 3540 3815; x_wconf 74' lang='grc' dir='ltr'>αὐτῇ·</span> <span class='ocrx_word' id='word_1_613' title='bbox 3568 3746 3828 3816; x_wconf 83' lang='grc' dir='ltr'>κηρύξω-</span> 
     </span>
    </p>
   </div>
   <div class='ocr_carea' id='block_1_84' title="bbox 2258 3837 3828 3912">
    <p class='ocr_par' dir='ltr' id='par_1_84' title="bbox 2258 3837 3828 3912">
     <span class='ocr_line' id='line_1_84' title="bbox 2258 3837 3828 3912; baseline -0.003 -19"><span class='ocrx_word' id='word_1_614' title='bbox 2258 3857 2356 3912; x_wconf 85' lang='grc' dir='ltr'><strong>μεν</strong></span> <span class='ocrx_word' id='word_1_615' title='bbox 2404 3841 2503 3910; x_wconf 78' lang='grc' dir='ltr'>τὴν</span> <span class='ocrx_word' id='word_1_616' title='bbox 2567 3841 2662 3893; x_wconf 82' lang='grc' dir='ltr'><strong>τοῦ</strong></span> <span class='ocrx_word' id='word_1_617' title='bbox 2716 3842 2966 3912; x_wconf 78' lang='grc' dir='ltr'>Σωτῆρος</span> <span class='ocrx_word' id='word_1_618' title='bbox 3000 3839 3318 3895; x_wconf 88' lang='grc' dir='ltr'>ἀνάστασιν.</span> <span class='ocrx_word' id='word_1_619' title='bbox 3362 3838 3562 3905; x_wconf 82' lang='grc' dir='ltr'>μᾶλλον</span> <span class='ocrx_word' id='word_1_620' title='bbox 3616 3838 3674 3891; x_wconf 87' lang='grc' dir='ltr'>δὲ</span> <span class='ocrx_word' id='word_1_621' title='bbox 3727 3837 3828 3907; x_wconf 72' lang='grc' dir='ltr'>τὴν</span> 
     </span>
    </p>
   </div>
   <div class='ocr_carea' id='block_1_85' title="bbox 2253 3930 3830 4006">
    <p class='ocr_par' dir='ltr' id='par_1_85' title="bbox 2253 3930 3830 4006">
     <span class='ocr_line' id='line_1_85' title="bbox 2253 3930 3830 4006; baseline -0.003 -20"><span class='ocrx_word' id='word_1_622' title='bbox 2253 3933 2529 4006; x_wconf 74' lang='grc' dir='ltr'>ἡμετέραν</span> <span class='ocrx_word' id='word_1_623' title='bbox 2560 3933 2845 4004; x_wconf 77' lang='grc' dir='ltr'>βοήσωμεν</span> <span class='ocrx_word' id='word_1_624' title='bbox 2885 3931 3184 4001; x_wconf 84' lang='grc' dir='ltr'>σωτηρίαν·</span> <span class='ocrx_word' id='word_1_625' title='bbox 3223 3930 3549 3999; x_wconf 81' lang='grc' dir='ltr'>κηρύξωμεν</span> <span class='ocrx_word' id='word_1_626' title='bbox 3587 3931 3688 4000; x_wconf 83' lang='grc' dir='ltr'>τῆς</span> <span class='ocrx_word' id='word_1_627' title='bbox 3721 3946 3830 3982; x_wconf 78' lang='grc' dir='ltr'>σωο</span> 
     </span>
    </p>
   </div>
   <div class='ocr_carea' id='block_1_86' title="bbox 2252 4020 3828 4099">
    <p class='ocr_par' dir='ltr' id='par_1_86' title="bbox 2252 4020 3828 4099">
     <span class='ocr_line' id='line_1_86' title="bbox 2252 4020 3828 4099; baseline -0.011 -17"><span class='ocrx_word' id='word_1_628' title='bbox 2252 4027 2442 4099; x_wconf 87' lang='grc' dir='ltr'>τηρίου</span> <span class='ocrx_word' id='word_1_629' title='bbox 2469 4024 2684 4096; x_wconf 82' lang='grc' dir='ltr'>ἡμέρας</span> <span class='ocrx_word' id='word_1_630' title='bbox 2707 4025 2803 4095; x_wconf 80' lang='grc' dir='ltr'>τὴν</span> <span class='ocrx_word' id='word_1_631' title='bbox 2844 4025 3182 4095; x_wconf 78' lang='grc' dir='ltr'>ὑπόμνησινο</span> <span class='ocrx_word' id='word_1_632' title='bbox 3225 4020 3551 4090; x_wconf 80' lang='grc' dir='ltr'>κηρύξωμεν</span> <span class='ocrx_word' id='word_1_633' title='bbox 3598 4022 3697 4094; x_wconf 76' lang='grc' dir='ltr'>τὴν</span> <span class='ocrx_word' id='word_1_634' title='bbox 3744 4024 3828 4076; x_wconf 80' lang='grc' dir='ltr'><strong>νέ..</strong></span> 
     </span>
    </p>
   </div>
   <div class='ocr_carea' id='block_1_87' title="bbox 2255 4114 3826 4190">
    <p class='ocr_par' dir='ltr' id='par_1_87' title="bbox 2255 4114 3826 4190">
     <span class='ocr_line' id='line_1_87' title="bbox 2255 4114 3826 4190; baseline -0.003 -17"><span class='ocrx_word' id='word_1_635' title='bbox 2255 4138 2464 4190; x_wconf 81' lang='grc' dir='ltr'>κρωσιν</span> <span class='ocrx_word' id='word_1_636' title='bbox 2496 4119 2589 4172; x_wconf 86' lang='grc' dir='ltr'><strong>τοῦ</strong></span> <span class='ocrx_word' id='word_1_637' title='bbox 2623 4117 2890 4181; x_wconf 87' lang='grc' dir='ltr'>διαϐόλου,</span> <span class='ocrx_word' id='word_1_638' title='bbox 2920 4119 3018 4187; x_wconf 82' lang='grc' dir='ltr'>τὴν</span> <span class='ocrx_word' id='word_1_639' title='bbox 3049 4116 3157 4170; x_wconf 86' lang='grc' dir='ltr'><strong>τῶν</strong></span> <span class='ocrx_word' id='word_1_640' title='bbox 3189 4115 3515 4184; x_wconf 85' lang='grc' dir='ltr'>ἀκαθάρτων</span> <span class='ocrx_word' id='word_1_641' title='bbox 3552 4114 3826 4184; x_wconf 83' lang='grc' dir='ltr'>δαιμόνων</span> 
     </span>
    </p>
   </div>
   <div class='ocr_carea' id='block_1_88' title="bbox 2254 4207 3826 4284">
    <p class='ocr_par' dir='ltr' id='par_1_88' title="bbox 2254 4207 3826 4284">
     <span class='ocr_line' id='line_1_88' title="bbox 2254 4207 3826 4284; baseline -0.004 -17"><span class='ocrx_word' id='word_1_642' title='bbox 2254 4214 2653 4284; x_wconf 85' lang='grc' dir='ltr'>αίχμαλωσίαν,</span> <span class='ocrx_word' id='word_1_643' title='bbox 2686 4211 2782 4281; x_wconf 82' lang='grc' dir='ltr'>τὴν</span> <span class='ocrx_word' id='word_1_644' title='bbox 2841 4211 2949 4262; x_wconf 91' lang='grc' dir='ltr'><strong>τῶν</strong></span> <span class='ocrx_word' id='word_1_645' title='bbox 2992 4208 3332 4280; x_wconf 80' lang='grc' dir='ltr'>Χριστιανῶν</span> <span class='ocrx_word' id='word_1_646' title='bbox 3376 4207 3672 4276; x_wconf 82' lang='grc' dir='ltr'>σωτηρίαν,</span> <span class='ocrx_word' id='word_1_647' title='bbox 3724 4210 3826 4278; x_wconf 83' lang='grc' dir='ltr'>τὴν</span> 
     </span>
    </p>
   </div>
   <div class='ocr_carea' id='block_1_89' title="bbox 2252 4299 3826 4374">
    <p class='ocr_par' dir='ltr' id='par_1_89' title="bbox 2252 4299 3826 4374">
     <span class='ocr_line' id='line_1_89' title="bbox 2252 4299 3826 4374; baseline -0.005 -13"><span class='ocrx_word' id='word_1_648' title='bbox 2252 4308 2361 4360; x_wconf 89' lang='grc' dir='ltr'><strong>τῶν</strong></span> <span class='ocrx_word' id='word_1_649' title='bbox 2406 4305 2617 4374; x_wconf 85' lang='grc' dir='ltr'>νεκρῶν</span> <span class='ocrx_word' id='word_1_650' title='bbox 2662 4305 2986 4357; x_wconf 59' lang='grc' dir='ltr'>ἀνάστασιν</span> <span class='ocrx_word' id='word_1_651' title='bbox 3043 4303 3133 4354; x_wconf 72' lang='grc' dir='ltr'>διὰ</span> <span class='ocrx_word' id='word_1_652' title='bbox 3192 4301 3301 4372; x_wconf 76' lang='grc' dir='ltr'>γὰρ</span> <span class='ocrx_word' id='word_1_653' title='bbox 3339 4300 3436 4369; x_wconf 78' lang='grc' dir='ltr'>τῆς</span> <span class='ocrx_word' id='word_1_654' title='bbox 3475 4299 3826 4363; x_wconf 84' lang='grc' dir='ltr'>ἀναστάσεως</span> 
     </span>
    </p>
   </div>
   <div class='ocr_carea' id='block_1_90' title="bbox 585 4387 2152 4466">
    <p class='ocr_par' dir='ltr' id='par_1_90' title="bbox 585 4393 2152 4454">
     <span class='ocr_line' id='line_1_90' title="bbox 585 4393 2152 4454; baseline 0.006 -10"><span class='ocrx_word' id='word_1_655' title='bbox 585 4403 801 4446; x_wconf 91' lang='lat' dir='ltr'><strong>tuorum</strong></span> <span class='ocrx_word' id='word_1_656' title='bbox 831 4394 1330 4448; x_wconf 80' lang='lat' dir='ltr'><strong>rcsuscitationent.</strong></span> <span class='ocrx_word' id='word_1_657' title='bbox 1360 4393 1498 4449; x_wconf 86' lang='lat' dir='ltr'><strong>Nam</strong></span> <span class='ocrx_word' id='word_1_658' title='bbox 1527 4395 1727 4451; x_wconf 87' lang='lat' dir='ltr'><strong>Christi</strong></span> <span class='ocrx_word' id='word_1_659' title='bbox 1752 4400 2152 4454; x_wconf 69' lang='lat' dir='ltr'><strong>resurrectione</strong></span> 
     </span>
    </p>
   </div>
   <div class='ocr_carea' id='block_1_91' title="bbox 2253 4387 3828 4466">
    <p class='ocr_par' dir='ltr' id='par_1_91' title="bbox 2253 4387 3828 4466">
     <span class='ocr_line' id='line_1_91' title="bbox 2253 4387 3828 4466; baseline 0.008 -23"><span class='ocrx_word' id='word_1_660' title='bbox 2253 4397 2347 4450; x_wconf 80' lang='grc' dir='ltr'><strong>τοῦ</strong></span> <span class='ocrx_word' id='word_1_661' title='bbox 2391 4393 2625 4466; x_wconf 79' lang='grc' dir='ltr'>Χριστοῦ</span> <span class='ocrx_word' id='word_1_662' title='bbox 2667 4393 2950 4444; x_wconf 82' lang='grc' dir='ltr'>σϐέννυται</span> <span class='ocrx_word' id='word_1_663' title='bbox 2976 4392 3073 4460; x_wconf 76' lang='grc' dir='ltr'>μὲν</span> <span class='ocrx_word' id='word_1_664' title='bbox 3097 4393 3292 4458; x_wconf 82' lang='grc' dir='ltr'>γέεννα</span> <span class='ocrx_word' id='word_1_665' title='bbox 3329 4388 3523 4460; x_wconf 69' lang='grc' dir='ltr'>πυρὸς.</span> <span class='ocrx_word' id='word_1_666' title='bbox 3549 4387 3768 4459; x_wconf 78' lang='grc' dir='ltr'>σκώληξ</span> <span class='ocrx_word' id='word_1_667' title='bbox 3799 4390 3828 4442; x_wconf 70' lang='grc' dir='ltr'>ὁ</span> 
     </span>
    </p>
   </div>
   <div class='ocr_carea' id='block_1_92' title="bbox 581 4467 2152 4557">
    <p class='ocr_par' dir='ltr' id='par_1_92' title="bbox 581 4485 2151 4557">
     <span class='ocr_line' id='line_1_92' title="bbox 581 4485 2151 4557; baseline 0.006 -21"><span class='ocrx_word' id='word_1_668' title='bbox 581 4485 845 4554; x_wconf 70' lang='lat' dir='ltr'><strong>gehennae</strong></span> <span class='ocrx_word' id='word_1_669' title='bbox 884 4485 1026 4554; x_wconf 85' lang='lat' dir='ltr'><strong>ignis</strong></span> <span class='ocrx_word' id='word_1_670' title='bbox 1059 4488 1441 4556; x_wconf 81' lang='lat' dir='ltr'><strong>exstinguitur,</strong></span> <span class='ocrx_word' id='word_1_671' title='bbox 1487 4491 1688 4542; x_wconf 87' lang='lat' dir='ltr'><strong>vermis</strong></span> <span class='ocrx_word' id='word_1_672' title='bbox 1721 4502 2011 4557; x_wconf 84' lang='lat' dir='ltr'><strong>perpetuus</strong></span> <span class='ocrx_word' id='word_1_673' title='bbox 2040 4507 2151 4545; x_wconf 92' lang='lat' dir='ltr'><strong>mo-</strong></span> 
     </span>
    </p>
   </div>
   <div class='ocr_carea' id='block_1_93' title="bbox 2253 4467 3826 4557">
    <p class='ocr_par' dir='ltr' id='par_1_93' title="bbox 2256 4475 3826 4555">
     <span class='ocr_line' id='line_1_93' title="bbox 2256 4475 3826 4555; baseline -0.007 -16"><span class='ocrx_word' id='word_1_674' title='bbox 2256 4485 2553 4555; x_wconf 86' lang='grc' dir='ltr'>ἀκοίμητος</span> <span class='ocrx_word' id='word_1_675' title='bbox 2600 4480 2844 4551; x_wconf 73' lang='grc' dir='ltr'>τελευτᾷ,</span> <span class='ocrx_word' id='word_1_676' title='bbox 2871 4478 3002 4550; x_wconf 77' lang='grc' dir='ltr'>ᾂδης</span> <span class='ocrx_word' id='word_1_677' title='bbox 3037 4479 3382 4548; x_wconf 87' lang='grc' dir='ltr'>ταράττεται,</span> <span class='ocrx_word' id='word_1_678' title='bbox 3422 4475 3612 4528; x_wconf 85' lang='grc' dir='ltr'>πενθεί</span> <span class='ocrx_word' id='word_1_679' title='bbox 3647 4475 3826 4528; x_wconf 81' lang='grc' dir='ltr'>διάϐο-</span> 
     </span>
    </p>
   </div>
   <div class='ocr_carea' id='block_1_94' title="bbox 586 4568 2152 4650">
    <p class='ocr_par' dir='ltr' id='par_1_94' title="bbox 586 4576 2148 4650">
     <span class='ocr_line' id='line_1_94' title="bbox 586 4576 2148 4650; baseline 0.005 -22"><span class='ocrx_word' id='word_1_680' title='bbox 586 4576 742 4639; x_wconf 91' lang='lat' dir='ltr'><strong>ritur,</strong></span> <span class='ocrx_word' id='word_1_681' title='bbox 787 4577 1036 4632; x_wconf 86' lang='lat' dir='ltr'><strong>infernus</strong></span> <span class='ocrx_word' id='word_1_682' title='bbox 1067 4580 1338 4646; x_wconf 84' lang='lat' dir='ltr'><strong>turbatur,</strong></span> <span class='ocrx_word' id='word_1_683' title='bbox 1388 4580 1536 4649; x_wconf 80' lang='lat' dir='ltr'><strong>luget</strong></span> <span class='ocrx_word' id='word_1_684' title='bbox 1569 4582 1839 4645; x_wconf 83' lang='lat' dir='ltr'><strong>diabolus,</strong></span> <span class='ocrx_word' id='word_1_685' title='bbox 1868 4593 2148 4650; x_wconf 85' lang='lat' dir='ltr'><strong>peccatum</strong></span> 
     </span>
    </p>
   </div>
   <div class='ocr_carea' id='block_1_95' title="bbox 2253 4568 3826 4650">
    <p class='ocr_par' dir='ltr' id='par_1_95' title="bbox 2253 4568 3826 4648">
     <span class='ocr_line' id='line_1_95' title="bbox 2253 4568 3826 4648; baseline -0.008 -16"><span class='ocrx_word' id='word_1_686' title='bbox 2253 4580 2336 4642; x_wconf 84' lang='grc' dir='ltr'><strong>λος</strong></span> <span class='ocrx_word' id='word_1_687' title='bbox 2360 4618 2374 4641; x_wconf 93' lang='grc'><strong>,</strong></span> <span class='ocrx_word' id='word_1_688' title='bbox 2410 4576 2651 4648; x_wconf 82' lang='grc' dir='ltr'>ἁμαρτία</span> <span class='ocrx_word' id='word_1_689' title='bbox 2691 4573 2977 4642; x_wconf 88' lang='grc' dir='ltr'>νεκροῦται</span> <span class='ocrx_word' id='word_1_690' title='bbox 2999 4613 3013 4637; x_wconf 88' lang='grc'><strong>,</strong></span> <span class='ocrx_word' id='word_1_691' title='bbox 3043 4571 3332 4640; x_wconf 88' lang='grc' dir='ltr'>πνεύματα</span> <span class='ocrx_word' id='word_1_692' title='bbox 3361 4568 3574 4638; x_wconf 78' lang='grc' dir='ltr'>πονηρά</span> <span class='ocrx_word' id='word_1_693' title='bbox 3603 4568 3826 4621; x_wconf 82' lang='grc' dir='ltr'>διώκον-</span> 
     </span>
    </p>
   </div>
   <div class='ocr_carea' id='block_1_96' title="bbox 585 4656 2152 4740">
    <p class='ocr_par' dir='ltr' id='par_1_96' title="bbox 585 4666 2149 4740">
     <span class='ocr_line' id='line_1_96' title="bbox 585 4666 2149 4740; baseline 0.003 -20"><span class='ocrx_word' id='word_1_694' title='bbox 585 4666 897 4734; x_wconf 88' lang='lat' dir='ltr'><strong>perimitur,</strong></span> <span class='ocrx_word' id='word_1_695' title='bbox 957 4669 1083 4720; x_wconf 83' lang='lat' dir='ltr'><strong>ntali</strong></span> <span class='ocrx_word' id='word_1_696' title='bbox 1141 4670 1369 4736; x_wconf 81' lang='lat' dir='ltr'><strong>Spiritus</strong></span> <span class='ocrx_word' id='word_1_697' title='bbox 1422 4670 1699 4740; x_wconf 83' lang='lat' dir='ltr'><strong>fugantur,</strong></span> <span class='ocrx_word' id='word_1_698' title='bbox 1756 4679 2043 4725; x_wconf 88' lang='lat' dir='ltr'><strong>terrestres</strong></span> <span class='ocrx_word' id='word_1_699' title='bbox 2097 4673 2149 4726; x_wconf 91' lang='lat' dir='ltr'><strong>in</strong></span> 
     </span>
    </p>
   </div>
   <div class='ocr_carea' id='block_1_97' title="bbox 2253 4656 3827 4740">
    <p class='ocr_par' dir='ltr' id='par_1_97' title="bbox 2253 4656 3827 4735">
     <span class='ocr_line' id='line_1_97' title="bbox 2253 4656 3827 4735; baseline -0.006 -14"><span class='ocrx_word' id='word_1_700' title='bbox 2253 4685 2360 4733; x_wconf 87' lang='grc' dir='ltr'>ται,</span> <span class='ocrx_word' id='word_1_701' title='bbox 2405 4670 2455 4720; x_wconf 83' lang='grc' dir='ltr'>οἱ</span> <span class='ocrx_word' id='word_1_702' title='bbox 2508 4667 2616 4720; x_wconf 87' lang='grc' dir='ltr'>ἀπὸ</span> <span class='ocrx_word' id='word_1_703' title='bbox 2648 4666 2751 4734; x_wconf 79' lang='grc' dir='ltr'>γῆς</span> <span class='ocrx_word' id='word_1_704' title='bbox 2793 4665 2872 4727; x_wconf 89' lang='grc' dir='ltr'><strong>είς</strong></span> <span class='ocrx_word' id='word_1_705' title='bbox 2907 4656 3170 4735; x_wconf 80' lang='grc' dir='ltr'>οὐρανοὺς</span> <span class='ocrx_word' id='word_1_706' title='bbox 3207 4662 3622 4732; x_wconf 84' lang='grc' dir='ltr'>ἀνατρέχουσιν,</span> <span class='ocrx_word' id='word_1_707' title='bbox 3679 4660 3731 4712; x_wconf 87' lang='grc' dir='ltr'><strong>οί</strong></span> <span class='ocrx_word' id='word_1_708' title='bbox 3769 4661 3827 4712; x_wconf 87' lang='grc' dir='ltr'><strong>ἐν</strong></span> 
     </span>
    </p>
   </div>
   <div class='ocr_carea' id='block_1_98' title="bbox 584 4752 2152 4833">
    <p class='ocr_par' dir='ltr' id='par_1_98' title="bbox 584 4757 2152 4822">
     <span class='ocr_line' id='line_1_98' title="bbox 584 4757 2152 4822; baseline 0.003 -11"><span class='ocrx_word' id='word_1_709' title='bbox 584 4757 783 4811; x_wconf 73' lang='lat' dir='ltr'><strong>coelum</strong></span> <span class='ocrx_word' id='word_1_710' title='bbox 835 4759 1248 4822; x_wconf 90' lang='lat' dir='ltr'><strong>conscendunt,</strong></span> <span class='ocrx_word' id='word_1_711' title='bbox 1311 4757 1524 4813; x_wconf 87' lang='lat' dir='ltr'><strong>inferno</strong></span> <span class='ocrx_word' id='word_1_712' title='bbox 1572 4761 1772 4813; x_wconf 86' lang='lat' dir='ltr'><strong>detenti</strong></span> <span class='ocrx_word' id='word_1_713' title='bbox 1829 4762 2152 4816; x_wconf 90' lang='lat' dir='ltr'><strong>emittuntur</strong></span> 
     </span>
    </p>
   </div>
   <div class='ocr_carea' id='block_1_99' title="bbox 2253 4752 3827 4833">
    <p class='ocr_par' dir='ltr' id='par_1_99' title="bbox 2253 4752 3827 4833">
     <span class='ocr_line' id='line_1_99' title="bbox 2253 4752 3827 4833; baseline -0.006 -19"><span class='ocrx_word' id='word_1_714' title='bbox 2253 4761 2325 4832; x_wconf 80' lang='grc' dir='ltr'>τῷ</span> <span class='ocrx_word' id='word_1_715' title='bbox 2355 4760 2458 4833; x_wconf 72' lang='grc' dir='ltr'><strong>ᾅδῃ</strong></span> <span class='ocrx_word' id='word_1_716' title='bbox 2489 4757 2897 4828; x_wconf 81' lang='grc' dir='ltr'>ἐλευθεροῦνται</span> <span class='ocrx_word' id='word_1_717' title='bbox 2932 4756 3037 4810; x_wconf 84' lang='grc' dir='ltr'><strong>τῶν</strong></span> <span class='ocrx_word' id='word_1_718' title='bbox 3060 4753 3271 4825; x_wconf 84' lang='grc' dir='ltr'>δεσμῶν</span> <span class='ocrx_word' id='word_1_719' title='bbox 3298 4753 3390 4807; x_wconf 87' lang='grc' dir='ltr'><strong>τοῦ</strong></span> <span class='ocrx_word' id='word_1_720' title='bbox 3420 4752 3693 4817; x_wconf 87' lang='grc' dir='ltr'>διαϐόλου,</span> <span class='ocrx_word' id='word_1_721' title='bbox 3732 4753 3827 4804; x_wconf 75' lang='grc' dir='ltr'>καὶ</span> 
     </span>
    </p>
   </div>
   <div class='ocr_carea' id='block_1_100' title="bbox 585 4844 2152 4922">
    <p class='ocr_par' dir='ltr' id='par_1_100' title="bbox 585 4847 2149 4919">
     <span class='ocr_line' id='line_1_100' title="bbox 585 4847 2149 4919; baseline 0.004 -20"><span class='ocrx_word' id='word_1_722' title='bbox 585 4848 786 4900; x_wconf 89' lang='lat' dir='ltr'><strong>diaboli</strong></span> <span class='ocrx_word' id='word_1_723' title='bbox 814 4849 1068 4908; x_wconf 87' lang='lat' dir='ltr'><strong>vinculis.</strong></span> <span class='ocrx_word' id='word_1_724' title='bbox 1094 4861 1256 4918; x_wconf 87' lang='lat' dir='ltr'><strong>atque</strong></span> <span class='ocrx_word' id='word_1_725' title='bbox 1280 4851 1344 4902; x_wconf 89' lang='lat' dir='ltr'><strong>ad</strong></span> <span class='ocrx_word' id='word_1_726' title='bbox 1376 4847 1544 4904; x_wconf 89' lang='lat' dir='ltr'><strong>Deum</strong></span> <span class='ocrx_word' id='word_1_727' title='bbox 1569 4851 1943 4919; x_wconf 80' lang='lat' dir='ltr'><strong>confugientes</strong></span> <span class='ocrx_word' id='word_1_728' title='bbox 1967 4853 2149 4906; x_wconf 89' lang='lat' dir='ltr'><strong>aiunt:</strong></span> 
     </span>
    </p>
   </div>
   <div class='ocr_carea' id='block_1_101' title="bbox 2253 4844 3824 4922">
    <p class='ocr_par' dir='ltr' id='par_1_101' title="bbox 2253 4844 3824 4922">
     <span class='ocr_line' id='line_1_101' title="bbox 2253 4844 3824 4922; baseline -0.004 -16"><span class='ocrx_word' id='word_1_729' title='bbox 2253 4853 2368 4922; x_wconf 87' lang='grc' dir='ltr'><strong>Θεῷ</strong></span> <span class='ocrx_word' id='word_1_730' title='bbox 2415 4851 2854 4922; x_wconf 84' lang='grc' dir='ltr'>προσφεύγοντες</span> <span class='ocrx_word' id='word_1_731' title='bbox 2877 4849 3097 4917; x_wconf 85' lang='grc' dir='ltr'>λέγουσι</span> <span class='ocrx_word' id='word_1_732' title='bbox 3133 4846 3209 4917; x_wconf 84' lang='grc' dir='ltr'>τῷ</span> <span class='ocrx_word' id='word_1_733' title='bbox 3238 4845 3496 4916; x_wconf 86' lang='grc' dir='ltr'>διαϐόλῳ·</span> <span class='ocrx_word' id='word_1_734' title='bbox 3527 4844 3656 4899; x_wconf 88' lang='grc' dir='ltr'><strong>Ποῦ</strong></span> <span class='ocrx_word' id='word_1_735' title='bbox 3685 4861 3824 4911; x_wconf 88' lang='grc' dir='ltr'>σου,</span> 
     </span>
    </p>
   </div>
   <div class='ocr_carea' id='block_1_102' title="bbox 589 4935 2152 5012">
    <p class='ocr_par' dir='ltr' id='par_1_102' title="bbox 589 4935 2152 5004">
     <span class='ocr_line' id='line_1_102' title="bbox 589 4935 2152 5004; baseline 0.002 -14"><span class='ocrx_word' id='word_1_736' title='bbox 589 4935 813 4990; x_wconf 80' lang='lat' dir='ltr'><strong>Ubinam</strong></span> <span class='ocrx_word' id='word_1_737' title='bbox 862 4947 1003 5000; x_wconf 75' lang='lat' dir='ltr'><strong>tuus,</strong></span> <span class='ocrx_word' id='word_1_738' title='bbox 1027 4955 1056 4992; x_wconf 92' lang='grc' dir='ltr'>ο</span> <span class='ocrx_word' id='word_1_739' title='bbox 1085 4955 1244 5002; x_wconf 75' lang='lat' dir='ltr'><strong>mors,</strong></span> <span class='ocrx_word' id='word_1_740' title='bbox 1286 4938 1534 4992; x_wconf 77' lang='lat' dir='ltr'><strong>stimulus</strong></span> <span class='ocrx_word' id='word_1_741' title='bbox 1561 4940 1587 4994; x_wconf 77' lang='lat'><strong><em>?</em></strong></span> <span class='ocrx_word' id='word_1_742' title='bbox 1614 4939 1827 4993; x_wconf 85' lang='lat' dir='ltr'><strong>ubinam</strong></span> <span class='ocrx_word' id='word_1_743' title='bbox 1866 4948 1976 5004; x_wconf 87' lang='lat' dir='ltr'><strong>tua,</strong></span> <span class='ocrx_word' id='word_1_744' title='bbox 2009 4955 2038 4993; x_wconf 91' lang='grc' dir='ltr'>ο</span> <span class='ocrx_word' id='word_1_745' title='bbox 2070 4942 2152 4994; x_wconf 80' lang='lat' dir='ltr'><strong>in-</strong></span> 
     </span>
    </p>
   </div>
   <div class='ocr_carea' id='block_1_103' title="bbox 2253 4935 3728 5012">
    <p class='ocr_par' dir='ltr' id='par_1_103' title="bbox 2258 4936 3728 5012">
     <span class='ocr_line' id='line_1_103' title="bbox 2258 4936 3728 5012; baseline -0.005 -12"><span class='ocrx_word' id='word_1_746' title='bbox 2258 4945 2495 5012; x_wconf 81' lang='grc' dir='ltr'>θὰνατε,</span> <span class='ocrx_word' id='word_1_747' title='bbox 2519 4945 2584 4997; x_wconf 84' lang='grc' dir='ltr'>τὸ</span> <span class='ocrx_word' id='word_1_748' title='bbox 2615 4945 2895 5010; x_wconf 79' lang='grc' dir='ltr'>κέντρον;</span> <span class='ocrx_word' id='word_1_749' title='bbox 2925 4941 3042 4995; x_wconf 83' lang='grc' dir='ltr'><strong>ποῦ</strong></span> <span class='ocrx_word' id='word_1_750' title='bbox 3065 4955 3206 5007; x_wconf 88' lang='grc' dir='ltr'>σου,</span> <span class='ocrx_word' id='word_1_751' title='bbox 3243 4938 3379 5008; x_wconf 82' lang='grc' dir='ltr'>ἇδη,</span> <span class='ocrx_word' id='word_1_752' title='bbox 3416 4939 3484 4992; x_wconf 84' lang='grc' dir='ltr'>τὸ</span> <span class='ocrx_word' id='word_1_753' title='bbox 3518 4936 3728 5003; x_wconf 66' lang='lat' dir='ltr'><strong>rixae;</strong></span> 
     </span>
    </p>
   </div>
   <div class='ocr_carea' id='block_1_104' title="bbox 588 5030 1058 5096">
    <p class='ocr_par' dir='ltr' id='par_1_104' title="bbox 588 5030 1058 5096">
     <span class='ocr_line' id='line_1_104' title="bbox 588 5030 1058 5096; baseline 0.006 -16"><span class='ocrx_word' id='word_1_754' title='bbox 588 5033 753 5096; x_wconf 76' lang='lat' dir='ltr'><strong>(erue,</strong></span> <span class='ocrx_word' id='word_1_755' title='bbox 794 5030 1011 5082; x_wconf 81' lang='lat' dir='ltr'><strong>victoria</strong></span> <span class='ocrx_word' id='word_1_756' title='bbox 1034 5030 1058 5083; x_wconf 83' lang='lat'><strong><em>?</em></strong></span> 
     </span>
    </p>
   </div>
   <div class='ocr_carea' id='block_1_105' title="bbox 655 5118 2147 5193">
    <p class='ocr_par' dir='ltr' id='par_1_105' title="bbox 655 5118 2147 5193">
     <span class='ocr_line' id='line_1_105' title="bbox 655 5118 2147 5193; baseline 0.005 -21"><span class='ocrx_word' id='word_1_757' title='bbox 655 5118 709 5172; x_wconf 79' lang='grc'><strong>5.</strong></span> <span class='ocrx_word' id='word_1_758' title='bbox 735 5121 846 5189; x_wconf 81' lang='lat' dir='ltr'><strong>Age</strong></span> <span class='ocrx_word' id='word_1_759' title='bbox 881 5137 1009 5174; x_wconf 83' lang='lat' dir='ltr'><strong>vero</strong></span> <span class='ocrx_word' id='word_1_760' title='bbox 1043 5121 1202 5175; x_wconf 89' lang='lat' dir='ltr'><strong>nobis</strong></span> <span class='ocrx_word' id='word_1_761' title='bbox 1225 5121 1394 5174; x_wconf 79' lang='lat' dir='ltr'><strong>divini</strong></span> <span class='ocrx_word' id='word_1_762' title='bbox 1424 5121 1586 5190; x_wconf 88' lang='lat' dir='ltr'><strong>hujus</strong></span> <span class='ocrx_word' id='word_1_763' title='bbox 1623 5122 1742 5177; x_wconf 87' lang='lat' dir='ltr'><strong>festi</strong></span> <span class='ocrx_word' id='word_1_764' title='bbox 1774 5123 2147 5193; x_wconf 87' lang='lat' dir='ltr'><strong>solemnisque</strong></span> 
     </span>
    </p>
   </div>
   <div class='ocr_carea' id='block_1_106' title="bbox 584 5211 2149 5282">
    <p class='ocr_par' dir='ltr' id='par_1_106' title="bbox 584 5211 2149 5282">
     <span class='ocr_line' id='line_1_106' title="bbox 584 5211 2149 5282; baseline 0.005 -19"><span class='ocrx_word' id='word_1_765' title='bbox 584 5211 864 5264; x_wconf 86' lang='lat' dir='ltr'><strong>concionis</strong></span> <span class='ocrx_word' id='word_1_766' title='bbox 895 5223 1084 5266; x_wconf 87' lang='lat' dir='ltr'><strong>auctor</strong></span> <span class='ocrx_word' id='word_1_767' title='bbox 1115 5222 1197 5267; x_wconf 88' lang='lat' dir='ltr'><strong>est</strong></span> <span class='ocrx_word' id='word_1_768' title='bbox 1221 5212 1491 5276; x_wconf 90' lang='lat' dir='ltr'><strong>Christus,</strong></span> <span class='ocrx_word' id='word_1_769' title='bbox 1523 5215 1612 5282; x_wconf 87' lang='lat' dir='ltr'><strong>qui</strong></span> <span class='ocrx_word' id='word_1_770' title='bbox 1641 5224 1692 5267; x_wconf 92' lang='lat' dir='ltr'><strong>ct</strong></span> <span class='ocrx_word' id='word_1_771' title='bbox 1723 5216 1965 5269; x_wconf 88' lang='lat' dir='ltr'><strong>omnium</strong></span> <span class='ocrx_word' id='word_1_772' title='bbox 1995 5217 2149 5271; x_wconf 85' lang='lat' dir='ltr'><strong>nobis</strong></span> 
     </span>
    </p>
   </div>
   <div class='ocr_carea' id='block_1_107' title="bbox 589 5303 2147 5376">
    <p class='ocr_par' dir='ltr' id='par_1_107' title="bbox 589 5303 2147 5376">
     <span class='ocr_line' id='line_1_107' title="bbox 589 5303 2147 5376; baseline 0.006 -21"><span class='ocrx_word' id='word_1_773' title='bbox 589 5303 852 5357; x_wconf 88' lang='lat' dir='ltr'><strong>honorum</strong></span> <span class='ocrx_word' id='word_1_774' title='bbox 899 5306 1126 5359; x_wconf 88' lang='lat' dir='ltr'><strong>donator</strong></span> <span class='ocrx_word' id='word_1_775' title='bbox 1151 5316 1252 5360; x_wconf 90' lang='lat' dir='ltr'><strong>cst.</strong></span> <span class='ocrx_word' id='word_1_776' title='bbox 1285 5304 1334 5361; x_wconf 92' lang='lat' dir='ltr'><strong>Is</strong></span> <span class='ocrx_word' id='word_1_777' title='bbox 1380 5307 1520 5360; x_wconf 89' lang='lat' dir='ltr'><strong>cuitu</strong></span> <span class='ocrx_word' id='word_1_778' title='bbox 1560 5307 1670 5376; x_wconf 87' lang='lat' dir='ltr'><strong>jam</strong></span> <span class='ocrx_word' id='word_1_779' title='bbox 1707 5309 1830 5362; x_wconf 89' lang='lat' dir='ltr'><strong>Inde</strong></span> <span class='ocrx_word' id='word_1_780' title='bbox 1876 5308 1943 5363; x_wconf 84' lang='lat' dir='ltr'><strong>ab</strong></span> <span class='ocrx_word' id='word_1_781' title='bbox 1992 5309 2147 5364; x_wconf 88' lang='lat' dir='ltr'><strong>initio</strong></span> 
     </span>
    </p>
   </div>
   <div class='ocr_carea' id='block_1_108' title="bbox 661 5455 1760 5527">
    <p class='ocr_par' dir='ltr' id='par_1_108' title="bbox 661 5455 1760 5527">
     <span class='ocr_line' id='line_1_108' title="bbox 661 5455 1760 5527; baseline 0.004 -18"><span class='ocrx_word' id='word_1_782' title='bbox 661 5458 726 5491; x_wconf 88' lang='grc'><strong>¹¹⁶</strong></span> <span class='ocrx_word' id='word_1_783' title='bbox 766 5455 872 5512; x_wconf 87' lang='lat' dir='ltr'><strong>lsa.</strong></span> <span class='ocrx_word' id='word_1_784' title='bbox 926 5475 1052 5521; x_wconf 70' lang='lat' dir='ltr'><strong>xlv,</strong></span> <span class='ocrx_word' id='word_1_785' title='bbox 1097 5460 1149 5513; x_wconf 92' lang='lat'><strong>9.</strong></span> <span class='ocrx_word' id='word_1_786' title='bbox 1228 5461 1269 5490; x_wconf 84' lang='lat'><strong>&quot;</strong></span> <span class='ocrx_word' id='word_1_787' title='bbox 1313 5459 1330 5514; x_wconf 93' lang='lat' dir='ltr'><strong>l</strong></span> <span class='ocrx_word' id='word_1_788' title='bbox 1375 5460 1500 5513; x_wconf 88' lang='lat' dir='ltr'><strong>Cor.</strong></span> <span class='ocrx_word' id='word_1_789' title='bbox 1545 5477 1631 5527; x_wconf 72' lang='lat' dir='ltr'><strong>xv,</strong></span> <span class='ocrx_word' id='word_1_790' title='bbox 1671 5461 1760 5515; x_wconf 82' lang='grc'><strong>55.</strong></span> 
     </span>
    </p>
   </div>
   <div class='ocr_carea' id='block_1_109' title="bbox 666 5593 2149 5667">
    <p class='ocr_par' dir='ltr' id='par_1_109' title="bbox 666 5593 2149 5667">
     <span class='ocr_line' id='line_1_109' title="bbox 666 5593 2149 5667; baseline 0.005 -21"><span class='ocrx_word' id='word_1_791' title='bbox 666 5594 742 5663; x_wconf 65' lang='grc' dir='ltr'>(ί)</span> <span class='ocrx_word' id='word_1_792' title='bbox 784 5593 1053 5650; x_wconf 85' lang='lat' dir='ltr'><strong>Hactenus</strong></span> <span class='ocrx_word' id='word_1_793' title='bbox 1076 5595 1503 5667; x_wconf 87' lang='lat' dir='ltr'><strong>Chrysostomus</strong></span> <span class='ocrx_word' id='word_1_794' title='bbox 1537 5598 1586 5651; x_wconf 94' lang='lat' dir='ltr'><strong>in</strong></span> <span class='ocrx_word' id='word_1_795' title='bbox 1618 5599 1853 5653; x_wconf 84' lang='lat' dir='ltr'><strong>editione</strong></span> <span class='ocrx_word' id='word_1_796' title='bbox 1885 5597 2149 5653; x_wconf 78' lang='lat' dir='ltr'><strong>Maurina.</strong></span> 
     </span>
    </p>
   </div>
   <div class='ocr_carea' id='block_1_110' title="bbox 599 5665 2151 5734">
    <p class='ocr_par' dir='ltr' id='par_1_110' title="bbox 599 5665 2151 5734">
     <span class='ocr_line' id='line_1_110' title="bbox 599 5665 2151 5734; baseline 0.005 -19"><span class='ocrx_word' id='word_1_797' title='bbox 599 5665 982 5718; x_wconf 73' lang='lat' dir='ltr'><strong>Verumtamen</strong></span> <span class='ocrx_word' id='word_1_798' title='bbox 1015 5668 1153 5734; x_wconf 85' lang='lat' dir='ltr'><strong>apud</strong></span> <span class='ocrx_word' id='word_1_799' title='bbox 1186 5665 1431 5721; x_wconf 81' lang='lat' dir='ltr'><strong>nostrum</strong></span> <span class='ocrx_word' id='word_1_800' title='bbox 1465 5669 1730 5721; x_wconf 77' lang='lat' dir='ltr'><strong>Studitam</strong></span> <span class='ocrx_word' id='word_1_801' title='bbox 1758 5671 1969 5722; x_wconf 81' lang='lat' dir='ltr'><strong>videtur</strong></span> <span class='ocrx_word' id='word_1_802' title='bbox 1992 5671 2151 5734; x_wconf 84' lang='lat' dir='ltr'><strong>paulo</strong></span> 
     </span>
    </p>
   </div>
   <div class='ocr_carea' id='block_1_111' title="bbox 594 5685 2153 5809">
    <p class='ocr_par' dir='ltr' id='par_1_111' title="bbox 594 5685 2153 5809">
     <span class='ocr_line' id='line_1_111' title="bbox 609 5685 2151 5794; baseline 0.005 -79"><span class='ocrx_word' id='word_1_803' title='bbox 609 5685 982 5718; x_wconf 78' lang='lat' dir='ltr'><strong>verumtamen</strong></span> <span class='ocrx_word' id='word_1_804' title='bbox 1015 5685 1153 5734; x_wconf 83' lang='lat' dir='ltr'><strong>apuu</strong></span> <span class='ocrx_word' id='word_1_805' title='bbox 1186 5685 1431 5721; x_wconf 77' lang='lat' dir='ltr'><strong>nosu-um</strong></span> <span class='ocrx_word' id='word_1_806' title='bbox 1465 5685 1730 5721; x_wconf 72' lang='lat' dir='ltr'><strong>munitam</strong></span> <span class='ocrx_word' id='word_1_807' title='bbox 1758 5685 2151 5794; x_wconf 52' lang='lat' dir='ltr'><strong>vutetureaulo</strong></span> 
     </span>
     <span class='ocr_line' id='line_1_112' title="bbox 594 5737 2153 5809; baseline 0.006 -26"><span class='ocrx_word' id='word_1_808' title='bbox 594 5737 805 5802; x_wconf 77' lang='lat' dir='ltr'><strong>longius</strong></span> <span class='ocrx_word' id='word_1_809' title='bbox 834 5739 1096 5804; x_wconf 74' lang='lat' dir='ltr'><strong>progredi.</strong></span> <span class='ocrx_word' id='word_1_810' title='bbox 1130 5738 1394 5791; x_wconf 60' lang='lat' dir='ltr'><strong>Ceterum</strong></span> <span class='ocrx_word' id='word_1_811' title='bbox 1431 5741 1670 5802; x_wconf 87' lang='lat' dir='ltr'><strong>ubinam,</strong></span> <span class='ocrx_word' id='word_1_812' title='bbox 1709 5749 1952 5795; x_wconf 64' lang='lat' dir='ltr'><strong>cessante</strong></span> <span class='ocrx_word' id='word_1_813' title='bbox 2007 5740 2153 5809; x_wconf 69' lang='lat' dir='ltr'><strong>‘hry-</strong></span> 
     </span>
    </p>
   </div>
   <div class='ocr_carea' id='block_1_112' title="bbox 2333 5116 3822 5190">
    <p class='ocr_par' dir='ltr' id='par_1_112' title="bbox 2333 5116 3822 5190">
     <span class='ocr_line' id='line_1_113' title="bbox 2333 5116 3822 5190; baseline -0.003 -15"><span class='ocrx_word' id='word_1_814' title='bbox 2333 5118 2398 5189; x_wconf 86' lang='grc' dir='ltr'><strong>γ’.</strong></span> <span class='ocrx_word' id='word_1_815' title='bbox 2425 5122 2606 5183; x_wconf 71' lang='lat' dir='ltr'><strong>Alt-to;</strong></span> <span class='ocrx_word' id='word_1_816' title='bbox 2653 5121 2710 5174; x_wconf 85' lang='grc' dir='ltr'>δὲ</span> <span class='ocrx_word' id='word_1_817' title='bbox 2747 5121 2875 5190; x_wconf 75' lang='grc' dir='ltr'>ἡμῖν</span> <span class='ocrx_word' id='word_1_818' title='bbox 2900 5120 2997 5189; x_wconf 81' lang='grc' dir='ltr'>τῆς</span> <span class='ocrx_word' id='word_1_819' title='bbox 3037 5119 3185 5182; x_wconf 83' lang='grc' dir='ltr'>θείας</span> <span class='ocrx_word' id='word_1_820' title='bbox 3218 5116 3409 5189; x_wconf 82' lang='grc' dir='ltr'>ἑορτῆς</span> <span class='ocrx_word' id='word_1_821' title='bbox 3438 5117 3534 5170; x_wconf 79' lang='grc' dir='ltr'>καὶ</span> <span class='ocrx_word' id='word_1_822' title='bbox 3573 5117 3822 5189; x_wconf 87' lang='grc' dir='ltr'>πανηγύ-</span> 
     </span>
    </p>
   </div>
   <div class='ocr_carea' id='block_1_113' title="bbox 2259 5207 3825 5283">
    <p class='ocr_par' dir='ltr' id='par_1_113' title="bbox 2259 5207 3825 5283">
     <span class='ocr_line' id='line_1_114' title="bbox 2259 5207 3825 5283; baseline -0.004 -17"><span class='ocrx_word' id='word_1_823' title='bbox 2259 5229 2396 5283; x_wconf 86' lang='grc' dir='ltr'>ρεως</span> <span class='ocrx_word' id='word_1_824' title='bbox 2453 5215 2480 5264; x_wconf 90' lang='lat'><strong>6</strong></span> <span class='ocrx_word' id='word_1_825' title='bbox 2536 5213 2802 5281; x_wconf 70' lang='grc' dir='ltr'>Χριστὸς,</span> <span class='ocrx_word' id='word_1_826' title='bbox 2843 5212 2870 5261; x_wconf 90' lang='lat'><strong>6</strong></span> <span class='ocrx_word' id='word_1_827' title='bbox 2905 5213 2996 5264; x_wconf 75' lang='grc' dir='ltr'>καὶ</span> <span class='ocrx_word' id='word_1_828' title='bbox 3045 5211 3261 5263; x_wconf 87' lang='grc' dir='ltr'>πάντων</span> <span class='ocrx_word' id='word_1_829' title='bbox 3299 5210 3432 5279; x_wconf 81' lang='grc' dir='ltr'>ἡμῖν</span> <span class='ocrx_word' id='word_1_830' title='bbox 3486 5207 3595 5276; x_wconf 84' lang='grc' dir='ltr'><strong>τῶν</strong></span> <span class='ocrx_word' id='word_1_831' title='bbox 3645 5210 3825 5262; x_wconf 90' lang='grc' dir='ltr'>καλῶν</span> 
     </span>
    </p>
   </div>
   <div class='ocr_carea' id='block_1_114' title="bbox 2259 5299 3824 5376">
    <p class='ocr_par' dir='ltr' id='par_1_114' title="bbox 2259 5299 3824 5376">
     <span class='ocr_line' id='line_1_115' title="bbox 2259 5299 3824 5376; baseline -0.004 -15"><span class='ocrx_word' id='word_1_832' title='bbox 2259 5305 2515 5376; x_wconf 81' lang='grc' dir='ltr'>πρόξενος</span> <span class='ocrx_word' id='word_1_833' title='bbox 2541 5321 2553 5333; x_wconf 91' lang='grc'><strong>·</strong></span> <span class='ocrx_word' id='word_1_834' title='bbox 2585 5299 2737 5368; x_wconf 73' lang='grc' dir='ltr'>οὗτος</span> <span class='ocrx_word' id='word_1_835' title='bbox 2777 5305 2885 5376; x_wconf 82' lang='grc' dir='ltr'><strong>γὰρ</strong></span> <span class='ocrx_word' id='word_1_836' title='bbox 2916 5306 3009 5359; x_wconf 80' lang='grc' dir='ltr'>καὶ</span> <span class='ocrx_word' id='word_1_837' title='bbox 3037 5305 3094 5373; x_wconf 77' lang='grc' dir='ltr'>ἐξ</span> <span class='ocrx_word' id='word_1_838' title='bbox 3132 5304 3306 5376; x_wconf 75' lang='grc' dir='ltr'>ἀρχῆς</span> <span class='ocrx_word' id='word_1_839' title='bbox 3329 5303 3606 5375; x_wconf 88' lang='grc' dir='ltr'>ἐποίησεν,</span> <span class='ocrx_word' id='word_1_840' title='bbox 3639 5305 3704 5358; x_wconf 87' lang='grc' dir='ltr'><strong>ἐκ</strong></span> <span class='ocrx_word' id='word_1_841' title='bbox 3734 5299 3824 5356; x_wconf 87' lang='grc' dir='ltr'><strong>τοῦ</strong></span> 
     </span>
    </p>
   </div>
   <div class='ocr_carea' id='block_1_115' title="bbox 2260 5599 3821 5662">
    <p class='ocr_par' dir='ltr' id='par_1_115' title="bbox 2260 5599 3821 5662">
     <span class='ocr_line' id='line_1_116' title="bbox 2260 5599 3821 5662; baseline 0.001 -10"><span class='ocrx_word' id='word_1_842' title='bbox 2260 5608 2526 5662; x_wconf 89' lang='lat' dir='ltr'><strong>sostomo,</strong></span> <span class='ocrx_word' id='word_1_843' title='bbox 2571 5608 2810 5653; x_wconf 85' lang='lat' dir='ltr'><strong>resumat</strong></span> <span class='ocrx_word' id='word_1_844' title='bbox 2862 5600 3163 5653; x_wconf 89' lang='lat' dir='ltr'><strong>orationem</strong></span> <span class='ocrx_word' id='word_1_845' title='bbox 3221 5599 3457 5661; x_wconf 86' lang='lat' dir='ltr'><strong>Studita,</strong></span> <span class='ocrx_word' id='word_1_846' title='bbox 3520 5615 3630 5653; x_wconf 92' lang='lat' dir='ltr'><strong>non</strong></span> <span class='ocrx_word' id='word_1_847' title='bbox 3689 5601 3821 5655; x_wconf 85' lang='lat' dir='ltr'><strong>satis</strong></span> 
     </span>
    </p>
   </div>
   <div class='ocr_carea' id='block_1_116' title="bbox 2261 5667 3822 5742">
    <p class='ocr_par' dir='ltr' id='par_1_116' title="bbox 2261 5667 3822 5742">
     <span class='ocr_line' id='line_1_117' title="bbox 2261 5667 3822 5742; baseline 0.004 -22"><span class='ocrx_word' id='word_1_848' title='bbox 2261 5670 2596 5742; x_wconf 46' lang='lat' dir='ltr'><strong>viileo._elii</strong></span> <span class='ocrx_word' id='word_1_849' title='bbox 2633 5671 2821 5742; x_wconf 86' lang='lat' dir='ltr'><strong>codice</strong></span> <span class='ocrx_word' id='word_1_850' title='bbox 2856 5667 3112 5742; x_wconf 71' lang='lat' dir='ltr'><strong>Vaticano</strong></span> <span class='ocrx_word' id='word_1_851' title='bbox 3136 5668 3512 5742; x_wconf 78' lang='lat' dir='ltr'><strong>Chrysostomi</strong></span> <span class='ocrx_word' id='word_1_852' title='bbox 3544 5669 3822 5742; x_wconf 87' lang='lat' dir='ltr'><strong>fragmen-</strong></span> 
     </span>
    </p>
   </div>
   <div class='ocr_carea' id='block_1_117' title="bbox 2262 5739 3533 5803">
    <p class='ocr_par' dir='ltr' id='par_1_117' title="bbox 2262 5739 3533 5803">
     <span class='ocr_line' id='line_1_118' title="bbox 2262 5739 3533 5803; baseline 0.002 -12"><span class='ocrx_word' id='word_1_853' title='bbox 2262 5750 2374 5792; x_wconf 92' lang='lat' dir='ltr'><strong>tum</strong></span> <span class='ocrx_word' id='word_1_854' title='bbox 2406 5739 2616 5793; x_wconf 83' lang='lat' dir='ltr'><strong>videtur</strong></span> <span class='ocrx_word' id='word_1_855' title='bbox 2643 5741 2889 5794; x_wconf 79' lang='lat' dir='ltr'><strong>desinere</strong></span> <span class='ocrx_word' id='word_1_856' title='bbox 2923 5739 3061 5794; x_wconf 77' lang='lat' dir='ltr'><strong>infra</strong></span> <span class='ocrx_word' id='word_1_857' title='bbox 3094 5741 3144 5794; x_wconf 87' lang='lat' dir='ltr'><strong>in</strong></span> <span class='ocrx_word' id='word_1_858' title='bbox 3177 5741 3339 5794; x_wconf 87' lang='lat' dir='ltr'><strong>verbo</strong></span> <span class='ocrx_word' id='word_1_859' title='bbox 3368 5741 3533 5803; x_wconf 81' lang='grc' dir='ltr'>νῖκος.</span> 
     </span>
    </p>
   </div>
  </div>
