  <div class='ocr_page' id='page_1' title='image "/cluster/home/n/w/nwhite01/storage/ocr_20150623/99/pst.000005714063/408.png"; bbox 0 0 4000 6306; ppageno 0'>
   <div class='ocr_carea' id='block_1_1' title="bbox 208 305 311 370">
    <p class='ocr_par' dir='ltr' id='par_1_1' title="bbox 208 305 311 370">
     <span class='ocr_line' id='line_1_1' title="bbox 208 305 311 370; baseline 0.068 -6"><span class='ocrx_word' id='word_1_1' title='bbox 208 305 311 370; x_wconf 75' lang='grc'><strong>713</strong></span> 
     </span>
    </p>
   </div>
   <div class='ocr_carea' id='block_1_2' title="bbox 1161 314 2482 401">
    <p class='ocr_par' dir='ltr' id='par_1_2' title="bbox 1161 314 2482 401">
     <span class='ocr_line' id='line_1_2' title="bbox 1161 314 2482 401; baseline 0.008 -28"><span class='ocrx_word' id='word_1_2' title='bbox 1161 314 1442 374; x_wconf 71' lang='lat' dir='ltr'><strong>ORATIO</strong></span> <span class='ocrx_word' id='word_1_3' title='bbox 1475 316 1568 376; x_wconf 83' lang='lat' dir='ltr'><strong>IV.</strong></span> <span class='ocrx_word' id='word_1_4' title='bbox 1609 317 1761 378; x_wconf 75' lang='grc' dir='ltr'><strong>-ῐΝ</strong></span> <span class='ocrx_word' id='word_1_5' title='bbox 1791 316 2140 379; x_wconf 83' lang='lat' dir='ltr'><strong>SANCTUM</strong></span> <span class='ocrx_word' id='word_1_6' title='bbox 2176 321 2482 401; x_wconf 78' lang='lat' dir='ltr'><strong>PASCHA.</strong></span> 
     </span>
    </p>
   </div>
   <div class='ocr_carea' id='block_1_3' title="bbox 3349 331 3455 398">
    <p class='ocr_par' dir='ltr' id='par_1_3' title="bbox 3349 331 3455 398">
     <span class='ocr_line' id='line_1_3' title="bbox 3349 331 3455 398; baseline 0.028 -2"><span class='ocrx_word' id='word_1_7' title='bbox 3349 331 3455 398; x_wconf 73' lang='grc'><strong>714</strong></span> 
     </span>
    </p>
   </div>
   <div class='ocr_carea' id='block_1_4' title="bbox 209 409 1762 508">
    <p class='ocr_par' dir='ltr' id='par_1_4' title="bbox 209 409 1762 488">
     <span class='ocr_line' id='line_1_4' title="bbox 209 409 1762 488; baseline 0.006 -23"><span class='ocrx_word' id='word_1_8' title='bbox 209 416 285 485; x_wconf 79' lang='grc' dir='ltr'><strong>μὴ</strong></span> <span class='ocrx_word' id='word_1_9' title='bbox 330 412 484 476; x_wconf 74' lang='grc' dir='ltr'><strong>ὄντος</strong></span> <span class='ocrx_word' id='word_1_10' title='bbox 535 413 618 477; x_wconf 73' lang='grc' dir='ltr'><strong>εἰς</strong></span> <span class='ocrx_word' id='word_1_11' title='bbox 668 413 730 466; x_wconf 81' lang='grc' dir='ltr'><strong>τὸ</strong></span> <span class='ocrx_word' id='word_1_12' title='bbox 787 409 926 469; x_wconf 76' lang='grc' dir='ltr'><strong>εῖναι</strong></span> <span class='ocrx_word' id='word_1_13' title='bbox 965 418 1325 488; x_wconf 82' lang='grc' dir='ltr'><strong>παρήγαγεν·</strong></span> <span class='ocrx_word' id='word_1_14' title='bbox 1361 415 1514 485; x_wconf 77' lang='grc' dir='ltr'><strong>οὗτος</strong></span> <span class='ocrx_word' id='word_1_15' title='bbox 1567 429 1661 476; x_wconf 80' lang='grc' dir='ltr'><strong>καὶ</strong></span> <span class='ocrx_word' id='word_1_16' title='bbox 1691 423 1762 476; x_wconf 67' lang='grc' dir='ltr'><strong>νῢε</strong></span> 
     </span>
    </p>
   </div>
   <div class='ocr_carea' id='block_1_5' title="bbox 1868 409 3445 508">
    <p class='ocr_par' dir='ltr' id='par_1_5' title="bbox 1889 426 3445 508">
     <span class='ocr_line' id='line_1_5' title="bbox 1889 426 3445 508; baseline 0.014 -30"><span class='ocrx_word' id='word_1_17' title='bbox 1889 426 2110 493; x_wconf 88' lang='lat' dir='ltr'><strong>creavit,</strong></span> <span class='ocrx_word' id='word_1_18' title='bbox 2136 441 2203 482; x_wconf 75' lang='lat' dir='ltr'><strong>ex</strong></span> <span class='ocrx_word' id='word_1_19' title='bbox 2253 430 2424 485; x_wconf 82' lang='lat' dir='ltr'><strong>nihilo</strong></span> <span class='ocrx_word' id='word_1_20' title='bbox 2461 430 2528 487; x_wconf 88' lang='lat' dir='ltr'><strong>ad</strong></span> <span class='ocrx_word' id='word_1_21' title='bbox 2564 432 2936 490; x_wconf 80' lang='lat' dir='ltr'><strong>exsistendum</strong></span> <span class='ocrx_word' id='word_1_22' title='bbox 2964 438 3227 508; x_wconf 75' lang='lat' dir='ltr'><strong>produxit</strong></span> <span class='ocrx_word' id='word_1_23' title='bbox 3259 460 3272 498; x_wconf 91' lang='lat'>:</span> <span class='ocrx_word' id='word_1_24' title='bbox 3305 445 3445 500; x_wconf 87' lang='lat' dir='ltr'><strong>idem</strong></span> 
     </span>
    </p>
   </div>
   <div class='ocr_carea' id='block_1_6' title="bbox 205 504 1779 579">
    <p class='ocr_par' dir='ltr' id='par_1_6' title="bbox 205 504 1779 579">
     <span class='ocr_line' id='line_1_6' title="bbox 205 504 1779 579; baseline 0.004 -19"><span class='ocrx_word' id='word_1_25' title='bbox 205 504 620 575; x_wconf 74' lang='grc' dir='ltr'><strong>ἀπολλυμένους</strong></span> <span class='ocrx_word' id='word_1_26' title='bbox 672 504 894 571; x_wconf 70' lang='grc' dir='ltr'><strong>ἔσωσεν,</strong></span> <span class='ocrx_word' id='word_1_27' title='bbox 945 508 1317 578; x_wconf 84' lang='grc' dir='ltr'><strong>νεκρωθέντας</strong></span> <span class='ocrx_word' id='word_1_28' title='bbox 1366 511 1634 579; x_wconf 84' lang='grc' dir='ltr'><strong>ἐζώωσεν,</strong></span> <span class='ocrx_word' id='word_1_29' title='bbox 1685 514 1779 568; x_wconf 82' lang='grc' dir='ltr'><strong>καὶ</strong></span> 
     </span>
    </p>
   </div>
   <div class='ocr_carea' id='block_1_7' title="bbox 204 595 1779 670">
    <p class='ocr_par' dir='ltr' id='par_1_7' title="bbox 204 595 1779 670">
     <span class='ocr_line' id='line_1_7' title="bbox 204 595 1779 670; baseline 0.006 -20"><span class='ocrx_word' id='word_1_30' title='bbox 204 597 305 665; x_wconf 80' lang='grc' dir='ltr'><strong>τῆς</strong></span> <span class='ocrx_word' id='word_1_31' title='bbox 346 595 443 649; x_wconf 81' lang='grc' dir='ltr'>τοῦ</span> <span class='ocrx_word' id='word_1_32' title='bbox 479 596 730 650; x_wconf 76' lang='grc' dir='ltr'><strong>διαϐόλου</strong></span> <span class='ocrx_word' id='word_1_33' title='bbox 765 599 1077 668; x_wconf 76' lang='grc' dir='ltr'><strong>τυραννίδος</strong></span> <span class='ocrx_word' id='word_1_34' title='bbox 1109 601 1393 670; x_wconf 77' lang='grc' dir='ltr'><strong>ἀφείλετοο</strong></span> <span class='ocrx_word' id='word_1_35' title='bbox 1449 598 1604 670; x_wconf 81' lang='grc' dir='ltr'><strong>οὗτος</strong></span> <span class='ocrx_word' id='word_1_36' title='bbox 1655 605 1779 659; x_wconf 89' lang='grc' dir='ltr'><strong>δού-</strong></span> 
     </span>
    </p>
   </div>
   <div class='ocr_carea' id='block_1_8' title="bbox 204 688 1782 767">
    <p class='ocr_par' dir='ltr' id='par_1_8' title="bbox 204 688 1782 767">
     <span class='ocr_line' id='line_1_8' title="bbox 204 688 1782 767; baseline 0.006 -26"><span class='ocrx_word' id='word_1_37' title='bbox 204 689 332 751; x_wconf 92' lang='grc' dir='ltr'>λους</span> <span class='ocrx_word' id='word_1_38' title='bbox 382 688 546 752; x_wconf 74' lang='grc' dir='ltr'>ὄντας</span> <span class='ocrx_word' id='word_1_39' title='bbox 595 689 745 759; x_wconf 72' lang='grc' dir='ltr'><strong>ἡμᾶς</strong></span> <span class='ocrx_word' id='word_1_40' title='bbox 775 690 874 760; x_wconf 87' lang='grc' dir='ltr'><strong>τῆς</strong></span> <span class='ocrx_word' id='word_1_41' title='bbox 910 691 1207 762; x_wconf 82' lang='grc' dir='ltr'><strong>ἁμαρτίας,</strong></span> <span class='ocrx_word' id='word_1_42' title='bbox 1235 695 1549 767; x_wconf 80' lang='grc' dir='ltr'><strong>ἐλευθέρους</strong></span> <span class='ocrx_word' id='word_1_43' title='bbox 1579 697 1782 752; x_wconf 83' lang='grc' dir='ltr'><strong>ἀνέδει-</strong></span> 
     </span>
    </p>
   </div>
   <div class='ocr_carea' id='block_1_9' title="bbox 202 780 1779 860">
    <p class='ocr_par' dir='ltr' id='par_1_9' title="bbox 202 780 1779 860">
     <span class='ocr_line' id='line_1_9' title="bbox 202 780 1779 860; baseline 0.008 -28"><span class='ocrx_word' id='word_1_44' title='bbox 202 781 318 848; x_wconf 77' lang='grc' dir='ltr'><strong>ξεν,</strong></span> <span class='ocrx_word' id='word_1_45' title='bbox 366 780 659 851; x_wconf 80' lang='grc' dir='ltr'><strong>ἐξαλείψας</strong></span> <span class='ocrx_word' id='word_1_46' title='bbox 685 781 748 834; x_wconf 80' lang='grc' dir='ltr'><strong>τὸ</strong></span> <span class='ocrx_word' id='word_1_47' title='bbox 773 783 895 834; x_wconf 82' lang='grc' dir='ltr'><strong>καθ’</strong></span> <span class='ocrx_word' id='word_1_48' title='bbox 914 781 1071 853; x_wconf 83' lang='grc' dir='ltr'><strong>ήμῶν</strong></span> <span class='ocrx_word' id='word_1_49' title='bbox 1102 788 1498 856; x_wconf 83' lang='grc' dir='ltr'><strong>χειρόγραφον·</strong></span> <span class='ocrx_word' id='word_1_50' title='bbox 1541 791 1779 860; x_wconf 75' lang='grc' dir='ltr'><strong>Χριστὸς</strong></span> 
     </span>
    </p>
   </div>
   <div class='ocr_carea' id='block_1_10' title="bbox 200 873 1778 950">
    <p class='ocr_par' dir='ltr' id='par_1_10' title="bbox 200 873 1778 950">
     <span class='ocr_line' id='line_1_10' title="bbox 200 873 1778 950; baseline 0.008 -26"><span class='ocrx_word' id='word_1_51' title='bbox 200 874 351 945; x_wconf 75' lang='grc' dir='ltr'><strong>ἡμᾶς</strong></span> <span class='ocrx_word' id='word_1_52' title='bbox 388 873 724 946; x_wconf 77' lang='grc' dir='ltr'><strong>ἐξηγόρασεν</strong></span> <span class='ocrx_word' id='word_1_53' title='bbox 753 875 817 927; x_wconf 90' lang='grc' dir='ltr'><strong>ἐκ</strong></span> <span class='ocrx_word' id='word_1_54' title='bbox 853 875 955 944; x_wconf 85' lang='grc' dir='ltr'><strong>τῆς</strong></span> <span class='ocrx_word' id='word_1_55' title='bbox 996 875 1240 947; x_wconf 84' lang='grc' dir='ltr'><strong>κατάρας</strong></span> <span class='ocrx_word' id='word_1_56' title='bbox 1272 877 1364 930; x_wconf 85' lang='grc' dir='ltr'><strong>τοῦ</strong></span> <span class='ocrx_word' id='word_1_57' title='bbox 1411 879 1596 949; x_wconf 90' lang='grc' dir='ltr'><strong>νόμου,</strong></span> <span class='ocrx_word' id='word_1_58' title='bbox 1623 883 1778 950; x_wconf 84' lang='grc' dir='ltr'><strong>γενό-</strong></span> 
     </span>
    </p>
   </div>
   <div class='ocr_carea' id='block_1_11' title="bbox 203 964 1776 1044">
    <p class='ocr_par' dir='ltr' id='par_1_11' title="bbox 203 964 1776 1044">
     <span class='ocr_line' id='line_1_11' title="bbox 203 964 1776 1044; baseline 0.007 -26"><span class='ocrx_word' id='word_1_59' title='bbox 203 982 368 1036; x_wconf 91' lang='grc' dir='ltr'><strong>μενος</strong></span> <span class='ocrx_word' id='word_1_60' title='bbox 424 966 566 1037; x_wconf 83' lang='grc' dir='ltr'><strong>ὑπὲρ</strong></span> <span class='ocrx_word' id='word_1_61' title='bbox 602 966 759 1036; x_wconf 83' lang='grc' dir='ltr'><strong>ήμῶν</strong></span> <span class='ocrx_word' id='word_1_62' title='bbox 795 964 1010 1037; x_wconf 83' lang='grc' dir='ltr'><strong>κατάρα</strong></span> <span class='ocrx_word' id='word_1_63' title='bbox 1037 979 1050 994; x_wconf 87' lang='lat'><strong>&#39;</strong></span> <span class='ocrx_word' id='word_1_64' title='bbox 1079 968 1165 1036; x_wconf 84' lang='grc' dir='ltr'><strong>ἐφ’</strong></span> <span class='ocrx_word' id='word_1_65' title='bbox 1195 964 1274 1031; x_wconf 73' lang='grc' dir='ltr'>οἷς</span> <span class='ocrx_word' id='word_1_66' title='bbox 1303 969 1451 1035; x_wconf 81' lang='grc' dir='ltr'>ἀξιον</span> <span class='ocrx_word' id='word_1_67' title='bbox 1479 974 1572 1026; x_wconf 73' lang='grc' dir='ltr'><strong>καὶ</strong></span> <span class='ocrx_word' id='word_1_68' title='bbox 1628 977 1776 1044; x_wconf 75' lang='grc' dir='ltr'><strong>ἡμᾶς</strong></span> 
     </span>
    </p>
   </div>
   <div class='ocr_carea' id='block_1_12' title="bbox 199 1059 1777 1132">
    <p class='ocr_par' dir='ltr' id='par_1_12' title="bbox 199 1059 1777 1132">
     <span class='ocr_line' id='line_1_12' title="bbox 199 1059 1777 1132; baseline 0.008 -22"><span class='ocrx_word' id='word_1_69' title='bbox 199 1060 399 1112; x_wconf 72' lang='grc' dir='ltr'><strong>εἰπεῖν’</strong></span> <span class='ocrx_word' id='word_1_70' title='bbox 432 1062 492 1114; x_wconf 82' lang='grc' dir='ltr'><strong>Τί</strong></span> <span class='ocrx_word' id='word_1_71' title='bbox 520 1059 1024 1132; x_wconf 74' lang='grc' dir='ltr'><strong>ἀνταποδώσομεν</strong></span> <span class='ocrx_word' id='word_1_72' title='bbox 1044 1063 1124 1116; x_wconf 84' lang='grc' dir='ltr'><strong>τῶ</strong></span> <span class='ocrx_word' id='word_1_73' title='bbox 1146 1065 1341 1132; x_wconf 84' lang='grc' dir='ltr'><strong>Κυρίῳ</strong></span> <span class='ocrx_word' id='word_1_74' title='bbox 1375 1066 1508 1132; x_wconf 74' lang='grc' dir='ltr'><strong>περὶ</strong></span> <span class='ocrx_word' id='word_1_75' title='bbox 1535 1067 1777 1123; x_wconf 78' lang='grc' dir='ltr'><strong>πάντων</strong></span> 
     </span>
    </p>
   </div>
   <div class='ocr_carea' id='block_1_13' title="bbox 198 1146 1773 1231">
    <p class='ocr_par' dir='ltr' id='par_1_13' title="bbox 198 1146 1773 1231">
     <span class='ocr_line' id='line_1_13' title="bbox 198 1146 1773 1231; baseline 0.006 -27"><span class='ocrx_word' id='word_1_76' title='bbox 198 1146 286 1205; x_wconf 84' lang='grc' dir='ltr'><strong>ὧν</strong></span> <span class='ocrx_word' id='word_1_77' title='bbox 311 1152 739 1208; x_wconf 76' lang='grc' dir='ltr'><strong>ἁνταπέδωκεν</strong></span> <span class='ocrx_word' id='word_1_78' title='bbox 757 1152 926 1222; x_wconf 78' lang='grc' dir='ltr'><strong>ἡμῖν;</strong></span> <span class='ocrx_word' id='word_1_79' title='bbox 957 1156 985 1207; x_wconf 99' lang='lat'><strong>6</strong></span> <span class='ocrx_word' id='word_1_80' title='bbox 1007 1154 1139 1219; x_wconf 86' lang='grc' dir='ltr'><strong>Θεὸς</strong></span> <span class='ocrx_word' id='word_1_81' title='bbox 1165 1159 1194 1210; x_wconf 89' lang='lat'><strong>6</strong></span> <span class='ocrx_word' id='word_1_82' title='bbox 1225 1158 1538 1228; x_wconf 80' lang='grc' dir='ltr'><strong>μονογενὴς,</strong></span> <span class='ocrx_word' id='word_1_83' title='bbox 1563 1159 1773 1231; x_wconf 85' lang='grc' dir='ltr'><strong>ἀνθρω·</strong></span> 
     </span>
    </p>
   </div>
   <div class='ocr_carea' id='block_1_14' title="bbox 199 1243 1774 1319">
    <p class='ocr_par' dir='ltr' id='par_1_14' title="bbox 199 1243 1774 1319">
     <span class='ocr_line' id='line_1_14' title="bbox 199 1243 1774 1319; baseline 0.006 -24"><span class='ocrx_word' id='word_1_84' title='bbox 199 1260 302 1305; x_wconf 70' lang='lat' dir='ltr'><strong>rte;</strong></span> <span class='ocrx_word' id='word_1_85' title='bbox 358 1243 428 1296; x_wconf 85' lang='grc' dir='ltr'><strong>δι’</strong></span> <span class='ocrx_word' id='word_1_86' title='bbox 456 1245 607 1314; x_wconf 72' lang='grc' dir='ltr'><strong>ἡμᾶς</strong></span> <span class='ocrx_word' id='word_1_87' title='bbox 645 1245 897 1312; x_wconf 82' lang='grc' dir='ltr'><strong>γενέσθαι</strong></span> <span class='ocrx_word' id='word_1_88' title='bbox 944 1248 1254 1319; x_wconf 82' lang='grc' dir='ltr'><strong>εὐδόκησεν,</strong></span> <span class='ocrx_word' id='word_1_89' title='bbox 1291 1249 1384 1303; x_wconf 79' lang='grc' dir='ltr'><strong>καὶ</strong></span> <span class='ocrx_word' id='word_1_90' title='bbox 1421 1249 1642 1317; x_wconf 82' lang='grc' dir='ltr'><strong>γέγονεν</strong></span> <span class='ocrx_word' id='word_1_91' title='bbox 1671 1252 1774 1304; x_wconf 84' lang='grc' dir='ltr'><strong>ὑπ-</strong></span> 
     </span>
    </p>
   </div>
   <div class='ocr_carea' id='block_1_15' title="bbox 198 1330 1772 1409">
    <p class='ocr_par' dir='ltr' id='par_1_15' title="bbox 198 1330 1772 1409">
     <span class='ocr_line' id='line_1_15' title="bbox 198 1330 1772 1409; baseline 0.006 -24"><span class='ocrx_word' id='word_1_92' title='bbox 198 1335 359 1404; x_wconf 79' lang='grc' dir='ltr'><strong>ήκοος</strong></span> <span class='ocrx_word' id='word_1_93' title='bbox 385 1334 547 1404; x_wconf 83' lang='grc' dir='ltr'><strong>μέχρι</strong></span> <span class='ocrx_word' id='word_1_94' title='bbox 581 1333 832 1398; x_wconf 85' lang='grc' dir='ltr'><strong>θανάτου,</strong></span> <span class='ocrx_word' id='word_1_95' title='bbox 871 1337 957 1389; x_wconf 84' lang='grc' dir='ltr'><strong>ἴνα</strong></span> <span class='ocrx_word' id='word_1_96' title='bbox 987 1330 1135 1408; x_wconf 70' lang='grc' dir='ltr'>ημᾶς</span> <span class='ocrx_word' id='word_1_97' title='bbox 1164 1339 1382 1392; x_wconf 85' lang='grc' dir='ltr'><strong>αίωνίου</strong></span> <span class='ocrx_word' id='word_1_98' title='bbox 1411 1337 1640 1394; x_wconf 87' lang='grc' dir='ltr'><strong>θανάτου</strong></span> <span class='ocrx_word' id='word_1_99' title='bbox 1675 1339 1772 1409; x_wconf 81' lang='grc' dir='ltr'><strong>ῥύ-</strong></span> 
     </span>
    </p>
   </div>
   <div class='ocr_carea' id='block_1_16' title="bbox 201 1423 1765 1497">
    <p class='ocr_par' dir='ltr' id='par_1_16' title="bbox 201 1423 1765 1497">
     <span class='ocr_line' id='line_1_16' title="bbox 201 1423 1765 1497; baseline 0.005 -22"><span class='ocrx_word' id='word_1_100' title='bbox 201 1441 360 1493; x_wconf 89' lang='grc' dir='ltr'><strong>σηται</strong></span> <span class='ocrx_word' id='word_1_101' title='bbox 389 1423 580 1477; x_wconf 88' lang='grc' dir='ltr'><strong>δούλου</strong></span> <span class='ocrx_word' id='word_1_102' title='bbox 615 1426 828 1495; x_wconf 82' lang='grc' dir='ltr'><strong>μορφὴν</strong></span> <span class='ocrx_word' id='word_1_103' title='bbox 857 1427 1145 1480; x_wconf 83' lang='grc' dir='ltr'><strong>ἐνεδύσατο</strong></span> <span class='ocrx_word' id='word_1_104' title='bbox 1184 1429 1214 1480; x_wconf 88' lang='lat'><strong>6</strong></span> <span class='ocrx_word' id='word_1_105' title='bbox 1245 1431 1353 1482; x_wconf 85' lang='grc' dir='ltr'><strong>τῶν</strong></span> <span class='ocrx_word' id='word_1_106' title='bbox 1380 1429 1628 1497; x_wconf 80' lang='grc' dir='ltr'><strong>ἀγγέλων</strong></span> <span class='ocrx_word' id='word_1_107' title='bbox 1657 1429 1765 1483; x_wconf 72' lang='grc' dir='ltr'><strong>Κύο</strong></span> 
     </span>
    </p>
   </div>
   <div class='ocr_carea' id='block_1_17' title="bbox 199 1516 1770 1594">
    <p class='ocr_par' dir='ltr' id='par_1_17' title="bbox 199 1516 1770 1594">
     <span class='ocr_line' id='line_1_17' title="bbox 199 1516 1770 1594; baseline 0.006 -27"><span class='ocrx_word' id='word_1_108' title='bbox 199 1531 332 1584; x_wconf 74' lang='grc' dir='ltr'><strong>ριοςτ</strong></span> <span class='ocrx_word' id='word_1_109' title='bbox 355 1516 534 1586; x_wconf 80' lang='grc' dir='ltr'><strong>σάρκα</strong></span> <span class='ocrx_word' id='word_1_110' title='bbox 558 1518 932 1587; x_wconf 77' lang='grc' dir='ltr'><strong>προσελάϐετο</strong></span> <span class='ocrx_word' id='word_1_111' title='bbox 951 1520 978 1572; x_wconf 93' lang='lat'><strong>6</strong></span> <span class='ocrx_word' id='word_1_112' title='bbox 998 1519 1129 1583; x_wconf 82' lang='grc' dir='ltr'><strong>Θεὸς</strong></span> <span class='ocrx_word' id='word_1_113' title='bbox 1149 1521 1342 1588; x_wconf 85' lang='grc' dir='ltr'><strong>Λόγος,</strong></span> <span class='ocrx_word' id='word_1_114' title='bbox 1365 1522 1460 1575; x_wconf 77' lang='grc' dir='ltr'><strong>καὶ</strong></span> <span class='ocrx_word' id='word_1_115' title='bbox 1487 1522 1770 1594; x_wconf 77' lang='grc' dir='ltr'><strong>ἄνθρωπος</strong></span> 
     </span>
    </p>
   </div>
   <div class='ocr_carea' id='block_1_18' title="bbox 193 1612 1770 1689">
    <p class='ocr_par' dir='ltr' id='par_1_18' title="bbox 193 1612 1770 1689">
     <span class='ocr_line' id='line_1_18' title="bbox 193 1612 1770 1689; baseline 0.004 -22"><span class='ocrx_word' id='word_1_116' title='bbox 193 1612 446 1683; x_wconf 79' lang='grc' dir='ltr'>ἐφαίνετο</span> <span class='ocrx_word' id='word_1_117' title='bbox 482 1615 511 1666; x_wconf 84' lang='grc' dir='ltr'><strong>δ</strong></span> <span class='ocrx_word' id='word_1_118' title='bbox 537 1614 862 1687; x_wconf 80' lang='grc' dir='ltr'><strong>σύμμορφος</strong></span> <span class='ocrx_word' id='word_1_119' title='bbox 888 1615 983 1668; x_wconf 77' lang='grc' dir='ltr'><strong>καὶ</strong></span> <span class='ocrx_word' id='word_1_120' title='bbox 1010 1615 1293 1687; x_wconf 84' lang='grc' dir='ltr'><strong>όμοούσιος</strong></span> <span class='ocrx_word' id='word_1_121' title='bbox 1331 1617 1407 1688; x_wconf 82' lang='grc' dir='ltr'>τῷ</span> <span class='ocrx_word' id='word_1_122' title='bbox 1436 1619 1640 1689; x_wconf 88' lang='grc' dir='ltr'><strong>Πατρί·</strong></span> <span class='ocrx_word' id='word_1_123' title='bbox 1676 1621 1770 1674; x_wconf 82' lang='grc' dir='ltr'><strong>καὶ</strong></span> 
     </span>
    </p>
   </div>
   <div class='ocr_carea' id='block_1_19' title="bbox 191 1703 1767 1779">
    <p class='ocr_par' dir='ltr' id='par_1_19' title="bbox 191 1703 1767 1779">
     <span class='ocr_line' id='line_1_19' title="bbox 191 1703 1767 1779; baseline 0.005 -23"><span class='ocrx_word' id='word_1_124' title='bbox 191 1703 369 1758; x_wconf 80' lang='grc' dir='ltr'><strong>ταῦτα</strong></span> <span class='ocrx_word' id='word_1_125' title='bbox 408 1705 705 1775; x_wconf 81' lang='grc' dir='ltr'><strong>ὑπέμεινεν</strong></span> <span class='ocrx_word' id='word_1_126' title='bbox 736 1707 823 1761; x_wconf 82' lang='grc' dir='ltr'><strong>ἴνα</strong></span> <span class='ocrx_word' id='word_1_127' title='bbox 852 1707 1002 1778; x_wconf 78' lang='grc' dir='ltr'><strong>ημᾶς</strong></span> <span class='ocrx_word' id='word_1_128' title='bbox 1033 1709 1124 1760; x_wconf 73' lang='grc' dir='ltr'><strong>καὶ</strong></span> <span class='ocrx_word' id='word_1_129' title='bbox 1157 1709 1252 1779; x_wconf 77' lang='grc' dir='ltr'><strong>τῆς</strong></span> <span class='ocrx_word' id='word_1_130' title='bbox 1282 1708 1470 1761; x_wconf 86' lang='grc' dir='ltr'><strong>ἀδίκου</strong></span> <span class='ocrx_word' id='word_1_131' title='bbox 1524 1710 1767 1773; x_wconf 76' lang='grc' dir='ltr'>δουλείας</span> 
     </span>
    </p>
   </div>
   <div class='ocr_carea' id='block_1_20' title="bbox 189 1793 1766 1870">
    <p class='ocr_par' dir='ltr' id='par_1_20' title="bbox 189 1793 1766 1870">
     <span class='ocr_line' id='line_1_20' title="bbox 189 1793 1766 1870; baseline 0.005 -23"><span class='ocrx_word' id='word_1_132' title='bbox 189 1793 464 1866; x_wconf 76' lang='grc' dir='ltr'><strong>ἐξέληται,</strong></span> <span class='ocrx_word' id='word_1_133' title='bbox 503 1797 600 1851; x_wconf 79' lang='grc' dir='ltr'><strong>καὶ</strong></span> <span class='ocrx_word' id='word_1_134' title='bbox 651 1798 750 1868; x_wconf 86' lang='grc' dir='ltr'><strong>τῆς</strong></span> <span class='ocrx_word' id='word_1_135' title='bbox 803 1798 1029 1868; x_wconf 81' lang='grc' dir='ltr'>ἀτιμίας</span> <span class='ocrx_word' id='word_1_136' title='bbox 1074 1798 1445 1870; x_wconf 65' lang='grc' dir='ltr'><strong>λυτρώσηταν</strong></span> <span class='ocrx_word' id='word_1_137' title='bbox 1475 1800 1564 1854; x_wconf 80' lang='grc' dir='ltr'><strong>διὰ</strong></span> <span class='ocrx_word' id='word_1_138' title='bbox 1607 1802 1766 1855; x_wconf 81' lang='grc' dir='ltr'><strong>τοῦτο</strong></span> 
     </span>
    </p>
   </div>
   <div class='ocr_carea' id='block_1_21' title="bbox 189 1889 1767 1962">
    <p class='ocr_par' dir='ltr' id='par_1_21' title="bbox 189 1889 1767 1962">
     <span class='ocr_line' id='line_1_21' title="bbox 189 1889 1767 1962; baseline 0.004 -22"><span class='ocrx_word' id='word_1_139' title='bbox 189 1889 451 1959; x_wconf 78' lang='grc' dir='ltr'><strong>ἠνέσχετο</strong></span> <span class='ocrx_word' id='word_1_140' title='bbox 506 1890 672 1960; x_wconf 76' lang='grc' dir='ltr'><strong>σαρκὶ</strong></span> <span class='ocrx_word' id='word_1_141' title='bbox 699 1891 728 1942; x_wconf 83' lang='lat'><strong>6</strong></span> <span class='ocrx_word' id='word_1_142' title='bbox 761 1891 860 1961; x_wconf 84' lang='grc' dir='ltr'><strong>τῆς</strong></span> <span class='ocrx_word' id='word_1_143' title='bbox 895 1889 1042 1962; x_wconf 81' lang='grc' dir='ltr'><strong>ζωῆς</strong></span> <span class='ocrx_word' id='word_1_144' title='bbox 1076 1890 1336 1961; x_wconf 85' lang='grc' dir='ltr'><strong>ἀρχηγός·</strong></span> <span class='ocrx_word' id='word_1_145' title='bbox 1376 1890 1465 1948; x_wconf 80' lang='grc' dir='ltr'><strong>διὰ</strong></span> <span class='ocrx_word' id='word_1_146' title='bbox 1490 1891 1646 1946; x_wconf 81' lang='grc' dir='ltr'><strong>τοῦτο</strong></span> <span class='ocrx_word' id='word_1_147' title='bbox 1672 1893 1767 1946; x_wconf 81' lang='grc' dir='ltr'><strong>καὶ</strong></span> 
     </span>
    </p>
   </div>
   <div class='ocr_carea' id='block_1_22' title="bbox 192 1982 1764 2054">
    <p class='ocr_par' dir='ltr' id='par_1_22' title="bbox 192 1982 1764 2054">
     <span class='ocr_line' id='line_1_22' title="bbox 192 1982 1764 2054; baseline 0.004 -21"><span class='ocrx_word' id='word_1_148' title='bbox 192 1982 368 2052; x_wconf 82' lang='grc' dir='ltr'><strong>ἐτάφη</strong></span> <span class='ocrx_word' id='word_1_149' title='bbox 395 1983 493 2051; x_wconf 80' lang='grc' dir='ltr'><strong>τῆς</strong></span> <span class='ocrx_word' id='word_1_150' title='bbox 519 1982 821 2047; x_wconf 79' lang='grc' dir='ltr'>ἀθανασίας</span> <span class='ocrx_word' id='word_1_151' title='bbox 858 1985 892 2052; x_wconf 80' lang='grc' dir='ltr'><strong>η</strong></span> <span class='ocrx_word' id='word_1_152' title='bbox 932 1982 1104 2054; x_wconf 82' lang='grc' dir='ltr'><strong>πηγὴ,</strong></span> <span class='ocrx_word' id='word_1_153' title='bbox 1136 1983 1222 2037; x_wconf 83' lang='grc' dir='ltr'><strong>ἶνα</strong></span> <span class='ocrx_word' id='word_1_154' title='bbox 1247 1985 1360 2047; x_wconf 78' lang='grc' dir='ltr'><strong>τοῖς</strong></span> <span class='ocrx_word' id='word_1_155' title='bbox 1391 1983 1607 2054; x_wconf 76' lang='grc' dir='ltr'><strong>θνητοῖς</strong></span> <span class='ocrx_word' id='word_1_156' title='bbox 1646 1986 1764 2040; x_wconf 83' lang='grc' dir='ltr'><strong>ἀεί-</strong></span> 
     </span>
    </p>
   </div>
   <div class='ocr_carea' id='block_1_23' title="bbox 191 2071 1767 2147">
    <p class='ocr_par' dir='ltr' id='par_1_23' title="bbox 191 2071 1767 2147">
     <span class='ocr_line' id='line_1_23' title="bbox 191 2071 1767 2147; baseline 0.011 -21"><span class='ocrx_word' id='word_1_157' title='bbox 191 2075 304 2126; x_wconf 84' lang='grc' dir='ltr'><strong>διον</strong></span> <span class='ocrx_word' id='word_1_158' title='bbox 336 2073 632 2145; x_wconf 83' lang='grc' dir='ltr'>χαρίσηται</span> <span class='ocrx_word' id='word_1_159' title='bbox 662 2071 838 2144; x_wconf 78' lang='grc' dir='ltr'><strong>ζωήνο</strong></span> <span class='ocrx_word' id='word_1_160' title='bbox 891 2074 986 2129; x_wconf 84' lang='grc' dir='ltr'><strong>καὶ</strong></span> <span class='ocrx_word' id='word_1_161' title='bbox 1031 2074 1215 2145; x_wconf 82' lang='grc' dir='ltr'>παρῆν</span> <span class='ocrx_word' id='word_1_162' title='bbox 1259 2074 1361 2145; x_wconf 81' lang='grc' dir='ltr'><strong>μὲν</strong></span> <span class='ocrx_word' id='word_1_163' title='bbox 1413 2076 1507 2130; x_wconf 82' lang='grc' dir='ltr'><strong>ἐπὶ</strong></span> <span class='ocrx_word' id='word_1_164' title='bbox 1537 2077 1635 2146; x_wconf 85' lang='grc' dir='ltr'><strong>τῆς</strong></span> <span class='ocrx_word' id='word_1_165' title='bbox 1661 2078 1767 2147; x_wconf 83' lang='grc' dir='ltr'><strong>γῆς</strong></span> 
     </span>
    </p>
   </div>
   <div class='ocr_carea' id='block_1_24' title="bbox 189 2163 1765 2238">
    <p class='ocr_par' dir='ltr' id='par_1_24' title="bbox 189 2163 1765 2238">
     <span class='ocr_line' id='line_1_24' title="bbox 189 2163 1765 2238; baseline 0.004 -24"><span class='ocrx_word' id='word_1_166' title='bbox 189 2163 519 2235; x_wconf 85' lang='grc' dir='ltr'><strong>εὐεργετῶν,</strong></span> <span class='ocrx_word' id='word_1_167' title='bbox 546 2165 638 2218; x_wconf 75' lang='grc' dir='ltr'><strong>καὶ</strong></span> <span class='ocrx_word' id='word_1_168' title='bbox 670 2163 896 2234; x_wconf 84' lang='grc' dir='ltr'><strong>ίώμενος</strong></span> <span class='ocrx_word' id='word_1_169' title='bbox 928 2165 1107 2219; x_wconf 89' lang='grc' dir='ltr'><strong>πάντα</strong></span> <span class='ocrx_word' id='word_1_170' title='bbox 1133 2165 1203 2218; x_wconf 90' lang='grc' dir='ltr'><strong>τά</strong></span> <span class='ocrx_word' id='word_1_171' title='bbox 1234 2164 1382 2236; x_wconf 89' lang='grc' dir='ltr'>πάθη</span> <span class='ocrx_word' id='word_1_172' title='bbox 1411 2167 1522 2220; x_wconf 89' lang='grc' dir='ltr'><strong>τῶν</strong></span> <span class='ocrx_word' id='word_1_173' title='bbox 1554 2166 1765 2238; x_wconf 79' lang='grc' dir='ltr'><strong>ἀνθρώ-</strong></span> 
     </span>
    </p>
   </div>
   <div class='ocr_carea' id='block_1_25' title="bbox 187 2255 1762 2329">
    <p class='ocr_par' dir='ltr' id='par_1_25' title="bbox 187 2255 1762 2329">
     <span class='ocr_line' id='line_1_25' title="bbox 187 2255 1762 2329; baseline 0.003 -19"><span class='ocrx_word' id='word_1_174' title='bbox 187 2273 327 2323; x_wconf 86' lang='grc' dir='ltr'>πων,</span> <span class='ocrx_word' id='word_1_175' title='bbox 357 2256 583 2322; x_wconf 79' lang='grc' dir='ltr'>ἀναξίας</span> <span class='ocrx_word' id='word_1_176' title='bbox 626 2256 686 2310; x_wconf 79' lang='grc' dir='ltr'><strong>δέ</strong></span> <span class='ocrx_word' id='word_1_177' title='bbox 723 2256 828 2310; x_wconf 85' lang='grc' dir='ltr'><strong>ὑπὸ</strong></span> <span class='ocrx_word' id='word_1_178' title='bbox 857 2255 966 2311; x_wconf 91' lang='grc' dir='ltr'><strong>τῶν</strong></span> <span class='ocrx_word' id='word_1_179' title='bbox 1007 2256 1297 2329; x_wconf 86' lang='grc' dir='ltr'><strong>θεομάχων</strong></span> <span class='ocrx_word' id='word_1_180' title='bbox 1327 2257 1597 2312; x_wconf 85' lang='grc' dir='ltr'><strong>Ἰουδαίων</strong></span> <span class='ocrx_word' id='word_1_181' title='bbox 1627 2259 1762 2315; x_wconf 79' lang='grc' dir='ltr'><strong>ὐπο-</strong></span> 
     </span>
    </p>
   </div>
   <div class='ocr_carea' id='block_1_26' title="bbox 183 2333 1760 2422">
    <p class='ocr_par' dir='ltr' id='par_1_26' title="bbox 183 2333 1760 2422">
     <span class='ocr_line' id='line_1_26' title="bbox 183 2333 1760 2422; baseline 0.002 -21"><span class='ocrx_word' id='word_1_182' title='bbox 183 2333 461 2418; x_wconf 78' lang='grc' dir='ltr'><strong>λαμὸάνει</strong></span> <span class='ocrx_word' id='word_1_183' title='bbox 499 2348 599 2411; x_wconf 88' lang='grc' dir='ltr'><strong>τάς</strong></span> <span class='ocrx_word' id='word_1_184' title='bbox 622 2345 878 2418; x_wconf 73' lang='grc' dir='ltr'><strong>ἀμοιϐάςο</strong></span> <span class='ocrx_word' id='word_1_185' title='bbox 913 2350 943 2402; x_wconf 85' lang='grc' dir='ltr'><strong>δ</strong></span> <span class='ocrx_word' id='word_1_186' title='bbox 974 2348 1076 2419; x_wconf 76' lang='grc' dir='ltr'><strong>μὲν</strong></span> <span class='ocrx_word' id='word_1_187' title='bbox 1103 2350 1215 2421; x_wconf 86' lang='grc' dir='ltr'><strong>γὰρ</strong></span> <span class='ocrx_word' id='word_1_188' title='bbox 1243 2349 1448 2422; x_wconf 82' lang='grc' dir='ltr'><strong>Κύριος</strong></span> <span class='ocrx_word' id='word_1_189' title='bbox 1474 2351 1632 2422; x_wconf 77' lang='grc' dir='ltr'><strong>ήμῶν</strong></span> <span class='ocrx_word' id='word_1_190' title='bbox 1653 2351 1760 2421; x_wconf 89' lang='grc' dir='ltr'><strong>Ἰη-</strong></span> 
     </span>
    </p>
   </div>
   <div class='ocr_carea' id='block_1_27' title="bbox 186 2439 1761 2514">
    <p class='ocr_par' dir='ltr' id='par_1_27' title="bbox 186 2439 1761 2514">
     <span class='ocr_line' id='line_1_27' title="bbox 186 2439 1761 2514; baseline 0.004 -22"><span class='ocrx_word' id='word_1_191' title='bbox 186 2440 311 2502; x_wconf 82' lang='grc' dir='ltr'><strong>σοῦς</strong></span> <span class='ocrx_word' id='word_1_192' title='bbox 338 2440 578 2510; x_wconf 85' lang='grc' dir='ltr'><strong>Χριστὸς</strong></span> <span class='ocrx_word' id='word_1_193' title='bbox 604 2439 692 2494; x_wconf 89' lang='grc' dir='ltr'><strong>διά</strong></span> <span class='ocrx_word' id='word_1_194' title='bbox 722 2440 922 2512; x_wconf 83' lang='grc' dir='ltr'>πολλὴν</span> <span class='ocrx_word' id='word_1_195' title='bbox 954 2441 1266 2512; x_wconf 87' lang='grc' dir='ltr'><strong>ἀγαθότητα</strong></span> <span class='ocrx_word' id='word_1_196' title='bbox 1296 2441 1536 2514; x_wconf 78' lang='grc' dir='ltr'><strong>λεπροὺς</strong></span> <span class='ocrx_word' id='word_1_197' title='bbox 1568 2443 1761 2499; x_wconf 85' lang='grc' dir='ltr'><strong>ἐκαθά-</strong></span> 
     </span>
    </p>
   </div>
   <div class='ocr_carea' id='block_1_28' title="bbox 184 2527 1761 2602">
    <p class='ocr_par' dir='ltr' id='par_1_28' title="bbox 184 2527 1761 2602">
     <span class='ocr_line' id='line_1_28' title="bbox 184 2527 1761 2602; baseline 0.004 -21"><span class='ocrx_word' id='word_1_198' title='bbox 184 2544 359 2600; x_wconf 89' lang='grc' dir='ltr'><strong>ρισεν,</strong></span> <span class='ocrx_word' id='word_1_199' title='bbox 389 2528 610 2595; x_wconf 80' lang='grc' dir='ltr'>τυφλοῖς</span> <span class='ocrx_word' id='word_1_200' title='bbox 659 2527 721 2582; x_wconf 76' lang='grc' dir='ltr'><strong>τὸ</strong></span> <span class='ocrx_word' id='word_1_201' title='bbox 771 2529 990 2600; x_wconf 79' lang='grc' dir='ltr'>βλέπειν</span> <span class='ocrx_word' id='word_1_202' title='bbox 1023 2530 1337 2602; x_wconf 89' lang='grc' dir='ltr'><strong>ἐχαρίσατο,</strong></span> <span class='ocrx_word' id='word_1_203' title='bbox 1399 2529 1761 2598; x_wconf 76' lang='grc' dir='ltr'><strong>ἀσθενοῦντας</strong></span> 
     </span>
    </p>
   </div>
   <div class='ocr_carea' id='block_1_29' title="bbox 183 2619 1761 2695">
    <p class='ocr_par' dir='ltr' id='par_1_29' title="bbox 183 2619 1761 2695">
     <span class='ocr_line' id='line_1_29' title="bbox 183 2619 1761 2695; baseline 0.003 -22"><span class='ocrx_word' id='word_1_204' title='bbox 183 2619 580 2691; x_wconf 78' lang='grc' dir='ltr'><strong>ἐθεράπευσεν,</strong></span> <span class='ocrx_word' id='word_1_205' title='bbox 611 2619 872 2691; x_wconf 89' lang='grc' dir='ltr'><strong>δαίμονας</strong></span> <span class='ocrx_word' id='word_1_206' title='bbox 912 2621 1210 2692; x_wconf 79' lang='grc' dir='ltr'><strong>ἀπήλασεν,</strong></span> <span class='ocrx_word' id='word_1_207' title='bbox 1261 2622 1354 2675; x_wconf 83' lang='grc' dir='ltr'><strong>τὸν</strong></span> <span class='ocrx_word' id='word_1_208' title='bbox 1395 2622 1644 2695; x_wconf 79' lang='grc' dir='ltr'><strong>Λάζαρον</strong></span> <span class='ocrx_word' id='word_1_209' title='bbox 1673 2641 1761 2678; x_wconf 81' lang='grc' dir='ltr'><strong>τε·</strong></span> 
     </span>
    </p>
   </div>
   <div class='ocr_carea' id='block_1_30' title="bbox 178 2713 1759 2785">
    <p class='ocr_par' dir='ltr' id='par_1_30' title="bbox 178 2713 1759 2785">
     <span class='ocr_line' id='line_1_30' title="bbox 178 2713 1759 2785; baseline 0.004 -21"><span class='ocrx_word' id='word_1_210' title='bbox 178 2714 494 2784; x_wconf 86' lang='grc' dir='ltr'><strong>τραήμερον</strong></span> <span class='ocrx_word' id='word_1_211' title='bbox 545 2713 613 2766; x_wconf 91' lang='grc' dir='ltr'><strong>ἐκ</strong></span> <span class='ocrx_word' id='word_1_212' title='bbox 659 2713 770 2766; x_wconf 90' lang='grc' dir='ltr'><strong>τῶν</strong></span> <span class='ocrx_word' id='word_1_213' title='bbox 818 2713 1028 2785; x_wconf 85' lang='grc' dir='ltr'><strong>νεκρῶν</strong></span> <span class='ocrx_word' id='word_1_214' title='bbox 1060 2714 1303 2785; x_wconf 74' lang='grc' dir='ltr'><strong>ἦγειρεν,</strong></span> <span class='ocrx_word' id='word_1_215' title='bbox 1343 2714 1438 2768; x_wconf 78' lang='grc' dir='ltr'><strong>καὶ</strong></span> <span class='ocrx_word' id='word_1_216' title='bbox 1484 2716 1548 2769; x_wconf 79' lang='grc' dir='ltr'><strong>ἐκ</strong></span> <span class='ocrx_word' id='word_1_217' title='bbox 1596 2716 1759 2770; x_wconf 76' lang='grc' dir='ltr'><strong>πέντε</strong></span> 
     </span>
    </p>
   </div>
   <div class='ocr_carea' id='block_1_31' title="bbox 178 2802 1760 2875">
    <p class='ocr_par' dir='ltr' id='par_1_31' title="bbox 178 2802 1760 2875">
     <span class='ocr_line' id='line_1_31' title="bbox 178 2802 1760 2875; baseline -0.002 -16"><span class='ocrx_word' id='word_1_218' title='bbox 178 2805 362 2875; x_wconf 84' lang='grc' dir='ltr'><strong>ἀρτων</strong></span> <span class='ocrx_word' id='word_1_219' title='bbox 412 2804 888 2874; x_wconf 83' lang='grc' dir='ltr'>πεντακισχιλίους</span> <span class='ocrx_word' id='word_1_220' title='bbox 944 2802 1279 2873; x_wconf 78' lang='grc' dir='ltr'><strong>ἐχόρτασενο</strong></span> <span class='ocrx_word' id='word_1_221' title='bbox 1339 2804 1433 2855; x_wconf 75' lang='grc' dir='ltr'><strong>ἐπὶ</strong></span> <span class='ocrx_word' id='word_1_222' title='bbox 1482 2803 1760 2873; x_wconf 83' lang='grc' dir='ltr'><strong>θαλάσσης</strong></span> 
     </span>
    </p>
   </div>
   <div class='ocr_carea' id='block_1_32' title="bbox 180 2887 1760 2965">
    <p class='ocr_par' dir='ltr' id='par_1_32' title="bbox 180 2887 1760 2965">
     <span class='ocr_line' id='line_1_32' title="bbox 180 2887 1760 2965; baseline -0.003 -19"><span class='ocrx_word' id='word_1_223' title='bbox 180 2893 611 2965; x_wconf 78' lang='grc' dir='ltr'><strong>περιεπάτησεν,</strong></span> <span class='ocrx_word' id='word_1_224' title='bbox 655 2892 717 2946; x_wconf 83' lang='grc' dir='ltr'><strong>τὸ</strong></span> <span class='ocrx_word' id='word_1_225' title='bbox 755 2891 899 2961; x_wconf 79' lang='grc' dir='ltr'><strong>ὕδωρ</strong></span> <span class='ocrx_word' id='word_1_226' title='bbox 923 2892 1002 2954; x_wconf 82' lang='grc' dir='ltr'><strong>είς</strong></span> <span class='ocrx_word' id='word_1_227' title='bbox 1025 2887 1165 2943; x_wconf 77' lang='grc' dir='ltr'><strong>οἶνον</strong></span> <span class='ocrx_word' id='word_1_228' title='bbox 1201 2889 1515 2960; x_wconf 78' lang='grc' dir='ltr'><strong>μετέϐαλεν,</strong></span> <span class='ocrx_word' id='word_1_229' title='bbox 1551 2891 1650 2960; x_wconf 79' lang='grc' dir='ltr'><strong>τὴν</strong></span> <span class='ocrx_word' id='word_1_230' title='bbox 1676 2891 1760 2942; x_wconf 82' lang='lat' dir='ltr'><strong>ai.—</strong></span> 
     </span>
    </p>
   </div>
   <div class='ocr_carea' id='block_1_33' title="bbox 182 2980 1754 3054">
    <p class='ocr_par' dir='ltr' id='par_1_33' title="bbox 182 2980 1754 3054">
     <span class='ocr_line' id='line_1_33' title="bbox 182 2980 1754 3054; baseline 0 -20"><span class='ocrx_word' id='word_1_231' title='bbox 182 2982 524 3054; x_wconf 77' lang='grc' dir='ltr'><strong>μοῤῥοοῦσαν</strong></span> <span class='ocrx_word' id='word_1_232' title='bbox 548 2984 760 3049; x_wconf 83' lang='grc' dir='ltr'><strong>ίάσατο,</strong></span> <span class='ocrx_word' id='word_1_233' title='bbox 784 2981 883 3053; x_wconf 77' lang='grc' dir='ltr'><strong>τὴν</strong></span> <span class='ocrx_word' id='word_1_234' title='bbox 918 2981 1194 3052; x_wconf 83' lang='grc' dir='ltr'><strong>θυγατέρα</strong></span> <span class='ocrx_word' id='word_1_235' title='bbox 1237 2980 1333 3034; x_wconf 80' lang='grc' dir='ltr'><strong>τοῦ</strong></span> <span class='ocrx_word' id='word_1_236' title='bbox 1371 2981 1754 3051; x_wconf 84' lang='grc' dir='ltr'><strong>ἀρχισυναγώ-</strong></span> 
     </span>
    </p>
   </div>
   <div class='ocr_carea' id='block_1_34' title="bbox 1880 521 3450 592">
    <p class='ocr_par' dir='ltr' id='par_1_34' title="bbox 1880 521 3450 592">
     <span class='ocr_line' id='line_1_34' title="bbox 1880 521 3450 592; baseline 0.017 -25"><span class='ocrx_word' id='word_1_237' title='bbox 1880 523 1935 568; x_wconf 88' lang='lat' dir='ltr'><strong>et</strong></span> <span class='ocrx_word' id='word_1_238' title='bbox 1967 529 2112 571; x_wconf 91' lang='lat' dir='ltr'><strong>nunc</strong></span> <span class='ocrx_word' id='word_1_239' title='bbox 2138 521 2515 585; x_wconf 84' lang='lat' dir='ltr'><strong>pessumdatos</strong></span> <span class='ocrx_word' id='word_1_240' title='bbox 2549 523 2797 591; x_wconf 83' lang='lat' dir='ltr'><strong>salvavit,</strong></span> <span class='ocrx_word' id='word_1_241' title='bbox 2824 529 3178 588; x_wconf 84' lang='lat' dir='ltr'><strong>mortificatos</strong></span> <span class='ocrx_word' id='word_1_242' title='bbox 3210 534 3450 592; x_wconf 83' lang='lat' dir='ltr'><strong>vivifica-</strong></span> 
     </span>
    </p>
   </div>
   <div class='ocr_carea' id='block_1_35' title="bbox 1881 606 3450 698">
    <p class='ocr_par' dir='ltr' id='par_1_35' title="bbox 1881 606 3450 698">
     <span class='ocr_line' id='line_1_35' title="bbox 1881 606 3450 698; baseline 0.018 -39"><span class='ocrx_word' id='word_1_243' title='bbox 1881 606 1978 672; x_wconf 86' lang='lat' dir='ltr'><strong>vit,</strong></span> <span class='ocrx_word' id='word_1_244' title='bbox 2009 616 2062 662; x_wconf 91' lang='lat' dir='ltr'><strong>et</strong></span> <span class='ocrx_word' id='word_1_245' title='bbox 2088 608 2286 664; x_wconf 88' lang='lat' dir='ltr'><strong>diaboli</strong></span> <span class='ocrx_word' id='word_1_246' title='bbox 2325 615 2613 683; x_wconf 74' lang='lat' dir='ltr'><strong>tyrannide</strong></span> <span class='ocrx_word' id='word_1_247' title='bbox 2643 617 2841 687; x_wconf 89' lang='lat' dir='ltr'><strong>eripuit</strong></span> <span class='ocrx_word' id='word_1_248' title='bbox 2873 638 2886 674; x_wconf 88' lang='lat'><strong>:</strong></span> <span class='ocrx_word' id='word_1_249' title='bbox 2924 621 3066 678; x_wconf 91' lang='lat' dir='ltr'><strong>idem</strong></span> <span class='ocrx_word' id='word_1_250' title='bbox 3114 641 3216 682; x_wconf 89' lang='lat' dir='ltr'><strong>nos</strong></span> <span class='ocrx_word' id='word_1_251' title='bbox 3242 631 3450 698; x_wconf 89' lang='lat' dir='ltr'><strong>peccati</strong></span> 
     </span>
    </p>
   </div>
   <div class='ocr_carea' id='block_1_36' title="bbox 1881 699 3450 782">
    <p class='ocr_par' dir='ltr' id='par_1_36' title="bbox 1881 699 3450 782">
     <span class='ocr_line' id='line_1_36' title="bbox 1881 699 3450 782; baseline 0.017 -31"><span class='ocrx_word' id='word_1_252' title='bbox 1881 711 2067 753; x_wconf 82' lang='lat' dir='ltr'><strong>servos</strong></span> <span class='ocrx_word' id='word_1_253' title='bbox 2099 699 2345 757; x_wconf 90' lang='lat' dir='ltr'><strong>libertate</strong></span> <span class='ocrx_word' id='word_1_254' title='bbox 2370 704 2613 771; x_wconf 89' lang='lat' dir='ltr'><strong>donavit,</strong></span> <span class='ocrx_word' id='word_1_255' title='bbox 2661 708 2851 766; x_wconf 88' lang='lat' dir='ltr'><strong>delens</strong></span> <span class='ocrx_word' id='word_1_256' title='bbox 2881 713 3029 782; x_wconf 91' lang='lat' dir='ltr'><strong>quod</strong></span> <span class='ocrx_word' id='word_1_257' title='bbox 3058 718 3320 776; x_wconf 80' lang='lat' dir='ltr'><strong>adversus</strong></span> <span class='ocrx_word' id='word_1_258' title='bbox 3349 738 3450 778; x_wconf 87' lang='lat' dir='ltr'><strong>nos</strong></span> 
     </span>
    </p>
   </div>
   <div class='ocr_carea' id='block_1_37' title="bbox 1879 789 3450 874">
    <p class='ocr_par' dir='ltr' id='par_1_37' title="bbox 1879 789 3450 874">
     <span class='ocr_line' id='line_1_37' title="bbox 1879 789 3450 874; baseline 0.018 -33"><span class='ocrx_word' id='word_1_259' title='bbox 1879 798 1997 843; x_wconf 90' lang='lat' dir='ltr'><strong>erat</strong></span> <span class='ocrx_word' id='word_1_260' title='bbox 2024 789 2468 864; x_wconf 83' lang='lat' dir='ltr'><strong>chirOgraphum.</strong></span> <span class='ocrx_word' id='word_1_261' title='bbox 2505 797 2759 857; x_wconf 79' lang='lat' dir='ltr'><strong>Christus</strong></span> <span class='ocrx_word' id='word_1_262' title='bbox 2788 803 2921 874; x_wconf 92' lang='lat' dir='ltr'><strong>legis</strong></span> <span class='ocrx_word' id='word_1_263' title='bbox 2943 819 3045 861; x_wconf 90' lang='lat' dir='ltr'><strong>nos</strong></span> <span class='ocrx_word' id='word_1_264' title='bbox 3068 809 3450 870; x_wconf 89' lang='lat' dir='ltr'><strong>maledictione</strong></span> 
     </span>
    </p>
   </div>
   <div class='ocr_carea' id='block_1_38' title="bbox 1879 882 3447 972">
    <p class='ocr_par' dir='ltr' id='par_1_38' title="bbox 1879 882 3447 972">
     <span class='ocr_line' id='line_1_38' title="bbox 1879 882 3447 972; baseline 0.018 -38"><span class='ocrx_word' id='word_1_265' title='bbox 1879 882 2125 946; x_wconf 82' lang='lat' dir='ltr'><strong>redemit,</strong></span> <span class='ocrx_word' id='word_1_266' title='bbox 2159 884 2332 966; x_wconf 91' lang='lat' dir='ltr'><strong>factus</strong></span> <span class='ocrx_word' id='word_1_267' title='bbox 2360 903 2457 957; x_wconf 91' lang='lat' dir='ltr'><strong>pro</strong></span> <span class='ocrx_word' id='word_1_268' title='bbox 2474 890 2628 946; x_wconf 90' lang='lat' dir='ltr'><strong>nobis</strong></span> <span class='ocrx_word' id='word_1_269' title='bbox 2649 895 2973 952; x_wconf 86' lang='lat' dir='ltr'><strong>maledictio.</strong></span> <span class='ocrx_word' id='word_1_270' title='bbox 2993 898 3236 965; x_wconf 86' lang='lat' dir='ltr'><strong>Quorum</strong></span> <span class='ocrx_word' id='word_1_271' title='bbox 3257 918 3447 972; x_wconf 84' lang='lat' dir='ltr'><strong>causa,</strong></span> 
     </span>
    </p>
   </div>
   <div class='ocr_carea' id='block_1_39' title="bbox 1879 962 3446 1055">
    <p class='ocr_par' dir='ltr' id='par_1_39' title="bbox 1879 962 3446 1055">
     <span class='ocr_line' id='line_1_39' title="bbox 1879 962 3446 1055; baseline 0.018 -31"><span class='ocrx_word' id='word_1_272' title='bbox 1879 985 1979 1026; x_wconf 87' lang='lat' dir='ltr'><strong>nos</strong></span> <span class='ocrx_word' id='word_1_273' title='bbox 2020 962 2236 1044; x_wconf 86' lang='lat' dir='ltr'><strong>quoque</strong></span> <span class='ocrx_word' id='word_1_274' title='bbox 2276 977 2455 1035; x_wconf 86' lang='lat' dir='ltr'><strong>dicere</strong></span> <span class='ocrx_word' id='word_1_275' title='bbox 2482 997 2696 1052; x_wconf 68' lang='lat' dir='ltr'><strong>aequum</strong></span> <span class='ocrx_word' id='word_1_276' title='bbox 2739 994 2822 1041; x_wconf 90' lang='lat' dir='ltr'><strong>est</strong></span> <span class='ocrx_word' id='word_1_277' title='bbox 2857 1003 2873 1043; x_wconf 93' lang='lat'><strong>:</strong></span> <span class='ocrx_word' id='word_1_278' title='bbox 2913 962 3056 1055; x_wconf 58' lang='lat' dir='ltr'><strong>Quid</strong></span> <span class='ocrx_word' id='word_1_279' title='bbox 3094 962 3446 1052; x_wconf 60' lang='lat' dir='ltr'><strong>“tribuemus</strong></span> 
     </span>
    </p>
   </div>
   <div class='ocr_carea' id='block_1_40' title="bbox 1877 1060 3447 1144">
    <p class='ocr_par' dir='ltr' id='par_1_40' title="bbox 1877 1060 3447 1144">
     <span class='ocr_line' id='line_1_40' title="bbox 1877 1060 3447 1144; baseline 0.02 -31"><span class='ocrx_word' id='word_1_280' title='bbox 1877 1060 2105 1118; x_wconf 82' lang='lat' dir='ltr'><strong>Domino</strong></span> <span class='ocrx_word' id='word_1_281' title='bbox 2131 1082 2225 1134; x_wconf 86' lang='lat' dir='ltr'><strong>pro</strong></span> <span class='ocrx_word' id='word_1_282' title='bbox 2258 1071 2498 1136; x_wconf 74' lang='lat' dir='ltr'><strong>omnibus</strong></span> <span class='ocrx_word' id='word_1_283' title='bbox 2533 1090 2652 1143; x_wconf 76' lang='lat' dir='ltr'><strong>qua:</strong></span> <span class='ocrx_word' id='word_1_284' title='bbox 2679 1077 2830 1131; x_wconf 80' lang='lat' dir='ltr'><strong>nobis</strong></span> <span class='ocrx_word' id='word_1_285' title='bbox 2867 1082 3113 1138; x_wconf 77' lang='lat' dir='ltr'><strong>retribuit</strong></span> <span class='ocrx_word' id='word_1_286' title='bbox 3142 1085 3260 1141; x_wconf 62' lang='lat'><strong>“‘?</strong></span> <span class='ocrx_word' id='word_1_287' title='bbox 3302 1088 3447 1144; x_wconf 87' lang='lat' dir='ltr'><strong>Deus</strong></span> 
     </span>
    </p>
   </div>
   <div class='ocr_carea' id='block_1_41' title="bbox 1875 1150 3442 1250">
    <p class='ocr_par' dir='ltr' id='par_1_41' title="bbox 1875 1150 3442 1250">
     <span class='ocr_line' id='line_1_41' title="bbox 1875 1150 3442 1250; baseline 0.02 -45"><span class='ocrx_word' id='word_1_288' title='bbox 1875 1150 2046 1210; x_wconf 87' lang='lat' dir='ltr'><strong>Filius</strong></span> <span class='ocrx_word' id='word_1_289' title='bbox 2073 1159 2402 1229; x_wconf 88' lang='lat' dir='ltr'><strong>unigenitus,</strong></span> <span class='ocrx_word' id='word_1_290' title='bbox 2454 1163 2619 1220; x_wconf 88' lang='lat' dir='ltr'><strong>homo</strong></span> <span class='ocrx_word' id='word_1_291' title='bbox 2675 1171 2848 1225; x_wconf 84' lang='lat' dir='ltr'><strong>nostri</strong></span> <span class='ocrx_word' id='word_1_292' title='bbox 2879 1174 3049 1242; x_wconf 87' lang='lat' dir='ltr'><strong>gratia</strong></span> <span class='ocrx_word' id='word_1_293' title='bbox 3099 1176 3215 1232; x_wconf 82' lang='lat' dir='ltr'><strong>fieri</strong></span> <span class='ocrx_word' id='word_1_294' title='bbox 3248 1182 3442 1250; x_wconf 84' lang='lat' dir='ltr'><strong>voluit,</strong></span> 
     </span>
    </p>
   </div>
   <div class='ocr_carea' id='block_1_42' title="bbox 1873 1244 3446 1334">
    <p class='ocr_par' dir='ltr' id='par_1_42' title="bbox 1873 1244 3446 1334">
     <span class='ocr_line' id='line_1_42' title="bbox 1873 1244 3446 1334; baseline 0.017 -36"><span class='ocrx_word' id='word_1_295' title='bbox 1873 1244 2162 1316; x_wconf 90' lang='lat' dir='ltr'><strong>factusque</strong></span> <span class='ocrx_word' id='word_1_296' title='bbox 2213 1261 2296 1306; x_wconf 86' lang='lat' dir='ltr'><strong>est</strong></span> <span class='ocrx_word' id='word_1_297' title='bbox 2340 1268 2511 1323; x_wconf 90' lang='lat' dir='ltr'><strong>usque</strong></span> <span class='ocrx_word' id='word_1_298' title='bbox 2550 1257 2616 1310; x_wconf 92' lang='lat' dir='ltr'><strong>ad</strong></span> <span class='ocrx_word' id='word_1_299' title='bbox 2643 1268 2874 1315; x_wconf 91' lang='lat' dir='ltr'><strong>mortem</strong></span> <span class='ocrx_word' id='word_1_300' title='bbox 2920 1263 3200 1334; x_wconf 87' lang='lat' dir='ltr'><strong>obediens,</strong></span> <span class='ocrx_word' id='word_1_301' title='bbox 3242 1277 3304 1326; x_wconf 89' lang='lat' dir='ltr'><strong>ut</strong></span> <span class='ocrx_word' id='word_1_302' title='bbox 3345 1244 3446 1325; x_wconf 83' lang='lat' dir='ltr'><strong>nos</strong></span> 
     </span>
    </p>
   </div>
   <div class='ocr_carea' id='block_1_43' title="bbox 1872 1345 3445 1418">
    <p class='ocr_par' dir='ltr' id='par_1_43' title="bbox 1872 1345 3445 1418">
     <span class='ocr_line' id='line_1_43' title="bbox 1872 1345 3445 1418; baseline 0.017 -25"><span class='ocrx_word' id='word_1_303' title='bbox 1872 1349 2088 1397; x_wconf 64' lang='lat' dir='ltr'><strong>aeternae</strong></span> <span class='ocrx_word' id='word_1_304' title='bbox 2120 1345 2280 1400; x_wconf 90' lang='lat' dir='ltr'><strong>morti</strong></span> <span class='ocrx_word' id='word_1_305' title='bbox 2317 1348 2551 1418; x_wconf 88' lang='lat' dir='ltr'><strong>eriperet</strong></span> <span class='ocrx_word' id='word_1_306' title='bbox 2585 1369 2598 1404; x_wconf 91' lang='lat'><strong>:</strong></span> <span class='ocrx_word' id='word_1_307' title='bbox 2631 1354 2772 1408; x_wconf 81' lang='lat' dir='ltr'><strong>servi</strong></span> <span class='ocrx_word' id='word_1_308' title='bbox 2801 1354 3033 1411; x_wconf 90' lang='lat' dir='ltr'><strong>formam</strong></span> <span class='ocrx_word' id='word_1_309' title='bbox 3058 1358 3235 1415; x_wconf 89' lang='lat' dir='ltr'><strong>induit</strong></span> <span class='ocrx_word' id='word_1_310' title='bbox 3259 1363 3445 1418; x_wconf 87' lang='lat' dir='ltr'><strong>Domi-</strong></span> 
     </span>
    </p>
   </div>
   <div class='ocr_carea' id='block_1_44' title="bbox 1873 1436 3440 1520">
    <p class='ocr_par' dir='ltr' id='par_1_44' title="bbox 1873 1436 3440 1520">
     <span class='ocr_line' id='line_1_44' title="bbox 1873 1436 3440 1520; baseline 0.017 -35"><span class='ocrx_word' id='word_1_311' title='bbox 1873 1448 1975 1487; x_wconf 86' lang='lat' dir='ltr'><strong>nus</strong></span> <span class='ocrx_word' id='word_1_312' title='bbox 2006 1436 2320 1504; x_wconf 78' lang='lat' dir='ltr'><strong>angelorum</strong></span> <span class='ocrx_word' id='word_1_313' title='bbox 2353 1457 2367 1494; x_wconf 89' lang='lat'><strong>:</strong></span> <span class='ocrx_word' id='word_1_314' title='bbox 2410 1456 2628 1497; x_wconf 92' lang='lat' dir='ltr'><strong>carnem</strong></span> <span class='ocrx_word' id='word_1_315' title='bbox 2670 1448 2968 1516; x_wconf 88' lang='lat' dir='ltr'><strong>assumpsit</strong></span> <span class='ocrx_word' id='word_1_316' title='bbox 3000 1448 3142 1504; x_wconf 83' lang='lat' dir='ltr'><strong>Deus</strong></span> <span class='ocrx_word' id='word_1_317' title='bbox 3179 1450 3440 1520; x_wconf 88' lang='lat' dir='ltr'><strong>Verbum,</strong></span> 
     </span>
    </p>
   </div>
   <div class='ocr_carea' id='block_1_45' title="bbox 1874 1522 3441 1602">
    <p class='ocr_par' dir='ltr' id='par_1_45' title="bbox 1874 1522 3441 1602">
     <span class='ocr_line' id='line_1_45' title="bbox 1874 1522 3441 1602; baseline 0.016 -26"><span class='ocrx_word' id='word_1_318' title='bbox 1874 1522 2148 1594; x_wconf 88' lang='lat' dir='ltr'><strong>homoque</strong></span> <span class='ocrx_word' id='word_1_319' title='bbox 2179 1532 2429 1597; x_wconf 88' lang='lat' dir='ltr'><strong>apparuit</strong></span> <span class='ocrx_word' id='word_1_320' title='bbox 2451 1533 2543 1601; x_wconf 89' lang='lat' dir='ltr'><strong>qui</strong></span> <span class='ocrx_word' id='word_1_321' title='bbox 2565 1533 2863 1592; x_wconf 83' lang='lat' dir='ltr'><strong>conformis</strong></span> <span class='ocrx_word' id='word_1_322' title='bbox 2886 1547 2939 1594; x_wconf 88' lang='lat' dir='ltr'><strong>et</strong></span> <span class='ocrx_word' id='word_1_323' title='bbox 2959 1542 3441 1602; x_wconf 84' lang='lat' dir='ltr'><strong>consubstantialis</strong></span> 
     </span>
    </p>
   </div>
   <div class='ocr_carea' id='block_1_46' title="bbox 1873 1612 3445 1699">
    <p class='ocr_par' dir='ltr' id='par_1_46' title="bbox 1873 1612 3445 1699">
     <span class='ocr_line' id='line_1_46' title="bbox 1873 1612 3445 1699; baseline 0.017 -31"><span class='ocrx_word' id='word_1_324' title='bbox 1873 1613 2018 1671; x_wconf 79' lang='lat' dir='ltr'><strong>Patri</strong></span> <span class='ocrx_word' id='word_1_325' title='bbox 2046 1612 2151 1673; x_wconf 65' lang='lat' dir='ltr'><strong>est.</strong></span> <span class='ocrx_word' id='word_1_326' title='bbox 2199 1621 2378 1690; x_wconf 80' lang='lat' dir='ltr'><strong>Atque</strong></span> <span class='ocrx_word' id='word_1_327' title='bbox 2409 1623 2522 1678; x_wconf 67' lang='lat' dir='ltr'><strong>haec</strong></span> <span class='ocrx_word' id='word_1_328' title='bbox 2557 1627 2832 1693; x_wconf 86' lang='lat' dir='ltr'><strong>sustinuit,</strong></span> <span class='ocrx_word' id='word_1_329' title='bbox 2865 1639 2925 1685; x_wconf 92' lang='lat' dir='ltr'><strong>ut</strong></span> <span class='ocrx_word' id='word_1_330' title='bbox 2961 1631 3166 1699; x_wconf 84' lang='lat' dir='ltr'><strong>injuste</strong></span> <span class='ocrx_word' id='word_1_331' title='bbox 3196 1650 3298 1693; x_wconf 83' lang='lat' dir='ltr'><strong>nos</strong></span> <span class='ocrx_word' id='word_1_332' title='bbox 3329 1653 3445 1693; x_wconf 85' lang='lat' dir='ltr'><strong>ser-</strong></span> 
     </span>
    </p>
   </div>
   <div class='ocr_carea' id='block_1_47' title="bbox 1871 1705 3443 1796">
    <p class='ocr_par' dir='ltr' id='par_1_47' title="bbox 1871 1705 3443 1796">
     <span class='ocr_line' id='line_1_47' title="bbox 1871 1705 3443 1796; baseline 0.016 -39"><span class='ocrx_word' id='word_1_333' title='bbox 1871 1705 2002 1760; x_wconf 92' lang='lat' dir='ltr'><strong>vitio</strong></span> <span class='ocrx_word' id='word_1_334' title='bbox 2025 1707 2300 1775; x_wconf 90' lang='lat' dir='ltr'><strong>liberaret,</strong></span> <span class='ocrx_word' id='word_1_335' title='bbox 2349 1720 2404 1766; x_wconf 90' lang='lat' dir='ltr'><strong>et</strong></span> <span class='ocrx_word' id='word_1_336' title='bbox 2433 1712 2657 1770; x_wconf 77' lang='lat' dir='ltr'><strong>infamia</strong></span> <span class='ocrx_word' id='word_1_337' title='bbox 2711 1728 2957 1774; x_wconf 84' lang='lat' dir='ltr'><strong>exueret.</strong></span> <span class='ocrx_word' id='word_1_338' title='bbox 3000 1719 3208 1779; x_wconf 83' lang='lat' dir='ltr'><strong>Idcirco</strong></span> <span class='ocrx_word' id='word_1_339' title='bbox 3246 1741 3443 1796; x_wconf 83' lang='lat' dir='ltr'><strong>passus</strong></span> 
     </span>
    </p>
   </div>
   <div class='ocr_carea' id='block_1_48' title="bbox 1869 1801 3437 1890">
    <p class='ocr_par' dir='ltr' id='par_1_48' title="bbox 1869 1801 3437 1890">
     <span class='ocr_line' id='line_1_48' title="bbox 1869 1801 3437 1890; baseline 0.017 -41"><span class='ocrx_word' id='word_1_340' title='bbox 1869 1805 1955 1850; x_wconf 87' lang='lat' dir='ltr'><strong>est</strong></span> <span class='ocrx_word' id='word_1_341' title='bbox 1981 1811 2166 1864; x_wconf 89' lang='lat' dir='ltr'><strong>carne,</strong></span> <span class='ocrx_word' id='word_1_342' title='bbox 2207 1801 2332 1857; x_wconf 68' lang='lat' dir='ltr'><strong>vitae</strong></span> <span class='ocrx_word' id='word_1_343' title='bbox 2363 1815 2556 1860; x_wconf 88' lang='lat' dir='ltr'><strong>auctor</strong></span> <span class='ocrx_word' id='word_1_344' title='bbox 2590 1823 2605 1872; x_wconf 93' lang='lat'><strong>;</strong></span> <span class='ocrx_word' id='word_1_345' title='bbox 2653 1808 2775 1864; x_wconf 83' lang='lat' dir='ltr'><strong>ideo</strong></span> <span class='ocrx_word' id='word_1_346' title='bbox 2819 1812 2983 1867; x_wconf 89' lang='lat' dir='ltr'><strong>etiam</strong></span> <span class='ocrx_word' id='word_1_347' title='bbox 3035 1817 3303 1885; x_wconf 86' lang='lat' dir='ltr'><strong>sepultus,</strong></span> <span class='ocrx_word' id='word_1_348' title='bbox 3345 1822 3437 1890; x_wconf 93' lang='lat' dir='ltr'><strong>qui</strong></span> 
     </span>
    </p>
   </div>
   <div class='ocr_carea' id='block_1_49' title="bbox 1867 1885 3436 1968">
    <p class='ocr_par' dir='ltr' id='par_1_49' title="bbox 1867 1885 3436 1968">
     <span class='ocr_line' id='line_1_49' title="bbox 1867 1885 3436 1968; baseline 0.018 -28"><span class='ocrx_word' id='word_1_349' title='bbox 1867 1885 1993 1943; x_wconf 86' lang='lat' dir='ltr'><strong>fons</strong></span> <span class='ocrx_word' id='word_1_350' title='bbox 2045 1900 2163 1946; x_wconf 88' lang='lat' dir='ltr'><strong>erat</strong></span> <span class='ocrx_word' id='word_1_351' title='bbox 2211 1892 2662 1964; x_wconf 85' lang='lat' dir='ltr'><strong>immortalitatis,</strong></span> <span class='ocrx_word' id='word_1_352' title='bbox 2704 1910 2762 1956; x_wconf 85' lang='lat' dir='ltr'><strong>ut</strong></span> <span class='ocrx_word' id='word_1_353' title='bbox 2801 1904 3125 1963; x_wconf 84' lang='lat' dir='ltr'><strong>mortalibus</strong></span> <span class='ocrx_word' id='word_1_354' title='bbox 3173 1921 3436 1968; x_wconf 73' lang='lat' dir='ltr'><strong>aeternam</strong></span> 
     </span>
    </p>
   </div>
   <div class='ocr_carea' id='block_1_50' title="bbox 1864 1973 3440 2060">
    <p class='ocr_par' dir='ltr' id='par_1_50' title="bbox 1864 1973 3440 2060">
     <span class='ocr_line' id='line_1_50' title="bbox 1864 1973 3440 2060; baseline 0.02 -32"><span class='ocrx_word' id='word_1_355' title='bbox 1864 1973 2155 2048; x_wconf 80' lang='lat' dir='ltr'><strong>largiretur</strong></span> <span class='ocrx_word' id='word_1_356' title='bbox 2187 1982 2372 2038; x_wconf 85' lang='lat' dir='ltr'><strong>vitam.</strong></span> <span class='ocrx_word' id='word_1_357' title='bbox 2411 1986 2475 2040; x_wconf 86' lang='lat' dir='ltr'><strong>Et</strong></span> <span class='ocrx_word' id='word_1_358' title='bbox 2512 1987 2558 2043; x_wconf 89' lang='lat' dir='ltr'><strong>is</strong></span> <span class='ocrx_word' id='word_1_359' title='bbox 2580 1990 2795 2058; x_wconf 88' lang='lat' dir='ltr'><strong>quidem</strong></span> <span class='ocrx_word' id='word_1_360' title='bbox 2827 1993 2882 2047; x_wconf 91' lang='lat' dir='ltr'><strong>in</strong></span> <span class='ocrx_word' id='word_1_361' title='bbox 2929 1997 3134 2052; x_wconf 90' lang='lat' dir='ltr'><strong>mundo</strong></span> <span class='ocrx_word' id='word_1_362' title='bbox 3163 1999 3266 2053; x_wconf 88' lang='lat' dir='ltr'><strong>fuit</strong></span> <span class='ocrx_word' id='word_1_363' title='bbox 3303 2001 3440 2060; x_wconf 87' lang='lat' dir='ltr'><strong>bene</strong></span> 
     </span>
    </p>
   </div>
   <div class='ocr_carea' id='block_1_51' title="bbox 1863 2064 3436 2157">
    <p class='ocr_par' dir='ltr' id='par_1_51' title="bbox 1863 2064 3436 2157">
     <span class='ocr_line' id='line_1_51' title="bbox 1863 2064 3436 2157; baseline 0.018 -37"><span class='ocrx_word' id='word_1_364' title='bbox 1863 2064 2070 2124; x_wconf 79' lang='lat' dir='ltr'><strong>faciens</strong></span> <span class='ocrx_word' id='word_1_365' title='bbox 2118 2079 2172 2126; x_wconf 87' lang='lat' dir='ltr'><strong>et</strong></span> <span class='ocrx_word' id='word_1_366' title='bbox 2208 2083 2434 2132; x_wconf 84' lang='lat' dir='ltr'><strong>cunctas</strong></span> <span class='ocrx_word' id='word_1_367' title='bbox 2486 2077 2769 2135; x_wconf 89' lang='lat' dir='ltr'><strong>hominum</strong></span> <span class='ocrx_word' id='word_1_368' title='bbox 2804 2097 3008 2140; x_wconf 86' lang='lat' dir='ltr'><strong>sanans</strong></span> <span class='ocrx_word' id='word_1_369' title='bbox 3060 2085 3436 2157; x_wconf 75' lang='lat' dir='ltr'><strong>infirmitates,</strong></span> 
     </span>
    </p>
   </div>
   <div class='ocr_carea' id='block_1_52' title="bbox 1865 2158 3433 2251">
    <p class='ocr_par' dir='ltr' id='par_1_52' title="bbox 1865 2158 3433 2251">
     <span class='ocr_line' id='line_1_52' title="bbox 1865 2158 3433 2251; baseline 0.018 -39"><span class='ocrx_word' id='word_1_370' title='bbox 1865 2158 2117 2251; x_wconf 72' lang='lat' dir='ltr'><strong>indignas</strong></span> <span class='ocrx_word' id='word_1_371' title='bbox 2148 2171 2326 2220; x_wconf 89' lang='lat' dir='ltr'><strong>tamen</strong></span> <span class='ocrx_word' id='word_1_372' title='bbox 2367 2180 2397 2221; x_wconf 93' lang='lat' dir='ltr'><strong>a</strong></span> <span class='ocrx_word' id='word_1_373' title='bbox 2429 2166 2525 2223; x_wconf 88' lang='lat' dir='ltr'><strong>Dei</strong></span> <span class='ocrx_word' id='word_1_374' title='bbox 2561 2170 2808 2228; x_wconf 82' lang='lat' dir='ltr'><strong>hostibus</strong></span> <span class='ocrx_word' id='word_1_375' title='bbox 2837 2173 3043 2234; x_wconf 68' lang='lat' dir='ltr'><strong>Judaais</strong></span> <span class='ocrx_word' id='word_1_376' title='bbox 3083 2182 3289 2251; x_wconf 83' lang='lat' dir='ltr'><strong>gratias</strong></span> <span class='ocrx_word' id='word_1_377' title='bbox 3343 2201 3433 2240; x_wconf 79' lang='lat' dir='ltr'><strong>re-</strong></span> 
     </span>
    </p>
   </div>
   <div class='ocr_carea' id='block_1_53' title="bbox 1865 2247 3436 2345">
    <p class='ocr_par' dir='ltr' id='par_1_53' title="bbox 1865 2247 3436 2345">
     <span class='ocr_line' id='line_1_53' title="bbox 1865 2247 3436 2345; baseline 0.021 -46"><span class='ocrx_word' id='word_1_378' title='bbox 1865 2247 2004 2302; x_wconf 87' lang='lat' dir='ltr'><strong>tulit.</strong></span> <span class='ocrx_word' id='word_1_379' title='bbox 2029 2247 2210 2306; x_wconf 88' lang='lat' dir='ltr'><strong>Certe</strong></span> <span class='ocrx_word' id='word_1_380' title='bbox 2237 2251 2502 2312; x_wconf 83' lang='lat' dir='ltr'><strong>Dominus</strong></span> <span class='ocrx_word' id='word_1_381' title='bbox 2539 2268 2726 2315; x_wconf 88' lang='lat' dir='ltr'><strong>noster</strong></span> <span class='ocrx_word' id='word_1_382' title='bbox 2749 2260 2908 2320; x_wconf 84' lang='lat' dir='ltr'><strong>Jesus</strong></span> <span class='ocrx_word' id='word_1_383' title='bbox 2933 2247 3191 2327; x_wconf 77' lang='lat' dir='ltr'><strong>Christus</strong></span> <span class='ocrx_word' id='word_1_384' title='bbox 3218 2285 3436 2345; x_wconf 89' lang='lat' dir='ltr'><strong>propter</strong></span> 
     </span>
    </p>
   </div>
   <div class='ocr_carea' id='block_1_54' title="bbox 1866 2341 3434 2434">
    <p class='ocr_par' dir='ltr' id='par_1_54' title="bbox 1866 2341 3434 2434">
     <span class='ocr_line' id='line_1_54' title="bbox 1866 2341 3434 2434; baseline 0.022 -43"><span class='ocrx_word' id='word_1_385' title='bbox 1866 2341 2089 2397; x_wconf 89' lang='lat' dir='ltr'><strong>multam</strong></span> <span class='ocrx_word' id='word_1_386' title='bbox 2134 2359 2287 2400; x_wconf 87' lang='lat' dir='ltr'><strong>suam</strong></span> <span class='ocrx_word' id='word_1_387' title='bbox 2319 2348 2611 2407; x_wconf 84' lang='lat' dir='ltr'><strong>bonitatem</strong></span> <span class='ocrx_word' id='word_1_388' title='bbox 2658 2354 2903 2424; x_wconf 88' lang='lat' dir='ltr'><strong>leprosos</strong></span> <span class='ocrx_word' id='word_1_389' title='bbox 2931 2341 3236 2434; x_wconf 61' lang='lat' dir='ltr'><strong>mundavit;</strong></span> <span class='ocrx_word' id='word_1_390' title='bbox 3271 2371 3434 2425; x_wconf 67' lang='lat' dir='ltr'><strong>caecis</strong></span> 
     </span>
    </p>
   </div>
   <div class='ocr_carea' id='block_1_55' title="bbox 1865 2431 3433 2530">
    <p class='ocr_par' dir='ltr' id='par_1_55' title="bbox 1865 2431 3433 2530">
     <span class='ocr_line' id='line_1_55' title="bbox 1865 2431 3433 2530; baseline 0.021 -46"><span class='ocrx_word' id='word_1_391' title='bbox 1865 2431 2041 2488; x_wconf 88' lang='lat' dir='ltr'><strong>visum</strong></span> <span class='ocrx_word' id='word_1_392' title='bbox 2065 2435 2271 2504; x_wconf 74' lang='lat' dir='ltr'><strong>tribuit,</strong></span> <span class='ocrx_word' id='word_1_393' title='bbox 2304 2457 2478 2512; x_wconf 72' lang='lat' dir='ltr'><strong>aegros</strong></span> <span class='ocrx_word' id='word_1_394' title='bbox 2505 2449 2738 2514; x_wconf 85' lang='lat' dir='ltr'><strong>sanavit,</strong></span> <span class='ocrx_word' id='word_1_395' title='bbox 2767 2449 3043 2511; x_wconf 69' lang='lat' dir='ltr'><strong>daemones</strong></span> <span class='ocrx_word' id='word_1_396' title='bbox 3073 2431 3305 2530; x_wconf 81' lang='lat' dir='ltr'><strong>expulit,</strong></span> <span class='ocrx_word' id='word_1_397' title='bbox 3331 2461 3433 2516; x_wconf 87' lang='lat' dir='ltr'><strong>La-</strong></span> 
     </span>
    </p>
   </div>
   <div class='ocr_carea' id='block_1_56' title="bbox 1864 2532 3432 2624">
    <p class='ocr_par' dir='ltr' id='par_1_56' title="bbox 1864 2532 3432 2624">
     <span class='ocr_line' id='line_1_56' title="bbox 1864 2532 3432 2624; baseline 0.021 -46"><span class='ocrx_word' id='word_1_398' title='bbox 1864 2541 2050 2582; x_wconf 84' lang='lat' dir='ltr'><strong>zarum</strong></span> <span class='ocrx_word' id='word_1_399' title='bbox 2079 2532 2498 2599; x_wconf 87' lang='lat' dir='ltr'><strong>quatriduanum</strong></span> <span class='ocrx_word' id='word_1_400' title='bbox 2527 2552 2592 2591; x_wconf 81' lang='lat' dir='ltr'><strong>ex</strong></span> <span class='ocrx_word' id='word_1_401' title='bbox 2621 2541 2852 2598; x_wconf 89' lang='lat' dir='ltr'><strong>mortuis</strong></span> <span class='ocrx_word' id='word_1_402' title='bbox 2877 2550 3169 2615; x_wconf 78' lang='lat' dir='ltr'><strong>revocavit,</strong></span> <span class='ocrx_word' id='word_1_403' title='bbox 3192 2561 3247 2607; x_wconf 91' lang='lat' dir='ltr'><strong>et</strong></span> <span class='ocrx_word' id='word_1_404' title='bbox 3275 2557 3432 2624; x_wconf 87' lang='lat' dir='ltr'><strong>quin-</strong></span> 
     </span>
    </p>
   </div>
   <div class='ocr_carea' id='block_1_57' title="bbox 1861 2620 3433 2713">
    <p class='ocr_par' dir='ltr' id='par_1_57' title="bbox 1861 2620 3433 2713">
     <span class='ocr_line' id='line_1_57' title="bbox 1861 2620 3433 2713; baseline 0.02 -44"><span class='ocrx_word' id='word_1_405' title='bbox 1861 2633 1968 2686; x_wconf 91' lang='lat' dir='ltr'><strong>que</strong></span> <span class='ocrx_word' id='word_1_406' title='bbox 1989 2620 2218 2688; x_wconf 84' lang='lat' dir='ltr'><strong>panibus</strong></span> <span class='ocrx_word' id='word_1_407' title='bbox 2239 2624 2480 2694; x_wconf 88' lang='lat' dir='ltr'><strong>quinque</strong></span> <span class='ocrx_word' id='word_1_408' title='bbox 2501 2626 2783 2685; x_wconf 89' lang='lat' dir='ltr'><strong>hominum</strong></span> <span class='ocrx_word' id='word_1_409' title='bbox 2834 2635 3004 2692; x_wconf 87' lang='lat' dir='ltr'><strong>millia</strong></span> <span class='ocrx_word' id='word_1_410' title='bbox 3031 2620 3316 2713; x_wconf 72' lang='lat' dir='ltr'><strong>saturavit,</strong></span> <span class='ocrx_word' id='word_1_411' title='bbox 3341 2660 3433 2701; x_wconf 60' lang='lat' dir='ltr'><strong>suo</strong></span> 
     </span>
    </p>
   </div>
   <div class='ocr_carea' id='block_1_58' title="bbox 1862 2714 3431 2801">
    <p class='ocr_par' dir='ltr' id='par_1_58' title="bbox 1862 2714 3431 2801">
     <span class='ocr_line' id='line_1_58' title="bbox 1862 2714 3431 2801; baseline 0.022 -42"><span class='ocrx_word' id='word_1_412' title='bbox 1862 2720 1957 2775; x_wconf 87' lang='lat' dir='ltr'><strong>pra</strong></span> <span class='ocrx_word' id='word_1_413' title='bbox 1989 2723 2138 2764; x_wconf 85' lang='lat' dir='ltr'><strong>mare</strong></span> <span class='ocrx_word' id='word_1_414' title='bbox 2159 2714 2473 2780; x_wconf 86' lang='lat' dir='ltr'><strong>ambulavit,</strong></span> <span class='ocrx_word' id='word_1_415' title='bbox 2494 2732 2687 2787; x_wconf 89' lang='lat' dir='ltr'><strong>aquam</strong></span> <span class='ocrx_word' id='word_1_416' title='bbox 2712 2721 2763 2774; x_wconf 94' lang='lat' dir='ltr'><strong>ln</strong></span> <span class='ocrx_word' id='word_1_417' title='bbox 2789 2723 2972 2780; x_wconf 88' lang='lat' dir='ltr'><strong>vinum</strong></span> <span class='ocrx_word' id='word_1_418' title='bbox 2998 2735 3284 2801; x_wconf 88' lang='lat' dir='ltr'><strong>convertit,</strong></span> <span class='ocrx_word' id='word_1_419' title='bbox 3321 2737 3431 2792; x_wconf 73' lang='lat' dir='ltr'><strong>lue-</strong></span> 
     </span>
    </p>
   </div>
   <div class='ocr_carea' id='block_1_59' title="bbox 1860 2799 3430 2898">
    <p class='ocr_par' dir='ltr' id='par_1_59' title="bbox 1860 2799 3430 2898">
     <span class='ocr_line' id='line_1_59' title="bbox 1860 2799 3430 2898; baseline 0.022 -49"><span class='ocrx_word' id='word_1_420' title='bbox 1860 2799 2211 2857; x_wconf 71' lang='lat' dir='ltr'><strong>morrhoissaa</strong></span> <span class='ocrx_word' id='word_1_421' title='bbox 2244 2805 2458 2861; x_wconf 82' lang='lat' dir='ltr'><strong>mulieri</strong></span> <span class='ocrx_word' id='word_1_422' title='bbox 2482 2811 2805 2869; x_wconf 86' lang='lat' dir='ltr'><strong>medicinam</strong></span> <span class='ocrx_word' id='word_1_423' title='bbox 2845 2815 2990 2884; x_wconf 86' lang='lat' dir='ltr'><strong>fecit,</strong></span> <span class='ocrx_word' id='word_1_424' title='bbox 3015 2799 3430 2898; x_wconf 27' lang='lat' dir='ltr'><strong>archisyn-agogi</strong></span> 
     </span>
    </p>
   </div>
   <div class='ocr_carea' id='block_1_60' title="bbox 1859 2889 3433 2979">
    <p class='ocr_par' dir='ltr' id='par_1_60' title="bbox 1859 2889 3433 2979">
     <span class='ocr_line' id='line_1_60' title="bbox 1859 2889 3433 2979; baseline 0.02 -38"><span class='ocrx_word' id='word_1_425' title='bbox 1859 2889 2022 2943; x_wconf 85' lang='lat' dir='ltr'><strong>ﬁliam</strong></span> <span class='ocrx_word' id='word_1_426' title='bbox 2046 2893 2369 2949; x_wconf 73' lang='lat' dir='ltr'><strong>exstinctam</strong></span> <span class='ocrx_word' id='word_1_427' title='bbox 2392 2898 2514 2952; x_wconf 67' lang='lat' dir='ltr'><strong>vitae</strong></span> <span class='ocrx_word' id='word_1_428' title='bbox 2534 2901 2791 2958; x_wconf 82' lang='lat' dir='ltr'><strong>restituit.</strong></span> <span class='ocrx_word' id='word_1_429' title='bbox 2816 2905 2886 2961; x_wconf 82' lang='lat' dir='ltr'><strong>At</strong></span> <span class='ocrx_word' id='word_1_430' title='bbox 2908 2905 3104 2979; x_wconf 76' lang='lat' dir='ltr'><strong>Judaei,</strong></span> <span class='ocrx_word' id='word_1_431' title='bbox 3133 2889 3337 2969; x_wconf 68' lang='lat' dir='ltr'><strong>invidia</strong></span> <span class='ocrx_word' id='word_1_432' title='bbox 3367 2889 3433 2973; x_wconf 70' lang='grc' dir='ltr'><strong>ἕο</strong></span> 
     </span>
    </p>
   </div>
   <div class='ocr_carea' id='block_1_61' title="bbox 1858 2980 3427 3074">
    <p class='ocr_par' dir='ltr' id='par_1_61' title="bbox 1858 2980 3427 3074">
     <span class='ocr_line' id='line_1_61' title="bbox 1858 2980 3427 3074; baseline 0.02 -41"><span class='ocrx_word' id='word_1_433' title='bbox 1858 2980 2030 3038; x_wconf 87' lang='lat' dir='ltr'><strong>livore</strong></span> <span class='ocrx_word' id='word_1_434' title='bbox 2071 2985 2326 3051; x_wconf 87' lang='lat' dir='ltr'><strong>permoti,</strong></span> <span class='ocrx_word' id='word_1_435' title='bbox 2376 2990 2537 3044; x_wconf 88' lang='lat' dir='ltr'><strong>modo</strong></span> <span class='ocrx_word' id='word_1_436' title='bbox 2590 3007 2716 3048; x_wconf 89' lang='lat' dir='ltr'><strong>cum</strong></span> <span class='ocrx_word' id='word_1_437' title='bbox 2755 2995 3027 3066; x_wconf 88' lang='lat' dir='ltr'><strong>lapidibus</strong></span> <span class='ocrx_word' id='word_1_438' title='bbox 3081 3007 3427 3074; x_wconf 86' lang='lat' dir='ltr'><strong>appetebant.</strong></span> 
     </span>
    </p>
   </div>
   <div class='ocr_carea' id='block_1_62' title="bbox 179 3073 1762 3172">
    <p class='ocr_par' dir='ltr' id='par_1_62' title="bbox 179 3073 1753 3172">
     <span class='ocr_line' id='line_1_62' title="bbox 179 3073 1753 3172; baseline -0.001 -44"><span class='ocrx_word' id='word_1_439' title='bbox 179 3092 271 3148; x_wconf 84' lang='grc' dir='ltr'><strong>γου</strong></span> <span class='ocrx_word' id='word_1_440' title='bbox 301 3075 576 3130; x_wconf 85' lang='grc' dir='ltr'><strong>θανοῦσαν</strong></span> <span class='ocrx_word' id='word_1_441' title='bbox 632 3075 1027 3146; x_wconf 86' lang='grc' dir='ltr'><strong>ἐζωοποίησεν·</strong></span> <span class='ocrx_word' id='word_1_442' title='bbox 1052 3073 1309 3172; x_wconf 65' lang='grc' dir='ltr'><strong>ἸουδαῖοιΔ</strong></span> <span class='ocrx_word' id='word_1_443' title='bbox 1322 3073 1402 3172; x_wconf 40' lang='grc' dir='ltr'><strong>δέ.</strong></span> <span class='ocrx_word' id='word_1_444' title='bbox 1418 3073 1524 3172; x_wconf 63' lang='grc' dir='ltr'><strong>ὑπὸ</strong></span> <span class='ocrx_word' id='word_1_445' title='bbox 1557 3073 1753 3172; x_wconf 80' lang='grc' dir='ltr'>φθόνου</span> 
     </span>
    </p>
   </div>
   <div class='ocr_carea' id='block_1_63' title="bbox 1868 3073 3430 3172">
    <p class='ocr_par' dir='ltr' id='par_1_63' title="bbox 1868 3073 3430 3164">
     <span class='ocr_line' id='line_1_63' title="bbox 1868 3073 3430 3164; baseline 0.02 -40"><span class='ocrx_word' id='word_1_446' title='bbox 1868 3073 2021 3128; x_wconf 89' lang='lat' dir='ltr'><strong>modo</strong></span> <span class='ocrx_word' id='word_1_447' title='bbox 2077 3077 2408 3147; x_wconf 67' lang='lat' dir='ltr'><strong>praecipitem</strong></span> <span class='ocrx_word' id='word_1_448' title='bbox 2447 3082 2578 3139; x_wconf 89' lang='lat' dir='ltr'><strong>dare</strong></span> <span class='ocrx_word' id='word_1_449' title='bbox 2623 3089 2801 3144; x_wconf 90' lang='lat' dir='ltr'><strong>conati</strong></span> <span class='ocrx_word' id='word_1_450' title='bbox 2846 3101 2996 3157; x_wconf 90' lang='lat' dir='ltr'><strong>sunt,</strong></span> <span class='ocrx_word' id='word_1_451' title='bbox 3040 3073 3323 3164; x_wconf 80' lang='lat' dir='ltr'><strong>postremo</strong></span> <span class='ocrx_word' id='word_1_452' title='bbox 3371 3100 3430 3156; x_wconf 87' lang='lat' dir='ltr'><strong>in</strong></span> 
     </span>
    </p>
   </div>
   <div class='ocr_carea' id='block_1_64' title="bbox 181 3161 1749 3235">
    <p class='ocr_par' dir='ltr' id='par_1_64' title="bbox 181 3161 1749 3235">
     <span class='ocr_line' id='line_1_64' title="bbox 181 3161 1749 3235; baseline 0.001 -19"><span class='ocrx_word' id='word_1_453' title='bbox 181 3165 269 3217; x_wconf 78' lang='grc' dir='ltr'><strong>καὶ</strong></span> <span class='ocrx_word' id='word_1_454' title='bbox 309 3165 614 3235; x_wconf 80' lang='grc' dir='ltr'><strong>βασκανίας</strong></span> <span class='ocrx_word' id='word_1_455' title='bbox 650 3164 978 3234; x_wconf 76' lang='grc' dir='ltr'>κινηθέντες,</span> <span class='ocrx_word' id='word_1_456' title='bbox 1002 3164 1134 3218; x_wconf 88' lang='grc' dir='ltr'><strong>ποτέ</strong></span> <span class='ocrx_word' id='word_1_457' title='bbox 1169 3163 1269 3234; x_wconf 81' lang='grc' dir='ltr'><strong>μὲν</strong></span> <span class='ocrx_word' id='word_1_458' title='bbox 1294 3161 1536 3227; x_wconf 87' lang='grc' dir='ltr'><strong>ἐλίθαζον</strong></span> <span class='ocrx_word' id='word_1_459' title='bbox 1569 3164 1749 3233; x_wconf 84' lang='grc' dir='ltr'><strong>αὑτὸν,</strong></span> 
     </span>
    </p>
   </div>
   <div class='ocr_carea' id='block_1_65' title="bbox 181 3255 1750 3329">
    <p class='ocr_par' dir='ltr' id='par_1_65' title="bbox 181 3255 1750 3329">
     <span class='ocr_line' id='line_1_65' title="bbox 181 3255 1750 3329; baseline 0.001 -18"><span class='ocrx_word' id='word_1_460' title='bbox 181 3261 304 3313; x_wconf 73' lang='grc' dir='ltr'><strong>ποεέ</strong></span> <span class='ocrx_word' id='word_1_461' title='bbox 343 3259 402 3312; x_wconf 74' lang='grc' dir='ltr'><strong>δὲ</strong></span> <span class='ocrx_word' id='word_1_462' title='bbox 444 3256 914 3329; x_wconf 77' lang='grc' dir='ltr'><strong>κατακρημνίζειν</strong></span> <span class='ocrx_word' id='word_1_463' title='bbox 961 3255 1285 3329; x_wconf 73' lang='grc' dir='ltr'><strong>ἐπειρῶντο,</strong></span> <span class='ocrx_word' id='word_1_464' title='bbox 1334 3255 1648 3311; x_wconf 83' lang='grc' dir='ltr'><strong>τελευταῖον</strong></span> <span class='ocrx_word' id='word_1_465' title='bbox 1693 3259 1750 3312; x_wconf 83' lang='grc' dir='ltr'><strong>δὲ</strong></span> 
     </span>
    </p>
   </div>
   <div class='ocr_carea' id='block_1_66' title="bbox 180 3349 1025 3420">
    <p class='ocr_par' dir='ltr' id='par_1_66' title="bbox 180 3349 1025 3420">
     <span class='ocr_line' id='line_1_66' title="bbox 180 3349 1025 3420; baseline 0 -17"><span class='ocrx_word' id='word_1_466' title='bbox 180 3351 270 3404; x_wconf 80' lang='grc' dir='ltr'><strong>καὶ</strong></span> <span class='ocrx_word' id='word_1_467' title='bbox 294 3351 386 3405; x_wconf 79' lang='grc' dir='ltr'><strong>ἐπὶ</strong></span> <span class='ocrx_word' id='word_1_468' title='bbox 409 3351 506 3405; x_wconf 76' lang='grc' dir='ltr'><strong>τὸν</strong></span> <span class='ocrx_word' id='word_1_469' title='bbox 535 3349 768 3420; x_wconf 85' lang='grc' dir='ltr'><strong>σταυρὸν</strong></span> <span class='ocrx_word' id='word_1_470' title='bbox 796 3350 1025 3419; x_wconf 74' lang='grc' dir='ltr'><strong>ἧγαγον.</strong></span> 
     </span>
    </p>
   </div>
   <div class='ocr_carea' id='block_1_67' title="bbox 241 3440 1745 3512">
    <p class='ocr_par' dir='ltr' id='par_1_67' title="bbox 241 3440 1745 3512">
     <span class='ocr_line' id='line_1_67' title="bbox 241 3440 1745 3512; baseline 0.001 -16"><span class='ocrx_word' id='word_1_471' title='bbox 241 3443 300 3496; x_wconf 83' lang='grc' dir='ltr'><strong>δ’.</strong></span> <span class='ocrx_word' id='word_1_472' title='bbox 335 3442 482 3496; x_wconf 81' lang='grc' dir='ltr'><strong>Ἀλλ’</strong></span> <span class='ocrx_word' id='word_1_473' title='bbox 504 3443 534 3494; x_wconf 87' lang='lat'><strong>6</strong></span> <span class='ocrx_word' id='word_1_474' title='bbox 559 3441 764 3512; x_wconf 84' lang='grc' dir='ltr'><strong>Κύριος</strong></span> <span class='ocrx_word' id='word_1_475' title='bbox 789 3440 946 3512; x_wconf 80' lang='grc' dir='ltr'><strong>ημῶν</strong></span> <span class='ocrx_word' id='word_1_476' title='bbox 971 3440 1182 3512; x_wconf 80' lang='grc' dir='ltr'>Ἰησοῦς</span> <span class='ocrx_word' id='word_1_477' title='bbox 1211 3441 1445 3512; x_wconf 84' lang='grc' dir='ltr'><strong>Χριστὸς</strong></span> <span class='ocrx_word' id='word_1_478' title='bbox 1473 3444 1574 3496; x_wconf 88' lang='grc' dir='ltr'><strong>οὐκ</strong></span> <span class='ocrx_word' id='word_1_479' title='bbox 1620 3444 1745 3512; x_wconf 83' lang='grc' dir='ltr'><strong>ἐμι-</strong></span> 
     </span>
    </p>
   </div>
   <div class='ocr_carea' id='block_1_68' title="bbox 179 3530 1744 3606">
    <p class='ocr_par' dir='ltr' id='par_1_68' title="bbox 179 3530 1744 3606">
     <span class='ocr_line' id='line_1_68' title="bbox 179 3530 1744 3606; baseline -0.002 -18"><span class='ocrx_word' id='word_1_480' title='bbox 179 3536 384 3606; x_wconf 80' lang='grc' dir='ltr'><strong>μήσατο</strong></span> <span class='ocrx_word' id='word_1_481' title='bbox 411 3533 524 3587; x_wconf 90' lang='grc' dir='ltr'><strong>τῶν</strong></span> <span class='ocrx_word' id='word_1_482' title='bbox 553 3530 892 3602; x_wconf 84' lang='grc' dir='ltr'><strong>βλασφήμων</strong></span> <span class='ocrx_word' id='word_1_483' title='bbox 925 3531 1196 3585; x_wconf 84' lang='grc' dir='ltr'>Ἰουδαίων</span> <span class='ocrx_word' id='word_1_484' title='bbox 1229 3532 1327 3605; x_wconf 80' lang='grc' dir='ltr'><strong>τὴν</strong></span> <span class='ocrx_word' id='word_1_485' title='bbox 1361 3532 1579 3598; x_wconf 87' lang='grc' dir='ltr'><strong>κακίαν,</strong></span> <span class='ocrx_word' id='word_1_486' title='bbox 1609 3533 1744 3586; x_wconf 90' lang='grc' dir='ltr'><strong>ἀλλά</strong></span> 
     </span>
    </p>
   </div>
   <div class='ocr_carea' id='block_1_69' title="bbox 178 3626 1744 3699">
    <p class='ocr_par' dir='ltr' id='par_1_69' title="bbox 178 3626 1744 3699">
     <span class='ocr_line' id='line_1_69' title="bbox 178 3626 1744 3699; baseline -0.001 -20"><span class='ocrx_word' id='word_1_487' title='bbox 178 3629 267 3679; x_wconf 78' lang='grc' dir='ltr'><strong>καὶ</strong></span> <span class='ocrx_word' id='word_1_488' title='bbox 297 3627 387 3681; x_wconf 78' lang='grc' dir='ltr'><strong>τὸν</strong></span> <span class='ocrx_word' id='word_1_489' title='bbox 416 3626 592 3680; x_wconf 91' lang='grc' dir='ltr'><strong>νῶτον</strong></span> <span class='ocrx_word' id='word_1_490' title='bbox 622 3626 792 3678; x_wconf 78' lang='grc' dir='ltr'>ἐδίδου</span> <span class='ocrx_word' id='word_1_491' title='bbox 819 3626 896 3688; x_wconf 89' lang='grc' dir='ltr'>είς</span> <span class='ocrx_word' id='word_1_492' title='bbox 930 3627 1200 3696; x_wconf 88' lang='grc' dir='ltr'><strong>μάστιγας</strong></span> <span class='ocrx_word' id='word_1_493' title='bbox 1233 3626 1377 3679; x_wconf 87' lang='grc' dir='ltr'><strong>κατά</strong></span> <span class='ocrx_word' id='word_1_494' title='bbox 1400 3627 1491 3679; x_wconf 84' lang='grc' dir='ltr'><strong>τὸν</strong></span> <span class='ocrx_word' id='word_1_495' title='bbox 1528 3627 1744 3699; x_wconf 79' lang='grc' dir='ltr'><strong>προφη-</strong></span> 
     </span>
    </p>
   </div>
   <div class='ocr_carea' id='block_1_70' title="bbox 1859 3179 2349 3241">
    <p class='ocr_par' dir='ltr' id='par_1_70' title="bbox 1859 3179 2349 3241">
     <span class='ocr_line' id='line_1_70' title="bbox 1859 3179 2349 3241; baseline 0.01 -19"><span class='ocrx_word' id='word_1_496' title='bbox 1859 3180 2073 3222; x_wconf 90' lang='lat' dir='ltr'><strong>crucem</strong></span> <span class='ocrx_word' id='word_1_497' title='bbox 2106 3179 2349 3241; x_wconf 86' lang='lat' dir='ltr'><strong>egerunt.</strong></span> 
     </span>
    </p>
   </div>
   <div class='ocr_carea' id='block_1_71' title="bbox 1924 3437 3429 3519">
    <p class='ocr_par' dir='ltr' id='par_1_71' title="bbox 1924 3437 3429 3519">
     <span class='ocr_line' id='line_1_71' title="bbox 1924 3437 3429 3519; baseline 0.019 -30"><span class='ocrx_word' id='word_1_498' title='bbox 1924 3437 1978 3491; x_wconf 75' lang='grc'><strong>4.</strong></span> <span class='ocrx_word' id='word_1_499' title='bbox 2030 3437 2412 3498; x_wconf 84' lang='lat' dir='ltr'><strong>Verumtamen</strong></span> <span class='ocrx_word' id='word_1_500' title='bbox 2455 3443 2719 3503; x_wconf 88' lang='lat' dir='ltr'><strong>Dominus</strong></span> <span class='ocrx_word' id='word_1_501' title='bbox 2763 3463 2947 3507; x_wconf 75' lang='lat' dir='ltr'><strong>noeter</strong></span> <span class='ocrx_word' id='word_1_502' title='bbox 2980 3451 3144 3512; x_wconf 83' lang='lat' dir='ltr'><strong>Jesus</strong></span> <span class='ocrx_word' id='word_1_503' title='bbox 3174 3458 3429 3519; x_wconf 87' lang='lat' dir='ltr'><strong>Christus</strong></span> 
     </span>
    </p>
   </div>
   <div class='ocr_carea' id='block_1_72' title="bbox 1854 3530 3424 3619">
    <p class='ocr_par' dir='ltr' id='par_1_72' title="bbox 1854 3530 3424 3619">
     <span class='ocr_line' id='line_1_72' title="bbox 1854 3530 3424 3619; baseline 0.018 -39"><span class='ocrx_word' id='word_1_504' title='bbox 1854 3539 2060 3584; x_wconf 89' lang='lat' dir='ltr'><strong>nonest</strong></span> <span class='ocrx_word' id='word_1_505' title='bbox 2085 3530 2324 3588; x_wconf 88' lang='lat' dir='ltr'><strong>imitatus</strong></span> <span class='ocrx_word' id='word_1_506' title='bbox 2344 3534 2785 3606; x_wconf 87' lang='lat' dir='ltr'><strong>blasphemorum</strong></span> <span class='ocrx_word' id='word_1_507' title='bbox 2802 3540 3111 3602; x_wconf 67' lang='lat' dir='ltr'><strong>Iudaeorum</strong></span> <span class='ocrx_word' id='word_1_508' title='bbox 3138 3551 3424 3619; x_wconf 87' lang='lat' dir='ltr'><strong>malitiam,</strong></span> 
     </span>
    </p>
   </div>
   <div class='ocr_carea' id='block_1_73' title="bbox 1853 3617 3427 3708">
    <p class='ocr_par' dir='ltr' id='par_1_73' title="bbox 1853 3617 3427 3708">
     <span class='ocr_line' id='line_1_73' title="bbox 1853 3617 3427 3708; baseline 0.019 -38"><span class='ocrx_word' id='word_1_509' title='bbox 1853 3617 1946 3671; x_wconf 86' lang='lat' dir='ltr'><strong>sed</strong></span> <span class='ocrx_word' id='word_1_510' title='bbox 1984 3618 2209 3676; x_wconf 89' lang='lat' dir='ltr'><strong>dorsum</strong></span> <span class='ocrx_word' id='word_1_511' title='bbox 2254 3623 2483 3696; x_wconf 84' lang='lat' dir='ltr'><strong>ﬂagellis</strong></span> <span class='ocrx_word' id='word_1_512' title='bbox 2514 3629 2732 3695; x_wconf 92' lang='lat' dir='ltr'><strong>obtulit,</strong></span> <span class='ocrx_word' id='word_1_513' title='bbox 2772 3641 2832 3686; x_wconf 91' lang='lat' dir='ltr'><strong>ut</strong></span> <span class='ocrx_word' id='word_1_514' title='bbox 2875 3634 2952 3688; x_wconf 92' lang='lat' dir='ltr'><strong>ait</strong></span> <span class='ocrx_word' id='word_1_515' title='bbox 2981 3640 3244 3708; x_wconf 83' lang='lat' dir='ltr'><strong>propheta</strong></span> <span class='ocrx_word' id='word_1_516' title='bbox 3274 3644 3336 3707; x_wconf 80' lang='lat'><strong>&quot;,</strong></span> <span class='ocrx_word' id='word_1_517' title='bbox 3373 3617 3427 3700; x_wconf 84' lang='lat' dir='ltr'><strong>et</strong></span> 
     </span>
    </p>
   </div>
   <div class='ocr_carea' id='block_1_74' title="bbox 1851 3711 3426 3797">
    <p class='ocr_par' dir='ltr' id='par_1_74' title="bbox 1851 3711 3426 3797">
     <span class='ocr_line' id='line_1_74' title="bbox 1851 3711 3426 3797; baseline 0.02 -35"><span class='ocrx_word' id='word_1_518' title='bbox 1851 3711 2100 3768; x_wconf 78' lang='lat' dir='ltr'><strong>maxillas</strong></span> <span class='ocrx_word' id='word_1_519' title='bbox 2141 3716 2332 3784; x_wconf 83' lang='lat' dir='ltr'><strong>alapis,</strong></span> <span class='ocrx_word' id='word_1_520' title='bbox 2367 3733 2544 3788; x_wconf 87' lang='lat' dir='ltr'><strong>neque</strong></span> <span class='ocrx_word' id='word_1_521' title='bbox 2575 3721 2769 3778; x_wconf 83' lang='lat' dir='ltr'><strong>faciem</strong></span> <span class='ocrx_word' id='word_1_522' title='bbox 2801 3739 2830 3780; x_wconf 89' lang='lat' dir='ltr'><strong>a</strong></span> <span class='ocrx_word' id='word_1_523' title='bbox 2866 3737 3152 3797; x_wconf 87' lang='lat' dir='ltr'><strong>sputorum</strong></span> <span class='ocrx_word' id='word_1_524' title='bbox 3181 3732 3426 3793; x_wconf 56' lang='lat' dir='ltr'><strong>foeditate</strong></span> 
     </span>
    </p>
   </div>
   <div class='ocr_carea' id='block_1_75' title="bbox 175 3804 1762 3884">
    <p class='ocr_par' dir='ltr' id='par_1_75' title="bbox 175 3805 1742 3880">
     <span class='ocr_line' id='line_1_75' title="bbox 175 3805 1742 3880; baseline 0.004 -23"><span class='ocrx_word' id='word_1_525' title='bbox 175 3808 268 3860; x_wconf 69' lang='lat' dir='ltr'><strong>sint</strong></span> <span class='ocrx_word' id='word_1_526' title='bbox 297 3805 646 3877; x_wconf 81' lang='grc' dir='ltr'><strong>ἀπέστρεψεν</strong></span> <span class='ocrx_word' id='word_1_527' title='bbox 696 3806 757 3858; x_wconf 81' lang='grc' dir='ltr'><strong>τὸ</strong></span> <span class='ocrx_word' id='word_1_528' title='bbox 801 3805 1092 3875; x_wconf 87' lang='grc' dir='ltr'><strong>πρόσωπον</strong></span> <span class='ocrx_word' id='word_1_529' title='bbox 1125 3806 1291 3860; x_wconf 79' lang='grc' dir='ltr'><strong>αὐτοῦ</strong></span> <span class='ocrx_word' id='word_1_530' title='bbox 1342 3807 1450 3861; x_wconf 86' lang='grc' dir='ltr'><strong>ἀπὸ</strong></span> <span class='ocrx_word' id='word_1_531' title='bbox 1480 3809 1742 3880; x_wconf 72' lang='grc' dir='ltr'><strong>αἰσχύνης</strong></span> 
     </span>
    </p>
   </div>
   <div class='ocr_carea' id='block_1_76' title="bbox 1868 3804 3422 3884">
    <p class='ocr_par' dir='ltr' id='par_1_76' title="bbox 1868 3804 3422 3884">
     <span class='ocr_line' id='line_1_76' title="bbox 1868 3804 3422 3884; baseline 0.02 -30"><span class='ocrx_word' id='word_1_532' title='bbox 1868 3804 2042 3859; x_wconf 79' lang='lat' dir='ltr'><strong>ivertit</strong></span> <span class='ocrx_word' id='word_1_533' title='bbox 2073 3822 2087 3860; x_wconf 89' lang='lat'><strong>:</strong></span> <span class='ocrx_word' id='word_1_534' title='bbox 2118 3806 2350 3878; x_wconf 88' lang='lat' dir='ltr'><strong>denique</strong></span> <span class='ocrx_word' id='word_1_535' title='bbox 2375 3820 2628 3881; x_wconf 85' lang='lat' dir='ltr'><strong>tanquam</strong></span> <span class='ocrx_word' id='word_1_536' title='bbox 2657 3818 2764 3871; x_wconf 74' lang='lat' dir='ltr'><strong>ovis</strong></span> <span class='ocrx_word' id='word_1_537' title='bbox 2796 3820 2866 3873; x_wconf 83' lang='lat' dir='ltr'><strong>ad</strong></span> <span class='ocrx_word' id='word_1_538' title='bbox 2896 3822 3208 3879; x_wconf 74' lang='lat' dir='ltr'><strong>occisionem</strong></span> <span class='ocrx_word' id='word_1_539' title='bbox 3234 3829 3422 3884; x_wconf 80' lang='lat' dir='ltr'><strong>ductus</strong></span> 
     </span>
    </p>
   </div>
   <div class='ocr_carea' id='block_1_77' title="bbox 175 3896 1762 3984">
    <p class='ocr_par' dir='ltr' id='par_1_77' title="bbox 175 3896 1741 3970">
     <span class='ocr_line' id='line_1_77' title="bbox 175 3896 1741 3970; baseline 0.006 -24"><span class='ocrx_word' id='word_1_540' title='bbox 175 3897 576 3967; x_wconf 83' lang='grc' dir='ltr'><strong>ἐμπτυσμάτων</strong></span> <span class='ocrx_word' id='word_1_541' title='bbox 599 3913 614 3927; x_wconf 85' lang='grc'>⁶</span> <span class='ocrx_word' id='word_1_542' title='bbox 664 3897 761 3950; x_wconf 75' lang='grc' dir='ltr'><strong>καὶ</strong></span> <span class='ocrx_word' id='word_1_543' title='bbox 816 3896 877 3950; x_wconf 80' lang='grc' dir='ltr'><strong>τὸ</strong></span> <span class='ocrx_word' id='word_1_544' title='bbox 921 3899 1255 3965; x_wconf 77' lang='grc' dir='ltr'><strong>τελευταῖον,</strong></span> <span class='ocrx_word' id='word_1_545' title='bbox 1296 3899 1392 3965; x_wconf 80' lang='grc' dir='ltr'>Ὦς</span> <span class='ocrx_word' id='word_1_546' title='bbox 1443 3904 1741 3970; x_wconf 70' lang='grc' dir='ltr'><strong>πρόϐατον</strong></span> 
     </span>
    </p>
   </div>
   <div class='ocr_carea' id='block_1_78' title="bbox 1868 3896 3419 3984">
    <p class='ocr_par' dir='ltr' id='par_1_78' title="bbox 1868 3898 3419 3984">
     <span class='ocr_line' id='line_1_78' title="bbox 1868 3898 3419 3984; baseline 0.017 -35"><span class='ocrx_word' id='word_1_547' title='bbox 1868 3905 1944 3962; x_wconf 70' lang='lat' dir='ltr'><strong>rit,</strong></span> <span class='ocrx_word' id='word_1_548' title='bbox 1964 3905 2013 3951; x_wconf 80' lang='lat' dir='ltr'><strong>et</strong></span> <span class='ocrx_word' id='word_1_549' title='bbox 2036 3898 2170 3953; x_wconf 75' lang='lat' dir='ltr'><strong>velut</strong></span> <span class='ocrx_word' id='word_1_550' title='bbox 2196 3916 2370 3971; x_wconf 69' lang='lat' dir='ltr'><strong>agnus,</strong></span> <span class='ocrx_word' id='word_1_551' title='bbox 2389 3919 2565 3959; x_wconf 87' lang='lat' dir='ltr'><strong>coram</strong></span> <span class='ocrx_word' id='word_1_552' title='bbox 2583 3912 2893 3967; x_wconf 77' lang='lat' dir='ltr'><strong>tondenteu</strong></span> <span class='ocrx_word' id='word_1_553' title='bbox 2918 3913 3177 3970; x_wconf 77' lang='lat' dir='ltr'><strong>obmutuit</strong></span> <span class='ocrx_word' id='word_1_554' title='bbox 3206 3919 3271 3984; x_wconf 79' lang='lat'><strong>“,</strong></span> <span class='ocrx_word' id='word_1_555' title='bbox 3311 3938 3419 3976; x_wconf 92' lang='lat' dir='ltr'><strong>non</strong></span> 
     </span>
    </p>
   </div>
   <div class='ocr_carea' id='block_1_79' title="bbox 174 3988 1762 4078">
    <p class='ocr_par' dir='ltr' id='par_1_79' title="bbox 174 3988 1738 4060">
     <span class='ocr_line' id='line_1_79' title="bbox 174 3988 1738 4060; baseline 0.006 -22"><span class='ocrx_word' id='word_1_556' title='bbox 174 3988 261 4041; x_wconf 73' lang='grc' dir='ltr'><strong>ἐπὶ</strong></span> <span class='ocrx_word' id='word_1_557' title='bbox 295 3990 548 4060; x_wconf 74' lang='grc' dir='ltr'><strong>σφαγὴν</strong></span> <span class='ocrx_word' id='word_1_558' title='bbox 591 3988 774 4058; x_wconf 80' lang='grc' dir='ltr'>ἤχθη,</span> <span class='ocrx_word' id='word_1_559' title='bbox 826 3989 927 4044; x_wconf 77' lang='grc' dir='ltr'><strong>καὶ</strong></span> <span class='ocrx_word' id='word_1_560' title='bbox 980 3990 1062 4056; x_wconf 84' lang='grc' dir='ltr'><strong>ὡς</strong></span> <span class='ocrx_word' id='word_1_561' title='bbox 1107 3990 1296 4058; x_wconf 80' lang='grc' dir='ltr'><strong>ἀμνὸς</strong></span> <span class='ocrx_word' id='word_1_562' title='bbox 1327 3991 1603 4046; x_wconf 78' lang='grc' dir='ltr'><strong>ἐναντίαν</strong></span> <span class='ocrx_word' id='word_1_563' title='bbox 1631 3993 1738 4047; x_wconf 76' lang='grc' dir='ltr'><strong>τοῦ</strong></span> 
     </span>
    </p>
   </div>
   <div class='ocr_carea' id='block_1_80' title="bbox 1868 3988 3416 4078">
    <p class='ocr_par' dir='ltr' id='par_1_80' title="bbox 1868 3989 3416 4078">
     <span class='ocr_line' id='line_1_80' title="bbox 1868 3989 3416 4078; baseline 0.017 -37"><span class='ocrx_word' id='word_1_564' title='bbox 1868 3989 2126 4054; x_wconf 58' lang='lat' dir='ltr'><strong>*esistens,</strong></span> <span class='ocrx_word' id='word_1_565' title='bbox 2160 4007 2267 4048; x_wconf 90' lang='lat' dir='ltr'><strong>non</strong></span> <span class='ocrx_word' id='word_1_566' title='bbox 2290 3997 2670 4054; x_wconf 88' lang='lat' dir='ltr'><strong>contradicens</strong></span> <span class='ocrx_word' id='word_1_567' title='bbox 2695 4016 2710 4054; x_wconf 89' lang='lat'><strong>:</strong></span> <span class='ocrx_word' id='word_1_568' title='bbox 2737 4002 3088 4073; x_wconf 83' lang='lat' dir='ltr'><strong>blasphemiis</strong></span> <span class='ocrx_word' id='word_1_569' title='bbox 3108 4012 3416 4078; x_wconf 87' lang='lat' dir='ltr'><strong>perculsus,</strong></span> 
     </span>
    </p>
   </div>
   <div class='ocr_carea' id='block_1_81' title="bbox 176 4081 1762 4162">
    <p class='ocr_par' dir='ltr' id='par_1_81' title="bbox 176 4081 1738 4154">
     <span class='ocr_line' id='line_1_81' title="bbox 176 4081 1738 4154; baseline 0.006 -24"><span class='ocrx_word' id='word_1_570' title='bbox 176 4082 474 4148; x_wconf 82' lang='grc' dir='ltr'><strong>κείραντος</strong></span> <span class='ocrx_word' id='word_1_571' title='bbox 509 4081 699 4136; x_wconf 78' lang='grc' dir='ltr'><strong>αὑτὸν</strong></span> <span class='ocrx_word' id='word_1_572' title='bbox 725 4081 983 4151; x_wconf 72' lang='grc' dir='ltr'><strong>ἄφωνος,</strong></span> <span class='ocrx_word' id='word_1_573' title='bbox 1009 4083 1109 4136; x_wconf 85' lang='grc' dir='ltr'><strong>οὐκ</strong></span> <span class='ocrx_word' id='word_1_574' title='bbox 1143 4083 1617 4154; x_wconf 87' lang='grc' dir='ltr'><strong>ἀντιτασσόμενος,</strong></span> <span class='ocrx_word' id='word_1_575' title='bbox 1637 4085 1738 4140; x_wconf 82' lang='grc' dir='ltr'><strong>οὐκ</strong></span> 
     </span>
    </p>
   </div>
   <div class='ocr_carea' id='block_1_82' title="bbox 1868 4081 3417 4162">
    <p class='ocr_par' dir='ltr' id='par_1_82' title="bbox 1868 4082 3417 4162">
     <span class='ocr_line' id='line_1_82' title="bbox 1868 4082 3417 4162; baseline 0.018 -31"><span class='ocrx_word' id='word_1_576' title='bbox 1868 4094 1953 4134; x_wconf 86' lang='lat' dir='ltr'><strong>ton</strong></span> <span class='ocrx_word' id='word_1_577' title='bbox 2003 4082 2248 4138; x_wconf 86' lang='lat' dir='ltr'><strong>vicissim</strong></span> <span class='ocrx_word' id='word_1_578' title='bbox 2282 4085 2659 4156; x_wconf 86' lang='lat' dir='ltr'><strong>maledicebat,</strong></span> <span class='ocrx_word' id='word_1_579' title='bbox 2701 4094 2912 4162; x_wconf 88' lang='lat' dir='ltr'><strong>patiens</strong></span> <span class='ocrx_word' id='word_1_580' title='bbox 2966 4113 3074 4152; x_wconf 92' lang='lat' dir='ltr'><strong>non</strong></span> <span class='ocrx_word' id='word_1_581' title='bbox 3119 4103 3417 4159; x_wconf 87' lang='lat' dir='ltr'><strong>commina-</strong></span> 
     </span>
    </p>
   </div>
   <div class='ocr_carea' id='block_1_83' title="bbox 175 4170 1762 4260">
    <p class='ocr_par' dir='ltr' id='par_1_83' title="bbox 175 4171 1735 4247">
     <span class='ocr_line' id='line_1_83' title="bbox 175 4171 1735 4247; baseline 0.007 -26"><span class='ocrx_word' id='word_1_582' title='bbox 175 4171 458 4241; x_wconf 81' lang='grc' dir='ltr'><strong>ἀντιλέγων</strong></span> <span class='ocrx_word' id='word_1_583' title='bbox 481 4190 495 4203; x_wconf 70' lang='grc'><strong><em>⁸</em></strong></span> <span class='ocrx_word' id='word_1_584' title='bbox 534 4172 1026 4244; x_wconf 84' lang='grc' dir='ltr'><strong>βλασφημούμενος</strong></span> <span class='ocrx_word' id='word_1_585' title='bbox 1057 4174 1158 4228; x_wconf 82' lang='grc' dir='ltr'><strong>οὐκ</strong></span> <span class='ocrx_word' id='word_1_586' title='bbox 1196 4177 1554 4247; x_wconf 83' lang='grc' dir='ltr'><strong>ἀντελοιδόρει</strong></span> <span class='ocrx_word' id='word_1_587' title='bbox 1575 4218 1591 4242; x_wconf 92' lang='grc'>,</span> <span class='ocrx_word' id='word_1_588' title='bbox 1626 4177 1735 4232; x_wconf 85' lang='grc' dir='ltr'><strong>πά-</strong></span> 
     </span>
    </p>
   </div>
   <div class='ocr_carea' id='block_1_84' title="bbox 1868 4170 3414 4260">
    <p class='ocr_par' dir='ltr' id='par_1_84' title="bbox 1868 4176 3414 4260">
     <span class='ocr_line' id='line_1_84' title="bbox 1868 4176 3414 4260; baseline 0.02 -36"><span class='ocrx_word' id='word_1_589' title='bbox 1868 4181 2023 4239; x_wconf 80' lang='lat' dir='ltr'><strong>iatur,</strong></span> <span class='ocrx_word' id='word_1_590' title='bbox 2059 4176 2154 4230; x_wconf 86' lang='lat' dir='ltr'><strong>sed</strong></span> <span class='ocrx_word' id='word_1_591' title='bbox 2192 4181 2545 4250; x_wconf 82' lang='lat' dir='ltr'><strong>semetipsum</strong></span> <span class='ocrx_word' id='word_1_592' title='bbox 2601 4183 2868 4252; x_wconf 90' lang='lat' dir='ltr'><strong>judicanti</strong></span> <span class='ocrx_word' id='word_1_593' title='bbox 2903 4192 3268 4260; x_wconf 84' lang='lat' dir='ltr'><strong>permittebat.</strong></span> <span class='ocrx_word' id='word_1_594' title='bbox 3295 4196 3414 4254; x_wconf 86' lang='lat' dir='ltr'><strong>Non</strong></span> 
     </span>
    </p>
   </div>
   <div class='ocr_carea' id='block_1_85' title="bbox 178 4262 1762 4359">
    <p class='ocr_par' dir='ltr' id='par_1_85' title="bbox 178 4262 1731 4359">
     <span class='ocr_line' id='line_1_85' title="bbox 178 4262 1731 4359; baseline 0.008 -50"><span class='ocrx_word' id='word_1_595' title='bbox 178 4273 313 4327; x_wconf 81' lang='grc' dir='ltr'><strong>σχων</strong></span> <span class='ocrx_word' id='word_1_596' title='bbox 343 4264 442 4315; x_wconf 75' lang='grc' dir='ltr'><strong>οὐκ</strong></span> <span class='ocrx_word' id='word_1_597' title='bbox 462 4262 704 4332; x_wconf 70' lang='grc' dir='ltr'><strong>⁴Ινιπείλει,</strong></span> <span class='ocrx_word' id='word_1_598' title='bbox 721 4263 1021 4332; x_wconf 87' lang='grc' dir='ltr'><strong>παρεδίδου</strong></span> <span class='ocrx_word' id='word_1_599' title='bbox 1044 4263 1102 4317; x_wconf 85' lang='grc' dir='ltr'><strong>δὲ</strong></span> <span class='ocrx_word' id='word_1_600' title='bbox 1131 4265 1322 4318; x_wconf 83' lang='grc' dir='ltr'><strong>ἐαυτὸν</strong></span> <span class='ocrx_word' id='word_1_601' title='bbox 1346 4266 1425 4336; x_wconf 85' lang='grc' dir='ltr'><strong>τῷ</strong></span> <span class='ocrx_word' id='word_1_602' title='bbox 1454 4266 1692 4337; x_wconf 86' lang='grc' dir='ltr'><strong>κρίνοντι</strong></span> 
     </span>
    </p>
   </div>
   <div class='ocr_carea' id='block_1_86' title="bbox 1868 4262 3415 4359">
    <p class='ocr_par' dir='ltr' id='par_1_86' title="bbox 1868 4264 3415 4359">
     <span class='ocr_line' id='line_1_86' title="bbox 1868 4264 3415 4359; baseline 0.019 -42"><span class='ocrx_word' id='word_1_603' title='bbox 1868 4264 1985 4319; x_wconf 79' lang='lat' dir='ltr'><strong>:nim</strong></span> <span class='ocrx_word' id='word_1_604' title='bbox 2026 4267 2176 4321; x_wconf 84' lang='lat' dir='ltr'><strong>venit</strong></span> <span class='ocrx_word' id='word_1_605' title='bbox 2220 4278 2280 4323; x_wconf 93' lang='lat' dir='ltr'><strong>ut</strong></span> <span class='ocrx_word' id='word_1_606' title='bbox 2329 4286 2428 4326; x_wconf 88' lang='lat' dir='ltr'><strong>sua</strong></span> <span class='ocrx_word' id='word_1_607' title='bbox 2459 4273 2641 4342; x_wconf 85' lang='lat' dir='ltr'><strong>priore</strong></span> <span class='ocrx_word' id='word_1_608' title='bbox 2681 4282 2968 4347; x_wconf 68' lang='lat' dir='ltr'><strong>praesentia</strong></span> <span class='ocrx_word' id='word_1_609' title='bbox 3000 4285 3216 4352; x_wconf 90' lang='lat' dir='ltr'><strong>puniret</strong></span> <span class='ocrx_word' id='word_1_610' title='bbox 3252 4299 3415 4359; x_wconf 87' lang='lat' dir='ltr'><strong>atque</strong></span> 
     </span>
    </p>
   </div>
   <div class='ocr_carea' id='block_1_87' title="bbox 175 4350 1762 4441">
    <p class='ocr_par' dir='ltr' id='par_1_87' title="bbox 175 4350 1734 4426">
     <span class='ocr_line' id='line_1_87' title="bbox 175 4350 1734 4426; baseline 0.008 -27"><span class='ocrx_word' id='word_1_611' title='bbox 175 4350 229 4400; x_wconf 72' lang='grc' dir='ltr'><strong>οὐ</strong></span> <span class='ocrx_word' id='word_1_612' title='bbox 257 4351 356 4421; x_wconf 81' lang='grc' dir='ltr'><strong>γὰρ</strong></span> <span class='ocrx_word' id='word_1_613' title='bbox 383 4351 553 4423; x_wconf 76' lang='grc' dir='ltr'><strong>ἢλθεν</strong></span> <span class='ocrx_word' id='word_1_614' title='bbox 582 4353 678 4406; x_wconf 78' lang='grc' dir='ltr'><strong>ἐπὶ</strong></span> <span class='ocrx_word' id='word_1_615' title='bbox 707 4355 772 4423; x_wconf 82' lang='grc' dir='ltr'><strong>τῇ</strong></span> <span class='ocrx_word' id='word_1_616' title='bbox 808 4351 996 4424; x_wconf 79' lang='grc' dir='ltr'><strong>πρώτη</strong></span> <span class='ocrx_word' id='word_1_617' title='bbox 1033 4355 1310 4426; x_wconf 75' lang='grc' dir='ltr'><strong>παρουσίᾳ</strong></span> <span class='ocrx_word' id='word_1_618' title='bbox 1357 4356 1587 4411; x_wconf 86' lang='grc' dir='ltr'><strong>κολάσαι</strong></span> <span class='ocrx_word' id='word_1_619' title='bbox 1636 4358 1734 4412; x_wconf 75' lang='grc' dir='ltr'><strong>καὶ</strong></span> 
     </span>
    </p>
   </div>
   <div class='ocr_carea' id='block_1_88' title="bbox 1868 4350 3413 4441">
    <p class='ocr_par' dir='ltr' id='par_1_88' title="bbox 1868 4356 3413 4441">
     <span class='ocr_line' id='line_1_88' title="bbox 1868 4356 3413 4441; baseline 0.015 -31"><span class='ocrx_word' id='word_1_620' title='bbox 1868 4356 2544 4429; x_wconf 81' lang='lat' dir='ltr'><strong>ilciscereturincredulos,</strong></span> <span class='ocrx_word' id='word_1_621' title='bbox 2568 4366 2660 4421; x_wconf 85' lang='lat' dir='ltr'><strong>sed</strong></span> <span class='ocrx_word' id='word_1_622' title='bbox 2690 4368 2850 4439; x_wconf 88' lang='lat' dir='ltr'><strong>longa</strong></span> <span class='ocrx_word' id='word_1_623' title='bbox 2880 4373 3140 4441; x_wconf 85' lang='lat' dir='ltr'><strong>patientia</strong></span> <span class='ocrx_word' id='word_1_624' title='bbox 3167 4389 3413 4433; x_wconf 80' lang='lat' dir='ltr'><strong>errantes</strong></span> 
     </span>
    </p>
   </div>
   <div class='ocr_carea' id='block_1_89' title="bbox 173 4443 1762 4530">
    <p class='ocr_par' dir='ltr' id='par_1_89' title="bbox 173 4443 1731 4521">
     <span class='ocr_line' id='line_1_89' title="bbox 173 4443 1731 4521; baseline 0.01 -31"><span class='ocrx_word' id='word_1_625' title='bbox 173 4445 577 4513; x_wconf 83' lang='grc' dir='ltr'><strong>τιμωρήσασθαι</strong></span> <span class='ocrx_word' id='word_1_626' title='bbox 599 4444 727 4507; x_wconf 81' lang='grc' dir='ltr'><strong>τοὺς</strong></span> <span class='ocrx_word' id='word_1_627' title='bbox 765 4443 1049 4509; x_wconf 87' lang='grc' dir='ltr'><strong>ἀπίστους,</strong></span> <span class='ocrx_word' id='word_1_628' title='bbox 1073 4446 1190 4500; x_wconf 86' lang='grc' dir='ltr'><strong>ἀλλ’</strong></span> <span class='ocrx_word' id='word_1_629' title='bbox 1217 4447 1480 4518; x_wconf 73' lang='grc' dir='ltr'><strong>ἠθέλησεν</strong></span> <span class='ocrx_word' id='word_1_630' title='bbox 1511 4449 1600 4504; x_wconf 77' lang='grc' dir='ltr'><strong>διὰ</strong></span> <span class='ocrx_word' id='word_1_631' title='bbox 1627 4467 1731 4521; x_wconf 64' lang='grc' dir='ltr'><strong>μα»</strong></span> 
     </span>
    </p>
   </div>
   <div class='ocr_carea' id='block_1_90' title="bbox 1868 4443 3410 4530">
    <p class='ocr_par' dir='ltr' id='par_1_90' title="bbox 1868 4449 3410 4528">
     <span class='ocr_line' id='line_1_90' title="bbox 1868 4449 3410 4528; baseline 0.015 -24"><span class='ocrx_word' id='word_1_632' title='bbox 1868 4449 2011 4504; x_wconf 79' lang='grc' dir='ltr'>ὀιιιὶι</span> <span class='ocrx_word' id='word_1_633' title='bbox 2038 4452 2107 4506; x_wconf 91' lang='lat' dir='ltr'><strong>ad</strong></span> <span class='ocrx_word' id='word_1_634' title='bbox 2142 4453 2425 4510; x_wconf 84' lang='lat' dir='ltr'><strong>veritatem</strong></span> <span class='ocrx_word' id='word_1_635' title='bbox 2470 4457 2759 4516; x_wconf 88' lang='lat' dir='ltr'><strong>deducere.</strong></span> <span class='ocrx_word' id='word_1_636' title='bbox 2791 4462 2857 4516; x_wconf 88' lang='lat' dir='ltr'><strong>Et</strong></span> <span class='ocrx_word' id='word_1_637' title='bbox 2889 4464 3037 4520; x_wconf 86' lang='lat' dir='ltr'><strong>disce</strong></span> <span class='ocrx_word' id='word_1_638' title='bbox 3062 4466 3276 4523; x_wconf 91' lang='lat' dir='ltr'><strong>Domini</strong></span> <span class='ocrx_word' id='word_1_639' title='bbox 3303 4474 3410 4528; x_wconf 90' lang='lat' dir='ltr'><strong>cle-</strong></span> 
     </span>
    </p>
   </div>
   <div class='ocr_carea' id='block_1_91' title="bbox 175 4531 1762 4632">
    <p class='ocr_par' dir='ltr' id='par_1_91' title="bbox 175 4531 1734 4610">
     <span class='ocr_line' id='line_1_91' title="bbox 175 4531 1734 4610; baseline 0.01 -33"><span class='ocrx_word' id='word_1_640' title='bbox 175 4531 460 4601; x_wconf 85' lang='grc' dir='ltr'><strong>κροθυμίας</strong></span> <span class='ocrx_word' id='word_1_641' title='bbox 514 4533 783 4602; x_wconf 76' lang='grc' dir='ltr'><strong>ὁδηγῆσαι</strong></span> <span class='ocrx_word' id='word_1_642' title='bbox 825 4534 950 4598; x_wconf 79' lang='grc' dir='ltr'><strong>τοὺς</strong></span> <span class='ocrx_word' id='word_1_643' title='bbox 1002 4535 1452 4605; x_wconf 83' lang='grc' dir='ltr'>πεπλανημένους</span> <span class='ocrx_word' id='word_1_644' title='bbox 1495 4539 1587 4592; x_wconf 76' lang='grc' dir='ltr'><strong>ἐπὶ</strong></span> <span class='ocrx_word' id='word_1_645' title='bbox 1636 4540 1734 4610; x_wconf 84' lang='grc' dir='ltr'><strong>τὴν</strong></span> 
     </span>
    </p>
   </div>
   <div class='ocr_carea' id='block_1_92' title="bbox 1868 4531 3411 4632">
    <p class='ocr_par' dir='ltr' id='par_1_92' title="bbox 1868 4543 3411 4632">
     <span class='ocr_line' id='line_1_92' title="bbox 1868 4543 3411 4632; baseline 0.017 -38"><span class='ocrx_word' id='word_1_646' title='bbox 1868 4543 2096 4599; x_wconf 78' lang='lat' dir='ltr'><strong>nentiam</strong></span> <span class='ocrx_word' id='word_1_647' title='bbox 2132 4561 2196 4601; x_wconf 90' lang='lat' dir='ltr'><strong>ac</strong></span> <span class='ocrx_word' id='word_1_648' title='bbox 2234 4552 2706 4607; x_wconf 89' lang='lat' dir='ltr'><strong>mansuetudinem</strong></span> <span class='ocrx_word' id='word_1_649' title='bbox 2758 4569 3028 4627; x_wconf 85' lang='lat' dir='ltr'><strong>magnam.</strong></span> <span class='ocrx_word' id='word_1_650' title='bbox 3063 4558 3411 4632; x_wconf 82' lang='lat' dir='ltr'><strong>Blaspheina-</strong></span> 
     </span>
    </p>
   </div>
   <div class='ocr_carea' id='block_1_93' title="bbox 173 4616 1762 4712">
    <p class='ocr_par' dir='ltr' id='par_1_93' title="bbox 173 4616 1733 4702">
     <span class='ocr_line' id='line_1_93' title="bbox 173 4616 1733 4702; baseline 0.01 -32"><span class='ocrx_word' id='word_1_651' title='bbox 173 4616 416 4689; x_wconf 77' lang='grc' dir='ltr'><strong>ἀλήθειαν</strong></span> <span class='ocrx_word' id='word_1_652' title='bbox 441 4641 455 4656; x_wconf 92' lang='grc'><strong>·</strong></span> <span class='ocrx_word' id='word_1_653' title='bbox 508 4624 605 4678; x_wconf 76' lang='grc' dir='ltr'><strong>καὶ</strong></span> <span class='ocrx_word' id='word_1_654' title='bbox 634 4623 770 4694; x_wconf 86' lang='grc' dir='ltr'><strong>μάθε</strong></span> <span class='ocrx_word' id='word_1_655' title='bbox 795 4627 888 4679; x_wconf 76' lang='grc' dir='ltr'><strong>τοῦ</strong></span> <span class='ocrx_word' id='word_1_656' title='bbox 921 4626 1129 4697; x_wconf 83' lang='grc' dir='ltr'><strong>Κυρίου</strong></span> <span class='ocrx_word' id='word_1_657' title='bbox 1164 4629 1264 4696; x_wconf 83' lang='grc' dir='ltr'><strong>τὴν</strong></span> <span class='ocrx_word' id='word_1_658' title='bbox 1293 4629 1605 4702; x_wconf 87' lang='grc' dir='ltr'><strong>ἀγαθότητα</strong></span> <span class='ocrx_word' id='word_1_659' title='bbox 1636 4635 1733 4686; x_wconf 71' lang='grc' dir='ltr'><strong>κα)⁵</strong></span> 
     </span>
    </p>
   </div>
   <div class='ocr_carea' id='block_1_94' title="bbox 1868 4616 3406 4712">
    <p class='ocr_par' dir='ltr' id='par_1_94' title="bbox 1868 4637 3406 4712">
     <span class='ocr_line' id='line_1_94' title="bbox 1868 4637 3406 4712; baseline 0.016 -25"><span class='ocrx_word' id='word_1_660' title='bbox 1868 4643 1962 4689; x_wconf 90' lang='lat' dir='ltr'><strong>aut</strong></span> <span class='ocrx_word' id='word_1_661' title='bbox 2013 4637 2277 4694; x_wconf 91' lang='lat' dir='ltr'><strong>adversus</strong></span> <span class='ocrx_word' id='word_1_662' title='bbox 2330 4654 2453 4696; x_wconf 92' lang='lat' dir='ltr'><strong>eum</strong></span> <span class='ocrx_word' id='word_1_663' title='bbox 2503 4641 2672 4698; x_wconf 67' lang='lat' dir='ltr'><strong>Judaei</strong></span> <span class='ocrx_word' id='word_1_664' title='bbox 2715 4645 3008 4704; x_wconf 87' lang='lat' dir='ltr'><strong>dicentes:</strong></span> <span class='ocrx_word' id='word_1_665' title='bbox 3061 4651 3406 4712; x_wconf 63' lang='lat' dir='ltr'><strong>Demonium</strong></span> 
     </span>
    </p>
   </div>
   <div class='ocr_carea' id='block_1_95' title="bbox 173 4710 1762 4805">
    <p class='ocr_par' dir='ltr' id='par_1_95' title="bbox 173 4710 1731 4790">
     <span class='ocr_line' id='line_1_95' title="bbox 173 4710 1731 4790; baseline 0.009 -29"><span class='ocrx_word' id='word_1_666' title='bbox 173 4710 258 4780; x_wconf 75' lang='grc' dir='ltr'><strong>τὴν</strong></span> <span class='ocrx_word' id='word_1_667' title='bbox 281 4717 629 4786; x_wconf 82' lang='grc' dir='ltr'><strong>χρηστότητα</strong></span> <span class='ocrx_word' id='word_1_668' title='bbox 665 4714 764 4784; x_wconf 82' lang='grc' dir='ltr'>τὴν</span> <span class='ocrx_word' id='word_1_669' title='bbox 798 4715 1042 4787; x_wconf 84' lang='grc' dir='ltr'><strong>μεγάλην</strong></span> <span class='ocrx_word' id='word_1_670' title='bbox 1068 4734 1080 4748; x_wconf 88' lang='grc'><strong>·</strong></span> <span class='ocrx_word' id='word_1_671' title='bbox 1128 4717 1511 4790; x_wconf 80' lang='grc' dir='ltr'><strong>ἐϐλασφήμουν</strong></span> <span class='ocrx_word' id='word_1_672' title='bbox 1534 4722 1611 4782; x_wconf 84' lang='grc' dir='ltr'>είς</span> <span class='ocrx_word' id='word_1_673' title='bbox 1635 4727 1731 4776; x_wconf 76' lang='grc' dir='ltr'><strong>αῦ-</strong></span> 
     </span>
    </p>
   </div>
   <div class='ocr_carea' id='block_1_96' title="bbox 1868 4710 3406 4805">
    <p class='ocr_par' dir='ltr' id='par_1_96' title="bbox 1872 4727 3406 4805">
     <span class='ocr_line' id='line_1_96' title="bbox 1872 4727 3406 4805; baseline 0.016 -26"><span class='ocrx_word' id='word_1_674' title='bbox 1872 4727 2000 4781; x_wconf 89' lang='lat' dir='ltr'><strong>abes</strong></span> <span class='ocrx_word' id='word_1_675' title='bbox 2025 4745 2038 4783; x_wconf 89' lang='lat'>:</span> <span class='ocrx_word' id='word_1_676' title='bbox 2072 4737 2127 4782; x_wconf 89' lang='lat' dir='ltr'><strong>et</strong></span> <span class='ocrx_word' id='word_1_677' title='bbox 2159 4731 2370 4798; x_wconf 87' lang='lat' dir='ltr'><strong>patiens</strong></span> <span class='ocrx_word' id='word_1_678' title='bbox 2393 4731 2661 4790; x_wconf 90' lang='lat' dir='ltr'><strong>Dominus</strong></span> <span class='ocrx_word' id='word_1_679' title='bbox 2691 4737 2966 4797; x_wconf 59' lang='lat' dir='ltr'><strong>daemones</strong></span> <span class='ocrx_word' id='word_1_680' title='bbox 2994 4755 3064 4797; x_wconf 80' lang='lat' dir='ltr'><strong>ex</strong></span> <span class='ocrx_word' id='word_1_681' title='bbox 3086 4744 3406 4805; x_wconf 89' lang='lat' dir='ltr'><strong>hominibus</strong></span> 
     </span>
    </p>
   </div>
   <div class='ocr_carea' id='block_1_97' title="bbox 171 4799 1762 4900">
    <p class='ocr_par' dir='ltr' id='par_1_97' title="bbox 171 4799 1732 4880">
     <span class='ocr_line' id='line_1_97' title="bbox 171 4799 1732 4880; baseline 0.011 -30"><span class='ocrx_word' id='word_1_682' title='bbox 171 4799 252 4852; x_wconf 71' lang='grc' dir='ltr'><strong>τὸν</strong></span> <span class='ocrx_word' id='word_1_683' title='bbox 268 4805 312 4854; x_wconf 84' lang='lat' dir='ltr'><strong>oi</strong></span> <span class='ocrx_word' id='word_1_684' title='bbox 338 4805 577 4861; x_wconf 84' lang='grc' dir='ltr'><strong>Ἰουδαῖοι</strong></span> <span class='ocrx_word' id='word_1_685' title='bbox 610 4806 702 4860; x_wconf 75' lang='grc' dir='ltr'><strong>καὶ</strong></span> <span class='ocrx_word' id='word_1_686' title='bbox 727 4805 910 4874; x_wconf 72' lang='grc' dir='ltr'><strong>ἔλεγον</strong></span> <span class='ocrx_word' id='word_1_687' title='bbox 933 4824 946 4838; x_wconf 76' lang='grc' dir='ltr'><strong>ο</strong></span> <span class='ocrx_word' id='word_1_688' title='bbox 976 4809 1259 4878; x_wconf 85' lang='grc' dir='ltr'><strong>Δαιμόνιον</strong></span> <span class='ocrx_word' id='word_1_689' title='bbox 1290 4809 1454 4880; x_wconf 78' lang='grc' dir='ltr'><strong>ἔχεις·</strong></span> <span class='ocrx_word' id='word_1_690' title='bbox 1484 4816 1510 4867; x_wconf 88' lang='lat'><strong>6</strong></span> <span class='ocrx_word' id='word_1_691' title='bbox 1536 4814 1592 4865; x_wconf 85' lang='grc' dir='ltr'><strong>δέ</strong></span> <span class='ocrx_word' id='word_1_692' title='bbox 1627 4814 1732 4867; x_wconf 87' lang='grc' dir='ltr'><strong>Κύ-</strong></span> 
     </span>
    </p>
   </div>
   <div class='ocr_carea' id='block_1_98' title="bbox 1868 4799 3403 4900">
    <p class='ocr_par' dir='ltr' id='par_1_98' title="bbox 1868 4799 3403 4900">
     <span class='ocr_line' id='line_1_98' title="bbox 1868 4799 3403 4900; baseline 0.017 -32"><span class='ocrx_word' id='word_1_693' title='bbox 1868 4815 2095 4883; x_wconf 87' lang='lat' dir='ltr'><strong>iiciebat.</strong></span> <span class='ocrx_word' id='word_1_694' title='bbox 2142 4819 2313 4876; x_wconf 71' lang='lat' dir='ltr'><strong>Judaei</strong></span> <span class='ocrx_word' id='word_1_695' title='bbox 2347 4822 2399 4877; x_wconf 89' lang='lat' dir='ltr'><strong>in</strong></span> <span class='ocrx_word' id='word_1_696' title='bbox 2426 4822 2617 4879; x_wconf 83' lang='lat' dir='ltr'><strong>faciem</strong></span> <span class='ocrx_word' id='word_1_697' title='bbox 2651 4828 2770 4896; x_wconf 83' lang='lat' dir='ltr'><strong>ejus</strong></span> <span class='ocrx_word' id='word_1_698' title='bbox 2808 4832 3097 4900; x_wconf 81' lang='lat' dir='ltr'><strong>spuebant,</strong></span> <span class='ocrx_word' id='word_1_699' title='bbox 3135 4799 3190 4891; x_wconf 88' lang='lat' dir='ltr'><strong>at</strong></span> 
     </span>
    </p>
   </div>
   <div class='ocr_carea' id='block_1_99' title="bbox 175 4897 1762 4990">
    <p class='ocr_par' dir='ltr' id='par_1_99' title="bbox 175 4897 1722 4975">
     <span class='ocr_line' id='line_1_99' title="bbox 175 4897 1722 4975; baseline 0.01 -34"><span class='ocrx_word' id='word_1_700' title='bbox 175 4905 276 4958; x_wconf 82' lang='grc' dir='ltr'><strong>ριος</strong></span> <span class='ocrx_word' id='word_1_701' title='bbox 312 4899 665 4968; x_wconf 85' lang='grc' dir='ltr'><strong>μακρόθυμος</strong></span> <span class='ocrx_word' id='word_1_702' title='bbox 687 4897 783 4961; x_wconf 80' lang='grc' dir='ltr'><strong>ὢν,</strong></span> <span class='ocrx_word' id='word_1_703' title='bbox 819 4899 943 4962; x_wconf 81' lang='grc' dir='ltr'><strong>τοὺς</strong></span> <span class='ocrx_word' id='word_1_704' title='bbox 962 4899 1222 4969; x_wconf 86' lang='grc' dir='ltr'><strong>δαίμονας</strong></span> <span class='ocrx_word' id='word_1_705' title='bbox 1241 4903 1346 4956; x_wconf 86' lang='grc' dir='ltr'><strong>ἀπὸ</strong></span> <span class='ocrx_word' id='word_1_706' title='bbox 1374 4905 1482 4956; x_wconf 89' lang='grc' dir='ltr'><strong>τῶν</strong></span> <span class='ocrx_word' id='word_1_707' title='bbox 1516 4904 1722 4975; x_wconf 84' lang='grc' dir='ltr'><strong>ἀνθρώ-</strong></span> 
     </span>
    </p>
   </div>
   <div class='ocr_carea' id='block_1_100' title="bbox 1868 4897 3397 4990">
    <p class='ocr_par' dir='ltr' id='par_1_100' title="bbox 1872 4917 3397 4990">
     <span class='ocr_line' id='line_1_100' title="bbox 1872 4917 3397 4990; baseline 0.017 -31"><span class='ocrx_word' id='word_1_708' title='bbox 1872 4923 1934 4963; x_wconf 93' lang='lat' dir='ltr'><strong>us</strong></span> <span class='ocrx_word' id='word_1_709' title='bbox 1966 4924 2154 4964; x_wconf 91' lang='lat' dir='ltr'><strong>eorum</strong></span> <span class='ocrx_word' id='word_1_710' title='bbox 2185 4927 2359 4967; x_wconf 72' lang='lat' dir='ltr'><strong>czecos</strong></span> <span class='ocrx_word' id='word_1_711' title='bbox 2402 4917 2600 4985; x_wconf 86' lang='lat' dir='ltr'><strong>(sputo</strong></span> <span class='ocrx_word' id='word_1_712' title='bbox 2655 4919 2885 4990; x_wconf 91' lang='lat' dir='ltr'><strong>liniens)</strong></span> <span class='ocrx_word' id='word_1_713' title='bbox 2938 4926 3185 4981; x_wconf 88' lang='lat' dir='ltr'><strong>sanabat.</strong></span> <span class='ocrx_word' id='word_1_714' title='bbox 3226 4927 3397 4984; x_wconf 67' lang='lat' dir='ltr'><strong>Judaei</strong></span> 
     </span>
    </p>
   </div>
   <div class='ocr_carea' id='block_1_101' title="bbox 173 4985 1762 5076">
    <p class='ocr_par' dir='ltr' id='par_1_101' title="bbox 173 4985 1719 5060">
     <span class='ocr_line' id='line_1_101' title="bbox 173 4985 1719 5060; baseline 0.01 -30"><span class='ocrx_word' id='word_1_715' title='bbox 173 4994 277 5031; x_wconf 82' lang='grc' dir='ltr'><strong>πων</strong></span> <span class='ocrx_word' id='word_1_716' title='bbox 332 4985 678 5056; x_wconf 75' lang='grc' dir='ltr'><strong>ἀπήλαυνενο</strong></span> <span class='ocrx_word' id='word_1_717' title='bbox 708 4987 946 5041; x_wconf 84' lang='grc' dir='ltr'><strong>Ἰουδαῖοι</strong></span> <span class='ocrx_word' id='word_1_718' title='bbox 979 4991 1060 5052; x_wconf 87' lang='grc' dir='ltr'><strong>είς</strong></span> <span class='ocrx_word' id='word_1_719' title='bbox 1101 4990 1162 5043; x_wconf 80' lang='grc' dir='ltr'><strong>τὸ</strong></span> <span class='ocrx_word' id='word_1_720' title='bbox 1216 4992 1505 5060; x_wconf 84' lang='grc' dir='ltr'><strong>πρόσωπον</strong></span> <span class='ocrx_word' id='word_1_721' title='bbox 1557 4994 1719 5047; x_wconf 77' lang='grc' dir='ltr'><strong>αὐτοῦ</strong></span> 
     </span>
    </p>
   </div>
   <div class='ocr_carea' id='block_1_102' title="bbox 1868 4985 3394 5076">
    <p class='ocr_par' dir='ltr' id='par_1_102' title="bbox 1876 5001 3394 5076">
     <span class='ocr_line' id='line_1_102' title="bbox 1876 5001 3394 5076; baseline 0.015 -23"><span class='ocrx_word' id='word_1_722' title='bbox 1876 5001 2102 5057; x_wconf 76' lang='lat' dir='ltr'><strong>lii-istum</strong></span> <span class='ocrx_word' id='word_1_723' title='bbox 2128 5005 2454 5074; x_wconf 78' lang='lat' dir='ltr'><strong>lapidabant,</strong></span> <span class='ocrx_word' id='word_1_724' title='bbox 2505 5008 2752 5066; x_wconf 88' lang='lat' dir='ltr'><strong>Christus</strong></span> <span class='ocrx_word' id='word_1_725' title='bbox 2769 5023 2948 5069; x_wconf 89' lang='lat' dir='ltr'><strong>autem</strong></span> <span class='ocrx_word' id='word_1_726' title='bbox 2977 5017 3186 5075; x_wconf 82' lang='lat' dir='ltr'><strong>claudis</strong></span> <span class='ocrx_word' id='word_1_727' title='bbox 3206 5036 3394 5076; x_wconf 91' lang='lat' dir='ltr'><strong>eorum</strong></span> 
     </span>
    </p>
   </div>
   <div class='ocr_carea' id='block_1_103' title="bbox 172 5070 1762 5181">
    <p class='ocr_par' dir='ltr' id='par_1_103' title="bbox 172 5070 1717 5181">
     <span class='ocr_line' id='line_1_103' title="bbox 172 5070 1717 5154; baseline 0.013 -35"><span class='ocrx_word' id='word_1_728' title='bbox 172 5070 425 5142; x_wconf 81' lang='grc' dir='ltr'>ἐνέπτυον,</span> <span class='ocrx_word' id='word_1_729' title='bbox 456 5080 619 5142; x_wconf 84' lang='grc' dir='ltr'>αὐτὸς</span> <span class='ocrx_word' id='word_1_730' title='bbox 652 5080 710 5132; x_wconf 76' lang='grc' dir='ltr'><strong>δὲ</strong></span> <span class='ocrx_word' id='word_1_731' title='bbox 738 5084 863 5144; x_wconf 60' lang='grc' dir='ltr'><strong>τοις</strong></span> <span class='ocrx_word' id='word_1_732' title='bbox 891 5082 1122 5150; x_wconf 79' lang='grc' dir='ltr'><strong>τυφλοὺς</strong></span> <span class='ocrx_word' id='word_1_733' title='bbox 1155 5085 1335 5136; x_wconf 81' lang='grc' dir='ltr'><strong>αὐτῶν</strong></span> <span class='ocrx_word' id='word_1_734' title='bbox 1361 5085 1717 5154; x_wconf 74' lang='grc' dir='ltr'><strong>ἐθεράπευεν·</strong></span> 
     </span>
     <span class='ocr_line' id='line_1_104' title="bbox 182 5159 1690 5181; baseline 0 0"><span class='ocrx_word' id='word_1_735' title='bbox 182 5159 234 5181; x_wconf 75' lang='grc' dir='ltr'><strong>Ἰ-</strong></span> <span class='ocrx_word' id='word_1_736' title='bbox 279 5164 299 5181; x_wconf 62' lang='grc' dir='ltr'>β</span> <span class='ocrx_word' id='word_1_737' title='bbox 335 5168 356 5181; x_wconf 66' lang='grc' dir='ltr'><strong>υ</strong></span> <span class='ocrx_word' id='word_1_738' title='bbox 470 5170 482 5181; x_wconf 76' lang='grc' dir='ltr'>ι</span> <span class='ocrx_word' id='word_1_739' title='bbox 557 5171 598 5181; x_wconf 68' lang='grc' dir='ltr'><strong>ι..</strong></span> <span class='ocrx_word' id='word_1_740' title='bbox 736 5171 748 5181; x_wconf 73' lang='grc' dir='ltr'>ι</span> <span class='ocrx_word' id='word_1_741' title='bbox 848 5172 888 5181; x_wconf 67' lang='grc' dir='ltr'><strong>,ι</strong></span> <span class='ocrx_word' id='word_1_742' title='bbox 915 5173 952 5181; x_wconf 62' lang='grc'><strong>.,.</strong></span> <span class='ocrx_word' id='word_1_743' title='bbox 1007 5174 1031 5181; x_wconf 64' lang='grc' dir='ltr'>μ</span> <span class='ocrx_word' id='word_1_744' title='bbox 1157 5175 1169 5181; x_wconf 78' lang='lat'><strong>-</strong></span> <span class='ocrx_word' id='word_1_745' title='bbox 1235 5176 1272 5181; x_wconf 72' lang='grc'><strong>--</strong></span> <span class='ocrx_word' id='word_1_746' title='bbox 1335 5178 1374 5181; x_wconf 90' lang='lat'>__</span> <span class='ocrx_word' id='word_1_747' title='bbox 1509 5178 1518 5181; x_wconf 88' lang='lat'>_</span> <span class='ocrx_word' id='word_1_748' title='bbox 1674 5180 1690 5181; x_wconf 50' lang='grc' dir='ltr'><em>η</em></span> 
     </span>
    </p>
   </div>
   <div class='ocr_carea' id='block_1_104' title="bbox 1868 5070 3400 5181">
    <p class='ocr_par' dir='ltr' id='par_1_104' title="bbox 1868 5070 3400 5181">
     <span class='ocr_line' id='line_1_105' title="bbox 1868 5070 3400 5181; baseline 0.015 -36"><span class='ocrx_word' id='word_1_749' title='bbox 1868 5094 2105 5149; x_wconf 90' lang='lat' dir='ltr'><strong>radiendi</strong></span> <span class='ocrx_word' id='word_1_750' title='bbox 2147 5070 2251 5150; x_wconf 85' lang='lat' dir='ltr'><strong>vim</strong></span> <span class='ocrx_word' id='word_1_751' title='bbox 2301 5099 2616 5155; x_wconf 82' lang='lat' dir='ltr'><strong>tribuebat:</strong></span> <span class='ocrx_word' id='word_1_752' title='bbox 2677 5119 2902 5174; x_wconf 90' lang='lat' dir='ltr'><strong>mosque</strong></span> <span class='ocrx_word' id='word_1_753' title='bbox 2946 5109 3063 5176; x_wconf 83' lang='lat' dir='ltr'><strong>ejus</strong></span> <span class='ocrx_word' id='word_1_754' title='bbox 3108 5123 3400 5181; x_wconf 83' lang='lat' dir='ltr'><strong>perpetuus</strong></span> 
     </span>
    </p>
   </div>
   <div class='ocr_carea' id='block_1_105' title="bbox 182 5159 1762 5261">
    <p class='ocr_par' dir='ltr' id='par_1_105' title="bbox 182 5159 1719 5247">
     <span class='ocr_line' id='line_1_106' title="bbox 182 5159 1719 5247; baseline 0.014 -38"><span class='ocrx_word' id='word_1_755' title='bbox 182 5159 403 5220; x_wconf 79' lang='grc' dir='ltr'><strong>Ἰουδαῖοι</strong></span> <span class='ocrx_word' id='word_1_756' title='bbox 435 5170 528 5224; x_wconf 85' lang='grc' dir='ltr'><strong>τὸν</strong></span> <span class='ocrx_word' id='word_1_757' title='bbox 556 5171 794 5242; x_wconf 84' lang='grc' dir='ltr'><strong>Χριστὸν</strong></span> <span class='ocrx_word' id='word_1_758' title='bbox 844 5172 1111 5237; x_wconf 74' lang='grc' dir='ltr'>ἐλίθαξον,</span> <span class='ocrx_word' id='word_1_759' title='bbox 1147 5175 1175 5226; x_wconf 85' lang='grc' dir='ltr'><strong>ὁ</strong></span> <span class='ocrx_word' id='word_1_760' title='bbox 1230 5176 1285 5227; x_wconf 76' lang='grc' dir='ltr'><strong>δὲ</strong></span> <span class='ocrx_word' id='word_1_761' title='bbox 1332 5178 1564 5247; x_wconf 78' lang='grc' dir='ltr'><strong>Χριστὸς</strong></span> <span class='ocrx_word' id='word_1_762' title='bbox 1610 5180 1719 5241; x_wconf 87' lang='grc' dir='ltr'>τοῖς</span> 
     </span>
    </p>
   </div>
   <div class='ocr_carea' id='block_1_106' title="bbox 1868 5159 3400 5261">
    <p class='ocr_par' dir='ltr' id='par_1_106' title="bbox 1868 5159 3400 5261">
     <span class='ocr_line' id='line_1_107' title="bbox 2811 5159 3400 5181; baseline 0.015 -8"><span class='ocrx_word' id='word_1_763' title='bbox 2811 5159 2829 5174; x_wconf 77' lang='grc' dir='ltr'><strong><em>ι</em></strong></span> <span class='ocrx_word' id='word_1_764' title='bbox 2886 5159 2891 5160; x_wconf 59' lang='grc'><strong><em>⁷</em></strong></span> <span class='ocrx_word' id='word_1_765' title='bbox 2954 5159 3060 5176; x_wconf 69' lang='grc' dir='ltr'><strong>“δ·”</strong></span> <span class='ocrx_word' id='word_1_766' title='bbox 3109 5159 3400 5181; x_wconf 69' lang='grc' dir='ltr'><strong>1⁷⁷Ἰ’“’“““”“⁴</strong></span> 
     </span>
     <span class='ocr_line' id='line_1_108' title="bbox 1868 5186 3400 5261; baseline 0.013 -23"><span class='ocrx_word' id='word_1_767' title='bbox 1868 5186 1932 5239; x_wconf 80' lang='lat' dir='ltr'><strong>iit</strong></span> <span class='ocrx_word' id='word_1_768' title='bbox 1962 5186 2098 5241; x_wconf 86' lang='lat' dir='ltr'><strong>bene</strong></span> <span class='ocrx_word' id='word_1_769' title='bbox 2128 5186 2360 5243; x_wconf 84' lang='lat' dir='ltr'><strong>faciendi</strong></span> <span class='ocrx_word' id='word_1_770' title='bbox 2406 5191 2794 5260; x_wconf 87' lang='lat' dir='ltr'><strong>offensoribus,</strong></span> <span class='ocrx_word' id='word_1_771' title='bbox 2845 5199 3234 5257; x_wconf 87' lang='lat' dir='ltr'><strong>maleficiorum</strong></span> <span class='ocrx_word' id='word_1_772' title='bbox 3281 5206 3400 5261; x_wconf 92' lang='lat' dir='ltr'><strong>loco</strong></span> 
     </span>
    </p>
   </div>
   <div class='ocr_carea' id='block_1_107' title="bbox 171 5251 1719 5332">
    <p class='ocr_par' dir='ltr' id='par_1_107' title="bbox 171 5251 1719 5332">
     <span class='ocr_line' id='line_1_109' title="bbox 171 5251 1719 5332; baseline 0.01 -31"><span class='ocrx_word' id='word_1_773' title='bbox 171 5251 343 5318; x_wconf 81' lang='grc' dir='ltr'><strong>χωλοῖς</strong></span> <span class='ocrx_word' id='word_1_774' title='bbox 396 5261 576 5314; x_wconf 78' lang='grc' dir='ltr'><strong>αὐτῶν</strong></span> <span class='ocrx_word' id='word_1_775' title='bbox 616 5261 679 5314; x_wconf 83' lang='grc' dir='ltr'><strong>τὸ</strong></span> <span class='ocrx_word' id='word_1_776' title='bbox 733 5261 967 5330; x_wconf 80' lang='grc' dir='ltr'><strong>βαδίζειν</strong></span> <span class='ocrx_word' id='word_1_777' title='bbox 1000 5264 1282 5332; x_wconf 75' lang='grc' dir='ltr'><strong>ἐχαρίζετο</strong></span> <span class='ocrx_word' id='word_1_778' title='bbox 1309 5282 1321 5295; x_wconf 89' lang='grc'><strong>·</strong></span> <span class='ocrx_word' id='word_1_779' title='bbox 1367 5265 1459 5318; x_wconf 73' lang='grc' dir='ltr'><strong>καὶ</strong></span> <span class='ocrx_word' id='word_1_780' title='bbox 1497 5266 1563 5318; x_wconf 89' lang='grc' dir='ltr'><strong>δι’</strong></span> <span class='ocrx_word' id='word_1_781' title='bbox 1598 5267 1719 5318; x_wconf 80' lang='grc' dir='ltr'><strong>ὅλου</strong></span> 
     </span>
    </p>
   </div>
   <div class='ocr_carea' id='block_1_108' title="bbox 175 3716 1744 3790">
    <p class='ocr_par' dir='ltr' id='par_1_108' title="bbox 175 3716 1744 3790">
     <span class='ocr_line' id='line_1_110' title="bbox 175 3716 1744 3790; baseline 0.002 -19"><span class='ocrx_word' id='word_1_782' title='bbox 175 3736 286 3790; x_wconf 81' lang='grc' dir='ltr'><strong>την,</strong></span> <span class='ocrx_word' id='word_1_783' title='bbox 322 3721 418 3774; x_wconf 75' lang='grc' dir='ltr'><strong>καὶ</strong></span> <span class='ocrx_word' id='word_1_784' title='bbox 455 3719 559 3782; x_wconf 89' lang='grc' dir='ltr'><strong>τάς</strong></span> <span class='ocrx_word' id='word_1_785' title='bbox 617 3717 869 3783; x_wconf 89' lang='grc' dir='ltr'><strong>σιαγόνας</strong></span> <span class='ocrx_word' id='word_1_786' title='bbox 915 3716 1080 3770; x_wconf 80' lang='grc' dir='ltr'><strong>αὑτοῦ</strong></span> <span class='ocrx_word' id='word_1_787' title='bbox 1121 3719 1207 3780; x_wconf 84' lang='grc' dir='ltr'><strong>είς</strong></span> <span class='ocrx_word' id='word_1_788' title='bbox 1255 3717 1598 3788; x_wconf 85' lang='grc' dir='ltr'><strong>ῥαπίσματα,</strong></span> <span class='ocrx_word' id='word_1_789' title='bbox 1649 3721 1744 3774; x_wconf 79' lang='grc' dir='ltr'><strong>καὶ</strong></span> 
     </span>
    </p>
   </div>
   <div class='ocr_carea' id='block_1_109' title="bbox 1830 5272 3393 5364">
    <p class='ocr_par' dir='ltr' id='par_1_109' title="bbox 1830 5272 3393 5364">
     <span class='ocr_line' id='line_1_111' title="bbox 1830 5272 3393 5364; baseline 0.016 -38"><span class='ocrx_word' id='word_1_790' title='bbox 1830 5272 2089 5330; x_wconf 85' lang='lat' dir='ltr'><strong>beneficia</strong></span> <span class='ocrx_word' id='word_1_791' title='bbox 2164 5277 2392 5347; x_wconf 85' lang='lat' dir='ltr'><strong>ingratis</strong></span> <span class='ocrx_word' id='word_1_792' title='bbox 2443 5281 2549 5336; x_wconf 91' lang='lat' dir='ltr'><strong>illis</strong></span> <span class='ocrx_word' id='word_1_793' title='bbox 2597 5284 2912 5343; x_wconf 87' lang='lat' dir='ltr'><strong>hominibus</strong></span> <span class='ocrx_word' id='word_1_794' title='bbox 2956 5290 3393 5364; x_wconf 87' lang='lat' dir='ltr'><strong>detestandisque</strong></span> 
     </span>
    </p>
   </div>
   <div class='ocr_carea' id='block_1_110' title="bbox 169 5339 1762 5452">
    <p class='ocr_par' dir='ltr' id='par_1_110' title="bbox 169 5339 1714 5426">
     <span class='ocr_line' id='line_1_112' title="bbox 169 5339 1714 5426; baseline 0.014 -37"><span class='ocrx_word' id='word_1_795' title='bbox 169 5339 444 5403; x_wconf 80' lang='grc' dir='ltr'><strong>διετέλεσεν</strong></span> <span class='ocrx_word' id='word_1_796' title='bbox 480 5354 783 5424; x_wconf 82' lang='grc' dir='ltr'><strong>εὐεργετῶν</strong></span> <span class='ocrx_word' id='word_1_797' title='bbox 809 5357 931 5417; x_wconf 86' lang='grc' dir='ltr'><strong>τοὺς</strong></span> <span class='ocrx_word' id='word_1_798' title='bbox 959 5353 1300 5426; x_wconf 79' lang='grc' dir='ltr'><strong>ὑϐρίζοντας,</strong></span> <span class='ocrx_word' id='word_1_799' title='bbox 1336 5356 1428 5408; x_wconf 82' lang='grc' dir='ltr'><strong>καὶ</strong></span> <span class='ocrx_word' id='word_1_800' title='bbox 1465 5358 1584 5410; x_wconf 79' lang='grc' dir='ltr'><strong>ἀντὶ</strong></span> <span class='ocrx_word' id='word_1_801' title='bbox 1613 5375 1714 5410; x_wconf 85' lang='grc' dir='ltr'><strong>κα-</strong></span> 
     </span>
    </p>
   </div>
   <div class='ocr_carea' id='block_1_111' title="bbox 1868 5339 3392 5452">
    <p class='ocr_par' dir='ltr' id='par_1_111' title="bbox 1868 5339 3392 5452">
     <span class='ocr_line' id='line_1_113' title="bbox 2224 5339 3392 5364; baseline 0.015 -31"><span class='ocrx_word' id='word_1_802' title='bbox 2224 5339 2250 5347; x_wconf 78' lang='lat'>_</span> <span class='ocrx_word' id='word_1_803' title='bbox 2822 5339 2906 5343; x_wconf 34' lang='grc' dir='ltr'><strong>ην-</strong></span> <span class='ocrx_word' id='word_1_804' title='bbox 2962 5339 3392 5364; x_wconf 68' lang='lat'><strong>_--__--..---.,....</strong></span> 
     </span>
     <span class='ocr_line' id='line_1_114' title="bbox 1868 5367 3392 5452; baseline 0.014 -34"><span class='ocrx_word' id='word_1_805' title='bbox 1868 5367 2123 5433; x_wconf 71' lang='lat' dir='ltr'><strong>ependere</strong></span> <span class='ocrx_word' id='word_1_806' title='bbox 2157 5386 2170 5420; x_wconf 71' lang='grc' dir='ltr'><strong>τ</strong></span> <span class='ocrx_word' id='word_1_807' title='bbox 2225 5368 2277 5422; x_wconf 93' lang='lat' dir='ltr'><strong>in</strong></span> <span class='ocrx_word' id='word_1_808' title='bbox 2309 5377 2519 5425; x_wconf 89' lang='lat' dir='ltr'><strong>tantum</strong></span> <span class='ocrx_word' id='word_1_809' title='bbox 2561 5384 2620 5426; x_wconf 90' lang='lat' dir='ltr'><strong>ut</strong></span> <span class='ocrx_word' id='word_1_810' title='bbox 2646 5375 2774 5428; x_wconf 91' lang='lat' dir='ltr'><strong>dum</strong></span> <span class='ocrx_word' id='word_1_811' title='bbox 2816 5379 3059 5434; x_wconf 80' lang='lat' dir='ltr'><strong>convicia</strong></span> <span class='ocrx_word' id='word_1_812' title='bbox 3096 5383 3392 5452; x_wconf 79' lang='lat' dir='ltr'><strong>impertur-</strong></span> 
     </span>
    </p>
   </div>
   <div class='ocr_carea' id='block_1_112' title="bbox 170 5434 1762 5550">
    <p class='ocr_par' dir='ltr' id='par_1_112' title="bbox 170 5434 1719 5516">
     <span class='ocr_line' id='line_1_115' title="bbox 170 5434 1719 5516; baseline 0.011 -33"><span class='ocrx_word' id='word_1_813' title='bbox 170 5434 266 5488; x_wconf 85' lang='grc' dir='ltr'><strong>κῶν</strong></span> <span class='ocrx_word' id='word_1_814' title='bbox 289 5440 466 5508; x_wconf 88' lang='grc' dir='ltr'><strong>ἀγαθά</strong></span> <span class='ocrx_word' id='word_1_815' title='bbox 493 5445 836 5516; x_wconf 86' lang='grc' dir='ltr'><strong>δωρούμενος</strong></span> <span class='ocrx_word' id='word_1_816' title='bbox 868 5449 980 5509; x_wconf 82' lang='grc' dir='ltr'><strong>τοῖς</strong></span> <span class='ocrx_word' id='word_1_817' title='bbox 1021 5446 1335 5516; x_wconf 83' lang='grc' dir='ltr'><strong>ἀχαρίστοις</strong></span> <span class='ocrx_word' id='word_1_818' title='bbox 1366 5449 1596 5510; x_wconf 81' lang='grc' dir='ltr'><strong>ἐκείνοις</strong></span> <span class='ocrx_word' id='word_1_819' title='bbox 1626 5450 1719 5500; x_wconf 76' lang='grc' dir='ltr'><strong>καὶ</strong></span> 
     </span>
    </p>
   </div>
   <div class='ocr_carea' id='block_1_113' title="bbox 1868 5434 3387 5550">
    <p class='ocr_par' dir='ltr' id='par_1_113' title="bbox 1868 5458 3387 5550">
     <span class='ocr_line' id='line_1_116' title="bbox 1868 5458 3387 5550; baseline 0.016 -41"><span class='ocrx_word' id='word_1_820' title='bbox 1868 5466 1984 5512; x_wconf 83' lang='lat' dir='ltr'><strong>atus</strong></span> <span class='ocrx_word' id='word_1_821' title='bbox 2036 5458 2318 5527; x_wconf 86' lang='lat' dir='ltr'><strong>perferret,</strong></span> <span class='ocrx_word' id='word_1_822' title='bbox 2373 5463 2639 5532; x_wconf 87' lang='lat' dir='ltr'><strong>impotens</strong></span> <span class='ocrx_word' id='word_1_823' title='bbox 2688 5467 2921 5526; x_wconf 86' lang='lat' dir='ltr'><strong>fortasse</strong></span> <span class='ocrx_word' id='word_1_824' title='bbox 2975 5473 3245 5530; x_wconf 88' lang='lat' dir='ltr'><strong>videretur</strong></span> <span class='ocrx_word' id='word_1_825' title='bbox 3273 5478 3387 5550; x_wconf 82' lang='lat' dir='ltr'><strong>ille,</strong></span> 
     </span>
    </p>
   </div>
   <div class='ocr_carea' id='block_1_114' title="bbox 173 5536 1762 5626">
    <p class='ocr_par' dir='ltr' id='par_1_114' title="bbox 173 5536 1716 5610">
     <span class='ocr_line' id='line_1_117' title="bbox 173 5536 1716 5610; baseline 0.003 -22"><span class='ocrx_word' id='word_1_826' title='bbox 173 5536 400 5600; x_wconf 78' lang='grc' dir='ltr'><strong>μισαροῖς</strong></span> <span class='ocrx_word' id='word_1_827' title='bbox 428 5536 738 5608; x_wconf 86' lang='grc' dir='ltr'><strong>ἀνθρώποις</strong></span> <span class='ocrx_word' id='word_1_828' title='bbox 759 5554 772 5567; x_wconf 76' lang='grc'><strong><em>⁸</em></strong></span> <span class='ocrx_word' id='word_1_829' title='bbox 810 5539 1144 5605; x_wconf 82' lang='grc' dir='ltr'><strong>ἀνεξικάκως</strong></span> <span class='ocrx_word' id='word_1_830' title='bbox 1177 5539 1232 5591; x_wconf 85' lang='grc' dir='ltr'><strong>δὲ</strong></span> <span class='ocrx_word' id='word_1_831' title='bbox 1263 5538 1444 5610; x_wconf 81' lang='grc' dir='ltr'><strong>φέρων</strong></span> <span class='ocrx_word' id='word_1_832' title='bbox 1472 5540 1568 5602; x_wconf 79' lang='grc' dir='ltr'><strong>τὰς</strong></span> <span class='ocrx_word' id='word_1_833' title='bbox 1604 5540 1716 5592; x_wconf 78' lang='grc' dir='ltr'><strong>λοι-</strong></span> 
     </span>
    </p>
   </div>
   <div class='ocr_carea' id='block_1_115' title="bbox 1868 5536 2829 5626">
    <p class='ocr_par' dir='ltr' id='par_1_115' title="bbox 1868 5547 2829 5626">
     <span class='ocr_line' id='line_1_118' title="bbox 1868 5547 2829 5626; baseline 0.011 -27"><span class='ocrx_word' id='word_1_834' title='bbox 1868 5547 1916 5600; x_wconf 83' lang='grc' dir='ltr'><strong>υἰ</strong></span> <span class='ocrx_word' id='word_1_835' title='bbox 1946 5548 2146 5618; x_wconf 86' lang='lat' dir='ltr'><strong>alioqui</strong></span> <span class='ocrx_word' id='word_1_836' title='bbox 2180 5551 2247 5606; x_wconf 89' lang='lat' dir='ltr'><strong>ab</strong></span> <span class='ocrx_word' id='word_1_837' title='bbox 2271 5554 2475 5622; x_wconf 84' lang='lat' dir='ltr'><strong>angelis</strong></span> <span class='ocrx_word' id='word_1_838' title='bbox 2508 5557 2829 5626; x_wconf 86' lang='lat' dir='ltr'><strong>stipabatur.</strong></span> 
     </span>
    </p>
   </div>
   <div class='ocr_carea' id='block_1_116' title="bbox 168 5611 2225 5709">
    <p class='ocr_par' dir='ltr' id='par_1_116' title="bbox 168 5611 2225 5709">
     <span class='ocr_line' id='line_1_119' title="bbox 168 5611 2225 5709; baseline 0.012 -38"><span class='ocrx_word' id='word_1_839' title='bbox 168 5611 355 5688; x_wconf 64' lang='grc' dir='ltr'><strong>δῡρίας,</strong></span> <span class='ocrx_word' id='word_1_840' title='bbox 384 5627 513 5692; x_wconf 73' lang='grc' dir='ltr'><strong>ἴσως</strong></span> <span class='ocrx_word' id='word_1_841' title='bbox 559 5632 658 5684; x_wconf 78' lang='grc' dir='ltr'><strong>καὶ</strong></span> <span class='ocrx_word' id='word_1_842' title='bbox 685 5627 913 5699; x_wconf 82' lang='grc' dir='ltr'><strong>ἀσθενὴς</strong></span> <span class='ocrx_word' id='word_1_843' title='bbox 944 5630 1219 5700; x_wconf 89' lang='grc' dir='ltr'><strong>ἐνομίζετο</strong></span> <span class='ocrx_word' id='word_1_844' title='bbox 1253 5631 1280 5682; x_wconf 84' lang='grc' dir='ltr'><strong>ὁ</strong></span> <span class='ocrx_word' id='word_1_845' title='bbox 1307 5631 1410 5683; x_wconf 83' lang='grc' dir='ltr'><strong>ὑπὸ</strong></span> <span class='ocrx_word' id='word_1_846' title='bbox 1459 5631 1708 5699; x_wconf 83' lang='grc' dir='ltr'><strong>ἀγγέλων</strong></span> <span class='ocrx_word' id='word_1_847' title='bbox 1746 5611 2225 5709; x_wconf 76' lang='grc' dir='ltr'><strong>δορυφορούμενος.</strong></span> 
     </span>
    </p>
   </div>
   <div class='ocr_carea' id='block_1_117' title="bbox 228 5732 2052 5820">
    <p class='ocr_par' dir='ltr' id='par_1_117' title="bbox 228 5732 2052 5820">
     <span class='ocr_line' id='line_1_120' title="bbox 228 5732 2052 5820; baseline 0.008 -26"><span class='ocrx_word' id='word_1_848' title='bbox 228 5732 299 5766; x_wconf 69' lang='grc'><strong>⁸³*</strong></span> <span class='ocrx_word' id='word_1_849' title='bbox 327 5737 462 5798; x_wconf 86' lang='lat' dir='ltr'><strong>Psal.</strong></span> <span class='ocrx_word' id='word_1_850' title='bbox 493 5760 614 5810; x_wconf 82' lang='lat' dir='ltr'><strong>cxv,</strong></span> <span class='ocrx_word' id='word_1_851' title='bbox 646 5743 731 5798; x_wconf 74' lang='lat' dir='ltr'><strong>l2.</strong></span> <span class='ocrx_word' id='word_1_852' title='bbox 758 5746 798 5777; x_wconf 84' lang='grc'><strong>¹³</strong></span> <span class='ocrx_word' id='word_1_853' title='bbox 831 5743 932 5800; x_wconf 89' lang='lat' dir='ltr'><strong>lsa.</strong></span> <span class='ocrx_word' id='word_1_854' title='bbox 969 5762 1019 5810; x_wconf 89' lang='lat' dir='ltr'><strong>L,</strong></span> <span class='ocrx_word' id='word_1_855' title='bbox 1071 5746 1124 5798; x_wconf 86' lang='lat'>6.</span> <span class='ocrx_word' id='word_1_856' title='bbox 1204 5746 1245 5777; x_wconf 75' lang='lat'><em>“</em></span> <span class='ocrx_word' id='word_1_857' title='bbox 1275 5745 1378 5803; x_wconf 89' lang='lat' dir='ltr'><strong>lsa.</strong></span> <span class='ocrx_word' id='word_1_858' title='bbox 1429 5762 1544 5814; x_wconf 85' lang='lat' dir='ltr'><strong>Lm,</strong></span> <span class='ocrx_word' id='word_1_859' title='bbox 1581 5747 1644 5813; x_wconf 79' lang='lat'><strong>7;</strong></span> <span class='ocrx_word' id='word_1_860' title='bbox 1672 5749 1790 5806; x_wconf 84' lang='lat' dir='ltr'><strong>Act.</strong></span> <span class='ocrx_word' id='word_1_861' title='bbox 1818 5768 1935 5820; x_wconf 87' lang='lat' dir='ltr'><strong>vm,</strong></span> <span class='ocrx_word' id='word_1_862' title='bbox 1962 5752 2052 5808; x_wconf 75' lang='lat'><strong>39..</strong></span> 
     </span>
    </p>
   </div>
   <div class='ocr_carea' id='block_1_118' title="bbox 473 5835 3020 5915">
    <p class='ocr_par' dir='ltr' id='par_1_118' title="bbox 473 5835 3020 5915">
     <span class='ocr_line' id='line_1_121' title="bbox 473 5835 3020 5915; baseline 0.002 -20"><span class='ocrx_word' id='word_1_863' title='bbox 473 5835 752 5897; x_wconf 75' lang='lat' dir='ltr'><strong>PATROL.</strong></span> <span class='ocrx_word' id='word_1_864' title='bbox 783 5836 898 5897; x_wconf 81' lang='lat' dir='ltr'><strong>Gn.</strong></span> <span class='ocrx_word' id='word_1_865' title='bbox 938 5837 1155 5899; x_wconf 82' lang='lat' dir='ltr'><strong>XCIX.</strong></span> <span class='ocrx_word' id='word_1_866' title='bbox 2945 5851 3020 5915; x_wconf 79' lang='lat'><strong>23</strong></span> 
     </span>
    </p>
   </div>
  </div>
