4018 6304
594 363 699 429 715

1776 371 1837 430 S-
1878 369 2269 432 THEODORI
2323 372 2671 433 STUDlT/E

3759 382 3863 449 716

666 478 718 535 ὅ.
742 476 849 534 Sed
876 494 941 533 ne
970 477 1122 549 plura
1143 478 1378 537 dicendo
1400 480 1682 537 videamur
1705 483 2009 540 orationem
2042 498 2167 552 pro-

2343 484 2405 541 e‘.
2441 488 2550 541 Καὶ
2579 488 2665 541 ἵνα
2710 485 2988 560 μὴπολλά
3038 487 3286 559 λέγοντες
3333 490 3575 564 δόξωμεν
3623 497 3863 566 μηκῦναι

591 573 811 633 ducere,
849 569 915 623 ad
944 571 1116 639 ipsam
1150 587 1332 627 rerum
1392 588 1661 629 summam
1695 574 2003 629 veniamus.
2041 572 2177 629 Pos-

594 673 771 716 tremo
809 661 975 731 igitur
1007 663 1156 717 cruci
1182 663 1409 733 necique
1434 664 1668 718 traditus
1687 664 1789 720 fuit
1818 666 2005 735 gloria:
2036 667 2172 735 Rex,

590 766 644 809 ct
677 755 731 808 in
775 755 926 824 ligno
965 754 1136 811 clavis
1175 755 1425 811 conﬁxus
1462 757 1615 825 quia
1659 758 1992 815 Cherubinis
2016 760 2177 815 Sera-

592 846 888 916 phini'sque
915 846 1243 917 hymnorum
1262 857 1424 902 cantu
1458 848 1785 908 celebratur.
1826 857 1880 905 et
1907 864 1937 904 a
1962 851 2177 908 cunctis

596 938 894 992 virtutibus
920 936 1237 1008 angelisque
1266 938 1543 994 adoratur.
1595 938 1719 994 llaec
1744 942 1975 1011 benigne
2008 945 2177 998 susti-

591 1033 712 1087 nuit
743 1048 808 1088 ac
851 1047 1049 1103 passus
1092 1039 1199 1098 est,
1247 1032 1403 1088 nobis
1457 1033 1765 1103 exemplum
1812 1034 2078 1103 praebens,
2122 1044 2177 1090 et

591 1125 1029 1182 mansuetudinis
1095 1124 1271 1181 factus
1331 1124 1611 1195 magister.
1680 1124 2022 1194 Quapropter
2075 1141 2177 1182 nos

590 1232 814 1286 quoque
849 1218 1110 1272 debemus
1137 1215 1512 1286 improborum
1542 1215 1825 1269 hominum
1850 1216 2028 1272 minas
2058 1215 2173 1272 for-

591 1311 717 1363 titer
751 1307 913 1362 ferre.
930 1307 1072 1373 Quin
1102 1306 1237 1361 adeo
1256 1306 1309 1359 in
1335 1320 1498 1360 cruce
1521 1304 1765 1375 pendens
1783 1304 1991 1369 majora
2008 1320 2175 1375 opera

589 1410 645 1452 et
680 1398 837 1469 plura
877 1397 1140 1452 miracula
1184 1398 1378 1464 edidit,
1408 1408 1468 1450 ut
1506 1397 1580 1451 ita
1616 1396 1724 1452 Deo
1762 1396 2051 1452 odibilium
2083 1412 2175 1454 ve-

590 1492 800 1546 saniam
854 1490 1091 1555 sedaret,
1147 1503 1325 1558 neque
1350 1488 1757 1543 excusationem
1805 1488 2174 1544 incredulitati

587 1597 702 1636 suae
733 1581 1152 1650 pratenderent,
1182 1579 1329 1649 quod
1356 1578 1654 1648 simplicem
1687 1577 1962 1633 hominem
1993 1578 2174 1633 cruci-

592 1672 863 1725 tixisscnt.
904 1668 1091 1722 Primo
1122 1668 1308 1736 itaque
1346 1682 1542 1736 passus
1571 1664 1920 1723 estChristus
1950 1683 2009 1724 se
2047 1683 2175 1724 cru-

588 1762 759 1833 ciligi,
780 1762 906 1815 etin
934 1774 1112 1814 aerem
1138 1757 1333 1822 attolli,
1358 1768 1409 1811 ut
1428 1772 1619 1813 aereos
1640 1759 1913 1813 damones
1937 1758 2169 1827 fugaret.

2274 579 2367 633 τὸν
2397 579 2576 649 λόγον,
2610 579 2855 651 ἐλθωμεν
2906 582 3005 635 καὶ
3045 583 3126 646 είς
3162 582 3306 638 αύτά
3333 585 3401 639 τά
3434 586 3713 656 κεφάλαια
3756 592 3861 644 τῶν

2274 672 2621 743 πραγμάτων
2647 687 2663 703 ο
2713 672 2868 735 τέλος
2899 667 2994 726 οῦν
3027 673 3196 743 ἧγετο
3222 675 3318 728 ἐπὶ
3366 676 3461 732 τὸν
3495 681 3736 751 σταυρὸν
3768 685 3861 736 καὶ

2276 758 2508 812 θάνατον
2535 759 2564 811 6
2592 758 2693 829 τῆς
2739 757 2899 829 δόξης
2933 758 3207 829 βασιλεὺς,
3258 763 3354 816 καὶ
3411 766 3736 836 προσήλωτο
3785 768 3862 839 τῷ

2276 849 2420 922 ξύλῳ
2450 853 2478 904 6
2508 850 2613 903 ὑπὸ
2642 850 2753 904 τῶν
2790 850 3071 922 Χερουϐὶμ
3109 854 3203 907 καὶ
3233 853 3484 926 Σεραφὶμ
3513 859 3858 929 ἀνυμνούμε-

2276 959 2387 1006 νος,
2422 942 2517 996 καὶ
2538 941 2644 995 ὑπὸ
2672 942 2861 995 πασῶν
2886 941 3170 1012 δυνάμεὼν
3200 961 3260 999 τε
3293 948 3386 1000 καὶ
3413 948 3663 1016 ἀγγέλων
3698 968 3865 1021 προσ-

2275 1030 2627 1101 κυνούμενος·
2662 1031 2837 1085 ταῦτα
2878 1032 2937 1086 δέ
2964 1033 3187 1103 πραέως
3219 1036 3461 1107 ὑπέμενὲ
3503 1056 3563 1091 τε
3598 1041 3693 1092 καὶ
3723 1042 3859 1094 ἐπα-

2278 1139 2427 1194 σχεν,
2478 1124 2615 1195 ημῖν
2666 1124 3031 1197 ὑπογραμμὸν
3073 1127 3353 1197 παρέχων,
3401 1131 3497 1184 καὶ
3541 1130 3861 1197 διδάσκαλος

2275 1215 2575 1278 ἐπιεικείας
2599 1215 2895 1286 γινόμενος
2914 1230 2929 1245 ⁶
2958 1216 3049 1270 διὰ
3071 1217 3229 1272 τοῦτο
3258 1214 3353 1274 οῦν
3382 1222 3477 1275 καὶ
3513 1224 3678 1294 ἡμεῖς
3706 1226 3860 1294 ὀφεί-

2274 1304 2442 1374 λομεν
2479 1304 2747 1375 γενναίως
2784 1308 2977 1379 φέρειν
3000 1308 3104 1373 τὰς
3127 1309 3237 1363 τῶν
3269 1312 3526 1383 πονηρῶν
3551 1315 3859 1387 ἀνθρώπων

2275 1396 2510 1460 ἀπειλάς
2535 1412 2550 1428 ο
2589 1396 2728 1450 ἀλλὰ
2757 1397 2866 1468 γὰρ
2892 1398 2988 1451 καὶ
3024 1398 3119 1452 ἐπὶ
3141 1400 3236 1453 τοῦ
3264 1400 3501 1474 σταυροῦ
3526 1409 3860 1477 κρεμασθεὶς

2278 1488 2503 1559 μείζονα
2551 1487 2690 1559 ἔργα
2726 1490 2824 1543 καὶ
2863 1488 3088 1543 πλείονα
3131 1490 3387 1563 θαύματα
3411 1496 3735 1563 ἐνεδείξατο,
3776 1499 3863 1554 ἱνα

2272 1583 2341 1638 ἂν
2368 1583 2541 1647 οὕτως
2574 1583 2760 1655 παύσῃ
2790 1582 2899 1637 τῶν
2947 1584 3255 1655 θεοστυγῶν
3291 1589 3415 1661 τὴν,
3450 1592 3673 1661 μανίαν,
3716 1590 3860 1647 ὥστε

2276 1672 2352 1744 μὴ
2378 1673 2525 1744 ἐχειν
2544 1674 2741 1739 αὐτοὺς
2766 1677 3041 1747 πρόφασιν
3065 1676 3165 1748 τῆς
3192 1678 3472 1745 ἀπιστίας,
3507 1683 3648 1754 μήτε
3673 1685 3857 1754 λέγειν

2275 1766 2358 1820 ὅτι
2386 1766 2559 1821 Ψιλὸν
2586 1767 2873 1839 ἄνθρωπον
2898 1769 3356 1841 ἐσταυρώσαμεν·
3386 1774 3605 1845 πρῶτον
3634 1777 3735 1847 μὲν
3766 1774 3862 1831 οὖν

591 1830 909 1922 Suspensus
949 1858 1032 1905 est
1069 1851 1237 1918 ligno,
1273 1857 1332 1901 ut
1368 1848 1583 1918 culpam
1620 1849 1751 1918 ligni
1788 1863 1954 1903 causa
1993 1850 2167 1903 homi-

2272 1857 2533 1927 ἠνέσχετο
2575 1859 2605 1911 6
2646 1830 2881 1928 Χριστὸς
2911 1830 3315 1933 σταυρωθῆναι,
3348 1830 3446 1919 καί
3483 1867 3565 1931 είς
3594 1830 3689 1921 τδν
3717 1867 3862 1939 ἀέρα

588 1945 751 1999 nibus
790 1943 920 1996 olim
982 1940 1243 1995 inﬂictam
1267 1940 1587 2009 corrigeret.
1622 1938 1837 1994 Lancea
1873 1939 2018 1993 latus
2046 1939 2168 2009 ejus

586 2035 921 2106 perfossum,
949 2041 1167 2104 propter
1192 2040 1466 2101 sumptam
1495 2031 1562 2085 de
1588 2031 1780 2085 Adami
1814 2030 1984 2085 latere
2006 2029 2131 2084 femi
2149 2060 2165 2070 -

588 2143 733 2181 nam.
792 2124 927 2180 Nam
992 2134 1180 2194 postea
1232 2137 1397 2191 quam
1454 2137 1679 2191 serpens
1731 2122 1900 2177 Evam
1932 2121 2163 2190 decepit,

587 2219 807 2289 Evaque
829 2216 1097 2272 Adamutn
1133 2214 1200 2268 ad
1233 2214 1724 2282 transgressionem
1758 2214 1990 2284 impulit,
2023 2214 2165 2269 edita

584 2317 669 2365 est
713 2288 905 2363 contra
958 2315 1254 2373 utrumque
1296 2304 1587 2369 sententia,
1658 2288 1996 2375 regnat-itque
2023 2321 2164 2360 mors

596 2401 663 2455 ab
723 2400 929 2453 Adamo
980 2413 1143 2467 usque
1178 2399 1246 2450 ad
1294 2394 1512 2467 Moysen
1560 2410 1716 2464 super
1745 2412 1831 2451 eos
1865 2398 2025 2451 etiam
2075 2399 2166 2467 qui

586 2513 691 2549 non
741 2500 1078 2565 peccaverant
1113 2491 1177 2544 ".
1235 2489 1521 2559 Propterea
1556 2490 1871 2544 vulneratur
1900 2489 2063 2555 latus,
2107 2500 2166 2544 ut

584 2588 865 2643 discamus
907 2600 1012 2639 non
1059 2583 1191 2637 viris
1238 2583 1578 2643 tantumodo,
1613 2596 1800 2634 verum
1844 2583 2009 2635 etiam
2047 2598 2166 2635 mu-

586 2680 812 2734 lieribus
845 2676 1151 2747 passionem
1179 2671 1400 2727 Christi-
1444 2672 1692 2725 attulisse
1733 2672 1985 2726 salutem.
2013 2672 2162 2725 Ada-

586 2789 704 2825 mus
735 2771 875 2825 enim
901 2768 1048 2837 prior
1073 2766 1334 2835 formatus
1364 2763 1488 2832 fuit,
1540 2763 1724 2816 deinde
1753 2761 1865 2815 Eva
1890 2776 1908 2815 :
1939 2773 1987 2817 et
2017 2765 2166 2817 Ada-

2268 1948 2528 2020 άρθῆναι,
2569 1949 2656 2001 ἵνα
2684 1950 2812 2013 τοὺς
2843 1952 2902 2003 ἐν
2924 1950 3002 2021 τῷ
3036 1951 3159 2023 ἀέρι
3189 1953 3451 2024 δαίμονας
3492 1957 3815 2030 φυγαδεύσῃ
3843 1976 3856 1988 ·

2268 2040 2583 2112 ἐκρεμάσθη
2613 2039 2707 2094 ἐπὶ
2738 2040 2918 2110 ξύλου,
2950 2043 3039 2099 ἵνα
3070 2044 3169 2116 τὴν
3194 2046 3361 2100 πάλαι
3386 2047 3476 2101 διὰ
3496 2048 3657 2116 ξύλου
3688 2067 3861 2121 προσ-

2266 2136 2565 2208 γενομένην
2601 2137 2716 2201 τοῖς
2746 2136 3058 2209 ἀνθρώποις
3085 2141 3359 2212 ἁμαρτίαν
3394 2143 3615 2214 ίάσηται
3636 2162 3649 2177 ’
3688 2146 3860 2217 ἐνύγη

2267 2226 2363 2279 καὶ
2394 2225 2561 2298 λόγχῃ
2594 2226 2693 2297 τὴν
2716 2226 2973 2299 πλευράν,
3004 2228 3092 2283 διά
3130 2229 3228 2302 τὴν
3259 2235 3325 2287 ἐκ
3364 2235 3466 2305 τῆς
3487 2235 3733 2307 πλευρᾶς
3759 2236 3859 2290 τοῦ

2278 2316 2452 2387 Ἀδάμ
2480 2317 2778 2387 ληφθεῖσαν
2809 2321 3042 2386 γυναῖκα
3069 2337 3085 2352 ο
3143 2323 3336 2396 ἐπειδὴ
3370 2324 3477 2397 γάρ
3500 2328 3529 2379 6
3580 2326 3705 2395 δφις
3757 2328 3861 2398 τὴν

2267 2408 2410 2464 Εὕαν
2440 2409 2742 2481 ἠπάτησεν,
2768 2410 2801 2480 ἡ
2826 2411 2881 2465 δὲ
2912 2411 3028 2465 Εὕα
3053 2412 3143 2466 τὸν
3166 2414 3338 2487 Ἀδάμ
3366 2417 3680 2489 παραϐῆναι
3712 2437 3862 2490 παρ-

2265 2500 2581 2567 εσκεύασεν,
2608 2501 2830 2572 ἐξῆλθεν
2892 2502 2957 2573 δὴ
2997 2504 3271 2573 ἀπόφασις
3301 2508 3441 2561 κατά
3471 2509 3583 2561 τῶν
3614 2510 3861 2579 ἀμφοτέ-

2270 2611 2398 2664 ρων,
2424 2593 2535 2649 Καὶ
2556 2595 2962 2649 ἐϐασίλευσεν
2985 2597 3019 2649 ό
3042 2594 3301 2663 θάνατος
3322 2598 3442 2652 ἀπὸ
3475 2598 3657 2668 Ἀδὰμ
3678 2601 3862 2669 μέχρι

2266 2685 2564 2751 Μωῦσέως
2607 2687 2706 2739 καὶ
2757 2685 2856 2739 ἐπὶ
2903 2686 3043 2753 τοὺς
3078 2685 3166 2756 μὴ
3218 2688 3709 2758 ἁμαρτήσαντας.
3756 2692 3861 2745 Διὰ

2265 2774 2422 2828 τοῦτο
2469 2775 2892 2848 τιτρώσκεταιή
2942 2778 3174 2849 πλευρὰ,
3209 2778 3298 2831 ἵνα
3331 2778 3595 2849 μάθωμεν
3648 2781 3735 2833 ὅτι
3788 2781 3853 2833 ού

583 2880 701 2919 mus
725 2860 935 2932 quidem
966 2875 1068 2911 non
1107 2866 1185 2911 est
1224 2857 1489 2925 deceptus,
1528 2855 1618 2909 sed
1655 2855 1843 2909 mulier
1868 2858 2079 2925 decepta
2111 2857 2166 2910 in

585 2954 1053 3025 transgressionem
1090 2950 1315 3004 incurrit
1349 2950 1414 3004 ιθ.
1458 2947 1767 3004 Salvabitur
1813 2959 1994 3005 tamen
2035 2965 2163 3021 pro-

2268 2867 2431 2937 μόνον
2460 2866 2719 2936 ἀνδράσιν
2762 2868 2961 2937 ἤνεγκε
2998 2870 3279 2942 σωτηρίαν
3304 2871 3367 2925 τὸ
3396 2870 3567 2936 πάθος
3593 2872 3692 2926 τοῦ
3718 2874 3858 2943 Χρι-

2270 2958 2416 3024 στοῦ,
2441 2959 2575 3013 ἀλλὰ
2618 2959 2713 3012 καὶ
2740 2959 2986 3027 γυναιξί·
3024 2960 3209 3027 Ἀδὰμ
3238 2961 3347 3031 γὰρ
3393 2961 3625 3030 πρῶτος
3663 2962 3857 3017 ἐπλά-

585 3060 707 3119 pter
752 3054 955 3101 sancta:
1011 3042 1195 3097 Maria:
1224 3048 1462 3111 partum.
1503 3036 1625 3094 Haec
1647 3042 1790 3094 enim
1817 3039 2162 3097 Servatoretn

2267 3054 2407 3116 σθη,
2454 3045 2582 3102 εἶτα
2631 3049 2760 3103 Εὕα
2791 3064 2805 3079 ·
2863 3048 2963 3102 καὶ
2998 3048 3182 3119 Ἀδὰμ
3228 3052 3342 3104 οὐκ
3374 3050 3678 3121 ἠπατήθη,
3714 3052 3753 3120 ἡ
3786 3052 3859 3106 δὲ

583 3140 865 3195 Chrismtn
900 3135 1106 3206 peperit
1130 3133 1250 3189 sine
1290 3133 1392 3187 viri
1426 3145 1747 3202 congressu,
1778 3130 1914 3185 Isaia
1944 3133 2163 3196 teste”,

2268 3140 2423 3211 γυνὴ
2463 3141 2839 3208 ἀπατηθεῖσα
2870 3141 2940 3194 ἐν
2971 3142 3302 3209 παραϐάσει
3334 3142 3562 3213 γέγονε.
3611 3144 3859 3216 Σωθήσε-

586 3235 678 3288 sed
710 3231 881 3287 sancti
910 3228 1142 3298 Spiritus
1165 3224 1602 3288 obumbratioue,
1634 3225 1777 3280 sicut
1801 3225 2163 3295 archangelus

2269 3249 2359 3284 ται
2386 3231 2442 3283 δὲ
2466 3230 2554 3283 διὰ
2586 3231 2686 3298 τῆς
2712 3230 3055 3298 τεκνογονίας
3094 3233 3194 3302 τῆς
3223 3232 3386 3300 ἁγίας
3407 3234 3631 3306 Μαρίας
3659 3252 3675 3267 ’
3709 3234 3854 3305 αῦτη

586 3322 806 3379 Gabriel
865 3320 1227 3374 nuntiaverat.
1311 3315 1679 3383 Quamobrem
1729 3317 1873 3373 latus
1943 3332 2165 3388 quoque

2270 3322 2377 3393 γὰρ
2422 3322 2515 3374 τὸν
2569 3321 2800 3392 Σωτῆρα
2852 3322 3089 3392 Χριστὸν
3123 3323 3478 3391 ἐτεκνώσατο,
3538 3325 3640 3379 οὐκ
3696 3326 3856 3398 ἀνδρὶ

585 3417 788 3472 Clu-isti
818 3414 1155 3478 vulneratur,
1189 3419 1250 3466 ut
1285 3409 1543 3481 praedicta
1578 3410 1980 3479 dispensatorio
2002 3411 2164 3467 modo

2270 3411 2621 3475 συνελθοῦσα,
2652 3412 2727 3476 ὡς
2767 3411 2996 3475 Ἠσαίας
3033 3417 3338 3485 μαρτυρεῖ,
3367 3414 3505 3468 ἀλλά
3534 3414 3855 3486 Πνεύματος

586 3509 798 3573 tierent,
826 3506 1077 3575 baptismi
1108 3503 1426 3575 mysterium
1463 3501 1872 3572 praedicaretur,
1900 3512 1954 3557 et
1979 3502 2160 3556 futura

2268 3505 2426 3574 ἀγίου
2450 3523 2462 3535 ·
2486 3504 2816 3569 ἐπισκιάσει,
2849 3502 3032 3567 καθὼς
3083 3506 3112 3558 6
3162 3505 3400 3576 Γαϐριὴλ
3432 3507 3462 3559 6
3507 3506 3854 3578 ἀρχάγγελος

586 3600 759 3670 gratia
791 3596 1152 3652 illucesceret.
1184 3593 1486 3650 Eliciuntur
1511 3595 1656 3648 enim
1690 3595 1913 3665 sanguis
1942 3603 1995 3650 et
2022 3611 2161 3665 aqua

2267 3594 2653 3666 εὐηγγελίσατο
2682 3611 2695 3624 ·
2726 3593 2816 3648 διὰ
2859 3593 3069 3666 ταύτην
3096 3589 3189 3648 οῦν
3220 3594 3318 3666 τὴν
3364 3596 3639 3667 πρόφασιν
3673 3596 3771 3650 καὶ
3814 3598 3849 3668 ή

585 3708 649 3746 ex
690 3689 895 3744 Christi
931 3688 1117 3752 latere,
1153 3692 1212 3740 ut
1252 3685 1459 3757 peccati
1496 3685 1920 3755 chirographum
1965 3697 2157 3741 contra

2267 3687 2479 3758 πλευρὰ
2506 3686 2808 3758 πλήσσεται
2838 3686 2933 3739 τοῦ
2959 3687 3221 3757 Χριστοῦ,
3247 3687 3337 3741 ἴνα
3360 3688 3455 3741 καὶ
3487 3686 3557 3741 τά
3580 3703 3852 3759 προειρη-

587 3797 685 3836 nos
730 3780 989 3849 scriptum
1036 3779 1268 3846 eluatur,
1304 3777 1573 3847 sanguine
1606 3775 1754 3832 illius
1780 3778 2156 3847 purilicemur,

2267 3783 2403 3852 μένα
2428 3779 2779 3851 οἰκονομηθῇ,
2812 3779 2906 3832 καὶ
2933 3780 2995 3832 τὸ
3019 3780 3318 3850 μυστήριον
3345 3778 3436 3832 τοῦ
3476 3777 3855 3849 βαπτίσματος

585 3883 640 3928 ct
676 3871 989 3944 paradisum
1029 3870 1444 3951 adipiscamurs

2267 3872 2537 3943 κηρυχθῇ,
2584 3872 2681 3926 καὶ
2730 3873 2765 3942 η
2808 3872 2967 3942 χάρις
2991 3872 3025 3942 ὴ
3056 3870 3329 3941 μέλλουσα
3367 3870 3580 3942 λάμψει*
3608 3871 3850 3941 πηγάζει

585 3967 694 4037 γάρ
718 3960 856 4036 αἷμα
880 3964 973 4018 καὶ
1006 3954 1151 4033 ὕδωρ
1179 3962 1244 4014 ἐκ
1266 3960 1364 4030 τῆς
1396 3958 1637 4031 πλευρᾶς
1662 3957 1756 4013 τοῦ
1787 3960 2049 4031 Χριστοῦ,
2081 3961 2167 4017 ἵνα
2206 3968 2303 4017 καὶ
2330 3964 2389 4017 τὸ
2444 3961 2567 4017 καθ’
2624 3963 2782 4033 ήμῶν
2804 3962 3165 4035 χειρόγραφον
3192 3962 3293 4033 τῆς
3322 3962 3597 4033 ἁμαρτίας
3621 3963 3852 4019 ἀπαλεί-

582 4060 680 4132 ψῃ,
729 4060 827 4111 καὶ
865 4055 941 4126 τῷ
992 4054 1185 4127 αἵματι
1229 4051 1394 4107 αὑτοῦ
1434 4049 1882 4122 καθαρισθῶμεν,
1937 4053 2030 4106 καὶ⁵
2079 4054 2173 4109 τὸν
2206 4055 2534 4128 παράδεισον
2562 4053 2943 4124 ἀπολάϐωμεν.

654 4154 707 4206 ϐ.
741 4150 785 4205 Ο
832 4149 1033 4221 grande
1083 4147 1449 4219 mysterium!
1496 4144 1661 4203 Latro
1714 4145 1974 4215 resipuit,
2023 4161 2163 4216 opus

2332 4154 2408 4214 ς’.
2445 4148 2509 4201 *Ω
2540 4145 2841 4217 μυστηρίου
2878 4146 3149 4215 μεγάλουί
3196 4144 3523 4217 μετενόησεν
3562 4146 3593 4199 ὁ
3622 4144 3845 4218 λῃστής.

583 4249 703 4298 erat
737 4256 878 4310 aqua
900 4238 1364 4309 utbaptizaretur,
1391 4238 1446 4290 in
1471 4251 1634 4291 cruce
1664 4236 1951 4306 pendebat,
1979 4236 2163 4291 nullus

2267 4240 2413 4311 χρεία
2428 4234 2495 4309 ἦν
2526 4238 2715 4302 ὓδατος
2747 4239 2831 4291 ἵνα
2850 4235 3119 4307 βαπτισθῇ
3146 4251 3160 4265 °
3186 4235 3279 4289 ἐπὶ
3304 4236 3395 4290 τοῦ
3425 4237 3662 4309 σταυροῦ
3684 4238 3849 4308 ἐκρί-

584 4346 703 4392 crat
754 4334 897 4389 alius
942 4319 1173 4388 idoneus
1205 4329 1477 4400 baptismo
1519 4328 1696 4391 locus,
1735 4342 1841 4381 non
1872 4328 2015 4395 fons,
2053 4344 2160 4382 non

2267 4348 2418 4403 ματο·
2451 4332 2552 4385 οὐκ
2583 4331 2649 4402 ἦν
2679 4331 2861 4401 ἔτερος
2892 4328 3055 4393 τόπος
3122 4328 3519 4399 βαπτίσματος,
3549 4328 3611 4382 ού
3668 4330 3844 4401 πηγὴ,

585 4439 860 4500 stagnum,
895 4440 1003 4481 non
1034 4423 1249 4489 imber;
1286 4436 1446 4477 nemo
1479 4429 1737 4490 praeterea
1762 4421 1853 4490 qui
1882 4420 2157 4490 liturgiam

2267 4423 2317 4476 σύ
2346 4422 2531 4494 λίμνη,
2575 4423 2675 4477 οὐκ
2701 4421 2929 4493 ὄμϐρος,
2965 4422 3062 4493 ούχ
3097 4423 3125 4475 6
3153 4419 3253 4491 τὴν
3292 4420 3685 4488 μυσταγωγίαν
3715 4424 3843 4474 ἐπι-

585 4531 900 4592 perageret:
936 4518 1120 4574 cuncti
1152 4516 1319 4580 enim,
1352 4523 1496 4570 metu
1529 4513 1867 4579 Judaeorum,
1902 4512 2156 4583 discipuli
2189 4550 2233 4605 Β

584 4611 909 4682 diﬂ‘ugerant
950 4610 1058 4669 Sed
1093 4624 1200 4665 non
1229 4609 1449 4665 carebat
1470 4606 1722 4661 laticibus
1750 4605 1910 4661 Jesus
1943 4624 1955 4659 :
1992 4605 2157 4661 etiam

585 4701 641 4755 in
665 4715 827 4756 cruce
850 4714 1171 4771 suspensus,
1200 4709 1318 4754 erat
1342 4698 1699 4753 nihilominus
1723 4712 1989 4766 aquarum
2019 4711 2164 4753 crea-

585 4803 690 4848 tor.
708 4790 841 4845 Nam
869 4792 995 4863 quia
1018 4791 1129 4866 tieri
1163 4806 1270 4845 non
1296 4797 1526 4858 poterat,
1551 4798 1609 4842 ut
1642 4802 1867 4858 regnum
1897 4788 2161 4844 caelorum

588 4886 963 4955 ingrederetur
993 4884 1135 4939 latro
1178 4884 1386 4953 absque
1422 4881 1715 4951 baptismo,
1762 4880 2080 4951 sanguinem
2108 4890 2160 4935 et

585 4990 786 5047 aquam
825 4975 1007 5031 emisit
1047 4976 1114 5030 de
1155 4973 1393 5030 sull‘osso
1436 4972 1608 5027 latere
1640 4986 1742 5026 suo
1776 4970 2053 5035 Servator,
2100 4980 2159 5025 ut

584 5071 788 5125 dictum
848 5068 1111 5123 latronem
1182 5064 1621 5135 impendentibus
1669 5062 1829 5116 malis
1883 5061 2155 5124 liberaret,

585 5175 857 5230 suumque
924 5158 1244 5227 sanguinem
1311 5154 1700 5223 redemptionis
1743 5153 1978 5223 pretium
2036 5166 2159 5207 esse

584 5253 987 5305 demonstraret
1017 5250 1255 5312 illorum,
1304 5248 1399 5317 qui
1440 5248 1495 5301 in
1533 5247 1650 5316 ipso
1682 5261 1833 5315 spem
1864 5245 2154 5299 collocant.

584 5344 719 5398 Nam
751 5340 810 5397 Si
856 5352 1128 5396 taurorum
1159 5341 1373 5411 sanguis
1406 5349 1557 5408 atque
1602 5339 1885 5403 hircorum,
1936 5346 1983 5390 et
2024 5337 2155 5390 cinis

581 5436 764 5490 vitula:
790 5452 1033 5505 aspersus
1056 5436 1355 5505 inquinatos
1374 5433 1678 5501 sanctiﬁcat
1705 5432 1773 5484 ad
1794 5433 1969 5485 carnis
2006 5431 2155 5499 puri-

583 5530 904 5598 ﬁcationem,
926 5536 1119 5598 quanto
1152 5529 1319 5597 magis
1344 5528 1560 5595 sanguis
1594 5524 1891 5579 Saluatoris
1923 5526 2089 5579 nostri
2113 5526 2155 5555 ¹⁰

584 5622 829 5675 omnium
878 5621 1041 5675 simul
1091 5618 1529 5674 Christianorum
1584 5618 1957 5687 purgator-ium
2014 5616 2157 5671 lict?

587 5713 643 5767 Si
674 5712 797 5781 quis
835 5726 962 5783 ergo
992 5711 1087 5765 tibi
1112 5710 1261 5765 dicat
1291 5709 1527 5764 infidelis
1560 5727 1573 5761 :
1604 5707 1714 5762 Cur
1744 5708 2039 5762 cruciﬁxus
2071 5717 2153 5760 est

658 5822 701 5855 ⁸⁵
741 5823 900 5878 Rom.
942 5837 990 5887 γ,
1022 5821 1110 5876 15.

2260 4514 2468 4568 τελῶνο
2519 4514 2723 4578 πάντες
2753 4514 2863 4585 γὰρ
2921 4514 3011 4567 διά
3064 4512 3159 4567 τὸν
3212 4512 3379 4581 φόϐον
3432 4511 3542 4565 τῶν
3572 4512 3847 4567 Ἰουδαίων

2261 4606 2462 4677 ἔφυγον
2509 4608 2558 4660 oi
2593 4607 2854 4677 μαθηταί·
2881 4606 3100 4660 ἀλλὀὐκ
3132 4606 3411 4676 ἠπόρησεν
3455 4606 3486 4657 6
3508 4603 3721 4671 Ἰησοῦς
3750 4622 3843 4658 να-

2264 4699 2471 4767 μάτων,
2502 4697 2637 4753 ἀλλὰ
2668 4698 2765 4752 καὶ
2796 4698 2889 4751 ἐπὶ
2928 4696 3163 4769 σταυροῦ
3186 4696 3556 4773 κρεμάμενος.
3575 4696 3843 4767 δημιουρ-

2258 4788 2355 4855 γὸς
2387 4788 2596 4841 ὑδάτων
2622 4788 2833 4856 γέγονε·
2863 4786 3050 4857 ἐπειδὴ
3075 4787 3184 4857 γὰρ
3208 4786 3306 4855 οὐχ
3330 4779 3441 4838 οἷόν
3469 4801 3530 4837 τε
3552 4779 3623 4855 ἦν
3660 4784 3840 4839 εἰσελ-

2258 4877 2371 4933 θεῖν
2404 4881 2483 4943 είς
2512 4879 2610 4950 τὴν
2648 4878 2925 4949 βασιλείαν
2954 4879 3048 4931 τὸν
3069 4876 3271 4951 λῃστὴν
3293 4877 3415 4947 δίχα
3436 4875 3837 4947 βαπτίσματος,

2256 4963 2398 5040 αἷμα
2435 4971 2532 5023 καὶ
2566 4970 2713 5041 ὕδωρ
2744 4971 3056 5042 προσήκατο
3090 4970 3191 5040 τῆς
3209 4969 3463 5038 νυγείσης
3492 4968 3662 5022 αὑτοῦ
3685 4970 3841 5023 πλευ-

2266 5061 2368 5133 ρᾶς
2423 5063 2450 5113 6
2502 5062 2712 5132 Σωτὴρ,
2753 5063 2843 5117 ἵνα
2892 5063 3058 5116 αὑτὸν
3103 5061 3309 5134 λῃστὴν
3356 5060 3701 5134 ἐλευθερώσῃ
3734 5062 3843 5116 τῶν

2263 5153 2592 5225 ἐπηρμένων
2650 5154 2839 5207 κακῶν
2867 5195 2882 5223 ,
2939 5154 3034 5207 καὶ
3082 5154 3143 5208 τὸ
3188 5149 3328 5224 αἷμα
3357 5153 3553 5224 λύτρον
3583 5154 3841 5226 ἀποδείξῃ

2261 5250 2551 5319 γενόμενον
2598 5250 2705 5301 τῶν
2743 5249 2822 5313 είς
2855 5248 3018 5301 αὑτὸν
3046 5248 3145 5311 τὰς
3176 5246 3401 5309 ἐλπίδας
3448 5246 3686 5317 ἐχόντων
3720 5263 3734 5277 '
3772 5245 3843 5299 El

2260 5340 2368 5411 γὰρ
2400 5342 2466 5395 τὸ
2503 5335 2648 5408 αἷμα
2677 5340 2906 5407 ταύρων
2943 5338 3039 5392 καὶ
3072 5337 3303 5407 τράγων
3346 5336 3446 5391 καί
3475 5337 3713 5412 σποδὸς
3742 5336 3845 5390 δα-

2258 5432 2494 5503 μάλεως
2535 5432 2898 5500 ῥαντίζουσα
2928 5432 3070 5499 τοὺς
3098 5430 3573 5500 κεκοινωμένους
3623 5430 3842 5499 ἁγιάζει

2260 5522 2410 5589 πρὸς
2452 5521 2568 5589 τὴν
2611 5520 2723 5589 τῆς
2770 5522 2999 5588 σαρκὸς
3034 5521 3350 5588 κάθαρσιν,
3390 5519 3561 5582 πόσῳ
3597 5516 3844 5587 μᾶλλον

2258 5613 2325 5666 τὸ
2358 5608 2500 5683 αἷμα
2534 5612 2642 5667 τοῦ
2671 5611 2943 5682 Σωτῆρος
2965 5611 3135 5682 ἡμῶν
3158 5611 3457 5683 καθάρσιον
3485 5608 3682 5680 γέγονε
3709 5606 3841 5663 πάν-

2259 5722 2367 5759 των
2398 5705 2532 5775 ὁμοῦ
2568 5707 2910 5779 Χριστιανῶν
2942 5723 2958 5772 ;
2998 5706 3127 5761 Ἐὰν
3153 5703 3246 5760 οῦν
3297 5702 3430 5777 είπῃ
3473 5703 3559 5759 σοί
3596 5720 3682 5768 τις
3727 5701 3838 5756 τῶν

1186 5821 1227 5851 ’⁵
1260 5818 1278 5873 Ι
1307 5818 1446 5875 Tini.
1482 5835 1539 5885 ll,
1565 5819 1657 5884 43,
1700 5818 1785 5872 M.
1863 5819 1903 5849 ¹⁷
1934 5815 2037 5873 lsa.
2073 5833 2166 5883 vn,
2203 5817 2288 5871 l4.
2368 5817 2410 5848 ’⁸
2444 5815 2607 5873 llcbr.
2630 5833 2706 5885 rx,
2740 5817 2941 5883 12,13.
