4018 6304
169 385 262 446 717
1052 382 1332 442 ORATIO
1361 382 1458 442 IV.
1489 405 1558 416 -
1596 382 1676 440 ΙΝ
1732 381 2083 440 SANCTUM
2137 380 2448 440 PASCHA.
3319 373 3423 436 718

167 492 408 546 ἀπίστων
432 533 447 558 ,
472 491 575 546 Διά
604 488 658 544 τί
683 487 1002 560 ἐσταυρώθη
1030 491 1059 543 ό
1091 489 1325 560 Χριστός
1349 507 1364 556 ;
1418 490 1538 542 είπέ
1583 487 1753 558 αὐτῷ,

1871 485 2146 540 Christus?
2167 485 2253 539 dic
2283 485 2334 539 ei
2371 500 2385 536 :
2420 481 2489 538 Ut
2524 480 2800 537 diabolum
2830 479 3187 552 crucifigeret.
3222 479 3281 537 Si
3325 480 3423 538 tibi

172 579 282 634 Ἵνα
336 579 630 650 σταυρώσῃ
683 578 775 631 τὸν
797 577 1059 632 διάϐολονο
1096 578 1192 631 ἐὰν
1231 580 1359 652 εἴπῃ
1392 596 1511 643 σοι,
1568 579 1668 632 Διά
1699 579 1751 632 τί

1871 579 2006 633 dicat
2039 595 2051 630 :
2077 578 2186 631 Cur
2223 577 2476 647 pependit
2509 575 2565 630 in
2595 574 2741 646 ligno
2769 575 2792 627 ?
2817 575 2904 629 dic
2934 576 2982 629 ei
3012 592 3025 627 :
3057 575 3123 631 Ut
3154 575 3339 644 spinas
3369 585 3428 629 et

171 668 488 739 ἐκρεμάσθη
522 668 617 722 ἐπὶ
657 667 815 734 ξύλου
844 686 858 734 ;
891 668 1012 722 είπέ
1046 665 1348 739 αὐτῷ,’Ὶνα
1375 668 1475 732 τὰς
1509 670 1750 734 ἀκάνθας

1871 669 2092 725 tribulos
2138 668 2329 724 Adami
2414 667 2776 736 exstirparet:
2809 667 2896 722 hic
2922 666 3065 721 enim
3098 667 3163 722 ad
3191 667 3426 738 gemitus

169 759 262 814 καὶ
309 756 606 829 τριϐόλους¹
651 757 924 830 ἐκριζώσῃ
980 757 1077 812 τοῦ
1126 758 1336 828 Ἀδάμο
1381 760 1587 824 ἐκεῖνος
1627 759 1738 832 γὰρ

174 850 410 919 στένειν⁸
437 850 534 903 καὶ
592 850 816 922 τρέμειν
865 851 1226 924 κατεδικάσθη
1253 895 1268 919 ,
1326 854 1422 907 καὶ
1471 855 1754 924 τριϐόλους

173 946 461 1013 γεωργεῖν
484 943 692 1015 Ἰησοῦς
717 943 812 998 οὖν
834 945 1217 1015 φιλάνθρωπος
1241 946 1338 1012 ὣν,
1371 947 1466 1000 καὶ
1492 945 1588 1000 τοῦ
1621 948 1752 1001 ἰδίου

175 1035 492 1106 πλάσματος
531 1038 701 1091 θέλων
745 1037 1170 1107 προνοήσασθαι,
1210 1038 1390 1092 πάντα
1438 1038 1642 1110 ὑπέστη
1685 1039 1754 1093 δι’

178 1129 351 1198 ἡμᾶς,
407 1129 495 1184 ἴνα
546 1131 709 1200 ήμεῖς
764 1129 864 1199 τῆς
927 1129 1225 1200 καταδίκης
1275 1129 1750 1203 ἐλευθερωθῶμεν·

181 1219 372 1292 ὥσπερ
405 1221 514 1293 γάρ
550 1221 815 1292 ἐγεννήθη
852 1221 956 1275 ὑπὸ
991 1223 1276 1290 γυναικὸς,
1309 1222 1393 1275 ἵνα
1425 1222 1521 1293 τὴν
1559 1225 1623 1277 ἐκ
1653 1242 1753 1292 γυ-

176 1318 355 1380 ναικὸς
387 1318 832 1389 προσγενομένην
861 1318 1134 1389 ἁμαρτίαν
1159 1321 1271 1382 τοῖς
1293 1318 1596 1387 ἀνθρώποις
1623 1319 1755 1370 ἀπαο

178 1409 355 1483 λείψῃ,
406 1411 577 1471 οὕτως
616 1411 711 1463 καὶ
768 1415 888 1474 ταῖς
925 1411 1192 1472 ἀκάνθαις
1237 1410 1616 1479 στεφανοῦται,
1669 1411 1756 1463 ἵνα

177 1502 276 1573 τὴν
316 1501 503 1565 κακῶς
551 1503 961 1572 γεωργηθεῖσαν
1017 1503 1123 1554 ὑπὸ
1172 1503 1268 1570 τῆς
1317 1491 1592 1573 ἁμαρτίας
1628 1501 1754 1571 γῆν,

175 1593 262 1646 διὰ
312 1594 415 1663 τῆς
472 1594 606 1656 ἰδίας
640 1594 888 1665 ὑπακοῆς
921 1595 1276 1666 ήμερωτέραν
1304 1597 1625 1665 ἐργάσηται⁸
1659 1594 1754 1647 ἐὰν

177 1686 305 1757 εἴπῃ
342 1702 445 1750 σοι,
497 1685 596 1738 Διά
637 1687 691 1739 τί
723 1686 884 1756 χολὴν
920 1687 1011 1739 καὶ
1037 1686 1156 1749 ὅξος
1190 1685 1380 1751 ἕπιεν;
1435 1681 1751 1756 είπέἀύτῷ,

180 1775 300 1830 Ἵνα
329 1778 489 1846 ἡμεῖς
507 1777 598 1829 τδν
625 1777 999 1848 θανατηφόρον
1030 1777 1105 1829 ίδν
1133 1777 1219 1842 ὲξε
1231 1778 1484 1846 μέσωμεν
1511 1776 1600 1829 τοῦ
1624 1777 1752 1849 δρά-

1859 776 2200 831 pavoresque
2250 761 2543 815 damnatus
2572 759 2695 824 fuit,
2728 767 2782 813 et
2817 759 2882 813 ad
2911 759 3141 814 tribulos
3171 758 3426 814 excolen—

1859 854 1960 908 dos
1980 872 1992 907 :
2012 851 2170 908 Jesus
2196 868 2326 922 ergo
2345 867 2468 906 cum
2492 855 2563 906 sit
2583 849 3031 915 humanissimus,
3061 860 3116 904 et
3143 866 3256 906 suae
3273 866 3428 905 crea—

1867 955 2004 999 turae
2028 945 2184 998 vellet
2209 958 2393 997 curam
2419 956 2622 1011 gerere,
2651 950 2844 995 cuncta
2863 953 2960 1010 pro
2987 940 3143 994 nobis
3176 939 3434 995 sustinuit

1863 1045 1923 1090 ut
1959 1049 2062 1090 nos
2090 1034 2440 1089 damnatione
2491 1034 2744 1102 eriperet.
2782 1032 2930 1087 Sicut
2951 1032 3092 1086 enim
3113 1048 3178 1085 ex
3205 1031 3433 1086 muliere

1863 1139 2023 1182 natus
2056 1136 2161 1192 est,
2199 1137 2256 1180 ut
2287 1125 2550 1180 inllictum
2578 1140 2607 1178 a
2645 1124 2873 1180 muliere
2898 1124 3210 1178 hominibus
3237 1138 3432 1194 pecca-

1864 1228 1975 1273 tum
2013 1218 2236 1282 deleret,
2288 1218 2362 1272 ita
2398 1218 2560 1273 etiam
2618 1218 2786 1289 spinis
2818 1227 3132 1282 coronatur,
3186 1227 3246 1271 ut
3293 1217 3433 1270 male

1861 1312 2133 1367 excultam
2157 1326 2186 1365 a
2205 1320 2426 1380 peccato
2456 1320 2677 1374 terram,
2702 1310 3007 1366 obedientia
3031 1325 3126 1364 sua
3158 1302 3428 1365 mitiorem

1863 1403 2130 1459 redderet.
2187 1403 2242 1458 Si
2283 1403 2430 1459 dicat
2486 1404 2582 1458 tibi
2611 1422 2624 1460 :
2651 1402 2761 1458 Cur
2812 1403 2879 1458 fel
2904 1411 2954 1457 et
3003 1412 3214 1457 acetum
3248 1401 3432 1456 bibit?

1863 1495 1950 1550 dic
1984 1494 2033 1548 ei
2067 1512 2079 1547 :
2109 1495 2178 1550 Ut
2214 1510 2315 1550 nos
2346 1494 2688 1550 mortiferum
2721 1495 2975 1550 draconis
3009 1509 3274 1549 venenum
3305 1509 3434 1548 evo-

1863 1603 2182 1642 meremus:
2232 1588 2361 1642 illud
2396 1589 2540 1643 enim
2576 1587 2668 1652 fel,
2725 1588 2955 1643 dulcedo
2985 1602 3104 1641 mea
3142 1586 3317 1641 evasit
3345 1603 3359 1639 ε
3385 1595 3440 1639 et

1863 1690 2076 1735 acetum
2104 1678 2255 1746 illud,
2291 1679 2420 1733 mihi
2446 1678 2686 1734 suavitas
2714 1677 2816 1733 fuit
2847 1690 2900 1732 et
2948 1677 3248 1734 medela.Si
3281 1677 3437 1732 deni-

1862 1785 1968 1841 que
2001 1769 2097 1824 tibi
2121 1770 2265 1825 dicat
2289 1770 2522 1824 infidelis
2557 1786 2569 1822 :
2603 1768 2713 1824 Cur
2739 1768 2806 1823 ad
2839 1770 2988 1824 illum
3007 1770 3326 1824 accedentes
3347 1784 3440 1839 ge-

179 1885 366 1930 κοντος
388 1884 401 1896 ·
435 1870 469 1938 ὴ
498 1869 605 1937 γάρ
640 1866 790 1938 χολὴ,
822 1868 951 1937 ἐμὸν
978 1867 1167 1935 γέγονε
1206 1867 1498 1937 γλύκασμα
1528 1884 1542 1897 ·
1569 1868 1663 1919 καὶ
1696 1867 1756 1920 τὸ

1871 1880 1938 1919 nu
1994 1863 2283 1918 flectebant
2325 1859 2495 1916 Judaei
2526 1862 2549 1915 ἲ
2582 1862 2671 1916 dic
2708 1862 2757 1916 ei
2793 1880 2806 1916 :
2837 1860 2907 1916 Ut
2962 1863 3208 1917 nolentes
3273 1862 3437 1916 etiam

178 1953 299 2023 δ’ξος
329 1962 528 2023 ἐκεῖνο,
576 1962 699 2030 ἐμοὶ
728 1961 948 2028 γέγονεν
979 1962 1059 2022 εἰς
1105 1959 1394 2028 γλύκασμα
1447 1959 1539 2011 καὶ
1583 1960 1718 2029 ταμα
1743 1976 1756 1988 ·

179 2055 274 2108 ἐὰν
307 2054 364 2106 δέ
400 2071 481 2107 σοι
521 2055 684 2107 πάλιν
713 2054 839 2125 είπῃ
869 2055 1117 2117 ἄπιστος,
1158 2054 1258 2106 Διά
1302 2054 1356 2106 τί
1399 2053 1759 2121 ἐγονυπέτουν

178 2147 346 2200 αὐτὸν
387 2147 706 2217 προσιόντες
737 2146 886 2217 αὑτῷ
914 2164 928 2212 ;
959 2147 1078 2199 είπέ
1104 2145 1271 2215 αὐτῷ,
1309 2145 1424 2200 Ἵνα
1447 2147 1540 2198 καὶ
1569 2147 1644 2218 μὴ
1668 2145 1755 2198 θέ-

179 2238 364 2302 λοντες
415 2243 862 2312 προσκυνήσωσιν
913 2238 1077 2291 αὑτὸν
1125 2239 1175 2290 oi
1201 2238 1466 2300 Ἰουδαῖοι,
1509 2238 1604 2290 καὶ
1657 2238 1756 2307 τὴν

181 2329 464 2399 βασιλείαν
506 2331 672 2384 αὐτοῦ
711 2330 937 2392 ἄκοντες
976 2330 1071 2382 ἐπὶ
1102 2329 1202 2399 τὴν
1234 2328 1342 2397 γῆν
1368 2327 1762 2398 ὁμολογήσωσι·

179 2422 272 2474 νῦν
300 2422 398 2492 μὲν
430 2422 540 2491 γὰρ
569 2420 924 2492 χλευάζοντες
945 2420 1337 2493 προσεκύνουν,
1371 2419 1446 2491 μὴ
1489 2420 1691 2482 είδότες
1738 2419 1765 2471 θ

182 2513 470 2583 ἔπραττον,
497 2515 555 2566 ἐν
594 2513 650 2565 δὲ
677 2515 743 2583 τῇ
789 2513 1059 2583 μελλούσῃ
1099 2513 1395 2566 ἀναστάσει
1431 2530 1449 2562 ι
1489 2514 1598 2565 πᾶν
1632 2511 1762 2579 γόνυ

181 2606 392 2674 κάμψει
425 2606 764 2674 ἐπουρανίων
798 2606 893 2657 καὶ
928 2605 1190 2672 ἐπιγείων
1230 2606 1325 2657 καὶ¹
1371 2603 1764 2673 καταχθονίων,

182 2695 273 2747 καὶ
308 2695 457 2746 πᾶσα
480 2693 701 2762 γλῶσσα
723 2694 1197 2764 ἐξομολογήσεται,
1225 2696 1303 2748 ὅτι
1325 2695 1528 2764 Κύριος
1561 2693 1767 2762 Ἰησοῦς

183 2785 419 2856 Χριστὸς
440 2786 520 2848 είς
541 2783 845 2850 δόξανΘεοῦ
873 2785 1108 2855 Πατρός.
1137 2784 1366 2854 Ἀμήν.»
1395 2784 1549 2853 Ἔχει
1579 2784 1636 2835 δέ
1666 2784 1762 2834 καὶ

183 2879 217 2948 ἡ
245 2878 456 2948 χλαμὺς
505 2877 690 2947 ἐκείνη
735 2878 830 2930 καὶ
873 2877 1059 2948 ἕτερον
1098 2875 1346 2945 αἴνιγμα·
1375 2875 1434 2926 οὐ
1471 2876 1629 2943 μόνον
1658 2875 1765 2944 γὰρ

1866 1956 2044 2025 ipsum
2101 1955 2412 2021 adorarent,
2465 1965 2519 2010 et
2563 1972 2789 2026 regnum
2820 1957 2938 2025 ejus
2985 1957 3066 2011 vel
3094 1957 3247 2012 inviti
3275 1957 3440 2012 humo

1863 2049 2018 2102 strati
2041 2050 2448 2102 confiterentur.
2479 2049 2631 2105 Nunc
2657 2049 2876 2118 quidem
2902 2066 3024 2106 cum
3047 2050 3297 2107 irrisione
3313 2066 3438 2106 eum

1864 2140 2182 2206 adorabant,
2203 2142 2510 2198 nescientes
2534 2142 2664 2211 quid
2696 2153 2938 2212 agerent,
2973 2144 3027 2199 in
3047 2144 3229 2200 futura
3257 2154 3438 2200 autem

1862 2236 2258 2289 resurrectione
2319 2255 2338 2285 c
2398 2250 2558 2290 omne
2611 2252 2750 2305 genu
2812 2237 3055 2294 ﬂectetur
3111 2239 3439 2304 caelestium,

1865 2325 2205 2380 terrestrium
2231 2334 2283 2381 et
2311 2325 2672 2392 infernorum,
2702 2330 3144 2395 etomnislingua
3167 2331 3444 2386 confitebi-

1864 2425 1954 2470 tur
1986 2416 2276 2472 Dontinum
2318 2416 2504 2473 Jesum
2561 2420 2845 2474 Christum
2894 2421 2948 2474 in
2981 2421 3152 2491 gloria
3181 2438 3306 2478 esse
3341 2422 3439 2478 Dei

1863 2513 2058 2569 Patris.
2095 2513 2267 2566 Amen
2293 2511 2392 2566 "ii.
2427 2530 2446 2563 ι
2487 2512 2657 2566 Habet
2680 2512 2841 2567 etiam
2876 2513 2968 2569 illa
2994 2515 3244 2586 chlamys
3294 2515 3442 2570 aliud

1864 2604 2094 2672 aenigma
2123 2618 2258 2656 :non
2277 2602 2419 2656 enim
2443 2603 2592 2672 regni
2617 2604 2992 2659 tantummodo
3012 2606 3274 2660 indicium
3302 2615 3440 2671 erat,

1872 2708 2062 2746 verum
2125 2693 2285 2747 etiam
2354 2702 2644 2746 cruentum
2688 2702 2741 2747 et
2787 2694 3078 2749 exitiosum
3127 2695 3443 2752 Judaaorum

1874 2785 2152 2853 ingenium
2193 2785 2620 2838 demonstrabat.
2675 2782 2955 2839 Calamum
3002 2801 3222 2856 quoque
3259 2791 3443 2842 manui

1872 2876 1990 2944 ejus
2027 2875 2387 2939 tradiderunt,
2421 2886 2478 2929 ut
2516 2876 2757 2945 ipsorum
2798 2877 3168 2933 scriberentur
3195 2889 3418 2945 peccata

184 2969 282 3041 τὴν
318 2968 604 3040 βασιλείαν
639 2967 970 3030 ὑπετύπουν,
1008 2965 1144 3020 ἀλλὰ
1182 2967 1287 3036 γὰρ
1315 2967 1409 3018 καὶ
1442 2965 1500 3018 τὸ
1539 2964 1830 3035 αἱμοϐόρον
1853 2966 1945 3018 καὶ
1976 2965 2212 3033 φονώδες
2266 2964 2376 3018 τῶν
2439 2965 2709 3019 Ἰουδαίων
2767 2966 3166 3022 ἐπεδείκνυντο”
3233 2970 3445 3028 ἔδωκαν

184 3061 240 3115 δέ
276 3063 374 3115 καὶ
407 3059 658 3129 κάλαμον
707 3061 764 3111 ἐν
817 3061 882 3129 τῇ
912 3058 1055 3127 χειρὶ
1112 3057 1298 3123 αὑτοῦ,
1350 3059 1435 3110 ἵνα
1475 3056 1761 3126 γραφῶσιν
1792 3057 1972 3110 αὐτῶν
2006 3058 2061 3109 αἱ
2093 3058 2389 3127 ἁμαρτίαι.

252 3153 318 3219 ζ’.
361 3153 547 3206 Ταῦτα
566 3151 666 3221 μὲν
682 3150 773 3204 οὖν
789 3151 835 3202 oi
854 3151 1226 3220 Χριστομάχοι
1245 3150 1481 3211 ἐποίουν,
1504 3149 1760 3216 ἀγνοοῦν-

1939 3151 1987 3203 7.
2025 3149 2148 3204 Haec
2166 3150 2347 3218 itaque
2372 3151 2557 3205 hostes
2581 3151 2784 3207 Christi
2812 3163 3118 3221 patrarunt,
3139 3171 3300 3225 quem
3324 3172 3446 3214 cru-

185 3260 272 3305 τες
305 3243 402 3296 τὸν
436 3242 890 3311 ἐσταυρωμένον·
927 3242 959 3310 ή
987 3241 1043 3293 δὲ
1074 3240 1252 3304 κτίσις
1281 3240 1380 3292 οὐκ
1407 3240 1643 3308 ἠγνόησε
1679 3239 1769 3292 τδν

185 3334 390 3404 ἑαυτῆς
421 3333 705 3402 ᾼεσπότην
735 3334 827 3385 καὶ
857 3332 1200 3403 Δημιουργόν
1221 3348 1234 3363 ο
1269 3331 1350 3383 ἔτι
1385 3331 1494 3402 γὰρ
1528 3330 1622 3383 τοῦ
1655 3331 1760 3382 Σω-

184 3427 349 3494 τῆρος
381 3426 475 3480 ἐπὶ
502 3424 597 3478 τοῦ
636 3424 868 3494 σταυροῦ
898 3424 1247 3494 κρεμαμένου
1273 3464 1288 3488 ,
1319 3421 1597 3494 θεωρήσας
1630 3421 1658 3471 ὁ
1688 3423 1771 3474 al-

190 3520 381 3586 σθητδς
433 3519 588 3589 ἥλιος
623 3517 714 3569 τὸν
748 3516 933 3572 Ἥλιον
980 3515 1079 3584 τῆς
1122 3515 1468 3584 δικαιοσύνης
1512 3515 1615 3568 ὑπὸ
1662 3513 1771 3566 τῶν

188 3611 405 3680 ἀνόμων
457 3607 842 3679 ὑϐριζόμενον,
880 3608 974 3659 καὶ
1026 3607 1099 3676 μὴ
1149 3608 1328 3677 φέρων
1374 3607 1434 3658 τὸ
1488 3606 1768 3676 τόλμημα,

189 3703 378 3771 φεύγει
418 3702 678 3761 σκοτίσας
725 3698 822 3768 τὴν
870 3699 996 3767 γῆν,
1029 3700 1228 3752 ἄτοπον
1262 3698 1607 3768 ἡγησάμενος
1643 3715 1771 3751 συν-

187 3796 369 3864 εργεῖν
415 3791 513 3845 καὶ
565 3787 821 3859 φωτίζειν
853 3789 1163 3859 ὀφθαλμοὺς
1207 3789 1306 3860 τὴν
1351 3790 1613 3860 μεγίστην
1644 3792 1771 3843 ἀσε-

189 3883 418 3946 ϐοὗντας
442 3881 700 3935 ἀσέϐειαν
721 3898 733 3911 ·
767 3879 828 3932 οὐ
866 3880 1026 3950 μόνον
1053 3880 1111 3932 δὲ
1133 3882 1159 3933 ὁ
1187 3880 1339 3950 ἥλιος
1368 3879 1615 3948 ἔφευγεν,
1639 3880 1773 3933 ἀλλὰ

189 3979 280 4030 καὶ
301 3979 334 4044 ή
370 3976 444 4044 γῆ
479 3974 713 4026 ἐκινεῖτο
749 3974 821 4042 μὴ
853 3972 1090 4043 φέρουσα
1111 3971 1209 4041 τὴν
1243 3972 1475 4041 ἀνομίαν
1500 3971 1608 4023 τῶν
1630 3972 1770 4040 δρω-

194 4066 389 4134 μένων,
420 4061 810 4131 ὲνδεικνυμένη
845 4063 900 4114 δὲ
935 4062 1026 4114 καὶ
1059 4061 1407 4124 διδάσκουσα,
1439 4062 1521 4114 ὅτι
1555 4060 1685 4124 Θεὸς
1706 4057 1773 4130 ἦν

190 4159 216 4210 ὁ
249 4157 659 4225 σταυρούμενος
679 4170 692 4184 ο
725 4152 806 4205 διὸ
837 4154 957 4205 οὐδὲ
981 4154 1252 4222 ἠνείχετο,
1284 4153 1400 4206 ἀλλ’
1418 4153 1773 4226 ἐχαλαίπαινε

195 4249 265 4320 μὴ
297 4249 536 4301 θέλουσα
567 4246 758 4314 φέρειν
790 4244 875 4312 ἐφ’
903 4246 1103 4314 ἑαυτῆς
1130 4245 1254 4306 τοὺς
1285 4245 1594 4313 θεοστυγεῖς
1639 4245 1772 4297 ’1ου-

190 4340 401 4402 δαίουςο
441 4338 541 4406 οὐχ
575 4336 752 4398 οὕτως
793 4334 902 4404 γὰρ
945 4335 1410 4405 ἁδελφοκτονήσας
1450 4335 1644 4404 ἔκρανε
1675 4336 1774 4406 τὴν

192 4432 292 4502 γῆν
337 4435 365 4485 ό
417 4428 584 4491 Καῖν,
612 4427 725 4480 οὐδ’
754 4427 922 4490 οὕτως
969 4426 1236 4496 ἐϐἀρησεν
1285 4428 1454 4496 αὐτὴν
1487 4429 1520 4496 ἡ
1548 4427 1654 4481 τῶν
1692 4444 1774 4495 γι-

193 4527 400 4592 γάντων
432 4520 918 4594 πυργοποιία,οὑδ’
939 4518 1110 4581 οὕτως
1136 4520 1306 4589 αὐτὴν
1335 4520 1564 4589 ἐμίαναν
1592 4519 1776 4590 ἀθεμι.
1807 4503 1851 4558 D

192 4615 600 4684 τουργήσαντες
632 4610 936 4679 Σοδομῖται,
973 4609 1080 4661 οὐδ’
1108 4609 1261 4661 αὐτοὶ
1297 4610 1345 4661 οἱ
1373 4609 1440 4660 τὰ
1480 4608 1670 4661 εἴδωλα
1716 4609 1774 4675 ἐξ

193 4709 358 4777 αὐτῆς
385 4706 724 4768 πλάσαντες,
751 4704 812 4754 οὐ
846 4705 906 4754 τὸ
935 4695 1077 4771 αἷμα
1107 4701 1212 4754 ἀπὸ
1242 4701 1408 4754 ’Ἅϐελ
1454 4701 1558 4764 ἕως
1603 4703 1773 4771 Ζαχα-

196 4799 310 4868 ρίου
349 4797 587 4869 ἐκχυθὲν
617 4793 876 4864 ἐποίησεν
924 4792 1092 4862 αὐτὴν
1143 4792 1335 4855 οὕτως,
1373 4793 1495 4845 ὅσον
1545 4795 1594 4844 οἱ
1639 4793 1771 4844 Ἴου·

194 4889 326 4943 δαῖοι
359 4892 422 4943 τὸ
455 4889 602 4960 μέγα
627 4889 790 4940 τοῦτο
821 4887 1192 4956 τολμήσαντες
1222 4883 1477 4955 ἀσέϐημα
1498 4899 1511 4912 ·
1554 4883 1640 4936 διὰ
1665 4884 1771 4952 γὰρ

193 4984 345 5035 τοῦτο
370 4985 467 5036 καὶ
495 4983 554 5035 αί
588 4978 827 5050 σκληραὶ
861 4979 1062 5049 πέτραι
1092 4977 1386 5046 ἐσχίζοντο,
1418 4978 1503 5029 ἵνα
1531 4977 1775 5046 μάθωσιν

196 5076 272 5129 ὅτι
323 5073 481 5139 οὗτός
537 5075 690 5126 ἐστιν
752 5073 785 5141 ή
831 5071 1175 5141 πνευματικὴ
1227 5069 1323 5122 καὶ
1352 5067 1501 5134 ζῶσα
1560 5070 1768 5137 πέτραο

199 5169 441 5220 Ἔπινυν
467 5168 602 5236 γὰρ,
624 5163 790 5233 φησὶν
805 5163 867 5227 ¹⁹,
882 5163 948 5214 ἐκ
978 5159 1383 5231 πνευματικῆς
1405 5160 1771 5215 ἀκολουθού-

197 5274 307 5323 σης
345 5258 595 5325 πέτρας,
633 5254 672 5320 ἠ
717 5251 785 5305 δὲ
826 5255 1011 5321 πέτρα
1059 5249 1136 5322 ἦν
1177 5256 1210 5305 ό
1245 5253 1518 5319 Χριστός.
1570 5253 1634 5303 Ὢ
1678 5252 1773 5320 τῆς

209 5347 477 5400 Ἰουδαίων
513 5343 913 5414 ἀγνωμοσύνης
940 5345 952 5397 ι
980 5344 1046 5396 Ai
1090 5344 1283 5412 πέτραι
1326 5345 1770 5414 διαρρήγνυνται,

199 5442 287 5494 καὶ
315 5442 474 5496 αὐτοὶ
502 5435 924 5506 άναισθητοῦσιο
965 5435 1032 5488 τὰ
1066 5435 1246 5504 ἀψυχα
1282 5434 1579 5502 κλονεῖται,
1607 5437 1702 5488 καὶ
1724 5438 1774 5488 oi

199 5530 424 5601 ἐμψυχοι
476 5525 812 5583 ἀπιστοῦσιο
861 5524 920 5577 τὸ
955 5524 1355 5594 καταπέτασμα
1384 5524 1479 5577 τοῦ
1509 5524 1635 5578 ναοῦ
1680 5527 1775 5596 ρήο

198 5638 404 5690 γνυται,
436 5622 530 5676 ἴνα
568 5619 760 5672 λοιπὸν
791 5618 824 5686 ἡ
864 5618 1140 5688 ἐρήμωσις
1169 5615 1346 5670 αὐτῶν
1377 5616 1595 5688 δειχθῇ·
1630 5618 1776 5687 ἐσχί-

201 5715 294 5786 σθη
338 5716 448 5786 γάρ
495 5713 562 5767 τὸ
607 5709 1012 5780 καταπέτασμα
1056 5711 1151 5762 καὶ
1194 5708 1482 5780 ἐγυμνώθη
1512 5712 1580 5764 τά
1611 5711 1666 5761 ἐν
1699 5711 1776 5780 τῷ

1871 3239 2165 3306 cingebant
2192 3241 2524 3310 ignorantes.
2569 3240 2795 3311 Reliqua
2831 3253 3010 3299 tamen
3059 3255 3307 3302 creatura
3342 3249 3446 3303 Do-

1872 3332 2076 3385 minum
2111 3348 2270 3386 suum
2320 3348 2426 3387 non
2481 3334 2710 3388 nescivit
2741 3342 2794 3388 et
2846 3335 3184 3393 Creatorem.
3253 3342 3445 3396 Adhuc

1873 3422 2158 3477 Servatore
2181 3425 2248 3478 de
2285 3441 2446 3481 cruce
2467 3428 2753 3496 pendente,
2782 3429 2862 3483 sol
2902 3430 2989 3485 hic
3024 3432 3298 3488 sensibilis
3325 3449 3443 3489 cer-

1873 3532 2008 3570 nens
2038 3517 2262 3587 justitia:
2296 3517 2478 3572 Solem
2510 3521 2578 3574 ab
2614 3522 2795 3590 impiis
2827 3523 3027 3591 injuria
3050 3525 3324 3592 affectum,
3347 3543 3444 3582 nec

1874 3605 2086 3662 facinus
2117 3610 2344 3678 patiens,
2402 3612 2647 3666 tellurem
2702 3614 3066 3672 obtcnebrans
3113 3617 3269 3687 fugit,
3302 3621 3445 3675 indi-

1873 3717 2037 3770 gnum
2067 3712 2264 3771 putans
2299 3704 2482 3758 favere
2512 3713 2565 3759 et
2588 3707 2778 3760 oculos
2801 3707 3107 3764 illuminare
3132 3713 3446 3768 hominibus

1873 3794 1966 3862 qui
1990 3809 2047 3848 se
2081 3809 2295 3850 summo
2328 3797 2530 3851 scelere
2562 3799 2940 3868 impiaverant.
2984 3802 3171 3872 Neque
3205 3805 3287 3858 sol
3345 3821 3445 3860 an-

1876 3893 1988 3939 tum
2017 3887 2168 3957 fugit,
2192 3904 2378 3942 verum
2402 3891 2562 3943 etiam
2602 3899 2744 3945 terra
2771 3902 2915 3946 mota
2946 3903 3048 3959 est,
3097 3895 3310 3953 facinus
3344 3899 3441 3954 im-

1873 3981 2020 4049 pium
2047 3995 2154 4034 non
2186 3979 2390 4045 ferens,
2423 3979 2592 4035 Deum
2624 3982 2774 4037 illum
2805 4000 2926 4040 esse
2967 3988 3169 4042 docens
3199 3991 3290 4058 qui
3329 4001 3448 4046 erat

1874 4070 2189 4126 cruciﬁxus.
2231 4071 2411 4139 Quare
2429 4087 2526 4125 uec
2558 4071 2786 4128 ulterius
2815 4076 2955 4136 tulit.
2990 4080 3444 4148 atqueiudignata

1874 4171 1958 4215 est
1986 4162 2195 4230 pondus
2227 4161 2369 4216 ferre
2393 4161 2502 4216 Deo
2536 4165 2816 4219 odibilium
2845 4164 3181 4222 Iudaeorum.
3221 4167 3338 4224 Non
3374 4174 3446 4228 ita

1875 4250 2062 4307 fratris
2085 4253 2402 4307 interfector
2429 4253 2562 4308 Cain
2607 4256 2750 4309 illam
2786 4260 3197 4324 contaminavit,
3236 4279 3340 4317 non
3371 4265 3446 4319 ita

1876 4345 2147 4413 gigantum
2182 4343 2442 4398 fabricata
2476 4349 2640 4402 turris
2677 4363 2795 4402 eam
2827 4354 3200 4420 preegravavit,
3234 4371 3343 4409 non
3375 4357 3446 4413 ita

1879 4435 2020 4488 illam
2054 4436 2359 4504 polluerunt
2381 4437 2594 4492 nefandi
2621 4439 3111 4513 Sodomitaemeque
3135 4445 3275 4515 iiqui
3304 4450 3446 4505 idola
3489 4437 3494 4445 ’

1881 4541 1943 4580 ex
1977 4528 2219 4596 ejusdem
2258 4529 2482 4582 materia
2546 4531 2860 4595 effecerunt,
2911 4549 3017 4588 non
3063 4538 3134 4591 ita
3166 4554 3232 4592 ex
3282 4540 3451 4598 Abele

1883 4622 2056 4688 usque
2086 4620 2151 4673 ad
2195 4619 2513 4675 Zachariam
2558 4623 2778 4693 sanguis
2810 4624 3034 4693 effusus,
3060 4640 3322 4698 quantum
3349 4631 3448 4688 Ju-

1881 4711 1980 4764 daei
2041 4711 2142 4765 hoc
2195 4713 2382 4781 ingens
2421 4711 2633 4770 facinus
2687 4715 2825 4769 ausi.
2863 4713 3090 4785 PrOpter
3136 4721 3238 4774 hoc
3299 4722 3447 4777 enim

1880 4801 2031 4856 durae
2080 4818 2296 4870 quoque
2358 4812 2522 4869 petrae
2561 4807 2744 4860 scissae
2792 4816 2938 4874 sunt,
2976 4819 3035 4862 ut
3089 4809 3125 4862 ii
3179 4811 3451 4870 discerent

1879 4893 2022 4946 banc
2055 4907 2175 4947 esse
2222 4892 2517 4960 spiritalem
2582 4895 2869 4965 vivamque
2919 4909 3150 4968 petram.
3188 4901 3447 4961 Bibebant

1880 4986 2038 5050 enim,
2064 4984 2254 5053 inquit,
2287 4985 2350 5038 de
2376 4986 2610 5052 spiritali
2641 5000 2881 5059 sequente
2934 5008 3022 5046 eos
3053 5003 3202 5060 petra
3229 5013 3248 5060 ;
3300 5008 3450 5066 petra

1884 5082 2056 5128 autem
2088 5075 2330 5130 Christus
2361 5080 2560 5134 erat".
2612 5078 2656 5132 Ο
2693 5080 2932 5149 ingratos
2968 5083 3278 5143 Judaeorum
3332 5094 3450 5145 aui-

1882 5166 2035 5218 mosl
2068 5174 2230 5234 petrae
2260 5165 2598 5230 scinduntur,
2621 5177 2674 5222 et
2704 5169 2802 5239 ipsi
2831 5172 3195 5231 obdurescunt
3226 5195 3239 5232 :
3277 5180 3452 5234 inani-

1883 5266 2028 5310 mata
2087 5266 2392 5319 moventur,
2438 5268 2491 5312 et
2526 5260 2626 5330 ipsi
2658 5261 3008 5319 discredunt:
3049 5269 3232 5338 templi
3271 5274 3448 5327 velum

1882 5348 2172 5414 scinditur,
2209 5359 2267 5401 ut
2326 5349 2568 5418 ipsorum
2614 5352 2794 5408 futura
2842 5357 3068 5412 vastitas
3113 5361 3449 5430 designetur.

1887 5439 2130 5494 Scissum
2164 5441 2363 5509 quippe
2405 5443 2577 5496 velum
2617 5453 2720 5510 est,
2751 5458 2805 5501 et
2845 5463 3044 5503 arcana
3086 5453 3270 5520 templi
3300 5465 3448 5522 pate—

1881 5531 2045 5598 facta,
2078 5546 2292 5603 propter
2318 5533 2514 5590 Christi
2550 5537 2752 5593 dictum
2780 5557 2792 5592 :
2823 5539 2905 5593 En
2929 5542 3242 5612 relinquitur
3262 5546 3450 5602 domus

1881 5635 2053 5678 vestra
2082 5625 2285 5679 deserta
2310 5627 2394 5680 ’σε
2429 5643 2616 5698 reapse
2658 5633 2802 5686 enim
2850 5633 3122 5690 desertata
3170 5649 3298 5692 sunt
3328 5652 3453 5709 post

1884 5714 2087 5772 Christi
2117 5731 2303 5773 necem
2332 5714 2644 5777 Judaeorum
2676 5738 2835 5780 sacra
2888 5728 3068 5781 omnia
3101 5745 3114 5782 :
3153 5736 3207 5784 et
3238 5730 3332 5799 qui
3366 5731 3449 5788 in-

267 5830 307 5860 “
345 5828 364 5883 ι
399 5829 531 5886 Cor.
572 5843 629 5892 ι,
661 5825 716 5880 4.
797 5825 840 5856 ³ο
874 5821 1003 5879 Luc.
1049 5838 1164 5889 xm,
1194 5824 1279 5879 55.
1344 5824 1423 5857 ³ο*
1460 5824 1693 5897 Philipp.
1733 5842 1791 5894 ιι,
1818 5829 1902 5884 10.
