4018 6304
608 360 710 422 719
1781 369 1839 426 S.
1876 367 2267 427 THEODORI
2331 369 2678 429 STUDITA-I
3747 376 3858 439 ’1Ξο

598 475 849 530 colebant
883 477 1069 532 urbem
1090 476 1459 547 templumque
1486 479 1682 549 angeli,
1712 480 1858 536 illinc
1893 483 2148 539 abscesse

2270 482 2400 552 ναῷ,
2427 483 2518 536 διὰ
2541 482 2632 535 τὸν
2661 483 2883 536 είπόντα
2915 483 3148 554 Χριστὸν
3167 486 3233 549 ’⁸,
3251 485 3405 539 Ἰδοὺ
3429 487 3662 554 ἀφίεται
3704 492 3738 543 ό
3772 486 3860 544 οἷ-

597 578 742 631 runt,
774 576 938 638 atque
986 568 1052 622 ad
1103 566 1400 623 Ecclesiam
1432 570 1924 640 transmigrarunt:
1959 571 2148 626 multa-

2275 593 2380 640 κος
2421 574 2588 645 ὑμῶν
2628 577 2878 645 ἕρημος·
2928 577 3022 629 καὶ
3072 579 3182 647 γὰρ
3226 578 3520 648 ἠρήμωται
3568 580 3713 648 μετά
3755 585 3859 654 τὴν

594 677 700 730 que
727 676 957 729 corpora
991 675 1182 716 eorum
1239 662 1332 731 qui
1380 662 1711 717 dormierant
1758 678 2144 718 resnrrexerun

2273 667 2694 736 Χριστοκτονίαν
2729 667 2908 721 πάντα
2935 668 3005 720 τά
3042 666 3155 720 τῶν
3186 665 3452 720 Ἰουδαίων
3503 670 3681 738 σεμνά
3703 687 3717 700 ⁸
3762 658 3859 725 καὶ

593 768 720 807 cum
746 752 1008 807 Christo:
1060 762 1121 807 ut
1150 767 1249 808 nos
1308 754 1582 808 discamus
1606 754 1888 808 Christum
1927 769 1955 807 a
1991 763 2148 807 moru

2277 759 2330 809 οι
2359 758 2774 826 παραμένοντες
2805 761 2872 829 τῇ
2905 759 3058 812 πόλει
3085 759 3177 812 καὶ
3203 759 3281 829 τῷ
3310 758 3440 830 ίερῷ
3467 759 3691 827 ἀγγελοι
3729 780 3857 831 μετ-

593 843 734 896 baud
764 843 939 897 solum
971 856 1272 913 resurgere,
1316 844 1409 897 sed
1442 852 1668 898 cunctos
1723 843 1826 914 ipsi
1883 842 2148 899 credente:

2267 847 2474 916 ἐσησαν
2506 849 2740 911 ἐκεῖθεν,
2760 851 2853 902 καὶ
2881 845 3046 920 ἦλθον
3066 851 3144 912 είς
3171 849 3271 920 τὴν
3299 851 3629 921 Ἐκκλησίαν
3649 869 3664 883 ο
3684 851 3856 906 πολλά

591 951 658 988 ex
689 935 914 988 mortuis
945 949 1099 1004 eque
1137 936 1550 991 suscitaturum.

2267 940 2324 993 δὲ
2368 941 2463 992 καὶ
2517 939 2748 1008 σώματα
2790 939 2900 994 τῶν
2950 941 3373 1012 κεκοιμημένων
3413 943 3718 1016 συνανέστη
3776 947 3854 1017 τῷ

592 1025 836 1094 Χριστῷ,
877 1025 963 1078 ἵνα
995 1025 1256 1094 μάθωμεν
1288 1027 1444 1095 ἡμεῖς
1473 1027 1558 1080 ὅτι
1587 1028 1822 1098 Χριστος
1851 1029 2158 1092 ἀποθανὼν,
2187 1030 2346 1100 μόνος
2374 1031 2476 1084 οὐκ
2515 1031 2836 1094 ἀνίσταται,
2867 1031 3005 1085 ἀλλά
3040 1032 3248 1096 πάντας
3276 1033 3404 1096 τοὺς
3457 1033 3539 1098 είς
3565 1034 3734 1088 αὐτὸν
3762 1051 3852 1088 ut.

592 1116 880 1178 στεύοντας
921 1118 984 1169 ἐκ
1021 1116 1230 1185 νεκρῶν
1267 1116 1537 1187 ἀνίστησι.

677 1207 732 1260 8.
775 1206 897 1261 llaec
919 1208 1232 1261 summatim
1263 1217 1347 1262 est
1394 1210 1697 1264 veneranda
1746 1210 2028 1265 l’ascltatis
2080 1228 2169 1266 so-

590 1298 886 1354 lemnitas:
933 1299 1046 1354 haec
1098 1299 1534 1355 Christianorum
1587 1305 1843 1372 mysteria
1872 1306 1938 1357 de
1984 1321 2166 1358 resur-

589 1390 826 1444 rectione
844 1400 1180 1444 mortuorum
1198 1392 1410 1461 vitaque
1426 1401 1624 1447 aeterna
1643 1394 1999 1450 celebramus.
2024 1395 2166 1466 Ergo

589 1481 854 1535 solemnia
908 1498 1139 1551 agamus
1189 1498 1295 1538 non
1333 1483 1598 1540 fermento
1625 1486 1844 1541 malitiae
1876 1497 1929 1541 et
1970 1488 2159 1557 nequi-

587 1570 694 1635 tiae,
734 1573 824 1625 sed
864 1575 1070 1642 azymis
1110 1574 1436 1628 sinceritatis
1463 1584 1515 1628 et
1562 1576 1823 1642 veritatis,
1863 1579 2150 1633 credentes

589 1665 640 1715 in
684 1661 916 1726 Patrem,
951 1663 1146 1718 Filium
1213 1681 1277 1720 ac
1313 1664 1573 1735 Spiritum
1606 1680 1876 1736 sanctum,
1924 1672 1976 1723 in
2019 1685 2152 1725 con-

2347 1209 2416 1280 η’.
2459 1208 2608 1278 Αὕτη
2641 1208 2716 1271 ῶς
2748 1212 2805 1262 ἐν
2834 1208 3112 1277 κεφαλαίῳ
3141 1207 3289 1262 ἐστὶν
3319 1209 3352 1278 ἡ
3390 1209 3564 1278 σεμνὴ
3607 1207 3706 1261 τοῦ
3738 1211 3849 1265 Πά⁹

2275 1319 2378 1372 σχα
2407 1303 2567 1373 ἑορτή
2585 1318 2598 1330 ·
2635 1302 2728 1354 καὶ
2761 1299 2934 1353 ταῦτα
2961 1299 3300 1370 Χριστιανῶν
3324 1300 3392 1353 τά
3417 1299 3698 1370 μυστήρια
3725 1304 3848 1371 περὶ

2271 1394 2622 1451 ἀναστάσεως
2667 1391 2875 1461 νεκρῶν
2909 1392 3004 1444 καὶ
3034 1390 3177 1461 ζωῆς
3207 1390 3431 1444 αίωνίου
3479 1392 3847 1462 πανηγυρίζο-

2273 1501 2372 1553 μεν
2391 1500 2404 1514 ·
2434 1483 2720 1553 τοιγαροῦν
2755 1483 3102 1552 ἐορτάσωμεν
3143 1482 3218 1552 μὴ
3247 1483 3304 1536 ἐν
3336 1482 3484 1553 ζύμῃ
3512 1483 3715 1544 κακίας
3754 1485 3845 1535 καὶ

2264 1577 2548 1646 πονηρίας,
2568 1575 2681 1628 ἀλλ’
2706 1578 2762 1626 ἐν
2793 1573 3023 1643 ἀζύμοις
3049 1572 3401 1643 είλικρινείας
3431 1574 3526 1626 καὶ
3555 1572 3838 1642 ἀληθείας,

2261 1668 2608 1730 πιστεύοντες
2650 1670 2730 1729 είς
2773 1667 3012 1736 Πατέρα,
3044 1666 3137 1719 καὶ
3168 1665 3316 1729 Υίδν,
3365 1665 3460 1717 καὶ
3510 1664 3738 1735 Πνεῦμα
3783 1666 3842 1717 τὸ

587 1755 996 1809 substantialem
1029 1757 1433 1828 increatamque
1487 1759 1830 1827 Trinitatem,
1877 1763 2148 1817 credentes

2262 1761 2435 1829 ἅγιον,
2462 1762 2542 1823 είς
2574 1759 2782 1830 Τριάδα
2811 1758 3100 1827 όμοούσιον
3123 1758 3216 1809 καὶ
3244 1757 3518 1820 ἀκτιστον,
3555 1756 3839 1809 πιστεύον-

587 1847 995 1912 resurrectioni,
1045 1859 1420 1919 exspectantes
1478 1851 1766 1906 Dominum
1801 1855 1976 1908 denuo
2024 1870 2154 1908 ven-

588 1947 789 2003 turum,
837 1955 1012 2009 neque
1056 1942 1166 2008 jam
1217 1942 1515 2010 humiliter,
1562 1946 1654 2000 sed
1726 1947 1964 2016 gloriose
2027 1961 2153 2001 cum

585 2030 791 2085 Coalesti
817 2032 1116 2100 majestate,
1147 2049 1268 2088 cum
1297 2035 1590 2104 splendidis
1614 2039 1841 2108 angelis,
1863 2055 1986 2093 cum
2013 2038 2155 2095 tubis

584 2133 746 2192 atque
804 2133 1009 2179 terrore
1051 2125 1211 2180 simul
1271 2137 1324 2181 et
1354 2128 1594 2197 gaudio:
1635 2131 1852 2200 gaudio,
1904 2131 2152 2201 inquam,

583 2224 922 2277 sanctorum,
982 2224 1190 2270 terrore
1245 2231 1590 2286 peccatorum
1642 2237 1705 2275 ac
1744 2222 2150 2277 damnatorum.

581 2305 726 2362 Deus
755 2315 934 2360 autem
984 2309 1132 2378 pacis
1160 2310 1353 2378 dignos
1394 2327 1494 2366 nos
1550 2326 1745 2368 omnes
1782 2314 1946 2368 faciat
1971 2331 2156 2369 resur-

581 2396 736 2466 gendi
765 2411 886 2452 eum
919 2399 1143 2461 sanctis,
1164 2415 1397 2469 quorum
1432 2406 2155 2472 opera,etverba,etortho.

579 2487 778 2542 doxam
811 2488 970 2542 fidem
998 2489 1193 2544 imitati
1225 2490 1490 2549 fuerimus
1522 2498 1533 2546 !
1587 2495 1714 2563 quia
1744 2497 1843 2565 ipsi
1866 2507 1948 2550 est
1981 2498 2152 2568 gloria

580 2589 636 2636 et
670 2582 908 2653 potentia
934 2597 1030 2652 per
1067 2584 1264 2639 saecula
1295 2586 1642 2641 saeculorum.
1677 2589 1867 2644 Amen.

1335 2674 1397 2729 ν.

618 2759 886 2816 Laudatio
916 2764 972 2817 in
1009 2765 1378 2889 dormitignem
1415 2778 1614 2824 δαήσεαι
1643 2770 1883 2825 Domina:
1911 2782 2104 2828 nostra:

1272 2854 1488 2889 emam.

1272 2854 1488 2899 etparw.

649 2925 702 2977 1.
742 2923 910 2980 Tuba!
940 2927 1415 2994 vocem,buecina:
1443 2932 1776 3000 clangorem,
1811 2933 1971 2987 solito
2001 2949 2153 2990 reso-

580 3020 802 3073 nantius
833 3019 1184 3086 clamantem,
1226 3032 1280 3077 et
1325 3026 1476 3078 orbis
1506 3024 1639 3079 ﬁnes
1670 3026 1904 3096 strepitu
1945 3042 2145 3082 concu-

2255 1868 2345 1912 τες
2379 1853 2444 1921 τῇ
2492 1850 2807 1913 ἀναστάσει,
2846 1847 3253 1917 προσδοκῶντες
3284 1846 3375 1898 τὸν
3421 1846 3626 1915 Κύριον
3676 1847 3839 1900 πάλιν

2256 1943 2568 2012 ἐρχόμενον,
2602 1941 2786 1993 οὐκέτι
2820 1940 2918 2008 μὲν
2950 1935 3256 2001 ταπεινῶς,
3291 1935 3405 1988 ἀλλ’
3436 1936 3664 2002 ἐνδόξως
3697 1936 3840 2006 μετά

2255 2033 2636 2103 λαμπρότητος
2683 2029 2975 2099 οὐρανίου,
3025 2026 3162 2097 μετὰ
3223 2025 3500 2093 φωτεινῶν
3559 2024 3836 2093 ἀγγέλων,

2258 2126 2396 2196 μετά
2431 2121 2747 2196 σαλπίγγων
2791 2120 2883 2173 καὶ
2932 2118 3097 2186 φόϐου
3144 2119 3237 2172 καὶ
3285 2119 3481 2189 χαρᾶς,
3516 2118 3688 2187 χαρᾶς
3734 2118 3836 2186 μὲν

2254 2217 2360 2270 τῶν
2386 2217 2576 2285 ἁγίων,
2608 2213 2772 2284 φόϐου
2796 2213 2853 2264 δὲ
2880 2211 2987 2264 τῶν
3011 2211 3312 2263 καταδίκων
3337 2210 3429 2261 καὶ
3455 2208 3830 2278 ἁμαρτωλῶν

2253 2311 2280 2362 ὁ
2307 2311 2364 2362 δέ
2395 2309 2526 2371 Θεὸς
2557 2308 2656 2376 τῆς
2687 2307 2908 2374 είρήνης
2935 2301 3249 2375 καταξιώσῃ
3278 2302 3482 2365 πάντας
3507 2302 3658 2371 ἡμᾶς
3694 2300 3835 2369 μετά

2255 2404 2425 2471 ἁγίων
2456 2400 2823 2459 ἀναστάσεως.
2854 2399 2912 2449 ἐν
2954 2395 3136 2464 ἔργοις
3179 2396 3271 2448 καὶ
3300 2394 3476 2464 λόγοις
3508 2393 3834 2464 εὑρεθέντας

2254 2492 2349 2546 καὶ
2382 2492 2559 2543 πίστει
2588 2484 2884 2555 ὸρθοδόξῳί
2919 2485 3001 2538 ὅτι
3028 2483 3176 2553 αὐτῷ
3203 2485 3237 2554 η
3263 2481 3390 2552 δόξα
3421 2484 3516 2537 καὶ
3541 2484 3601 2536 τὸ
3629 2482 3832 2554 κράτος

2255 2585 2333 2647 είς
2367 2583 2492 2644 τοὺς
2521 2579 2722 2640 αίῶνας
2751 2576 2860 2630 τῶν
2887 2574 3119 2631 αἰώνων.
3136 2576 3331 2647 ’Δμήν.

3013 2674 3090 2727 E'.

2267 2769 2587 2838 Ἐγκώμιον
2611 2769 2699 2832 είς
2725 2767 3143 2838 τὴνίκοιμησιν
3170 2761 3470 2838 medriam
3490 2760 3830 2829 Δεσποίνης

2740 2834 2909 2908 ἡμῶν
2943 2836 3232 2889 Θεοτόκου
3255 2834 3351 2903 (5).

2322 2932 2393 2988 α’.
2418 2930 2604 3002 Φωνὴν
2629 2928 2947 2996 σάλπιγγος,
2979 2925 3270 2997 κερατίνης
3301 2922 3432 2994 βοῆς
3455 2922 3829 2987 ἀλαλάζουσαν

2253 3023 2618 3092 γεγωνότερον
2656 3020 2750 3074 καὶ
2780 3015 3178 3072 καταδονοῦσαν
3210 3015 3281 3068 τά
3315 3014 3546 3085 πέρατα,
3575 3014 3827 3066 ἀπαιτῶν

579 3113 823 3177 tientem,
857 3127 1042 3168 sermo
1081 3128 1237 3169 meus
1265 3130 1388 3171 cum
1429 3120 1669 3186 postulet
1714 3120 1785 3174 ob
1817 3120 1958 3175 hanc
2008 3121 2148 3176 sacri

2255 3085 2280 3168 ό
2308 3085 2462 3181 λόγος
2507 3085 2644 3182 πρὸς
2674 3109 2951 3180 εὐφημίαν
2995 3106 3096 3177 τῆς
3125 3105 3406 3177 παρούσης
3434 3103 3827 3176 ίεροκηρύκτου

578 3203 835 3273 pneconii
869 3204 1012 3259 diem
1047 3205 1466 3274 celebrandam;
1502 3210 1612 3275 vix,
1653 3225 1686 3264 o
1723 3211 1847 3274 viri,
1885 3227 1981 3280 per
2011 3213 2146 3279 plto-

576 3295 742 3351 netici
794 3297 970 3352 nostri
1017 3299 1211 3369 organi
1264 3299 1511 3356 infirmas
1546 3302 1691 3358 vires
1721 3304 1988 3372 procedit.
2044 3303 2146 3358 Sed

577 3389 786 3457 Regina
817 3403 882 3444 ac
913 3388 1144 3444 Domina
1180 3391 1444 3455 universi,
1479 3401 1740 3464 tanquam
1771 3394 1996 3447 minime
2029 3408 2147 3446 am-

577 3477 795 3543 bitiosa,
833 3479 1077 3549 recipiet,
1095 3480 1428 3552 spero,lmnc
1458 3500 1676 3555 quoque
1705 3484 1941 3545 brevem,
1970 3481 2149 3539 famu-

575 3568 695 3623 litio
725 3569 846 3638 eius
876 3570 1176 3642 addictum,
1217 3579 1608 3646 pauperculum
1652 3583 1900 3629 nostrum
1943 3589 2149 3630 sermo-

578 3684 725 3736 nem,
771 3669 914 3724 liaud
951 3685 1110 3726 secus
1148 3685 1312 3740 quam
1353 3671 1673 3726 sublimium
1705 3678 1986 3725 oratorum
2028 3670 2148 3724 lon~

577 3775 674 3830 gas
725 3760 1145 3831 splendidasque
1197 3761 1514 3826 orationes,
1563 3761 1683 3830 ejus
1744 3762 1836 3831 qui
1898 3760 2030 3815 mihi
2094 3760 2147 3815 id

577 3851 949 3915 demandavit,
1010 3851 1268 3921 precibus
1318 3852 1610 3920 propitiata
1667 3870 1680 3905 :
1731 3861 1927 3921 praeter
1981 3867 2146 3921 quam

577 3937 744 4008 quod,
790 3939 950 3993 unice
985 3939 1185 4009 aspicit
1229 3941 1428 3995 mentis
1479 3941 1821 4010 propositum
1869 3941 2146 4011 benignis-

578 4032 717 4084 sima
747 4029 914 4100 virgo.
959 4033 1071 4102 Age
1104 4047 1249 4087 nunc
1280 4033 1412 4086 mihi
1441 4033 1547 4087 huc
1577 4033 1743 4088 simul
1774 4034 1982 4098 adesto,
2024 4035 2146 4088 uni-

580 4137 734 4177 versa
777 4138 900 4193 qua:
935 4123 1073 4179 caelo
1106 4125 1270 4179 subes
1305 4133 1469 4189 terra,
1506 4135 1770 4194 quantum
1807 4135 1890 4180 est
1928 4127 2147 4196 pontifi-

578 4230 702 4269 cum
757 4231 822 4271 ac
873 4217 1246 4282 sacerdotum,
1300 4217 1697 4272 monachorum
1752 4228 1806 4273 et
1857 4218 2142 4280 laicorum,

581 4323 766 4377 regum
800 4319 852 4362 et
879 4307 1214 4378 principum,
1252 4309 1494 4362 virorum
1533 4323 1595 4362 ac
1637 4307 1986 4371 feminarum,
2016 4311 2146 4363 ado-

2249 3205 2480 3275 ὴμέρας,
2515 3202 2838 3266 κινδυνεύει,
2867 3195 2912 3254 ῶ
2955 3200 3164 3271 ἄνδρες,
3191 3198 3258 3251 δι’
3291 3195 3550 3260 ἀσθενοῦς
3578 3197 3673 3250 τοῦ
3707 3214 3826 3266 φω-

2248 3295 2466 3366 νητικοῦ
2511 3294 2669 3365 ήμῶν
2712 3293 2946 3365 ὀργάνου
2979 3292 3413 3364 προερχόμενοςο
3455 3289 3631 3360 ἀλλή
3669 3287 3827 3358 βασί-

2247 3387 2410 3441 λισσα
2451 3388 2541 3439 καὶ
2571 3385 2733 3453 κυρία
2763 3386 2854 3439 τοῦ
2888 3384 3106 3449 παντὸς,
3143 3382 3219 3447 ῶς
3247 3377 3334 3438 οἷά
3364 3400 3447 3445 τις
3477 3382 3823 3451 ἀφιλότιμος,

2247 3479 2456 3542 δέξαιτο
2477 3478 2614 3547 τάχα
2642 3479 2734 3530 καὶ
2761 3477 2851 3530 τὸν
2880 3477 3008 3546 τῇδε
3033 3476 3275 3530 δουλικὸν
3302 3475 3471 3545 αὐτῆς
3497 3475 3704 3545 βραχὺν
3731 3476 3825 3528 καὶ

2248 3571 2500 3641 πενιχρὸν
2555 3571 2710 3640 ἡμῶν
2738 3569 2915 3637 λόγον,
2955 3568 3029 3631 ὡς
3071 3568 3178 3621 τῶν
3213 3568 3503 3638 ὑψηγόρων
3547 3568 3676 3628 τοὺς
3719 3583 3826 3636 μα-

2248 3662 2414 3732 κρούς
2442 3678 2499 3714 τε
2546 3665 2638 3714 καὶ
2669 3660 3116 3730 ὐπερλάμπρους,
3149 3661 3268 3721 ταῖς
3308 3657 3400 3711 τοῦ
3450 3659 3826 3727 προστάσσον-

2246 3772 2336 3818 τος
2384 3754 2565 3824 εὐχαῖς
2632 3753 3060 3822 εὐμενιζομένη·
3139 3750 3366 3818 ἐπείπερ
3435 3747 3711 3819 καὶπρὸς
3765 3747 3825 3799 ἓν

2251 3846 2411 3917 μόνον
2449 3845 2632 3914 βλέπει
2673 3845 2732 3896 τὸ
2779 3845 2875 3912 τῆς
2905 3841 3213 3910 προθέσεως
3253 3843 3286 3910 ἡ
3320 3840 3652 3909 φιλάγαθος·
3685 3839 3825 3893 ἀλλά

2249 3958 2338 4010 μοι
2361 3937 2539 4008 δεῦρο,
2562 3937 2942 4006 συναγέρθητι,
2964 3936 2998 4006 η
3020 3935 3119 3990 ,ὐπ’
3137 3933 3364 4004 οὐρανὸν
3380 3933 3588 3998 ἅπασα,
3614 3934 3737 3986 ὅσον
3762 3933 3824 3984 ἐν

2249 4029 2531 4101 ίεράρχαις
2559 4043 2618 4079 τε
2663 4026 2758 4079 καὶ
2791 4023 3046 4094 ἱερεῦσιν,
3077 4026 3133 4077 ἐν
3163 4024 3470 4094 μοναδικοῖς
3511 4040 3571 4076 τε
3606 4025 3694 4076 καὶ
3727 4040 3824 4091 μι-

2245 4123 2427 4189 γάσιν,
2456 4122 2512 4172 ἐν
2547 4117 2822 4189 βασιλεῦσί
2866 4134 2924 4169 τε
2960 4117 3050 4170 καὶ
3091 4117 3370 4186 ἄρχουσιν,
3403 4117 3460 4168 ἐν
3498 4115 3725 4187 ἀνδράσι
3756 4131 3820 4167 τε

2246 4213 2341 4266 καὶ
2369 4210 2634 4280 γυναιξὶν,
2667 4212 2724 4262 ὲν
2751 4208 3051 4271 νεανίσκοις
3080 4224 3140 4259 τε
3171 4208 3264 4260 καὶ
3288 4205 3600 4277 παρθένοις,
3633 4208 3690 4257 ἐν
3720 4223 3822 4274 cpu-

2246 4305 2364 4368 λαῖς
2398 4321 2455 4357 τε
2490 4303 2584 4355 καὶ
2607 4299 2900 4369 γλώσσαις,
2947 4298 3211 4365 παγγενεί
3248 4313 3308 4349 τε
3341 4297 3435 4348 κα)⁵
3472 4295 3817 4366 παμπληθεὶ,

578 4397 1004 4452 lescentulorum
1036 4413 1101 4453 ac
1133 4398 1430 4468 virginum,
1453 4401 1694 4452 tribuum
1728 4408 1782 4453 et
1813 4401 2143 4470 linguarum,

2255 4398 2343 4451 καὶ
2372 4395 2470 4457 τὰς
2496 4394 2604 4446 τῶν
2625 4392 2833 4463 ἀρετῶν
2867 4390 3097 4459 ἐσθῆτας
3127 4388 3628 4454 ἐξυπαλλάσσουσα,
3657 4387 3731 4449 ὡς
3760 4387 3820 4439 ἐν

576 4507 643 4544 ex
696 4491 842 4546 omni
894 4479 1091 4562 genere
1141 4505 1205 4544 ac
1257 4492 1495 4561 populo;
1555 4492 1932 4563 virtutumque
1986 4496 2142 4563 quasi

575 4583 888 4636 mutatoriis
936 4583 1195 4651 sumptis,
1240 4583 1421 4637 aureis
1470 4583 1702 4638 fimbriis
1735 4585 2141 4639 circumamicla

574 4686 630 4729 et
663 4677 888 4740 variata,
925 4674 1080 4744 prodi
1126 4673 1374 4729 hilariter
1406 4676 1667 4746 gestiens,
1696 4685 1753 4732 ut
1780 4676 2143 4746 Dominiparze

574 4767 761 4819 Maria:
784 4763 1036 4820 funebria
1066 4772 1119 4818 et
1151 4764 1444 4817 transitum
1477 4766 1741 4820 celebres.
1775 4765 1970 4835 Migrat
1996 4767 2142 4820 enim

572 4875 635 4911 ex
664 4858 745 4912 his
778 4857 1136 4912 terrestribus
1165 4866 1217 4910 et
1250 4857 1652 4926 appropinquat
1682 4859 1960 4913 montibus
1988 4869 2144 4913 aeter-

577 4951 686 5014 nis,
745 4964 905 5003 verus
965 4947 1150 5002 Sionis
1205 4961 1389 5009 mons,
1449 4949 1504 5002 in
1565 4964 1673 5017 quo
1731 4948 1841 5003 Deo
1900 4950 2145 5007 habitare

574 5043 800 5110 placuit,
845 5050 902 5095 ut
957 5039 1262 5094 Psalmista:
1312 5039 1428 5110 lyra
1471 5043 1709 5096 canit".
1763 5041 1932 5097 Hodie
1982 5044 2146 5114 igitur

577 5144 853 5188 terrenum
883 5130 1080 5186 coelum
1119 5130 1656 5200 incorruptibilitatis
1683 5134 2009 5188 vestimento
2044 5134 2144 5187 cir-

646 5248 686 5279 “
716 5245 858 5301 Psal.
888 5259 1071 5310 cxxxl,
1107 5243 1191 5298 Μ.

645 5441 723 5512 (5)
767 5442 844 5494 Ad
857 5441 1090 5497 notatio.
1116 5443 1174 5496 In
1195 5441 1382 5495 codice
1404 5439 1738 5512 ρι’ἰεςιοιγειιζ
1762 5439 1886 5512 455,
1914 5439 1952 5493 f.
1973 5440 2076 5492 226
2099 5441 2149 5501 b,

574 5510 770 5582 legitur
796 5512 900 5563 alia
918 5512 1103 5582 oratio
1132 5527 1262 5582 cum
1282 5512 1383 5565 hoc
1411 5510 1568 5582 titulo
1597 5529 1610 5566 :
1633 5510 1737 5582 Τοῦ
1761 5511 2151 5582 ἀγίουΑπατρδς

574 5579 730 5654 ἡμῶν
763 5581 1037 5654 Θεοδώρου
1073 5581 1164 5654 τοῦ
1201 5580 1615 5654 ρδἐου-ῶμολογη
1647 5581 1857 5654 τοῦ-είς
1894 5579 1953 5631 τὸ
1995 5579 2148 5654 γενέ-

576 5649 722 5706 θλιον
742 5653 840 5721 τῆς
863 5649 962 5703 ὐπε
973 5652 1164 5722 ραγίας
1185 5649 1445 5722 Θεοτόκου
1475 5652 1530 5722 ἐν
1550 5649 1941 5722 ᾧτδὲξήκοντα
1972 5652 2146 5722 χαῖρετ

575 5725 763 5776 Sancti
799 5719 984 5788 'patris
1025 5723 1193 5777 nostri
1233 5721 1510 5785 Theodori,
1555 5723 1670 5775 novi
1712 5719 2026 5787 confessoris
2071 5720 2146 5782 (id

575 5802 652 5847 est
695 5792 971 5862 Studrtw),
1023 5795 1076 5848 in
1124 5794 1454 5848 nativitatem
1494 5791 1846 5846 sanctissima:
1878 5789 2142 5858 Deipara’,

2252 4488 2583 4559 κροσσωτοῖς
2626 4486 2846 4555 χρυσοῖς
2903 4479 3364 4551 περιὸεὸλημένη,
3393 4477 3816 4547 πεποικιλμένη,

2251 4580 2480 4652 πρόελθε
2532 4577 2770 4646 φαιδρῶς
2806 4573 3070 4643 γεγηθυῖα
3109 4573 3207 4642 τῆς
3237 4569 3570 4640 Κυριοτόκου
3598 4568 3818 4637 Μαρίας

2248 4668 2440 4741 ἐορτὴν
2468 4664 2801 4737 ἑορτάζουσα
2827 4663 2895 4715 τά
2920 4660 3203 4730 ἐπικήδειά
3227 4676 3292 4711 τε
3321 4661 3416 4712 καὶ
3449 4659 3807 4730 διαϐατήρια·

2253 4760 2567 4833 μεταϐαίνει
2615 4757 2724 4826 γὰρ
2771 4758 2835 4808 ἐκ
2875 4756 2980 4807 τῶν
3014 4751 3221 4805 ἐνθένδε
3270 4751 3363 4804 καὶ
3395 4752 3605 4820 ἐγγίζει
3635 4752 3815 4823 ὄρεσιν

2250 4854 2512 4913 αἰωνίοις,
2538 4851 2597 4904 τὸ
2630 4850 2753 4920 ὅρος
2786 4849 2951 4908 ὅντως
2971 4845 3033 4897 τὸ
3067 4842 3224 4906 Σιὼν,
3257 4843 3285 4895 ὃ
3310 4843 3611 4912 ηὐδόκησεν
3636 4847 3664 4898 ό
3687 4844 3815 4906 Θεὸς

2252 4948 2525 5001 κατοικεῖν
2551 4946 2608 4996 ὲν
2639 4941 2806 5010 αὐτῷ,
2839 4940 2911 5001 ὼς
2940 4941 2972 5009 ἠ
2999 4937 3090 4990 τοῦ
3119 4935 3408 5006 ψάλλοντος
3435 4935 3576 5006 λύρα
3596 4953 3609 4966 ·
3650 4952 3812 5006 σημε·

2253 5060 2346 5113 ρον
2369 5036 2658 5109 τοιγαροῦν
2685 5036 2712 5086 ὁ
2743 5032 2984 5101 ἐπίγειος
3015 5029 3238 5101 οὐρανὸς
3268 5029 3346 5099 τῷ
3373 5031 3470 5098 τῆς
3508 5030 3814 5100 ἀφθαρσίας

2255 5130 2583 5203 περιϐολαίῳ
2617 5126 2980 5193 ἑλισσόμενος,
3016 5121 3396 5187 ἐξαλλάττεται
3442 5121 3522 5182 είς
3555 5120 3812 5192 διαμονὴν

2252 5442 2340 5514 ubi
2363 5445 2638 5512 sexaginta
2673 5461 2782 5498 ave.
2813 5443 3020 5513 Incipit.
3057 5442 3739 5514 Δαμπρῶςγπανηγυρίζει
3777 5445 3810 5514 ὴ

2250 5513 2426 5574 κτίσις
2464 5516 2702 5584 τήμερον
2719 5532 2753 5584 57
2789 5515 3055 5580 splendide
3091 5515 3243 5568 hodie
3267 5513 3672 5584 solemnitatem
3701 5513 3808 5580 agit

2249 5593 2428 5634 creata
2465 5582 2684 5652 natura.
2717 5582 2976 5652 Equidem
3016 5584 3102 5637 vix
3151 5582 3339 5637 dubito
3383 5583 3515 5652 quin
3553 5584 3806 5652 praedicta

2249 5655 2425 5720 oratio
2458 5650 2682 5706 Studitaa
2717 5649 2882 5707 nostri
2919 5655 3020 5717 sit;
3060 5653 3150 5707 sed
3186 5653 3310 5720 quia
3347 5649 3449 5706 sub
3483 5649 3806 5720 S.Joannis

2249 5718 2563 5774 Damasceni
2595 5724 2813 5776 nomine
2844 5722 3010 5776 edidit
3037 5739 3153 5777 eam
3186 5718 3483 5788 Lequinius
3502 5719 3642 5790 Opp.
3676 5733 3712 5775 ι.
3739 5719 3802 5787 ΙΙ,

2247 5803 2298 5858 p.
2336 5791 2436 5846 849
2468 5807 2642 5861 seqq.,
2679 5808 2707 5845 a
2749 5809 2832 5846 me
2862 5793 3194 5861 praetermitti
3220 5792 3427 5846 debuit.
