4018 6304
180 387 273 454 721

1007 390 1288 453 ORATIO
1317 394 1360 454 V
1412 419 1478 429 -
1513 394 1593 455 ΙΝ
1632 394 2170 457 DORMITIONEM
2209 395 2580 459 DEIPARzE.

3327 401 3437 467 722

177 500 272 570 τὴν
311 495 573 568 βελτίονά
615 512 676 551 τε
719 497 816 550 καὶ
841 497 1167 569 μακραίωνα
1191 514 1207 532 ·
1239 501 1480 570 σήμερον
1521 502 1557 571 ή
1593 501 1758 573 νοητὴ

1869 504 2252 559 cumamictum
2288 505 2621 561 transfertur
2637 507 2713 586 pd
2753 506 3033 566 meliorem
3060 518 3435 585 mternamque

179 592 268 646 καὶ
322 589 697 660 θεοφὼτιστος
743 588 945 661 σελήνη
981 589 1060 661 τῷ
1099 591 1202 661 τῆς
1240 591 1590 662 δικαιοσύνης
1627 592 1765 664 ήλίῳ

1869 595 2230 650 mansionem.
2277 598 2453 652 Hodie
2502 599 2767 668 spiritalis
2809 614 2975 672 atque
3024 619 3053 658 a
3091 605 3198 660 Deo
3239 607 3436 661 illumi-

180 684 659 750 συνεισϐάλλουσα,
709 683 954 737 ἐκλείπει
1016 685 1116 754 μὲν
1158 683 1254 738 τοῦ
1293 685 1396 750 τῆς
1444 686 1762 756 παραυτίκα

179 775 317 845 ζωῆς
358 775 731 846 προσκαίρου,
763 777 823 829 ἐν
851 775 1068 846 τάὐτῷ
1095 775 1154 830 δέ
1194 775 1561 830 ἀνατέλλουσα
1588 792 1761 829 κατα-

179 868 563 939 λαμπρύνεται
595 868 676 939 τῷ
715 869 816 940 τῆς
860 869 1162 933 ἀθανασίας
1183 867 1483 940 ἀξιώματι·
1522 869 1762 940 σήμερον

177 961 642 1033 ήχρυσότευκτος
683 961 782 1014 καὶ
821 959 1358 1023 θεοκατασκεύαστος
1389 961 1619 1022 κιϐωτὸς
1659 958 1754 1013 τοῦ

177 1056 522 1125 ἀγιάσματος
575 1055 644 1109 ἐκ
699 1054 808 1108 τῶν
859 1054 1183 1124 ἐπιχθονίων
1229 1053 1606 1124 σκηνωμάτων
1644 1051 1756 1105 ἀπ-

178 1147 399 1219 αίρουσα
445 1146 589 1218 πρδς
629 1146 732 1218 τήν
788 1147 900 1201 ἀνω
943 1145 1294 1218 Ἰερουσαλὴμ
1329 1143 1758 1216 μετακομίζεται

181 1242 254 1303 είς
289 1240 646 1295 κατάπαυσιν
680 1239 1038 1307 ἀτελεύτητον
1058 1251 1073 1266 ⁶
1106 1238 1202 1291 καὶ
1226 1238 1255 1291 6
1283 1237 1572 1307 θεοπάτωρ
1596 1235 1759 1289 Δαυῒδ

181 1327 263 1386 οἷά
309 1349 396 1397 τις
476 1331 781 1403 κιθαρίζων
852 1331 1042 1385 ἐκεῖνα
1105 1331 1238 1402 ἡμῖν
1311 1328 1568 1400 μελῳδῶν
1629 1331 1760 1382 ἀνα-

1859 696 1988 744 nata
2020 687 2152 742 luna
2192 689 2247 743 in
2279 690 2508 760 justitiaa
2537 691 2722 746 Solem
2757 693 3071 760 incurrens,
3098 697 3280 753 deficit
3305 699 3435 768 qui-

1857 779 1978 833 dem
2016 795 2045 834 a
2069 783 2327 850 praesenti
2369 784 2656 853 temporali
2686 785 2823 850 vita,
2866 787 3145 857 simulque
3178 790 3435 845 exoriens

1858 872 2294 928 immortalitatis
2325 877 2588 945 dignitate
2613 877 2941 932 illustratur.
2973 877 3150 935 llodie
3181 881 3433 937 inaurata

1860 972 1912 1018 et
1942 964 2208 1020 divinitus
2246 965 2516 1022 fabricata
2570 972 2882 1026 sanctitatis
2930 988 3055 1027 arca
3089 973 3156 1028 de
3200 977 3434 1030 terrenis

1863 1056 2230 1113 tabernaculis
2255 1058 2322 1112 ad
2349 1074 2644 1128 supernam
2662 1060 2972 1118 Jerusalem
2997 1065 3348 1136 commigrat,
3375 1068 3432 1120 in

1861 1148 2106 1217 requiem
2144 1148 2252 1203 fine
2281 1159 2589 1217 carentem;
2618 1152 2671 1206 id
2700 1154 2847 1223 quod
2881 1155 3037 1210 nobis
3066 1164 3120 1210 et
3149 1157 3434 1226 theopater

1864 1233 2057 1296 David,
2089 1236 2302 1294 cithara
2338 1240 2505 1293 veluti
2556 1255 2760 1297 canens
2790 1242 2866 1297 ait
2895 1286 2908 1298 .
2940 1245 3286 1298 Adducentur
3322 1247 3433 1316 regi

1861 1326 2088 1396 virgines
2110 1329 2192 1396 “;
2218 1329 2271 1382 id
2300 1339 2384 1385 est
2408 1332 2625 1396 animae,
2653 1342 2776 1402 post
2799 1334 2947 1388 illam
2979 1335 3072 1389 tibi
3097 1337 3412 1392 afferentur.

174 1421 473 1490 ηθέγγεται
500 1436 516 1451 ο
579 1419 1136 1489 Ἀπεγεχθήσονται,
1172 1419 1360 1491 φησὶν,
1412 1417 1495 1483 τῷ
1533 1413 1787 1483 βασαεῖ
1839 1417 2124 1484 παρθένοι
2148 1423 2163 1438 ⁸
2227 1419 2430 1491 δηλαδή
2489 1422 2682 1494 ψυχαὶ,
2735 1423 2912 1478 ὀπίσω
2959 1424 3132 1495 αὐτῆς
3199 1427 3434 1495 ἀπενεχο

184 1514 437 1585 θήσονταί
475 1530 585 1566 σοι.

249 1605 316 1675 β’.
341 1604 460 1661 Νῦν
487 1605 587 1660 οῦν
614 1604 908 1676 αἰσθητοὺς
933 1604 1302 1675 όφθαλμοὺςή
1330 1601 1590 1665 Θεοτόκος
1617 1616 1755 1669 συμ-

186 1697 423 1766 μύσασα,
448 1698 581 1762 τοὺς
607 1697 834 1768 νοητοὺς
859 1697 993 1768 ήμῖν
1027 1695 1104 1760 ὡς
1139 1695 1428 1767 λαμπροὺς
1455 1694 1550 1748 καὶ
1581 1692 1755 1763 μεγά-

183 1788 300 1851 λους
331 1789 551 1860 ἀνίσχει
587 1789 902 1860 φωστῆρας,
935 1790 1104 1860 μήπω
1130 1786 1560 1850 καταδύσαντας,
1591 1786 1671 1848 είς
1697 1783 1758 1837 τὸ

1931 1598 1985 1652 2.
2028 1596 2183 1656 Nunc
2228 1616 2359 1673 ergo
2408 1605 2724 1661 materiales
2778 1607 2966 1662 oculos
3000 1606 3226 1676 Deipara
3279 1609 3433 1662 clau-

1860 1687 2019 1754 dens,
2057 1690 2328 1759 spiritalia
2359 1692 2516 1748 nobis
2549 1701 2604 1748 et
2646 1710 2843 1765 magna
2877 1696 3078 1749 attollit
3115 1695 3431 1757 luminaria,

1863 1795 2142 1851 nunquam
2183 1798 2470 1851 occasura,
2523 1795 2650 1840 ante
2698 1787 2909 1842 scilicet
2949 1797 3301 1857 conspectum
3339 1786 3432 1840 Dei

183 1884 473 1953 Tprnopsiv
527 1898 591 1934 τε
647 1881 741 1935 καὶ
795 1879 1177 1945 ἐξιλάσκεσθαι
1229 1876 1307 1948 τῷ
1340 1876 1617 1949 προσώπῳ
1659 1874 1756 1930 τοῦ

1869 1887 1960 1941 pro
2014 1874 2204 1929 mundi
2253 1877 2422 1930 tutela
2473 1878 2856 1948 pervigilantia
2899 1897 2913 1934 :
2949 1895 3095 1934 nunc
3147 1894 3270 1934 cum
3330 1893 3435 1932 vox

184 1972 312 2026 Θεοῦ
357 1974 506 2043 ὑπὲρ
552 1972 652 2041 τῆς
686 1970 783 2025 τοῦ
825 1970 1033 2042 κόσμου
1069 1969 1408 2039 ἀντιλήψεως
1431 1984 1445 1998 ·
1476 1966 1572 2020 νῦν
1603 1970 1661 2020 ἐν
1686 1969 1754 2038 τῇ

185 2063 426 2135 ἐνάρθρῳ
470 2064 626 2134 φωνῇ
673 2061 744 2116 τὰ
786 2061 1075 2133 θεοκίνητα
1113 2060 1265 2133 χείλη
1303 2061 1755 2130 ὑποσιωπήσασα,

184 2154 424 2208 ἀείλαλον
443 2154 620 2223 αὐτῆς
646 2153 706 2206 τὸ
728 2153 1120 2225 πρεσϐευτικδν
1149 2151 1290 2223 ὺπέρ
1315 2151 1412 2205 τοῦ
1437 2152 1638 2213 παντὸς
1668 2151 1758 2221 γέ-

187 2262 302 2309 νους
333 2245 608 2312 ἐξανοίγει
635 2243 808 2316 στόμα
831 2260 846 2276 ·
883 2245 980 2298 νῦν
1023 2245 1122 2307 τὰς
1163 2244 1483 2311 σωματικάς
1516 2245 1612 2298 καὶ
1640 2243 1760 2297 θεο-

185 2337 376 2408 φόρους
441 2336 708 2408 παλάμας
763 2335 1155 2402 ὕποστείλασα,
1206 2337 1532 2407 ἀειρομένας
1589 2336 1758 2401 αὑτὰς

185 2428 612 2497 ἀφθαρτισθεῖσα
636 2429 773 2500 πρὸς
801 2429 893 2481 τὸν
919 2428 1196 2499 Δεσπότην
1225 2429 1368 2501 ὑπὲρ
1390 2431 1490 2498 τῆς
1511 2429 1760 2499 οίκουμέ-

185 2540 277 2591 νης
308 2524 532 2592 ἀπάσης
556 2521 919 2593 παρίστησινο
952 2522 1077 2592 ἄρτι
1105 2522 1197 2576 τὸν
1223 2522 1458 2593 ήλιοειδῆ
1485 2525 1579 2578 καὶ
1606 2540 1760 2592 φυσι-

187 2615 276 2667 κὸν
302 2616 634 2687 χαρακτῆρα
668 2613 960 2686 ἀποκρύψο
972 2632 1062 2681 σα,
1085 2614 1488 2686 ἀκτινολαμπετ
1507 2619 1570 2687 τῇ
1601 2633 1759 2669 σκια-

187 2709 427 2778 γραφικῇ
474 2705 652 2776 αὐτῆς
680 2705 870 2774 εικόνι,
896 2707 992 2760 καὶ
1014 2707 1340 2779 προστίθησι
1362 2711 1478 2771 τοῖς
1505 2708 1654 2772 λαοῖς
1679 2709 1760 2770 είς

187 2795 478 2865 ἀσπασμὸν
508 2793 860 2866 εὐεργετικὸν
893 2797 1149 2869 σχετικῆς
1190 2799 1632 2869 προσκυνήσεως,
1660 2799 1760 2853 κᾶν

193 2883 261 2956 μή
274 2883 1179 2960 βούλωνταιοίαίρετίξοντες(6-7)
1229 2889 1342 2945 ἄνω
1376 2889 1442 2960 δὴ
1471 2890 1760 2943 ἀναπτᾶσα

190 2977 518 3047 ήπάναγνος
551 2979 875 3049 περιστερά,
898 2980 969 3035 τά
993 2981 1142 3036 κάτω
1177 2981 1467 3053 φυλάττειν
1497 2982 1558 3036 οὐ
1590 2983 1762 3038 παύε-

190 3084 310 3123 ται·
371 3068 468 3124 τοῦ
524 3069 781 3141 σώματος
830 3071 1152 3140 ἐξελθοῦσα,
1202 3073 1283 3144 τῷ
1336 3074 1609 3144 πνεύματι
1662 3076 1762 3130 σὺν

190 3161 313 3230 ἡμῖν
356 3162 546 3216 ἐστιν’
593 3162 678 3228 είς
713 3164 976 3235 οὐρανοὺς
1006 3165 1341 3236 είσαχθείσα,
1387 3165 1760 3237 ἐξοστρακίζει

1863 1965 2149 2019 articulata
2195 1966 2249 2020 iu
2284 1966 2405 2036 ejus
2449 1969 2749 2024 commotis
2789 1985 2818 2023 a
2853 1967 2964 2025 Deo
2997 1969 3155 2025 labiis
3185 1971 3328 2032 silet,
3367 1969 3434 2023 ad

1863 2068 2126 2115 aeternam
2185 2059 2456 2130 loquelam
2521 2063 2751 2132 supplex
2811 2079 2972 2119 suum
3025 2078 3126 2135 pro
3178 2064 3434 2118 universo

1865 2151 2150 2205 hominum
2205 2169 2404 2224 genere
2458 2169 2522 2211 os
2568 2156 2872 2225 adaperit:
2921 2170 3070 2210 nunc
3121 2155 3435 2225 corporales

1863 2257 2014 2312 suas,
2047 2261 2171 2316 quae
2201 2245 2367 2302 Deum
2409 2259 2689 2317 gestavere
2715 2263 2911 2302 manus
2939 2245 3253 2312 demittens,
3293 2245 3438 2301 facta

1865 2334 2212 2405 immortalis,
2247 2338 2312 2392 ad
2351 2337 2644 2392 Dominum
2688 2353 2787 2408 pro
2823 2337 3010 2392 mundi
3052 2338 3229 2393 salute
3274 2338 3438 2390 attol-

1865 2428 1928 2482 lit
1962 2448 1974 2483 :
2008 2443 2154 2483 nunc
2201 2429 2304 2483 soli
2357 2445 2543 2500 parem
2595 2429 2924 2487 subtrahens
2971 2431 3270 2485 naturalem
3319 2428 3436 2484 for-

1867 2537 2033 2583 mam,
2081 2520 2328 2591 splendet
2377 2531 2557 2578 tamen
2607 2523 2660 2577 in
2699 2524 2842 2594 picta
2883 2525 3042 2580 icone
3100 2539 3220 2586 sua,
3272 2538 3437 2594 quam

1868 2611 2084 2680 populis
2115 2609 2180 2664 ad
2215 2626 2471 2682 congruae
2502 2613 2873 2670 venerationis
2912 2613 3211 2670 salutarem
3246 2622 3440 2668 conta-

1866 2713 2014 2756 ctum
2042 2703 2295 2771 exhibet;
2324 2704 2542 2759 etiamsi
2579 2703 2630 2759 id
2663 2705 2892 2760 minime
2921 2705 3122 2759 vellent
3153 2704 3392 2759 haeretici
3421 2722 3434 2757 :

1866 2803 1921 2851 et
1952 2810 2077 2850 cum
2116 2795 2168 2849 in
2203 2811 2400 2865 supera
2432 2796 2732 2852 evolaverit
2777 2795 3031 2852 columba
3065 2795 3438 2861 sanctissima,

1869 2889 2130 2943 inferiora
2196 2889 2312 2943 haec
2375 2899 2660 2959 protegere
2722 2904 2833 2945 non
2889 2889 3094 2944 desinit
3150 2907 3163 2943 :
3211 2903 3441 2958 corpore

1867 2995 2111 3051 egressa,
2146 2981 2342 3052 spiritu
2386 2964 2669 3038 nobiscum
2706 2991 2790 3037 est
2821 3000 2836 3036 :
2869 2983 3008 3038 coelo
3037 2981 3206 3044 illata,
3235 2982 3441 3036 daemo-

1868 3085 1967 3126 nes
2016 3071 2168 3143 fugat
2224 3071 2363 3128 facta
2415 3073 2554 3144 apud
2600 3073 2896 3128 Dominum
2948 3074 3259 3129 mediatrix.
3299 3073 3440 3127 Olim

1869 3161 2091 3233 quidem
2140 3177 2238 3233 per
2288 3164 2714 3233 progenitricem
2767 3163 2936 3220 Evam
2990 3181 3141 3221 mors
3194 3166 3441 3235 ingressa

191 3253 310 3317 τοὺς
357 3254 626 3326 δαίμονας
672 3255 1030 3326 μεσιτεύουσα
1057 3256 1127 3311 τά
1158 3256 1293 3329 πρὸς
1329 3257 1553 3330 Κύριον.
1586 3259 1762 3313 Πάλαι

1873 3256 2136 3310 mundum
2185 3256 2418 3326 imperio
2455 3258 2776 3328 premebat;
2815 3273 2963 3314 nunc
3013 3267 3192 3314 tamen
3226 3259 3442 3314 beatam

194 3343 289 3413 μέν
328 3345 418 3400 διὰ
472 3346 578 3416 τῆς
626 3347 976 3419 προμήτορος
1002 3347 1148 3412 Εῦας
1185 3349 1216 3403 6
1247 3350 1479 3414 θάνατος
1505 3351 1764 3405 είσελθὼν

192 3437 662 3509 ἐκοσμοκράτησε,
694 3438 792 3494 νῦν
831 3439 891 3493 δέ
928 3441 995 3510 τῇ
1043 3441 1293 3514 μακαρία
1326 3441 1558 3516 θυγατρὶ
1594 3442 1766 3512 αὐτῆς

193 3527 454 3598 ὁμιλήσας
497 3529 962 3598 ἀποκεκρουσται,
988 3532 1202 3587 ἐκεῖθεν
1245 3534 1612 3605 ἐκνικώμενος
1642 3534 1765 3587 ὅθεν

194 3614 250 3666 τὸ
287 3616 490 3687 κράτος
530 3617 871 3684 είσεδέξατοο
906 3620 1254 3691 ἀγαλλιάσθω
1278 3621 1460 3676 τοίνυν
1486 3622 1547 3677 τὸ
1575 3640 1767 3693 γυναι-

197 3709 334 3762 κεῖον
373 3710 539 3779 γένος
595 3711 712 3765 ἀντ’
735 3710 971 3778 ὀνείδους
1009 3713 1169 3782 δόξαν
1213 3715 1763 3788 κατακληρούμενονο

196 3799 566 3868 εὐφραινὼθω
599 3804 632 3873 ή
675 3801 792 3858 Εὔα
814 3819 828 3834 ⁸
861 3804 1046 3860 ούκέτι
1084 3807 1193 3877 γάρ
1226 3809 1501 3875 ἐπάρατος
1521 3808 1769 3876 εὐλογίας

199 3891 346 3958 γόνον
358 3892 460 3965 τὴν
483 3893 709 3964 Μαρίαν
732 3895 1121 3965 περιφέρουσα·
1151 3899 1426 3969 σκιρτάτω
1451 3899 1484 3969 ή
1508 3898 1771 3970 σύμπασα

197 3982 493 4054 κτίσιςλτά
530 3984 634 4055 τῆς
663 3984 978 4057 ἀφθαρσίας
1005 3987 1224 4060 νάματα
1258 3991 1538 4061 μυστικῶς
1569 3991 1634 4045 ἐκ
1669 3992 1771 4062 τῆς

200 4077 533 4148 παρθενικῆς
568 4077 756 4149 πηγῆς
787 4077 1089 4151 ἀρυομένη,
1131 4081 1228 4136 καὶ
1262 4081 1357 4136 τοῦ
1392 4081 1770 4155 θανατηφόρου

197 4166 375 4238 δίψους
405 4169 806 4224 άποπαύουσα·
854 4170 1082 4226 τοιαῦτα
1132 4174 1262 4244 ήμϊν
1300 4173 1371 4227 τὰ
1402 4175 1771 4245 ἐορταζόμενα

199 4260 466 4332 σήμερονο
503 4260 813 4333 τηλικαῦτα
869 4262 939 4316 τά
993 4264 1455 4336 ύμνολογούμενα,
1494 4267 1529 4322 ἀ
1561 4269 1693 4339 ἡμῖν
1736 4269 1770 4339 ή

198 4350 569 4422 Χριστοανθὴς
595 4351 725 4425 ῥίζα
749 4353 843 4407 τοῦ
887 4355 1160 4428 Ἰεσσαὶ,ή
1207 4358 1552 4427 ίερόδλαστος
1579 4359 1772 4431 ράὄδος

198 4444 285 4498 τοῦ
319 4444 555 4518 Ἀαρὼν,
584 4447 615 4499 6
646 4447 838 4516 νοητὸς
864 4449 1194 4519 παράδεισος
1238 4450 1334 4504 τοῦ
1360 4454 1458 4521 τῆς
1490 4451 1636 4523 ζωῆς
1669 4453 1773 4518 ξύ-

199 4535 306 4604 λου,
329 4540 357 4592 ό
379 4539 626 4610 ἔμψυχος
651 4539 855 4610 λειμὼν
883 4539 992 4593 τῶν
1019 4541 1360 4613 παρθενικῶν
1380 4545 1708 4614 ἀρωμάτων,
1738 4548 1770 4618 ή

201 4629 534 4700 κυπρίζουσα
559 4629 969 4701 Θεογεὼργητος
995 4632 1237 4702 ἄμπελος
1261 4635 1357 4687 τοῦ
1385 4636 1647 4706 πεπείρου
1678 4637 1772 4691 καὶ

202 4715 536 4788 ζωοσταγοῦς
557 4720 808 4790 βότρυος,
835 4721 862 4773 6
886 4720 1087 4791 ὑψηλὸς
1115 4725 1210 4777 καὶ⁹
1237 4725 1549 4795 ἐπηρμένος
1565 4729 1772 4798 Χερου-

201 4808 343 4875 6ικδς
373 4812 569 4884 θρόνος
613 4809 712 4895 τοῦ
746 4811 1156 4879 παμϐασιλέως,
1185 4816 1213 4868 ό
1255 4817 1468 4889 πλήρης
1495 4815 1644 4882 οἶκος
1672 4820 1772 4891 τῆς

201 4899 348 4971 δόξης
375 4904 609 4974 Κυρίου,
640 4903 703 4957 τὸ
723 4903 816 4956 τοῦ
846 4904 1080 4974 Χριστοῦ
1113 4905 1268 4973 ἅγιον
1298 4910 1716 4981 καταπέτασμα,
1744 4913 1774 4965 ό

201 4992 289 5064 τῆς
313 4997 608 5066 ’Δνατολῆς
631 4997 984 5066 φαεινότατος
1002 4998 1516 5072 τόπος,κοιμηθεῖσα
1539 5005 1598 5056 ἐν
1619 5003 1773 5074 εἰρή-

201 5102 259 5156 νῃ
288 5089 380 5142 καὶ
402 5088 732 5160 δικαιοσύνῃ
759 5089 1076 5161 χαρίζεται·
1097 5092 1444 5163 κοιμηθεῖσα,
1466 5096 1631 5165 φημὶ,
1656 5095 1772 5150 ἀλλ’

200 5176 290 5230 οὐκ
335 5178 726 5234 ἀποθανοῦσα·
775 5183 1110 5249 μεταστᾶσα,
1154 5185 1270 5239 ἀλλ’
1299 5187 1359 5240 ού
1401 5187 1774 5242 καταλιποῦσα

204 5269 668 5344 ύπερασπίζεσθαι
689 5275 786 5329 τοῦ
805 5279 994 5345 γένους
1012 5295 1026 5310 ο
1057 5280 1193 5351 ποίῳ
1221 5281 1398 5335 τοίνυν
1427 5281 1570 5354 λόγῳ
1592 5301 1770 5354 παρα-

205 5365 461 5438 στήσομέν
489 5386 590 5423 σου
626 5369 948 5440 μυστήριον,
976 5371 1292 5444 ἀποροῦμεν
1323 5375 1594 5446 ἐννοῆσαι,
1619 5377 1772 5431 άσθε-

203 5455 390 5528 νοῦμεν
440 5462 748 5534 ἐκφράσαι,
792 5462 1109 5535 ίλιγγιῶμεν
1144 5467 1458 5538 διαγράψαι,
1496 5469 1577 5523 ὅτι
1623 5469 1773 5537 ξένον

205 5549 290 5601 καὶ
333 5550 540 5624 ὑψηλὸν
587 5553 689 5608 καὶ
733 5554 1042 5626 ἐπηρμένον
1080 5555 1341 5623 διανοίαις
1379 5560 1620 5624 άπάσαις
1646 5581 1659 5595 ·
1711 5561 1773 5614 οὐ

266 5668 309 5700 ¹¹
332 5669 472 5727 Psal.
501 5689 633 5739 ην,
667 5669 757 5724 l5.

1871 3347 2020 3409 illius
2055 3347 2222 3402 filiam
2267 3365 2548 3420 aggressa,
2591 3350 2816 3420 depulsa
2857 3361 2962 3417 est;
3003 3350 3241 3405 indidem
3277 3353 3440 3416 victa,

1869 3437 2015 3492 unde
2069 3439 2200 3492 olim
2240 3441 2543 3510 potentiam
2602 3451 2936 3510 sumpserat.
2990 3441 3226 3496 Laetetur
3279 3442 3444 3512 igitur

1870 3530 2164 3586 femineum
2190 3547 2386 3602 genus,
2430 3546 2527 3602 pro
2564 3531 2866 3601 ignominia
2903 3531 3133 3602 gloriam
3165 3533 3441 3588 sortitum.

1870 3623 2119 3680 Gaudeat
2154 3624 2286 3690 Eva,
2320 3641 2441 3695 quae
2480 3624 2591 3693 jam
2631 3624 2890 3695 deinceps
2939 3640 3047 3679 non
3088 3633 3172 3678 est
3215 3624 3445 3678 maledi-

1869 3715 2036 3777 dicta,
2096 3725 2385 3784 postquam
2449 3713 2847 3769 benedictionis
2909 3713 3153 3768 sobolem
3216 3713 3442 3766 Mariam

1871 3803 2120 3872 protulit.
2163 3801 2410 3857 Exsultet
2448 3813 2702 3857 creatura
2737 3802 3019 3867 universa,
3051 3816 3172 3870 qua:
3213 3801 3442 3855 immor-

1871 3897 2100 3952 talitatis
2141 3894 2340 3950 llueuta
2382 3911 2444 3950 ex
2487 3895 2734 3965 virgineo
2772 3894 2921 3951 fonte
2962 3896 3195 3966 mystice
3236 3896 3440 3960 haurit,

1871 3991 2072 4061 quibus
2103 4005 2132 4044 a
2169 3988 2454 4044 mortifera
2505 3989 2595 4044 siti
2634 3988 2918 4043 liberatur.
2963 3988 3088 4043 Haec
3127 3999 3315 4042 nostra
3362 3997 3446 4044 est

1872 4083 2136 4137 hodierna
2194 4082 2556 4136 solemnitas:
2594 4081 2707 4134 haec
2758 4087 2842 4135 est
2881 4080 3231 4152 hymnologia
3283 4095 3444 4149 quam

1872 4175 2030 4230 nobis
2063 4173 2376 4242 suppeditat
2407 4171 2575 4228 Jcssac
2608 4173 2760 4227 radix
2789 4187 2914 4243 quae
2944 4171 3132 4226 florem
3165 4159 3444 4227 Christum

1872 4266 2087 4330 extulit,
2139 4280 2294 4320 sacra
2326 4263 2559 4318 Aaronis
2605 4265 2752 4334 virga
2804 4263 3181 4328 frondescens,
3235 4265 3446 4319 intelle-

1872 4358 2069 4414 ctualis
2097 4356 2385 4426 paradisus
2411 4355 2500 4410 ubi
2536 4356 2655 4410 vita:
2686 4356 2917 4427 lignum,
2954 4355 3199 4426 spiritale
3227 4366 3446 4426 pratum

1873 4450 2223 4521 virginalium
2276 4456 2605 4512 aromatum,
2661 4446 2855 4504 florida
2904 4457 2959 4502 et
3001 4463 3030 4502 a
3072 4446 3181 4502 Deo
3231 4448 3448 4502 exculta

1875 4544 2000 4599 vitis
2037 4543 2237 4597 maturi
2270 4541 2487 4611 vitaque
2527 4539 2802 4595 manantis
2843 4541 3044 4596 racemi
3083 4557 3096 4595 :
3128 4541 3309 4596 celsus
3338 4542 3448 4596 ele-

1877 4647 2144 4706 vatusque
2175 4636 2404 4689 thronus
2431 4633 2771 4689 Cherubicus
2803 4633 2949 4703 regis
2975 4632 3323 4696 universalis,
3351 4633 3447 4686 do-

1878 4743 2001 4784 mus
2028 4726 2199 4799 gloria
2225 4725 2435 4780 Domini
2465 4725 2644 4795 plena,
2669 4733 2918 4779 sanctum
2941 4723 3144 4779 Christi
3174 4725 3445 4794 velamen,

1879 4819 2219 4875 lucidissima
2241 4816 2481 4871 Orientis
2498 4815 2668 4886 regio,
2687 4830 2808 4884 quae
2831 4815 2885 4870 in
2907 4829 3040 4885 pace
3058 4814 3346 4886 acjustitia
3361 4816 3452 4869 oh-

1879 4909 2208 4973 dormivisti,
2236 4906 2896 4976 obdormivisti,inquam,
2915 4905 3101 4976 potius
3119 4922 3280 4976 quam
3311 4907 3451 4962 obii-

1879 5002 1945 5058 sti
1973 5017 1986 5053 :
2015 5001 2276 5056 translata
2302 5014 2381 5060 es,
2409 5012 2583 5069 neque
2607 5005 2789 5052 tamen
2812 4997 3112 5052 humanum
3139 5012 3308 5067 genus
3331 5013 3454 5068 pro‘

1880 5102 2062 5164 tegere
2089 5092 2318 5147 desinis.
2350 5090 2688 5157 Quibusnam
2723 5089 2908 5158 itaque
2930 5088 3112 5144 verbis
3132 5091 3449 5160 mysterium

1881 5197 2034 5241 tuum
2079 5185 2456 5254 explanemus,
2510 5189 2693 5236 mente
2729 5181 3082 5252 ambigimus,
3137 5181 3322 5251 lingua
3363 5183 3450 5237 in-

1880 5280 2036 5334 firma
2065 5295 2171 5336 non
2204 5276 2500 5346 eloquitur,
2535 5273 2774 5329 scribere
2800 5273 3122 5338 tituhamus,
3153 5275 3280 5342 quia
3299 5289 3452 5342 pere-

1877 5377 2094 5448 grinum
2121 5373 2509 5443 excelsumque
2540 5379 2644 5436 cst,
2670 5377 2834 5439 atque
2859 5382 3052 5423 omnes
3084 5367 3452 5438 cegitationes

1879 5467 2235 5523 transcendit.
2285 5465 2470 5535 Neque
2524 5463 2671 5518 enim
2724 5461 2858 5515 illud
2903 5466 3196 5515 Commune
3247 5459 3450 5527 aliquid

1881 5562 2043 5616 habet
2071 5569 2167 5616 aut
2196 5559 2651 5630 comparativum,
2687 5563 2747 5610 ut
2773 5551 2931 5610 facile
2954 5567 3021 5609 ex
3044 5551 3208 5609 rebus
3245 5552 3454 5607 nostris

275 5788 412 5861 (6-7)
452 5791 720 5858 lntelligit
751 5789 1135 5848 lconomachos
1174 5789 1400 5847 Mariani
1429 5791 1617 5864 ;cultus
1650 5791 2048 5850 infensissimos
2084 5791 2284 5850 hostes.
