4018 6304
570 348 676 413 723

1731 356 1792 417 S.
1839 358 2232 421 THEODORI

2298 361 2646 424 STUDIT/E
3725 365 3840 429 72.5

569 459 1092 516 demonstrationem
1137 462 1285 520 illius
1326 461 1628 529 faciamus;
1661 465 1756 518 sed
1804 480 1870 519 ex
1916 465 1984 520 iis
2027 482 2151 535 qua:

2264 467 2358 540 γὰρ
2381 471 2458 534 ὡς
2481 471 2574 524 ἐπὶ
2608 468 2714 523 τῶν
2744 469 2921 525 ἄλλων
2943 470 3192 525 κοινωνεῖ
3218 469 3314 524 καὶ
3349 470 3712 541 συμφέρεται,
3745 472 3838 526 ἵνα

570 565 736 621 supra
776 568 877 608 nos
911 565 1060 619 sunt,
1099 556 1297 611 decora
1331 566 1420 611 tua
1455 559 1541 626 pie
1574 558 2144 627 comprehendentes;

572 645 665 698 uni
700 645 795 699 tibi
831 662 954 716 qua:
1001 637 1285 716 superiora
1334 650 1543 703 homini
1595 659 1725 704 sunt
1766 651 2146 706 concedimus.

572 734 883 794 lmmutasti
951 739 1116 809 igitur
1176 752 1428 795 naturam
1485 741 1747 796 ineffabili
1808 748 1968 810 partu
2031 749 2146 798 tuo.

577 827 940 894 Quandonam
982 832 1127 886 enim
1159 833 1368 887 audivit
1400 836 1690 903 quisquam
1725 833 1990 902 virginem
2029 835 2151 888 sine

575 923 784 978 semine
834 925 1276 994 concipientem?
1305 925 1350 980 Ο
1388 942 1498 980 rem
1545 927 1775 979 miram!
1817 941 1940 996 quae
1977 935 2151 980 mater

574 1023 658 1070 est
685 1016 925 1083 pariens,
963 1031 1082 1070 eam
1110 1018 1262 1072 vides
1291 1019 1558 1085 virginem
1589 1017 1986 1084 incorruptam,
2023 1017 2150 1084 quia

577 1107 788 1161 scilicet
832 1109 976 1176 quod
1026 1108 1378 1178 pariebatur,
1436 1108 1574 1162 Deus
1624 1118 1762 1162 erat.
1813 1106 1928 1162 Hoc
1978 1123 2149 1161 unum

578 1197 762 1265 itaque
803 1199 966 1251 etiam
1009 1201 1063 1252 in
1095 1199 1244 1252 vitali
1276 1201 1626 1262 dormitione,
1679 1214 1710 1253 a
1751 1199 1964 1253 caeteris
2000 1197 2152 1252 diffe-

578 1303 728 1352 rens,
769 1291 964 1344 merito
989 1292 1104 1344 sola
1147 1291 1335 1355 habes,
1369 1292 1659 1360 utriusque
1689 1290 1851 1345 simul
1889 1290 2152 1359 (corporis

577 1388 632 1433 et
664 1380 884 1450 animae)
922 1382 1368 1450 incorruptelam.

651 1551 706 1606 5.
750 1551 854 1606 Sed
879 1553 991 1621 jam
1030 1555 1188 1610 nobis
1222 1554 1352 1610 Sion
1403 1568 1625 1613 enarret
1653 1560 1757 1614 diei
1806 1561 1953 1617 illius
1985 1563 2150 1618 mira-

582 1642 733 1696 bilia.
763 1643 1076 1712 Completus
1107 1659 1224 1700 erat
1251 1650 1373 1703 vitae
1401 1652 1700 1716 terminus;
1732 1655 1918 1708 aderat
1945 1656 2154 1710 resolu-

2248 559 2429 628 δῶμεν
2463 560 2770 630 προχείρως
2799 563 2866 614 ὲκ
2904 561 3013 614 τῶν
3043 560 3164 614 καθ’
3194 561 3344 631 ἡμᾶς
3375 560 3473 623 τὰς
3503 560 3835 626 ἀποδείξεις,

2249 651 2363 703 ἀλλ’
2418 655 2482 704 ὲκ
2541 650 2650 704 τῶν
2711 653 2852 723 ὑπὲρ
2905 654 3052 722 ἡμᾶς
3116 652 3184 705 τὰ
3241 653 3370 723 περὶ
3424 650 3520 704 σοῦ
3590 652 3834 716 εὐσεϐῶς

2248 741 2711 810 διαλαμϐάνοντες
2767 742 3212 813 παραχωροῦμέν
3268 759 3352 795 σοι
3402 743 3538 812 μόνῃ
3582 743 3654 794 τὰ
3690 743 3835 811 ὑπὲρ

2249 831 2572 902 ἀνθρωπονο
2634 832 2924 902 διήλλαξας
2975 832 3251 902 τοιγάρτοι
3316 831 3414 903 τὴν
3473 832 3639 900 φύσιν
3691 834 3837 885 κατὰ

2249 924 2348 993 τὴν
2373 925 2610 994 ἀῤῥητον
2635 924 2888 993 γέννησιν
2910 937 2925 954 ’
2966 923 3071 977 ποῦ
3111 925 3219 994 γάρ
3260 924 3402 992 έγνω
3444 941 3532 986 τις
3563 923 3838 994 παρθένον

2251 1014 2506 1085 ἀσπόρως
2559 1015 3083 1084 συλλαμϐάνουσανς
3128 1016 3192 1068 Ὦ
3218 1014 3314 1069 τοῦ
3371 1014 3694 1084 θαύματοςῑ
3735 1015 3837 1085 τὴν

2251 1105 2327 1169 ὼς
2355 1107 2566 1175 μητέρα
2589 1106 2938 1177 λοχεύουσαν,
2968 1108 3071 1178 ὁρᾷ
3099 1107 3174 1171 ὡς
3203 1105 3441 1176 ἄφθορον
3468 1104 3836 1176 παρθενεύου-

2255 1213 2373 1262 σαν,
2408 1199 2594 1269 ἐπειδὴ
2629 1199 2762 1264 Θεὸς
2798 1196 2866 1271 ἦν
2897 1200 2957 1253 τὸ
2980 1201 3342 1270 γεννώμενον.
3379 1199 3552 1274 Τοῦτο
3595 1196 3694 1254 οὖν
3739 1201 3843 1254 καὶί

2253 1291 2348 1342 ἐπὶ
2393 1293 2458 1360 τῇ
2512 1291 2773 1362 ζωοφόρῳ
2813 1295 3092 1362 κοιμήσει,
3123 1293 3521 1360 ὲξαλλάττουσα
3564 1294 3674 1346 τῶν
3721 1294 3829 1344 λοι-

2254 1381 2393 1447 πῶν,
2454 1383 2677 1447 εἰκότως
2739 1384 2875 1454 μόνη
2940 1385 3085 1454 ἔχεις
3141 1384 3235 1437 τοῦ
3297 1386 3712 1456 συναμφοτέρου
3770 1385 3830 1436 τὺ

2254 1475 2552 1545 ἄφθαρτον.

2323 1568 2394 1634 γ’.
2442 1567 2580 1620 Ἀλλ’
2624 1568 2656 1636 ἡ
2701 1567 2839 1620 Σιὼν
2867 1568 3000 1640 ἡμῖν
3034 1567 3353 1639 ἀφηγείσθω
3393 1568 3462 1622 τά
3491 1569 3592 1637 τῆς
3619 1570 3829 1640 ἡμέρας

2254 1659 2531 1730 παράδοξα
2554 1659 2629 1730 (8)
2654 1675 2667 1688 ·
2707 1660 3031 1730 πεπλήρωτο
3057 1659 3235 1713 τοίνυν
3281 1661 3339 1712 τὸ
3370 1660 3468 1729 τῆς
3516 1659 3662 1731 ζωῆς
3708 1663 3832 1732 ὁρο-

583 1734 749 1791 tionis
775 1737 929 1790 hora.
962 1736 1429 1808 Prmcognoverat,
1473 1750 1529 1795 ut
1559 1757 1654 1810 par
1685 1753 1820 1807 crat,
1862 1743 1953 1798 Dei
1982 1744 2153 1799 Mater

2264 1751 2470 1804 θέσιονο
2510 1752 2693 1822 παρῆν
2729 1753 2760 1822 ἡ
2796 1753 2894 1823 τῆς
2933 1753 3246 1814 ἀναλύσεως
3285 1753 3402 1824 ὥρα
3427 1771 3440 1783 ”
3475 1753 3729 1821 προέγνω
3759 1753 3835 1815 ὠς

581 1826 932 1882 sanctissima
974 1830 1350 1886 translationis
1389 1848 1502 1886 sua:
1541 1833 1800 1886 stadium.
1842 1834 1974 1899 Quis
2006 1835 2152 1888 enim

2264 1836 2342 1894 οἷα
2363 1841 2498 1893 Θεοῦ
2530 1811 2767 1912 μῆτῆρῆ
2804 1811 3045 1909 πανναγία
3074 1841 3134 1894 τὸ
3291 1811 3678 1911 μεταστάσεως
3713 1811 3834 1896 στάᾇ

583 1913 686 1970 hoc
720 1917 895 1971 multo
929 1921 1125 1988 magis,
1164 1936 1197 1974 o
1221 1919 1594 1987 Philocbristi,
1626 1939 1734 1992 prae
1787 1925 1971 1994 aliquo
2018 1941 2155 1994 quo-

583 2006 714 2062 libet
732 2009 946 2064 servilis
968 2012 1300 2067 conditionis
1329 2024 1468 2077 vate,
1506 2015 1658 2068 Matri
1701 2015 1791 2068 Dei
1833 2025 1885 2070 et
1926 2018 2154 2086 principi

581 2098 972 2167 prophetarum
1025 2117 1130 2155 non
1164 2103 1460 2156 attribuat?
1505 2104 1798 2172 Postquam
1835 2106 2000 2174 igitur
2045 2106 2157 2161 haec

583 2190 757 2244 sensit
796 2202 848 2245 et
881 2193 1122 2260 agnovit,
1157 2195 1339 2263 qualia
1385 2195 1555 2262 ipsam
1603 2196 1743 2250 elata
1792 2212 1920 2251 voce
1952 2197 2156 2253 dixisse

585 2282 723 2336 ratio
753 2283 914 2340 nobis
948 2285 1184 2340 suadet?
1211 2284 1389 2348 Venit,
1423 2288 1622 2356 inquit,
1659 2287 1838 2342 exitus
1862 2290 1962 2342 mei
1995 2289 2110 2343 dies
2138 2308 2151 2343 :

587 2375 732 2429 venit
775 2385 988 2446 tempus
1028 2393 1159 2432 mete
1192 2377 1258 2431 ad
1289 2387 1339 2433 te
1389 2381 1748 2435 transitionis.
1786 2381 1984 2436 Adsint
2023 2383 2156 2436 mihi

584 2467 681 2535 qui
733 2484 883 2523 meas
930 2471 1219 2539 exsequias
1274 2481 1492 2537 curent,
1553 2473 1826 2527 Domine:
1863 2475 2156 2538 assistant,

587 2555 752 2612 funus
788 2573 966 2613 meum
1002 2560 1246 2614 curaturi
1295 2561 1558 2627 ministri;
1601 2569 1655 2615 et
1703 2563 1756 2616 in
1798 2577 1994 2616 manus
2037 2571 2159 2616 tuas

587 2651 840 2718 spiritum
886 2666 1064 2705 meum
1115 2652 1531 2706 commendabo.
1569 2651 1818 2707 Manibus
1857 2652 2158 2723 discipulo-

589 2757 708 2795 rum
735 2751 974 2807 tuorum,
1007 2742 1272 2797 intactum
1303 2742 1506 2813 Deique
1535 2745 1932 2813 receptaculum
1960 2761 2159 2815 corpus

591 2851 795 2898 meum,
823 2851 886 2892 ex
926 2852 1036 2907 quo
1069 2846 1127 2891 tu
1161 2836 1254 2907 qui
1288 2853 1348 2891 es
1393 2837 1510 2907 ipsa
1540 2837 1922 2892 immortalitas
1955 2840 2159 2905 prodii-

590 2931 682 2996 sti,
712 2931 987 2985 efferatur.
1025 2933 1218 2987 Adsint
1256 2933 1386 2986 mihi
1420 2933 1484 2986 ad
1517 2933 1771 2987 solatium
1801 2933 1894 3004 qui
1941 2933 1992 2986 in
2027 2949 2161 2987 cun-

591 3026 694 3078 ctis
725 3033 880 3078 teme
908 3024 1104 3079 finibus
1129 3026 1360 3095 dispersi
1403 3035 1550 3090 sunt,
1581 3041 1860 3095 praecones
1904 3041 1967 3080 ac
1999 3026 2161 3079 mini-

2254 1933 2390 1986 διον·
2430 1935 2593 1985 πόσον
2625 1932 2735 2003 γὰρ
2763 1934 2879 2005 δοίη
2919 1951 3002 1996 τις
3040 1933 3102 1986 τὸ
3148 1935 3353 2002 μεῖζον,
3387 1928 3432 1986 ὦ
3476 1935 3831 2003 φιλόχριστοι,

2259 2027 2393 2095 πρὸς
2448 2026 2623 2079 πάντα
2675 2025 2764 2078 τὸν
2823 2025 3085 2088 δουλικῶς
3127 2024 3361 2094 ὁρῶντα,
3399 2028 3464 2094 τῇ
3506 2027 3690 2096 Μητρὶ
3739 2025 3833 2078 τοῦ

2257 2118 2391 2170 Θεοῦ
2423 2120 2515 2173 καὶ
2541 2118 2997 2188 ἀρχιπροφήτιδι;
3056 2117 3205 2169 Ἐπεὶ
3235 2117 3292 2170 δὲ
3318 2115 3488 2168 ταῦτα
3517 2116 3712 2186 ᾔσθετο
3741 2118 3836 2170 καὶ

2262 2210 2601 2280 μεμάθηκεν,
2634 2206 2720 2262 οἷα
2771 2211 2900 2279 ἡμῖν
2956 2212 2984 2262 ὁ
3030 2209 3186 2276 λόγος
3233 2210 3622 2262 ἀνακαλεῖσθαι
3669 2209 3835 2279 αὐτὴν

2259 2303 2547 2371 ὑποφαίνει
2569 2296 2957 2371 ;Ἧκενὴμέρα
2983 2299 3082 2368 τῆς
3107 2299 3288 2364 ἐξόδου
3322 2319 3422 2370 μου
3445 2319 3458 2331 ο
3490 2295 3625 2371 ἧκεν
3653 2302 3682 2352 ὁ
3712 2301 3836 2368 χρό-

2260 2413 2348 2458 νος
2391 2395 2490 2462 τῆς
2522 2394 2654 2462 πρὸς
2688 2394 2744 2444 σὲ
2776 2393 3044 2461 ἐκδημίας
3074 2411 3174 2460 μου
3205 2409 3218 2422 ·
3263 2394 3622 2462 παρέστωσαν
3657 2409 3747 2460 μοι
3785 2393 3834 2443 οἱ

2259 2487 2739 2556 λειτουργήσοντες
2779 2485 2848 2535 τὰ
2887 2485 3135 2551 ἐντάφια,
3170 2484 3450 2536 Δέσποτα·
3477 2482 3837 2551 ὲπισταίησαν

2261 2581 2310 2631 οἱ
2341 2581 2436 2648 τὴν
2483 2578 2703 2648 κηδείαν
2736 2574 3145 2637 συντελέσοντες
3179 2574 3455 2627 διάκονοι·
3503 2576 3599 2626 καὶ
3629 2576 3707 2636 είς
3740 2577 3838 2643 μὲν

2261 2672 2450 2742 χεῖράς
2492 2687 2584 2722 σου
2621 2668 3007 2740 παραθήσομαι
3040 2667 3100 2719 τὸ
3132 2666 3354 2733 Πνεῦμά
3395 2679 3526 2734 μου·
3559 2665 3839 2735 παλάμαις

2261 2765 2316 2817 δὲ
2346 2765 2452 2816 τῶν
2479 2761 2733 2831 μαθητῶν
2761 2778 2853 2812 σου
2881 2759 2939 2812 τὸ
2971 2758 3246 2828 ἄψαυστον
3273 2757 3367 2810 καὶ
3395 2756 3649 2826 Θεοδόχον
3679 2757 3838 2826 σῶμά

2267 2872 2388 2924 μου,
2425 2852 2484 2916 ἐξ
2512 2846 2682 2921 οὗπερ
2731 2851 2794 2901 σὺ
2839 2850 2872 2919 ἡ
2906 2847 3175 2901 ἀθανασία
3210 2845 3580 2906 ἀνατέταλκας
3615 2847 3838 2914 ἐκκομί-

2265 2945 2499 2998 σασθαι·
2562 2940 3000 3011 παραστήτωσάν
3047 2957 3137 3008 μοι
3195 2939 3243 2990 ol
3289 2939 3343 2989 ὲν
3375 2939 3487 2998 τοῖς
3519 2937 3715 3006 πέρασι
3757 2938 3839 2990 δι-

2266 3036 2601 3106 εσπαρμένοι
2647 3035 2781 3103 πρὸς
2834 3031 3172 3102 εὐφροσύνην
3222 3047 3344 3106 μου,
3382 3030 3429 3080 οἱ
3474 3030 3714 3096 κήρυκες
3746 3030 3839 3081 καὶ

593 3116 690 3170 stri
725 3114 997 3186 Evangelii
1027 3118 1126 3173 tui.
1154 3117 1306 3181 Quod
1341 3118 1384 3172 si
1421 3118 1631 3185 justum
1662 3117 1941 3173 Enochum
1976 3119 2160 3172 viven-

2266 3126 2535 3194 ὑπηρέται
2588 3123 2678 3176 τοῦ
2732 3122 3067 3190 Εὑαγγελίου
3101 3138 3191 3174 σου
3220 3137 3233 3150 ·
3283 3121 3378 3172 καὶ
3417 3118 3464 3170 εί
3515 3117 3603 3169 τὸν
3633 3118 3840 3172 δίκαιον

593 3218 702 3261 tem
759 3208 936 3263 adhuc
998 3218 1219 3278 propter
1285 3224 1440 3263 suam
1505 3209 1806 3263 bonitatem
1873 3209 2158 3264 transferri

593 3299 844 3368 voluisti;
866 3309 920 3356 et
947 3301 1116 3355 Eliam
1133 3298 1443 3355 Thesbitem
1474 3301 1631 3371 igneo
1662 3317 1828 3356 curru
1857 3301 2066 3356 sustolli
2094 3317 2160 3356 ex

596 3391 699 3446 hac
754 3393 968 3462 cognita
1023 3392 1089 3446 ad
1145 3393 1358 3461 ignotas
1402 3394 1672 3463 regiones,
1724 3394 1916 3449 ambos
1959 3395 2164 3449 scilicet

598 3486 862 3539 tremendi
916 3485 994 3539 tui
1045 3501 1109 3540 ac
1163 3485 1585 3554 splendidissimi
1639 3487 1902 3542 adventus
1951 3499 2162 3557 tempus

597 3586 1018 3647 exspectantes:
1055 3578 1101 3632 si
1145 3587 1405 3647 praeterea
1459 3578 1775 3646 prophetam
1821 3577 2161 3631 llabaeucum

597 3685 664 3723 ex
715 3667 1105 3740 Hierosolymis
1165 3669 1492 3738 Babylonem
1554 3685 1749 3739 usque,
1807 3670 1875 3724 ob
1928 3669 2164 3725 Daniclis

599 3761 1000 3824 necessitatem,
1033 3775 1142 3814 uno
1177 3761 1438 3829 temporis
1469 3772 1745 3814 momento
1774 3760 2085 3821 transferri,
2113 3771 2166 3814 et

599 3851 725 3907 inde
770 3851 968 3905 reverti
1003 3852 1324 3906 mirabiliter
1358 3852 1564 3917 fecisti;
1600 3853 1728 3922 quid
1771 3853 1865 3906 tibi
1913 3854 2165 3921 impossi-

599 3946 706 4000 bile
733 3945 827 4007 sit,
859 3947 1020 3999 modo
1057 3945 1230 3999 velis?
1259 3944 1360 3998 Vix
1400 3945 1517 3999 baac
1550 3945 1760 3998 dixerat
1790 3945 2164 4000 laudatissima

603 4034 788 4107 Virgo,
819 4051 942 4092 cum
969 4037 1256 4090 duodecim
1281 4036 1508 4106 apostoli
1543 4045 1996 4104 supervenerunt,
2027 4038 2167 4092 alius

600 4129 819 4182 aliunde
861 4143 959 4182 ceu
990 4128 1198 4183 nebula:
1227 4128 1331 4183 alis
1361 4128 1588 4197 spiritus
1618 4127 1683 4181 ad
1723 4127 1860 4182 lucis
1911 4128 2164 4182 nebulam

601 4220 818 4290 (nempe
854 4235 974 4288 qua:
1013 4219 1186 4274 lucem
1220 4218 1429 4290 fulgore
1477 4233 1578 4273 suo
1623 4219 1972 4285 obscurabat)
2005 4219 2165 4273 delati

601 4312 776 4365 donec
820 4309 931 4365 illic
978 4310 1166 4380 pedem
1213 4310 1458 4380 figerent.
1507 4308 1648 4373 Quid
1679 4325 1810 4377 ergo
1855 4309 1989 4362 dixit
2019 4311 2168 4379 virgo

601 4405 916 4474 theonyma,
962 4403 1314 4473 polyonyma,
1368 4401 1784 4471 megalonyma?
1814 4399 2012 4454 Oculos
2060 4403 2167 4455 cir-

2276 3217 2446 3284 Ἑνὼχ
2477 3216 2553 3267 ἔτι
2583 3214 2760 3278 ζῶντα
2821 3212 3153 3284 μεταθέσθαι
3179 3212 3268 3266 διὰ
3296 3213 3356 3264 τὸ
3381 3208 3638 3280 χρειῶδες
3685 3210 3842 3278 ηὐδό-

2263 3328 2435 3383 κησας
2456 3328 2468 3339 ·
2503 3309 2594 3361 τόν
2628 3325 2688 3360 τε
2733 3307 3000 3376 Θεσὸίτην
3048 3306 3234 3360 Ἠλίαν
3266 3305 3582 3378 δὲπαρθῆναι
3631 3302 3840 3373 πυρίνῳ

2263 3403 2468 3472 ἅρματι
2501 3402 2564 3452 ὲκ
2587 3399 2677 3451 τοῦ
2700 3397 2976 3467 ἐμφανοῦς
3005 3397 3138 3464 πρὸς
3167 3395 3393 3464 ἀδήλους
3424 3394 3630 3465 χώρας,
3660 3395 3839 3462 ἀμφο-

2262 3496 2453 3561 τέρους
2485 3491 2574 3544 τὸν
2607 3491 2708 3560 τῆς
2743 3487 2976 3560 φρικτῆς
3011 3503 3104 3539 σου
3136 3487 3228 3539 καὶ
3256 3486 3549 3556 παμφαοῦς
3577 3486 3840 3555 δευτέρας

2266 3588 2567 3656 παρουσίας
2601 3585 2967 3653 ἀναμένοντας
3010 3580 3240 3652 χρόνον⁸
3278 3579 3372 3632 κα)⁸
3415 3575 3568 3641 αὖθις
3618 3580 3696 3642 είς
3749 3577 3841 3630 τὸν

2265 3679 2549 3746 προφήτην
2585 3677 2906 3747 Ἀμὸακοὺμ
2940 3675 3047 3728 άπὸ
3087 3670 3440 3743 Ἰερουσαλὴμ
3472 3672 3551 3733 εἰς
3580 3669 3837 3722 Βαϐυλῶ-

2265 3786 2330 3821 να
2363 3767 2449 3820 διὰ
2481 3769 2668 3837 χρείαν
2695 3766 2789 3820 τοῦ
2823 3766 3020 3837 Δανιὴλ
3047 3767 3102 3817 ἐν
3131 3767 3230 3835 μιᾷ
3261 3761 3452 3834 καιροῦ
3496 3763 3636 3831 ῥοπῇ
3671 3778 3838 3829 μετα-

2267 3861 2462 3929 στῆσαι
2523 3860 2617 3912 καὶ
2657 3859 2978 3913 ἀναποδίσαι
3022 3856 3492 3928 ὲτερατούργησας
3516 3869 3530 3883 ·
3563 3853 3617 3905 τί
3649 3869 3732 3904 σοι
3777 3853 3841 3905 οὐ

2267 3951 2490 4004 δυνατὸν
2521 3951 2805 4020 θελήσαντι
2835 3951 3024 4020 μόνον;
3050 3949 3222 4002 ταῦτα
3248 3948 3370 4000 ἐπεὶ
3398 3947 3613 4016 λέλεχεν
3643 3946 3677 4016 η
3710 3963 3845 3997 παν-

2269 4043 2526 4111 ύμνητος,
2559 4043 2651 4093 καὶ
2682 4043 2714 4111 ή
2756 4042 3088 4112 άποστολικὴ
3127 4039 3366 4103 δωδεκάς
3417 4039 3644 4107 ἐπέστη,
3679 4035 3842 4100 ἄλλος

2269 4133 2559 4204 ἀλλαχόθεν
2585 4133 2658 4196 ὼς
2689 4133 2910 4202 νεφέλαι
2935 4134 3011 4202 τῷ
3035 4132 3217 4202 πτερῷ
3241 4131 3334 4184 τοῦ
3367 4131 3679 4200 πνεύματος
3708 4130 3844 4199 πρὸς

2267 4226 2366 4296 τὴν
2398 4224 2490 4277 τοῦ
2528 4225 2701 4292 φωτὸς
2728 4222 2955 4292 νεφέλην
2985 4221 3301 4283 ἐλασθέντες
3328 4221 3423 4274 καὶ
3453 4221 3846 4277 καταπαύσαν-

2268 4335 2359 4379 τες
2386 4333 2398 4345 ’
2432 4317 2482 4368 τί
2516 4311 2606 4369 οὖν
2637 4332 2801 4384 φησιν
2848 4315 2880 4383 ἡ
2923 4311 3202 4382 θεὼνυμος
3243 4311 3336 4364 καὶ
3366 4311 3718 4381 πολυώνυμος
3752 4311 3845 4365 καὶ

2274 4406 2699 4476 μεγαλώνυμος;
2738 4405 2916 4474 ἄρασα
2949 4402 3130 4472 κύκλῳ
3153 4402 3279 4464 τοὺς
3312 4401 3626 4471 ὀφθαλμοὺς
3655 4404 3848 4456 ἀνακε-

603 4498 914 4553 cumferens
962 4497 1028 4552 de
1073 4512 1173 4551 suo
1222 4493 1506 4558 recubitu,
1567 4493 1862 4563 vidensque
1904 4496 2161 4562 expetitos

2273 4498 2499 4570 κλιμένη
2532 4498 2624 4551 καὶ
2649 4496 2829 4549 ἰδοῦσα
2857 4497 2977 4559 τοὺς
3009 4494 3394 4564 ζητουμένους,
3413 4494 3784 4560 Ἀγαλλιάσθω
3813 4497 3846 4566 η

602 4591 903 4660 discipulos
929 4609 940 4643 :
966 4588 1218 4654 Laetetur,
1244 4588 1445 4657 inquit,
1472 4586 1656 4640 anima
1690 4602 1806 4639 mea
1836 4587 1886 4639 in
1921 4587 2167 4651 Domino,

603 4683 782 4754 sitque
814 4683 901 4738 hic
927 4683 1057 4737 mihi
1083 4681 1264 4752 gaudii
1302 4680 1516 4744 titulus,
1553 4690 1604 4732 et
1631 4678 1965 4734 laudationis
2009 4692 2170 4749 atque

603 4773 982 4843 amplitudinis
1017 4772 1159 4842 apud
1196 4784 1389 4825 omnes
1425 4777 1583 4823 terra:
1610 4775 1862 4838 populos,
1895 4770 2022 4838 quia
2050 4786 2170 4824 con-

602 4864 848 4937 gregavit
865 4865 996 4918 mihi
1021 4862 1286 4918 Dominus
1309 4861 1562 4916 Ecclesiae
1581 4859 1956 4926 fundamenta,
1985 4863 2170 4915 mundi

603 4959 883 5028 principes
933 4955 1225 5018 aduuavit,
1279 4951 1556 5006 mirabiles
1599 4949 1806 5005 funeris
1855 4953 1955 5005 mei
2012 4953 2171 5005 mini-

603 5056 770 5103 stros.
807 5043 851 5099 0
889 5043 1094 5114 grande
1131 5044 1479 5111 portentum!
1517 5056 1550 5095 ο
1577 5049 1834 5095 materna:
1865 5042 2172 5096 sanctifica-

604 5141 773 5194 tionis
810 5135 982 5208 opus!
1028 5152 1060 5190 o
1102 5135 1282 5189 filialis
1327 5133 1632 5189 dilectionis
1685 5134 1924 5188 donum!
1963 5135 2171 5190 leum

604 5231 741 5288 mihi
786 5239 930 5301 patet
963 5229 1283 5299 hospitium,
1317 5227 1460 5296 quod
1486 5227 1674 5281 mundi
1710 5227 2002 5282 luminaria
2042 5245 2171 5283 con-

605 5326 774 5386 tinet;
807 5323 1066 5391 templum
1109 5319 1343 5382 Domini,
1377 5319 1599 5373 creleste
1631 5319 1876 5384 lacunar,
1911 5321 2173 5389 aperitur,

607 5417 763 5472 divos
802 5425 1006 5486 mystas
1052 5413 1473 5481 sacerdotesque
1504 5409 1637 5464 mihi
1679 5411 1990 5466 ostendens.
2020 5411 2174 5466 Haud

686 5594 762 5661 (8)
806 5593 881 5644 De
912 5591 1157 5660 Deiparm
1195 5587 1370 5652 obitu,
1402 5587 1633 5661 ejusque
1664 5584 1801 5647 loco,
1836 5594 1890 5638 et
1918 5587 2176 5661 apostolis

615 5657 792 5734 ut'pie
851 5657 1257 5734 cred_it'um_e_s_t
1306 5659 1722 5734 assistentibus,
1772 5665 1943 5734 ρίου⁸
1969 5657 2177 5734 prolixe

612 5725 930 5794 eruditeque
966 5729 1329 5786 Trombellius
1375 5730 1426 5781 in
1467 5727 1582 5780 Vita
1630 5725 1872 5794 ejusdem
1913 5725 2171 5792 Deiparte,

616 5812 750 5860 tom.
787 5797 878 5868 IV,
914 5803 1132 5860 dissert.
1173 5800 1257 5865 L5,
1303 5799 1527 5868 prolatis
1560 5797 1724 5851 variis
1756 5811 1820 5850 ex
1853 5797 2173 5864 antiquitate

2271 4591 2414 4660 ψυχή
2467 4607 2568 4659 μου
2620 4589 2714 4640 ἐπὶ
2761 4588 2836 4657 τῷ
2870 4587 3090 4657 Κυρίῳ,
3127 4588 3220 4639 καὶ
3267 4585 3417 4639 ἔσται
3457 4602 3545 4654 μοι
3589 4585 3746 4639 τοῦτο
3769 4589 3848 4648 είς

2270 4676 2438 4750 ὄνομα
2473 4677 2829 4750 εὐφροσύνης,
2865 4679 2956 4730 καὶ
2979 4681 3060 4740 είς
3090 4678 3294 4730 αίνεσιν
3323 4677 3417 4731 καὶ
3452 4677 3848 4747 μεγαλειότητα

2269 4769 2420 4841 παρὰ
2465 4770 2600 4821 πᾶσι
2644 4771 2756 4831 τοῖς
2797 4767 2974 4820 ἔθνεσι
3023 4768 3121 4836 τῆς
3152 4767 3276 4837 γῆς,
3314 4768 3396 4844 ὅτι
3439 4768 3718 4836 συνήγαγέ
3759 4785 3848 4836 μοι

2273 4863 2398 4924 τοὺς
2423 4861 2703 4929 θεμελίους
2737 4859 2836 4928 τῆς
2877 4857 3219 4928 Ἐκκλησίας,
3265 4859 3354 4911 ὅτι·
3393 4857 3716 4927 συνὴθροισέ
3758 4875 3848 4927 μοι

2271 4955 2397 5014 τοὺς
2453 4953 2719 5021 ἄρχοντας
2772 4954 2870 5021 τῆς
2923 4950 3270 5020 οἰκουμένης,
3319 4950 3446 5012 τοὺς
3495 4948 3849 5019 θαυμαστοὺς

2274 5042 2552 5111 ὑπηρέτας
2579 5042 2676 5110 τῆς
2703 5041 2843 5111 ἐμῆς
2877 5040 3118 5108 κηδείας.
3159 5042 3222 5093 Ὠ
3253 5038 3632 5110 μεγαλοφυοῦς
3652 5057 3848 5111 τερατ-

2273 5134 2653 5204 ουργήματοςι
2687 5133 2731 5186 ῶ
2760 5132 3034 5204 μητρυιῆς
3059 5131 3407 5201 ἀφοσιώσεως
3441 5131 3604 5202 ἔργον
3631 5132 3644 5183 ι
3673 5131 3717 5184 ῶ
3740 5130 3852 5200 σχέ-

2283 5242 2418 5288 σεως
2449 5226 2631 5294 υίῖκῆς
2663 5225 2865 5294 δῶρονὶ
2914 5224 3142 5296 οὐρανός
3182 5241 3270 5292 μοι
3315 5223 3376 5276 τὸ
3410 5222 3684 5291 δωμάτιον
3718 5239 3849 5274 κατ-

2281 5319 2476 5387 εφάνη,
2515 5320 2640 5380 τοὺς
2675 5320 2968 5387 φωστῆρας
3001 5316 3094 5370 τοῦ
3134 5317 3340 5386 κόσμου
3383 5317 3442 5368 ὲν
3473 5313 3655 5384 ἑαυτῷ
3698 5331 3850 5386 περι-

2283 5412 2498 5480 φέρων·
2549 5411 2675 5474 ναὸς
2726 5411 2933 5481 Κυρίου
2985 5412 3018 5479 ὴ
3067 5409 3238 5479 ὀροφὴ
3286 5407 3464 5477 ὤφθη,
3501 5408 3631 5471 τοὺς
3676 5407 3852 5469 θείους

2285 5588 2513 5642 testibus
2561 5601 2622 5640 ac
2652 5585 3013 5649 documentis,
3058 5597 3179 5654 qum
3213 5583 3298 5638 hic
3322 5590 3581 5654 repetere
3620 5600 3727 5639 non
3760 5601 3849 5638 va-

2284 5667 2388 5712 cat.
2422 5657 2574 5712 Nunc
2612 5665 2788 5712 autem
2825 5666 3007 5728 noster
3044 5653 3261 5728 quoque
3312 5653 3522 5711 Studita
3544 5654 3698 5712 testis
3743 5670 3847 5711 non

2281 5728 2713 5784 contemnendus
2743 5725 2970 5783 accedit.
