4018 6304
178 301 284 368 725

1033 316 1314 377 ORATIO
1344 319 1410 378 V.
1463 318 1643 379 -ΙΝ
1696 319 2236 386 DORMITIONEM
2291 327 2660 389 DEIPARE.

3364 330 3468 395 726

181 431 402 485 μυστας
435 417 537 472 καὶ
568 419 884 492 ἱερουργους
908 425 1310 495 παραστήσασά
1335 443 1424 495 μοι
1445 440 1460 456 °
1495 426 1682 480 οὐκέτι
1718 427 1780 480 τὸ

1891 432 1989 497 iam
2029 433 2261 489 ulterius
2302 432 2532 492 Iudaica
2587 435 2754 490 factio
2800 435 3154 491 meditabitur
3203 437 3465 495 adversus

191 504 503 562 Ἰουδαϊκὸν
537 510 794 582 σύστημα
822 513 1106 584 μελετήσει
1134 515 1232 584 τὴν
1270 518 1391 570 κατ’
1417 517 1552 588 ἐμοῦ
1586 536 1781 590 παροι.

178 596 343 648 νίαν·
393 599 593 652 οὐκέτι
644 601 772 655 κατ’
811 601 947 674 ἐμοῦ
997 603 1279 673 ὲφοπλίσει
1337 605 1436 678 τὴν
1465 608 1779 680 πάντολμον

180 689 342 758 χεῖρα
365 689 520 760 πρὸς
547 690 691 760 ἐμὴν
711 693 1060 760 φονοκτονίαν
1081 695 1143 748 τὸ
1177 695 1453 765 ἱερατικὸν
1484 697 1778 770 βουλευτή-

182 796 298 850 ριον
319 795 335 810 ο
370 778 558 834 πάλαι
599 782 702 852 μὲν
737 779 830 840 οὖν
863 785 1298 856 μεμελετηκότες
1335 790 1673 862 συνανῄρουν
1713 792 1780 846 ἂν

181 871 258 940 τῷ
291 871 414 940 Υίῷ
455 872 564 944 τὴν
592 875 820 948 Μητέρα
851 880 899 932 οί
926 876 1264 949 φιλιίμονες,
1306 881 1443 936 ἀλλὰ
1481 882 1779 956 διήμαρτον

181 966 273 1019 τοῦ
302 967 552 1031 σκοποῦ,
579 972 871 1044 είργούσης
892 975 1092 1039 αὐτοὺς
1120 975 1222 1045 τῆς
1250 977 1516 1049 Προνοίας
1546 979 1776 1034 ἄνωθεν

185 1059 322 1130 πρὸς
350 1059 614 1126 ἀσύλους.
633 1064 1065 1136 μεταϐιϐάζομαι
1091 1067 1458 1132 κατοικεσίας,
1491 1069 1626 1140 πρὸς
1647 1072 1780 1125 ἀσύ-

183 1148 307 1212 λους
348 1149 454 1203 καὶ⁵
503 1151 892 1224 άνενοχλήτους
931 1155 1341 1220 διαναπαύσεις,
1376 1157 1506 1212 ἔνθα
1545 1161 1608 1214 οὐ
1639 1179 1781 1233 παρα

187 1241 393 1295 εισδύει
428 1243 460 1295 6
489 1241 688 1314 ἐχθρὸς
726 1246 795 1299 τὰ
835 1247 931 1316 τῆς
969 1247 1168 1311 κακίας
1196 1247 1408 1319 ἐνεδρα,
1448 1249 1578 1307 ἔνθα
1613 1253 1778 1322 ίδοιμι

186 1331 284 1400 τὴν
307 1332 668 1404 τερπνότητα
694 1335 922 1408 Κυρίου,
947 1337 1044 1389 καὶ
1077 1337 1448 1409 ἐπισκέψομαι
1471 1338 1564 1394 τὸν
1590 1342 1717 1396 ναὸν
1751 1345 1780 1396 6

189 1424 470 1494 παμφαὴς
507 1424 634 1488 ναὸς
665 1425 858 1482 αὑτοῦ.

254 1516 318 1571 δ’.
363 1514 515 1569 Ἀλλ’
556 1511 645 1570 οἶα
694 1517 834 1588 πρὸς
875 1517 1069 1590 αὐτὴν,
1114 1520 1226 1573 εἱτε
1273 1521 1368 1590 ἀφ’
1410 1522 1639 1587 ἑαυτῶν,
1668 1526 1778 1578 εἴτε

189 1609 339 1680 παρὰ
361 1607 482 1661 τῶν
510 1608 869 1680 προφητικῶν
901 1610 1186 1681 πομάτων
1212 1611 1564 1684 ἐκλεξάμενοι
1590 1617 1640 1670 oi
1674 1634 1780 1689 μα-

190 1700 373 1770 κάριοι
404 1699 708 1754 ἀπόστολοι
725 1719 738 1768 ;

1887 538 1974 577 me
2005 525 2306 590 vesaniam,
2336 543 2511 597 neque
2535 529 2798 583 adversus
2823 544 2910 583 me
2930 529 3220 584 violentam
3244 546 3466 585 manum

1887 613 2122 668 armabit
2165 615 2298 670 caedi
2351 631 2486 672 meae
2525 617 2792 672 anhelans
2830 619 3189 674 sacerdotalis
3219 630 3464 675 senatus.

1885 700 2102 758 Jamdiu
2129 706 2348 775 quidem
2384 707 2435 760 hi
2466 708 2678 762 cruenti
2715 708 2888 762 moliti
2912 718 3039 763 sunt
3070 708 3296 764 Matrem
3337 725 3465 764 cum

1888 794 2026 850 Filio
2060 797 2349 866 perimere,
2389 799 2483 854 sed
2516 814 2684 870 scopo
2721 801 3067 866 aberrarunt,
3109 817 3342 870 superna
3373 816 3467 856 eos

1888 887 2178 943 cohibente
2211 887 2577 945 Providentia.
2622 892 2701 945 Ad
2730 901 2844 946 tuta
2885 893 3210 962 transmigro
3252 893 3464 947 habita-

1886 981 2030 1046 cula,
2061 981 2125 1035 ad
2155 990 2326 1036 tutam
2362 992 2415 1037 et
2436 984 2554 1039 sine
2582 985 2835 1039 molestia
2867 985 3128 1053 quietem,
3157 984 3250 1039 ubi
3281 983 3466 1038 inimi-

1887 1086 1985 1126 cus
2015 1072 2238 1127 malitiae
2275 1088 2388 1128 suae
2423 1074 2654 1130 insidias
2694 1089 2801 1130 non
2830 1076 3085 1140 collocat,
3119 1076 3214 1130 ubi
3251 1073 3466 1129 Domini

1886 1164 2100 1221 deliciis
2125 1163 2298 1231 fruar,
2333 1168 2706 1238 templumque
2731 1167 2995 1238 spectabo
3025 1183 3127 1239 ego
3155 1184 3280 1240 quae
3316 1168 3465 1223 illius

1886 1256 2148 1328 templum
2188 1258 2533 1328 splendidum
2565 1257 2665 1314 fui.

1953 1522 2008 1576 ε.
2053 1521 2167 1591 Age
2193 1536 2325 1577 vero
2359 1521 2489 1593 quid
2524 1522 2727 1595 Virgini
2759 1524 3160 1594 responderunt
3189 1524 3305 1580 sive
3335 1538 3462 1595 pro-

1885 1609 2019 1681 priis
2046 1612 2162 1667 sive
2191 1611 2584 1682 prophetarum
2610 1613 2792 1670 verbis
2819 1614 2962 1669 beati
2999 1616 3269 1685 apostoli?

257 1789 329 1844 α’.
356 1789 595 1861 Χαίροις
617 1790 714 1862 (9),
743 1793 896 1862 φησὶ,
922 1793 1126 1864 κλίμαξ
1147 1797 1517 1869 ἐστηριγμένη
1546 1799 1654 1856 ἀπὸ
1675 1806 1778 1875 γῆς

1951 1790 2008 1844 1ο
2039 1789 2171 1855 Ave,
2202 1791 2440 1857 aiebant,
2480 1793 2627 1848 scala
2651 1808 2682 1848 a
2709 1801 2850 1850 terra
2872 1796 2924 1849 in
2954 1797 3151 1851 coelum
3183 1804 3459 1866 protensa.

190 1883 268 1945 είς
300 1881 567 1953 οὐρανὸν,
609 1882 678 1936 δι’
707 1878 834 1955 ἦςή
869 1885 992 1939 καθ’
1025 1885 1172 1956 ἡμᾶς
1209 1887 1456 1954 κάθοδος,
1487 1893 1582 1944 καὶ
1627 1895 1660 1964 ἡ
1699 1899 1780 1960 είς

189 1973 457 2045 οὐρανοὺς
483 1973 674 2040 άνοδος
702 1976 894 2045 γέγονε
929 1977 1022 2032 τοῦ
1053 1977 1284 2050 Κυρίου,
1316 1981 1458 2034 κατὰ
1481 1983 1574 2037 τὸν
1604 1986 1780 2056 μέγαν

192 2065 548 2136 πατριάρχην
582 2065 800 2121 Ἰακὼσ.

259 2156 330 2225 β’.
362 2157 624 2228 Χαίροις,
666 2157 796 2230 βάτε
823 2160 1370 2230 παραδοξοειδέστατε
1399 2167 1459 2235 ἐξ
1486 2163 1553 2241 ἧς
1573 2172 1780 2241 ἐπεφά-

192 2267 256 2319 νη
276 2249 518 2318 ἄγγελος
542 2250 754 2322 Κυρίου
781 2251 840 2305 ἐν
863 2251 1022 2320 φλογὶ
1051 2255 1241 2326 πυρὸς,
1274 2258 1452 2330 ἥνπερ
1482 2267 1780 2318 κατακαῖον

192 2341 250 2392 τὸ
288 2339 404 2413 πῦρ
449 2341 517 2396 οὐ
553 2342 868 2410 κατέκαιεν,
894 2343 1034 2398 κατὰ
1061 2345 1302 2404 Μωῦσέα
1338 2350 1430 2405 τὸν
1477 2352 1781 2410 θεοπτικώ-

194 2448 374 2487 τατον.

261 2522 332 2590 γ’.
361 2522 619 2594 Χαίροις,
648 2527 678 2580 6
727 2526 1004 2594 θεόδεκτος
1034 2530 1222 2596 πόκος,
1254 2532 1313 2598 ἐξ
1348 2528 1416 2606 ἧς
1452 2536 1704 2609 ἀπερρύη
1743 2538 1776 2609 ἡ

196 2611 446 2681 οὐράνιος
471 2613 692 2684 δρόσος,
719 2618 937 2691 πλήρης
972 2621 1175 2693 λεκάνη
1192 2623 1558 2691 ὕδατος,κατὰ
1579 2627 1781 2682 Γεδεὼν

196 2701 283 2754 τὸν
306 2702 790 2775 θαυμασιώτατον.

259 2794 324 2848 ἃ.
346 2797 606 2870 Χαίροις,
631 2801 786 2866 πόλις
808 2803 902 2858 τοῦ
936 2803 1200 2874 βασιλέως
1219 2807 1313 2862 τοῦ
1344 2811 1603 2880 μεγάλου,
1631 2813 1697 2882 ἢν
1731 2813 1780 2866 oi

200 2883 437 2952 βασιλεῖς
483 2889 861 2961 θαυμάζοντες
892 2895 1280 2967 μεγαλύνουσι,
1315 2903 1454 2972 μετὰ
1483 2902 1651 2958 Δαϐὶδ
1687 2903 1781 2958 τὸν

197 2976 658 3052 ᾁσματογράφον.

265 3068 328 3124 ε’.
357 3071 612 3161 Χαίροις,
643 3078 676 3147 η
703 3079 867 3152 νοητὴ
901 3081 1166 3154 Βηθλεὲμ,
1193 3086 1222 3139 6
1259 3079 1408 3151 οἶκος
1440 3086 1534 3141 τοῦ
1578 3088 1779 3161 Ἐφρα-

200 3160 284 3248 Od,
347 3164 408 3232 ἐξ
466 3158 534 3219 οὖ
581 3166 904 3238 εξελήλυθεν
949 3175 978 3226 ὁ
1024 3173 1288 3237 Βασιλεὺς
1335 3177 1435 3246 τῆς
1481 3158 1777 3248 δόξηςτοῦ

200 3246 335 3306 εἶναι
388 3254 471 3318 είς
527 3254 767 3327 ἄρχοντα
821 3260 882 3313 ἐν
931 3262 1010 3331 τῷ
1072 3263 1311 3335 Ἰσραὴλ,
1364 3260 1426 3320 οὗ
1486 3268 1542 3320 αί
1598 3246 1779 3332 ἔξοδοι

200 3341 293 3395 ἀπ’
314 3343 493 3417 ἀρχῆς
519 3346 582 3413 ἐξ
608 3348 829 3421 ἡμερῶν
851 3351 1065 3418 αίῶνος,
1096 3356 1238 3409 κατὰ
1259 3356 1500 3428 Μιχαίαν
1531 3357 1622 3412 τὸν
1648 3359 1781 3413 Θειό-

202 3453 384 3494 τατον.

269 3528 346 3594 ς’.
375 3530 635 3604 Χαίροις,
659 3532 724 3587 τὸ
759 3535 1059 3591 κατάσκιον
1090 3538 1418 3610 παρθενικὸν
1452 3540 1597 3614 ὅρος,
1626 3541 1685 3609 ἐξ
1716 3535 1779 3596 οὗ

203 3618 232 3671 6
262 3618 416 3688 ἆγιος
455 3621 556 3676 τοῦ
594 3623 811 3697 Ἰσραὴλ
837 3627 1108 3700 ἐπεφάνη,
1144 3629 1287 3684 κατὰ
1324 3631 1647 3703 ’Δμσακοὺμ
1685 3631 1780 3686 τδν

204 3709 510 3783 θεοὸόητον.

269 3803 334 3868 ζ’.
363 3805 618 3874 Χαίροις,
643 3805 832 3878 λυχνία
860 3811 1302 3880 χρυσοειδέστατε
1351 3814 1446 3869 καὶ
1469 3816 1775 3887 φωτοφόρε,

203 3894 260 3960 ἐξ
288 3889 356 3968 ἦς
379 3897 729 3970 περιέλαμψε
781 3903 894 3965 τοῖς
931 3902 992 3956 ὲν
1021 3903 1203 3957 σκότει
1240 3905 1336 3959 καὶ
1372 3907 1502 3978 σκιᾷ
1544 3907 1778 3961 Θανάτου

207 3988 532 4060 καθημένοις
575 3990 640 4046 τὸ
683 3993 980 4064 ἀπρόσιτον
1019 3995 1134 4065 φῶς
1176 3996 1279 4068 τῆς
1324 3997 1600 4071 θεότητος,
1637 4002 1781 4057 κατὰ

207 4080 478 4150 Ζαχαρίαν
515 4081 610 4136 τὸν
644 4083 955 4140 θεσπέσιον.

270 4171 340 4241 η’.
365 4173 618 4244 Χαίροις,
640 4173 701 4228 τὸ
723 4177 1063 4248 παγκόσμιον
1086 4179 1399 4251 ἱλαστήριον
1417 4181 1526 4237 τῶν
1549 4181 1777 4254 βροτῶν,

207 4261 270 4314 δι’
292 4258 352 4320 οὗ
377 4265 490 4320 ἀπὺ
511 4265 792 4321 ἀνατολῶν
819 4267 971 4339 ἡλίου
998 4271 1094 4325 καὶ
1126 4270 1232 4336 ἓως
1263 4271 1486 4344 δυσμῶν
1517 4273 1580 4327 τὸ
1607 4273 1777 4345 ὄνομα

210 4355 406 4428 κυρίου
429 4357 749 4427 δεδόξασται
775 4361 833 4415 ἐν
856 4363 969 4426 τοῖς
995 4362 1172 4417 ἔθνεσι
1210 4364 1305 4419 καὶ
1337 4365 1397 4420 ὲν
1424 4367 1587 4421 παντὶ
1625 4368 1779 4439 τόπῳ

1879 1896 1975 1952 per
2006 1897 2170 1952 quam
2205 1879 2421 1936 Domini
2444 1883 2511 1938 ad
2550 1899 2650 1940 nos
2677 1884 3006 1951 descensus,
3066 1897 3120 1944 et
3156 1890 3208 1943 in
3261 1888 3460 1944 caelum

1881 1973 2090 2030 reditus
2117 1972 2240 2041 fuit,
2273 1983 2331 2029 ut
2367 1973 2541 2030 Jaeob
2571 1978 2878 2047 patriarcha
2919 1980 3070 2035 vidit.

1947 2158 2008 2213 2°
2033 2157 2166 2222 Ave,
2197 2159 2330 2215 rube
2357 2160 2724 2226 mirabillime,
2767 2175 2832 2216 ex
2862 2176 2973 2232 quo
2994 2163 3219 2232 angelus
3247 2162 3459 2219 Domini

1880 2248 2130 2318 apparuit
2171 2249 2225 2302 in
2262 2249 2401 2320 ignis
2431 2249 2686 2316 ﬂamma,
2731 2266 2894 2321 quem
2939 2252 3136 2307 ardens
3179 2252 3318 2322 ignis
3351 2267 3461 2306 non

1881 2340 2244 2405 amburebat,
2302 2341 2460 2395 sicuti
2514 2357 2730 2396 summo
2783 2341 2878 2397 Dei
2931 2343 3224 2413 spectaturi
3287 2342 3459 2414 Moysi

1881 2439 2164 2486 ostensum
2210 2443 2310 2484 est.

1951 2523 2008 2576 5°
2037 2523 2170 2588 Ave,
2211 2521 2318 2578 Deo
2349 2523 2629 2594 gravidum
2660 2524 2940 2588 vellus,ex
2968 2538 3077 2595 quo
3109 2523 3349 2580 caelestis
3369 2540 3462 2582 ros

1881 2613 2123 2678 deﬂuxit,
2163 2616 2275 2670 imo
2302 2618 2493 2685 plenus
2523 2631 2664 2687 aqua
2697 2617 2935 2684 catillus,
2977 2617 3121 2688 quod
3156 2618 3462 2674 admirabili

1881 2705 2108 2774 contigit
2134 2703 2395 2760 Gedeoni.

1949 2793 2008 2848 4°
2034 2795 2171 2858 Ave,
2208 2796 2400 2851 civitas
2429 2796 2573 2866 regis
2607 2797 2825 2867 magni,
2874 2813 3038 2868 quam
3075 2797 3459 2855 admirabundi

1883 2899 2038 2954 reges
2090 2887 2476 2957 magniﬁcam,
2541 2898 2600 2943 ut
2639 2889 3085 2960 hymnographus
3138 2888 3309 2946 David
3365 2891 3461 2946 de-

1883 2978 2068 3033 liueat.

1957 3069 2015 3126 5°
2045 3071 2177 3135 Ave,
2209 3070 2588 3127 intellectualis
2613 3071 2909 3138 Bethleem,
2936 3073 3132 3130 domus
3155 3073 3455 3144 prratha,

1833 3169 1847 3187 ‘
1881 3180 1944 3219 ex
1976 3179 2084 3234 qua
2113 3179 2367 3234 egressus
2393 3173 2477 3220 est
2503 3165 2612 3220 Rex
2636 3165 2840 3236 gloriae,
2861 3174 2921 3220 ut
2943 3165 3096 3222 ﬂeret
3125 3166 3376 3236 princeps
3403 3167 3456 3220 in

1883 3258 2105 3321 lsraele,
2137 3257 2298 3327 cujus
2331 3259 2507 3314 exitus
2532 3259 2601 3314 ab
2623 3260 2776 3314 initio
2804 3261 3017 3316 dierum
3060 3258 3266 3325 saeculi,
3297 3267 3355 3314 ut
3381 3260 3460 3314 ait

1879 3353 2040 3408 divus
2070 3352 2325 3408 Miehteas
2347 3352 2412 3407 ".

1951 3531 2010 3588 6°
2045 3529 2225 3596 Salve,
2250 3531 2506 3588 umbrose
2546 3546 2705 3589 mons
2736 3533 3010 3603 virginee,
3061 3550 3129 3590 ex
3172 3549 3282 3605 quo
3316 3533 3456 3590 San-

1880 3633 2001 3681 ctus
2029 3623 2245 3681 lsraelis
2278 3624 2562 3693 apparuit,
2615 3632 2676 3678 ut
2706 3623 3028 3681 Habacucus
3061 3626 3327 3683 divinitus
3373 3628 3458 3681 in-

1881 3720 2114 3777 stinctus
2141 3720 2342 3775 clamat
2371 3718 2436 3772 “.

1954 3811 2010 3864 7°
2046 3812 2182 3875 Ave,
2222 3811 2445 3866 lucerna
2481 3823 2617 3864 auro
2647 3809 2935 3879 splendens
2966 3808 3214 3873 lucifera,
3243 3825 3308 3865 ex
3345 3826 3454 3879 qua

1881 3901 2195 3959 sedentibus
2234 3902 2288 3955 in
2320 3901 2559 3956 tenebris
2597 3909 2651 3954 et
2695 3901 2751 3954 in
2799 3901 2993 3955 umbra
3033 3901 3227 3956 mortis
3255 3901 3458 3957 eﬂ'ulsit

1883 3995 2161 4050 inaccessa
2191 3994 2405 4048 deitatis
2429 3994 2542 4058 lux,
2584 3993 2884 4048 secundum
2920 3993 3181 4048 divinitus
3216 3991 3453 4048 alﬂatum

1881 4085 2200 4141 Zachariam
2230 4086 2294 4138 ".

1951 4179 2009 4234 8°
2045 4177 2179 4241 Ave,
2210 4176 2513 4232 universale
2539 4176 2848 4231 mortalium
2875 4175 3330 4246 propitiatorium,
3359 4189 3456 4244 per

1881 4272 2024 4340 quod
2064 4271 2134 4326 ab
2162 4279 2286 4325 ortu
2323 4269 2456 4324 solis
2491 4283 2665 4337 usque
2714 4267 2780 4323 ad
2815 4282 3073 4323 occasum
3126 4281 3321 4322 nomen
3349 4266 3456 4322 Do-

1882 4367 2016 4421 mini
2047 4365 2381 4437 gloriticatur
2415 4364 2468 4416 in
2503 4361 2774 4432 gentibus,
2803 4368 2857 4415 et
2879 4361 2931 4415 in
2957 4361 3104 4417 omni
3132 4360 3251 4416 loco
3285 4360 3456 4414 thuri-

209 4447 453 4518 θυμίαμα
483 4450 564 4522 τῷ
584 4451 812 4522 ὀνόματι
841 4451 1006 4508 αὐτοῦ
1031 4455 1367 4527 προσάγεται
1417 4459 1560 4514 κατὰ
1588 4459 1777 4514 Μαλα-

1891 4459 2067 4512 lleatio
2096 4456 2302 4511 nomini
2344 4457 2466 4526 ejus
2517 4453 2760 4518 oﬂ‘ertur,
2798 4453 2940 4508 sicut
2975 4453 3050 4508 ait
3073 4451 3455 4508 sanctissimus

209 4537 325 4606 χίαν
344 4540 438 4595 τὸν
461 4542 795 4612 ἁγιώτατον.

273 4631 338 4688 0’.
367 4635 620 4707 Χαίροις,
647 4637 827 4708 κούφη
854 4637 1080 4710 νεφέλη,
1103 4639 1164 4693 ἐν
1257 4639 1462 4712 Κύριος
1495 4644 1777 4710 κεκάθικε,

212 4724 345 4779 κατὰ
380 4724 613 4782 Ἡσαΐαν
637 4726 728 4782 τὸν
759 4729 802 4782 ίε
811 4730 1204 4800 ροφωνότατον.

277 4900 327 4956 ι’.
355 4903 606 4977 Χαίροις,
641 4905 764 4976 ίερὰ
809 4903 992 4976 βίϐλος
1023 4907 1135 4961 τῶν
1178 4911 1617 4980 προσταγμάτων
1664 4912 1777 4965 Ku-

215 4997 341 5066 ρίου,
362 5001 457 5058 καὶ
486 5003 518 5056 6
546 5003 910 5074 νεοχάρακτος
938 5005 1102 5076 νόμος
1124 5006 1224 5077 τῆς
1251 5010 1490 5079 χάριτος,
1523 5008 1590 5062 δι’
1618 5010 1686 5082 ἥν
1711 5011 1779 5066 τά

213 5090 405 5160 ἀρεστὰ
439 5095 585 5167 Θεῷ,
616 5096 750 5167 ἡμῖν
776 5097 995 5165 γνωστά
1032 5100 1171 5165 ἐστι,
1206 5100 1348 5155 κατὰ
1386 5101 1655 5173 Ἱερεμίαν
1685 5102 1778 5157 τὸν

217 5183 693 5260 πολυθρηνότατον.

276 5319 320 5351 ’³
344 5319 507 5378 Mieh.
538 5337 595 5391 v,
629 5321 688 5375 2.
763 5323 808 5355 “
840 5321 1042 5380 Hahae.
1078 5339 1159 5387 ιιι,
1183 5325 1234 5380 5.
1288 5321 1853 5390 "Zach.m,9;vr,12.
1908 5321 1953 5355 ’°
1993 5320 2218 5378 Malach.
2248 5338 2286 5388 ι,
2318 5321 2403 5375 ll.

219 5387 296 5448 13.
317 5401 369 5446 et
396 5393 546 5449 alibi.

1876 4549 2170 4606 Malaehias
2191 4549 2258 4602 '°.

1945 4645 2004 4698 9°
2035 4643 2146 4697 Ave
2167 4681 2183 4707 ,
2240 4640 2372 4695 levis
2401 4638 2593 4694 nebula
2619 4679 2634 4702 ,
2692 4638 2746 4692 in
2777 4653 2886 4707 qua
2927 4639 3186 4693 Dominus
3233 4637 3450 4698 resedit,

1878 4744 1939 4789 ut
2007 4743 2092 4788 est
2160 4731 2303 4801 apud
2377 4746 2532 4809 saera
2605 4745 2907 4800 magnaque
2973 4744 3105 4784 voce
3167 4728 3454 4798 praeditum

1881 4825 2076 4881 Isaiam
2109 4825 2174 4877 ’⁷.

1956 4916 2047 4972 10⁸
2087 4916 2218 4978 Ave,
2242 4927 2398 4969 sacer
2414 4920 2790 4968 mandatorum
2807 4911 3017 4966 Domini
3056 4911 3211 4976 liber,
3244 4909 3455 4964 noviter

1885 5007 2086 5077 scripta
2126 5005 2312 5077 gratiae
2336 5005 2444 5072 lex,
2488 5017 2583 5072 per
2621 5018 2786 5071 quam
2816 5003 2929 5057 Deo
2957 5003 3151 5072 placita
3181 5001 3338 5056 nobis
3369 5002 3453 5054 in-

1888 5109 2195 5165 noteseunt,
2224 5106 2386 5168 prout
2415 5095 2858 5152 luctuosissimus
2884 5097 2959 5150 ait
2978 5094 3243 5152 Jeremias
3273 5095 3341 5147 ’⁸.

2507 5321 2548 5350 ⁸⁷
2577 5319 2681 5375 lsa.
2709 5336 2818 5382 tux,
2851 5321 2899 5372 1.
3006 5322 3050 5353 ³⁸
3077 5319 3281 5375 Jerem.
3327 5336 3454 5374 xxv.

284 5525 356 5596 (9)
410 5529 667 5599 imitatur
707 5525 1031 5599 Theodorus
1077 5525 1137 5582 S.
1195 5528 1456 5599 Cyrillum
1511 5525 1771 5599 Alex:_in
1883 5544 2004 5584 nem
2037 5528 2182 5582 illam
2208 5528 2274 5599 d_e
2302 5527 2471 5599 nativ.
2506 5527 2564 5580 Β.
2602 5527 2802 5599 Mariaz,
2832 5527 3034 5599 editam
3066 5527 3209 5581 inter
3241 5523 3454 5580 Dama—

222 5593 461 5678 Drat'ione
487 5598 659 5678 de.B.
684 5596 899 5678 .Maria,
935 5597 1071 5678 Opp.
1120 5608 1158 5652 ι.
1191 5593 1256 5659 νζ
1292 5608 1428 5668 part.
1467 5613 1616 5678 ll,.p.
1646 5595 1770 5650 “579.

1883 5601 2160 5663 seenicas,
2216 5597 2563 5669 Theodorum
2625 5597 3070 5669 potiuﬁsﬂhabere
3129 5605 3450 5669 parentem,

225 5665 445 5739 Dicerem
487 5668 696 5725 imitari
727 5684 945 5739 quoque
979 5665 1370 5724 Damascenutn
1392 5689 1404 5733 ;
1425 5665 1577 5723 .nisi’
1602 5682 1776 5739 nuper
1884 5681 2019 5726 teste
2047 5671 2211 5726 etiam
2245 5668 2429 5725 codice
2469 5665 2726 5724 Vaticano
2754 5667 2878 5722 455.

225 5749 272 5802 ι).
297 5737 381 5808 54,
409 5739 462 5796 in
503 5737 871 5797 adnotatione
893 5740 1228 5796 mouuisscm
1274 5741 1525 5805 lectores,
1556 5738 1776 5793 oratio—
