4018 6304
565 365 668 428 727

1756 378 1796 435 S
1847 374 2238 438 THEODORI
2280 373 2626 436 STUDIT/E

3715 371 3826 436 728

638 460 726 514 lt“
753 458 886 527 Ave,
924 460 1094 533 janua
1125 464 1334 530 clausa,
1385 480 1481 536 per
1525 481 1687 537 quam
1736 467 1878 524 Deus
1919 467 2132 524 lsraelis

2308 466 2396 519 ια’.
2439 465 2685 536 Χαίροις.
2730 461 2876 533 πύλη
2920 461 3298 533 κεκλεισμένη,
3331 462 3398 516 δι’
3439 456 3506 536 ἦς
3546 460 3757 532 Κύριος
3797 464 3826 514 6

570 553 851 620 ingressus
883 564 965 610 est
993 565 1046 610 et
1073 572 1349 625 egressus,
1391 560 1532 614 sicut
1561 575 1803 616 summus
1831 560 1922 616 Dei
1955 576 2142 630 specu-

570 645 710 697 lator
732 645 982 702 Ezechiel
1005 649 1197 705 scribit
1225 652 1289 704 ’³.

639 734 738 787 12ο
772 735 904 804 Ave,
929 739 1076 794 nulla
1110 739 1530 796 manulaborate
1557 757 1716 799 mons
1737 743 2053 808 celsissime.
2075 761 2138 801 ex

571 839 680 894 quo
708 828 984 896 angularis
1009 831 1280 887 abscissus
1305 832 1408 887 fuit
1435 832 1591 904 lapis,
1621 836 1766 890 sicut
1801 835 1876 892 ait
1895 851 2144 894 summus

573 915 854 988 theologus
889 921 1072 976 Daniel
1096 921 1162 977 ³ο.

643 1008 699 1063 5.
733 1009 839 1065 Sed
866 1012 1009 1066 enim
1027 1028 1270 1083 quaenam
1297 1031 1451 1070 mens
1475 1017 1883 1087 complectatur,
1905 1020 1988 1074 vel
2020 1034 2144 1074 ora-

574 1095 653 1152 tio
691 1108 959 1169 exaequet,
993 1112 1126 1171 quot
1156 1115 1470 1175 quantaque
1517 1107 1588 1160 ibi
1631 1111 1964 1172 cecinerunt,
1993 1110 2146 1165 dixe-

576 1197 726 1256 runt,
754 1190 1028 1248 laudativo
1057 1197 1329 1263 praeconio
1373 1197 1687 1252 extulerunt
1719 1200 1950 1269 theologi
2000 1198 2146 1255 viri?

577 1278 647 1332 At
677 1290 960 1352 postquam
983 1284 1145 1354 justis
1175 1288 1345 1342 sacris
1365 1287 1535 1343 functi
1585 1289 1823 1356 fuerunt,
1854 1302 2146 1362 sancteque

578 1378 769 1424 sancta
811 1385 1158 1440 peregerunt,
1205 1391 1332 1431 ecce
1364 1376 1536 1432 adfuit
1570 1379 1684 1447 ipse
1713 1378 1979 1433 Dominus
2019 1395 2145 1434 cum

578 1461 746 1527 gloria
774 1460 1112 1520 fortitudinis
1145 1482 1258 1521 sua:
1288 1469 1545 1539 omnique
1575 1473 1838 1526 ccelorum
1879 1474 2142 1528 exercitu.

581 1551 645 1603 Et
686 1551 1029 1611 invisibiliter
1064 1557 1280 1625 quidem
1321 1559 1624 1633 incorporei
1668 1564 2144 1635 (angeli),corpo-

579 1640 768 1697 raliter
797 1654 977 1700 autem
1016 1649 1249 1718 apostoli
1288 1649 1599 1707 divinorum
1635 1655 1965 1724 magnalium
1990 1657 2146 1727 hym-

2242 557 2375 619 Θεὸς
2402 554 2495 609 τοῦ
2537 554 2753 626 Ἰσραὴλ
2793 553 3134 623 εἰσελήλυθεν
3173 555 3265 607 καὶ
3298 553 3637 625 ἐξελήλυθεν,
3679 553 3825 606 κατά

2255 645 2513 716 Ἱεζεκιὴλ
2543 645 2634 698 τὸν
2659 645 3109 699 θεοπτικώτατον.

2315 739 2399 809 ιβ’.
2431 740 2676 809 Χαίροις,
2724 739 2784 791 τὸ
2816 739 3110 803 ἀλάξευτον
3157 737 3645 808 χειροῦψηλότατον
3671 737 3823 807 ὅρος,

2242 831 2302 895 ἐξ
2325 827 2384 885 οὗ
2411 831 2438 882 6
2458 832 2849 900 ἀκρογωνιαῖος
2870 828 3242 900 ἁποτέτμηται
3269 830 3430 895 λίθος,
3456 827 3598 882 κατὰ
3621 828 3826 898 Δανιὴλ

2243 927 2334 980 τὸν
2363 927 2839 996 θεολογικώτατον.

2315 1026 2377 1073 ε’.
2409 1020 2518 1073 Καὶ
2551 1021 2701 1085 ποῖος
2734 1018 2856 1083 νοῦς
2889 1021 3213 1091 χωρήσειεν,
3243 1018 3277 1090 ἥ
3307 1018 3392 1081 τίς
3423 1018 3581 1087 λόγος
3608 1017 3823 1087 ἐφίκοι-

2244 1127 2326 1176 το,
2351 1112 2450 1164 ὅσα
2473 1111 2650 1164 ἐκεῖσε
2674 1106 2834 1184 ᾖσαν,
2855 1112 3081 1182 ἔφασαν,
3108 1112 3452 1182 ἐμακάρισαν
3473 1112 3522 1164 οἱ
3547 1111 3824 1177 θεολόγοις

2259 1201 2400 1255 Ἀλλ’
2426 1202 2612 1273 ἐπειδὴ
2635 1203 2704 1257 τὰ
2731 1205 2916 1258 εἰκότα
2943 1203 3305 1275 ίερούργησαν
3330 1203 3512 1273 ίερῶς,
3533 1202 3626 1257 καὶ
3651 1203 3825 1271 ἀγίως

2242 1295 2311 1347 τὰ
2353 1295 2485 1363 ἅγια
2521 1295 2870 1361 ἐπετέλεσαν,
2901 1297 3008 1350 ίδοὺ
3048 1295 3380 1367 παρεγένετο
3412 1297 3504 1349 καὶ
3543 1296 3573 1348 6
3618 1295 3825 1366 Κύριος

2247 1387 2385 1459 μετά
2415 1386 2573 1457 δόξης
2608 1387 2790 1458 ίσχύος
2833 1387 2999 1444 αὐτοῦ
3030 1390 3123 1442 καὶ
3153 1388 3333 1457 πάσης
3359 1389 3620 1460 στρατιᾶς
3659 1389 3822 1458 οὐρα-

2245 1479 2357 1533 νοῦ·
2409 1480 2506 1534 καὶ
2554 1481 2801 1551 ἀοράτως
2847 1481 2944 1551 μὲν
3002 1481 3377 1552 ἐλειτούργουν
3422 1482 3472 1534 οί
3501 1480 3822 1551 ἀσώματοι,

2245 1572 2576 1641 σωματικῶς
2596 1571 2653 1625 δὲ
2680 1572 2730 1624 of
2755 1572 3042 1625 ἀπόστολοι
3076 1573 3314 1644 ὑμνῳδοὶ
3342 1574 3441 1636 τᾶς
3471 1572 3623 1636 θείας
3657 1589 3826 1642 μεγα-

2245 1663 2522 1735 λειότητος
2576 1665 2916 1722 ἐδείκνυντο·
2984 1666 3264 1738 συμμιγὴς
3323 1662 3423 1738 ἦν,
3485 1665 3731 1734 ἀδελφοὶ,
3789 1668 3823 1732 ἡ

580 1733 737 1789 nistaa
761 1747 937 1792 erant.
970 1737 1125 1795 Mista
1151 1752 1288 1809 erat,
1330 1759 1363 1799 ο
1390 1744 1583 1800 fratres
1609 1786 1623 1810 ,
1669 1749 1956 1818 panegyris
1983 1761 2146 1820 atque

2252 1733 2556 1827 πανήγυρις
2619 1757 2712 1810 καὶ
2752 1760 2780 1811 6
2826 1757 3009 1821 θίασος
3053 1733 3301 1828 οὐράνιός
3337 1733 3394 1810 τε
3450 1757 3543 1810 καὶ
3585 1733 3826 1824 ἐπίγειος

580 1822 780 1880 chorus
806 1826 1107 1883 caelestium
1131 1845 1196 1885 ac
1223 1841 1560 1889 terrenorum
1590 1815 1708 1906 (nec
1729 1837 2018 1907 quisquam
2048 1839 2146 1894 mi-

2252 1849 2364 1918 (καὶ
2381 1815 2753 1919 ’μὴ’ξενιξέτω
2780 1851 2808 1905 6
2840 1815 3005 1918 λόγος.
3030 1850 3099 1902 τὰ
3120 1815 3412 1919 ’θεοπρεπῆ
3442 1815 3823 1918 ὑπογράςίωνλ

580 1922 730 1968 retur
747 1925 986 1972 nostram
1007 1920 1116 1974 Deo
1137 1920 1327 1990 dignas
1348 1940 1434 1981 res
1457 1935 1766 1980 narrantem
1798 1928 2144 1998 orationem),

578 2003 935 2074 Angelorum,
964 2009 1454 2083 Archangelorum,
1484 2013 1944 2087 Dominationum,
1975 2019 2148 2074 Thro-

580 2110 798 2161 norum,
829 2097 1258 2170 Principatuum,
1296 2102 1653 2171 Potestatum,
1677 2107 1970 2176 Virtutum,
2002 2109 2146 2166 Che-

579 2190 923 2259 rubinorum,
944 2193 1798 2270 Seraphinorum,apostolorum,
1827 2213 2144 2275 martyrum,

575 2280 853 2348 justorum
892 2303 904 2339 :
946 2301 1181 2356 quorum
1214 2289 1304 2344 alii
1337 2291 1698 2358 deducebant,
1745 2295 1836 2350 alii
1879 2297 2149 2364 praecede-

580 2375 729 2438 bant,
757 2375 846 2429 alii
878 2379 1373 2448 subsequebantur,
1406 2383 1494 2437 alii
1517 2384 1788 2452 stipabant
1811 2425 1826 2452 ,
1853 2388 2148 2457 cunctique

581 2480 687 2518 una
719 2482 850 2521 voce
882 2484 1005 2523 cum
1040 2471 1228 2540 jubilis
1260 2474 1568 2529 clamabant
1595 2493 1608 2530 :
1640 2475 1868 2533 Cantate
1894 2479 2144 2545 Domino,

578 2553 794 2611 laudate
828 2558 1139 2622 Dominum.
1182 2563 1493 2621 benedictus
1521 2567 1784 2625 Dominus
1812 2586 1974 2640 snper
1999 2573 2149 2641 justo

580 2655 766 2701 monte
808 2659 1001 2705 sancto
1023 2651 1162 2720 ejus,
1189 2663 1243 2709 et
1267 2658 1536 2713 exaltetur
1565 2661 1762 2715 coelum
1795 2661 1848 2718 in
1893 2664 2144 2720 sublime.

581 2735 716 2803 Quis
738 2755 868 2810 ergo
901 2743 1106 2799 audivit
1142 2762 1240 2816 par
1265 2751 1534 2805 canticum
1564 2767 1595 2807 a
1628 2755 1826 2808 saeculo
1846 2796 1860 2818 ,
1891 2770 1924 2809 ο
1961 2756 2148 2811 Philo-

582 2829 815 2885 cliristi?
861 2833 985 2902 quis
1033 2835 1349 2906 liujusmodi
1412 2845 1796 2913 exsequiarum
1849 2849 2151 2917 pompam?

581 2918 716 2986 Quis
746 2940 984 2996 unquam
1017 2929 1176 2986 talem
1217 2933 1504 2988 transitum
1554 2941 1746 3003 novit,
1797 2941 1942 3008 quali
1981 2941 2150 2998 Mater

583 3013 794 3071 Domini
828 3020 931 3073 mei
972 3021 1131 3091 digna
1169 3022 1308 3078 fuit?
1336 3024 1522 3097 Neque
1551 3030 1602 3084 id
1641 3031 1935 3098 immerito,
1971 3051 2150 3105 quan-

2259 1941 2548 2008 Ἀγγέλων,
2565 1941 3573 2011 ’Δρχαγγέλων,Κυριοτήτων,Θρόνων,
3586 1938 3826 2008 ’Δρχῶν,

2246 2030 2556 2098 Ἐξουσιῶν,
2591 2033 2905 2101 Δυνάμεων,
2929 2031 3039 2086 τῶν
3069 2032 3445 2102 Χερουϐικῶν,
3472 2033 3564 2084 καὶ
3591 2031 3826 2098 Σεραφι-

2249 2121 2382 2185 κῶν,
2411 2119 2746 2181 ἀποστόλων,
2781 2119 3095 2191 μαρτύρων,
3132 2119 3381 2184 δικαίων,
3412 2119 3518 2171 τῶν
3555 2118 3654 2188 μὲν
3689 2135 3826 2188 προς

2246 2212 2571 2282 τρεχόντων,
2598 2210 2706 2264 τῶν
2731 2210 2787 2264 δέ
2829 2208 3359 2280 προσυπαντὼντων,
3385 2209 3493 2262 τῶν
3525 2209 3620 2281 μὲν
3658 2209 3825 2279 ήγου-

2251 2305 2449 2374 μένων,
2476 2304 2585 2356 τῶν
2617 2303 2674 2357 δέ
2698 2304 3144 2374 προηγουμένων,
3173 2302 3282 2355 τῶν
3304 2302 3361 2355 δὲ
3389 2302 3693 2372 ἐπομένων,
3716 2301 3826 2353 τῶν

2247 2395 2304 2449 δὲ
2358 2395 2782 2467 παρεπομένων,
2841 2394 3061 2448 πάντων
3108 2395 3259 2464 φωνῇ
3296 2395 3393 2465 μιᾷ
3431 2395 3489 2446 ἐν
3517 2391 3825 2464 εὐφροσύνῃ

2251 2486 2525 2556 βοώντων·
2567 2487 2768 2557 ’ᾼοατε
2807 2485 2886 2554 τῷ
2924 2484 3110 2556 Κυρίῳ
3131 2501 3146 2516 ·
3178 2486 3425 2538 αίνέσατε
3449 2485 3539 2537 τὸν
3579 2483 3782 2553 Κύριον
3807 2500 3821 2514 ·

2250 2577 2613 2649 εὐλογημένος
2652 2580 2857 2648 Κύριος
2901 2579 2993 2631 ἐπὶ
3027 2577 3238 2632 δίκαιον
3269 2578 3394 2649 ὅρος
3435 2577 3494 2630 τὸ
3525 2577 3679 2643 ἅγιον
3720 2578 3818 2628 αὐ-

2249 2671 2341 2725 τοῦ
2367 2688 2379 2700 ·
2415 2672 2511 2726 καὶ
2536 2671 2875 2742 άνυψωθήτω
2901 2673 2929 2724 6
2951 2671 3178 2742 οὐρανὸς
3208 2672 3289 2734 είς
3315 2670 3376 2723 τὺ
3410 2669 3680 2740 μετέωρον
3698 2685 3710 2696 ·
3738 2667 3823 2730 τίς

2248 2759 2343 2818 οῦν
2379 2765 2612 2836 ἤκουσεν
2655 2765 2713 2829 ἐξ
2744 2765 2936 2828 αἰῶνος
2979 2766 3216 2818 τοιοῦτον
3243 2763 3465 2829 ἐξόδιον,
3493 2755 3538 2816 ὧ
3570 2761 3820 2832 φιλόχρι-

2253 2873 2401 2920 στοις
2429 2856 2511 2921 τίς
2549 2856 2689 2926 ἔγνω
2714 2858 3044 2929 τηλικαύτης
3071 2857 3292 2926 κηδείας
3333 2855 3670 2926 προπομπήν
3695 2873 3709 2918 ;
3738 2855 3822 2917 τίς

2251 2948 2447 3019 ᾔσθετο
2469 2952 2723 3020 τοιαύτης
2749 2949 3099 3018 μεταϐάσεως
3132 2947 3351 3003 πώποτε
3376 2985 3393 3011 ,
3422 2947 3541 3009 οἵας
3568 2948 3602 3017 ἡ
3624 2948 3822 3016 Μήτηρ

2251 3041 2346 3095 τοῦ
2379 3041 2589 3112 Κυρίου
2624 3059 2724 3111 μου
2759 3043 2983 3110 ἠξίωται
3009 3058 3024 3106 ;
3060 3042 3152 3093 καὶ
3179 3040 3277 3093 οὐκ
3308 3038 3533 3104 ἀπεικός
3560 3056 3573 3069 ·
3601 3039 3821 3108 ἐπειδή-

544 3137 552 3144 -
581 3107 872 3177 doquidem
902 3127 1062 3168 nemo
1087 3114 1174 3169 illa
1202 3118 1488 3188 excelsior,
1510 3137 1628 3190 quae
1649 3124 1892 3180 omnium
1917 3127 2147 3182 maxima

2257 3153 2362 3206 περ
2395 3107 2514 3188 οὐδέ
2542 3107 2947 3204 τις-ὑπέρτερος
2962 3133 3160 3203 βύτῆς
3183 3132 3469 3195 δέδεικται,
3502 3107 3821 3202 μειζοτέρας

581 3197 708 3254 fuit.
729 3200 924 3259 Horret
953 3205 1176 3275 spiritus
1193 3225 1370 3276 meus,
1392 3213 1520 3270 dum
1536 3215 1797 3272 transitus
1822 3220 1897 3272 tui
1929 3234 2150 3290 magna-

582 3290 674 3351 lia.
695 3307 728 3347 o
756 3292 937 3365 Virgo,
962 3301 1242 3370 recogitat.
1275 3303 1647 3360 Perliorrescit
1677 3323 1828 3362 mens
1853 3324 1995 3370 mea.
2024 3311 2149 3365 dum

583 3391 689 3438 tua:
733 3385 1079 3444 dormitionis
1139 3392 1613 3449 admirabilitatem
1669 3409 1903 3466 reputat.
1971 3400 2158 3459 ﬂaret

587 3478 764 3547 lingua
799 3480 1087 3544 mea,dum
1125 3482 1203 3536 tui
1244 3486 1613 3542 reviviscentis
1640 3493 1955 3560 mysterium
1992 3508 2151 3547 enar-

583 3574 689 3624 rat.
709 3563 845 3621 Nam
865 3570 988 3638 quis
1010 3570 1171 3643 digne
1185 3574 1399 3630 auditas
1416 3574 1574 3631 faciet
1595 3594 1783 3635 omnes
1804 3581 1989 3638 laudes
2009 3594 2148 3649 tuas,

581 3669 638 3713 et
685 3661 930 3715 narrabit
980 3672 1175 3720 cuncta
1207 3667 1473 3721 mirabilia
1510 3671 1641 3725 tua?
1689 3671 1948 3738 Quaenam
1999 3692 2150 3734 mens

581 3751 715 3805 satis
744 3752 964 3807 sublimi
1011 3752 1262 3811 facundia
1301 3759 1622 3829 eloquetur?
1675 3780 1922 3833 quasnam
1968 3766 2150 3836 lingua

583 3843 899 3911 magnisona
921 3846 1262 3914 praedicabit?
1280 3859 1389 3914 tua,
1410 3851 1648 3922 inquam,
1669 3857 1860 3910 decora
1879 3857 2148 3924 efl‘abitur,

582 3949 670 3988 res
697 3943 817 3990 tuas
855 3935 1147 4000 describet,
1181 3939 1377 3994 merita
1411 3950 1502 3996 tua
1530 3944 1709 4000 verbis
1747 3947 2035 4016 exprimet,
2069 3950 2152 4004 vel

584 4037 676 4080 tua
709 4027 975 4082 mirabilia
1004 4031 1311 4099 exaequabit
1345 4035 1628 4104 mysteria,
1657 4037 1997 4094 celebritales
2017 4079 2031 4102 ,
2071 4037 2152 4093 fe-

581 4126 697 4172 stos
725 4118 843 4173 dies
863 4159 878 4182 ,
923 4119 1268 4177 laudationes
1288 4161 1302 4184 ,
1350 4127 1594 4180 encomia
1620 4126 1643 4179 ?
1686 4125 2052 4192 Quamobrem
2082 4128 2150 4183 ad

581 4207 684 4273 lioc
733 4222 952 4278 quoque
997 4213 1309 4280 mysterium
1342 4213 1727 4269 celebrandum
1773 4217 1988 4274 infirma
2043 4228 2146 4283 est,

579 4296 789 4353 viribus
817 4299 1012 4370 impar,
1041 4311 1096 4355 et
1126 4303 1442 4373 attingendo
1469 4321 1635 4373 scopo
1665 4306 1841 4376 inepta
1869 4310 2149 4365 convinci-

581 4400 690 4445 tur.
714 4391 794 4445 Tu
815 4393 957 4446 enim
993 4396 1388 4462 superemines,
1417 4397 1654 4462 excedis,
1682 4399 2151 4469 incorporabiliter

2254 3225 2420 3292 οὔσης
2460 3224 2712 3277 ἀπάντων
2733 3240 2748 3254 ·
2782 3225 2994 3294 φρίττει
3027 3239 3129 3292 μου
3158 3221 3250 3276 οῦν
3280 3223 3343 3275 τὸ
3371 3224 3583 3293 πνεῦμα
3621 3223 3682 3276 τὸ
3729 3240 3823 3292 με·

2252 3315 2468 3384 γαλεῖον
2504 3315 2602 3385 τῆς
2648 3313 3030 3384 μεταστάσεως
3066 3330 3188 3378 σου,
3227 3307 3273 3367 ὦ
3312 3315 3574 3384 Πάρθενε,
3616 3314 3828 3368 δ;ενθυ-

2254 3407 2549 3477 μούμενος·
2586 3406 2945 3478 ἐκπλήττεταί
2974 3424 3076 3477 μου
3107 3409 3135 3461 6
3162 3407 3285 3470 νοῦς
3313 3408 3372 3460 τὸ
3399 3407 3498 3476 τῆς
3519 3407 3825 3478 κοιμήσεῶς

2254 3515 2348 3550 σου
2407 3498 2713 3568 θαυμάσιον
2760 3500 3239 3568 ἀναλογιζόμενος·
3287 3499 3586 3552 συνδέδεταί
3636 3518 3740 3570 μου
3786 3503 3821 3570 ἡ

2250 3588 2464 3657 γλῶττα
2500 3590 2560 3642 τὸ
2599 3590 2698 3660 τῆς
2746 3589 3074 3654 παλινζωῖας
3110 3592 3221 3661 (10)
3265 3608 3358 3646 σου
3403 3592 3698 3660 μυστήριον
3727 3593 3822 3644 ἐκ·

2252 3681 2622 3752 διηγουμένη·
2679 3684 2760 3747 τίς
2814 3686 2922 3754 γάρ
2978 3684 3126 3736 ἐστιν
3178 3686 3404 3746 ἐκεῖνος,
3467 3683 3525 3746 δς
3585 3683 3826 3749 ἐπαξίως

2253 3773 2523 3837 ἀκουστάς
2551 3774 2763 3843 ποιήσει
2785 3775 2961 3837 πάσας
2984 3774 3082 3837 τὰς
3101 3775 3331 3837 αίνέσεις
3355 3790 3449 3826 σου
3468 3815 3483 3839 ,
3514 3774 3828 3843 διηγήσοιτο

2253 3866 2431 3918 πάντα
2467 3867 2535 3920 τὰ
2569 3868 2850 3936 θαυμάσιά
2880 3884 3010 3930 σου;
3042 3870 3192 3930 ποῖος
3229 3866 3352 3930 νοῦς
3384 3867 3679 3938 ὑψηγορῶν
3726 3871 3826 3939 ρη-

2250 3956 2533 4028 τορεύσει;
2585 3961 2712 4011 ποῖα
2754 3958 2974 4027 γλῶσσα
3025 3958 3475 4028 μεγαληγοροῦσα
3508 3959 3826 4028 φθέγξεται,

2252 4049 2347 4101 καὶ
2400 4050 2468 4102 τά
2518 4050 2585 4103 σὰ
2637 4049 2866 4114 ἐξείποι,
2897 4050 2980 4112 ,τὰ
3029 4049 3096 4104 σὰ
3154 4053 3511 4122 παραστήσει,
3549 4054 3664 4117 τοῖς
3715 4057 3828 4116 σοῖς

2254 4143 2580 4211 προσϐάλλει
2629 4146 2886 4215 ῥήμασιν,
2918 4145 2949 4215 ἢ
2993 4145 3100 4198 τῶν
3132 4146 3241 4198 σῶν
3277 4147 3577 4216 ἐφικνεῖται
3610 4147 3826 4218 θαυμα-

2256 4234 2385 4286 σίων
2445 4234 2697 4298 τελετῶν,
2758 4234 3142 4306 πανηγύρεων,
3210 4235 3431 4306 ἑορτῶν,
3497 4237 3823 4306 διηγήσεων,

2253 4325 2578 4399 ἐγκωμίων;
2623 4326 2741 4395 μεθ’
2779 4318 2854 4379 ὧν
2906 4327 3001 4381 καὶ
3052 4325 3150 4380 τοῦ
3209 4327 3475 4397 παρόντος
3525 4329 3827 4400 μυστηρίου

2253 4417 2489 4482 ἀσθενεῖ,
2551 4419 2752 4483 ἀτονεῖ,
2820 4419 3203 4488 ἀποτυγχάνει,
3272 4418 3665 4488 ἀπελέγχεται·
3734 4421 3828 4473 καὶ

579 4499 807 4553 superas
838 4525 853 4548 ,
894 4485 1202 4550 altitudine,
1258 4487 1646 4557 magnitudine,
1700 4490 2144 4547 sublimissimam

2253 4509 2362 4577 γάρ
2415 4510 2724 4579 ὑπερέχεις,
2784 4485 3162 4579 ὑπερϐάλλεις,
3217 4485 3603 4580 ὑπερτερενύεις
3652 4513 3825 4580 ἀσυγ-

578 4576 873 4644 quamlibet
920 4577 1042 4631 caeli
1096 4587 1348 4646 partem:
1381 4581 1683 4633 sanctitatis
1721 4581 1935 4650 quidem
1981 4584 2152 4651 splen-

578 4671 710 4722 dore
735 4669 909 4722 luccm
941 4668 1091 4731 solis,
1122 4668 1437 4723 meritorum
1474 4669 1597 4737 jure
1625 4673 1938 4740 angelorum
1971 4674 2150 4741 digni-

578 4766 768 4823 tatem,
789 4758 1144 4827 etcujuslibct
1173 4759 1508 4829 incorporea
1536 4761 1813 4817 rationalis
1834 4763 2149 4819 substantia:

580 4849 1030 4905 intellectualium
1067 4859 1121 4905 et
1152 4851 1570 4923 intelligibilium
1614 4853 1891 4909 virtutum.

648 5049 701 5105 6.
734 5048 862 5118 Sed,
889 5066 923 5108 ο
951 5051 1220 5110 illustrem
1249 5051 1730 5125 splendidamque,
1760 5056 1840 5113 sic
1879 5059 2023 5115 enim
2056 5059 2150 5113 lae-

648 5233 694 5265 ²⁹
723 5230 922 5289 Ezech.
957 5246 1104 5300 xciv,
1143 5231 1201 5288 2.
1275 5229 1322 5263 ⁸⁸
1355 5230 1490 5287 Dan.
1524 5248 1585 5298 ιι,
1627 5233 1717 5289 45.

650 5388 770 5458 (10)
801 5386 877 5442 De
911 5386 1152 5456 Deiparae
1176 5401 1408 5458 corpore
1451 5388 1774 5445 resuscitato
1801 5399 1855 5445 et
1889 5390 1942 5445 in
1974 5392 2142 5448 ctelos

574 5457 879 5532 assumpto,
913 5458 1133 5532 copiose
1169 5457 1695 5532 item_:I_‘rOIIibellius
1730 5460 1783 5513 in
1815 5462 1982 5532 citato
2010 5479 2141 5532 ope-

573 5529 649 5581 ris
697 5525 845 5597 torno
900 5525 1116 5581 dissert.
1169 5527 1256 5581 46.
1307 5525 1584 5583 Videndus
1635 5529 1858 5597 insuper
1905 5525 2137 5587 Benedi-

571 5607 693 5670 oztus
722 5595 881 5670 XlV;
912 5597 986 5670 De
1032 5598 1178 5670 festis
1226 5598 1331 5670 lib._
1353 5612 1415 5661 ιι,
1459 5612 1579 5668 cap.
1630 5598 1684 5652 8.
1728 5595 1868 5670 item
1918 5603 2138 5670 attingit
2241 5595 2408 5661 orat:
2442 5607 2477 5660 2

2249 4602 2469 4671 κρίτως,
2503 4602 2560 4653 ἐν
2588 4600 2709 4668 ῦῲει
2736 4601 2830 4653 καὶ
2852 4601 3076 4670 μεγέθει
3103 4600 3196 4653 τοῦ
3228 4602 3504 4656 ἀνωτάτου
3545 4603 3737 4667 πόλου,
3769 4606 3827 4657 ἐν

2246 4689 2467 4757 ἁγνείας
2521 4688 2868 4758 λαμπρότητι
2920 4687 3014 4741 τοῦ
3061 4688 3288 4758 ἡλιακοῦ
3334 4691 3529 4758 φάους,
3565 4692 3626 4743 ἐν
3685 4697 3826 4758 παῤ-

2248 4780 2441 4853 ῥησίας
2499 4779 2774 4832 οἰκειώσει
2827 4780 2928 4850 τῆς
2967 4780 3261 4852 ἀγγελικῆς
3306 4782 3487 4848 ἀξίας,
3516 4785 3700 4853 πάσης
3729 4786 3824 4854 τῆς

2243 4874 2407 4928 άῢλου
2440 4871 2534 4924 καὶ
2563 4872 2787 4943 λογικῆς
2811 4873 2998 4935 οὐσίας
3024 4873 3230 4945 νοητῶν
3257 4891 3320 4928 τε
3361 4875 3458 4928 καὶ
3486 4877 3692 4947 νοερῶν
3725 4877 3820 4930 δυ-

2254 4964 2494 5034 νάμεων.

2328 5057 2402 5122 ς’.
2447 5057 2587 5110 Ἀλλ’
2619 5056 2664 5110 ὣ
2705 5060 2803 5129 τῆς
2847 5058 3144 5129 ἐπιφανοῦς
3179 5078 3274 5117 σου
3314 5062 3407 5120 καὶ
3438 5062 3704 5141 λαμπρᾶς
3740 5065 3823 5138 (δι’

2248 5393 2625 5452 Eustochium.
2665 5396 2875 5452 Studita
2926 5405 3106 5453 autem
3159 5405 3346 5452 noster
3383 5397 3816 5453 ecclesiasticam

2246 5468 2592 5522 traditionem
2628 5478 2812 5522 tenere
2839 5483 2898 5524 se
2925 5483 3071 5524 nunc
3104 5467 3309 5523 indicat
3336 5467 3606 5522 vocabulo
3630 5468 3816 5521 παλιν-

2244 5535 2548 5609 ζωῖαςηΕι
2599 5539 2815 5609 quidem
2873 5538 3118 5606 pluribus
3175 5537 3356 5592 verbis
3409 5536 3816 5609 Damascenus,

2501 5651 2515 5674 ,
2575 5607 2640 5664 de
2691 5609 3020 5663 dormitione
3078 5609 3358 5678 Deiparaa,
3410 5624 3465 5661 n.
3518 5607 3604 5661 14.
3666 5607 3818 5678 Nunc

578 5666 1298 5750 ειίοιῃιΛιιρ.γετορίιειιείεΑ
1321 5667 1374 5721 in
1420 5666 1675 5750 sermone
1718 5669 1805 5749 l7,
1842 5670 1981 5750 inter
2015 5666 2137 5750 ill—os
2242 5679 2378 5750 adde
2412 5666 2774 5750 Epi'phanium
2807 5680 3132 5736 monachum
3163 5666 3395 5750 nupera
3425 5678 3494 5737 cl.
3541 5677 3813 5738 Dresselio

575 5753 602 5786 a
635 5737 792 5791 nobis
825 5737 1020 5791 editos.
1051 5739 1192 5794 Inter
1221 5748 1402 5793 vetera
1437 5738 1639 5806 scripta
1664 5740 1868 5793 eminet
1896 5739 2136 5797 Pseudo-
2241 5737 2472 5804 editum:
2512 5737 2530 5750 ’
2563 5768 2567 5774 ·

583 5806 944 5878 Hieronymus
993 5816 1150 5865 tract.
1183 5808 1260 5865 De
1311 5807 1666 5878 assumptione
1709 5809 1774 5865 Β.
1813 5809 2020 5881 Mariae,
2066 5814 2133 5869 ad
