  <div class='ocr_page' id='page_1' title='image "/cluster/home/n/w/nwhite01/storage/ocr_20150623/99/pst.000005714063/416.png"; bbox 0 0 2009 3152; ppageno 0'>
   <div class='ocr_carea' id='block_1_1' title="bbox 81 153 132 186">
    <p class='ocr_par' dir='ltr' id='par_1_1' title="bbox 81 153 132 186">
     <span class='ocr_line' id='line_1_1' title="bbox 81 153 132 186; baseline 0.039 -2"><span class='ocrx_word' id='word_1_1' title='bbox 81 153 132 186; x_wconf 75' lang='lat'><strong>729</strong></span> 
     </span>
    </p>
   </div>
   <div class='ocr_carea' id='block_1_2' title="bbox 550 161 1241 199">
    <p class='ocr_par' dir='ltr' id='par_1_2' title="bbox 550 161 1241 199">
     <span class='ocr_line' id='line_1_2' title="bbox 550 161 1241 199; baseline 0.01 -7"><span class='ocrx_word' id='word_1_2' title='bbox 550 161 691 193; x_wconf 78' lang='lat' dir='ltr'><strong>ORATIO</strong></span> <span class='ocrx_word' id='word_1_3' title='bbox 706 162 758 194; x_wconf 87' lang='lat' dir='ltr'><strong>VI.</strong></span> <span class='ocrx_word' id='word_1_4' title='bbox 773 164 859 195; x_wconf 82' lang='grc' dir='ltr'><strong>-ΙΝ</strong></span> <span class='ocrx_word' id='word_1_5' title='bbox 877 164 1041 196; x_wconf 85' lang='lat' dir='ltr'><strong>SANCTOS</strong></span> <span class='ocrx_word' id='word_1_6' title='bbox 1059 166 1241 199; x_wconf 81' lang='lat' dir='ltr'><strong>ANGELOS.</strong></span> 
     </span>
    </p>
   </div>
   <div class='ocr_carea' id='block_1_3' title="bbox 1663 174 1717 207">
    <p class='ocr_par' dir='ltr' id='par_1_3' title="bbox 1663 174 1717 207">
     <span class='ocr_line' id='line_1_3' title="bbox 1663 174 1717 207; baseline 0.037 -2"><span class='ocrx_word' id='word_1_7' title='bbox 1663 174 1717 207; x_wconf 83' lang='lat'><strong>730</strong></span> 
     </span>
    </p>
   </div>
   <div class='ocr_carea' id='block_1_4' title="bbox 81 222 868 278">
    <p class='ocr_par' dir='ltr' id='par_1_4' title="bbox 81 222 868 278">
     <span class='ocr_line' id='line_1_4' title="bbox 81 222 868 278; baseline 0.003 -19"><span class='ocrx_word' id='word_1_8' title='bbox 81 222 176 278; x_wconf 61' lang='grc' dir='ltr'><strong>ὶιιδξονῆς</strong></span> <span class='ocrx_word' id='word_1_9' title='bbox 194 223 251 278; x_wconf 52' lang='grc' dir='ltr'>γῆρ</span> <span class='ocrx_word' id='word_1_10' title='bbox 261 224 317 278; x_wconf 62' lang='lat' dir='ltr'><strong>Exn)</strong></span> <span class='ocrx_word' id='word_1_11' title='bbox 330 226 429 263; x_wconf 79' lang='grc' dir='ltr'>λέγειν)</span> <span class='ocrx_word' id='word_1_12' title='bbox 443 230 638 278; x_wconf 60' lang='grc' dir='ltr'>ττανηγῦρεωςΙ</span> <span class='ocrx_word' id='word_1_13' title='bbox 657 233 691 259; x_wconf 81' lang='grc' dir='ltr'><strong><em>Ὠ</em></strong></span> <span class='ocrx_word' id='word_1_14' title='bbox 699 233 750 268; x_wconf 83' lang='grc' dir='ltr'><strong>τῆς</strong></span> <span class='ocrx_word' id='word_1_15' title='bbox 762 242 868 270; x_wconf 77' lang='grc' dir='ltr'>σημειο-</span> 
     </span>
    </p>
   </div>
   <div class='ocr_carea' id='block_1_5' title="bbox 918 222 1713 278">
    <p class='ocr_par' dir='ltr' id='par_1_5' title="bbox 926 236 1713 278">
     <span class='ocr_line' id='line_1_5' title="bbox 926 236 1713 278; baseline 0.011 -16"><span class='ocrx_word' id='word_1_16' title='bbox 926 239 1015 263; x_wconf 88' lang='lat' dir='ltr'><strong>tanter</strong></span> <span class='ocrx_word' id='word_1_17' title='bbox 1044 236 1099 269; x_wconf 88' lang='lat' dir='ltr'><strong>aio,</strong></span> <span class='ocrx_word' id='word_1_18' title='bbox 1126 237 1324 265; x_wconf 74' lang='lat' dir='ltr'><strong>solemnitatem</strong></span> <span class='ocrx_word' id='word_1_19' title='bbox 1349 240 1444 267; x_wconf 82' lang='lat' dir='ltr'><strong>tuam!</strong></span> <span class='ocrx_word' id='word_1_20' title='bbox 1478 240 1500 268; x_wconf 93' lang='lat'><strong>0</strong></span> <span class='ocrx_word' id='word_1_21' title='bbox 1528 241 1713 278; x_wconf 69' lang='lat' dir='ltr'><strong>prodigiosum</strong></span> 
     </span>
    </p>
   </div>
   <div class='ocr_carea' id='block_1_6' title="bbox 83 269 876 316">
    <p class='ocr_par' dir='ltr' id='par_1_6' title="bbox 83 269 876 316">
     <span class='ocr_line' id='line_1_6' title="bbox 83 269 876 316; baseline 0.015 -21"><span class='ocrx_word' id='word_1_22' title='bbox 83 269 164 303; x_wconf 65' lang='grc' dir='ltr'>φόρου</span> <span class='ocrx_word' id='word_1_23' title='bbox 188 270 240 297; x_wconf 80' lang='grc' dir='ltr'>καὶ</span> <span class='ocrx_word' id='word_1_24' title='bbox 261 270 466 307; x_wconf 84' lang='grc' dir='ltr'>θαυματοποιοῦ</span> <span class='ocrx_word' id='word_1_25' title='bbox 487 277 682 311; x_wconf 77' lang='grc' dir='ltr'>μεταστάσεώς</span> <span class='ocrx_word' id='word_1_26' title='bbox 697 280 761 306; x_wconf 73' lang='lat' dir='ltr'><strong>noui</strong></span> <span class='ocrx_word' id='word_1_27' title='bbox 779 269 812 306; x_wconf 74' lang='grc' dir='ltr'><strong>Ὦ</strong></span> <span class='ocrx_word' id='word_1_28' title='bbox 825 281 876 316; x_wconf 81' lang='grc' dir='ltr'><strong>τῆς</strong></span> 
     </span>
    </p>
   </div>
   <div class='ocr_carea' id='block_1_7' title="bbox 81 315 875 360">
    <p class='ocr_par' dir='ltr' id='par_1_7' title="bbox 81 315 875 360">
     <span class='ocr_line' id='line_1_7' title="bbox 81 315 875 360; baseline 0.015 -18"><span class='ocrx_word' id='word_1_29' title='bbox 81 315 264 352; x_wconf 79' lang='grc' dir='ltr'>ζωοπαρόχου</span> <span class='ocrx_word' id='word_1_30' title='bbox 281 318 330 346; x_wconf 79' lang='grc' dir='ltr'>καὶ</span> <span class='ocrx_word' id='word_1_31' title='bbox 343 319 613 359; x_wconf 81' lang='grc' dir='ltr'>ἀειφθαρτοδωρήτου</span> <span class='ocrx_word' id='word_1_32' title='bbox 624 324 813 360; x_wconf 78' lang='grc' dir='ltr'>ινταφιάσεώς</span> <span class='ocrx_word' id='word_1_33' title='bbox 827 315 875 353; x_wconf 80' lang='grc' dir='ltr'><strong>σου</strong></span> 
     </span>
    </p>
   </div>
   <div class='ocr_carea' id='block_1_8' title="bbox 82 361 873 407">
    <p class='ocr_par' dir='ltr' id='par_1_8' title="bbox 82 361 873 407">
     <span class='ocr_line' id='line_1_8' title="bbox 82 361 873 407; baseline 0.016 -20"><span class='ocrx_word' id='word_1_34' title='bbox 82 361 128 396; x_wconf 82' lang='grc' dir='ltr'><strong>τῆς</strong></span> <span class='ocrx_word' id='word_1_35' title='bbox 152 364 387 401; x_wconf 78' lang='grc' dir='ltr'>φωτοκυήτοροςί</span> <span class='ocrx_word' id='word_1_36' title='bbox 406 366 476 394; x_wconf 79' lang='grc' dir='ltr'>ἀλλὰ</span> <span class='ocrx_word' id='word_1_37' title='bbox 501 367 552 400; x_wconf 84' lang='grc' dir='ltr'><strong>τὰς</strong></span> <span class='ocrx_word' id='word_1_38' title='bbox 577 370 693 405; x_wconf 77' lang='grc' dir='ltr'><strong>νεφέλας</strong></span> <span class='ocrx_word' id='word_1_39' title='bbox 715 371 873 407; x_wconf 80' lang='grc' dir='ltr'>διασχοῦσα.</span> 
     </span>
    </p>
   </div>
   <div class='ocr_carea' id='block_1_9' title="bbox 81 409 875 453">
    <p class='ocr_par' dir='ltr' id='par_1_9' title="bbox 81 409 875 453">
     <span class='ocr_line' id='line_1_9' title="bbox 81 409 875 453; baseline 0.015 -18"><span class='ocrx_word' id='word_1_40' title='bbox 81 409 126 435; x_wconf 81' lang='grc' dir='ltr'><strong>καὶ</strong></span> <span class='ocrx_word' id='word_1_41' title='bbox 138 411 182 442; x_wconf 79' lang='grc' dir='ltr'>εις</span> <span class='ocrx_word' id='word_1_42' title='bbox 195 410 316 446; x_wconf 79' lang='grc' dir='ltr'>οὐρανὸν</span> <span class='ocrx_word' id='word_1_43' title='bbox 331 412 457 448; x_wconf 77' lang='grc' dir='ltr'><strong>ἀνιοῦσα,</strong></span> <span class='ocrx_word' id='word_1_44' title='bbox 469 415 517 442; x_wconf 81' lang='grc' dir='ltr'><strong>καὶ</strong></span> <span class='ocrx_word' id='word_1_45' title='bbox 530 417 571 448; x_wconf 80' lang='grc' dir='ltr'><strong>εις</strong></span> <span class='ocrx_word' id='word_1_46' title='bbox 579 416 615 444; x_wconf 80' lang='grc' dir='ltr'>τὰ</span> <span class='ocrx_word' id='word_1_47' title='bbox 626 418 710 452; x_wconf 86' lang='grc' dir='ltr'>’Δγια</span> <span class='ocrx_word' id='word_1_48' title='bbox 723 419 776 446; x_wconf 83' lang='grc' dir='ltr'>τῶν</span> <span class='ocrx_word' id='word_1_49' title='bbox 789 419 875 453; x_wconf 81' lang='grc' dir='ltr'>ἁγίων</span> 
     </span>
    </p>
   </div>
   <div class='ocr_carea' id='block_1_10' title="bbox 82 455 875 501">
    <p class='ocr_par' dir='ltr' id='par_1_10' title="bbox 82 455 875 501">
     <span class='ocr_line' id='line_1_10' title="bbox 82 455 875 501; baseline 0.016 -21"><span class='ocrx_word' id='word_1_50' title='bbox 82 455 202 501; x_wconf 68' lang='grc' dir='ltr'>εἰσιοῦσα</span> <span class='ocrx_word' id='word_1_51' title='bbox 216 457 248 482; x_wconf 77' lang='grc' dir='ltr'>ἐν</span> <span class='ocrx_word' id='word_1_52' title='bbox 259 459 335 494; x_wconf 74' lang='grc' dir='ltr'>φωνῇ</span> <span class='ocrx_word' id='word_1_53' title='bbox 349 460 535 493; x_wconf 81' lang='grc' dir='ltr'>ἀγαλλιάσεώς</span> <span class='ocrx_word' id='word_1_54' title='bbox 548 471 576 489; x_wconf 84' lang='grc' dir='ltr'><strong>τε</strong></span> <span class='ocrx_word' id='word_1_55' title='bbox 589 463 636 489; x_wconf 76' lang='grc' dir='ltr'><strong>καὶ</strong></span> <span class='ocrx_word' id='word_1_56' title='bbox 656 464 875 501; x_wconf 78' lang='grc' dir='ltr'>ὲξομολογήσεως</span> 
     </span>
    </p>
   </div>
   <div class='ocr_carea' id='block_1_11' title="bbox 83 500 874 546">
    <p class='ocr_par' dir='ltr' id='par_1_11' title="bbox 83 500 874 546">
     <span class='ocr_line' id='line_1_11' title="bbox 83 500 874 546; baseline 0.016 -21"><span class='ocrx_word' id='word_1_57' title='bbox 83 500 286 536; x_wconf 82' lang='grc' dir='ltr'>κατευλογῆσαι</span> <span class='ocrx_word' id='word_1_58' title='bbox 304 503 428 537; x_wconf 78' lang='grc' dir='ltr'>ἀξίωσον,</span> <span class='ocrx_word' id='word_1_59' title='bbox 451 505 575 538; x_wconf 84' lang='grc' dir='ltr'>Θεοτόκε,</span> <span class='ocrx_word' id='word_1_60' title='bbox 590 508 623 535; x_wconf 78' lang='grc' dir='ltr'><strong>τὰ</strong></span> <span class='ocrx_word' id='word_1_61' title='bbox 639 509 688 543; x_wconf 85' lang='grc' dir='ltr'><strong>τῆς</strong></span> <span class='ocrx_word' id='word_1_62' title='bbox 711 511 874 546; x_wconf 72' lang='grc' dir='ltr'><strong>οἰκουμένης</strong></span> 
     </span>
    </p>
   </div>
   <div class='ocr_carea' id='block_1_12' title="bbox 83 547 874 591">
    <p class='ocr_par' dir='ltr' id='par_1_12' title="bbox 83 547 874 591">
     <span class='ocr_line' id='line_1_12' title="bbox 83 547 874 591; baseline 0.015 -19"><span class='ocrx_word' id='word_1_63' title='bbox 83 547 204 581; x_wconf 80' lang='grc' dir='ltr'>πέρατα·</span> <span class='ocrx_word' id='word_1_64' title='bbox 235 549 396 583; x_wconf 74' lang='grc' dir='ltr'>πρεσϐείαις</span> <span class='ocrx_word' id='word_1_65' title='bbox 423 559 470 577; x_wconf 90' lang='grc' dir='ltr'><strong>σου</strong></span> <span class='ocrx_word' id='word_1_66' title='bbox 498 553 560 584; x_wconf 80' lang='grc' dir='ltr'>τοὺς</span> <span class='ocrx_word' id='word_1_67' title='bbox 584 554 668 589; x_wconf 83' lang='grc' dir='ltr'>ἀέρας</span> <span class='ocrx_word' id='word_1_68' title='bbox 691 556 874 591; x_wconf 77' lang='grc' dir='ltr'>εὐκρατοῦσα,</span> 
     </span>
    </p>
   </div>
   <div class='ocr_carea' id='block_1_13' title="bbox 82 592 873 636">
    <p class='ocr_par' dir='ltr' id='par_1_13' title="bbox 82 592 873 636">
     <span class='ocr_line' id='line_1_13' title="bbox 82 592 873 636; baseline 0.015 -19"><span class='ocrx_word' id='word_1_69' title='bbox 82 592 140 624; x_wconf 75' lang='grc' dir='ltr'>τοὺς</span> <span class='ocrx_word' id='word_1_70' title='bbox 170 592 297 628; x_wconf 72' lang='grc' dir='ltr'>ὄμϐρους</span> <span class='ocrx_word' id='word_1_71' title='bbox 327 595 461 631; x_wconf 76' lang='grc' dir='ltr'><strong>εὐκαίρως</strong></span> <span class='ocrx_word' id='word_1_72' title='bbox 483 597 651 634; x_wconf 80' lang='grc' dir='ltr'><strong>δωρουμένη,</strong></span> <span class='ocrx_word' id='word_1_73' title='bbox 670 601 734 633; x_wconf 84' lang='grc' dir='ltr'>τοὺς</span> <span class='ocrx_word' id='word_1_74' title='bbox 754 602 873 636; x_wconf 85' lang='grc' dir='ltr'><strong>ἀνέμους</strong></span> 
     </span>
    </p>
   </div>
   <div class='ocr_carea' id='block_1_14' title="bbox 83 638 872 683">
    <p class='ocr_par' dir='ltr' id='par_1_14' title="bbox 83 638 872 683">
     <span class='ocr_line' id='line_1_14' title="bbox 83 638 872 683; baseline 0.015 -20"><span class='ocrx_word' id='word_1_75' title='bbox 83 638 243 672; x_wconf 80' lang='grc' dir='ltr'>εὐθετοῦσα,</span> <span class='ocrx_word' id='word_1_76' title='bbox 271 640 321 676; x_wconf 85' lang='grc' dir='ltr'>τὴν</span> <span class='ocrx_word' id='word_1_77' title='bbox 345 642 396 677; x_wconf 86' lang='grc' dir='ltr'>γῆν</span> <span class='ocrx_word' id='word_1_78' title='bbox 425 643 610 677; x_wconf 77' lang='grc' dir='ltr'>εὐκαρποῦσα,</span> <span class='ocrx_word' id='word_1_79' title='bbox 634 645 682 680; x_wconf 82' lang='grc' dir='ltr'>τὴν</span> <span class='ocrx_word' id='word_1_80' title='bbox 707 646 872 683; x_wconf 78' lang='grc' dir='ltr'><strong>Ἐκκλησίαν</strong></span> 
     </span>
    </p>
   </div>
   <div class='ocr_carea' id='block_1_15' title="bbox 82 685 872 728">
    <p class='ocr_par' dir='ltr' id='par_1_15' title="bbox 82 685 872 728">
     <span class='ocr_line' id='line_1_15' title="bbox 82 685 872 728; baseline 0.014 -19"><span class='ocrx_word' id='word_1_81' title='bbox 82 685 274 720; x_wconf 79' lang='grc' dir='ltr'>είρηνεὺουσα,</span> <span class='ocrx_word' id='word_1_82' title='bbox 291 686 341 722; x_wconf 83' lang='grc' dir='ltr'>τὴν</span> <span class='ocrx_word' id='word_1_83' title='bbox 357 687 510 723; x_wconf 81' lang='grc' dir='ltr'>ὀρθοδοξίαν</span> <span class='ocrx_word' id='word_1_84' title='bbox 533 690 718 725; x_wconf 82' lang='grc' dir='ltr'>κρατύνουσα,</span> <span class='ocrx_word' id='word_1_85' title='bbox 733 693 781 728; x_wconf 80' lang='grc' dir='ltr'><strong>τὴν</strong></span> <span class='ocrx_word' id='word_1_86' title='bbox 796 694 872 728; x_wconf 84' lang='grc' dir='ltr'>βασι-</span> 
     </span>
    </p>
   </div>
   <div class='ocr_carea' id='block_1_16' title="bbox 81 730 870 772">
    <p class='ocr_par' dir='ltr' id='par_1_16' title="bbox 81 730 870 772">
     <span class='ocr_line' id='line_1_16' title="bbox 81 730 870 772; baseline 0.015 -17"><span class='ocrx_word' id='word_1_87' title='bbox 81 730 151 757; x_wconf 62' lang='grc' dir='ltr'>λείαν</span> <span class='ocrx_word' id='word_1_88' title='bbox 176 731 366 765; x_wconf 79' lang='grc' dir='ltr'><strong>φυλάττουσα,</strong></span> <span class='ocrx_word' id='word_1_89' title='bbox 390 734 424 760; x_wconf 82' lang='grc' dir='ltr'><strong>τὰ</strong></span> <span class='ocrx_word' id='word_1_90' title='bbox 450 734 575 770; x_wconf 80' lang='grc' dir='ltr'>βάρὸαρα</span> <span class='ocrx_word' id='word_1_91' title='bbox 600 737 665 772; x_wconf 69' lang='grc' dir='ltr'>ἔθνη</span> <span class='ocrx_word' id='word_1_92' title='bbox 687 738 870 772; x_wconf 76' lang='grc' dir='ltr'>ἁποσοὸοῦσα,</span> 
     </span>
    </p>
   </div>
   <div class='ocr_carea' id='block_1_17' title="bbox 82 776 871 821">
    <p class='ocr_par' dir='ltr' id='par_1_17' title="bbox 82 776 871 821">
     <span class='ocr_line' id='line_1_17' title="bbox 82 776 871 821; baseline 0.013 -18"><span class='ocrx_word' id='word_1_93' title='bbox 82 776 151 804; x_wconf 76' lang='grc' dir='ltr'><strong>ἅπαν</strong></span> <span class='ocrx_word' id='word_1_94' title='bbox 165 778 198 804; x_wconf 87' lang='grc' dir='ltr'><strong>τὺ</strong></span> <span class='ocrx_word' id='word_1_95' title='bbox 211 778 387 814; x_wconf 78' lang='grc' dir='ltr'><strong>Χριστιανῶν</strong></span> <span class='ocrx_word' id='word_1_96' title='bbox 401 780 484 814; x_wconf 76' lang='grc' dir='ltr'>φῦλον</span> <span class='ocrx_word' id='word_1_97' title='bbox 495 783 662 817; x_wconf 71' lang='grc' dir='ltr'><strong>περιέπουσα</strong></span> <span class='ocrx_word' id='word_1_98' title='bbox 672 792 679 799; x_wconf 86' lang='grc'><strong>·</strong></span> <span class='ocrx_word' id='word_1_99' title='bbox 692 782 751 811; x_wconf 84' lang='grc' dir='ltr'>εἶτα</span> <span class='ocrx_word' id='word_1_100' title='bbox 763 787 809 812; x_wconf 78' lang='grc' dir='ltr'><strong>καὶ</strong></span> <span class='ocrx_word' id='word_1_101' title='bbox 822 787 871 821; x_wconf 81' lang='grc' dir='ltr'>τῆς</span> 
     </span>
    </p>
   </div>
   <div class='ocr_carea' id='block_1_18' title="bbox 83 821 870 866">
    <p class='ocr_par' dir='ltr' id='par_1_18' title="bbox 83 821 870 866">
     <span class='ocr_line' id='line_1_18' title="bbox 83 821 870 866; baseline 0.015 -19"><span class='ocrx_word' id='word_1_102' title='bbox 83 821 146 855; x_wconf 72' lang='grc' dir='ltr'><strong>ἐμῆς</strong></span> <span class='ocrx_word' id='word_1_103' title='bbox 171 823 326 858; x_wconf 84' lang='grc' dir='ltr'>τολμηρίας</span> <span class='ocrx_word' id='word_1_104' title='bbox 353 825 593 859; x_wconf 78' lang='grc' dir='ltr'><strong>συγγινώσκουσα·</strong></span> <span class='ocrx_word' id='word_1_105' title='bbox 618 829 664 856; x_wconf 88' lang='grc' dir='ltr'><strong>σοῦ</strong></span> <span class='ocrx_word' id='word_1_106' title='bbox 686 831 741 866; x_wconf 83' lang='grc' dir='ltr'>γάρ</span> <span class='ocrx_word' id='word_1_107' title='bbox 764 832 870 859; x_wconf 77' lang='grc' dir='ltr'>ἔστιτὸ</span> 
     </span>
    </p>
   </div>
   <div class='ocr_carea' id='block_1_19' title="bbox 82 866 869 913">
    <p class='ocr_par' dir='ltr' id='par_1_19' title="bbox 82 866 869 913">
     <span class='ocr_line' id='line_1_19' title="bbox 82 866 869 913; baseline 0.018 -21"><span class='ocrx_word' id='word_1_108' title='bbox 82 866 176 913; x_wconf 24' lang='grc' dir='ltr'>λόγγιον,</span> <span class='ocrx_word' id='word_1_109' title='bbox 192 869 241 895; x_wconf 76' lang='grc' dir='ltr'><strong>καὶ</strong></span> <span class='ocrx_word' id='word_1_110' title='bbox 255 870 300 902; x_wconf 80' lang='grc' dir='ltr'><strong>σὺ,</strong></span> <span class='ocrx_word' id='word_1_111' title='bbox 311 867 334 897; x_wconf 80' lang='grc' dir='ltr'>ὦ</span> <span class='ocrx_word' id='word_1_112' title='bbox 350 871 451 907; x_wconf 83' lang='grc' dir='ltr'><strong>Μήτηρ</strong></span> <span class='ocrx_word' id='word_1_113' title='bbox 465 873 531 900; x_wconf 76' lang='grc' dir='ltr'>Θεοῦ</span> <span class='ocrx_word' id='word_1_114' title='bbox 544 874 574 901; x_wconf 81' lang='grc' dir='ltr'>τὸ</span> <span class='ocrx_word' id='word_1_115' title='bbox 590 875 719 911; x_wconf 72' lang='grc' dir='ltr'>ἐσόμενον</span> <span class='ocrx_word' id='word_1_116' title='bbox 735 887 869 913; x_wconf 76' lang='grc' dir='ltr'>προφητι-</span> 
     </span>
    </p>
   </div>
   <div class='ocr_carea' id='block_1_20' title="bbox 925 281 1716 324">
    <p class='ocr_par' dir='ltr' id='par_1_20' title="bbox 925 281 1716 324">
     <span class='ocr_line' id='line_1_20' title="bbox 925 281 1716 324; baseline 0.013 -17"><span class='ocrx_word' id='word_1_117' title='bbox 925 281 1091 317; x_wconf 88' lang='lat' dir='ltr'><strong>plenumque</strong></span> <span class='ocrx_word' id='word_1_118' title='bbox 1107 288 1219 318; x_wconf 76' lang='lat' dir='ltr'><strong>stupore</strong></span> <span class='ocrx_word' id='word_1_119' title='bbox 1233 284 1379 312; x_wconf 80' lang='lat' dir='ltr'><strong>transitum</strong></span> <span class='ocrx_word' id='word_1_120' title='bbox 1395 288 1486 314; x_wconf 87' lang='lat' dir='ltr'><strong>tuum!</strong></span> <span class='ocrx_word' id='word_1_121' title='bbox 1508 285 1532 315; x_wconf 87' lang='grc' dir='ltr'><strong>ο</strong></span> <span class='ocrx_word' id='word_1_122' title='bbox 1544 287 1606 324; x_wconf 64' lang='lat' dir='ltr'><strong>vitae</strong></span> <span class='ocrx_word' id='word_1_123' title='bbox 1625 288 1716 317; x_wconf 85' lang='lat' dir='ltr'><strong>incor-</strong></span> 
     </span>
    </p>
   </div>
   <div class='ocr_carea' id='block_1_21' title="bbox 928 328 1716 366">
    <p class='ocr_par' dir='ltr' id='par_1_21' title="bbox 928 328 1716 366">
     <span class='ocr_line' id='line_1_21' title="bbox 928 328 1716 366; baseline 0.011 -12"><span class='ocrx_word' id='word_1_124' title='bbox 928 328 1095 363; x_wconf 73' lang='lat' dir='ltr'><strong>ruptelteque</strong></span> <span class='ocrx_word' id='word_1_125' title='bbox 1108 329 1238 357; x_wconf 83' lang='lat' dir='ltr'><strong>datrleem</strong></span> <span class='ocrx_word' id='word_1_126' title='bbox 1260 331 1427 365; x_wconf 81' lang='lat' dir='ltr'><strong>sepulturam</strong></span> <span class='ocrx_word' id='word_1_127' title='bbox 1440 337 1524 366; x_wconf 82' lang='lat' dir='ltr'><strong>tuam,</strong></span> <span class='ocrx_word' id='word_1_128' title='bbox 1547 342 1564 362; x_wconf 91' lang='grc' dir='ltr'>ο</span> <span class='ocrx_word' id='word_1_129' title='bbox 1580 335 1648 363; x_wconf 84' lang='lat' dir='ltr'><strong>lucis</strong></span> <span class='ocrx_word' id='word_1_130' title='bbox 1664 334 1716 363; x_wconf 78' lang='lat' dir='ltr'><strong>Pn-</strong></span> 
     </span>
    </p>
   </div>
   <div class='ocr_carea' id='block_1_22' title="bbox 924 372 1713 410">
    <p class='ocr_par' dir='ltr' id='par_1_22' title="bbox 924 372 1713 410">
     <span class='ocr_line' id='line_1_22' title="bbox 924 372 1713 410; baseline 0.01 -10"><span class='ocrx_word' id='word_1_131' title='bbox 924 374 1006 401; x_wconf 85' lang='lat' dir='ltr'><strong>rensl</strong></span> <span class='ocrx_word' id='word_1_132' title='bbox 1023 372 1074 402; x_wconf 86' lang='lat' dir='ltr'><strong>Sed</strong></span> <span class='ocrx_word' id='word_1_133' title='bbox 1093 376 1178 402; x_wconf 89' lang='lat' dir='ltr'><strong>nubes</strong></span> <span class='ocrx_word' id='word_1_134' title='bbox 1194 383 1348 410; x_wconf 85' lang='lat' dir='ltr'><strong>permeans.</strong></span> <span class='ocrx_word' id='word_1_135' title='bbox 1370 378 1438 405; x_wconf 87' lang='lat' dir='ltr'><strong>etin</strong></span> <span class='ocrx_word' id='word_1_136' title='bbox 1458 380 1556 406; x_wconf 68' lang='lat' dir='ltr'><strong>coelum</strong></span> <span class='ocrx_word' id='word_1_137' title='bbox 1580 387 1713 408; x_wconf 86' lang='lat' dir='ltr'><strong>conscen-</strong></span> 
     </span>
    </p>
   </div>
   <div class='ocr_carea' id='block_1_23' title="bbox 924 417 1715 457">
    <p class='ocr_par' dir='ltr' id='par_1_23' title="bbox 924 417 1715 457">
     <span class='ocr_line' id='line_1_23' title="bbox 924 417 1715 457; baseline 0.01 -12"><span class='ocrx_word' id='word_1_138' title='bbox 924 417 1008 451; x_wconf 86' lang='lat' dir='ltr'><strong>dens,</strong></span> <span class='ocrx_word' id='word_1_139' title='bbox 1040 419 1114 446; x_wconf 86' lang='lat' dir='ltr'><strong>etin</strong></span> <span class='ocrx_word' id='word_1_140' title='bbox 1139 419 1239 448; x_wconf 91' lang='lat' dir='ltr'><strong>Sancta</strong></span> <span class='ocrx_word' id='word_1_141' title='bbox 1262 426 1419 450; x_wconf 88' lang='lat' dir='ltr'><strong>sanctorum</strong></span> <span class='ocrx_word' id='word_1_142' title='bbox 1446 423 1569 457; x_wconf 80' lang='lat' dir='ltr'><strong>ingressa</strong></span> <span class='ocrx_word' id='word_1_143' title='bbox 1595 425 1621 452; x_wconf 92' lang='lat' dir='ltr'><strong>in</strong></span> <span class='ocrx_word' id='word_1_144' title='bbox 1649 433 1715 453; x_wconf 81' lang='lat' dir='ltr'><strong>voce</strong></span> 
     </span>
    </p>
   </div>
   <div class='ocr_carea' id='block_1_24' title="bbox 924 464 1714 503">
    <p class='ocr_par' dir='ltr' id='par_1_24' title="bbox 924 464 1714 503">
     <span class='ocr_line' id='line_1_24' title="bbox 924 464 1714 503; baseline 0.01 -13"><span class='ocrx_word' id='word_1_145' title='bbox 924 464 1113 492; x_wconf 81' lang='lat' dir='ltr'><strong>exsultationis</strong></span> <span class='ocrx_word' id='word_1_146' title='bbox 1128 471 1155 493; x_wconf 91' lang='lat' dir='ltr'><strong>et</strong></span> <span class='ocrx_word' id='word_1_147' title='bbox 1176 467 1368 500; x_wconf 82' lang='lat' dir='ltr'><strong>confessionis.</strong></span> <span class='ocrx_word' id='word_1_148' title='bbox 1381 468 1541 496; x_wconf 82' lang='lat' dir='ltr'><strong>benedicere</strong></span> <span class='ocrx_word' id='word_1_149' title='bbox 1554 470 1682 503; x_wconf 75' lang='lat' dir='ltr'><strong>digneris.</strong></span> <span class='ocrx_word' id='word_1_150' title='bbox 1696 478 1714 498; x_wconf 91' lang='grc' dir='ltr'>ο</span> 
     </span>
    </p>
   </div>
   <div class='ocr_carea' id='block_1_25' title="bbox 925 509 1712 547">
    <p class='ocr_par' dir='ltr' id='par_1_25' title="bbox 925 509 1712 547">
     <span class='ocr_line' id='line_1_25' title="bbox 925 509 1712 547; baseline 0.011 -12"><span class='ocrx_word' id='word_1_151' title='bbox 925 509 1049 544; x_wconf 89' lang='lat' dir='ltr'><strong>Deipara.</strong></span> <span class='ocrx_word' id='word_1_152' title='bbox 1063 512 1122 539; x_wconf 80' lang='lat' dir='ltr'><strong>orbi</strong></span> <span class='ocrx_word' id='word_1_153' title='bbox 1134 517 1268 540; x_wconf 89' lang='lat' dir='ltr'><strong>terrarum</strong></span> <span class='ocrx_word' id='word_1_154' title='bbox 1280 522 1287 547; x_wconf 84' lang='lat'><strong>;</strong></span> <span class='ocrx_word' id='word_1_155' title='bbox 1303 514 1547 543; x_wconf 90' lang='lat' dir='ltr'><strong>intercessionibus</strong></span> <span class='ocrx_word' id='word_1_156' title='bbox 1557 516 1610 543; x_wconf 88' lang='lat' dir='ltr'><strong>luis</strong></span> <span class='ocrx_word' id='word_1_157' title='bbox 1621 524 1712 544; x_wconf 88' lang='lat' dir='ltr'><strong>aerem</strong></span> 
     </span>
    </p>
   </div>
   <div class='ocr_carea' id='block_1_26' title="bbox 924 557 1712 597">
    <p class='ocr_par' dir='ltr' id='par_1_26' title="bbox 924 557 1712 597">
     <span class='ocr_line' id='line_1_26' title="bbox 924 557 1712 597; baseline 0.01 -16"><span class='ocrx_word' id='word_1_158' title='bbox 924 557 1071 584; x_wconf 85' lang='lat' dir='ltr'><strong>salubriter</strong></span> <span class='ocrx_word' id='word_1_159' title='bbox 1088 562 1261 593; x_wconf 86' lang='lat' dir='ltr'><strong>temperans,</strong></span> <span class='ocrx_word' id='word_1_160' title='bbox 1287 560 1388 588; x_wconf 88' lang='lat' dir='ltr'><strong>imbres</strong></span> <span class='ocrx_word' id='word_1_161' title='bbox 1407 561 1504 588; x_wconf 87' lang='lat' dir='ltr'><strong>idoneo</strong></span> <span class='ocrx_word' id='word_1_162' title='bbox 1521 567 1641 597; x_wconf 85' lang='lat' dir='ltr'><strong>tempore</strong></span> <span class='ocrx_word' id='word_1_163' title='bbox 1661 563 1712 590; x_wconf 84' lang='lat' dir='ltr'><strong>do-</strong></span> 
     </span>
    </p>
   </div>
   <div class='ocr_carea' id='block_1_27' title="bbox 923 606 1710 641">
    <p class='ocr_par' dir='ltr' id='par_1_27' title="bbox 923 606 1710 641">
     <span class='ocr_line' id='line_1_27' title="bbox 923 606 1710 641; baseline 0.009 -13"><span class='ocrx_word' id='word_1_164' title='bbox 923 610 1002 634; x_wconf 88' lang='lat' dir='ltr'><strong>nans,</strong></span> <span class='ocrx_word' id='word_1_165' title='bbox 1012 608 1107 630; x_wconf 85' lang='lat' dir='ltr'><strong>ventos</strong></span> <span class='ocrx_word' id='word_1_166' title='bbox 1116 609 1177 638; x_wconf 90' lang='lat' dir='ltr'><strong>apte</strong></span> <span class='ocrx_word' id='word_1_167' title='bbox 1190 613 1296 640; x_wconf 81' lang='lat' dir='ltr'><strong>regens,</strong></span> <span class='ocrx_word' id='word_1_168' title='bbox 1311 610 1409 633; x_wconf 91' lang='lat' dir='ltr'><strong>terram</strong></span> <span class='ocrx_word' id='word_1_169' title='bbox 1423 606 1580 641; x_wconf 77' lang='lat' dir='ltr'><strong>frugiferam</strong></span> <span class='ocrx_word' id='word_1_170' title='bbox 1596 608 1710 640; x_wconf 80' lang='lat' dir='ltr'><strong>faciens,</strong></span> 
     </span>
    </p>
   </div>
   <div class='ocr_carea' id='block_1_28' title="bbox 922 647 1713 689">
    <p class='ocr_par' dir='ltr' id='par_1_28' title="bbox 922 647 1713 689">
     <span class='ocr_line' id='line_1_28' title="bbox 922 647 1713 689; baseline 0.008 -14"><span class='ocrx_word' id='word_1_171' title='bbox 922 647 1073 676; x_wconf 88' lang='lat' dir='ltr'><strong>Ecclesiam</strong></span> <span class='ocrx_word' id='word_1_172' title='bbox 1087 652 1274 685; x_wconf 86' lang='lat' dir='ltr'><strong>tranquillam,</strong></span> <span class='ocrx_word' id='word_1_173' title='bbox 1289 652 1479 679; x_wconf 82' lang='lat' dir='ltr'><strong>orthodoxiam</strong></span> <span class='ocrx_word' id='word_1_174' title='bbox 1494 654 1612 685; x_wconf 84' lang='lat' dir='ltr'><strong>ﬁrmam,</strong></span> <span class='ocrx_word' id='word_1_175' title='bbox 1627 654 1713 689; x_wconf 85' lang='lat' dir='ltr'><strong>impe-</strong></span> 
     </span>
    </p>
   </div>
   <div class='ocr_carea' id='block_1_29' title="bbox 923 694 1713 734">
    <p class='ocr_par' dir='ltr' id='par_1_29' title="bbox 923 694 1713 734">
     <span class='ocr_line' id='line_1_29' title="bbox 923 694 1713 734; baseline 0.01 -15"><span class='ocrx_word' id='word_1_176' title='bbox 923 694 991 719; x_wconf 88' lang='lat' dir='ltr'><strong>rium</strong></span> <span class='ocrx_word' id='word_1_177' title='bbox 1009 698 1114 728; x_wconf 90' lang='lat' dir='ltr'><strong>tutum;</strong></span> <span class='ocrx_word' id='word_1_178' title='bbox 1133 696 1263 724; x_wconf 84' lang='lat' dir='ltr'><strong>barbaras</strong></span> <span class='ocrx_word' id='word_1_179' title='bbox 1284 702 1373 724; x_wconf 85' lang='lat' dir='ltr'><strong>autem</strong></span> <span class='ocrx_word' id='word_1_180' title='bbox 1390 703 1483 733; x_wconf 86' lang='lat' dir='ltr'><strong>gentes</strong></span> <span class='ocrx_word' id='word_1_181' title='bbox 1500 699 1578 734; x_wconf 83' lang='lat' dir='ltr'><strong>longe</strong></span> <span class='ocrx_word' id='word_1_182' title='bbox 1600 701 1713 727; x_wconf 79' lang='lat' dir='ltr'><strong>submo-</strong></span> 
     </span>
    </p>
   </div>
   <div class='ocr_carea' id='block_1_30' title="bbox 922 739 1713 778">
    <p class='ocr_par' dir='ltr' id='par_1_30' title="bbox 922 739 1713 778">
     <span class='ocr_line' id='line_1_30' title="bbox 922 739 1713 778; baseline 0.01 -15"><span class='ocrx_word' id='word_1_183' title='bbox 922 744 998 770; x_wconf 85' lang='lat' dir='ltr'><strong>veus,</strong></span> <span class='ocrx_word' id='word_1_184' title='bbox 1014 739 1171 767; x_wconf 86' lang='lat' dir='ltr'><strong>universum</strong></span> <span class='ocrx_word' id='word_1_185' title='bbox 1182 740 1282 769; x_wconf 87' lang='lat' dir='ltr'><strong>Christi</strong></span> <span class='ocrx_word' id='word_1_186' title='bbox 1294 743 1422 776; x_wconf 85' lang='lat' dir='ltr'><strong>populum</strong></span> <span class='ocrx_word' id='word_1_187' title='bbox 1435 748 1577 778; x_wconf 68' lang='lat' dir='ltr'><strong>protegens</strong></span> <span class='ocrx_word' id='word_1_188' title='bbox 1589 753 1595 776; x_wconf 92' lang='lat'>;</span> <span class='ocrx_word' id='word_1_189' title='bbox 1610 750 1713 778; x_wconf 77' lang='lat' dir='ltr'><strong>postre-</strong></span> 
     </span>
    </p>
   </div>
   <div class='ocr_carea' id='block_1_31' title="bbox 922 786 1710 820">
    <p class='ocr_par' dir='ltr' id='par_1_31' title="bbox 922 786 1710 820">
     <span class='ocr_line' id='line_1_31' title="bbox 922 786 1710 820; baseline 0.01 -12"><span class='ocrx_word' id='word_1_190' title='bbox 922 789 967 808; x_wconf 91' lang='lat' dir='ltr'><strong>mo</strong></span> <span class='ocrx_word' id='word_1_191' title='bbox 980 790 1045 809; x_wconf 67' lang='lat' dir='ltr'><strong>meae</strong></span> <span class='ocrx_word' id='word_1_192' title='bbox 1060 791 1169 819; x_wconf 89' lang='lat' dir='ltr'><strong>quoque</strong></span> <span class='ocrx_word' id='word_1_193' title='bbox 1188 786 1309 813; x_wconf 68' lang='lat' dir='ltr'><strong>audacia:</strong></span> <span class='ocrx_word' id='word_1_194' title='bbox 1324 794 1447 820; x_wconf 80' lang='lat' dir='ltr'><strong>parcens.</strong></span> <span class='ocrx_word' id='word_1_195' title='bbox 1466 786 1554 814; x_wconf 88' lang='lat' dir='ltr'><strong>Tuum</strong></span> <span class='ocrx_word' id='word_1_196' title='bbox 1574 790 1644 816; x_wconf 79' lang='lat' dir='ltr'><strong>enim</strong></span> <span class='ocrx_word' id='word_1_197' title='bbox 1660 790 1710 816; x_wconf 88' lang='lat' dir='ltr'><strong>hoc</strong></span> 
     </span>
    </p>
   </div>
   <div class='ocr_carea' id='block_1_32' title="bbox 925 826 1714 868">
    <p class='ocr_par' dir='ltr' id='par_1_32' title="bbox 925 826 1714 868">
     <span class='ocr_line' id='line_1_32' title="bbox 925 826 1714 868; baseline 0.01 -14"><span class='ocrx_word' id='word_1_198' title='bbox 925 826 978 854; x_wconf 86' lang='lat' dir='ltr'><strong>fuit</strong></span> <span class='ocrx_word' id='word_1_199' title='bbox 992 828 1102 856; x_wconf 68' lang='lat' dir='ltr'><strong>etl‘atum</strong></span> <span class='ocrx_word' id='word_1_200' title='bbox 1117 839 1124 856; x_wconf 72' lang='grc' dir='ltr'><strong>ε</strong></span> <span class='ocrx_word' id='word_1_201' title='bbox 1141 830 1192 863; x_wconf 83' lang='grc' dir='ltr'>Τιι,</span> <span class='ocrx_word' id='word_1_202' title='bbox 1209 831 1295 858; x_wconf 82' lang='lat' dir='ltr'><strong>Mater</strong></span> <span class='ocrx_word' id='word_1_203' title='bbox 1312 831 1369 863; x_wconf 84' lang='lat' dir='ltr'><strong>Dei,</strong></span> <span class='ocrx_word' id='word_1_204' title='bbox 1385 833 1541 867; x_wconf 87' lang='lat' dir='ltr'><strong>prophetice</strong></span> <span class='ocrx_word' id='word_1_205' title='bbox 1554 836 1625 868; x_wconf 77' lang='lat' dir='ltr'><strong>quod</strong></span> <span class='ocrx_word' id='word_1_206' title='bbox 1643 834 1714 862; x_wconf 88' lang='lat' dir='ltr'><strong>futu-</strong></span> 
     </span>
    </p>
   </div>
   <div class='ocr_carea' id='block_1_33' title="bbox 920 875 1714 912">
    <p class='ocr_par' dir='ltr' id='par_1_33' title="bbox 920 875 1714 912">
     <span class='ocr_line' id='line_1_33' title="bbox 920 875 1714 912; baseline 0.008 -12"><span class='ocrx_word' id='word_1_207' title='bbox 920 881 980 900; x_wconf 92' lang='lat' dir='ltr'><strong>rum</strong></span> <span class='ocrx_word' id='word_1_208' title='bbox 992 875 1179 904; x_wconf 85' lang='lat' dir='ltr'><strong>eratcecinisti</strong></span> <span class='ocrx_word' id='word_1_209' title='bbox 1196 885 1202 902; x_wconf 89' lang='lat'>:</span> <span class='ocrx_word' id='word_1_210' title='bbox 1220 876 1287 904; x_wconf 75' lang='lat' dir='ltr'><strong>Ecce</strong></span> <span class='ocrx_word' id='word_1_211' title='bbox 1302 877 1384 908; x_wconf 87' lang='lat' dir='ltr'><strong>enim,</strong></span> <span class='ocrx_word' id='word_1_212' title='bbox 1395 878 1530 912; x_wconf 89' lang='lat' dir='ltr'><strong>inquiens,</strong></span> <span class='ocrx_word' id='word_1_213' title='bbox 1545 887 1576 906; x_wconf 75' lang='lat' dir='ltr'><strong>ea:</strong></span> <span class='ocrx_word' id='word_1_214' title='bbox 1587 880 1633 905; x_wconf 79' lang='lat' dir='ltr'><strong>hor.</strong></span> <span class='ocrx_word' id='word_1_215' title='bbox 1646 885 1714 906; x_wconf 87' lang='lat' dir='ltr'><strong>tem-</strong></span> 
     </span>
    </p>
   </div>
   <div class='ocr_carea' id='block_1_34' title="bbox 83 912 868 957">
    <p class='ocr_par' dir='ltr' id='par_1_34' title="bbox 83 912 868 955">
     <span class='ocr_line' id='line_1_34' title="bbox 83 912 868 955; baseline 0.017 -17"><span class='ocrx_word' id='word_1_216' title='bbox 83 912 134 943; x_wconf 72' lang='grc' dir='ltr'><strong>κῶς</strong></span> <span class='ocrx_word' id='word_1_217' title='bbox 159 914 339 950; x_wconf 74' lang='grc' dir='ltr'>ὲμελῴδησας</span> <span class='ocrx_word' id='word_1_218' title='bbox 351 925 359 932; x_wconf 72' lang='grc'><strong><em>⁸</em></strong></span> <span class='ocrx_word' id='word_1_219' title='bbox 382 917 455 946; x_wconf 81' lang='grc' dir='ltr'><strong>Ἰδοὺ</strong></span> <span class='ocrx_word' id='word_1_220' title='bbox 474 919 538 953; x_wconf 76' lang='grc' dir='ltr'>γὰρ,</span> <span class='ocrx_word' id='word_1_221' title='bbox 561 922 653 955; x_wconf 74' lang='grc' dir='ltr'>φησὶν,</span> <span class='ocrx_word' id='word_1_222' title='bbox 667 922 725 948; x_wconf 80' lang='grc' dir='ltr'><strong>ἀπὸ</strong></span> <span class='ocrx_word' id='word_1_223' title='bbox 739 923 791 949; x_wconf 83' lang='grc' dir='ltr'><strong>τοῦ</strong></span> <span class='ocrx_word' id='word_1_224' title='bbox 810 912 868 951; x_wconf 46' lang='lat' dir='ltr'><strong>fﬁr-</strong></span> 
     </span>
    </p>
   </div>
   <div class='ocr_carea' id='block_1_35' title="bbox 918 912 1712 957">
    <p class='ocr_par' dir='ltr' id='par_1_35' title="bbox 920 920 1712 957">
     <span class='ocr_line' id='line_1_35' title="bbox 920 920 1712 957; baseline 0.008 -12"><span class='ocrx_word' id='word_1_225' title='bbox 920 927 984 954; x_wconf 87' lang='lat' dir='ltr'><strong>pore</strong></span> <span class='ocrx_word' id='word_1_226' title='bbox 1000 920 1102 946; x_wconf 81' lang='lat' dir='ltr'><strong>beatam</strong></span> <span class='ocrx_word' id='word_1_227' title='bbox 1123 929 1162 947; x_wconf 87' lang='lat' dir='ltr'><strong>me</strong></span> <span class='ocrx_word' id='word_1_228' title='bbox 1184 922 1269 948; x_wconf 77' lang='lat' dir='ltr'><strong>dicent</strong></span> <span class='ocrx_word' id='word_1_229' title='bbox 1285 930 1372 949; x_wconf 72' lang='lat' dir='ltr'><strong>omnes</strong></span> <span class='ocrx_word' id='word_1_230' title='bbox 1389 924 1566 956; x_wconf 75' lang='lat' dir='ltr'><strong>generationes</strong></span> <span class='ocrx_word' id='word_1_231' title='bbox 1583 924 1632 951; x_wconf 69' lang='grc'><strong>³⁸⁸.</strong></span> <span class='ocrx_word' id='word_1_232' title='bbox 1645 924 1712 957; x_wconf 77' lang='lat' dir='ltr'><strong>Quia</strong></span> 
     </span>
    </p>
   </div>
   <div class='ocr_carea' id='block_1_36' title="bbox 81 959 870 1004">
    <p class='ocr_par' dir='ltr' id='par_1_36' title="bbox 81 959 870 1004">
     <span class='ocr_line' id='line_1_36' title="bbox 81 959 870 1004; baseline 0.016 -21"><span class='ocrx_word' id='word_1_233' title='bbox 81 959 264 992; x_wconf 77' lang='grc' dir='ltr'>[ιιικαριοῦσι</span> <span class='ocrx_word' id='word_1_234' title='bbox 272 969 312 995; x_wconf 80' lang='grc' dir='ltr'>με</span> <span class='ocrx_word' id='word_1_235' title='bbox 328 961 423 991; x_wconf 74' lang='grc' dir='ltr'>πᾶσαι</span> <span class='ocrx_word' id='word_1_236' title='bbox 437 964 467 990; x_wconf 85' lang='lat' dir='ltr'><strong>al</strong></span> <span class='ocrx_word' id='word_1_237' title='bbox 483 965 581 998; x_wconf 72' lang='grc' dir='ltr'>γενεαί</span> <span class='ocrx_word' id='word_1_238' title='bbox 594 974 600 980; x_wconf 94' lang='grc'><strong>·</strong></span> <span class='ocrx_word' id='word_1_239' title='bbox 619 967 680 993; x_wconf 73' lang='grc' dir='ltr'><strong>ἐπεὶ</strong></span> <span class='ocrx_word' id='word_1_240' title='bbox 696 966 742 994; x_wconf 84' lang='grc' dir='ltr'>οὖν</span> <span class='ocrx_word' id='word_1_241' title='bbox 754 969 801 1004; x_wconf 83' lang='grc' dir='ltr'><strong>οὐχ</strong></span> <span class='ocrx_word' id='word_1_242' title='bbox 814 968 870 996; x_wconf 75' lang='grc' dir='ltr'>οἷόν</span> 
     </span>
    </p>
   </div>
   <div class='ocr_carea' id='block_1_37' title="bbox 82 1004 870 1046">
    <p class='ocr_par' dir='ltr' id='par_1_37' title="bbox 82 1004 870 1046">
     <span class='ocr_line' id='line_1_37' title="bbox 82 1004 870 1046; baseline 0.015 -17"><span class='ocrx_word' id='word_1_243' title='bbox 82 1011 110 1029; x_wconf 83' lang='grc' dir='ltr'><strong>τε</strong></span> <span class='ocrx_word' id='word_1_244' title='bbox 135 1004 296 1032; x_wconf 74' lang='grc' dir='ltr'>διαπῖπτειν</span> <span class='ocrx_word' id='word_1_245' title='bbox 321 1015 368 1035; x_wconf 85' lang='grc' dir='ltr'><strong>σου</strong></span> <span class='ocrx_word' id='word_1_246' title='bbox 402 1008 448 1035; x_wconf 81' lang='grc' dir='ltr'>τὸν</span> <span class='ocrx_word' id='word_1_247' title='bbox 474 1009 641 1045; x_wconf 85' lang='grc' dir='ltr'>θεόφραστον</span> <span class='ocrx_word' id='word_1_248' title='bbox 666 1012 753 1046; x_wconf 81' lang='grc' dir='ltr'>λόγον,</span> <span class='ocrx_word' id='word_1_249' title='bbox 781 1014 870 1046; x_wconf 80' lang='grc' dir='ltr'>δέξαιο</span> 
     </span>
    </p>
   </div>
   <div class='ocr_carea' id='block_1_38' title="bbox 84 1050 870 1096">
    <p class='ocr_par' dir='ltr' id='par_1_38' title="bbox 84 1050 870 1096">
     <span class='ocr_line' id='line_1_38' title="bbox 84 1050 870 1096; baseline 0.015 -20"><span class='ocrx_word' id='word_1_250' title='bbox 84 1050 169 1085; x_wconf 76' lang='grc' dir='ltr'>κάμοῦ</span> <span class='ocrx_word' id='word_1_251' title='bbox 190 1051 240 1078; x_wconf 81' lang='grc' dir='ltr'><strong>τοῦ</strong></span> <span class='ocrx_word' id='word_1_252' title='bbox 262 1053 373 1085; x_wconf 80' lang='grc' dir='ltr'>ἀναξίου</span> <span class='ocrx_word' id='word_1_253' title='bbox 399 1063 446 1081; x_wconf 89' lang='grc' dir='ltr'><strong>σου</strong></span> <span class='ocrx_word' id='word_1_254' title='bbox 464 1056 569 1083; x_wconf 79' lang='grc' dir='ltr'>οἰκέτου</span> <span class='ocrx_word' id='word_1_255' title='bbox 591 1058 639 1092; x_wconf 76' lang='grc' dir='ltr'>τὴν</span> <span class='ocrx_word' id='word_1_256' title='bbox 660 1059 730 1085; x_wconf 77' lang='grc' dir='ltr'>κατὰ</span> <span class='ocrx_word' id='word_1_257' title='bbox 756 1060 870 1096; x_wconf 82' lang='grc' dir='ltr'>δύναμιν</span> 
     </span>
    </p>
   </div>
   <div class='ocr_carea' id='block_1_39' title="bbox 84 1097 871 1138">
    <p class='ocr_par' dir='ltr' id='par_1_39' title="bbox 84 1097 871 1138">
     <span class='ocr_line' id='line_1_39' title="bbox 84 1097 871 1138; baseline 0.017 -17"><span class='ocrx_word' id='word_1_258' title='bbox 84 1097 249 1132; x_wconf 68' lang='grc' dir='ltr'>πρόσρησιν·</span> <span class='ocrx_word' id='word_1_259' title='bbox 262 1099 309 1125; x_wconf 81' lang='grc' dir='ltr'><strong>καὶ</strong></span> <span class='ocrx_word' id='word_1_260' title='bbox 331 1099 457 1134; x_wconf 75' lang='grc' dir='ltr'><strong>Ἀπόδος</strong></span> <span class='ocrx_word' id='word_1_261' title='bbox 475 1101 533 1135; x_wconf 81' lang='grc' dir='ltr'><strong>τὴν</strong></span> <span class='ocrx_word' id='word_1_262' title='bbox 546 1103 730 1138; x_wconf 60' lang='lat' dir='ltr'><strong>(traulth</strong></span> <span class='ocrx_word' id='word_1_263' title='bbox 745 1106 798 1133; x_wconf 82' lang='grc' dir='ltr'><strong>τοῦ</strong></span> <span class='ocrx_word' id='word_1_264' title='bbox 814 1115 871 1134; x_wconf 86' lang='grc' dir='ltr'>σω-</span> 
     </span>
    </p>
   </div>
   <div class='ocr_carea' id='block_1_40' title="bbox 85 1143 872 1188">
    <p class='ocr_par' dir='ltr' id='par_1_40' title="bbox 85 1143 872 1188">
     <span class='ocr_line' id='line_1_40' title="bbox 85 1143 872 1188; baseline 0.017 -21"><span class='ocrx_word' id='word_1_265' title='bbox 85 1143 182 1176; x_wconf 80' lang='grc' dir='ltr'>τηρίου</span> <span class='ocrx_word' id='word_1_266' title='bbox 198 1151 274 1172; x_wconf 85' lang='grc' dir='ltr'>σου·</span> <span class='ocrx_word' id='word_1_267' title='bbox 293 1145 382 1174; x_wconf 79' lang='grc' dir='ltr'>σθένει</span> <span class='ocrx_word' id='word_1_268' title='bbox 396 1156 425 1174; x_wconf 84' lang='grc' dir='ltr'><strong>τε</strong></span> <span class='ocrx_word' id='word_1_269' title='bbox 444 1147 498 1174; x_wconf 88' lang='grc' dir='ltr'>τῶν</span> <span class='ocrx_word' id='word_1_270' title='bbox 515 1150 667 1183; x_wconf 74' lang='grc' dir='ltr'>πρεσίειῶν</span> <span class='ocrx_word' id='word_1_271' title='bbox 685 1160 731 1177; x_wconf 86' lang='grc' dir='ltr'><strong>σου</strong></span> <span class='ocrx_word' id='word_1_272' title='bbox 746 1153 872 1188; x_wconf 78' lang='grc' dir='ltr'>στήριξὸν</span> 
     </span>
    </p>
   </div>
   <div class='ocr_carea' id='block_1_41' title="bbox 86 1190 870 1235">
    <p class='ocr_par' dir='ltr' id='par_1_41' title="bbox 86 1190 870 1235">
     <span class='ocr_line' id='line_1_41' title="bbox 86 1190 870 1235; baseline 0.014 -20"><span class='ocrx_word' id='word_1_273' title='bbox 86 1190 177 1222; x_wconf 75' lang='grc' dir='ltr'>με,σίΝ</span> <span class='ocrx_word' id='word_1_274' title='bbox 187 1191 226 1226; x_wconf 84' lang='grc' dir='ltr'>τῷ</span> <span class='ocrx_word' id='word_1_275' title='bbox 234 1191 390 1229; x_wconf 76' lang='grc' dir='ltr'>διαφέροντί</span> <span class='ocrx_word' id='word_1_276' title='bbox 405 1203 450 1228; x_wconf 90' lang='grc' dir='ltr'><strong>μοι</strong></span> <span class='ocrx_word' id='word_1_277' title='bbox 461 1195 558 1229; x_wconf 73' lang='grc' dir='ltr'>Πατρὶ,</span> <span class='ocrx_word' id='word_1_278' title='bbox 568 1197 614 1222; x_wconf 82' lang='grc' dir='ltr'>καὶ</span> <span class='ocrx_word' id='word_1_279' title='bbox 627 1198 659 1233; x_wconf 80' lang='grc' dir='ltr'>τῇ</span> <span class='ocrx_word' id='word_1_280' title='bbox 673 1198 870 1235; x_wconf 78' lang='grc' dir='ltr'>ἀνατεθειμένῃ</span> 
     </span>
    </p>
   </div>
   <div class='ocr_carea' id='block_1_42' title="bbox 85 1237 871 1281">
    <p class='ocr_par' dir='ltr' id='par_1_42' title="bbox 85 1237 871 1281">
     <span class='ocr_line' id='line_1_42' title="bbox 85 1237 871 1281; baseline 0.014 -20"><span class='ocrx_word' id='word_1_281' title='bbox 85 1237 182 1273; x_wconf 82' lang='grc' dir='ltr'><strong>ποίμνῃ</strong></span> <span class='ocrx_word' id='word_1_282' title='bbox 193 1245 200 1252; x_wconf 92' lang='grc'><strong>·</strong></span> <span class='ocrx_word' id='word_1_283' title='bbox 213 1239 244 1265; x_wconf 81' lang='grc' dir='ltr'><strong>ὲν</strong></span> <span class='ocrx_word' id='word_1_284' title='bbox 255 1239 365 1275; x_wconf 81' lang='grc' dir='ltr'>Χριστῷ</span> <span class='ocrx_word' id='word_1_285' title='bbox 380 1240 467 1275; x_wconf 83' lang='grc' dir='ltr'>Ἰησοῦ</span> <span class='ocrx_word' id='word_1_286' title='bbox 481 1242 519 1276; x_wconf 86' lang='grc' dir='ltr'>τῷ</span> <span class='ocrx_word' id='word_1_287' title='bbox 533 1243 628 1278; x_wconf 78' lang='grc' dir='ltr'>Κυρίῳ</span> <span class='ocrx_word' id='word_1_288' title='bbox 640 1244 728 1279; x_wconf 78' lang='grc' dir='ltr'>ἡμῶν,</span> <span class='ocrx_word' id='word_1_289' title='bbox 741 1241 762 1279; x_wconf 81' lang='grc' dir='ltr'><strong>ᾧ</strong></span> <span class='ocrx_word' id='word_1_290' title='bbox 779 1247 794 1281; x_wconf 85' lang='grc' dir='ltr'><strong>ἡ</strong></span> <span class='ocrx_word' id='word_1_291' title='bbox 809 1246 871 1278; x_wconf 77' lang='grc' dir='ltr'><strong>δόξα</strong></span> 
     </span>
    </p>
   </div>
   <div class='ocr_carea' id='block_1_43' title="bbox 85 1283 871 1326">
    <p class='ocr_par' dir='ltr' id='par_1_43' title="bbox 85 1283 871 1326">
     <span class='ocr_line' id='line_1_43' title="bbox 85 1283 871 1326; baseline 0.013 -18"><span class='ocrx_word' id='word_1_292' title='bbox 85 1283 127 1308; x_wconf 80' lang='grc' dir='ltr'><strong>καὶ</strong></span> <span class='ocrx_word' id='word_1_293' title='bbox 143 1284 159 1318; x_wconf 82' lang='grc' dir='ltr'><strong>ἡ</strong></span> <span class='ocrx_word' id='word_1_294' title='bbox 175 1284 244 1319; x_wconf 82' lang='grc' dir='ltr'>τιμὴ</span> <span class='ocrx_word' id='word_1_295' title='bbox 258 1287 305 1312; x_wconf 76' lang='grc' dir='ltr'><strong>καὶ</strong></span> <span class='ocrx_word' id='word_1_296' title='bbox 317 1286 346 1312; x_wconf 84' lang='grc' dir='ltr'>τὸ</span> <span class='ocrx_word' id='word_1_297' title='bbox 363 1287 463 1321; x_wconf 81' lang='grc' dir='ltr'>κράτος</span> <span class='ocrx_word' id='word_1_298' title='bbox 490 1288 539 1314; x_wconf 77' lang='grc' dir='ltr'><strong>σὺν</strong></span> <span class='ocrx_word' id='word_1_299' title='bbox 552 1288 590 1323; x_wconf 78' lang='grc' dir='ltr'>τῷ</span> <span class='ocrx_word' id='word_1_300' title='bbox 602 1291 801 1326; x_wconf 75' lang='grc' dir='ltr'>παντοκράτορι</span> <span class='ocrx_word' id='word_1_301' title='bbox 815 1293 871 1318; x_wconf 88' lang='grc' dir='ltr'><strong>Πα-</strong></span> 
     </span>
    </p>
   </div>
   <div class='ocr_carea' id='block_1_44' title="bbox 84 1328 868 1370">
    <p class='ocr_par' dir='ltr' id='par_1_44' title="bbox 84 1328 868 1370">
     <span class='ocr_line' id='line_1_44' title="bbox 84 1328 868 1370; baseline 0.014 -16"><span class='ocrx_word' id='word_1_302' title='bbox 84 1328 125 1362; x_wconf 79' lang='grc' dir='ltr'><strong>τρὶ</strong></span> <span class='ocrx_word' id='word_1_303' title='bbox 139 1330 185 1356; x_wconf 72' lang='grc' dir='ltr'><strong>καὶ</strong></span> <span class='ocrx_word' id='word_1_304' title='bbox 198 1330 238 1365; x_wconf 84' lang='grc' dir='ltr'><strong>τῷ</strong></span> <span class='ocrx_word' id='word_1_305' title='bbox 255 1330 382 1367; x_wconf 79' lang='grc' dir='ltr'>ζωοποιῷ</span> <span class='ocrx_word' id='word_1_306' title='bbox 397 1333 547 1369; x_wconf 80' lang='grc' dir='ltr'>Πνεύματι,</span> <span class='ocrx_word' id='word_1_307' title='bbox 564 1334 611 1362; x_wconf 83' lang='grc' dir='ltr'>νῦν</span> <span class='ocrx_word' id='word_1_308' title='bbox 628 1336 674 1363; x_wconf 80' lang='grc' dir='ltr'>καὶ</span> <span class='ocrx_word' id='word_1_309' title='bbox 696 1337 739 1363; x_wconf 82' lang='grc' dir='ltr'><strong>ἀεὶ</strong></span> <span class='ocrx_word' id='word_1_310' title='bbox 756 1338 805 1364; x_wconf 77' lang='grc' dir='ltr'><strong>καὶ</strong></span> <span class='ocrx_word' id='word_1_311' title='bbox 828 1339 868 1370; x_wconf 79' lang='grc' dir='ltr'>είς</span> 
     </span>
    </p>
   </div>
   <div class='ocr_carea' id='block_1_45' title="bbox 83 1374 575 1415">
    <p class='ocr_par' dir='ltr' id='par_1_45' title="bbox 83 1374 575 1415">
     <span class='ocr_line' id='line_1_45' title="bbox 83 1374 575 1415; baseline 0.018 -17"><span class='ocrx_word' id='word_1_312' title='bbox 83 1374 141 1405; x_wconf 77' lang='grc' dir='ltr'>τοὺς</span> <span class='ocrx_word' id='word_1_313' title='bbox 156 1375 261 1408; x_wconf 72' lang='grc' dir='ltr'>αἰῶνας</span> <span class='ocrx_word' id='word_1_314' title='bbox 275 1376 330 1404; x_wconf 86' lang='grc' dir='ltr'>τῶν</span> <span class='ocrx_word' id='word_1_315' title='bbox 344 1377 459 1406; x_wconf 76' lang='grc' dir='ltr'>αἰώνων.</span> <span class='ocrx_word' id='word_1_316' title='bbox 480 1379 575 1415; x_wconf 83' lang='grc' dir='ltr'>Ἀμήν.</span> 
     </span>
    </p>
   </div>
   <div class='ocr_carea' id='block_1_46' title="bbox 129 1477 812 1521">
    <p class='ocr_par' dir='ltr' id='par_1_46' title="bbox 129 1477 812 1521">
     <span class='ocr_line' id='line_1_46' title="bbox 129 1477 812 1521; baseline 0.015 -17"><span class='ocrx_word' id='word_1_317' title='bbox 129 1477 178 1512; x_wconf 73' lang='grc' dir='ltr'><strong>Εἰς</strong></span> <span class='ocrx_word' id='word_1_318' title='bbox 190 1480 249 1514; x_wconf 75' lang='grc' dir='ltr'><strong>τὴν</strong></span> <span class='ocrx_word' id='word_1_319' title='bbox 264 1480 396 1513; x_wconf 81' lang='grc' dir='ltr'>σύναξιν</span> <span class='ocrx_word' id='word_1_320' title='bbox 407 1481 467 1508; x_wconf 75' lang='grc' dir='ltr'><strong>τῶν</strong></span> <span class='ocrx_word' id='word_1_321' title='bbox 481 1484 630 1517; x_wconf 78' lang='grc' dir='ltr'><strong>οὐρανίων</strong></span> <span class='ocrx_word' id='word_1_322' title='bbox 647 1486 812 1521; x_wconf 74' lang='grc' dir='ltr'>ταγμάτων.</span> 
     </span>
    </p>
   </div>
   <div class='ocr_carea' id='block_1_47' title="bbox 923 965 1710 1003">
    <p class='ocr_par' dir='ltr' id='par_1_47' title="bbox 923 965 1710 1003">
     <span class='ocr_line' id='line_1_47' title="bbox 923 965 1710 1003; baseline 0.006 -13"><span class='ocrx_word' id='word_1_323' title='bbox 923 965 1004 1000; x_wconf 89' lang='lat' dir='ltr'><strong>igitur</strong></span> <span class='ocrx_word' id='word_1_324' title='bbox 1013 965 1142 992; x_wconf 86' lang='lat' dir='ltr'><strong>divinitus</strong></span> <span class='ocrx_word' id='word_1_325' title='bbox 1151 966 1281 1000; x_wconf 85' lang='lat' dir='ltr'><strong>inspirata</strong></span> <span class='ocrx_word' id='word_1_326' title='bbox 1290 967 1371 994; x_wconf 83' lang='lat' dir='ltr'><strong>verba</strong></span> <span class='ocrx_word' id='word_1_327' title='bbox 1380 972 1424 994; x_wconf 84' lang='lat' dir='ltr'><strong>tua</strong></span> <span class='ocrx_word' id='word_1_328' title='bbox 1432 968 1555 995; x_wconf 79' lang='lat' dir='ltr'><strong>excidere</strong></span> <span class='ocrx_word' id='word_1_329' title='bbox 1564 974 1710 1003; x_wconf 84' lang='lat' dir='ltr'><strong>nequeunt,</strong></span> 
     </span>
    </p>
   </div>
   <div class='ocr_carea' id='block_1_48' title="bbox 923 1009 1712 1047">
    <p class='ocr_par' dir='ltr' id='par_1_48' title="bbox 923 1009 1712 1047">
     <span class='ocr_line' id='line_1_48' title="bbox 923 1009 1712 1047; baseline 0.008 -13"><span class='ocrx_word' id='word_1_330' title='bbox 923 1010 1015 1042; x_wconf 83' lang='lat' dir='ltr'><strong>recipe</strong></span> <span class='ocrx_word' id='word_1_331' title='bbox 1036 1009 1088 1036; x_wconf 90' lang='lat' dir='ltr'><strong>mei</strong></span> <span class='ocrx_word' id='word_1_332' title='bbox 1113 1018 1223 1045; x_wconf 87' lang='lat' dir='ltr'><strong>quoque</strong></span> <span class='ocrx_word' id='word_1_333' title='bbox 1239 1010 1340 1046; x_wconf 79' lang='lat' dir='ltr'><strong>indigni</strong></span> <span class='ocrx_word' id='word_1_334' title='bbox 1363 1011 1457 1038; x_wconf 81' lang='lat' dir='ltr'><strong>famuli</strong></span> <span class='ocrx_word' id='word_1_335' title='bbox 1473 1013 1528 1044; x_wconf 79' lang='lat' dir='ltr'><strong>tui,</strong></span> <span class='ocrx_word' id='word_1_336' title='bbox 1554 1020 1635 1047; x_wconf 90' lang='lat' dir='ltr'><strong>quam</strong></span> <span class='ocrx_word' id='word_1_337' title='bbox 1663 1020 1712 1047; x_wconf 88' lang='lat' dir='ltr'><strong>pro</strong></span> 
     </span>
    </p>
   </div>
   <div class='ocr_carea' id='block_1_49' title="bbox 923 1055 1712 1088">
    <p class='ocr_par' dir='ltr' id='par_1_49' title="bbox 923 1055 1712 1088">
     <span class='ocr_line' id='line_1_49' title="bbox 923 1055 1712 1088; baseline 0.005 -7"><span class='ocrx_word' id='word_1_338' title='bbox 923 1055 1026 1082; x_wconf 88' lang='lat' dir='ltr'><strong>viribus</strong></span> <span class='ocrx_word' id='word_1_339' title='bbox 1043 1055 1110 1088; x_wconf 88' lang='lat' dir='ltr'><strong>dixi,</strong></span> <span class='ocrx_word' id='word_1_340' title='bbox 1122 1057 1274 1083; x_wconf 87' lang='lat' dir='ltr'><strong>orationem</strong></span> <span class='ocrx_word' id='word_1_341' title='bbox 1294 1066 1299 1083; x_wconf 92' lang='lat'>:</span> <span class='ocrx_word' id='word_1_342' title='bbox 1318 1064 1344 1084; x_wconf 81' lang='lat' dir='ltr'><strong>et</strong></span> <span class='ocrx_word' id='word_1_343' title='bbox 1356 1057 1441 1085; x_wconf 79' lang='lat' dir='ltr'><strong>Redde</strong></span> <span class='ocrx_word' id='word_1_344' title='bbox 1451 1058 1571 1085; x_wconf 75' lang='lat' dir='ltr'><strong>lwtitiam</strong></span> <span class='ocrx_word' id='word_1_345' title='bbox 1584 1059 1712 1086; x_wconf 79' lang='lat' dir='ltr'><strong>salutaris</strong></span> 
     </span>
    </p>
   </div>
   <div class='ocr_carea' id='block_1_50' title="bbox 924 1099 1710 1135">
    <p class='ocr_par' dir='ltr' id='par_1_50' title="bbox 924 1099 1710 1135">
     <span class='ocr_line' id='line_1_50' title="bbox 924 1099 1710 1135; baseline 0.005 -9"><span class='ocrx_word' id='word_1_346' title='bbox 924 1100 963 1126; x_wconf 85' lang='lat' dir='ltr'><strong>tui</strong></span> <span class='ocrx_word' id='word_1_347' title='bbox 975 1099 1042 1128; x_wconf 57' lang='grc' dir='ltr'><strong>ὀμ.</strong></span> <span class='ocrx_word' id='word_1_348' title='bbox 1057 1099 1171 1128; x_wconf 86' lang='lat' dir='ltr'><strong>Precum</strong></span> <span class='ocrx_word' id='word_1_349' title='bbox 1186 1106 1293 1129; x_wconf 88' lang='lat' dir='ltr'><strong>tuarum</strong></span> <span class='ocrx_word' id='word_1_350' title='bbox 1314 1103 1411 1129; x_wconf 90' lang='lat' dir='ltr'><strong>robore</strong></span> <span class='ocrx_word' id='word_1_351' title='bbox 1426 1103 1556 1130; x_wconf 77' lang='lat' dir='ltr'><strong>confirma</strong></span> <span class='ocrx_word' id='word_1_352' title='bbox 1571 1111 1613 1130; x_wconf 88' lang='lat' dir='ltr'><strong>me</strong></span> <span class='ocrx_word' id='word_1_353' title='bbox 1626 1124 1634 1135; x_wconf 79' lang='lat'><strong>,</strong></span> <span class='ocrx_word' id='word_1_354' title='bbox 1650 1112 1710 1131; x_wconf 88' lang='lat' dir='ltr'><strong>cum</strong></span> 
     </span>
    </p>
   </div>
   <div class='ocr_carea' id='block_1_51' title="bbox 924 1147 1710 1184">
    <p class='ocr_par' dir='ltr' id='par_1_51' title="bbox 924 1147 1710 1184">
     <span class='ocr_line' id='line_1_51' title="bbox 924 1147 1710 1184; baseline 0.006 -13"><span class='ocrx_word' id='word_1_355' title='bbox 924 1147 1038 1180; x_wconf 64' lang='lat' dir='ltr'><strong>prmsule</strong></span> <span class='ocrx_word' id='word_1_356' title='bbox 1057 1155 1119 1174; x_wconf 90' lang='lat' dir='ltr'><strong>meo</strong></span> <span class='ocrx_word' id='word_1_357' title='bbox 1139 1153 1262 1182; x_wconf 80' lang='lat' dir='ltr'><strong>parante,</strong></span> <span class='ocrx_word' id='word_1_358' title='bbox 1280 1153 1306 1175; x_wconf 87' lang='lat' dir='ltr'><strong>et</strong></span> <span class='ocrx_word' id='word_1_359' title='bbox 1321 1151 1383 1176; x_wconf 78' lang='lat' dir='ltr'><strong>(ium</strong></span> <span class='ocrx_word' id='word_1_360' title='bbox 1397 1157 1477 1184; x_wconf 82' lang='lat' dir='ltr'><strong>grege</strong></span> <span class='ocrx_word' id='word_1_361' title='bbox 1496 1149 1644 1177; x_wconf 81' lang='lat' dir='ltr'><strong>commisso</strong></span> <span class='ocrx_word' id='word_1_362' title='bbox 1659 1159 1665 1176; x_wconf 72' lang='grc' dir='ltr'>ε</span> <span class='ocrx_word' id='word_1_363' title='bbox 1684 1150 1710 1176; x_wconf 93' lang='lat' dir='ltr'><strong>in</strong></span> 
     </span>
    </p>
   </div>
   <div class='ocr_carea' id='block_1_52' title="bbox 922 1192 1711 1227">
    <p class='ocr_par' dir='ltr' id='par_1_52' title="bbox 922 1192 1711 1227">
     <span class='ocr_line' id='line_1_52' title="bbox 922 1192 1711 1227; baseline 0.004 -10"><span class='ocrx_word' id='word_1_364' title='bbox 922 1192 1032 1219; x_wconf 77' lang='lat' dir='ltr'><strong>Christo</strong></span> <span class='ocrx_word' id='word_1_365' title='bbox 1052 1192 1115 1219; x_wconf 83' lang='lat' dir='ltr'><strong>Jesu</strong></span> <span class='ocrx_word' id='word_1_366' title='bbox 1141 1192 1255 1219; x_wconf 86' lang='lat' dir='ltr'><strong>Domino</strong></span> <span class='ocrx_word' id='word_1_367' title='bbox 1282 1199 1385 1225; x_wconf 84' lang='lat' dir='ltr'><strong>nostro,</strong></span> <span class='ocrx_word' id='word_1_368' title='bbox 1404 1194 1448 1220; x_wconf 93' lang='lat' dir='ltr'><strong>cui</strong></span> <span class='ocrx_word' id='word_1_369' title='bbox 1465 1194 1550 1227; x_wconf 74' lang='lat' dir='ltr'><strong>gloria</strong></span> <span class='ocrx_word' id='word_1_370' title='bbox 1576 1198 1602 1220; x_wconf 89' lang='lat' dir='ltr'><strong>et</strong></span> <span class='ocrx_word' id='word_1_371' title='bbox 1623 1194 1711 1220; x_wconf 85' lang='lat' dir='ltr'><strong>honor</strong></span> 
     </span>
    </p>
   </div>
   <div class='ocr_carea' id='block_1_53' title="bbox 922 1237 1710 1274">
    <p class='ocr_par' dir='ltr' id='par_1_53' title="bbox 922 1237 1710 1274">
     <span class='ocr_line' id='line_1_53' title="bbox 922 1237 1710 1274; baseline 0.004 -11"><span class='ocrx_word' id='word_1_372' title='bbox 922 1242 1003 1272; x_wconf 89' lang='lat' dir='ltr'><strong>atque</strong></span> <span class='ocrx_word' id='word_1_373' title='bbox 1017 1237 1170 1265; x_wconf 87' lang='lat' dir='ltr'><strong>dominatio</strong></span> <span class='ocrx_word' id='word_1_374' title='bbox 1190 1246 1250 1266; x_wconf 89' lang='lat' dir='ltr'><strong>cum</strong></span> <span class='ocrx_word' id='word_1_375' title='bbox 1264 1239 1343 1266; x_wconf 86' lang='lat' dir='ltr'><strong>Patre</strong></span> <span class='ocrx_word' id='word_1_376' title='bbox 1360 1240 1591 1274; x_wconf 63' lang='lat' dir='ltr'><strong>omnipotente-,et</strong></span> <span class='ocrx_word' id='word_1_377' title='bbox 1603 1239 1710 1266; x_wconf 82' lang='lat' dir='ltr'><strong>viviﬁco</strong></span> 
     </span>
    </p>
   </div>
   <div class='ocr_carea' id='block_1_54' title="bbox 923 1281 1708 1319">
    <p class='ocr_par' dir='ltr' id='par_1_54' title="bbox 923 1281 1708 1319">
     <span class='ocr_line' id='line_1_54' title="bbox 923 1281 1708 1319; baseline 0.005 -10"><span class='ocrx_word' id='word_1_378' title='bbox 923 1281 1025 1317; x_wconf 90' lang='lat' dir='ltr'><strong>Spiritu</strong></span> <span class='ocrx_word' id='word_1_379' title='bbox 1042 1292 1115 1312; x_wconf 91' lang='lat' dir='ltr'><strong>nunc</strong></span> <span class='ocrx_word' id='word_1_380' title='bbox 1138 1288 1165 1311; x_wconf 91' lang='lat' dir='ltr'><strong>et</strong></span> <span class='ocrx_word' id='word_1_381' title='bbox 1181 1292 1289 1319; x_wconf 82' lang='lat' dir='ltr'><strong>semper</strong></span> <span class='ocrx_word' id='word_1_382' title='bbox 1313 1290 1340 1312; x_wconf 92' lang='lat' dir='ltr'><strong>et</strong></span> <span class='ocrx_word' id='word_1_383' title='bbox 1361 1284 1389 1312; x_wconf 88' lang='lat' dir='ltr'><strong>in</strong></span> <span class='ocrx_word' id='word_1_384' title='bbox 1411 1286 1512 1314; x_wconf 58' lang='lat' dir='ltr'><strong>sacula</strong></span> <span class='ocrx_word' id='word_1_385' title='bbox 1534 1285 1708 1313; x_wconf 71' lang='lat' dir='ltr'><strong>saeculorum.</strong></span> 
     </span>
    </p>
   </div>
   <div class='ocr_carea' id='block_1_55' title="bbox 921 1331 1018 1357">
    <p class='ocr_par' dir='ltr' id='par_1_55' title="bbox 921 1331 1018 1357">
     <span class='ocr_line' id='line_1_55' title="bbox 921 1331 1018 1357; baseline -0.01 0"><span class='ocrx_word' id='word_1_386' title='bbox 921 1331 1018 1357; x_wconf 82' lang='lat' dir='ltr'><strong>Amen.</strong></span> 
     </span>
    </p>
   </div>
   <div class='ocr_carea' id='block_1_56' title="bbox 1272 1441 1317 1469">
    <p class='ocr_par' dir='ltr' id='par_1_56' title="bbox 1272 1441 1317 1469">
     <span class='ocr_line' id='line_1_56' title="bbox 1272 1441 1317 1469; baseline 0.022 -1"><span class='ocrx_word' id='word_1_387' title='bbox 1272 1441 1317 1469; x_wconf 83' lang='lat' dir='ltr'><strong>Vl.</strong></span> 
     </span>
    </p>
   </div>
   <div class='ocr_carea' id='block_1_57' title="bbox 1095 1486 1542 1516">
    <p class='ocr_par' dir='ltr' id='par_1_57' title="bbox 1095 1486 1542 1516">
     <span class='ocr_line' id='line_1_57' title="bbox 1095 1486 1542 1516; baseline 0.004 -3"><span class='ocrx_word' id='word_1_388' title='bbox 1095 1486 1126 1514; x_wconf 83' lang='lat' dir='ltr'><strong>In</strong></span> <span class='ocrx_word' id='word_1_389' title='bbox 1142 1487 1286 1514; x_wconf 71' lang='lat' dir='ltr'><strong>cwlestium</strong></span> <span class='ocrx_word' id='word_1_390' title='bbox 1300 1488 1422 1515; x_wconf 75' lang='lat' dir='ltr'><strong>ordinant</strong></span> <span class='ocrx_word' id='word_1_391' title='bbox 1438 1494 1542 1516; x_wconf 72' lang='lat' dir='ltr'><strong>cwtum.</strong></span> 
     </span>
    </p>
   </div>
   <div class='ocr_carea' id='block_1_58' title="bbox 624 1530 1217 1569">
    <p class='ocr_par' dir='ltr' id='par_1_58' title="bbox 624 1530 1217 1569">
     <span class='ocr_line' id='line_1_58' title="bbox 624 1530 1217 1569; baseline 0.002 -10"><span class='ocrx_word' id='word_1_392' title='bbox 624 1530 712 1567; x_wconf 72' lang='lat' dir='ltr'><strong>(Asc.</strong></span> <span class='ocrx_word' id='word_1_393' title='bbox 729 1532 793 1560; x_wconf 73' lang='lat' dir='ltr'><strong>Mn.</strong></span> <span class='ocrx_word' id='word_1_394' title='bbox 813 1532 941 1560; x_wconf 74' lang='lat' dir='ltr'><strong>Biblioth.</strong></span> <span class='ocrx_word' id='word_1_395' title='bbox 960 1531 1029 1560; x_wconf 70' lang='lat' dir='ltr'><strong>Non.</strong></span> <span class='ocrx_word' id='word_1_396' title='bbox 1040 1536 1062 1561; x_wconf 84' lang='lat' dir='ltr'><strong>t.</strong></span> <span class='ocrx_word' id='word_1_397' title='bbox 1077 1531 1123 1566; x_wconf 80' lang='lat' dir='ltr'><strong>Iv,</strong></span> <span class='ocrx_word' id='word_1_398' title='bbox 1135 1532 1217 1569; x_wconf 68' lang='grc' dir='ltr'><strong>μί.)</strong></span> 
     </span>
    </p>
   </div>
   <div class='ocr_carea' id='block_1_59' title="bbox 114 1581 868 1626">
    <p class='ocr_par' dir='ltr' id='par_1_59' title="bbox 114 1581 868 1626">
     <span class='ocr_line' id='line_1_59' title="bbox 114 1581 868 1626; baseline 0.012 -16"><span class='ocrx_word' id='word_1_399' title='bbox 114 1581 149 1611; x_wconf 85' lang='grc' dir='ltr'><strong>α’.</strong></span> <span class='ocrx_word' id='word_1_400' title='bbox 162 1582 407 1620; x_wconf 75' lang='grc' dir='ltr'>’Δρχιστρατήγων</span> <span class='ocrx_word' id='word_1_401' title='bbox 420 1586 495 1623; x_wconf 77' lang='grc' dir='ltr'>ἡμᾶς</span> <span class='ocrx_word' id='word_1_402' title='bbox 504 1588 607 1624; x_wconf 76' lang='grc' dir='ltr'>νοερῶν</span> <span class='ocrx_word' id='word_1_403' title='bbox 616 1591 790 1626; x_wconf 83' lang='grc' dir='ltr'>περιήχησαν</span> <span class='ocrx_word' id='word_1_404' title='bbox 804 1591 868 1619; x_wconf 80' lang='grc' dir='ltr'>σαλ-</span> 
     </span>
    </p>
   </div>
   <div class='ocr_carea' id='block_1_60' title="bbox 918 1581 1708 1626">
    <p class='ocr_par' dir='ltr' id='par_1_60' title="bbox 953 1591 1708 1626">
     <span class='ocr_line' id='line_1_60' title="bbox 953 1591 1708 1626; baseline 0 -6"><span class='ocrx_word' id='word_1_405' title='bbox 953 1592 980 1620; x_wconf 80' lang='lat' dir='ltr'><strong>I.</strong></span> <span class='ocrx_word' id='word_1_406' title='bbox 999 1591 1176 1620; x_wconf 87' lang='lat' dir='ltr'><strong>Summorum</strong></span> <span class='ocrx_word' id='word_1_407' title='bbox 1192 1591 1292 1620; x_wconf 91' lang='lat' dir='ltr'><strong>ducum</strong></span> <span class='ocrx_word' id='word_1_408' title='bbox 1312 1591 1476 1626; x_wconf 88' lang='lat' dir='ltr'><strong>spiritalium</strong></span> <span class='ocrx_word' id='word_1_409' title='bbox 1493 1598 1546 1619; x_wconf 81' lang='lat' dir='ltr'><strong>nos</strong></span> <span class='ocrx_word' id='word_1_410' title='bbox 1565 1591 1639 1620; x_wconf 64' lang='lat' dir='ltr'><strong>tuba</strong></span> <span class='ocrx_word' id='word_1_411' title='bbox 1652 1591 1708 1620; x_wconf 91' lang='lat' dir='ltr'><strong>cir-</strong></span> 
     </span>
    </p>
   </div>
   <div class='ocr_carea' id='block_1_61' title="bbox 84 1630 866 1673">
    <p class='ocr_par' dir='ltr' id='par_1_61' title="bbox 84 1630 866 1673">
     <span class='ocr_line' id='line_1_61' title="bbox 84 1630 866 1673; baseline 0.015 -19"><span class='ocrx_word' id='word_1_412' title='bbox 84 1635 192 1663; x_wconf 77' lang='grc' dir='ltr'>πιγγις,</span> <span class='ocrx_word' id='word_1_413' title='bbox 214 1631 263 1657; x_wconf 80' lang='grc' dir='ltr'><strong>καὶ</strong></span> <span class='ocrx_word' id='word_1_414' title='bbox 278 1630 360 1658; x_wconf 87' lang='grc' dir='ltr'>θείων</span> <span class='ocrx_word' id='word_1_415' title='bbox 375 1632 457 1668; x_wconf 76' lang='grc' dir='ltr'>ιερῶν</span> <span class='ocrx_word' id='word_1_416' title='bbox 471 1633 636 1671; x_wconf 80' lang='grc' dir='ltr'>λειτουργῶν</span> <span class='ocrx_word' id='word_1_417' title='bbox 654 1637 866 1673; x_wconf 78' lang='grc' dir='ltr'>περιήστραψαν</span> 
     </span>
    </p>
   </div>
   <div class='ocr_carea' id='block_1_62' title="bbox 83 1673 866 1718">
    <p class='ocr_par' dir='ltr' id='par_1_62' title="bbox 83 1673 866 1718">
     <span class='ocr_line' id='line_1_62' title="bbox 83 1673 866 1718; baseline 0.01 -18"><span class='ocrx_word' id='word_1_418' title='bbox 83 1673 206 1709; x_wconf 77' lang='grc' dir='ltr'>χάριτες·</span> <span class='ocrx_word' id='word_1_419' title='bbox 228 1674 389 1711; x_wconf 82' lang='grc' dir='ltr'>ὑμνολόγων</span> <span class='ocrx_word' id='word_1_420' title='bbox 410 1677 557 1714; x_wconf 88' lang='grc' dir='ltr'>γρηγόρων</span> <span class='ocrx_word' id='word_1_421' title='bbox 579 1680 649 1714; x_wconf 75' lang='grc' dir='ltr'>πρὸς</span> <span class='ocrx_word' id='word_1_422' title='bbox 665 1679 767 1715; x_wconf 80' lang='grc' dir='ltr'>ὕμνους</span> <span class='ocrx_word' id='word_1_423' title='bbox 780 1682 866 1718; x_wconf 76' lang='grc' dir='ltr'>ἐγρη-</span> 
     </span>
    </p>
   </div>
   <div class='ocr_carea' id='block_1_63' title="bbox 87 1720 867 1760">
    <p class='ocr_par' dir='ltr' id='par_1_63' title="bbox 87 1720 867 1760">
     <span class='ocr_line' id='line_1_63' title="bbox 87 1720 867 1760; baseline 0.01 -14"><span class='ocrx_word' id='word_1_424' title='bbox 87 1720 192 1754; x_wconf 81' lang='grc' dir='ltr'>γορέναι</span> <span class='ocrx_word' id='word_1_425' title='bbox 215 1720 399 1757; x_wconf 80' lang='grc' dir='ltr'>συνήθροισαν</span> <span class='ocrx_word' id='word_1_426' title='bbox 420 1722 565 1758; x_wconf 80' lang='grc' dir='ltr'><strong>τάγματα,</strong></span> <span class='ocrx_word' id='word_1_427' title='bbox 588 1724 637 1752; x_wconf 74' lang='grc' dir='ltr'>καὶ</span> <span class='ocrx_word' id='word_1_428' title='bbox 659 1725 751 1760; x_wconf 75' lang='grc' dir='ltr'>τάξεις</span> <span class='ocrx_word' id='word_1_429' title='bbox 775 1727 867 1754; x_wconf 84' lang='grc' dir='ltr'>ἀΰλων</span> 
     </span>
    </p>
   </div>
   <div class='ocr_carea' id='block_1_64' title="bbox 84 1764 866 1806">
    <p class='ocr_par' dir='ltr' id='par_1_64' title="bbox 84 1764 866 1806">
     <span class='ocr_line' id='line_1_64' title="bbox 84 1764 866 1806; baseline 0.012 -15"><span class='ocrx_word' id='word_1_430' title='bbox 84 1764 180 1798; x_wconf 79' lang='grc' dir='ltr'>ὺλικοϊς</span> <span class='ocrx_word' id='word_1_431' title='bbox 203 1765 336 1802; x_wconf 88' lang='grc' dir='ltr'>σύνυμνοι</span> <span class='ocrx_word' id='word_1_432' title='bbox 357 1767 467 1803; x_wconf 76' lang='grc' dir='ltr'>χορείαν</span> <span class='ocrx_word' id='word_1_433' title='bbox 490 1769 673 1806; x_wconf 83' lang='grc' dir='ltr'>συνέστησαν·</span> <span class='ocrx_word' id='word_1_434' title='bbox 694 1771 710 1798; x_wconf 82' lang='grc' dir='ltr'><strong>ὁ</strong></span> <span class='ocrx_word' id='word_1_435' title='bbox 730 1771 786 1799; x_wconf 82' lang='grc' dir='ltr'>τῶν</span> <span class='ocrx_word' id='word_1_436' title='bbox 808 1773 866 1800; x_wconf 76' lang='grc' dir='ltr'><strong>ἄνω</strong></span> 
     </span>
    </p>
   </div>
   <div class='ocr_carea' id='block_1_65' title="bbox 85 1812 867 1853">
    <p class='ocr_par' dir='ltr' id='par_1_65' title="bbox 85 1812 867 1853">
     <span class='ocr_line' id='line_1_65' title="bbox 85 1812 867 1853; baseline 0.01 -16"><span class='ocrx_word' id='word_1_437' title='bbox 85 1812 244 1847; x_wconf 79' lang='grc' dir='ltr'>χοροστάτης</span> <span class='ocrx_word' id='word_1_438' title='bbox 258 1812 308 1839; x_wconf 73' lang='grc' dir='ltr'><strong>καὶ</strong></span> <span class='ocrx_word' id='word_1_439' title='bbox 322 1812 378 1839; x_wconf 85' lang='grc' dir='ltr'>τῶν</span> <span class='ocrx_word' id='word_1_440' title='bbox 393 1813 481 1847; x_wconf 82' lang='grc' dir='ltr'>κάτω,</span> <span class='ocrx_word' id='word_1_441' title='bbox 491 1814 522 1841; x_wconf 78' lang='grc' dir='ltr'><strong>ὲν</strong></span> <span class='ocrx_word' id='word_1_442' title='bbox 534 1814 573 1851; x_wconf 84' lang='grc' dir='ltr'>τῷ</span> <span class='ocrx_word' id='word_1_443' title='bbox 586 1815 660 1851; x_wconf 78' lang='grc' dir='ltr'>αὐτῷ</span> <span class='ocrx_word' id='word_1_444' title='bbox 674 1816 743 1853; x_wconf 78' lang='grc' dir='ltr'><strong>οῐκῳ</strong></span> <span class='ocrx_word' id='word_1_445' title='bbox 755 1818 867 1853; x_wconf 80' lang='grc' dir='ltr'>ταξιαρ-</span> 
     </span>
    </p>
   </div>
   <div class='ocr_carea' id='block_1_66' title="bbox 85 1857 866 1899">
    <p class='ocr_par' dir='ltr' id='par_1_66' title="bbox 85 1857 866 1899">
     <span class='ocr_line' id='line_1_66' title="bbox 85 1857 866 1899; baseline 0.01 -16"><span class='ocrx_word' id='word_1_446' title='bbox 85 1858 125 1891; x_wconf 78' lang='grc' dir='ltr'><strong>χεῖ</strong></span> <span class='ocrx_word' id='word_1_447' title='bbox 136 1858 255 1894; x_wconf 82' lang='grc' dir='ltr'>σήμερον</span> <span class='ocrx_word' id='word_1_448' title='bbox 266 1866 274 1874; x_wconf 88' lang='grc'><strong>·</strong></span> <span class='ocrx_word' id='word_1_449' title='bbox 289 1858 340 1886; x_wconf 81' lang='grc' dir='ltr'><strong>καὶ</strong></span> <span class='ocrx_word' id='word_1_450' title='bbox 352 1859 396 1892; x_wconf 82' lang='grc' dir='ltr'>τίς</span> <span class='ocrx_word' id='word_1_451' title='bbox 407 1859 463 1895; x_wconf 81' lang='grc' dir='ltr'><strong>γὰρ</strong></span> <span class='ocrx_word' id='word_1_452' title='bbox 475 1857 553 1893; x_wconf 74' lang='grc' dir='ltr'>οὗτος</span> <span class='ocrx_word' id='word_1_453' title='bbox 562 1882 571 1895; x_wconf 83' lang='grc'><em>,</em></span> <span class='ocrx_word' id='word_1_454' title='bbox 584 1863 599 1889; x_wconf 85' lang='grc' dir='ltr'><strong>ό</strong></span> <span class='ocrx_word' id='word_1_455' title='bbox 611 1862 739 1895; x_wconf 77' lang='grc' dir='ltr'>τοσοῦτος</span> <span class='ocrx_word' id='word_1_456' title='bbox 755 1864 866 1899; x_wconf 79' lang='grc' dir='ltr'><strong>Μιχαὴλ</strong></span> 
     </span>
    </p>
   </div>
   <div class='ocr_carea' id='block_1_67' title="bbox 86 1902 866 1945">
    <p class='ocr_par' dir='ltr' id='par_1_67' title="bbox 86 1902 866 1945">
     <span class='ocr_line' id='line_1_67' title="bbox 86 1902 866 1945; baseline 0.009 -16"><span class='ocrx_word' id='word_1_457' title='bbox 86 1902 149 1938; x_wconf 74' lang='grc' dir='ltr'>πρὸς</span> <span class='ocrx_word' id='word_1_458' title='bbox 175 1904 288 1940; x_wconf 77' lang='grc' dir='ltr'>χάριτος</span> <span class='ocrx_word' id='word_1_459' title='bbox 312 1904 382 1932; x_wconf 83' lang='grc' dir='ltr'>Θεοῦ</span> <span class='ocrx_word' id='word_1_460' title='bbox 413 1905 660 1942; x_wconf 76' lang='grc' dir='ltr'>λαμπρυνόμενος,</span> <span class='ocrx_word' id='word_1_461' title='bbox 687 1908 735 1935; x_wconf 76' lang='grc' dir='ltr'><strong>καὶ</strong></span> <span class='ocrx_word' id='word_1_462' title='bbox 760 1908 866 1945; x_wconf 78' lang='grc' dir='ltr'><strong>βροτοῖς</strong></span> 
     </span>
    </p>
   </div>
   <div class='ocr_carea' id='block_1_68' title="bbox 87 1946 866 1990">
    <p class='ocr_par' dir='ltr' id='par_1_68' title="bbox 87 1946 866 1990">
     <span class='ocr_line' id='line_1_68' title="bbox 87 1946 866 1990; baseline 0.01 -16"><span class='ocrx_word' id='word_1_463' title='bbox 87 1946 158 1975; x_wconf 78' lang='grc' dir='ltr'>θείων</span> <span class='ocrx_word' id='word_1_464' title='bbox 169 1949 331 1986; x_wconf 71' lang='grc' dir='ltr'>ὲλλάμψεων</span> <span class='ocrx_word' id='word_1_465' title='bbox 348 1951 463 1987; x_wconf 74' lang='grc' dir='ltr'>μεσίτης</span> <span class='ocrx_word' id='word_1_466' title='bbox 485 1952 648 1987; x_wconf 73' lang='grc' dir='ltr'>γενόμενοςς</span> <span class='ocrx_word' id='word_1_467' title='bbox 662 1953 739 1989; x_wconf 86' lang='grc' dir='ltr'>νόμοι</span> <span class='ocrx_word' id='word_1_468' title='bbox 754 1954 804 1990; x_wconf 74' lang='grc' dir='ltr'><strong>μὲν</strong></span> <span class='ocrx_word' id='word_1_469' title='bbox 819 1953 866 1982; x_wconf 84' lang='grc' dir='ltr'><strong>οὖν</strong></span> 
     </span>
    </p>
   </div>
   <div class='ocr_carea' id='block_1_69' title="bbox 87 1994 866 2036">
    <p class='ocr_par' dir='ltr' id='par_1_69' title="bbox 87 1994 866 2036">
     <span class='ocr_line' id='line_1_69' title="bbox 87 1994 866 2036; baseline 0.008 -15"><span class='ocrx_word' id='word_1_470' title='bbox 87 1994 130 2021; x_wconf 73' lang='grc' dir='ltr'><strong>καὶ</strong></span> <span class='ocrx_word' id='word_1_471' title='bbox 145 1994 290 2031; x_wconf 78' lang='grc' dir='ltr'>θιοπαγιτς</span> <span class='ocrx_word' id='word_1_472' title='bbox 304 1996 374 2032; x_wconf 80' lang='grc' dir='ltr'>ὁμοῦ</span> <span class='ocrx_word' id='word_1_473' title='bbox 389 1998 438 2024; x_wconf 77' lang='grc' dir='ltr'><strong>καὶ</strong></span> <span class='ocrx_word' id='word_1_474' title='bbox 450 1997 618 2031; x_wconf 62' lang='grc' dir='ltr'><strong>’λιτρινδίκαιοι⁹</strong></span> <span class='ocrx_word' id='word_1_475' title='bbox 637 2000 698 2031; x_wconf 81' lang='grc' dir='ltr'>ταῖς</span> <span class='ocrx_word' id='word_1_476' title='bbox 711 2000 866 2036; x_wconf 78' lang='grc' dir='ltr'>ἁρχιδότοις</span> 
     </span>
    </p>
   </div>
   <div class='ocr_carea' id='block_1_70' title="bbox 87 2040 864 2081">
    <p class='ocr_par' dir='ltr' id='par_1_70' title="bbox 87 2040 864 2081">
     <span class='ocr_line' id='line_1_70' title="bbox 87 2040 864 2081; baseline 0.009 -15"><span class='ocrx_word' id='word_1_477' title='bbox 87 2040 149 2075; x_wconf 67' lang='grc' dir='ltr'>προς</span> <span class='ocrx_word' id='word_1_478' title='bbox 159 2041 258 2078; x_wconf 69' lang='grc' dir='ltr'>ἄνδρας</span> <span class='ocrx_word' id='word_1_479' title='bbox 270 2041 459 2079; x_wconf 67' lang='grc' dir='ltr'>δξιφάνθησαν</span> <span class='ocrx_word' id='word_1_480' title='bbox 476 2043 634 2077; x_wconf 79' lang='grc' dir='ltr'>θεοτυπίαις</span> <span class='ocrx_word' id='word_1_481' title='bbox 646 2044 730 2081; x_wconf 64' lang='grc'>(10⁸),</span> <span class='ocrx_word' id='word_1_482' title='bbox 742 2045 790 2073; x_wconf 77' lang='grc' dir='ltr'><strong>καὶ</strong></span> <span class='ocrx_word' id='word_1_483' title='bbox 810 2045 864 2080; x_wconf 82' lang='grc' dir='ltr'><strong>μά-</strong></span> 
     </span>
    </p>
   </div>
   <div class='ocr_carea' id='block_1_71' title="bbox 87 2084 864 2126">
    <p class='ocr_par' dir='ltr' id='par_1_71' title="bbox 87 2084 864 2126">
     <span class='ocr_line' id='line_1_71' title="bbox 87 2084 864 2126; baseline 0.006 -13"><span class='ocrx_word' id='word_1_484' title='bbox 87 2084 160 2114; x_wconf 81' lang='grc' dir='ltr'>λιοτα</span> <span class='ocrx_word' id='word_1_485' title='bbox 170 2088 314 2121; x_wconf 70' lang='grc' dir='ltr'>πλείστους</span> <span class='ocrx_word' id='word_1_486' title='bbox 329 2088 360 2121; x_wconf 71' lang='grc' dir='ltr'><strong>ἐξ</strong></span> <span class='ocrx_word' id='word_1_487' title='bbox 373 2089 526 2125; x_wconf 72' lang='grc' dir='ltr'>εὐεργετῶν</span> <span class='ocrx_word' id='word_1_488' title='bbox 535 2090 641 2126; x_wconf 80' lang='grc' dir='ltr'>δωρεὰς</span> <span class='ocrx_word' id='word_1_489' title='bbox 650 2088 864 2126; x_wconf 73' lang='grc' dir='ltr'>“κομιζομίνους,</span> 
     </span>
    </p>
   </div>
   <div class='ocr_carea' id='block_1_72' title="bbox 89 2131 864 2172">
    <p class='ocr_par' dir='ltr' id='par_1_72' title="bbox 89 2131 864 2172">
     <span class='ocr_line' id='line_1_72' title="bbox 89 2131 864 2172; baseline 0.005 -13"><span class='ocrx_word' id='word_1_490' title='bbox 89 2131 122 2167; x_wconf 77' lang='grc' dir='ltr'><strong>μὴ</strong></span> <span class='ocrx_word' id='word_1_491' title='bbox 132 2132 292 2168; x_wconf 80' lang='grc' dir='ltr'>ἁμνήμονας</span> <span class='ocrx_word' id='word_1_492' title='bbox 309 2134 378 2170; x_wconf 79' lang='grc' dir='ltr'>ὁμοῦ</span> <span class='ocrx_word' id='word_1_493' title='bbox 392 2143 423 2162; x_wconf 80' lang='grc' dir='ltr'><strong>τε</strong></span> <span class='ocrx_word' id='word_1_494' title='bbox 441 2135 490 2162; x_wconf 71' lang='grc' dir='ltr'>καὶ</span> <span class='ocrx_word' id='word_1_495' title='bbox 509 2135 670 2172; x_wconf 81' lang='grc' dir='ltr'>ἀγνώμονας</span> <span class='ocrx_word' id='word_1_496' title='bbox 685 2136 864 2163; x_wconf 78' lang='grc' dir='ltr'>καθίστασθαι</span> 
     </span>
    </p>
   </div>
   <div class='ocr_carea' id='block_1_73' title="bbox 87 2178 864 2219">
    <p class='ocr_par' dir='ltr' id='par_1_73' title="bbox 87 2178 864 2219">
     <span class='ocr_line' id='line_1_73' title="bbox 87 2178 864 2219; baseline 0.004 -13"><span class='ocrx_word' id='word_1_497' title='bbox 87 2178 149 2213; x_wconf 73' lang='grc' dir='ltr'>πρὸς</span> <span class='ocrx_word' id='word_1_498' title='bbox 159 2180 222 2212; x_wconf 74' lang='grc' dir='ltr'>τοὺς</span> <span class='ocrx_word' id='word_1_499' title='bbox 235 2180 319 2208; x_wconf 85' lang='grc' dir='ltr'>αὑτοῦ</span> <span class='ocrx_word' id='word_1_500' title='bbox 332 2182 499 2217; x_wconf 82' lang='grc' dir='ltr'>προστάτας,</span> <span class='ocrx_word' id='word_1_501' title='bbox 515 2181 583 2209; x_wconf 76' lang='grc' dir='ltr'>ἀλλὰ</span> <span class='ocrx_word' id='word_1_502' title='bbox 601 2182 655 2218; x_wconf 82' lang='grc' dir='ltr'><strong>μὴν</strong></span> <span class='ocrx_word' id='word_1_503' title='bbox 671 2182 741 2215; x_wconf 74' lang='grc' dir='ltr'>τέως·</span> <span class='ocrx_word' id='word_1_504' title='bbox 755 2183 788 2219; x_wconf 79' lang='grc' dir='ltr'>ἠν</span> <span class='ocrx_word' id='word_1_505' title='bbox 807 2182 864 2217; x_wconf 78' lang='grc' dir='ltr'>εχει</span> 
     </span>
    </p>
   </div>
   <div class='ocr_carea' id='block_1_74' title="bbox 88 2224 861 2264">
    <p class='ocr_par' dir='ltr' id='par_1_74' title="bbox 88 2224 861 2264">
     <span class='ocr_line' id='line_1_74' title="bbox 88 2224 861 2264; baseline 0.003 -12"><span class='ocrx_word' id='word_1_506' title='bbox 88 2224 136 2256; x_wconf 72' lang='grc' dir='ltr'><strong>πᾶς</strong></span> <span class='ocrx_word' id='word_1_507' title='bbox 148 2227 235 2254; x_wconf 78' lang='grc' dir='ltr'>πᾶσαν</span> <span class='ocrx_word' id='word_1_508' title='bbox 250 2226 361 2261; x_wconf 83' lang='grc' dir='ltr'>φύσεως</span> <span class='ocrx_word' id='word_1_509' title='bbox 381 2227 497 2263; x_wconf 82' lang='grc' dir='ltr'>δύναμιν</span> <span class='ocrx_word' id='word_1_510' title='bbox 510 2227 656 2263; x_wconf 79' lang='grc' dir='ltr'>κηρύττιιν</span> <span class='ocrx_word' id='word_1_511' title='bbox 668 2229 718 2260; x_wconf 71' lang='grc' dir='ltr'>τὰς</span> <span class='ocrx_word' id='word_1_512' title='bbox 730 2228 846 2264; x_wconf 80' lang='grc' dir='ltr'>χάριτας</span> <span class='ocrx_word' id='word_1_513' title='bbox 854 2236 861 2243; x_wconf 94' lang='grc'><strong>·</strong></span> 
     </span>
    </p>
   </div>
   <div class='ocr_carea' id='block_1_75' title="bbox 88 2257 902 2310">
    <p class='ocr_par' dir='ltr' id='par_1_75' title="bbox 88 2257 902 2310">
     <span class='ocr_line' id='line_1_75' title="bbox 88 2257 902 2310; baseline 0.005 -14"><span class='ocrx_word' id='word_1_514' title='bbox 88 2270 228 2303; x_wconf 80' lang='grc' dir='ltr'>προστάται</span> <span class='ocrx_word' id='word_1_515' title='bbox 240 2257 332 2300; x_wconf 76' lang='grc' dir='ltr'>τοίνυν</span> <span class='ocrx_word' id='word_1_516' title='bbox 344 2257 416 2305; x_wconf 58' lang='lat' dir='ltr'><strong>dist;</strong></span> <span class='ocrx_word' id='word_1_517' title='bbox 431 2257 501 2307; x_wconf 72' lang='grc' dir='ltr'>ὁμοῦ</span> <span class='ocrx_word' id='word_1_518' title='bbox 517 2257 566 2300; x_wconf 69' lang='grc' dir='ltr'><strong>κέι</strong></span> <span class='ocrx_word' id='word_1_519' title='bbox 581 2273 678 2309; x_wconf 80' lang='grc' dir='ltr'>θερμοὶ</span> <span class='ocrx_word' id='word_1_520' title='bbox 769 2257 776 2263; x_wconf 44' lang='grc'><strong>1</strong></span> <span class='ocrx_word' id='word_1_521' title='bbox 786 2257 863 2307; x_wconf 77' lang='grc' dir='ltr'>Θεὸν,</span> <span class='ocrx_word' id='word_1_522' title='bbox 879 2257 902 2285; x_wconf 71' lang='lat' dir='ltr'><strong>D</strong></span> 
     </span>
    </p>
   </div>
   <div class='ocr_carea' id='block_1_76' title="bbox 89 2313 864 2353">
    <p class='ocr_par' dir='ltr' id='par_1_76' title="bbox 89 2313 864 2353">
     <span class='ocr_line' id='line_1_76' title="bbox 89 2313 864 2353; baseline 0.005 -11"><span class='ocrx_word' id='word_1_523' title='bbox 89 2313 130 2339; x_wconf 71' lang='grc' dir='ltr'>καὶ</span> <span class='ocrx_word' id='word_1_524' title='bbox 148 2315 274 2351; x_wconf 66' lang='grc' dir='ltr'>πρέσϐεις</span> <span class='ocrx_word' id='word_1_525' title='bbox 296 2316 402 2353; x_wconf 81' lang='grc' dir='ltr'>θνητῶν</span> <span class='ocrx_word' id='word_1_526' title='bbox 415 2316 510 2345; x_wconf 77' lang='grc' dir='ltr'>ᾶοκνοι</span> <span class='ocrx_word' id='word_1_527' title='bbox 522 2317 590 2353; x_wconf 77' lang='grc' dir='ltr'>ὁμοῦ</span> <span class='ocrx_word' id='word_1_528' title='bbox 605 2327 635 2346; x_wconf 76' lang='grc' dir='ltr'><strong>το</strong></span> <span class='ocrx_word' id='word_1_529' title='bbox 652 2319 701 2346; x_wconf 77' lang='grc' dir='ltr'><strong>καὶ</strong></span> <span class='ocrx_word' id='word_1_530' title='bbox 716 2319 864 2352; x_wconf 79' lang='grc' dir='ltr'>ἄπαυστοι,</span> 
     </span>
    </p>
   </div>
   <div class='ocr_carea' id='block_1_77' title="bbox 89 2358 861 2401">
    <p class='ocr_par' dir='ltr' id='par_1_77' title="bbox 89 2358 861 2401">
     <span class='ocr_line' id='line_1_77' title="bbox 89 2358 861 2401; baseline 0.008 -14"><span class='ocrx_word' id='word_1_531' title='bbox 89 2358 112 2384; x_wconf 88' lang='grc' dir='ltr'>οι</span> <span class='ocrx_word' id='word_1_532' title='bbox 123 2359 153 2386; x_wconf 67' lang='grc' dir='ltr'>ιιι</span> <span class='ocrx_word' id='word_1_533' title='bbox 165 2361 358 2399; x_wconf 78' lang='grc' dir='ltr'>φιλανθρώπου</span> <span class='ocrx_word' id='word_1_534' title='bbox 370 2364 508 2391; x_wconf 78' lang='grc' dir='ltr'>Δεσπότου</span> <span class='ocrx_word' id='word_1_535' title='bbox 523 2364 652 2397; x_wconf 66' lang='grc' dir='ltr'>λασὼτες</span> <span class='ocrx_word' id='word_1_536' title='bbox 662 2365 693 2392; x_wconf 78' lang='grc' dir='ltr'>τὸ</span> <span class='ocrx_word' id='word_1_537' title='bbox 705 2365 861 2401; x_wconf 82' lang='grc' dir='ltr'>φιλάνθρω-</span> 
     </span>
    </p>
   </div>
   <div class='ocr_carea' id='block_1_78' title="bbox 90 2408 865 2447">
    <p class='ocr_par' dir='ltr' id='par_1_78' title="bbox 90 2408 865 2447">
     <span class='ocr_line' id='line_1_78' title="bbox 90 2408 865 2447; baseline 0.005 -12"><span class='ocrx_word' id='word_1_538' title='bbox 90 2413 145 2440; x_wconf 75' lang='grc' dir='ltr'>πον,</span> <span class='ocrx_word' id='word_1_539' title='bbox 156 2408 341 2446; x_wconf 76' lang='grc' dir='ltr'>φιλάνθρωποι</span> <span class='ocrx_word' id='word_1_540' title='bbox 353 2409 476 2445; x_wconf 74' lang='grc' dir='ltr'>ἄγγελοι,</span> <span class='ocrx_word' id='word_1_541' title='bbox 484 2409 516 2437; x_wconf 82' lang='grc' dir='ltr'><strong>τὸ</strong></span> <span class='ocrx_word' id='word_1_542' title='bbox 530 2411 732 2447; x_wconf 81' lang='grc' dir='ltr'>πρωτόκτιστον</span> <span class='ocrx_word' id='word_1_543' title='bbox 745 2411 775 2445; x_wconf 77' lang='grc' dir='ltr'><strong>ἐξ</strong></span> <span class='ocrx_word' id='word_1_544' title='bbox 788 2411 865 2439; x_wconf 78' lang='grc' dir='ltr'>ἀκτί-</span> 
     </span>
    </p>
   </div>
   <div class='ocr_carea' id='block_1_79' title="bbox 90 2455 863 2493">
    <p class='ocr_par' dir='ltr' id='par_1_79' title="bbox 90 2455 863 2493">
     <span class='ocr_line' id='line_1_79' title="bbox 90 2455 863 2493; baseline 0.008 -14"><span class='ocrx_word' id='word_1_545' title='bbox 90 2459 146 2480; x_wconf 79' lang='grc' dir='ltr'>στου</span> <span class='ocrx_word' id='word_1_546' title='bbox 161 2455 248 2489; x_wconf 76' lang='grc' dir='ltr'>φωτὸς</span> <span class='ocrx_word' id='word_1_547' title='bbox 273 2456 457 2492; x_wconf 76' lang='grc' dir='ltr'>μεταδοτικῶς</span> <span class='ocrx_word' id='word_1_548' title='bbox 479 2455 527 2484; x_wconf 84' lang='grc' dir='ltr'><strong>τοῦ</strong></span> <span class='ocrx_word' id='word_1_549' title='bbox 551 2457 640 2491; x_wconf 73' lang='grc' dir='ltr'>φωτὸς</span> <span class='ocrx_word' id='word_1_550' title='bbox 663 2458 863 2493; x_wconf 68' lang='grc' dir='ltr'>φωτιζόμενον</span> 
     </span>
    </p>
   </div>
   <div class='ocr_carea' id='block_1_80' title="bbox 90 2497 865 2541">
    <p class='ocr_par' dir='ltr' id='par_1_80' title="bbox 90 2497 865 2541">
     <span class='ocr_line' id='line_1_80' title="bbox 90 2497 865 2541; baseline 0.008 -15"><span class='ocrx_word' id='word_1_551' title='bbox 90 2497 200 2533; x_wconf 72' lang='grc' dir='ltr'>ἄγγελοι,</span> <span class='ocrx_word' id='word_1_552' title='bbox 214 2501 228 2528; x_wconf 85' lang='grc' dir='ltr'><strong><em>ὸ</em></strong></span> <span class='ocrx_word' id='word_1_553' title='bbox 239 2501 348 2537; x_wconf 84' lang='grc' dir='ltr'>πρῶτος</span> <span class='ocrx_word' id='word_1_554' title='bbox 362 2502 411 2537; x_wconf 74' lang='grc' dir='ltr'><strong>μὶν</strong></span> <span class='ocrx_word' id='word_1_555' title='bbox 426 2503 480 2538; x_wconf 68' lang='grc' dir='ltr'><strong>πρὸ</strong></span> <span class='ocrx_word' id='word_1_556' title='bbox 491 2502 540 2529; x_wconf 90' lang='grc' dir='ltr'><strong>τοῦ</strong></span> <span class='ocrx_word' id='word_1_557' title='bbox 552 2503 657 2539; x_wconf 85' lang='grc' dir='ltr'>κόσμου</span> <span class='ocrx_word' id='word_1_558' title='bbox 678 2504 865 2541; x_wconf 79' lang='grc' dir='ltr'>ὑπερκόσμιος</span> 
     </span>
    </p>
   </div>
   <div class='ocr_carea' id='block_1_81' title="bbox 91 2543 863 2586">
    <p class='ocr_par' dir='ltr' id='par_1_81' title="bbox 91 2543 863 2586">
     <span class='ocr_line' id='line_1_81' title="bbox 91 2543 863 2586; baseline 0.009 -15"><span class='ocrx_word' id='word_1_559' title='bbox 91 2543 202 2579; x_wconf 75' lang='grc' dir='ltr'>κόσμοις,</span> <span class='ocrx_word' id='word_1_560' title='bbox 216 2547 264 2574; x_wconf 71' lang='grc' dir='ltr'><strong>καὶ</strong></span> <span class='ocrx_word' id='word_1_561' title='bbox 279 2546 369 2582; x_wconf 80' lang='grc' dir='ltr'>τούτῳ</span> <span class='ocrx_word' id='word_1_562' title='bbox 382 2547 422 2582; x_wconf 88' lang='grc' dir='ltr'>τῷ</span> <span class='ocrx_word' id='word_1_563' title='bbox 435 2547 531 2584; x_wconf 80' lang='grc' dir='ltr'>κόσμῳ</span> <span class='ocrx_word' id='word_1_564' title='bbox 545 2548 592 2576; x_wconf 79' lang='grc' dir='ltr'><strong>τὸν</strong></span> <span class='ocrx_word' id='word_1_565' title='bbox 614 2549 802 2586; x_wconf 78' lang='grc' dir='ltr'>ὑπερκόσμιον</span> <span class='ocrx_word' id='word_1_566' title='bbox 816 2550 863 2577; x_wconf 74' lang='grc' dir='ltr'><strong>κό-</strong></span> 
     </span>
    </p>
   </div>
   <div class='ocr_carea' id='block_1_82' title="bbox 93 2590 863 2631">
    <p class='ocr_par' dir='ltr' id='par_1_82' title="bbox 93 2590 863 2631">
     <span class='ocr_line' id='line_1_82' title="bbox 93 2590 863 2631; baseline 0.006 -14"><span class='ocrx_word' id='word_1_567' title='bbox 93 2594 153 2623; x_wconf 82' lang='grc' dir='ltr'>σμον</span> <span class='ocrx_word' id='word_1_568' title='bbox 166 2590 281 2626; x_wconf 79' lang='grc' dir='ltr'>Χριστὸν</span> <span class='ocrx_word' id='word_1_569' title='bbox 294 2591 516 2627; x_wconf 77' lang='grc' dir='ltr'>προκηρύξαντες</span> <span class='ocrx_word' id='word_1_570' title='bbox 526 2601 533 2609; x_wconf 92' lang='grc'><strong>·</strong></span> <span class='ocrx_word' id='word_1_571' title='bbox 549 2593 660 2629; x_wconf 78' lang='grc' dir='ltr'>ἄγγελοι</span> <span class='ocrx_word' id='word_1_572' title='bbox 675 2596 701 2623; x_wconf 85' lang='grc' dir='ltr'><strong>οι</strong></span> <span class='ocrx_word' id='word_1_573' title='bbox 717 2595 863 2631; x_wconf 80' lang='grc' dir='ltr'>ἀμεσίτευ-</span> 
     </span>
    </p>
   </div>
   <div class='ocr_carea' id='block_1_83' title="bbox 90 2635 862 2678">
    <p class='ocr_par' dir='ltr' id='par_1_83' title="bbox 90 2635 862 2678">
     <span class='ocr_line' id='line_1_83' title="bbox 90 2635 862 2678; baseline 0.013 -19"><span class='ocrx_word' id='word_1_574' title='bbox 90 2639 127 2660; x_wconf 82' lang='grc' dir='ltr'><strong>τοι</strong></span> <span class='ocrx_word' id='word_1_575' title='bbox 138 2637 242 2670; x_wconf 78' lang='grc' dir='ltr'>μισῖται</span> <span class='ocrx_word' id='word_1_576' title='bbox 266 2637 338 2675; x_wconf 72' lang='grc' dir='ltr'>πρὸς</span> <span class='ocrx_word' id='word_1_577' title='bbox 353 2635 420 2665; x_wconf 78' lang='grc' dir='ltr'><strong>Θεὸν</strong></span> <span class='ocrx_word' id='word_1_578' title='bbox 432 2638 486 2666; x_wconf 84' lang='grc' dir='ltr'><strong>τῶν</strong></span> <span class='ocrx_word' id='word_1_579' title='bbox 500 2639 614 2675; x_wconf 82' lang='grc' dir='ltr'>βροτῶν,</span> <span class='ocrx_word' id='word_1_580' title='bbox 629 2640 687 2669; x_wconf 79' lang='grc' dir='ltr'>θεοὶ</span> <span class='ocrx_word' id='word_1_581' title='bbox 704 2643 738 2678; x_wconf 77' lang='grc' dir='ltr'>τῇ</span> <span class='ocrx_word' id='word_1_582' title='bbox 765 2641 862 2669; x_wconf 84' lang='grc' dir='ltr'>θεώσει</span> 
     </span>
    </p>
   </div>
   <div class='ocr_carea' id='block_1_84' title="bbox 92 2678 862 2723">
    <p class='ocr_par' dir='ltr' id='par_1_84' title="bbox 92 2678 862 2723">
     <span class='ocr_line' id='line_1_84' title="bbox 92 2678 862 2723; baseline 0.012 -17"><span class='ocrx_word' id='word_1_583' title='bbox 92 2678 120 2707; x_wconf 72' lang='grc' dir='ltr'>ιιι</span> <span class='ocrx_word' id='word_1_584' title='bbox 137 2680 210 2716; x_wconf 78' lang='grc' dir='ltr'>Θεοῦ,</span> <span class='ocrx_word' id='word_1_585' title='bbox 230 2683 290 2711; x_wconf 81' lang='grc' dir='ltr'>ἀλλ’</span> <span class='ocrx_word' id='word_1_586' title='bbox 305 2683 337 2711; x_wconf 82' lang='grc' dir='ltr'><strong>οὐ</strong></span> <span class='ocrx_word' id='word_1_587' title='bbox 351 2684 385 2720; x_wconf 74' lang='grc' dir='ltr'><strong>τῇ</strong></span> <span class='ocrx_word' id='word_1_588' title='bbox 406 2683 488 2720; x_wconf 82' lang='grc' dir='ltr'>φύσει</span> <span class='ocrx_word' id='word_1_589' title='bbox 503 2684 663 2722; x_wconf 81' lang='grc' dir='ltr'>λεγόμενοι·</span> <span class='ocrx_word' id='word_1_590' title='bbox 681 2687 792 2723; x_wconf 72' lang='grc' dir='ltr'>ἄγγελοι</span> <span class='ocrx_word' id='word_1_591' title='bbox 811 2687 862 2723; x_wconf 81' lang='grc' dir='ltr'><strong>τῆς</strong></span> 
     </span>
    </p>
   </div>
   <div class='ocr_carea' id='block_1_85' title="bbox 122 2750 614 2786">
    <p class='ocr_par' dir='ltr' id='par_1_85' title="bbox 122 2750 614 2786">
     <span class='ocr_line' id='line_1_85' title="bbox 122 2750 614 2786; baseline 0.004 -8"><span class='ocrx_word' id='word_1_592' title='bbox 122 2750 157 2767; x_wconf 74' lang='grc'><strong>⁸⁸³*</strong></span> <span class='ocrx_word' id='word_1_593' title='bbox 171 2750 234 2781; x_wconf 81' lang='lat' dir='ltr'><strong>Luc.</strong></span> <span class='ocrx_word' id='word_1_594' title='bbox 252 2760 274 2786; x_wconf 80' lang='grc' dir='ltr'>ι,</span> <span class='ocrx_word' id='word_1_595' title='bbox 288 2750 337 2780; x_wconf 71' lang='grc'><strong>48.</strong></span> <span class='ocrx_word' id='word_1_596' title='bbox 372 2750 429 2768; x_wconf 57' lang='grc'><strong>³⁸⁵*</strong></span> <span class='ocrx_word' id='word_1_597' title='bbox 443 2750 516 2780; x_wconf 80' lang='lat' dir='ltr'><strong>Psal.</strong></span> <span class='ocrx_word' id='word_1_598' title='bbox 528 2759 555 2786; x_wconf 81' lang='grc'><strong>1.,</strong></span> <span class='ocrx_word' id='word_1_599' title='bbox 569 2751 614 2780; x_wconf 75' lang='grc' dir='ltr'><strong>Ν.</strong></span> 
     </span>
    </p>
   </div>
   <div class='ocr_carea' id='block_1_86' title="bbox 124 2823 860 2861">
    <p class='ocr_par' dir='ltr' id='par_1_86' title="bbox 124 2823 860 2861">
     <span class='ocr_line' id='line_1_86' title="bbox 124 2823 860 2861; baseline 0.004 -11"><span class='ocrx_word' id='word_1_600' title='bbox 124 2823 233 2861; x_wconf 59' lang='grc' dir='ltr'>(ίωῌη</span> <span class='ocrx_word' id='word_1_601' title='bbox 247 2824 398 2861; x_wconf 86' lang='lat' dir='ltr'><strong>appendice</strong></span> <span class='ocrx_word' id='word_1_602' title='bbox 415 2825 480 2853; x_wconf 90' lang='lat' dir='ltr'><strong>tomi</strong></span> <span class='ocrx_word' id='word_1_603' title='bbox 505 2824 572 2860; x_wconf 82' lang='lat' dir='ltr'><strong>VIII,</strong></span> <span class='ocrx_word' id='word_1_604' title='bbox 586 2825 686 2861; x_wconf 77' lang='lat' dir='ltr'><strong>p.285,</strong></span> <span class='ocrx_word' id='word_1_605' title='bbox 697 2825 815 2860; x_wconf 91' lang='lat' dir='ltr'><strong>Operum</strong></span> <span class='ocrx_word' id='word_1_606' title='bbox 831 2824 860 2853; x_wconf 91' lang='lat' dir='ltr'><strong>S.</strong></span> 
     </span>
    </p>
   </div>
   <div class='ocr_carea' id='block_1_87' title="bbox 95 2855 861 2897">
    <p class='ocr_par' dir='ltr' id='par_1_87' title="bbox 95 2855 861 2897">
     <span class='ocr_line' id='line_1_87' title="bbox 95 2855 861 2897; baseline 0 -9"><span class='ocrx_word' id='word_1_607' title='bbox 95 2855 162 2897; x_wconf 56' lang='lat' dir='ltr'><strong>Imp:</strong></span> <span class='ocrx_word' id='word_1_608' title='bbox 180 2855 371 2897; x_wconf 59' lang='grc' dir='ltr'><strong>αιτιεὼωωί</strong></span> <span class='ocrx_word' id='word_1_609' title='bbox 404 2860 513 2897; x_wconf 64' lang='lat' dir='ltr'><strong>legitur</strong></span> <span class='ocrx_word' id='word_1_610' title='bbox 529 2855 667 2897; x_wconf 49' lang='lat' dir='ltr'><strong>med-iocre</strong></span> <span class='ocrx_word' id='word_1_611' title='bbox 678 2855 861 2897; x_wconf 60' lang='lat' dir='ltr'><strong>&#39;ex&#39;cerptum,</strong></span> 
     </span>
    </p>
   </div>
   <div class='ocr_carea' id='block_1_88' title="bbox 96 2893 860 2932">
    <p class='ocr_par' dir='ltr' id='par_1_88' title="bbox 96 2893 860 2932">
     <span class='ocr_line' id='line_1_88' title="bbox 96 2893 860 2932; baseline 0.003 -11"><span class='ocrx_word' id='word_1_612' title='bbox 96 2893 174 2923; x_wconf 76' lang='lat' dir='ltr'><strong>verbis</strong></span> <span class='ocrx_word' id='word_1_613' title='bbox 191 2893 352 2931; x_wconf 74' lang='lat' dir='ltr'><strong>plerumque</strong></span> <span class='ocrx_word' id='word_1_614' title='bbox 370 2893 491 2930; x_wconf 75' lang='lat' dir='ltr'><strong>mutatis,</strong></span> <span class='ocrx_word' id='word_1_615' title='bbox 507 2895 588 2932; x_wconf 87' lang='lat' dir='ltr'><strong>hujus</strong></span> <span class='ocrx_word' id='word_1_616' title='bbox 607 2897 742 2926; x_wconf 88' lang='lat' dir='ltr'><strong>sermonis</strong></span> <span class='ocrx_word' id='word_1_617' title='bbox 770 2893 860 2924; x_wconf 53' lang='lat' dir='ltr'><strong>Theo;</strong></span> 
     </span>
    </p>
   </div>
   <div class='ocr_carea' id='block_1_89' title="bbox 914 1636 1708 1671">
    <p class='ocr_par' dir='ltr' id='par_1_89' title="bbox 914 1636 1708 1671">
     <span class='ocr_line' id='line_1_89' title="bbox 914 1636 1708 1671; baseline 0 -6"><span class='ocrx_word' id='word_1_618' title='bbox 914 1641 1152 1671; x_wconf 85' lang='lat' dir='ltr'><strong>cumsonuerunt;</strong></span> <span class='ocrx_word' id='word_1_619' title='bbox 1178 1637 1335 1665; x_wconf 84' lang='lat' dir='ltr'><strong>divinorum</strong></span> <span class='ocrx_word' id='word_1_620' title='bbox 1352 1636 1387 1664; x_wconf 87' lang='lat' dir='ltr'><strong>ad</strong></span> <span class='ocrx_word' id='word_1_621' title='bbox 1410 1644 1488 1665; x_wconf 82' lang='lat' dir='ltr'><strong>sacra</strong></span> <span class='ocrx_word' id='word_1_622' title='bbox 1513 1636 1708 1665; x_wconf 84' lang='lat' dir='ltr'><strong>ministrorum</strong></span> 
     </span>
    </p>
   </div>
   <div class='ocr_carea' id='block_1_90' title="bbox 914 1682 1709 1719">
    <p class='ocr_par' dir='ltr' id='par_1_90' title="bbox 914 1682 1709 1719">
     <span class='ocr_line' id='line_1_90' title="bbox 914 1682 1709 1719; baseline 0 -8"><span class='ocrx_word' id='word_1_623' title='bbox 914 1691 965 1711; x_wconf 89' lang='lat' dir='ltr'><strong>nos</strong></span> <span class='ocrx_word' id='word_1_624' title='bbox 980 1684 1067 1719; x_wconf 86' lang='lat' dir='ltr'><strong>gratia</strong></span> <span class='ocrx_word' id='word_1_625' title='bbox 1093 1682 1277 1712; x_wconf 84' lang='lat' dir='ltr'><strong>eireuml‘ulsit</strong></span> <span class='ocrx_word' id='word_1_626' title='bbox 1296 1691 1304 1716; x_wconf 87' lang='lat'><strong>;</strong></span> <span class='ocrx_word' id='word_1_627' title='bbox 1320 1682 1431 1718; x_wconf 83' lang='lat' dir='ltr'><strong>vigilum</strong></span> <span class='ocrx_word' id='word_1_628' title='bbox 1459 1682 1568 1719; x_wconf 87' lang='lat' dir='ltr'><strong>agmina</strong></span> <span class='ocrx_word' id='word_1_629' title='bbox 1594 1683 1709 1719; x_wconf 85' lang='lat' dir='ltr'><strong>hymno-</strong></span> 
     </span>
    </p>
   </div>
   <div class='ocr_carea' id='block_1_91' title="bbox 914 1726 1710 1763">
    <p class='ocr_par' dir='ltr' id='par_1_91' title="bbox 914 1726 1710 1763">
     <span class='ocr_line' id='line_1_91' title="bbox 914 1726 1710 1763; baseline -0.001 -8"><span class='ocrx_word' id='word_1_630' title='bbox 914 1727 1038 1756; x_wconf 87' lang='lat' dir='ltr'><strong>dicorum</strong></span> <span class='ocrx_word' id='word_1_631' title='bbox 1055 1727 1090 1756; x_wconf 86' lang='lat' dir='ltr'><strong>ad</strong></span> <span class='ocrx_word' id='word_1_632' title='bbox 1114 1727 1282 1763; x_wconf 84' lang='lat' dir='ltr'><strong>vigilandum</strong></span> <span class='ocrx_word' id='word_1_633' title='bbox 1299 1726 1327 1754; x_wconf 92' lang='lat' dir='ltr'><strong>in</strong></span> <span class='ocrx_word' id='word_1_634' title='bbox 1353 1726 1471 1754; x_wconf 87' lang='lat' dir='ltr'><strong>canticis</strong></span> <span class='ocrx_word' id='word_1_635' title='bbox 1490 1734 1541 1754; x_wconf 86' lang='lat' dir='ltr'><strong>nos</strong></span> <span class='ocrx_word' id='word_1_636' title='bbox 1557 1734 1710 1762; x_wconf 86' lang='lat' dir='ltr'><strong>congrega-</strong></span> 
     </span>
    </p>
   </div>
   <div class='ocr_carea' id='block_1_92' title="bbox 914 1772 1709 1807">
    <p class='ocr_par' dir='ltr' id='par_1_92' title="bbox 914 1772 1709 1807">
     <span class='ocr_line' id='line_1_92' title="bbox 914 1772 1709 1807; baseline -0.003 -6"><span class='ocrx_word' id='word_1_637' title='bbox 914 1777 979 1801; x_wconf 90' lang='lat' dir='ltr'><strong>runt</strong></span> <span class='ocrx_word' id='word_1_638' title='bbox 995 1782 1002 1807; x_wconf 90' lang='lat'><strong>;</strong></span> <span class='ocrx_word' id='word_1_639' title='bbox 1020 1773 1130 1801; x_wconf 76' lang='lat' dir='ltr'><strong>ordines</strong></span> <span class='ocrx_word' id='word_1_640' title='bbox 1144 1772 1339 1801; x_wconf 85' lang='lat' dir='ltr'><strong>immateriales</strong></span> <span class='ocrx_word' id='word_1_641' title='bbox 1355 1780 1419 1800; x_wconf 86' lang='lat' dir='ltr'><strong>cum</strong></span> <span class='ocrx_word' id='word_1_642' title='bbox 1432 1772 1624 1800; x_wconf 85' lang='lat' dir='ltr'><strong>materialibus</strong></span> <span class='ocrx_word' id='word_1_643' title='bbox 1641 1779 1709 1800; x_wconf 91' lang='lat' dir='ltr'><strong>con-</strong></span> 
     </span>
    </p>
   </div>
   <div class='ocr_carea' id='block_1_93' title="bbox 914 1817 1709 1851">
    <p class='ocr_par' dir='ltr' id='par_1_93' title="bbox 914 1817 1709 1851">
     <span class='ocr_line' id='line_1_93' title="bbox 914 1817 1709 1851; baseline -0.004 -3"><span class='ocrx_word' id='word_1_644' title='bbox 914 1821 1038 1848; x_wconf 86' lang='lat' dir='ltr'><strong>cinentes</strong></span> <span class='ocrx_word' id='word_1_645' title='bbox 1052 1819 1179 1847; x_wconf 86' lang='lat' dir='ltr'><strong>choream</strong></span> <span class='ocrx_word' id='word_1_646' title='bbox 1206 1819 1311 1846; x_wconf 89' lang='lat' dir='ltr'><strong>ducunt</strong></span> <span class='ocrx_word' id='word_1_647' title='bbox 1325 1826 1334 1851; x_wconf 76' lang='grc' dir='ltr'>ς</span> <span class='ocrx_word' id='word_1_648' title='bbox 1346 1818 1497 1846; x_wconf 73' lang='grc' dir='ltr'>οωΙθειίοηι</span> <span class='ocrx_word' id='word_1_649' title='bbox 1511 1817 1582 1845; x_wconf 88' lang='lat' dir='ltr'><strong>idem</strong></span> <span class='ocrx_word' id='word_1_650' title='bbox 1604 1824 1637 1845; x_wconf 84' lang='lat' dir='ltr'><strong>ac</strong></span> <span class='ocrx_word' id='word_1_651' title='bbox 1652 1821 1709 1845; x_wconf 85' lang='lat' dir='ltr'><strong>ter-</strong></span> 
     </span>
    </p>
   </div>
   <div class='ocr_carea' id='block_1_94' title="bbox 914 1863 1706 1900">
    <p class='ocr_par' dir='ltr' id='par_1_94' title="bbox 914 1863 1706 1900">
     <span class='ocr_line' id='line_1_94' title="bbox 914 1863 1706 1900; baseline -0.004 -7"><span class='ocrx_word' id='word_1_652' title='bbox 914 1865 1041 1893; x_wconf 81' lang='lat' dir='ltr'><strong>restrium</strong></span> <span class='ocrx_word' id='word_1_653' title='bbox 1057 1869 1206 1900; x_wconf 66' lang='lat' dir='ltr'><strong>praecentor</strong></span> <span class='ocrx_word' id='word_1_654' title='bbox 1222 1864 1251 1891; x_wconf 90' lang='lat' dir='ltr'><strong>in</strong></span> <span class='ocrx_word' id='word_1_655' title='bbox 1260 1863 1355 1891; x_wconf 90' lang='lat' dir='ltr'><strong>eadem</strong></span> <span class='ocrx_word' id='word_1_656' title='bbox 1369 1863 1428 1891; x_wconf 73' lang='lat' dir='ltr'><strong>aede</strong></span> <span class='ocrx_word' id='word_1_657' title='bbox 1439 1871 1536 1891; x_wconf 89' lang='lat' dir='ltr'><strong>omnes</strong></span> <span class='ocrx_word' id='word_1_658' title='bbox 1551 1863 1632 1890; x_wconf 87' lang='lat' dir='ltr'><strong>hodie</strong></span> <span class='ocrx_word' id='word_1_659' title='bbox 1647 1870 1706 1890; x_wconf 90' lang='lat' dir='ltr'><strong>mo-</strong></span> 
     </span>
    </p>
   </div>
   <div class='ocr_carea' id='block_1_95' title="bbox 914 1908 1709 1944">
    <p class='ocr_par' dir='ltr' id='par_1_95' title="bbox 914 1908 1709 1944">
     <span class='ocr_line' id='line_1_95' title="bbox 914 1908 1709 1944; baseline -0.004 -5"><span class='ocrx_word' id='word_1_660' title='bbox 914 1912 1034 1940; x_wconf 87' lang='lat' dir='ltr'><strong>deratur.</strong></span> <span class='ocrx_word' id='word_1_661' title='bbox 1052 1910 1119 1944; x_wconf 83' lang='lat' dir='ltr'><strong>Quis</strong></span> <span class='ocrx_word' id='word_1_662' title='bbox 1135 1910 1179 1938; x_wconf 90' lang='lat' dir='ltr'><strong>hic</strong></span> <span class='ocrx_word' id='word_1_663' title='bbox 1196 1910 1294 1944; x_wconf 71' lang='lat' dir='ltr'><strong>porro?</strong></span> <span class='ocrx_word' id='word_1_664' title='bbox 1309 1916 1407 1944; x_wconf 87' lang='lat' dir='ltr'><strong>nempe</strong></span> <span class='ocrx_word' id='word_1_665' title='bbox 1426 1913 1518 1937; x_wconf 87' lang='lat' dir='ltr'><strong>tantus</strong></span> <span class='ocrx_word' id='word_1_666' title='bbox 1533 1909 1579 1936; x_wconf 87' lang='lat' dir='ltr'><strong>ille</strong></span> <span class='ocrx_word' id='word_1_667' title='bbox 1593 1908 1709 1936; x_wconf 71' lang='lat' dir='ltr'><strong>Michael</strong></span> 
     </span>
    </p>
   </div>
   <div class='ocr_carea' id='block_1_96' title="bbox 914 1954 1707 1994">
    <p class='ocr_par' dir='ltr' id='par_1_96' title="bbox 914 1954 1707 1994">
     <span class='ocr_line' id='line_1_96' title="bbox 914 1954 1707 1994; baseline -0.005 -9"><span class='ocrx_word' id='word_1_668' title='bbox 914 1957 1000 1994; x_wconf 88' lang='lat' dir='ltr'><strong>gratia</strong></span> <span class='ocrx_word' id='word_1_669' title='bbox 1017 1956 1065 1984; x_wconf 88' lang='lat' dir='ltr'><strong>Dei</strong></span> <span class='ocrx_word' id='word_1_670' title='bbox 1090 1955 1259 1992; x_wconf 83' lang='lat' dir='ltr'><strong>splendidus,</strong></span> <span class='ocrx_word' id='word_1_671' title='bbox 1278 1960 1305 1983; x_wconf 86' lang='lat' dir='ltr'><strong>et</strong></span> <span class='ocrx_word' id='word_1_672' title='bbox 1328 1955 1488 1983; x_wconf 79' lang='lat' dir='ltr'><strong>mortalibus</strong></span> <span class='ocrx_word' id='word_1_673' title='bbox 1517 1954 1601 1982; x_wconf 88' lang='lat' dir='ltr'><strong>etiam</strong></span> <span class='ocrx_word' id='word_1_674' title='bbox 1632 1954 1707 1982; x_wconf 81' lang='lat' dir='ltr'><strong>divi-</strong></span> 
     </span>
    </p>
   </div>
   <div class='ocr_carea' id='block_1_97' title="bbox 914 2000 1704 2036">
    <p class='ocr_par' dir='ltr' id='par_1_97' title="bbox 914 2000 1704 2036">
     <span class='ocr_line' id='line_1_97' title="bbox 914 2000 1704 2036; baseline -0.004 -5"><span class='ocrx_word' id='word_1_675' title='bbox 914 2011 1012 2032; x_wconf 85' lang='lat' dir='ltr'><strong>norum</strong></span> <span class='ocrx_word' id='word_1_676' title='bbox 1039 2003 1170 2030; x_wconf 90' lang='lat' dir='ltr'><strong>luminum</strong></span> <span class='ocrx_word' id='word_1_677' title='bbox 1187 2002 1276 2030; x_wconf 85' lang='lat' dir='ltr'><strong>factus</strong></span> <span class='ocrx_word' id='word_1_678' title='bbox 1291 2001 1464 2029; x_wconf 83' lang='lat' dir='ltr'><strong>conciliator.</strong></span> <span class='ocrx_word' id='word_1_679' title='bbox 1480 2000 1565 2036; x_wconf 82' lang='lat' dir='ltr'><strong>Leges</strong></span> <span class='ocrx_word' id='word_1_680' title='bbox 1582 2000 1664 2036; x_wconf 87' lang='lat' dir='ltr'><strong>igitur</strong></span> <span class='ocrx_word' id='word_1_681' title='bbox 1675 2005 1704 2028; x_wconf 86' lang='lat' dir='ltr'><strong>et</strong></span> 
     </span>
    </p>
   </div>
   <div class='ocr_carea' id='block_1_98' title="bbox 914 2045 1709 2083">
    <p class='ocr_par' dir='ltr' id='par_1_98' title="bbox 914 2045 1709 2083">
     <span class='ocr_line' id='line_1_98' title="bbox 914 2045 1709 2083; baseline -0.005 -6"><span class='ocrx_word' id='word_1_682' title='bbox 914 2057 929 2077; x_wconf 90' lang='lat' dir='ltr'><strong>a</strong></span> <span class='ocrx_word' id='word_1_683' title='bbox 946 2049 1002 2077; x_wconf 90' lang='lat' dir='ltr'><strong>Deo</strong></span> <span class='ocrx_word' id='word_1_684' title='bbox 1016 2050 1078 2077; x_wconf 66' lang='lat' dir='ltr'><strong>lata:</strong></span> <span class='ocrx_word' id='word_1_685' title='bbox 1100 2053 1128 2076; x_wconf 85' lang='lat' dir='ltr'><strong>et</strong></span> <span class='ocrx_word' id='word_1_686' title='bbox 1138 2048 1308 2083; x_wconf 66' lang='lat' dir='ltr'><strong>justissima.</strong></span> <span class='ocrx_word' id='word_1_687' title='bbox 1341 2046 1484 2081; x_wconf 85' lang='lat' dir='ltr'><strong>supremis</strong></span> <span class='ocrx_word' id='word_1_688' title='bbox 1496 2046 1567 2080; x_wconf 86' lang='lat' dir='ltr'><strong>apud</strong></span> <span class='ocrx_word' id='word_1_689' title='bbox 1582 2045 1709 2073; x_wconf 84' lang='lat' dir='ltr'><strong>homines</strong></span> 
     </span>
    </p>
   </div>
   <div class='ocr_carea' id='block_1_99' title="bbox 915 2089 1709 2130">
    <p class='ocr_par' dir='ltr' id='par_1_99' title="bbox 915 2089 1709 2130">
     <span class='ocr_line' id='line_1_99' title="bbox 915 2089 1709 2130; baseline -0.009 -7"><span class='ocrx_word' id='word_1_690' title='bbox 915 2094 1056 2130; x_wconf 67' lang='lat' dir='ltr'><strong>patefactae</strong></span> <span class='ocrx_word' id='word_1_691' title='bbox 1082 2097 1146 2122; x_wconf 87' lang='lat' dir='ltr'><strong>sunt</strong></span> <span class='ocrx_word' id='word_1_692' title='bbox 1171 2091 1395 2124; x_wconf 83' lang='lat' dir='ltr'><strong>revelationibus.</strong></span> <span class='ocrx_word' id='word_1_693' title='bbox 1420 2095 1450 2118; x_wconf 89' lang='lat' dir='ltr'><strong>ut</strong></span> <span class='ocrx_word' id='word_1_694' title='bbox 1469 2091 1487 2118; x_wconf 90' lang='lat' dir='ltr'><strong>ii</strong></span> <span class='ocrx_word' id='word_1_695' title='bbox 1499 2089 1546 2125; x_wconf 91' lang='lat' dir='ltr'><strong>qui</strong></span> <span class='ocrx_word' id='word_1_696' title='bbox 1560 2090 1678 2125; x_wconf 84' lang='lat' dir='ltr'><strong>plurima</strong></span> <span class='ocrx_word' id='word_1_697' title='bbox 1693 2098 1709 2117; x_wconf 93' lang='lat' dir='ltr'><strong>a</strong></span> 
     </span>
    </p>
   </div>
   <div class='ocr_carea' id='block_1_100' title="bbox 914 2136 1709 2170">
    <p class='ocr_par' dir='ltr' id='par_1_100' title="bbox 914 2136 1709 2170">
     <span class='ocr_line' id='line_1_100' title="bbox 914 2136 1709 2170; baseline -0.006 -2"><span class='ocrx_word' id='word_1_698' title='bbox 914 2139 1132 2168; x_wconf 83' lang='lat' dir='ltr'><strong>benefactoribus</strong></span> <span class='ocrx_word' id='word_1_699' title='bbox 1153 2138 1225 2166; x_wconf 89' lang='lat' dir='ltr'><strong>dona</strong></span> <span class='ocrx_word' id='word_1_700' title='bbox 1240 2137 1393 2170; x_wconf 69' lang='lat' dir='ltr'><strong>rettulerint,</strong></span> <span class='ocrx_word' id='word_1_701' title='bbox 1407 2144 1441 2164; x_wconf 89' lang='lat' dir='ltr'><strong>ne</strong></span> <span class='ocrx_word' id='word_1_702' title='bbox 1460 2136 1517 2163; x_wconf 87' lang='lat' dir='ltr'><strong>sint</strong></span> <span class='ocrx_word' id='word_1_703' title='bbox 1533 2136 1709 2163; x_wconf 85' lang='lat' dir='ltr'><strong>immemores</strong></span> 
     </span>
    </p>
   </div>
   <div class='ocr_carea' id='block_1_101' title="bbox 914 2182 1710 2222">
    <p class='ocr_par' dir='ltr' id='par_1_101' title="bbox 914 2182 1710 2222">
     <span class='ocr_line' id='line_1_101' title="bbox 914 2182 1710 2222; baseline -0.006 -7"><span class='ocrx_word' id='word_1_704' title='bbox 914 2187 995 2215; x_wconf 90' lang='lat' dir='ltr'><strong>simul</strong></span> <span class='ocrx_word' id='word_1_705' title='bbox 1010 2191 1037 2214; x_wconf 85' lang='lat' dir='ltr'><strong>et</strong></span> <span class='ocrx_word' id='word_1_706' title='bbox 1054 2186 1154 2222; x_wconf 86' lang='lat' dir='ltr'><strong>ingrati</strong></span> <span class='ocrx_word' id='word_1_707' title='bbox 1169 2184 1300 2212; x_wconf 87' lang='lat' dir='ltr'><strong>adversus</strong></span> <span class='ocrx_word' id='word_1_708' title='bbox 1314 2187 1442 2219; x_wconf 80' lang='lat' dir='ltr'><strong>patronos</strong></span> <span class='ocrx_word' id='word_1_709' title='bbox 1458 2190 1533 2214; x_wconf 85' lang='lat' dir='ltr'><strong>suos.</strong></span> <span class='ocrx_word' id='word_1_710' title='bbox 1551 2182 1597 2210; x_wconf 85' lang='lat' dir='ltr'><strong>sed</strong></span> <span class='ocrx_word' id='word_1_711' title='bbox 1614 2186 1643 2209; x_wconf 91' lang='lat' dir='ltr'><strong>ut</strong></span> <span class='ocrx_word' id='word_1_712' title='bbox 1660 2190 1710 2216; x_wconf 90' lang='lat' dir='ltr'><strong>pro</strong></span> 
     </span>
    </p>
   </div>
   <div class='ocr_carea' id='block_1_102' title="bbox 916 2226 1707 2267">
    <p class='ocr_par' dir='ltr' id='par_1_102' title="bbox 916 2226 1707 2267">
     <span class='ocr_line' id='line_1_102' title="bbox 916 2226 1707 2267; baseline -0.01 -7"><span class='ocrx_word' id='word_1_713' title='bbox 916 2232 958 2260; x_wconf 92' lang='lat' dir='ltr'><strong>sui</strong></span> <span class='ocrx_word' id='word_1_714' title='bbox 977 2232 1093 2267; x_wconf 88' lang='lat' dir='ltr'><strong>quisque</strong></span> <span class='ocrx_word' id='word_1_715' title='bbox 1108 2230 1210 2266; x_wconf 85' lang='lat' dir='ltr'><strong>ingenii</strong></span> <span class='ocrx_word' id='word_1_716' title='bbox 1232 2230 1335 2257; x_wconf 85' lang='lat' dir='ltr'><strong>viribus</strong></span> <span class='ocrx_word' id='word_1_717' title='bbox 1361 2228 1462 2265; x_wconf 84' lang='lat' dir='ltr'><strong>gratias</strong></span> <span class='ocrx_word' id='word_1_718' title='bbox 1475 2232 1568 2263; x_wconf 86' lang='lat' dir='ltr'><strong>agant.</strong></span> <span class='ocrx_word' id='word_1_719' title='bbox 1594 2226 1707 2254; x_wconf 89' lang='lat' dir='ltr'><strong>Patroni</strong></span> 
     </span>
    </p>
   </div>
   <div class='ocr_carea' id='block_1_103' title="bbox 916 2272 1710 2314">
    <p class='ocr_par' dir='ltr' id='par_1_103' title="bbox 916 2272 1710 2314">
     <span class='ocr_line' id='line_1_103' title="bbox 916 2272 1710 2314; baseline -0.009 -9"><span class='ocrx_word' id='word_1_720' title='bbox 916 2278 997 2314; x_wconf 85' lang='lat' dir='ltr'><strong>igitur</strong></span> <span class='ocrx_word' id='word_1_721' title='bbox 1018 2276 1133 2312; x_wconf 85' lang='lat' dir='ltr'><strong>prompti</strong></span> <span class='ocrx_word' id='word_1_722' title='bbox 1161 2275 1243 2304; x_wconf 92' lang='lat' dir='ltr'><strong>simul</strong></span> <span class='ocrx_word' id='word_1_723' title='bbox 1270 2279 1298 2303; x_wconf 86' lang='lat' dir='ltr'><strong>et</strong></span> <span class='ocrx_word' id='word_1_724' title='bbox 1325 2274 1421 2302; x_wconf 83' lang='lat' dir='ltr'><strong>fervidi</strong></span> <span class='ocrx_word' id='word_1_725' title='bbox 1453 2273 1524 2308; x_wconf 92' lang='lat' dir='ltr'><strong>apud</strong></span> <span class='ocrx_word' id='word_1_726' title='bbox 1552 2272 1639 2300; x_wconf 89' lang='lat' dir='ltr'><strong>Deum</strong></span> <span class='ocrx_word' id='word_1_727' title='bbox 1657 2291 1665 2304; x_wconf 87' lang='lat'><strong>,</strong></span> <span class='ocrx_word' id='word_1_728' title='bbox 1681 2276 1710 2298; x_wconf 91' lang='lat' dir='ltr'><strong>et</strong></span> 
     </span>
    </p>
   </div>
   <div class='ocr_carea' id='block_1_104' title="bbox 916 2317 1710 2359">
    <p class='ocr_par' dir='ltr' id='par_1_104' title="bbox 916 2317 1710 2359">
     <span class='ocr_line' id='line_1_104' title="bbox 916 2317 1710 2359; baseline -0.009 -9"><span class='ocrx_word' id='word_1_729' title='bbox 916 2322 997 2359; x_wconf 87' lang='lat' dir='ltr'><strong>legati</strong></span> <span class='ocrx_word' id='word_1_730' title='bbox 1045 2321 1200 2349; x_wconf 86' lang='lat' dir='ltr'><strong>mortalium</strong></span> <span class='ocrx_word' id='word_1_731' title='bbox 1237 2320 1344 2356; x_wconf 85' lang='lat' dir='ltr'><strong>imping</strong></span> <span class='ocrx_word' id='word_1_732' title='bbox 1377 2323 1405 2348; x_wconf 84' lang='lat' dir='ltr'><strong>et</strong></span> <span class='ocrx_word' id='word_1_733' title='bbox 1439 2317 1601 2351; x_wconf 79' lang='lat' dir='ltr'><strong>assidui,a</strong></span> <span class='ocrx_word' id='word_1_734' title='bbox 1632 2317 1710 2344; x_wconf 86' lang='lat' dir='ltr'><strong>beni-</strong></span> 
     </span>
    </p>
   </div>
   <div class='ocr_carea' id='block_1_105' title="bbox 915 2363 1711 2403">
    <p class='ocr_par' dir='ltr' id='par_1_105' title="bbox 915 2363 1711 2403">
     <span class='ocr_line' id='line_1_105' title="bbox 915 2363 1711 2403; baseline -0.008 -7"><span class='ocrx_word' id='word_1_735' title='bbox 915 2376 969 2403; x_wconf 77' lang='lat' dir='ltr'><strong>gno</strong></span> <span class='ocrx_word' id='word_1_736' title='bbox 1008 2367 1123 2395; x_wconf 83' lang='lat' dir='ltr'><strong>Domino</strong></span> <span class='ocrx_word' id='word_1_737' title='bbox 1171 2366 1338 2401; x_wconf 85' lang='lat' dir='ltr'><strong>benignitate</strong></span> <span class='ocrx_word' id='word_1_738' title='bbox 1386 2363 1545 2396; x_wconf 85' lang='lat' dir='ltr'><strong>instructi,</strong></span> <span class='ocrx_word' id='word_1_739' title='bbox 1588 2367 1711 2390; x_wconf 88' lang='lat' dir='ltr'><strong>amatore</strong></span> 
     </span>
    </p>
   </div>
   <div class='ocr_carea' id='block_1_106' title="bbox 915 2408 1710 2448">
    <p class='ocr_par' dir='ltr' id='par_1_106' title="bbox 915 2408 1710 2448">
     <span class='ocr_line' id='line_1_106' title="bbox 915 2408 1710 2448; baseline -0.009 -6"><span class='ocrx_word' id='word_1_740' title='bbox 915 2414 1055 2442; x_wconf 89' lang='lat' dir='ltr'><strong>hominum</strong></span> <span class='ocrx_word' id='word_1_741' title='bbox 1079 2413 1168 2448; x_wconf 77' lang='lat' dir='ltr'><strong>angeli</strong></span> <span class='ocrx_word' id='word_1_742' title='bbox 1188 2421 1197 2446; x_wconf 87' lang='lat'><strong>;</strong></span> <span class='ocrx_word' id='word_1_743' title='bbox 1215 2412 1304 2447; x_wconf 86' lang='lat' dir='ltr'><strong>primo</strong></span> <span class='ocrx_word' id='word_1_744' title='bbox 1335 2410 1438 2438; x_wconf 88' lang='lat' dir='ltr'><strong>lumine</strong></span> <span class='ocrx_word' id='word_1_745' title='bbox 1467 2409 1502 2437; x_wconf 85' lang='lat' dir='ltr'><strong>ab</strong></span> <span class='ocrx_word' id='word_1_746' title='bbox 1529 2408 1653 2436; x_wconf 85' lang='lat' dir='ltr'><strong>iucreato</strong></span> <span class='ocrx_word' id='word_1_747' title='bbox 1668 2408 1710 2435; x_wconf 91' lang='lat' dir='ltr'><strong>lu-</strong></span> 
     </span>
    </p>
   </div>
   <div class='ocr_carea' id='block_1_107' title="bbox 917 2455 1709 2494">
    <p class='ocr_par' dir='ltr' id='par_1_107' title="bbox 917 2455 1709 2494">
     <span class='ocr_line' id='line_1_107' title="bbox 917 2455 1709 2494; baseline -0.008 -8"><span class='ocrx_word' id='word_1_748' title='bbox 917 2460 989 2488; x_wconf 84' lang='lat' dir='ltr'><strong>mine</strong></span> <span class='ocrx_word' id='word_1_749' title='bbox 1017 2459 1169 2494; x_wconf 87' lang='lat' dir='ltr'><strong>impcrtiti;</strong></span> <span class='ocrx_word' id='word_1_750' title='bbox 1194 2457 1304 2493; x_wconf 85' lang='lat' dir='ltr'><strong>angeli,</strong></span> <span class='ocrx_word' id='word_1_751' title='bbox 1334 2456 1380 2492; x_wconf 89' lang='lat' dir='ltr'><strong>qui</strong></span> <span class='ocrx_word' id='word_1_752' title='bbox 1404 2455 1496 2483; x_wconf 79' lang='lat' dir='ltr'><strong>fuistis</strong></span> <span class='ocrx_word' id='word_1_753' title='bbox 1515 2455 1620 2489; x_wconf 89' lang='lat' dir='ltr'><strong>primus</strong></span> <span class='ocrx_word' id='word_1_754' title='bbox 1645 2459 1709 2481; x_wconf 84' lang='lat' dir='ltr'><strong>ante</strong></span> 
     </span>
    </p>
   </div>
   <div class='ocr_carea' id='block_1_108' title="bbox 915 2499 1709 2537">
    <p class='ocr_par' dir='ltr' id='par_1_108' title="bbox 915 2499 1709 2537">
     <span class='ocr_line' id='line_1_108' title="bbox 915 2499 1709 2537; baseline -0.009 -5"><span class='ocrx_word' id='word_1_755' title='bbox 915 2505 989 2533; x_wconf 88' lang='lat' dir='ltr'><strong>hunc</strong></span> <span class='ocrx_word' id='word_1_756' title='bbox 1015 2504 1145 2532; x_wconf 86' lang='lat' dir='ltr'><strong>mundum</strong></span> <span class='ocrx_word' id='word_1_757' title='bbox 1171 2504 1289 2531; x_wconf 87' lang='lat' dir='ltr'><strong>mundus</strong></span> <span class='ocrx_word' id='word_1_758' title='bbox 1331 2500 1561 2537; x_wconf 85' lang='lat' dir='ltr'><strong>supermundialis</strong></span> <span class='ocrx_word' id='word_1_759' title='bbox 1576 2521 1584 2533; x_wconf 88' lang='lat'><strong>,</strong></span> <span class='ocrx_word' id='word_1_760' title='bbox 1607 2499 1709 2534; x_wconf 86' lang='lat' dir='ltr'><strong>quique</strong></span> 
     </span>
    </p>
   </div>
   <div class='ocr_carea' id='block_1_109' title="bbox 914 2546 1706 2585">
    <p class='ocr_par' dir='ltr' id='par_1_109' title="bbox 914 2546 1706 2585">
     <span class='ocr_line' id='line_1_109' title="bbox 914 2546 1706 2585; baseline -0.011 -6"><span class='ocrx_word' id='word_1_761' title='bbox 914 2551 979 2579; x_wconf 88' lang='lat' dir='ltr'><strong>huic</strong></span> <span class='ocrx_word' id='word_1_762' title='bbox 1012 2550 1113 2577; x_wconf 83' lang='lat' dir='ltr'><strong>mundo</strong></span> <span class='ocrx_word' id='word_1_763' title='bbox 1142 2548 1393 2585; x_wconf 86' lang='lat' dir='ltr'><strong>supermundialem</strong></span> <span class='ocrx_word' id='word_1_764' title='bbox 1428 2546 1518 2575; x_wconf 89' lang='lat' dir='ltr'><strong>adhuc</strong></span> <span class='ocrx_word' id='word_1_765' title='bbox 1550 2546 1706 2576; x_wconf 85' lang='lat' dir='ltr'><strong>mundum,</strong></span> 
     </span>
    </p>
   </div>
   <div class='ocr_carea' id='block_1_110' title="bbox 913 2589 1707 2629">
    <p class='ocr_par' dir='ltr' id='par_1_110' title="bbox 913 2589 1707 2629">
     <span class='ocr_line' id='line_1_110' title="bbox 913 2589 1707 2629; baseline -0.011 -4"><span class='ocrx_word' id='word_1_766' title='bbox 913 2597 940 2625; x_wconf 88' lang='lat' dir='ltr'><strong>id</strong></span> <span class='ocrx_word' id='word_1_767' title='bbox 954 2602 995 2625; x_wconf 84' lang='lat' dir='ltr'><strong>est</strong></span> <span class='ocrx_word' id='word_1_768' title='bbox 1010 2597 1164 2629; x_wconf 82' lang='lat' dir='ltr'><strong>Christum,</strong></span> <span class='ocrx_word' id='word_1_769' title='bbox 1181 2595 1351 2628; x_wconf 83' lang='lat' dir='ltr'><strong>nuntiastis;</strong></span> <span class='ocrx_word' id='word_1_770' title='bbox 1382 2593 1471 2628; x_wconf 83' lang='lat' dir='ltr'><strong>angeli</strong></span> <span class='ocrx_word' id='word_1_771' title='bbox 1499 2591 1617 2628; x_wconf 81' lang='lat' dir='ltr'><strong>proximi</strong></span> <span class='ocrx_word' id='word_1_772' title='bbox 1634 2589 1707 2624; x_wconf 88' lang='lat' dir='ltr'><strong>apud</strong></span> 
     </span>
    </p>
   </div>
   <div class='ocr_carea' id='block_1_111' title="bbox 912 2636 1693 2677">
    <p class='ocr_par' dir='ltr' id='par_1_111' title="bbox 912 2636 1693 2677">
     <span class='ocr_line' id='line_1_111' title="bbox 912 2636 1693 2677; baseline -0.009 -7"><span class='ocrx_word' id='word_1_773' title='bbox 912 2643 996 2671; x_wconf 89' lang='lat' dir='ltr'><strong>Deum</strong></span> <span class='ocrx_word' id='word_1_774' title='bbox 1011 2650 1060 2677; x_wconf 87' lang='lat' dir='ltr'><strong>pro</strong></span> <span class='ocrx_word' id='word_1_775' title='bbox 1073 2641 1234 2669; x_wconf 83' lang='lat' dir='ltr'><strong>mortalibus</strong></span> <span class='ocrx_word' id='word_1_776' title='bbox 1251 2641 1445 2668; x_wconf 86' lang='lat' dir='ltr'><strong>intercessores</strong></span> <span class='ocrx_word' id='word_1_777' title='bbox 1457 2658 1466 2671; x_wconf 83' lang='lat'><strong>,</strong></span> <span class='ocrx_word' id='word_1_778' title='bbox 1478 2638 1517 2665; x_wconf 90' lang='lat' dir='ltr'><strong>dii</strong></span> <span class='ocrx_word' id='word_1_779' title='bbox 1543 2636 1579 2664; x_wconf 87' lang='lat' dir='ltr'><strong>ob</strong></span> <span class='ocrx_word' id='word_1_780' title='bbox 1592 2636 1693 2671; x_wconf 87' lang='lat' dir='ltr'><strong>conjun</strong></span> 
     </span>
    </p>
   </div>
   <div class='ocr_carea' id='block_1_112' title="bbox 912 2682 1708 2721">
    <p class='ocr_par' dir='ltr' id='par_1_112' title="bbox 912 2682 1708 2721">
     <span class='ocr_line' id='line_1_112' title="bbox 912 2682 1708 2721; baseline -0.011 -4"><span class='ocrx_word' id='word_1_781' title='bbox 912 2689 1030 2717; x_wconf 88' lang='lat' dir='ltr'><strong>ctionem</strong></span> <span class='ocrx_word' id='word_1_782' title='bbox 1043 2695 1106 2716; x_wconf 86' lang='lat' dir='ltr'><strong>cum</strong></span> <span class='ocrx_word' id='word_1_783' title='bbox 1123 2686 1180 2716; x_wconf 87' lang='lat' dir='ltr'><strong>Deo</strong></span> <span class='ocrx_word' id='word_1_784' title='bbox 1197 2694 1252 2715; x_wconf 91' lang='lat' dir='ltr'><strong>non</strong></span> <span class='ocrx_word' id='word_1_785' title='bbox 1267 2692 1358 2715; x_wconf 88' lang='lat' dir='ltr'><strong>tamen</strong></span> <span class='ocrx_word' id='word_1_786' title='bbox 1371 2684 1484 2721; x_wconf 88' lang='lat' dir='ltr'><strong>proprie</strong></span> <span class='ocrx_word' id='word_1_787' title='bbox 1498 2682 1565 2711; x_wconf 88' lang='lat' dir='ltr'><strong>dicti</strong></span> <span class='ocrx_word' id='word_1_788' title='bbox 1585 2690 1592 2709; x_wconf 93' lang='lat'>:</span> <span class='ocrx_word' id='word_1_789' title='bbox 1608 2685 1708 2709; x_wconf 89' lang='lat' dir='ltr'><strong>natura</strong></span> 
     </span>
    </p>
   </div>
   <div class='ocr_carea' id='block_1_113' title="bbox 915 2818 1698 2862">
    <p class='ocr_par' dir='ltr' id='par_1_113' title="bbox 915 2818 1698 2862">
     <span class='ocr_line' id='line_1_113' title="bbox 915 2818 1698 2862; baseline -0.006 -9"><span class='ocrx_word' id='word_1_790' title='bbox 915 2825 984 2853; x_wconf 88' lang='lat' dir='ltr'><strong>dori.</strong></span> <span class='ocrx_word' id='word_1_791' title='bbox 1001 2825 1219 2862; x_wconf 79' lang='lat' dir='ltr'><strong>Auctorem__non</strong></span> <span class='ocrx_word' id='word_1_792' title='bbox 1233 2823 1309 2851; x_wconf 87' lang='lat' dir='ltr'><strong>n0vit</strong></span> <span class='ocrx_word' id='word_1_793' title='bbox 1327 2820 1556 2862; x_wconf 79' lang='lat' dir='ltr'><strong>Monti‘auconius,</strong></span> <span class='ocrx_word' id='word_1_794' title='bbox 1579 2818 1698 2861; x_wconf 77' lang='lat' dir='ltr'><strong>ideoque</strong></span> 
     </span>
    </p>
   </div>
   <div class='ocr_carea' id='block_1_114' title="bbox 915 2859 1703 2899">
    <p class='ocr_par' dir='ltr' id='par_1_114' title="bbox 915 2859 1703 2899">
     <span class='ocr_line' id='line_1_114' title="bbox 915 2859 1703 2899; baseline -0.006 -11"><span class='ocrx_word' id='word_1_795' title='bbox 915 2868 1080 2899; x_wconf 79' lang='lat' dir='ltr'><strong>sermonem.</strong></span> <span class='ocrx_word' id='word_1_796' title='bbox 1094 2863 1125 2887; x_wconf 89' lang='lat' dir='ltr'><strong>ut</strong></span> <span class='ocrx_word' id='word_1_797' title='bbox 1140 2859 1337 2899; x_wconf 65' lang='lat' dir='ltr'><strong>Chrysomomo</strong></span> <span class='ocrx_word' id='word_1_798' title='bbox 1358 2859 1530 2894; x_wconf 84' lang='lat' dir='ltr'><strong>suppositum</strong></span> <span class='ocrx_word' id='word_1_799' title='bbox 1560 2859 1703 2891; x_wconf 86' lang='lat' dir='ltr'><strong>spurium-</strong></span> 
     </span>
    </p>
   </div>
   <div class='ocr_carea' id='block_1_115' title="bbox 915 2895 1307 2931">
    <p class='ocr_par' dir='ltr' id='par_1_115' title="bbox 915 2895 1307 2931">
     <span class='ocr_line' id='line_1_115' title="bbox 915 2895 1307 2931; baseline -0.008 -8"><span class='ocrx_word' id='word_1_800' title='bbox 915 2903 977 2931; x_wconf 89' lang='lat' dir='ltr'><strong>que,</strong></span> <span class='ocrx_word' id='word_1_801' title='bbox 992 2895 1117 2924; x_wconf 88' lang='lat' dir='ltr'><strong>incautus</strong></span> <span class='ocrx_word' id='word_1_802' title='bbox 1133 2895 1307 2929; x_wconf 85' lang='lat' dir='ltr'><strong>contempsit.</strong></span> 
     </span>
    </p>
   </div>
  </div>
