4018 6304
556 350 661 417 731
1742 349 1802 410 S.
1840 343 2233 408 THEODORI
2287 345 2630 406 STUDIT/E

3721 341 3828 402 732

557 464 759 535 angeli,
808 475 1054 530 supernae
1084 459 1270 515 libera:
1326 459 1565 513 civitatis
1594 457 1749 512 liberi
1780 458 1992 520 incolas,
2025 457 2139 510 imo

2267 455 2352 507 ινω
2381 455 2590 518 πόλεως
2619 457 2718 524 τῆς
2758 454 3049 524 ἐλευθέρας
3079 451 3556 524 ὲλευΘεροπολῖται
3579 492 3594 514 ,
3625 451 3660 521 ἧ
3691 470 3754 518 γε
3791 452 3826 522 ἡ

556 555 649 625 qui
700 553 833 608 estis
892 566 1128 620 superna
1195 551 1286 605 illa
1338 550 1508 604 libera
1547 548 1959 620 Hierosolyma,
2016 563 2137 616 qua:

2267 547 2353 598 ἱνω
2401 547 2661 617 ἐλευθέρα
2701 546 3079 617 Ἰερουσαλὴμ,
3124 548 3158 616 ἡ
3213 547 3396 616 μήτηρ
3440 543 3665 596 πάντων
3718 545 3828 596 τῶν

563 653 739 700 mater
775 653 859 700 est
907 645 1264 698 liberatorum
1320 643 1562 696 omnium
1592 657 1622 696 a
1674 642 1893 697 Christo
1921 660 1934 704 ;
1962 640 2137 709 angeli

565 735 841 786 animatus
897 731 1279 786 intellectualis
1307 731 1469 800 ignis.
1507 731 1598 786 Dei
1644 731 1862 785 flamma
1895 731 2138 784 rationa-

561 824 629 878 lis
661 841 675 889 ;
709 823 939 894 angelis,
973 823 1158 886 lucidi.
1185 823 1408 884 excelsi,
1442 838 1730 891 aeremque
1755 822 2145 876 transcenden-

563 924 650 969 tcs
685 915 873 970 aeterni
902 925 1138 976 montes,
1184 915 1328 967 unde
1360 928 1460 968 nos
1500 914 1635 967 Deus
1668 914 1939 967 illuminat
1973 914 2142 966 mira—

562 1007 736 1060 biliter
759 1022 792 1059 a
820 1006 1082 1058 montibus
1108 1007 1322 1060 (sternis
1351 1005 1390 1035 "
1420 1020 1439 1058 :
1470 1004 1646 1074 angeli
1671 1006 1938 1074 janitores
1967 1004 2143 1073 parati

563 1114 915 1167 superuarum
952 1099 1159 1153 sedium
1213 1108 1375 1167 atque
1405 1099 1701 1152 Statiouum
1736 1115 1748 1148 :
1804 1098 1977 1162 Quam
2014 1097 2148 1149 dile-

563 1201 650 1244 cta
676 1201 796 1244 sunt
826 1190 1163 1244 tabernacula
1201 1201 1290 1242 tua
1312 1230 1327 1254 ,
1365 1190 1583 1243 Domine
1624 1190 1884 1243 virtutum
1912 1190 1932 1242 !
1957 1205 2149 1243 concu-

564 1284 718 1351 piscit
747 1291 796 1335 et
822 1283 995 1349 deﬁcit
1018 1283 1196 1336 anima
1225 1291 1405 1334 nostra
1431 1283 1499 1334 ad
1525 1283 1668 1334 atria
1696 1292 1809 1344 tua,
1839 1283 2057 1335 Domine
2079 1281 2144 1332 ³¹.

566 1373 830 1437 Quoniam
858 1373 1029 1425 lumen
1069 1372 1439 1426 exsultationis
1472 1382 1519 1426 et
1544 1374 1732 1426 salutis
1797 1374 1851 1426 in
1890 1374 2149 1443 angelicis

558 1467 826 1533 justorum
869 1465 1224 1518 tabernaculis
1257 1465 1302 1495 ³³
1324 1481 1340 1527 ;
1366 1474 1415 1517 et
1453 1465 1508 1517 in
1547 1481 1669 1519 voce
1703 1465 2074 1523 exsultationis
2099 1480 2151 1524 et

566 1557 933 1626 confessionis,
976 1557 1028 1610 in
1052 1556 1242 1625 jnbilis
1270 1557 1588 1622 feriantinm
1618 1575 1636 1622 ;
1667 1559 1722 1610 in
1761 1560 1874 1614 loco
1903 1561 2150 1616 taberna-

567 1650 673 1703 culi
705 1648 1036 1702 admirabilis
1062 1664 1222 1717 usque
1251 1647 1319 1700 ad
1344 1649 1557 1702 domum
1594 1649 1686 1702 Dei
1725 1651 1792 1718 “;
1820 1652 1875 1705 in
1902 1670 2002 1722 quo
2030 1669 2148 1707 om-

2244 639 2646 708 συνελευθέρων
2691 639 2928 704 Χριστοῦ
2954 655 2967 668 ·
3020 637 3286 706 ἀγγελοι,
3333 636 3395 689 τὸ
3439 635 3689 706 ἔμψυχον
3735 640 3829 689 καὶ

2244 726 2428 794 νοερὸν
2461 726 2594 796 πῦρ,
2621 728 2652 797 ἡ
2686 727 2879 798 λογικὴ
2908 728 3044 782 Θεοῦ
3076 729 3244 798 φλόξ·
3277 730 3499 799 ἄγγελοι
3531 731 3602 785 τά
3628 732 3828 800 φαεινὰ

2244 816 2338 868 καὶ
2367 817 2646 889 ὑπέρτερα
2670 820 2763 874 καὶ
2795 820 3048 890 μετέωρα
3074 822 3340 892 ὑπερόρια
3362 823 3457 876 καὶ
3479 823 3679 876 αἰώνια
3702 822 3825 892 ὅρη,

2245 909 2325 961 Δι’
2359 903 2447 962 ὧν
2473 909 2704 978 ερωτίζει
2730 909 2886 980 ἡμᾶς
2925 911 3281 978 θαυααστῶς
3313 912 3432 966 ἀπὸ
3467 912 3656 980 ὀρέων
3689 914 3826 967 αἰω-

2245 1003 2427 1055 νίων·
2455 1003 2679 1071 ἄγγελοι
2715 1005 3014 1076 πρόσκηνοι
3047 1006 3373 1076 ἑτοιμασταὶ
3406 1007 3515 1060 τῶν
3546 1007 3660 1060 ἀνω
3692 1021 3827 1075 σκη·

2247 1091 2355 1146 νῶν
2385 1095 2480 1146 καὶ
2509 1093 2688 1163 μονῶν
2707 1109 2720 1125 ·
2773 1094 2866 1160 Ὠς
2890 1096 3164 1163 ἀγαπητὰ
3189 1097 3261 1149 τὰ
3291 1096 3658 1166 σκηνώματά
3680 1109 3826 1161 σου,

2249 1181 2424 1249 Κύριε
2475 1181 2595 1236 τῶν
2621 1182 2938 1252 δυνάμεων
2961 1183 2982 1236 !
2999 1185 3101 1250 Ε’ίς
3136 1183 3174 1238 d
3201 1185 3478 1240 ἐπιποθεῖ
3501 1186 3599 1239 καὶ
3628 1185 3827 1240 ἐκλεί-

2249 1287 2344 1325 πει
2381 1272 2420 1339 ἠ
2456 1273 2628 1341 ψυχὴ
2666 1272 2835 1342 ἡμῶν
2875 1275 2962 1338 είς
3012 1277 3120 1340 τὰς
3168 1273 3362 1340 αὐλάς
3405 1290 3563 1341 σου,
3625 1275 3825 1342 Κύριε.

2249 1366 2408 1419 Διότι
2459 1365 2589 1435 φῶς
2633 1365 3050 1436 ἀγαλλιάσεως
3105 1365 3205 1420 καὶ
3249 1367 3550 1436 σωτηρίας
3595 1367 3666 1420 ἐν
3699 1367 3830 1433 ταῖς

2250 1456 2598 1526 άγγελικαῖς
2640 1457 2903 1525 σκηναῖς
2949 1457 3070 1511 τῶν
3107 1457 3392 1511 δικαίων·
3419 1457 3519 1511 καί
3550 1457 3620 1510 ἐν
3655 1458 3829 1526 φωνῇ

2251 1547 2668 1618 ἀγαλλιάσεως
2693 1549 2789 1602 καί
2814 1548 3312 1619 ἐξομολογήσεως
3331 1590 3348 1615 ,
3393 1551 3465 1603 ἐν
3497 1548 3670 1617 ἤχοις
3699 1550 3830 1617 ἐορ-

2252 1640 2567 1704 ταζόντων,
2613 1641 2683 1694 ὲν
2713 1641 2876 1708 τόπῳ
2909 1640 3149 1709 σκηνῆς
3177 1638 3546 1711 θαυμαστῆς,
3575 1641 3686 1707 ἕως
3723 1642 3832 1696 τοῦ

568 1759 653 1796 nes
688 1743 859 1812 angeli
913 1741 1008 1794 Dei
1046 1751 1279 1810 potentes
1311 1741 1538 1806 virtute,
1578 1742 1832 1810 facientes
1860 1762 2152 1800 sermonem

2267 1733 2427 1788 οἴκου
2465 1732 2572 1788 τοῦ
2603 1733 2753 1788 Θεοῦ
2780 1749 2794 1763 ·
2842 1735 2912 1787 ἐν
2935 1727 2983 1801 ᾧ
3012 1733 3240 1799 πάντες
3263 1734 3505 1803 ἄγγελοι
3538 1734 3710 1798 Θεοῦ,
3735 1735 3836 1788 δυ-

567 1834 679 1901 ejus
707 1809 796 1899 '5';
823 1829 1015 1903 in'quo
1040 1834 1166 1887 vita:
1200 1833 1543 1900 simplicitas.
1577 1809 1797 1904 paciﬁca
1840 1844 1894 1892 et
1928 1839 2108 1907 quieta
2141 1857 2156 1906 ;

2267 1825 2432 1879 νατοί
2476 1825 2671 1894 ἰσχύϊ,
2708 1825 3025 1889 ποιοῦντες
3061 1825 3169 1880 τὸν
3208 1827 3396 1893 λόγον
3432 1824 3656 1878 αὐτοῦ·
3698 1828 3755 1879 ὲν
3790 1818 3837 1892 ᾧ

578 1928 633 1978 in
677 1944 776 1996 quo
824 1935 900 1980 est
932 1944 1151 1997 magnus
1175 1936 1224 1981 et
1277 1929 1630 1996 formidabilis
1658 1947 1820 1999 supra
1850 1947 2026 1984 omnes
2068 1933 2159 2002 qui

572 2023 625 2071 in
650 2020 875 2072 circuitu
898 2018 1010 2086 ejus
1051 2029 1173 2072 sunt
1232 2019 1276 2050 ³⁸
1316 2019 1408 2083 ;in
1440 2035 1549 2088 quo
1607 2035 1827 2075 sacrum
1879 2021 2156 2077 silentium

573 2110 983 2179 triumphalium
1017 2110 1341 2179 hymnorum
1375 2127 1388 2176 ;
1420 2111 1472 2163 in
1509 2126 1615 2180 quo
1657 2111 2006 2166 inell‘abilium
2040 2130 2158 2184 my-

571 2202 732 2257 steria
767 2202 1260 2257 saeratissimarum
1293 2202 1510 2255 laudum
1542 2219 1557 2267 ;
1590 2204 1644 2256 in
1685 2220 1798 2271 quo
1861 2204 2162 2262 invisibiles

576 2289 931 2342 Ievelationes
961 2289 1358 2364 ineloquacium
1412 2300 1466 2343 et
1497 2302 1677 2345 tamen
1715 2292 1826 2348 late
1862 2295 2162 2349 audienda-

570 2395 690 2432 rum
734 2380 1211 2450 hymnologiarum
1245 2399 1258 2444 ;
1295 2381 1350 2435 in
1388 2397 1495 2451 quo
1537 2382 1626 2436 lux
1679 2385 1797 2438 sine
1831 2401 2055 2454 vespere
2084 2387 2164 2439 vi-

573 2470 736 2540 gilum
764 2472 949 2526 oculos
981 2471 1250 2537 illustrat;
1287 2472 1340 2525 iu
1372 2488 1482 2541 quo
1530 2472 1621 2528 Dei
1673 2476 2020 2531 intellectuali
2064 2478 2163 2531 ha-

572 2563 831 2623 bitaculo.
864 2563 1076 2617 illorum
1117 2575 1198 2617 est
1227 2574 1503 2618 astrorum
1547 2566 1800 2619 collectio
1824 2609 1838 2631 ,
1874 2568 2156 2636 angelica-

574 2669 719 2714 rum.
760 2655 1001 2723 inquam.
1060 2656 1343 2720 virtutum,
1392 2658 1551 2710 nobis
1591 2661 1655 2710 ad
1697 2659 1922 2713 meliora
1963 2660 2155 2715 faven-

575 2746 709 2798 tium
752 2755 922 2799 :suut
961 2747 1104 2799 enim
1167 2747 1345 2816 angeli
1414 2749 1464 2801 in
1517 2749 1877 2805 ministerium
1933 2753 1999 2805 ad
2057 2767 2158 2807 nos

576 2838 728 2892 missi
757 2853 786 2891 a
811 2838 942 2902 Deo,
965 2848 1183 2907 propter
1212 2854 1308 2894 eos
1338 2840 1430 2909 qui
1456 2842 1686 2895 salutem
1730 2851 1858 2896 sunt
1882 2844 2155 2914 adepturi.

647 3012 702 3065 2.
737 3013 1120 3082 Angelicarum
1149 3017 1414 3070 virtutum
1449 3017 1918 3087 incorporearum.
1953 3023 2047 3091 qui
2074 3032 2160 3079 est

580 3104 905 3159 immortalis
931 3108 1222 3171 exercitus,
1276 3121 1599 3177 cooperator
1627 3112 1790 3166 simul
1823 3113 1914 3168 Dei
1963 3125 2015 3169 et
2042 3118 2148 3170 mi—

581 3195 784 3259 nister,
807 3197 1036 3252 diversae
1066 3207 1192 3250 sunt
1241 3175 1529 3265 stationes,
1574 3202 1803 3257 diversae
1840 3206 2162 3274 appellatio-
2192 3175 2234 3234 ο

580 3303 701 3354 nes,
736 3286 963 3343 diversa:
996 3290 1308 3359 dignitates,
1341 3307 1448 3346 una
1486 3296 1789 3348 substantia
1823 3311 1944 3363 quae
1984 3297 2165 3351 varias

585 3379 748 3433 habet
777 3380 1125 3448 operatioues
1161 3399 1174 3433 :
1205 3392 1335 3435 sunt
1387 3383 1438 3435 hi
1488 3384 1710 3439 ordines
1773 3386 2161 3457 lIymnologici,

582 3472 846 3525 etelurum
878 3474 1152 3538 custodes,
1184 3474 1292 3528 Deo
1327 3491 1511 3529 coram
1542 3486 1823 3533 astantes:
1851 3488 1982 3534 sunt
2008 3481 2164 3535 ordi-

584 3579 682 3618 nes
738 3564 1046 3630 interiores,
1095 3579 1148 3622 et
1172 3567 1298 3621 item
1348 3570 1644 3623 exteriores
1700 3571 1792 3640 qui
1823 3582 1989 3641 portae
2041 3575 2165 3628 creli

586 3656 927 3725 appellantur
962 3675 976 3723 ;
1006 3669 1128 3713 sunt
1155 3660 1374 3714 ordines
1407 3660 1739 3728 superiores,
1780 3674 1833 3717 et
1876 3664 2001 3718 item
2029 3663 2167 3717 infe-

587 3749 764 3802 riores
790 3787 804 3810 ,
837 3749 932 3818 qui
975 3751 1351 3818 superioribus
1383 3752 1674 3820 aliquando
1703 3755 1957 3809 aiebant:
1995 3757 2168 3811 Attol-

587 3839 682 3892 lite
707 3850 921 3908 portas,
953 3842 1248 3910 principes,
1287 3844 1544 3896 vestras"
1582 3859 1596 3896 :
1627 3856 1754 3900 sunt
1813 3848 2035 3902 ordines
2072 3850 2166 3918 qui

589 3936 835 3998 mittunt,
881 3945 1011 3988 sunt
1055 3937 1216 3990 etiam
1262 3938 1355 4006 qui
1402 3938 1731 3994 mittuntur:
1768 3952 1897 3997 sunt
1944 3945 2166 3999 ordines

588 4028 681 4094 qui
719 4027 957 4090 initiant,
981 4036 1034 4081 et
1065 4028 1190 4082 item
1219 4032 1311 4098 qui
1340 4031 1655 4086 initiantur:
1690 4034 2035 4090 diversorum
2071 4048 2169 4090 au-

591 4119 837 4185 gelorum
864 4118 1063 4173 diversi
1096 4128 1223 4174 sunt
1255 4120 1494 4175 ordines.
1526 4123 1714 4193 Angeli
1742 4140 1835 4192 per
1862 4140 2043 4179 aerem
2071 4141 2167 4178 vo-

593 4208 785 4273 litant,
823 4220 1132 4265 sanctorum
1174 4213 1388 4266 animas
1415 4213 1482 4266 ab
1511 4214 1686 4269 aereis
1719 4215 2002 4283 spiritibus
2037 4231 2164 4286 pro-

595 4308 861 4369 tegentes.
897 4300 1011 4355 lloc
1045 4303 1362 4371 significans
1405 4305 1716 4373 patriarcha
1768 4305 2004 4361 Jacobus
2051 4323 2168 4361 mo-

596 4394 744 4448 riens
772 4394 987 4447 dicebat
1014 4411 1028 4448 :
1058 4396 1286 4465 Angelus
1321 4397 1409 4465 qui
1454 4399 1594 4450 eruit
1621 4415 1701 4451 me
1721 4401 1785 4452 de
1819 4401 2020 4454 cunctis
2050 4417 2166 4454 ma-

2263 1920 2500 1989 ἁπλότης
2529 1918 2676 1988 ζωῆς
2709 1917 2964 1989 εἲρηναία
2989 1917 3080 1971 καὶ
3106 1917 3466 1980 ἀστασίαστος
3485 1956 3500 1982 ,
3536 1917 3635 1970 Ἐν
3655 1909 3703 1982 ᾧ
3727 1917 3836 1984 μέ-

2264 2029 2374 2082 νας
2389 2011 2486 2065 καί
2509 2010 2755 2079 φοϐερός
2778 2010 2948 2063 ἐστιν
2969 2009 3066 2062 ἐπὶ
3083 2008 3314 2074 πάντας
3335 2007 3476 2073 τοὺς
3500 2009 3840 2077 περικύκλῳ

2264 2103 2451 2158 αὐτοῦ
2480 2121 2494 2134 ·
2528 2104 2586 2156 ὲν
2625 2096 2727 2172 ᾧή
2770 2103 3180 2172 κρυφιόμυστος
3220 2097 3366 2172 σιγὴ⁸
3391 2098 3503 2153 τῶν
3553 2100 3839 2152 ἐπινικίων

2264 2197 2482 2267 ὓμνων·
2509 2197 2567 2248 ὲν
2598 2189 2642 2264 ᾧ
2674 2196 2732 2249 αἱ
2766 2193 3071 2266 ἀπόρρητοι
3100 2192 3423 2264 θεομυστίαι
3455 2191 3564 2244 τῶν
3592 2206 3839 2257 παναγε-

2265 2290 2478 2343 στάτων
2537 2289 2737 2342 αῐνων·
2798 2287 2855 2339 ὲν
2909 2278 2953 2352 ᾧ
2999 2287 3056 2338 αἱ
3103 2284 3328 2356 ἀόρατοι
3386 2283 3681 2353 θεοφωτίαι
3728 2281 3838 2334 τῶν

2262 2383 2590 2452 ἀφθέγκτων
2647 2381 2743 2435 καὶ
2787 2378 3122 2449 διαπρυσίων
3166 2375 3543 2449 ὁμνολογιῶν·
3596 2375 3654 2427 ὲν
3708 2366 3754 2442 ᾧ
3802 2376 3839 2446 ἡ

2260 2475 2557 2544 ἀνέσπερος
2580 2475 2892 2542 φωτοχυσία
2916 2471 2986 2524 τὰ
3011 2470 3196 2525 ἀΰπνα
3231 2470 3342 2523 τῶν
3373 2467 3684 2537 ἀσωμάτων
3706 2483 3840 2519 κατ-

2261 2565 2576 2632 αυγάζουσα
2609 2564 2835 2634 ὄμματα
2854 2581 2868 2594 ·
2902 2565 2959 2617 ὲν
2983 2558 3028 2633 ᾧ
3049 2565 3184 2632 οἴκῳ
3213 2559 3350 2615 Θεοῦ
3383 2559 3582 2630 νοερῷ,
3615 2559 3842 2612 ἐκείνων

2259 2656 2367 2709 τῶν
2420 2654 2670 2724 ἀστέρων
2715 2655 2931 2726 ἄγυρις,
2998 2650 3334 2723 ἀγγελικῶν,
3369 2649 3533 2719 λέγω.
3555 2649 3844 2720 δυνάμεων

2263 2748 2643 2817 συνεργουσῶν
2673 2750 2807 2818 ἡμῖν
2839 2747 2976 2817 πρὸς
3010 2746 3077 2799 τὰ
3109 2745 3416 2815 κρείττονα,
3437 2743 3523 2796 ἀεὶ
3552 2743 3690 2812 πρὸς
3718 2743 3846 2796 δια-

2261 2840 2449 2892 κονίαν
2476 2839 2616 2909 πρὸς
2643 2840 2790 2909 ἡμᾶς
2813 2838 2877 2889 ὲκ
2908 2834 3044 2889 Θεοῦ
3074 2833 3556 2904 ἀποστελλόμενοι,
3592 2833 3683 2887 διὰ
3712 2833 3844 2895 τοὺς

2263 2931 2561 3003 μέλλοντας
2595 2930 2954 3000 κληρονομεῖν
2985 2926 3282 2997 σωτηρίαν.

2334 3021 2399 3091 β’.
2451 3020 2782 3089 Ἀγγελικῶν
2826 3018 3109 3088 δυνάμεων
3153 3016 3263 3068 τῶν
3297 3015 3625 3085 ἀσωμάτων,
3675 3031 3844 3083 στρα-

2263 3114 2553 3183 τευμάτων
2581 3111 2883 3174 ἀθανάτων,
2913 3111 2970 3162 ὲν
2997 3103 3076 3171 οἷς
3108 3106 3243 3160 Θεοῦ
3274 3106 3540 3176 ὑπουργοὶ
3582 3103 3720 3174 ὁμοῦ
3751 3105 3847 3157 καὶ

2271 3204 2575 3274 λειτουργοὶ
2617 3202 2871 3271 διάφορος
2899 3202 2933 3271 ἡ
2974 3198 3182 3263 στάσις,
3211 3197 3454 3265 διάφοροι
3481 3195 3537 3248 αί
3570 3211 3849 3266 προσηγο-

2273 3292 2406 3360 ρίαι,
2440 3291 2685 3361 διάφοροι
2715 3291 2771 3343 αἱ
2799 3289 2946 3354 ἀξίαι
2974 3330 2990 3354 ,
3021 3287 3120 3359 μία
3164 3288 3199 3357 ἡ
3242 3285 3421 3352 οὐσία,
3471 3285 3850 3355 πολυτρόπους

2272 3384 2468 3454 ἔχουσα
2511 3384 2611 3443 τὰς
2647 3381 2911 3451 ἐργασίας
2933 3397 2947 3411 ·
2980 3379 3162 3444 τάξεις
3194 3377 3590 3456 ὑμνολογικαὶ,
3622 3382 3716 3431 καὶ
3754 3378 3849 3432 οὐ·

2276 3475 2452 3545 ρανῶν
2483 3473 2848 3542 φυλακτικαὶ,
2877 3471 2972 3525 καὶ
3005 3471 3124 3543 Θεῷ
3167 3472 3387 3542 ἀμέσως
3416 3472 3849 3542 παραστατικαὶ,

2271 3565 2454 3634 τάξεις
2488 3568 2775 3636 ὲσώτεραι,
2809 3565 2990 3632 τάξεις
3029 3563 3312 3635 ἐξώτεραι,
3343 3563 3399 3616 αἶ
3433 3564 3529 3616 καὶ
3557 3562 3725 3616 πύλαι
3749 3562 3846 3614 οὐ·

2277 3658 2457 3729 ρανῶν
2487 3659 3020 3729 προσαγορεύονται·
3049 3654 3234 3719 τάξεις
3267 3653 3630 3724 ὑψηλότεραι,
3666 3649 3855 3714 τάξεις

2274 3751 2578 3821 κατώτεραι
2603 3791 2617 3812 ,
2687 3750 2743 3803 αἳ
2797 3750 2933 3819 πρὸς
2984 3749 3081 3810 τὰς
3129 3748 3408 3816 άνωτέρας
3454 3742 3585 3796 ποτὲ
3627 3742 3852 3810 ἔλεγον·

2277 3845 2480 3912 Ἄρατε
2497 3844 2715 3906 πύλας,
2735 3844 2790 3894 οι
2813 3841 3121 3906 ἄρχοντες,
3141 3836 3308 3907 ὑμῶν
3329 3852 3342 3866 ·
3370 3835 3556 3902 τάξεις
3585 3835 3857 3888 ἀποστέλ-

2273 3939 2481 3998 λουσαι,
2515 3935 2694 3998 τάξεις
2727 3931 3211 4000 ἀποστελλόμεναι,
3246 3928 3431 3994 τάξεις
3461 3925 3858 3996 μυσταγωγοῦ-

2275 4044 2386 4086 σαι,
2436 4023 2620 4087 τάξεις
2669 4018 3233 4090 μυσταγωγούμεναι·
3283 4016 3556 4086 διαφόρων
3602 4014 3858 4082 ἀγγέλων

2272 4117 2521 4186 διάφοροι
2551 4114 2606 4167 αἱ
2638 4114 2821 4178 τάξεις
2841 4128 2855 4142 ·
2885 4110 3108 4178 ἄγγελοι
3141 4107 3219 4178 τῷ
3239 4109 3361 4179 ἀέρι
3385 4104 3854 4176 ὲφίπτανται,τάς

2273 4209 2450 4280 ψυχὰς
2475 4206 2584 4260 τῶν
2609 4205 2782 4273 ἁγίων
2825 4207 2890 4257 ὲκ
2917 4203 3029 4255 τῶν
3063 4200 3391 4271 πνευμάτων
3413 4197 3508 4252 τοῦ
3534 4197 3698 4268 ἀέρος
3734 4196 3856 4248 δια-

2276 4303 2572 4367 σώζοντες·
2631 4299 2726 4351 καὶ
2766 4295 2923 4349 τοῦτο
2953 4293 3130 4364 δηλῶν
3167 4295 3196 4346 ό
3237 4291 3582 4362 πατριάρχης
3634 4286 3854 4350 Ἰακὼὸ,

2276 4412 2411 4466 φησι
2439 4391 2709 4446 τελευτῶν
2727 4405 2742 4421 ο
2779 4388 2833 4441 '0
2860 4388 3117 4456 ἅγγελος
3142 4387 3175 4439 ὁ
3191 4381 3490 4453 ρυόμενός
3512 4394 3590 4448 με
3611 4378 3684 4432 ἐκ
3714 4376 3862 4430 πάν-

598 4485 750 4539 lis”.
815 4483 1183 4550 Quamobrem
1239 4488 1448 4557 angelis
1499 4491 1771 4544 terrestris
1831 4494 1983 4547 orbis
2036 4508 2162 4546 cura

2275 4504 2392 4540 των
2411 4484 2530 4538 τῶν
2551 4480 2771 4537 κακῶν·
2796 4480 2876 4533 διὸ
2903 4480 2996 4532 καὶ
3017 4477 3236 4545 ἄγγελοι
3257 4476 3354 4546 τὴν
3377 4470 3620 4541 ἐπιγείου
3653 4470 3860 4541 κόσμου

597 4577 892 4629 commissa
928 4587 1041 4637 est.
1073 4575 1163 4631 Dei
1195 4578 1350 4646 jussu
1380 4589 1741 4647 opportunam
1771 4582 2162 4650 providentiam

2273 4577 2538 4645 διοίκησιν
2569 4571 2990 4643 ἐμπιστεύονται
3020 4611 3034 4634 ,
3065 4568 3292 4639 νεύματι
3325 4563 3644 4633 Δεσποτικῷ
3675 4562 3859 4616 ποιού-

600 4668 994 4736 impendentes.
1032 4669 1273 4739 Angelus
1310 4671 1606 4740 unicuique
1639 4673 1834 4727 animae
1867 4672 2172 4728 Christiani

601 4759 712 4811 veri
747 4759 908 4812 datus
929 4768 1015 4814 est
1035 4775 1064 4814 a
1097 4760 1205 4816 Deo
1232 4762 1297 4816 ad
1320 4763 1547 4817 tutelam
1573 4771 1626 4817 et
1655 4763 2128 4818 conservationem
2154 4779 2168 4816 :

602 4848 686 4902 Ne
708 4852 821 4914 des,
858 4849 1058 4919 inquit,
1095 4853 1148 4904 in
1182 4854 1578 4906 commotionem
1605 4853 1786 4922 pedem
1819 4863 1990 4920 tuum,
2013 4871 2176 4926 neque

599 4945 848 4997 dormitet
892 4946 982 5012 qui
1018 4945 1247 4998 custodit
1287 4957 1334 4998 te
1354 4945 1419 4997 ³⁹.
1453 4945 1516 4999 Et
1551 4961 1741 5001 rursus
1769 4961 1783 4996 :
1837 4944 2014 5000 Videte
2037 4989 2053 5006 .
2087 4948 2176 5001 in-

601 5036 740 5104 quit,
775 5027 836 5088 ne
869 5051 1019 5105 quem
1046 5051 1110 5088 ea:
1137 5035 1217 5088 Itis
1251 5035 1483 5089 minimis
1511 5036 1860 5089 contemnatis
1889 5039 1980 5106 qui
2013 5037 2070 5090 in
2098 5053 2179 5091 me

603 5127 822 5179 credunt
849 5142 866 5179 :
893 5127 1010 5178 dico
1049 5128 1188 5179 enim
1216 5125 1384 5190 vobis,
1416 5126 1542 5193 quia
1591 5126 1762 5194 angeli
1797 5142 1977 5179 eorum
2004 5127 2180 5180 vident

605 5220 790 5288 [aciem
821 5217 1000 5271 Patris
1031 5221 1131 5272 mei
1156 5219 1244 5287 qui
1278 5219 1330 5270 in
1357 5217 1499 5270 caelis
1521 5226 1597 5270 est
1616 5215 1679 5269 ⁸⁸.
1711 5216 2178 5282 Quemadmodum

605 5320 787 5364 autem
822 5310 1054 5380 singulis
1093 5311 1208 5365 suis
1239 5309 1530 5362 animabus
1566 5309 1794 5378 angelus
1821 5324 1850 5362 a
1879 5308 1990 5363 Deo
2020 5313 2185 5365 dona-

606 5413 697 5457 tus
727 5414 849 5469 est,
883 5405 953 5458 ita
1014 5405 1180 5458 etiam
1232 5401 1534 5471 unicuique
1574 5401 1797 5470 integrae
1837 5402 1976 5457 lideli
2035 5406 2180 5474 genti

608 5511 754 5551 unus
801 5497 1030 5566 angelus
1057 5510 1089 5550 a
1117 5494 1229 5549 Deo
1262 5493 1517 5564 provisor
1547 5492 1781 5547 traditus
1807 5502 1892 5548 est
1919 5511 1932 5547 :
1966 5494 2180 5551 Consti-

2278 4685 2428 4740 μενοι
2458 4667 2556 4736 τὴν
2596 4664 2913 4734 πρέπουσαν
2941 4661 3197 4730 πρόνοιαν
3219 4674 3234 4689 ·
3281 4656 3508 4726 ἄγγελος
3533 4656 3687 4727 πάσῃ
3711 4654 3857 4724 ψυχῇ

2275 4756 2600 4830 Χριστιανοῦ
2629 4752 2862 4822 ἀληθοῦς
2894 4753 3334 4822 ὲμπεπίστευται
3365 4748 3471 4801 ὑπὸ
3498 4745 3638 4800 Θεοῦ
3661 4747 3744 4810 είς
3770 4745 3863 4815 τή-

2280 4870 2438 4925 ρησιν
2471 4850 2565 4904 καὶ
2593 4847 2910 4918 ἀντίληψιν·
2940 4844 3037 4912 Μὴ
3069 4842 3230 4912 δῴης
3255 4841 3387 4912 γὰρ,
3420 4839 3608 4910 φησὶν,
3635 4840 3725 4905 είς
3756 4835 3862 4893 σά-

2281 4951 2395 5003 λον
2431 4944 2537 4999 τὸν
2568 4941 2724 4995 πόδα
2748 4957 2887 5004 σου,
2912 4937 3011 4992 καί
3038 4939 3110 4991 οὐ
3141 4934 3433 5000 νυστάξει
3458 4934 3492 4988 ὸ
3520 4931 3862 5003 φυλάσσων

2284 5053 2380 5094 σε.
2412 5036 2522 5090 Καὶ
2549 5034 2742 5088 πάλιν·
2787 5029 3015 5100 Ὁρᾶτε,
3054 5029 3211 5099 φησὶ,
3235 5026 3323 5096 μὴ
3361 5025 3863 5094 καταφρονήσητε

2285 5129 2424 5194 ἑνὸς
2472 5125 2586 5180 τῶν
2638 5123 2980 5193 ἐλαχίστων
3027 5120 3256 5174 τούτων
3293 5115 3412 5172 τῶν
3451 5115 3864 5170 πιστευόντων

2286 5222 2373 5287 είς
2413 5217 2552 5288 ἐμέ·
2595 5216 2751 5284 λέγω
2798 5213 2910 5283 γὰρ
2954 5210 3119 5281 ὑμῖν,
3150 5209 3241 5263 ὅτι
3274 5210 3330 5262 οι
3374 5206 3620 5277 ἄγγελοι
3666 5203 3863 5260 αὐτῶν

2282 5316 2590 5386 ,βλέπουσι
2625 5313 2692 5366 τὸ
2723 5309 3050 5380 πρόσωπον
3077 5305 3185 5360 τοῦ
3216 5304 3451 5373 Πατρός
3487 5318 3610 5372 μου
3656 5300 3764 5356 τοῦ
3799 5299 3864 5352 ἐν

2287 5409 2414 5475 τοῖς
2452 5403 2764 5474 οὐρανοῖς·
2802 5401 2917 5455 ἀλλ’
2958 5398 3167 5467 ἑκάστῃ
3201 5395 3302 5466 μὲν
3335 5394 3480 5464 ψυχῇ
3513 5393 3588 5456 ὡς
3623 5389 3864 5444 θεοσεϐεῖ

2286 5499 2516 5571 ἄγγελος
2546 5496 2653 5550 ὑπὸ
2683 5492 2819 5548 Θεοῦ
2852 5489 3184 5562 δεδώρηται·
3220 5487 3437 5557 ἑκάστῳ
3459 5484 3517 5538 δὲ
3545 5483 3657 5554 ὅλῳ
3691 5477 3863 5549 πιστῷ

685 5691 732 5741 ⁸¹’
763 5710 902 5765 Psal.
934 5726 1093 5774 ωιτν,
1115 5711 1166 5765 5.
1226 5711 1270 5742 ³³
1300 5709 1442 5764 Psal.
1474 5725 1702 5770 Lxxxm.
1740 5710 1794 5771 Ξ,
1816 5711 1873 5765 3.
1948 5711 1994 5742 ³³
2033 5709 2174 5764 Psal.
2208 5722 2376 5770 cxvn,
2411 5707 2498 5759 l5.
2577 5685 2780 5760 “Psal.
2807 5718 2892 5774 xu
2924 5699 3020 5774 [ᾇ.
3083 5697 3143 5774 ’³³
3182 5695 3328 5752 Psal-
3363 5708 3462 5774 (ξιξ.
3496 5691 3590 5748 20-
3649 5693 3695 5726 ³⁸
3715 5689 3856 5748 P531-

619 5796 881 5849 Lxxxvut,
914 5783 966 5838 8.

1059 5764 1102 5815 '9
1129 5764 1293 5837 Psal.
1339 5797 1497 5847 mu,
1530 5781 1583 5836 '7.
1625 5764 1705 5814 7"
1746 5764 1881 5838 Gen.
1919 5798 2102 5848 XLVIII,
2141 5781 2226 5835 l6.
2301 5764 2532 5833 3’vi’sal.
2566 5792 2692 5844 cxx,
2727 5775 2783 5830 5.
2860 5764 3139 5826 “Matth.
3174 5781 3328 5831 mu,
3371 5764 3460 5818 l0.
