4018 6304
229 327 334 392 733

1143 350 1425 413 ORATIO
1464 357 1562 417 VI.
1595 360 1771 421 -ΙΝ
1816 363 2144 430 SANCTOS
2179 372 2522 435 ANGELOS

3378 386 3485 452 734

226 447 371 501 ἔθνει
412 445 493 510 εἷς
533 449 766 518 ἄγγελος
790 457 868 521 εἰς
903 459 1157 529 πρόνοιαν
1201 464 1304 518 ὑπὸ
1329 465 1466 520 Θεοῦ
1492 471 1787 540 παραδέδω·

1905 481 2005 532 tuit
2060 485 2220 548 enim,
2243 486 2438 555 inquit,
2479 488 2608 557 ﬁnes
2639 490 2870 558 gentium
2897 495 3181 550 secundum
3207 514 3481 554 numerum

225 555 353 630 mnf
390 541 656 609 Ἔστησε
688 545 798 612 γὰρ
824 585 840 609 ,
880 551 1066 619 φησὶν,
1115 553 1245 622 ὅρια
1272 555 1465 611 ἐθνῶν
1492 561 1649 614 κατὰ
1679 564 1804 630 ἀρι-

227 629 382 698 θμὸν
418 631 695 702 ἀγγέλων
729 639 878 691 Θεοῦ
907 657 919 667 ’
953 641 1019 695 δι’
1061 645 1305 711 ἀγγέλων
1335 650 1636 720 οὐρανίων.
1668 654 1803 709 Θεοῦ

230 722 553 792 μυστηρίων
582 726 675 779 ἐπὶ
704 727 808 796 γῆς
841 732 1129 800 μετάδοσις
1154 751 1167 764 ·
1198 736 1265 789 δι’
1297 739 1566 807 ἀγγέλων,
1597 743 1804 799 ὑδάτων
1836 745 1847 777 ⁹

230 811 325 862 καὶ
374 816 568 884 πηγῶν
607 821 838 890 τήρησις
867 824 1003 893 ὁμοῦ
1036 844 1095 879 τε
1125 830 1217 881 καὶ
1247 830 1422 893 ῖασις·
1453 831 1518 885 δι’
1555 835 1803 904 ἀγγέλων

228 904 353 996 τοῖςὶ
378 904 549 996 ἀξίοις
575 913 898 981 πειρασμῶν
926 915 1196 987 λύτρωσις
1215 937 1227 950 ·
1256 924 1630 992 Παρεμόαλεῖ
1667 927 1800 996 γὰρ,

227 994 417 1060 φησὶν,
466 994 724 1066 ἅγγελος
757 1004 976 1070 Κυρίου
1012 1008 1216 1075 κύκλῳ
1257 1009 1376 1063 τῶν
1418 994 1803 1084 φοϐουμένοιηὲ

226 1085 438 1180 actor,
469 1088 567 1140 καὶ
584 1090 838 1155 ῥύσεται
863 1097 1084 1163 αὐτούς
1107 1114 1122 1128 ο
1154 1100 1222 1152 δι’
1252 1101 1500 1169 ἀγγέλων
1532 1107 1626 1158 καὶ
1658 1125 1800 1180 μαρ-

223 1172 410 1242 τύρων
458 1177 566 1230 τῶν
614 1180 881 1249 λειψάνων
925 1185 1188 1257 τήρησις’
1234 1192 1449 1259 Κύριος
1492 1172 1798 1263 φυλάσσει

224 1265 424 1318 πάντα
466 1268 539 1321 τὰ
580 1271 733 1326 ὀστᾶ
757 1274 973 1340 αὐτῶν,
1023 1278 1071 1329 sl
1103 1281 1195 1332 καὶ
1236 1283 1638 1356 μυστικώτερός
1680 1305 1797 1350 πως

221 1355 434 1408 τούτων
466 1358 574 1411 τῶν
607 1360 808 1414 ὀστέων
846 1365 873 1415 6
903 1365 1058 1434 λόγος
1078 1386 1092 1399 ·
1125 1370 1194 1423 δι’
1225 1372 1472 1440 ἀγγέλων
1521 1355 1616 1429 καὶ
1659 1378 1793 1431 Θεοῦ

222 1444 518 1513 τηροῦνται
558 1446 950 1521 θυσιαστήρια,
996 1457 1093 1510 καὶ
1127 1462 1246 1514 ναοὶ⁵
1277 1462 1386 1515 τῶν
1433 1465 1639 1519 πιστῶν
1683 1469 1797 1521 δια-

221 1535 619 1629 φυλάσσονται·
672 1541 740 1594 δι’
793 1546 1044 1614 ἀγγέλων
1093 1550 1306 1620 δεήσεις
1353 1557 1444 1608 καὶ
1496 1562 1795 1629 προσευχαὶ

220 1627 332 1718 ἀπὸ
360 1629 461 1718 γῆς
490 1631 629 1700 πρὸς
658 1633 887 1703 οὐρανὸν
911 1637 987 1707 τῷ
1009 1638 1125 1710 Θεῷ
1160 1627 1552 1713 προσάγονται,
1574 1627 1714 1718 ὁμοῦ
1726 1627 1793 1704 τε

222 1717 315 1769 καὶ
346 1718 403 1770 αἱ
436 1717 577 1774 θεῖαι
611 1721 808 1791 δωρεαὶ
842 1728 954 1789 τοῖς
981 1724 1290 1799 ἀνθρώποις
1320 1717 1647 1807 παρέχονται
1667 1758 1679 1770 ’
1704 1743 1794 1794 καὶ

219 1810 330 1862 πᾶν
362 1812 562 1881 μικροῦ
592 1813 702 1868 δεῖν
731 1816 824 1868 ἐπὶ
860 1817 966 1887 γῆς
1013 1821 1149 1876 Θεοῦ
1178 1823 1245 1877 δι’
1279 1826 1529 1896 ἀγγέλων
1562 1832 1795 1887 τελεῖται
1827 1815 1868 1874 Β

220 1907 540 1975 μυστήριον.

287 1994 357 2060 Υ.
400 1996 556 2051 Οὕτω
580 2002 712 2055 ποτὲ
739 2005 963 2075 τέταχεν
990 2009 1018 2060 6
1041 2008 1176 2071 Θεὸς
1205 2010 1463 2080 άψευστεῖ
1487 2015 1554 2067 τὰ
1581 2015 1790 2085 Χερου-

217 2083 314 2153 ϐὶμ
349 2086 524 2142 εἰδότα
557 2097 746 2161 τηρεῖν
775 2094 836 2147 τὸ
865 2097 1020 2162 ξύλον
1059 2099 1160 2167 τῆς
1195 2099 1371 2171 ζωῆς,
1404 2105 1526 2171 τοῖς,
1547 2083 1787 2169 ἀναξίοις

215 2177 550 2247 ἀπρόσιτον’
587 2183 730 2238 οὕτω
781 2190 1108 2260 σχηματίζει
1155 2192 1233 2261 τῷ
1292 2193 1583 2265 Ἀϐραὰμ,
1637 2215 1787 2267 τρισο

216 2270 449 2336 άγγελον
480 2275 630 2345 αὐτῷ
660 2277 716 2328 ἐν
749 2278 876 2330 εῖδει
916 2280 1123 2350 ἀνδρῶν
1150 2284 1448 2354 ἐπιστήσας
1477 2288 1658 2357 χορὸν,
1698 2290 1789 2342 τὸν

213 2358 499 2426 τρισάγιον
537 2362 638 2432 τῆς
683 2364 909 2430 Τριάδος
957 2369 1227 2436 μηνύοντα
1271 2371 1503 2443 θεσμόν’
1544 2375 1686 2429 οὕτω
1726 2395 1787 2430 τε

211 2447 370 2514 αὖθις
400 2452 492 2506 δύο
517 2455 724 2526 ταύτης
751 2458 849 2526 τῆς
872 2460 1167 2532 άγγελικῆς
1195 2464 1424 2534 Τριάδος
1445 2470 1502 2520 ὲν
1525 2469 1787 2540 Γομόροις

211 2545 502 2613 ἐμφανίζει
531 2547 610 2617 τῷ
639 2550 783 2615 Λὼτ,
821 2552 1035 2615 δεικνὺς
1064 2555 1156 2606 ὲπί
1189 2573 1243 2609 τι
1274 2558 1382 2611 τῶν
1418 2562 1595 2613 ἐκεῖσε
1623 2579 1787 2631 τιμω·

213 2631 344 2701 ριῶν
384 2634 467 2686 ὅτι
515 2637 544 2688 6
590 2637 782 2707 Πατὴρ
809 2641 986 2707 κρίνει
1018 2644 1228 2711 οὐδένα,
1279 2647 1415 2700 ἀλλὰ
1459 2649 1558 2720 τὴν
1605 2653 1787 2706 πᾶσαν

211 2723 394 2792 κρίσιν
439 2727 641 2780 δέδωκε
665 2729 743 2798 τῷ
773 2729 919 2801 Υἱῷ,
956 2736 1335 2805 συμπαρόντος
1363 2739 1513 2811 αὐτῷ
1557 2743 1651 2795 καὶ
1689 2744 1783 2796 τοῦ

210 2813 370 2881 ἁγίου
416 2818 733 2886 Πνεύματος
763 2824 1037 2889 φυσικῶςο
1077 2825 1219 2880 οὕτω
1261 2830 1354 2882 καὶ
1392 2831 1588 2908 Ἰακὼᾷ
1615 2834 1783 2886 ὀπτά-

208 2921 360 2958 νεται
394 2907 703 2978 παλαιστὴς
725 2912 1070 2979 ἄγγελος,εξς
1093 2918 1256 2986 νόμου
1286 2920 1457 2974 τύπον
1482 2907 1576 2975 τοῦ
1603 2924 1667 2976 δι’
1693 2926 1787 2993 ἀγ-

207 2997 369 3064 γέλου
386 2998 717 3067 λαληθέντος
739 3019 751 3031 ·
773 3003 916 3059 οὓτω
937 3010 1030 3060 καὶ
1047 3009 1272 3064 Μωῦσεῖ
1299 3013 1378 3083 τῷ
1407 3015 1546 3069 πάνυ
1567 3018 1625 3068 ὲν
1649 3020 1784 3088 πυρὶ

208 3092 404 3162 φλογὸς
418 3095 671 3161 ἀγγέλων
683 3098 711 3148 6
729 3099 798 3150 πύ
808 3117 950 3170 ρινος
961 3105 1202 3174 ποταμὸς
1217 3109 1526 3176 ὀπτάνεται,
1542 3113 1642 3182 τὴν
1655 3130 1783 3185 ποη-

207 3185 374 3254 φόρον
417 3168 1161 3263 πυράρδευτον-ἀλυμάντως
1209 3168 1556 3269 περιφλέγων
1596 3168 1781 3274 hermi,
1813 3168 1855 3225 ϐ

208 3277 639 3348 προδιαγράφων
656 3281 790 3334 Θεοῦ
812 3286 869 3336 ὲν
891 3285 1255 3359 ἀκανθηφόρῳ
1270 3291 1368 3360 τῆς
1385 3292 1659 3363 ἁμαρτίας
1683 3298 1784 3364 φύ-

207 3386 290 3422 σει
333 3369 542 3439 βροτῶν
599 3373 904 3444 άσύγχυτον
945 3378 1170 3432 ἕνωσιν
1214 3381 1357 3436 οὕτω
1400 3385 1468 3438 δι’
1531 3388 1783 3456 ἀγγέλων

205 3459 543 3531 ὠλοθρεύετο
561 3464 684 3518 τότε
714 3467 940 3538 ταχίστῃ
968 3470 1074 3522 τινί⁵
1100 3472 1338 3542 ἀψοφητὶ
1362 3479 1509 3546 χειρὶ
1531 3478 1685 3548 άξιφὶ
1713 3484 1780 3552 τῇ

205 3554 360 3605 νυκτὶ¹
391 3556 795 3626 Φαραωινίτιδος
837 3560 1001 3630 γονῆς
1039 3561 1109 3615 τὰ
1145 3565 1336 3635 πρῶτα
1362 3569 1580 3637 νεογνὰ,
1613 3571 1783 3626 ἀϐλα-

174 3641 330 3718 βοῦς
355 3648 697 3718 τηρουμένου
747 3648 841 3702 τοῦ
871 3650 974 3705 τῶν
1036 3653 1305 3724 Ἐϐραίων
1361 3657 1563 3727 φύλουο
1608 3661 1783 3725 οὕτως

205 3736 518 3791 συνεδοῦντο
543 3743 604 3792 ὲν
631 3741 836 3811 σχοίνῃ,
869 3743 1132 3816 άγγελικῇ
1182 3735 1248 3817 τῇ
1295 3750 1441 3819 χειρὶ
1509 3750 1780 3823 ἁλινήκτῳ

205 3825 373 3897 βυθίῳ
408 3833 561 3900 πηγῇ
585 3869 599 3893 ,
633 3831 821 3896 ἄξονες
854 3835 964 3895 τοῖς
988 3834 1142 3900 ἄξοσι
1169 3838 1265 3890 σὺν
1290 3840 1604 3909 τριστάταις
1623 3859 1780 3913 στρα-

202 3921 387 3986 τηγοῖς
422 3936 438 3949 ·
468 3921 591 3972 ὅθεν
618 3921 956 3992 καθορῶντες
982 3924 1047 3995 δὴ
1078 3928 1127 3979 οι
1170 3927 1470 4000 ἀλάστορες
1527 3934 1626 3997 τὰς
1675 3936 1776 4003 ἁγ-

202 4010 426 4075 γελικὰς
480 4012 651 4074 αὑτὰς
685 4016 1152 4082 συμποντιζούσας
1209 4019 1489 4090 δυνάμεις,
1545 4024 1773 4094 ἔλεγον·

201 4103 485 4171 Φύτωμεν
509 4103 628 4157 ἀπὸ
644 4105 970 4172 προσώπου
996 4109 1266 4179 Ἰσραὴλ,
1296 4111 1609 4182 ὅτιΚύριος
1626 4117 1777 4184 ὑπὲρ

200 4192 401 4246 αὐτῶν
424 4196 680 4263 πολεμεῖ
711 4197 853 4265 τοὺς
873 4201 1256 4269 Αἰγυπτίους.
1275 4204 1432 4258 Οὕτω
1461 4209 1601 4276 μετὰ
1616 4208 1776 4262 τοῦτο

200 4279 357 4346 αὖθις
387 4285 448 4336 ὲν
483 4285 662 4355 στύλῳ
718 4291 890 4358 πυρὸς
950 4292 1259 4361 μορφωθεὶς
1313 4296 1547 4364 ἄγγελος
1588 4297 1770 4365 θεῖος,

199 4375 390 4464 sane»;
417 4376 495 4439 ὼς
523 4377 763 4447 Χριστὸς
791 4380 886 4433 τοῦ
910 4380 1062 4449 λαοῦ,
1107 4384 1450 4441 άνεδεὶκνυτο
1498 4389 1768 4464 ἀπλανὴς,

1907 575 2214 641 angelorum
2249 575 2348 630 Dei
2367 579 2434 633 ".
2471 579 2572 632 Per
2603 580 2856 635 caelestes
2882 575 3131 653 angelos,
3164 585 3256 641 Dei
3278 599 3481 658 myste-

1904 664 1985 717 ria
2018 666 2138 720 orbi
2186 680 2453 724 terrarum
2485 673 3000 740 communicantur;
3035 691 3130 744 per
3158 678 3382 746 angelos
3420 679 3480 734 ﬁt

1904 770 2169 825 aquarum
2201 756 2542 831 fontiumque
2575 762 2826 817 custodia
2853 765 3020 818 simul
3042 777 3096 820 et
3118 769 3349 834 medela,
3387 787 3481 840 per

1903 847 2125 917 angelos
2174 851 2561 906 tentationibus
2612 853 2705 920 qui
2760 855 2907 921 digni
2958 866 3085 910 sunt
3138 857 3478 926 liberantur;

1902 937 2323 994 Castrametatur
2357 942 2518 1007 enim,
2549 943 2744 1012 inquit,
2778 945 2994 1013 angelus
3034 947 3245 1001 Domini
3274 951 3330 1002 in
3369 953 3479 1003 cir-

1902 1031 2047 1084 cuitu
2076 1033 2368 1086 timentium
2395 1050 2512 1087 eum
2531 1075 2546 1100 ,
2570 1047 2625 1089 ut
2655 1036 2793 1103 ipsos
2823 1037 3098 1104 liberet“;
3133 1055 3229 1108 per
3255 1043 3477 1110 angelos

1904 1133 2204 1192 martyrum
2227 1139 2442 1194 quoque
2473 1126 2718 1194 reliquiae
2746 1128 3137 1182 custodiuntur
3164 1146 3178 1182 :
3219 1129 3475 1184 Dominus

1899 1215 2124 1267 custodit
2170 1217 2348 1268 omnia
2395 1232 2515 1269 ossa
2561 1233 2741 1270 eorum
2759 1217 2825 1283 ⁸⁸,
2881 1235 3193 1287 quanquam
3245 1223 3474 1291 mystica

1900 1307 2081 1373 potius
2137 1306 2237 1359 hoc
2272 1307 2392 1360 loco
2421 1315 2503 1360 est
2538 1308 2744 1362 ossium
2776 1311 3096 1378 appellatio;
3127 1326 3222 1379 per
3248 1315 3474 1382 angelos

1897 1398 2090 1450 altaria
2141 1397 2235 1452 Dei
2283 1399 2690 1463 custodiuntur,
2738 1409 2792 1453 et
2837 1401 3076 1455 lidelium
3118 1405 3315 1472 templa
3350 1421 3468 1459 ser-

1899 1493 2123 1552 vantur;
2158 1505 2250 1558 per
2281 1491 2509 1559 angelos
2552 1506 2746 1559 preces
2791 1492 3178 1561 orationesque
3210 1495 3278 1548 de
3321 1504 3468 1548 terra

1897 1580 1950 1633 in
1987 1582 2182 1635 coelum
2232 1582 2296 1635 ad
2347 1580 2516 1636 Deum
2554 1581 2897 1645 deferuntur,
2956 1583 3234 1652 simulque
3285 1586 3470 1640 divina

1895 1676 2034 1730 dona
2071 1675 2384 1728 hominibus
2422 1674 2778 1740 exhibentur;
2818 1689 2980 1728 omne
3007 1675 3242 1744 denique
3265 1691 3467 1745 prope-

1898 1767 2119 1822 modum
2163 1768 2256 1821 Dei
2287 1767 2605 1837 mysterium
2641 1781 2735 1834 per
2778 1767 3006 1836 angelos
3034 1767 3085 1821 in
3117 1777 3259 1823 terra
3303 1770 3467 1843 perﬂ-

1900 1860 2065 1914 citur.

1967 2011 2019 2064 5.
2065 2009 2154 2063 Sic
2192 2011 2322 2064 olim
2355 2027 2477 2065 vere
2506 2011 2652 2068 Deus
2683 2015 2969 2070 constituit
2995 2000 3344 2072 Cherubinos
3371 2018 3468 2087 qui

1897 2101 2019 2154 vitae
2052 2102 2255 2172 lignum
2287 2113 2410 2170 apte
2459 2105 2818 2170 custodirent,
2858 2123 2923 2159 ne
2980 2107 3221 2178 indignis
3261 2110 3361 2164 iter
3399 2110 3467 2163 ad

1897 2191 2029 2245 illud
2063 2201 2288 2260 pateret.
2322 2190 2412 2246 Sic
2442 2194 2757 2249 Abraliamo
2783 2197 3017 2265 speciem
3054 2199 3269 2263 obtulit,
3296 2200 3469 2252 misso

1895 2282 1964 2337 ad
1995 2299 2121 2337 eum
2154 2285 2318 2337 trium
2349 2287 2667 2353 angelorum
2701 2287 2755 2338 in
2792 2287 3029 2341 humana
3065 2288 3237 2342 forma
3275 2292 3466 2355 choro,

1894 2375 1987 2443 qui
2021 2374 2422 2428 sanctissimum
2469 2373 2752 2430 Trinitatis
2795 2378 3122 2446 signiﬁcavit
3155 2381 3462 2437 decretum.

1897 2464 1987 2519 Sic
2015 2481 2205 2520 rursus
2239 2466 2376 2519 duos
2403 2482 2468 2520 ex
2502 2467 2587 2519 illa
2651 2469 2892 2538 angelica
2923 2468 3186 2525 Trinitate
3227 2473 3468 2529 ostendit

1893 2553 2028 2608 Loto
2061 2555 2114 2608 in
2149 2552 2582 2609 Gomorrhorum
2621 2558 2774 2622 urbe,
2810 2575 2902 2628 per
2934 2576 3152 2628 poenam
3202 2562 3273 2615 ibi
3320 2563 3465 2616 inlli—

1893 2654 2036 2700 ctam
2067 2646 2472 2711 demonstrans,
2506 2664 2535 2702 a
2572 2648 2731 2703 Patre
2766 2653 3039 2705 neminem
3073 2652 3336 2718 iudicari,
3369 2655 3466 2710 sed

1891 2753 2054 2792 omne
2078 2739 2344 2809 judicium
2367 2740 2506 2794 Filio
2552 2755 2673 2794 esse
2705 2743 2986 2801 traditum.
3022 2753 3213 2798 sancto
3251 2761 3466 2815 quoque

1891 2829 2326 2886 substantialiter
2359 2831 2562 2900 Spiritu
2599 2833 2994 2889 intercedente.
3052 2835 3144 2890 Sic
3168 2839 3334 2890 etiam
3367 2837 3463 2892 Ja-

1892 2924 2028 2977 cobo
2051 2925 2306 2993 apparuit
2336 2925 2569 2980 luctator
2597 2927 2844 2995 angelus,
2864 2928 2928 2980 ad
2963 2928 3095 2996 legis
3130 2939 3313 2999 typum
3340 2947 3465 3000 quae

1893 3031 1988 3084 per
2019 3017 2270 3086 angelum
2297 3019 2475 3072 edicta
2505 3018 2624 3072 fuit.
2647 3016 2738 3073 Sic
2763 3020 2928 3072 etiam
2962 3020 3130 3092 Moysi
3167 3025 3241 3076 illi
3267 3039 3464 3093 magno

1893 3107 1945 3160 in
1983 3107 2121 3176 ignis
2143 3107 2361 3161 ﬂamma
2393 3109 2715 3178 angelorum
2747 3111 2940 3180 igneus
2960 3111 3156 3167 ﬂuvius
3186 3114 3337 3168 visus
3356 3125 3461 3180 est,

1891 3197 2180 3252 herbidum
2206 3197 2405 3252 rudum
2424 3199 2544 3268 igne
2558 3198 2849 3268 irriganset
2865 3201 2982 3255 sine
3001 3201 3332 3257 detrimento
3351 3220 3465 3258 am-

1885 3289 2108 3353 burens,
2127 3292 2454 3358 portendens
2483 3291 2689 3344 scilicet
2715 3291 2805 3345 Dei
2826 3307 2950 3346 cum
2982 3294 3201 3362 spinosa
3225 3296 3461 3362 peccatis

1885 3381 2198 3436 mortalium
2230 3391 2423 3435 natura
2449 3382 2795 3437 inconfusatn
2822 3384 3230 3439 adunationem.
3252 3385 3341 3439 Sic
3365 3402 3461 3456 per

1883 3477 2106 3546 angelos
2132 3476 2417 3530 celerrima
2441 3477 2675 3545 quadam
2711 3477 2831 3530 sine
2862 3477 3041 3545 gladio
3064 3479 3461 3543 manu,silente

1882 3575 2061 3632 nocte,
2087 3565 2488 3622 Pbaraoniticaa
2531 3567 2793 3637 geniturae
2806 3568 2964 3637 primi
2985 3569 3190 3623 surculi
3209 3585 3461 3639 pessum-

1881 3659 1991 3712 dati
2018 3656 2259 3723 fuerunt,
2297 3657 2558 3711 incolumi
2582 3656 2936 3710 Hebraeorum
2971 3657 3262 3724 p0pulo.Si
3297 3675 3460 3727 ange-

1880 3750 1981 3804 lica
2013 3766 2201 3816 manu,
2233 3748 2362 3803 fune
2392 3749 2579 3811 veluti,
2613 3749 2816 3818 alligati
2853 3748 3094 3812 fuerunt,
3122 3759 3370 3804 natantes
3402 3752 3456 3804 in

1879 3842 2153 3912 profundo
2182 3851 2398 3911 stagno,
2431 3856 2563 3895 axes
2593 3839 2795 3894 axibus
2821 3881 2836 3905 ,
2861 3856 2986 3896 cum
3019 3841 3250 3894 ducibus
3273 3855 3337 3894 ac
3364 3842 3460 3894 tri-

1879 3937 2062 3991 bunis.
2092 3933 2458 4001 Quamobrem
2488 3931 2566 3986 illi
2597 3933 2965 3988 exsecrabiles
3013 3931 3146 3986 visis
3193 3933 3458 4002 angelicis

1877 4044 2000 4101 qua:
2041 4026 2463 4097 submergebant
2486 4026 2797 4091 virtutibus,
2849 4026 3140 4080 dixerunt:
3173 4024 3456 4094 Fugiamus

1877 4137 1911 4174 a
1932 4128 2210 4186 conspectu
2234 4115 2453 4170 lsraelis
2472 4155 2489 4182 ,
2529 4117 2656 4184 quia
2689 4115 2947 4168 Dominus
2975 4131 3071 4182 pro
3105 4115 3218 4183 ipso
3257 4121 3459 4183 pugnat

1876 4226 2065 4266 contra
2091 4209 2377 4279 zEgyptios
2415 4207 2485 4263 “.
2535 4208 2626 4262 Sic
2654 4206 2852 4262 deinde
2896 4223 3092 4261 rursus
3142 4207 3243 4261 sub
3290 4207 3458 4276 igneae

1875 4304 2143 4358 columna:
2175 4301 2358 4370 specie
2409 4299 2635 4368 angelus
2682 4298 2797 4365 Dei,
2851 4299 2960 4352 dux
2999 4299 3221 4351 minime
3263 4297 3457 4354 devius

1875 4398 2044 4452 veluti
2069 4394 2322 4449 Christus
2353 4393 2559 4462 populi,
2581 4392 2867 4460 apparuit;
2897 4392 3060 4461 cujus
3083 4391 3308 4460 pulcher
3336 4392 3457 4445 vul-

199 4460 259 4519 οῦ
285 4469 348 4521 τὸ
386 4468 582 4532 κάλλος
613 4469 708 4524 τοῦ
741 4472 1031 4542 προσώπου
1094 4479 1322 4550 νεφέλης
1380 4460 1776 4555 περιϐαλλόμε-

1887 4498 1968 4543 tus
2000 4486 2210 4542 nebula:
2249 4486 2424 4539 forma
2455 4484 2780 4548 obvolutus,
2835 4483 3102 4537 stationes
3149 4498 3456 4552 pausasque

198 4575 284 4623 νος
315 4554 477 4628 εἶδος,
516 4564 616 4624 τὰς
661 4563 918 4628 ἑπαωιεις
975 4567 1072 4620 καὶ
1113 4571 1488 4638 καταπαύσεις
1537 4577 1614 4648 τῷ
1663 4579 1777 4650 λαῷ

195 4650 611 4706 διακελεύεται*
646 4652 791 4709 οὕτω
815 4659 1149 4726 προσιόντων
1184 4663 1322 4733 πρὸς
1357 4665 1418 4719 τὸ
1447 4667 1544 4737 τῆς
1610 4687 1775 4740 νομο-

197 4741 383 4805 θεσίας
416 4743 542 4814 ὄρος
581 4745 693 4797 τῶν
717 4748 1212 4821 νομοθετουμένων,
1247 4755 1336 4809 διὰ
1371 4757 1634 4814 πλειόνων
1672 4763 1775 4831 ἀγ-

194 4832 368 4902 γέλων
388 4835 489 4898 τὰς
511 4835 806 4902 θεοτύπους
817 4839 1059 4912 ἐδέχοντο
1078 4845 1312 4913 πλάκας,
1339 4848 1447 4902 τῶν
1472 4850 1570 4918 μὲν
1581 4853 1773 4922 ἠχούν-

193 4941 299 4979 των
333 4925 652 4995 σάλπιγγας
684 4929 823 5000 ἤχῳ,
858 4932 965 4986 τῶν
993 4933 1052 4986 δὲ
1076 4934 1135 4988 τὸ
1184 4936 1310 5008 ὅρος
1358 4943 1772 5014 πυριμορφούν-

191 5032 318 5082 των,
349 5018 448 5072 καὶ
467 5017 646 5072 ἄλλων
678 5021 737 5072 ὲν
767 5021 952 5094 γνόφῳ
968 5025 1062 5079 καὶ
1083 5026 1231 5099 ζόφῳ
1260 5030 1354 5083 καὶ
1385 5031 1579 5105 θυέλλῃ
1608 5035 1768 5088 τοῦτο

191 5107 660 5174 διακαπνιζόντων
689 5113 827 5182 πρὸς
855 5116 916 5169 τὸ
941 5116 1182 5187 ἐμφοὸον
1235 5124 1579 5192 καταστῆσαι
1611 5126 1762 5192 λαὸν,

192 5198 326 5252 Θεοῦ
353 5200 593 5270 ἀφοϐίαν
623 5203 915 5258 νοσοῦντω
946 5203 1103 5274 αὖθις
1124 5217 1193 5264 ’τε
1221 5213 1387 5267 πάλιν
1418 5214 1486 5266 δι’
1533 5217 1766 5284 ἀγγέλου

201 5291 408 5362 Ἰησοῦς
443 5293 474 5345 6
503 5292 600 5347 τοῦ
629 5295 790 5366 Ναυῆ
813 5296 911 5367 τὴν
945 5302 1088 5353 κατὰ
1116 5301 1225 5356 τῶν
1273 5303 1565 5374 ὁμοφύλων
1604 5308 1768 5379 εὐηγ·

189 5383 431 5451 γιλίζετο
461 5387 620 5457 νίκην
642 5403 656 5417 ·
677 5388 771 5441 καὶ
794 5391 941 5453 ὅπως
970 5392 1220 5457 πλείονας
1237 5395 1500 5464 ἀγγέλους
1530 5397 1608 5469 τῷ
1633 5401 1770 5471 ἁρχ-

188 5476 406 5547 αγγέλῳ
438 5478 773 5548 συνάψωμεν
821 5481 1106 5553 (πείθομαι
1140 5484 1250 5556 γὰρ
1300 5486 1378 5557 τῷ
1411 5488 1622 5543 ἑαυτῶν
1667 5492 1768 5560 ἀρ-

189 5570 540 5641 χιστρατήγῳ
564 5572 656 5626 ἀεὶ
685 5574 1216 5647 συνευφραίνεσθαι),
1243 5578 1475 5646 ἄγγελος
1499 5579 1596 5649 μέν
1631 5596 1764 5633 ποτε

1878 4581 2052 4634 eidem
2077 4578 2272 4647 popqu
2298 4560 2638 4644 designabat.
2674 4575 2747 4628 Ita
2789 4575 3111 4630 accedentes
3132 4575 3198 4629 ad
3231 4574 3454 4642 legisla-

1879 4671 2044 4725 tionis
2076 4681 2318 4723 montem
2347 4668 2404 4733 ii,
2435 4667 2635 4736 quibus
2660 4667 2742 4720 lex
2769 4666 2945 4721 danda
2977 4677 3114 4732 erat,
3146 4681 3242 4736 per
3271 4666 3454 4735 plures

1877 4763 2100 4833 angelos
2127 4777 2157 4816 a
2189 4762 2298 4814 Deo
2320 4761 2553 4829 scriptas
2587 4769 2911 4829 receperunt
2943 4760 3179 4823 tabulas,
3217 4773 3452 4828 quorum

1876 4856 1969 4910 alii
2007 4855 2152 4909 tubis
2191 4851 2598 4922 personabant,
2641 4851 2732 4904 alii
2785 4859 3024 4905 montem
3068 4851 3220 4919 ignea
3273 4850 3454 4918 specie

1873 4946 2201 5008 vestiebanl,
2248 4943 2340 4997 alii
2369 4943 2704 4998 obscuritate
2734 4942 2975 4997 tenebris
3014 4952 3176 5010 atque
3213 4941 3449 5010 procella

1869 5041 2170 5092 fumantem
2197 5033 2348 5088 illum
2383 5033 2700 5097 reddebant,
2732 5041 2789 5086 ut
2826 5032 3311 5102 perterrefacerent
3352 5045 3452 5099 po-

1867 5129 2078 5198 pulum,
2112 5126 2199 5181 cui
2228 5125 2426 5180 insitus
2455 5133 2570 5178 erat
2607 5125 2832 5179 morbus
2861 5123 3031 5176 Deum
3059 5137 3165 5176 non
3197 5121 3444 5175 timendi.

1868 5221 2064 5276 Postea
2093 5232 2226 5271 vero
2276 5231 2372 5286 per
2420 5216 2672 5296 angelum
2701 5215 2858 5270 Jesus
2884 5229 3105 5285 quoque
3131 5214 3261 5267 Navi
3303 5213 3451 5271 Illius

1870 5309 2154 5368 victoriam
2196 5309 2261 5362 de
2314 5306 2667 5376 popularibus
2709 5307 2826 5361 suis
2877 5307 3101 5361 relatam
3151 5303 3444 5360 nuntiavit.

1868 5401 2045 5471 Atque
2100 5407 2160 5454 ut
2217 5400 2402 5469 plures
2451 5400 2671 5468 angelos
2726 5397 3053 5468 archangelo
3098 5394 3444 5466 copulemus,

1868 5494 2030 5548 credo
2052 5493 2196 5546 enim
2220 5507 2317 5547 eos
2339 5507 2463 5546 cum
2497 5506 2597 5547 suo
2621 5506 2832 5560 semper
2856 5491 2994 5544 duce
3021 5489 3076 5543 in
3099 5487 3297 5558 gaudio
3320 5503 3443 5543 ver-

1872 5584 2004 5649 sari,
2041 5583 2267 5652 angelus
2293 5584 2422 5639 olim
2450 5581 2843 5653 Hierosolymis
2877 5581 3130 5639 lsraelem
3161 5581 3437 5647 vastabat,

255 5750 294 5781 δ’
341 5751 360 5805 l
391 5751 528 5824 Reg.
573 5767 631 5816 ιι,
657 5751 713 5806 8.
790 5751 835 5783 ⁸³
871 5751 1013 5809 Psal.
1048 5770 1241 5822 χχχιιι,
1272 5756 1324 5810 8.
1392 5757 1450 5788 ’⁸³
1489 5757 1621 5812 ibid.
1650 5759 1740 5813 2|.

1893 5760 2066 5817 Exod.
2093 5775 2203 5828 xw,
2231 5761 2319 5817 25.
