4018 6304
553 360 659 424 735

1735 368 1795 428 S.
1833 363 2225 427 THEODORI
2265 363 2614 426 STUDITIE

3703 364 3808 427 736

556 496 728 551 donec
758 510 987 565 magnus
1003 497 1172 553 David
1198 498 1364 556 boves
1394 499 1448 554 in
1473 515 1596 556 area
1629 500 1810 556 Sionis
1840 501 2130 556 immolans

2240 481 2290 532 ὲν
2336 477 2687 550 Ἰερουσαλὴμ
2720 477 2813 532 τὸν
2859 477 3069 550 Ἰσραὴλ
3093 476 3467 546 διωλόθρευεν,
3517 477 3624 541 ἕως
3686 479 3753 531 ἂν
3777 481 3807 531 6

557 602 683 642 cum
715 587 846 657 ipsis
881 590 1267 646 triturautibus
1305 593 1562 648 curribus
1591 608 1686 649 eos
1735 594 1929 648 obtulit
1976 593 2132 647 holo—

557 686 830 733 caustum.
871 681 1049 749 Atque
1084 681 1155 735 ita
1189 683 1371 752 populi
1415 685 1627 754 plagam
1661 683 1916 738 inhibuit.
1949 684 2129 751 Quam

559 767 689 822 hinc
719 768 879 823 nobis
903 769 1288 840 cogitationem
1315 773 1589 842 injiciens,
1622 775 1704 828 vel
1737 790 1900 843 quam
1940 775 2131 829 admo-

559 860 824 914 nitionem
850 861 874 914 ?
913 857 1118 931 Nempe
1140 864 1284 929 quod
1319 865 1494 918 solum
1519 881 1614 934 per
1637 866 1817 920 crucis
1851 866 1994 934 ligna
2033 865 2134 921 ob-

559 953 730 1007 latum
761 954 964 1009 Christi
997 956 1350 1021 sacrificium,
1387 958 1477 1013 Dei
1511 960 1646 1012 iram
1674 959 1933 1015 adversus
1973 977 2133 1014 mun-

559 1049 686 1098 dum
712 1046 939 1102 sedavit.
976 1047 1093 1104 Illic
1119 1051 1264 1104 enim
1313 1066 1440 1106 vere
1477 1067 1708 1121 magnus
1759 1051 1850 1107 Dei
1901 1051 2133 1109 Phinees

561 1135 814 1208 (zelatur)
847 1142 1116 1209 constitit,
1140 1139 1392 1213 factaque
1419 1160 1515 1214 pro
1540 1144 1698 1199 nobis
1723 1145 2130 1216 propitiatioue,

560 1229 746 1285 clades
774 1233 1032 1286 cessavit.

631 1390 686 1445 4.
716 1389 854 1446 illud
877 1407 1094 1463 quoque
1115 1394 1548 1451 animadvertere
1595 1411 1812 1466 aequum
1841 1407 1945 1463 est,
1995 1414 2162 1479 quoe.

562 1483 710 1536 niam
755 1484 870 1552 ipse
901 1500 1191 1554 supremus
1219 1486 1331 1541 dux
1385 1489 1553 1542 trahit
1589 1505 1690 1544 nos
1718 1491 1786 1545 ad
1825 1493 2132 1548 orationem

562 1570 631 1624 de
694 1572 900 1642 angelis
974 1576 1437 1644 prosequendam;
1477 1605 1479 1607 ι
1524 1593 1755 1632 curnam
1817 1596 1940 1634 cum
2024 1585 2136 1637 sint

566 1661 730 1716 unius
781 1677 971 1718 omnes
1037 1665 1376 1734 substantiae,
1430 1683 1538 1724 non
1601 1686 1766 1724 unam
1826 1687 2003 1742 neque
2056 1673 2134 1728 si-

566 1753 748 1806 milem
826 1752 1051 1824 figuram
1134 1767 1524 1828 aspectumque
1591 1761 1645 1815 in
1703 1771 1899 1817 terram
1969 1764 2135 1817 adve-

2237 566 2409 636 μέγας
2433 566 2600 620 Δαϐὶδ
2625 567 2750 630 τοὺς
2777 568 2836 620 tv
2861 569 2926 636 τῇ
2961 567 3075 635 ἀλῳ
3115 567 3216 636 τῆς
3268 567 3411 619 Σιὼν
3465 567 3807 636 θεοθυτήσας

2234 658 2384 729 βόας,
2417 661 2474 712 tv
2496 661 2610 722 τοίς
2649 658 2990 729 ἀλωηφόροις
3025 658 3249 721 τούτους
3307 658 3671 722 ὀλοκαύτωσε,
3707 659 3808 711 καὶ

2229 749 2374 805 οὕτω
2423 751 2524 823 τὴν
2579 751 2673 804 τοῦ
2726 749 2856 803 λαοῦ
2910 749 3124 822 πληγὴν
3188 749 3424 802 έπαυσεν
3459 767 3473 782 ο
3508 751 3598 802 ἵνα
3625 750 3680 802 τί
3698 751 3806 802 πά-

2232 840 2435 912 θωμεν,
2467 842 2563 895 καὶ
2621 842 2677 895 τί
2706 841 3087 912 παιδευθῶμεν
3112 859 3127 907 ;
3153 843 3235 895 δτι
3259 841 3441 912 μόνηὴ
3472 842 3559 894 διὰ
3577 843 3685 895 τῶν
3711 842 3804 906 ξύ-

2233 936 2339 990 λων
2371 934 2466 988 τοῦ
2501 935 2734 1006 σταυροῦ
2766 936 3195 1007 προσενεχθεῖσα
3227 934 3465 1005 Χριστοῦ
3492 935 3658 988 θυσία
3701 936 3803 1003 τὴν

2233 1026 2328 1079 τοῦ
2357 1026 2495 1080 Θεοῦ
2524 1027 2758 1095 ἀπειλὴν
2785 1028 2885 1097 τῆς
2911 1025 3240 1095 οἰκουμένης
3273 1025 3622 1077 κατέπαυσεν
3648 1039 3662 1054 ·
3685 1024 3806 1076 ἐκεῖ

2233 1117 2362 1188 γὰρ,
2396 1118 2472 1182 ὡς
2495 1118 2712 1188 ἀληθῶς
2733 1120 2762 1172 6
2788 1117 2963 1188 μέγας
2986 1117 3123 1171 Θεοῦ
3163 1115 3351 1178 Φινεὲς
3378 1115 3532 1184 έστη,
3563 1115 3661 1168 καὶ
3712 1114 3805 1180 ἐξ·

2236 1206 2453 1260 ιλάσατο
2477 1207 2617 1277 ὑπὲρ
2645 1206 2822 1278 ἡμῶν,
2844 1205 2938 1260 καὶ
2965 1205 3240 1260 ἐκόπασεν
3266 1205 3300 1275 ἡ
3331 1202 3581 1274 θραῦσις.

2303 1381 2367 1435 δ’.
2391 1380 2673 1450 Σκοπῆσαι
2705 1381 2762 1434 δὲ
2792 1379 2952 1451 θέμις
2971 1383 3214 1446 κάκεῖνο,
3236 1378 3332 1434 τοῦ
3356 1381 3803 1452 ἀρχιστρατήγου

2235 1473 2382 1543 ἡμᾶς
2407 1470 2876 1542 χειραγωγοῦντος
2913 1471 3007 1523 ἐπὶ
3031 1471 3129 1524 τοῦ
3179 1471 3288 1525 τῶν
3317 1471 3568 1539 ἀγγέλων
3600 1470 3762 1538 λόγου
3784 1486 3800 1502 ο

2236 1564 2353 1626 πῶς
2377 1558 2471 1616 οὖν
2509 1565 2640 1632 μιᾶς
2667 1563 2857 1625 οὐσίας
2890 1563 3043 1626 ὄντες
3068 1562 3131 1616 οὐ
3164 1563 3294 1630 μίαν
3327 1561 3447 1614 οὐδὲ
3479 1562 3677 1631 ὁμοίαν
3701 1562 3804 1631 τὴν

2238 1656 2450 1727 μορφὴν
2473 1655 2570 1708 καὶ
2599 1654 2697 1726 τὴν
2720 1655 2984 1708 ὀπτασίαν
3012 1656 3107 1707 tati.
3131 1654 3234 1725 γῆς
3263 1654 3655 1725 ἐπιδημοῦντες
3679 1657 3804 1707 ἐπι-

2234 1747 2538 1801 δείκνυνται
2572 1745 2918 1817 ἀνθρώποις;
2971 1745 3108 1800 ἀλλά
3169 1746 3300 1798 ποτε
3350 1747 3450 1816 μὲν
3495 1744 3802 1798 νεανίσκων

566 1845 774 1901 nieutes
822 1847 1114 1903 ostendant
1182 1827 1655 1907 hominibus?sed
1723 1857 1885 1908 modo
1951 1856 2134 1909 adole-

2240 1839 2452 1909 μορφὴν
2479 1840 2900 1905 ἐπιδείκνυνται,
2936 1839 3067 1890 ποτὲ
3094 1837 3152 1890 δὲ
3181 1838 3554 1908 στρατιωτῶν,
3584 1836 3680 1888 καὶ
3701 1835 3801 1888 ἀλ·-

567 1938 937 1992 scentulorum
970 1941 1204 2009 speciem
1240 1957 1350 2010 prae
1388 1958 1446 1998 se
1475 1943 1672 2008 ferant,
1693 1946 1853 2000 modo
1878 1947 2132 2011 militum,

568 2028 859 2098 aliquando
887 2031 1049 2085 etiam
1076 2033 1343 2100 equitum.
1373 2034 1506 2088 item
1547 2036 1867 2090 animalium
1910 2051 2003 2091 sex
2034 2038 2135 2092 alis

566 2126 620 2172 et
644 2120 827 2174 multis
882 2122 1056 2176 oculis
1103 2123 1518 2191 instructorum,
1595 2127 1819 2194 insuper
1886 2128 2134 2196 leonum,

569 2209 755 2274 boum,
784 2212 1113 2280 aquilarum,
1156 2213 1424 2269 interdum
1470 2217 1631 2271 etiam
1657 2233 1919 2286 equorum
1947 2219 2131 2290 igneo-

568 2313 732 2362 rum,
789 2315 998 2356 necnon
1059 2312 1300 2357 rotarum
1351 2315 1404 2358 et
1472 2321 1730 2364 curruum
1763 2307 1968 2364 ?Divus
2005 2325 2135 2381 ergo

569 2386 737 2443 Isaias
767 2405 888 2444 cum
915 2392 1153 2447 divinam
1179 2393 1327 2448 illam
1353 2395 1598 2466 adeoque
1631 2400 1968 2453 tremendam
2003 2401 2137 2456 vidit

569 2477 906 2535 Dominicam
938 2484 1239 2539 sessionem
1286 2486 1340 2539 in
1401 2487 1622 2541 sublimi
1654 2488 1873 2543 throno.
1923 2493 1976 2543 in
2024 2506 2135 2559 quo

571 2573 654 2639 (ut
693 2570 806 2639 ipse
843 2571 1082 2644 videbat)
1120 2576 1358 2632 universi
1383 2578 1570 2633 mundi
1611 2579 1752 2634 Deus
1802 2580 2136 2645 considebat,

570 2663 810 2718 astitisse
834 2663 970 2719 dixit
996 2665 1069 2718 illi
1101 2666 1155 2719 in
1203 2665 1375 2721 forma
1411 2682 1504 2722 sex
1541 2670 1642 2723 alis
1691 2671 1977 2735 instructa,
2030 2673 2138 2727 cel-

569 2753 818 2809 sissimas
844 2756 1211 2825 angelicorum
1241 2757 1403 2812 simul
1447 2767 1500 2812 et
1536 2759 1954 2814 cherubicorum
1984 2763 2135 2816 ordi-

570 2859 700 2898 num
736 2854 1029 2914 potestates
1055 2866 1069 2916 ;
1110 2856 1164 2901 et
1193 2847 1408 2903 duabus
1433 2849 1654 2918 quidem
1685 2850 1786 2904 alis
1815 2851 1980 2906 facies
2008 2867 2136 2908 suas

571 2936 801 2999 velasse,
837 2938 958 2992 aliis
987 2955 1115 2995 vero
1166 2941 1380 2998 duabus
1450 2942 1616 3012 pedes
1668 2958 1800 2998 suos
1852 2946 2136 3013 operuisse

574 3025 811 3096 [duabus
827 3027 1061 3098 denique
1101 3031 1320 3102 reliquis
1358 3033 1573 3089 volasse
1599 3032 1692 3105 ".]
1725 3032 1845 3088 Jam
1878 3035 2009 3089 dum
2044 3052 2138 3090 su-

569 3131 766 3186 pernas
793 3127 956 3186 atque
975 3119 1257 3176 inferiores
1274 3132 1456 3191 partes
1473 3124 1946 3194 circumtegerent,
1968 3124 2138 3192 sigui-
2162 3158 2206 3217 ο

570 3207 805 3263 ficabant
841 3209 1109 3277 videlicet,
1151 3211 1251 3266 hac
1281 3213 1462 3267 oblata
1515 3215 1715 3283 specie,
1765 3225 1877 3269 tum
1923 3217 2136 3285 superis

571 3297 626 3352 in
655 3301 814 3365 caelo,
871 3310 984 3354 tum
1018 3302 1206 3358 inferis
1237 3304 1290 3358 in
1319 3312 1459 3357 terra
1498 3305 1771 3360 invisibile
1799 3321 1938 3372 esse,
1980 3322 2136 3362 arca-

569 3405 724 3456 num,
772 3401 827 3444 et
862 3392 1134 3448 obtectum
1179 3395 1481 3450 divinitatis
1533 3397 1870 3468 mysterium.
1919 3397 2014 3452 Vel
2066 3399 2136 3453 ob

571 3481 624 3536 id
656 3482 889 3539 fortasse
922 3494 1209 3555 utramque
1257 3488 1656 3542 extremitatem
1709 3489 1978 3559 tegebant,
2008 3490 2137 3558 quia

571 3586 661 3627 res
687 3583 813 3628 ante
844 3571 938 3630 Dei
994 3573 1154 3630 Verbi
1189 3577 1498 3647 Christique
1539 3580 1606 3633 de
1645 3580 1784 3633 caelo
1843 3582 2136 3634 adventum

571 3663 1148 3733 iucomprehensibiles
1175 3681 1320 3731 sunt,
1351 3668 1588 3739 itemque
1621 3668 1723 3724 illa-
1751 3679 1869 3738 post
1891 3670 2136 3740 ejusdem

572 3757 1024 3824 assumptionem.
1071 3760 1321 3814 Attamen
1359 3760 1550 3814 mediis
1573 3760 1700 3823 illis,
1728 3776 1850 3828 quae
1879 3762 2136 3816 incarna-

572 3846 740 3903 tionis
767 3857 1006 3918 tempore
1036 3863 1363 3918 evenerunt,
1401 3852 1627 3906 credens
1666 3851 1906 3907 Ecclesia
1938 3853 1993 3907 in
2027 3867 2140 3908 cce-

573 3939 684 3992 lum
722 3949 979 4010 tanquam
1004 3943 1103 3996 alis
1133 3943 1406 3997 convolat.
1449 3941 1703 3998 Fortasse
1756 3945 1882 3998 item
1915 3959 2009 4013 per
2036 3945 2141 4000 hoc

574 4030 783 4083 vultum
837 4031 1141 4101 pedumque
1217 4033 1603 4100 velamentum,
1670 4034 1828 4089 nobis
1904 4035 2141 4088 innuuut

575 4118 905 4173 sanctissimi
954 4118 1262 4189 Seraphini,
1298 4138 1474 4191 neque
1518 4123 1730 4177 initium
1771 4139 1947 4194 neque
1975 4125 2139 4180 finem

575 4211 774 4264 divinae
800 4222 1008 4266 natura!
1038 4216 1294 4283 spectari,
1327 4227 1422 4269 aut
1452 4215 1763 4286 comperiri,
1788 4227 1882 4272 aut
1911 4219 2141 4289 intelligi

575 4315 758 4371 posse.
792 4300 926 4356 Nam
965 4305 1120 4361 faciei
1176 4315 1548 4377 tegumentum
1596 4309 2020 4365 iuvisibilitatem
2049 4311 2144 4366 de-

577 4402 727 4450 notat
762 4396 1012 4452 increataa
1036 4408 1244 4454 natura:
1267 4417 1281 4467 ;
1309 4402 1471 4471 pedes
1493 4410 1671 4456 autem
1689 4403 1928 4458 vicissim
1952 4405 2137 4469 velati,

2234 1931 2355 1983 λοτε
2396 1930 2629 1993 ίππέων,
2661 1930 2755 1983 καὶ
2784 1929 2948 1983 πάλιν
2979 1929 3362 2000 έξαπτερύγων
3407 1928 3501 1982 καὶ
3555 1927 3802 1997 πολυομ-

2239 2021 2441 2090 μάτων,
2496 2020 2595 2073 καὶ
2629 2016 2784 2084 αὖθις
2833 2021 3083 2083 λεόντων,
3129 2017 3250 2072 εἶτα
3292 2019 3452 2090 βοῶν,
3505 2019 3601 2071 καὶ
3637 2019 3804 2072 πάλιν

2235 2111 2428 2178 ἀετῶν,
2459 2112 2587 2165 ποτε
2608 2111 2665 2165 δὲ
2706 2113 2800 2165 καὶ
2840 2113 3023 2165 ῐππων
3054 2111 3317 2179 πυρίνων,
3359 2112 3453 2165 καὶ
3481 2110 3642 2162 πάλιν
3673 2127 3803 2179 τρο-

2235 2201 2345 2272 χῶν
2378 2202 2472 2256 atati.
2523 2201 2826 2273 ἀρμάτων;
2876 2202 3105 2265 Ἡσαΐας
3160 2202 3259 2272 μὲν
3288 2201 3383 2256 οὖν
3431 2202 3460 2254 6
3518 2201 3682 2264 θεῖος,
3712 2202 3806 2253 ὅτε

2234 2295 2334 2365 τὴν
2362 2293 2512 2347 Θείαν
2533 2296 2626 2347 καὶ
2655 2295 3102 2363 φρικωδεστάτην
3130 2293 3348 2363 ἐκείνην
3381 2295 3474 2346 καὶ
3531 2295 3802 2344 Δεσποτι·

2236 2385 2336 2457 κὴν
2363 2385 2657 2456 προεδρίαν
2694 2385 2785 2438 τοῦ
2815 2386 2962 2438 θείου
3021 2384 3340 2455 καθεώρακε
3375 2383 3590 2453 θρόνου,
3618 2386 3676 2436 tv
3733 2376 3804 2451 ᾧ,

2235 2479 2310 2540 ὼς
2338 2477 2506 2547 έὼρα.
2539 2475 2783 2548 ἑνίδρυτο
2814 2478 2842 2529 6
2865 2477 2972 2530 τῶν
3010 2478 3147 2530 ὅλων
3206 2476 3360 2540 Θεὸς,
3392 2479 3450 2529 ὲν
3500 2476 3807 2546 έξαπτερύ-

2237 2582 2349 2633 γων
2372 2566 2502 2618 εἴδει
2552 2565 2885 2636 παριστάναι
2919 2566 3155 2634 ἔφασκεν
3210 2566 3356 2636 αύτῷ
3408 2567 3505 2630 τὰς
3540 2568 3807 2619 ἀνωτάτω

2235 2656 2344 2709 τῶν
2363 2656 2668 2724 ἀγγελικῶν
2679 2657 2814 2728 ὁμοῦ
2831 2657 2926 2710 καί⁹
2945 2657 3280 2728 χερουόικῶν
3295 2657 3499 2722 τάξεων
3519 2659 3803 2726 δυνάμειςο

2237 2748 2330 2800 καὶ
2363 2750 2485 2810 ταῖς
2509 2746 2653 2819 [cet].
2682 2751 2738 2802 αί
2763 2764 2861 2819 pro
2888 2746 3031 2820 ταῖς]
3082 2749 3181 2819 μὲν
3205 2747 3347 2814 δυσὶ,
3387 2750 3540 2817 φησὶ,
3571 2749 3804 2820 πτέρυξι

2236 2840 2304 2892 τά
2330 2841 2506 2893 οἰκεῖα
2562 2843 2962 2896 συνεκάλυπτον
2992 2841 3283 2914 πρόσωπα,
3334 2843 3454 2904 ταῖς
3511 2832 3568 2894 δὲ
3611 2844 3806 2906 ἄλλαις

2237 2931 2356 2984 δυσὶ
2393 2933 2522 2995 τοὺς
2558 2932 2791 2996 οίκείους
2816 2934 2981 2996 πόδας
3009 2935 3362 2995 συνέσκεπον,
3398 2931 3516 3004 [καὶ
3542 2937 3666 2996 ταῖς
3688 2934 3787 2986 δυ-

2238 3023 2323 3076 σὶν
2349 3023 2670 3096 έπέταντοο]
2705 3025 2774 3078 τὰ
2798 3026 2910 3080 ἀνω
2937 3027 3032 3079 καὶ
3050 3026 3119 3079 τὰ
3173 3025 3323 3080 κάτω
3367 3042 3432 3077 πε
3445 3025 3806 3095 ρικαλύπτου-

2241 3133 2328 3168 σαι
2361 3117 2501 3186 μέρη
2524 3132 2538 3146 ·
2574 3117 2935 3188 σημαίνουσαι
2974 3119 3070 3187 μὲν
3114 3118 3201 3171 διὰ
3254 3116 3345 3169 τού
3380 3117 3807 3186 ὑποδείγματος,

2237 3208 2318 3261 ὃτι
2351 3209 2446 3260 καὶ
2472 3209 2583 3270 τοῖς
2606 3209 2719 3262 ἀνω
2741 3210 2800 3261 tv
2849 3210 3085 3280 οὐρανῷ,
3117 3210 3212 3262 καὶ
3240 3211 3352 3273 τοῖς
3405 3209 3554 3263 κάτω
3587 3209 3682 3261 ἐπὶ
3699 3211 3808 3278 γῆς

2235 3299 2464 3369 ἀόρατον
2493 3301 2589 3352 καὶ
2609 3299 2934 3370 ἀπόκρυφον
2959 3302 3055 3354 καὶ
3084 3300 3606 3371 συγκεκαλυμμένον
3632 3301 3812 3371 ὑπάρ-

2235 3405 2321 3460 χει
2350 3389 2410 3442 τὸ
2431 3389 2529 3459 τῆς
2552 3389 2807 3459 θεότητος
2838 3393 3140 3462 μυστήριον
3164 3409 3180 3424 ο
3225 3393 3258 3463 ἢ
3310 3393 3451 3463 τάχα
3500 3391 3587 3446 διὰ
3641 3392 3810 3446 τοῦτο

2235 3483 2337 3548 τὰς
2365 3484 2540 3554 ἀρχὰς
2567 3487 2662 3539 καὶ
2687 3485 2757 3538 τά
2787 3485 2915 3554 τέλη
2948 3484 3180 3538 ισκεπον
3210 3485 3573 3549 διδάσκοντες,
3602 3487 3686 3539 ὄτι
3710 3486 3812 3539 καὶ

2236 3576 2305 3628 τά
2328 3576 2433 3646 πρὸ
2464 3576 2817 3640 κατασάσεως
2849 3575 2943 3630 τοῦ
2970 3575 3144 3643 Λόγου
3168 3577 3260 3630 καὶ
3279 3576 3413 3629 Θεοῦ
3437 3578 3527 3630 καὶ
3563 3575 3808 3646 Χριστοῦ

2240 3667 2618 3736 ἀκατάληπτα,
2651 3667 2916 3732 ὡσαύτως
2942 3668 3036 3722 καὶ
3059 3667 3128 3720 τά
3180 3667 3317 3737 μετὰ
3340 3666 3438 3738 τὴν
3479 3667 3645 3721 αὑτοῦ
3677 3668 3813 3721 ἀνά-

2241 3758 2402 3826 ληψιν
2431 3775 2447 3794 ο
2488 3761 2601 3822 τοῖς
2625 3759 2684 3814 δὲ
2713 3760 2772 3814 έν
2801 3763 2866 3832 τῇ
2913 3761 3211 3831 σαρκώσει,
3250 3759 3436 3829 μέσοις
3462 3759 3662 3814 ὡσανεὶ
3680 3777 3813 3813 πτε-

2243 3850 2378 3921 ροῖς,
2419 3849 2752 3903 πιστεύουσα
2793 3851 2827 3920 ἡ
2864 3849 3177 3918 Ἐκκλησία,
3228 3851 3311 3912 είς
3346 3850 3576 3919 οὐρανὸν
3613 3851 3812 3920 ὑψιπε-

2240 3943 2361 3994 τεῖο
2401 3941 2529 4004 τσως
2557 3941 2646 3994 διά
2679 3939 2776 3993 τοῦ
2837 3939 3238 4009 ὑποδείγματος
3289 3938 3391 4009 τῆς
3431 3939 3642 4008 σκέπης
3698 3940 3811 3993 τῶν

2244 4032 2562 4105 προσώπων
2593 4033 2690 4086 καὶ
2721 4033 2831 4086 τῶν
2860 4032 3036 4085 ποδῶν
3064 4034 3238 4084 έκεῖνο
3295 4033 3427 4102 ἡμῖν
3480 4031 3812 4086 αἰνίττονται

2241 4127 2314 4180 τὰ
2341 4127 2580 4193 πανάγια
2612 4126 2882 4194 Σεραφὶμ,
2919 4126 3001 4177 ὅτι
3029 4124 3151 4176 οὕτε
3178 4123 3351 4195 ἀρχὴν
3383 4122 3506 4177 οὕτε
3538 4123 3692 4187 τέλος
3710 4124 3816 4194 τῆς

2245 4216 2393 4278 θείας
2444 4215 2658 4285 φύσεως
2687 4216 2821 4286 όρᾷν
2876 4214 3234 4284 ῆέξευρείνῆ
3292 4216 3492 4267 έννοεϊν
3545 4214 3773 4269 δυνατόν
3797 4232 3812 4246 ·

2245 4309 2280 4377 η
2318 4307 2416 4379 μὲν
2445 4309 2552 4377 γὰρ
2589 4304 2681 4358 τοῦ
2708 4305 3001 4376 προσώπου
3034 4305 3232 4374 σκέπη,
3266 4305 3328 4356 τὸ
3361 4307 3594 4374 ἀόρατον
3621 4307 3815 4376 ἐδήλου

2245 4400 2346 4470 τῆς
2370 4399 2625 4452 ἀκτὶστου
2652 4401 2865 4467 φύσεως
2890 4412 2904 4426 ·
2940 4397 2972 4467 ἡ
3006 4395 3064 4448 δὲ
3115 4395 3224 4449 τῶν
3276 4395 3452 4449 ποδῶν
3508 4399 3703 4465 πάλιν,
3754 4399 3817 4453 τὸ

576 4484 887 4555 significant
942 4489 1088 4544 haud
1119 4506 1281 4560 posse
1321 4507 1652 4563 quemquam
1705 4495 1815 4551 Deo
1868 4496 2136 4552 accedere

2243 4491 2543 4560 ἀπρόσιτον
2571 4492 2666 4545 καὶ
2690 4489 3156 4560 ἀπροσπέλαστον.

576 4589 673 4632 aut
705 4579 1090 4650 propinquare.

647 4670 704 4726 5.
739 4669 942 4729 Deinde
972 4675 1049 4730 ait
1078 4675 1236 4731 divus
1266 4678 1551 4747 propheta,
1583 4680 1812 4735 visionis
1841 4680 2002 4751 hujus
2024 4697 2147 4752 spe.

576 4772 774 4827 ctator,
805 4766 1018 4834 plenam
1048 4766 1216 4823 fuisse
1233 4768 1454 4824 domum
1472 4772 1638 4842 gloria
1656 4773 1767 4829 Dei.
1802 4772 1976 4828 Notus
1999 4776 2145 4830 enim

578 4857 633 4908 in
667 4855 861 4911 Iudaea
891 4857 1052 4922 Deus,
1082 4869 1137 4914 et
1177 4862 1318 4930 apud
1348 4861 1598 4917 lsraelem
1627 4866 2002 4920 tantummodo
2027 4882 2147 4919 ma-

578 4962 739 5014 gnum
771 4965 956 5003 nomen
984 4952 1097 5020 ejus
1120 4951 1186 5007 “.
1225 4952 1329 5007 Sed
1367 4962 1544 5008 tamen
1575 4967 1760 5010 n0tum
1792 4964 1909 5010 erat
1946 4957 2149 5026 spiriti-

581 5037 686 5093 bus
713 5038 1189 5106 intellectualibus,
1242 5044 1485 5112 praesciis
1515 5053 1567 5100 et
1603 5046 2024 5114 perspicacibus,
2061 5049 2145 5102 in-

579 5131 915 5187 carnationis
948 5135 1295 5204 sedentisque
1328 5136 1380 5189 in
1410 5136 1608 5190 throno
1637 5134 1794 5191 Verbi
1822 5136 1914 5192 Dei
1945 5146 2147 5209 myste-

582 5218 725 5271 rium
759 5236 773 5273 :
802 5229 856 5274 et
877 5220 1021 5288 quod
1051 5222 1122 5275 ab
1153 5223 1464 5280 hominibus
1491 5241 1590 5281 ceu
1635 5225 1798 5280 homo
1841 5230 2146 5284 cernendus

584 5309 744 5378 foret,
776 5323 830 5366 et
854 5314 1209 5385 incorporeus
1239 5317 1617 5386 corporandus
1640 5359 1654 5384 ,
1690 5329 1746 5374 et
1782 5320 1872 5389 qui
1904 5321 1984 5374 vel
2017 5321 2147 5388 ipsis

587 5402 1042 5462 immaterialibus
1097 5408 1390 5463 invisibills
1435 5419 1586 5475 erat,
1639 5411 1734 5466 abs
1777 5413 2146 5469 materialibus

583 5508 803 5563 quoque
831 5511 928 5565 per
964 5513 1182 5553 carnem
1213 5501 1600 5570 aspiciendus;
1639 5512 1801 5573 atque
1836 5504 2145 5559 universam

586 5596 785 5644 terram
803 5590 978 5660 gloria
1001 5607 1097 5647 sua
1132 5601 1182 5648 et
1214 5593 1469 5651 laudibus
1499 5596 1887 5652 beneficiorum
1921 5613 2145 5653 suorum

665 5745 708 5774 ⁸⁵
739 5741 842 5798 lsa.
873 5757 912 5812 ι,
945 5746 1246 5816 It,passim.
1385 5749 1431 5782 “
1471 5747 1614 5806 Psal.
1655 5767 1813 5817 ωιτν,
1852 5752 1905 5808 2.

2315 4667 2380 4722 ε’.
2416 4660 2550 4720 Εἶτά
2577 4682 2740 4735 φησιν
2763 4665 2791 4716 6
2821 4663 2962 4726 θεῖος
2985 4663 3269 4734 προφήτης
3297 4663 3325 4715 6
3349 4660 3524 4716 ταῦτα
3543 4663 3708 4733 ὀρῶν,
3735 4665 3816 4718 ὅτι

2248 4759 2342 4813 καὶ
2380 4757 2594 4828 πλήρης
2636 4758 2665 4810 6
2710 4751 2858 4818 οίκος
2899 4755 2998 4823 τῆς
3029 4753 3184 4824 δόξης
3214 4753 3308 4805 τοῦ
3339 4753 3496 4808 Θεοῦ.
3528 4756 3816 4821 Γνωστὸς

2247 4846 2326 4920 ἦν
2350 4852 2485 4904 τότε
2505 4849 2576 4902 ἐν
2603 4846 2678 4917 τῇ
2716 4846 2973 4913 Ἰουδαίᾳ
3005 4849 3038 4899 ό
3067 4845 3230 4910 Θεὸς,
3254 4846 3346 4897 καὶ
3369 4845 3441 4898 ἐν
3462 4843 3544 4909 τῷ
3573 4847 3817 4914 Ἰσραὴλ

2251 4943 2398 5012 μόνῳ
2437 4941 2593 5011 μέγα
2635 4941 2703 4994 τὸ
2751 4940 2940 5008 ὄνομα
2988 4936 3174 4992 αὑτοῦ
3251 4937 3364 4990 ἀλλ’
3395 4938 3543 5005 ὅμως
3587 4934 3660 5009 ἦν
3706 4943 3818 5005 τοῖς

2249 5037 2455 5106 νοεροῖς
2484 5033 2874 5104 προεωρακότα
2912 5031 2980 5085 τὰ
3013 5029 3294 5101 διορατικά
3322 5030 3383 5083 τὸ
3416 5030 3514 5100 τῆς
3539 5032 3816 5104 ένανθρω-

2252 5130 2469 5198 πήσεως
2511 5127 2676 5180 αὑτοῦ
2709 5125 2802 5177 ἐπὶ
2835 5124 3023 5195 θρόνου
3065 5121 3426 5192 καθεζομένου
3467 5121 3603 5174 Θεοῦ
3645 5125 3818 5192 Λόγου

2256 5221 2579 5291 μυστήριον
2615 5218 2710 5272 καὶ
2737 5218 2819 5270 ὃτι
2851 5217 2941 5270 επὶ
2966 5215 3067 5283 γῆς
3094 5213 3398 5284 ἀνθρώποις
3423 5213 3498 5277 ὡς
3529 5215 3820 5286 ἄνθρωπος

2256 5310 2436 5382 μέλλει
2462 5310 2812 5374 ὀπτάνεσθαι,
2841 5309 2932 5362 καί
2959 5310 2986 5360 6
3017 5307 3255 5377 ἄσαρκος
3287 5303 3645 5374 σαρκοῦσθαι,
3670 5309 3765 5362 καὶ
3790 5311 3818 5361 6

2254 5404 2434 5467 αὐτοῖς
2470 5405 2580 5466 τοῖς
2607 5402 2790 5465 ἀΰλοις
2811 5401 3060 5471 ἀόρατος,
3085 5398 3188 5452 -καὶ
3215 5400 3324 5460 τοῖς
3351 5399 3550 5460 ύλικοτς
3575 5399 3819 5467 γίνεσθαι

2251 5496 2340 5548 διά
2366 5495 2566 5565 σαρκὸς
2601 5494 2790 5564 ὁρατός
2812 5510 2826 5523 ·
2855 5493 2950 5546 καὶ
2983 5490 3223 5563 πληροῦν
3255 5492 3433 5543 πᾶσαν
3456 5491 3553 5560 τὴν
3585 5493 3693 5561 γῆν
3722 5493 3819 5560 τῆς

2252 5589 2408 5659 δόξης
2449 5589 2543 5643 καὶ
2572 5587 2670 5657 τῆς
2711 5587 2969 5650 αἰνέσεως
3000 5588 3088 5641 καὶ
3120 5585 3221 5656 τῆς
3253 5586 3474 5658 χάριτος
3501 5585 3669 5640 αὐτοῦ
3689 5604 3703 5618 ο
3732 5590 3819 5641 έκ-
