4018 6304
220 309 326 374 73⁵1

1185 318 1466 378 ORATIO
1502 320 1600 380 VI.
1623 344 1692 356 —
1725 319 1807 380 ΙΝ
1847 319 2176 381 SANCTOS
2211 323 2575 388 ANGELOS.

3379 337 3485 402 738

222 426 506 496 πλαγέντα
543 427 646 499 τήν
670 429 946 500 ἄφραστον
980 431 1077 486 καὶ⁸
1113 431 1501 504 ἀκατάληπτον
1533 436 1789 502 συγκατά·

1917 434 2248 503 repleturus.
2284 435 2519 509 Ideoque
2567 440 2782 495 attoniti
2821 442 2891 497 ob
2922 457 3043 499 eam
3070 444 3398 516 insperatam
3428 463 3484 508 et

223 520 408 583 6aotv,
451 522 550 578 καὶ
594 522 951 595 θαυμάσαντα
978 526 1078 596 τὴν
1111 527 1349 597 ἄρρητον
1387 528 1453 598 ἢν
1495 529 1575 592 είς
1599 527 1810 600 ἀνθρώ-

223 631 363 680 πους
398 616 630 686 ἔμελλεν
678 619 1047 674 ἐνδείκνυσθαι
1078 619 1180 692 τὴν
1208 620 1403 673 ἑαυτοῦ
1441 621 1806 692 ἀποκάλυψιν,

222 707 581 780 εὐχαριστίας
645 709 783 779 ὁμοῦ
843 711 937 764 καὶ
985 711 1302 783 ἐκπλήξεως
1358 713 1806 783 ἀνακεκράγεσαν

225 800 400 868 ὕμνον
449 799 745 870 βοήσαντα,
771 802 995 873 Ἄγιος,
1034 803 1220 871 ἅγιος,
1253 803 1420 872 ἅγιος
1445 806 1660 873 Κύριος
1696 809 1806 859 Σα-

223 890 404 957 ϐαὼθ,
445 893 688 960 πλήρης
715 894 882 949 πᾶσα
910 895 948 962 ἠ
989 892 1062 965 γῆ
1099 895 1210 963 τῆς
1239 895 1424 963 δόξης
1458 897 1673 952 αὐτοῦ’
1707 897 1806 969 τὴν

227 982 535 1052 μέλλουσαν
560 985 670 1038 τῶν
703 986 1038 1054 Ἐκκλησιῶν
1057 986 1214 1054 δόξαν
1235 989 1645 1058 προφητεύοντα
1673 993 1806 1062 Χρι-

225 1074 352 1128 στὸν
389 1075 460 1129 τά
489 1077 883 1148 μακαριώτατα
911 1079 1162 1150 Σεραφίμ
1185 1095 1199 1109 ·
1227 1079 1309 1133 διό
1337 1097 1501 1152 φησιν
1530 1082 1612 1136 ὅτι
1640 1083 1805 1154 ἐπλή-

226 1163 327 1234 σθη
366 1167 518 1220 πᾶσα
565 1168 599 1238 ή
628 1168 700 1238 γῆ
734 1170 833 1240 τῆς
879 1169 1037 1239 δόξης
1074 1169 1274 1224 αύτοῦσ
1309 1171 1412 1243 ὅρα
1463 1174 1516 1227 τί
1560 1175 1797 1244 γίνεται·

237 1255 517 1327 Ἐπήρθη,
554 1261 708 1331 φησὶ,
752 1262 820 1316 τὸ
864 1262 1202 1333 ὑπέρθυρον
1247 1266 1367 1320 ἀπὸ
1411 1267 1523 1336 τῆς
1569 1269 1798 1338 φωνῆς,

221 1352 502 1406 τουτέστιν
530 1355 746 1426 ἐπήρθη
777 1357 810 1427 ἡ
840 1357 1046 1412 ἀνωθεν
1076 1359 1374 1429 συνέχουσα
1395 1360 1485 1414 τὸν
1511 1361 1800 1416 Ἰουδαϊκὸν

224 1445 351 1498 ναὸν
385 1447 480 1500 ιιιι)⁸
510 1446 638 1500 λαὸν
682 1447 858 1519 σκέπη
904 1452 998 1504 καὶ
1023 1451 1328 1522 ἀντίληψις,
1364 1454 1459 1507 καὶ
1489 1454 1734 1526 ἐπλήσθη
1771 1457 1800 1510 ὁ

222 1532 368 1601 οἶκος
396 1538 626 1604 καπνοῦ,
651 1540 818 1611 ήγουν
844 1541 1177 1613 ἐρημώσεως
1198 1546 1290 1599 καὶ
1320 1546 1565 1613 σκότους,
1591 1547 1798 1619 πλάνης

223 1629 316 1680 καὶ
344 1629 622 1696 ἀγνωσίας
645 1646 659 1662 ⁸
694 1632 988 1704 προσέχετε
1023 1636 1172 1706 μετὰ
1191 1637 1498 1711 ἀκριϐείας,
1539 1657 1795 1711 παρακα-

221 1718 296 1773 λῶ
318 1739 330 1752 ·
363 1723 453 1774 ὅτε
486 1718 556 1793 ἦν
581 1724 614 1794 ἡ
644 1723 717 1794 γῆ
744 1727 895 1780 πᾶσα
921 1727 1107 1793 ἄδοξος
1134 1730 1193 1783 ἐν
1213 1731 1387 1802 πλάνῃ
1411 1733 1506 1786 καὶ
1526 1733 1791 1806 ἀγνωσία,

1909 526 2519 593 incomprehensibilem
2539 533 3084 602 condescensionem,
3105 539 3479 613 mirantesque

1909 617 2236 675 ineﬂahilem
2270 637 2433 686 quam
2467 624 2783 682 hominibus
2807 625 3046 682 Verbum
3069 628 3341 686 facturum
3367 649 3484 687 erat

1907 711 2106 766 suimet
2135 713 2549 786 reyelationem,
2603 719 2902 786 gratiarum
2944 721 3106 776 simul
3133 733 3188 779 et
3237 726 3480 794 stuporis

1908 799 2168 872 hymnum
2220 808 2490 861 canebant
2527 809 2826 868 clamantes
2863 828 2877 864 :
2914 811 3142 869 Sanctus
3170 856 3187 881 ,
3239 828 3476 886 sanctus,

1906 902 2119 945 sanctus
2136 892 2393 948 Dominus
2415 895 2554 951 Deus
2573 896 2828 965 Sabaoth,
2856 903 3008 971 plena
3036 913 3112 958 est
3147 908 3313 961 omnis
3337 918 3477 962 terra

1905 978 2076 1053 gloria
2099 987 2213 1056 ejus
2237 989 2316 1054 ‘7;
2343 987 2624 1044 Christum
2662 993 2933 1058 videlicet,
2965 997 3059 1066 qui
3083 996 3336 1054 Ecclesiae
3367 1001 3479 1072 glo-

1906 1076 1986 1129 ria
2018 1075 2238 1133 l‘uturus
2269 1086 2410 1156 erat,
2432 1078 2504 1134 ita
2535 1081 2972 1138 vaticinabantur
2996 1086 3292 1143 beatissimi
3318 1088 3479 1144 Sera-

1903 1164 2087 1234 phim;
2141 1166 2389 1233 idcirco,
2456 1169 2611 1224 aiunt
2664 1172 2878 1240 plenam
2934 1177 3242 1232 universam
3277 1187 3474 1234 terram

1902 1257 2072 1326 gloria
2128 1257 2302 1314 illius.
2342 1259 2473 1314 Vide
2533 1263 2661 1332 quid
2712 1263 2917 1320 factum
2954 1266 3043 1323 sit.
3086 1268 3363 1325 Elevatum
3398 1283 3475 1328 est

1901 1350 2300 1416 superliminare
2328 1369 2360 1406 a
2392 1370 2512 1408 voce
2534 1355 2879 1410 clamantium
2905 1358 2973 1427 “,
3008 1360 3060 1414 id
3083 1370 3166 1415 est
3197 1364 3474 1421 sublatum

1900 1439 2040 1505 fuit,
2098 1444 2242 1512 quod
2282 1442 2575 1501 Judaicum
2612 1449 2869 1517 templum
2903 1452 3270 1524 populumque
3304 1457 3475 1511 conti-

1900 1534 2065 1587 nebat
2095 1544 2308 1602 septum
2339 1544 2394 1589 et
2424 1544 2689 1604 tutamen,
2733 1548 2789 1594 et
2829 1541 3024 1596 domus
3068 1541 3218 1598 l’umo
3246 1547 3471 1614 repleta,

1899 1623 1951 1677 id
1985 1631 2071 1678 est
2121 1625 2448 1692 solitudine,
2503 1628 2760 1694 tenebris,
2788 1644 2976 1686 errore
3007 1643 3062 1686 et
3095 1633 3332 1690 inscitia.
3372 1635 3471 1689 At-

1899 1717 2101 1772 tendite
2131 1718 2456 1789 diligenter,
2509 1737 2716 1791 quaeso.
2761 1721 2991 1789 Quando
3044 1726 3296 1781 universa
3329 1737 3471 1781 terra

220 1812 433 1884 πλήρης
452 1808 520 1884 ἧν
548 1818 577 1868 ὁ
606 1811 753 1880 οἶκος
777 1818 870 1870 τοῦ
900 1820 1028 1872 ναοῦ
1057 1820 1152 1873 τοῦ
1183 1797 1470 1876 Ἰουδαίκοῦ
1501 1797 1678 1892 δόξης

1897 1811 1951 1866 in
1992 1810 2288 1880 ignominia
2317 1827 2507 1868 errore
2531 1824 2584 1869 et
2615 1813 2830 1869 inscitia
2860 1817 3205 1882 versabatur,
3230 1817 3470 1873 tuncJu-

217 1903 274 1958 δέ
315 1908 466 1959 πᾶσα
498 1907 530 1975 ή
559 1909 630 1978 γῆ
666 1909 881 1980 πλήρης
926 1912 1084 1980 δόξης
1132 1915 1230 1966 καὶ
1271 1914 1618 1982 ἐπιγνώσεως
1657 1916 1794 1970 Θεοῦ

216 1998 429 2066 γέγονε,
466 1998 608 2054 Τότε
657 2004 692 2056 ό
741 1997 906 2069 οἶκος
943 2003 1050 2058 τοῦ
1078 2005 1326 2074 Ἰσραὴλ
1370 2006 1650 2076 ἐπλήσθη
1691 2023 1795 2060 κα-

215 2091 395 2156 πνοῦ,
428 2091 749 2159 σϐεσθέντος
777 2095 957 2159 αὐτοῖς
986 2096 1082 2150 τοῦ
1114 2097 1340 2168 νομικοῦ
1382 2097 1573 2167 λύχνου
1602 2116 1616 2131 ο
1644 2100 1794 2163 ὅπως

215 2184 382 2252 φησὶν
410 2185 438 2237 ό
469 2185 723 2255 Χριστὸς,
755 2188 804 2240 οἱ
840 2188 916 2258 μὴ
946 2186 1234 2258 βλέποντες
1268 2191 1447 2261 ἡμεῖς,
1481 2190 1791 2262 βλέψωμενο

213 2278 262 2330 οί
309 2277 368 2330 δέ
421 2278 710 2348 βλέποντες
768 2281 1030 2349 Ἰουδαῖοι,
1072 2281 1264 2352 τυφλοὶ
1305 2284 1607 2352 γένωνται·
1654 2284 1794 2338 ἀλλά

211 2369 388 2424 ταῦτα
423 2371 522 2440 μὲν
562 2372 812 2437 Ἥσαῖας.

283 2461 362 2526 ς’.
415 2461 646 2534 Ἰξεκιὴλ
695 2464 752 2518 δέ
782 2463 963 2532 πάλιν,
987 2465 1017 2517 ὁ
1048 2465 1184 2535 πρὸς
1211 2465 1486 2533 θεοπτίας,
1509 2469 1556 2521 εί
1585 2468 1680 2522 καί
1707 2486 1792 2533 τις

211 2554 396 2617 ἄλλος,
424 2554 518 2606 τὸν
553 2554 679 2608 νοῦν
707 2557 1026 2627 ἐπιτηδείοις
1052 2557 1211 2628 ἔχων,
1245 2560 1305 2613 οὐ
1348 2561 1509 2630 μόνον
1535 2563 1617 2626 δὶς
1655 2563 1793 2618 ἀλλά

211 2645 570 2715 τετράμορφα
601 2644 716 2709 ζῶα
744 2647 871 2710 τοὺς
899 2648 1164 2704 ἀνωτάτω
1194 2649 1306 2704 τῶν
1343 2653 1648 2722 ἀσωμάτων
1689 2656 1790 2723 ἀγ-

210 2736 386 2804 γέλων
424 2736 736 2806 τεθεώρηκε
765 2738 913 2804 νόας,
950 2739 1453 2808 προδιατυποῦντας
1495 2737 1648 2810 οἶμαι
1677 2760 1788 2796 -σα-

211 2829 325 2898 φῶς
374 2831 470 2882 καὶ
513 2831 571 2882 ἐν
599 2830 784 2894 αὐτοῖς
809 2829 1274 2901 ἐνανθρωπήσεως
1301 2832 1396 2886 τοῦ
1441 2833 1788 2906 Ἐμμανουὴλ

211 2923 273 2974 ἐκ
323 2921 612 2992 Παρθένου
670 2923 1009 2993 μυστήριον·
1041 2924 1352 2995 περιείχετο
1401 2926 1511 2997 γάρ
1569 2929 1626 2980 ἐν
1675 2929 1788 2990 τοῖς

209 3011 370 3075 ζώοις
402 3009 542 3076 εἶδος
581 3011 868 3081 ἀνθρώπου
895 3013 991 3067 καὶ
1024 3014 1209 3084 σχῆμα
1238 3014 1362 3086 βοὸς
1386 3017 1480 3070 καὶ
1509 3017 1572 3070 τὺ
1599 3019 1787 3090 τρίτον

209 3102 444 3168 λέοντος,
486 3103 546 3156 τὸ
577 3104 622 3157 δ’
647 3103 919 3175 ἀνώτερον
944 3104 1172 3170 τούτοις,
1203 3105 1366 3160 ἀετοῦ
1387 3123 1402 3138 ·
1440 3107 1516 3172 ὡς
1554 3108 1662 3178 γὰρ
1693 3109 1783 3163 ἀν·
1811 3130 1853 3188 C

209 3198 449 3268 θρωπος,
497 3196 714 3268 ἀληθῶς
761 3197 935 3268 ἐφάνη
987 3198 1080 3251 ἐπὶ
1127 3197 1231 3267 γῆς
1262 3198 1516 3271 Χριστὸς,
1551 3202 1580 3253 ό
1618 3201 1786 3264 ὅντως

209 3289 340 3358 ὁμοῦ
385 3289 524 3353 Θεός
570 3306 630 3342 τε
677 3288 773 3342 καὶ
803 3289 1122 3360 ἄνθρωπος·
1149 3290 1225 3352 ώς
1269 3289 1397 3360 βοῦς
1443 3292 1525 3352 εις
1570 3292 1785 3360 σφαγὴν

209 3381 343 3452 ὑπὲρ
370 3381 472 3450 τῆς
501 3380 596 3434 τοῦ
621 3379 827 3450 κόσμου
854 3380 1127 3451 σωτηρίας
1148 3395 1162 3410 ο
1191 3379 1268 3443 ώς
1289 3379 1446 3444 λέων,
1475 3381 1699 3451 δυνάμει
1721 3383 1786 3435 ἐκ

210 3475 420 3546 νεκρῶν
451 3473 760 3544 ἐξεγερθεὶς
798 3472 996 3544 ἀνέστη
1021 3489 1034 3504 ⁸
1077 3474 1153 3538 ώς
1183 3473 1363 3538 ἀετὸς,
1404 3475 1482 3537 είς
1525 3473 1786 3543 οὐρανοὺς

211 3567 446 3637 ὑψωθεὶς
488 3565 767 3637 ἀνελήφθη
788 3582 802 3596 ⁸
839 3565 872 3637 ἢ
905 3567 1000 3620 καὶ
1026 3566 1199 3630 οὓτως
1229 3566 1393 3620 πάλιν
1422 3565 1516 3619 ἐπὶ
1543 3566 1783 3635 Χριστοῦ

211 3658 511 3730 ἐκληπτέον
539 3657 608 3712 τὰ
630 3658 744 3723 ζῶα
762 3673 777 3688 ·
809 3658 1117 3727 ἄνθρωπος,
1153 3658 1229 3720 ώς
1253 3656 1412 3724 λόγος
1443 3657 1661 3726 λογικὸς
1691 3658 1782 3710 καλ⁸

209 3750 364 3806 εἰκὼν
413 3749 511 3804 τοῦ
553 3749 690 3803 Θεοῦ
723 3750 818 3803 τοῦ
853 3749 1107 3820 ἀοράτου,
1141 3749 1228 3803 διά
1266 3748 1325 3801 τὸ
1349 3749 1448 3818 τῆς
1477 3748 1659 3819 ψυχῆς
1686 3751 1782 3804 καὶ

207 3841 295 3896 τοῦ
328 3843 424 3896 νοῦ
464 3843 648 3914 νοερὸν
682 3843 776 3896 καὶ
804 3843 1034 3913 ἀόρατον
1058 3857 1072 3871 ·
1105 3840 1253 3912 βοῦς,
1285 3841 1360 3904 ὡς
1389 3841 1613 3903 δυνατὸς
1641 3841 1779 3912 ἀρχα

211 3937 380 4003 ιερεὺς
427 3936 524 3988 καὶ
561 3935 655 3989 τὸν
686 3935 847 4004 ζυγὸν
877 3933 974 3988 τοῦ
1004 3932 1239 4004 σταυροῦ
1270 3932 1366 3986 ἐπὶ
1389 3932 1479 3986 τὸν
1508 3925 1657 4003 ὦμον
1687 3932 1782 4000 φέ-

213 4042 332 4093 ρων,
357 4028 457 4080 καὶ
475 4027 611 4118 ήμῖν
636 4028 748 4089 τοῖς
775 4025 991 4094 ἀλόγοις
1018 4027 1078 4079 ἐν
1099 4024 1177 4096 τῷ
1197 4025 1343 4095 τόκῳ
1365 4023 1781 4118 μφα-τνιάσας

208 4117 263 4169 ἐν
291 4114 558 4190 Βηθλεέμ,
593 4117 690 4171 καὶ
735 4116 826 4171 τὸν
857 4117 1058 4186 σπόρον
1088 4115 1182 4169 τοῦ
1216 4114 1569 4184 εύαγγελικοῦ
1620 4115 1778 4180 λόγου

211 4211 354 4284 πάσῃ
395 4215 466 4284 τῇ
511 4213 581 4282 γῇ
626 4209 1000 4281 κατασπείρας
1070 4210 1206 4263 λέων
1232 4209 1308 4272 ώς
1340 4207 1589 4278 βασιλεὺς
1615 4207 1779 4278 ’ἡμῶν

209 4301 312 4354 τῶν
350 4319 481 4356 ποτε
511 4301 723 4373 ἀγρίων
757 4302 851 4356 καὶ
882 4301 1175 4373 ἀνημέρων
1218 4301 1313 4355 καὶ
1343 4299 1654 4370 αίμοὸόρων
1684 4299 1778 4351 καὶ

211 4394 556 4467 σαρκοϐόρων
588 4394 914 4463 ἀκαθάρτων
943 4394 1114 4448 ἐθνῶν
1139 4411 1153 4424 ο
1218 4395 1609 4448 Ἐὄασίλευσε
1643 4395 1774 4467 γάρ,

1895 1906 2036 1961 daici
2071 1907 2254 1977 templi
2289 1907 2575 1962 aedilicium
2617 1909 2839 1977 plenum
2870 1909 3040 1979 gloria
3072 1911 3194 1966 fuit.
3238 1912 3471 1978 Quando

1900 2006 2086 2050 autem
2129 1998 2385 2053 universa
2416 2009 2555 2055 terra
2579 1999 2751 2069 gloria
2781 2013 2833 2054 et
2863 1998 2959 2054 Dei
2982 2003 3289 2073 cognitione
3310 2005 3467 2074 plena

1893 2089 2090 2152 evasit,
2127 2098 2259 2144 tunc
2281 2089 2470 2145 domus
2508 2091 2727 2146 lsraelis
2751 2092 2896 2162 fumo
2927 2093 3125 2162 repleta
3159 2104 3238 2149 est
3265 2096 3332 2160 δ’,
3371 2111 3469 2151 ex-

1893 2179 2097 2235 stincm
2139 2182 2271 2251 ipsis
2320 2182 2476 2253 legali
2508 2183 2875 2248 candelabro;
2917 2193 2999 2250 ut,
3039 2185 3183 2241 sicut
3214 2185 3470 2244 Christus

1891 2271 2030 2326 dixit
2056 2274 2124 2339 '°,
2172 2289 2274 2328 nos
2308 2285 2466 2329 antea
2504 2275 2639 2329 nihil
2679 2276 2926 2333 videntes
2950 2318 2967 2344 ,
3021 2279 3332 2336 videremus
3365 2298 3379 2335 :
3413 2290 3469 2336 et

1893 2365 1985 2434 qui
2023 2365 2279 2420 videbant
2310 2364 2504 2430 Judaei,
2531 2367 2657 2422 caeci
2687 2369 2900 2422 tierent.
2935 2368 3212 2427 Hactenus
3237 2371 3426 2428 Isaias.

1961 2454 2016 2511 6.
2051 2457 2300 2512 Ezechiel
2334 2458 2462 2512 item
2489 2459 2559 2525 ",
2591 2459 2684 2528 qui
2719 2460 2786 2514 ad
2814 2460 2907 2515 Dei
2934 2462 3194 2529 visiones,
3229 2465 3275 2518 si
3315 2465 3468 2535 quis-

1890 2563 2055 2618 quam
2088 2550 2252 2616 alius,
2280 2560 2514 2605 mentem
2563 2563 2937 2622 comparatam
2974 2554 3165 2609 habuit
3193 2595 3210 2619 ,
3248 2573 3352 2612 non
3407 2569 3466 2614 ut

1891 2641 2140 2697 biformia
2193 2653 2433 2710 tantum,
2493 2644 2588 2698 sed
2639 2655 2698 2698 ut
2746 2646 3140 2714 quadriformia
3186 2649 3461 2717 animalia,

1889 2749 2157 2804 supernas
2193 2736 2642 2806 incorporeorum
2696 2739 3016 2808 angelorum
3069 2740 3201 2797 vidit
3228 2755 3464 2810 mentes,

1888 2827 2384 2898 praeﬁgurantesmt
2405 2829 2851 2894 reor,manil’este
2877 2831 2960 2887 his
2982 2831 3173 2888 formis
3195 2835 3463 2890 incarnati

1888 2919 1941 2972 in
1979 2916 2203 2988 Virgine
2238 2915 2611 2975 Emmanuelis
2646 2923 2991 2992 mysterium.
3027 2922 3198 2978 Erant
3239 2926 3292 2979 in
3342 2928 3464 2981 ani-

1887 3008 2122 3062 malibus
2163 3007 2338 3062 forma
2375 3009 2634 3076 hominis,
2663 3011 2832 3080 ﬁgura
2861 3012 3018 3069 bovis
3050 3022 3215 3085 atque
3255 3015 3461 3083 leonis;

1887 3109 1941 3153 et
1968 3097 2054 3154 his
2084 3098 2398 3167 sublimior,
2430 3101 2645 3170 aquilae.
2693 3102 2940 3175 Namque
2981 3113 3041 3160 ut
3085 3106 3249 3162 homo
3275 3149 3292 3175 ,
3337 3123 3464 3164 vere

1889 3191 2143 3261 apparuit
2197 3193 2252 3246 in
2298 3200 2442 3247 terra
2480 3193 2770 3260 Christus,
2813 3196 2906 3265 qui
2944 3211 3070 3252 vere
3117 3197 3260 3254 Deus
3297 3199 3462 3255 simul

1886 3295 2042 3341 estet
2073 3285 2259 3340 homo.
2290 3283 2360 3340 Ut
2393 3285 2514 3350 bos,
2551 3287 2618 3340 ad
2653 3288 2855 3343 caedem
2892 3299 3114 3359 propter
3145 3291 3335 3346 mundi
3373 3307 3460 3347 sa-

1886 3377 2076 3434 lutem.
2127 3377 2195 3434 Ut
2217 3379 2335 3445 leo,
2373 3387 2621 3449 potenter
2660 3395 2689 3436 a
2749 3381 2983 3438 mortuis
3029 3385 3348 3438 resurrexit.
3389 3382 3463 3440 Ut

1885 3473 2092 3540 aquila,
2136 3472 2188 3526 in
2219 3471 2418 3528 cmlum
2469 3471 2719 3528 sublimis
2771 3474 3111 3529 conscendit.
3161 3473 3256 3529 Vel
3302 3475 3462 3530 aliter

1884 3567 2048 3619 etiam
2080 3565 2148 3620 de
2168 3563 2386 3620 Christo
2419 3565 2746 3634 explicanda
2769 3574 2899 3619 sunt
2929 3565 3184 3620 animalia
3219 3583 3233 3618 :
3271 3565 3459 3632 homo,

1883 3665 1944 3711 ut
1972 3655 2208 3711 Verbum
2242 3656 2512 3711 rationale
2545 3664 2600 3710 et
2631 3657 2805 3724 imago
2833 3655 2926 3710 Dei
2968 3655 3254 3711 invisibilis
3274 3694 3291 3718 ,
3329 3672 3456 3725 pro-

1881 3757 2005 3818 pter
2032 3747 2227 3802 animae
2251 3762 2314 3802 ac
2345 3749 2547 3802 mentis
2580 3746 3002 3802 intellectualem
3035 3746 3142 3800 vim
3172 3756 3229 3800 et
3269 3746 3458 3801 invisi-

1881 3839 2044 3895 bilem
2073 3857 2085 3894 :
2119 3839 2237 3903 bos,
2274 3848 2337 3893 ut
2379 3847 2571 3906 potens
2625 3837 2922 3903 sacerdos,
2958 3846 3015 3892 et
3046 3839 3226 3892 crucis
3260 3837 3456 3908 jugum

1881 3933 2123 3987 humeris
2170 3929 2380 3994 ferens,
2429 3937 2484 3984 et
2532 3929 2822 3984 nobiscum
2880 3943 2980 3983 ceu
3015 3927 3454 3994 irrationalibus,

1880 4035 2071 4094 partus
2096 4031 2359 4091 tempore,
2381 4021 2523 4090 apud
2543 4019 2914 4075 Bethleemum
2950 4021 3003 4073 in
3032 4019 3259 4090 praesepi
3295 4036 3456 4090 repo-

1881 4116 2060 4179 situs,
2119 4127 2416 4182 semenque
2456 4111 2753 4181 evangelici
2791 4111 2939 4166 verbi
2992 4126 3088 4180 per
3144 4115 3455 4167 universam

1880 4217 2084 4262 terram
2119 4205 2507 4260 disseminatus.
2545 4201 2676 4269 Leo,
2705 4210 2764 4256 ut
2788 4217 2883 4256 rex
2914 4209 3132 4264 noster,
3179 4201 3274 4270 qui
3322 4209 3455 4260 tunc

1878 4311 2099 4352 eramus
2130 4296 2410 4350 silvestres
2442 4301 2495 4346 et
2527 4293 2652 4346 saevi
2689 4301 2743 4347 et
2775 4291 3174 4362 sanguinolenti
3223 4299 3277 4346 et
3331 4307 3453 4348 car—

1880 4393 2055 4447 nivori
2101 4391 2406 4459 impurique
2457 4386 2979 4456 etlinici:Regnauit
3029 4387 3217 4451 enim,
3270 4386 3448 4456 inquit

211 4489 384 4554 φησὶν,
408 4492 441 4542 ό
464 4487 611 4553 Θεὸς
639 4486 738 4540 ἐπὶ
770 4487 841 4540 τὰ
869 4486 1044 4551 ἔθνη·
1072 4489 1134 4539 οὐ
1169 4487 1326 4556 μόνον
1356 4487 1412 4540 δὲ
1442 4487 1579 4540 λέων
1603 4489 1631 4540 ό
1657 4489 1781 4558 Χρι-

1891 4486 2194 4556 Scriptura,
2232 4483 2372 4538 Deus
2401 4497 2555 4549 super
2574 4489 2752 4550 gentes
2782 4478 2847 4531 ⁵².
2896 4476 3083 4548 Neque
3129 4475 3213 4532 leo
3241 4485 3450 4533 tantum

213 4581 347 4646 στὸς,
372 4583 509 4635 ἀλλά
535 4581 633 4636 καὶ
662 4579 900 4650 σκύμνος
921 4580 1153 4642 λέοντος,
1185 4580 1259 4645 ῶς
1292 4597 1424 4650 φησι
1456 4579 1586 4651 περὶ¹
1614 4581 1779 4633 αὑτοῦ

222 4671 428 4740 Ἰακὼϐ,
463 4674 718 4729 τουτέστι
767 4673 1035 4743 βασιλέως
1083 4673 1218 4736 υίὸς,
1253 4673 1318 4725 ἐκ
1352 4671 1632 4740 βασιλικοῦ
1676 4689 1782 4726 πα-

211 4765 328 4830 τρὸς
353 4766 663 4836 προελθών
687 4765 768 4818 διὸ
791 4765 885 4819 καὶ
912 4764 1068 4828 ἀετὸς
1099 4763 1174 4828 ὡς
1206 4763 1457 4835 βασιλεὺς
1483 4763 1592 4816 τῶν
1617 4763 1782 4833 οὐρα-

211 4853 328 4907 νίων
366 4859 633 4912 πετεινῶν
679 4857 996 4928 πτερωτῶν,
1028 4857 1231 4927 νοερῶν
1276 4855 1582 4925 ἀγγελικῶν
1613 4855 1783 4922 ἀγίων

210 4943 512 5016 δυνάμεων·
548 4947 869 5019 πτερωτῶν,
902 4948 978 5013 ώς
1027 4947 1185 5018 ἡμῶν
1243 4949 1350 5001 τῶν
1403 4946 1499 5000 τοῦ
1540 4945 1775 5018 Χριστοῦ

211 5041 428 5094 νεοττῶν
486 5041 874 5096 σκεπαστικῶν
949 5041 1125 5095 οὐσῶν
1196 5041 1291 5095 καὶ
1350 5041 1734 5110 φρουρητικῶν
1759 5055 1772 5068 ⁸

211 5134 626 5204 πτερωτῶνιὼς
670 5133 970 5204 εὐκινήτων
1017 5135 1112 5188 καὶ
1149 5133 1258 5186 τῶν
1297 5132 1503 5201 γηΐνων
1556 5132 1775 5186 πάντων

211 5197 545 5293 ὑψηλοτέρωξ
587 5197 862 5293 ἐχόντωνί
889 5222 1205 5293 πτερωτῶν,
1341 5197 1418 5290 τῷ
1453 5219 1582 5290 θείῳ
1610 5219 1773 5288 ἔρωτι

212 5308 522 5380 ἀεικινήτως
555 5314 654 5368 καὶ
682 5313 994 5382 ἀκορέστως
1038 5314 1269 5382 ἐχόντων
1289 5329 1303 5344 ·
1345 5310 1770 5381 πολυομμάτων,

213 5397 277 5462 ὡς
311 5403 388 5474 τῷ
420 5407 552 5479 θείῳ
583 5406 728 5478 φωτὶ
760 5407 1032 5469 πλουσίως
1061 5405 1504 5475 ἐλλαμπομένων,
1546 5404 1641 5456 καὶ
1674 5403 1778 5455 ὑπό

210 5504 344 5557 τινος
382 5497 514 5570 ῦλης
551 5500 690 5572 πρὸς
725 5497 960 5571 θεωρίαν
988 5496 1088 5551 οὐκ
1127 5495 1627 5565 ἀντισκοτουμένων
1648 5509 1663 5525 ⁸
1694 5494 1774 5547 διὸ

1877 4578 2147 4640 Christus,
2171 4588 2360 4629 verum
2396 4573 2560 4625 etiam
2589 4571 2760 4623 leonis
2794 4567 3025 4632 catulus,
3073 4577 3132 4620 nt
3157 4566 3233 4621 ait
3261 4567 3328 4621 de
3359 4567 3455 4622 illo

1877 4668 2117 4724 Jacobus
2145 4667 2231 4732 ³³;
2263 4664 2314 4718 id
2359 4673 2441 4717 est
2469 4662 2610 4732 regis
2641 4660 2804 4724 (ilius,
2835 4675 2897 4712 cx
2943 4659 3109 4727 regali
3143 4665 3297 4729 patre
3327 4673 3455 4727 pro-

1879 4759 2099 4816 cedens.
2141 4757 2270 4811 ldeo
2295 4756 2458 4809 etiam
2498 4752 2704 4822 aquila,
2736 4759 2797 4804 ut
2829 4748 3134 4804 caelestium
3168 4748 3452 4804 volucrum

1881 4854 2148 4907 alatorum
2182 4865 2299 4915 rex,
2345 4846 2399 4901 id
2438 4853 2523 4900 est
2550 4843 2954 4914 angelicarum,
3003 4840 3451 4896 intellectualium

1880 4960 1942 4998 ac
1973 4953 2284 4998 sanctarum
2305 4945 2652 5008 potestatum.
2706 4935 2894 4989 Alatos
2919 4933 3068 4997 dicit,
3092 4945 3191 4986 ceu
3217 4945 3339 4996 nos,
3362 4935 3452 5001 qui

1878 5036 2081 5090 Christi
2118 5047 2310 5089 sumus
2338 5031 2489 5099 pulli,
2518 5034 2868 5097 contegeutes
2907 5040 2970 5080 ac
3018 5031 3262 5078 tutantes
3292 5041 3306 5076 :
3342 5024 3455 5078 ala-

1879 5139 1984 5192 tos,
2015 5138 2074 5182 ut
2092 5128 2284 5198 agiles,
2307 5132 2362 5176 et
2386 5137 2551 5192 supra
2575 5129 2785 5175 terrena
2809 5117 2993 5172 omnia
3033 5115 3141 5171 alte
3167 5115 3448 5172 volantes:

1879 5223 2071 5286 alatos,
2110 5229 2169 5274 ut
2197 5219 2381 5274 divino
2415 5228 2601 5268 amore
2648 5212 2986 5266 incessanter
3029 5217 3087 5264 et
3124 5209 3243 5264 sine
3287 5211 3453 5262 satie-

1881 5324 1986 5368 tate
2014 5311 2276 5366 l‘ruentcs.
2318 5305 2667 5361 Multioculos
2700 5317 2920 5374 quoque
2951 5300 3103 5368 dicit,
3130 5315 3230 5356 ceu
3262 5299 3452 5353 divino

1886 5405 2092 5459 lumine
2144 5398 2487 5456 abundanter
2535 5395 2874 5459 illustratos,
2915 5391 3173 5460 nullaque
3225 5391 3450 5444 materia

1881 5496 2176 5567 quominus
2223 5489 2656 5559 contemplentur
2698 5485 3013 5542 inl’uscatos.
3066 5483 3192 5538 ldeo
3226 5483 3455 5552 spiritus

277 5697 316 5727 ⁸⁷
347 5701 445 5758 lsa.
479 5723 556 5775 vr,
583 5708 640 5762 4.
718 5704 762 5738 ⁸³
804 5703 936 5760 ibid.
974 5702 1026 5756 5.
1101 5701 1147 5734 “
1172 5699 1305 5756 ibid.
1360 5700 1405 5733 '°
1446 5697 1636 5754 Matth.
1672 5713 1789 5764 xm,

1895 5734 1910 5754 .
1987 5697 2032 5728 “
2075 5692 2278 5752 Ezech.
2313 5707 2349 5759 ι,
2381 5689 2404 5744 l
2442 5704 2594 5760 seqq.
2676 5687 2719 5717 "
2750 5683 2893 5739 Psal.
2957 5698 3106 5747 nvi,
3137 5681 3189 5736 9.
3233 5678 3278 5710 ⁵³
3312 5677 3449 5734 Cen.

219 5777 352 5835 XLIX,
396 5778 448 5828 9.
