4018 6304
552 324 662 387 ’139

1732 325 1790 385 8.
1828 324 2218 385 THEODORI
2256 327 2599 389 STUDITzE

3685 338 3793 401 ἨΟ

552 434 716 491 etiam
740 432 1021 497 dicuntur,
1053 439 1113 487 ut
1145 431 1536 487 immateriales
1559 470 1575 495 ,
1606 430 1938 502 incorporei,
1971 430 2113 486 invi-

2228 433 2308 485 ιιαὶ
2369 434 2658 505 πνεύματα
2723 437 2992 508 λέγονται,
3047 443 3126 509 ὡς
3177 446 3316 502 άῦλα
3374 452 3470 505 καὶ
3517 454 3791 529 ἀσώματα

552 525 763 592 sibiles,
806 525 1167 589 immortales,
1196 525 1338 579 haud
1367 524 1539 580 crassi
1568 523 1663 579 sed
1693 524 1871 589 aerei,
1903 525 2116 595 gratiae-

553 631 664 688 que
692 616 955 674 beneflcio
985 598 1519 687 incorruptibilMt
1559 616 2046 685 inexstinguibiles.

624 810 683 867 'l.
709 809 845 867 Rem
874 809 968 865 tibi
992 809 1320 881 persuadeat
1361 811 1527 867 etiam
1561 812 1651 867 ille
1683 813 1907 884 angelus
1931 813 2118 869 Domi-

555 902 635 969 ni,
673 902 769 973 qui
800 917 928 958 cum
960 903 1136 972 ipsius
1156 902 1365 958 Domini
1403 905 1585 973 specie
1610 906 1841 960 venitad
1869 907 2119 961 Azariam

555 996 793 1067 ejusque
829 996 1008 1052 socios
1036 997 1116 1064 “;
1172 998 1218 1052 is
1270 998 1362 1068 qui
1395 1013 1519 1053 cum
1554 998 1623 1053 sit
1652 997 1842 1068 igneus
1874 1000 2118 1069 spiritus,

556 1104 749 1159 rogum
791 1086 1104 1159 lrigel’ecit;
1144 1088 1237 1159 qui
1270 1089 1410 1144 roris
1440 1090 1621 1160 potius
1661 1106 1823 1161 quant
1871 1092 2011 1160 ignis
2045 1090 2122 1146 fe-

556 1194 741 1233 racem
772 1178 1048 1234 ﬂammam
1081 1179 1276 1235 eﬂ‘ecit.
1308 1180 1572 1252 Quodque
1603 1184 1864 1239 miraculo
1896 1186 2122 1240 mirabi-

556 1268 663 1325 lius
685 1279 787 1335 est,
825 1284 918 1324 eos
934 1285 1072 1339 quos
1098 1270 1237 1324 intra
1269 1280 1508 1326 ventrem
1541 1272 1755 1328 ﬂamma
1778 1283 2120 1345 conceperat,

556 1363 767 1432 peperit
800 1362 1038 1418 illaesos:
1066 1364 1156 1431 qui
1191 1374 1368 1418 autem
1399 1376 1552 1419 extra
1605 1381 1765 1420 suum
1805 1377 2121 1434 conceptum

556 1461 747 1517 erant,
783 1468 881 1507 eos
924 1463 983 1506 ut
1027 1453 1224 1522 impios
1258 1454 1647 1521 pessumdedit.
1697 1453 1809 1511 Hoc
1864 1457 2123 1510 nimirum

557 1543 758 1597 divina:
781 1543 996 1597 virtutis
1024 1544 1210 1609 robur,
1268 1545 1444 1614 angeli
1502 1548 1749 1616 potentia.
1804 1548 2124 1615 fortissima,

558 1633 802 1703 adeoque
831 1632 1004 1687 valida
1032 1642 1091 1687 ut
1123 1634 1434 1687 universum
1461 1636 1724 1690 mundum
1762 1652 1869 1691 uno
1917 1646 2127 1707 tempo-

2216 524 2312 578 καὶ
2374 526 2582 597 ἀόρατα
2641 531 2737 585 καὶ
2800 534 3197 611 ἀναψηλάφητα
3248 546 3345 599 καὶ
3392 524 3654 606 ἀθάνατα-
3694 558 3792 610 καὶ

2215 616 2405 714 ditari}
2439 620 2533 673 καὶ
2558 620 2719 692 ἀέρια
2746 625 2882 698 (Η),
2918 630 3015 684 κα)⁵
3067 632 3251 703 χάριτι
3302 638 3560 714 άφθαρτά
3593 662 3654 698 τε
3694 650 3793 701 καὶ

2216 708 2502 780 ἀνόλεθρα.

2289 800 2356 898 ς’.
2385 804 2495 859 Καὶ
2524 807 2757 865 πειθέτω
2791 830 2850 868 σε
2878 817 2906 870 ὁ
2948 817 3177 887 ἄγγελος
3233 825 3439 898 Κυρίου
3491 833 3572 897 εἰς
3622 832 3792 890 αὑτοῦ

2217 893 2313 995 τοῦ
2335 898 2543 995 κυρίου
2567 906 2949 995 συγκατελθὼν
2968 911 3027 964 τὸ
3044 908 3184 978 εῐδος
3198 919 3311 982 τοῖς
3324 893 3469 992 ’περὶ
3503 893 3786 995 ἰέζαρίαν⁹

2219 982 2248 1087 ό
2271 985 2627 1087 πυρέμψυχος
2651 994 2742 1046 καὶ
2770 995 2870 1067 τὴν
2898 1000 3076 1070 πυρὰν
3101 1002 3313 1075 ψύχων,
3378 982 3424 1062 ό.
3457 982 3793 1087 δροσοφόρον

2221 1077 2343 1131 ἀντὶ
2379 1082 2661 1154 πυρφόρου
2719 1088 3055 1155 ἁποτελέσας
3102 1095 3204 1167 τὴν
3238 1098 3412 1170 φλόγα
3434 1118 3450 1135 '
3483 1077 3545 1157 τὸ
3690 1077 3791 1165 ⁴τοῦ

2224 1170 2535 1239 παραδόξου
2579 1177 3030 1252 παραδοξότερον,
3064 1185 3146 1239 ὅτι
3175 1188 3268 1253 οὓς
3304 1192 3405 1261 μὲν
3434 1193 3582 1250 ἔνδον
3611 1198 3688 1263 ὡς
3728 1204 3790 1255 ἐν

2226 1264 2427 1360 γαστρὶ
2460 1267 2807 1341 συνέλαϐενή
2840 1272 2990 1341 φλὸξ,
3017 1276 3331 1350 ἀπεκύησεν
3358 1285 3618 1353 ἀϐλαϐεῖς
3648 1307 3666 1322 ο
3695 1294 3793 1360 οὓς

2222 1352 2279 1405 δὲ
2302 1354 2459 1449 ἐκτὸς
2504 1359 2884 1431 ἀσυλλήπτους
2906 1366 3044 1436 ἀμφ’
3093 1371 3265 1442 αὐτὴν
3320 1382 3617 1449 περιεῖχεν,
3669 1352 3794 1438 llo:

2227 1445 2447 1513 μαίνετο
2486 1449 2704 1515 ἀσεϐεῖς
2729 1469 2742 1482 ·
2791 1454 2951 1511 τοῦτο
2990 1462 3163 1531 ῥοπῆς
3183 1463 3333 1529 θείας
3379 1445 3659 1541 δυνάμεως
3691 1476 3794 1543 ἀγα

2224 1539 2385 1606 γέλου
2411 1541 2627 1607 ἐξουσία
2658 1548 2952 1620 παναλκὴς.
2968 1554 3064 1606 καὶ⁵
3089 1554 3262 1620 οὕτως
3286 1539 3565 1630 ῥωμαλέα,
3596 1564 3671 1628 ὡς
3695 1539 3795 1622 καὶ

2226 1633 2429 1702 κόσμον
2481 1635 2602 1691 ὅλον
2655 1640 2714 1691 ἐν
2772 1641 3050 1715 ἁκαριαίῳ
3105 1648 3375 1721 δυναμένη
3437 1653 3793 1726 όλοθρεύεινο

559 1725 637 1779 ris
668 1732 871 1793 puncto
895 1725 1065 1793 possit
1097 1726 1448 1794 pessumdare
1520 1727 1696 1783 Testis
1730 1725 2123 1797 Senacherimi,

2228 1723 2322 1775 καὶ
2348 1725 2613 1797 μάρτυςή
2646 1730 2786 1784 κατὰ
2814 1733 3121 1805 Σεναχερὶμ
3345 1723 3580 1813 ἀγγέλου
3642 1750 3795 1805 θείου

559 1829 655 1884 per
682 1830 849 1867 unum
877 1815 1151 1884 angelum,
1182 1814 1472 1870 Chaldaica
1506 1826 1769 1873 nocturna
1787 1819 1986 1887 clades,
2018 1836 2126 1889 qua

559 1918 777 1960 centum
805 1906 1079 1975 octoginta
1107 1908 1349 1976 quinque
1394 1908 1621 1963 millium
1654 1912 1940 1967 multitudo
1970 1916 2129 1971 tacite

558 2010 614 2053 et
638 1999 845 2067 absque
869 1997 1049 2069 gladio
1078 1998 1357 2054 interiecta
1386 1999 1487 2056 luit
1509 2002 1555 2035 "
1581 2019 1594 2055 :
1624 2005 1768 2072 quod
1796 2014 1855 2059 ut
1876 2022 2020 2062 nunc
2040 2023 2129 2063 ce-

559 2090 782 2146 lerrime
808 2090 874 2145 de
899 2093 1261 2159 praesentibus
1293 2108 1510 2163 quoque
1527 2093 1793 2152 Chaldaeis
1818 2100 1931 2162 liat,
1961 2098 2125 2155 Deum

567 2196 847 2250 rogamus.
881 2181 1010 2237 ltem
1036 2184 1330 2239 translatus
1351 2186 1485 2239 satis
1508 2186 1695 2242 leviter
1726 2187 1827 2244 fuit
1849 2193 1918 2246 ab
1936 2194 2129 2261 angelo

560 2275 910 2330 immateriali
963 2278 1257 2332 materialis
1302 2292 1640 2350 carneusque
1685 2280 2006 2338 llahacucus
2060 2286 2129 2339 de

563 2365 867 2423 Jerusalem
920 2368 1120 2423 tinibus
1156 2368 1479 2441 Babylonem
1517 2388 1707 2442 usque,
1737 2376 1916 2429 cibum
1949 2375 2128 2431 ferens

561 2461 824 2529 propheta
859 2461 1031 2514 sodali
1089 2476 1190 2515 suo
1237 2463 1513 2533 prophetae
1553 2467 1799 2533 Danieli,
1846 2469 1940 2537 qui
1976 2470 2127 2523 lacus

567 2565 789 2606 carcere
806 2549 1149 2605 detinebatur
1178 2571 1190 2607 :
1230 2556 1615 2623 ingressusque
1638 2566 1721 2611 est
1745 2559 1872 2613 illuc
1898 2567 1951 2612 et
1973 2560 2129 2613 rediit

562 2642 853 2697 incolumis
868 2623 939 2705 ⁸⁸,
962 2641 1033 2696 ob
1065 2644 1400 2712 figurandam
1423 2645 1623 2701 Christi
1662 2650 2014 2717 sepulturam,
2054 2652 2129 2705 Ia-

560 2750 660 2790 cus
689 2733 867 2805 sigilla
896 2734 1097 2790 intacta
1131 2752 1459 2791 conservans
1489 2756 1503 2792 :
1536 2748 1596 2793 ut
1619 2740 1757 2794 sicut
1788 2742 2038 2800 Christus
2062 2762 2127 2800 ex

563 2834 741 2882 morte
774 2824 1098 2896 inferisque,
1135 2828 1215 2881 sic
1242 2827 1402 2885 etiam
1436 2830 1697 2899 propheta
1738 2846 1806 2885 ex
1853 2830 1983 2887 feris
2033 2852 2129 2889 an-

564 2917 955 2989 thropophagis
989 2918 1192 2974 rediret
1234 2920 1560 2988 incolumis,
1614 2923 1901 2979 demittens
1950 2929 2129 2995 potius

561 3022 692 3063 orco
742 3003 863 3063 eos'
892 3006 988 3079 qui
1020 3008 1199 3079 ipsum
1258 3009 1324 3064 ad
1382 3025 1573 3066 orcum
1623 3015 1945 3070 detulerant.
1977 3015 2129 3070 Sicut

2225 1815 2505 1912 ξαλδαῖκὴ
2538 1822 2889 1894 νυκτολεθρία
2932 1826 3142 1896 θνῆσις,
3171 1812 3434 1906 ’ἀψοφητὶ
3478 1839 3673 1893 ἑκατὸν
3694 1843 3796 1912 ὀγ-

2224 1902 2490 1975 δοήκοντα
2510 1910 2670 1963 πέντε
2703 1912 2957 1982 χιλιάδων
2982 1920 3193 1990 πληθὺν
3225 1902 3379 1994 άξιφῖ
3406 1902 3795 1985 θανατώσασσο

2226 1996 2260 2067 ἢ
2297 1999 2360 2069 δὴ
2391 2000 2634 2093 τάχιστα⁵
2651 2005 2744 2058 καὶ
2767 2008 2860 2060 νῦν
2874 2010 3146 2067 τελεῖσθαι
3174 2017 3233 2070 ἐν
3250 2020 3363 2082 τοῖς
3397 2023 3626 2093 παροῦσι
3650 2028 3800 2081 Χαλ-

2226 2090 2395 2182 δαίοις
2429 2094 2538 2163 (12)
2568 2083 2701 2149 Θεὸν
2745 2099 3088 2173 ἱκετεύομεν·
3132 2083 3523 2182 μετεκομίζετο
3579 2118 3636 2170 δέ
3699 2123 3799 2176 καὶ

2227 2180 2441 2251 κούφως
2481 2185 2585 2238 ὑπὸ
2606 2190 2903 2257 ἀγγελικοῦ
2934 2195 3100 2249 ὰΰλου
3130 2199 3159 2252 ὁ
3219 2180 3405 2267 ἔνυλός
3434 2223 3492 2259 τε
3538 2210 3631 2262 καὶ
3663 2230 3800 2284 σαρ-

2227 2274 2459 2370 κοφόρος
2500 2278 2812 2352 ’Λεϐακοὺμ
2839 2284 2897 2351 ἐξ
2924 2287 3090 2358 ὁρίων
3134 2290 3487 2368 Ἰερουσαλὴμ
3518 2302 3655 2370 πρὸς
3684 2274 3796 2359 Βα-

2229 2363 2462 2468 polibant,
2489 2370 2887 2442 ἐπιφερόμενος
2918 2379 2947 2429 ὁ
2974 2363 3261 2454 προφήτής
3290 2386 3371 2454 τῷ
3421 2363 3798 2468 σνμτέρέξςήτῃ

2226 2456 2422 2553 Δανιὴλ
2456 2462 2683 2553 τροφὴν,
2716 2466 2919 2524 λάκκου
2953 2478 3167 2547 φρουρᾷ
3190 2478 3311 2530 τότε
3343 2456 3667 2553 ὑπάρχοντι,

2225 2548 2562 2644 είσῄει-ὀμοῦ
2598 2557 2692 2609 καὶ
2722 2560 2873 2631 ἐξῄει
2900 2565 3245 2634 άλυμάντως,
3277 2571 3358 2635 εἰς
3416 2548 3657 2644 Χριστοῦ
3698 2585 3801 2635 τά·

2230 2655 2331 2707 φου
2361 2642 2530 2697 τύπον
2563 2649 2862 2718 τηροῦντας
2902 2655 3221 2723 ἐνλακκίους
3262 2642 3565 2732 σφραγῖδας
3586 2684 3602 2700 ·
3632 2670 3698 2722 ἵν’
3719 2674 3803 2736 ὡς

2230 2733 2294 2785 ἐκ
2318 2734 2550 2789 θανάτου
2581 2743 2673 2793 καὶ
2706 2742 2832 2813 ᾅδου
2855 2745 3112 2833 Χριστὸς,
3152 2752 3350 2827 ἀνέλθῃ
3385 2758 3477 2810 καὶ
3508 2733 3803 2833 προφήτης

2232 2826 2424 2890 σωθεὶς
2456 2830 2518 2881 ἐκ
2549 2830 2731 2900 θηρῶν
2778 2825 3148 2911 ἀνδρολέθρων
3205 2825 3509 2917 ἀντιήχαλῶν
3552 2825 3649 2922 *τῶ

2229 2920 2354 2980 τοὺς
2384 2920 2542 2972 αὑτὸν
2571 2924 2629 2974 ἐν
2658 2923 2736 2993 τῷ
2766 2926 2867 2999 ᾄδῃ
2902 2934 3337 3001 κατενέγκαντας
3361 2955 3375 2969 ’
3425 2920 3679 3015 καθάπερ

2222 3008 2338 3060 τῶν
2370 3011 2675 3079 Χαλδαίων,
2707 3017 2974 3083 ίσοτύπως
3007 3025 3301 3095 γεγένηται
3324 3028 3462 3102 αὕτη
3562 3008 3664 3103 τῆς
3688 3037 3800 3106 ψήο

562 3107 759 3155 contra
808 3098 1127 3163 Chaldaeos,
1180 3100 1251 3153 ita
1292 3101 1391 3155 hoc
1437 3102 1665 3172 contigit
1691 3105 1891 3160 decreti
1934 3106 2022 3160 Dei
2054 3109 2129 3159 in-

2232 3115 2333 3166 φου
2372 3101 2505 3154 Θεοῦ
2533 3105 2825 3173 ἀδέκαστος
2856 3111 3002 3182 δίκη,
3031 3114 3141 3169 Τοῦ
3167 3098 3485 3189 ποιοῦντος

564 3198 881 3257 corruptum
903 3187 1194 3257 judicium,
1220 3189 1309 3256 qui
1340 3188 1466 3256 facit
1499 3193 1709 3257 angelos
1739 3209 1859 3247 suos
1889 3197 2129 3264 spiritus,

565 3287 616 3333 et
643 3278 914 3331 ministros
942 3292 1063 3330 suos
1087 3278 1257 3346 ignem
1290 3279 1558 3333 ardentem
1575 3280 1655 3347 '7;
1682 3294 1843 3351 prout
1878 3285 1931 3337 iu
1963 3286 2132 3341 sacris

566 3367 789 3424 Litteris
828 3368 969 3423 beati
999 3369 1176 3438 angeli
1204 3385 1343 3438 saepe
1373 3373 1755 3439 nominantur,
1795 3390 1891 3429 ceu
1942 3378 2133 3431 Imma-

568 3474 760 3513 narum
797 3458 1112 3527 passionum
1136 3470 1474 3527 purgatores,
1496 3462 1839 3538 amphureutcs
1864 3465 2134 3533 castigan-

568 3561 761 3619 tesque
806 3564 927 3619 qute
965 3559 1092 3604 sunt
1108 3550 1218 3604 Deo
1246 3543 1538 3619 contraria,
1566 3553 1848 3625 lucemque
1871 3558 2132 3612 obscura-

566 3641 637 3697 tis
672 3639 995 3695 mortalibus
1034 3641 1426 3711 impertientes.

637 3731 693 3786 8.
737 3729 1014 3800 Equorum
1042 3748 1259 3803 quoque
1297 3734 1488 3804 figuris
1528 3749 2013 3817 repraesentantur,
2076 3750 2133 3795 ut

567 3822 861 3879 Zacharias
906 3824 984 3877 ait
1022 3824 1091 3888 ⁸⁸,
1137 3827 1265 3894 quia
1323 3841 1411 3880 res
1466 3826 1650 3881 divina
1701 3830 1953 3897 quazlibct
1990 3832 2131 3885 facili

566 3899 726 3971 cut-sit
759 3918 949 3971 utitur.
984 3915 1115 3971 ltem
1143 3919 1301 3987 quasi
1330 3918 1500 3989 ignea:
1532 3930 1661 3977 rotae
1709 3923 1805 3977 risi
1854 3936 2000 3988 sunt,
2032 3940 2131 3979 ceu

566 4009 659 4077 qui
695 4009 969 4063 caelestem
1002 4009 1270 4078 sphaeram
1302 4011 1643 4067 circumeunt
1687 4016 1853 4069 simul
1893 4025 1948 4069 et
1981 4018 2133 4071 habi-

567 4109 702 4155 tant.
760 4098 873 4155 Vos:
905 4102 1103 4171 quippe
1138 4104 1358 4158 tonitrui
1406 4108 1483 4159 tui
1518 4108 1572 4159 in
1609 4116 1728 4162 rota
1756 4110 1823 4162 ".
1867 4110 2045 4176 Quare
2080 4121 2134 4166 et

566 4207 733 4247 curru
758 4193 917 4264 igneo
949 4192 1097 4249 Elias
1135 4194 1420 4253 Thesbites
1452 4200 1516 4253 de
1548 4209 1691 4256 terra
1719 4205 2015 4258 assumitur
2045 4206 2089 4237 ⁶⁰
2115 4222 2129 4259 :

567 4285 663 4355 qui
694 4294 849 4356 typus
879 4285 1204 4343 manifestus
1239 4290 1359 4355 fuit,
1382 4292 1739 4364 quadrijugus
1770 4295 1979 4349 scilicet
2004 4313 2131 4350 cur-

566 4388 685 4442 rus,
735 4380 994 4448 quoniam
1028 4396 1094 4435 ex
1140 4392 1377 4450 quatuor
1424 4387 1709 4442 elementis
1766 4405 2017 4445 concreta
2049 4403 2130 4447 est

568 4481 756 4526 nostra
788 4482 1007 4535 natura,
1046 4487 1157 4526 non
1184 4476 1303 4529 sine
1333 4491 1437 4542 qua
1470 4478 1522 4531 in
1560 4480 1757 4534 caelum
1786 4496 1974 4537 sursus
1999 4500 2129 4538 con-

568 4562 781 4615 scendit
827 4562 920 4629 qui
957 4563 1097 4616 hanc
1126 4564 1357 4631 gestavit
1383 4573 1440 4619 et
1482 4566 1659 4631 rexit,
1724 4579 1884 4639 prout
1938 4572 2130 4637 voluit,

568 4650 720 4707 Deus
747 4651 1007 4709 Verbum.
1042 4653 1179 4724 Equi
1212 4665 1390 4711 autem
1426 4661 1688 4730 regalium
1715 4678 1936 4717 currum
1965 4705 1978 4728 ,
2008 4680 2134 4719 san-

568 4752 777 4799 ctorum
810 4746 1126 4816 angelorum
1160 4748 1340 4819 imago
1384 4761 1577 4806 erant:
1610 4752 1812 4809 Curras
1841 4758 1985 4810 enim
2015 4757 2131 4824 Dei,

569 4834 784 4905 inquit,
820 4837 995 4890 decem
1039 4838 1209 4891 millia
1237 4842 1619 4896 convivantium
1652 4854 1700 4898 et
1740 4846 1931 4914 festum
1976 4864 2137 4918 agen.

573 4927 705 4981 tium
736 4928 802 4981 “.
835 4928 1063 4998 Aspexit
1099 4932 1262 4984 etiam
1289 4931 1475 4988 Daniel
1510 4934 1564 4988 in
1599 4936 1805 4993 visione
1832 4938 2004 4992 virum
2036 4942 2136 4994 hu-

571 5034 731 5072 mana
763 5035 995 5090 prorsus
1034 5023 1215 5090 specie
1251 5022 1304 5077 in
1358 5024 1558 5080 throno
1601 5026 1878 5084 sedentem
1905 5068 1920 5093 ,
1978 5031 2134 5085 Anti-

570 5127 741 5181 quum
776 5112 986 5167 dierum
1038 5112 1206 5169 Deum
1242 5133 1255 5169 :
1292 5114 1363 5168 Et
1398 5116 1572 5171 millia
1612 5120 1840 5174 millium
1868 5161 1884 5187 ,
1940 5122 2134 5192 inquit,

574 5202 888 5257 assistebant
915 5206 964 5258 ei
984 5246 999 5271 ,
1033 5216 1083 5260 et
1115 5206 1259 5260 mille
1294 5208 1558 5277 myriades
1591 5210 1961 5266 ministrabant
1993 5217 2041 5268 ei
2069 5216 2134 5270 “.

644 5344 694 5419 ιζ
724 5344 976 5419 “parat,
1003 5362 1156 5419 μη,
1188 5346 1265 5419 ᾉΠ
1304 5363 1456 5419 seqq.
1557 5349 1602 5382 ⁸⁵
1627 5348 1693 5402 IV
1758 5350 1891 5419 Reg.
1924 5370 2037 5417 nx,
2070 5356 2157 5412 55.

2232 3191 2449 3258 τέλους
2472 3198 2656 3251 αὑτοῦ
2686 3204 3018 3271 πνεύματα,
3059 3209 3159 3263 καὶ
3214 3212 3355 3278 τοὺς
3412 3191 3802 3288 λειτοῦρτοῦς

2232 3285 2418 3379 αὑτοῦ
2442 3289 2561 3357 πῦρ
2607 3292 2837 3364 φλέγειν
2861 3314 2875 3327 ·
2918 3299 3042 3352 καθ’
3070 3301 3106 3357 ἃ
3135 3304 3241 3358 ὑπὸ
3265 3306 3372 3358 τῶν
3414 3309 3575 3379 ἱερῶν
3614 3285 3805 3379 λόγων

2233 3376 2283 3427 οἱ
2319 3380 2577 3471 μακάριοι
2604 3391 3100 3461 προσαγορεύονται
3132 3396 3375 3465 ἄγγελοι,
3396 3376 3554 3470 οἶμαι
3580 3376 3709 3465 που,
3726 3407 3807 3471 ὡς

2236 3470 2563 3540 καθαρτικοὶ
2603 3478 2863 3545 πολλάκις
2895 3483 3004 3537 τῶν
3034 3487 3392 3558 ἀνθρωπίνων
3425 3493 3635 3557 παθῶν,
3668 3514 3807 3549 καυ-

2237 3564 2413 3613 στικοὶ
2441 3561 2532 3617 καὶ
2563 3576 2925 3656 τιμωρητικοὶ
2951 3576 3058 3628 τῶν
3081 3580 3340 3633 ἐναντίων
3378 3582 3537 3647 Θεοῦ,
3568 3587 3662 3639 καὶ
3684 3605 3802 3656 φω-

2234 3652 2327 3713 τὸς
2356 3656 2699 3721 μεταδοτικοὶ
2737 3665 2849 3725 τοῖς
2878 3654 3206 3732 άφωτίστοις
3246 3670 3475 3740 βροτῶν.

2305 3749 2375 3812 η’.
2409 3745 2618 3835 Ἵππων
2646 3749 2703 3801 δὲ
2731 3751 2893 3805 πάλιν
2924 3755 3158 3825 ὁρῶνται
3218 3764 3330 3826 τοῖς
3370 3764 3666 3835 σχήμασιν,
3725 3770 3805 3834 ὡς

2233 3835 2506 3905 Ζαχαρίας
2534 3830 2718 3907 φησὶν,
2758 3843 2835 3907 ὼς
2867 3844 3146 3918 ὀξυπόρως
3173 3854 3334 3907 παντὶ
3367 3830 3625 3930 τῶγνθείῳ
3650 3830 3660 3834 ⁷
3682 3830 3804 3915 διαἐ

2233 3926 2475 3994 τρέχοντι
2502 3944 2515 3957 ⁸
2539 3930 2747 3999 τροχῶν
2772 3932 2830 3985 δέ
2869 3937 3115 4006 πυρίνων
3153 3940 3229 4005 ὡς
3260 3944 3353 3998 τὸν
3386 3926 3640 4018 οὐράνιον
3703 3972 3804 4007 πε-

2235 4018 2579 4089 ριπολοῦντες
2603 4025 2739 4094 ὁμοῦ
2773 4028 2869 4081 xui.
2896 4032 3173 4097 οίκοῦντες
3204 4039 3394 4109 τροχόν
3417 4058 3432 4071 ο
3465 4044 3638 4112 Φωνὴ
3695 4048 3806 4117 γὰρ

2233 4112 2387 4179 φησὶ,
2421 4111 2529 4182 τῆς
2552 4115 2820 4187 ,βροντῆς
2846 4137 2963 4177 σου
2989 4126 3060 4179 ἐν
3083 4125 3163 4191 τῷ
3216 4129 3406 4201 τροχῷ
3434 4148 3446 4161 ·
3482 4136 3563 4189 διὸ
3611 4111 3717 4190 καὶ-
3745 4111 3806 4192 ιζ,

2234 4202 2440 4295 ᾅρματι
2510 4208 2680 4277 πυρὸς
2722 4211 2900 4266 Ἠλίου
2950 4216 2979 4267 ό
3026 4216 3290 4290 Θεσσίτης
3352 4224 3460 4278 ἀπὸ
3510 4226 3615 4295 γῆς
3667 4231 3805 4283 ἀνα-

2233 4293 2566 4390 λαμϐάνεται
2588 4316 2601 4329 ·
2635 4302 2772 4373 ὅπερ
2802 4305 2969 4370 τύπος
3022 4304 3090 4380 ἦν
3121 4313 3316 4383 σαφὴς,
3352 4318 3414 4368 τὸ
3452 4317 3553 4386 μὲν
3571 4293 3802 4390 τέθριπο

2234 4399 2334 4435 πον
2362 4383 2514 4455 ἃρμα
2547 4390 2610 4440 ἐκ
2630 4390 2740 4441 τῶν
2773 4394 3055 4465 τεσσάρων
3100 4401 3380 4470 στοιχείων
3434 4383 3805 4479 συγκειμένης

2235 4476 2389 4572 filia”
2418 4477 2653 4547 φύσεως,
2692 4480 2893 4556 μεθ’ἦς
2920 4488 3014 4541 καὶ
3046 4491 3129 4552 εἷς
3147 4491 3372 4561 οὐρανὸν
3399 4494 3610 4550 ἄνωθεν
3635 4476 3805 4572 άνῆλ-

2230 4566 2321 4620 θεν
2346 4570 2375 4621 ὁ
2401 4570 2607 4641 ταύτην
2641 4576 2877 4645 φορέσας
2914 4582 3008 4633 καὶ
3034 4583 3327 4654 ἡνιοχήσας
3347 4588 3532 4653 καθὼς
3559 4566 3803 4667 ἠϐουλή-

2230 4658 2294 4729 θη
2315 4660 2453 4753 ῨΘεὺς
2489 4665 2681 4733 Λόγος.
2703 4669 2764 4721 Ol
2795 4670 2851 4723 δέ
2884 4672 3041 4726 ἵπποι
3068 4676 3175 4727 τῶν
3189 4677 3482 4745 βασιλικῶν
3506 4658 3806 4753 exspasz

2231 4752 2402 4819 ἁγίων
2426 4756 2677 4824 ἀγγέλων
2713 4761 2957 4834 ὑπῆρχον
2993 4767 3299 4837 ὑπόδειγμα
3327 4785 3342 4801 ⁸
3376 4771 3452 4826 Τὸ
3646 4777 3806 4847 ἅρμα

2232 4844 2336 4898 τοῦ
2366 4847 2533 4912 θεοῦ,
2550 4852 2702 4920 φησὶ,
2726 4859 3165 4921 μυριοπλάσιον
3187 4862 3453 4930 χιλιάδες
3472 4844 3803 4934 εὐθηνοῦν-

2233 4952 2352 4989 των
2381 4942 2479 4994 καὶ
2516 4940 2949 5009 ἑορταζόντων’·
2990 4944 3097 5002 εῐδε
3136 4950 3195 5003 δέ
3250 4954 3344 5006 καὶ
3382 4956 3585 5028 Δανιὴλ
3641 4958 3720 5022 ὡς
3746 4961 3804 5013 ἐν

2232 5030 2419 5099 ὁράσει
2446 5033 2613 5101 ἄνδρα
2642 5035 2804 5089 πάλιν
2828 5039 3297 5113 ἀνθρωπόμορφον
3327 5047 3420 5098 ἐπὶ
3444 5046 3639 5116 θρόνου
3689 5052 3803 5104 ἐνι-

2231 5124 2514 5195 δρυμένον,
2544 5128 2634 5182 τὸν
2648 5129 2880 5184 Παλαιὸν
2908 5134 3017 5187 τῶν
3036 5135 3259 5207 ἡμερῶν
3283 5138 3416 5193 Θεὸν
3438 5155 3452 5171 ο
3483 5142 3595 5195 Καὶ
3614 5144 3805 5211 χίλιαι

2232 5217 2521 5286 χιλιάδες,
2559 5223 2711 5291 φησὶ,
2743 5226 3256 5292 παρειστήκεισαν
3280 5228 3440 5295 αὺτῷ
3477 5233 3575 5285 καί
3597 5236 3803 5303 μύριαι

2234 5359 2306 5432 ζ⁸⁶
2330 5360 2465 5440 Dan.
2500 5364 2701 5440 x_tv,!32
2723 5382 2873 5440 seqq.
2968 5368 3013 5440 ν
3040 5367 3185 5440 Ρεει.
3217 5386 3333 5435 cm,
3366 5372 3435 5440 4;
3469 5372 3636 5433 llebr.
3676 5394 3713 5439 ι.
3747 5377 3796 5431 7.

572 5414 620 5448 ⁵⁸
659 5414 887 5471 Zaehar.
927 5431 965 5481 I,
996 5417 1050 5470 8.
1103 5418 1149 5449 ’ν
1180 5417 1325 5473 Psal.
1360 5414 1548 5483 nim,
1576 5420 1663 5474 l9.
1732 5421 1783 5452 “
1817 5414 1881 5474 iV
1919 5414 2051 5493 lieg.
2085 5444 2144 5494 ll,
2179 5415 2262 5484 ll:
2341 5414 2387 5463 εί
2412 5414 2573 5487 Ρεάίιζ
2595 5414 2886 5501 tiinif'ts'.
2964 5439 3007 5469 “
3037 5414 3397 5507 ξιι-,Ἷ9ἶ

643 5580 757 5655 (tl)
790 5579 865 5655 De
896 5580 1198 5655 substantia
1233 5584 1547 5655 angelorum
1578 5597 1718 5641 nota:
1747 5595 1873 5643 sunt
1906 5585 2130 5646 Patrum

571 5652 736 5707 varia:
766 5651 1067 5712 opiniones.
1104 5650 1532 5710 Videsis‘saltem
1562 5656 1863 5712 Petavium.

646 5721 759 5791 (η)
788 5721 1063 5793 intelligit,
1099 5736 1264 5794 puto,
1310 5724 1627 5784 Theodorus
1658 5728 2135 5792 Mobammedanos

2235 5598 2329 5680 qui
2354 5615 2426 5681 ex_
2447 5600 2636 5657 intima
2652 5604 2777 5681 Asia
2810 5606 3074 5681 adrersus
3098 5609 3343 5667 Graecum
3362 5614 3797 5681 Christianorum

2238 5670 2526 5741 imperium
2553 5677 2767 5747 magnis
2791 5678 2998 5737 viribus
3028 5684 3409 5741 adventabant.
