4018 6304
147 286 243 357 741

1107 304 1387 365 ORATIO
1420 305 1520 367 VI.
1549 305 1716 366 -ΙΝ
1780 305 2108 368 SANCTOS
2151 310 2517 373 ANGELOS.

3350 316 3457 381 ’142

139 415 441 484 μυριάδες
498 419 929 491 ἐλειτούργουν
991 421 1190 487 αὐτῷ’
1253 423 1390 476 ἀλλά
1444 423 1618 479 ταῦτα
1664 424 1748 494 μὲι

1868 421 1971 478 Sed
2014 426 2126 480 haec
2159 427 2398 495 quidem,
2427 438 2480 482 et
2505 442 2850 500 quascunque
2873 427 3187 501 bujusmodi
3216 443 3366 503 sunt,
3395 439 3452 494 in

147 511 239 563 καὶ
269 512 379 564 ὅσα
406 513 650 569 τοιαῦτα
681 516 738 566 ὲν
774 517 838 585 τῇ
871 515 1190 585 11αλαιᾷ,ὡς
1215 517 1272 569 ὲν
1291 517 1532 588 δράμασι
1556 519 1650 571 καὶ
1671 519 1774 570 ἐπ-

1881 514 2072 574 Vetere
2092 516 2446 573 Testamento
2464 520 2769 575 visionibus
2793 531 2846 576 et
2869 523 3302 592 apparitionibus
3321 525 3454 598 ligu-

145 602 369 666 τασίαις
396 605 770 658 διετυποῦντο
805 608 951 660 ἐπεὶ
965 606 1089 659 οὕτε
1118 608 1306 662 οὐσίαν
1333 609 1468 661 Θεοῦ
1496 607 1620 662 οὔτε
1636 628 1748 681 μορε

1877 607 2172 675 rabantur;
2198 615 2456 680 quoniam
2483 613 2576 668 Dei
2600 615 2964 671 substantiam
2988 632 3166 687 neque
3194 617 3450 689 formam,

144 695 274 764 φὴν,
321 696 462 749 οὔτε
515 698 704 768 σχῆμα
732 697 856 752 οὔτε
891 698 1028 763 εἶδος
1064 698 1190 752 οὔτε
1229 699 1424 763 κάλλος
1461 718 1544 764 τις
1577 701 1683 753 τῶν
1713 703 1770 755 ὲν

149 788 320 855 σαρκὶ
369 782 496 841 εἶδε
544 788 917 854 πώποτε,οῦτε
943 791 1177 845 είδέσθαι
1203 791 1448 859 δύναται,
1474 791 1548 855 ὡς
1577 793 1604 844 6
1630 790 1770 860 ἱερὸς

145 880 298 948 ἡμᾶς
360 879 624 934 διδάσκει
686 882 858 950 Λόγος
882 897 897 911 ο
959 881 1075 936 ἀλλ’
1132 883 1255 938 οὕτε
1290 883 1526 954 ἀγγέλου
1554 882 1654 954 τὴν
1671 882 1765 936 οὑ-

145 971 270 1025 σίαν
305 973 345 1042 ἦ
378 990 477 1038 τις
522 975 742 1045 ἴσχυσεν
773 975 807 1047 ἢ
836 976 1116 1032 ἐθεάσατο.

224 1154 299 1210 θ’.
333 1155 569 1208 Οὐκοῦν
595 1155 756 1225 δεῦρο
785 1156 897 1210 ἀπὸ
922 1157 1020 1226 τῆς
1059 1157 1218 1220 σκιᾶς
1247 1158 1341 1212 ἐπὶ
1394 1160 1494 1232 τὴν
1547 1161 1757 1231 Καινὴν

141 1243 440 1316 Διαθήκην
467 1244 713 1314 διάϐηθι,
738 1246 837 1299 καὶ
867 1245 966 1312 τάς
987 1248 1288 1317 ἀγγελικάς
1316 1251 1638 1324 τρανότερον
1654 1254 1760 1307 δια-

141 1335 335 1401 κονίας
359 1337 748 1392 κατόπτευσον
781 1356 796 1370 ·
814 1341 938 1405 ἥκει
955 1341 1055 1410 μὲν
1066 1337 1161 1396 οὖν
1215 1359 1347 1396 ποτε
1372 1343 1648 1415 χοράρχης
1665 1343 1760 1397 καὶ

140 1429 251 1480 τῶν
318 1430 654 1502 προκρίτων
709 1435 738 1486 6
796 1432 1021 1505 ἔξαρχος
1070 1435 1170 1504 τῆς
1246 1435 1508 1490 ἀνωτάτω
1555 1437 1759 1508 φύτλης

141 1520 251 1574 τῶν
317 1522 654 1591 ἀσωμάτων
712 1523 1062 1596 λειτουργῶν,
1099 1529 1388 1598 ὲκφάντωρ
1452 1529 1756 1601 θεομύστης

142 1609 251 1663 τῶν
308 1613 660 1685 ἀπορρήτων
709 1613 804 1667 τοῦ
860 1614 998 1668 Θεοῦ
1065 1617 1203 1686 πρὸς
1269 1617 1591 1688 ἀνθρώπους
1655 1637 1753 1689 μυ-

144 1707 425 1776 στηρίων,
487 1706 731 1778 Γαϐριὴλ
794 1708 824 1762 6
877 1708 1181 1772 θεοείκελος
1232 1700 1455 1780 λάτρις’
1487 1711 1749 1782 φερέχαι-

147 1815 240 1868 ρος
295 1799 611 1870 χαροποιδς
674 1800 814 1871 πρὸς
874 1801 976 1872 τὴν
1056 1801 1308 1873 βροτείαν
1373 1801 1534 1873 φύσιν
1566 1845 1581 1868 ,
1649 1803 1744 1857 καὶ⁴

145 1892 287 1962 πρὸς
364 1892 725 1964 πανάφθορον
789 1893 1004 1965 κόρηνο
1065 1894 1205 1966 πρὸς
1265 1895 1332 1965 ἢν
1395 1893 1568 1964 εἰσῄει
1643 1897 1742 1964 τὴν

148 1985 377 2056 μορφὴν
413 1985 587 2040 αὑτοῦ
628 1984 751 2039 κατ’
784 1986 992 2052 οὐσίαν,
1036 1987 1108 2050 ὡς
1146 1985 1293 2039 ἔστιν
1335 1986 1641 2048 ἐπιδεικνὺς
1676 1989 1740 2056 τῇ

147 2079 498 2149 πανσέμνῳ⁶
528 2080 665 2149 μόνη
719 2078 828 2148 γὰρ
861 2081 893 2149 ὴ
951 2080 1081 2146 ἁγία
1119 2078 1500 2143 Θεοτόκος,ὦς
1556 2097 1741 2148 φασιν,

146 2171 466 2242 ἀγγελικὴν
514 2170 590 2234 ὡς
635 2171 748 2224 ἔστι
780 2173 874 2224 καὶ
897 2172 972 2235 ὡς
997 2171 1244 2240 γέγονεν,
1279 2173 1481 2226 ἰδέσθαι
1523 2173 1744 2242 δεδύνη-

148 2278 261 2326 ται,
299 2262 375 2316 ἶν’
403 2264 470 2316 ἐκ
490 2261 585 2316 τοῦ
612 2262 841 2325 κάλλους
861 2262 956 2315 τοῦ
981 2263 1230 2317 δουλικοῦ
1260 2263 1662 2335 ὑπερθαυμάσῃ
1683 2264 1745 2317 τὸ

150 2355 352 2420 κάλλος
376 2357 442 2410 τὸ
458 2356 792 2410 Δεσποτικόν
824 2373 837 2387 ·
865 2356 945 2410 διὸ
974 2356 1072 2410 καὶ
1099 2357 1395 2429 προστάξει
1427 2357 1547 2429 θεία
1572 2357 1744 2430 είσῄει

152 2448 294 2519 πρὸς
363 2449 542 2522 αὐτὴν
597 2450 628 2502 6
676 2449 1141 2520 ἀρχιστράτηγος,
1200 2450 1398 2514 κάλλος
1461 2452 1745 2523 ἀμήχανον

153 2543 294 2614 αὐτῇ
334 2542 776 2613 ἐνδεικνύμενος,
808 2545 904 2597 καὶ
943 2544 1163 2615 μορφὴν
1197 2546 1381 2598 αὐτῶν
1426 2544 1536 2600 τῶν
1587 2546 1742 2617 ἡλια-

155 2636 270 2689 κῶν
329 2636 570 2692 ἀκτίνων
636 2635 1023 2708 λαμπροτέραν
1096 2637 1509 2706 τυγχάνουσαν,
1564 2637 1748 2707 ἠρέμα

156 2727 595 2796 προσδιανοίγων
626 2729 690 2797 τῇ
750 2729 975 2798 ἀφθόρῳ
1005 2726 1104 2798 τὴν
1135 2727 1484 2798 πανάφθορον
1525 2729 1622 2797 τῆς
1669 2730 1748 2780 ol-

158 2820 316 2884 κείας
356 2821 578 2892 μορφῆς
619 2819 858 2890 ἰδιότητα
883 2834 897 2848 ⁸
931 2818 1054 2874 ὅθεν
1086 2818 1184 2873 καὶ
1215 2814 1355 2872 εἶδεν
1386 2815 1522 2882 εἶδος
1550 2821 1746 2890 μικροῦ

159 2915 252 2965 καὶ
274 2914 449 2966 ἀϊδίου
475 2914 756 2984 ἀπορροῆς
776 2911 1221 2982 ἀνταπαύγασμα
1241 2928 1253 2940 '
1279 2906 1417 2965 εῖδεν
1434 2911 1581 2981 ὥραν
1609 2912 1749 2982 ὑπὲρ

158 3002 308 3074 ῶραν
341 3004 694 3076 ὡραῖσμὲνην
712 3003 1072 3077 ὡραιότητος·
1102 2999 1208 3056 εἶδε
1227 3003 1456 3065 κάλλους
1483 3003 1749 3073 λαμπηδό-

1869 701 2312 771 nequeliguram,
2331 719 2507 774 neque
2523 705 2970 777 speciem,neque
2986 710 3452 778 pulchritudinem

1867 790 2162 862 quisquam
2210 793 2264 846 in
2307 810 2469 850 carne
2499 798 2692 853 vivens
2739 815 2982 869 unquam
3016 804 3247 870 aspexit,
3279 819 3456 874 neque

1866 885 2110 953 aspicere
2136 895 2336 957 potest,
2366 903 2466 944 ceu
2497 905 2667 946 sacrae
2711 907 2812 947 nos
2837 892 3037 948 docent
3064 893 3302 949 Litterae.
3344 896 3449 951 Sed

1866 991 1938 1032 ne
1963 979 2138 1050 angeli
2160 981 2380 1051 quidem
2408 985 2772 1038 substantiam
2809 986 3100 1056 quisquam
3145 988 3324 1057 potuit
3372 990 3452 1042 vi-

1864 1068 2014 1124 dere.

1933 1159 1986 1215 9.
2021 1160 2132 1232 Age
2162 1161 2345 1233 itaque
2373 1163 2441 1216 ab
2467 1163 2676 1224 umbris
2699 1163 2766 1218 ad
2794 1163 3008 1220 Novum
3035 1166 3444 1225 Testamentum

1861 1251 2056 1313 transi,
2078 1260 2132 1305 et
2160 1253 2399 1320 angelica
2439 1256 2814 1323 perspicacius
2855 1258 3163 1314 ministeria
3199 1271 3446 1315 contem-

1860 1339 2027 1409 plare.
2059 1340 2218 1397 Venit
2247 1343 2546 1412 aliquando
2581 1346 2734 1401 chori
2768 1347 2965 1404 ductor
2990 1387 3006 1412 ,
3058 1360 3112 1405 et
3143 1351 3442 1406 electorum

1858 1433 2076 1502 superni
2095 1445 2272 1489 cmtus
2292 1436 2746 1505 incorporeorum
2768 1441 3140 1495 ministrorum
3167 1444 3442 1513 princeps,

1857 1522 2120 1593 mysticus
2150 1538 2481 1578 arcanorum
2519 1523 2614 1579 Dei
2656 1529 3042 1598 mysteriorum
3093 1532 3234 1600 apud
3268 1531 3446 1585 homi-

1857 1632 1954 1671 nes
1987 1617 2279 1681 revelator,
2313 1616 2562 1682 Gabriel,
2612 1619 2720 1674 Deo
2749 1621 2942 1676 similis
2973 1621 3229 1683 famulus.
3261 1625 3443 1694 gaudii

1855 1717 1910 1763 et
1929 1708 2127 1762 laetitiae
2150 1709 2378 1764 nuntius
2411 1710 2726 1765 mortalium
2760 1721 3004 1778 naturae,
3046 1715 3114 1769 ad
3161 1717 3443 1787 integerri-

1853 1815 1996 1854 mam
2027 1800 2306 1870 puellam;
2356 1801 2425 1854 ad
2481 1818 2648 1872 quam
2705 1813 2790 1859 est
2846 1806 3163 1875 ingressus,
3205 1807 3442 1865 formam

1844 1905 2020 1956 suam,
2055 1892 2234 1959 qualis
2258 1892 2377 1960 ejus
2398 1893 2707 1950 substantia
2738 1905 2842 1961 est,
2883 1899 3204 1953 venerendai
3229 1898 3441 1972 Virgini

1844 1982 2156 2036 ostendens.
2177 1981 2308 2036 Sola
2339 1985 2484 2038 enim
2523 1995 2710 2040 sancta
2747 1987 2999 2056 Deipara,
3039 2000 3098 2043 ut
3130 1992 3303 2055 aiunt,
3339 2008 3441 2047 an-

1845 2065 2070 2134 gelicam
2105 2066 2180 2120 uti
2197 2058 2391 2134 'reapse
2408 2075 2512 2131 est,
2547 2077 2709 2137 utque
2727 2079 2908 2125 creata
2926 2070 3049 2138 fuit,
3069 2083 3315 2128 naturam
3358 2077 3442 2129 vi-

1844 2156 1973 2212 dere
1990 2157 2187 2226 potuit,
2207 2167 2267 2212 ut
2292 2159 2344 2212 in
2377 2157 2565 2213 famuli
2589 2159 2928 2216 formositate
2952 2163 3288 2220 Dominicam
3315 2168 3437 2236 pul-

1845 2249 2211 2304 chritudinem
2227 2250 2741 2308 admiraretur.ldeo
2756 2253 2941 2308 divino
2959 2259 3215 2310 mandato
3233 2258 3442 2328 ingres-

1846 2357 1939 2397 sus
1959 2353 2042 2397 εει
2067 2342 2133 2396 ad
2151 2357 2269 2396 eam
2311 2343 2674 2414 archangelus
2697 2361 2967 2402 summam
2993 2349 3042 2403 ei
3077 2350 3438 2418 pulchritudi-

1845 2447 1968 2487 nem
1982 2433 2648 2506 ostendensJormamque
2673 2439 2803 2506 ipsis
2829 2440 2996 2495 radiis
3012 2443 3284 2499 solaribus
3305 2446 3441 2501 luci-

1847 2526 2054 2580 diorem
2078 2566 2092 2591 ,
2132 2527 2337 2582 sensim
2375 2531 2623 2598 aperiens
2650 2546 2798 2600 purae
2840 2534 3044 2604 Virgini
3079 2537 3435 2605 purissimam

1846 2617 2212 2672 formositatis
2258 2634 2372 2674 suae
2412 2621 2823 2690 proprietatem.
2879 2623 3038 2680 Unde
3086 2627 3252 2681 etiam
3303 2629 3440 2683 vidit

1849 2713 2110 2782 speciem,
2129 2713 2315 2768 arterni
2338 2714 2729 2783 propemodum
2756 2713 2944 2770 liuenti
2971 2717 3231 2773 reﬂexum
3257 2721 3440 2789 splen-

1848 2802 2058 2858 dorem.
2108 2803 2260 2859 Vidit
2307 2804 2703 2859 formositatem
2762 2807 3103 2863 lormositate
3147 2813 3436 2879 majorem,

1850 2905 2103 2949 ornatum
2154 2897 2328 2965 ipsius
2371 2906 2604 2951 ornatus
2641 2915 2655 2953 :
2686 2897 2821 2952 vidit
2868 2900 3218 2969 peregrinum
3260 2903 3439 2971 splen-

1850 2987 2036 3042 dorem
2062 2997 2328 3057 etpraater
2358 2989 2576 3043 solitum
2607 3006 2620 3043 :
2653 2990 2788 3044 vidit
2822 2990 3165 3061 incorporea:
3187 2995 3440 3049 substan-

158 3111 226 3149 να
259 3098 423 3167 ξένην
451 3095 486 3166 ἢ
515 3095 657 3150 κατά
699 3095 985 3166 συνήθειαν
1017 3110 1033 3126 ο
1069 3087 1209 3146 εἶδεν
1243 3093 1430 3155 οὐσίας
1456 3093 1747 3160 ἀσωμάτου

1853 3079 1938 3132 lia:
1981 3079 2216 3150 fulgores
2271 3079 2545 3136 solaribus
2589 3082 2903 3150 superiores
2937 3101 2949 3136 :
2984 3083 3122 3137 vidit
3151 3085 3435 3142 rationalis

163 3187 540 3260 μαρμαρυγὰς
587 3185 1036 3258 ὑπερϐαλλούσας
1078 3186 1177 3250 τὰς
1212 3186 1444 3256 ἡλιακάς
1467 3201 1481 3215 ·
1520 3181 1627 3238 εἶδε
1657 3187 1744 3237 λο-

160 3281 321 3346 γικοῦ
378 3280 661 3351 ἑωσφόρου
700 3277 929 3344 ἀείζωον
961 3279 1140 3348 αὐγήν
1177 3294 1191 3308 ο
1226 3273 1335 3330 εϊδε
1380 3277 1552 3346 φλόγα
1582 3276 1743 3345 ψυχι-

160 3371 263 3443 κὴν
289 3414 305 3437 ,
340 3371 528 3443 νοεροῦ
570 3371 741 3440 φάους
775 3370 1299 3440 συναστράπτουσαν
1348 3369 1541 3438 αίγλην
1575 3386 1589 3401 ο
1623 3369 1745 3421 ὅθεν

162 3463 237 3527 ὡς
263 3465 366 3519 οὐκ
400 3465 564 3519 ἀῦλον
597 3463 990 3517 κατατέθεικεν
1023 3464 1056 3534 ἡ
1098 3465 1411 3534 πάνσεμνος
1451 3460 1544 3514 τοῦ
1578 3460 1744 3528 ἀγγέ-

161 3554 253 3611 λου
299 3560 397 3630 τὴν
432 3556 669 3627 θεωρίαν
713 3555 847 3625 όμοῦ
880 3555 978 3609 καὶ
1031 3555 1344 3626 συντυχίαν,
1378 3552 1454 3617 ὠς
1505 3552 1686 3606 ίδνιῦσα
1719 3552 1746 3605 δ

164 3650 294 3721 άλλη
337 3652 437 3704 οὐκ
470 3649 694 3714 ἐδέξατο
723 3648 905 3718 φύσις.

238 3741 288 3798 ι’.
321 3746 611 3814 Δεσμεῖται
654 3742 711 3795 δὲ
773 3741 867 3793 καὶ
910 3739 1186 3811 Ζαχαρίας
1231 3740 1298 3807 τῇ
1343 3736 1557 3806 ἀφωνία
1589 3735 1745 3803 ἁγίου

165 3835 476 3907 ἀπιστήσας
536 3832 816 3902 ἀγγέλουσ
876 3831 1000 3884 ἐπεὶ
1046 3831 1156 3901 γὰρ
1223 3829 1448 3899 ἔμελλεν
1483 3830 1565 3890 είς
1631 3827 1746 3894 φῶς

167 3927 534 4002 προέρχεσθαι
566 3928 629 3979 ὲκ
655 3923 895 3996 γαστρὸς
919 3926 946 3977 6
965 3923 1058 3976 τοῦ
1086 3923 1265 3992 φωτὸς
1293 3921 1604 3994 πρόδρομος
1651 3919 1746 3972 τοῦ

166 4020 420 4094 ἀληθινοῦ
467 4019 742 4090 Ἰωάννης,
778 4015 1008 4088 ήφωνὴ
1053 4014 1297 4086 δηλονότι
1342 4013 1449 4067 τοῦ
1477 4012 1749 4078 βοῶντος

167 4114 234 4166 ἐν
263 4112 340 4182 τῇ
369 4111 570 4182 ἐρήμῳ
605 4112 735 4182 ἡμῖν
768 4111 881 4173 τοῖς
932 4107 990 4175 ἐξ
1046 4106 1216 4160 ἐθνῶν
1255 4104 1584 4175 Ἐκκλησίας
1605 4144 1619 4168 ,
1651 4102 1747 4156 τοῦ

169 4207 332 4277 νόμου
364 4206 597 4276 γέροντα
632 4203 808 4270 λέγων
832 4219 848 4236 ο
883 4194 944 4254 οῦ
980 4200 1150 4254 τύπον
1190 4198 1473 4270 ὲκκληρῶν
1507 4198 1534 4250 6
1567 4196 1749 4264 πατὴρ

170 4295 466 4366 Ζαχαρίας,
515 4292 801 4363 προτίκτει
867 4291 960 4345 τοῦ
1020 4290 1259 4359 Χριστοῦ
1316 4291 1491 4360 μῆνας
1542 4287 1600 4354 ἒξ
1659 4287 1749 4338 τὸν

183 4386 436 4457 Ἰωάννην
467 4403 482 4417 ⁸
520 4387 644 4439 Οὐκ
694 4380 773 4454 ἦν
808 4383 917 4454 γάρ
950 4383 1183 4447 ἐκεῖνος
1212 4383 1280 4436 τὸ
1333 4380 1460 4450 φῶς
1487 4397 1502 4412 ο
1542 4379 1634 4433 καὶ
1663 4378 1751 4433 διὰ

1851 3168 2067 3222 luciferi
2102 3185 2319 3238 semper
2348 3172 2532 3225 vivum
2563 3171 2907 3240 Splendorem
2934 3191 2946 3227 :
2973 3174 3108 3229 vidit
3136 3176 3435 3232 auimatam

1847 3258 2146 3322 ﬂammam,
2175 3260 2559 3314 intellectualis
2586 3261 2724 3315 lucis
2751 3263 3063 3319 rutilantem
3108 3265 3434 3323 claritatem.

1846 3348 2026 3414 Quare
2054 3359 2315 3420 tanquam
2348 3366 2455 3405 non
2488 3353 2902 3407 immaterialem
2930 3359 3238 3411 veneranda
3273 3357 3436 3431 Virgo

1846 3443 2061 3512 excepit
2097 3445 2276 3513 angeli
2312 3445 2575 3498 visionem
2614 3456 2778 3516 atque
2807 3461 3133 3516 occursum;
3183 3466 3282 3506 ceu
3313 3469 3435 3523 quae

1848 3536 2077 3601 viderat,
2106 3539 2249 3605 quod
2285 3537 2376 3591 alii
2413 3554 2694 3608 nunquam
2729 3541 2957 3611 contigit
2986 3551 3217 3598 natura.

1928 3733 2011 3788 10.
2047 3733 2229 3790 Mutus
2283 3735 2342 3790 lit
2369 3735 2685 3801 Zacharias,
2721 3737 2814 3806 qui
2861 3738 3056 3807 angelo
3086 3750 3280 3796 sancto
3324 3760 3430 3799 non

1847 3825 2196 3880 crediderat:
2233 3826 2360 3895 quia
2397 3828 2604 3881 scilicet
2631 3843 2992 3897 processurus
3035 3839 3241 3886 eratex
3272 3843 3434 3887 utero

1848 3919 1902 3974 in
1939 3920 2141 3982 lucem,
2181 3933 2320 3973 verae
2350 3919 2488 3975 lucis
2526 3935 2835 3990 prmcursor
2855 3920 3115 3988 Joannes,
3138 3940 3237 3978 vox
3269 3927 3432 3979 nimi-

1849 4025 1969 4063 lum
1999 4009 2282 4062 clamantis
2311 4010 2365 4061 in
2399 4011 2604 4063 deserto
2632 4010 2697 4074 “,
2750 4012 2908 4065 nobis
2955 4013 3046 4080 qui
3080 4029 3144 4066 ex
3188 4014 3428 4083 gentium

1850 4100 2093 4154 Ecclesia
2126 4115 2334 4162 sumus,
2360 4100 2495 4170 legis
2520 4109 2856 4156 senectutem
2893 4103 3219 4158 edicturus:
3263 4106 3426 4175 cujus

1849 4200 2036 4263 typum
2093 4208 2286 4262 gerens
2340 4191 2632 4248 Zacharias
2675 4194 2959 4264 gignitsex
2985 4206 3111 4250 ante
3150 4197 3428 4252 Christum

1851 4284 2138 4339 mensibus
2187 4283 2452 4341 Joannem
2488 4304 2502 4340 :
2559 4285 2684 4341 Non
2724 4289 2867 4341 enim
2914 4297 3029 4341 erat
3082 4289 3172 4343 ille
3215 4291 3309 4344 lux
3332 4291 3427 4358 ἰς

1852 4375 2085 4444 ideoque
2119 4389 2244 4430 ante
2265 4391 2357 4430 sex
2396 4393 2614 4432 menses
2645 4381 2894 4449 suscepit
2930 4381 3101 4433 lilium
3133 4380 3427 4437 Joannem.

168 4480 326 4533 τοῦτο
380 4477 490 4549 πρὸ
536 4477 598 4541 ἓξ
637 4475 750 4546 ἔχει
789 4475 881 4528 τὸν
919 4475 1177 4544 Ἰωάννην
1205 4489 1219 4504 ο
1265 4472 1385 4543 μεθ’
1415 4473 1473 4525 ὃν
1507 4470 1744 4542 Χριστὸς

1853 4469 1978 4523 Post
2018 4485 2179 4537 quem
2205 4468 2459 4524 Christus
2488 4480 2649 4524 natus
2670 4479 2774 4537 est,
2793 4487 2891 4525 ceu
2925 4472 3155 4542 septima
3179 4476 3428 4543 quaedam

169 4570 382 4642 ἐτέχθη,
416 4570 491 4632 ὡς
518 4568 722 4638 ἑϐδόμη
772 4582 858 4630 τις
902 4565 1086 4635 ἡμέρα
1119 4582 1132 4596 ·
1170 4563 1331 4626 αὐτὸς
1361 4562 1468 4633 γάρ
1491 4564 1636 4615 ἐστιν
1667 4561 1741 4624 ὡς

1853 4558 1977 4613 dies.
2021 4558 2138 4628 Ipse
2173 4559 2318 4613 enim
2350 4574 2476 4615 vere
2505 4561 2662 4615 nobis
2691 4570 2776 4616 est
2802 4565 3030 4631 mystica
3066 4563 3429 4620 Sabbatorum

169 4662 382 4733 ἀληθῶς
409 4661 570 4732 ἡμῶν
605 4657 842 4729 μυστικὴ
860 4655 968 4709 τῶν
991 4655 1287 4709 Σαδεάτων
1315 4655 1644 4717 ἀνάπαυσις,
1679 4653 1744 4723 ἣν

170 4753 463 4821 εὐλόγησεν
496 4752 524 4803 6
553 4749 661 4803 τῶν
692 4748 830 4801 ὅλων
858 4747 991 4805 Θεὸς
1025 4745 1118 4798 καὶ
1151 4746 1378 4816 ἡγίασεν
1403 4763 1416 4777 ο
1453 4747 1534 4797 ὅτι
1566 4745 1623 4796 ὲν
1650 4743 1746 4796 αὑ-

168 4849 230 4917 τῇ
266 4845 361 4898 καὶ
400 4843 468 4896 δι’
491 4842 661 4912 αὐτῆς
683 4840 1033 4894 κατέπαυσεν
1059 4837 1166 4890 ἀπὸ
1190 4837 1410 4891 πάντων
1437 4836 1544 4890 τῶν
1569 4834 1745 4905 ἔργων

169 4937 330 4992 αὐτοῦ
356 4952 371 4966 ’
403 4936 498 4989 καὶ
546 4933 710 4996 αὑτός
753 4934 902 4986 ἐστιν
935 4931 1102 4993 ὅντως
1137 4927 1342 4999 ἀληθὴς
1367 4927 1467 4997 τῆς
1500 4927 1746 4997 μεγάλης

170 5030 366 5100 βουλῆς
406 5025 498 5080 τοῦ
518 5024 734 5097 Πατρὸς
760 5022 1151 5093 Ἀρχάγγελος.
1177 5021 1270 5075 καὶ
1295 5020 1456 5082 αὐτὸς
1487 5019 1688 5090 Κύριος
1719 5021 1747 5072 ό

169 5125 295 5187 Θεὸς
318 5120 607 5190 δυνάμεων
641 5133 654 5146 ·
687 5115 876 5185 διόπερ
911 5113 1058 5185 αύτῷ
1089 5115 1374 5167 ὑπείκουσι
1407 5114 1498 5166 καὶ
1522 5112 1742 5165 δουλεύ-

168 5233 282 5268 ουσι
339 5213 437 5267 καὶ
498 5206 838 5263 διακονοῦσιν
911 5209 970 5260 ὲν
1030 5207 1196 5259 παντὶ
1248 5207 1434 5276 τρόπῳ
1491 5205 1585 5257 καὶ
1653 5206 1742 5256 τό-

168 5318 249 5376 πῳ
289 5305 392 5372 τῆς
441 5302 711 5369 ὲνσάρκου
772 5298 1085 5368 οἰκονομίας
1141 5296 1306 5349 αὑτοῦ
1349 5298 1398 5349 οί
1438 5296 1585 5364 ἀγιοι
1649 5295 1746 5348 καὶ

169 5396 540 5466 φιλάνθρωποι
569 5393 646 5455 ὼς
692 5389 1058 5460 φιλανθρώπῳ
1085 5389 1329 5460 Δεσπὸτῃ
1376 5389 1426 5440 οί
1478 5387 1700 5455 ἄγγελοι
1729 5403 1741 5415 ·

169 5491 257 5544 καί
299 5505 432 5542 ποτε
492 5486 594 5558 μὲν
645 5482 814 5536 αὐτοῦ
869 5480 1223 5552 γεννηθέντος
1253 5481 1317 5534 τὸ
1355 5480 1495 5534 κατὰ
1539 5481 1740 5549 σάρκα,

170 5581 391 5651 ἄγγελοι
444 5572 899 5650 πρωτογνὼστως
947 5575 1063 5637 τοῖς
1109 5573 1363 5643 ποιμέσιν
1413 5572 1742 5640 ἐπέστησαν,

176 5670 667 5743 μυσταγωγοῦντες
695 5665 918 5728 τούτους
946 5666 1016 5734 τῇ
1052 5665 1108 5716 ὲν
1135 5662 1378 5735 Βηθλεὲμ
1407 5662 1573 5716 αὑτοῦ
1603 5680 1738 5732 φατ-

235 5789 280 5824 ⁶³
315 5789 421 5844 Isa.
457 5803 542 5852 ιι..
579 5786 636 5839 5.
717 5784 762 5815 ⁸⁸
789 5781 947 5840 Joau.
983 5797 1020 5845 ι,
1059 5783 1112 5837 8.

1842 4652 2084 4720 requies,
2143 4652 2234 4706 cui
2284 4652 2558 4707 benedixit
2615 4655 2946 4709 universalis
2992 4655 3158 4721 Deus,
3211 4667 3266 4712 et
3307 4673 3428 4712 eam

1844 4745 2243 4810 sanctiﬁcavit;
2282 4745 2408 4813 quia
2435 4745 2488 4797 in
2517 4745 2631 4813 ipsa
2653 4753 2707 4797 et
2737 4755 2955 4814 propter
2986 4747 3158 4815 ipsam
3186 4747 3252 4801 ab
3278 4748 3427 4801 omni

1845 4848 2010 4904 opere
2047 4849 2149 4888 suo
2171 4834 2458 4903 requievit.
2496 4833 2556 4886 Et
2591 4833 2708 4902 ipse
2738 4842 2820 4887 est
2849 4849 3039 4904 reapse
3068 4851 3226 4889 verus
3250 4840 3428 4907 magni

1851 4925 2064 4996 paterni
2099 4925 2311 4979 consilii
2339 4925 2720 4994 archangelus,
2756 4924 2869 4994 ipse
2896 4926 3159 4981 Dominus
3189 4943 3252 4981 ac
3284 4928 3429 4986 Deus

1851 5019 2142 5075 virtutum.
2207 5015 2548 5087 QuaprOpter
2611 5017 2710 5086 ipsi
2764 5017 3153 5086 subjiciuntur,
3196 5028 3250 5073 et
3311 5035 3429 5073 scr-

1853 5112 2030 5173 viunt,
2063 5123 2226 5180 atque
2283 5111 2600 5164 ministrant
2631 5110 2961 5165 omnimodis
3005 5121 3058 5165 et
3108 5112 3255 5165 omni
3304 5113 3428 5168 loco

1852 5222 1948 5274 per
1978 5221 2142 5259 omne
2182 5205 2580 5258 incarnationis
2624 5214 2839 5272 tempus
2893 5206 3067 5259 sancti
3113 5217 3164 5260 et
3203 5208 3426 5277 benigni

1855 5313 1952 5351 ceu
1983 5303 2175 5350 sancto
2199 5303 2250 5347 et
2283 5294 2519 5365 benigno
2555 5294 2782 5348 Domino
2825 5296 3024 5364 angeli.
3061 5296 3272 5350 Etenim
3299 5310 3426 5351 nato

1852 5389 1947 5442 illo
1980 5388 2032 5441 in
2070 5400 2256 5450 carne,
2291 5388 2466 5456 angeli
2496 5387 2684 5456 prima:
2726 5387 2930 5441 notitiae
2961 5399 3212 5442 auctores
3237 5400 3425 5458 pasto-

1851 5479 2003 5533 ribus
2033 5476 2275 5539 luerunt,
2327 5478 2644 5532 nuntiantes
2687 5477 2851 5545 hujus
2882 5479 3022 5546 apud
3051 5477 3422 5533 Bethleemutn

1849 5571 1906 5625 in
1937 5568 2164 5640 praescpi
2225 5568 2589 5623 nativitatem.
2642 5567 2874 5638 Moxque
2919 5569 3252 5624 admirantes
3305 5586 3422 5627 ma-

1850 5677 2014 5733 gnum
2047 5660 2164 5731 ejus
2195 5668 2247 5714 et
2282 5660 2618 5729 insperatum
2657 5661 2709 5714 in
2753 5659 3081 5729 paupercula
3118 5658 3291 5713 forma
3322 5660 3422 5715 hu-
