4018 6304
580 345 683 411 743

1769 336 1829 396 S.
1864 332 2257 394 THEODORI
2299 331 2647 393 STUDlT/E

3736 327 3845 392 7M

578 449 911 510 manationis
971 447 1315 520 mysterium,
1369 444 1555 501 Gloria
1607 445 1661 498 in
1707 445 1937 498 exelesis-
1989 443 2154 496 Deo"

2267 445 2458 513 νοθέτῳ
2524 445 2777 512 γεννήσει
2812 461 2823 473 ’
2859 444 2953 496 καὶ
3001 437 3159 506 αὖθις
3212 440 3548 510 ἀγασθέντες
3582 441 3646 496 τὸ
3699 444 3847 512 μέγα

578 543 868 613 magniﬁce
898 542 1150 611 elataque
1180 555 1310 595 voce
1361 539 1690 594 clamaruut.
1724 537 1857 591 Item
1907 535 2156 606 angelus,

578 653 677 692 ceu
705 634 975 690 luminare
1000 633 1222 688 caeleste
1273 633 1326 687 in
1369 631 1539 687 stellae
1581 632 1809 700 ﬁguram
1838 642 2156 692 conversus,

579 729 683 782 viae
729 729 838 782 dux
894 725 1000 780 fuit
1029 726 1224 797 magis,
1280 741 1482 779 vocans
1511 722 1578 777 ad
1629 724 1769 776 riam
1811 737 1931 791 qua:
1986 720 2158 774 dicit:

582 820 695 889 Ego
719 835 837 873 sum
869 819 953 874 via
982 818 1046 872 ‘°.
1078 816 1292 872 Rursus
1315 815 1601 870 oraculum
1630 813 1741 867 edit
1768 811 2013 882 angelus.
2039 815 2163 879 post

580 926 865 980 magorum
912 911 1240 974 discessum,
1305 907 1567 977 Josepho,
1613 917 1674 960 ut
1715 920 1840 960 cum
1893 903 2063 958 Matre
2097 918 2162 957 ac

581 1003 711 1058 Jesu
769 1003 823 1057 in
866 999 1158 1072 Egyptum
1215 1001 1496 1071 migraret.
1556 997 1898 1066 Disceditque
1951 995 2161 1066 fugiens

585 1095 732 1151 Deus
759 1095 826 1148 ab
858 1095 1098 1156 homine,
1149 1107 1350 1146 arcano
1397 1089 1712 1146 (Economia':
1736 1089 1982 1152 consilio,
2017 1087 2160 1141 haud

580 1189 831 1258 equidem
867 1196 1097 1240 mortem
1155 1185 1371 1248 timens,
1408 1184 1498 1253 qui
1535 1191 1616 1237 est
1662 1182 1942 1236 hominum
1973 1181 2160 1249 judex,

583 1283 675 1337 sed
706 1281 801 1334 tibi
832 1280 1060 1349 ﬁguram
1126 1278 1538 1346 exemplumque
1586 1275 1855 1346 praebens,
1922 1275 2163 1341 ﬁnesque

582 1375 797 1428 timoris
832 1381 886 1426 et
918 1371 1092 1425 virilis
1127 1370 1318 1435 animi,
1349 1367 1695 1438 quandonam
1729 1366 1888 1422 etubi
1911 1375 1962 1420 et
1995 1380 2164 1435 quare

582 1464 986 1536 opportunitate
1039 1463 1095 1517 in
1127 1462 1340 1517 cunctis
1373 1460 1630 1516 utendum
1685 1460 1772 1514 sit.
1823 1459 1940 1512 Non
1981 1468 2160 1513 tamen

583 1574 755 1629 usque
784 1559 849 1612 ad
881 1556 1176 1628 Egyptum
1214 1555 1587 1608 tantummodo
1619 1554 1934 1623 angelorum
1983 1551 2163 1606 famu—

582 1649 724 1704 latus
767 1648 1054 1701 Dominum
1093 1661 1251 1702 suum
1306 1645 1597 1700 comitatus
1641 1653 1746 1709 est,
1783 1643 1874 1698 sed
1906 1644 2067 1698 etiam
2097 1660 2163 1697 ex

581 1733 817 1805 Egypto
851 1734 1081 1789 reditum
1111 1733 1337 1803 angelus
1361 1731 1599 1801 Josepho
1628 1732 1846 1787 indixit.

2264 539 2360 590 καὶ
2411 537 2712 608 παράδοξον
2762 537 2928 590 αὐτοῦ
2955 537 3055 606 τῆς
3083 536 3524 608 πτωχοπρεποῦς
3561 537 3846 607 ἐνανθρω-

2261 629 2478 698 πήσεως
2515 631 2832 700 μυστήριον,
2848 629 2928 694 τὸ,
2955 629 3127 692 Δόξα,
3148 626 3444 698 λαμπρῶς,
3465 630 3534 682 ὲν
3558 629 3842 698 ὑψίστοις

2265 717 2406 797 Θεῷ,
2429 720 2767 790 διαπρυσίως
2791 721 3090 790 ὲκέκραγον
3112 736 3125 750 °
3149 719 3244 774 καὶ
3268 719 3496 789 ἄγγελος
3514 720 3588 783 ὡς
3616 721 3846 792 φωστὴρ

2262 813 2512 879 οὐράνιος
2565 813 2647 875 είς
2705 813 2934 884 ἀστέρος
2985 813 3158 865 τύπον
3213 813 3546 883 μορφωθεὶς,
3579 815 3683 883 τὴν
3727 815 3846 867 ὁδὸν

2263 902 2514 957 ὡδοποίει
2581 905 2778 974 μάγοις
2853 904 3035 958 καλῶν
3126 905 3262 975 πρὸς
3350 904 3448 976 τὴν
3532 906 3654 960 ὁδὸν
3743 908 3846 976 τὴν

2264 995 2527 1064 λέγουσαν
2556 1012 2570 1025 ·
2615 997 2759 1066 Ἐγώ
2822 997 2938 1067 εἰμι
3001 996 3141 1064 όδός
3171 1013 3184 1028 ’
3225 997 3586 1068 χρησμοτοδετ
3632 1000 3691 1052 δὲ
3750 1001 3846 1054 καὶ

2264 1089 2428 1141 πάλιν
2477 1085 2634 1152 αὖθις
2683 1090 2932 1158 ἄγγελος,
2967 1090 3438 1162 ἀναχωρησάντων
3487 1091 3596 1144 τῶν
3625 1093 3842 1161 μάγων,

2279 1179 2496 1250 Ἰωσὴφ,
2550 1182 2644 1234 σὺν
2704 1184 2770 1252 τῇ
2830 1183 3013 1253 Μητρὶ
3067 1183 3161 1235 καὶ
3229 1180 3405 1253 Ἰησοῦ
3461 1183 3562 1252 τὴν
3612 1183 3846 1256 ἔπαρσιν

2266 1271 2540 1322 ποιεῖσθαι
2565 1270 2651 1322 ἐπ’
2685 1271 2959 1336 Αἴγυπτον
2985 1287 2998 1301 °
3042 1272 3136 1324 καὶ
3161 1271 3370 1343 οἴχεται
3404 1272 3583 1342 φυγάς
3611 1273 3752 1337 Θεὸς
3780 1277 3846 1328 ἐκ

2267 1360 2462 1432 βροτοῦ
2499 1364 2880 1429 οἰκονομικῶς,
2899 1362 2959 1417 οὐ
2986 1362 3223 1433 φρίττων
3245 1363 3437 1432 θνητὸν
3466 1365 3494 1418 6
3519 1365 3713 1438 κριτὴς
3733 1367 3845 1419 τῶν

2266 1453 2494 1523 βροτῶν,
2525 1453 2661 1507 ἀλλά
2689 1470 2772 1506 σοι
2796 1453 2965 1506 τύπον
2992 1454 3086 1506 καὶ
3109 1453 3296 1506 είκόνα
3325 1453 3522 1520 διδοὺς,
3547 1455 3642 1506 καὶ
3681 1456 3846 1527 ὄρους

2263 1544 2466 1606 δειλίας
2502 1544 2595 1597 καὶ
2627 1544 2900 1614 ἀνδρείας,
2929 1543 3058 1596 πότε
3083 1545 3180 1598 καὶ
3207 1544 3311 1598 ποῦ
3339 1547 3432 1599 καὶ
3470 1547 3665 1617 καιρὸν
3705 1547 3845 1599 εἰδέ-

2265 1653 2352 1688 ναι
2380 1637 2490 1699 τοῖς
2520 1635 2686 1692 πᾶσιν
2716 1651 2729 1664 ο
2763 1635 2823 1687 οὑ
2856 1634 3020 1704 μέχρι
3045 1634 3102 1687 δὲ
3147 1634 3424 1702 Αἰγύπτου
3453 1637 3487 1706 ή
3525 1636 3635 1688 τῶν
3674 1638 3845 1704 ἀγγέ-

2265 1725 2371 1777 λων
2393 1726 2527 1795 πρὸς
2548 1725 2640 1778 τδν
2666 1724 2874 1778 ἑαυτῶν
2904 1726 3182 1795 Δεσπότην
3207 1724 3539 1796 λειτουργία,
3577 1725 3713 1780 ἀλλά
3747 1728 3844 1780 καὶ

782 1825 982 1880 Deinde
1010 1840 1137 1879 vero
1171 1793 1299 1894 quid
1333 1824 1355 1877 τ’
1390 1793 1508 1877 Alia
1555 1838 1773 1893 quoque
1834 1827 1903 1878 ab
1960 1823 2164 1894 angelis

2267 1818 2360 1869 ἀπ’
2391 1793 2668 1884 Αίγύπτου
2691 1816 2923 1884 ἄγγελος
2950 1815 3028 1886 τῷ
3070 1793 3266 1887 Ἰωσὴφ
3295 1793 3489 1886 μηνύει
3515 1815 3614 1886 τὴν
3639 1817 3841 1881 ἔξοδον.

585 1917 824 1972 factitata
865 1917 1122 1985 reperies.
1157 1916 1345 1986 Angeli
1381 1914 1650 1983 siquidem
1680 1917 1746 1969 ad
1781 1914 1965 1970 Jesum
1987 1916 2166 1984 bapti-

584 2016 768 2061 zatum
830 2005 1176 2059 ministrandi
1215 2005 1386 2072 gratia
1422 2004 1479 2058 iu
1512 2005 1728 2059 deserto
1777 2015 2159 2060 accesserunt:

583 2113 692 2152 non
734 2095 879 2166 quod
913 2110 1150 2162 unquam
1181 2109 1210 2147 a
1237 2094 1466 2148 Domino
1503 2109 1604 2148 suo
1630 2093 1956 2159 ahfuisseut,
1985 2095 2078 2150 sed
2106 2104 2165 2150 ut

587 2202 729 2255 tu,o
775 2189 969 2253 ﬁdelis,
1021 2187 1294 2251 crederes,
1365 2188 1648 2242 hominem
1713 2187 2042 2256 baptizatum
2110 2197 2162 2242 et

585 2282 907 2336 munditiem
941 2290 1380 2343 conservantem,
1421 2281 1641 2348 angelos
1683 2280 2028 2332 invisibiliter
2058 2279 2164 2332 mi-

586 2375 790 2428 nisti-os
817 2371 1183 2440 custodesque
1232 2373 1451 2425 habere.
1497 2371 1648 2425 Unde
1680 2377 1733 2424 et
1786 2371 1838 2423 in
1875 2367 2163 2423 Probatica

587 2465 820 2533 piscina,
852 2460 918 2514 ad
979 2460 1230 2529 baptismi
1286 2461 1534 2528 ﬁguram,
1572 2461 1797 2530 angelus
1853 2460 2166 2514 sanatiOnes

587 2555 996 2622 faciebatzqua
1057 2553 1110 2606 in
1165 2552 1374 2620 piscina
1427 2553 1605 2621 magni
1665 2553 1878 2606 consilii
1934 2552 2164 2620 angelus

587 2648 839 2703 Christus
871 2645 1077 2700 homini
1129 2645 1242 2713 jam
1281 2645 1503 2715 triginta
1554 2654 1606 2699 et
1635 2653 1758 2698 octo
1807 2659 1980 2698 annos
2007 2658 2164 2712 para-

589 2740 752 2811 lytico
800 2740 1032 2794 salutem
1086 2737 1354 2793 contulit:
1388 2737 1506 2806 ipse
1556 2735 1836 2790 tricesimo
1880 2733 2002 2787 vitae
2052 2746 2166 2787 sua:

587 2847 734 2886 anno
763 2832 1090 2900 baptizatus,
1117 2840 1170 2884 et
1203 2829 1345 2882 illius
1393 2829 1639 2899 quinque
1677 2841 1870 2882 sensus
1898 2824 2001 2880 ﬁde
2042 2824 2166 2878 Tri-

588 2924 775 2978 nitatis
809 2923 1140 2992 prodigiose,
1166 2936 1389 2976 sanans.
1422 2920 1526 2975 Sed
1561 2935 1751 2989 parum
1800 2915 1990 2977 abfuit,
2034 2917 2164 2986 quin

587 3019 732 3088 quod
762 3027 843 3070 est
897 3031 1006 3084 prae
1051 3016 1262 3069 caeteris
1307 3030 1582 3068 summum
1621 3025 1676 3068 et
1723 3013 2051 3076 mirabilius,
2110 3011 2166 3064 in

2340 1907 2427 1962 ια’.
2457 1905 2590 1962 Εἶτα
2622 1909 2672 1962 τί
2698 1926 2712 1974 ;
2754 1909 2851 1962 καὶ
2893 1909 2962 1962 τὰ
2999 1907 3135 1962 ἄλλα
3162 1910 3291 1980 περὶ
3332 1910 3579 1978 ἀγγέλων
3610 1910 3795 1980 εὕροις
3827 1926 3841 1940 ο

2265 1999 2486 2071 ἄγγελοι
2524 2002 2622 2072 μὲν
2647 2002 2725 2073 τῷ
2769 2001 2945 2073 Ἰησοῦ
2978 2000 3333 2072 βαπτισθέντι
3367 2003 3424 2054 ἑν
3452 2004 3519 2074 τῇ
3543 2003 3740 2073 ἐρήμῳ
3765 2004 3846 2066 είς

2264 2093 2542 2147 διακονίαν
2564 2093 2961 2164 προσέρχονται
2991 2110 3004 2124 ·
3028 2093 3127 2163 οὑχ
3153 2093 3238 2146 ὅτι
3262 2092 3482 2147 πώποτε
3509 2092 3604 2146 τοῦ
3633 2093 3845 2149 ἑαυτῶν

2265 2185 2536 2238 Δεσπότου
2571 2184 2910 2256 ἀπέστησαν,
2948 2185 3062 2239 ἀλλ’
3087 2187 3237 2250 ὅπως
3275 2187 3340 2241 σὺ
3367 2185 3649 2256 πιστωθῇς
3691 2187 3719 2239 6
3754 2203 3816 2238 πι

2267 2275 2411 2338 στὸς,
2443 2275 2526 2327 ὅτι
2578 2274 2903 2344 βαπτισθεὶς
2950 2276 3044 2328 καὶ
3081 2275 3366 2343 φυλάττων
3393 2275 3494 2344 τήν
3551 2275 3843 2347 κάθαρσιν,

2266 2365 2530 2432 ἀγγέλους
2560 2365 2808 2436 ἀοράτως
2838 2366 2974 2435 πρὸς
3004 2366 3280 2420 διακονίαν
3309 2368 3402 2421 καὶ
3421 2369 3653 2440 τήρησιν
3681 2371 3844 2439 κομί-

2266 2454 2457 2520 ζεται·
2487 2455 2607 2508 ὅθεν
2655 2458 2750 2508 καὶ
2802 2457 2860 2510 ὲν
2915 2459 2982 2528 τῇ
3018 2456 3332 2528 Προϐατικῇ
3376 2458 3735 2532 κολυμϐήθρᾳ⁵
3766 2463 3846 2523 εἰς

2264 2545 2405 2600 τύπο
2418 2546 2542 2601 ντοῦ
2566 2547 2943 2620 βαπτίσματος
2972 2549 3202 2617 ἄγγελος
3229 2549 3326 2613 τὰς
3355 2551 3522 2614 ίάσεις
3542 2531 3845 2605 ὲνεδείγκνυο

2263 2655 2324 2692 το
2348 2681 2362 2704 ,
2389 2640 2448 2692 ὲν
2545 2643 2572 2694 6
2599 2641 2699 2710 τῆς
2735 2642 2981 2713 μεγάλης
3011 2642 3208 2714 βουλῆς
3239 2643 3502 2711 Ἀγγελος
3526 2647 3554 2698 6
3583 2645 3840 2716 Χριστὸς.

2263 2731 2350 2784 διὰ
2375 2735 2668 2802 τριάκοντα
2691 2735 2784 2788 καὶ
2809 2734 2954 2789 ὀκτὼ
2975 2735 3115 2789 ἑτῶν
3134 2735 3210 2806 τῷ
3233 2735 3529 2808 παραλύτῳ
3547 2736 3846 2808 ἐχαρίσατο

2267 2823 2413 2877 τασιν
2433 2842 2445 2855 ο
2479 2827 2906 2896 τριακονταέτης
2958 2827 3379 2899 βαπτιζόμενος,
3406 2829 3501 2882 καὶ
3532 2829 3632 2893 τάς
3681 2832 3843 2883 πέντε

2266 2916 2458 2970 τούτου
2484 2919 2765 2990 αίσθήσεις
2809 2924 2876 2990 τῇ
2922 2921 3104 2975 πίστει
3131 2922 3231 2992 τῆς
3259 2921 3489 2994 Τριάδος
3520 2924 3843 2995 παραδόξως

2273 3008 2523 3078 ἰώμενος.
2556 3011 2754 3082 Μικρῳ
2785 3014 2878 3065 καὶ
2916 3013 3048 3066 αὐτὸ
3069 3013 3130 3066 τὸ
3167 3015 3385 3069 πάντων
3409 3015 3842 3087 κορυφαιότατον

589 3107 761 3163 sai-ris
792 3105 1040 3160 historiis
1079 3105 1147 3160 dc
1195 3105 1407 3174 angelis
1438 3098 1696 3168 relatum,
1730 3104 1991 3159 indictum
2025 3117 2165 3172 pra:-

2270 3099 2366 3152 καὶ
2397 3100 2846 3173 θαυμασιώτερον
2878 3106 2935 3157 ὲν
2965 3104 3294 3176 πράγμασιν
3321 3106 3489 3177 ίεροϊς
3509 3107 3637 3178 περὶ
3671 3107 3844 3175 ἀγγέ-

591 3198 834 3251 terirem.
885 3194 1057 3261 Quale
1111 3209 1241 3249 vero
1297 3204 1380 3250 est
1446 3194 1592 3249 hoc?
1623 3193 1703 3248 Illi
1757 3193 1966 3248 scilicet
2018 3192 2166 3246 circa

587 3288 792 3342 Christi
832 3288 1106 3342 viviﬁcum
1158 3287 1472 3356 sepulcrum
1503 3284 1860 3354 inexspectati
1891 3295 1944 3338 et
1979 3284 2167 3338 multi-

589 3381 794 3437 formes
825 3383 1018 3452 angeli,
1050 3398 1282 3451 quorum
1314 3398 1440 3437 vere
1475 3382 1744 3454 peregrini
1774 3390 1828 3436 et
1846 3382 2014 3438 relatu
2049 3396 2167 3435 ma-

587 3477 736 3546 jores
772 3476 992 3529 fuerunt
1013 3491 1078 3529 eo
1128 3475 1182 3528 in
1223 3475 1342 3529 loco
1375 3476 1656 3530 se‘rmones
1687 3485 1848 3544 atque
1900 3473 2166 3543 prodigia.

590 3566 706 3631 Qua
744 3567 794 3618 in
848 3581 905 3618 re
941 3564 1067 3618 illud
1130 3563 1184 3618 in
1240 3565 1431 3633 primis
1496 3563 1686 3617 sedulo
1750 3564 2167 3626 animadvertes,

591 3653 868 3727 quomodo
895 3653 1075 3708 cuncti
1127 3652 1346 3707 Christo
1375 3651 1558 3706 dilecti
1612 3652 1896 3722 terrigena:
1949 3668 2172 3707 currere

592 3747 718 3801 illuc
748 3745 1018 3808 dicantur,
1051 3745 1144 3800 sed
1186 3761 1436 3814 supernae
1483 3753 1690 3799 naturae
1747 3745 1956 3813 alisque
2006 3759 2169 3798 cursu

592 3841 702 3894 illic
748 3839 1006 3892 sedentes
1038 3848 1350 3906 appareant.
1391 3837 1586 3893 Petrus
1641 3836 1823 3905 itaque
1867 3851 2170 3905 exsurgens

591 3934 656 3985 art
710 3939 1123 3984 monumentum
1181 3929 1484 3994 currebat;
1535 3927 1630 3982 sed
1681 3926 1824 3982 alius
1867 3927 2170 3992 discipulus

592 4024 754 4078 Petro
807 4023 970 4078 citius
1051 4022 1427 4093 praecucurrit.
1471 4020 1535 4075 Et
1606 4018 1775 4074 Maria
1858 4017 2172 4089 Magdalene

591 4117 783 4180 currit,
819 4115 1069 4184 venitque
1104 4113 1171 4168 ad
1229 4112 1504 4168 Simonem
1539 4112 1776 4167 Petrum.
1815 4111 1880 4165 Et
1927 4111 2044 4165 alia:
2064 4109 2172 4164 Ma-

590 4209 685 4262 ria:
723 4207 1020 4260 currebant
1073 4205 1322 4258 nuntium
1361 4205 1596 4259 ferentes
1641 4203 1944 4272 discipulis.
1982 4201 2085 4256 Sed
2120 4202 2166 4256 ei

593 4302 695 4353 illae
735 4298 875 4367 apud
905 4295 1147 4350 Marcum
1180 4297 1434 4350 mulieres
1490 4296 1695 4350 cursim
1729 4309 1760 4348 a
1814 4302 2169 4348 monumento

593 4391 861 4461 fugerunt.
904 4391 974 4442 At
1001 4405 1108 4444 non
1141 4389 1212 4442 ita
1245 4389 1420 4458 angeli
1453 4404 1617 4442 cursu
1655 4395 1902 4452 utuntur,
1938 4386 2033 4441 sed
2059 4386 2169 4440 illic

594 4484 805 4548 sedent,
841 4483 979 4536 alius
1013 4483 1078 4535 ad
1104 4491 1288 4550 caput,
1318 4482 1458 4535 alius
1491 4483 1554 4534 ad
1575 4481 1690 4535 saxi
1723 4479 1910 4549 pedes,
1942 4480 2032 4534 ubi
2052 4494 2167 4532 cor—
2197 4467 2243 4528 D

595 4592 695 4646 pus
727 4573 854 4630 Jesu
891 4574 1159 4644 jacuerat,
1195 4582 1249 4626 et
1287 4574 1376 4626 alii
1404 4573 1625 4643 quidem
1671 4571 1834 4638 intra,
1882 4571 2048 4641 lapidi
2078 4569 2164 4624 in-

592 4669 786 4723 Sident.

662 4841 748 4895 12.
797 4840 934 4907 Quid
979 4855 1107 4910 ergo
1155 4839 1283 4895 hinc
1327 4839 1636 4895 discimus?
1681 4836 1885 4907 Nempe
1927 4853 2022 4895 eos
2070 4842 2162 4909 qui

593 4937 831 4990 nondum
863 4935 1043 4988 divina
1077 4933 1334 5004 mysteria
1377 4941 1762 5002 susceperunt,
1797 4948 1892 4986 eeu
1942 4934 2166 5004 terrigeo

596 5039 694 5079 nas
717 5064 732 5088 ,
763 5023 962 5077 'merito
997 5039 1218 5077 currere
1238 5063 1255 5088 ,
1286 5023 1428 5077 sicut
1460 5025 1624 5076 etiam
1662 5019 1864 5074 Paulus
1892 5022 1969 5076 ait
1995 5020 2039 5053 ⁸⁷
2063 5063 2078 5088 ,
2107 5032 2166 5076 ut

595 5115 1073 5182 comprehendant.
1102 5112 1236 5167 Nam
1268 5113 1333 5166 ad
1371 5114 1625 5167 dilectum
1651 5113 1740 5182 qui
1776 5115 1964 5178 currit,
1997 5129 2161 5169 cursu

597 5207 792 5261 utitur.
822 5206 945 5261 Ideo
978 5207 1182 5263 sedisse
1217 5208 1475 5262 dicuntur
1497 5209 1639 5279 apud
1684 5209 1992 5278 sepulcrum
2039 5224 2164 5262 san-

597 5297 829 5351 ctissimi
868 5299 1082 5368 angeli,
1120 5314 1215 5352 ceu
1249 5298 1356 5366 iam
1389 5300 1541 5370 gnari
1581 5300 1886 5353 divinorum
1922 5315 2167 5355 resurre—

596 5390 793 5444 ctionis
842 5391 1269 5460 mysteriorum:
1317 5394 1410 5445 sed
1459 5391 1598 5444 alius
1640 5392 1858 5460 quidem
1896 5392 1962 5445 ad
2005 5401 2168 5460 caput

598 5483 747 5535 sedet
774 5523 787 5544 ,
823 5486 948 5550 quia
983 5481 1216 5538 fortasse
1250 5485 1641 5539 excelsioribus
1674 5485 1948 5554 mysteriis
1987 5485 2167 5539 initia-

597 5581 686 5628 tus
721 5591 734 5628 :
779 5574 917 5627 alius
953 5573 1018 5627 ad
1050 5576 1245 5644 pedes,
1287 5577 1413 5645 quia
1455 5579 1684 5630 fortasse
1713 5575 2034 5630 inferiorum
2067 5578 2162 5630 ali-

670 5779 715 5811 "
746 5777 880 5835 Luc.
906 5795 962 5845 ll,
999 5782 1080 5837 Η.
1159 5782 1379 5839 “Joan.
1415 5801 1522 5853 MV,
1554 5785 1610 5855 6,
1705 5785 1750 5818 ⁸⁷
1791 5784 1966 5840 lCor.
2004 5802 2078 5849 ix,
2110 5783 2203 5839 24.

2269 3190 2376 3244 λων
2430 3190 2854 3262 φερόμενον,τῷ
2911 3194 3055 3265 λόγῳ
3119 3195 3475 3268 παρέδραμον
3502 3213 3518 3229 ο
3589 3200 3745 3251 ποῖον
3787 3199 3842 3252 δι

2267 3283 2464 3349 τοῦτο;
2495 3283 2619 3346 τοὺς
2666 3283 2809 3337 κατὰ
2851 3284 2941 3337 τὸν
2979 3285 3077 3355 τῆς
3108 3284 3256 3357 ζωῆς
3290 3286 3844 3359 Χριστοῦ-ζωηφόρον

2269 3376 2440 3445 τάφον
2468 3375 2807 3449 παραδόξους
2833 3393 2895 3429 τε
2925 3377 3017 3430 καὶ
3042 3377 3418 3448 πολυτρόπους
3446 3380 3737 3450 ἀγγέλους,
3769 3373 3844 3436 ῶν

2270 3469 2345 3532 ὼς
2375 3470 2587 3540 ἀληθῶς
2616 3469 2739 3534 ξένα
2768 3471 2863 3523 καὶ
2886 3469 3025 3540 ὑπὲρ
3066 3468 3226 3537 λόγον
3255 3469 3323 3523 τὰ
3364 3471 3506 3526 κατά
3528 3473 3694 3526 τόπον
3740 3492 3842 3545 κη-

2273 3561 2528 3631 ρύγματα
2558 3563 2652 3614 καὶ
2682 3561 2962 3632 θαυμάσια
2990 3578 3002 3592 ⁸
3041 3564 3099 3614 ὲν
3127 3555 3209 3624 οἷς
3233 3567 3529 3634 σκοπήσεις
3563 3567 3844 3636 ἐπιμελῶς

2271 3655 2378 3724 πρὸ
2410 3655 2524 3707 τῶν
2568 3655 2744 3709 ἄλλων
2774 3656 2970 3723 έκεῖνο,
2999 3655 3119 3719 πῶς
3149 3656 3248 3727 μὲν
3286 3657 3522 3722 ἅπαντες
3546 3661 3599 3712 oi
3623 3661 3845 3730 Χριστῷ

2271 3748 2594 3816 προσφιλεῖς
2624 3752 2882 3818 γηγενεῖς
2905 3752 3122 3820 τρέχειν
3147 3751 3265 3803 ἐκεῖ
3285 3749 3554 3818 λέγονται,
3580 3753 3635 3806 αί
3665 3753 3720 3806 δὲ
3745 3755 3845 3823 φύ-

2273 3857 2384 3903 σεις
2433 3842 2488 3893 αί
2524 3841 2792 3910 ἀνώτεραι
2837 3841 3034 3911 ἀδρομὶ
3083 3842 3410 3907 καθέζεσθαι
3457 3843 3742 3911 φαίνονται
3773 3861 3787 3876 ·
3818 3847 3846 3898 6

2275 3934 2376 4002 μὲν
2405 3932 2499 3985 οὖν
2533 3934 2738 4002 Πέτρος
2763 3934 3002 3998 ἀναστάς
3051 3934 3284 4006 ἔδραμεν
3313 3935 3408 3988 ἐπὶ
3443 3934 3504 3988 τὸ
3539 3939 3807 4005 μνημεῖον
3830 3954 3841 3966 ³

2270 4026 2299 4077 6
2324 4024 2380 4076 δὲ
2407 4023 2566 4086 ἀλλος
2593 4025 2841 4094 μαθητὴς
2878 4025 3188 4096 προέδραμε
3226 4027 3415 4096 τάχιον
3455 4026 3549 4080 τοῦ
3590 4028 3798 4098 Πέτρου
3829 4046 3842 4059 ·

2272 4116 2366 4169 καὶ
2421 4115 2606 4187 Μαρία
2647 4117 2680 4185 ἡ
2712 4116 3044 4187 Μαγδαληνὴ
3076 4118 3256 4188 τρέχει
3311 4120 3404 4172 καὶ
3438 4119 3657 4189 ἔρχεται
3711 4122 3846 4191 πρὸς

2271 4209 2490 4278 Σίμωνα
2527 4207 2735 4279 Πέτρον
2764 4222 2777 4235 ⁸
2814 4209 2908 4261 καὶ
2942 4209 2999 4261 at
3030 4209 3186 4261 άλλαι
3211 4207 3423 4278 Μαρίαι
3459 4211 3700 4281 ἔδραμον
3736 4214 3846 4265 ἀπ-

2270 4300 2631 4369 αγγέλλουσαι
2656 4301 2769 4364 τοῖς
2795 4301 3061 4371 μαθηταῖς
3089 4317 3104 4331 ·
3135 4299 3226 4354 καὶ
3253 4301 3306 4352 αί
3333 4301 3474 4353 κατά
3505 4303 3597 4355 τὸν
3622 4305 3846 4374 Μάρκον

2269 4391 2470 4461 ὁμοίως
2523 4392 2580 4444 ὲν
2619 4392 2803 4463 δρόμῳ
2852 4392 3054 4460 ἔφυγον
3099 4392 3205 4446 ἀπὸ
3251 4391 3344 4445 τοῦ
3379 4394 3646 4462 μνημείου
3680 4412 3694 4425 ·
3733 4397 3846 4449 ἀλλ’

2270 4486 2370 4555 οὐχ
2416 4484 2590 4548 οὕτως
2623 4484 2811 4540 ἐνθάδε
2843 4484 3028 4556 δρόμῳ
3074 4485 3428 4554 ὲμφαίνονται
3462 4487 3792 4558 καθήμενοι,
3820 4494 3847 4541 6

2270 4573 2326 4624 δὲ
2382 4572 2520 4641 πρὸς
2571 4574 2635 4643 τῇ
2688 4572 2918 4642 κεφαλῇ,
2952 4573 3044 4625 καὶ
3100 4575 3258 4637 ἀλλος
3310 4574 3446 4644 πρὸς
3502 4580 3616 4640 τοῖς
3668 4581 3843 4642 ποσὶν,

2273 4662 2404 4713 ὅπου
2459 4661 2638 4714 ἔκειτο
2689 4662 2749 4714 τὸ
2781 4666 2937 4730 σῶμα
2966 4663 3061 4716 τοῦ
3100 4663 3273 4729 Ἰησοῦ
3296 4682 3307 4693 ·
3335 4666 3428 4717 καὶ
3457 4665 3507 4716 οι
3542 4666 3645 4736 μὲν
3673 4668 3844 4732 ἐντὸς,

2270 4753 2318 4804 oi
2349 4751 2402 4805 δὲ
2436 4753 2591 4814 ἐκτὸς
2617 4753 2802 4806 ἐπάνω
2839 4752 2933 4805 τοῦ
2957 4753 3104 4806 λίθου
3137 4754 3457 4824 καθήμενοι.

2347 4843 2432 4914 ιβ’.
2465 4843 2529 4895 Τί
2549 4840 2641 4897 οὖν
2667 4845 2756 4896 διὰ
2794 4843 2999 4896 τούτων
3051 4845 3539 4915 μανθάνομενςότι
3585 4849 3634 4901 ol
3682 4851 3848 4920 μήπω

2269 4934 2338 4988 τὰ
2354 4935 2474 4989 θεῖα
2494 4935 2892 4997 καταλαὸόντες
2918 4937 3212 5006 μυστήρια,
3233 4937 3309 4998 ὡς
3331 4939 3600 5006 γηγενεῖς,
3623 4939 3847 5000 δικαίως

2268 5026 2575 5096 τρέχουσιν,
2608 5025 2681 5088 ὡς
2720 5026 2813 5077 καὶ
2847 5025 3056 5089 Παῦλός
3103 5043 3292 5096 φησιν,
3324 5028 3410 5080 ἵνα
3453 5029 3804 5084 καταλάϐωσι
3830 5047 3843 5063 ·

2271 5118 2405 5188 πρὸς
2432 5117 2537 5187 γὰρ
2566 5117 2624 5169 τὸ
2657 5116 2991 5185 ποθούμενον
3021 5122 3049 5171 6
3081 5121 3292 5191 τρέχων
3331 5121 3512 5190 τρέχει
3535 5135 3549 5149 ⁸
3587 5122 3670 5176 διὸ
3718 5125 3846 5177 καθ-

2269 5208 2434 5278 ῆσθαι
2463 5208 2708 5275 λέγονται
2747 5209 2804 5260 ὲν
2835 5209 2910 5278 τῷ
2945 5211 3102 5279 τάφῳ
3125 5211 3173 5262 οἱ
3217 5214 3464 5278 πανάγιοι
3499 5212 3746 5280 ἄγγελοι,
3775 5215 3846 5278 ὡς

2271 5300 2370 5369 ἤδη
2400 5300 2759 5366 γινώσκοντες
2783 5299 2849 5352 τὰ
2873 5300 2993 5353 θεῖα
3026 5301 3124 5370 τῆς
3152 5302 3501 5365 ἀναστάσεως
3530 5311 3810 5377 μυστήρια
3831 5325 3842 5336 ·

2271 5391 2384 5443 ἀλλ’
2417 5394 2442 5443 6
2473 5391 2572 5462 μὲν
2601 5392 2736 5460 πρὸς
2765 5395 2831 5462 τῇ
2861 5394 3068 5464 κεφαλῇ
3096 5394 3349 5463 κάθηται,
3377 5396 3504 5460 ἴσως
3521 5397 3598 5460 ὠς
3624 5399 3692 5451 τὰ
3717 5399 3845 5469 ὑψη-

2271 5483 2466 5553 λότερα
2505 5486 2850 5554 μεμυημένος
2880 5486 3152 5555 μυστήρια
3177 5503 3191 5516 ο
3229 5488 3255 5538 6
3286 5486 3341 5538 δὲ
3389 5489 3522 5557 πρ³ις
3553 5493 3668 5552 τοῖς
3702 5495 3843 5554 ποσὶ,

2270 5576 2408 5645 τάχα
2434 5575 2539 5629 τῶν
2565 5576 2772 5630 κατωτέ
2783 5594 2890 5646 ρων
2920 5577 3082 5631 τινῶν
3109 5579 3539 5649 μυστηρίων-καὶ
3559 5581 3846 5636 διακονιῶν
