4018 6304
156 378 248 446 745

1100 375 1379 438 ORATIO
1413 373 1585 434 VL—
1615 372 1698 431 IN
1739 369 2064 434 SANCTOS
2107 375 2465 437 ANGELOS.

3301 382 3405 447 746

158 493 460 564 λειτουργὸς
490 490 776 560 γινόμενος
795 506 808 521 ·
837 489 930 544 καὶ
954 487 1002 541 οἱ
1031 488 1127 558 μὲν
1143 486 1378 558 ὁρῶντες
1408 486 1567 548 ὡςτά
1588 502 1722 554 κρυ-

1842 495 1961 553 auot
2007 488 2390 555 mysteriorum
2432 496 2592 556 atque
2636 486 2932 544 ciliciorum
2968 491 3216 547 minister
3242 505 3403 550 erat:

158 585 385 656 πτότερα
423 582 850 644 διασκοποῦντες
883 580 1163 650 θαυμάσια
1215 580 1312 647 τῆς
1359 578 1608 646 θεότητος
1634 594 1645 605 '
1679 577 1726 628 οξ

158 676 209 730 δὲ
233 677 410 739 ἐκτὸς,
447 675 581 739 ἴσως
606 676 682 739 ὡς
703 674 764 728 τὸ
787 675 885 744 τῆς
921 672 1252 744 σαρκώσεως
1281 671 1514 742 Χριστοῦ
1548 669 1730 743 θαῦμα

159 768 516 840 κηρύττοντες
539 783 553 798 ο
590 769 684 823 καὶ
706 767 863 830 ἄλλος
887 766 946 818 ὲν
973 768 1087 828 τοῖς
1125 764 1316 830 δεξιοῖς
1342 763 1597 832 κάθηται,
1623 762 1728 830 ψυ-

159 861 264 928 χῶν
292 859 524 912 δικαίων
550 859 646 911 καὶ
698 856 888 922 δεξιῶν
937 854 1072 908 Θεοῦ
1123 853 1480 924 μυσταγωγὸς
1513 853 1732 920 γινόμε-

158 965 284 1012 νοςο
323 950 462 1002 ἀλλά
513 950 612 1002 καὶ
674 948 969 1002 νεανίσκων
1030 948 1340 1017 προσώποις
1399 942 1733 1014 ὼραϊσμένοι

157 1041 411 1112 ὁρῶνται,
452 1040 569 1094 τῶν
617 1040 914 1094 νεανίσκων
957 1038 1052 1091 καὶ
1097 1037 1418 1108 ἀθραύστων
1463 1035 1556 1088 καὶ
1593 1035 1732 1104 ἀγη-

163 1135 335 1204 ράτων
367 1134 460 1187 καὶ
501 1131 820 1203 ἀφθάρτων,
849 1130 944 1183 καὶ
985 1129 1045 1182 τὸ
1091 1127 1347 1190 εὐσταλὲς
1376 1126 1470 1180 καὶ
1508 1126 1732 1196 φιλάρε-

156 1241 245 1277 τον
269 1225 370 1293 τῆς
400 1223 611 1278 ἑαυτῶν
638 1223 854 1292 φύσεως
883 1220 1021 1292 πρὸς
1053 1221 1185 1274 Θεὸν
1208 1219 1294 1272 διὰ
1322 1221 1419 1289 τῆς
1449 1234 1731 1272 νεανισκο-

160 1316 360 1386 φανοῦς
389 1315 752 1385 αἰνιττόμενοι
809 1314 995 1386 ὥρας’
1039 1313 1163 1366 ὅθεν
1217 1312 1307 1362 καλ⁸
1352 1311 1410 1362 ὲν
1443 1310 1733 1378 ἐσθήσεσιν

161 1408 635 1479 ἀστραπτούσαις,
667 1405 803 1477 ὁμοῦ
834 1423 892 1459 τε
920 1405 1008 1459 ἴνα
1036 1402 1248 1468 δείξωσι
1280 1402 1341 1454 τὸ
1361 1399 1612 1472 λαμπρὸν
1641 1399 1734 1452 καὶ

159 1497 389 1551 ἄσπιλον
419 1497 516 1549 καὶ
541 1495 805 1567 ἐρωτικὸν
838 1495 936 1566 τῆς
962 1493 1202 1562 Χριστοῦ
1230 1491 1600 1552 ἀναστάσεως,
1637 1489 1734 1542 καὶ

158 1589 214 1642 τὺ
240 1589 491 1660 άρῤυπον
521 1587 616 1640 καὶ
665 1585 868 1648 ἀπαθὲς
915 1585 1009 1638 καὶ
1047 1582 1382 1653 ἀκηλίδωτον
1423 1581 1605 1650 χάριτι
1637 1579 1734 1650 τῆς

159 1679 368 1734 ἑαυτῶν
419 1678 672 1748 φύσεωςο
705 1678 826 1731 ἐπεὶ
885 1677 995 1748 γὰρ
1046 1675 1299 1747 δεύτερον
1352 1675 1468 1744 φῶς
1509 1672 1647 1743 μετά
1673 1672 1735 1724 τὸ

159 1771 396 1844 πρῶτον,
430 1771 458 1822 ὅ
489 1770 607 1821 ἐστι
627 1769 687 1822 τὸ
708 1767 822 1836 φῶς
844 1768 951 1820 τῶν
983 1767 1197 1837 φώτων,
1221 1766 1437 1833 λέγεται
1463 1764 1692 1833 ἄγγελος
1719 1780 1731 1793 ·

1837 586 1891 629 et
1919 576 2010 630 alii
2044 577 2264 644 quidem
2299 586 2607 648 spectantes
2634 619 2648 642 ,
2682 581 2838 650 quasi
2870 583 3165 640 secretiora
3199 586 3406 643 riman-

1794 732 1796 736 τ
1837 675 1916 722 tes
1942 668 2187 738 prodigia
2211 669 2513 724 divinitatis
2543 687 2556 723 :
2606 670 2697 724 alii
2729 680 2877 727 extra
2900 712 2914 738 ,
2955 673 3188 732 fortasse
3217 688 3404 749 utpote

1834 759 2229 815 incarnationis
2283 761 2484 816 Christi
2531 762 2836 834 prodigium
2889 767 3244 834 prmdicantes
3286 787 3301 825 :
3350 781 3404 827 et

1835 853 1974 908 alius
2002 853 2056 908 in
2085 852 2304 909 dextera
2337 861 2488 924 parte
2534 855 2719 922 sedet,
2769 857 2894 927 quia
2934 861 3205 928 justarum
3247 872 3303 917 et
3344 864 3400 919 in

1834 945 2054 1001 dextera
2109 945 2205 1002 Dei
2260 945 2708 1002 collocandarum
2759 951 3066 1006 animarum
3119 955 3397 1028 magister.

1836 1036 1939 1093 Sed
1967 1048 2022 1093 ct
2046 1039 2470 1094 adolescentium
2497 1041 2850 1110 pulchrorum
2884 1043 3070 1099 formis
3098 1046 3282 1101 decori
3307 1063 3402 1118 apo

1835 1137 2062 1200 parent,
2092 1130 2517 1186 adolescentium
2545 1172 2560 1196 ,
2595 1134 2816 1204 inquam
2845 1177 2856 1196 .
2889 1136 3360 1207 integerrilnorum
3383 1179 3398 1202 .

1835 1219 1972 1275 senii
2002 1228 2057 1274 ct
2085 1221 2412 1290 corruptelae
2437 1224 2770 1294 cxpertium,
2803 1228 2894 1296 qui
2928 1240 3268 1286 constantem
3301 1247 3402 1287 που

1835 1317 1970 1364 tum
2001 1325 2114 1365 suae
2142 1328 2269 1382 erga
2301 1312 2468 1368 Deum
2500 1316 2777 1382 virtutem,
2805 1318 3030 1387 juvenili
3064 1322 3402 1382 formositate

1834 1399 2142 1470 designant.
2173 1400 2349 1468 Quare
2385 1413 2438 1457 et
2467 1405 2707 1460 vestibus
2739 1417 2999 1476 apparent
3031 1408 3362 1482 fulgentibus
3383 1450 3397 1476 ,

1835 1496 1895 1541 ut
1955 1489 2120 1543 simul
2179 1491 2552 1548 demonstrent
2598 1495 2956 1564 splendidam,
2994 1498 3400 1558 immaculatam

1836 1581 2235 1650 amabilemque
2255 1583 2456 1640 Christi
2481 1589 2894 1644 resurrectionis
2915 1593 3181 1660 speciem;
3213 1605 3266 1648 et
3290 1597 3402 1651 col-

1837 1668 1999 1722 latam
2043 1669 2284 1738 ipsorum
2332 1683 2540 1728 naturae
2577 1691 2607 1729 a
2646 1677 2825 1732 divina
2847 1680 3022 1748 gratia
3047 1684 3400 1752 munditiem,

1837 1758 2357 1828 impassibilitatcm,
2390 1773 2554 1834 atque
2579 1764 3015 1835 impeccantiam.
3051 1772 3264 1829 Etenim
3314 1792 3402 1836 sci

157 1863 348 1917 τούτου
384 1863 544 1934 χάριν
579 1862 674 1915 καὶ
705 1862 990 1932 ἐσθήσεσιν
1023 1859 1486 1930 ἀστραπτούσαις,
1528 1858 1622 1910 καὶ
1663 1855 1737 1920 ὡς

1842 1851 2076 1906 cundum
2109 1853 2292 1909 lumen
2336 1866 2457 1926 post
2501 1859 2735 1928 primum
2762 1901 2776 1924 ,
2830 1863 2974 1931 quod
3015 1873 3101 1920 est
3134 1865 3401 1922 luminum

157 1957 432 2028 ἀστραπὴ,
469 1956 566 2009 καὶ
590 1955 667 2017 ὼς
710 1954 842 2024 χιὼν
875 1957 924 2007 οἱ
966 1954 1216 2024 πανίεροι
1250 1945 1396 2005 οὗτοι
1446 1950 1732 2021 φωστῆρες

156 2027 265 2112 τοῖς
295 2047 476 2112 ἀξίοις
501 2045 858 2115 ἑμφαίνονται
886 2061 898 2073 ·
932 2027 992 2098 ἐν
1027 2039 1110 2106 οἷς
1138 2043 1197 2094 οὐ
1231 2043 1492 2112 πάρεστιν
1509 2041 1568 2092 οὐ
1592 2041 1735 2110 χρῶ-

161 2157 253 2210 μα,
293 2139 358 2193 οὗ
389 2137 569 2208 σῶμα,
601 2138 663 2189 οὐ
702 2136 991 2207 πτέρυγες,
1021 2135 1120 2188 οὐκ
1147 2135 1402 2205 ὲνπηχεῖς
1428 2131 1731 2202 βραχίονες,

158 2230 214 2282 οὐ
254 2227 580 2298 θριξοφόρος
627 2226 861 2296 κορυφὴ,
910 2225 1009 2277 οὐκ
1059 2223 1243 2293 δρθιον
1282 2222 1594 2292 ἀνάστημα,
1628 2220 1735 2274 οὐδ’

158 2322 291 2384 ὅλως
318 2338 376 2374 τι
430 2320 539 2372 τῶν
572 2317 715 2372 κατὰ
757 2318 856 2388 τὴν
885 2316 1069 2370 ἒνυλον
1098 2314 1390 2385 ὁρωμένων
1418 2315 1452 2384 ἦ
1483 2313 1734 2382 κινουμέ-

159 2431 259 2467 νων
291 2411 479 2481 φύσιν.
514 2409 579 2464 El
614 2408 872 2471 πολλάκις
896 2409 954 2460 ἐν
988 2403 1160 2469 θείαις
1211 2404 1499 2467 ὀπτασίαις
1523 2403 1736 2475 ἀνθρω-

160 2504 457 2575 πομόρφως
501 2498 880 2570 ἐπιφαίνεσθαι
927 2497 1197 2565 λέγονται,
1267 2496 1381 2550 ἀλλ’
1427 2495 1534 2549 οὐδ’
1567 2495 1737 2558 αὑτὰς

159 2596 362 2658 ταύτας
390 2596 458 2656 ἃς
485 2594 859 2665 περικείμενοι
895 2589 1278 2664 τροσηγορίας,
1303 2591 1402 2660 τῆς
1419 2590 1623 2644 τούτων
1643 2589 1736 2642 ού-

163 2689 278 2752 σίας
326 2685 680 2756 σημαντικάς
731 2684 1132 2754 ὑπειλήφαμεν,
1180 2681 1314 2735 ἀλλά
1358 2681 1496 2751 πρὸς
1538 2681 1637 2745 τὰς
1661 2682 1738 2733 οἰ-

163 2780 309 2845 κείας
354 2779 560 2851 μᾶλλον
589 2776 869 2848 ἐνεργείας
918 2777 983 2830 ἐκ
1021 2774 1179 2842 Θεοῦ,
1208 2775 1300 2830 καὶ
1334 2774 1442 2828 τῶν
1473 2773 1739 2842 θεολόγων

161 2869 368 2944 ἀνδρῶν
403 2869 739 2940 ἐκομίσαντο
762 2884 774 2897 ·
811 2867 903 2922 καί
934 2884 998 2936 γε
1015 2866 1221 2936 ὤφελον
1242 2883 1254 2897 ’
1286 2867 1380 2920 καὶ
1397 2866 1643 2937 γάρὲμοί
1676 2883 1738 2935 γε

164 2966 464 3018 σκόπευσον
484 2961 679 3026 οὕτως.
697 2962 974 3030 Ἄγγελοι,
986 2959 1423 3028 ὼςάγγέλλοντες
1434 2958 1529 3012 ἀνθ
1540 2957 1739 3029 ρώποις

161 3057 225 3109 τὰ
246 3055 366 3110 θεῖα
385 3053 730 3126 βουλεύματα
753 3053 847 3106 καὶ
864 3051 1086 3106 ἄλλοθεν
1102 3051 1411 3120 άγοντες.Ἀ
1423 3050 1736 3121 ρχάγγελοι,

165 3149 245 3202 ἵνα
275 3151 339 3204 σὺ
360 3146 543 3219 μάθῃς
558 3146 654 3200 καὶ
670 3147 728 3198 ὲν
753 3143 1062 3215 ἀνθρώποις
1082 3144 1236 3208 τάξιν
1265 3146 1356 3196 καὶ
1382 3144 1736 3207 κατάστασιν,

161 3236 226 3311 ἦς
271 3240 449 3302 τύπος
515 3236 613 3291 καὶ
668 3237 703 3306 ἠ
763 3235 1072 3304 Ἐκκλησία
1129 3233 1488 3305 καθέστηκεν.
1551 3235 1740 3306 Ἀρχαὶ

161 3333 214 3388 δὲ
256 3331 421 3387 πάλιν
473 3329 744 3397 λέγονται,
778 3326 853 3390 ὼς
876 3325 1202 3397 ὲξάρχουσαι
1231 3327 1366 3396 πρὸς
1395 3327 1742 3381 διδασκαλίαν

165 3423 253 3478 καὶ
282 3420 572 3491 φωτισμὸν
614 3417 724 3470 τῶν
750 3416 1044 3490 κατωτέρω
1068 3418 1526 3488 προσταγμάτων.
1550 3417 1732 3482 Ἐξου-

167 3515 297 3580 σίαι,
323 3513 401 3575 ὡς
417 3510 679 3582 βασιλικά
701 3509 797 3562 καὶ
834 3507 1131 3562 δεσποτικὰ
1165 3508 1542 3579 περικείμεναι
1578 3509 1742 3574 ἀξιώο

167 3620 329 3674 ματα.
368 3601 670 3671 Δυνάμεις,
691 3598 766 3662 ὡς
795 3600 980 3669 χάριτι
1004 3598 1183 3667 πάσης
1209 3597 1490 3661 ἀσθενείας
1519 3600 1614 3652 καὶ
1635 3599 1741 3652 πά-

167 3697 288 3761 θους
320 3696 420 3750 καὶ
456 3692 693 3746 θανάτου
714 3690 1005 3760 ἀνώτεραι.
1037 3687 1250 3758 Θρόνοι,
1289 3689 1364 3752 ὡς
1404 3693 1744 3744 ὲπαναπαυο-

169 3789 326 3859 μένου
349 3785 450 3840 τοῦ
483 3781 623 3838 Θεοῦ
662 3783 732 3852 τῇ
769 3779 974 3834 τούτων
1004 3779 1250 3850 πολιτείᾳ
1282 3779 1377 3833 καὶ
1406 3778 1739 3850 λειτουργίᾳ.

167 3881 522 3952 κυριότητες,
565 3877 642 3940 ὡς
678 3872 1182 3945 ὲμπεπιστευμέναι
1222 3872 1326 3925 ὑπὸ
1373 3871 1468 3925 τοῦ
1501 3873 1638 3926 Θεοῦ
1663 3874 1743 3935 είς

169 3973 422 4043 πρόνοιαν
457 3973 555 4023 καὶ
579 3964 853 4037 σωτηρίαν
888 3964 985 4018 καὶ⁵
1021 3962 1390 4034 χειραγωγίαν
1426 3963 1504 4035 τῷ
1535 3964 1744 4034 ἀνθρω.

168 4065 304 4136 πίνῳ
337 4065 510 4133 γένει,
543 4059 642 4114 καὶ
669 4057 744 4121 ὡς
777 4057 1069 4111 ἀδούλωτοι
1108 4056 1291 4127 χάριτι
1336 4053 1519 4126 πάσης
1559 4056 1744 4108 λοιπὸν

169 4155 446 4229 ὲμπαθοῦς
475 4153 752 4222 κινήσεως
799 4151 893 4204 καὶ
929 4149 1277 4212 ἐκπτώσεως.
1307 4147 1582 4218 Σεραφὶμ,
1607 4149 1744 4218 ὅπερ

169 4255 230 4323 τῇ
263 4248 541 4320 Ἐϐραίων
567 4244 722 4313 φωνῇ
748 4241 996 4313 πύρωσις
1032 4239 1413 4311 ἑρμηνεύεται,
1444 4239 1518 4299 ὡς
1543 4241 1746 4308 ἑτέρων

169 4339 503 4412 καθαρτικαὶ
548 4336 646 4390 καὶ
687 4333 1013 4403 φωτιστικαὶ
1063 4331 1240 4384 οὐσίαι
1286 4332 1613 4403 τυγχάνουσι
1639 4348 1652 4361 ·
1679 4333 1744 4386 τά

169 4433 221 4487 δὲ
248 4433 506 4489 ἀνώτατα
550 4428 771 4483 πάντων
805 4427 899 4479 καὶ
929 4425 1227 4496 πλησιόθεα
1260 4424 1542 4496 Χερουϐὶμ
1563 4465 1577 4490 ,
1609 4428 1744 4496 ὅπερ

170 4527 324 4581 ⁴πάλιν
349 4523 560 4597 πλῆθος
580 4519 948 4592 ἑρμηνεύεται
973 4518 1245 4587 γνώσεως.

239 4793 324 4862 ιγ’.
354 4791 582 4863 Ταύτην
605 4789 738 4860 ἡμῖν
763 4792 790 4843 6
807 4788 1241 4860 ἀρχιστράτηγος
1266 4788 1373 4842 τῶν
1393 4788 1640 4860 ἀγγέλων
1660 4791 1750 4861 σή-

175 4902 332 4956 μερον
352 4885 485 4954 περὶ
507 4882 759 4951 ἀγγέλων
775 4883 946 4934 εἰπεῖν
985 4882 1301 4952 ὑφηγήσατο
1326 4898 1340 4913 ’
1372 4877 1532 4936 αὗταί
1552 4900 1610 4934 τε
1640 4883 1750 4935 τῶν

173 4976 476 5048 ἀσωμάτων
493 4972 868 5038 ἐννίατάξεις,
891 4973 980 5027 καὶ
1001 4973 1199 5045 δεκάτη
1218 4976 1246 5026 6
1271 4973 1554 5044 ἄνθρωπος
1580 4991 1591 5004 ·
1613 4974 1749 5026 εἰσὶν

175 5068 260 5123 οὖν
276 5064 672 5134 δέκατάξειςῆ
699 5064 964 5135 δραχμαὶ,
988 5067 1115 5136 περὶ
1147 5061 1222 5119 ὧν
1258 5084 1420 5136 φησιν
1443 5069 1471 5120 6
1493 5067 1744 5137 Χριστός.

183 5177 200 5211 ι
222 5159 377 5221 Birt;
400 5159 545 5227 γυνὴ
566 5155 766 5226 ἔχουσα
779 5155 1025 5224 δραχμάς
1054 5155 1206 5220 δέκα,
1229 5158 1323 5209 ἐὰν
1365 5157 1602 5228 ἀπολέσῃ
1623 5158 1751 5225 μίαν

179 5252 232 5317 ἐξ
252 5251 452 5316 αὐτῶν,
469 5250 531 5303 οὺ
546 5248 602 5300 δὲ
621 5246 806 5315 ἅψασα
824 5245 1013 5314 λύχνον
1037 5246 1366 5317 ἀναζητήσει
1390 5247 1592 5316 ταύτην
1617 5265 1630 5312 ;
1660 5247 1753 5302 καὶ

180 5342 266 5394 ἐὰν
281 5341 439 5412 εὕρῃ.
471 5338 833 5406 συγκαλεῖται
857 5337 952 5399 τὰς
969 5336 1126 5406 φίλας
1140 5339 1231 5390 καὶ
1251 5339 1348 5401 τὰς
1371 5339 1634 5407 γείτονας,
1669 5339 1752 5390 λέ-

180 5448 362 5499 γουσα,
412 5429 742 5501 Συγχάρητέ
800 5445 888 5497 μοι
918 5430 998 5481 ὅτι
1053 5424 1215 5499 ηὗρον
1261 5431 1359 5499 τὴν
1405 5431 1655 5500 δραχμὴν
1689 5432 1755 5502 ἢν

179 5525 430 5579 ἀπώλεσα
462 5541 475 5554 ·
519 5542 538 5573 ι
577 5524 610 5592 ἦ
633 5539 719 5584 τις
742 5516 810 5590 ἦν
831 5523 922 5573 καὶ
948 5523 1006 5572 τὸ
1031 5523 1302 5592 πρόϐατον
1322 5523 1382 5574 τὸ
1402 5523 1676 5583 ἀπολωλὸς
1695 5524 1758 5574 ὲκ

181 5619 282 5673 τῶν
341 5613 865 5688 ἐννενηκονταεννέα
915 5613 1023 5666 τῶν
1071 5614 1144 5684 μὴ
1188 5615 1575 5667 ἀπολωλότων·
1619 5617 1754 5684 ὅπερ

181 5710 208 5762 6
229 5711 426 5780 ποιμὴν
460 5710 488 5760 6
519 5707 689 5770 καλὸς
743 5707 838 5757 καὶ
880 5704 1078 5772 ἀγαθὸς
1119 5709 1212 5759 καὶ
1249 5706 1627 5775 φιλάνθρωπος
1657 5707 1756 5774 οὐχ

186 5801 478 5874 ὑπερεῖδεν,
526 5799 644 5853 ἀλλ’
679 5794 1004 5867 ἀνεζήτησε,
1058 5801 1151 5850 καὶ
1205 5799 1376 5870 εὑρὼν
1425 5802 1514 5852 ἐπὶ
1551 5799 1617 5852 τὰ
1655 5798 1754 5867 ὄρη

510 5895 789 5954 ΡΑτῐιοῐ..
823 5891 939 5948 Gn.
976 5890 1166 5950 XCIX.

1838 1941 2044 2008 lumen,
2079 1944 2278 2008 dicitur
2312 1962 2434 2003 esse
2459 1951 2702 2021 angelus.
2745 1950 3033 2023 Propterea
3065 1967 3120 2013 et
3149 1958 3201 2012 in
3238 1961 3404 2015 vesti-

1835 2031 1938 2088 bus
1964 2035 2264 2104 splendidis
2285 2078 2299 2102 ,
2331 2050 2384 2094 et
2423 2041 2586 2096 veluti
2616 2041 2827 2114 fulgur,
2868 2054 2962 2100 aut
2991 2048 3116 2114 nix,
3165 2050 3280 2108 hac
3311 2067 3402 2108 saa

1836 2125 2146 2181 cratissima
2175 2127 2465 2184 luminaria
2493 2132 2670 2202 dignis
2697 2143 2960 2204 apparent
2990 2154 3003 2190 :
3037 2138 3238 2207 quibus
3269 2141 3406 2195 alio»

1837 2218 1930 2286 qui
1959 2234 2135 2289 neque
2165 2221 2317 2276 color
2342 2234 2458 2286 est,
2493 2241 2670 2294 neque
2698 2242 2918 2298 corpus,
2953 2244 3128 2300 neque
3157 2231 3404 2297 alae,.ne-

1837 2321 1942 2378 que
1971 2309 2202 2365 brachia
2228 2314 2312 2368 vel
2343 2315 2511 2369 cubiti
2536 2357 2551 2381 ,
2586 2332 2764 2387 neque
2792 2323 2992 2374 comati
3019 2323 3271 2389 vertices,
3305 2340 3404 2381 ne-

1837 2417 1943 2472 que
1982 2413 2161 2459 erecta
2199 2414 2444 2471 statura,
2476 2423 2650 2479 neque
2682 2410 2830 2465 aliud
2873 2412 3170 2483 quidquam
3213 2433 3281 2472 ex
3321 2419 3407 2475 his

1837 2509 1956 2563 qua:
1995 2496 2047 2550 in
2085 2498 2351 2552 materiali
2395 2509 2588 2555 natura
2620 2511 2922 2557 cernuntur
2951 2513 3046 2559 aut
3090 2519 3402 2564 moventur.

1839 2586 1907 2641 Et
1952 2603 2268 2659 quanquam
2314 2607 2457 2662 saepe
2496 2593 2551 2647 in
2591 2593 2790 2650 divinis
2829 2597 3406 2657 visionibushumana

1839 2679 2022 2748 specie
2043 2695 2304 2750 apparere
2336 2681 2612 2749 dicuntur,
2639 2699 2748 2740 non
2769 2693 2948 2741 tamen
2980 2688 3077 2743 has
3099 2688 3245 2759 ipsas
3267 2707 3408 2761 quas

1840 2776 2034 2836 gerunt
2068 2769 2479 2838 appellationes,
2504 2785 2692 2826 eorum
2731 2773 3050 2830 substantiae
3089 2779 3408 2846 significati‘

1839 2872 1934 2913 vas
1971 2867 2264 2928 putamus,
2307 2861 2398 2916 sed
2438 2876 2532 2918 eas
2574 2864 2757 2933 potius
2795 2880 2824 2920 a
2862 2868 3101 2938 propriis
3138 2869 3228 2924 Dei
3270 2881 3405 2927 nutu

1841 2953 2249 3022 operationibus
2269 2994 2282 3018 ,
2309 2961 2471 3024 atque
2519 2971 2548 3010 a
2586 2957 2854 3030 theologis
2888 2960 3201 3020 hominibus
3230 2966 3409 3022 sortiti

1844 3054 1987 3099 sunt.
2023 3045 2088 3098 Et
2124 3047 2343 3115 quidem
2391 3048 2466 3102 ita
2506 3049 2624 3104 fieri
2669 3051 2933 3119 oportuit.
2985 3051 3120 3109 Nam
3157 3072 3363 3112 mecum
3391 3097 3407 3118 .

1843 3153 2064 3206 quaeso,
2094 3139 2400 3195 considera.
2451 3140 2642 3213 Angeli
2673 3141 2889 3212 (nuntii
2915 3145 2932 3212 )
2959 3145 3251 3210 dicuntur,
3282 3150 3411 3218 quia

1845 3231 2101 3284 nuntiant
2155 3230 2466 3296 hominibus
2511 3232 2692 3288 divina
2742 3235 2967 3290 consilia
3000 3275 3016 3301 ,
3079 3245 3134 3292 et
3190 3239 3412 3296 aliunde

1843 3319 2092 3376 afferunt.
2125 3321 2451 3393 Archangeli
2477 3365 2491 3388 ,
2525 3331 2584 3378 ut
2607 3324 2788 3382 discas
2828 3326 2880 3381 in
2917 3327 3235 3386 hominibus
3276 3346 3413 3402 quo-

1843 3427 1948 3483 que
1993 3413 2351 3469 constitutum
2390 3415 2636 3471 ordinem
2693 3431 2816 3474 esse
2864 3419 3094 3483 debere,
3138 3421 3296 3487 cujus
3335 3424 3411 3478 rei

1847 3513 2004 3574 typus
2030 3503 2266 3561 Ecclesia
2296 3514 2399 3562 est.
2425 3505 2767 3577 Principatus
2789 3509 2917 3564 item
2949 3511 3225 3577 dicuntur,
3254 3516 3413 3583 quasi

1842 3596 2116 3667 principes
2150 3598 2217 3652 ad
2247 3598 2612 3668 magisterium
2655 3608 2709 3654 et
2765 3601 3220 3659 illuminationem
3265 3605 3416 3660 ordio

1844 3705 1973 3744 num
2002 3688 2344 3745 inferiorum.
2376 3689 2697 3754 Potestates,
2729 3698 2788 3744 ut
2822 3692 2987 3760 regali
3027 3693 3415 3766 dominicaque

1844 3781 2106 3853 dignitate
2136 3779 2366 3851 praditi.
2402 3779 2676 3846 Virtutes,
2703 3791 2763 3836 ut
2794 3783 2983 3852 gratias
3012 3784 3281 3840 benelicio
3312 3802 3411 3842 cu-

1840 3873 2064 3943 juslibet
2101 3872 2464 3936 inﬁrmitatis,
2506 3872 2778 3940 passionis
2802 3888 2866 3929 ac
2897 3876 3090 3931 mortis
3115 3876 3412 3935 immunes.

1845 3965 2048 4021 Throni
2071 4005 2089 4034 ,
2124 3979 2223 4020 ceu
2257 3963 2368 4019 Deo
2400 3964 2453 4018 in
2490 3965 2685 4018 borum
2722 3967 3138 4022 conversatione
3166 3978 3220 4022 et
3251 3969 3415 4024 mini-

1847 4061 2015 4116 sterio
2049 4057 2384 4115 considente.
2418 4056 2832 4112 Dominationes
2859 4099 2874 4124 ,
2908 4074 3008 4115 ceu
3039 4061 3241 4131 quibus
3275 4062 3413 4118 Deus

1847 4150 2122 4207 commisit
2158 4165 2368 4215 curam,
2405 4149 2659 4216 salutem,
2691 4151 3156 4224 directionemque
3191 4154 3418 4209 humani

1849 4245 2085 4318 generis,
2117 4254 2171 4300 et
2195 4243 2324 4315 quia
2353 4243 2540 4313 gratia:
2572 4243 2837 4298 beneficio
2871 4260 3150 4314 nunquam
3179 4245 3420 4302 servient

1849 4338 1944 4392 ulli
1983 4338 2300 4406 passionum
2337 4335 2506 4389 motui
2554 4343 2608 4389 et
2661 4335 2860 4405 lapsui.
2897 4333 3184 4407 Scraphim
3211 4374 3228 4399 ,
3270 4338 3418 4407 quod

1851 4446 2048 4486 nomen
2075 4431 2129 4484 in
2163 4428 2515 4484 Hebraeorum
2556 4428 2742 4499 lingua
2788 4427 2999 4499 igneam
3039 4429 3419 4484 accensionem

1775 4556 1826 4614 Ι)
1853 4522 2276 4593 interpretamur
2296 4561 2311 4584 ,
2344 4530 2603 4590 tanquam
2637 4520 2867 4575 aliorum
2895 4521 3192 4590 purgativaz
3218 4529 3270 4574 et
3294 4521 3422 4575 illu-

1857 4614 2164 4670 minalorite
2213 4612 2547 4668 substantiae.
2589 4609 2880 4666 Cherubim
2911 4651 2926 4673 ,
2975 4611 3119 4680 quod
3168 4610 3297 4664 item
3330 4625 3424 4664 vo-

1856 4706 2107 4762 cabulum
2141 4706 2562 4772 interpretamur
2601 4701 2991 4771 plenitudinem
3019 4701 3280 4756 scientias.

1927 4796 2014 4850 15.
2051 4795 2199 4850 Hanc
2230 4794 2385 4848 nobis
2418 4793 2576 4847 hodie
2600 4793 2882 4847 materiam
2917 4805 3166 4846 summus
3188 4789 3295 4845 dux
3329 4807 3427 4846 an-

1857 4889 2100 4959 gelorum
2138 4903 2203 4941 ex
2233 4887 2343 4940 alto
2373 4884 2569 4938 obtulit
2601 4882 2813 4939 dicendi
2845 4883 2912 4938 de
2934 4882 3163 4952 angelis.
3198 4880 3260 4936 Hi
3297 4894 3425 4939 sunt

1859 4995 2052 5036 novem
2102 4977 2551 5046 incorporeorum
2609 4975 2883 5031 ordines:
2941 4973 3186 5029 decimus
3240 4986 3424 5032 autem

1857 5073 1992 5127 ordo
2045 5073 2232 5126 homo.
2288 5068 2427 5123 Sunt
2475 5069 2658 5138 itaque
2700 5067 2884 5122 decem
2935 5065 3153 5120 ordines
3197 5067 3424 5122 totidem

1857 5165 2150 5227 drachma,
2182 5164 2248 5216 de
2278 5161 2477 5231 quibus
2512 5160 2764 5213 Christus
2789 5157 2863 5211 ait
2893 5172 2906 5209 :
2946 5174 2964 5207 ι
2993 5156 3185 5211 Mulier
3218 5159 3427 5214 habens

1857 5257 2042 5310 decem
2081 5253 2393 5310 drachmas.
2417 5251 2460 5302 si
2494 5263 2656 5302 unam
2689 5264 2753 5301 ex
2788 5245 2868 5300 his
2892 5247 3211 5316 perdiderit,
3247 5264 3427 5305 nonne

1860 5363 2086 5405 accensa
2122 5346 2340 5398 lucerna
2365 5352 2570 5410 qureret
2599 5341 2764 5394 eam?
2799 5338 2861 5392 Et
2897 5340 2940 5394 si
2967 5340 3254 5402 invenerit,
3289 5344 3426 5394 ami-

1861 5453 1953 5493 cas
1984 5445 2275 5507 congregat
2305 5434 2654 5502 vicinasque,
2701 5433 2884 5486 dicens
2916 5449 2927 5484 :
2962 5431 3426 5501 Congratulamini

1869 5530 2036 5588 mihi,
2082 5529 2207 5596 quia
2241 5527 2422 5579 inveni
2456 5525 2770 5579 drachmam
2793 5537 2954 5593 quam
3006 5523 3371 5590 perdideram.
3403 5545 3422 5577 ι

1870 5621 2011 5675 Ideni
2052 5619 2297 5673 decimus
2326 5618 2478 5677 ordo.
2506 5632 2598 5671 seu
2629 5617 2812 5679 homo,
2838 5621 2921 5668 est
2951 5615 3069 5668 ovis
3097 5629 3217 5682 qua:
3254 5617 3430 5683 perie—

1865 5719 1948 5762 rat
1982 5710 2119 5760 inter
2152 5708 2439 5774 nonaginta
2469 5721 2663 5759 novem
2706 5702 3006 5756 incolumes
3034 5718 3047 5767 ;
3085 5716 3248 5771 quam
3275 5719 3430 5772 egre-

1865 5800 1984 5868 gius
2031 5809 2210 5868 pastor
2234 5839 2248 5863 ,
2284 5799 2461 5852 bonus
2500 5805 2661 5866 atque
2700 5794 2984 5860 benignus,
3015 5808 3123 5846 non
3157 5793 3425 5861 neglexit.

2914 5884 2988 5938 24
