4018 6304
623 353 725 416 747

1821 355 1881 415 8.
1921 355 2023 417 ΤΗ
2034 355 2315 417 ΕΟΟΟΡιῐ
2351 358 2700 422 STUDlT/E

3784 368 3892 437 ’148

626 472 722 528 sed
770 469 1133 542 conquisivit,
1184 470 1570 542 inventamque
1628 472 1681 525 in
1726 472 2007 528 montibus
2046 473 2191 528 colli-

2302 476 2395 530 καὶ
2420 494 2548 541 τους
2578 477 2801 550 βουνοὺς
2836 480 2963 547 τοὺς
2998 480 3339 554 Ἑλληνικοὺς
3382 485 3568 551 κακῶς
3600 488 3893 563 πλανώμεο

626 565 851 635 busque-
866 563 1102 619 ethnicis
1132 563 1271 618 male
1303 572 1577 619 errantem
1619 574 1673 619 et
1711 563 1872 620 idolis
1908 564 2203 619 immolan-

629 664 737 711 tem
793 658 1071 711 revocavit
1097 697 1112 721 ,
1153 668 1209 712 et
1248 656 1561 727 impositam
1603 656 1849 712 humeris
1890 657 2105 712 reduxit
2136 658 2205 713 ad

628 763 739 803 non
766 764 1057 803 erroneum
1088 765 1315 819 gregem'
1333 765 1451 805 eam
1479 764 1603 821 qua
1624 749 1778 806 devia
1810 748 2019 817 fuerat,
2044 759 2207 820 atque

626 840 771 895 inter
807 839 1016 895 cmlites
1056 840 1308 895 reducem
1342 842 1776 907 connumeravit,
1817 849 1871 896 et
1903 850 2107 896 aeterno
2130 856 2209 896 re-

626 948 735 1004 gno
764 932 1019 1002 dignatus
1053 941 1174 996 est;
1216 948 1326 1002 quo
1356 934 1513 988 nobis
1535 935 1788 989 omnibus
1810 933 1970 1002 potiri
1995 934 2210 986 contiu-

627 1030 738 1099 gat,
770 1023 941 1093 gratia
964 1030 1018 1077 et
1043 1021 1370 1092 benignitate
1397 1023 1613 1077 Domini
1638 1022 1811 1078 nostri
1832 1021 1959 1077 Jesu
1984 1022 2211 1088 Christi,

626 1128 752 1169 cum
784 1127 893 1183 quo
925 1112 1098 1183 gloria
1139 1113 1210 1168 sit
1240 1113 1386 1168 Patri
1417 1123 1473 1169 et
1506 1124 1699 1169 sancto
1729 1114 1942 1169 viviﬁco
1976 1113 2212 1169 consub-

627 1204 867 1260 slantiali
900 1203 1148 1274 Spiritui,
1187 1221 1332 1261 nunc
1361 1218 1416 1261 et
1447 1220 1662 1277 semper
1702 1215 1758 1262 et
1792 1206 1845 1261 in
1879 1205 2081 1262 saecula
2108 1218 2210 1260 sa:-

625 1294 898 1351 culorum.
930 1294 1125 1349 Amen.

784 1437 851 1493 In
875 1434 1204 1494 nativitatem
1222 1365 1668 1565 εαὲειξὲἓορίιειω
1696 1435 2054 1493 Ρηεειιηοτίε

1317 1521 1452 1565 anus
1481 1526 1543 1565 ar.

1317 1526 1543 1579 apustar.

2311 588 2401 625 νον
2463 570 2558 625 καὶ
2610 571 2866 639 θυσιάζον
2931 574 3289 645 ἐπέστρεψεν,
3346 578 3443 631 καὶ
3500 579 3785 649 βαστάσας
3819 578 3886 658 τῇ

2312 663 2516 735 ποίμνῃ
2546 665 2614 734 τῇ
2643 663 2873 719 ἀπλανεῖ
2908 664 2972 718 τὸ
3023 666 3465 737 πεπλανημένον,
3496 671 3581 734 είς
3627 673 3893 745 οὐρανοὺς

2312 752 2609 823 ἀναγαγὼν
2653 756 3047 827 συνηρίθμησε,
3080 758 3178 811 καὶ
3229 757 3328 827 τῆς
3374 758 3654 827 βασιλείας
3682 764 3785 833 τῆς
3815 768 3894 819 αι.

2312 845 2477 899 ωνίου
2509 843 2848 915 κατηξίωσεν
2872 861 2887 875 ο
2912 840 2981 917 ἧς
3024 847 3234 915 γένοιτο
3284 847 3493 912 πάντας
3518 852 3668 921 ἡμᾶς
3698 855 3891 908 ἐπιτυ-

2315 937 2451 1005 χεῖν,
2476 936 2669 1007 χάριτι
2699 935 2794 989 καὶ
2828 936 3211 1009 φιλανθρωπίᾳ
3228 937 3325 991 τοῦ
3352 940 3557 1009 Κυρίου
3586 943 3748 1013 ἡμῶν
3786 945 3891 1013 Ἰη-

2315 1025 2411 1078 σοῦ
2473 1025 2732 1097 Χριστοῦ,
2797 1027 2919 1098 μεθ’
2950 1023 3011 1083 οὗ
3054 1027 3134 1098 τῷ
3196 1029 3370 1101 [largi
3415 1032 3627 1101 ήδόξα,
3661 1034 3779 1105 ἅμα
3810 1037 3893 1107 τῷ

2313 1115 2453 1185 ἀγίῳ
2487 1116 2574 1168 καὶ
2606 1114 2857 1186 ζωοποιῴ
2886 1118 3159 1189 δμοουσίῳ
3191 1120 3492 1191 Πνεῦματι,
3522 1122 3618 1177 νῦν
3658 1127 3757 1179 καὶ
3774 1127 3889 1196 ἀεὶ,

2310 1205 2408 1259 καὶ
2433 1206 2514 1267 είς
2543 1206 2671 1269 τοὺς
2696 1205 2903 1269 αἰῶνας
2923 1208 3033 1260 τῶν
3053 1207 3288 1264 αίώνων.
3334 1211 3532 1285 Ἀμήν.

2306 1433 2408 1499 Είς
2444 1433 2512 1487 r6
2548 1432 2825 1504 γενέσιον
2846 1434 2953 1514 τοῦ
2984 1369 3179 1514 drt‘zoiz_
3198 1438 3508 1514 προφήτου
3540 1440 3890 1514 Προδρόμου

2840 1506 3181 1562 Βαπτιστοῦ
3222 1506 3353 1579 (15).

1849 1600 2006 1670 (Ακο.
2044 1598 2171 1660 MAI.
2206 1597 2308 1651 loc.
2335 1595 2433 1649 cit.
2459 1610 2513 1665 p.
2546 1596 2659 1665 35.)

698 1694 752 1747 1.
790 1691 849 1749 Si
883 1693 1057 1748 vocali
1088 1693 1250 1748 alicui
1285 1692 1529 1748 luscinia:
1582 1706 1751 1746 verno
1792 1702 1896 1746 tem
1910 1707 2039 1763 pore
2073 1706 2191 1746 suae

2377 1694 2449 1741 α’.
2493 1687 2700 1758 Ἀηδὸνι
2728 1688 2835 1742 τινὶ
2890 1689 3193 1762 πολυφώνῳ
3223 1689 3396 1762 εῦηχα
3428 1692 3727 1766 κελᾳδούσῃ
3755 1700 3887 1768 περ).

622 1784 762 1841 viter
817 1784 1097 1839 resonanti
1141 1795 1327 1841 nostra
1352 1783 1551 1839 similis
1580 1791 1729 1838 esset
1749 1784 1946 1850 oratio,
1973 1782 2198 1837 laudare

622 1873 962 1945 aliquantum
1010 1889 1263 1946 magnam
1322 1874 1468 1928 illam
1526 1873 1773 1929 veritatis
1816 1888 2043 1941 vocem,
2075 1888 2198 1944 qua:

622 1968 784 2022 hodie
822 1968 1068 2024 nascitur
1092 2007 1108 2033 ,
1165 1966 1393 2022 forsitan
1421 1974 1609 2037 posset
1638 1980 1653 2021 :
1690 1967 1783 2021 sed
1810 1981 1934 2021 cum
1974 1967 2196 2036 gracilis

623 2070 793 2132 atque
840 2060 1047 2115 absona
1080 2058 1153 2114 sit
1178 2058 1354 2114 oratio
1380 2070 1566 2114 nostra
1594 2097 1611 2125 ,
1643 2058 1918 2129 quomodo
1955 2058 2198 2113 laudabit

622 2166 880 2221 magnum
912 2151 1077 2207 decus
1107 2149 1496 2221 prophetarum
1524 2150 1547 2203 ?
1592 2151 1872 2220 quomodo
1898 2149 2197 2205 celebrabit

620 2243 876 2298 eximiam
904 2242 1275 2313 apostolorum
1308 2240 1626 2312 dignitatem
1653 2241 1676 2293 ‘I
1722 2241 2000 2307 quomodo
2026 2241 2194 2311 glori-

620 2335 805 2389 ficabit
842 2336 1182 2405 peregrinam
1214 2343 1510 2404 martyrum
1560 2332 1833 2402 gloriam?
1880 2330 2051 2387 Porro
2090 2331 2194 2388 hoc

619 2426 753 2480 mihi
807 2439 1026 2495 quoque
1072 2424 1531 2480 considerandum
1578 2434 1703 2490 est,
1753 2424 1901 2494 quod
1947 2424 2002 2479 in
2070 2424 2193 2481 aliis

617 2518 834 2588 quidem
866 2517 1073 2572 sanctis
1101 2558 1116 2583 ,
1168 2517 1307 2572 alius
1348 2516 1513 2570 alium
1568 2516 1842 2581 laudavit,
1879 2516 2057 2572 celsus
2084 2516 2193 2572 cel-

614 2627 764 2678 sum,
802 2611 982 2666 minor
1006 2610 1312 2666 minorem:
1339 2612 1433 2666 sed
1459 2612 1578 2679 ejus
1609 2610 1703 2680 qui
1740 2625 1887 2664 nunc
1914 2611 2187 2676 laudatur,

616 2714 745 2760 ante
785 2718 980 2759 omnes
1012 2704 1127 2774 ipse
1155 2702 1429 2768 Christus,
1468 2702 1612 2758 Deus
1644 2719 1709 2759 ac
1743 2704 1968 2766 veritas,
2001 2702 2191 2756 laudes

613 2796 1004 2867 pronuntiavit.
1028 2796 1117 2849 Ait
1142 2796 1287 2849 enim
1312 2812 1325 2847 ε
1353 2794 1528 2864 Major
1549 2793 1755 2849 Joanne
1777 2794 2023 2865 Baptista
2051 2796 2189 2849 inter

615 2898 767 2943 natos
809 2888 1088 2941 mulierum
1130 2902 1235 2940 non
1283 2888 1514 2939 surrexit
1544 2886 1609 2939 ⁸⁸.
1656 2884 1791 2950 Quia
1839 2887 2004 2956 igitur
2041 2893 2190 2940 tanta

615 2983 855 3050 suppetit
919 2993 1116 3049 magno
1182 2977 1515 3033 Praecursori
1567 2978 1942 3048 sublimisque
1980 2979 2100 3033 laus
2158 2993 2189 3032 a

615 3086 884 3142 suprema:
927 3070 1274 3126 auctoritatis
1315 3070 1536 3137 Verbo;
1596 3084 1726 3123 num
1785 3068 1832 3125 is
1886 3068 2065 3124 adhuc
2106 3069 2191 3123 in-
2218 3037 2260 3095 α

616 3164 761 3234 uiget
799 3162 996 3233 exiguo
1030 3170 1217 3217 nostro
1247 3176 1522 3226 sermone,
1551 3174 1585 3215 o
1620 3160 1852 3215 studiosi
1880 3160 2193 3216 auditores?

614 3253 806 3322 Absit;
861 3253 959 3312 sed
991 3255 1187 3311 servile
1216 3252 1582 3323 persolventes
1603 3253 1843 3307 debitum
1871 3295 1885 3317 ,
1936 3260 1990 3305 et
2014 3250 2191 3306 Patris

611 3346 825 3415 iussum
854 3356 1214 3414 exsequentes
1237 3383 1253 3411 ,
1300 3353 1355 3400 et
1382 3345 1536 3415 quasi
1581 3358 1646 3399 ex
1681 3344 1795 3399 sola
1828 3342 2191 3397 Praecursoris

617 3438 893 3491 mentione
934 3435 1310 3491 sanctificandl
1352 3436 1527 3492 simus
1552 3477 1566 3501 ,
1622 3444 1863 3489 nostram
1904 3434 2187 3488 audaciam

614 3530 985 3585 ostendemus.

694 3621 753 3675 2.
785 3621 1029 3691 Agedum
1078 3623 1243 3689 igitur
1272 3620 1415 3675 diem
1443 3618 1640 3674 festum
1668 3617 1781 3688 jam
1814 3617 2148 3674 celebremus
2173 3658 2188 3684 ,

611 3708 681 3765 ad
752 3711 986 3765 natalem
1043 3710 1421 3764 honorandum
1494 3707 1765 3778 frequenti
1842 3708 2191 3763 multitudine

612 3803 1006 3858 conveniamus
1032 3841 1046 3866 ,
1102 3817 1278 3869 neque
1310 3802 1508 3856 accola:
1536 3801 1915 3855 tantummodo
1939 3842 1955 3866 ,
2002 3816 2189 3855 verum

609 3895 775 3952 etiam
824 3895 1076 3950 universa
1125 3894 1511 3950 intellectualis
1557 3891 1816 3947 Jordanis
1866 3894 2039 3963 regio.
2095 3892 2190 3946 Vi-

610 3988 838 4042 deamus
888 3985 1232 4057 peregrinum
1291 3986 1656 4056 mysterium;
1715 3994 2023 4055 spectemus
2095 4000 2190 4040 ne-

610 4081 818 4151 gotium
868 4078 1030 4133 hodie
1089 4088 1287 4147 praeter
1353 4092 1570 4131 omnem
1653 4093 1799 4147 spem
1875 4083 2186 4146 patratum;

609 4171 1020 4227 consideremus
1050 4168 1328 4224 Zachariae
1360 4183 1447 4223 res
1468 4207 1483 4232 ,
1511 4168 1866 4240 vicissimque
1898 4184 2191 4225 narremus

610 4278 734 4334 quae
770 4261 1057 4317 Elisabetze
1106 4272 1256 4315 sunt.
1322 4258 1440 4313 Non
1489 4275 1556 4314 ex
1598 4262 1857 4317 obscuris
1910 4277 2040 4333 ergo
2090 4276 2190 4331 pa-

611 4355 896 4420 rentibus,
942 4361 1002 4407 ut
1048 4353 1176 4407 hinc
1218 4352 1384 4406 etiam
1444 4352 1714 4408 maximus
1746 4360 2008 4423 appareat
2048 4350 2188 4406 Prte-

609 4463 827 4515 cursor,
860 4447 955 4504 sed
979 4463 1047 4503 ex
1076 4446 1383 4501 illustribus
1408 4445 1735 4517 inclytisque
1761 4447 2022 4523 nascitur.
2046 4443 2181 4500 Nam

609 4540 746 4595 alter
770 4539 985 4609 quidem
1034 4546 1154 4592 erat
1205 4538 1372 4591 veluti
1413 4538 1595 4592 Aaron
1652 4548 1872 4608 propter
1914 4553 2080 4593 canos
2133 4546 2187 4591 et

606 4630 929 4700 dignitatem
956 4668 972 4692 ,
1024 4627 1348 4684 sacerdotali
1395 4636 1545 4682 veste
1574 4629 1796 4683 indutus
1831 4647 1844 4683 :
1876 4626 2137 4698 pectorali
2167 4666 2183 4691 ,

605 4721 829 4792 Inquam
862 4763 877 4787 ,
935 4728 991 4775 et
1046 4719 1484 4789 superhnmerali
1517 4760 1532 4783 ,
1603 4721 1845 4790 poderc,
1911 4720 2182 4774 fimbriata

606 4818 817 4875 tunica,
878 4812 1093 4878 cidari,
1138 4822 1301 4881 atque
1358 4826 1516 4878 zona,
1586 4829 1705 4883 quae
1762 4812 1943 4867 omnia
2006 4828 2181 4877 auro,

605 4905 1167 4979 gemmis,byacintlto
1188 4944 1202 4969 ,
1236 4904 1508 4975 byssoque
1531 4914 1687 4960 erant
1733 4906 1940 4960 variata
1976 4923 1988 4960 :
2019 4914 2183 4976 atque

603 5000 677 5056 ita
729 5000 780 5053 iu
820 4999 1021 5054 Sancta
1052 5009 1366 5054 sanctorum
1399 4996 1805 5068 ingrediebatur
1840 5012 1934 5067 per
1968 5005 2182 5067 tempus

673 5117 718 5149 “
752 5116 942 5171 Matth.
980 5130 1056 5181 xl,
1090 5113 1180 5171 Η.

673 5236 785 5306 (15)
826 5232 1138 5306 Qrationem
1181 5230 1320 5306 hanc
1348 5226 1677 5306 esbibtterat
1704 5221 1898 5303 Latine
1929 5230 2169 5306 tantum-

601 5293 779 5360 modo,
820 5302 1177 5357 Combelisius
1236 5301 1287 5350 in
1338 5294 1665 5350 Bibliotheca
1721 5293 2164 5360 conciouatoria,

600 5358 793 5439 ιῗνιι,
832 5388 885 5442 p.
923 5371 1041 5426 129.
1082 5369 1194 5423 Nos
1238 5382 1386 5442 nunc
1425 5364 1611 5442 Graece
1640 5364 1878 5442 pri-nitnn
1920 5378 1986 5415 ex
2014 5358 2171 5442 Yali-

601 5461 739 5500 cano
769 5432 953 5498 codice
984 5444 1250 5495 eruimus.
1286 5435 1403 5490 Jam
1428 5432 1740 5489 Combelisii
1768 5432 2173 5501 interpretatio-

602 5531 727 5570 nem
767 5526 909 5582 stepe
936 5510 1168 5564 libenter
1197 5508 1373 5582 secuti
1403 5520 1613 5566 sumus,
1645 5517 1788 5572 saepe
1814 5504 1979 5582 etiam
2009 5503 2077 5582 ab
2106 5516 2171 5554 ea

598 5570 977 5647 discessimus,
1012 5589 1124 5634 tum
1157 5579 1229 5633 ob
1272 5578 1407 5631 alias
1436 5590 1655 5636 causas,
1698 5570 1809 5647 tum
1844 5572 1969 5642 quia
2009 5570 2173 5625 Com-

596 5655 826 5710 bellsius
856 5643 1074 5706 Graecas
1112 5648 1380 5703 dictiones
1409 5658 1515 5699 non
1555 5658 1662 5698 una
1704 5643 1821 5697 vice
1853 5657 2015 5712 prave
2054 5656 2173 5695 om-

602 5726 732 5778 ttittn
776 5722 1173 5791 explicaverat;
1222 5716 1276 5773 id
1308 5716 1457 5787 quod
1491 5713 1811 5784 philellenes
1853 5726 1977 5767 vere
2009 5726 2039 5765 a
2084 5724 2171 5764 me

600 5795 708 5850 dici
743 5791 1098 5863 comperient.

2300 1780 2400 1845 τὰς
2447 1782 2670 1852 ἑαρινάς
2707 1782 2857 1853 ῶρας
2898 1782 3090 1847 ἐοικὼς
3138 1786 3272 1854 ήμῖν
3330 1787 3359 1839 6
3402 1785 3579 1855 λόγος,
3630 1781 3793 1859 εὗρεν
3819 1790 3889 1845 ἀν

2297 1871 2442 1942 τάχα
2478 1874 2543 1926 ἐκ
2582 1872 2779 1944 μικροῦ
2800 1874 3111 1945 ἀνυμνῆσαι
3138 1876 3241 1946 τὴν
3283 1877 3530 1949 μεγάλην
3568 1880 3756 1951 φωνὴν
3785 1884 3887 1953 τῆς

2298 1964 2561 2036 ἀληθείας
2585 1966 2827 2035 σήμερον
2851 1967 3292 2042 ἀποκυουμένηνσ
3310 1971 3433 2024 ἐπεὶ
3455 1970 3511 2025 δέ
3540 1973 3689 2027 ἔστιν
3716 1975 3888 2043 ίσχνο-

2297 2056 2435 2128 επὴς
2466 2057 2559 2111 καὶ
2592 2057 2871 2126 δύσφωνος
2907 2059 3068 2128 ἄγαν,
3105 2060 3224 2124 πῶς
3255 2061 3488 2133 ὑμνήσει
3510 2063 3571 2115 τὸ
3604 2064 3750 2133 μέγα
3774 2064 3887 2119 τῶν

2299 2145 2595 2217 προφητῶν
2622 2146 2805 2213 κλέος;
2844 2147 2959 2210 πῶς
2991 2149 3195 2202 αίνέσει
3223 2150 3283 2204 τὸ
3306 2150 3581 2220 ἐξαίρετον
3613 2152 3723 2207 τῶν
3749 2156 3887 2209 ἁπο-

2299 2238 2501 2293 στόλων
2534 2239 2734 2308 γέρας;
2765 2240 2881 2304 πῶς
2912 2240 3129 2305 δοξάσει
3165 2243 3227 2297 τὺ
3262 2244 3413 2313 ξένον
3444 2246 3552 2300 τῶν
3587 2248 3885 2319 μαρτύρων

2298 2330 2504 2396 σέϐας;
2560 2331 2669 2384 Καί
2703 2349 2793 2403 μοι
2835 2332 3140 2403 σκοπητέον
3172 2335 3354 2403 τοῦτο,
3383 2338 3464 2391 ὅτι
3495 2338 3588 2392 ἐπὶ
3627 2339 3731 2409 μὲν
3773 2340 3885 2396 τῶν

2296 2420 2472 2475 ἄλλων
2511 2422 2708 2491 ἀγίων,
2758 2422 2917 2487 ἄλλος
2967 2423 3132 2477 ἄλλου
3191 2425 3437 2499 διείληφε
3476 2429 3544 2482 τά
3597 2430 3881 2501 ἐγκώμια,

2295 2513 2497 2584 ὑψηλὸς
2525 2514 2754 2585 ὑψηλοῦ,
2775 2516 2871 2569 καὶ
2902 2517 3128 2587 μετρίου
3156 2519 3542 2590 μετριώτερος·
3573 2519 3668 2573 τοῦ
3694 2520 3751 2575 δὲ
3786 2522 3882 2576 νῦν

2294 2605 2712 2676 εὐφημουμένου
2737 2608 2842 2679 πρὸ
2860 2607 2970 2661 τῶν
2999 2609 3196 2676 ἀλλων,
3230 2612 3391 2675 αὐτὸς
3419 2612 3653 2681 Χριστὸς
3682 2613 3711 2665 6
3745 2614 3883 2679 Θεὸς

2294 2697 2596 2768 ήάλήθειαο
2630 2699 2764 2769 φησὶ
2797 2698 2926 2770 γάρ’
2958 2701 3184 2762 Μείζων
3212 2703 3494 2757 Ἰωάννου
3517 2703 3624 2758 τοῦ
3654 2708 3880 2761 Βαίτιο-

2293 2787 2445 2842 στοῦ
2495 2787 2565 2841 ἐν
2621 2790 2933 2859 γεννητοῖς
2998 2794 3301 2859 γυναικῶν
3359 2794 3471 2846 οὐκ
3537 2793 3875 2865 ἐγήγερται.

2307 2879 2459 2932 Ἐπεὶ
2498 2878 2593 2933 οῦν
2626 2880 2881 2943 τοσοῦτος
2916 2881 3200 2951 περίεστιν
3228 2884 3257 2935 ὀ
3297 2882 3517 2947 ἔπαινος
3541 2884 3621 2955 τῷ
3650 2886 3878 2958 μεγάλῳ

2295 2970 2593 3042 Προδρόμῳ
2627 2972 3035 3041 ἀνυπέρϐλητος
3087 2975 3152 3026 ὲκ
3202 2972 3297 3027 τοῦ
3358 2975 3621 3030 ἀνωτάτω
3669 2976 3874 3046 Λόγου.

2297 3064 2372 3133 μή
2420 3081 2473 3116 τι
2512 3064 2619 3133 ἀρα
2651 3063 2832 3134 ἐνδεής
2885 3066 3001 3118 ὲστι
3040 3066 3139 3136 τῆς
3171 3067 3445 3138 ἡμετέρας
3482 3067 3873 3140 βραχυλογίας,

2291 3148 2336 3207 ὦ
2369 3154 2839 3225 φιλακροάμονες;
2883 3158 3096 3226 Ἀπαγε
3117 3173 3130 3189 ·
3162 3158 3300 3212 ἀλλά
3356 3159 3601 3215 δουλικὸν
3644 3161 3875 3216 ἀποτιν-

2291 3247 2479 3311 νύντες
2527 3248 2721 3320 χρέος,
2782 3249 2874 3303 καὶ
2926 3250 3198 3321 Πατρικδν
3248 3251 3358 3322 (14)
3418 3251 3875 3323 ἀποπληροῦντες

2290 3340 2704 3410 ἔπίταγμα,καὶ
2731 3340 2808 3402 ώς
2836 3342 3294 3413 ἀγιασθησόμενοι
3324 3345 3389 3397 ὲκ
3423 3344 3589 3415 μόνης
3620 3345 3721 3415 τῆς
3747 3346 3879 3415 περὶ

2289 3436 2380 3489 τὸν
2409 3436 2728 3507 Πρόδρομον
2756 3437 3141 3508 ὑπομνήσεως,
3177 3438 3239 3491 τὸ
3261 3438 3533 3510 τολμηρὸν
3562 3438 3724 3511 ήμῶν
3758 3440 3879 3493 ἑπι-

2287 3526 2637 3599 δεικνύμεθα.

2362 3619 2430 3690 β’.
2470 3620 2641 3691 Δεῦρο
2667 3620 2732 3691 δὴ
2761 3615 2858 3675 οὖν
2891 3620 3080 3674 λοιπὸν
3115 3620 3215 3692 τήν
3256 3620 3468 3691 ἡμέραν
3499 3619 3872 3690 ἑορτάοωμεν,

2289 3714 2359 3767 τὰ
2406 3714 2500 3766 τοῦ
2553 3713 2797 3781 γενεσίου
2843 3711 3325 3782 πανηγυρίσωμεν,
3363 3711 3463 3780 οὐχ
3509 3711 3561 3764 oi
3596 3711 3874 3781 περίοικοι

2294 3807 2474 3875 μόνον,
2508 3804 2644 3857 ἀλλά
2683 3804 2777 3857 καὶ
2828 3805 2978 3856 πᾶσα
3018 3805 3051 3872 ἡ
3081 3800 3176 3856 τοῦ
3222 3801 3413 3874 νοητοῦ
3443 3802 3711 3874 Ἰορδάνου
3760 3804 3873 3874 (15)

2291 3898 2615 3968 περίχωρος·
2643 3896 2840 3967 ἴδωμεν
2865 3895 2925 3948 τὸ
2953 3895 3282 3967 ξενοπρεπὲς
3318 3895 3644 3965 μυστήριον,
3674 3895 3874 3966 ἴδωμεν

2289 3991 2350 4045 τὸ
2399 3991 2717 4062 παραδόξως
2772 3990 3096 4060 τελούμενον
3146 3992 3409 4062 σήμερον,
3441 3991 3882 4063 κατανοήσωμεν

2290 4082 2359 4137 τὰ
2398 4082 2492 4135 τοῦ
2544 4082 2833 4153 Ζαχαρίου,
2868 4079 3433 4152 ἀνθομολογησώμεθα
3466 4080 3534 4135 τὰ
3578 4081 3679 4151 τῆς
3728 4080 3875 4136 Ἐλι-

2293 4172 2483 4229 σὰὁετ.
2519 4174 2632 4226 Οὑκ
2660 4171 2716 4240 ἐξ
2744 4172 2986 4241 ἀγεννῶν
3015 4171 3195 4225 τοίνυν
3219 4171 3441 4239 γονέων,
3458 4171 3546 4225 ἵνα
3573 4171 3871 4226 κάντεῦθεν

2290 4265 2485 4336 δειχθῇ.
2509 4266 2765 4337 μέγιστος
2792 4267 2820 4318 6
2846 4265 3180 4337 Πρὸδρομος,
3214 4262 3350 4318 ἀλλά
3397 4263 3491 4315 καὶ
3520 4263 3647 4316 λίαν
3671 4265 3870 4333 ἐπισή-

2297 4375 2411 4430 μων
2444 4356 2538 4410 καὶ
2564 4356 2877 4425 περιδόξων’
2919 4358 2948 4409 6
3003 4355 3100 4425 μὲν
3130 4353 3239 4424 γάρ
3272 4353 3481 4423 Ἀαρών
3510 4369 3595 4415 τις
3625 4353 3722 4406 καὶ
3773 4351 3871 4424 τήν

2293 4446 2485 4503 πολιὰν
2540 4447 2635 4501 καὶ
2681 4448 2777 4517 τὴν
2807 4444 2983 4511 ἀξίαν,
3022 4444 3120 4515 τὴν
3152 4442 3432 4516 ἱερατικὴν
3471 4443 3670 4515 στολὴν
3695 4445 3873 4514 ἠμφιο

2292 4540 2542 4609 εσμένος,
2570 4539 2630 4591 τὸ
2661 4536 3011 4608 περιστήθιὸν
3039 4551 3202 4605 φημι,
3226 4533 3324 4604 τὴν
3347 4533 3619 4602 ἐπωμίδα,
3648 4533 3741 4586 τὸν
3769 4549 3871 4586 που

2289 4605 2450 4702 δήρη,
2491 4628 2582 4682 τόν
2620 4644 2679 4681 τε
2707 4605 3129 4697 κοσσὺμϐρωτον
3155 4625 3380 4693 χιτῶνα,
3419 4622 3519 4693 τὴν
3550 4622 3771 4693 κίδαρίν
3811 4638 3871 4675 τε
3892 4605 3906 4613 δ

2290 4724 2386 4776 καὶ
2423 4720 2624 4791 ζώνην,
2653 4717 2722 4772 τὰ
2755 4718 2818 4770 ὲκ
2849 4715 3054 4787 χρυσοῦ
3077 4732 3137 4768 τε
3168 4715 3264 4769 καὶ
3300 4713 3462 4767 λίθων
3483 4714 3579 4766 καὶ
3608 4712 3869 4766 ὑακίνθου

2291 4812 2384 4866 καλ,
2433 4810 2633 4881 βύσσου
2686 4806 3099 4876 πεποικιλμένα·
3137 4806 3231 4859 καὶ
3280 4804 3450 4867 οὕτως
3478 4805 3557 4867 είς
3587 4803 3659 4856 τά
3701 4804 3871 4873 Ἀγια

2290 4904 2399 4958 τῶν
2429 4903 2601 4972 ἁγίων
2643 4899 2852 4961 εἰσιὼν,
2883 4898 3023 4951 κατά
3063 4897 3159 4969 τὴν
3192 4896 3498 4968 ὲφημερίαν
3523 4895 3625 4966 τῆς
3654 4897 3869 4966 ἱερουρ-

2290 4998 2415 5067 γίας
2447 5013 2462 5028 ·
2508 4996 2542 5065 ή
2586 4992 2640 5046 δὲ
2692 4990 2790 5061 τῆς
2823 4989 3041 5061 Σάρρας
3097 4988 3365 5058 ίσοκ).εὴς,
3418 4987 3514 5041 καὶ
3574 4986 3779 5058 μᾶλλον
3814 4986 3868 5040 δὲ

2350 5222 2469 5304 (14).
2502 5219 2648 5276 Satis
2676 5228 2933 5304 constare
2967 5218 3181 5304 videtur
3202 5216 3501 5304 ξιυ-ιίὶιξιὲφμ
3513 5214 3869 5304 tetatejuvef

2279 5285 2375 5348 nili
2422 5285 2705 5361 plerasque
2752 5290 2850 5345 has
2889 5285 3588 5366 panegyricasprationes
3616 5285 3863 5366 dixisse;

2278 5378 2387 5432 quo
2422 5354 2677 5429 'tempo're
2736 5354 2953 5432 nonnisi
2997 5354 3154 5432 jussu
3191 5356 3289 5432 _vel
3343 5354 3588 5432 episcopi
3643 5355 3733 5409 sui
3781 5354 3864 5409 vel

2279 5426 2488 5487 abbatis
2527 5426 2843 5484 monasterii
2893 5426 3203 5483 concionari
3235 5434 3467 5494 poterat.
3520 5426 3700 5491 Quem
3745 5438 3861 5494 mo:

2275 5518 2392 5558 rem
2438 5502 2492 5555 in
2530 5497 2793 5570 Gregorio
2816 5509 3034 5569 quo‘que
3078 5492 3419 5550 Antio'cbeno
3462 5494 3670 5549 videsis
3719 5492 3861 5565 apud

2279 5587 2380 5621 nos
2411 5580 2450 5621 t.
2480 5568 2547 5621 ΙΙ.
2568 5585 2621 5621 ι).
2657 5570 2780 5621 557.

2278 5587 2380 5627 nos
2411 5580 2450 5625 t.
2480 5570 2547 5631 ll,
2568 5585 2621 5631 ι),
2657 5570 2780 5623 557.

2352 5585 2789 5711 (sli‘io)“.l'oli'i_l_:ti)els
2822 5636 3077 5711 baptismi
3139 5633 3449 5705 symbolum
3493 5633 3568 5711 _i_u
3625 5633 3860 5711 musivis

2289 5702 2569 5767 Romanis.
2613 5708 2709 5766 llic
2740 5708 2871 5766 dicit
2895 5702 3207 5778 baptizatos
3236 5718 3451 5762 omnes.
3490 5705 3545 5759 id
3580 5713 3669 5760 est
3702 5702 3861 5759 Chri-

2288 5781 2517 5837 stianos.
