4018 6304
180 395 283 462 749

866 398 1145 458 ORATIO
1181 397 1314 462 VII.
1354 425 1420 433 —
1455 399 1536 459 IN
1574 401 1633 459 S.
1655 396 1973 460 JOANNIS
2008 395 2219 457 BAPT.
2247 396 2760 459 NATIVITATEM

3322 407 3424 471 750

181 506 512 582 ὑπερκλεής,
569 506 646 572 ὡς
689 510 784 562 καίΙ
831 513 899 580 τῇ
960 511 1262 581 Θεομήτορι
1318 513 1753 581 ἀγχιστεύουσα⁶

1865 509 2152 565 ministerii
2181 509 2289 565 sui.
2338 507 2434 564 llla
2477 525 2609 565 vero
2646 511 2793 567 Sara
2841 511 3010 582 gloria
3041 515 3296 585 aqualis,
3337 523 3424 577 vel

182 601 343 671 γεννᾷ
367 601 479 671 γάρ
505 600 571 652 ἐκ
596 600 933 669 πειρώσεως
954 601 1073 653 κατ’
1091 601 1421 669 ἐπαγγελίαν
1443 602 1542 654 οὐκ
1560 593 1756 655 Ἰσαὰκ

180 690 366 744 δοῦλον
395 691 533 743 Θεοῦ
563 690 850 758 κληθέντα,
886 690 1003 743 ἀλλ’
1032 690 1287 760 Ἰωάννην
1314 691 1406 744 τὸν
1442 692 1593 760 φίλον
1622 693 1756 762 γνή-

183 802 294 839 σιον
323 783 532 853 Κυρίου
573 782 1011 853 χρηματίσαντα.
1037 783 1100 834 Ὢ
1128 782 1324 849 ἀγόνου
1356 782 1546 850 νηδύος
1579 783 1756 834 toro?)-

179 892 271 928 τον
322 875 745 944 κυοφορησάσης
775 873 937 926 παῖδα
963 873 975 925 l
1006 873 1051 925 ὢ
1101 874 1352 944 ἀκάρπου
1391 874 1630 943 ἀρούρας
1661 891 1756 944 τη-

180 967 447 1034 λικαύτην
516 965 898 1036 βλαστησάσης
954 966 1230 1035 άσταχυν·
1295 964 1382 1018 διὰ
1443 965 1598 1018 τοῦτο
1655 967 1755 1018 οὐκ

180 1058 522 1128 ἀποκνητέον
559 1057 630 1110 τὰ
670 1057 765 1110 τοῦ
822 1056 1336 1126 μεγαλοφωνοτάτου
1377 1058 1602 1111 Ἡσαΐου
1636 1076 1756 1112 και-

180 1149 400 1219 νρτερόν
454 1165 570 1210 πως
619 1148 712 1200 καὶ
763 1147 897 1218 πρὸς
929 1148 1099 1219 αὐτὴν
1132 1149 1607 1219 ἀποφθέγξασθαι·
1638 1135 1756 1205 Εὺί

179 1238 496 1309 φρὰνθητι,
527 1237 732 1305 στεῖρα
758 1238 796 1305 ἡ
828 1240 900 1292 οὐ
929 1240 1243 1298 τίκτουσαῖ
1259 1241 1455 1308 ῥῆξον
1483 1242 1582 1294 καί
1604 1243 1756 1309 ﬁdu-

178 1349 314 1398 σον,
335 1333 375 1400 ἡ
406 1332 517 1385 οὐκ
545 1329 864 1396 ὠδίνουσα,
893 1333 970 1385 ὅτι
1007 1330 1304 1402 ἐξήνθησας
1331 1335 1393 1386 ἐκ
1421 1334 1517 1402 τῆς
1545 1333 1752 1403 ἐρήμου

183 1425 400 1494 μήτρας
427 1421 490 1474 τὸ
532 1420 717 1491 κρίνον
744 1421 842 1490 τῆς
875 1421 1118 1488 ἁγνείας,
1157 1421 1218 1473 τὸ
1268 1422 1417 1490 ῥόδον
1453 1423 1555 1491 τῆς
1589 1439 1753 1476 πνευ-

182 1516 422 1585 ματικῆς
479 1512 756 1584 εὐοδμίας,
816 1512 907 1565 τὸν
970 1511 1211 1581 λειμῶνα
1256 1514 1357 1583 τῆς
1410 1513 1753 1584 ἀγαθοφόρου

180 1606 533 1678 ἐγκρατείας,
559 1605 648 1658 τὸν
668 1605 990 1676 ήμεροφανῆ
1035 1605 1333 1677 λαμπτῆρα
1382 1605 1483 1676 τῆς
1516 1607 1752 1678 Χριστοῦ

181 1697 529 1766 ἐπιφανείας,
564 1697 816 1767 Ἰωάννην
859 1697 949 1752 τὸν
983 1697 1376 1770 θεοπρόὸλητον
1412 1700 1753 1770 στρατιώτην

179 1788 272 1843 τοῦ
320 1788 578 1859 οὐρανίου
631 1788 912 1858 βασιλέως,
977 1789 1070 1842 τὸν
1105 1789 1324 1861 ἄριστον
1369 1790 1469 1860 τῆς
1517 1792 1752 1862 Χριστοῦ

1857 601 2039 670 potius
2085 603 2371 671 superior,
2411 611 2600 673 utpote
2631 602 2725 657 Dei
2763 603 2987 660 Matrem
3023 609 3420 680 pr0pinquitate

1859 691 2203 761 contingens.
2258 690 2406 745 Parit
2473 695 2616 746 enim
2677 710 2741 748 ex
2801 697 3085 753 sterilitate
3125 704 3420 758 secundum

1857 779 2322 850 promissionem,
2382 782 2527 837 haud
2587 781 2830 839 lsaacum
2893 785 2988 842 Dei
3041 805 3261 845 servum
3323 808 3424 846 vo-

1857 882 2038 926 catum
2080 873 2162 935 ",
2215 873 2310 928 sed
2339 871 2602 929 Joannem
2652 876 2741 944 qui
2777 893 2937 933 verus
2970 877 3183 935 Domini
3219 884 3427 938 exstitit

1858 964 2084 1019 amicus.
2140 962 2184 1018 Ο
2238 960 2478 1020 sterilem
2524 975 2781 1034 uterum,
2832 971 2926 1039 qui
2979 972 3141 1026 talem
3190 975 3426 1043 gestavit

1856 1053 2029 1109 ﬁlium
2058 1056 2070 1108 ί
2097 1054 2140 1111 0
2173 1055 2577 1114 infructuosum
2607 1074 2818 1128 agrum,
2850 1064 2941 1130 qui
2975 1061 3080 1119 tale
3102 1075 3424 1137 tantumque

1856 1143 2064 1212 Spicum
2135 1146 2493 1213 germinavit!
2563 1145 2928 1212 Quamobrem
2980 1165 3086 1208 non
3150 1163 3232 1209 est
3287 1171 3423 1211 cun-

1854 1231 2114 1287 ctanduni
2143 1235 2308 1289 verba
2339 1236 2425 1290 illa
2472 1239 2802 1294 vocalissimi
2837 1240 2988 1297 Isaia
3018 1260 3154 1300 novo
3184 1248 3420 1318 quodam

1855 1329 2019 1382 modo
2041 1329 2105 1384 de
2125 1331 2240 1399 ipsa
2269 1331 2483 1386 dicere:
2511 1331 2739 1400 Latare,
2759 1339 2957 1393 sterilis
2984 1356 3099 1409 qua:
3123 1357 3224 1395 non
3254 1346 3424 1412 paris;

1855 1435 2069 1489 erumpe
2097 1430 2146 1475 et
2187 1423 2516 1493 clama,quw
2541 1441 2642 1478 non
2673 1430 2909 1494 parturit
2942 1426 3024 1495 ’°,
3063 1430 3319 1501 quoniam
3361 1451 3429 1492 ex

1857 1511 2068 1567 deserta
2100 1513 2328 1570 matrice
2357 1523 2449 1570 tua
2478 1516 2654 1571 lilium
2685 1515 2922 1576 efﬂoruit
2944 1523 3277 1592 sanctitatis,
3306 1542 3426 1581 rosa

1858 1602 2120 1671 spiritalis
2160 1603 2464 1670 suavitatis,
2493 1618 2710 1676 pratum
2744 1610 2892 1666 utilis
2917 1615 3264 1670 continentiae
3286 1655 3300 1680 ,
3333 1615 3426 1671 fax

1858 1691 2093 1748 interdiu
2127 1710 2345 1765 quoque
2389 1699 2684 1767 conspicua
2719 1698 2919 1755 Christi
2943 1703 3234 1773 adventus,
3274 1703 3410 1762 Joan

1855 1799 1954 1840 nes
2006 1800 2036 1840 a
2102 1784 2211 1842 Deo
2262 1788 2466 1844 electus
2523 1791 2680 1845 miles
2717 1790 2952 1848 calestls
2981 1795 3153 1865 regis,
3185 1799 3421 1868 optimus

180 1856 553 1951 νυμφαγωγὸν
579 1856 934 1949 Ἐκκλησίας,
960 1880 1049 1934 τὸν
1077 1856 1339 1952 άσίγητον
1371 1856 1624 1953 μάρτυρα
1656 1885 1754 1953 τῆς

1865 1874 2114 1931 Ecclesia
2189 1877 2392 1934 Christi
2459 1883 2897 1954 paranymphns,
2949 1856 3099 1942 testis
3139 1856 3429 1960 nunquam

178 1967 350 2033 ὅντως
400 1970 681 2041 ἀληθείας,
712 1969 962 2042 Ἰωάννην
1015 1973 1105 2026 τὸν
1165 1971 1484 2044 διαπρύσιον
1537 1976 1756 2043 κήρυκα

179 2065 280 2134 τῆς
311 2063 630 2134 μετανοίας,
660 2064 752 2118 τὸν
779 2067 838 2118 ὲν
871 2066 1082 2135 σώματι
1110 2064 1339 2133 ἄγγελον
1373 2066 1467 2119 τοῦ
1522 2068 1752 2135 Κυρίου,

179 2157 270 2209 τὸν
309 2155 626 2226 ἐκφάντορα
643 2155 737 2208 τοῦ
758 2156 954 2224 Ἀμνοῦ
974 2155 1067 2207 τοῦ
1099 2157 1342 2225 αἴροντος
1365 2156 1460 2228 τὴν
1482 2157 1757 2228 ἁμαρτίαν

178 2246 273 2300 τοῦ
335 2249 566 2317 κόσμου’
616 2247 713 2299 καὶ
756 2247 863 2299 οὐδ’
904 2246 968 2299 ἂν
1022 2245 1187 2300 αὑτοῦ
1246 2247 1598 2318 περιλάϐοιμι
1659 2249 1758 2311 τὰς

178 2339 358 2405 ἀξίας,
411 2339 516 2391 κᾶν
569 2337 737 2391 πλείω
771 2336 1068 2407 προσθείην
1115 2338 1213 2408 τῆς
1241 2338 1486 2409 κλήσεως
1533 2339 1602 2390 τά
1639 2339 1759 2390 ὀνό-

183 2446 351 2502 ματα·
388 2427 742 2498 πολυώνυμος
788 2428 896 2498 γάρ
921 2428 1002 2492 τίς
1047 2430 1182 2496 ἐστι,
1223 2429 1320 2484 καὶ
1363 2428 1668 2495 πολυάξιος,
1697 2430 1758 2483 τὸ

182 2523 370 2594 μεῖζον
417 2521 570 2592 παρὰ
602 2520 810 2585 πάντας
845 2521 973 2586 τοὺς
1029 2523 1286 2593 χριστοὺς
1321 2523 1526 2591 Κυρίου
1558 2522 1754 2592 κεκλη-

183 2603 452 2687 ρωμένος.

248 2736 320 2797 γ’.
363 2728 476 2782 Καὶ
505 2727 638 2796 γοῦν
669 2728 897 2798 τιμᾶται
926 2727 1022 2780 καὶ
1047 2726 1232 2780 Ἰσαάκ
1264 2725 1359 2779 τοῦ
1413 2727 1756 2796 προπάτορος

179 2826 239 2878 τὸ
263 2823 534 2892 γενέσιον,
572 2823 740 2893 ὅνπερ
785 2822 973 2892 Σάρρα
1006 2819 1346 2874 συλλαϐοῦσα
1384 2820 1477 2873 καὶ
1523 2817 1758 2871 τεκοῦσα

181 2917 296 2971 υίδν
360 2917 443 2978 είς
483 2915 680 2985 γῆρας,
716 2909 835 2966 εἶτα
900 2913 996 2965 καὶ
1037 2911 1286 2974 εἰποῦσα,
1315 2909 1416 2973 Τίς
1441 2909 1766 2977 ἀναγγελεῖ

192 3009 454 3076 Ἀϐραὰμ
487 3005 577 3058 ὅτι
611 3001 846 3071 θηλάζει
876 3001 1075 3069 Σὰρῤα
1133 2999 1374 3052 παιδίον
1386 3016 1405 3064 ;
1456 3000 1540 3068 ἐφ’
1569 2993 1614 3067 ᾧ
1665 2999 1760 3051 καὶ

184 3099 430 3170 μεγάλην
472 3096 637 3166 δοχὴν
662 3094 833 3148 ποιῶν
865 3095 1110 3162 φαίνεται
1139 3093 1196 3144 ἐν
1227 3090 1412 3163 ἡμέρᾳ
1449 3092 1548 3162 τῆς
1591 3091 1757 3144 αὐτοῦ

1859 1961 2058 2017 tacitus
2084 1962 2203 2032 ejus
2227 2004 2242 2028 ,
2288 1981 2409 2035 qua
2443 1983 2570 2023 vere
2603 1976 2704 2036 est,
2758 1974 3018 2037 veritatis,
3050 1973 3287 2033 Joannes
3313 1993 3427 2048 pa-

1859 2055 2098 2109 nitentia
2156 2072 2393 2115 canorus
2452 2077 2663 2128 praeco,
2717 2077 2840 2117 cum
2898 2080 3127 2135 corpore
3207 2070 3433 2139 angelus

1862 2143 2109 2214 Domini,
2156 2149 2318 2204 index
2356 2151 2491 2220 Αενί
2540 2152 2634 2222 qui
2698 2155 2834 2210 tollit
2886 2168 3162 2226 peccatum
3217 2162 3427 2218 mundi.

1859 2232 2049 2310 Neque
2104 2238 2310 2305 possim
2348 2240 2467 2308 ejus
2517 2242 2804 2312 complecti
2852 2244 3204 2315 dignitatem,
3257 2264 3432 2318 quan-

1863 2327 2062 2382 tumvis
2110 2330 2330 2383 nomina
2373 2332 2799 2401 appellationum
2852 2337 3207 2407 multiplicem
3245 2359 3258 2407 ;
3303 2356 3429 2411 per-

1860 2419 2059 2473 multos
2091 2421 2237 2473 enim
2276 2422 2460 2477 titulos
2487 2423 2886 2497 dignitatesque
2909 2428 3092 2497 habet,
3119 2433 3292 2502 majus
3317 2448 3430 2504 pra

1859 2510 2113 2565 omnibus
2145 2510 2362 2567 Domini
2396 2516 2574 2572 unctis
2609 2515 2851 2572 ofﬁcium
2884 2521 3128 2578 sortitus.

1931 2710 1983 2764 3.
2024 2710 2166 2768 Sane
2216 2715 2270 2768 in
2308 2715 2516 2771 honore
2545 2717 2778 2772 habetur
2829 2719 3004 2776 lsaaci
3042 2738 3262 2792 quoque
3304 2739 3431 2794 pro-

1860 2801 2123 2870 genitoris
2179 2806 2455 2871 nativitas,
2526 2823 2687 2878 quem
2743 2825 2868 2866 cum
2914 2815 3253 2885 concepisset
3295 2817 3432 2873 Sara

1861 2892 2032 2946 ﬁlium
2064 2902 2119 2949 et
2149 2895 2201 2948 in
2236 2907 2514 2953 senectute
2532 2903 2856 2971 peperisset,
2876 2905 3014 2959 dixit
3047 2925 3059 2960 :
3098 2924 3115 2956 ι
3140 2906 3268 2971 Quis
3300 2925 3432 2962 nun-

1862 2982 2015 3038 tiabit
2043 2984 2344 3041 Abrahamo
2367 2991 2503 3058 quod
2527 2992 2667 3046 Sara
2691 2995 2915 3063 ﬁliolum
2944 2997 3098 3052 Iactet
3116 2999 3160 3031 ⁷¹
3185 2999 3207 3051 ?
3241 3018 3260 3050 ι
3293 2999 3435 3066 Quo-

1862 3076 2008 3130 circa
2041 3093 2298 3146 magnum
2326 3097 2543 3151 quoque
2573 3097 2793 3142 constat
2822 3098 3029 3157 patrem
3075 3089 3268 3146 fecisse
3297 3106 3433 3146 eon—

181 3166 693 3258 ἀπογαλακτίσεως.
745 3187 855 3238 Καὶ
909 3184 1138 3253 τιμᾶται
1182 3182 1344 3237 πάλιν
1401 3181 1639 3252 Σαμψὼν
1679 3182 1759 3254 [τὸ

1865 3166 2062 3221 vivium
2097 3169 2184 3224 die
2204 3170 2584 3229 ablactationis
2607 3176 2747 3244 ejus.
2785 3177 3092 3235 Honoratur
3124 3182 3250 3236 item
3280 3192 3435 3238 nata-

183 3278 450 3352 γενέσιον]
476 3277 573 3332 τοῦ
606 3276 889 3346 τεχθέντος
917 3274 1117 3330 Μανωὲ
1164 3275 1286 3329 κατ’
1315 3274 1668 3343 ἐπαγγελίαν,
1699 3277 1764 3326 ἐκ

184 3374 407 3444 στείρας
437 3370 534 3424 καὶ
561 3369 727 3431 αὐτὸς
756 3367 1191 3438 προερχόμενοςσ
1235 3364 1313 3432 ὃς,
1345 3367 1531 3433 φησὶν,
1557 3366 1618 3417 οὐ
1649 3364 1764 3416 πίε-

184 3483 272 3520 ται
300 3460 449 3518 οῐνον
503 3461 600 3514 καὶ
648 3459 860 3528 σίκερα,
891 3457 984 3509 καὶ
1011 3457 1072 3508 ού
1100 3455 1173 3525 μή
1211 3454 1359 3526 φάγῃ
1389 3456 1496 3506 πᾶν
1521 3453 1766 3523 ἀκάθαρ-

182 3575 295 3611 τονο
335 3555 436 3609 καί⁸
453 3552 619 3614 αὐτὸς
650 3549 871 3618 ἄρξεται
906 3546 1098 3611 σώζειν
1128 3546 1217 3600 τὸν
1244 3545 1461 3615 Ἰσραὴλ
1493 3546 1554 3597 ἐκ
1584 3544 1768 3614 χειρὸς

183 3647 526 3719 ἀλλοφύλων.
558 3644 677 3697 Ἐτι
705 3641 763 3696 δέ
797 3640 933 3711 πρὸς
970 3638 1200 3703 τούτοις,
1236 3637 1322 3690 ἵνα
1347 3639 1414 3691 τά
1453 3637 1560 3690 τῶν
1593 3637 1768 3691 ἄλλων

185 3739 472 3811 παραθέω,
531 3735 627 3790 καὶ
669 3731 926 3800 Σαμουὴλ
962 3731 1056 3784 τοῦ
1091 3731 1158 3784 τὰ
1200 3730 1511 3801 ἔμπροσθεν
1545 3730 1768 3799 βλέπον-

187 3848 298 3897 τος,
320 3831 381 3884 δν
408 3829 598 3881 ἔτεκεν
629 3827 662 3894 ἠ
693 3824 1072 3891 πολυΰμνητος
1111 3821 1276 3872 ΙἈννα
1302 3819 1379 3889 τῷ
1415 3819 1569 3890 ἀνδρὶ
1595 3819 1768 3888 αὐτῆς

199 3923 458 3992 Ἐλκανᾷ,
488 3915 800 3986 ἀναθεμένη
833 3915 896 3967 ἐκ
928 3912 1161 3985 βρέφους
1210 3911 1288 3982 τῷ
1333 3911 1471 3982 Θεῷ,
1504 3912 1647 3965 Ἀλλ’
1677 3910 1768 3964 οῦ-

185 4035 302 4081 πως
327 4016 431 4085 τῆς
449 4011 698 4065 Ἰωάννου
718 4008 1052 4078 τετυχήκασι
1082 4005 1520 4075 μεγαλειότητος,
1553 4007 1770 4073 ἀγαπη-

185 4110 287 4164 τοίο
329 4108 469 4162 διότι
497 4105 549 4158 oi.
587 4103 685 4174 μὲν
725 4100 831 4170 πρὸ
860 4099 1026 4168 νόμου
1050 4096 1145 4149 τοῦ
1168 4095 1439 4165 γραπτοῦ,
1467 4097 1513 4146 οἱ
1543 4095 1598 4146 δὲ
1634 4095 1771 4163 μετὰ

187 4205 350 4273 νόμον
374 4217 388 4230 ·
425 4199 683 4265 Ἰωάννης
709 4193 764 4245 δὲ
792 4194 820 4245 6
863 4191 977 4253 υίὸς
1011 4189 1280 4260 Ζαχαρίου
1315 4188 1409 4240 τοῦ
1456 4189 1648 4256 ἱερέως
1677 4188 1770 4239 καὶ

199 4294 482 4350 Ἐλισάὸετ
531 4290 629 4358 τῆς
688 4283 1033 4354 θαυμασίας,
1085 4281 1420 4353 προεισόδιον
1467 4279 1626 4343 ἄνθος
1675 4281 1772 4348 τῆς

189 4384 431 4458 Χριστοῦ
458 4377 784 4451 παρουσίας,
814 4375 1069 4429 ἀνέθαλλε
1113 4375 1276 4445 μέσον
1300 4372 1463 4443 νόμου
1493 4371 1590 4425 καὶ
1616 4371 1772 4440 χάρι-

190 4499 278 4543 τος
307 4473 612 4546 ἀναφανείς
636 4485 652 4500 ·
685 4468 1003 4539 προηύγασε
1041 4466 1148 4537 γάρ
1176 4468 1204 4518 6
1231 4463 1423 4535 νοητὸς
1471 4462 1768 4532 ἑωσφόρος,

1868 3259 1934 3314 lis
1975 3260 2280 3329 Samsonis,
2322 3281 2483 3335 quem
2517 3268 2712 3325 Manue
2757 3271 2924 3326 ﬁlium
2956 3275 3194 3344 suscepit
3239 3291 3434 3332 secun-

1866 3352 1995 3406 dum
2045 3355 2488 3423 promissionem,
2525 3360 2592 3414 de
2627 3370 2800 3416 matre
2831 3364 3001 3418 sterili
3051 3366 3303 3420 similiter
3343 3381 3437 3422 or-

1868 3452 1980 3498 tum
2016 3449 2175 3515 ;qui,
2208 3456 2267 3503 ut
2299 3446 2375 3502 ait
2421 3447 2703 3520 Scriptura
2724 3454 2790 3518 ⁷³,
2841 3455 3111 3512 bibiturus
3154 3473 3264 3513 non
3319 3469 3440 3515 erat

1869 3539 2056 3594 vinum
2107 3555 2285 3610 neque
2336 3541 2588 3606 siceram,
2630 3558 2728 3598 nec
2759 3544 3101 3600 immundum
3139 3548 3437 3618 quidquam

1869 3631 2297 3686 manducaturus
2327 3650 2342 3697 ;
2373 3633 2626 3702 idemque
2657 3634 2870 3691 initium
2910 3637 3155 3693 facturus
3190 3639 3440 3696 salvandi

1871 3722 2084 3778 lsraelis
2131 3723 2199 3779 de
2251 3724 2680 3795 alienigenarum
2719 3743 2906 3784 manu.
2955 3730 3150 3786 Prater
3207 3733 3327 3795 hos,
3380 3742 3443 3788 ut

1871 3814 2006 3869 alios
2052 3815 2322 3880 omittam,
2366 3815 2658 3882 Samuelis,
2711 3819 2806 3886 qui
2859 3835 2944 3875 res
2995 3820 3048 3874 in
3095 3830 3439 3878 antecessum

1871 3906 2105 3975 videbat,
2137 3908 2438 3961 honoratur
2467 3909 2667 3964 natalis
2692 3928 2706 3975 ;
2729 3926 2888 3978 quem
2920 3914 3126 3980 peperit
3153 3914 3441 3969 celeberri-

1871 4012 1960 4051 ma
1986 3997 2142 4055 Anna
2177 3998 2294 4052 viro
2341 4013 2441 4054 suo
2483 3997 2756 4063 Helcana,
2785 4011 2839 4057 et
2864 4002 2934 4057 ab
2963 4002 3193 4058 infantia
3224 4004 3334 4059 Deo
3362 4005 3444 4060 di-

1873 4091 2035 4146 cavit.
2070 4088 2190 4147 Sed”
2207 4092 2295 4148 isti
2328 4108 2435 4146 non
2465 4097 2698 4149 assecuti
2734 4105 2862 4150 sunt
2903 4093 3132 4151 Joannis
3169 4098 3442 4153 excellen-

1874 4180 2028 4244 tiam,
2062 4196 2094 4233 ο
2119 4181 2306 4234 dilecti
2338 4198 2353 4246 ;
2400 4197 2525 4235 nam
2567 4184 2764 4251 partim
2815 4195 2940 4240 ante
2978 4185 3149 4256 legem
3181 4190 3441 4255 scriptam

1875 4270 2114 4339 fuerunt,
2146 4274 2340 4342 partim
2365 4284 2489 4344 post
2517 4276 2706 4348 legem.
2749 4275 2988 4333 Joannes
3018 4287 3198 4335 autem
3230 4278 3443 4336 Zacha-

1875 4365 1969 4418 ria
2000 4367 2300 4421 sacerdotis
2325 4376 2379 4422 et
2410 4368 2653 4424 miriﬁca
2695 4368 2980 4425 Elisabeta
3009 4370 3174 4440 ﬁlius;
3205 4373 3444 4441 pullula-

1875 4460 1952 4510 vit
1983 4455 2082 4512 llos
2115 4459 2429 4527 pracedens
2462 4459 2665 4516 Christi
2711 4463 3028 4527 adventum,
3058 4465 3272 4520 medius
3301 4465 3447 4521 inter

191 4520 611 4644 ξμξεᾘξ
635 4520 902 4629 ἀνατολὴν
933 4557 1027 4611 τοῦ
1053 4520 1250 4610 ’Ἰίλίου
1279 4520 1377 4626 vi];
1398 4520 1761 4623 δικαιοσύνης·

1874 4546 2046 4616 legem
2073 4520 2132 4603 et
2155 4550 2380 4618 gratiam
2439 4566 2724 4620 apparens.
2787 4553 3042 4607 Praluxit
3069 4554 3214 4608 enim
3238 4555 3447 4610 intelle-

190 4664 534 4735 προέδραμεν
563 4659 592 4709 6
631 4648 970 4717 στρατιώτης
1001 4649 1176 4718 δηλῶν
1201 4647 1301 4717 τήν
1340 4646 1434 4699 τοῦ
1485 4644 1766 4715 παμϐασι-

188 4757 322 4820 λέως
355 4749 660 4820 ἐπιδημίαν
682 4759 696 4773 ⁸
750 4740 911 4809 ἦλθεν
956 4743 984 4793 6
1032 4738 1394 4811 νυμφαγωγὸς
1424 4738 1643 4808 μηνύων
1669 4738 1767 4807 τήν

190 4846 514 4900 ἐπιστασίαν
548 4838 644 4893 τοῦ
672 4837 929 4905 νυμφίου·
959 4831 1053 4886 καὶ
1085 4831 1134 4882 οἱ
1163 4830 1261 4900 μὲν
1304 4829 1441 4898 μετά
1473 4845 1625 4890 τινας
1649 4843 1771 4881 και-

193 4943 315 5010 ροὺς
364 4937 472 5006 τῆς
524 4933 903 4998 ἀποκυήσεως,
934 4926 967 4994 ἢ
1023 4919 1518 4994 προεφήτευσαν,ἢ
1575 4920 1768 4986 ἐτερα-

189 5032 524 5101 τούργησανο
567 5026 595 5077 6
639 5022 696 5075 δὲ
745 5021 824 5073 ἔτι
884 5012 1403 5084 ἐγκυοφορούμενος,
1451 5010 1764 5101 Πνεύματος

193 5100 346 5192 ἁγίου
386 5100 817 5190 ἐμπέπλησται,
877 5111 971 5162 καὶ
1022 5102 1435 5175 θαυματουργδς
1490 5100 1766 5155 ἀναδέδει-

193 5234 334 5271 κται.

258 5422 322 5478 ε.
356 5413 667 5488 Τοιγαροῦν
702 5409 845 5464 ἔοικέ
894 5425 984 5479 μοι
1015 5400 1252 5458 τοιοῦτόν
1296 5416 1370 5464 τι,
1405 5397 1469 5450 ἶν’
1499 5396 1575 5460 ὡς
1603 5395 1659 5488 ἐν
1695 5394 1775 5445 εί-

195 5516 308 5570 κόνι
336 5509 690 5584 παραστήσω
719 5502 782 5556 τὸ
843 5494 1260 5572 μεγαλοπρεπὲς
1301 5489 1391 5588 τοῦ
1438 5487 1774 5588 Προδρύμορ·

195 5579 481 5678 ὦσπερττις
500 5597 596 5657 οὖν
630 5593 884 5670 βασιλεὺς
907 5593 971 5645 ἐκ
1003 5589 1111 5642 τῶν
1139 5584 1452 5653 ἀνακτόρων
1480 5579 1774 5650 βασιλικῶς

1873 4638 2068 4694 ctualis
2123 4639 2335 4706 lucifer,
2385 4649 2566 4696 ortum
2616 4640 2760 4698 Solis
2807 4643 3031 4712 justitia
3082 4645 3443 4714 signiﬁcans:

1876 4730 2154 4799 pracessit
2187 4731 2342 4785 miles
2373 4731 2516 4801 regis
2565 4733 2888 4788 universalis
2918 4734 3209 4788 adventum
3232 4735 3445 4790 denun-

1878 4822 2020 4876 tians
2061 4840 2074 4876 :
2135 4823 2284 4876 venit
2335 4824 2741 4895 paranymphus
2800 4840 3059 4894 sponsum
3102 4826 3293 4881 adesse
3317 4842 3444 4896 por-

1877 4915 2104 4969 tendens
2137 4954 2150 4970 .
2208 4914 2273 4970 Et
2319 4917 2408 4969 alii
2457 4918 2672 4986 quidem
2739 4918 3018 4987 aliquanto
3077 4925 3204 4986 post
3251 4919 3449 4973 nativi-

1877 5012 2040 5057 tatem
2077 5016 2337 5075 tempore,
2389 5006 2475 5062 vel
2524 5007 3004 5076 pr0phetaverunt,
3053 5009 3135 5062 vel
3185 5007 3446 5063 miracula

1874 5096 2209 5161 ediderunt;
2271 5098 2358 5152 hic
2417 5107 2598 5154 autem
2655 5100 2832 5154 adhuc
2888 5109 3128 5171 gestatus
3186 5100 3240 5155 in
3268 5110 3448 5166 utero,

1878 5187 2081 5257 Spiritu
2111 5196 2299 5244 sancto
2327 5191 2564 5259 repletus
2596 5199 2734 5248 erat.
2767 5199 2820 5245 et
2849 5192 3222 5261 prodigiorum
3252 5201 3449 5247 auctor

1878 5283 2148 5351 apparuit.

1949 5396 2003 5449 4.
2033 5394 2398 5460 Quamobrem
2421 5395 2568 5451 venit
2592 5396 2723 5450 mihi
2756 5397 2810 5451 in
2836 5406 3094 5465 mentem,
3127 5407 3184 5453 ut
3209 5398 3448 5469 imagine

1881 5489 2113 5556 quadam
2147 5486 2603 5556 magniﬁcentiam
2641 5486 3002 5544 Pracursoris
3034 5497 3442 5559 repraesentem.

1887 5579 2040 5634 Sicut
2069 5581 2212 5636 enim
2249 5596 2342 5634 rex
2375 5595 2440 5635 ex
2473 5579 2675 5650 palatio
2707 5582 2962 5652 regaliter
3000 5582 3315 5653 procedens,
3351 5583 3450 5638 ha-

265 5805 308 5836 "
337 5803 477 5858 Gen.
539 5811 696 5860 xxiv,
752 5793 856 5855 υς
889 5790 1021 5842 Dan.
1049 5801 1131 5848 ιιι,
1167 5784 1238 5839 35
1331 5782 1377 5814 '°
1413 5779 1514 5833 lsa.
1552 5791 1659 5843 Ltv,
1699 5777 1746 5830 l.

1865 5779 2030 5832 ‘Gcn.
2053 5795 2166 5845 xxI,
2188 5780 2237 5844 7,
2317 5777 2551 5833 "Judic.
2580 5794 2696 5844 xm,
2733 5781 2818 5834 14.
