4018 6304
597 382 695 456 751

1784 369 1846 427 S.
1881 363 2274 426 THEODORI
2312 366 2659 425 δτυῡιτίε

3746 363 3852 428 752

594 506 686 560 bet
739 502 917 573 primo
979 497 1346 570 praecedentes
1416 490 1638 545 lictores
1690 494 1744 540 et
1793 482 2161 554 sceptriferos,

2275 483 2695 552 προερχόμενος,
2729 483 2840 554 ἔχει
2869 470 2967 554 μὲν
2999 482 3188 554 πρῶτα
3237 483 3571 553 ἡγουμένους
3625 482 3852 554 ῥαϐδού-

597 596 793 652 deinde
835 592 1112 656 consules,
1152 587 1438 660 prmiectos
1491 591 1546 636 et
1587 579 1840 634 ordinum
1887 577 2162 638 ductores,

597 694 876 757 postremo
903 683 1137 751 aliquem
1167 678 1374 747 majore
1400 673 1663 744 dignitate
1693 669 2014 741 praeditum;
2047 675 2170 734 post

595 791 759 849 quem
795 775 980 830 statim
1031 788 1145 836 rex,
1180 771 1400 825 nemine
1429 765 1715 834 interjecto
1756 768 2000 832 apparet,
2033 773 2170 814 auro

596 879 651 924 et
701 867 864 924 claris
911 864 1185 934 lapidibus
1227 861 1481 931 fulgens;
1528 859 1600 911 ita
1624 869 1841 910 mecum
1890 852 2068 924 cogita
2103 851 2169 904 de

598 975 730 1016 vero
765 959 1040 1025 nnieoque
1075 954 1317 1010 omnium
1371 967 1496 1022 rege
1535 948 1754 1004 Christo
1802 946 1912 999 Deo
1949 953 2162 998 nostro.

597 1051 738 1107 Huic
791 1051 935 1105 enim
991 1063 1085 1118 per
1141 1057 1360 1100 carnem
1403 1041 1459 1096 in
1515 1039 1776 1094 mundum
1828 1037 2164 1104 ingressuro,

600 1150 997 1217 praeesserunt
1065 1136 1410 1208 patriarchas,
1480 1131 1825 1186 Abrahamus
1889 1128 2164 1189 videlicet,

598 1236 838 1298 lsaacus,
890 1231 1172 1286 Jacohus:
1218 1227 1414 1282 deinde
1457 1222 1672 1294 Moyses
1734 1221 1829 1276 Dei
1875 1221 2167 1290 interpres,

597 1328 776 1382 Aaron
799 1335 962 1396 atque
994 1320 1236 1382 Samuel,
1263 1327 1317 1373 et
1340 1316 1595 1370 universa
1629 1313 2017 1383 prophetarum
2053 1320 2172 1364 tur-

599 1424 689 1476 ba.
740 1418 1061 1474 Postremus
1101 1411 1349 1484 apparuit
1399 1408 1664 1470 Joannes,
1703 1419 1941 1475 moxque
1987 1404 2169 1461 statim

597 1513 846 1570 Christus
880 1508 1140 1563 Dominus
1172 1523 1186 1571 ;
1225 1505 1292 1559 de
1331 1519 1440 1574 quo
1465 1502 1555 1556 ille
1583 1501 1720 1556 dixit
1753 1519 1764 1554 :
1801 1498 1903 1564 Qui
1932 1508 2045 1567 post
2091 1511 2172 1550 me

597 1615 844 1660 venturus
869 1611 970 1665 est,
992 1611 1112 1654 ante
1134 1613 1214 1650 me
1229 1597 1401 1665 factus
1430 1603 1527 1660 est,
1554 1594 1679 1664 quia
1701 1593 1845 1661 prior
1866 1608 1944 1644 me
1970 1599 2083 1643 erat
2100 1587 2166 1642 τ’.

600 1697 666 1751 Et
695 1697 789 1767 qui
819 1695 1046 1749 ultimus
1081 1690 1272 1745 ordine
1293 1697 1395 1751 est,
1423 1686 1688 1756 dignitate
1711 1683 1887 1751 major
1916 1697 2013 1752 pro
2045 1697 2172 1751 pro-

599 1790 851 1861 portione
880 1785 1108 1841 exstitit.
1127 1781 1217 1838 Sic
1245 1795 1374 1850 ergo
1392 1789 1444 1834 et
1468 1778 1853 1848 prophetarum
1872 1788 1924 1829 et
1948 1782 2165 1843 aposto-

598 1883 778 1936 lorum
825 1886 880 1934 et
907 1876 1140 1932 aliorum
1201 1873 1446 1927 omnium
1491 1871 1799 1941 praecipuus
1845 1867 1967 1931 fuit,
2011 1866 2168 1935 juxta

601 1987 764 2028 verax
789 1968 1024 2024 Verbum
1061 1980 1292 2034 magnus
1323 1963 1632 2018 Praecursor
1660 1978 1674 2026 ;
1711 1960 1926 2013 illorum
1949 1958 2167 2027 quidem

601 2074 660 2118 ut
702 2063 1066 2130 subsequens,
1119 2058 1313 2111 horum
1363 2064 1423 2108 ut
1465 2066 1779 2124 praecessor.
1839 2050 1946 2103 Sed
1991 2049 2168 2118 agesis

598 2153 963 2219 evangelicam
1008 2149 1311 2218 aperientes
1351 2145 1659 2208 historiam,
1703 2143 1991 2196 audiamus
2027 2155 2169 2208 quae-

599 2259 725 2299 nam
754 2241 1034 2298 Zachariae
1061 2239 1313 2294 nuntiata
1340 2236 1471 2292 sint.

669 2508 724 2564 5.
771 2505 1031 2576 Apparuit
1075 2507 1142 2572 ei,
1185 2504 1385 2575 inquit,
1427 2501 1644 2571 angelus
1689 2499 1924 2562 Domini,
1956 2510 2103 2554 stans
2137 2516 2170 2552 a

595 2600 801 2654 dextris
839 2597 1028 2651 altaris
1073 2596 1291 2650 incensi.
1348 2591 1417 2645 Et
1465 2592 1805 2644 conturbatus
1837 2599 1914 2644 est
1958 2589 2170 2644 Zacha-

596 2691 710 2747 rias
753 2689 950 2753 uidens,
1000 2696 1049 2742 et
1106 2687 1267 2740 timor
1298 2683 1452 2738 irruil
1486 2698 1642 2753 super
1676 2683 1926 2751 ipsum".
1966 2681 2170 2752 Nempe

594 2785 727 2855 quia
764 2780 1025 2837 terribilis
1055 2788 1138 2834 est
1164 2778 1409 2848 angelica
1435 2775 1594 2842 visio,
1627 2785 1681 2830 et
1711 2775 1935 2830 terribili
1960 2776 2013 2829 in
2045 2776 2166 2830 loco

593 2886 837 2931 ostensa.
870 2872 1042 2938 Quam
1082 2870 1332 2924 terribilis
1365 2879 1464 2933 est,
1495 2869 1690 2940 inquit,
1723 2869 1869 2923 locus
1897 2868 2032 2923 iste!
2063 2887 2166 2924 non

595 2976 674 3023 est
701 2967 786 3021 hic
830 2963 986 3018 aliud
1020 2964 1130 3018 nisi
1169 2964 1354 3016 domus
1387 2963 1565 3017 Dei".
1600 2959 1784 3032 Neque
1829 2970 1912 3017 est
1959 2962 2166 3016 miran-

596 3059 749 3122 dum,
807 3056 854 3111 si
906 3071 1032 3111 eum
1073 3054 1256 3126 justus
1303 3053 1560 3108 sacerdos
1597 3061 1762 3119 esset,
1805 3057 2054 3108 turbatus
2085 3063 2166 3110 est

2271 572 2559 641 χουςτινάς
2578 574 2671 626 καὶ
2699 576 3172 644 σκηπτροφόρους,
3189 573 3381 626 ἔπειτα
3399 575 3661 638 ὑπάτους,
3682 576 3854 645 ὑπάρ-

2270 681 2397 732 χους
2447 680 2506 715 τε
2543 665 2636 718 καὶ
2695 663 3019 736 ταξιάρχους
3049 707 3062 729 ,
3108 667 3337 736 ἔσχατον
3361 665 3421 719 δέ
3448 683 3570 719 τινα
3603 667 3854 736 ἀξιωμα-

2269 753 2585 820 τικώτερον,
2624 753 2742 822 μεθ’
2763 753 2824 806 ὃν
2854 756 3014 818 εὐθὺς
3039 755 3067 806 6
3091 754 3348 824 βασιλεὺς
3377 755 3599 825 ἀμέσως
3634 756 3853 825 ἐπιφαίο

2272 859 2418 895 νεται
2453 844 2637 914 χρυσῷ
2675 846 2772 897 καὶ
2821 845 2987 908 λίθοις
3037 842 3288 914 διαυγέσι
3337 847 3851 917 καταλαμπόμενος,

2271 934 2416 988 οὕτω
2453 954 2541 1006 μοι
2573 939 2681 991 νόει
2712 940 2806 992 καὶ
2846 940 2939 990 ἐπὶ
2976 938 3070 991 τοῦ
3101 938 3358 1009 ἀληθινοῦ
3411 940 3505 992 καὶ
3547 942 3712 1009 μόνου
3746 941 3854 993 τῶν

2271 1026 2407 1080 ὅλων
2461 1027 2726 1096 βασιλέως
2771 1020 3009 1098 Χριστοῦ
3048 1031 3143 1083 τοῦ
3183 1029 3318 1083 Θεοῦ
3351 1030 3532 1100 ἡμῶν·
3565 1031 3855 1099 μέλλοντος

2272 1118 2380 1188 γάρ
2414 1119 2577 1172 αὑτοῦ
2626 1121 2713 1173 διὰ
2773 1123 2975 1192 σαρκὸς
3026 1123 3251 1176 εἰσιέναι
3301 1123 3360 1174 ὲν
3406 1125 3471 1192 τῇ
3533 1123 3854 1195 οίκουμὲνῃ,

2274 1213 2658 1281 προηγήσαντο
2681 1213 2780 1281 μὲν
2816 1216 3174 1283 πατριάρχαι.
3201 1207 3314 1266 οἷον
3339 1213 3611 1282 Ἀϐραὰμ,
3641 1215 3853 1279 Ίσαάκ,

2285 1302 2497 1357 Ἰακώϐ·
2531 1304 2719 1356 ἔπειτα
2749 1306 2989 1376 Μωῦσῆς
3011 1308 3039 1358 6
3068 1305 3406 1376 θεοφάντωρ,
3431 1303 3643 1376 Ἀαρών
3671 1321 3731 1358 τε
3758 1307 3855 1359 καὶ

2272 1395 2548 1464 Σαμουὴλ,
2586 1396 2681 1450 καὶ
2715 1398 2826 1460 πᾶς
2864 1398 2892 1449 6
2925 1399 3034 1450 τῶν
3063 1398 3358 1467 προφητῶν
3381 1397 3589 1467 ὅμιλος·
3623 1395 3853 1462 ὕστατος

2271 1487 2327 1540 δέ
2355 1505 2473 1551 πως
2509 1490 2894 1558 πεφανέρωται
2922 1489 3198 1558 Ἰωάννης·
3231 1489 3325 1542 καὶ
3351 1489 3512 1553 εὐθὺς
3530 1492 3557 1542 6
3575 1490 3854 1561 Δεσπότης

2272 1581 2506 1651 Χριστὸς
2543 1582 2671 1653 περὶ
2709 1576 2770 1636 οὗ
2803 1599 2988 1650 φησιν·
3034 1581 3095 1635 '0
3130 1582 3322 1635 ὀπίσω
3350 1599 3470 1649 μου
3503 1582 3851 1651 ἐρχόμενος,

2271 1671 2613 1740 ἔμπροσθέν
2638 1691 2758 1743 μου
2791 1675 3059 1743 γέγονεν,
3093 1675 3184 1728 ὅτι
3217 1673 3448 1742 πρῶτός
3476 1691 3597 1743 μου
3629 1673 3730 1742 ἦν·
3758 1675 3854 1727 καὶ

2270 1765 2299 1816 6
2337 1765 2561 1835 ἔσχατος
2589 1769 2655 1838 τῇ
2703 1766 2856 1833 τάξει
2888 1768 3088 1838 μείζων
3123 1771 3186 1838 τῇ
3227 1767 3378 1836 ἀξία,
3405 1767 3544 1820 κατά
3573 1767 3635 1820 τὸ
3661 1768 3855 1820 ἀνάλο⁶

2271 1874 2367 1925 γον
2397 1858 2805 1913 ἀποδέδεικται·
2863 1859 3006 1913 οὕτω
3035 1860 3216 1912 τοίνυν
3259 1859 3353 1912 καὶ
3402 1859 3703 1928 προφητῶν
3759 1859 3854 1910 καὶ

2271 1947 2586 2002 ἀποστόλων
2613 1951 2706 2002 καὶ
2736 1949 2844 2003 τῶν
2866 1950 3043 2003 ἀλλων
3093 1951 3348 2004 ἁπάντων
3380 1948 3682 2019 πρώτιστος
3713 1948 3854 2001 κατά

2270 2039 2362 2091 τὸν
2413 2039 2586 2111 ἀληθῆ
2640 2041 2812 2109 Λόγον
2843 2043 2872 2094 6
2912 2042 3086 2110 μέγας
3138 2042 3474 2112 ιΙρόδρομος,
3502 2041 3610 2092 τῶν
3640 2041 3740 2109 μὲν
3775 2041 3854 2102 ὡς

2272 2131 2626 2200 ἐφεπόμενος,
2655 2132 2762 2184 τῶν
2791 2132 2851 2185 δὲ
2876 2133 2951 2195 ὡς
2985 2132 3417 2202 προηγούμενος·
3447 2129 3585 2184 ἀλλά
3614 2130 3724 2200 γὰρ
3752 2128 3853 2198 τὴν

2271 2223 2637 2295 εύαγγελικὴν
2685 2224 2924 2295 ἱστορίαν
2973 2224 3379 2288 ἀναπτύξαντες
3408 2264 3423 2288 ,
3485 2221 3852 2291 ἀκουσώμεθα

2271 2313 2390 2366 τίνα
2423 2314 2494 2367 τὰ
2523 2314 2617 2368 τοῦ
2648 2315 2886 2387 Γαϐριὴλ
2935 2317 3074 2386 πρὸς
3119 2314 3212 2370 τὸν
3261 2315 3542 2387 Ζαχαρίαν
3571 2314 3852 2384 ἀπαγγελ-

2270 2401 2493 2473 λόμενα.

2343 2497 2403 2550 ε’.
2451 2498 2640 2567 Ὠφθη
2679 2496 2860 2565 αὐτῷ,
2897 2500 3082 2568 φησὶν,
3110 2499 3367 2568 ἅγγελος
3391 2499 3630 2567 Κυρίου,
3655 2499 3851 2566 ἑστὼς

2271 2588 2340 2641 ἐκ
2370 2588 2585 2653 δεξιῶν
2605 2589 2710 2642 τοῦ
2728 2590 3108 2658 θυμιάματος·
3127 2592 3226 2644 καί
3240 2591 3532 2660 ἐταράχθη
3545 2594 3849 2662 Ζαχαρίας

2274 2679 2434 2745 ίὸὼν,
2471 2682 2568 2735 καὶ
2611 2684 2796 2751 φόϐος
2824 2681 3124 2736 ἐπέπεσεν
3150 2683 3243 2736 ἐπ’
3264 2685 3452 2737 αὐτόν
3471 2700 3486 2715 ·
3517 2685 3595 2747 ὠς
3638 2686 3851 2757 φοϐερά

2270 2791 2352 2838 τις
2385 2775 2480 2827 καὶ
2530 2776 2562 2845 ή
2595 2774 2862 2845 ἀγγελικὴ
2894 2774 3154 2838 ὀπτασία,
3205 2776 3298 2828 καὶ
3353 2776 3411 2829 δν
3445 2775 3661 2848 φοϐερῷ
3697 2780 3849 2851 τόπῳ

2270 2870 2664 2935 καταφανεῖσα·
2689 2867 2779 2933 Ὠς
2810 2867 3062 2936 φοϐερὸς
3092 2867 3221 2936 γὰρ,
3246 2870 3429 2936 φησιν,
3465 2871 3500 2922 ὁ
3524 2870 3710 2937 τόπος
3742 2867 3848 2928 οὗ·

2267 2962 2412 3027 τος]
2442 2963 2555 3016 οὐκ
2598 2961 2730 3015 ἐστι
2778 2959 2976 3024 τοῦτο,
3007 2963 3143 3015 ἀλλ’
3174 2961 3210 3029 ἢ
3253 2961 3416 3026 οἶκος
3445 2961 3616 3016 Θεοῦ.
3640 2963 3753 3017 Καὶ
3783 2965 3845 3017 οὐ

2269 3051 2579 3123 θαυμαστὸν
2635 3053 2684 3105 εί
2731 3053 2936 3118 δίκαιος
2973 3052 3049 3106 ὢν
3104 3056 3132 3106 6
3180 3054 3358 3123 ίερεὺς
3405 3053 3704 3126 ἐταράχθη,
3754 3057 3848 3109 καὶ

596 3150 868 3217 timorque
899 3146 954 3200 in
983 3161 1107 3201 eum
1140 3145 1330 3212 irruit;
1360 3144 1626 3213 siquidem
1659 3151 1712 3196 et
1742 3142 1930 3196 Daniel
1950 3144 2161 3199 deside-

2270 3144 2434 3213 φόϐος
2477 3144 2745 3198 ἐπέπεσεν
2791 3147 2877 3199 ἐπ’
2903 3146 3084 3208 αὑτὸν,
3127 3146 3261 3199 ὅπου
3301 3145 3396 3199 καὶ
3440 3144 3639 3216 Δανιὴλ
3663 3147 3693 3200 6
3734 3147 3848 3200 τῶν

595 3239 804 3294 riorum
838 3237 941 3301 vir,
986 3236 1176 3291 videns
1221 3235 1522 3304 obstupuit,
1545 3242 1598 3287 et
1631 3234 1682 3287 in
1719 3233 1912 3287 faciem
1965 3235 2168 3292 cadens

595 3345 690 3387 ore
735 3329 918 3384 hiante
949 3327 1070 3393 fuit,
1101 3337 1318 3398 propter
1348 3328 1607 3397 angelicae
1643 3326 1953 3382 eminentia:
1978 3328 2165 3398 splen-

594 3422 783 3479 dorem
829 3422 1309 3491 incomparabilem
1326 3421 1394 3474 ".
1422 3420 1686 3489 Apparuit
1718 3422 1786 3485 ei,
1833 3420 2029 3489 inquit,
2065 3439 2165 3476 an-

595 3514 740 3586 gelus
787 3511 1021 3567 Domini.
1053 3511 1194 3578 Quid
1225 3511 1291 3566 ad
1325 3513 1437 3566 hinc
1492 3512 1646 3566 nobis
1687 3511 1878 3566 dicunt
1920 3513 1975 3567 hi
2003 3515 2166 3568 semi-

593 3605 905 3668 christiani,
929 3604 1020 3674 qui
1049 3603 1365 3674 angelorum
1403 3603 1667 3672 imagines
1701 3601 1819 3658 ﬁeri
1841 3604 2076 3661 nolunt?
2106 3607 2164 3661 Si

593 3697 817 3768 angelus
847 3695 916 3749 ab
947 3695 1164 3748 homine
1192 3693 1343 3746 visus
1382 3692 1500 3755 fuit,
1522 3707 1652 3763 ergo
1681 3694 1908 3749 omnino
1933 3695 2160 3766 ﬁguram

594 3787 867 3849 induerat,
884 3782 1028 3838 haud
1049 3783 1205 3837 aliter
1219 3797 1384 3852 quam
1407 3783 1755 3840 cernebatur.
1778 3783 1941 3840 Visus
1959 3795 2043 3842 est
2058 3803 2161 3842 au-

591 3887 701 3934 tem
721 3877 814 3932 tali
832 3876 1023 3948 ﬁgura,
1040 3875 1188 3947 quali
1211 3883 1372 3931 antea
1393 3876 1562 3948 Moysi
1582 3879 1634 3930 in
1658 3887 1841 3933 monte
1864 3877 1994 3936 Sina
2014 3881 2160 3937 circa

589 3968 1056 4039 propitiatorium,
1103 3965 1401 4023 Cherubini
1427 3969 1481 4022 in
1512 3977 1639 4039 typo
1679 3972 1882 4026 ostensi
1917 3970 2158 4028 fuerunt.

589 4058 746 4126 Quod
775 4057 822 4112 si
849 4057 1224 4127 incorporeum
1248 4066 1300 4112 et
1321 4073 1428 4112 non
1458 4058 1770 4128 ﬁguratum,
1794 4059 1950 4128 juxta
1979 4069 2162 4116 osten-

589 4165 710 4205 sum
727 4147 1431 4219 typnmdelineatur,quidni
1445 4162 1765 4218 corporeum
1778 4157 1832 4205 et
1847 4152 2156 4220 ﬁguratum,

586 4242 782 4304 colori,
816 4241 1006 4308 tactui,
1043 4240 1328 4311 tribusque
1362 4239 1800 4297 dimensionibus
1830 4243 2154 4309 obnoxium,

585 4335 766 4408 qualis
803 4332 906 4389 fuit
933 4333 1241 4389 Servatoris
1268 4332 1498 4402 species,
1531 4347 1640 4388 non
1673 4335 2051 4406 ngurahimus,
2088 4337 2156 4392 ad

2269 3232 2572 3303 ἐπιθυμιῶν
2599 3235 2764 3304 ἀνὴρ,
2807 3235 2932 3288 ἰδὼν
2962 3235 3269 3307 ὲθαμϐήθη,
3315 3235 3408 3289 ἐπὶ
3445 3236 3739 3307 πρόσωπόν
3785 3254 3846 3290 τε

2268 3325 2570 3388 πεπτωκὼς
2597 3327 2694 3379 καὶ
2723 3326 2930 3397 ἀχανὴς
2983 3328 3244 3394 γεγονὼς,
3274 3328 3340 3399 τῇ
3386 3329 3486 3400 τῆς
3543 3329 3848 3398 ἀγγελικῆς

2266 3419 2540 3491 ὑπεροχῆς
2562 3419 2881 3492 ἀσυγκρίτῳ
2916 3420 3281 3490 λαμπρότητι.
3318 3421 3507 3490 Ὠφθη
3531 3422 3718 3489 αὐτῷ,
3744 3441 3849 3494 φη-

2267 3507 2369 3570 civ,
2406 3507 2661 3574 ἄγγελος
2690 3509 2931 3575 Κυρίου.
2953 3509 3016 3560 Τί
3043 3507 3206 3576 φάσιν
3237 3511 3372 3579 ἡμῖν
3401 3509 3534 3580 πρὸς
3563 3511 3764 3578 ταῦτα,
3795 3514 3847 3566 ot

2269 3597 2344 3664 μὴ
2384 3596 2736 3660 είκονίζοντες
2791 3600 3106 3669 ἡμίχριστοι
3135 3601 3245 3669 (16)
3268 3619 3282 3666 ;
3309 3603 3356 3653 εί
3383 3595 3562 3656 ὦπται
3614 3603 3847 3672 ἄγγελος

2265 3688 2568 3759 ἀνθρώπῳ,
2601 3688 2818 3752 πάντως
2858 3692 2950 3743 καὶ
2995 3694 3290 3744 είκόνισται
3312 3693 3564 3763 οὐδαμῶς
3587 3695 3764 3762 άλλως
3808 3699 3842 3768 ἢ

2263 3779 2339 3842 ὡς
2385 3774 2595 3834 ὦπται·
2628 3775 2808 3835 ὦπται
2855 3781 2914 3834 δὲ
2961 3782 3020 3835 ἑν
3062 3782 3238 3855 τοιᾷδε
3295 3787 3499 3856 μορφῇ.
3532 3786 3657 3839 καθ’
3687 3785 3725 3841 ἃ.
3751 3789 3846 3841 καὶ

2263 3875 2470 3942 Μωῦσῇ
2508 3873 2772 3944 πρότερον
2802 3875 2860 3927 δν
2893 3874 2974 3946 τῷ
3007 3875 3123 3947 ὄρει
3158 3877 3286 3948 Σινᾷ
3318 3878 3388 3931 τά
3445 3878 3576 3950 περὶ
3607 3879 3671 3933 τὸ
3726 3879 3842 3934 ἱλα-

2265 3966 2485 4035 στήριον
2540 3967 2821 4038 Χερουϐὶμ
2865 3969 2924 4022 ἐν
2968 3968 3124 4036 τύπῳ
3165 3969 3528 4040 δεικνύμενα·
3574 3972 3670 4026 καὶ
3700 3975 3752 4026 ει
3783 3975 3844 4027 τὸ

2263 4056 2554 4127 ἀσώματον
2609 4057 2704 4110 καὶ
2742 4059 3150 4128 ἀσχημάτιστον
3180 4061 3320 4114 κατά
3356 4061 3450 4114 τὸν
3495 4060 3842 4132 δεδειγμένον

2261 4148 2430 4202 τύπον
2452 4150 2870 4222 περιγράφεται,
2900 4151 3016 4215 πῶς
3041 4151 3102 4205 τὸ
3131 4154 3446 4223 ὲνσώματον
3473 4155 3569 4208 καὶ
3621 4171 3840 4228 σχημα-

2262 4239 2544 4307 τιζόμενον
2571 4240 2874 4294 ὑποπίπτον
2900 4243 3056 4312 χροιᾷ
3082 4249 3140 4295 τε
3167 4243 3261 4296 καὶ
3286 4245 3418 4314 ἀφῇ,
3441 4245 3534 4298 καί⁵
3548 4249 3672 4310 ταῖς
3691 4250 3839 4320 τρισὶ

2261 4330 2628 4398 διαστάσεσιν,
2660 4326 2772 4387 οἷον
2797 4337 2856 4387 τδ
2890 4334 2983 4387 τοῦ
3017 4335 3271 4408 Σωτῆρος
3317 4334 3478 4405 εἶδος,
3507 4340 3610 4393 οὐκ
3641 4343 3839 4398 εἰκονί-

584 4429 888 4486 evldentem
930 4441 1039 4481 non
1077 4425 1436 4496 pbantasticaa
1472 4426 1867 4483 incarnationis
1915 4428 2034 4500 ejus
2063 4429 2158 4485 de-

2268 4439 2428 4494 σομεν
2466 4426 2603 4497 πρὸς
2631 4427 2838 4499 ἐναργῆ
2886 4429 2987 4500 τῆς
3031 4430 3470 4499 ἀφαντασιάστου
3501 4433 3670 4488 αὐτοῦ
3702 4451 3837 4506 σαρ-

584 4518 1079 4576 monstrationem?
1123 4513 1310 4587 Neque
1355 4517 1437 4572 sic
1496 4531 1529 4573 a
1577 4518 1733 4574 nobis
1779 4519 2154 4576 circumscribi

2268 4515 2485 4581 κὼσεως
2518 4518 2792 4584 ἀπόδειξιν
2816 4522 2959 4585 ;Ka.t
2988 4522 3062 4592 μὴ
3095 4524 3572 4596 συμπεριγράφειν
3598 4527 3750 4598 ἡμᾶς
3775 4502 3848 4583 ἓν

577 4617 777 4684 putent
799 4608 852 4663 hi
880 4608 1032 4664 stulti
1064 4606 1342 4670 deitatem,
1368 4621 1488 4675 quae
1509 4622 1686 4677 neque
1717 4609 1894 4664 verbis
1923 4611 2152 4679 exprimi

580 4709 782 4774 potest,
798 4714 976 4770 neque
998 4697 1412 4767 comprehendi,
1436 4697 1594 4766 cujus
1615 4699 1759 4754 nulla
1780 4709 1863 4755 est
1885 4701 2150 4771 positura,

581 4791 731 4847 nulla
784 4789 980 4861 ﬁgura,
1013 4788 1195 4843 nullus
1248 4787 1424 4852 locus,
1473 4789 1618 4844 nulla
1673 4791 1971 4860 quantitas,
2005 4795 2151 4848 nulla

577 4881 838 4953 qualitas,
888 4894 989 4934 nec
1023 4878 1225 4945 aliquid
1257 4877 1405 4932 aliud
1451 4893 1516 4932 ex
1560 4879 1649 4943 iis,
1682 4895 1803 4949 qua:
1837 4891 1966 4937 sunt
2010 4883 2152 4938 intra

578 4973 718 5030 ﬁnes
745 4969 1296 5039 circumscriptionis,
1326 4978 1608 5038 propterea
1639 4973 1786 5041 quod
1824 4973 1894 5029 sit
1941 4975 2151 5031 inﬁnita

577 5075 633 5122 et
661 5061 1247 5131 incomprehensibilis.
1280 5060 1414 5115 Nam
1441 5077 1586 5118 nunc
1615 5063 1776 5119 etiam
1812 5066 1858 5120 si
1889 5067 2152 5138 simplicis

578 5157 817 5214 hominis
850 5156 1140 5225 imaginem
1170 5154 1501 5227 efﬁngimus,
1529 5159 1671 5213 haud
1725 5169 1874 5216 certe
1909 5162 2147 5217 animam

577 5249 993 5306 immaterialem
1017 5257 1073 5302 et
1099 5247 1281 5317 ﬁgura:
1310 5249 1621 5319 incapacem
1656 5252 1976 5322 ﬁguramus,
2000 5257 2146 5325 quod

576 5343 694 5398 ﬁeri
737 5355 965 5412 prorsus
1004 5340 1218 5408 neqiiit;
1251 5340 1343 5395 sed
1375 5343 1590 5412 utrique
1621 5348 2006 5401 convenienter
2027 5364 2148 5418 qua:

577 5442 707 5489 sunt
761 5431 979 5501 propria
1033 5430 1367 5496 tribuimus;
1423 5448 1614 5503 nempe
1675 5437 2146 5508 ineircumscripto

575 5524 1218 5592 incircumscriptionem,
1245 5523 1658 5596 circumscripto
1677 5529 2146 5600 cii-cumscriptio-

2257 4609 2432 4680 τούτῳ
2466 4611 2777 4682 ἡγήσωνται
2823 4615 2871 4666 οί
2918 4612 3150 4685 ἄφρονες
3196 4615 3294 4687 τὴν
3341 4615 3597 4689 θεάτητα,
3625 4614 3698 4691 ἧς
3738 4621 3834 4674 οὒκ

2258 4702 2546 4771 ἔκφρασις,
2570 4705 2631 4758 οὐ
2663 4705 2983 4776 κατάληψις,
3019 4708 3078 4760 ού
3115 4707 3285 4773 θέσις,
3312 4710 3372 4762 οὐ
3407 4711 3616 4781 σχῆμα,
3654 4714 3721 4767 οὑ
3745 4714 3832 4767 τό-

2259 4809 2380 4860 πος,
2410 4796 2472 4848 ού
2518 4797 2771 4868 ποσότης,
2809 4800 2869 4851 ού
2925 4800 3247 4872 πηλικότης,
3295 4803 3394 4855 οὐκ
3443 4803 3574 4858 ἀλλο
3623 4823 3680 4860 τι
3725 4805 3833 4860 τῶν

2258 4888 2605 4959 περιγραφῆς
2638 4889 2786 4943 ἔνδον
2831 4890 2917 4944 διὰ
2955 4892 3015 4945 τὸ
3043 4892 3272 4962 ἀπειρον
3312 4895 3404 4948 καὶ
3432 4896 3828 4969 ἀπερίληπτον·

2260 4979 2381 5032 ἐπεὶ
2415 4980 2512 5033 καὶ
2540 4981 2770 5037 ἐνταῦθα
2796 4983 2886 5037 τὸν
2915 4984 3097 5047 ἁπλῶς
3129 4985 3413 5054 ἄνθρωπον
3451 4989 3830 5056 εἰκονίζοντες,

2260 5073 2320 5125 οὐ
2366 5073 2428 5126 τὸ
2454 5073 2556 5144 τῆς
2578 5074 2759 5144 ψυχῆς
2788 5075 2950 5128 ἀῦλον
2981 5079 3073 5129 καὶ
3115 5079 3356 5132 ἀνείδεον
3395 5082 3832 5153 συνεικινίζομεν

2259 5165 2496 5230 πάντως,
2527 5167 2585 5218 ού
2614 5167 2721 5237 γὰρ
2756 5167 3046 5238 ἐνδέχεται,
3087 5169 3221 5224 ἀλλά
3267 5172 3616 5242 καταλλήλως
3659 5175 3727 5228 τὰ
3755 5177 3832 5228 ol-

2259 5259 2379 5310 κεῖα
2436 5258 2713 5328 ἑκατέρως
2759 5261 3142 5331 ἀπονέμομεν·
3227 5261 3305 5332 τῷ
3359 5265 3729 5338 ἀπεριγράφῳ
3772 5267 3831 5318 τὸ

2258 5345 2660 5416 ἀπερίγραφον,
2691 5348 2783 5401 καὶ
2812 5349 2888 5418 τῷ
2924 5353 3280 5422 περιγραπτῷ
3303 5356 3362 5406 τὺ
3392 5355 3826 5426 ἀπερίγραπτον,

2257 5440 2330 5502 ὡς
2361 5440 2388 5489 6
2410 5440 2506 5508 τῆς
2540 5440 2797 5510 ἀληθείας
2835 5443 2989 5509 λόγος
3032 5446 3386 5515 παρίστησιν.
3425 5448 3744 5502 Ἐπανιτὲον
3773 5448 3826 5500 δὲ

2257 5529 2412 5594 αὖθις
2441 5533 2518 5590 είς
2546 5533 2606 5582 τὸ
2640 5533 3018 5604 προκείμενον.

575 5633 720 5684 nem,
757 5628 918 5687 prout
965 5615 1206 5669 veritatis
1261 5617 1397 5669 ratio
1431 5619 1589 5673 nobis
1646 5621 1856 5678 suadet.
1893 5623 2000 5679 Sed
2049 5629 2115 5681 ad
2148 5630 2484 5699 propositum
2512 5627 2691 5682 denuo
2723 5631 3097 5685 revertendum
3130 5644 3230 5687 est.

641 5731 865 5784 "Joan.
898 5747 933 5791 i,
970 5728 1055 5781 l5.
1135 5726 1178 5755 "
1208 5725 1339 5780 Luc.
1383 5744 1419 5792 ι,
1457 5730 1541 5795 Η,
1576 5731 1660 5787 l2.
1739 5735 1781 5766 ⁷⁸
1811 5734 1949 5790 Gen.
1997 5755 2161 5794 xxvm

2281 5739 2327 5794 7.
2403 5741 2447 5772 ⁷⁸
2493 5740 2625 5794 Dan.
2668 5758 2723 5807 x,
2756 5742 2808 5797 8.

639 5827 751 5898 (l6)
780 5827 1052 5881 lnvehitur
1087 5827 1138 5880 in
1166 5828 1579 5896 Icunomachos,
1622 5840 1811 5887 contra
1861 5848 1994 5903 quos
2055 5847 2230 5893 exstat
2264 5839 2426 5894 etiam
2459 5839 2734 5907 peculiare
2773 5839 3000 5898 Studitze
3029 5844 3197 5900 nostri
3227 5861 3383 5914 opus.
