4018 6304
213 364 316 430 ’153

853 366 1133 429 ORATIO
1156 366 1287 428 VII.
1329 391 1397 401 —
1435 365 1516 426 IN
1553 364 1614 425 S.
1648 362 1968 424 JOANNIS
2016 367 2224 428 BAPT.
2267 368 2800 431 NATIVITATEM.

3345 365 3450 433 754

280 486 356 546 ς’.
394 474 544 534 Εἶπε
575 477 643 532 δὲ
684 478 832 546 πρὸς
856 477 1042 532 αὑτὸν
1065 480 1098 530 ὁ
1125 475 1378 547 ἅγγελος
1399 492 1412 506 ·
1436 475 1532 543 Μὴ
1577 473 1784 544 φοϐοῦ,

1959 478 2012 531 6.
2050 479 2198 534 Dixit
2241 490 2415 534 autem
2445 481 2493 534 ei
2527 481 2783 551 angelus:
2816 478 2898 536 Ne
2924 481 3132 548 timeas,
3159 479 3446 546 Zacharia,

210 570 498 640 Ζαχαρία,
526 568 676 623 διότι
712 571 1078 637 εἰσηκούσθη
1107 569 1144 636 ή
1193 567 1407 634 δέησίς
1433 581 1569 621 σου.
1607 564 1781 628 Εὐθὺς

212 661 527 715 κατέστειλε
576 661 668 714 τὸν
716 659 880 730 φόϐον
925 663 993 730 τῇ
1028 660 1240 725 πεύσει,
1296 652 1384 712 οἷα
1430 659 1464 728 ὴ
1515 657 1781 726 ἀγγελικη

212 751 450 804 ὁπτασία
491 752 630 821 μετά
663 752 722 806 τὸ
773 752 1025 821 φοϐῆσαι,
1075 753 1135 804 τὸ
1164 750 1337 803 δειλὸν
1381 747 1778 819 ἀφαιρουμένη·

215 843 305 896 καὶ
338 844 602 906 ἐναντίως
653 847 781 915 περὶ
809 845 908 915 τὴν
932 843 1250 914 δαιμονικὴν
1279 841 1484 910 ἔφοδον.
1554 840 1648 910 Μὴ
1677 857 1784 909 φο-

214 934 343 1003 ϐοῦ,
383 938 536 1007 φησὶ,
575 937 856 1005 Ζαχαρία,
895 934 1044 990 διότι
1088 936 1455 1003 εἰσηκούσθη
1483 933 1520 1002 ή
1572 931 1783 999 δέησίς

214 1045 365 1083 σουο
401 1029 500 1083 καὶ
551 1029 590 1096 ἠ
640 1028 793 1099 γυνή
839 1046 957 1085 σου
1009 1028 1322 1084 Ἐλισὰὄετ
1359 1026 1640 1098 γεννήσει
1681 1038 1782 1080 σοι

213 1119 366 1175 υίόν.
395 1120 462 1174 Ὢ
485 1120 584 1190 τῆς
617 1120 1058 1192 ἐπιθυμουμὲνης
1088 1120 1423 1192 θεοπαρόχου
1456 1119 1776 1184 ὲπιτάξεωςῑ

211 1210 257 1263 ὣ
324 1211 424 1282 τῆς
490 1210 822 1265 πολυεύκτου
880 1209 1341 1280 ἀγγελοκομίστου
1394 1209 1776 1280 ὑποσχέσεωςι

213 1303 476 1374 ἐπέτυχεν
499 1298 560 1359 οὗ
593 1303 883 1358 manu!
919 1302 1116 1374 ἤνυσεν
1155 1302 1185 1355 ὁ
1212 1300 1482 1371 ἠντιϐόλει
1511 1317 1526 1333 ·
1561 1293 1718 1366 εὗρεν
1751 1298 1781 1353 ὁ

212 1390 492 1464 ἀπεζήτει·
525 1392 620 1446 τδν
639 1392 742 1464 τῆς
766 1393 989 1461 ἀγονίας
1021 1391 1327 1460 καινισμὸν,
1349 1390 1440 1444 τὸν
1469 1390 1566 1461 τῆς
1591 1391 1780 1455 εὐπαι-

211 1484 329 1550 δίας
541 1483 816 1559 ἀπαιδίας]
844 1484 1133 1556 πορισμὸν,
1179 1484 1281 1539 οὐκ
1334 1481 1626 1553 ἀκολουθίᾳ
1678 1483 1780 1552 φύ·

215 1591 372 1642 σεως,
403 1576 520 1632 ἀλλ’
552 1576 806 1650 ὲπιτυχίᾳ
856 1575 1150 1642 ιντεύξεως
1169 1591 1184 1607 °
1214 1575 1335 1629 οὐδὲ
1383 1574 1492 1645 γάρ
1532 1574 1776 1644 κατάρας

211 1663 276 1737 ἦν
307 1669 653 1741 ὲπιτίμιονή
703 1670 1014 1739 στείρωσις,
1053 1669 1254 1737 ἄπαγε,
1291 1666 1428 1722 ἀλλά
1474 1665 1775 1739 μυστηρίου

215 1759 452 1828 μεγάλου
503 1760 972 1832 παρασημείωσιςο
1008 1759 1098 1813 τοῦ
1127 1760 1234 1830 γάρ
1259 1758 1529 1830 Ζαχαρίου
1561 1761 1773 1812 ἐπικει-

213 1814 376 1922 μένου
401 1854 524 1914 ταῖς
545 1814 776 1917 πυκναίς
811 1814 949 1922 πρὸς
973 1851 1106 1905 Θεὸν
1136 1814 1439 1921 ἱκετηρίαις
1462 1849 1776 1920 διαλυθῆναι
1807 1814 1852 1876 Β

209 1943 305 2013 τὴν
335 1942 646 2013 στείρωσιν,
680 1945 820 2015 τάχα
849 1943 1220 2014 ὁπακηκοέναι
1244 1941 1406 1996 αὐτὸν
1432 1939 1593 1996 δοκῶο
1627 1939 1781 1994 οὔπω

210 2033 627 2090 συν-τετέλεσται
672 2037 702 2088 ὁ
754 2034 982 2106 καιρόςο
1042 2031 1194 2088 οὔπω
1248 2030 1669 2103 συνετμήθησαν
1724 2032 1779 2085 al

209 2125 415 2196 ἡμέραι
435 2127 536 2195 τῆς
565 2124 906 2193 ἐπιφανείαςο
937 2123 1059 2178 τότε
1097 2118 1190 2178 οὖν
1214 2122 1432 2176 ἔλπισον
1458 2122 1559 2193 τὴν
1587 2138 1776 2176 τεκνο-

208 2215 416 2285 γονίαν,
477 2214 745 2288 Ζαχαρία,
798 2217 1032 2286 ὁπηνίκα
1075 2215 1203 2288 ἔλθῃ
1245 2216 1279 2286 ἡ
1317 2213 1613 2286 προσδοκία
1670 2212 1779 2267 τῶν

208 2308 376 2363 ἐθνῶν
398 2326 416 2342 ·
443 2309 566 2364 τότε
596 2309 818 2381 ἑκὸέχου
848 2309 947 2380 τὴν
976 2309 1390 2378 ἀποστείρωσιν,
1416 2309 1617 2363 ὁπόταν
1660 2309 1780 2380 ἥξει

210 2401 245 2470 ή
276 2398 434 2463 ἐλπὶς
464 2400 687 2454 πάντων
737 2401 846 2454 τῶν
892 2400 1146 2469 περάτων
1176 2399 1279 2471 τῆς
1305 2403 1406 2472 γῆς
1427 2415 1442 2431 ·
1484 2400 1670 2472 ἐπειδὴ
1722 2401 1778 2455 δὲ

208 2483 346 2558 ἧκεν
381 2491 412 2544 ὁ
436 2489 648 2560 καιρὸς,
676 2490 807 2544 λάϐε
837 2491 898 2544 τὸ
929 2490 1268 2561 καταθύμιον
1295 2490 1381 2546 διά
1413 2493 1514 2562 τῆς
1548 2492 1644 2546 τοῦ
1674 2493 1778 2547 Γα-

210 2580 372 2652 ϐριὴλ
405 2582 767 2654 προρρήσεως
787 2596 802 2611 ο
833 2581 1244 2654 ἀνακαινίσθητι
1267 2583 1342 2646 ὡς
1382 2583 1536 2646 ἀετὸς
1565 2585 1630 2654 τῇ
1665 2583 1780 2637 νεό-

208 2687 352 2743 τητιο
381 2670 670 2743 γνώρισον,
716 2671 870 2744 φησὶ,
915 2673 1016 2745 τὴν
1067 2672 1355 2743 ὁμόζυγονο
1391 2675 1777 2749 Εισηκούσθη

208 2763 318 2833 γὰρ
364 2763 404 2831 ἡ
454 2763 667 2833 δέησίς
706 2779 845 2820 σοιν
888 2765 987 2820 καί
1033 2765 1072 2832 ἡ
1122 2766 1273 2835 γυνή
1314 2780 1432 2820 σου
1473 2766 1779 2822 Ἐλισάϐετ

208 2856 492 2927 γεννήσει
522 2872 622 2911 σοι
645 2857 797 2924 υίὸν,
827 2859 924 2912 καί
965 2860 1243 2925 καλέσεις
1267 2860 1336 2912 τὸ
1366 2859 1554 2929 ὄνομα
1589 2861 1778 2916 αὐτοῦ

219 2947 531 3014 Ἰωάννην.
557 2947 852 3020 Ἐγνώρισε
886 2949 978 3003 καὶ
1001 2948 1237 3020 τοῦνομα
1258 2949 1288 3003 ὁ
1315 2949 1648 3021 κληθήσεται
1675 2951 1781 3018 κάξ

207 3035 376 3107 αὐτῆς
404 3036 507 3107 τῆς
529 3035 884 3106 ἐτυμολογίας
920 3037 998 3091 ίδν
1020 3038 1246 3094 ἄνωθεν.

1883 572 2131 641 quoniam
2153 573 2408 627 exaudita
2455 582 2532 627 est
2557 574 2728 626 oratio
2759 575 2932 627 tua".
2974 572 3168 628 Statim
3197 573 3447 630 timorem

1882 679 1947 718 eo
1978 665 2168 718 nuntio
2202 665 2542 735 compressit,
2577 666 2705 735 quia
2741 665 2878 721 visio
2910 666 3153 736 angelica
3195 673 3319 736 post
3352 680 3449 736 pa-

1883 770 2070 809 vorem
2099 770 2327 812 causam
2357 756 2583 811 timendi
2613 756 2752 812 solet
2790 758 3028 826 eripere;
3059 758 3203 827 quod
3251 758 3304 812 in
3336 757 3448 813 da:-

1881 846 2148 902 moniacis
2170 848 2491 904 occursibus
2520 857 2708 904 contra
2729 849 2807 905 tit.
2827 847 2910 903 Ne
2930 850 3139 916 timeas,
3159 847 3448 912 Zacharia,

1880 939 2128 1008 quoniam
2153 938 2408 993 exaudita
2436 949 2512 993 est
2548 942 2721 995 oratio
2750 951 2863 1005 tua,
2889 951 2936 996 et
2965 957 3100 996 uxor
3146 951 3238 996 tua
3270 941 3449 996 Eliso-

1881 1031 1999 1085 beth
2023 1030 2194 1098 ﬁlium
2223 1031 2318 1085 tibi
2342 1033 2536 1102 pariet.
2591 1032 2635 1086 0
2679 1034 3044 1088 desideratum
3081 1033 3224 1103 quod
3265 1047 3296 1086 a
3338 1033 3450 1088 Deo

1882 1122 1941 1177 tit
1978 1124 2326 1178 mandatum!
2364 1139 2398 1178 ο
2446 1124 2600 1178 valde
2649 1124 2941 1194 optabilem
2970 1141 3093 1195 qua:
3145 1126 3213 1181 ab
3254 1124 3448 1196 angelo

1881 1213 2103 1271 affertur
2131 1217 2580 1286 promissionem!
2613 1218 2911 1273 Assecutus
2944 1228 3027 1273 est
3053 1219 3196 1288 quod
3229 1226 3452 1288 optave-

1881 1319 1968 1364 rat
1995 1328 2010 1365 :
2036 1310 2295 1378 obtinuit,
2337 1310 2484 1381 quod
2519 1312 2745 1382 rogabat
2775 1327 2790 1365 :
2820 1312 3028 1367 invenit
3062 1312 3208 1383 quod
3233 1326 3449 1382 qurere-

1881 1399 2005 1467 bat;
2055 1401 2352 1456 sterilitatis
2390 1402 2768 1467 mutationem,
2815 1401 3167 1458 fecunditatis
3208 1401 3446 1470 donum;

1881 1504 1990 1545 non
2051 1499 2261 1546 naturae
2321 1491 2562 1562 scquela,
2622 1491 2715 1547 sed
2777 1506 3004 1562 precum
3044 1491 3447 1562 impetratioue.

1881 1578 1998 1635 Non
2031 1580 2176 1636 enim
2208 1581 2603 1637 maledictionis
2623 1595 2783 1651 pmna
2807 1590 2928 1637 erat
2968 1581 3251 1646 sterilitas,
3281 1579 3447 1645 absit,

1880 1670 1974 1725 sed
2017 1671 2198 1741 magni
2228 1671 2471 1742 mysterii
2502 1671 2849 1743 significatio.
2881 1669 3092 1726 Etenim
3124 1668 3449 1726 Zachariam

1883 1761 2262 1832 frequentibus
2289 1763 2357 1818 ad
2395 1762 2565 1818 Deum
2611 1761 2865 1834 precibus
2898 1761 3220 1828 instantem,
3249 1768 3310 1815 ut
3341 1759 3451 1816 sol-

1884 1863 2102 1912 veretur
2126 1854 2406 1920 sterilitas,
2439 1854 2554 1910 haic
2585 1853 2823 1909 fortasse
2865 1852 3144 1908 inaudisse
3172 1851 3277 1907 sibi
3304 1849 3452 1906 dicta

1883 1958 2016 2017 puto
2065 1948 2350 2002 :nondum
2401 1947 2731 2018 completum
2776 1954 2860 2001 est
2906 1955 3170 2014 tempus:
3207 1943 3451 1999 nondum

1882 2040 2022 2095 finiti
2059 2047 2189 2095 sunt
2216 2039 2332 2095 dies
2357 2040 2623 2094 adventus
2655 2056 2668 2093 :
2696 2047 2825 2094 tunc
2850 2038 3069 2094 demum
3097 2037 3268 2107 prolis
3297 2036 3452 2108 geni-

1882 2136 2061 2184 turam
2089 2145 2266 2201 spera,
2290 2146 2324 2186 o
2353 2129 2638 2198 Zacharia,
2675 2131 2894 2202 quando
2934 2131 3142 2186 venerit
3168 2138 3454 2201 exspecta-

1881 2219 1959 2272 tio
1983 2219 2221 2286 geutium
2249 2239 2263 2274 :
2299 2229 2429 2275 tunc
2451 2229 2708 2290 exspecta
2733 2219 3038 2276 sterilitatis
3064 2219 3452 2284 cessationem,

1881 2324 2005 2365 cum
2024 2310 2305 2366 advenerit
2320 2326 2446 2382 spes
2472 2315 2717 2368 omnium
2739 2313 2928 2368 finium
2957 2323 3134 2368 terrai.
3153 2313 3305 2368 Nunc
3328 2314 3454 2382 quia

1882 2411 2097 2471 tempus
2115 2403 2289 2470 adest,
2321 2417 2476 2459 sume
2501 2420 2615 2459 rem
2641 2414 2880 2476 optatam
2911 2419 3004 2474 per
3028 2405 3292 2462 Gabrielis
3313 2420 3454 2474 prae-

1881 2494 2172 2550 dictionem
2201 2513 2215 2549 :
2247 2505 2538 2552 renovetur
2563 2505 2622 2550 ut
2664 2497 2855 2567 aquilae
2884 2498 3144 2568 juventus
3191 2505 3282 2553 tua
3316 2516 3328 2551 :
3361 2512 3456 2552 co-

1882 2601 2113 2655 guosce,
2169 2586 2380 2657 inquit,
2435 2602 2664 2642 uxorem
2714 2597 2884 2646 tuam.
2945 2589 3154 2643 Etenim
3203 2589 3454 2644 exaudita

1879 2691 1956 2734 est
2001 2679 2172 2732 oratio
2201 2688 2313 2743 tua,
2355 2687 2404 2733 et
2442 2695 2575 2733 uxor
2604 2689 2697 2734 tua
2718 2678 2983 2734 Elisabetlt
3021 2681 3117 2733 tibi
3153 2679 3323 2748 ﬁlium
3354 2695 3457 2748 pa-

1880 2772 2001 2837 riet,
2043 2769 2350 2840 vocabisque
2394 2785 2580 2825 nomen
2638 2769 2753 2838 ejus
2799 2768 3078 2823 Joannem.
3125 2766 3458 2839 Signiﬁcavit

1878 2864 2043 2919 etiam
2070 2877 2289 2928 nomen,
2323 2876 2434 2931 quo
2474 2860 2779 2927 vocabitur,
2816 2874 2882 2915 ex
2918 2860 2967 2914 vi
3000 2859 3170 2930 ipsius
3190 2857 3460 2930 etymolo-

1881 2951 1980 3022 giae
2001 2951 2292 3020 procedere
2315 2948 2386 3004 ab
2411 2948 2540 3002 alto.

277 3126 346 3193 ζ’.
379 3124 530 3183 Εῖπε
565 3126 636 3182 δὲ
659 3129 958 3198 Ζαχαρίας
1009 3129 1157 3199 πρὸς
1208 3131 1318 3185 τὸν
1344 3131 1624 3201 ἄγγελον.
1652 3133 1781 3186 Λοι-

1956 3132 2006 3187 7.
2037 3132 2194 3186 Dixit
2240 3139 2416 3187 autem
2465 3130 2754 3188 Zacharias
2782 3131 2991 3203 angelo.
3035 3130 3170 3186 Exin
3202 3145 3329 3186 cum
3358 3144 3458 3185 an-

206 3220 308 3273 πὺν
355 3219 468 3290 γὰρ
517 3219 666 3292 αὺτῷ
701 3220 778 3284 ὡς
818 3221 1095 3292 ὁμοδούλῳ
1129 3224 1411 3296 παρρησίᾳ
1449 3223 1781 3294 διαλέγεταιο

207 3312 370 3367 Κατὰ
396 3312 458 3366 τί
480 3309 788 3383 γνώσομαι
821 3313 1021 3380 τοῦτο;
1050 3315 1202 3384 Ἐγὼ
1230 3315 1342 3385 γάρ
1373 3317 1491 3387 ειμι
1516 3318 1782 3385 πρεσϐύ-

205 3421 333 3472 της,
379 3404 484 3458 καὶ
512 3405 552 3472 ἠ
588 3403 741 3474 γυνή
772 3422 892 3474 μου
946 3406 1342 3474 προϐεϐηκυῖα
1381 3408 1449 3462 ἐν
1476 3408 1607 3474 ταῖς
1639 3409 1782 3479 ἠμέ-

196 3513 336 3566 ραις
361 3494 578 3564 αὐτῆς.
622 3497 684 3549 Ἦ
720 3497 818 3568 μὶν
849 3497 1138 3569 πρόχειρος
1169 3499 1261 3552 καὶ
1293 3501 1534 3572 πατρικὴ
1566 3502 1783 3555 ἀπόδει-

205 3587 307 3652 ξις,
350 3586 614 3651 ἀπιστίας
668 3586 921 3658 ἔγκλημα
962 3590 1306 3661 καταγράφει
1341 3589 1421 3661 τῷ
1471 3592 1640 3661 ίερεϊ·
1671 3596 1699 3646 ὁ
1729 3593 1786 3647 δὲ

203 3677 402 3751 παρὼν
443 3677 602 3747 λόγος
651 3679 752 3750 οὐχ
808 3680 1163 3746 ὑποπίπτων,
1230 3682 1346 3736 ἀλλ’
1388 3685 1445 3736 ὲν
1490 3683 1787 3756 δοκιμασίᾳ

204 3769 637 3840 προερχόμενος,
683 3771 878 3824 ταυτὸν
933 3772 1260 3827 πεπονθέναι
1290 3774 1425 3844 φησι
1460 3774 1537 3846 τῷ
1568 3776 1788 3847 μεγάλῳ

203 3863 378 3935 Θωμᾷ
414 3863 624 3918 καὶτὸν
648 3863 942 3934 Ζαχαρίαν⁹
968 3864 1030 3918 οὐ
1055 3864 1217 3918 τοῦτο
1235 3866 1342 3936 γὰρ
1362 3861 1430 3936 ἦν
1459 3866 1622 3919 αὑτὸν
1642 3868 1787 3933 είκὸς

206 3955 545 4024 ἠγνοηκέναι
596 3957 883 4028 προφήτην
917 3973 979 4010 τε
1022 3956 1152 4011 ὁντα
1191 3958 1285 4011 καὶ
1312 3959 1380 4010 τά
1425 3958 1544 4012 θεῖα
1582 3975 1786 4013 πεπαι-

203 4047 493 4119 ϐιυμένον,
513 4047 705 4116 ὅτιπερ
735 4048 941 4102 δύναιτ’
964 4049 1030 4103 ἂν
1056 4049 1190 4114 Θεὸς
1210 4049 1304 4103 καὶ
1337 4050 1500 4120 φύσιν
1535 4067 1786 4122 καινουρ-

204 4141 397 4211 γῆσαι,
451 4137 548 4193 καὶ
579 4139 756 4208 γῆρας
786 4141 1121 4209 νεοποιῆσαι,
1145 4139 1242 4194 καὶ¹
1272 4141 1439 4210 πόρον
1484 4142 1542 4194 ὲν
1567 4140 1787 4210 ἀμηχά-

206 4249 315 4294 νοις
338 4230 658 4300 διεκφᾶναι,
682 4229 758 4294 ὡς
784 4231 875 4283 ἐπὶ
900 4229 1153 4302 ’Δϐραάμ
1187 4231 1279 4285 καὶ
1304 4232 1542 4303 Σάρρας,
1591 4230 1667 4294 ὡς
1696 4232 1790 4284 ἐπὶ

206 4323 306 4393 τῆς
332 4322 752 4393 Σουναμίτιδος,
777 4324 870 4375 καὶ
895 4323 1003 4376 τῶν
1039 4322 1212 4377 ἄλλων
1237 4324 1500 4377 ποικίλων
1531 4322 1625 4376 καὶ
1651 4340 1788 4376 παν-

204 4413 457 4473 τοδαπῶν
479 4408 649 4466 αὐτοῦ
679 4412 999 4480 τεραστίων.
1026 4411 1164 4464 Ἀλλ’
1198 4411 1384 4482 ἐπειδὴ
1409 4414 1463 4464 αί
1489 4411 1595 4465 τῶν
1616 4411 1787 4482 μεγά-

1884 3223 2005 3294 gelo
2049 3231 2307 3293 tanquam
2357 3238 2622 3279 conservo
2668 3223 2908 3293 loquitur
2957 3239 2972 3277 :
3026 3221 3302 3289 Quomodo
3361 3222 3458 3277 hoc

1885 3316 2232 3385 cognoscam?
2250 3331 2342 3386 ego
2363 3317 2504 3370 enim
2532 3329 2688 3369 senes:
2707 3330 2845 3380 sum,
2869 3323 2918 3369 et
2944 3329 3081 3368 uxor
3104 3330 3220 3367 mea
3249 3329 3459 3382 proces-

1885 3407 1954 3461 sit
1994 3408 2052 3462 in
2096 3408 2276 3464 diebus
2313 3407 2507 3464 suis".
2539 3407 2860 3464 Communis
2893 3407 3114 3479 quidem
3145 3416 3200 3462 et
3229 3405 3456 3460 Patrum

1885 3501 2235 3570 explanatio,
2279 3501 2680 3556 incredulitatis
2726 3515 2879 3554 reum
2931 3499 3064 3555 dicit
3097 3499 3456 3554 sacerdotem.

1886 3592 1956 3646 At
1985 3601 2173 3647 noster
2220 3607 2401 3648 sermo
2428 3591 2514 3647 bis
2551 3606 2659 3646 non
2699 3592 3074 3662 acquiescens,
3101 3588 3195 3645 sed
3240 3589 3458 3659 experi-

1890 3687 2053 3739 menti
2102 3699 2269 3740 causa
2333 3684 2568 3739 ulterius
2620 3683 2995 3753 progrediens,
3052 3681 3191 3736 idem
3236 3694 3458 3750 passum

1889 3771 2206 3829 Zachariam
2231 3774 2328 3842 ait,
2350 3777 2492 3845 quod
2525 3788 2780 3843 magnum
2815 3769 3106 3826 Thomam.
3132 3768 3285 3825 Haud
3312 3770 3457 3825 enim

1888 3867 2182 3923 verisimile
2209 3876 2309 3931 est,
2333 3865 2648 3936 prophetam
2685 3864 2762 3919 rei
2795 3863 2992 3918 divinat
3039 3877 3269 3934 gnarum
3303 3862 3458 3933 igno-

1890 3973 2062 4024 rasse,
2094 3973 2258 4028 posse
2299 3956 2467 4012 Deum
2505 3967 2560 4010 ct
2597 3966 2849 4012 naturam
2891 3956 3176 4019 innovare,
3218 3962 3273 4008 et
3301 3968 3461 4009 sene-

1889 4052 2023 4106 ctuti
2056 4053 2196 4105 vires
2221 4053 2548 4116 instaurare,
2577 4058 2631 4104 et
2662 4050 2864 4104 bonum
2908 4048 3111 4103 exitum
3157 4046 3463 4115 desperatis

1889 4138 2055 4194 rebus
2080 4138 2386 4204 ostendere,
2422 4148 2482 4193 ut
2525 4139 2576 4191 iu
2607 4137 2916 4192 Abrahamo
2945 4137 3190 4205 Saraque
3227 4134 3378 4199 fecit,
3407 4145 3464 4190 et

1889 4233 1943 4286 in
2007 4231 2370 4298 Sunamitidc,
2403 4240 2454 4284 et
2482 4231 2534 4284 in
2560 4231 2680 4285 aliis
2719 4230 3011 4296 cujuslibet
3035 4227 3253 4298 generis
3274 4228 3462 4298 prodi-

1892 4325 2104 4392 giorum
2155 4324 2395 4380 casibus.
2425 4321 2531 4378 Sed
2575 4323 2704 4392 quia
2745 4328 3160 4393 niaguarum,et
3187 4333 3309 4390 quae
3334 4327 3466 4374 sunt

1889 4428 2090 4489 printer
2119 4417 2456 4488 opinionem,
2480 4415 2946 4485 exspectationum
2975 4412 3388 4483 promissiones,
3414 4411 3463 4466 si

205 4504 312 4560 λων
341 4504 444 4559 καὶ
476 4479 803 4574 παραδόξων
834 4502 1171 4573 προσδοκιῶν
1199 4479 1520 4572 ἐπαγγελίαι
1561 4479 1784 4568 ἐξάπινα

1896 4517 2118 4579 repente
2152 4509 2444 4562 audiantur
2467 4505 2793 4561 conturbare
2833 4502 2946 4558 fere
2976 4503 3224 4558 animum
3255 4501 3461 4566 solent;

203 4599 545 4670 ἀκουόμεναι
587 4597 877 4656 ταράττειν
933 4613 1048 4659 πως
1095 4594 1317 4649 είώθασι
1352 4597 1450 4667 τὴν
1493 4595 1692 4667 ψυχὴν,
1728 4598 1787 4650 οὐ

205 4691 342 4761 πρὸς
382 4689 651 4742 ἀπιστίαν
680 4686 1136 4757 ἀναϐαλλόμενος,
1171 4683 1348 4759 οἶμαι,
1377 4688 1513 4743 ἀλλά
1539 4689 1674 4758 πρὸς
1701 4705 1789 4742 τε-

205 4781 426 4836 λείωσιν
452 4780 940 4851 ὲπισπευδόμενος,
968 4779 1130 4842 εὐθὺς
1163 4775 1251 4834 οἷα
1287 4781 1378 4851 ὑφ’
1408 4782 1600 4853 ἡδονῆς
1631 4782 1792 4846 ἀὶοὺς

203 4873 486 4941 ἁναφωνιῖ
515 4872 612 4923 καὶ
633 4869 852 4940 φράζει,
875 4871 1035 4928 Κατὰ
1064 4872 1122 4925 τί
1136 4871 1435 4942 γνώσομαι
1465 4873 1641 4926 τοῦτο
1665 4874 1790 4944 ςΜὴ

203 4965 265 5033 δὴ
314 4961 692 5036 παραλογίσῃ,
748 4961 1012 5034 μηδαμῶς
1057 4963 1349 5036 διαψεύσῃ,
1402 4965 1544 5019 δίδου
1605 4982 1693 5034 μοι
1729 4967 1789 5018 τὸ

202 5055 504 5125 ἐπίσημον,
543 5052 754 5124 πάρεχέ
784 5070 872 5123 μοι
890 5053 951 5106 τὸ
978 5055 1253 5124 ἐνέχυρον·
1283 5055 1359 5120 ὡς
1400 5056 1566 5110 πάλαι
1596 5057 1624 5107 ὁ
1658 5057 1787 5120 Θεὸς

203 5146 278 5215 τῷ
299 5145 569 5217 Ἀϐραὰμ
596 5147 734 5215 πρὸς
764 5145 825 5197 τὺ
856 5146 1104 5212 γενέσθαι
1143 5147 1302 5200 αὐτὸν
1328 5147 1539 5217 πατέρα
1577 5147 1789 5200 πολλῶν

204 5238 396 5305 ιθνῶν,
421 5240 524 5294 καὶ
566 5241 633 5293 ὲκ
657 5237 756 5306 τῆς
778 5238 976 5306 ὀσφύος
1005 5237 1174 5293 αὑτοῦ
1211 5239 1582 5305 ἐξελεύσεσθαι
1636 5241 1790 5310 βασι-

204 5328 333 5396 λεῖς,
358 5333 422 5384 τὸ
449 5330 557 5402 τῆς
583 5330 888 5400 περιτομῆς
916 5333 1140 5400 σημεῖον
1171 5346 1183 5358 ·
1221 5331 1312 5385 καὶ
1340 5335 1445 5405 πρὸ
1470 5333 1684 5398 τούτου,
1713 5333 1786 5398 ὡς

203 5423 280 5496 τῷ
318 5425 445 5479 Νῶε
500 5423 643 5495 πρὸς
672 5424 734 5476 τὸ
769 5423 843 5494 μὴ
883 5424 1081 5491 ἐπάξαι
1119 5427 1502 5497 κατακλυσμὸν
1547 5428 1640 5482 ἐπὶ
1691 5431 1789 5498 τῆς

205 5517 326 5590 γῆς,
351 5520 414 5573 τὸ
437 5521 500 5574 ὲν
538 5519 609 5589 τῇ
643 5516 840 5589 νεφέλῃ
868 5518 1037 5584 τόξον·
1067 5517 1200 5589 πρὸς
1223 5519 1428 5586 τούτοις
1459 5521 1549 5574 καὶ
1581 5520 1786 5593 Μωῦσῇ

296 5772 340 5803 ⁷⁷
376 5771 518 5831 Luc.
555 5784 597 5833 ι,
637 5768 720 5823 l5.
830 5770 870 5801 ⁷⁸
906 5767 1037 5834 ibid,
1079 5769 1160 5821 l8.

1895 4600 2188 4656 Zacharias
2215 4613 2321 4653 non
2354 4598 2734 4653 incredulitate
2767 4596 3048 4660 haesitans,
3081 4602 3143 4648 ut
3187 4607 3333 4657 reor,
3367 4593 3464 4647 sed

1895 4695 1961 4750 ad
1986 4695 2062 4749 rei
2088 4692 2475 4764 perfectionem
2503 4691 2788 4756 festinans,
2811 4690 2955 4745 illico
2979 4698 3236 4757 tanquam
3263 4685 3465 4756 gaudio

1894 4793 2177 4854 correptus
2201 4783 2471 4839 exclamat
2507 4781 2689 4852 aitque
2721 4799 2736 4835 :
2771 4779 3057 4848 Quomodo
3111 4777 3216 4833 hoc
3265 4791 3467 4845 cogno-

1896 4875 2086 4930 scam?
2124 4873 2201 4929 Ne
2237 4890 2322 4928 me
2356 4873 2616 4944 decipias,
2647 4887 2715 4927 ne
2742 4887 2829 4926 me
2855 4870 3034 4933 fallas,
3062 4869 3130 4923 da
3162 4867 3298 4922 mihi
3326 4867 3465 4922 indi-

1896 4970 2063 5034 cium,
2099 4967 2278 5036 praebe
2327 4964 2461 5019 mihi
2521 4964 2774 5029 arrham;
2827 4971 2888 5016 ut
2935 4961 3065 5017 olim
3100 4958 3243 5013 Deus
3289 4957 3465 5013 Abra-

1900 5064 2082 5128 hamo,
2104 5069 2165 5115 ut
2190 5058 2539 5130 persuaderet
2571 5057 2685 5111 fore
2715 5055 2866 5110 illum
2897 5053 3189 5108 multarum
3219 5050 3463 5120 gentium

1898 5162 2129 5223 patrem,
2158 5162 2211 5206 et
2241 5167 2308 5206 ex
2338 5152 2458 5221 ejus
2512 5149 2712 5204 lumbis
2747 5161 2897 5217 reges
2942 5146 3206 5204 orituros,
3245 5140 3468 5196 tradidit

1898 5244 2332 5302 circumcisionis
2386 5243 2598 5311 signum
2634 5258 2647 5294 :
2678 5248 2730 5292 et
2786 5246 2909 5292 ante
2962 5239 3110 5289 hunc
3151 5231 3371 5287 Noacho
3405 5246 3465 5288 ut

1899 5338 2058 5393 iidem
2089 5335 2306 5399 faceret,
2343 5347 2620 5401 nunquam
2655 5336 2837 5399 postea
2872 5328 3164 5382 adductum
3199 5323 3265 5377 iri
3299 5338 3465 5392 super

1899 5439 2100 5485 terram
2140 5426 2632 5491 diluvium,arcum
2657 5421 2893 5477 ostendit
2919 5420 2970 5474 in
3003 5418 3146 5473 nube
3182 5433 3196 5471 :
3228 5415 3465 5483 denique

1898 5521 2066 5592 Moysi
2095 5521 2302 5590 virgam
2333 5519 2386 5572 in
2411 5531 2638 5586 anguem
2667 5520 2955 5579 mutatam,
2982 5521 3036 5566 et
3059 5525 3187 5566 mox
3214 5521 3316 5563 suo
3347 5515 3462 5563 sta-
