4018 6304
539 373 644 439 ’155

1731 362 1790 421 S.
1831 350 2220 418 THEODORI
2251 349 2594 409 STUDITAZ

3676 336 3777 401 756

543 490 621 543 tui
649 485 978 549 restitutam,
1015 490 1072 537 ut
1104 479 1341 554 Egyptii
1386 479 1688 546 crederent,
1712 477 1761 531 ei
1793 472 2112 546 apparuisse
2141 516 2144 526 ς

2248 469 2312 540 ὴν
2355 466 2682 536 ὀφιωθεῖσαν
2750 464 2838 517 καὶ
2868 462 3062 515 θᾶττον
3105 454 3652 512 ἀποκατασταθεῖσαν
3686 455 3780 523 ράο

546 579 697 633 illum
727 576 819 648 qui
847 573 961 629 Est.

619 755 673 809 8.
701 752 766 806 Et
793 749 1103 821 respondens
1124 747 1337 817 angelus
1367 745 1504 798 dixit
1533 744 1579 798 ei
1609 759 1625 795 :
1659 742 1792 796 Ecce
1811 741 1914 794 eris
1938 750 2112 793 tacens

551 844 714 915 nequé
755 843 898 912 loqui
942 841 1138 901 valens,
1174 845 1447 907 propterea
1482 833 1618 901 quod
1664 830 1829 884 verbis
1858 829 1982 881 meis
2013 843 2114 879 non

554 937 828 992 credidisti
881 931 1209 1002 (addendum
1278 937 1402 991 est,
1465 924 1610 994 quod
1675 918 2115 988 subintelligitur,

555 1044 773 1099 nempe.
811 1026 1136 1095 simpliciter
1166 1033 1214 1077 et
1253 1023 1370 1076 sine
1411 1017 1947 1088 inquisitione),quw
1989 1021 2119 1065 tem-

555 1139 681 1192 pore
729 1135 824 1173 suo
858 1114 1336 1177 complebuntur".
1369 1110 1592 1178 Recepit
1638 1123 1769 1178 ergo
1827 1106 2120 1160 Zacharias

557 1215 772 1284 signum
808 1211 856 1265 ei
891 1214 968 1264 rei
998 1219 1451 1267 consentaneum,
1487 1217 1682 1270 nempe
1720 1202 1872 1254 vocis
1904 1199 2123 1252 caduca:

557 1304 855 1366 silentium,
884 1317 978 1368 pro
1015 1315 1142 1353 voce
1163 1299 1284 1351 viva
1310 1312 1372 1350 ac
1402 1293 1747 1350 substantiali
1776 1306 1895 1360 quae
1923 1304 2047 1343 mox
2073 1289 2123 1342 ei

558 1394 816 1466 parienda
872 1403 1007 1447 erat.
1072 1391 1288 1444 Interim
1353 1386 1690 1455 complicatis
1732 1384 1912 1446 labiis,
1942 1381 2127 1434 laudat

559 1487 787 1541 vocibus
819 1485 1026 1537 auditui
1065 1481 1344 1551 imperviis
1375 1479 1542 1549 prolis
1576 1478 1851 1531 datorem:
1877 1473 2127 1542 Egressus

563 1579 725 1641 enim,
755 1577 951 1646 inquit.
969 1575 1113 1644 loqui
1145 1590 1245 1626 non
1268 1581 1472 1642 poterat
1495 1585 1512 1624 :
1538 1580 1586 1623 et
1618 1574 1968 1640 cognoverunt
1995 1565 2130 1635 quod

561 1671 812 1725 uisionem
866 1667 1077 1722 uidisset
1109 1668 1160 1717 in
1194 1665 1383 1734 templo
1418 1679 1435 1715 :
1465 1676 1512 1716 et
1574 1664 1683 1731 ipse
1722 1669 1831 1713 erat
1883 1661 2128 1722 innitens,

562 1761 862 1829 mansitque
916 1768 1091 1812 mutus
1108 1759 1174 1811 ⁸ο.
1211 1756 1412 1810 Partim
1465 1755 1681 1823 quidem
1721 1767 1789 1806 ne
1833 1751 2133 1816 interroga-

2213 562 2333 614 ϐδον
2363 561 2441 621 εἰς
2461 560 2520 611 τὸ
2550 556 2839 609 πιστεῦσαι
2861 557 2972 617 τοῖς
2997 549 3314 619 Αἰγυπτίοις
3335 540 3610 601 ὃτιῶπται
3634 543 3781 614 αὑτῷ

2212 655 2240 705 ὁ
2270 653 2398 704 Ὧν.

2283 749 2354 812 η’.
2393 740 2497 795 Καὶ
2528 735 2889 806 ἀποκριθεὶς,
2913 732 3096 802 φησὶν,
3121 735 3153 786 ό
3176 730 3430 800 ἄγγελος
3469 723 3642 780 εἷπεν
3679 725 3787 778 αὑ·

2215 831 2498 900 τῷ’Ἶδοὺ
2555 831 2670 897 ἔσῃ
2721 824 2964 880 σιωπῶν
3002 822 3101 910 καθ
3144 821 3231 892 μὴ
3290 818 3631 888 δυνάμενος
3676 818 3787 869 ,ια-

2217 926 2436 995 λῆσαι,
2497 924 2628 979 ἀνθ’
2661 916 2749 974 ὧν
2809 918 3189 984 ἠπίστευσας
3245 911 3369 977 τοῖς
3432 912 3640 979 λόγοις
3671 923 3789 976 μου

2223 1014 2569 1089 (προσθετέον
2627 1011 2766 1064 κατὰ
2816 1010 2878 1061 τὸ
2933 1006 3287 1076 σιωπώμενον
3343 1001 3534 1063 ἁπλῶς
3580 1016 3642 1050 τε
3695 997 3791 1050 καὶ

2222 1103 2633 1171 ἀνεξετάστως),
2699 1102 2915 1165 οἵτινες
2977 1095 3479 1165 πληρωθήσονται
3536 1092 3624 1155 εἰς
3686 1090 3796 1140 τὸν

2223 1197 2430 1265 καιρὸν
2457 1193 2675 1248 αὐτῶν.
2704 1189 2902 1245 Ἐλαόε
2933 1188 3110 1242 τοίνυν
3141 1186 3202 1239 τὸ
3232 1183 3500 1254 οημείονὸ
3518 1177 3796 1247 Ζαχαρίας

2225 1287 2560 1356 κατάλληλον
2603 1283 2682 1354 τῷ
2737 1283 3043 1352 πράγματι,
3083 1277 3294 1346 σιωπὴν
3325 1274 3565 1343 φθογγῆς
3594 1268 3798 1338 λυομέ-

2226 1400 2344 1453 νης,
2376 1380 2509 1449 πρὸς
2551 1375 2792 1446 φθογγὴν
2826 1374 3005 1436 ζῶσαν
3028 1371 3120 1423 καὶ
3147 1367 3507 1422 ἐνυπόστατον
3535 1359 3802 1431 τεχθησο-

2232 1448 2399 1542 μένην
2425 1448 2595 1536 αὐτῷ·
2634 1466 2727 1518 καὶ
2759 1461 3079 1533 συμπτύξας
3098 1461 3166 1512 τά
3201 1457 3355 1528 χείλη
3402 1452 3565 1523 ὑμνεῖ
3591 1448 3801 1518 φωναῖς

2229 1539 2583 1622 ἀνακούστοις
2611 1557 2701 1609 τὸν
2743 1554 2837 1607 τοῦ
2876 1553 3032 1605 τόκου
3063 1549 3262 1619 δοτῆρα
3289 1563 3303 1577 ·
3338 1541 3633 1608 Ἐξελθὼν
3665 1539 3800 1605 γὰρ,

2233 1654 2415 1724 φησὶν,
2453 1654 2561 1705 οὐκ
2587 1648 2849 1715 ἠδύνατο
2880 1641 3171 1711 λαλῆσαι·
3196 1638 3293 1692 καί
3332 1635 3685 1706 ἐπέγνωσαν
3712 1629 3805 1682 ὅτι

2235 1720 2532 1799 ὀπτασίαν
2554 1739 2813 1808 ἑώρακεν
2835 1738 2903 1791 ἐν
2931 1734 3010 1799 τῷ
3042 1730 3189 1796 ναῷ·
3222 1729 3323 1784 καὶ
3345 1727 3527 1791 αὐτὸς
3558 1720 3638 1794 ἦν
3671 1721 3804 1774 δια-

565 1863 739 1917 retur,
768 1853 897 1921 quia
926 1850 1210 1904 ferendum
1259 1863 1368 1902 non
1399 1856 1514 1902 erat
1540 1855 1599 1899 ut
1628 1845 1766 1898 visio
1796 1843 1998 1911 passim
2033 1857 2132 1895 au—

2248 1840 2446 1899 νεύων,
2489 1835 2586 1887 καὶ
2622 1833 2795 1901 ἔμενε
2824 1829 3042 1897 κωφός.
3072 1826 3147 1877 Τὸ
3175 1823 3274 1893 μὲν
3302 1820 3436 1891 πρὸς
3459 1819 3520 1871 τὸ
3563 1817 3640 1885 μὴ
3669 1815 3810 1921 ἐρω-

566 1944 774 1998 diretur
810 1943 1046 2010 :partim
1101 1955 1252 2003 vero,
1288 1947 1348 1991 ut
1377 1937 1467 2006 qui
1514 1934 1916 2006 quodammodo
1943 1947 2134 1987 exces-

568 2039 718 2087 serat
768 2046 833 2084 ex
889 2031 1163 2092 sensibus,
1207 2038 1462 2096 totusque
1515 2026 1569 2079 in
1611 2039 1669 2079 se
1717 2023 1834 2092 ipso
1867 2022 2132 2076 visionem

568 2122 989 2183 ruminabatur,
1045 2129 1228 2174 mutus
1289 2127 1433 2173 esset
1475 2116 1541 2170 ad
1587 2116 1934 2169 verberantes
1957 2126 2134 2166 aerem

571 2227 875 2269 sermones.
930 2210 1041 2265 Nec
1088 2209 1440 2264 inverisimile
1475 2217 1560 2261 est
1606 2205 1879 2274 prophetae
1907 2215 2136 2272 patrem,

572 2301 870 2372 prophetiae
906 2309 1284 2372 argumentum
1338 2300 1426 2354 hic
1455 2299 1783 2369 signiﬁcare.
1823 2298 1874 2351 id
1911 2304 1994 2351 est
2029 2294 2139 2350 foro

571 2403 719 2447 tasse
751 2392 940 2462 legalis
986 2393 1166 2447 cultus
1213 2392 1595 2451 cessationem,
1634 2405 1746 2457 prre
1776 2388 2142 2452 divulgatione

574 2482 752 2537 cultus
777 2483 1078 2537 secundum
1110 2483 1340 2553 gratiam
1368 2482 1422 2534 in
1458 2480 1685 2534 Joannis
1714 2480 2013 2533 nativitate.
2037 2478 2140 2530 Sed

572 2572 708 2642 iam,
736 2573 1077 2628 intermediis
1106 2572 1350 2639 omissis,
1383 2588 1503 2640 qua:
1532 2573 1596 2626 ad
1627 2579 1948 2640 praesentem
1994 2569 2137 2623 diem

578 2679 688 2720 non
748 2665 1037 2735 pertinent,
1067 2679 1297 2732 quaeque
1346 2664 1490 2718 vires
1535 2672 1733 2717 nostra:
1762 2661 2015 2731 persequi
2049 2677 2142 2716 nc-

580 2764 807 2826 queunt,
836 2771 1029 2811 rursus
1058 2756 1122 2809 ad
1153 2757 1204 2810 id
1239 2756 1385 2826 quod
1418 2757 1584 2810 instat
1612 2756 1912 2812 veniamus.

651 2940 703 2994 9.
746 2939 813 2992 Et
849 2939 1048 3007 factum
1093 2947 1193 3006 est,
1226 2939 1424 3009 inquit,
1453 2954 1570 2991 cum
1601 2939 1832 2992 audisset
1876 2935 2148 2990 Elisabeth

581 3027 962 3081 salutationem
978 3027 1479 3091 Maritv,exsultavit
1504 3026 1680 3094 infans
1700 3025 1893 3095 gaudio
1921 3025 1974 3077 in
2001 3033 2148 3076 utero

2234 1927 2452 1992 τᾶσθαι,
2475 1927 2550 1987 ὡς
2581 1925 2640 1978 οὐ
2667 1921 2932 1974 καθεκτὸν
2971 1919 3037 1970 τά
3084 1917 3183 1985 τῆς
3211 1912 3474 1972 ὀπτασίας
3517 1903 3810 1968 ἀκουτίζε-

2239 2022 2382 2075 σθαι·
2417 2019 2484 2072 τὰ
2514 2019 2568 2070 δὲ
2601 2017 2675 2080 ὠς
2703 2010 2814 2068 οἷον
2860 2007 3176 2080 ἐκόεὸηκὼς
3213 2005 3321 2058 τῶν
3363 2002 3688 2072 αἰσθήσεων,
3712 1995 3812 2048 καὶ

2238 2112 2313 2172 εἰς
2351 2107 2541 2160 ἑαυτὸν
2582 2105 2699 2168 ὅλος
2744 2103 2804 2156 τὸ
2829 2101 3024 2172 όραθέν
3050 2095 3504 2166 συστρεφόμενος,
3538 2086 3814 2156 κωφεύειν

2238 2203 2348 2262 τοῖς
2387 2195 2745 2267 ἀεροκτύποις
2773 2193 2907 2262 λαλή
2918 2207 3084 2259 μασιν
3111 2204 3124 2216 ·
3161 2187 3314 2241 οὐδὲν
3337 2185 3393 2238 δὲ
3425 2178 3534 2236 οἷον
3567 2181 3643 2242 ὡς
3672 2194 3813 2247 προ·

2242 2289 2597 2361 φητοπάτορα
2623 2286 2715 2339 καὶ
2738 2280 3075 2354 προφητείας
3119 2277 3278 2348 ἔργον
3310 2270 3588 2327 κάνταῦθα
3618 2273 3815 2336 ἐπιση-

2246 2383 2477 2453 μαίνειν·
2507 2379 2598 2430 καὶ
2625 2375 2781 2428 τοῦτό
2809 2376 2953 2425 ἐστιν
2975 2371 3106 2432 ἴσως
3134 2370 3167 2437 ἡ
3192 2368 3289 2436 τῆς
3312 2362 3540 2434 νομικῆς
3556 2357 3817 2428 λατρείας

2247 2447 2446 2533 παῦλα,
2467 2468 2602 2538 πρὸς
2631 2468 2729 2536 τὴν
2760 2467 2816 2517 ἐν
2845 2465 2911 2533 τῇ
2941 2462 3122 2532 χάριτι
3143 2458 3230 2511 διὰ
3262 2456 3360 2524 τῆς
3385 2452 3692 2538 γεννήσεως

2259 2534 2521 2616 Ἰωάννου
2547 2534 2867 2625 ἀνάρρησιν.
2902 2551 3096 2605 Τοίνυν
3125 2543 3574 2617 παραδραμόντες
3606 2537 3674 2589 τά
3727 2536 3819 2588 διὰ

2252 2654 2438 2724 μέσου,
2477 2650 2552 2713 ὡς
2584 2647 2708 2701 οὔτε
2757 2648 2823 2716 τῇ
2860 2644 3044 2715 ἡμέρα
3089 2641 3378 2706 ἀνήκοντα,
3407 2632 3514 2686 οὐδ’
3545 2631 3683 2701 αὐτῇ
3721 2629 3818 2680 δυ-

2247 2745 2408 2813 νάμει
2442 2740 2600 2811 ὴμῶν
2630 2737 2850 2806 ἐφικτὰ,
2887 2732 3040 2795 αὖθις
3072 2732 3164 2784 ἐπὶ
3199 2729 3259 2781 τὸ
3291 2726 3615 2790 κατεπεῖγον
3665 2721 3822 2772 ἐλευ-

2249 2833 2494 2906 σώμεθα.

2320 2905 2384 2982 θ’.
2427 2927 2534 2981 Καὶ
2557 2923 2809 2993 ἐγένετο,
2831 2919 3016 2987 φησὶν,
3043 2916 3122 2981 ὡς
3145 2913 3413 2983 ἤκουσεν
3442 2911 3475 2977 ἡ
3503 2905 3821 2962 Ἐλισάόετ

2250 3022 2357 3076 τὸν
2391 3015 2718 3083 ἀσπασμὸν
2742 3011 2854 3078 τῆς
2883 3011 3127 3078 Μαρίας,
3155 3005 3478 3073 ἐσκίρτησε
3508 3001 3572 3054 τὸ
3590 2999 3824 3068 ,βρέφος

582 3119 770 3187 ejus“.
808 3117 852 3172 Ο
883 3117 1142 3180 Joannes,
1176 3086 1305 3171 ielix
1333 3119 1536 3181 infans,
1563 3086 2014 3188 vigilvembryon!
2043 3117 2144 3182 Qui

2250 3111 2318 3165 ἐν
2343 3104 2695 3178 ἀγαλλιάσει
2722 3103 2790 3155 ἐν
2827 3100 2901 3168 τῇ
2941 3100 3140 3163 κοιλίᾳ
3170 3093 3378 3161 αὐτῆς.
3409 3086 3482 3143 Ὦ
3507 3089 3732 3158 Ἰωάννη
3765 3086 3827 3139 τὸ

583 3224 644 3262 es
698 3209 749 3261 in
794 3218 968 3270 utero,
1001 3210 1275 3278 quomodo
1323 3208 1376 3261 in
1427 3208 1668 3262 mundo?
1695 3209 1788 3277 qui
1818 3208 2057 3262 nondum
2091 3221 2149 3260 es

585 3301 879 3372 perfectus,
916 3302 1193 3370 quomodo
1223 3318 1280 3356 es
1312 3303 1798 3357 absolutissimus?
1831 3302 1922 3371 qui
1974 3315 2151 3356 seme-

585 3390 736 3455 stris,
781 3391 1053 3460 quomodo
1113 3392 1424 3461 longaevus?
1474 3393 1565 3461 qui
1615 3393 1851 3446 nondum
1914 3391 2153 3461 cogitare

588 3488 763 3548 potes,
794 3481 1069 3549 quomodo
1105 3497 1162 3535 cs
1194 3480 1695 3549 prudentissimus?
1725 3479 1819 3549 qui
1851 3479 2000 3547 loqui
2042 3493 2150 3532 non

587 3582 766 3642 potes,
807 3573 1082 3640 quomodo
1110 3572 1360 3641 expedite
1397 3571 1660 3625 disseris?
1701 3570 1790 3624 dic
1837 3569 2016 3632 nobis,
2042 3568 2151 3635 dic,

587 3680 716 3734 age;
741 3665 1028 3719 tenebroso
1058 3664 1289 3718 materni
1320 3663 1459 3716 uteri
1490 3662 1609 3717 loco
1640 3661 1820 3715 adhuc
1842 3661 2154 3724 conclusus,

587 3756 852 3812 visualem
899 3757 1008 3809 vim
1067 3755 1306 3810 nondum
1363 3769 1646 3818 exercens,
1694 3769 1826 3809 aure
1869 3755 2155 3822 strepitum

589 3848 797 3903 nullum
822 3847 1100 3913 hauriens,
1119 3847 1362 3902 vocalem
1381 3860 1579 3901 sonum
1612 3845 1853 3899 nondum
1877 3845 2154 3904 emittcns.

2255 3202 2526 3273 μακάριον
2568 3197 2784 3267 βρέφος,
2832 3193 2893 3245 τὸ
2923 3190 3223 3258 ἀκοίμητον
3249 3185 3519 3256 ἐμόρυονί
3574 3182 3632 3234 Ὀ
3659 3179 3829 3249 ἐγγά-

2254 3272 2456 3362 στριος,
2503 3288 2618 3350 πῶς
2668 3286 2990 3353 ἐγκόσμιοςς
3037 3283 3065 3333 ὁ
3118 3278 3421 3339 ἀτέλεστος,
3462 3274 3581 3337 πῶς
3624 3272 3831 3342 πληρέ-

2255 3397 2478 3444 στατος;
2503 3381 2530 3432 ὁ
2555 3376 2926 3446 ἑξαμηνιαῖος,
2955 3371 3068 3433 πῶς
3114 3367 3461 3437 πολυχρόνιος
3481 3382 3496 3431 ;
3516 3365 3543 3416 ὁ
3573 3362 3830 3431 ἀδιανόη-

2253 3492 2363 3538 τος,
2387 3472 2501 3535 πῶς
2524 3468 2995 3540 ἐμφρονέστατος;
3023 3463 3052 3515 ὁ
3083 3459 3419 3522 ἀδιάλεκτος,
3437 3456 3553 3518 πῶς
3585 3452 3832 3517 εὕλαλοςς

2255 3566 2464 3638 φράσον
2498 3565 2648 3635 ἡμῖν,
2681 3559 2979 3633 φράσον,ἐν
2997 3552 3210 3624 ζοφερῷ
3237 3550 3420 3621 χωρίῳ
3439 3548 3534 3638 τῆς
3572 3543 3835 3615 μητρῴας

2256 3637 2446 3731 νηδύος
2480 3655 2852 3725 συνεχόμενος,
2886 3650 2983 3719 τὴν
3028 3645 3290 3718 ὁρατικὴν
3335 3641 3448 3707 ἐξιν
3481 3637 3637 3691 οὔπω
3683 3639 3810 3704 ἐνερ

2257 3727 2390 3822 γῶν,
2450 3749 2538 3802 τὸν
2569 3743 2894 3800 ἀκουστικὸν
2923 3741 3096 3811 ψόφον
3135 3737 3287 3790 οῠπω
3315 3731 3717 3803 εἰσδεχόμενος,
3745 3727 3840 3780 τὸν

2259 3839 2560 3913 φωνητικὸν
2595 3835 2830 3907 φθόγγον
2864 3831 3015 3885 οὔπω
3066 3828 3294 3892 ἐκϐοῶν,
3323 3824 3422 3895 τὴν
3470 3835 3840 3890 περιπατητι-

589 3937 942 3993 ambulatorii
990 3947 1171 3993 motus
1206 3938 1448 3991 nondum
1497 3937 1793 4005 particeps,
1831 3938 2002 3991 risum
2057 3937 2144 3988 ho-

2259 3910 2360 4002 κὴν
2388 3930 2601 3999 κίνησιν
2630 3925 2784 3978 οὔπω
2817 3918 3178 3992 μετειληφὼς,
3208 3917 3269 3970 τὸ
3289 3911 3615 3984 γελαστικὸν
3639 3910 3838 3979 ἰδίωμα

589 4029 755 4084 tninis
807 4029 1085 4096 proprium
1144 4028 1322 4081 adhuc
1369 4043 1480 4081 non
1534 4041 1819 4092 exserens;
1881 4026 2144 4096 quomodc

2259 4023 2412 4077 061cm
2459 4014 2896 4087 ἐπιτετηδευκὼς
2926 4029 2939 4044 ·
2973 4011 3090 4074 πῶς
3117 4010 3354 4080 ,διορᾷς;
3405 4004 3524 4068 πῶς
3585 4002 3836 4065 ἐπατειςς

592 4094 1092 4190 δυάὶεἳιιιιοιιιοάο
1141 4133 1228 4173 res
1279 4119 1493 4173 divinas
1549 4118 1857 4186 eloqueris?
1882 4094 2144 4188 quomodt

2263 4115 2378 4177 πῶς
2405 4112 2710 4176 θεολογεῐς;
2743 4108 2859 4170 πῶς
2887 4123 2955 4158 πε
2965 4103 3286 4175 ρισκιρτᾷς;
3316 4096 3576 4159 ποταπῶς
3603 4094 3835 4162 ἀγάλλῃ;

590 4187 1120 4280 εκείἰὶοτιιυοιιιοιιο
1165 4208 1445 4265 exsultas?
1477 4209 1767 4280 responde,
1803 4224 1836 4264 ο
1869 4187 2144 4264 mirabilis-

2262 4205 2554 4274 ἀπόκριναι
2576 4203 2729 4271 ἡμῖν,
2765 4198 3077 4268 ἀπόκριναι,
3095 4188 3140 4247 ὧ
3165 4192 3497 4259 πανάγαστε·
3528 4187 3715 4253 Μέγα,
3736 4202 3839 4256 φη-

594 4305 750 4358 sime.
785 4302 1038 4374 Magnum
1098 4311 1199 4367 est,
1251 4303 1359 4367 ait,
1391 4303 1734 4373 mysterium,
1773 4311 1826 4358 et
1885 4311 2039 4358 actus
2095 4303 2144 4357 al

2267 4299 2373 4359 σίν,
2405 4296 2464 4349 τὸ
2492 4293 2813 4362 τελούμενον
2845 4290 3162 4360 μυστήριον,
3201 4285 3295 4337 καὶ
3353 4281 3456 4346 ἔξω
3488 4279 3840 4349 ἀνθρωπίνης

593 4396 834 4448 humana
884 4404 1126 4448 remotus
1158 4395 1667 4463 comprehensione.
1719 4394 1910 4451 Merito
1962 4395 2144 4449 innovt

2266 4385 2623 4456 καταλήψεως
2644 4384 2704 4435 τὸ
2732 4382 2934 4452 δρᾶμα·
2968 4374 3277 4444 καινοτομῶ
3307 4371 3530 4432 εἰκότως
3555 4368 3657 4439 τὴν
3680 4367 3844 4436 φύσιν

596 4497 870 4551 naturam,
898 4498 1116 4557 propter
1139 4502 1260 4540 eum
1286 4487 1378 4555 qui
1406 4495 1489 4542 cst
1512 4488 1870 4543 innovaturus
1892 4470 1978 4542 res
1996 4503 2144 4556 supr:

2265 4481 2352 4534 διὰ
2393 4479 2482 4531 τὸν
2535 4473 2874 4540 καινοτομεῖν
2921 4468 3186 4539 μέλλοντα
3215 4465 3355 4534 ὑπὲρ
3388 4461 3570 4532 φύσιν·
3603 4460 3844 4529 ἐμϐρυος

595 4590 868 4634 naturam.
903 4578 1143 4649 Embryo
1189 4594 1313 4632 cum
1348 4580 1473 4643 sim,
1507 4588 1747 4633 attamen
1801 4594 1990 4642 cerno,
2035 4553 2144 4648 qui:

2268 4579 2438 4645 [retro
2468 4565 2730 4638 ἔμϐρυον]
2757 4564 2833 4617 ὣν
2874 4561 3005 4633 ὁρῶ,
3041 4557 3340 4629 ἐπειδήπερ
3387 4555 3477 4608 τὸν
3508 4553 3611 4623 τῆς
3636 4554 3844 4605 δικαιο-

589 4670 815 4740 justitias
858 4669 1026 4724 solem
1077 4668 1132 4720 in
1174 4679 1326 4721 utero
1385 4677 1649 4738 gestatum
1699 4667 1876 4721 video.
1931 4644 2144 4719 Aurinn

2271 4644 2434 4736 σύνης
2491 4662 2640 4732 ῆλιον
2696 4657 2877 4726 βλέπω
2931 4651 3372 4731 κυοφορούμενον
3405 4663 3418 4678 ·
3489 4644 3843 4713 ἐνωτίζομαι,

595 4778 758 4818 sensu
777 4761 974 4830 polleo,
1003 4760 1260 4829 quoniam
1290 4761 1454 4815 audio
1478 4775 1564 4814 me
1585 4775 1771 4814 vocem
1796 4758 1978 4828 magni
2006 4755 2144 4812 Verb

2270 4755 2568 4824 ἐπειδήπερ
2593 4751 2790 4810 ἐπαΐω,
2811 4748 2882 4807 ὼς
2908 4745 3059 4814 φωνὴ
3088 4741 3183 4796 τοῦ
3204 4740 3440 4826 μεγάλου
3465 4737 3641 4804 Λόγου
3668 4735 3848 4789 τικτό-

597 4853 771 4909 nasci.
817 4853 1004 4907 Clamo
1034 4852 1162 4921 quia
1207 4853 1548 4922 unigenitum
1587 4849 1782 4904 Filium
1828 4848 2006 4903 Patris
2036 4863 2168 4903 con-

597 4946 778 5002 sidero
838 4945 1202 5000 incarnatum.
1257 4943 1493 5010 Exsilio,
1529 4944 1659 5012 quia
1695 4958 1878 4996 rerum
1918 4940 2164 4996 omnium

597 5037 910 5092 Creatorem
975 5036 1152 5091 sentio
1215 5036 1453 5090 hominis
1537 5033 1766 5088 formam
1843 5032 2165 5102 sumpsisse.

599 5129 848 5194 Exsulto,
887 5127 1013 5196 quia
1070 5126 1489 5198 Redemptorem
1548 5126 1734 5181 mundi
1768 5125 2009 5194 intelligo
2049 5139 2171 5178 cor-

602 5231 876 5293 poratum.
912 5220 1248 5289 Principium
1280 5221 1456 5282 vobis,
1486 5219 1686 5290 inquit,
1715 5217 1963 5287 signiﬁco
1993 5215 2086 5268 Dei
2117 5215 2170 5268 in

604 5316 865 5370 mundum
906 5315 1203 5384 ingressus,
1256 5326 1313 5369 et
1345 5315 1642 5384 corporalis
1679 5326 1967 5382 processus
1997 5328 2010 5364 :
2039 5325 2174 5378 prie-

603 5424 766 5463 curro
815 5408 1092 5467 adventui,
1125 5417 1179 5462 et
1206 5407 1605 5477 quodammodo
1633 5405 1788 5459 vobis
1819 5418 1995 5474 ιιι-ωεο
2037 5417 2172 5456 οοιι-

605 5501 922 5561 fessionem.
945 5499 1154 5556 Sumite
1174 5501 1466 5571 psalmum,
1501 5509 1560 5554 ut
1580 5514 1704 5554 cum
1731 5496 1937 5552 Davide
1960 5496 2171 5565 loquar,

603 5603 659 5652 et
702 5601 1270 5665 tympanum,utcum
1314 5596 1600 5663 prOpheta,
1631 5589 1946 5662 psalterium
1973 5587 2173 5658 jucuno

677 5786 720 5817 ⁷⁵
754 5787 885 5842 Luc.
919 5787 1012 5842 ΞΟ.
1090 5787 1134 5818 ’⁵ο
1160 5784 1292 5840 Ibid.
1320 5782 1408 5845 22,
1485 5784 1550 5838 ⁸⁸.
1585 5783 1720 5848 Ibid,
1754 5783 1843 5838 41.

2278 4863 2458 4920 μενος·
2494 4840 2730 4902 ἁναῦοῶ,
2761 4837 3058 4907 ἐπειδήπερ
3109 4835 3199 4887 τὸν
3252 4824 3516 4903 μονογενῆ
3567 4827 3699 4881 Υἰὸν
3752 4824 3846 4878 τοῦ

2275 4919 2487 5011 Πατρὸς
2539 4932 2786 4989 κατανοῶ
2818 4925 3190 5000 σαρκούμενον
3214 4941 3228 4957 ·
3286 4921 3515 4991 σκιρτῶ,
3548 4919 3846 4989 ἐπειδήπερ

2273 5035 2366 5087 τὸν
2403 5029 2497 5083 τοῦ
2532 5025 2729 5088 παντὸς
2765 5023 3002 5092 Ποιητὴν
3055 5019 3387 5088 αἰσθάνομαι
3445 5013 3845 5084 ἀνθρωπομορο

2279 5125 2549 5193 φούμενον
2568 5135 2582 5152 ο
2619 5117 2944 5186 άγάλλομαι,
2978 5112 3276 5181 ἐπειδήπερ
3306 5109 3408 5162 τὸν·
3427 5104 3725 5175 Λυτρωτὴν
3754 5100 3846 5155 τοῦ

2282 5215 2486 5285 κόσμου
2522 5209 2836 5279 διανοοῦμαι
2864 5202 3304 5275 σωματούμενον·
3336 5198 3510 5268 ἀρχὴν
3539 5197 3693 5266 ὑμῖν,
3743 5210 3847 5262 φησι

2283 5308 2387 5373 σὶν,
2421 5303 2758 5374 σημαίνομαι
2785 5299 2883 5367 τῆς
2915 5296 3007 5349 τοῦ
3033 5294 3167 5348 Θεοῦ
3199 5295 3257 5346 ἐν
3302 5291 3492 5360 κόσμῳ
3535 5286 3848 5364 εἰσαγωγῆς

2279 5397 2372 5451 καὶ¹
2403 5393 2723 5466 σωματικῆς
2761 5387 3188 5460 προσελεύσεωςο
3223 5380 3508 5453 προτρέχω
3534 5381 3634 5446 τῆς
3665 5377 3849 5446 ἐπιδη-

2284 5491 2430 5562 μίας,
2465 5487 2558 5542 καὶ
2582 5481 2691 5539 οἷον
2720 5483 2933 5553 ἐξάρχω
2965 5480 3090 5549 ὑμῖν
3123 5477 3220 5546 τῆς
3245 5473 3690 5545 ἐξομολογήσεως
3713 5486 3725 5497 ⁸
3759 5467 3847 5522 λά-

2281 5585 2404 5639 ϐετε
2437 5579 2668 5653 ψαλμὸν,
2699 5575 2995 5639 Δαυῖτικῶς
3021 5573 3216 5638 εἰπεῖν,
3240 5568 3334 5623 καὶ
3365 5565 3675 5636 τύμπανον,
3717 5577 3850 5634 προσ
