4018 6304
210 362 309 427 751
752 361 1028 424 ORATIO
1065 362 1227 425 VIII.
1259 391 1328 404 -—
1367 364 1448 428 IN
1499 356 2127 432 DECOLLATIONEM
2155 355 2220 418 S.
2257 353 2576 418 JOANNIS
2624 354 2830 416 BAPT.

3317 353 3425 419 758

208 474 476 546 φητικῶς,
506 473 803 548 ψαλτήριον
834 479 1063 548 τερπνὸν
1110 478 1248 549 μετὰ
1291 479 1520 552 κιθάρας
1543 497 1556 510 ·
1608 483 1771 553 ᾅσατε

1880 472 2009 529 dum
2057 484 2182 526 cum
2213 468 2444 530 cithara,
2473 475 2688 522 cantate
2717 474 2770 521 et
2811 465 3023 536 psallite
3084 463 3182 532 illi,
3219 478 3440 524 narrate

207 565 357 636 αὐτῷ
395 569 492 622 καὶ
523 567 730 637 quae:
763 567 932 638 αὐτῷ’
966 568 1300 640 διηγήσασθε
1346 571 1523 626 πάντα
1548 571 1617 625 τὰ
1641 571 1773 625 θαυ-

209 659 378 727 μάσια
398 658 588 714 αὑτοῦ.

276 755 327 805 t'.
354 745 483 816 Ἆρ’
517 743 634 814 οὖν,
671 748 914 819 Ἰωάννη,
970 749 1344 822 ὐπερανὲστης
1398 752 1469 806 τὰ
1518 753 1772 820 ἐπίγειας

204 839 524 912 προέκυψας
556 841 638 904 είς
659 841 729 894 τὰ
757 840 985 912 οὐράνια
1017 857 1032 907 ;
1067 841 1552 912 ὑπεραναϐέὸηκας
1601 845 1774 912 ἀγγες

203 929 364 991 λικάς
397 932 498 985 καὶ
529 931 950 1003 πρωτουργικὰς
985 933 1414 1002 διακοσμήσεις;
1446 934 1564 998 πῶς
1593 931 1684 987 οὖν
1708 952 1773 1002 γε

202 1014 393 1092 ὧνπερ
436 1021 540 1094 τὴν
589 1022 753 1092 φύσιν
782 1023 882 1076 οὐκ
927 1022 1216 1087 ἑπελάόου,
1252 1022 1459 1076 τούτων
1491 1024 1588 1095 τὴν
1619 1024 1775 1090 τάξιν

202 1113 298 1167 καὶ
326 1112 488 1178 ἀξίαν
514 1112 890 1184 ἀπεκληρώσω
915 1129 931 1178 ;
964 1112 1021 1166 τὸ
1047 1113 1232 1176 αὺτοῖς
1261 1113 1320 1179 ἐξ
1349 1113 1543 1177 αἰῶνος
1581 1115 1774 1186 ἄδηλον

201 1206 295 1259 καὶ
337 1205 647 1272 ἀδίδακτον,
680 1205 840 1268 εὐθὺς
897 1203 973 1269 ὡς
1019 1205 1157 1276 μετὰ
1200 1204 1332 1258 Θεὸν
1408 1207 1776 1278 διαπορθμεύ-

201 1312 302 1360 σας
398 1295 496 1350 καὶ
581 1295 890 1365 διαγγείλας
971 1297 1104 1367 ἡμῖν
1165 1294 1343 1350 ταῦτα
1396 1295 1475 1349 ἔτι
1551 1298 1774 1367 μαιευό-

203 1403 407 1457 μενος;
455 1386 570 1440 Οὐκ
598 1386 966 1458 ἀεροπόνησα,
1002 1388 1188 1458 φησὶν,
1221 1388 1321 1440 οὐκ
1347 1388 1774 1460 ἔνεφελοδρόμη-

200 1495 290 1542 σα,
319 1478 422 1550 οὐχ
456 1477 864 1550 ὑπερουράνισα
882 1521 897 1545 ,
930 1479 1029 1549 οὐχ
1053 1479 1472 1552 ὑπερανέστηκα
1507 1479 1616 1534 τῶν
1643 1481 1772 1549 φλο-

199 1568 380 1640 γερῶν
399 1569 498 1624 καὶ
531 1571 844 1641 ἀσωμάτων
866 1571 1150 1640 δυνάμεων
1176 1588 1191 1604 ·
1229 1573 1306 1644 μὴ
1344 1572 1503 1626 τοῦτο
1529 1573 1776 1627 ὑπονοεί-

202 1661 339 1730 σθω,
374 1661 492 1716 ἀλλ’
517 1663 547 1716 6
573 1661 762 1716 ιπάνω
795 1663 1013 1717 πάντων
1056 1662 1153 1727 ὣν,
1191 1663 1286 1718 καὶ
1344 1664 1522 1734 μένων
1572 1664 1631 1717 ἐν
1662 1666 1774 1728 τοῖς

200 1751 479 1822 πατρῴοις
513 1752 732 1815 κόλποις
761 1753 857 1806 σὺν
896 1751 1037 1823 ἁγίῳ
1083 1752 1385 1824 Πνεύματι,
1417 1753 1594 1807 λαθὼν
1626 1753 1776 1808 ἀδια-

1879 561 2066 616 Omnia
2092 557 2362 614 mirabilia
2392 558 2532 628 ejus.

1945 755 2033 809 l0.
2068 751 2207 808 Num
2239 767 2392 822 ergo,
2431 766 2464 807 ο
2496 750 2760 816 Joannes,
2790 764 2956 819 supra
2994 759 3210 806 terrena
3252 766 3442 807 exces-

1875 846 2036 902 sisti?
2067 845 2315 901 celestia
2348 843 2674 913 inspexisti?
2704 841 2844 896 ultra
2873 841 3151 911 angelicas
3174 850 3228 896 et
3252 843 3442 912 primi-

1875 939 2060 1008 genias
2104 944 2387 993 creaturas
2431 933 2760 990 ascendisti?
2792 932 3074 999 Quomodo
3106 933 3273 1003 igitur
3299 950 3440 1004 quo-

1877 1043 1996 1084 rum
2035 1038 2294 1082 naturam
2329 1041 2440 1081 non
2470 1040 2531 1080 es
2564 1024 2815 1091 sortitus,
2861 1024 3055 1078 horum
3095 1024 3342 1079 ordinem
3375 1041 3443 1082 ac

1875 1117 2194 1190 dignitatem
2219 1115 2518 1186 recepisti?
2556 1116 2627 1169 ita
2659 1125 2718 1168 ut
2741 1115 2884 1184 quod
2915 1129 2946 1169 a
2979 1114 3440 1187 sreculoignotum

1874 1219 1992 1265 erat
2032 1219 2088 1263 et
2122 1224 2230 1262 non
2272 1207 2554 1272 traditum,
2586 1206 2769 1261 statim
2806 1206 2963 1276 quasi
2999 1215 3194 1275 praeter
3227 1204 3323 1261 Dei
3355 1207 3441 1262 in-

1875 1300 2128 1356 stitutum
2168 1300 2278 1354 huc
2305 1298 2577 1361 attuleris,
2608 1297 2879 1366 nobisque
2908 1298 3270 1365 nuntiaveris,
3315 1315 3442 1356 cum

1875 1399 1932 1445 tu
1975 1392 2153 1447 adhuc
2187 1389 2508 1446 obstetricio
2553 1403 2718 1458 opere
2775 1389 3043 1460 indigeas.
3104 1389 3223 1445 Non
3258 1405 3442 1447 aerem

1875 1485 2053 1550 inquit
2081 1486 2344 1552 verbero,
2387 1499 2496 1538 non
2537 1483 2787 1539 discurro
2840 1484 3053 1549 nubes,
3115 1499 3224 1539 non
3273 1484 3444 1540 C(BIOS

1877 1573 2213 1637 transcendi,
2251 1587 2361 1627 non
2392 1570 2600 1627 excessi
2635 1586 2799 1641 supra
2834 1570 3022 1640 igneas
3069 1570 3444 1638 incorporeas-

1876 1677 1984 1732 que
2016 1663 2268 1717 virtutes.
2315 1660 2486 1717 Nemo
2515 1659 2567 1714 id
2599 1658 2908 1729 suSpicetur
2941 1676 2955 1713 :
2989 1670 3110 1712 nam
3142 1655 3232 1726 qui
3279 1669 3446 1726 supra

1879 1768 1964 1809 res
2010 1767 2204 1808 omnes
2255 1760 2356 1817 est,
2409 1759 2698 1818 manetque
2754 1749 2810 1803 in
2864 1757 3093 1819 paterno
3148 1749 3272 1804 sinu
3321 1761 3443 1801 cum

203 1821 420 1906 στάτως
451 1842 698 1906 ἅπαντας
727 1843 855 1906 τοὺς
889 1821 1150 1912 πυρίνους
1186 1821 1535 1914 λειτουργοὺς
1582 1844 1771 1907 αὐτοῦ.

1880 1853 2074 1900 sancto
2103 1842 2334 1914 Spiritu,
2362 1841 2508 1901 .clam
2547 1855 2776 1911 prorsus
2815 1839 3070 1894 omnibus
3120 1838 3292 1910 igneis
3337 1838 3446 1892 mi-

199 1932 278 1998 ὡς
309 1933 400 1987 ἐπ’
436 1933 598 1988 ἄλλον
623 1933 847 2005 οὐρανὸν
870 1933 1233 2004 εἰσεληλυθώς
1265 1935 1323 1986 ὲν
1350 1938 1416 2005 τῇ
1449 1934 1646 2006 γαστρὶ
1680 1937 1778 2008 τῆς

201 2026 564 2098 ἀειπαρθένου
579 2025 817 2098 Μαρίας,
834 2025 1160 2095 ὲνεφάνησιιν
1178 2024 1366 2077 ἑαυτὸν
1387 2025 1481 2078 καὶ
1498 2043 1563 2094 με
1571 2044 1641 2096 μυ
1650 2043 1777 2080 στα-

202 2118 425 2188 γώγηκέ
453 2135 544 2188 μοι
579 2117 646 2170 τά
670 2114 991 2186 τηλικαῦταο
1011 2111 1354 2186 μηνυτὴςοῦν
1389 2116 1506 2186 εἰμὶ
1530 2115 1622 2168 τοῦ
1649 2116 1776 2186 βρέ-

203 2222 357 2273 φους,
386 2206 490 2271 ὅτι,
527 2204 774 2259 Παιδίον
807 2200 1088 2271 γεννᾶται
1121 2203 1285 2272 ἡμῖν,
1314 2205 1446 2271 υίὸς
1493 2206 1590 2263 καὶ
1636 2204 1778 2274 ὑμῖν

201 2297 381 2367 ἐδόθη
404 2299 548 2353 κατὰ
576 2299 668 2352 τὸν
694 2299 866 2366 μέγαν
905 2296 1153 2364 Ἡσαΐαν,
1186 2300 1214 2352 6
1242 2299 1350 2369 πρὸ
1375 2300 1586 2354 αἰώνων
1614 2300 1770 2363 Θεός·

205 2390 540 2462 στειροφυὴς
575 2389 730 2457 γόνος
766 2389 1041 2459 τυγχάνω,
1075 2391 1155 2444 ὅτι
1192 2391 1521 2461 παρθενικδς
1557 2393 1586 2444 6
1617 2392 1777 2455 τόκος

201 2479 619 2551 προελεύσεται.
650 2479 714 2531 Ὠ
769 2482 867 2551 τῆς
900 2480 1214 2551 ὑπερφυοῦς
1259 2480 1662 2554 μεγαλουργίας
1688 2499 1703 2514 ο
1730 2482 1776 2535 ὣ

201 2572 301 2642 τῆς
330 2570 640 2642 παραδόξου
675 2572 1074 2644 τερατουργίας
1107 2590 1120 2604 ’
1148 2567 1237 2627 οἷα
1285 2575 1418 2644 ἡμῖν
1446 2575 1506 2626 τὸ
1557 2575 1776 2630 ἅτικτον

205 2657 406 2731 βρέφος
461 2661 878 2729 εὐαγγελίζεται
932 2665 1219 2735 σήμερον;
1284 2665 1489 2734 πηλίκα
1549 2669 1682 2737 ἡμῖν
1745 2669 1775 2721 6

215 2752 496 2809 Ἑλισάόετ
523 2752 686 2816 τόκος
719 2753 987 2823 θεολογῶν
1020 2756 1451 2826 προμεμήνυκε;
1493 2759 1774 2828 σκιρτάτω

206 2844 432 2914 ὑφήλιος
454 2843 643 2898 ἁπασα
663 2881 680 2910 ,
709 2845 988 2915 χορευέτω
1029 2848 1078 2920 ἡι
1107 2847 1401 2916 Ἐκκλησία
1435 2849 1730 2918 προεόρτια
1754 2889 1769 2913 ,

203 2933 522 3006 προεισόδια
546 2934 616 2988 τὰ
643 2935 861 3003 γενέσια
891 2936 1000 2989 τῶν
1029 2937 1265 3006 Χριστοῦ
1297 2935 1590 3005 γενεθλίων
1633 2953 1772 2991 παν-

201 3025 564 3099 ηγυρίζουσα,
582 3028 678 3080 καὶ
706 3029 880 3098 χαρᾶς
911 3027 1242 3098 πληρούσθω
1269 3027 1336 3081 τὰ
1363 3028 1655 3099 σύμπαντα
1680 3029 1772 3082 τὸν

1882 1934 2070 1988 nistris
2096 1934 2233 2001 suis,
2258 1933 2417 2003 quasi
2441 1933 2494 1987 in
2524 1930 2673 1985 aliud
2701 1931 2898 1986 caelum
2923 1941 3140 1985 uterum
3168 1931 3448 2000 ingressus

1880 2039 2095 2095 semper
2117 2023 2364 2094 Virginis
2391 2025 2595 2088 Mariae,
2624 2023 2994 2079 manifestavit
3022 2037 3081 2077 se
3111 2021 3266 2085 mihi,
3285 2028 3448 2090 atque

1880 2118 1996 2170 haec
2031 2117 2158 2171 talia
2216 2125 2474 2187 tantaque
2527 2115 2767 2172 edocuit.
2826 2114 2966 2186 Ergo
3003 2113 3234 2169 infantis
3281 2113 3448 2168 index

1879 2224 2026 2272 sum,
2078 2223 2278 2278 nempe
2315 2209 2458 2277 quod
2509 2208 2654 2262 Puer
2687 2208 2926 2261 nascitur
2971 2206 3152 2270 nobis,
3205 2209 3255 2259 ει
3302 2204 3447 2274 ﬁlius

1877 2296 2036 2350 datus
2080 2306 2156 2351 est
2194 2296 2361 2361 nobis,
2399 2306 2558 2366 prout
2598 2312 2830 2367 magnus
2875 2295 3048 2351 Isaias
3082 2297 3158 2352 ait
3181 2297 3248 2362 “,
3302 2294 3449 2351 Deus

1877 2395 2004 2440 ante
2033 2387 2257 2443 saecula.
2293 2387 2472 2442 Natus
2503 2388 2569 2443 de
2609 2387 2780 2443 sterili
2817 2403 2963 2466 sum,
2996 2388 3123 2457 quia
3164 2401 3293 2442 mox
3332 2386 3447 2443 vir-

1876 2479 2066 2548 gineus
2098 2493 2316 2549 quoque
2346 2483 2540 2550 partus
2567 2479 2828 2551 prodibit.
2856 2478 2902 2534 Ο
2931 2493 3068 2549 opus
3097 2478 3447 2549 magniﬁcum

1875 2577 1929 2624 et
1983 2571 2432 2640 supernaturalel
2495 2585 2530 2626 ο
2582 2571 3014 2638 inexspectatum
3077 2569 3444 2624 miraculum!

1875 2659 2068 2728 Qualia
2101 2663 2260 2719 nobis
2316 2663 2498 2719 infans
2549 2663 2788 2717 nondum
2835 2671 2998 2717 natus
3035 2663 3197 2717 hodie
3231 2677 3448 2717 annun-

1875 2754 2011 2809 tiat!
2045 2763 2284 2832 quantas
2317 2755 2476 2811 nobis
2509 2764 2697 2824 partus
2734 2753 3065 2810 Elisabetha:
3112 2770 3201 2810 res
3231 2753 3447 2809 divinas

1875 2846 2156 2914 praediciti
2201 2848 2455 2904 Exsultet
2498 2855 2638 2902 terra
2680 2848 2972 2912 universa,
3019 2846 3304 2918 pervigilio
3344 2846 3448 2901 hoc

1875 2937 2123 2993 Ecclesia
2151 2939 2310 3009 quasi
2339 2933 2554 2994 chereis
2581 2939 2824 3009 plaudat,
2865 2939 3213 2994 festivitatem
3238 2937 3450 2994 scilicet

1875 3028 2078 3084 Christi
2119 3030 2397 3090 natalibus
2429 3031 2689 3100 praeviam
2733 3031 2963 3087 solemni
3001 3031 3267 3106 concione
3305 3030 3449 3085 cele-

200 3118 451 3191 μηνυτὴν
493 3116 761 3190 δεξάμενα
809 3120 908 3191 τῆς
952 3119 1048 3173 τοῦ
1101 3120 1492 3191 παμϐασιλέως
1546 3121 1770 3176 ἐπελεύ-

1874 3116 2044 3176 brans
2079 3140 2091 3176 :
2129 3123 2315 3177 omnia
2357 3138 2584 3193 prorsus
2613 3124 2809 3192 gaudio
2841 3124 3112 3188 dililuant,
3139 3124 3269 3179 dum
3302 3123 3450 3178 indi-

201 3227 358 3274 σεως.

273 3306 366 3356 ια’.
429 3299 594 3372 ⁹Δλλ’,
630 3295 676 3358 ὧ
711 3301 947 3374 μακάριε
994 3303 1236 3374 Ἰωάννη,
1271 3305 1299 3358 6
1342 3303 1450 3357 τῶν
1498 3305 1772 3374 μεγίστων

203 3394 433 3464 μέγιστε
488 3397 801 3468 προφήτης,
829 3398 858 3450 6
909 3395 1219 3467 πρώτιστος
1269 3398 1327 3450 ὲν
1352 3397 1672 3462 ἀποστόλοις
1698 3413 1713 3429 ο
1743 3399 1773 3452 6

197 3487 306 3542 τῶν
363 3488 662 3560 μαρτύρων
707 3488 1041 3559 ἐξοχώτατος
1097 3490 1520 3561 μεγαλόμαρτυς
1549 3531 1564 3555 ,
1599 3491 1627 3544 6
1670 3484 1771 3560 τῆς

197 3579 410 3650 ἐρήμου
478 3579 846 3651 Θεοκόσμητος
891 3579 1196 3650 πολιοῦχος,
1231 3583 1260 3635 ό
1287 3581 1381 3635 τοῦ
1431 3581 1770 3649 ώραιοτάτου

197 3669 439 3739 νυμφίου
468 3668 624 3738 φίλος
655 3669 1038 3739 ὴγαπημένος,
1067 3670 1096 3722 6
1140 3668 1236 3723 τοῦ
1269 3670 1550 3739 άφράστου
1593 3671 1771 3741 φωτὸς

197 3761 393 3832 λύχνος
448 3758 868 3831 ἡτοιμασμένος,
900 3761 929 3812 6
955 3759 1048 3813 τοῦ
1079 3761 1312 3831 ἀμώμου
1365 3761 1564 3833 ’Λμνοῦ
1594 3762 1772 3835 κήρυξ

199 3851 660 3922 πεπιστευμένος,
689 3851 719 3904 6
745 3850 846 3922 τῆς
877 3852 1147 3924 πατρικῆς
1174 3853 1358 3923 φωνῆς
1409 3854 1630 3925 ἄριστος
1668 3857 1770 3908 ἒπ-

197 3945 524 4017 ακροάμων,
565 3945 596 3998 6
645 3943 948 4015 βαπτιστὴς
989 3943 1229 4014 Χριστοῦ
1274 3945 1710 4016 κεκηρυγμένος,
1742 3949 1771 4000 6

211 4035 462 4110 Ἡρώδου
514 4035 802 4104 ἀσελγείας
849 4036 1068 4105 ἐλεγχος
1121 4037 1702 4108 πεπαρῤησιασμένος,
1741 4040 1770 4091 6

197 4131 309 4193 τοῖς
337 4132 398 4183 ὲν
440 4127 572 4200 ᾁδου
602 4127 700 4198 τὴν
730 4128 876 4199 ζωὴν
898 4127 1298 4198 προμηνύσας,
1333 4130 1366 4200 ἡ
1398 4129 1768 4198 Θεοσήμαντος

200 4220 438 4290 σάλπιγξ
461 4220 564 4289 τῆς
595 4219 938 4290 οἰκουμένης,
969 4220 1173 4290 ἧχησον
1197 4220 1293 4273 καὶ
1322 4218 1417 4273 νῦν
1446 4221 1578 4292 ἡμῖν
1605 4220 1765 4290 οὺραο

197 4311 372 4380 νόθον,
401 4311 521 4375 ταῖς
547 4312 866 4382 ἱερωτάταις
890 4311 1210 4382 πρεσϐείαις
1228 4351 1242 4372 ,
1278 4312 1371 4365 καὶ
1395 4311 1627 4384 εὐμενὴς
1678 4312 1772 4367 Eoo

197 4404 274 4475 τῷ
326 4403 583 4475 ιπᾴδοντί
633 4420 716 4456 σοι
763 4401 880 4474 λαῷ
913 4405 982 4474 τῇ
1015 4419 1075 4455 τε
1105 4403 1368 4472 ἐλαχίστῃ
1397 4420 1494 4457 σου
1537 4403 1764 4477 ποίμνῃ,

1876 3227 1994 3266 cem
2037 3213 2321 3282 excipiunt
2364 3215 2635 3268 adventus
2676 3216 2821 3286 regis
2857 3215 3206 3271 universalis.

1946 3306 2031 3361 11.
2071 3304 2251 3374 Sed,o
2271 3307 2430 3362 beate
2459 3307 2718 3372 Joannes,
2749 3308 2842 3380 qui
2868 3309 3235 3365 maximorum
3268 3307 3448 3363 maxi-

1875 3413 1999 3453 mus
2029 3401 2297 3469 prepheta
2340 3415 2435 3467 es,
2477 3401 2684 3469 primus
2719 3401 2861 3456 inter
2900 3400 3194 3471 apostolos,
3242 3407 3450 3472 marty-

1874 3503 1996 3542 rum
2027 3503 2278 3545 summus
2312 3505 2656 3560 magnusque
2685 3499 2912 3563 martyr,
2952 3491 3151 3546 deserti
3183 3490 3448 3546 divinitus

1872 3589 2172 3636 exornatus
2216 3589 2502 3651 patronus,
2553 3582 2941 3640 formosissimi
2988 3581 3178 3652 sponsi
3214 3582 3450 3642 dilectus

1871 3670 2104 3735 amicus,
2123 3671 2413 3727 ineifabilis
2443 3674 2582 3729 lucis
2612 3674 2882 3729 instructa
2903 3674 3146 3740 lucerna,
3177 3674 3448 3730 immacu-

1871 3761 1967 3816 lati
1996 3762 2133 3833 Agni
2162 3778 2342 3834 praeco
2369 3765 2564 3829 lidelis,
2598 3775 2837 3834 paterna:
2873 3767 3027 3824 vocis
3071 3769 3321 3838 egregius
3348 3783 3448 3823 au-

1871 3852 2163 3920 scultator,
2227 3854 2430 3911 Christi
2483 3857 2787 3927 baptizator
2841 3859 3068 3926 electus,
3124 3858 3448 3914 Herodianae

1873 3945 2114 4001 libidinis
2154 3962 2279 4002 cum
2310 3947 2508 4003 ﬁducia
2542 3953 2924 4021 reprehensor,
2952 3953 3074 4006 vitae
3101 3953 3328 4006 nuntius
3361 3949 3448 4006 his

1870 4037 1962 4104 qui
1997 4035 2052 4089 in
2083 4035 2272 4091 inferis
2292 4047 2469 4106 erant,
2498 4042 2652 4094 turba
2677 4042 2881 4096 mundo
2906 4041 3077 4096 Deum
3107 4042 3442 4113 significans,

1870 4141 2019 4181 nunc
2050 4142 2268 4198 quoque
2305 4128 2464 4185 nobis
2497 4131 2714 4188 coalitus
2758 4148 2983 4190 resones
3016 4148 3111 4205 per
3140 4133 3447 4191 sacratissi-

1871 4234 1989 4275 mas
2028 4220 2482 4291 intercessiones;
2525 4225 2797 4294 prepitius
2831 4237 2948 4282 esto
2976 4225 3218 4282 laudanti
3258 4238 3310 4282 te
3347 4242 3446 4298 po-

1870 4309 2020 4398 pulo,
2072 4319 2127 4365 et
2175 4313 2374 4382 pusillo
2421 4317 2568 4385 gregi
2627 4327 2751 4381 tuo,
2800 4334 2924 4372 cum
2961 4320 3257 4374 excellente
3285 4317 3446 4374 Patre

1872 4414 1995 4454 meo
2031 4416 2045 4453 :
2077 4401 2184 4456 mei
2219 4417 2436 4472 quoque
2477 4405 2790 4475 pauperculi
2831 4406 3028 4461 audaci
3072 4407 3229 4464 ausui
3259 4406 3442 4461 indul-

200 4497 297 4550 σὺν
324 4494 404 4568 τῷ
432 4494 745 4564 διαφέροντι
783 4510 872 4564 μοι
910 4493 1087 4565 Πατρί
1124 4493 1237 4565 (17)
1274 4494 1676 4565 συγγνωμονῶν
1707 4512 1766 4547 τε

1874 4507 2003 4561 gens
2032 4510 2044 4546 :
2072 4508 2172 4549 nec
2200 4495 2362 4548 veluti
2387 4496 2629 4551 oblatum
2658 4513 2884 4564 munus,
2901 4500 2994 4554 sed
3019 4499 3176 4569 quasi
3201 4498 3441 4554 debitum

198 4585 264 4644 αὖ
284 4588 382 4658 τῆς
394 4587 673 4657 τολμηρᾶς
698 4602 800 4655 μου
820 4583 913 4637 τοῦ
937 4585 1152 4655 πτωχοῦ
1169 4587 1558 4656 ἐγχειρήσεως,
1576 4585 1672 4656 οὐχ
1693 4586 1768 4650 ὡς

196 4678 559 4750 δωροφορίαν,
597 4676 713 4730 ἀλλ’
738 4675 812 4740 ὡς
845 4675 997 4747 παρὰ
1028 4675 1220 4730 δούλου
1267 4677 1491 4748 ἀχρείου
1530 4677 1767 4750 ώφειλήν

198 4787 280 4841 σοι
309 4773 408 4826 σὺν
436 4770 594 4841 φόρῳ
629 4785 690 4822 τε
729 4769 822 4823 καὶ
840 4768 989 4838 πόθῳ
1017 4769 1435 4841 προσαγομένην
1461 4786 1474 4799 '
1501 4762 1546 4837 ᾧ
1575 4772 1606 4841 ἡ
1639 4771 1766 4836 δόξα

197 4863 290 4917 καὶ
314 4863 449 4934 τιμὴ
477 4863 575 4916 καὶ
620 4861 655 4932 ἡ
684 4859 1085 4930 προσκύνησις,
1110 4859 1208 4938 σὺν
1255 4859 1333 4927 τῷ
1360 4862 1766 4933 παντοκράτορι

196 4954 372 5025 Πατρὶ
409 4955 507 5008 καὶ
549 4952 804 5021 παναγίῳ
836 4950 1138 5020 Πνεῦματι,
1171 4951 1264 5005 νῦν
1295 4952 1389 5006 καὶ
1418 4953 1531 5016 ἀεὶ,
1567 4954 1662 5006 καὶ
1688 4958 1767 5017 εἰς

195 5046 321 5109 τοὺς
349 5045 555 5104 αἰῶνας
588 5042 698 5097 τῶν
732 5041 964 5095 αἰώνων.
1007 5043 1201 5111 Ἀμήν.

943 5135 1025 5187 ιιι.

214 5225 532 5309 Ἐλεῖιώμιοξ⁹
561 5225 793 5309 sig-“thr
817 5223 1269 5309 ἀποξοβὴνέτῆς
1300 5224 1463 5309 ίερᾷς
1495 5225 1768 5309 κεφαλῆς

199 5294 302 5353 τοῦ
326 5294 598 5368 perduim)
625 5294 967 5348 Βαπτιστοῦ
998 5295 1254 5364 Χριστοῦ
1276 5295 1374 5347 καὶ
1395 5294 1755 5363 Προδρόμου.

1865 4584 2006 4637 servi
2061 4585 2270 4641 inutilis
2308 4588 2575 4644 tributum
2642 4591 2738 4644 tibi
2793 4599 3042 4645 amanter
3082 4591 3440 4662 persolutum,

1864 4677 2074 4746 excipe.
2122 4678 2219 4733 Cui
2271 4679 2440 4750 gloria
2486 4689 2541 4735 et
2587 4681 2762 4736 honor
2806 4689 2970 4752 atque
3019 4683 3287 4748 adoratio,
3315 4698 3441 4738 cum

1863 4768 2239 4838 omnipotente
2273 4768 2434 4826 Patre
2473 4780 2531 4826 et
2573 4772 2917 4827 sanctissimo
2949 4771 3178 4842 Spiritu,
3208 4789 3352 4830 nunc
3388 4784 3444 4828 et

1866 4873 2082 4929 semper
2114 4869 2169 4915 et
2197 4875 2292 4930 per
2321 4861 2520 4916 saecula
2553 4863 2900 4918 saeculorum.
2930 4863 3121 4918 Amen.

2595 5144 2724 5199 Vlll.

1875 5229 2136 5286 Laudatio
2166 5234 2216 5287 in
2240 5235 2608 5309 αόεσὶδξὶοηεηι
2627 5239 2766 5309 sacri
2783 5239 2968 5309 capitis
2997 5236 3444 5309 magniBaptista:

2257 5318 2261 5322 '
2316 5315 2365 5357 et
2388 5305 2738 5362 Prwcursoris
2769 5305 2986 5363 Christi.

1384 5437 1538 5506 (ΑΜ.
1587 5437 1739 5506 Man,
1773 5444 1870 5498 loc.
1910 5445 2000 5498 cit.
2043 5460 2094 5513 p.
2129 5445 2241 5516 45.)

267 5541 336 5588 α’.
366 5532 569 5604 haud)
621 5531 719 5586 καὶ
768 5530 1096 5604 θεοχαρὴςή
1167 5533 1564 5603 συναγείρουσα
1620 5534 1766 5603 ἡμᾶς

269 5651 314 5683 ⁸¹
350 5651 451 5706 Isa.
488 5665 569 5718 ιι,
604 5647 659 5704 6.

1949 5538 2000 5590 1.
2046 5538 2334 5608 Splendida
2370 5551 2422 5597 et
2477 5544 2564 5598 Dei
2618 5544 2815 5615 gaudio
2852 5544 3006 5614 plena
3035 5544 3147 5598 hmo
3182 5550 3266 5597 est
3294 5541 3434 5598 cclc-

276 5771 383 5843 (t7)
419 5770 494 5827 De
558 5770 665 5826 hoc
734 5771 1048 5828 monasterii
1101 5771 1278 5842 Patre,
1344 5775 1428 5831 vel
1487 5775 1738 5845 episcOpe
1809 5778 1968 5835 etiam
2005 5776 2156 5833 initio
2196 5777 2477 5833 orationis.
