4018 6304
601 326 708 388 759
1763 333 1823 390 S.
1880 331 2272 392 THEODORI
2332 331 2674 391 STUDlTA'I
3733 319 3846 384 760

603 434 792 502 britas,
827 451 948 505 qua:
979 450 1080 491 nos
1106 436 1172 491 ad
1202 437 1305 492 hoc
1343 438 1587 508 spiritale
1631 439 1825 495 festum
1857 443 2014 496 hodie
2041 458 2171 496 con-

2277 441 2414 510 πρὸς
2444 441 2749 510 ἐορτασμὸν
2780 438 3148 509 πνευματικὸν
3176 440 3479 509 πανήγυρις
3505 435 3768 505 σήμερον,
3795 422 3845 483 ὧ

603 533 808 594 gregat,
837 540 869 579 ο
907 526 1599 597 philochristi.Splendida,
1637 529 1968 600 inquam,ob
1995 532 2170 599 ipsum

2275 533 2615 602 φιλόχριστοι
2647 548 2660 561 ·
2687 531 2882 600 φαεινὴ
2908 532 2965 584 δέ
2996 532 3089 585 καὶ
3119 528 3178 595 ἐξ
3202 531 3370 598 αὐτῆς
3404 525 3723 595 ἐπωνυμίας
3744 519 3842 574 τοῦ

603 618 889 672 memorati
915 633 1130 681 nomen,
1153 619 1246 688 qui
1275 620 1498 674 lucerna
1534 621 1718 676 lucens
1758 632 1812 675 et
1839 632 1923 676 est
1956 633 2009 676 et
2039 622 2171 676 dici-

2277 622 2775 693 μνημονευομένου,
2807 623 2888 674 ὅτι
2914 621 3099 691 λύχνος
3131 621 3306 689 φωτός
3337 620 3454 673 ἐστί
3481 635 3545 685 γε
3569 617 3663 668 καλ⁵
3683 614 3845 681 λέγε-

607 720 718 774 tur,
745 717 797 762 et
816 709 942 779 jure
977 712 1278 780 meritoque
1303 712 1381 767 sic
1403 712 1814 778 donominatur;
1851 728 1956 767 non
1989 722 2169 767 autem

2273 729 2384 775 ται,
2417 711 2641 772 εἰκότως
2672 709 3206 781 προσαγορευομένη·
3233 709 3292 760 οὐ
3323 707 3386 778 δή
3420 723 3520 760 που
3545 705 3610 757 τὸ
3631 702 3847 763 ὑλικαίς

604 800 730 869 quia
767 802 1139 857 materialibus
1181 802 1373 861 faculis
1417 820 1708 875 corporeos
1733 807 1923 861 oculos
1954 815 2174 860 nostros

2279 805 2676 873 μαρμαρυγαῖς
2727 799 3122 872 περιαυγάζειν
3169 797 3268 862 τάς
3320 797 3637 868 σωματικὰς
3683 791 3848 863 ἡμῶν

607 890 864 946 illustrat.
901 891 1032 946 Nam
1079 893 1288 947 illarum
1341 896 1557 964 quidem
1611 913 1718 951 non
1755 908 1842 952 est
1884 908 2175 967 perpetuus

2275 893 2425 962 ὄψεις
2452 910 2464 923 ·
2498 894 2582 964 εἴη
2612 893 2720 962 γάρ
2747 892 2953 950 τούτων
2991 892 3092 945 οὐκ
3129 889 3395 959 ἀειφανὴς
3428 889 3462 958 ἡ
3501 885 3706 956 λάμψις
3728 925 3745 949 9
3769 881 3851 952 τῷ

607 982 884 1050 splendor,
919 985 1043 1053 quia
1079 986 1353 1041 contraria
1381 1003 1593 1058 semper
1620 989 1958 1058 abrumpitur
1982 991 2177 1045 obscu-

2277 986 2695 1054 ἀντιφρὰσσοντι
2747 985 3042 1054 σκιάσματι
3090 983 3348 1036 ἑκάστοτε
3387 977 3796 1047 διακοπτομένη
3834 992 3848 1007 ·

608 1073 798 1138 ritate;
836 1074 929 1127 sed
982 1076 1098 1130 ham
1152 1077 1515 1149 (solemnitas)
1561 1078 1758 1134 divina:
1799 1082 1982 1149 gratia:
2010 1079 2177 1134 radiis

2278 1077 2413 1132 ἀλλὰ
2436 1078 2495 1130 τὸ
2523 1079 2644 1141 ταῖς
2671 1078 2851 1131 ἀκτῖσι
2885 1079 2985 1146 τῆς
3015 1075 3165 1139 θείας
3199 1075 3420 1145 χάριτος
3447 1070 3852 1142 ἐναστράπτειν

608 1174 1057 1236 congregatorum
1111 1169 1274 1225 corda
1331 1184 1549 1240 semper
1585 1170 1883 1234 illuminat,
1915 1179 2076 1239 atque
2110 1170 2177 1225 ad

2278 1170 2377 1232 τὰς
2418 1168 2642 1239 καρδίας
2677 1168 2785 1221 τῶν
2826 1167 3263 1238 συνεληλυθότων
3304 1165 3410 1229 ἀεὶ,
3442 1163 3538 1217 καὶ
3581 1160 3720 1231 πρὸς
3749 1161 3856 1228 τὴν

605 1254 829 1326 justitiae
879 1258 1196 1313 exercitium
1247 1271 1458 1316 mentes
1491 1271 1712 1316 nostras
1763 1261 2178 1316 meditahundas

2279 1262 2373 1316 τοῦ
2416 1261 2630 1323 ¹δικαίου
2681 1260 2908 1331 ἄθλησιν
2959 1260 3307 1328 ἀναπέμπειν
3358 1256 3458 1319 τὰς
3499 1250 3857 1323 διανοητικὰς

609 1346 858 1414 impellit,
887 1358 946 1402 ut
970 1348 1180 1404 beatam
1214 1349 1358 1404 illam
1385 1352 1695 1421 passionem
1743 1353 2180 1408 intellectualiter

2281 1352 2437 1425 ἡμῶν
2496 1351 2768 1422 θεωρίας,
2831 1351 2898 1404 ἵν’
2963 1351 3148 1403 ἐκεῖνο
3212 1350 3274 1402 τὸ
3337 1347 3607 1418 μακάριον
3679 1341 3860 1404 πάθος

609 1437 1013 1505 quodammodo
1041 1449 1371 1510 spectantes,
1401 1459 1622 1499 causam
1645 1443 1774 1500 hinc
1802 1445 1996 1500 laetitiae
2022 1446 2180 1501 nobis

2282 1445 2484 1516 νοερῶς
2511 1444 2630 1508 πῶς
2658 1444 2938 1514 ὀψόμενοι,
2966 1443 3222 1496 ὑπόθεσιν
3252 1439 3592 1511 εὐφροσύνης
3636 1434 3861 1495 ἑαυτοῖς

611 1527 1029 1582 constituamus.
1083 1527 1333 1586 Profecto
1385 1533 1609 1588 alterius
1657 1534 1947 1605 cujuslibet
2004 1536 2182 1605 gladio

2283 1535 2734 1606 ὑποστησόμεθα·
2777 1535 2937 1590 ἄλλου
2975 1535 3075 1605 μὲν
3125 1531 3234 1602 γὰρ
3269 1525 3408 1600 αἷμα
3450 1530 3577 1599 ρυἐν
3616 1527 3726 1580 ὑπὸ
3749 1525 3862 1594 γῆν

610 1613 822 1671 elTusus
857 1618 908 1671 in
939 1626 1137 1674 terram
1177 1624 1436 1692 sanguis,
1473 1623 1676 1680 nullius
1734 1625 1968 1682 hominis
2005 1627 2180 1682 visum

2286 1625 2448 1696 ξίφει,
2476 1626 2573 1679 οὐκ
2603 1625 2667 1679 ἂν
2697 1625 2950 1696 τέρψειεν
2977 1623 3267 1694 ἀνθρώπω
3289 1621 3438 1684 θέαν,
3463 1619 3666 1682 οὺδέίς
3681 1615 3863 1686 ἀκοὴν

611 1707 972 1776 exbilararet;
1004 1725 1178 1781 neque
1204 1711 1271 1767 ad
1304 1728 1492 1768 aurem
1538 1714 1748 1771 delatus
1776 1725 2010 1771 mentem
2047 1718 2183 1772 solet

2285 1716 2452 1772 ἐλθὼν
2498 1721 2810 1770 σεπτοποιεῐ
2844 1715 2942 1787 τὴν
2975 1718 3195 1786 μνήμην
3223 1713 3317 1768 τοῦ
3355 1712 3679 1782 τεθνηκότος
3711 1710 3742 1762 ὁ
3769 1706 3865 1760 λό-

611 1796 888 1855 laetificare
925 1816 1106 1857 sermo
1142 1805 1446 1860 morientis.
1493 1804 1736 1878 Namque
1778 1809 1866 1862 ubi
1904 1809 2184 1878 sanguinis

2285 1827 2378 1878 γος
2404 1826 2417 1840 ⁸
2444 1803 2504 1862 οὖ
2534 1810 2640 1879 γὰρ
2670 1815 2702 1880 ἠ
2733 1812 2830 1880 ῥοὴ
2861 1809 3007 1877 ζωῆς
3035 1810 3290 1881 στέρησιν
3314 1806 3492 1878 φέρει,
3525 1804 3642 1867 πῶς
3672 1802 3742 1856 ἂν
3766 1801 3865 1853 τὸν

612 1888 810 1946 effusio
859 1892 981 1951 vita:
1007 1894 1282 1964 jacturam
1338 1896 1459 1963 fert,
1514 1899 1790 1968 quomodo
1843 1900 2181 1972 id,inquam,

2288 1907 2446 1975 φύσει
2492 1905 2754 1972 φιλόζωον
2796 1902 3001 1969 ἐλξειεν
3038 1899 3198 1955 τοῦτο
3227 1917 3242 1966 ;
3274 1897 3583 1953 τουναντὶον
3625 1894 3684 1948 δέ
3717 1894 3865 1963 μᾶλ-

613 1983 891 2039 hominem
925 2001 1022 2057 per
1048 2002 1106 2042 se
1134 1991 1260 2043 vlta:
1294 1997 1572 2047 amantem
1617 1992 1945 2060 delectabit;
1988 2001 2041 2048 et
2073 2008 2184 2048 nun

2285 2004 2378 2058 λον
2425 2003 2484 2056 ἐν
2543 1997 2863 2067 στυγνότητι
2893 1989 3187 2064 προσώπου
3230 1991 3310 2052 είς
3332 1984 3512 2042 οἶκτον
3539 1987 3739 2054 ἀγάγοι
3767 1985 3867 2039 καὶ

614 2075 797 2146 potius
826 2091 948 2132 cum
997 2078 1182 2135 vultus
1218 2079 1437 2135 tristitia
1466 2081 1534 2136 ad
1565 2082 1772 2136 luctum
1820 2082 1994 2137 trahet
2023 2093 2186 2154 atque

2286 2090 2674 2158 ἐλεεινολογίαν
2697 2085 2794 2142 τοῦ
2837 2085 3062 2148 πάθους,
3091 2083 3140 2136 εί
3176 2080 3253 2152 μή
3287 2097 3339 2133 τι
3375 2096 3437 2148 γε
3464 2077 3572 2149 ἀρα
3594 2076 3701 2142 ἐξω
3728 2092 3869 2146 φρε-

613 2163 680 2217 ad
724 2163 843 2233 ejus
872 2167 1146 2235 passionis
1185 2169 1635 2226 miserationem?
1668 2171 1774 2226 nisi
1815 2171 1952 2227 forte
1989 2171 2187 2242 aliquis

2287 2181 2451 2252 νῶνῆ
2485 2178 2730 2250 θηριώδη
2773 2175 2864 2228 τὸν
2891 2172 3092 2244 τρόπον
3125 2169 3277 2240 εὖροι
3307 2168 3399 2222 τὸν
3437 2167 3680 2220 τοιοῦτον
3714 2165 3867 2218 κατὰ

613 2255 842 2312 exsistat
870 2259 952 2312 vel
977 2268 1160 2317 mente
1193 2262 1463 2320 alienatus
1493 2265 1578 2320 vel
1623 2264 1801 2320 ferino
1827 2282 1977 2321 more
2005 2267 2183 2321 imbu-

2287 2274 2386 2344 τὴν
2413 2271 2522 2325 τῶν
2543 2268 2758 2338 κτηνῶν
2785 2266 2944 2334 φύσιν
2974 2260 3419 2331 άλογισταίνοντα
3442 2261 3555 2321 τοῖς
3577 2258 3825 2330 ὁραθείσι
3848 2273 3860 2286 ·

615 2357 726 2409 tus.
757 2357 818 2404 ut
845 2350 1131 2408 brutorum
1180 2353 1388 2425 aliquot
1435 2365 1629 2412 natura
1666 2367 1766 2423 est,
1801 2374 1923 2428 qua:
1974 2368 2187 2430 specta-

2290 2364 2543 2432 καθάπερ
2573 2362 2664 2414 ἐπὶ
2687 2359 2796 2411 τῶν
2829 2355 3204 2426 ἀλεκτρυόνων
3230 2356 3280 2407 οι
3316 2351 3427 2406 τῶν
3476 2350 3738 2422 ὁμοειδῶν
3765 2349 3867 2402 αὺ-

614 2443 756 2500 culis
792 2444 893 2499 sibi
924 2445 1154 2516 objectis
1187 2447 1467 2504 insaniunt
1497 2467 1510 2511 ;
1542 2450 1707 2507 veluti
1741 2451 1888 2520 galli,
1921 2452 2013 2520 qui
2058 2455 2186 2505 dum

2289 2458 2402 2516 τοῖς
2448 2449 2836 2522 σφαττομένων
2866 2447 3173 2517 χαίρουσιν,
3201 2443 3420 2514 ᾄδουσιν
3440 2481 3456 2506 ,
3482 2440 3864 2510 ἀποπηδῶσιν,

615 2537 703 2595 sui
762 2536 970 2594 slmiles
1027 2539 1456 2605 interficiuntur.
1497 2544 1752 2615 gaudent,
1781 2553 2018 2610 cantant,
2044 2545 2189 2600 exsi-

2292 2543 2541 2614 αῐσθήσει
2571 2539 2729 2610 μόνον
2757 2535 3053 2608 χρώμενοι,
3081 2533 3176 2587 καὶ
3197 2533 3259 2586 οὐ
3290 2532 3756 2599 συλλογιζόμενοι,
3782 2531 3867 2582 ὅτι

616 2631 758 2687 liunt
781 2646 848 2688 eo
876 2634 1196 2705 simpliciter
1217 2637 1333 2695 visu
1362 2637 1628 2705 fruentes,
1651 2655 1829 2711 neque
1850 2649 2188 2712 reputantes,

2293 2636 2386 2688 καὶ
2438 2632 2524 2686 ἐπ’
2549 2632 2746 2694 αὐτοὺς
2777 2630 2897 2701 ἥξει
2945 2630 3004 2680 τὸ
3045 2625 3215 2690 πάθος
3235 2641 3250 2656 ·
3287 2620 3426 2694 αἷμα
3472 2622 3527 2674 δὲ
3557 2621 3754 2692 ἀνδρὸς
3783 2621 3867 2674 δι-

615 2738 744 2779 mox
769 2727 1014 2782 eamdem
1039 2727 1240 2785 caedem
1264 2732 1330 2786 ad
1359 2733 1506 2800 ipsos
1538 2744 1939 2802 perventuram.
1960 2733 2031 2789 At
2062 2749 2190 2790 vero

2291 2725 2446 2780 καίου
2478 2724 2574 2785 καὶ
2601 2722 2722 2792 ὕψει
2753 2720 3004 2786 ἐραστὸν,
3036 2719 3130 2773 καὶ
3163 2717 3296 2772 ώσὶν
3321 2713 3738 2784 εὐαγγελιστὸν,
3769 2714 3865 2767 καὶ

613 2815 745 2884 justi
776 2816 880 2872 viri
924 2820 1149 2890 sanguis
1177 2829 1233 2876 et
1262 2822 1399 2878 visui
1453 2824 1812 2890 delectabilis,
1861 2835 1915 2881 et
1965 2828 2190 2883 auribus

2292 2817 2497 2888 χείλεσι
2534 2814 2914 2886 προσκυνητόν
2943 2829 2957 2844 ο
2993 2814 3028 2883 ἡ
3052 2811 3164 2883 γὰρ
3195 2808 3389 2864 τούτου
3417 2805 3736 2877 ἀφαίρεσις,
3765 2805 3868 2874 τῆς

615 2911 755 2982 grati
788 2909 961 2967 instar
1001 2913 1176 2968 nuntii
1207 2923 1312 2979 est,
1336 2923 1392 2969 et
1437 2916 1596 2972 labiis
1630 2916 2004 2975 honorabilis:
2035 2934 2189 2974 nam-

2293 2910 2487 2979 ἀγήρω
2511 2908 2602 2961 καὶ
2629 2907 2838 2976 ἀμείνω
2864 2904 3011 2974 ζωῆς
3035 2903 3134 2975 τὴν
3158 2902 3374 2974 μέθεξιν
3396 2896 3866 2968 άποκληροῦνται·

618 3016 726 3072 que
792 3002 954 3073 hujus
996 3003 1264 3073 amissio,
1305 3005 1634 3063 immortalis
1670 3009 2020 3078 meliorisque
2069 3011 2190 3065 vita:

2292 3002 2386 3055 καὶ
2438 3000 2499 3053 ού
2555 3000 2713 3068 μόνον
2771 2997 2834 3068 δή
2889 3013 3030 3065 φημι
3082 2995 3239 3066 ῥανὶς
3291 2993 3546 3062 αἳματος,
3587 2987 3727 3042 ἀλλά
3771 2987 3868 3040 καὶ

619 3088 830 3144 confert
859 3092 1300 3159 acquisitionem.
1321 3092 1500 3163 Neque
1518 3105 1690 3165 gutta,
1714 3096 1957 3166 inquam,
1983 3107 2188 3151 tantum

2293 3093 2471 3146 ὁτιοῦν
2513 3092 2668 3158 ἁγίου
2695 3089 2788 3144 καὶ
2818 3088 3061 3157 λάκισμα
3095 3086 3313 3158 μέλους,
3341 3084 3435 3138 καὶ
3458 3082 3650 3198 τριχὸς
3677 3079 3868 3150 λείψα-

621 3178 934 3250 sanguinis,
969 3195 1155 3235 verum
1207 3182 1371 3237 etiam
1427 3199 1490 3238 os
1539 3193 1810 3249 sanctum,
1859 3197 1912 3239 et
1965 3185 2190 3241 membri

2297 3202 2403 3250 vov,
2464 3183 2559 3235 καὶ
2618 3183 2791 3234 ὁτιοῦν
2819 3182 2899 3248 ἐφ’
2933 3175 3017 3242 οἷς
3053 3176 3421 3234 ἐνεδιδύσκετο
3463 3177 3496 3246 ἢ
3544 3175 3826 3244 ὲφάπτετο
3852 3213 3867 3238 ,

621 3269 854 3339 alicujus
893 3270 1181 3340 particula,
1207 3281 1260 3327 et
1291 3274 1609 3344 capillorum
1659 3274 1924 3344 reliquiae,
1949 3283 2002 3330 et
2033 3276 2194 3332 vesti-

2295 3271 2769 3345 περισπούδαστόν
2810 3272 2929 3322 ἐστι
2960 3269 3055 3322 καὶ
3086 3268 3486 3338 ἐπιζητούμενον
3515 3265 3594 3336 τῷ
3620 3264 3873 3318 εὐσεϐεῖν

620 3370 927 3417 mentorum
951 3377 1074 3430 quae
1115 3362 1205 3418 ille
1227 3366 1454 3433 gestavit
1495 3374 1590 3419 aut
1624 3367 2046 3436 attigitfrustnm
2079 3383 2194 3436 per-

2295 3362 2641 3435 προελομένῳ
2663 3377 2676 3388 ·
2705 3361 2793 3414 διὰ
2839 3360 3000 3414 τοῦτο
3043 3360 3202 3422 ἄλλος
3252 3359 3381 3413 ἄλλο
3431 3375 3483 3411 τι
3512 3356 3711 3424 ὥσπερ
3745 3357 3870 3415 τινὰ

624 3461 834 3523 gratum
853 3464 935 3508 est
955 3463 1008 3508 et
1024 3454 1313 3523 expetibile
1325 3456 1498 3511 cuivis
1517 3458 1728 3526 pietatis
1746 3458 2009 3514 studioso.
2026 3457 2195 3527 Prop-

2294 3456 2568 3528 θησαυρὸν
2611 3452 2831 3524 μέροςῆ
2869 3452 3055 3522 μόριον
3084 3450 3117 3521 ἢ
3143 3450 3204 3502 τὸ
3232 3449 3352 3502 ὅλον
3374 3450 3496 3502 κατ’
3529 3450 3718 3514 οἴκους
3747 3449 3780 3520 ἢ
3814 3451 3870 3502 ἐν

626 3553 772 3602 terea
819 3544 958 3600 alius
980 3546 1167 3609 aliam,
1195 3548 1436 3604 thesauri
1461 3552 1653 3616 instar,
1682 3561 1886 3619 partem
1915 3553 1996 3607 vel
2018 3571 2192 3611 mem-

2293 3543 2424 3611 ut:
2463 3545 2801 3615 ἐκκλησίαις,
2860 3543 2996 3614 πρὸς
3045 3539 3372 3611 άγιαστικὴν
3425 3539 3713 3611 ἐνέργειαν
3773 3542 3867 3594 καὶ

623 3638 781 3694 brum
810 3638 890 3694 vel
912 3653 1108 3708 corpus
1135 3648 1302 3694 totum
1327 3642 1380 3696 in
1406 3642 1657 3697 domibus
1677 3643 1760 3696 vol
1776 3645 2039 3711 ecclesiis,
2066 3663 2193 3702 san-

2296 3639 2567 3710 σωστικὴν
2644 3637 2944 3708 ἀσφάλειαν
3027 3635 3272 3705 κατέχων
3359 3631 3868 3702 ἐγκαλλωπίζεται,

623 3725 911 3782 ctitlcantis
921 3728 1135 3782 virtutis
1151 3739 1356 3795 ergo,et
1371 3729 1624 3785 salutaris
1637 3730 1834 3796 tutelae,
1852 3730 2051 3788 habere
2061 3749 2194 3802 gau-

2295 3731 2734 3802 προσερχόμενος
2777 3729 2896 3800 μετ’
2933 3726 3113 3792 αἰδοῦς
3144 3729 3210 3799 τῇ
3265 3724 3669 3797 τεθαυρισμένῃ
3701 3725 3869 3788 κόνει,

623 3810 732 3878 det,
757 3820 811 3867 et
839 3829 962 3869 cum
988 3815 1286 3870 reverentia
1303 3817 1366 3871 ad
1389 3817 1633 3873 cinerum
1656 3817 1940 3875 thesauros
1962 3820 2189 3888 accedit,

2296 3821 2392 3874 καὶ
2455 3820 2831 3889 ἐφαπτόμενος
2888 3818 3037 3889 φόσῳ
3086 3817 3192 3870 τῶν
3231 3817 3527 3883 ἀψαύστων
3584 3815 3873 3887 ἀναθημά-

623 3913 678 3960 et
702 3905 964 3973 impervia
985 3907 1148 3960 tactui
1178 3906 1404 3964 donaria
1434 3910 1848 3966 venerabundus
1878 3913 2160 3981 contingit.
2295 3931 2401 3966 των
2438 3912 2574 3985 (18).

693 3994 749 4052 2.
779 3994 926 4051 Talis
953 3997 1110 4052 nobis
1142 4009 1225 4054 est
1250 3999 1381 4070 justi
1401 4000 1586 4056 Abelis
1610 4003 1854 4072 sanguis,
1879 4018 2191 4074 quanquam

2368 4006 2432 4076 β’.
2459 4005 2710 4059 Τοιοῦτον
2742 4006 2872 4075 ἡμῖν
2904 4003 2964 4056 τὸ
2992 4001 3086 4054 τοῦ
3125 3998 3336 4054 δικαίου
3372 3998 3540 4052 Ἅϐελ
3565 3993 3735 4068 αἷμα,
3770 3997 3874 4051 κᾶν

623 4090 714 4148 hic
767 4099 1054 4161 parentum
1102 4099 1227 4146 tunc
1271 4093 1484 4148 noviter
1534 4093 1708 4149 oculis
1761 4096 1975 4152 oblatus
2025 4111 2190 4152 causa

2289 4101 2514 4168 γονεῦσι
2567 4096 2866 4167 τηνικαῦτα
2899 4094 3185 4162 ξενοφανές
3223 4092 3504 4145 ώπτάνετο
3545 4087 3873 4160 θρηνολόγητ

624 4181 809 4238 luctus
833 4182 937 4238 fuit
959 4201 972 4236 :
993 4199 1116 4237 cum
1142 4184 1286 4238 enim
1317 4186 1601 4240 morientis
1627 4187 1858 4258 alicujus
1886 4189 2190 4257 passionem

2299 4206 2374 4262 μα
2394 4205 2409 4221 θ
2441 4190 2602 4258 μήπω
2629 4185 2737 4254 γάρ
2767 4181 3079 4254 ἑωρακότες
3099 4180 3394 4242 τεθνεῶτος
3424 4177 3619 4242 πάθος,
3652 4177 3774 4241 πῶς
3807 4176 3870 4231 ἂν

625 4273 866 4329 nondum
905 4277 1265 4344 aspexissent,
1317 4277 1506 4348 quidni
1546 4278 1639 4332 lilii
1672 4289 1938 4348 patratam
1991 4282 2191 4337 caedem

2295 4279 2390 4334 ἐπὶ
2414 4281 2480 4350 τῇ
2516 4277 2612 4331 τοῦ
2647 4275 2765 4330 υἱοῦ
2797 4275 2976 4344 σφαγῇ
3016 4273 3115 4326 οὐκ
3144 4270 3464 4338 ἐξέστησαν,
3485 4269 3586 4321 οὐκ
3633 4268 3867 4338 ἐδάκρυ-

622 4366 1097 4431 exhorrescerent,
1132 4367 1581 4439 lacrymarentur,
1642 4372 2026 4428 lamentatione
2063 4389 2190 4444 pro-

2297 4387 2418 4437 σαν,
2441 4372 2502 4425 οὐ
2534 4369 2702 4440 γοερά
2722 4370 2955 4437 ἔφασαν,
2987 4365 3214 4431 ἐξάπινα
3245 4364 3386 4433 τάχα
3426 4359 3869 4432 προσϐλέψαντες

623 4468 1002 4528 sequerentur,
1034 4458 1162 4517 dum
1193 4461 1484 4529 improviso
1514 4462 1748 4518 fortasse
1785 4471 2016 4519 stratum
2045 4466 2193 4522 humi

2299 4464 2438 4518 κατὰ
2491 4464 2593 4532 γῆς
2654 4461 2964 4532 ἐρριμένον,
2996 4458 3189 4526 αἵματί
3223 4473 3284 4525 γε
3332 4453 3767 4522 πεφοινιγμένον
3814 4453 3870 4516 ἐξ

621 4551 793 4606 filium
822 4550 1103 4616 vidissent,
1124 4551 1377 4608 fraternis
1407 4563 1752 4612 cruentatum
1776 4557 1995 4622 ictibus,
2019 4567 2069 4612 et
2098 4572 2190 4612 ea-

2298 4556 2592 4626 ἀδελφικῆς
2629 4552 2964 4625 μιαιφονίας,
2993 4548 3286 4605 κάντεῦθεν
3318 4547 3419 4616 τῆς
3450 4543 3693 4614 ζωτικῆς
3721 4545 3870 4613 ἐνερ-

619 4651 843 4712 propter
872 4642 995 4697 vita
1030 4658 1133 4696 usu
1159 4644 1428 4713 privatum
1453 4646 1467 4699 l
1491 4643 1639 4701 Talis
1673 4648 1799 4702 item
1832 4657 1888 4702 et
1914 4648 2191 4718 propheta:

2297 4651 2450 4716 γείας
2517 4647 2938 4717 ἐστερημένον;
2993 4638 3233 4694 τοιοῦτον
3298 4639 3359 4691 τὺ
3417 4636 3512 4690 τοῦ
3584 4637 3868 4708 προφήτου

619 4731 809 4787 Amosi
840 4742 1062 4788 sanctus
1099 4735 1339 4804 sanguis,
1369 4750 1527 4804 quem
1563 4737 1656 4791 diu
1683 4738 1916 4795 fustibus
1943 4741 2189 4794 verbera-

2309 4738 2488 4809 Ἀμώς
2535 4739 2689 4806 ἅγιον
2744 4731 2904 4808 αἷμα,
2934 4734 2995 4787 δν
3028 4731 3236 4801 συχνῶς
3277 4728 3631 4799 τυμπανίσας
3690 4727 3866 4780 ἀνεῖλε

621 4834 736 4876 tum
787 4821 934 4877 ferro
975 4825 1236 4880 exstinxit
1285 4841 1379 4880 rex
1410 4828 1658 4883 Amasias
1690 4830 1834 4899 (l9);
1867 4830 1959 4900 qui
2000 4830 2189 4885 vatici-

2298 4831 2439 4898 ξίφει
2482 4827 2739 4897 Ἀμασίας
2771 4826 2881 4894 (19)
2921 4825 2949 4876 ὁ
3005 4820 3290 4893 βασιλεύςο
3333 4817 3519 4885 ἐπειδὴ
3589 4817 3704 4887 γάρ
3771 4815 3865 4884 τῆς

619 4914 835 4967 niorum
875 4913 996 4968 telis
1038 4930 1068 4968 a
1100 4916 1361 4985 propheta
1388 4920 1680 4987 appetitus,
1704 4921 1913 4989 justum
1944 4921 2092 4975 clava
2132 4921 2184 4974 in

2298 4921 2634 4993 προφητείας
2692 4920 2810 4979 ταῖς
2869 4914 3072 4985 βολίσιν
3118 4912 3447 4980 ἐπλήττετο,
3509 4907 3722 4978 πλήξας
3777 4907 3864 4961 τὸν

618 5004 955 5073 temporibus
982 5021 1305 5075 percussum
1336 5008 1481 5064 letho
1519 5011 1763 5066 tradidit.
1791 5010 1939 5067 Talis
1983 5013 2188 5080 pariter

2293 5014 2500 5067 δίκαιον
2525 5013 2581 5065 ἐν
2606 5009 2823 5081 ῥοπάλῳ
2852 5005 2994 5059 κατά
3014 5002 3108 5056 τοῦ
3144 5004 3420 5073 κροτάφου
3445 5001 3665 5070 θανάτῳ
3692 5016 3865 5070 παρα-

617 5097 895 5167 prophetat
922 5097 1160 5152 Michazte
1183 5109 1407 5154 sanctus
1439 5102 1681 5171 sanguis,
1703 5117 1863 5171 quem
1890 5102 2189 5171 praecipitio

2294 5105 2506 5158 δίδωσιν
2533 5120 2547 5135 ο
2583 5101 2819 5153 τοιοῦτον
2851 5099 2912 5152 τὸ
2960 5096 3052 5151 τοῦ
3088 5097 3366 5166 προφήτου
3402 5091 3642 5163 Μιχαίου
3707 5091 3859 5159 ἅγιον

616 5187 894 5242 interemit
921 5185 1175 5243 Joramus
1200 5190 1438 5249 Achaabi
1461 5191 1622 5256 filius,
1641 5193 1824 5248 divina
1851 5193 2188 5248 conﬁdenter

2295 5189 2435 5262 αἷμα
2459 5233 2473 5256 ,
2501 5192 2559 5244 ὃν
2592 5189 2767 5243 ἀνεῖλε
2813 5189 3119 5259 κρημνίσας
3163 5186 3366 5253 Ἰωρὰμ
3401 5183 3514 5246 υἱὸς
3555 5181 3768 5251 Ἀχαάϐ
3794 5180 3858 5236 τὰ

617 5277 959 5334 nuntiantem
993 5296 1007 5334 :
1037 5280 1238 5335 etenim
1291 5282 1360 5336 ab
1414 5284 1539 5351 hoc,
1571 5292 1629 5338 ut
1673 5285 1750 5339 ait
1797 5283 2098 5354 Scriptura,
2121 5287 2188 5341 de

2295 5284 2410 5336 θεῖα
2460 5279 2987 5352 παρρησιαζόμενον.
3013 5278 3246 5345 Ἥλεγχε
3288 5275 3395 5346 γὰρ
3425 5273 3588 5327 αὑτὸν
3622 5272 3718 5324 ἐπὶ
3745 5272 3858 5332 ταῖς

617 5380 902 5437 parentum
935 5373 1230 5429 sceleribus
1256 5377 1604 5446 arguebatur.
1629 5377 1776 5432 Talis
1808 5393 2025 5447 quoque
2055 5393 2183 5448 pro—

2291 5374 2567 5436 άσεδείαις
2598 5373 2705 5426 τῶν
2762 5371 3012 5440 πατέρων
3055 5366 3242 5432 αὑτοῦ,
3279 5365 3457 5420 καθ’ἀ
3493 5365 3806 5434 γέγραπται
3836 5403 3847 5426 ,

688 5509 800 5578 (18)
843 5506 1000 5564 Vides
1045 5508 1145 5563 SS.
1200 5512 1554 5581 reliquiarum
1607 5513 1812 5570 laudari
1842 5531 1871 5568 a
1902 5512 2188 5568 Theodoro
2296 5521 2348 5566 ct
2378 5511 2528 5565 obitu
2587 5506 2970 5578 prophetarum
3003 5504 3163 5558 variae
3186 5514 3239 5559 et
3283 5502 3550 5581 interdum
3589 5501 3855 5555 contradi-

617 5587 675 5636 υι
697 5573 1020 5652 consuetam
1048 5591 1102 5632 et
1133 5573 1347 5648 spiritu'i
1382 5585 1568 5636 utilem
1607 5585 2041 5652 venerationem.
2294 5591 2481 5635 centes
2495 5573 2750 5652 vet—erum
2807 5585 3090 5652 auctorum
3124 5577 3406 5629 sententiae
3440 5573 3853 5652 _fu_er_unt._qtgs

689 5648 802 5716 (I9)
830 5648 943 5701 lmo
975 5665 1104 5702 vero
1124 5640 1374 5705 A'masias
1404 5653 1661 5708 sacerdos
1694 5651 1931 5708 Bethelis
1956 5668 2182 5708 accusa-
2294 5666 2361 5705 ne
2394 5650 2600 5719 prolixe
2649 5645 2901 5719 referam,
2935 5646 3158 5719 lectores
3191 5660 3344 5701 meos
3389 5644 3452 5696 ad
3488 5642 3720 5697 Calmeti
3744 5640 3852 5696 ‘Bi.

617 5717 690 5776 vit
721 5715 979 5772 Amosum
1012 5721 1153 5788 apud
1180 5720 1563 5777 Jeruboumum
1596 5737 1797 5794 regem.
1831 5723 1937 5779 Sed
1962 5723 2029 5777 de
2071 5725 2180 5778 vita
2293 5715 2490 5775 blic'um
2528 5717 2916 5773 Dictionarium
2944 5715 3154 5785 ablt-go.
