4018 6304
212 315 313 380 761

829 327 1110 390 ORATIO
1143 332 1304 393 VIII.
1338 359 1406 370 —
1428 332 1510 394 IN
1541 335 1775 395 DECOL

1880 337 2186 402 .TIONEM
2253 346 2313 406 S.
2348 349 2614 416 JOANN.
2653 356 2862 419 ΒΑΡΤ.

3361 365 3466 429 762

211 426 453 483 τοιοῦτον
511 432 608 486 τοῦ
659 437 940 507 προφήτου
992 439 1208 493 Ἡσαΐου
1250 441 1405 510 ἆγιον
1461 441 1600 513 αἷμα
1663 445 1775 516 διχαῑ

1895 450 2066 517 pheta:
2103 454 2252 511 Isaiae
2282 468 2507 517 sanctus
2532 465 2756 534 sanguis
2785 465 3040 525 bifariam
3064 485 3212 527 serra
3243 475 3464 533 dissecti

212 518 595 593 διαιρουμένου
643 526 747 580 ὑπὸ
793 531 1096 600 πριστῆρος
1158 533 1310 604 παρά
1361 536 1631 606 Μανασσῆ
1690 536 1784 590 τοῦ

210 615 612 687 ἐκκεκληκότος
660 622 797 691 πρὸς
855 623 1301 696 είδωλολατρικὸν
1339 628 1503 692 σέϐας
1568 631 1659 683 τὸν
1691 631 1785 684 εὑ-

208 708 626 780 παροίστρωτον
664 714 760 768 καὶ
813 715 1289 786 εὐπαρακόμιστον
1329 720 1564 792 Ἰσραὴλ,
1591 722 1650 775 οὐ
1691 723 1786 792 φέ-

211 814 401 867 ροντος
447 802 667 857 ἀκούειν
710 805 808 869 τὰς
865 807 966 878 τῆς
1061 811 1400 882 προφητείας
1471 814 1784 884 ἐκφάνσεις.

206 890 466 946 Τοιοῦτον
497 894 559 948 τὸ
583 895 680 949 τοῦ
707 898 955 965 γενναίου
994 901 1258 974 Ἐλεάζαρ
1290 904 1386 956 σὺν
1413 904 1558 959 ἐπτά
1596 905 1786 960 παισὶν

206 983 307 1036 καὶ
342 986 518 1058 μητρὶ
547 987 800 1060 θεόφρονι
824 993 979 1060 ἅγιον
1011 988 1171 1063 αἷμα,
1200 995 1229 1048 ὃ
1252 995 1466 1066 ἐξέχεεν
1515 997 1786 1068 Ἀντίοχος

206 1075 270 1128 ἐν
304 1077 578 1142 ποικίλοις
609 1079 888 1150 βασάνοις,
922 1085 997 1154 μὴ
1031 1083 1214 1155 φέρων
1255 1087 1353 1156 τὴν
1383 1087 1526 1158 ὺπέρ
1565 1089 1785 1159 ἐντολῆς

200 1167 344 1222 Θεοῦ
379 1168 634 1225 ἔνστασιν
687 1173 794 1227 τῶν
850 1175 1156 1246 ἀηττήτων,
1193 1176 1287 1241 οὒς
1330 1179 1511 1233 πίστει
1552 1180 1782 1236 θανάτου

202 1260 452 1329 σφραγὶς
495 1261 780 1317 ἐτελείωσε
805 1280 823 1299 ο
857 1265 1102 1322 τοιοῦτον
1144 1270 1206 1321 τὸ
1237 1267 1332 1323 τοῦ
1367 1273 1648 1343 προφήτου
1682 1276 1786 1328 Ζα-

200 1350 402 1420 χαρίου
437 1351 595 1421 ἅγιον
629 1350 766 1425 αἷμα
788 1356 817 1410 ὃ
849 1359 956 1429 πρὸ
984 1359 1081 1414 τοῦ
1105 1360 1495 1436 θυσιαστηρίου
1521 1369 1553 1434 ὴ
1592 1367 1782 1436 πάροιο

197 1458 296 1504 νος
351 1442 459 1495 τῶν
509 1443 778 1500 Ἰουδαίων
824 1449 1044 1520 ὠμότης
1113 1454 1356 1525 μαχαίρᾳ.
1402 1454 1621 1525 ἐξέχεε,
1680 1457 1782 1511 οὐκ

195 1533 508 1602 ἐνεγκοῦσα
542 1536 641 1601 τὰς
672 1538 774 1610 τῆς
809 1545 1149 1614 προφητείας
1181 1546 1451 1616 ἐμφάσεις
1494 1549 1779 1614 ἀκοντίζε-

197 1625 332 1682 σθαι
364 1643 378 1656 ·
417 1631 514 1681 καὶ
550 1629 603 1681 τί
625 1629 708 1684 δεῖ
754 1649 845 1702 μοι
885 1633 1115 1688 πλεῖστα
1141 1636 1445 1706 ἀναλέγειν,
1485 1640 1615 1711 παρ’
1645 1634 1689 1708 ᾧ
1721 1639 1782 1693 τδ

193 1718 309 1772 τῶν
342 1720 657 1775 ἀποστόλων
684 1723 982 1795 προφητῶν
1012 1744 1071 1779 τε
1115 1728 1212 1782 καὶ
1254 1730 1546 1800 μαρτύρων
1583 1731 1780 1802 συλλή-

194 1812 337 1884 ϐδην
356 1814 533 1868 εἰπεῖν
556 1814 710 1883 ἅγιον
730 1811 894 1888 αἷμα,
911 1818 940 1872 δ
961 1820 1146 1874 πολλοὶ
1161 1823 1493 1893 παλαμναίοι
1517 1823 1780 1895 πολυτρό-

192 1921 320 1970 πως
346 1905 590 1978 ἐξέχεαν,
625 1909 700 1974 ὡς
735 1910 880 1985 ὕδωρ
907 1913 1045 1967 πολὺ
1077 1913 1313 1968 κυκλοῦν
1358 1915 1457 1986 τὴν
1491 1915 1582 1968 ὑπ’
1614 1916 1777 1987 οὐρα-

191 1999 310 2065 νὸν,
345 2002 565 2073 καὶτῆς
592 2002 851 2069 ἀσεϐείας
877 2005 1121 2075 ὑπάρχον
1159 2006 1512 2077 σϐεστήριον;

267 2099 344 2161 τ’.
384 2093 646 2150 Τοιοῦτον
679 2095 849 2149 τὸτοῦ
890 2095 1198 2150 Βαπτιστοῦ
1228 2099 1466 2168 Χριστοῦ
1509 2101 1602 2154 καὶ
1635 2101 1777 2171 Προο

187 2179 404 2251 δρόμου
436 2183 596 2251 ἅγιον
629 2179 789 2249 αἷμα,
818 2183 947 2254 περὶ
973 2176 1035 2237 οῦ
1065 2185 1199 2255 ἡμῖν
1235 2187 1263 2239 ό
1297 2188 1658 2258 προκείμενος
1690 2189 1778 2244 λό-

188 2289 291 2342 τος
314 2289 332 2306 ’
360 2273 390 2328 ὃ
417 2273 725 2329 κεκένωκεν
754 2274 831 2337 ὡς
864 2274 1037 2346 μύρον
1059 2275 1350 2341 πολυτελὲς
1373 2277 1432 2343 ἐξ
1468 2279 1614 2349 ἱεροῦ
1642 2296 1772 2350 τρα-

190 2367 367 2438 χήλου
399 2365 694 2430 εὒωδιάζον
717 2367 818 2436 τὴν
846 2368 1177 2440 οἰκουμένην
1200 2387 1214 2402 ·
1243 2367 1404 2441 αἷμα,
1432 2370 1461 2423 ὃ
1493 2371 1776 2442 συνήθροι-

194 2474 292 2512 σεν
318 2457 383 2512 οὐ
402 2457 642 2528 γαστρὸς
656 2457 839 2530 ἡδονὴ,
865 2459 965 2512 οὐκ
997 2459 1140 2513 οτνου
1167 2461 1487 2532 μετάληψις,
1505 2463 1566 2515 οὐ
1601 2464 1774 2534 κρεῶν

189 2548 402 2622 ἐδωδὴ,
431 2549 534 2602 οὐκ
575 2548 736 2603 ἄλλου
782 2551 927 2615 τινὸς
973 2551 1082 2604 τῶν
1127 2552 1396 2607 λιπαίνειν
1438 2555 1531 2607 καὶ
1559 2555 1775 2626 ἡδύνειν

187 2641 467 2695 εἰωθότων
503 2639 605 2705 τὰς
649 2641 876 2712 ὀρέξεις,
911 2641 1026 2696 ἀλλ’
1057 2643 1116 2709 ἐξ
1157 2645 1338 2699 αὐτῶν
1381 2645 1487 2699 τῶν
1523 2649 1774 2719 σπαργά-

187 2750 298 2787 νων
325 2734 493 2804 μέχρι
523 2732 710 2797 τέλους
737 2735 770 2803 ἡ
797 2733 898 2802 τῆς
931 2735 1262 2805 ἐγκρατείας
1297 2736 1642 2808 ἐμπεποίηκε
1672 2739 1774 2808 χά-

190 2839 277 2896 ρις
300 2840 318 2856 ο
343 2818 531 2877 Ἦλθε
573 2824 701 2894 γὰρ,
735 2825 921 2894 φησὶν,
963 2828 997 2880 ό
1036 2825 1318 2894 Ἰωάννης
1355 2827 1509 2896 μήτε
1530 2829 1771 2892 ἐσθίων,

187 2911 342 2980 μήτε
373 2911 605 2964 πίνωνο
640 2904 782 2981 αἷμα
805 2910 869 2964 τὸ
911 2913 1254 2984 προκενωθέν
1296 2914 1393 2969 τοῦ
1442 2916 1773 2969 Δεσποτικοῦ

189 3002 286 3054 καὶ
320 2999 601 3053 ἀθανάτου
645 3001 909 3072 ποτηρίου
936 3018 950 3032 ο
993 3003 1161 3073 ἐχρῆν
1203 3003 1311 3073 γὰρ
1349 3005 1441 3059 τὸν
1475 3005 1569 3058 τοῦ
1597 3006 1774 3074 φωτὸς

191 3092 503 3164 πρόδρομον
537 3089 624 3143 διὰ
650 3091 747 3162 τῆς
765 3094 828 3146 ἐκ
854 3093 1073 3164 στείρας
1095 3096 1434 3167 αὑγαστικῆς
1451 3096 1616 3150 αὐτοῦ
1636 3115 1768 3168 προ-

189 3184 310 3237 όδου
360 3184 478 3244 τοῖς
519 3182 661 3254 ὑπὲρ
699 3186 802 3253 γῆς
851 3183 1107 3254 ὀφθέντα,
1139 3187 1234 3240 καὶ
1268 3190 1381 3252 τοῖς
1425 3187 1538 3241 ὑπὸ
1558 3189 1659 3260 γῆν
1688 3189 1775 3242 διά

192 3275 430 3329 θανάτου
481 3273 702 3344 κήρυκα
743 3276 1007 3348 φωτοειδῆ
1053 3278 1390 3350 χρηματίσαι
1436 3279 1583 3351 (ἳθίσ
1613 3273 1774 3351 αἷμα,

191 3369 222 3423 ὀ
241 3369 344 3439 τῆς
371 3365 470 3422 τοῦ
495 3367 664 3422 Ἀσελ
692 3369 909 3437 σφαγῆς
932 3368 1315 3433 πολυπλασίως
1338 3372 1417 3430 είς
1445 3370 1513 3424 τὰ
1531 3365 1644 3424 ὧτα
1664 3373 1767 3424 Ku-

197 3460 312 3531 ρίου
351 3458 592 3513 Σαὸαὼθ
617 3459 972 3531 διαὸεόόηται
999 3477 1011 3490 ’
1048 3461 1140 3515 τοῦ
1162 3462 1271 3531 γὰρ
1290 3461 1452 3532 έργου
1482 3464 1514 3532 ἡ
1537 3463 1773 3533 ποίησις,

193 3553 382 3622 φωνῆς
420 3553 691 3624 μυστικῆς
722 3553 870 3606 ἐστιν
908 3553 1320 3624 ἀναὸόμῦησις,
1356 3556 1416 3608 οὐ
1454 3555 1541 3609 διὰ
1594 3575 1776 3627 φωνη-

195 3644 365 3698 τικῶν
389 3642 642 3713 ὀργάνων
673 3642 961 3714 προϊοῦσα,
989 3643 1127 3699 ἀλλὰ
1161 3647 1226 3716 τῇ
1252 3648 1350 3716 τῆς
1382 3647 1658 3716 ἐνεργείας
1688 3648 1778 3700 δυ-

194 3737 354 3808 νάμει
384 3734 790 3804 ἀκουτιζομένη
815 3750 830 3765 ⁶
861 3730 1022 3804 αἷμα,
1067 3737 1126 3789 τὸ
1160 3739 1516 3808 πατριαρχῶν
1555 3740 1654 3808 μὲν
1690 3742 1778 3794 αίι

194 3827 592 3898 δεστμώτερον,
629 3824 926 3895 προφητῶν
956 3825 1011 3878 δὲ
1050 3827 1514 3898 τιμαλφέστερον,
1557 3830 1653 3882 καὶ
1697 3830 1776 3883 δι-

196 3917 366 3973 καίων
401 3913 698 3986 ὁσιώτερον
722 3930 738 3945 ⁶
768 3914 892 3967 ἐπεὶ
922 3914 1018 3968 καὶ
1059 3917 1372 3969 ἀποστόλων
1405 3921 1776 3988 προφερέστε-

201 4027 310 4081 ρον,
349 4010 450 4065 καὶ
493 4007 796 4081 μαρτύρων
834 4009 1242 4080 εὐκλεέστερον,
1264 4010 1339 4075 ὠς
1370 4012 1397 4063 ὁ
1426 4011 1584 4079 λόγος
1627 4015 1777 4082 παρὰ

198 4101 290 4157 τοῦ
338 4099 802 4174 μεγάλου,Λόγου
838 4099 934 4172 τὴν
966 4101 1273 4171 μαρτυρίαν
1301 4103 1453 4172 φέρει
1476 4119 1488 4132 ⁶
1523 4097 1678 4172 αἷμα,
1713 4103 1775 4156 τὸ

201 4195 378 4266 πάσης
425 4192 802 4262 ἀνθοὸαφικῆς
841 4191 1093 4262 εὐχροίας
1136 4194 1491 4267 χαριέστερον
1539 4194 1773 4266 ὡραῒζον

198 4288 294 4357 τὴν
333 4285 429 4341 τοῦ
479 4283 719 4355 Χριστοῦ
763 4285 1112 4354 Ἐκκλησίαν,
1151 4286 1290 4352 ὑπὲρ
1345 4287 1557 4340 δικαίου
1601 4305 1772 4340 κενω-

201 4377 286 4431 θέν
320 4379 415 4431 ἐπὶ
460 4377 606 4429 τέλει
635 4375 727 4429 τοῦ
769 4374 1000 4430 παλαιοῦ
1051 4377 1240 4444 νόμου,
1276 4376 1493 4444 καὶτῆς
1523 4376 1766 4446 Χριστοῦ

201 4473 500 4542 παρουσίας
527 4469 863 4540 προεισόδιον
904 4468 1063 4530 ἄνθος
1099 4468 1386 4538 τυγχάνον.

264 4562 326 4617 δ’.
365 4562 508 4616 Ἀλλ’
554 4562 702 4622 ὅπως
745 4558 923 4621 τοῦτο,
979 4559 1074 4610 καὶ
1123 4558 1190 4610 δι’
1232 4553 1292 4612 οὗ
1351 4575 1512 4623 τινος,
1548 4559 1642 4611 καὶ
1681 4559 1765 4627 ἐφ’

200 4647 337 4729 ᾗπερ
375 4653 641 4708 ὑποθέσει
678 4651 998 4711 κεκένωται,
1050 4650 1457 4718 μεθαρμοστέος
1499 4654 1630 4719 ἡμῖν
1660 4651 1768 4704 ἀπὸ

201 4748 302 4799 τῶν
357 4745 522 4816 ιερῶν
571 4741 919 4810 Εὐαγγελίων
957 4739 1162 4808 ὁλόγος
1187 4756 1201 4770 ·
1252 4739 1314 4793 Ὀ
1337 4739 1449 4809 γὰρ
1492 4740 1766 4807 Ἡρώδης,

203 4838 352 4905 φησι,
382 4834 696 4906 κρατήσας
723 4835 829 4885 τὸν
870 4831 1161 4899 Ἰωάννην
1184 4831 1406 4897 ἔδησεν
1448 4833 1634 4886 αὑτὸν
1669 4833 1768 4887 καὶ

201 4925 359 4983 ἔθετο
382 4930 455 4982 ἐν
475 4922 724 4996 φυλακῇ
744 4924 840 4976 διὰ
885 4923 1210 4990 Ἡρωδιάδα
1237 4923 1354 4990 τὴν
1378 4923 1630 4992 γυναῖκα
1672 4927 1768 4976 Φι-

202 5018 422 5075 λίππου
449 5018 560 5073 τοῦ
599 5016 864 5084 ἀδελφοῦ
897 5015 1109 5069 αὑτοῦ.
1142 5017 1348 5085 Ἔλεγε
1393 5035 1501 5085 γαρ
1541 5015 1701 5081 αὐτῷ
1742 5019 1774 5071 ό

215 5107 520 5180 Ἰωάννης,
565 5111 688 5163 Οὐκ
719 5109 923 5172 ἔξεστί
959 5123 1058 5161 σοι
1086 5108 1248 5175 ἔχειν
1288 5110 1508 5175 αὐτήν·
1532 5111 1629 5162 καὶ
1679 5115 1772 5164 θέ-

205 5203 321 5253 λων
351 5204 541 5258 αὐτὸν
588 5201 958 5261 ἀποκτεῖναι,
1005 5201 1267 5267 ἐφοϐήθη
1311 5203 1420 5254 τὸν
1453 5201 1659 5269 ὄχλον,
1685 5201 1775 5254 ὅτι

205 5290 396 5363 ὥσπερ
416 5292 742 5364 προφήτην
774 5293 960 5344 αὑτὸν
1006 5288 1191 5360 εἶχον.
1243 5292 1464 5361 Πρῶτον
1505 5291 1772 5361 ζητείσθω

270 5405 312 5438 ⁸³
346 5407 540 5463 Matth.
576 5423 655 5471 XI,
690 5405 775 5460 18.
851 5405 1097 5460 “tt-.ittti.
1129 5422 1236 5469 xiv,
1269 5405 1300 5457 5
1337 5404 1389 5458 5.

272 5521 380 5597 (20)
411 5523 570 5597 Quod
631 5523 866 5597 Baptista
917 5527 1219 5582 exstinctus
1269 5527 1638 5597 prmdiraverit
1680 5528 1767 5581 de.

209 5593 371 5667 tentis
420 5594 565 5667 apud
627 5593 1181 5667 inl’eros__animabus_.
1226 5593 1493 5652 sententia
1542 5597 1762 5651 Patrum

213 5661 553 5738 aliquotfuit,
579 5678 774 5738 nempe
803 5663 1113 5738 _Hipp_ol3:ti,
1147 5665 1419 5738 Origenis,
1454 5679 1508 5721 et
1549 5669 1766 5723 Eusebii

211 5731 575 5799 Alexandrini.
619 5743 676 5789 ut
705 5736 756 5789 in
793 5731 983 5803 Spicil.
1018 5731 1173 5793 Rom.
1212 5731 1371 5803 tle,
1478 5738 1604 5805 685,
1631 5738 1770 5794 dixi-

1889 559 1920 598 a
1949 542 2221 613 Manasse,
2250 551 2342 620 qui
2368 552 2434 606 ad
2456 554 2850 613 idololatricum
2876 561 3081 617 cultum
3101 567 3465 626 concitaverat

1890 635 2250 694 insanientem
2285 641 2444 698 facile
2488 648 2891 720 volubilemque
2945 652 3220 724 lsraelem,
3259 663 3465 732 quique

1888 729 2232 797 propheticas
2260 734 2582 790 rvelationes
2605 738 2795 794 audire
2823 754 2930 796 non
2960 745 3284 802 sustinebat.
3312 729 3464 806 Talis

1887 819 2051 874 etiam
2089 821 2245 878 fortis
2279 822 2523 880 Eleazari
2549 843 2671 882 cum
2699 840 2906 901 septem
2940 835 3379 896 adolescentibus
3408 850 3463 897 et

1886 912 2054 966 divini
2103 915 2269 968 animi
2313 926 2516 987 matre,
2571 930 2791 979 sanctus
2843 940 3002 995 quem
3038 927 3342 988 Antiochus
3374 935 3461 990 di-

1889 1006 2060 1060 versis
2110 1007 2443 1065 cruciatibus
2497 1011 2685 1068 eﬂ‘udit
2732 1018 2994 1087 sanguis,
3032 1021 3161 1076 dum
3205 1034 3463 1080 constan-

1889 1098 2016 1152 tiam
2071 1100 2392 1154 invictorum
2447 1104 2727 1161 hominum
2782 1124 2880 1178 pro
2931 1110 3022 1166 Dei
3071 1114 3187 1184 lege
3239 1117 3464 1174 moleste

1887 1187 2012 1251 l'ert,
2051 1203 2189 1259 quos
2233 1190 2284 1243 in
2345 1191 2448 1246 lide
2497 1195 2723 1263 perfecit
2776 1201 2970 1254 mortis
3021 1203 3281 1272 sigillum.
3316 1207 3462 1264 Talis

1885 1279 2118 1350 denique
2149 1281 2423 1351 prophetae
2446 1283 2723 1342 Zachariae
2748 1301 2974 1347 sanctus
3018 1297 3262 1365 sanguis,
3297 1314 3460 1365 quem

1884 1381 2008 1427 ante
2023 1373 2194 1429 altare
2210 1389 2411 1431 vesano
2426 1374 2736 1434 Iudaeorum
2762 1384 3057 1441 crudelitas
3097 1389 3275 1458 gladio
3324 1391 3461 1447 etfu-

1882 1465 1980 1530 dit,
2018 1465 2143 1521 dum
2201 1469 2582 1526 vaticiniorum
2635 1475 2884 1531 notitiam
2917 1481 3107 1536 audire
3154 1497 3457 1542 recusaret.

1885 1557 1992 1614 Sed
2023 1575 2122 1616 cur
2149 1576 2237 1616 me
2265 1563 2419 1632 plura
2474 1580 2756 1620 recensere
2797 1581 3030 1638 Oportet,
3066 1586 3262 1643 praeter
3293 1594 3458 1647 quam

1883 1649 2208 1718 compendio
2251 1650 2434 1707 dicere
2459 1651 2526 1707 de
2549 1653 2943 1724 apostolorum,
2975 1662 3364 1730 prophetarum
3395 1678 3460 1718 ac

1885 1753 2182 1812 martyrum
2233 1751 2427 1798 sancto
2486 1749 2770 1817 sanguine,
2824 1764 2984 1820 quem
3043 1752 3254 1808 scelesti
3303 1755 3458 1810 multi

1887 1833 2174 1888 homicidae
2219 1833 2547 1903 effuderunt,
2578 1840 2735 1908 quasi
2791 1857 2944 1912 aqua:
2976 1845 3186 1914 copiam
3217 1847 3274 1901 in
3302 1857 3460 1904 terra:

1883 1925 2135 1990 circuitu,
2154 1926 2357 1997 quique
2371 1928 2664 1999 impietatis
2688 1935 3097 2006 exstinguenda;
3111 1938 3219 1992 vim
3236 1939 3460 1996 habuit?

1955 2082 2008 2137 5.
2049 2081 2194 2139 Talis
2225 2093 2309 2140 est
2341 2084 2700 2156 Baptizatoris
2737 2089 2938 2146 Christi
2990 2091 3461 2167 Praecursorisque

1883 2183 2106 2230 sanctus
2170 2178 2414 2246 sanguis,
2461 2178 2527 2233 de
2579 2195 2690 2249 quo
2735 2182 2896 2237 nobis
2933 2183 3022 2239 hic
3052 2185 3334 2241 institutus
3376 2197 3461 2243 est

1883 2281 2107 2327 sermo:
2144 2269 2236 2338 qui
2284 2269 2584 2325 exhaustus
2621 2270 2722 2325 fuit
2778 2281 2835 2327 ut
2858 2275 3152 2342 pretiosum
3214 2292 3458 2347 unguen-

1883 2368 1998 2413 tum
2031 2375 2093 2413 ex
2135 2375 2290 2415 sacra
2323 2362 2558 2424 cervice.
2596 2371 2652 2417 et
2681 2371 2947 2420 terrarum
2973 2367 3160 2422 orbem
3193 2370 3461 2424 suavitate

1882 2447 2120 2517 perfudit
2153 2466 2165 2502 :
2199 2451 2444 2521 sanguis,
2473 2467 2633 2521 quem
2665 2469 2774 2508 non
2803 2455 3011 2510 ventris
3044 2457 3293 2527 voluptas
3325 2461 3459 2514 adu-

1883 2542 2049 2605 navit,
2087 2555 2193 2594 non
2251 2542 2362 2597 vini
2422 2545 2680 2613 sumptio,
2717 2562 2824 2601 non
2889 2549 3136 2602 carnium
3164 2565 3315 2614 esus,
3347 2567 3456 2605 non

1883 2632 2027 2685 aliud
2086 2633 2383 2703 quidquam
2426 2634 2808 2704 pinguel‘acere
2854 2638 3076 2693 solitum
3122 2649 3178 2695 et
3212 2656 3458 2696 commo-

1885 2725 2126 2779 tionibus
2186 2725 2388 2780 nostris
2423 2726 2703 2793 blandiri;
2739 2729 2833 2782 sed
2890 2746 3052 2800 quem
3116 2732 3185 2786 ab
3227 2732 3457 2789 incuna-

1882 2815 2024 2870 bulis
2056 2831 2226 2885 usque
2258 2818 2325 2872 ad
2356 2818 2479 2872 vita!
2532 2820 2693 2876 linem
2725 2821 3069 2878 abstinentia:
3113 2824 3283 2895 gratia
3321 2840 3456 2882 oon-

1882 2906 2051 2963 fecit:
2087 2905 2238 2962 Venit
2287 2910 2446 2973 enim,
2494 2910 2771 2978 Scriptura
2807 2913 3001 2982 inquit,
3029 2914 3262 2971 Joannes
3298 2933 3458 2986 neque

1883 2997 2210 3052 manducans
2245 3011 2406 3068 neque
2460 2999 2635 3054 bibens
2659 3001 2704 3032 ⁸³
2734 3020 2747 3056 :
2776 3005 3022 3073 sanguis,
3061 3007 3154 3075 qui
3190 3005 3457 3064 Dominici

1885 3091 2208 3145 immortalis
2241 3093 2421 3160 poculi
2447 3091 2700 3147 ollusioni
2729 3096 2960 3164 praeivit.
2993 3095 3287 3165 Oportebat
3308 3101 3454 3153 enim

1883 3182 2021 3237 lucis
2073 3178 2487 3252 pra-cursorem,
2549 3193 2839 3253 postquam
2890 3187 3169 3257 splendida
3231 3203 3357 3243 sua.
3389 3190 3457 3244 de

1878 3273 2046 3329 sterili
2083 3282 2256 3327 matre
2307 3275 2585 3330 nativitate
2617 3285 2773 3331 teme
2802 3289 3148 3346 apparuerat,
3177 3280 3456 3335 subterra-

1878 3367 1994 3420 neis
2020 3380 2242 3436 quoque
2290 3365 2425 3422 locis
2477 3382 2572 3437 per
2598 3378 2826 3422 mortem
2862 3383 3016 3424 suam
3050 3370 3456 3440 praedicatorem

1877 3455 2147 3512 illustrem
2208 3457 2346 3511 ﬁeri.
2409 3457 2666 3529 Sanguis,
2701 3459 2796 3528 qui
2845 3461 3018 3515 multo
3080 3461 3256 3531 magis
3286 3476 3454 3533 quam

1876 3549 2060 3603 Abelis
2121 3549 2320 3613 caedes,
2355 3548 2423 3604 ad
2467 3564 2629 3604 aures
2666 3549 2879 3606 Domini
2933 3551 3172 3606 Sabaoth
3208 3554 3455 3612 clamat:

1876 3656 2002 3695 nam
2040 3641 2282 3710 peractio
2317 3641 2520 3710 operis,
2555 3642 2800 3713 mysticae
2859 3642 3148 3712 cujusdam
3185 3645 3335 3698 vocis
3367 3654 3453 3699 est

1877 3733 2211 3795 resonantia,
2252 3747 2360 3786 non
2404 3747 2498 3800 per
2523 3733 2731 3786 vocalia
2781 3748 2983 3802 organa
3037 3734 3314 3802 prodiens,
3357 3736 3454 3790 sed

1874 3825 1946 3880 ob
1983 3837 2097 3880 suae
2141 3823 2391 3878 ellicacize
2439 3825 2693 3878 virtutem
2726 3825 2934 3882 audita.
2965 3823 3198 3894 Sanguis
3225 3830 3458 3896 patriar-

1875 3915 1994 3970 chis
2025 3914 2422 3978 venerabilior,
2483 3915 2764 3985 prophetis
2820 3915 3232 3982 honorabilior,
3289 3916 3456 3987 justis

1875 4007 2114 4061 sanctior
2140 4025 2154 4060 :
2190 4021 2311 4060 nam
2349 4015 2402 4061 et
2433 4008 2690 4075 apostolis
2747 4009 3091 4075 praestantior
3113 4017 3216 4074 est,
3236 4018 3290 4063 et
3312 4024 3458 4062 mar-

1876 4099 2086 4170 tyribus
2138 4099 2392 4165 nobilior,
2425 4109 2483 4153 ut
2514 4099 2692 4164 magni
2725 4098 2888 4153 Verbi
2923 4100 3148 4154 verbum
3189 4106 3444 4157 testatur.

1875 4195 2107 4264 Sanguis
2145 4193 2387 4263 qualibet
2421 4193 2628 4248 coloria
2687 4193 2923 4248 tinctura
2979 4193 3200 4264 gratior,
3231 4190 3441 4246 Christi

1879 4284 2180 4339 Ecclesiam
2238 4294 2555 4346 venustans,
2602 4298 2700 4353 pro
2748 4282 2962 4352 justitia
3012 4283 3312 4336 exhaustus
3343 4282 3449 4335 sub

1876 4375 2076 4429 veteris
2137 4373 2270 4443 legis
2304 4372 2487 4436 linem,
2515 4383 2569 4427 et
2617 4371 2818 4427 Christi
2852 4371 3187 4427 advenientis
3235 4373 3452 4441 ingres-

1805 4481 1845 4532 ι)
1875 4482 1995 4522 sum
2027 4466 2176 4520 ﬂoris
2221 4466 2392 4518 instar
2414 4479 2717 4518 exornans.

1946 4561 1999 4613 4.
2039 4559 2142 4612 Sed
2174 4557 2284 4626 jam
2313 4556 2589 4625 quomodo
2615 4556 2703 4608 hic
2730 4555 2974 4623 sanguis,
3001 4563 3054 4607 et
3074 4554 3232 4624 cujus
3259 4568 3450 4622 opera,

1871 4662 1922 4706 et
1947 4666 2112 4720 quant
2174 4650 2244 4703 ob
2274 4663 2496 4702 causam
2555 4648 2851 4701 exhaustus
2899 4645 3083 4710 fuerit,
3129 4646 3444 4715 explanabit

1873 4752 2056 4794 nostra
2077 4741 2142 4793 de
2159 4738 2332 4792 sacris
2349 4735 2657 4806 Evangeliis
2681 4736 2908 4789 deducta
2937 4734 3132 4789 oratio.
3164 4754 3182 4786 ι
3215 4733 3450 4791 Herodes

1871 4837 2037 4894 enim,
2078 4831 2254 4899 inquit
2278 4828 2578 4898 Scriptura,
2621 4829 2782 4881 tenuit
2824 4826 3104 4889 Joannem,
3129 4836 3177 4880 et
3207 4827 3450 4896 alligavit

1872 4940 1990 4977 eum
2027 4963 2042 4987 ,
2073 4931 2122 4974 et
2154 4920 2326 4987 posuit
2348 4920 2404 4972 in
2434 4934 2640 4972 carcere
2691 4927 2900 4986 propter
2931 4916 3286 4970 Herodiadem
3319 4932 3449 4970 uxo-

1879 5032 1986 5068 rem
2013 5013 2246 5081 Philippi
2281 5011 2465 5079 fratris
2516 5011 2620 5064 sui.
2663 5009 2874 5063 Dicebat
2900 5012 3036 5062 enim
3064 5008 3148 5061 illi
3178 5005 3448 5063 Joannes:

1875 5107 1995 5160 Non
2028 5106 2144 5157 licet
2197 5102 2289 5155 tibi
2312 5118 2426 5156 eam
2457 5103 2687 5156 habere:
2716 5111 2763 5154 et
2797 5101 2968 5153 volens
2997 5099 3150 5153 illum
3192 5099 3446 5163 occidere,

1876 5201 2048 5253 timuit
2069 5197 2340 5266 populum,
2363 5198 2482 5265 quia
2496 5197 2630 5248 sicut
2651 5195 2952 5262 proyrltetam
2975 5207 3092 5245 eum
3107 5189 3361 5244 habebant
3376 5189 3444 5246 ⁸⁵.

1876 5289 2160 5357 ρυκηιιυτ
2187 5286 2420 5357 primum
2439 5285 2562 5354 quis
2590 5285 2690 5338 iste
2718 5283 2975 5346 Herodes,
3011 5281 3216 5336 etenim
3250 5281 3444 5334 homo-

1873 5542 1996 5582 mus
2031 5544 2046 5592 ;
2088 5524 2289 5594 quibus
2313 5522 2591 5597 addendus
2618 5527 2921 5597 cstauctor
2971 5523 3232 5597 tractatus
3263 5515 3339 5597 pe
3375 5532 3448 5597 re-

1874 5585 2238 5650 nittneraiiorte
2292 5594 2473 5671 statim
2514 5603 2635 5661 post
2667 5590 2882 5671 obitum
2927 5585 3445 5671 animabus‘danda,

1875 5670 2001 5721 item
2039 5665 2181 5734 apud
2218 5679 2315 5717 nos
2346 5655 2540 5731 Script'.
2592 5675 2690 5715 vet.
2721 5671 2758 5712 t.
2795 5655 2907 5723 VII,
2951 5672 3005 5726 p.
3035 5657 3164 5722 266,
3197 5665 3252 5710 ct
3299 5671 3447 5712 nunc

1883 5733 2116 5806 denique
2159 5733 2497 5788 Theodorus.
