  <div class='ocr_page' id='page_1' title='image "/cluster/home/n/w/nwhite01/storage/ocr_20150623/99/pst.000005714063/433.png"; bbox 0 0 4018 6304; ppageno 0'>
   <div class='ocr_carea' id='block_1_1' title="bbox 568 343 674 407">
    <p class='ocr_par' dir='ltr' id='par_1_1' title="bbox 568 343 674 407">
     <span class='ocr_line' id='line_1_1' title="bbox 568 343 674 407; baseline 0.019 -2"><span class='ocrx_word' id='word_1_1' title='bbox 568 343 674 407; x_wconf 84' lang='grc'><strong>’163</strong></span> 
     </span>
    </p>
   </div>
   <div class='ocr_carea' id='block_1_2' title="bbox 1749 348 2626 417">
    <p class='ocr_par' dir='ltr' id='par_1_2' title="bbox 1749 348 2626 417">
     <span class='ocr_line' id='line_1_2' title="bbox 1749 348 2626 417; baseline 0.01 -9"><span class='ocrx_word' id='word_1_2' title='bbox 1749 348 1806 408; x_wconf 89' lang='lat' dir='ltr'><strong>S.</strong></span> <span class='ocrx_word' id='word_1_3' title='bbox 1844 349 2234 415; x_wconf 77' lang='lat' dir='ltr'><strong>THEODORI</strong></span> <span class='ocrx_word' id='word_1_4' title='bbox 2283 355 2626 417; x_wconf 63' lang='lat' dir='ltr'>STUDszE</span> 
     </span>
    </p>
   </div>
   <div class='ocr_carea' id='block_1_3' title="bbox 3702 347 3810 412">
    <p class='ocr_par' dir='ltr' id='par_1_3' title="bbox 3702 347 3810 412">
     <span class='ocr_line' id='line_1_3' title="bbox 3702 347 3810 412; baseline 0 0"><span class='ocrx_word' id='word_1_5' title='bbox 3702 347 3810 412; x_wconf 66' lang='grc'><strong>764</strong></span> 
     </span>
    </p>
   </div>
   <div class='ocr_carea' id='block_1_4' title="bbox 573 455 2136 536">
    <p class='ocr_par' dir='ltr' id='par_1_4' title="bbox 573 455 2136 532">
     <span class='ocr_line' id='line_1_4' title="bbox 573 455 2136 532; baseline 0.004 -22"><span class='ocrx_word' id='word_1_6' title='bbox 573 455 751 526; x_wconf 86' lang='lat' dir='ltr'><strong>nymia</strong></span> <span class='ocrx_word' id='word_1_7' title='bbox 785 455 1191 528; x_wconf 74' lang='lat' dir='ltr'><strong>ambiguitatem</strong></span> <span class='ocrx_word' id='word_1_8' title='bbox 1242 456 1448 512; x_wconf 76' lang='lat' dir='ltr'><strong>inducit</strong></span> <span class='ocrx_word' id='word_1_9' title='bbox 1505 458 1801 528; x_wconf 86' lang='lat' dir='ltr'><strong>quominus</strong></span> <span class='ocrx_word' id='word_1_10' title='bbox 1850 476 1974 516; x_wconf 84' lang='lat' dir='ltr'><strong>vera</strong></span> <span class='ocrx_word' id='word_1_11' title='bbox 2023 477 2136 532; x_wconf 89' lang='lat' dir='ltr'><strong>per-</strong></span> 
     </span>
    </p>
   </div>
   <div class='ocr_carea' id='block_1_5' title="bbox 2241 455 3808 536">
    <p class='ocr_par' dir='ltr' id='par_1_5' title="bbox 2243 460 3808 536">
     <span class='ocr_line' id='line_1_5' title="bbox 2243 460 3808 536; baseline -0.001 -20"><span class='ocrx_word' id='word_1_12' title='bbox 2243 465 2329 528; x_wconf 90' lang='grc' dir='ltr'><strong>τίς</strong></span> <span class='ocrx_word' id='word_1_13' title='bbox 2365 460 2518 530; x_wconf 79' lang='grc' dir='ltr'>οὗτος</span> <span class='ocrx_word' id='word_1_14' title='bbox 2551 467 2580 518; x_wconf 99' lang='lat'><strong>6</strong></span> <span class='ocrx_word' id='word_1_15' title='bbox 2625 465 2887 536; x_wconf 81' lang='grc' dir='ltr'><strong>Ἡρώδης,</strong></span> <span class='ocrx_word' id='word_1_16' title='bbox 2933 464 3030 536; x_wconf 74' lang='grc' dir='ltr'><strong>τῆς</strong></span> <span class='ocrx_word' id='word_1_17' title='bbox 3063 465 3387 535; x_wconf 81' lang='grc' dir='ltr'><strong>ὁμωνυμίας</strong></span> <span class='ocrx_word' id='word_1_18' title='bbox 3415 463 3689 532; x_wconf 77' lang='grc' dir='ltr'>ἀσάφειαν</span> <span class='ocrx_word' id='word_1_19' title='bbox 3710 463 3808 531; x_wconf 70' lang='grc' dir='ltr'><strong>ἒμ-</strong></span> 
     </span>
    </p>
   </div>
   <div class='ocr_carea' id='block_1_6' title="bbox 571 546 2136 617">
    <p class='ocr_par' dir='ltr' id='par_1_6' title="bbox 571 546 2136 617">
     <span class='ocr_line' id='line_1_6' title="bbox 571 546 2136 617; baseline 0.004 -16"><span class='ocrx_word' id='word_1_20' title='bbox 571 562 705 601; x_wconf 86' lang='lat' dir='ltr'><strong>soua</strong></span> <span class='ocrx_word' id='word_1_21' title='bbox 733 546 1102 617; x_wconf 87' lang='lat' dir='ltr'><strong>dignoseatur.</strong></span> <span class='ocrx_word' id='word_1_22' title='bbox 1139 546 1403 603; x_wconf 85' lang='lat' dir='ltr'><strong>Nimirum</strong></span> <span class='ocrx_word' id='word_1_23' title='bbox 1435 559 1519 605; x_wconf 85' lang='lat' dir='ltr'><strong>est</strong></span> <span class='ocrx_word' id='word_1_24' title='bbox 1543 548 1631 603; x_wconf 82' lang='lat' dir='ltr'><strong>hic</strong></span> <span class='ocrx_word' id='word_1_25' title='bbox 1658 551 1947 606; x_wconf 89' lang='lat' dir='ltr'><strong>tetrarcha.</strong></span> <span class='ocrx_word' id='word_1_26' title='bbox 1977 551 2136 607; x_wconf 81' lang='lat' dir='ltr'><strong>Nam-</strong></span> 
     </span>
    </p>
   </div>
   <div class='ocr_carea' id='block_1_7' title="bbox 569 638 2141 708">
    <p class='ocr_par' dir='ltr' id='par_1_7' title="bbox 569 638 2141 708">
     <span class='ocr_line' id='line_1_7' title="bbox 569 638 2141 708; baseline 0.006 -18"><span class='ocrx_word' id='word_1_27' title='bbox 569 651 676 707; x_wconf 81' lang='lat' dir='ltr'><strong>que</strong></span> <span class='ocrx_word' id='word_1_28' title='bbox 722 638 883 702; x_wconf 87' lang='lat' dir='ltr'><strong>hujus</strong></span> <span class='ocrx_word' id='word_1_29' title='bbox 915 648 1067 707; x_wconf 83' lang='lat' dir='ltr'><strong>pater</strong></span> <span class='ocrx_word' id='word_1_30' title='bbox 1101 641 1191 708; x_wconf 90' lang='lat' dir='ltr'><strong>qui</strong></span> <span class='ocrx_word' id='word_1_31' title='bbox 1228 638 1459 695; x_wconf 82' lang='lat' dir='ltr'><strong>infantes</strong></span> <span class='ocrx_word' id='word_1_32' title='bbox 1506 641 1799 704; x_wconf 87' lang='lat' dir='ltr'><strong>interemit,</strong></span> <span class='ocrx_word' id='word_1_33' title='bbox 1823 643 1988 697; x_wconf 89' lang='lat' dir='ltr'><strong>multo</strong></span> <span class='ocrx_word' id='word_1_34' title='bbox 2016 653 2141 700; x_wconf 87' lang='lat' dir='ltr'><strong>ante</strong></span> 
     </span>
    </p>
   </div>
   <div class='ocr_carea' id='block_1_8' title="bbox 570 714 2143 801">
    <p class='ocr_par' dir='ltr' id='par_1_8' title="bbox 570 714 2143 801">
     <span class='ocr_line' id='line_1_8' title="bbox 570 714 2143 801; baseline 0.003 -17"><span class='ocrx_word' id='word_1_35' title='bbox 570 729 798 784; x_wconf 89' lang='lat' dir='ltr'><strong>obierat.</strong></span> <span class='ocrx_word' id='word_1_36' title='bbox 830 730 940 783; x_wconf 88' lang='lat' dir='ltr'><strong>Cur</strong></span> <span class='ocrx_word' id='word_1_37' title='bbox 977 730 1065 784; x_wconf 93' lang='lat' dir='ltr'><strong>hic</strong></span> <span class='ocrx_word' id='word_1_38' title='bbox 1089 740 1268 785; x_wconf 88' lang='lat' dir='ltr'><strong>autem</strong></span> <span class='ocrx_word' id='word_1_39' title='bbox 1296 747 1325 784; x_wconf 91' lang='lat' dir='ltr'><strong>a</strong></span> <span class='ocrx_word' id='word_1_40' title='bbox 1356 729 1567 786; x_wconf 80' lang='lat' dir='ltr'><strong>Joanne</strong></span> <span class='ocrx_word' id='word_1_41' title='bbox 1615 714 2143 801; x_wconf 69' lang='lat' dir='ltr'><strong>reprehendebatur?</strong></span> 
     </span>
    </p>
   </div>
   <div class='ocr_carea' id='block_1_9' title="bbox 569 818 2142 891">
    <p class='ocr_par' dir='ltr' id='par_1_9' title="bbox 569 818 2142 891">
     <span class='ocr_line' id='line_1_9' title="bbox 569 818 2142 891; baseline 0.003 -19"><span class='ocrx_word' id='word_1_42' title='bbox 569 818 718 889; x_wconf 83' lang='lat' dir='ltr'><strong>quia,</strong></span> <span class='ocrx_word' id='word_1_43' title='bbox 751 819 987 889; x_wconf 89' lang='lat' dir='ltr'><strong>legitima</strong></span> <span class='ocrx_word' id='word_1_44' title='bbox 1015 820 1186 889; x_wconf 90' lang='lat' dir='ltr'><strong>ejecta</strong></span> <span class='ocrx_word' id='word_1_45' title='bbox 1210 820 1460 891; x_wconf 78' lang='lat' dir='ltr'><strong>conjuge,</strong></span> <span class='ocrx_word' id='word_1_46' title='bbox 1488 821 1664 874; x_wconf 63' lang='lat' dir='ltr'><strong>Arche</strong></span> <span class='ocrx_word' id='word_1_47' title='bbox 1693 821 1835 891; x_wconf 89' lang='lat' dir='ltr'><strong>regis</strong></span> <span class='ocrx_word' id='word_1_48' title='bbox 1854 821 1978 886; x_wconf 82' lang='lat' dir='ltr'><strong>lilia,</strong></span> <span class='ocrx_word' id='word_1_49' title='bbox 2013 820 2142 876; x_wconf 85' lang='lat' dir='ltr'><strong>Phi-</strong></span> 
     </span>
    </p>
   </div>
   <div class='ocr_carea' id='block_1_10' title="bbox 569 907 2142 978">
    <p class='ocr_par' dir='ltr' id='par_1_10' title="bbox 569 907 2142 978">
     <span class='ocr_line' id='line_1_10' title="bbox 569 907 2142 978; baseline 0.004 -16"><span class='ocrx_word' id='word_1_50' title='bbox 569 908 698 978; x_wconf 91' lang='lat' dir='ltr'><strong>lippi</strong></span> <span class='ocrx_word' id='word_1_51' title='bbox 761 907 944 964; x_wconf 81' lang='lat' dir='ltr'><strong>fratris</strong></span> <span class='ocrx_word' id='word_1_52' title='bbox 1006 925 1230 965; x_wconf 90' lang='lat' dir='ltr'><strong>uxorem</strong></span> <span class='ocrx_word' id='word_1_53' title='bbox 1265 911 1620 966; x_wconf 86' lang='lat' dir='ltr'><strong>Herodiadem</strong></span> <span class='ocrx_word' id='word_1_54' title='bbox 1650 913 1753 967; x_wconf 83' lang='lat' dir='ltr'><strong>sibi</strong></span> <span class='ocrx_word' id='word_1_55' title='bbox 1809 923 1998 968; x_wconf 88' lang='lat' dir='ltr'><strong>contra</strong></span> <span class='ocrx_word' id='word_1_56' title='bbox 2061 914 2142 970; x_wconf 84' lang='lat' dir='ltr'><strong>l&#39;as</strong></span> 
     </span>
    </p>
   </div>
   <div class='ocr_carea' id='block_1_11' title="bbox 571 1000 2142 1073">
    <p class='ocr_par' dir='ltr' id='par_1_11' title="bbox 571 1000 2142 1073">
     <span class='ocr_line' id='line_1_11' title="bbox 571 1000 2142 1073; baseline 0.004 -20"><span class='ocrx_word' id='word_1_57' title='bbox 571 1000 1008 1068; x_wconf 83' lang='lat' dir='ltr'><strong>desponsaverat.</strong></span> <span class='ocrx_word' id='word_1_58' title='bbox 1077 1000 1346 1057; x_wconf 86' lang='lat' dir='ltr'><strong>Licuisset</strong></span> <span class='ocrx_word' id='word_1_59' title='bbox 1398 1002 1446 1056; x_wconf 89' lang='lat' dir='ltr'><strong>ei</strong></span> <span class='ocrx_word' id='word_1_60' title='bbox 1487 1003 1674 1073; x_wconf 90' lang='lat' dir='ltr'><strong>utique</strong></span> <span class='ocrx_word' id='word_1_61' title='bbox 1721 1003 2015 1058; x_wconf 87' lang='lat' dir='ltr'><strong>liberorum</strong></span> <span class='ocrx_word' id='word_1_62' title='bbox 2048 1020 2142 1059; x_wconf 86' lang='lat' dir='ltr'><strong>ex-</strong></span> 
     </span>
    </p>
   </div>
   <div class='ocr_carea' id='block_1_12' title="bbox 571 1091 2141 1164">
    <p class='ocr_par' dir='ltr' id='par_1_12' title="bbox 571 1091 2141 1164">
     <span class='ocr_line' id='line_1_12' title="bbox 571 1091 2141 1164; baseline 0.005 -21"><span class='ocrx_word' id='word_1_63' title='bbox 571 1101 774 1160; x_wconf 86' lang='lat' dir='ltr'><strong>pertem</strong></span> <span class='ocrx_word' id='word_1_64' title='bbox 811 1091 1006 1147; x_wconf 84' lang='lat' dir='ltr'><strong>ducere</strong></span> <span class='ocrx_word' id='word_1_65' title='bbox 1041 1093 1096 1147; x_wconf 94' lang='lat' dir='ltr'><strong>in</strong></span> <span class='ocrx_word' id='word_1_66' title='bbox 1138 1095 1452 1164; x_wconf 90' lang='lat' dir='ltr'><strong>conjugium</strong></span> <span class='ocrx_word' id='word_1_67' title='bbox 1513 1095 1584 1150; x_wconf 92' lang='lat' dir='ltr'><strong>ob</strong></span> <span class='ocrx_word' id='word_1_68' title='bbox 1623 1095 1998 1150; x_wconf 87' lang='lat' dir='ltr'><strong>suscitandum</strong></span> <span class='ocrx_word' id='word_1_69' title='bbox 2033 1095 2141 1152; x_wconf 78' lang='lat' dir='ltr'><strong>fra-</strong></span> 
     </span>
    </p>
   </div>
   <div class='ocr_carea' id='block_1_13' title="bbox 573 1181 2140 1254">
    <p class='ocr_par' dir='ltr' id='par_1_13' title="bbox 573 1181 2140 1254">
     <span class='ocr_line' id='line_1_13' title="bbox 573 1181 2140 1254; baseline 0.004 -20"><span class='ocrx_word' id='word_1_70' title='bbox 573 1181 639 1234; x_wconf 90' lang='lat' dir='ltr'><strong>tri</strong></span> <span class='ocrx_word' id='word_1_71' title='bbox 676 1195 884 1244; x_wconf 85' lang='lat' dir='ltr'><strong>semen,</strong></span> <span class='ocrx_word' id='word_1_72' title='bbox 907 1183 1062 1251; x_wconf 83' lang='lat' dir='ltr'><strong>juxta</strong></span> <span class='ocrx_word' id='word_1_73' title='bbox 1113 1183 1402 1239; x_wconf 79' lang='lat' dir='ltr'><strong>Mosaicam</strong></span> <span class='ocrx_word' id='word_1_74' title='bbox 1457 1185 1631 1254; x_wconf 88' lang='lat' dir='ltr'><strong>legem</strong></span> <span class='ocrx_word' id='word_1_75' title='bbox 1675 1202 1689 1250; x_wconf 92' lang='lat'><strong>;</strong></span> <span class='ocrx_word' id='word_1_76' title='bbox 1721 1185 1816 1239; x_wconf 87' lang='lat' dir='ltr'><strong>sed</strong></span> <span class='ocrx_word' id='word_1_77' title='bbox 1847 1184 2140 1241; x_wconf 87' lang='lat' dir='ltr'><strong>liberorum</strong></span> 
     </span>
    </p>
   </div>
   <div class='ocr_carea' id='block_1_14' title="bbox 566 1272 2139 1344">
    <p class='ocr_par' dir='ltr' id='par_1_14' title="bbox 566 1272 2139 1344">
     <span class='ocr_line' id='line_1_14' title="bbox 566 1272 2139 1344; baseline 0.004 -18"><span class='ocrx_word' id='word_1_78' title='bbox 566 1272 678 1341; x_wconf 89' lang='lat' dir='ltr'><strong>jam</strong></span> <span class='ocrx_word' id='word_1_79' title='bbox 739 1283 964 1329; x_wconf 83' lang='lat' dir='ltr'><strong>matrem</strong></span> <span class='ocrx_word' id='word_1_80' title='bbox 1001 1291 1107 1330; x_wconf 91' lang='lat' dir='ltr'><strong>non</strong></span> <span class='ocrx_word' id='word_1_81' title='bbox 1164 1275 1406 1331; x_wconf 88' lang='lat' dir='ltr'><strong>licebat:</strong></span> <span class='ocrx_word' id='word_1_82' title='bbox 1441 1290 1605 1344; x_wconf 90' lang='lat' dir='ltr'><strong>porro</strong></span> <span class='ocrx_word' id='word_1_83' title='bbox 1635 1284 1753 1330; x_wconf 86' lang='lat' dir='ltr'><strong>erat</strong></span> <span class='ocrx_word' id='word_1_84' title='bbox 1809 1278 1933 1332; x_wconf 89' lang='lat' dir='ltr'><strong>huic</strong></span> <span class='ocrx_word' id='word_1_85' title='bbox 1977 1278 2139 1333; x_wconf 79' lang='lat' dir='ltr'><strong>filiola</strong></span> 
     </span>
    </p>
   </div>
   <div class='ocr_carea' id='block_1_15' title="bbox 570 1362 2137 1436">
    <p class='ocr_par' dir='ltr' id='par_1_15' title="bbox 570 1362 2137 1436">
     <span class='ocr_line' id='line_1_15' title="bbox 570 1362 2137 1436; baseline 0.004 -20"><span class='ocrx_word' id='word_1_86' title='bbox 570 1363 901 1434; x_wconf 85' lang='lat' dir='ltr'><strong>homonyma</strong></span> <span class='ocrx_word' id='word_1_87' title='bbox 976 1362 1263 1429; x_wconf 84' lang='lat' dir='ltr'><strong>Herodias,</strong></span> <span class='ocrx_word' id='word_1_88' title='bbox 1320 1365 1524 1436; x_wconf 87' lang='lat' dir='ltr'><strong>aspidis</strong></span> <span class='ocrx_word' id='word_1_89' title='bbox 1583 1366 1759 1430; x_wconf 83' lang='lat' dir='ltr'><strong>fetus,</strong></span> <span class='ocrx_word' id='word_1_90' title='bbox 1811 1367 2137 1424; x_wconf 90' lang='lat' dir='ltr'><strong>diabolicum</strong></span> 
     </span>
    </p>
   </div>
   <div class='ocr_carea' id='block_1_16' title="bbox 570 1453 2139 1528">
    <p class='ocr_par' dir='ltr' id='par_1_16' title="bbox 570 1453 2139 1528">
     <span class='ocr_line' id='line_1_16' title="bbox 570 1453 2139 1528; baseline 0.006 -23"><span class='ocrx_word' id='word_1_91' title='bbox 570 1453 886 1523; x_wconf 78' lang='lat' dir='ltr'><strong>perditionis</strong></span> <span class='ocrx_word' id='word_1_92' title='bbox 941 1471 1054 1510; x_wconf 71' lang='lat' dir='ltr'><strong>sua:</strong></span> <span class='ocrx_word' id='word_1_93' title='bbox 1114 1456 1556 1510; x_wconf 85' lang='lat' dir='ltr'><strong>instrumentum.</strong></span> <span class='ocrx_word' id='word_1_94' title='bbox 1618 1455 1766 1511; x_wconf 90' lang='lat' dir='ltr'><strong>Justa</strong></span> <span class='ocrx_word' id='word_1_95' title='bbox 1821 1458 1983 1528; x_wconf 78' lang='lat' dir='ltr'><strong>igitur</strong></span> <span class='ocrx_word' id='word_1_96' title='bbox 2043 1461 2139 1514; x_wconf 88' lang='lat' dir='ltr'><strong>abs</strong></span> 
     </span>
    </p>
   </div>
   <div class='ocr_carea' id='block_1_17' title="bbox 569 1543 2136 1616">
    <p class='ocr_par' dir='ltr' id='par_1_17' title="bbox 569 1543 2136 1616">
     <span class='ocr_line' id='line_1_17' title="bbox 569 1543 2136 1616; baseline 0.003 -17"><span class='ocrx_word' id='word_1_97' title='bbox 569 1543 776 1600; x_wconf 82' lang='lat' dir='ltr'><strong>Joanne</strong></span> <span class='ocrx_word' id='word_1_98' title='bbox 796 1547 1141 1616; x_wconf 87' lang='lat' dir='ltr'><strong>reprehensio</strong></span> <span class='ocrx_word' id='word_1_99' title='bbox 1169 1547 1366 1611; x_wconf 78' lang='lat' dir='ltr'><strong>fiebat;</strong></span> <span class='ocrx_word' id='word_1_100' title='bbox 1396 1556 1447 1603; x_wconf 84' lang='lat' dir='ltr'><strong>et</strong></span> <span class='ocrx_word' id='word_1_101' title='bbox 1473 1546 1687 1616; x_wconf 87' lang='lat' dir='ltr'><strong>quidem</strong></span> <span class='ocrx_word' id='word_1_102' title='bbox 1717 1551 2005 1603; x_wconf 90' lang='lat' dir='ltr'><strong>monitoria</strong></span> <span class='ocrx_word' id='word_1_103' title='bbox 2033 1565 2136 1603; x_wconf 94' lang='lat' dir='ltr'><strong>non</strong></span> 
     </span>
    </p>
   </div>
   <div class='ocr_carea' id='block_1_18' title="bbox 571 1635 2136 1702">
    <p class='ocr_par' dir='ltr' id='par_1_18' title="bbox 571 1635 2136 1702">
     <span class='ocr_line' id='line_1_18' title="bbox 571 1635 2136 1702; baseline 0.001 -12"><span class='ocrx_word' id='word_1_104' title='bbox 571 1636 983 1700; x_wconf 86' lang='lat' dir='ltr'><strong>contumeliosa,</strong></span> <span class='ocrx_word' id='word_1_105' title='bbox 1020 1636 1355 1690; x_wconf 89' lang='lat' dir='ltr'><strong>medicinalis</strong></span> <span class='ocrx_word' id='word_1_106' title='bbox 1384 1651 1490 1691; x_wconf 87' lang='lat' dir='ltr'><strong>non</strong></span> <span class='ocrx_word' id='word_1_107' title='bbox 1519 1635 1793 1691; x_wconf 77' lang='lat' dir='ltr'><strong>vulniﬁca.</strong></span> <span class='ocrx_word' id='word_1_108' title='bbox 1824 1635 1963 1702; x_wconf 86' lang='lat' dir='ltr'><strong>Quid</strong></span> <span class='ocrx_word' id='word_1_109' title='bbox 1994 1638 2136 1691; x_wconf 86' lang='lat' dir='ltr'><strong>enim</strong></span> 
     </span>
    </p>
   </div>
   <div class='ocr_carea' id='block_1_19' title="bbox 572 1725 2134 1799">
    <p class='ocr_par' dir='ltr' id='par_1_19' title="bbox 572 1725 2134 1799">
     <span class='ocr_line' id='line_1_19' title="bbox 572 1725 2134 1799; baseline 0.001 -18"><span class='ocrx_word' id='word_1_110' title='bbox 572 1726 786 1781; x_wconf 81' lang='lat' dir='ltr'><strong>aiebat?</strong></span> <span class='ocrx_word' id='word_1_111' title='bbox 819 1725 938 1781; x_wconf 84' lang='lat' dir='ltr'><strong>Non</strong></span> <span class='ocrx_word' id='word_1_112' title='bbox 973 1727 1091 1780; x_wconf 86' lang='lat' dir='ltr'><strong>licet</strong></span> <span class='ocrx_word' id='word_1_113' title='bbox 1120 1726 1212 1780; x_wconf 86' lang='lat' dir='ltr'><strong>tibi</strong></span> <span class='ocrx_word' id='word_1_114' title='bbox 1238 1743 1353 1780; x_wconf 89' lang='lat' dir='ltr'><strong>eam</strong></span> <span class='ocrx_word' id='word_1_115' title='bbox 1385 1726 1570 1781; x_wconf 83' lang='lat' dir='ltr'><strong>habere</strong></span> <span class='ocrx_word' id='word_1_116' title='bbox 1603 1745 1622 1792; x_wconf 88' lang='lat'><em>;</em></span> <span class='ocrx_word' id='word_1_117' title='bbox 1652 1737 1812 1795; x_wconf 85' lang='lat' dir='ltr'><strong>atque</strong></span> <span class='ocrx_word' id='word_1_118' title='bbox 1868 1728 1935 1782; x_wconf 93' lang='lat' dir='ltr'><strong>ad</strong></span> <span class='ocrx_word' id='word_1_119' title='bbox 1964 1728 2134 1799; x_wconf 81' lang='lat' dir='ltr'><strong>legem</strong></span> 
     </span>
    </p>
   </div>
   <div class='ocr_carea' id='block_1_20' title="bbox 2243 553 3808 626">
    <p class='ocr_par' dir='ltr' id='par_1_20' title="bbox 2243 553 3808 626">
     <span class='ocr_line' id='line_1_20' title="bbox 2243 553 3808 626; baseline -0.002 -18"><span class='ocrx_word' id='word_1_120' title='bbox 2243 557 2503 626; x_wconf 85' lang='grc' dir='ltr'><strong>ποιούσης</strong></span> <span class='ocrx_word' id='word_1_121' title='bbox 2522 555 2614 609; x_wconf 85' lang='grc' dir='ltr'><strong>τοῦ</strong></span> <span class='ocrx_word' id='word_1_122' title='bbox 2635 556 2983 626; x_wconf 81' lang='grc' dir='ltr'>όφειλομένου</span> <span class='ocrx_word' id='word_1_123' title='bbox 3007 555 3300 626; x_wconf 85' lang='grc' dir='ltr'><strong>προσώπου</strong></span> <span class='ocrx_word' id='word_1_124' title='bbox 3322 553 3613 625; x_wconf 77' lang='grc' dir='ltr'><strong>δηλοῦσθαι</strong></span> <span class='ocrx_word' id='word_1_125' title='bbox 3633 570 3649 584; x_wconf 82' lang='grc'><em>’</em></span> <span class='ocrx_word' id='word_1_126' title='bbox 3673 553 3808 606; x_wconf 76' lang='grc' dir='ltr'><strong>ὄτε-</strong></span> 
     </span>
    </p>
   </div>
   <div class='ocr_carea' id='block_1_21' title="bbox 2241 644 3806 718">
    <p class='ocr_par' dir='ltr' id='par_1_21' title="bbox 2241 644 3806 718">
     <span class='ocr_line' id='line_1_21' title="bbox 2241 644 3806 718; baseline -0.002 -20"><span class='ocrx_word' id='word_1_127' title='bbox 2241 646 2485 718; x_wconf 86' lang='grc' dir='ltr'>τράρχης</span> <span class='ocrx_word' id='word_1_128' title='bbox 2509 646 2753 717; x_wconf 86' lang='grc' dir='ltr'>δηλονότι</span> <span class='ocrx_word' id='word_1_129' title='bbox 2774 663 2789 679; x_wconf 77' lang='grc' dir='ltr'><strong>ο</strong></span> <span class='ocrx_word' id='word_1_130' title='bbox 2818 650 2846 700; x_wconf 97' lang='lat'><strong>6</strong></span> <span class='ocrx_word' id='word_1_131' title='bbox 2883 647 2991 715; x_wconf 83' lang='grc' dir='ltr'>γὰρ</span> <span class='ocrx_word' id='word_1_132' title='bbox 3019 646 3207 700; x_wconf 83' lang='grc' dir='ltr'>τούτου</span> <span class='ocrx_word' id='word_1_133' title='bbox 3255 647 3456 715; x_wconf 77' lang='grc' dir='ltr'>πατὴρ,</span> <span class='ocrx_word' id='word_1_134' title='bbox 3498 646 3527 698; x_wconf 92' lang='lat'><strong>6</strong></span> <span class='ocrx_word' id='word_1_135' title='bbox 3555 644 3664 697; x_wconf 86' lang='grc' dir='ltr'><strong>τῶν</strong></span> <span class='ocrx_word' id='word_1_136' title='bbox 3713 661 3806 713; x_wconf 78' lang='grc' dir='ltr'><strong>νη-</strong></span> 
     </span>
    </p>
   </div>
   <div class='ocr_carea' id='block_1_22' title="bbox 2243 732 3808 808">
    <p class='ocr_par' dir='ltr' id='par_1_22' title="bbox 2243 732 3808 808">
     <span class='ocr_line' id='line_1_22' title="bbox 2243 732 3808 808; baseline -0.001 -19"><span class='ocrx_word' id='word_1_137' title='bbox 2243 739 2380 790; x_wconf 90' lang='grc' dir='ltr'>πίων</span> <span class='ocrx_word' id='word_1_138' title='bbox 2431 737 2726 808; x_wconf 73' lang='grc' dir='ltr'>ἀναιρίτης</span> <span class='ocrx_word' id='word_1_139' title='bbox 2769 736 3172 807; x_wconf 84' lang='grc' dir='ltr'>τετελευτηκὼς</span> <span class='ocrx_word' id='word_1_140' title='bbox 3219 732 3304 808; x_wconf 82' lang='grc' dir='ltr'><strong>ἦν.</strong></span> <span class='ocrx_word' id='word_1_141' title='bbox 3327 738 3524 791; x_wconf 90' lang='grc' dir='ltr'>πάλαι·</span> <span class='ocrx_word' id='word_1_142' title='bbox 3558 735 3703 797; x_wconf 88' lang='grc' dir='ltr'>τίνος</span> <span class='ocrx_word' id='word_1_143' title='bbox 3750 735 3808 787; x_wconf 79' lang='grc' dir='ltr'>δὲ</span> 
     </span>
    </p>
   </div>
   <div class='ocr_carea' id='block_1_23' title="bbox 2242 823 3810 897">
    <p class='ocr_par' dir='ltr' id='par_1_23' title="bbox 2242 823 3810 897">
     <span class='ocr_line' id='line_1_23' title="bbox 2242 823 3810 897; baseline -0.003 -18"><span class='ocrx_word' id='word_1_144' title='bbox 2242 827 2400 896; x_wconf 82' lang='grc' dir='ltr'>χάριν</span> <span class='ocrx_word' id='word_1_145' title='bbox 2429 827 2690 895; x_wconf 70' lang='grc' dir='ltr'>ἠλέγχετο</span> <span class='ocrx_word' id='word_1_146' title='bbox 2734 825 2888 897; x_wconf 81' lang='grc' dir='ltr'><strong>παρά</strong></span> <span class='ocrx_word' id='word_1_147' title='bbox 2935 825 3029 879; x_wconf 82' lang='grc' dir='ltr'>τοῦ</span> <span class='ocrx_word' id='word_1_148' title='bbox 3080 825 3325 879; x_wconf 80' lang='grc' dir='ltr'><strong>Ἰωάννου</strong></span> <span class='ocrx_word' id='word_1_149' title='bbox 3352 826 3472 891; x_wconf 73' lang='grc' dir='ltr'>ςότι</span> <span class='ocrx_word' id='word_1_150' title='bbox 3513 823 3615 891; x_wconf 82' lang='grc' dir='ltr'>τὴν</span> <span class='ocrx_word' id='word_1_151' title='bbox 3652 823 3810 892; x_wconf 84' lang='grc' dir='ltr'>νομί-</span> 
     </span>
    </p>
   </div>
   <div class='ocr_carea' id='block_1_24' title="bbox 2245 911 3810 985">
    <p class='ocr_par' dir='ltr' id='par_1_24' title="bbox 2245 911 3810 985">
     <span class='ocr_line' id='line_1_24' title="bbox 2245 911 3810 985; baseline -0.004 -17"><span class='ocrx_word' id='word_1_152' title='bbox 2245 933 2358 985; x_wconf 88' lang='grc' dir='ltr'><strong>μως</strong></span> <span class='ocrx_word' id='word_1_153' title='bbox 2393 915 2752 983; x_wconf 75' lang='grc' dir='ltr'>συναφθείσαν</span> <span class='ocrx_word' id='word_1_154' title='bbox 2775 912 2924 984; x_wconf 86' lang='grc' dir='ltr'><strong>αύτῷ</strong></span> <span class='ocrx_word' id='word_1_155' title='bbox 2971 915 3204 983; x_wconf 79' lang='grc' dir='ltr'>γυναῖκα</span> <span class='ocrx_word' id='word_1_156' title='bbox 3249 911 3602 976; x_wconf 79' lang='grc' dir='ltr'>ὲκδεδιωκὼς,</span> <span class='ocrx_word' id='word_1_157' title='bbox 3638 912 3810 980; x_wconf 73' lang='grc' dir='ltr'>ἧγουν</span> 
     </span>
    </p>
   </div>
   <div class='ocr_carea' id='block_1_25' title="bbox 2240 1000 3812 1074">
    <p class='ocr_par' dir='ltr' id='par_1_25' title="bbox 2240 1000 3812 1074">
     <span class='ocr_line' id='line_1_25' title="bbox 2240 1000 3812 1074; baseline -0.002 -19"><span class='ocrx_word' id='word_1_158' title='bbox 2240 1004 2336 1072; x_wconf 77' lang='grc' dir='ltr'>τὴν</span> <span class='ocrx_word' id='word_1_159' title='bbox 2383 1004 2662 1073; x_wconf 79' lang='grc' dir='ltr'><strong>θυγατέρα</strong></span> <span class='ocrx_word' id='word_1_160' title='bbox 2704 1005 2898 1074; x_wconf 85' lang='grc' dir='ltr'>’Δρέτα</span> <span class='ocrx_word' id='word_1_161' title='bbox 2941 1003 3033 1056; x_wconf 80' lang='grc' dir='ltr'>τοῦ</span> <span class='ocrx_word' id='word_1_162' title='bbox 3087 1002 3505 1072; x_wconf 79' lang='grc' dir='ltr'>βασιλέως,τὴν</span> <span class='ocrx_word' id='word_1_163' title='bbox 3530 1000 3627 1054; x_wconf 82' lang='grc' dir='ltr'><strong>τοῦ</strong></span> <span class='ocrx_word' id='word_1_164' title='bbox 3656 1001 3812 1054; x_wconf 86' lang='grc' dir='ltr'>ἀδελ-</span> 
     </span>
    </p>
   </div>
   <div class='ocr_carea' id='block_1_26' title="bbox 2247 1091 3810 1165">
    <p class='ocr_par' dir='ltr' id='par_1_26' title="bbox 2247 1091 3810 1165">
     <span class='ocr_line' id='line_1_26' title="bbox 2247 1091 3810 1165; baseline 0 -22"><span class='ocrx_word' id='word_1_165' title='bbox 2247 1091 2349 1159; x_wconf 80' lang='grc' dir='ltr'><strong>φοῦ</strong></span> <span class='ocrx_word' id='word_1_166' title='bbox 2372 1092 2643 1145; x_wconf 85' lang='grc' dir='ltr'>Φιλίππου</span> <span class='ocrx_word' id='word_1_167' title='bbox 2687 1093 2992 1165; x_wconf 82' lang='grc' dir='ltr'>Ἡρωδιάδα</span> <span class='ocrx_word' id='word_1_168' title='bbox 3017 1093 3349 1165; x_wconf 80' lang='grc' dir='ltr'><strong>παρανόμως</strong></span> <span class='ocrx_word' id='word_1_169' title='bbox 3369 1092 3614 1161; x_wconf 75' lang='grc' dir='ltr'><strong>ἐγήματο</strong></span> <span class='ocrx_word' id='word_1_170' title='bbox 3637 1107 3650 1122; x_wconf 76' lang='grc' dir='ltr'><strong>ο</strong></span> <span class='ocrx_word' id='word_1_171' title='bbox 3679 1091 3810 1161; x_wconf 76' lang='grc' dir='ltr'><strong>ἐξῆν</strong></span> 
     </span>
    </p>
   </div>
   <div class='ocr_carea' id='block_1_27' title="bbox 2240 1180 3812 1252">
    <p class='ocr_par' dir='ltr' id='par_1_27' title="bbox 2240 1180 3812 1252">
     <span class='ocr_line' id='line_1_27' title="bbox 2240 1180 3812 1252; baseline 0.001 -19"><span class='ocrx_word' id='word_1_172' title='bbox 2240 1182 2349 1251; x_wconf 76' lang='grc' dir='ltr'>γὰρ</span> <span class='ocrx_word' id='word_1_173' title='bbox 2375 1183 2537 1236; x_wconf 81' lang='grc' dir='ltr'>αὑτὸν</span> <span class='ocrx_word' id='word_1_174' title='bbox 2566 1184 2770 1239; x_wconf 82' lang='grc' dir='ltr'>άπαιδα</span> <span class='ocrx_word' id='word_1_175' title='bbox 2807 1180 2973 1238; x_wconf 82' lang='grc' dir='ltr'>οὖσαν</span> <span class='ocrx_word' id='word_1_176' title='bbox 3003 1183 3304 1252; x_wconf 75' lang='grc' dir='ltr'><strong>ἀγαγέσθαι</strong></span> <span class='ocrx_word' id='word_1_177' title='bbox 3344 1185 3423 1246; x_wconf 78' lang='grc' dir='ltr'>εἰς</span> <span class='ocrx_word' id='word_1_178' title='bbox 3452 1181 3640 1252; x_wconf 87' lang='grc' dir='ltr'>βίωσιν</span> <span class='ocrx_word' id='word_1_179' title='bbox 3668 1182 3812 1252; x_wconf 72' lang='grc' dir='ltr'>πρὸς</span> 
     </span>
    </p>
   </div>
   <div class='ocr_carea' id='block_1_28' title="bbox 2239 1271 3810 1345">
    <p class='ocr_par' dir='ltr' id='par_1_28' title="bbox 2239 1271 3810 1345">
     <span class='ocr_line' id='line_1_28' title="bbox 2239 1271 3810 1345; baseline -0.001 -19"><span class='ocrx_word' id='word_1_180' title='bbox 2239 1271 2536 1327; x_wconf 81' lang='grc' dir='ltr'><strong>ἀνάστασιν</strong></span> <span class='ocrx_word' id='word_1_181' title='bbox 2574 1274 2862 1344; x_wconf 75' lang='grc' dir='ltr'>ἀδελφικοῦ</span> <span class='ocrx_word' id='word_1_182' title='bbox 2885 1274 3222 1345; x_wconf 82' lang='grc' dir='ltr'>σπέρματος,</span> <span class='ocrx_word' id='word_1_183' title='bbox 3247 1274 3386 1326; x_wconf 80' lang='grc' dir='ltr'>κατὰ</span> <span class='ocrx_word' id='word_1_184' title='bbox 3408 1272 3498 1325; x_wconf 73' lang='grc' dir='ltr'>τὸν</span> <span class='ocrx_word' id='word_1_185' title='bbox 3524 1271 3810 1342; x_wconf 83' lang='grc' dir='ltr'>μωσαῖκὸν</span> 
     </span>
    </p>
   </div>
   <div class='ocr_carea' id='block_1_29' title="bbox 2240 1362 3806 1436">
    <p class='ocr_par' dir='ltr' id='par_1_29' title="bbox 2240 1362 3806 1436">
     <span class='ocr_line' id='line_1_29' title="bbox 2240 1362 3806 1436; baseline 0 -20"><span class='ocrx_word' id='word_1_186' title='bbox 2240 1362 2434 1430; x_wconf 79' lang='grc' dir='ltr'>νόμον·</span> <span class='ocrx_word' id='word_1_187' title='bbox 2468 1364 2741 1418; x_wconf 85' lang='grc' dir='ltr'>ὑπόπαιδα</span> <span class='ocrx_word' id='word_1_188' title='bbox 2790 1365 2846 1419; x_wconf 86' lang='grc' dir='ltr'>δὲ</span> <span class='ocrx_word' id='word_1_189' title='bbox 2893 1366 3305 1436; x_wconf 83' lang='grc' dir='ltr'>τυγχάνουσαν,</span> <span class='ocrx_word' id='word_1_190' title='bbox 3349 1363 3599 1434; x_wconf 76' lang='grc' dir='ltr'>οὐδαμῶς</span> <span class='ocrx_word' id='word_1_191' title='bbox 3651 1363 3806 1433; x_wconf 74' lang='lat'><strong>(21)°</strong></span> 
     </span>
    </p>
   </div>
   <div class='ocr_carea' id='block_1_30' title="bbox 2237 1450 3811 1527">
    <p class='ocr_par' dir='ltr' id='par_1_30' title="bbox 2237 1450 3811 1527">
     <span class='ocr_line' id='line_1_30' title="bbox 2237 1450 3811 1527; baseline 0.001 -20"><span class='ocrx_word' id='word_1_192' title='bbox 2237 1450 2306 1524; x_wconf 83' lang='grc' dir='ltr'>ἦν</span> <span class='ocrx_word' id='word_1_193' title='bbox 2341 1455 2399 1508; x_wconf 83' lang='grc' dir='ltr'>δὲ</span> <span class='ocrx_word' id='word_1_194' title='bbox 2435 1456 2572 1527; x_wconf 79' lang='grc' dir='ltr'>αὐτῇ</span> <span class='ocrx_word' id='word_1_195' title='bbox 2615 1456 2943 1527; x_wconf 88' lang='grc' dir='ltr'>θυγάτριον,</span> <span class='ocrx_word' id='word_1_196' title='bbox 2968 1459 3003 1526; x_wconf 77' lang='grc' dir='ltr'>ὴ</span> <span class='ocrx_word' id='word_1_197' title='bbox 3050 1455 3339 1527; x_wconf 84' lang='grc' dir='ltr'>ὁμώνυμος</span> <span class='ocrx_word' id='word_1_198' title='bbox 3407 1455 3699 1527; x_wconf 80' lang='grc' dir='ltr'>Ἡρωδιὰς,</span> <span class='ocrx_word' id='word_1_199' title='bbox 3747 1455 3811 1508; x_wconf 77' lang='grc' dir='ltr'><strong>τὸ</strong></span> 
     </span>
    </p>
   </div>
   <div class='ocr_carea' id='block_1_31' title="bbox 2239 1546 3809 1620">
    <p class='ocr_par' dir='ltr' id='par_1_31' title="bbox 2239 1546 3809 1620">
     <span class='ocr_line' id='line_1_31' title="bbox 2239 1546 3809 1620; baseline -0.001 -21"><span class='ocrx_word' id='word_1_200' title='bbox 2239 1546 2457 1614; x_wconf 75' lang='grc' dir='ltr'>ἔγγονον</span> <span class='ocrx_word' id='word_1_201' title='bbox 2487 1548 2586 1618; x_wconf 82' lang='grc' dir='ltr'>τῆς</span> <span class='ocrx_word' id='word_1_202' title='bbox 2619 1549 2865 1612; x_wconf 79' lang='grc' dir='ltr'>ἀσπίδος,</span> <span class='ocrx_word' id='word_1_203' title='bbox 2902 1549 2964 1602; x_wconf 81' lang='grc' dir='ltr'><strong>τὸ</strong></span> <span class='ocrx_word' id='word_1_204' title='bbox 2990 1548 3298 1602; x_wconf 78' lang='grc' dir='ltr'>διασολικδν</span> <span class='ocrx_word' id='word_1_205' title='bbox 3330 1548 3561 1620; x_wconf 73' lang='grc' dir='ltr'>ὄργανον</span> <span class='ocrx_word' id='word_1_206' title='bbox 3592 1550 3694 1617; x_wconf 80' lang='grc' dir='ltr'>τῆς</span> <span class='ocrx_word' id='word_1_207' title='bbox 3723 1547 3809 1599; x_wconf 81' lang='lat' dir='ltr'><strong>ol-</strong></span> 
     </span>
    </p>
   </div>
   <div class='ocr_carea' id='block_1_32' title="bbox 2239 1633 3808 1708">
    <p class='ocr_par' dir='ltr' id='par_1_32' title="bbox 2239 1633 3808 1708">
     <span class='ocr_line' id='line_1_32' title="bbox 2239 1633 3808 1708; baseline 0.001 -21"><span class='ocrx_word' id='word_1_208' title='bbox 2239 1636 2390 1698; x_wconf 84' lang='grc' dir='ltr'>κείας</span> <span class='ocrx_word' id='word_1_209' title='bbox 2417 1637 2694 1701; x_wconf 82' lang='grc' dir='ltr'>ἀπωλείας</span> <span class='ocrx_word' id='word_1_210' title='bbox 2713 1653 2727 1668; x_wconf 93' lang='grc'><strong>·</strong></span> <span class='ocrx_word' id='word_1_211' title='bbox 2759 1637 2955 1691; x_wconf 75' lang='grc' dir='ltr'>οὐκοῦν</span> <span class='ocrx_word' id='word_1_212' title='bbox 2984 1638 3209 1702; x_wconf 78' lang='grc' dir='ltr'><strong>εἰκότως</strong></span> <span class='ocrx_word' id='word_1_213' title='bbox 3235 1640 3264 1691; x_wconf 92' lang='lat'><strong>6</strong></span> <span class='ocrx_word' id='word_1_214' title='bbox 3289 1637 3510 1708; x_wconf 76' lang='grc' dir='ltr'>ἐλεγχος</span> <span class='ocrx_word' id='word_1_215' title='bbox 3538 1636 3691 1706; x_wconf 80' lang='grc' dir='ltr'><strong>παρά</strong></span> <span class='ocrx_word' id='word_1_216' title='bbox 3708 1633 3808 1689; x_wconf 76' lang='grc' dir='ltr'><strong>τοῦ</strong></span> 
     </span>
    </p>
   </div>
   <div class='ocr_carea' id='block_1_33' title="bbox 2251 1725 3808 1801">
    <p class='ocr_par' dir='ltr' id='par_1_33' title="bbox 2251 1725 3808 1801">
     <span class='ocr_line' id='line_1_33' title="bbox 2251 1725 3808 1801; baseline -0.001 -20"><span class='ocrx_word' id='word_1_217' title='bbox 2251 1727 2496 1781; x_wconf 88' lang='grc' dir='ltr'>Ἰωάννου</span> <span class='ocrx_word' id='word_1_218' title='bbox 2517 1745 2531 1759; x_wconf 87' lang='grc'><strong>·</strong></span> <span class='ocrx_word' id='word_1_219' title='bbox 2561 1730 2656 1783; x_wconf 77' lang='grc' dir='ltr'>καὶ</span> <span class='ocrx_word' id='word_1_220' title='bbox 2679 1725 2832 1793; x_wconf 69' lang='grc' dir='ltr'>οὗτος</span> <span class='ocrx_word' id='word_1_221' title='bbox 2869 1729 3341 1801; x_wconf 80' lang='grc' dir='ltr'>ὑπομνηματικδς,</span> <span class='ocrx_word' id='word_1_222' title='bbox 3373 1729 3491 1782; x_wconf 86' lang='grc' dir='ltr'>ἀλλ’</span> <span class='ocrx_word' id='word_1_223' title='bbox 3517 1729 3615 1798; x_wconf 85' lang='grc' dir='ltr'><strong>ούχ</strong></span> <span class='ocrx_word' id='word_1_224' title='bbox 3646 1728 3808 1797; x_wconf 77' lang='grc' dir='ltr'>ὑϐρι-</span> 
     </span>
    </p>
   </div>
   <div class='ocr_carea' id='block_1_34' title="bbox 571 1804 2136 1891">
    <p class='ocr_par' dir='ltr' id='par_1_34' title="bbox 571 1815 2130 1887">
     <span class='ocr_line' id='line_1_34' title="bbox 571 1815 2130 1887; baseline 0.002 -17"><span class='ocrx_word' id='word_1_225' title='bbox 571 1817 919 1886; x_wconf 82' lang='lat' dir='ltr'><strong>provocabat,</strong></span> <span class='ocrx_word' id='word_1_226' title='bbox 963 1816 1043 1873; x_wconf 90' lang='lat' dir='ltr'><strong>sic</strong></span> <span class='ocrx_word' id='word_1_227' title='bbox 1074 1815 1184 1870; x_wconf 77' lang='lat' dir='ltr'><strong>fere</strong></span> <span class='ocrx_word' id='word_1_228' title='bbox 1207 1815 1394 1871; x_wconf 91' lang='lat' dir='ltr'><strong>dicens</strong></span> <span class='ocrx_word' id='word_1_229' title='bbox 1431 1834 1444 1870; x_wconf 90' lang='lat'><strong>:</strong></span> <span class='ocrx_word' id='word_1_230' title='bbox 1484 1817 1681 1872; x_wconf 87' lang='lat' dir='ltr'><strong>videsis</strong></span> <span class='ocrx_word' id='word_1_231' title='bbox 1727 1826 1781 1870; x_wconf 90' lang='lat' dir='ltr'><strong>et</strong></span> <span class='ocrx_word' id='word_1_232' title='bbox 1809 1832 1972 1872; x_wconf 89' lang='lat' dir='ltr'><strong>nosce</strong></span> <span class='ocrx_word' id='word_1_233' title='bbox 2002 1820 2130 1887; x_wconf 86' lang='lat' dir='ltr'><strong>quid</strong></span> 
     </span>
    </p>
   </div>
   <div class='ocr_carea' id='block_1_35' title="bbox 2241 1804 3814 1891">
    <p class='ocr_par' dir='ltr' id='par_1_35' title="bbox 2241 1818 3814 1891">
     <span class='ocr_line' id='line_1_35' title="bbox 2241 1818 3814 1891; baseline 0.001 -20"><span class='ocrx_word' id='word_1_234' title='bbox 2241 1818 2438 1882; x_wconf 80' lang='grc' dir='ltr'>στιχὸς,</span> <span class='ocrx_word' id='word_1_235' title='bbox 2475 1821 2839 1888; x_wconf 81' lang='grc' dir='ltr'>ίατρευτικὸς,</span> <span class='ocrx_word' id='word_1_236' title='bbox 2875 1821 2989 1873; x_wconf 86' lang='grc' dir='ltr'>ἀλλ’</span> <span class='ocrx_word' id='word_1_237' title='bbox 3027 1821 3088 1874; x_wconf 81' lang='grc' dir='ltr'>οὐ</span> <span class='ocrx_word' id='word_1_238' title='bbox 3117 1820 3581 1891; x_wconf 89' lang='grc' dir='ltr'>τραυματοποιός.</span> <span class='ocrx_word' id='word_1_239' title='bbox 3602 1819 3668 1871; x_wconf 86' lang='grc' dir='ltr'>τί</span> <span class='ocrx_word' id='word_1_240' title='bbox 3696 1819 3814 1888; x_wconf 85' lang='grc' dir='ltr'><strong>γάρ</strong></span> 
     </span>
    </p>
   </div>
   <div class='ocr_carea' id='block_1_36' title="bbox 571 1905 2132 1977">
    <p class='ocr_par' dir='ltr' id='par_1_36' title="bbox 571 1905 2132 1977">
     <span class='ocr_line' id='line_1_36' title="bbox 571 1905 2132 1977; baseline 0.001 -17"><span class='ocrx_word' id='word_1_241' title='bbox 571 1906 664 1962; x_wconf 86' lang='lat' dir='ltr'><strong>tibi</strong></span> <span class='ocrx_word' id='word_1_242' title='bbox 702 1908 788 1962; x_wconf 84' lang='lat' dir='ltr'><strong>lex</strong></span> <span class='ocrx_word' id='word_1_243' title='bbox 817 1907 1062 1977; x_wconf 83' lang='lat' dir='ltr'><strong>imperet.</strong></span> <span class='ocrx_word' id='word_1_244' title='bbox 1105 1905 1164 1960; x_wconf 86' lang='lat' dir='ltr'><strong>Si</strong></span> <span class='ocrx_word' id='word_1_245' title='bbox 1211 1907 1403 1976; x_wconf 80' lang='lat' dir='ltr'><strong>fratres</strong></span> <span class='ocrx_word' id='word_1_246' title='bbox 1447 1906 1606 1960; x_wconf 83' lang='lat' dir='ltr'><strong>simul</strong></span> <span class='ocrx_word' id='word_1_247' title='bbox 1634 1906 1890 1973; x_wconf 91' lang='lat' dir='ltr'><strong>habitent,</strong></span> <span class='ocrx_word' id='word_1_248' title='bbox 1920 1917 1968 1961; x_wconf 89' lang='lat' dir='ltr'><strong>et</strong></span> <span class='ocrx_word' id='word_1_249' title='bbox 1999 1925 2132 1962; x_wconf 87' lang='lat' dir='ltr'><strong>unus</strong></span> 
     </span>
    </p>
   </div>
   <div class='ocr_carea' id='block_1_37' title="bbox 568 1997 2135 2066">
    <p class='ocr_par' dir='ltr' id='par_1_37' title="bbox 568 1997 2135 2066">
     <span class='ocr_line' id='line_1_37' title="bbox 568 1997 2135 2066; baseline -0.001 -15"><span class='ocrx_word' id='word_1_250' title='bbox 568 2013 633 2051; x_wconf 73' lang='lat' dir='ltr'><strong>ea:</strong></span> <span class='ocrx_word' id='word_1_251' title='bbox 669 1997 752 2051; x_wconf 87' lang='lat' dir='ltr'><strong>his</strong></span> <span class='ocrx_word' id='word_1_252' title='bbox 797 1999 1076 2062; x_wconf 81' lang='lat' dir='ltr'><strong>moriatur,</strong></span> <span class='ocrx_word' id='word_1_253' title='bbox 1120 2013 1209 2050; x_wconf 86' lang='lat' dir='ltr'><strong>nec</strong></span> <span class='ocrx_word' id='word_1_254' title='bbox 1247 2014 1418 2050; x_wconf 89' lang='lat' dir='ltr'><strong>semen</strong></span> <span class='ocrx_word' id='word_1_255' title='bbox 1458 1999 1504 2051; x_wconf 88' lang='lat' dir='ltr'><strong>ei</strong></span> <span class='ocrx_word' id='word_1_256' title='bbox 1549 1997 1882 2066; x_wconf 82' lang='lat' dir='ltr'><strong>fuerit;non</strong></span> <span class='ocrx_word' id='word_1_257' title='bbox 1923 1999 2135 2052; x_wconf 81' lang='lat' dir='ltr'><strong>dabitur</strong></span> 
     </span>
    </p>
   </div>
   <div class='ocr_carea' id='block_1_38' title="bbox 567 2089 2133 2159">
    <p class='ocr_par' dir='ltr' id='par_1_38' title="bbox 567 2089 2133 2159">
     <span class='ocr_line' id='line_1_38' title="bbox 567 2089 2133 2159; baseline 0.001 -17"><span class='ocrx_word' id='word_1_258' title='bbox 567 2089 818 2144; x_wconf 78' lang='lat' dir='ltr'><strong>exstincti</strong></span> <span class='ocrx_word' id='word_1_259' title='bbox 853 2104 989 2143; x_wconf 78' lang='lat' dir='ltr'><strong>uxor</strong></span> <span class='ocrx_word' id='word_1_260' title='bbox 1025 2092 1133 2143; x_wconf 87' lang='lat' dir='ltr'><strong>tn&#39;ro</strong></span> <span class='ocrx_word' id='word_1_261' title='bbox 1180 2090 1320 2142; x_wconf 88' lang='lat' dir='ltr'><strong>haud</strong></span> <span class='ocrx_word' id='word_1_262' title='bbox 1353 2091 1640 2159; x_wconf 86' lang='lat' dir='ltr'><strong>propinquo</strong></span> <span class='ocrx_word' id='word_1_263' title='bbox 1665 2091 1795 2153; x_wconf 87' lang='lat' dir='ltr'><strong>;sed</strong></span> <span class='ocrx_word' id='word_1_264' title='bbox 1847 2091 1945 2144; x_wconf 86' lang='lat' dir='ltr'><strong>viri</strong></span> <span class='ocrx_word' id='word_1_265' title='bbox 1989 2092 2133 2145; x_wconf 89' lang='lat' dir='ltr'><strong>illius</strong></span> 
     </span>
    </p>
   </div>
   <div class='ocr_carea' id='block_1_39' title="bbox 567 2179 2133 2250">
    <p class='ocr_par' dir='ltr' id='par_1_39' title="bbox 567 2179 2133 2250">
     <span class='ocr_line' id='line_1_39' title="bbox 567 2179 2133 2250; baseline 0.003 -19"><span class='ocrx_word' id='word_1_266' title='bbox 567 2180 736 2246; x_wconf 80' lang='lat' dir='ltr'><strong>frater</strong></span> <span class='ocrx_word' id='word_1_267' title='bbox 788 2179 1111 2248; x_wconf 82' lang='lat' dir='ltr'><strong>ingredietur</strong></span> <span class='ocrx_word' id='word_1_268' title='bbox 1140 2180 1209 2232; x_wconf 90' lang='lat' dir='ltr'><strong>ad</strong></span> <span class='ocrx_word' id='word_1_269' title='bbox 1232 2195 1367 2244; x_wconf 88' lang='lat' dir='ltr'><strong>eam,</strong></span> <span class='ocrx_word' id='word_1_270' title='bbox 1394 2188 1659 2250; x_wconf 82' lang='lat' dir='ltr'><strong>suntetque</strong></span> <span class='ocrx_word' id='word_1_271' title='bbox 1689 2181 1787 2235; x_wconf 87' lang='lat' dir='ltr'><strong>sibi</strong></span> <span class='ocrx_word' id='word_1_272' title='bbox 1822 2197 2056 2244; x_wconf 69' lang='lat' dir='ltr'><strong>uxorem,</strong></span> <span class='ocrx_word' id='word_1_273' title='bbox 2084 2191 2133 2235; x_wconf 91' lang='lat' dir='ltr'><strong>et</strong></span> 
     </span>
    </p>
   </div>
   <div class='ocr_carea' id='block_1_40' title="bbox 566 2268 2135 2340">
    <p class='ocr_par' dir='ltr' id='par_1_40' title="bbox 566 2268 2135 2340">
     <span class='ocr_line' id='line_1_40' title="bbox 566 2268 2135 2340; baseline 0.004 -18"><span class='ocrx_word' id='word_1_274' title='bbox 566 2284 684 2322; x_wconf 83' lang='lat' dir='ltr'><strong>cum</strong></span> <span class='ocrx_word' id='word_1_275' title='bbox 717 2268 815 2322; x_wconf 87' lang='lat' dir='ltr'><strong>illa</strong></span> <span class='ocrx_word' id='word_1_276' title='bbox 852 2269 1105 2323; x_wconf 80' lang='lat' dir='ltr'><strong>habitabit</strong></span> <span class='ocrx_word' id='word_1_277' title='bbox 1131 2287 1150 2324; x_wconf 88' lang='lat'><strong><em>:</em></strong></span> <span class='ocrx_word' id='word_1_278' title='bbox 1176 2279 1224 2323; x_wconf 88' lang='lat' dir='ltr'><strong>et</strong></span> <span class='ocrx_word' id='word_1_279' title='bbox 1253 2271 1300 2323; x_wconf 89' lang='lat' dir='ltr'><strong>si</strong></span> <span class='ocrx_word' id='word_1_280' title='bbox 1339 2270 1513 2338; x_wconf 74' lang='lat' dir='ltr'><strong>ﬁlium</strong></span> <span class='ocrx_word' id='word_1_281' title='bbox 1564 2273 1756 2340; x_wconf 86' lang='lat' dir='ltr'><strong>pariet,</strong></span> <span class='ocrx_word' id='word_1_282' title='bbox 1790 2276 2135 2328; x_wconf 77' lang='lat' dir='ltr'><strong>constituetur</strong></span> 
     </span>
    </p>
   </div>
   <div class='ocr_carea' id='block_1_41' title="bbox 565 2360 2134 2433">
    <p class='ocr_par' dir='ltr' id='par_1_41' title="bbox 565 2360 2134 2433">
     <span class='ocr_line' id='line_1_41' title="bbox 565 2360 2134 2433; baseline 0.003 -19"><span class='ocrx_word' id='word_1_283' title='bbox 565 2376 632 2414; x_wconf 79' lang='lat' dir='ltr'><strong>ea:</strong></span> <span class='ocrx_word' id='word_1_284' title='bbox 660 2360 896 2429; x_wconf 76' lang='lat' dir='ltr'><strong>defuncti</strong></span> <span class='ocrx_word' id='word_1_285' title='bbox 945 2362 1173 2426; x_wconf 86' lang='lat' dir='ltr'><strong>nomine,</strong></span> <span class='ocrx_word' id='word_1_286' title='bbox 1206 2372 1251 2415; x_wconf 94' lang='lat' dir='ltr'><strong>et</strong></span> <span class='ocrx_word' id='word_1_287' title='bbox 1291 2377 1395 2415; x_wconf 90' lang='lat' dir='ltr'><strong>non</strong></span> <span class='ocrx_word' id='word_1_288' title='bbox 1422 2361 1679 2416; x_wconf 86' lang='lat' dir='ltr'><strong>delebitur</strong></span> <span class='ocrx_word' id='word_1_289' title='bbox 1711 2380 1894 2416; x_wconf 82' lang='lat' dir='ltr'><strong>nomen</strong></span> <span class='ocrx_word' id='word_1_290' title='bbox 1930 2365 2042 2433; x_wconf 84' lang='lat' dir='ltr'><strong>ejus</strong></span> <span class='ocrx_word' id='word_1_291' title='bbox 2071 2381 2134 2419; x_wconf 74' lang='lat' dir='ltr'><strong>ex</strong></span> 
     </span>
    </p>
   </div>
   <div class='ocr_carea' id='block_1_42' title="bbox 569 2452 2132 2523">
    <p class='ocr_par' dir='ltr' id='par_1_42' title="bbox 569 2452 2132 2523">
     <span class='ocr_line' id='line_1_42' title="bbox 569 2452 2132 2523; baseline 0.002 -17"><span class='ocrx_word' id='word_1_292' title='bbox 569 2452 746 2506; x_wconf 82' lang='lat' dir='ltr'><strong>Israel</strong></span> <span class='ocrx_word' id='word_1_293' title='bbox 775 2453 843 2506; x_wconf 83' lang='lat'><strong>&quot;.</strong></span> <span class='ocrx_word' id='word_1_294' title='bbox 889 2452 1014 2507; x_wconf 65' lang='lat' dir='ltr'><strong>Haec</strong></span> <span class='ocrx_word' id='word_1_295' title='bbox 1070 2453 1163 2506; x_wconf 87' lang='lat' dir='ltr'><strong>tibi</strong></span> <span class='ocrx_word' id='word_1_296' title='bbox 1209 2453 1294 2507; x_wconf 89' lang='lat' dir='ltr'><strong>lex</strong></span> <span class='ocrx_word' id='word_1_297' title='bbox 1334 2454 1682 2523; x_wconf 87' lang='lat' dir='ltr'><strong>imperat;tu</strong></span> <span class='ocrx_word' id='word_1_298' title='bbox 1729 2469 1858 2509; x_wconf 90' lang='lat' dir='ltr'><strong>vero</strong></span> <span class='ocrx_word' id='word_1_299' title='bbox 1911 2470 2132 2510; x_wconf 85' lang='lat' dir='ltr'><strong>uxorem</strong></span> 
     </span>
    </p>
   </div>
   <div class='ocr_carea' id='block_1_43' title="bbox 568 2543 2130 2615">
    <p class='ocr_par' dir='ltr' id='par_1_43' title="bbox 568 2543 2130 2615">
     <span class='ocr_line' id='line_1_43' title="bbox 568 2543 2130 2615; baseline 0.004 -19"><span class='ocrx_word' id='word_1_300' title='bbox 568 2543 802 2608; x_wconf 82' lang='lat' dir='ltr'><strong>duxisti,</strong></span> <span class='ocrx_word' id='word_1_301' title='bbox 838 2560 958 2613; x_wconf 75' lang='lat' dir='ltr'><strong>qua:</strong></span> <span class='ocrx_word' id='word_1_302' title='bbox 988 2544 1153 2598; x_wconf 85' lang='lat' dir='ltr'><strong>tiliam</strong></span> <span class='ocrx_word' id='word_1_303' title='bbox 1187 2561 1253 2598; x_wconf 79' lang='lat' dir='ltr'><strong>ex</strong></span> <span class='ocrx_word' id='word_1_304' title='bbox 1290 2543 1456 2599; x_wconf 78' lang='lat' dir='ltr'><strong>fratre</strong></span> <span class='ocrx_word' id='word_1_305' title='bbox 1491 2553 1587 2599; x_wconf 90' lang='lat' dir='ltr'><strong>tuo</strong></span> <span class='ocrx_word' id='word_1_306' title='bbox 1617 2555 1919 2615; x_wconf 90' lang='lat' dir='ltr'><strong>susceptam</strong></span> <span class='ocrx_word' id='word_1_307' title='bbox 1950 2547 2130 2602; x_wconf 89' lang='lat' dir='ltr'><strong>habet.</strong></span> 
     </span>
    </p>
   </div>
   <div class='ocr_carea' id='block_1_44' title="bbox 566 2632 2130 2707">
    <p class='ocr_par' dir='ltr' id='par_1_44' title="bbox 566 2632 2130 2707">
     <span class='ocr_line' id='line_1_44' title="bbox 566 2632 2130 2707; baseline 0.002 -18"><span class='ocrx_word' id='word_1_308' title='bbox 566 2632 643 2689; x_wconf 78' lang='lat' dir='ltr'><strong>Ne</strong></span> <span class='ocrx_word' id='word_1_309' title='bbox 672 2634 855 2704; x_wconf 92' lang='lat' dir='ltr'><strong>itaque</strong></span> <span class='ocrx_word' id='word_1_310' title='bbox 892 2635 1216 2706; x_wconf 82' lang='lat' dir='ltr'><strong>legislatoris</strong></span> <span class='ocrx_word' id='word_1_311' title='bbox 1237 2636 1610 2706; x_wconf 69' lang='lat' dir='ltr'><strong>praescriptum</strong></span> <span class='ocrx_word' id='word_1_312' title='bbox 1646 2638 2130 2707; x_wconf 65' lang='lat' dir='ltr'><strong>praetergrediaris;</strong></span> 
     </span>
    </p>
   </div>
   <div class='ocr_carea' id='block_1_45' title="bbox 566 2729 2130 2798">
    <p class='ocr_par' dir='ltr' id='par_1_45' title="bbox 566 2729 2130 2798">
     <span class='ocr_line' id='line_1_45' title="bbox 566 2729 2130 2798; baseline 0.002 -18"><span class='ocrx_word' id='word_1_313' title='bbox 566 2743 744 2794; x_wconf 85' lang='lat' dir='ltr'><strong>neque</strong></span> <span class='ocrx_word' id='word_1_314' title='bbox 776 2743 1069 2797; x_wconf 88' lang='lat' dir='ltr'><strong>purpuram</strong></span> <span class='ocrx_word' id='word_1_315' title='bbox 1111 2729 1352 2783; x_wconf 86' lang='lat' dir='ltr'><strong>macules</strong></span> <span class='ocrx_word' id='word_1_316' title='bbox 1387 2729 1654 2798; x_wconf 75' lang='lat' dir='ltr'><strong>sanguine</strong></span> <span class='ocrx_word' id='word_1_317' title='bbox 1682 2730 1908 2794; x_wconf 90' lang='lat' dir='ltr'><strong>illicito;</strong></span> <span class='ocrx_word' id='word_1_318' title='bbox 1934 2740 2130 2783; x_wconf 91' lang='lat' dir='ltr'><strong>etcum</strong></span> 
     </span>
    </p>
   </div>
   <div class='ocr_carea' id='block_1_46' title="bbox 566 2819 2129 2888">
    <p class='ocr_par' dir='ltr' id='par_1_46' title="bbox 566 2819 2129 2888">
     <span class='ocr_line' id='line_1_46' title="bbox 566 2819 2129 2888; baseline 0.001 -14"><span class='ocrx_word' id='word_1_319' title='bbox 566 2819 778 2874; x_wconf 69' lang='lat' dir='ltr'><strong>ueteris</strong></span> <span class='ocrx_word' id='word_1_320' title='bbox 803 2819 1052 2888; x_wconf 88' lang='lat' dir='ltr'><strong>exemplo</strong></span> <span class='ocrx_word' id='word_1_321' title='bbox 1071 2834 1192 2874; x_wconf 89' lang='lat' dir='ltr'><strong>esse</strong></span> <span class='ocrx_word' id='word_1_322' title='bbox 1207 2820 1426 2884; x_wconf 89' lang='lat' dir='ltr'><strong>debeas,</strong></span> <span class='ocrx_word' id='word_1_323' title='bbox 1460 2836 1588 2876; x_wconf 86' lang='lat' dir='ltr'><strong>cave</strong></span> <span class='ocrx_word' id='word_1_324' title='bbox 1615 2836 1682 2873; x_wconf 89' lang='lat' dir='ltr'><strong>ne</strong></span> <span class='ocrx_word' id='word_1_325' title='bbox 1711 2821 1946 2875; x_wconf 87' lang='lat' dir='ltr'><strong>subditis</strong></span> <span class='ocrx_word' id='word_1_326' title='bbox 1965 2836 2129 2875; x_wconf 91' lang='lat' dir='ltr'><strong>causa</strong></span> 
     </span>
    </p>
   </div>
   <div class='ocr_carea' id='block_1_47' title="bbox 567 2908 2129 2980">
    <p class='ocr_par' dir='ltr' id='par_1_47' title="bbox 567 2908 2129 2980">
     <span class='ocr_line' id='line_1_47' title="bbox 567 2908 2129 2980; baseline 0.001 -17"><span class='ocrx_word' id='word_1_327' title='bbox 567 2909 824 2978; x_wconf 84' lang='lat' dir='ltr'><strong>peccandi</strong></span> <span class='ocrx_word' id='word_1_328' title='bbox 859 2908 1111 2966; x_wconf 77' lang='lat' dir='ltr'><strong>eﬂiciaris</strong></span> <span class='ocrx_word' id='word_1_329' title='bbox 1142 2928 1156 2964; x_wconf 90' lang='lat'><strong>:</strong></span> <span class='ocrx_word' id='word_1_330' title='bbox 1188 2912 1413 2980; x_wconf 86' lang='lat' dir='ltr'><strong>ideoque</strong></span> <span class='ocrx_word' id='word_1_331' title='bbox 1470 2912 1673 2980; x_wconf 83' lang='lat' dir='ltr'><strong>justam</strong></span> <span class='ocrx_word' id='word_1_332' title='bbox 1726 2911 2129 2966; x_wconf 82' lang='lat' dir='ltr'><strong>damnationem</strong></span> 
     </span>
    </p>
   </div>
   <div class='ocr_carea' id='block_1_48' title="bbox 565 3000 2128 3071">
    <p class='ocr_par' dir='ltr' id='par_1_48' title="bbox 565 3000 2128 3071">
     <span class='ocr_line' id='line_1_48' title="bbox 565 3000 2128 3071; baseline 0.003 -18"><span class='ocrx_word' id='word_1_333' title='bbox 565 3000 810 3068; x_wconf 85' lang='lat' dir='ltr'><strong>patiaris,</strong></span> <span class='ocrx_word' id='word_1_334' title='bbox 843 3002 1093 3070; x_wconf 86' lang='lat' dir='ltr'><strong>quoniam</strong></span> <span class='ocrx_word' id='word_1_335' title='bbox 1125 3003 1421 3056; x_wconf 83' lang='lat' dir='ltr'><strong>districtum</strong></span> <span class='ocrx_word' id='word_1_336' title='bbox 1458 3002 1732 3071; x_wconf 67' lang='lat' dir='ltr'><strong>judicium&#39;</strong></span> <span class='ocrx_word' id='word_1_337' title='bbox 1765 3018 1850 3056; x_wconf 90' lang='lat' dir='ltr'><strong>eos</strong></span> <span class='ocrx_word' id='word_1_338' title='bbox 1880 3003 1968 3071; x_wconf 86' lang='lat' dir='ltr'><strong>qui</strong></span> <span class='ocrx_word' id='word_1_339' title='bbox 1998 3005 2128 3057; x_wconf 87' lang='lat' dir='ltr'><strong>emi-</strong></span> 
     </span>
    </p>
   </div>
   <div class='ocr_carea' id='block_1_49' title="bbox 567 3088 1440 3158">
    <p class='ocr_par' dir='ltr' id='par_1_49' title="bbox 567 3088 1440 3158">
     <span class='ocr_line' id='line_1_49' title="bbox 567 3088 1440 3158; baseline 0.007 -19"><span class='ocrx_word' id='word_1_340' title='bbox 567 3096 717 3140; x_wconf 80' lang='lat' dir='ltr'><strong>ttente</strong></span> <span class='ocrx_word' id='word_1_341' title='bbox 741 3088 998 3158; x_wconf 85' lang='lat' dir='ltr'><strong>dignitate</strong></span> <span class='ocrx_word' id='word_1_342' title='bbox 1033 3101 1151 3141; x_wconf 90' lang='lat' dir='ltr'><strong>sunt</strong></span> <span class='ocrx_word' id='word_1_343' title='bbox 1181 3101 1354 3144; x_wconf 89' lang='lat' dir='ltr'><strong>manet</strong></span> <span class='ocrx_word' id='word_1_344' title='bbox 1376 3091 1440 3145; x_wconf 80' lang='grc'><strong>⁸⁸.</strong></span> 
     </span>
    </p>
   </div>
   <div class='ocr_carea' id='block_1_50' title="bbox 2240 1909 3809 1982">
    <p class='ocr_par' dir='ltr' id='par_1_50' title="bbox 2240 1909 3809 1982">
     <span class='ocr_line' id='line_1_50' title="bbox 2240 1909 3809 1982; baseline 0 -20"><span class='ocrx_word' id='word_1_345' title='bbox 2240 1926 2436 1981; x_wconf 63' lang='grc' dir='ltr'>φησινς</span> <span class='ocrx_word' id='word_1_346' title='bbox 2467 1912 2587 1964; x_wconf 84' lang='grc' dir='ltr'><strong>Οὐκ</strong></span> <span class='ocrx_word' id='word_1_347' title='bbox 2610 1910 2814 1971; x_wconf 74' lang='grc' dir='ltr'>ἔξεστί</span> <span class='ocrx_word' id='word_1_348' title='bbox 2839 1928 2936 1966; x_wconf 89' lang='grc' dir='ltr'><strong>σοι</strong></span> <span class='ocrx_word' id='word_1_349' title='bbox 2963 1913 3128 1982; x_wconf 76' lang='grc' dir='ltr'>ἔχειν</span> <span class='ocrx_word' id='word_1_350' title='bbox 3154 1912 3348 1978; x_wconf 83' lang='grc' dir='ltr'>αὑτήν</span> <span class='ocrx_word' id='word_1_351' title='bbox 3375 1927 3389 1940; x_wconf 85' lang='grc'><strong>·</strong></span> <span class='ocrx_word' id='word_1_352' title='bbox 3422 1911 3517 1963; x_wconf 75' lang='grc' dir='ltr'><strong>ἐπὶ</strong></span> <span class='ocrx_word' id='word_1_353' title='bbox 3531 1909 3632 1981; x_wconf 81' lang='grc' dir='ltr'>τὴν</span> <span class='ocrx_word' id='word_1_354' title='bbox 3654 1909 3809 1962; x_wconf 84' lang='grc' dir='ltr'>Θείαν</span> 
     </span>
    </p>
   </div>
   <div class='ocr_carea' id='block_1_51' title="bbox 2238 2000 3809 2072">
    <p class='ocr_par' dir='ltr' id='par_1_51' title="bbox 2238 2000 3809 2072">
     <span class='ocr_line' id='line_1_51' title="bbox 2238 2000 3809 2072; baseline -0.001 -18"><span class='ocrx_word' id='word_1_355' title='bbox 2238 2001 2398 2054; x_wconf 84' lang='grc' dir='ltr'>αὑτὸν</span> <span class='ocrx_word' id='word_1_356' title='bbox 2434 2002 2751 2072; x_wconf 86' lang='grc' dir='ltr'>νομοθεσίαν</span> <span class='ocrx_word' id='word_1_357' title='bbox 2785 2004 2989 2069; x_wconf 80' lang='grc' dir='ltr'>ἄνεισι,</span> <span class='ocrx_word' id='word_1_358' title='bbox 3019 2002 3248 2058; x_wconf 81' lang='grc' dir='ltr'>τοιαῦτά</span> <span class='ocrx_word' id='word_1_359' title='bbox 3282 2019 3398 2066; x_wconf 87' lang='grc' dir='ltr'><strong>πως</strong></span> <span class='ocrx_word' id='word_1_360' title='bbox 3437 2001 3614 2070; x_wconf 77' lang='grc' dir='ltr'>λέγων</span> <span class='ocrx_word' id='word_1_361' title='bbox 3639 2017 3655 2032; x_wconf 76' lang='grc' dir='ltr'><strong>ο</strong></span> <span class='ocrx_word' id='word_1_362' title='bbox 3698 2000 3809 2053; x_wconf 81' lang='grc' dir='ltr'>Ἴδε</span> 
     </span>
    </p>
   </div>
   <div class='ocr_carea' id='block_1_52' title="bbox 2238 2091 3811 2164">
    <p class='ocr_par' dir='ltr' id='par_1_52' title="bbox 2238 2091 3811 2164">
     <span class='ocr_line' id='line_1_52' title="bbox 2238 2091 3811 2164; baseline -0.001 -18"><span class='ocrx_word' id='word_1_363' title='bbox 2238 2093 2333 2146; x_wconf 81' lang='grc' dir='ltr'>καὶ</span> <span class='ocrx_word' id='word_1_364' title='bbox 2357 2091 2620 2161; x_wconf 84' lang='grc' dir='ltr'>ὲπίγνωθι</span> <span class='ocrx_word' id='word_1_365' title='bbox 2651 2093 2703 2146; x_wconf 90' lang='grc' dir='ltr'><strong>τί</strong></span> <span class='ocrx_word' id='word_1_366' title='bbox 2733 2111 2815 2146; x_wconf 91' lang='grc' dir='ltr'><strong>σοι</strong></span> <span class='ocrx_word' id='word_1_367' title='bbox 2855 2096 2883 2148; x_wconf 91' lang='lat'><strong>6</strong></span> <span class='ocrx_word' id='word_1_368' title='bbox 2934 2095 3098 2164; x_wconf 81' lang='grc' dir='ltr'>νόμος</span> <span class='ocrx_word' id='word_1_369' title='bbox 3137 2091 3576 2164; x_wconf 84' lang='grc' dir='ltr'>παρακελεύεται</span> <span class='ocrx_word' id='word_1_370' title='bbox 3601 2108 3614 2121; x_wconf 89' lang='grc'><strong>·</strong></span> <span class='ocrx_word' id='word_1_371' title='bbox 3667 2092 3811 2145; x_wconf 85' lang='grc' dir='ltr'><strong>Ἐὰν</strong></span> 
     </span>
    </p>
   </div>
   <div class='ocr_carea' id='block_1_53' title="bbox 2237 2183 3811 2255">
    <p class='ocr_par' dir='ltr' id='par_1_53' title="bbox 2237 2183 3811 2255">
     <span class='ocr_line' id='line_1_53' title="bbox 2237 2183 3811 2255; baseline -0.001 -18"><span class='ocrx_word' id='word_1_372' title='bbox 2237 2183 2305 2238; x_wconf 85' lang='grc' dir='ltr'>δὲ</span> <span class='ocrx_word' id='word_1_373' title='bbox 2347 2184 2736 2240; x_wconf 80' lang='grc' dir='ltr'>κατοικοῦσιν</span> <span class='ocrx_word' id='word_1_374' title='bbox 2789 2185 3037 2255; x_wconf 69' lang='grc' dir='ltr'>ἀδελφοί</span> <span class='ocrx_word' id='word_1_375' title='bbox 3078 2186 3177 2240; x_wconf 76' lang='grc' dir='ltr'><strong>ἐπὶ</strong></span> <span class='ocrx_word' id='word_1_376' title='bbox 3208 2186 3275 2238; x_wconf 83' lang='grc' dir='ltr'>τὸ</span> <span class='ocrx_word' id='word_1_377' title='bbox 3311 2187 3480 2249; x_wconf 82' lang='grc' dir='ltr'>αὐτὸ,</span> <span class='ocrx_word' id='word_1_378' title='bbox 3515 2184 3617 2238; x_wconf 80' lang='grc' dir='ltr'><strong>καί</strong></span> <span class='ocrx_word' id='word_1_379' title='bbox 3657 2184 3811 2237; x_wconf 70' lang='grc' dir='ltr'>ἀπο-</span> 
     </span>
    </p>
   </div>
   <div class='ocr_carea' id='block_1_54' title="bbox 2239 2272 3811 2345">
    <p class='ocr_par' dir='ltr' id='par_1_54' title="bbox 2239 2272 3811 2345">
     <span class='ocr_line' id='line_1_54' title="bbox 2239 2272 3811 2345; baseline -0.001 -16"><span class='ocrx_word' id='word_1_380' title='bbox 2239 2276 2389 2344; x_wconf 83' lang='grc' dir='ltr'>θάνῃ</span> <span class='ocrx_word' id='word_1_381' title='bbox 2418 2272 2506 2342; x_wconf 78' lang='grc' dir='ltr'>εἷς</span> <span class='ocrx_word' id='word_1_382' title='bbox 2541 2277 2609 2341; x_wconf 80' lang='grc' dir='ltr'><strong>ἐξ</strong></span> <span class='ocrx_word' id='word_1_383' title='bbox 2643 2277 2864 2340; x_wconf 86' lang='grc' dir='ltr'>αὐτῶν,</span> <span class='ocrx_word' id='word_1_384' title='bbox 2896 2277 3134 2345; x_wconf 84' lang='grc' dir='ltr'>σπέρμα</span> <span class='ocrx_word' id='word_1_385' title='bbox 3167 2276 3235 2330; x_wconf 75' lang='grc' dir='ltr'>δὲ</span> <span class='ocrx_word' id='word_1_386' title='bbox 3256 2276 3342 2344; x_wconf 81' lang='grc' dir='ltr'>μὴ</span> <span class='ocrx_word' id='word_1_387' title='bbox 3378 2275 3471 2343; x_wconf 78' lang='grc' dir='ltr'><strong>ειη</strong></span> <span class='ocrx_word' id='word_1_388' title='bbox 3492 2274 3675 2340; x_wconf 84' lang='grc' dir='ltr'>αὐτῷ,</span> <span class='ocrx_word' id='word_1_389' title='bbox 3697 2277 3811 2329; x_wconf 78' lang='grc' dir='ltr'>οὐκ</span> 
     </span>
    </p>
   </div>
   <div class='ocr_carea' id='block_1_55' title="bbox 2239 2364 3810 2437">
    <p class='ocr_par' dir='ltr' id='par_1_55' title="bbox 2239 2364 3810 2437">
     <span class='ocr_line' id='line_1_55' title="bbox 2239 2364 3810 2437; baseline -0.001 -17"><span class='ocrx_word' id='word_1_390' title='bbox 2239 2367 2466 2434; x_wconf 74' lang='grc' dir='ltr'>ἐστινὴ</span> <span class='ocrx_word' id='word_1_391' title='bbox 2501 2368 2656 2437; x_wconf 76' lang='grc' dir='ltr'>γυνὴ</span> <span class='ocrx_word' id='word_1_392' title='bbox 2700 2368 2804 2421; x_wconf 83' lang='grc' dir='ltr'>τοῦ</span> <span class='ocrx_word' id='word_1_393' title='bbox 2836 2371 3190 2434; x_wconf 81' lang='grc' dir='ltr'>τεθνηκότος</span> <span class='ocrx_word' id='word_1_394' title='bbox 3235 2368 3352 2431; x_wconf 74' lang='grc' dir='ltr'>ἔξω</span> <span class='ocrx_word' id='word_1_395' title='bbox 3383 2366 3555 2434; x_wconf 82' lang='grc' dir='ltr'>ἀνδρί</span> <span class='ocrx_word' id='word_1_396' title='bbox 3596 2364 3678 2433; x_wconf 80' lang='grc' dir='ltr'>μὴ</span> <span class='ocrx_word' id='word_1_397' title='bbox 3709 2365 3810 2433; x_wconf 74' lang='grc' dir='ltr'><strong>ἐγ·-</strong></span> 
     </span>
    </p>
   </div>
   <div class='ocr_carea' id='block_1_56' title="bbox 2239 2455 3817 2527">
    <p class='ocr_par' dir='ltr' id='par_1_56' title="bbox 2239 2455 3817 2527">
     <span class='ocr_line' id='line_1_56' title="bbox 2239 2455 3817 2527; baseline 0.001 -19"><span class='ocrx_word' id='word_1_398' title='bbox 2239 2455 2454 2524; x_wconf 77' lang='grc' dir='ltr'>τίζοντι</span> <span class='ocrx_word' id='word_1_399' title='bbox 2477 2474 2491 2489; x_wconf 79' lang='grc' dir='ltr'><strong>ο</strong></span> <span class='ocrx_word' id='word_1_400' title='bbox 2527 2461 2559 2511; x_wconf 86' lang='grc' dir='ltr'><strong>ό</strong></span> <span class='ocrx_word' id='word_1_401' title='bbox 2584 2458 2850 2527; x_wconf 76' lang='grc' dir='ltr'>ἀδελφὸς</span> <span class='ocrx_word' id='word_1_402' title='bbox 2876 2457 2983 2511; x_wconf 88' lang='grc' dir='ltr'>τοῦ</span> <span class='ocrx_word' id='word_1_403' title='bbox 3002 2457 3223 2525; x_wconf 84' lang='grc' dir='ltr'>ἀνδρὸς</span> <span class='ocrx_word' id='word_1_404' title='bbox 3249 2456 3437 2525; x_wconf 83' lang='grc' dir='ltr'>αὐτῆς</span> <span class='ocrx_word' id='word_1_405' title='bbox 3457 2459 3778 2511; x_wconf 73' lang='grc' dir='ltr'>είσελεύσε</span> <span class='ocrx_word' id='word_1_406' title='bbox 3795 2486 3817 2502; x_wconf 78' lang='grc' dir='ltr'><strong>ο</strong></span> 
     </span>
    </p>
   </div>
   <div class='ocr_carea' id='block_1_57' title="bbox 2239 2548 3814 2619">
    <p class='ocr_par' dir='ltr' id='par_1_57' title="bbox 2239 2548 3814 2619">
     <span class='ocr_line' id='line_1_57' title="bbox 2239 2548 3814 2619; baseline 0.002 -19"><span class='ocrx_word' id='word_1_407' title='bbox 2239 2565 2331 2601; x_wconf 84' lang='grc' dir='ltr'><strong>ται</strong></span> <span class='ocrx_word' id='word_1_408' title='bbox 2351 2549 2501 2616; x_wconf 81' lang='grc' dir='ltr'>πρὸς</span> <span class='ocrx_word' id='word_1_409' title='bbox 2543 2549 2737 2617; x_wconf 77' lang='grc' dir='ltr'>αὐτὴν</span> <span class='ocrx_word' id='word_1_410' title='bbox 2758 2593 2772 2615; x_wconf 94' lang='grc'><strong>,</strong></span> <span class='ocrx_word' id='word_1_411' title='bbox 2801 2550 2899 2605; x_wconf 77' lang='grc' dir='ltr'><strong>καί</strong></span> <span class='ocrx_word' id='word_1_412' title='bbox 2945 2550 3203 2618; x_wconf 70' lang='grc' dir='ltr'>λήψεται</span> <span class='ocrx_word' id='word_1_413' title='bbox 3255 2550 3447 2617; x_wconf 82' lang='grc' dir='ltr'>αὐτὴν</span> <span class='ocrx_word' id='word_1_414' title='bbox 3471 2548 3666 2614; x_wconf 74' lang='grc' dir='ltr'>ἑαυτῷ</span> <span class='ocrx_word' id='word_1_415' title='bbox 3707 2569 3814 2619; x_wconf 78' lang='grc' dir='ltr'><strong>τυ-</strong></span> 
     </span>
    </p>
   </div>
   <div class='ocr_carea' id='block_1_58' title="bbox 2237 2638 3811 2710">
    <p class='ocr_par' dir='ltr' id='par_1_58' title="bbox 2237 2638 3811 2710">
     <span class='ocr_line' id='line_1_58' title="bbox 2237 2638 3811 2710; baseline 0.002 -19"><span class='ocrx_word' id='word_1_416' title='bbox 2237 2638 2434 2704; x_wconf 82' lang='grc' dir='ltr'>ναῒκα,</span> <span class='ocrx_word' id='word_1_417' title='bbox 2448 2641 2543 2692; x_wconf 76' lang='grc' dir='ltr'><strong>καί</strong></span> <span class='ocrx_word' id='word_1_418' title='bbox 2558 2640 2912 2710; x_wconf 76' lang='grc' dir='ltr'>συνοικήσει</span> <span class='ocrx_word' id='word_1_419' title='bbox 2928 2639 3084 2709; x_wconf 75' lang='grc' dir='ltr'>αὐτῇ</span> <span class='ocrx_word' id='word_1_420' title='bbox 3093 2657 3106 2670; x_wconf 82' lang='lat'><strong><em>°</em></strong></span> <span class='ocrx_word' id='word_1_421' title='bbox 3127 2641 3224 2694; x_wconf 77' lang='grc' dir='ltr'>καὶ</span> <span class='ocrx_word' id='word_1_422' title='bbox 3241 2641 3412 2694; x_wconf 78' lang='grc' dir='ltr'>ἔσται</span> <span class='ocrx_word' id='word_1_423' title='bbox 3434 2641 3521 2705; x_wconf 89' lang='grc' dir='ltr'>τὸ,</span> <span class='ocrx_word' id='word_1_424' title='bbox 3545 2640 3811 2707; x_wconf 74' lang='grc' dir='ltr'>παιδίον,</span> 
     </span>
    </p>
   </div>
   <div class='ocr_carea' id='block_1_59' title="bbox 2238 2730 3816 2802">
    <p class='ocr_par' dir='ltr' id='par_1_59' title="bbox 2238 2730 3816 2802">
     <span class='ocr_line' id='line_1_59' title="bbox 2238 2730 3816 2802; baseline 0.003 -19"><span class='ocrx_word' id='word_1_425' title='bbox 2238 2730 2270 2783; x_wconf 87' lang='grc' dir='ltr'>ὃ</span> <span class='ocrx_word' id='word_1_426' title='bbox 2329 2730 2407 2785; x_wconf 81' lang='grc' dir='ltr'>ἂν</span> <span class='ocrx_word' id='word_1_427' title='bbox 2441 2733 2656 2802; x_wconf 78' lang='grc' dir='ltr'>τεχθῇ,</span> <span class='ocrx_word' id='word_1_428' title='bbox 2694 2735 3209 2801; x_wconf 82' lang='grc' dir='ltr'>κατασταθήσεται</span> <span class='ocrx_word' id='word_1_429' title='bbox 3245 2735 3314 2788; x_wconf 77' lang='grc' dir='ltr'>ἐκ</span> <span class='ocrx_word' id='word_1_430' title='bbox 3360 2733 3468 2787; x_wconf 85' lang='grc' dir='ltr'>τοῦ</span> <span class='ocrx_word' id='word_1_431' title='bbox 3518 2734 3816 2802; x_wconf 79' lang='grc' dir='ltr'>ὀνόματος</span> 
     </span>
    </p>
   </div>
   <div class='ocr_carea' id='block_1_60' title="bbox 2238 2822 3817 2895">
    <p class='ocr_par' dir='ltr' id='par_1_60' title="bbox 2238 2822 3817 2895">
     <span class='ocr_line' id='line_1_60' title="bbox 2238 2822 3817 2895; baseline 0.003 -21"><span class='ocrx_word' id='word_1_432' title='bbox 2238 2822 2343 2877; x_wconf 83' lang='grc' dir='ltr'>τοῦ</span> <span class='ocrx_word' id='word_1_433' title='bbox 2382 2827 2895 2892; x_wconf 75' lang='grc' dir='ltr'><strong>τετελευτηκότος,</strong></span> <span class='ocrx_word' id='word_1_434' title='bbox 2923 2827 3023 2880; x_wconf 79' lang='grc' dir='ltr'><strong>καί</strong></span> <span class='ocrx_word' id='word_1_435' title='bbox 3058 2829 3172 2880; x_wconf 85' lang='grc' dir='ltr'>οὐκ</span> <span class='ocrx_word' id='word_1_436' title='bbox 3209 2824 3713 2895; x_wconf 71' lang='grc' dir='ltr'>ἐξαλειφθήσεται</span> <span class='ocrx_word' id='word_1_437' title='bbox 3748 2826 3817 2879; x_wconf 83' lang='grc' dir='ltr'>τὸ</span> 
     </span>
    </p>
   </div>
   <div class='ocr_carea' id='block_1_61' title="bbox 2239 2911 3815 2988">
    <p class='ocr_par' dir='ltr' id='par_1_61' title="bbox 2239 2911 3815 2988">
     <span class='ocr_line' id='line_1_61' title="bbox 2239 2911 3815 2988; baseline 0.003 -24"><span class='ocrx_word' id='word_1_438' title='bbox 2239 2911 2425 2981; x_wconf 78' lang='grc' dir='ltr'>ὄνομα</span> <span class='ocrx_word' id='word_1_439' title='bbox 2473 2916 2659 2970; x_wconf 83' lang='grc' dir='ltr'>αὑτοῦ</span> <span class='ocrx_word' id='word_1_440' title='bbox 2705 2917 2773 2981; x_wconf 79' lang='grc' dir='ltr'><strong>ἐξ</strong></span> <span class='ocrx_word' id='word_1_441' title='bbox 2816 2917 3087 2985; x_wconf 70' lang='grc' dir='ltr'>Ἰσραήλ.</span> <span class='ocrx_word' id='word_1_442' title='bbox 3123 2917 3312 2972; x_wconf 84' lang='grc' dir='ltr'>Ταῦτά</span> <span class='ocrx_word' id='word_1_443' title='bbox 3354 2919 3485 2971; x_wconf 89' lang='grc' dir='ltr'>σοιό</span> <span class='ocrx_word' id='word_1_444' title='bbox 3509 2918 3674 2988; x_wconf 86' lang='grc' dir='ltr'>νόμος</span> <span class='ocrx_word' id='word_1_445' title='bbox 3712 2934 3815 2969; x_wconf 83' lang='grc' dir='ltr'>πα-</span> 
     </span>
    </p>
   </div>
   <div class='ocr_carea' id='block_1_62' title="bbox 2243 3001 3829 3077">
    <p class='ocr_par' dir='ltr' id='par_1_62' title="bbox 2243 3001 3829 3077">
     <span class='ocr_line' id='line_1_62' title="bbox 2243 3001 3829 3077; baseline 0.002 -24"><span class='ocrx_word' id='word_1_446' title='bbox 2243 3001 2589 3070; x_wconf 85' lang='grc' dir='ltr'>ρακελεύεται</span> <span class='ocrx_word' id='word_1_447' title='bbox 2616 3021 2631 3037; x_wconf 79' lang='grc' dir='ltr'><strong>ο</strong></span> <span class='ocrx_word' id='word_1_448' title='bbox 2663 3010 2727 3060; x_wconf 83' lang='grc' dir='ltr'>σὺ</span> <span class='ocrx_word' id='word_1_449' title='bbox 2753 3005 2809 3059; x_wconf 84' lang='grc' dir='ltr'>δὲ</span> <span class='ocrx_word' id='word_1_450' title='bbox 2847 3007 3144 3075; x_wconf 84' lang='grc' dir='ltr'>είσοικήσω</span> <span class='ocrx_word' id='word_1_451' title='bbox 3185 3005 3284 3077; x_wconf 80' lang='grc' dir='ltr'>τὴν</span> <span class='ocrx_word' id='word_1_452' title='bbox 3332 3006 3560 3077; x_wconf 75' lang='grc' dir='ltr'>ἔχουσαν</span> <span class='ocrx_word' id='word_1_453' title='bbox 3601 3004 3829 3059; x_wconf 84' lang='grc' dir='ltr'>παιδίον-</span> 
     </span>
    </p>
   </div>
   <div class='ocr_carea' id='block_1_63' title="bbox 2236 3093 3817 3167">
    <p class='ocr_par' dir='ltr' id='par_1_63' title="bbox 2236 3093 3817 3167">
     <span class='ocr_line' id='line_1_63' title="bbox 2236 3093 3817 3167; baseline 0.003 -24"><span class='ocrx_word' id='word_1_454' title='bbox 2236 3093 2303 3143; x_wconf 83' lang='grc' dir='ltr'>ὲκ</span> <span class='ocrx_word' id='word_1_455' title='bbox 2330 3093 2424 3145; x_wconf 81' lang='grc' dir='ltr'>τοῦ</span> <span class='ocrx_word' id='word_1_456' title='bbox 2448 3094 2677 3164; x_wconf 83' lang='grc' dir='ltr'>ἀδελφοῦ</span> <span class='ocrx_word' id='word_1_457' title='bbox 2715 3114 2833 3149; x_wconf 92' lang='grc' dir='ltr'>σου.</span> <span class='ocrx_word' id='word_1_458' title='bbox 2880 3095 2971 3166; x_wconf 84' lang='grc' dir='ltr'><strong>Μὴ</strong></span> <span class='ocrx_word' id='word_1_459' title='bbox 3004 3095 3060 3149; x_wconf 76' lang='grc' dir='ltr'>δὲ</span> <span class='ocrx_word' id='word_1_460' title='bbox 3101 3095 3353 3167; x_wconf 76' lang='grc' dir='ltr'>παραϐῇς</span> <span class='ocrx_word' id='word_1_461' title='bbox 3397 3096 3488 3150; x_wconf 79' lang='grc' dir='ltr'>τοῦ</span> <span class='ocrx_word' id='word_1_462' title='bbox 3522 3095 3817 3164; x_wconf 79' lang='grc' dir='ltr'>νομοθέτου</span> 
     </span>
    </p>
   </div>
   <div class='ocr_carea' id='block_1_64' title="bbox 564 3179 3816 3258">
    <p class='ocr_par' dir='ltr' id='par_1_64' title="bbox 564 3179 3816 3258">
     <span class='ocr_line' id='line_1_64' title="bbox 564 3179 3816 3258; baseline 0.003 -28"><span class='ocrx_word' id='word_1_463' title='bbox 564 3181 658 3232; x_wconf 56' lang='grc' dir='ltr'>τὶν</span> <span class='ocrx_word' id='word_1_464' title='bbox 679 3181 801 3252; x_wconf 84' lang='grc' dir='ltr'>ὅρον</span> <span class='ocrx_word' id='word_1_465' title='bbox 820 3196 834 3210; x_wconf 78' lang='grc'><strong><em>⁸</em></strong></span> <span class='ocrx_word' id='word_1_466' title='bbox 866 3179 989 3251; x_wconf 80' lang='grc' dir='ltr'>μηδ’</span> <span class='ocrx_word' id='word_1_467' title='bbox 1022 3180 1189 3251; x_wconf 79' lang='grc' dir='ltr'>αὐτὴν</span> <span class='ocrx_word' id='word_1_468' title='bbox 1206 3181 1494 3251; x_wconf 76' lang='grc' dir='ltr'>ἁλουργίδα</span> <span class='ocrx_word' id='word_1_469' title='bbox 1525 3182 1756 3255; x_wconf 85' lang='grc' dir='ltr'>μολύνῃς</span> <span class='ocrx_word' id='word_1_470' title='bbox 1781 3183 1972 3254; x_wconf 81' lang='grc' dir='ltr'>αἵματι</span> <span class='ocrx_word' id='word_1_471' title='bbox 1997 3183 2197 3254; x_wconf 81' lang='grc' dir='ltr'>ἀνοσίῳ</span> <span class='ocrx_word' id='word_1_472' title='bbox 2223 3199 2237 3214; x_wconf 75' lang='grc'><strong>⁸</strong></span> <span class='ocrx_word' id='word_1_473' title='bbox 2292 3187 2430 3254; x_wconf 88' lang='grc' dir='ltr'>μήτε</span> <span class='ocrx_word' id='word_1_474' title='bbox 2453 3185 2558 3257; x_wconf 82' lang='grc' dir='ltr'><strong>μὴν</strong></span> <span class='ocrx_word' id='word_1_475' title='bbox 2576 3189 2603 3238; x_wconf 90' lang='lat'><strong>6</strong></span> <span class='ocrx_word' id='word_1_476' title='bbox 2628 3187 2807 3252; x_wconf 83' lang='grc' dir='ltr'>ἀλλοις</span> <span class='ocrx_word' id='word_1_477' title='bbox 2867 3189 3036 3251; x_wconf 85' lang='grc' dir='ltr'>τύπος</span> <span class='ocrx_word' id='word_1_478' title='bbox 3075 3188 3338 3258; x_wconf 79' lang='grc' dir='ltr'>εὐνομίας</span> <span class='ocrx_word' id='word_1_479' title='bbox 3397 3188 3628 3256; x_wconf 83' lang='grc' dir='ltr'>ὀφείλων</span> <span class='ocrx_word' id='word_1_480' title='bbox 3682 3187 3816 3240; x_wconf 86' lang='grc' dir='ltr'>καθ·</span> 
     </span>
    </p>
   </div>
   <div class='ocr_carea' id='block_1_65' title="bbox 565 3273 3822 3350">
    <p class='ocr_par' dir='ltr' id='par_1_65' title="bbox 565 3273 3822 3350">
     <span class='ocr_line' id='line_1_65' title="bbox 565 3273 3822 3350; baseline 0.004 -27"><span class='ocrx_word' id='word_1_481' title='bbox 565 3273 937 3338; x_wconf 84' lang='grc' dir='ltr'>εστάναι,τοτς</span> <span class='ocrx_word' id='word_1_482' title='bbox 963 3273 1068 3325; x_wconf 82' lang='grc' dir='ltr'><strong>ὑπὸ</strong></span> <span class='ocrx_word' id='word_1_483' title='bbox 1091 3275 1247 3344; x_wconf 78' lang='grc' dir='ltr'>χεῖρα</span> <span class='ocrx_word' id='word_1_484' title='bbox 1271 3274 1442 3336; x_wconf 76' lang='grc' dir='ltr'>αἴτιος</span> <span class='ocrx_word' id='word_1_485' title='bbox 1478 3275 1702 3346; x_wconf 81' lang='grc' dir='ltr'>ὀφθείης</span> <span class='ocrx_word' id='word_1_486' title='bbox 1731 3275 2110 3348; x_wconf 82' lang='grc' dir='ltr'>παρανομίας·</span> <span class='ocrx_word' id='word_1_487' title='bbox 2150 3275 2256 3329; x_wconf 86' lang='grc' dir='ltr'><strong>κάν</strong></span> <span class='ocrx_word' id='word_1_488' title='bbox 2318 3280 2492 3349; x_wconf 85' lang='grc' dir='ltr'>τούτῳ</span> <span class='ocrx_word' id='word_1_489' title='bbox 2559 3278 2802 3343; x_wconf 81' lang='grc' dir='ltr'>ὐποίσοις</span> <span class='ocrx_word' id='word_1_490' title='bbox 2842 3280 2903 3332; x_wconf 76' lang='grc' dir='ltr'><strong>τὸ</strong></span> <span class='ocrx_word' id='word_1_491' title='bbox 2960 3282 3136 3350; x_wconf 77' lang='grc' dir='ltr'>κρίμα</span> <span class='ocrx_word' id='word_1_492' title='bbox 3176 3279 3411 3344; x_wconf 64' lang='grc' dir='ltr'>ἔνδικον,</span> <span class='ocrx_word' id='word_1_493' title='bbox 3437 3278 3558 3332; x_wconf 78' lang='grc' dir='ltr'>Ὅτι</span> <span class='ocrx_word' id='word_1_494' title='bbox 3617 3281 3822 3349; x_wconf 77' lang='grc' dir='ltr'>κρίσις</span> 
     </span>
    </p>
   </div>
   <div class='ocr_carea' id='block_1_66' title="bbox 576 3363 1780 3434">
    <p class='ocr_par' dir='ltr' id='par_1_66' title="bbox 576 3363 1780 3434">
     <span class='ocr_line' id='line_1_66' title="bbox 576 3363 1780 3434; baseline 0.002 -17"><span class='ocrx_word' id='word_1_495' title='bbox 576 3364 877 3431; x_wconf 80' lang='grc' dir='ltr'>ἀπότομος</span> <span class='ocrx_word' id='word_1_496' title='bbox 897 3363 967 3415; x_wconf 76' lang='grc' dir='ltr'>ἐν</span> <span class='ocrx_word' id='word_1_497' title='bbox 988 3363 1114 3429; x_wconf 84' lang='grc' dir='ltr'>τοῖς</span> <span class='ocrx_word' id='word_1_498' title='bbox 1135 3363 1500 3433; x_wconf 77' lang='grc' dir='ltr'>ὑπερέχουσι</span> <span class='ocrx_word' id='word_1_499' title='bbox 1538 3367 1780 3434; x_wconf 75' lang='grc' dir='ltr'>γίνεται.</span> 
     </span>
    </p>
   </div>
   <div class='ocr_carea' id='block_1_67' title="bbox 639 3457 2142 3526">
    <p class='ocr_par' dir='ltr' id='par_1_67' title="bbox 639 3457 2142 3526">
     <span class='ocr_line' id='line_1_67' title="bbox 639 3457 2142 3526; baseline 0.006 -14"><span class='ocrx_word' id='word_1_500' title='bbox 639 3458 693 3514; x_wconf 81' lang='lat'><strong>5.</strong></span> <span class='ocrx_word' id='word_1_501' title='bbox 733 3457 826 3512; x_wconf 90' lang='lat' dir='ltr'><strong>llle</strong></span> <span class='ocrx_word' id='word_1_502' title='bbox 881 3465 1062 3512; x_wconf 86' lang='lat' dir='ltr'><strong>autem</strong></span> <span class='ocrx_word' id='word_1_503' title='bbox 1111 3459 1348 3526; x_wconf 88' lang='lat' dir='ltr'><strong>potentia</strong></span> <span class='ocrx_word' id='word_1_504' title='bbox 1390 3460 1596 3524; x_wconf 87' lang='lat' dir='ltr'><strong>elatus,</strong></span> <span class='ocrx_word' id='word_1_505' title='bbox 1657 3457 1826 3515; x_wconf 89' lang='lat' dir='ltr'><strong>Deum</strong></span> <span class='ocrx_word' id='word_1_506' title='bbox 1875 3464 2142 3521; x_wconf 82' lang='lat' dir='ltr'><strong>exsistere</strong></span> 
     </span>
    </p>
   </div>
   <div class='ocr_carea' id='block_1_68' title="bbox 567 3547 2137 3618">
    <p class='ocr_par' dir='ltr' id='par_1_68' title="bbox 567 3547 2137 3618">
     <span class='ocr_line' id='line_1_68' title="bbox 567 3547 2137 3618; baseline 0.004 -14"><span class='ocrx_word' id='word_1_507' title='bbox 567 3549 788 3611; x_wconf 83' lang='lat' dir='ltr'><strong>oblitus,</strong></span> <span class='ocrx_word' id='word_1_508' title='bbox 821 3547 1055 3609; x_wconf 82' lang='lat' dir='ltr'><strong>furebat,</strong></span> <span class='ocrx_word' id='word_1_509' title='bbox 1092 3548 1170 3601; x_wconf 89' lang='lat' dir='ltr'><strong>ira</strong></span> <span class='ocrx_word' id='word_1_510' title='bbox 1209 3549 1490 3611; x_wconf 67' lang='lat' dir='ltr'><strong>aestuabat,</strong></span> <span class='ocrx_word' id='word_1_511' title='bbox 1527 3551 1999 3618; x_wconf 84' lang='lat' dir='ltr'><strong>reprehensionem</strong></span> <span class='ocrx_word' id='word_1_512' title='bbox 2049 3571 2137 3612; x_wconf 80' lang='lat' dir='ltr'><strong>re-</strong></span> 
     </span>
    </p>
   </div>
   <div class='ocr_carea' id='block_1_69' title="bbox 568 3637 2137 3715">
    <p class='ocr_par' dir='ltr' id='par_1_69' title="bbox 568 3637 2137 3715">
     <span class='ocr_line' id='line_1_69' title="bbox 568 3637 2137 3715; baseline 0.006 -23"><span class='ocrx_word' id='word_1_513' title='bbox 568 3639 818 3710; x_wconf 84' lang='lat' dir='ltr'><strong>pellebat.</strong></span> <span class='ocrx_word' id='word_1_514' title='bbox 849 3637 966 3693; x_wconf 83' lang='lat' dir='ltr'><strong>Non</strong></span> <span class='ocrx_word' id='word_1_515' title='bbox 995 3648 1078 3694; x_wconf 87' lang='lat' dir='ltr'><strong>est</strong></span> <span class='ocrx_word' id='word_1_516' title='bbox 1107 3639 1349 3695; x_wconf 86' lang='lat' dir='ltr'><strong>imitatus</strong></span> <span class='ocrx_word' id='word_1_517' title='bbox 1381 3639 1662 3708; x_wconf 87' lang='lat' dir='ltr'><strong>Davidem,</strong></span> <span class='ocrx_word' id='word_1_518' title='bbox 1694 3643 1784 3712; x_wconf 89' lang='lat' dir='ltr'><strong>qui</strong></span> <span class='ocrx_word' id='word_1_519' title='bbox 1815 3659 1845 3697; x_wconf 90' lang='lat' dir='ltr'><strong>a</strong></span> <span class='ocrx_word' id='word_1_520' title='bbox 1875 3647 2137 3715; x_wconf 87' lang='lat' dir='ltr'><strong>propheta</strong></span> 
     </span>
    </p>
   </div>
   <div class='ocr_carea' id='block_1_70' title="bbox 567 3729 2137 3803">
    <p class='ocr_par' dir='ltr' id='par_1_70' title="bbox 567 3729 2137 3803">
     <span class='ocr_line' id='line_1_70' title="bbox 567 3729 2137 3803; baseline 0.004 -18"><span class='ocrx_word' id='word_1_521' title='bbox 567 3729 812 3785; x_wconf 79' lang='lat' dir='ltr'><strong>Nathsne</strong></span> <span class='ocrx_word' id='word_1_522' title='bbox 836 3730 902 3783; x_wconf 89' lang='lat' dir='ltr'><strong>de</strong></span> <span class='ocrx_word' id='word_1_523' title='bbox 950 3730 1199 3784; x_wconf 87' lang='lat' dir='ltr'><strong>adulterii</strong></span> <span class='ocrx_word' id='word_1_524' title='bbox 1245 3731 1478 3786; x_wconf 90' lang='lat' dir='ltr'><strong>crimine</strong></span> <span class='ocrx_word' id='word_1_525' title='bbox 1522 3742 1835 3803; x_wconf 80' lang='lat' dir='ltr'><strong>coargutus,</strong></span> <span class='ocrx_word' id='word_1_526' title='bbox 1865 3735 1918 3789; x_wconf 93' lang='lat' dir='ltr'><strong>in</strong></span> <span class='ocrx_word' id='word_1_527' title='bbox 1948 3750 2137 3792; x_wconf 88' lang='lat' dir='ltr'><strong>vocem</strong></span> 
     </span>
    </p>
   </div>
   <div class='ocr_carea' id='block_1_71' title="bbox 568 3820 2142 3892">
    <p class='ocr_par' dir='ltr' id='par_1_71' title="bbox 568 3820 2142 3892">
     <span class='ocr_line' id='line_1_71' title="bbox 568 3820 2142 3892; baseline 0.002 -14"><span class='ocrx_word' id='word_1_528' title='bbox 568 3823 714 3878; x_wconf 79' lang='lat' dir='ltr'><strong>illam</strong></span> <span class='ocrx_word' id='word_1_529' title='bbox 745 3821 921 3890; x_wconf 89' lang='lat' dir='ltr'><strong>erupit</strong></span> <span class='ocrx_word' id='word_1_530' title='bbox 949 3838 962 3874; x_wconf 91' lang='lat'><strong>:</strong></span> <span class='ocrx_word' id='word_1_531' title='bbox 996 3820 1216 3876; x_wconf 76' lang='lat' dir='ltr'><strong>Peccavi</strong></span> <span class='ocrx_word' id='word_1_532' title='bbox 1247 3822 1470 3878; x_wconf 82' lang='lat' dir='ltr'><strong>Domino</strong></span> <span class='ocrx_word' id='word_1_533' title='bbox 1494 3824 1574 3877; x_wconf 72' lang='lat'><strong>&#39;7:</strong></span> <span class='ocrx_word' id='word_1_534' title='bbox 1594 3824 1753 3892; x_wconf 82' lang='lat' dir='ltr'><strong>cujus</strong></span> <span class='ocrx_word' id='word_1_535' title='bbox 1791 3825 1863 3881; x_wconf 86' lang='lat' dir='ltr'><strong>ob</strong></span> <span class='ocrx_word' id='word_1_536' title='bbox 1916 3825 2142 3882; x_wconf 81' lang='lat' dir='ltr'><strong>humili-</strong></span> 
     </span>
    </p>
   </div>
   <div class='ocr_carea' id='block_1_72' title="bbox 568 3910 2142 3988">
    <p class='ocr_par' dir='ltr' id='par_1_72' title="bbox 568 3910 2142 3988">
     <span class='ocr_line' id='line_1_72' title="bbox 568 3910 2142 3988; baseline 0.004 -22"><span class='ocrx_word' id='word_1_537' title='bbox 568 3920 733 3966; x_wconf 76' lang='lat' dir='ltr'><strong>tatem</strong></span> <span class='ocrx_word' id='word_1_538' title='bbox 759 3910 1020 3966; x_wconf 88' lang='lat' dir='ltr'><strong>Dominus</strong></span> <span class='ocrx_word' id='word_1_539' title='bbox 1051 3921 1329 3981; x_wconf 82' lang='lat' dir='ltr'><strong>peccatum</strong></span> <span class='ocrx_word' id='word_1_540' title='bbox 1351 3914 1652 3969; x_wconf 83' lang='lat' dir='ltr'><strong>transtulit.</strong></span> <span class='ocrx_word' id='word_1_541' title='bbox 1687 3914 1791 3970; x_wconf 89' lang='lat' dir='ltr'><strong>Sed</strong></span> <span class='ocrx_word' id='word_1_542' title='bbox 1823 3915 1931 3982; x_wconf 87' lang='lat' dir='ltr'><strong>hic,</strong></span> <span class='ocrx_word' id='word_1_543' title='bbox 1965 3917 2142 3988; x_wconf 89' lang='lat' dir='ltr'><strong>inquit</strong></span> 
     </span>
    </p>
   </div>
   <div class='ocr_carea' id='block_1_73' title="bbox 571 4001 2139 4074">
    <p class='ocr_par' dir='ltr' id='par_1_73' title="bbox 571 4001 2139 4074">
     <span class='ocr_line' id='line_1_73' title="bbox 571 4001 2139 4074; baseline 0.004 -17"><span class='ocrx_word' id='word_1_544' title='bbox 571 4001 871 4074; x_wconf 82' lang='lat' dir='ltr'><strong>Scriptura,</strong></span> <span class='ocrx_word' id='word_1_545' title='bbox 924 4003 1347 4072; x_wconf 77' lang='lat' dir='ltr'><strong>comprehensum</strong></span> <span class='ocrx_word' id='word_1_546' title='bbox 1408 4002 1671 4059; x_wconf 78' lang='lat' dir='ltr'><strong>Joannem</strong></span> <span class='ocrx_word' id='word_1_547' title='bbox 1724 4006 1946 4060; x_wconf 76' lang='lat' dir='ltr'><strong>vinculis</strong></span> <span class='ocrx_word' id='word_1_548' title='bbox 2017 4024 2139 4063; x_wconf 82' lang='lat' dir='ltr'><strong>con-</strong></span> 
     </span>
    </p>
   </div>
   <div class='ocr_carea' id='block_1_74' title="bbox 569 4095 2140 4170">
    <p class='ocr_par' dir='ltr' id='par_1_74' title="bbox 569 4095 2140 4170">
     <span class='ocr_line' id='line_1_74' title="bbox 569 4095 2140 4170; baseline 0.006 -24"><span class='ocrx_word' id='word_1_549' title='bbox 569 4096 784 4149; x_wconf 71' lang='lat' dir='ltr'><strong>strinxit</strong></span> <span class='ocrx_word' id='word_1_550' title='bbox 806 4105 854 4148; x_wconf 92' lang='lat' dir='ltr'><strong>et</strong></span> <span class='ocrx_word' id='word_1_551' title='bbox 878 4095 1076 4149; x_wconf 85' lang='lat' dir='ltr'><strong>carceri</strong></span> <span class='ocrx_word' id='word_1_552' title='bbox 1123 4096 1434 4150; x_wconf 78' lang='lat' dir='ltr'><strong>tradidit&quot;.</strong></span> <span class='ocrx_word' id='word_1_553' title='bbox 1467 4095 1748 4152; x_wconf 81' lang='lat' dir='ltr'><strong>Hominem</strong></span> <span class='ocrx_word' id='word_1_554' title='bbox 1797 4099 2140 4170; x_wconf 81' lang='lat' dir='ltr'><strong>philosOphia</strong></span> 
     </span>
    </p>
   </div>
   <div class='ocr_carea' id='block_1_75' title="bbox 568 4186 2142 4259">
    <p class='ocr_par' dir='ltr' id='par_1_75' title="bbox 568 4186 2142 4259">
     <span class='ocr_line' id='line_1_75' title="bbox 568 4186 2142 4259; baseline 0.006 -19"><span class='ocrx_word' id='word_1_555' title='bbox 568 4186 829 4240; x_wconf 88' lang='lat' dir='ltr'><strong>invictum</strong></span> <span class='ocrx_word' id='word_1_556' title='bbox 870 4186 1282 4255; x_wconf 89' lang='lat' dir='ltr'><strong>comprehendit</strong></span> <span class='ocrx_word' id='word_1_557' title='bbox 1319 4187 1366 4241; x_wconf 86' lang='lat' dir='ltr'><strong>is</strong></span> <span class='ocrx_word' id='word_1_558' title='bbox 1395 4188 1488 4257; x_wconf 92' lang='lat' dir='ltr'><strong>qui</strong></span> <span class='ocrx_word' id='word_1_559' title='bbox 1520 4187 1752 4245; x_wconf 72' lang='lat' dir='ltr'><strong>luxuriae</strong></span> <span class='ocrx_word' id='word_1_560' title='bbox 1780 4191 2032 4259; x_wconf 86' lang='lat' dir='ltr'><strong>passione</strong></span> <span class='ocrx_word' id='word_1_561' title='bbox 2067 4201 2142 4250; x_wconf 87' lang='lat' dir='ltr'><strong>te-</strong></span> 
     </span>
    </p>
   </div>
   <div class='ocr_carea' id='block_1_76' title="bbox 569 4275 2141 4348">
    <p class='ocr_par' dir='ltr' id='par_1_76' title="bbox 569 4275 2141 4348">
     <span class='ocr_line' id='line_1_76' title="bbox 569 4275 2141 4348; baseline 0.004 -17"><span class='ocrx_word' id='word_1_562' title='bbox 569 4276 795 4332; x_wconf 88' lang='lat' dir='ltr'><strong>nebatur</strong></span> <span class='ocrx_word' id='word_1_563' title='bbox 827 4292 841 4330; x_wconf 89' lang='lat'><strong>:</strong></span> <span class='ocrx_word' id='word_1_564' title='bbox 885 4275 1159 4331; x_wconf 88' lang='lat' dir='ltr'><strong>hominem</strong></span> <span class='ocrx_word' id='word_1_565' title='bbox 1186 4275 1443 4342; x_wconf 87' lang='lat' dir='ltr'><strong>liberum,</strong></span> <span class='ocrx_word' id='word_1_566' title='bbox 1473 4286 1659 4344; x_wconf 88' lang='lat' dir='ltr'><strong>utpote</strong></span> <span class='ocrx_word' id='word_1_567' title='bbox 1703 4279 1854 4332; x_wconf 91' lang='lat' dir='ltr'><strong>omni</strong></span> <span class='ocrx_word' id='word_1_568' title='bbox 1890 4281 2141 4348; x_wconf 88' lang='lat' dir='ltr'><strong>passione</strong></span> 
     </span>
    </p>
   </div>
   <div class='ocr_carea' id='block_1_77' title="bbox 577 4367 2140 4438">
    <p class='ocr_par' dir='ltr' id='par_1_77' title="bbox 577 4367 2140 4438">
     <span class='ocr_line' id='line_1_77' title="bbox 577 4367 2140 4438; baseline 0.003 -14"><span class='ocrx_word' id='word_1_569' title='bbox 577 4369 850 4432; x_wconf 88' lang='lat' dir='ltr'><strong>solutum,</strong></span> <span class='ocrx_word' id='word_1_570' title='bbox 884 4368 1130 4436; x_wconf 71' lang='lat' dir='ltr'><strong>alligavit</strong></span> <span class='ocrx_word' id='word_1_571' title='bbox 1187 4367 1234 4422; x_wconf 88' lang='lat' dir='ltr'><strong>is</strong></span> <span class='ocrx_word' id='word_1_572' title='bbox 1271 4367 1366 4438; x_wconf 91' lang='lat' dir='ltr'><strong>qui</strong></span> <span class='ocrx_word' id='word_1_573' title='bbox 1421 4367 1852 4438; x_wconf 62' lang='lat' dir='ltr'><strong>intemperantia</strong></span> <span class='ocrx_word' id='word_1_574' title='bbox 1913 4372 2140 4429; x_wconf 86' lang='lat' dir='ltr'><strong>vinculis</strong></span> 
     </span>
    </p>
   </div>
   <div class='ocr_carea' id='block_1_78' title="bbox 569 4457 2127 4530">
    <p class='ocr_par' dir='ltr' id='par_1_78' title="bbox 569 4457 2127 4530">
     <span class='ocr_line' id='line_1_78' title="bbox 569 4457 2127 4530; baseline 0.004 -18"><span class='ocrx_word' id='word_1_575' title='bbox 569 4458 898 4514; x_wconf 86' lang='lat' dir='ltr'><strong>constrictus</strong></span> <span class='ocrx_word' id='word_1_576' title='bbox 913 4467 1031 4513; x_wconf 89' lang='lat' dir='ltr'><strong>erat</strong></span> <span class='ocrx_word' id='word_1_577' title='bbox 1062 4476 1076 4511; x_wconf 90' lang='lat'><strong>:</strong></span> <span class='ocrx_word' id='word_1_578' title='bbox 1099 4457 1378 4513; x_wconf 88' lang='lat' dir='ltr'><strong>custodem</strong></span> <span class='ocrx_word' id='word_1_579' title='bbox 1406 4459 1925 4530; x_wconf 74' lang='lat' dir='ltr'><strong>praedicatoremque</strong></span> <span class='ocrx_word' id='word_1_580' title='bbox 1952 4461 2127 4519; x_wconf 85' lang='lat' dir='ltr'><strong>Eccle-</strong></span> 
     </span>
    </p>
   </div>
   <div class='ocr_carea' id='block_1_79' title="bbox 569 4549 2139 4620">
    <p class='ocr_par' dir='ltr' id='par_1_79' title="bbox 569 4549 2139 4620">
     <span class='ocr_line' id='line_1_79' title="bbox 569 4549 2139 4620; baseline 0.004 -16"><span class='ocrx_word' id='word_1_581' title='bbox 569 4550 664 4605; x_wconf 65' lang='lat' dir='ltr'><strong>siae</strong></span> <span class='ocrx_word' id='word_1_582' title='bbox 723 4549 941 4604; x_wconf 85' lang='lat' dir='ltr'><strong>tradidit</strong></span> <span class='ocrx_word' id='word_1_583' title='bbox 969 4550 1252 4616; x_wconf 65' lang='lat' dir='ltr'><strong>custodiat,</strong></span> <span class='ocrx_word' id='word_1_584' title='bbox 1279 4551 1326 4604; x_wconf 89' lang='lat' dir='ltr'><strong>is</strong></span> <span class='ocrx_word' id='word_1_585' title='bbox 1377 4551 1472 4619; x_wconf 88' lang='lat' dir='ltr'><strong>qui</strong></span> <span class='ocrx_word' id='word_1_586' title='bbox 1528 4551 1862 4620; x_wconf 89' lang='lat' dir='ltr'><strong>impurorum</strong></span> <span class='ocrx_word' id='word_1_587' title='bbox 1919 4563 2139 4611; x_wconf 90' lang='lat' dir='ltr'><strong>actuum</strong></span> 
     </span>
    </p>
   </div>
   <div class='ocr_carea' id='block_1_80' title="bbox 568 4641 2140 4715">
    <p class='ocr_par' dir='ltr' id='par_1_80' title="bbox 568 4641 2140 4715">
     <span class='ocr_line' id='line_1_80' title="bbox 568 4641 2140 4715; baseline 0.003 -19"><span class='ocrx_word' id='word_1_588' title='bbox 568 4642 899 4710; x_wconf 81' lang='lat' dir='ltr'><strong>mancipium</strong></span> <span class='ocrx_word' id='word_1_589' title='bbox 953 4650 1087 4698; x_wconf 88' lang='lat' dir='ltr'><strong>erat.</strong></span> <span class='ocrx_word' id='word_1_590' title='bbox 1151 4641 1373 4710; x_wconf 87' lang='lat' dir='ltr'><strong>Propter</strong></span> <span class='ocrx_word' id='word_1_591' title='bbox 1426 4641 1713 4696; x_wconf 78' lang='lat' dir='ltr'><strong>Herodiam</strong></span> <span class='ocrx_word' id='word_1_592' title='bbox 1767 4643 1998 4714; x_wconf 82' lang='lat' dir='ltr'><strong>Philippi</strong></span> <span class='ocrx_word' id='word_1_593' title='bbox 2031 4648 2140 4715; x_wconf 77' lang='lat' dir='ltr'><strong>fra-</strong></span> 
     </span>
    </p>
   </div>
   <div class='ocr_carea' id='block_1_81' title="bbox 2310 3449 3826 3529">
    <p class='ocr_par' dir='ltr' id='par_1_81' title="bbox 2310 3449 3826 3529">
     <span class='ocr_line' id='line_1_81' title="bbox 2310 3449 3826 3529; baseline -0.007 -11"><span class='ocrx_word' id='word_1_594' title='bbox 2310 3470 2370 3518; x_wconf 86' lang='grc' dir='ltr'><strong>ε’.</strong></span> <span class='ocrx_word' id='word_1_595' title='bbox 2411 3461 2469 3515; x_wconf 88' lang='lat'><strong>&#39;0</strong></span> <span class='ocrx_word' id='word_1_596' title='bbox 2498 3459 2556 3514; x_wconf 77' lang='grc' dir='ltr'>δὲ</span> <span class='ocrx_word' id='word_1_597' title='bbox 2592 3458 2707 3529; x_wconf 75' lang='grc' dir='ltr'>ἅμα</span> <span class='ocrx_word' id='word_1_598' title='bbox 2744 3455 2823 3527; x_wconf 82' lang='grc' dir='ltr'><strong>τῷ</strong></span> <span class='ocrx_word' id='word_1_599' title='bbox 2867 3456 3079 3525; x_wconf 81' lang='grc' dir='ltr'>κράτει,</span> <span class='ocrx_word' id='word_1_600' title='bbox 3107 3453 3287 3508; x_wconf 76' lang='grc' dir='ltr'>καὶτὸ</span> <span class='ocrx_word' id='word_1_601' title='bbox 3329 3449 3468 3507; x_wconf 81' lang='grc' dir='ltr'>εἶναι</span> <span class='ocrx_word' id='word_1_602' title='bbox 3511 3453 3647 3506; x_wconf 80' lang='grc' dir='ltr'>Θεὸν</span> <span class='ocrx_word' id='word_1_603' title='bbox 3692 3455 3826 3508; x_wconf 62' lang='grc' dir='ltr'>ὲπια</span> 
     </span>
    </p>
   </div>
   <div class='ocr_carea' id='block_1_82' title="bbox 2238 3543 3819 3626">
    <p class='ocr_par' dir='ltr' id='par_1_82' title="bbox 2238 3543 3819 3626">
     <span class='ocr_line' id='line_1_82' title="bbox 2238 3543 3819 3626; baseline -0.005 -17"><span class='ocrx_word' id='word_1_604' title='bbox 2238 3553 2594 3626; x_wconf 74' lang='grc' dir='ltr'>λελησμένος,</span> <span class='ocrx_word' id='word_1_605' title='bbox 2638 3548 2854 3619; x_wconf 71' lang='grc' dir='ltr'>ιμάνη,</span> <span class='ocrx_word' id='word_1_606' title='bbox 2885 3547 3094 3618; x_wconf 72' lang='grc' dir='ltr'><strong>ἐξήφθη</strong></span> <span class='ocrx_word' id='word_1_607' title='bbox 3133 3545 3210 3616; x_wconf 80' lang='grc' dir='ltr'><strong>τῷ</strong></span> <span class='ocrx_word' id='word_1_608' title='bbox 3259 3543 3440 3616; x_wconf 87' lang='grc' dir='ltr'>θυμῷ,</span> <span class='ocrx_word' id='word_1_609' title='bbox 3484 3545 3819 3601; x_wconf 86' lang='grc' dir='ltr'>ἀπεσείσατο</span> 
     </span>
    </p>
   </div>
   <div class='ocr_carea' id='block_1_83' title="bbox 2237 3634 3816 3714">
    <p class='ocr_par' dir='ltr' id='par_1_83' title="bbox 2237 3634 3816 3714">
     <span class='ocr_line' id='line_1_83' title="bbox 2237 3634 3816 3714; baseline -0.008 -13"><span class='ocrx_word' id='word_1_610' title='bbox 2237 3647 2327 3701; x_wconf 77' lang='grc' dir='ltr'>τὸν</span> <span class='ocrx_word' id='word_1_611' title='bbox 2358 3645 2584 3714; x_wconf 75' lang='grc' dir='ltr'>ἔλεγχον</span> <span class='ocrx_word' id='word_1_612' title='bbox 2608 3657 2622 3671; x_wconf 79' lang='grc' dir='ltr'><strong>ο</strong></span> <span class='ocrx_word' id='word_1_613' title='bbox 2650 3641 2752 3693; x_wconf 85' lang='grc' dir='ltr'>οὐκ</span> <span class='ocrx_word' id='word_1_614' title='bbox 2809 3639 3123 3708; x_wconf 67' lang='grc' dir='ltr'>ἐμιμήσατο</span> <span class='ocrx_word' id='word_1_615' title='bbox 3158 3637 3252 3690; x_wconf 82' lang='grc' dir='ltr'>τὸν</span> <span class='ocrx_word' id='word_1_616' title='bbox 3295 3635 3482 3702; x_wconf 72' lang='grc' dir='ltr'>Δαόὶδ,</span> <span class='ocrx_word' id='word_1_617' title='bbox 3523 3634 3584 3698; x_wconf 87' lang='lat'><strong>6;</strong></span> <span class='ocrx_word' id='word_1_618' title='bbox 3623 3636 3816 3708; x_wconf 66' lang='grc' dir='ltr'>ἐπειδὴ</span> 
     </span>
    </p>
   </div>
   <div class='ocr_carea' id='block_1_84' title="bbox 2241 3727 3818 3808">
    <p class='ocr_par' dir='ltr' id='par_1_84' title="bbox 2241 3727 3818 3808">
     <span class='ocr_line' id='line_1_84' title="bbox 2241 3727 3818 3808; baseline -0.006 -17"><span class='ocrx_word' id='word_1_619' title='bbox 2241 3736 2487 3808; x_wconf 68' lang='grc' dir='ltr'>ἠλέγχθη</span> <span class='ocrx_word' id='word_1_620' title='bbox 2541 3733 2693 3804; x_wconf 79' lang='grc' dir='ltr'>παρὰ</span> <span class='ocrx_word' id='word_1_621' title='bbox 2749 3731 2938 3784; x_wconf 81' lang='grc' dir='ltr'>Νάθαν</span> <span class='ocrx_word' id='word_1_622' title='bbox 2986 3729 3080 3784; x_wconf 78' lang='grc' dir='ltr'>τοῦ</span> <span class='ocrx_word' id='word_1_623' title='bbox 3134 3730 3411 3801; x_wconf 80' lang='grc' dir='ltr'>προφήτου</span> <span class='ocrx_word' id='word_1_624' title='bbox 3443 3729 3536 3781; x_wconf 68' lang='lat' dir='ltr'><strong>tut</strong></span> <span class='ocrx_word' id='word_1_625' title='bbox 3568 3727 3818 3798; x_wconf 76' lang='grc' dir='ltr'>μοιχείας</span> 
     </span>
    </p>
   </div>
   <div class='ocr_carea' id='block_1_85' title="bbox 2239 3818 3818 3896">
    <p class='ocr_par' dir='ltr' id='par_1_85' title="bbox 2239 3818 3818 3896">
     <span class='ocr_line' id='line_1_85' title="bbox 2239 3818 3818 3896; baseline -0.005 -15"><span class='ocrx_word' id='word_1_626' title='bbox 2239 3827 2574 3896; x_wconf 76' lang='grc' dir='ltr'>ἐγκλήματι,</span> <span class='ocrx_word' id='word_1_627' title='bbox 2615 3823 2833 3894; x_wconf 66' lang='grc' dir='ltr'>ἐκείνην</span> <span class='ocrx_word' id='word_1_628' title='bbox 2861 3820 3195 3894; x_wconf 74' lang='grc' dir='ltr'>προεϐάλετο</span> <span class='ocrx_word' id='word_1_629' title='bbox 3224 3822 3323 3889; x_wconf 77' lang='grc' dir='ltr'>τὴν</span> <span class='ocrx_word' id='word_1_630' title='bbox 3349 3818 3555 3890; x_wconf 78' lang='grc' dir='ltr'>φωνὴν,</span> <span class='ocrx_word' id='word_1_631' title='bbox 3601 3818 3818 3889; x_wconf 78' lang='grc' dir='ltr'>Ἦμάρ·</span> 
     </span>
    </p>
   </div>
   <div class='ocr_carea' id='block_1_86' title="bbox 2241 3903 3818 3981">
    <p class='ocr_par' dir='ltr' id='par_1_86' title="bbox 2241 3903 3818 3981">
     <span class='ocr_line' id='line_1_86' title="bbox 2241 3903 3818 3981; baseline -0.002 -16"><span class='ocrx_word' id='word_1_632' title='bbox 2241 3930 2394 3980; x_wconf 84' lang='grc' dir='ltr'>τηκα</span> <span class='ocrx_word' id='word_1_633' title='bbox 2422 3910 2502 3976; x_wconf 85' lang='grc' dir='ltr'>τῷ</span> <span class='ocrx_word' id='word_1_634' title='bbox 2531 3912 2726 3981; x_wconf 83' lang='grc' dir='ltr'>Κυρίῳ</span> <span class='ocrx_word' id='word_1_635' title='bbox 2752 3926 2766 3939; x_wconf 82' lang='grc'><em>’</em></span> <span class='ocrx_word' id='word_1_636' title='bbox 2801 3903 2864 3964; x_wconf 77' lang='grc' dir='ltr'><strong>οὗ</strong></span> <span class='ocrx_word' id='word_1_637' title='bbox 2901 3908 2990 3963; x_wconf 83' lang='grc' dir='ltr'>διὰ</span> <span class='ocrx_word' id='word_1_638' title='bbox 3015 3908 3116 3979; x_wconf 80' lang='grc' dir='ltr'>τὴν</span> <span class='ocrx_word' id='word_1_639' title='bbox 3142 3909 3470 3962; x_wconf 81' lang='grc' dir='ltr'>ταπείνωσιν</span> <span class='ocrx_word' id='word_1_640' title='bbox 3497 3909 3593 3962; x_wconf 81' lang='grc' dir='ltr'>καὶ</span> <span class='ocrx_word' id='word_1_641' title='bbox 3608 3909 3818 3979; x_wconf 83' lang='grc' dir='ltr'>Κύριος</span> 
     </span>
    </p>
   </div>
   <div class='ocr_carea' id='block_1_87' title="bbox 2240 3999 3813 4075">
    <p class='ocr_par' dir='ltr' id='par_1_87' title="bbox 2240 3999 3813 4075">
     <span class='ocr_line' id='line_1_87' title="bbox 2240 3999 3813 4075; baseline -0.003 -19"><span class='ocrx_word' id='word_1_642' title='bbox 2240 4001 2612 4075; x_wconf 67' lang='grc' dir='ltr'>Μρεκὸίσασε</span> <span class='ocrx_word' id='word_1_643' title='bbox 2635 4001 2694 4052; x_wconf 81' lang='grc' dir='ltr'><strong>τὸ</strong></span> <span class='ocrx_word' id='word_1_644' title='bbox 2717 4000 3018 4072; x_wconf 84' lang='grc' dir='ltr'>ἁμάρτημα</span> <span class='ocrx_word' id='word_1_645' title='bbox 3043 4014 3058 4030; x_wconf 94' lang='grc'><strong>·</strong></span> <span class='ocrx_word' id='word_1_646' title='bbox 3091 3999 3234 4054; x_wconf 85' lang='grc' dir='ltr'><strong>ἀλλά</strong></span> <span class='ocrx_word' id='word_1_647' title='bbox 3295 4002 3636 4069; x_wconf 75' lang='grc' dir='ltr'>Κρατήσας,</span> <span class='ocrx_word' id='word_1_648' title='bbox 3657 3999 3813 4070; x_wconf 81' lang='grc' dir='ltr'>φησὶ,</span> 
     </span>
    </p>
   </div>
   <div class='ocr_carea' id='block_1_88' title="bbox 2240 4091 3791 4160">
    <p class='ocr_par' dir='ltr' id='par_1_88' title="bbox 2240 4091 3791 4160">
     <span class='ocr_line' id='line_1_88' title="bbox 2240 4091 3791 4160; baseline -0.003 -10"><span class='ocrx_word' id='word_1_649' title='bbox 2240 4096 2348 4150; x_wconf 87' lang='grc' dir='ltr'>τὸν</span> <span class='ocrx_word' id='word_1_650' title='bbox 2389 4093 2700 4160; x_wconf 78' lang='grc' dir='ltr'><strong>Ἰωάννην,</strong></span> <span class='ocrx_word' id='word_1_651' title='bbox 2735 4091 2963 4158; x_wconf 74' lang='grc' dir='ltr'>ἔδησεν</span> <span class='ocrx_word' id='word_1_652' title='bbox 3000 4092 3187 4144; x_wconf 86' lang='grc' dir='ltr'>αὑτὸν</span> <span class='ocrx_word' id='word_1_653' title='bbox 3224 4092 3322 4144; x_wconf 72' lang='grc' dir='ltr'><strong>καί</strong></span> <span class='ocrx_word' id='word_1_654' title='bbox 3357 4091 3579 4158; x_wconf 74' lang='grc' dir='ltr'>έθηκεν</span> <span class='ocrx_word' id='word_1_655' title='bbox 3609 4091 3680 4144; x_wconf 81' lang='grc' dir='ltr'>ἐν</span> <span class='ocrx_word' id='word_1_656' title='bbox 3706 4108 3791 4159; x_wconf 73' lang='grc' dir='ltr'>φυ</span> 
     </span>
    </p>
   </div>
   <div class='ocr_carea' id='block_1_89' title="bbox 2238 4179 3817 4254">
    <p class='ocr_par' dir='ltr' id='par_1_89' title="bbox 2238 4179 3817 4254">
     <span class='ocr_line' id='line_1_89' title="bbox 2238 4179 3817 4254; baseline -0.012 -12"><span class='ocrx_word' id='word_1_657' title='bbox 2238 4185 2421 4254; x_wconf 74' lang='grc' dir='ltr'><strong>λακῇ.</strong></span> <span class='ocrx_word' id='word_1_658' title='bbox 2488 4183 2794 4254; x_wconf 83' lang='grc' dir='ltr'>Ἐκράτησε</span> <span class='ocrx_word' id='word_1_659' title='bbox 2846 4181 2938 4234; x_wconf 81' lang='grc' dir='ltr'>τὸν</span> <span class='ocrx_word' id='word_1_660' title='bbox 2981 4179 3269 4250; x_wconf 73' lang='grc' dir='ltr'>φιλοσοφίᾳ</span> <span class='ocrx_word' id='word_1_661' title='bbox 3330 4181 3817 4252; x_wconf 46' lang='lat' dir='ltr'><strong>apemtum”.</strong></span> 
     </span>
    </p>
   </div>
   <div class='ocr_carea' id='block_1_90' title="bbox 2241 4269 3816 4348">
    <p class='ocr_par' dir='ltr' id='par_1_90' title="bbox 2241 4269 3816 4348">
     <span class='ocr_line' id='line_1_90' title="bbox 2241 4269 3816 4348; baseline -0.004 -17"><span class='ocrx_word' id='word_1_662' title='bbox 2241 4276 2582 4348; x_wconf 84' lang='grc' dir='ltr'>κρατημένος</span> <span class='ocrx_word' id='word_1_663' title='bbox 2605 4274 2685 4345; x_wconf 82' lang='grc' dir='ltr'><strong>τῷ</strong></span> <span class='ocrx_word' id='word_1_664' title='bbox 2720 4272 2882 4327; x_wconf 86' lang='grc' dir='ltr'>πάθει</span> <span class='ocrx_word' id='word_1_665' title='bbox 2911 4271 3007 4340; x_wconf 85' lang='grc' dir='ltr'>τῆς</span> <span class='ocrx_word' id='word_1_666' title='bbox 3038 4269 3326 4338; x_wconf 78' lang='grc' dir='ltr'>ἀσελγείας</span> <span class='ocrx_word' id='word_1_667' title='bbox 3353 4287 3367 4302; x_wconf 70' lang='grc' dir='ltr'><strong><em>ο</em></strong></span> <span class='ocrx_word' id='word_1_668' title='bbox 3386 4271 3544 4341; x_wconf 72' lang='grc' dir='ltr'>ἔδησε</span> <span class='ocrx_word' id='word_1_669' title='bbox 3567 4271 3660 4324; x_wconf 81' lang='grc' dir='ltr'>τὸν</span> <span class='ocrx_word' id='word_1_670' title='bbox 3681 4272 3816 4324; x_wconf 84' lang='grc' dir='ltr'>ἀπο-</span> 
     </span>
    </p>
   </div>
   <div class='ocr_carea' id='block_1_91' title="bbox 2239 4362 3816 4439">
    <p class='ocr_par' dir='ltr' id='par_1_91' title="bbox 2239 4362 3816 4439">
     <span class='ocr_line' id='line_1_91' title="bbox 2239 4362 3816 4439; baseline -0.005 -17"><span class='ocrx_word' id='word_1_671' title='bbox 2239 4370 2532 4439; x_wconf 80' lang='grc' dir='ltr'>λελυμένον</span> <span class='ocrx_word' id='word_1_672' title='bbox 2576 4371 2642 4438; x_wconf 83' lang='grc' dir='ltr'><strong>τῇ</strong></span> <span class='ocrx_word' id='word_1_673' title='bbox 2693 4365 3098 4437; x_wconf 72' lang='grc' dir='ltr'>ἀπροσπαθείᾳ,</span> <span class='ocrx_word' id='word_1_674' title='bbox 3127 4365 3156 4417; x_wconf 91' lang='lat'><strong>6</strong></span> <span class='ocrx_word' id='word_1_675' title='bbox 3183 4362 3467 4434; x_wconf 80' lang='grc' dir='ltr'>δεδεμένος</span> <span class='ocrx_word' id='word_1_676' title='bbox 3502 4366 3569 4435; x_wconf 82' lang='grc' dir='ltr'><strong>τῇ</strong></span> <span class='ocrx_word' id='word_1_677' title='bbox 3602 4379 3816 4434; x_wconf 86' lang='grc' dir='ltr'>μαγγα-</span> 
     </span>
    </p>
   </div>
   <div class='ocr_carea' id='block_1_92' title="bbox 2239 4455 3818 4532">
    <p class='ocr_par' dir='ltr' id='par_1_92' title="bbox 2239 4455 3818 4532">
     <span class='ocr_line' id='line_1_92' title="bbox 2239 4455 3818 4532; baseline -0.004 -17"><span class='ocrx_word' id='word_1_678' title='bbox 2239 4462 2330 4532; x_wconf 62' lang='lat' dir='ltr'><strong>vlg.</strong></span> <span class='ocrx_word' id='word_1_679' title='bbox 2355 4460 2452 4532; x_wconf 82' lang='grc' dir='ltr'>τῆς</span> <span class='ocrx_word' id='word_1_680' title='bbox 2471 4459 2766 4522; x_wconf 79' lang='grc' dir='ltr'>ἀκολασίας</span> <span class='ocrx_word' id='word_1_681' title='bbox 2791 4473 2805 4487; x_wconf 86' lang='grc'><strong>·</strong></span> <span class='ocrx_word' id='word_1_682' title='bbox 2842 4458 2995 4511; x_wconf 74' lang='grc' dir='ltr'>ἔθετο</span> <span class='ocrx_word' id='word_1_683' title='bbox 3027 4458 3083 4509; x_wconf 80' lang='grc' dir='ltr'>ὲν</span> <span class='ocrx_word' id='word_1_684' title='bbox 3114 4456 3330 4526; x_wconf 81' lang='grc' dir='ltr'>φυλακῇ</span> <span class='ocrx_word' id='word_1_685' title='bbox 3354 4455 3444 4509; x_wconf 77' lang='grc' dir='ltr'>τὸν</span> <span class='ocrx_word' id='word_1_686' title='bbox 3476 4456 3698 4523; x_wconf 79' lang='grc' dir='ltr'>φύλακα</span> <span class='ocrx_word' id='word_1_687' title='bbox 3723 4456 3818 4508; x_wconf 82' lang='grc' dir='ltr'>καὶ</span> 
     </span>
    </p>
   </div>
   <div class='ocr_carea' id='block_1_93' title="bbox 2239 4547 3816 4623">
    <p class='ocr_par' dir='ltr' id='par_1_93' title="bbox 2239 4547 3816 4623">
     <span class='ocr_line' id='line_1_93' title="bbox 2239 4547 3816 4623; baseline -0.004 -17"><span class='ocrx_word' id='word_1_688' title='bbox 2239 4554 2458 4623; x_wconf 85' lang='grc' dir='ltr'>κήρυκα</span> <span class='ocrx_word' id='word_1_689' title='bbox 2487 4551 2587 4620; x_wconf 80' lang='grc' dir='ltr'>τῆς</span> <span class='ocrx_word' id='word_1_690' title='bbox 2613 4549 2968 4620; x_wconf 80' lang='grc' dir='ltr'>Ἐκκλησίας,</span> <span class='ocrx_word' id='word_1_691' title='bbox 2998 4551 3025 4602; x_wconf 95' lang='lat'><strong>6</strong></span> <span class='ocrx_word' id='word_1_692' title='bbox 3068 4547 3464 4618; x_wconf 70' lang='grc' dir='ltr'>καθειργμένος</span> <span class='ocrx_word' id='word_1_693' title='bbox 3511 4549 3578 4618; x_wconf 74' lang='grc' dir='ltr'><strong>τῇ</strong></span> <span class='ocrx_word' id='word_1_694' title='bbox 3619 4547 3816 4617; x_wconf 79' lang='grc' dir='ltr'>πράξει</span> 
     </span>
    </p>
   </div>
   <div class='ocr_carea' id='block_1_94' title="bbox 2239 4639 3825 4715">
    <p class='ocr_par' dir='ltr' id='par_1_94' title="bbox 2239 4639 3825 4715">
     <span class='ocr_line' id='line_1_94' title="bbox 2239 4639 3825 4715; baseline -0.003 -17"><span class='ocrx_word' id='word_1_695' title='bbox 2239 4646 2338 4715; x_wconf 82' lang='grc' dir='ltr'>τῆς</span> <span class='ocrx_word' id='word_1_696' title='bbox 2395 4643 2774 4711; x_wconf 87' lang='grc' dir='ltr'>ἀκαθαρσίας·</span> <span class='ocrx_word' id='word_1_697' title='bbox 2820 4641 2923 4694; x_wconf 85' lang='grc' dir='ltr'>Διά</span> <span class='ocrx_word' id='word_1_698' title='bbox 2974 4639 3299 4708; x_wconf 77' lang='grc' dir='ltr'>Ἡρωδιάδα</span> <span class='ocrx_word' id='word_1_699' title='bbox 3360 4639 3664 4694; x_wconf 71' lang='grc' dir='ltr'>Φιλίππου</span> <span class='ocrx_word' id='word_1_700' title='bbox 3709 4639 3825 4694; x_wconf 81' lang='grc' dir='ltr'>τοῦ</span> 
     </span>
    </p>
   </div>
   <div class='ocr_carea' id='block_1_95' title="bbox 570 4727 2136 4821">
    <p class='ocr_par' dir='ltr' id='par_1_95' title="bbox 570 4727 2136 4800">
     <span class='ocr_line' id='line_1_95' title="bbox 570 4727 2136 4800; baseline 0.004 -16"><span class='ocrx_word' id='word_1_701' title='bbox 570 4731 666 4784; x_wconf 87' lang='lat' dir='ltr'><strong>tris</strong></span> <span class='ocrx_word' id='word_1_702' title='bbox 682 4731 765 4784; x_wconf 89' lang='lat' dir='ltr'><strong>sui</strong></span> <span class='ocrx_word' id='word_1_703' title='bbox 779 4731 823 4763; x_wconf 82' lang='grc'><strong>⁸⁹</strong></span> <span class='ocrx_word' id='word_1_704' title='bbox 846 4727 1254 4796; x_wconf 82' lang='lat' dir='ltr'><strong>;Herodiadem,</strong></span> <span class='ocrx_word' id='word_1_705' title='bbox 1275 4730 1518 4800; x_wconf 89' lang='lat' dir='ltr'><strong>inquam,</strong></span> <span class='ocrx_word' id='word_1_706' title='bbox 1538 4731 1721 4787; x_wconf 74' lang='lat' dir='ltr'><strong>Dalila:</strong></span> <span class='ocrx_word' id='word_1_707' title='bbox 1742 4735 1985 4790; x_wconf 87' lang='lat' dir='ltr'><strong>moribus</strong></span> <span class='ocrx_word' id='word_1_708' title='bbox 2003 4737 2136 4799; x_wconf 35' lang='lat' dir='ltr'><strong>simi,</strong></span> 
     </span>
    </p>
   </div>
   <div class='ocr_carea' id='block_1_96' title="bbox 2241 4727 3818 4821">
    <p class='ocr_par' dir='ltr' id='par_1_96' title="bbox 2247 4730 3818 4804">
     <span class='ocr_line' id='line_1_96' title="bbox 2247 4730 3818 4804; baseline -0.004 -14"><span class='ocrx_word' id='word_1_709' title='bbox 2247 4734 2515 4804; x_wconf 70' lang='grc' dir='ltr'>ἀδελφοῦ</span> <span class='ocrx_word' id='word_1_710' title='bbox 2539 4733 2760 4788; x_wconf 74' lang='grc' dir='ltr'>αὐτοῦ’</span> <span class='ocrx_word' id='word_1_711' title='bbox 2809 4732 3110 4802; x_wconf 80' lang='grc' dir='ltr'>Ἡρωδιάδα</span> <span class='ocrx_word' id='word_1_712' title='bbox 3159 4730 3257 4801; x_wconf 82' lang='grc' dir='ltr'>τὴν</span> <span class='ocrx_word' id='word_1_713' title='bbox 3276 4731 3374 4800; x_wconf 85' lang='grc' dir='ltr'>τῆς</span> <span class='ocrx_word' id='word_1_714' title='bbox 3428 4730 3626 4783; x_wconf 81' lang='grc' dir='ltr'>Δαλιδά</span> <span class='ocrx_word' id='word_1_715' title='bbox 3689 4731 3818 4800; x_wconf 83' lang='grc' dir='ltr'>ὁμό-</span> 
     </span>
    </p>
   </div>
   <div class='ocr_carea' id='block_1_97' title="bbox 565 4821 2136 4898">
    <p class='ocr_par' dir='ltr' id='par_1_97' title="bbox 565 4821 2136 4891">
     <span class='ocr_line' id='line_1_97' title="bbox 565 4821 2136 4891; baseline 0.004 -15"><span class='ocrx_word' id='word_1_716' title='bbox 565 4822 701 4886; x_wconf 90' lang='lat' dir='ltr'><strong>lem,</strong></span> <span class='ocrx_word' id='word_1_717' title='bbox 727 4829 781 4876; x_wconf 88' lang='lat' dir='ltr'><strong>et</strong></span> <span class='ocrx_word' id='word_1_718' title='bbox 806 4821 1007 4876; x_wconf 89' lang='lat' dir='ltr'><strong>diaboli</strong></span> <span class='ocrx_word' id='word_1_719' title='bbox 1035 4821 1352 4890; x_wconf 85' lang='lat' dir='ltr'><strong>complicem</strong></span> <span class='ocrx_word' id='word_1_720' title='bbox 1380 4839 1395 4874; x_wconf 91' lang='lat'><strong>:</strong></span> <span class='ocrx_word' id='word_1_721' title='bbox 1417 4823 1533 4891; x_wconf 85' lang='lat' dir='ltr'><strong>ipsa</strong></span> <span class='ocrx_word' id='word_1_722' title='bbox 1552 4822 1695 4877; x_wconf 92' lang='lat' dir='ltr'><strong>enim</strong></span> <span class='ocrx_word' id='word_1_723' title='bbox 1717 4824 1821 4878; x_wconf 92' lang='lat' dir='ltr'><strong>tori</strong></span> <span class='ocrx_word' id='word_1_724' title='bbox 1837 4826 2043 4881; x_wconf 88' lang='lat' dir='ltr'><strong>socium</strong></span> <span class='ocrx_word' id='word_1_725' title='bbox 2067 4829 2136 4883; x_wconf 71' lang='lat' dir='ltr'><strong>vel</strong></span> 
     </span>
    </p>
   </div>
   <div class='ocr_carea' id='block_1_98' title="bbox 2241 4821 3818 4898">
    <p class='ocr_par' dir='ltr' id='par_1_98' title="bbox 2251 4822 3818 4898">
     <span class='ocr_line' id='line_1_98' title="bbox 2251 4822 3818 4898; baseline -0.003 -17"><span class='ocrx_word' id='word_1_726' title='bbox 2251 4844 2472 4898; x_wconf 81' lang='grc' dir='ltr'>τροπον,</span> <span class='ocrx_word' id='word_1_727' title='bbox 2511 4824 2726 4878; x_wconf 77' lang='grc' dir='ltr'>καὶτοῦ</span> <span class='ocrx_word' id='word_1_728' title='bbox 2769 4823 3016 4878; x_wconf 77' lang='grc' dir='ltr'>διαϐόλου</span> <span class='ocrx_word' id='word_1_729' title='bbox 3066 4824 3496 4892; x_wconf 72' lang='grc' dir='ltr'>συμπράκτορασ</span> <span class='ocrx_word' id='word_1_730' title='bbox 3527 4822 3670 4894; x_wconf 81' lang='grc' dir='ltr'>αὕτη</span> <span class='ocrx_word' id='word_1_731' title='bbox 3707 4823 3818 4894; x_wconf 85' lang='grc' dir='ltr'><strong>γὰρ</strong></span> 
     </span>
    </p>
   </div>
   <div class='ocr_carea' id='block_1_99' title="bbox 569 4909 2141 4982">
    <p class='ocr_par' dir='ltr' id='par_1_99' title="bbox 569 4909 2141 4982">
     <span class='ocr_line' id='line_1_99' title="bbox 569 4909 2141 4982; baseline 0.005 -18"><span class='ocrx_word' id='word_1_732' title='bbox 569 4912 751 4980; x_wconf 80' lang='lat' dir='ltr'><strong>potius</strong></span> <span class='ocrx_word' id='word_1_733' title='bbox 771 4911 1062 4967; x_wconf 88' lang='lat' dir='ltr'><strong>ascititium</strong></span> <span class='ocrx_word' id='word_1_734' title='bbox 1077 4912 1144 4966; x_wconf 90' lang='lat' dir='ltr'><strong>ad</strong></span> <span class='ocrx_word' id='word_1_735' title='bbox 1159 4909 1386 4966; x_wconf 88' lang='lat' dir='ltr'><strong>Joannis</strong></span> <span class='ocrx_word' id='word_1_736' title='bbox 1403 4913 1585 4968; x_wconf 89' lang='lat' dir='ltr'><strong>odium</strong></span> <span class='ocrx_word' id='word_1_737' title='bbox 1612 4913 1848 4982; x_wconf 88' lang='lat' dir='ltr'><strong>impulit.</strong></span> <span class='ocrx_word' id='word_1_738' title='bbox 1867 4914 1988 4970; x_wconf 83' lang='lat' dir='ltr'><strong>Non</strong></span> <span class='ocrx_word' id='word_1_739' title='bbox 2005 4916 2141 4982; x_wconf 83' lang='lat' dir='ltr'><strong>fero,</strong></span> 
     </span>
    </p>
   </div>
   <div class='ocr_carea' id='block_1_100' title="bbox 568 5000 2136 5072">
    <p class='ocr_par' dir='ltr' id='par_1_100' title="bbox 568 5000 2136 5072">
     <span class='ocr_line' id='line_1_100' title="bbox 568 5000 2136 5072; baseline 0.003 -18"><span class='ocrx_word' id='word_1_740' title='bbox 568 5000 768 5069; x_wconf 83' lang='lat' dir='ltr'><strong>inquit,</strong></span> <span class='ocrx_word' id='word_1_741' title='bbox 793 5000 1085 5069; x_wconf 83' lang='lat' dir='ltr'><strong>vituperari</strong></span> <span class='ocrx_word' id='word_1_742' title='bbox 1120 5014 1242 5070; x_wconf 73' lang='lat' dir='ltr'><strong>qua:</strong></span> <span class='ocrx_word' id='word_1_743' title='bbox 1269 5015 1388 5055; x_wconf 89' lang='lat' dir='ltr'><strong>sum</strong></span> <span class='ocrx_word' id='word_1_744' title='bbox 1417 5001 1603 5072; x_wconf 78' lang='lat' dir='ltr'><strong>regina</strong></span> <span class='ocrx_word' id='word_1_745' title='bbox 1634 5017 1664 5056; x_wconf 93' lang='lat' dir='ltr'><strong>a</strong></span> <span class='ocrx_word' id='word_1_746' title='bbox 1694 5001 1972 5059; x_wconf 65' lang='lat' dir='ltr'><strong>Zachariae</strong></span> <span class='ocrx_word' id='word_1_747' title='bbox 2005 5005 2136 5060; x_wconf 90' lang='lat' dir='ltr'><strong>tilio.</strong></span> 
     </span>
    </p>
   </div>
   <div class='ocr_carea' id='block_1_101' title="bbox 569 5089 2135 5163">
    <p class='ocr_par' dir='ltr' id='par_1_101' title="bbox 569 5089 2135 5163">
     <span class='ocr_line' id='line_1_101' title="bbox 569 5089 2135 5163; baseline 0.003 -19"><span class='ocrx_word' id='word_1_748' title='bbox 569 5089 744 5144; x_wconf 82' lang='lat' dir='ltr'><strong>Trade</strong></span> <span class='ocrx_word' id='word_1_749' title='bbox 795 5089 1002 5145; x_wconf 85' lang='lat' dir='ltr'><strong>carceri</strong></span> <span class='ocrx_word' id='word_1_750' title='bbox 1037 5090 1274 5160; x_wconf 85' lang='lat' dir='ltr'><strong>linguam</strong></span> <span class='ocrx_word' id='word_1_751' title='bbox 1317 5105 1439 5160; x_wconf 70' lang='lat' dir='ltr'><strong>quae</strong></span> <span class='ocrx_word' id='word_1_752' title='bbox 1489 5105 1576 5145; x_wconf 89' lang='lat' dir='ltr'><strong>me</strong></span> <span class='ocrx_word' id='word_1_753' title='bbox 1613 5089 1855 5146; x_wconf 72' lang='lat' dir='ltr'><strong>dill‘amat</strong></span> <span class='ocrx_word' id='word_1_754' title='bbox 1887 5110 1900 5146; x_wconf 91' lang='lat'><strong>:</strong></span> <span class='ocrx_word' id='word_1_755' title='bbox 1931 5094 2135 5163; x_wconf 88' lang='lat' dir='ltr'><strong>perime</strong></span> 
     </span>
    </p>
   </div>
   <div class='ocr_carea' id='block_1_102' title="bbox 569 5179 2132 5250">
    <p class='ocr_par' dir='ltr' id='par_1_102' title="bbox 569 5179 2132 5250">
     <span class='ocr_line' id='line_1_102' title="bbox 569 5179 2132 5250; baseline 0.003 -16"><span class='ocrx_word' id='word_1_756' title='bbox 569 5179 754 5234; x_wconf 86' lang='lat' dir='ltr'><strong>statim</strong></span> <span class='ocrx_word' id='word_1_757' title='bbox 795 5180 1006 5250; x_wconf 90' lang='lat' dir='ltr'><strong>spiculo</strong></span> <span class='ocrx_word' id='word_1_758' title='bbox 1049 5179 1201 5234; x_wconf 89' lang='lat' dir='ltr'><strong>illum</strong></span> <span class='ocrx_word' id='word_1_759' title='bbox 1233 5180 1326 5250; x_wconf 92' lang='lat' dir='ltr'><strong>qui</strong></span> <span class='ocrx_word' id='word_1_760' title='bbox 1371 5179 1485 5236; x_wconf 90' lang='lat' dir='ltr'><strong>suis</strong></span> <span class='ocrx_word' id='word_1_761' title='bbox 1521 5181 1758 5236; x_wconf 84' lang='lat' dir='ltr'><strong>animam</strong></span> <span class='ocrx_word' id='word_1_762' title='bbox 1812 5198 1990 5238; x_wconf 88' lang='lat' dir='ltr'><strong>meam</strong></span> <span class='ocrx_word' id='word_1_763' title='bbox 2021 5199 2132 5239; x_wconf 86' lang='lat' dir='ltr'><strong>ser-</strong></span> 
     </span>
    </p>
   </div>
   <div class='ocr_carea' id='block_1_103' title="bbox 570 5273 2136 5347">
    <p class='ocr_par' dir='ltr' id='par_1_103' title="bbox 570 5273 2136 5347">
     <span class='ocr_line' id='line_1_103' title="bbox 570 5273 2136 5347; baseline 0.001 -18"><span class='ocrx_word' id='word_1_764' title='bbox 570 5274 824 5329; x_wconf 88' lang='lat' dir='ltr'><strong>monibus</strong></span> <span class='ocrx_word' id='word_1_765' title='bbox 850 5289 948 5347; x_wconf 89' lang='lat' dir='ltr'><strong>c_eu</strong></span> <span class='ocrx_word' id='word_1_766' title='bbox 979 5273 1098 5330; x_wconf 87' lang='lat' dir='ltr'><strong>telis</strong></span> <span class='ocrx_word' id='word_1_767' title='bbox 1117 5274 1390 5330; x_wconf 84' lang='lat' dir='ltr'><strong>vulnerat.</strong></span> <span class='ocrx_word' id='word_1_768' title='bbox 1426 5275 1658 5346; x_wconf 85' lang='lat' dir='ltr'><strong>Cumque</strong></span> <span class='ocrx_word' id='word_1_769' title='bbox 1699 5293 1818 5330; x_wconf 85' lang='lat' dir='ltr'><strong>eum</strong></span> <span class='ocrx_word' id='word_1_770' title='bbox 1861 5277 2010 5332; x_wconf 84' lang='lat' dir='ltr'><strong>vellet</strong></span> <span class='ocrx_word' id='word_1_771' title='bbox 2054 5295 2136 5332; x_wconf 56' lang='grc' dir='ltr'>οικ</span> 
     </span>
    </p>
   </div>
   <div class='ocr_carea' id='block_1_104' title="bbox 569 5370 2134 5441">
    <p class='ocr_par' dir='ltr' id='par_1_104' title="bbox 569 5370 2134 5441">
     <span class='ocr_line' id='line_1_104' title="bbox 569 5370 2134 5441; baseline 0.002 -17"><span class='ocrx_word' id='word_1_772' title='bbox 569 5371 761 5436; x_wconf 85' lang='lat' dir='ltr'><strong>cidere,</strong></span> <span class='ocrx_word' id='word_1_773' title='bbox 787 5370 961 5424; x_wconf 88' lang='lat' dir='ltr'><strong>timuit</strong></span> <span class='ocrx_word' id='word_1_774' title='bbox 999 5370 1271 5439; x_wconf 81' lang='lat' dir='ltr'><strong>populum,</strong></span> <span class='ocrx_word' id='word_1_775' title='bbox 1294 5374 1419 5441; x_wconf 86' lang='lat' dir='ltr'><strong>quia</strong></span> <span class='ocrx_word' id='word_1_776' title='bbox 1446 5373 1709 5440; x_wconf 68' lang='lat' dir='ltr'><strong>propheta</strong></span> <span class='ocrx_word' id='word_1_777' title='bbox 1731 5372 1843 5426; x_wconf 86' lang='lat' dir='ltr'><strong>loco</strong></span> <span class='ocrx_word' id='word_1_778' title='bbox 1874 5389 1994 5426; x_wconf 90' lang='lat' dir='ltr'><strong>eum</strong></span> <span class='ocrx_word' id='word_1_779' title='bbox 2040 5373 2134 5427; x_wconf 86' lang='lat' dir='ltr'><strong>ha-</strong></span> 
     </span>
    </p>
   </div>
   <div class='ocr_carea' id='block_1_105' title="bbox 569 5460 2128 5537">
    <p class='ocr_par' dir='ltr' id='par_1_105' title="bbox 569 5460 2128 5537">
     <span class='ocr_line' id='line_1_105' title="bbox 569 5460 2128 5537; baseline 0.003 -21"><span class='ocrx_word' id='word_1_780' title='bbox 569 5462 754 5516; x_wconf 88' lang='lat' dir='ltr'><strong>bebant</strong></span> <span class='ocrx_word' id='word_1_781' title='bbox 779 5462 846 5516; x_wconf 80' lang='lat'><strong>”.</strong></span> <span class='ocrx_word' id='word_1_782' title='bbox 872 5460 992 5518; x_wconf 86' lang='lat' dir='ltr'><strong>Non</strong></span> <span class='ocrx_word' id='word_1_783' title='bbox 1021 5463 1164 5518; x_wconf 88' lang='lat' dir='ltr'><strong>enim</strong></span> <span class='ocrx_word' id='word_1_784' title='bbox 1190 5463 1235 5519; x_wconf 93' lang='lat' dir='ltr'><strong>si</strong></span> <span class='ocrx_word' id='word_1_785' title='bbox 1261 5465 1478 5533; x_wconf 92' lang='lat' dir='ltr'><strong>quando</strong></span> <span class='ocrx_word' id='word_1_786' title='bbox 1506 5465 1692 5521; x_wconf 88' lang='lat' dir='ltr'><strong>volunt</strong></span> <span class='ocrx_word' id='word_1_787' title='bbox 1729 5481 1879 5537; x_wconf 86' lang='lat' dir='ltr'><strong>reges</strong></span> <span class='ocrx_word' id='word_1_788' title='bbox 1906 5480 2128 5536; x_wconf 87' lang='lat' dir='ltr'><strong>pravum</strong></span> 
     </span>
    </p>
   </div>
   <div class='ocr_carea' id='block_1_106' title="bbox 2245 4905 3816 4988">
    <p class='ocr_par' dir='ltr' id='par_1_106' title="bbox 2245 4905 3816 4988">
     <span class='ocr_line' id='line_1_106' title="bbox 2245 4905 3816 4988; baseline -0.002 -18"><span class='ocrx_word' id='word_1_789' title='bbox 2245 4919 2338 4972; x_wconf 86' lang='grc' dir='ltr'>τὸν</span> <span class='ocrx_word' id='word_1_790' title='bbox 2372 4917 2679 4986; x_wconf 86' lang='grc' dir='ltr'>σύγκοιτον,</span> <span class='ocrx_word' id='word_1_791' title='bbox 2716 4905 3000 4987; x_wconf 80' lang='grc' dir='ltr'>μᾶλλονδὲ</span> <span class='ocrx_word' id='word_1_792' title='bbox 3029 4914 3282 4968; x_wconf 88' lang='grc' dir='ltr'>σύνθετον</span> <span class='ocrx_word' id='word_1_793' title='bbox 3313 4913 3521 4985; x_wconf 80' lang='grc' dir='ltr'>ὤτρυνε</span> <span class='ocrx_word' id='word_1_794' title='bbox 3552 4915 3692 4987; x_wconf 79' lang='grc' dir='ltr'>πρὸς</span> <span class='ocrx_word' id='word_1_795' title='bbox 3715 4915 3816 4988; x_wconf 77' lang='grc' dir='ltr'>τὴν</span> 
     </span>
    </p>
   </div>
   <div class='ocr_carea' id='block_1_107' title="bbox 2239 5003 3806 5078">
    <p class='ocr_par' dir='ltr' id='par_1_107' title="bbox 2239 5003 3806 5078">
     <span class='ocr_line' id='line_1_107' title="bbox 2239 5003 3806 5078; baseline -0.004 -16"><span class='ocrx_word' id='word_1_796' title='bbox 2239 5008 2336 5062; x_wconf 79' lang='grc' dir='ltr'>τοῦ</span> <span class='ocrx_word' id='word_1_797' title='bbox 2360 5008 2607 5061; x_wconf 86' lang='grc' dir='ltr'>Ἰωάννου</span> <span class='ocrx_word' id='word_1_798' title='bbox 2652 5007 2848 5078; x_wconf 86' lang='grc' dir='ltr'>μανίαν</span> <span class='ocrx_word' id='word_1_799' title='bbox 2868 5022 2883 5037; x_wconf 75' lang='grc' dir='ltr'><strong>ο</strong></span> <span class='ocrx_word' id='word_1_800' title='bbox 2913 5005 2988 5059; x_wconf 81' lang='grc' dir='ltr'><strong>υύ</strong></span> <span class='ocrx_word' id='word_1_801' title='bbox 3013 5005 3180 5075; x_wconf 82' lang='grc' dir='ltr'>φέρω,</span> <span class='ocrx_word' id='word_1_802' title='bbox 3216 5005 3369 5074; x_wconf 57' lang='grc' dir='ltr'>φησὶ,</span> <span class='ocrx_word' id='word_1_803' title='bbox 3399 5003 3806 5073; x_wconf 82' lang='grc' dir='ltr'>κωμῳδεῖσθαι,</span> 
     </span>
    </p>
   </div>
   <div class='ocr_carea' id='block_1_108' title="bbox 2240 5094 3808 5169">
    <p class='ocr_par' dir='ltr' id='par_1_108' title="bbox 2240 5094 3808 5169">
     <span class='ocr_line' id='line_1_108' title="bbox 2240 5094 3808 5169; baseline -0.003 -17"><span class='ocrx_word' id='word_1_804' title='bbox 2240 5098 2528 5169; x_wconf 86' lang='grc' dir='ltr'>βασίλισσα</span> <span class='ocrx_word' id='word_1_805' title='bbox 2577 5098 2939 5168; x_wconf 86' lang='grc' dir='ltr'>τυγχάνουσα,</span> <span class='ocrx_word' id='word_1_806' title='bbox 2975 5096 3079 5148; x_wconf 79' lang='grc' dir='ltr'><strong>ὑπὸ</strong></span> <span class='ocrx_word' id='word_1_807' title='bbox 3125 5094 3217 5148; x_wconf 83' lang='grc' dir='ltr'>τοῦ</span> <span class='ocrx_word' id='word_1_808' title='bbox 3266 5094 3454 5158; x_wconf 81' lang='grc' dir='ltr'>παιδὸς</span> <span class='ocrx_word' id='word_1_809' title='bbox 3495 5094 3808 5165; x_wconf 85' lang='grc' dir='ltr'>Ζαχαρίου·</span> 
     </span>
    </p>
   </div>
   <div class='ocr_carea' id='block_1_109' title="bbox 2244 5185 3810 5261">
    <p class='ocr_par' dir='ltr' id='par_1_109' title="bbox 2244 5185 3810 5261">
     <span class='ocr_line' id='line_1_109' title="bbox 2244 5185 3810 5261; baseline -0.005 -15"><span class='ocrx_word' id='word_1_810' title='bbox 2244 5192 2407 5254; x_wconf 85' lang='grc' dir='ltr'>κάθες</span> <span class='ocrx_word' id='word_1_811' title='bbox 2436 5191 2535 5261; x_wconf 79' lang='grc' dir='ltr'>τὴν</span> <span class='ocrx_word' id='word_1_812' title='bbox 2566 5189 2819 5259; x_wconf 88' lang='grc' dir='ltr'>γλῶσσαν</span> <span class='ocrx_word' id='word_1_813' title='bbox 2851 5190 2910 5242; x_wconf 79' lang='grc' dir='ltr'>ἐν</span> <span class='ocrx_word' id='word_1_814' title='bbox 2938 5187 3152 5258; x_wconf 73' lang='grc' dir='ltr'>φυλακῇ</span> <span class='ocrx_word' id='word_1_815' title='bbox 3184 5187 3283 5258; x_wconf 79' lang='grc' dir='ltr'>τὴν</span> <span class='ocrx_word' id='word_1_816' title='bbox 3327 5185 3428 5255; x_wconf 79' lang='grc' dir='ltr'><strong>ἐμὲ</strong></span> <span class='ocrx_word' id='word_1_817' title='bbox 3461 5185 3810 5256; x_wconf 79' lang='grc' dir='ltr'>στηλ.τεύου-</span> 
     </span>
    </p>
   </div>
   <div class='ocr_carea' id='block_1_110' title="bbox 2241 5275 3811 5350">
    <p class='ocr_par' dir='ltr' id='par_1_110' title="bbox 2241 5275 3811 5350">
     <span class='ocr_line' id='line_1_110' title="bbox 2241 5275 3811 5350; baseline -0.003 -17"><span class='ocrx_word' id='word_1_818' title='bbox 2241 5298 2370 5335; x_wconf 81' lang='grc' dir='ltr'><strong>σαν⁸</strong></span> <span class='ocrx_word' id='word_1_819' title='bbox 2403 5283 2616 5335; x_wconf 87' lang='grc' dir='ltr'>κτεῖνον</span> <span class='ocrx_word' id='word_1_820' title='bbox 2639 5281 2695 5333; x_wconf 78' lang='grc' dir='ltr'>ἐν</span> <span class='ocrx_word' id='word_1_821' title='bbox 2715 5280 2870 5349; x_wconf 83' lang='grc' dir='ltr'>τάχει</span> <span class='ocrx_word' id='word_1_822' title='bbox 2923 5281 3094 5350; x_wconf 78' lang='grc' dir='ltr'>αἰχμῇ</span> <span class='ocrx_word' id='word_1_823' title='bbox 3138 5278 3230 5331; x_wconf 88' lang='grc' dir='ltr'>τὸν</span> <span class='ocrx_word' id='word_1_824' title='bbox 3283 5275 3420 5346; x_wconf 71' lang='grc' dir='ltr'>ιμοῦ</span> <span class='ocrx_word' id='word_1_825' title='bbox 3476 5277 3578 5346; x_wconf 79' lang='grc' dir='ltr'>τὴν</span> <span class='ocrx_word' id='word_1_826' title='bbox 3632 5277 3811 5349; x_wconf 76' lang='grc' dir='ltr'>ψυχὴν</span> 
     </span>
    </p>
   </div>
   <div class='ocr_carea' id='block_1_111' title="bbox 2237 5369 3809 5442">
    <p class='ocr_par' dir='ltr' id='par_1_111' title="bbox 2237 5369 3809 5442">
     <span class='ocr_line' id='line_1_111' title="bbox 2237 5369 3809 5442; baseline -0.002 -16"><span class='ocrx_word' id='word_1_827' title='bbox 2237 5376 2350 5435; x_wconf 86' lang='grc' dir='ltr'>τοῖς</span> <span class='ocrx_word' id='word_1_828' title='bbox 2400 5373 2579 5441; x_wconf 82' lang='grc' dir='ltr'>λόγοις</span> <span class='ocrx_word' id='word_1_829' title='bbox 2632 5372 2707 5436; x_wconf 86' lang='grc' dir='ltr'>ὡς</span> <span class='ocrx_word' id='word_1_830' title='bbox 2747 5371 2923 5441; x_wconf 82' lang='grc' dir='ltr'>βέλεσι</span> <span class='ocrx_word' id='word_1_831' title='bbox 2964 5369 3426 5442; x_wconf 77' lang='grc' dir='ltr'>τραυματίζοντα.</span> <span class='ocrx_word' id='word_1_832' title='bbox 3469 5370 3579 5423; x_wconf 82' lang='grc' dir='ltr'><strong>Καὶ</strong></span> <span class='ocrx_word' id='word_1_833' title='bbox 3614 5370 3809 5424; x_wconf 69' lang='grc' dir='ltr'>θέλων</span> 
     </span>
    </p>
   </div>
   <div class='ocr_carea' id='block_1_112' title="bbox 2237 5459 3806 5533">
    <p class='ocr_par' dir='ltr' id='par_1_112' title="bbox 2237 5459 3806 5533">
     <span class='ocr_line' id='line_1_112' title="bbox 2237 5459 3806 5533; baseline -0.003 -15"><span class='ocrx_word' id='word_1_834' title='bbox 2237 5464 2421 5520; x_wconf 82' lang='grc' dir='ltr'>αὑτὸν</span> <span class='ocrx_word' id='word_1_835' title='bbox 2450 5463 2814 5530; x_wconf 82' lang='grc' dir='ltr'>ἀποκτεῖναι,</span> <span class='ocrx_word' id='word_1_836' title='bbox 2837 5461 3097 5533; x_wconf 75' lang='grc' dir='ltr'>ἐφοϐήθη</span> <span class='ocrx_word' id='word_1_837' title='bbox 3129 5461 3236 5516; x_wconf 82' lang='grc' dir='ltr'>τὸν</span> <span class='ocrx_word' id='word_1_838' title='bbox 3255 5461 3465 5530; x_wconf 71' lang='grc' dir='ltr'>ὄχλον,</span> <span class='ocrx_word' id='word_1_839' title='bbox 3493 5460 3580 5514; x_wconf 83' lang='grc' dir='ltr'>ὅτι</span> <span class='ocrx_word' id='word_1_840' title='bbox 3604 5459 3806 5528; x_wconf 74' lang='grc' dir='ltr'>ὥσπερ</span> 
     </span>
    </p>
   </div>
   <div class='ocr_carea' id='block_1_113' title="bbox 635 5573 2136 5652">
    <p class='ocr_par' dir='ltr' id='par_1_113' title="bbox 635 5573 2068 5652">
     <span class='ocr_line' id='line_1_113' title="bbox 635 5573 2068 5652; baseline 0.008 -25"><span class='ocrx_word' id='word_1_841' title='bbox 635 5574 682 5608; x_wconf 74' lang='grc'><strong>⁸⁸</strong></span> <span class='ocrx_word' id='word_1_842' title='bbox 713 5573 866 5631; x_wconf 81' lang='lat' dir='ltr'><strong>Deut.</strong></span> <span class='ocrx_word' id='word_1_843' title='bbox 901 5592 1024 5642; x_wconf 77' lang='lat' dir='ltr'><strong>xxv,</strong></span> <span class='ocrx_word' id='word_1_844' title='bbox 1057 5578 1110 5632; x_wconf 87' lang='grc'><strong>5.</strong></span> <span class='ocrx_word' id='word_1_845' title='bbox 1172 5578 1218 5610; x_wconf 79' lang='grc'>⁸⁸</span> <span class='ocrx_word' id='word_1_846' title='bbox 1239 5576 1364 5648; x_wconf 88' lang='lat' dir='ltr'><strong>Sap.</strong></span> <span class='ocrx_word' id='word_1_847' title='bbox 1393 5593 1468 5644; x_wconf 73' lang='grc' dir='ltr'>γι,</span> <span class='ocrx_word' id='word_1_848' title='bbox 1499 5579 1552 5636; x_wconf 88' lang='lat'><strong>6.</strong></span> <span class='ocrx_word' id='word_1_849' title='bbox 1623 5581 1667 5614; x_wconf 82' lang='lat'><strong>&quot;</strong></span> <span class='ocrx_word' id='word_1_850' title='bbox 1694 5581 1824 5652; x_wconf 84' lang='lat' dir='ltr'><strong>Reg.</strong></span> <span class='ocrx_word' id='word_1_851' title='bbox 1853 5598 1950 5649; x_wconf 85' lang='lat' dir='ltr'><strong>xu,</strong></span> <span class='ocrx_word' id='word_1_852' title='bbox 1983 5583 2068 5639; x_wconf 79' lang='grc'><strong>15.</strong></span> 
     </span>
    </p>
   </div>
   <div class='ocr_carea' id='block_1_114' title="bbox 2241 5573 3371 5652">
    <p class='ocr_par' dir='ltr' id='par_1_114' title="bbox 2241 5576 3371 5647">
     <span class='ocr_line' id='line_1_114' title="bbox 2241 5576 3371 5647; baseline -0.003 -11"><span class='ocrx_word' id='word_1_853' title='bbox 2241 5580 2391 5637; x_wconf 89' lang='lat' dir='ltr'><strong>Iatth.</strong></span> <span class='ocrx_word' id='word_1_854' title='bbox 2469 5596 2576 5647; x_wconf 75' lang='lat' dir='ltr'><strong>xw,</strong></span> <span class='ocrx_word' id='word_1_855' title='bbox 2602 5580 2655 5635; x_wconf 79' lang='grc'><strong>5.</strong></span> <span class='ocrx_word' id='word_1_856' title='bbox 2727 5578 2773 5612; x_wconf 80' lang='grc'>⁸⁹</span> <span class='ocrx_word' id='word_1_857' title='bbox 2803 5577 2932 5636; x_wconf 89' lang='lat' dir='ltr'><strong>ibid.</strong></span> <span class='ocrx_word' id='word_1_858' title='bbox 2964 5576 3020 5633; x_wconf 89' lang='lat'><strong>9.</strong></span> <span class='ocrx_word' id='word_1_859' title='bbox 3090 5577 3136 5609; x_wconf 82' lang='lat'><strong>&#39;°</strong></span> <span class='ocrx_word' id='word_1_860' title='bbox 3158 5576 3286 5632; x_wconf 88' lang='lat' dir='ltr'><strong>ibid.</strong></span> <span class='ocrx_word' id='word_1_861' title='bbox 3317 5576 3371 5633; x_wconf 88' lang='lat'><strong>5.</strong></span> 
     </span>
    </p>
   </div>
   <div class='ocr_carea' id='block_1_115' title="bbox 641 5664 1816 5737">
    <p class='ocr_par' dir='ltr' id='par_1_115' title="bbox 641 5664 1816 5737">
     <span class='ocr_line' id='line_1_115' title="bbox 641 5664 1816 5737; baseline 0.009 -21"><span class='ocrx_word' id='word_1_862' title='bbox 641 5665 722 5737; x_wconf 59' lang='grc' dir='ltr'>(ει</span> <span class='ocrx_word' id='word_1_863' title='bbox 739 5673 752 5731; x_wconf 86' lang='grc'>)</span> <span class='ocrx_word' id='word_1_864' title='bbox 782 5664 1051 5737; x_wconf 79' lang='lat' dir='ltr'><strong>Josephus</strong></span> <span class='ocrx_word' id='word_1_865' title='bbox 1081 5669 1241 5724; x_wconf 83' lang='lat' dir='ltr'><strong>Hebr.</strong></span> <span class='ocrx_word' id='word_1_866' title='bbox 1277 5670 1396 5726; x_wconf 89' lang='lat' dir='ltr'><strong>loco</strong></span> <span class='ocrx_word' id='word_1_867' title='bbox 1428 5687 1552 5728; x_wconf 87' lang='lat' dir='ltr'><strong>mox</strong></span> <span class='ocrx_word' id='word_1_868' title='bbox 1579 5673 1816 5729; x_wconf 90' lang='lat' dir='ltr'><strong>citando.</strong></span> 
     </span>
    </p>
   </div>
   <div class='ocr_carea' id='block_1_116' title="bbox 640 5736 2124 5807">
    <p class='ocr_par' dir='ltr' id='par_1_116' title="bbox 640 5736 2124 5807">
     <span class='ocr_line' id='line_1_116' title="bbox 640 5736 2124 5807; baseline 0.009 -19"><span class='ocrx_word' id='word_1_869' title='bbox 640 5736 752 5804; x_wconf 65' lang='lat'><strong>(22)</strong></span> <span class='ocrx_word' id='word_1_870' title='bbox 787 5736 944 5794; x_wconf 72' lang='lat' dir='ltr'><strong>Errat</strong></span> <span class='ocrx_word' id='word_1_871' title='bbox 973 5736 1313 5807; x_wconf 84' lang='lat' dir='ltr'><strong>Theodorus,</strong></span> <span class='ocrx_word' id='word_1_872' title='bbox 1344 5758 1468 5799; x_wconf 82' lang='lat' dir='ltr'><strong>nam</strong></span> <span class='ocrx_word' id='word_1_873' title='bbox 1527 5744 1725 5801; x_wconf 86' lang='lat' dir='ltr'><strong>diserte</strong></span> <span class='ocrx_word' id='word_1_874' title='bbox 1779 5743 1918 5802; x_wconf 86' lang='lat' dir='ltr'><strong>hanc</strong></span> <span class='ocrx_word' id='word_1_875' title='bbox 1953 5743 2124 5802; x_wconf 80' lang='lat' dir='ltr'><strong>llero-</strong></span> 
     </span>
    </p>
   </div>
   <div class='ocr_carea' id='block_1_117' title="bbox 2236 5667 3798 5744">
    <p class='ocr_par' dir='ltr' id='par_1_117' title="bbox 2236 5667 3798 5744">
     <span class='ocr_line' id='line_1_117' title="bbox 2236 5667 3798 5744; baseline -0.001 -17"><span class='ocrx_word' id='word_1_876' title='bbox 2236 5674 2412 5744; x_wconf 79' lang='lat' dir='ltr'><strong>diadis</strong></span> <span class='ocrx_word' id='word_1_877' title='bbox 2435 5671 2599 5744; x_wconf 81' lang='lat' dir='ltr'><strong>tiliam</strong></span> <span class='ocrx_word' id='word_1_878' title='bbox 2650 5670 2882 5744; x_wconf 84' lang='lat' dir='ltr'><strong>appellat</strong></span> <span class='ocrx_word' id='word_1_879' title='bbox 2940 5669 3217 5734; x_wconf 89' lang='lat' dir='ltr'><strong>Salomen,</strong></span> <span class='ocrx_word' id='word_1_880' title='bbox 3251 5683 3358 5744; x_wconf 82' lang='lat' dir='ltr'><strong>non</strong></span> <span class='ocrx_word' id='word_1_881' title='bbox 3422 5667 3798 5728; x_wconf 72' lang='lat' dir='ltr'><strong>Hcrodiadetn.</strong></span> 
     </span>
    </p>
   </div>
   <div class='ocr_carea' id='block_1_118' title="bbox 2231 5739 3312 5814">
    <p class='ocr_par' dir='ltr' id='par_1_118' title="bbox 2231 5739 3312 5814">
     <span class='ocr_line' id='line_1_118' title="bbox 2231 5739 3312 5814; baseline -0.003 -16"><span class='ocrx_word' id='word_1_882' title='bbox 2231 5742 2428 5814; x_wconf 85' lang='lat' dir='ltr'><strong>Joseph</strong></span> <span class='ocrx_word' id='word_1_883' title='bbox 2459 5743 2639 5811; x_wconf 77' lang='lat' dir='ltr'><strong>Antiq.</strong></span> <span class='ocrx_word' id='word_1_884' title='bbox 2673 5739 2769 5797; x_wconf 83' lang='lat' dir='ltr'><strong>lib.</strong></span> <span class='ocrx_word' id='word_1_885' title='bbox 2792 5756 2947 5809; x_wconf 85' lang='lat' dir='ltr'><strong>xvm,</strong></span> <span class='ocrx_word' id='word_1_886' title='bbox 3004 5755 3124 5807; x_wconf 78' lang='lat' dir='ltr'><strong>cap.</strong></span> <span class='ocrx_word' id='word_1_887' title='bbox 3155 5753 3226 5805; x_wconf 73' lang='lat' dir='ltr'><strong>vr,</strong></span> <span class='ocrx_word' id='word_1_888' title='bbox 3258 5739 3312 5795; x_wconf 63' lang='grc' dir='ltr'><strong>ὦ.</strong></span> 
     </span>
    </p>
   </div>
  </div>
