4018 6304
207 333 309 399 765
811 346 1092 412 ORATIO
1135 355 1296 415 VIII.
1341 381 1407 390 -·
1433 356 1514 416 IN
1545 357 2180 423 DECOLLATIONEM
2209 364 2270 424 S.
2304 365 2572 432 JOANN.
2597 367 2811 429 BAPT.
3340 364 3450 429 ’766

207 448 525 546 προφήτην
548 453 736 506 αὐτὸν
755 451 948 524 εἶχον·
985 461 1044 512 οὐ
1079 463 1187 532 γὰρ
1229 464 1394 533 ἡνίκα
1444 465 1771 536 βουληθῶσιν

1879 468 2079 538 aliquid
2119 487 2299 541 agere,
2330 474 2510 528 statim
2557 475 2819 544 impetum
2870 491 3029 532 suum
3055 477 3109 532 in
3152 491 3290 546 opus
3317 490 3448 530 con-

205 539 265 634 ci.
286 541 620 612 κρατοῦντες
651 547 852 614 πρᾶξαί
873 567 924 602 τι
953 551 1059 604 τῶν
1088 554 1354 618 ἐκτόπων,
1380 557 1540 620 εὐθὺς
1570 558 1668 628 τὴν
1689 561 1771 628 ὁρ-

1881 557 2083 622 ferunt,
2109 539 2406 618 reverentia
2444 539 2698 634 metuque
2736 568 3083 623 subditorum
3135 539 3448 623 diherentes

210 632 312 725 μὴν
331 636 424 725 Δεἰς
454 634 617 703 ἔργον
643 637 886 705 ἄγουσιν,
920 643 1057 696 αἰδοῖ
1098 648 1194 699 καὶ⁹
1240 648 1390 718 φόὸῳ
1410 649 1503 702 τοῦ
1534 651 1771 721 ὑπηκόου

1879 657 2041 719 atque
2073 653 2211 706 intra
2251 669 2310 709 se
2343 655 2493 725 ipsos
2523 658 2808 714 molientes
2837 659 3092 715 idoneum
3125 661 3309 716 futuro
3332 672 3448 712 ma-

207 723 637 815 ἀναϐαλλόμενοι
673 730 766 782 καὶ⁵
793 731 1090 797 κλωθέντες
1117 739 1198 800 είς
1231 740 1456 804 ἑαυτοὺς
1485 742 1576 794 τὸν
1609 742 1771 815 ἐφαρ-

1876 741 2053 795 lelicio
2088 752 2318 814 tempus.

209 813 444 881 μόζοντα
476 819 668 887 καιρὸν
698 821 794 891 τῆς
834 825 1159 895 μοχθηρίας.

278 911 355 969 ς’.
386 908 692 963 Γενεσίων
732 912 800 964 δὲ
852 915 1160 984 ἀγομένων
1199 921 1305 974 τοῦ
1352 921 1632 990 Ἡρώδου,
1663 925 1774 994 ὠρ-

207 992 440 1060 χήσατο
468 998 507 1064 ἡ
533 998 796 1068 θυγάτηρ
841 1004 951 1069 τῆς
995 1005 1342 1076 Ἡρωδιάδος
1383 1013 1453 1065 ἐν
1481 1015 1561 1079 τῷ
1585 992 1772 1085 μέσω,

326 1085 515 1154 ἤρεσε
565 1090 646 1156 τῷ
681 1093 924 1163 Ἡρώδῃ.
949 1097 1088 1151 ὅθεν
1109 1101 1234 1168 μεθ’
1275 1102 1457 1170 ὅρκου
1472 1106 1773 1177 ὡμολόγη-

1947 921 1999 976 6.
2030 922 2163 974 Dum
2188 933 2358 976 autem
2385 935 2663 995 agerentur
2713 926 2936 982 Herodis
2963 930 3190 992 natalia,
3228 931 3445 984 saltavit

1875 1013 1990 1081 ﬁlia
2043 1013 2359 1070 Ilerodiadis
2386 1018 2439 1069 in
2467 1018 2639 1070 medio
2700 1022 2954 1085 convivio,
3005 1021 3304 1091 placuitque
3339 1020 3446 1074 He-

1877 1099 2013 1162 rodi,
2068 1105 2197 1152 adeo
2226 1111 2283 1153 ut
2323 1119 2441 1155 cum
2469 1105 2774 1172 jurameuto
2817 1109 3117 1176 promiserit
3141 1125 3196 1163 se
3219 1114 3265 1163 ei
3294 1110 3446 1163 datu-

206 1191 317 1269 (ξεν
349 1179 506 1248 αὐτῇ
534 1181 742 1236 δοῦναι
773 1185 804 1238 ὂ
831 1187 938 1240 ἐὰν
956 1190 1291 1260 αἰτήσηται.
1320 1195 1447 1248 Ὀτε
1484 1199 1650 1269 ἐχρῆν
1679 1202 1771 1254 αὖ·

1875 1207 1990 1243 rum
2033 1191 2286 1261 quidquid
2339 1194 2548 1261 petisset
2580 1196 2646 1248 ".
2692 1199 2911 1253 Scilicet
2946 1215 3070 1254 cum
3116 1202 3444 1269 oportuisset

205 1266 294 1318 τὸν
321 1269 506 1325 δοῦναι
532 1273 690 1339 δόξαν
708 1278 784 1346 τῷ
807 1279 925 1349 Θεῷ
942 1285 1021 1345 εἰς
1038 1284 1156 1336 τόδε
1190 1289 1526 1357 προαχθέντα
1635 1293 1770 1359 φῶς,

1872 1295 1996 1334 eum
2032 1284 2160 1335 dare
2202 1284 2427 1353 gloriam
2469 1283 2577 1340 Deo
2603 1287 2688 1341 die
2714 1288 2838 1352 hoc,
2870 1305 2979 1359 quo
3025 1292 3077 1345 in
3127 1266 3300 1346 lucem
3326 1293 3443 1345 edi-

205 1359 325 1454 τότε
364 1364 459 1416 τοῦ
491 1367 721 1430 σκότους
741 1371 806 1421 τὰ
837 1371 969 1441 ἔργα
1004 1377 1349 1439 ἀσπάζεται·
1382 1380 1644 1450 θυμηδίας
1665 1385 1771 1454 γὰρ

1875 1380 1963 1427 tus
1992 1373 2188 1438 fuerat,
2229 1375 2572 1432 tenebrarum
2609 1380 2800 1434 maluit
2837 1397 3001 1451 opera
3027 1385 3274 1453 exsequi.
3315 1384 3444 1439 Erat

205 1449 232 1500 ὁ
254 1454 446 1522 καιρὸς
474 1457 576 1509 οὐκ
599 1459 875 1530 ὀρχήσεως
899 1466 992 1516 καὶ
1026 1467 1257 1534 μάλιστα
1283 1449 1651 1538 γυναικώδους

1873 1465 2092 1532 insuper
2122 1467 2318 1521 laetitia:
2359 1469 2578 1536 quidem
2611 1479 2824 1542 tempus
2851 1449 2976 1538 hoc,
3005 1490 3110 1529 non
3139 1449 3315 1530 tamen
3343 1477 3444 1531 sal-

206 1547 501 1636 ἀρῤενικῆς
558 1550 718 1615 θέας·
744 1554 801 1620 ἐξ
847 1549 913 1626 ἧς
965 1559 1017 1610 τί
1058 1559 1116 1611 τὸ
1169 1563 1526 1633 τικτόμενονς
1567 1567 1728 1636 ὅρκος
1754 1585 1767 1597 ·

1871 1557 2085 1610 talionis
2135 1559 2431 1628 praesertim
2481 1559 2696 1616 feminae
2730 1564 2782 1616 in
2814 1565 3059 1619 virorum
3119 1577 3438 1635 conspectu.

205 1635 266 1729 ἐκ
364 1638 496 1706 τοῦς
532 1641 694 1708 φόνος
722 1659 734 1672 '
767 1645 921 1699 ἄνελε
959 1647 1057 1711 τὰς
1088 1651 1248 1720 ῥίζας
1297 1655 1394 1722 τῆς
1427 1635 1642 1722 κακίας,
1680 1661 1771 1712 καὶ

1870 1646 2039 1718 Cujus
2094 1652 2170 1704 rei
2217 1668 2464 1720 quaenam
2500 1655 2721 1724 sequela
2751 1655 2886 1711 fuit?
2915 1672 3111 1726 nempe
3162 1659 3444 1729 jusjuran-

204 1726 261 1778 οὐ
293 1727 588 1799 βλαστήσει
636 1736 848 1803 καρπὸς
881 1737 980 1807 τῆς
1019 1741 1248 1808 ἀνομίας
1272 1759 1285 1772 ·
1323 1745 1430 1797 τῶν
1456 1749 1686 1814 πρώτων
1714 1753 1768 1805 δὲ

1870 1743 2020 1797 dum.
2067 1744 2204 1810 Quid
2231 1745 2355 1800 inde
2399 1747 2561 1801 vero?
2590 1748 2963 1804 homicidium.
3020 1726 3191 1804 Aufer
3225 1726 3442 1806 malitia:

205 1822 466 1887 φυέντων,
508 1826 902 1899 ἀναδοθήσεται
933 1831 1174 1902 δηλονότι
1205 1836 1264 1888 τὸ
1288 1837 1455 1908 πέρας
1491 1841 1600 1892 τῶν
1629 1861 1770 1912 πρα-

1874 1834 2102 1898 radices,
2150 1845 2205 1890 et
2243 1851 2349 1890 non
2394 1839 2682 1907 pullulabit
2731 1841 2941 1896 fructus
2973 1840 3278 1910 iniquitatis
3323 1851 3443 1899 :et-

203 1913 447 1982 γμάτων.
499 1917 829 1987 Ὠρχήσατο
855 1925 890 1990 ἡ
925 1926 1184 1994 θυγάτηρ
1200 1928 1308 1995 τῆς
1344 1932 1684 2000 Ἡρωδιάδος
1704 1935 1771 1988 ἐν

1875 1924 2018 1978 enim
2060 1924 2204 1978 facto
2243 1925 2420 1991 initio,
2453 1930 2527 1982 rei
2572 1945 2789 1999 quoque
2829 1931 3092 1986 terminus
3145 1947 3442 2001 conseque-

205 2003 282 2096 τῷ
330 2006 519 2072 μέσῳ,
584 2009 681 2062 καὶ
733 2011 916 2080 ἤρεσε
988 2014 1068 2080 τῷ
1117 2016 1378 2088 Ἠρώδῃο
1407 2024 1498 2074 καὶ
1554 2024 1606 2076 τί
1662 2026 1770 2096 γὰρ

1875 2023 1981 2068 tur.
2035 2015 2264 2070 Saltavit
2305 2017 2627 2076 Herodiadis
2667 2023 2782 2090 ﬁlia
2817 2024 2870 2075 in
2907 2024 3076 2076 medio
3117 2025 3367 2088 convivio,
3391 2033 3439 2078 et

201 2095 392 2166 ἔμελλε
417 2101 815 2156 πεπαιδεῦσθαι
847 2107 998 2176 παρὰ
1045 2113 1142 2180 τῆς
1183 2112 1445 2183 τεκούσης
1474 2116 1506 2184 ἡ
1538 2095 1770 2185 μαστρο-

201 2186 418 2257 πόρινος
473 2189 740 2261 θυγάτηρ,
792 2195 824 2264 ἢ
877 2197 938 2248 τὸ
989 2197 1328 2268 ἐξορχεῖσθαι
1358 2219 1372 2267 ;
1406 2204 1499 2255 καὶ
1549 2205 1769 2259 τοσοῦτο

199 2272 632 2346 ἑξησκημμένως
668 2282 810 2350 ἔχειν
841 2285 969 2353 περὶ
1008 2287 1105 2356 τὴν
1153 2288 1482 2359 ὀρχήστραν,
1511 2292 1648 2346 ὥστε
1676 2297 1768 2347 καὶ

198 2365 395 2435 ἀρέσαι
441 2368 518 2438 τῷ
559 2371 806 2444 Ἡρώδης
848 2374 969 2426 ὅθεν
1033 2377 1151 2443 μεθ’
1206 2381 1367 2450 ὅρκου
1420 2383 1766 2456 ὡμολόγησεν

198 2456 335 2527 αὐτῇ
361 2456 541 2512 δοῦναι
571 2459 599 2511 ὅ
627 2462 721 2513 ἐὰν
743 2466 962 2535 αίτήσῃ.
997 2467 1228 2539 Τοιαύτη
1274 2472 1380 2541 γὰρ
1405 2475 1436 2542 ἡ
1469 2477 1767 2544 προπέτεια

196 2545 309 2597 τῶν
345 2547 828 2620 ἐκϐακχευομένων
876 2557 987 2616 τοῖς
1043 2558 1239 2611 πάθεσι
1276 2561 1372 2626 τῆς
1414 2566 1671 2633 ἀτιμίας,
1704 2568 1766 2620 ἀ-

198 2639 584 2706 περισκέπτως
611 2642 1059 2715 ἀποφαινομένων
1080 2653 1221 2704 κατὰ
1239 2655 1435 2717 παντὸς
1457 2651 1662 2721 οὗτινος
1680 2659 1768 2710 56-

199 2727 438 2798 ξειενοὴ
484 2732 541 2784 δὲ
587 2734 1017 2802 προϐιϐασθεῖσα
1065 2741 1166 2792 ὑπὸ
1212 2744 1308 2811 τῆς
1357 2748 1560 2814 μητρὸς
1593 2736 1765 2820 αὐτῆς

199 2820 421 2888 ἥρπαζε
448 2821 540 2875 τὸν
575 2825 672 2892 τῆς
710 2829 1020 2895 μιαιφονίας
1058 2830 1282 2885 θάνατον
1310 2835 1366 2886 ὃν
1390 2835 1547 2888 ὧδινε
1598 2841 1764 2894 πάλαι

197 2910 488 2964 ἀποτεκεῖν
521 2916 553 2983 ή
582 2915 918 2983 ὲχιδνοτόκος
954 2920 1222 2990 Ἡρωδιὰς
1247 2944 1258 2956 ·
1285 2928 1374 2980 καὶ
1403 2929 1535 2998 πρὸς
1560 2931 1617 2983 τὸ
1635 2934 1763 2984 ἑαυ-

193 3004 292 3070 τῆς
327 3003 621 3075 θυγάτριον
637 3008 1110 3081 διαθερμανθείσα,
1136 3015 1276 3070 ἔοικε
1301 3021 1521 3073 τοιαῦτα
1550 3022 1725 3091 λέγειν
1747 3042 1759 3055 ·

200 3093 303 3185 Ἴδε
332 3097 360 3148 ὀ
391 3099 605 3167 καιρὸς,
631 3100 840 3165 τέκνον,
870 3106 898 3156 ὁ
923 3105 1352 3177 ὲπιζητούμενος
1378 3115 1535 3182 ἡμῖν·
1562 3117 1763 3185 ἤνυσας

195 3184 274 3256 τῷ
300 3187 426 3239 ποδὶ
467 3189 528 3240 τὸ
571 3189 692 3258 ἐμοὶ
722 3193 1062 3265 φιλούμενον,
1089 3199 1379 3265 πέπαυκάς
1425 3222 1526 3273 μου
1574 3184 1634 3259 τὸ
1668 3211 1762 3260 ἀλ·
1791 3185 1833 3239 c

196 3281 376 3348 γεινὸν
427 3281 504 3352 τῷ
543 3286 775 3355 τεχνικῷ
824 3305 916 3341 σου
964 3289 1276 3361 λυρίσματι.
1328 3296 1634 3368 Κρύψωμεν
1687 3304 1765 3362 είς

197 3371 300 3441 γῆν
347 3372 440 3424 τὸν
474 3375 624 3443 ἡμᾶς
667 3377 1053 3443 στηλιτεύοντα
1077 3399 1090 3411 ο
1126 3383 1201 3435 ίθι
1255 3386 1440 3455 τάχιον
1487 3389 1653 3443 ταῦτα

196 3477 368 3530 γουσα
393 3481 405 3493 ο
430 3467 542 3530 Δός
555 3484 659 3534 μοι
675 3462 788 3522 ὧδε
805 3470 903 3522 ἐπὶ
927 3474 1134 3527 πίνακι
1152 3474 1264 3541 τὴν
1281 3480 1558 3548 κεφαλὴν
1575 3482 1766 3536 Ἰωάν-

197 3570 308 3609 νου
333 3557 440 3609 τοῦ
475 3558 843 3614 Βαπτιστοῦ.
875 3563 936 3614 Ὢ
966 3564 1164 3631 μανίας
1192 3566 1494 3638 ὑπερὸολῆς
1526 3574 1762 3643 αἴτημαι

200 3649 488 3718 μονονουχὶ
506 3649 588 3701 ὅτι
622 3650 698 3720 μὴ
728 3652 995 3723 ὲντρυφᾷν
1024 3651 1138 3726 εἶχε
1165 3659 1240 3729 τῷ
1279 3663 1481 3731 φονικῷ
1502 3665 1765 3734 θεάματιο

196 3737 558 3809 ἔδυσχέρηνεν
596 3741 629 3812 ἡ
676 3743 871 3811 μαινὰς
930 3747 1022 3799 καὶ
1087 3750 1411 3823 φονεύτριαο
1445 3755 1542 3824 οὐχ
1587 3758 1768 3812 ἱκανὸν

196 3828 302 3899 γὰρ
342 3831 428 3882 ὅτι
459 3831 613 3900 ξίφος
661 3833 908 3890 διελάσαι
940 3839 1007 3890 τὰ
1035 3839 1130 3891 τοῦ
1166 3843 1309 3910 ἱεροῦ
1338 3848 1609 3916 τραχήλου
1637 3852 1766 3920 ᾑρε-

195 3920 368 4014 ⁴ιιίσω·
397 3921 533 3976 ἀλλά
567 3925 672 3993 γὰρ
722 3932 815 3980 καὶ
865 3930 958 3983 ἐπὶ
1019 3933 1210 3988 πίνακι
1271 3935 1493 4008 δοθῆναί
1551 3959 1633 3995 σοι
1671 3944 1771 4014 τὴν

198 4012 354 4083 ἁγίαν
422 4017 669 4089 κεφαλὴν
715 4024 1176 4094 ἑπραγματεύσω.
1223 4033 1285 4084 Ὢ
1330 4034 1625 4103 ἀτάσθαλε,
1676 4012 1769 4092 καὶ

196 4105 290 4176 τῆς
322 4106 566 4171 Ἰεζάϐελ
595 4110 967 4184 ἀπηνέστερον
1016 4118 1074 4169 τὸ
1103 4116 1232 4189 ἦθος
1266 4123 1461 4192 ἔχουσα
1491 4128 1502 4178 l

263 4197 328 4262 ζ’.
358 4201 473 4254 Καὶ
526 4201 828 4268 ἐλυπήθη,
897 4209 1064 4277 φησὶν
1086 4251 1099 4274 ,
1142 4215 1175 4264 d
1198 4214 1504 4283 ,ϐασιλεὺς
1524 4236 1536 4250 ·
1568 4219 1665 4273 διὰ
1702 4222 1770 4275 δὲ

197 4290 332 4356 τοὺς
359 4289 587 4359 ὅρκους
613 4295 712 4346 καὶ
743 4297 884 4364 τοὺς
911 4305 1465 4373 συνανακειμένους
1485 4310 1771 4366 ἐκέλευσε

201 4376 449 4450 δοθῆναι
474 4399 490 4414 ο
520 4383 620 4436 καὶ
648 4384 892 4453 πέμψας
917 4390 1325 4460 ἀπεκεφάλισε
1355 4398 1462 4450 τὸν
1494 4399 1771 4471 Ἰωάννην

201 4471 388 4567 έν-τῇ
433 4474 717 4545 φυλακῇ·
773 4478 870 4532 καὶ
917 4481 1141 4550 ἠνέχθη
1191 4487 1228 4553 ἡ
1287 4491 1523 4558 κεφαλὴ
1574 4496 1761 4550 αὐτοῦ
1794 4513 1840 4567 ι)

197 4561 291 4656 ἐπὶ
322 4569 557 4634 πίνακι,
586 4569 687 4624 καὶ
727 4569 904 4640 ἐδόθη
951 4573 1030 4638 τῷ
1071 4581 1371 4646 κορασίῳ·
1409 4583 1506 4635 καὶ
1550 4585 1766 4656 ἤνεγκε

199 4654 463 4726 τῆμητρὶ
486 4658 699 4726 αὐτῆς.
736 4662 798 4714 Ὠ
836 4663 1147 4735 διαϐολικῆς
1185 4679 1540 4743 παρασκευῆς
1576 4654 1771 4733 ἀποτέ-

199 4748 385 4818 λεσεὶα,
419 4752 508 4816 τίς
536 4753 564 4805 ὁ
594 4756 910 4822 ἐπενεγκὼν
938 4759 1078 4814 κατὰ
1101 4761 1197 4830 τῆς
1239 4763 1387 4827 θείας
1436 4771 1677 4839 κεφαλῆς
1711 4774 1770 4825 τὸ

201 4839 543 4914 ἀναιρετικὸν
593 4843 780 4913 ξίφοςς
811 4849 838 4900 ό
872 4848 1118 4920 δεύτερος
1157 4853 1337 4922 Δωὴκ,
1373 4857 1401 4905 ὁ
1440 4858 1636 4929 ἄνομος
1663 4863 1768 4913 ὑπ-

199 4929 418 5018 ηρέτης,
461 4931 557 4984 καὶ
592 4932 654 4984 οὐ
687 4937 928 5007 μιμητὴς
950 4938 1059 4991 τῶν
1080 4942 1461 5012 ἐφεστηκότων
1483 4948 1772 5018 ἐμφρόνως

199 5017 365 5073 Σαοὺλ
403 5019 488 5090 τῷ
517 5020 750 5090 βασιλεῖ,
788 5023 948 5092 ἡνίκα
999 5029 1330 5096 προσέττατε
1358 5033 1482 5095 τοὺς
1512 5017 1611 5086 τοῦθ
1634 5034 1769 5086 Θεοῦ

201 5113 484 5181 προφήτας
517 5111 961 5170 ἁποκτείνεσθαι.
1013 5118 1119 5170 Καὶ
1168 5120 1395 5190 ἠνέχθη
1441 5124 1478 5189 ἡ
1537 5124 1770 5193 κεφαλὴ

199 5200 379 5254 αὐτοῦ
417 5203 517 5257 ἐπὶ
553 5203 783 5257 πίνακι.
827 5205 1138 5272 Συμπόσιον
1173 5211 1384 5280 εἴποιμι
1426 5213 1456 5281 ἢ
1506 5217 1770 5285 φονευτή-

205 5306 311 5358 ριον
344 5294 406 5348 τὸ
454 5294 707 5350 τοιοῦτον
752 5296 1004 5366 ἀριστονς
1040 5302 1368 5371 δαιτυμόνας
1413 5307 1770 5379 καλέσαιμιῆ

201 5383 578 5454 παλαμναίους
640 5387 769 5448 τοὺς
839 5393 1334 5462 συνανακειμένους
1410 5397 1771 5467 οίνόφ).υγας;

204 5471 266 5526 Ὠ
295 5479 478 5532 καινὸν
506 5480 695 5549 θέαμα
716 5495 730 5510 ⁶
764 5479 808 5532 ὢ
850 5483 1084 5553 πονηρὸν
1123 5486 1304 5555 ὅραμα
1331 5505 1346 5520 ο
1373 5489 1581 5541 ζεκεῖθεν
1626 5490 1772 5560 ὅρνις

202 5569 543 5634 παρετίθετο,
570 5570 823 5624 ἐντεῦθεν
849 5576 1162 5645 προφητικὴ
1186 5577 1398 5648 κεφαλὴ
1414 5579 1606 5648 ῆγετο·
1632 5581 1773 5633 έκεῖ-

267 5742 304 5779 ⁹¹
333 5745 517 5807 Matth.
557 5763 674 5812 xtv,
705 5746 759 5799 θ.
829 5749 870 5780 ⁹¹
898 5748 1027 5804 ibid.
1065 5750 1116 5805 8.
1193 5753 1235 5784 ”
1270 5752 1400 5807 ibid.
1451 5751 1532 5805 Η.

1874 2105 2073 2160 Herodi
2099 2110 2317 2176 placuit.
2360 2108 2499 2175 Quid
2542 2112 2685 2165 enim
2743 2114 2886 2167 aliud
2935 2115 3124 2170 edocta
3180 2114 3376 2170 fuisset
3408 2131 3440 2170 a

1870 2206 2040 2252 matre
2077 2199 2183 2253 lilia
2234 2200 2467 2268 lenonia,
2493 2217 2656 2272 quam
2688 2205 2923 2258 saltare?
2949 2205 3058 2260 imo
3080 2214 3133 2260 et
3162 2214 3442 2275 tantopere

1870 2289 1923 2343 in
1973 2305 2036 2343 eo
2076 2291 2203 2344 ludo
2239 2295 2497 2358 exerceri,
2544 2305 2601 2349 ut
2653 2297 2754 2363 ipsi
2801 2297 2998 2351 Herodi
3037 2296 3305 2366 placeret?
3346 2297 3439 2366 qui

1868 2380 2070 2436 idcirco
2119 2382 2168 2436 ci
2207 2384 2406 2452 recepit
2454 2385 2715 2454 quidquid
2771 2387 3104 2454 postulasset
3156 2402 3443 2443 concessu-

1868 2488 2010 2529 rum.
2062 2473 2186 2528 Haec
2237 2475 2437 2544 quippe
2481 2484 2564 2529 est
2615 2475 2998 2532 bacchantium
3033 2478 3088 2533 in
3131 2478 3440 2547 ignominiae

1867 2567 2211 2633 passionibus
2248 2569 2544 2630 temeritas.
2594 2578 2653 2622 ut
2698 2570 3098 2626 inconsiderate
3146 2571 3438 2626 decernant

1866 2654 1933 2708 de
1976 2671 2031 2710 re
2073 2657 2342 2724 qualibet,
2372 2665 2533 2725 prout
2565 2658 2741 2713 visum
2797 2657 2983 2716 fuerit.
3036 2661 3218 2714 Puella
3256 2674 3438 2714 veroa

1868 2754 2039 2799 matre
2062 2761 2159 2800 sua
2210 2747 2486 2810 instincta,
2516 2749 2854 2802 occasionem
2890 2749 3121 2815 arripuit
3149 2755 3436 2801 cruentam

1865 2853 2051 2893 necem
2127 2840 2462 2908 postulandi,
2504 2854 2665 2908 quam
2711 2839 2918 2907 jamdiu
2964 2839 3208 2907 viperina
3264 2847 3440 2893 mater

1866 2928 2128 2982 Herodias
2163 2928 2433 2997 parturire
2480 2929 2725 2998 parabat.
2751 2929 2945 2990 Cerne,
2974 2933 3070 2992 ait,
3105 2945 3136 2982 o
3168 2929 3273 2983 lilia
3309 2937 3442 2983 tem-

1866 3033 1965 3085 pus
2001 3016 2155 3069 nobis
2183 3017 2499 3084 expetitum.
2550 3015 2684 3069 Item
2714 3016 2846 3069 mihi
2895 3025 3133 3086 optatam
3166 3016 3298 3084 pede
3341 3015 3442 3069 sal-

1866 3113 2014 3159 tante
2075 3102 2354 3158 conl‘ecisti
2397 3121 2411 3168 ;
2454 3105 2695 3158 dolorem
2755 3119 2932 3158 meum
2982 3103 3282 3156 artiﬁcioso
3347 3111 3442 3155 tuo

1873 3204 2034 3249 cantu
2066 3196 2289 3249 sedasti.
2321 3196 2501 3250 Terrae
2536 3195 2869 3250 infodiamus
2898 3195 3173 3249 hominem
3217 3193 3309 3262 qui
3339 3208 3441 3247 nos

1867 3284 2128 3337 diffamat.
2167 3282 2330 3352 Pergo
2361 3285 2539 3338 statim
2572 3285 2643 3337 ita
2669 3283 2881 3337 dictura
2913 3301 2926 3337 :
2957 3282 3036 3335 Da
3066 3281 3197 3334 mihi
3231 3282 3286 3334 in
3339 3281 3438 3334 hoc

1867 3375 2010 3427 disco
2047 3373 2268 3428 Joannis
2305 3373 2559 3442 Baptista:
2602 3374 2866 3442 caput".
2911 3371 2955 3424 0
2982 3371 3180 3426 summi
3235 3369 3435 3426 furoris

1868 3466 2182 3534 postulatio!
2215 3463 2331 3519 Nisi
2361 3480 2429 3520 ex
2460 3475 2686 3520 cruento
2716 3461 3027 3534 spectaculo
3048 3461 3284 3517 fructum
3310 3476 3443 3516 ocu-

1869 3560 1933 3612 lis
1979 3571 2426 3627 consequeretur,
2484 3558 2623 3612 haud
2677 3557 2873 3611 satiata
2926 3556 3066 3611 foret
3127 3555 3438 3609 truculenta

1870 3663 2089 3703 niaznas.
2124 3647 2239 3701 Non
2273 3648 2407 3703 satis
2452 3647 2547 3701 tibi
2581 3646 2706 3712 fuit,
2737 3645 2882 3718 quod
2927 3645 3195 3703 cervicem
3227 3659 3440 3701 sacram

1868 3738 2047 3807 gladio
2095 3751 2280 3791 secare
2323 3736 2566 3792 incitasti
2609 3755 2623 3802 ;
2663 3735 2757 3793 sed
2792 3745 2849 3792 et
2883 3737 2938 3792 in
2987 3737 3139 3792 disco
3189 3744 3440 3792 sanctum

1868 3840 2030 3901 caput
2055 3829 2149 3884 tibi
2176 3830 2290 3884 dari
2325 3829 2553 3884 curasti.
2587 3826 2631 3882 Ο
2661 3829 2909 3895 scelesta,
2936 3837 2989 3883 et
3024 3828 3138 3898 ipsa
3189 3825 3442 3883 Jezabelo

1868 3922 2226 3978 crudeliorem
2251 3921 2486 3976 indolem
2517 3920 2743 3992 gerens!

1938 4209 1992 4262 7.
2028 4206 2094 4262 Et
2118 4208 2459 4260 contristatus
2486 4215 2583 4271 est,
2622 4207 2800 4277 inquit
2831 4205 3140 4276 Scriptura,
3190 4221 3284 4262 rex
3305 4223 3325 4262 .'
3347 4207 3442 4263 sed

1868 4309 2084 4369 propter
2106 4298 2507 4368 jusjurandum,
2535 4308 2583 4352 et
2600 4309 2812 4368 propter
2843 4299 3005 4352 simul
3037 4299 3439 4366 discumbentes,

1869 4392 1988 4445 dari
2002 4391 2203 4458 jussit:
2237 4393 2494 4460 missoque
2508 4390 2828 4458 spiculatore
2852 4390 3127 4445 decollavit
3181 4391 3441 4446 Joannem

1868 4489 1922 4540 in
1949 4502 2192 4540 carcere:
2243 4495 2290 4538 et
2339 4485 2557 4538 allatum
2583 4493 2658 4539 est
2703 4484 2995 4553 caputeius
3038 4485 3092 4537 in
3120 4485 3287 4548 disco,
3336 4486 3440 4539 da-

1881 4591 2093 4648 tumque
2115 4577 2322 4656 ρυειιω,
2355 4594 2470 4647 qua:
2493 4578 2561 4629 ad
2593 4586 2814 4630 matrem
2850 4578 3038 4631 detulit
3065 4577 3131 4630 ”.
3160 4576 3204 4632 Ο
3240 4577 3441 4647 iniqua:

1867 4670 2167 4724 molitionis
2204 4670 2381 4723 exitus
2411 4673 2423 4722 l
2459 4669 2592 4734 Quis
2631 4670 2792 4724 divali
2816 4670 2981 4738 capiti
3007 4669 3206 4724 lethale
3234 4669 3437 4724 ferrum

1869 4759 2095 4814 intulit?
2128 4756 2312 4812 Novus
2341 4758 2506 4827 Docg,
2539 4759 2802 4813 scelestus
2829 4759 3103 4822 minister,
3127 4757 3270 4812 haud
3295 4767 3442 4813 certe

1869 4853 2108 4907 imitator
2141 4851 2355 4905 illorum
2381 4850 2475 4920 qui
2531 4851 2715 4904 sobrie
2749 4851 3070 4904 restiterunt
3114 4849 3227 4920 regi
3259 4849 3434 4914 Sauli,

1873 4943 1962 4998 Dei
1985 4943 2273 5012 prophetas
2303 4942 2476 4996 occidi
2507 4941 2741 5011 jubenti.
2786 4941 2854 4994 Et
2897 4941 3124 4994 allatum
3170 4947 3248 4993 est
3283 4949 3442 5010 caput

1870 5035 1981 5102 ejus
2014 5035 2070 5086 in
2127 5034 2292 5086 disco.
2344 5033 2527 5086 Dicam
2599 5048 2666 5086 ne
2739 5032 3071 5098 convivium,
3125 5045 3194 5086 an
3253 5029 3440 5101 potius

1872 5125 2117 5194 supplicii
2151 5124 2330 5178 locum
2365 5125 2650 5193 prandium
2681 5124 2784 5179 hoc
2811 5124 2833 5176 ?
2875 5124 3131 5179 convivas
3160 5138 3227 5178 ne
3251 5121 3442 5192 appel—

1871 5215 1999 5280 lem,
2032 5230 2099 5268 an
2130 5215 2414 5269 carnitices
2467 5213 2560 5284 qui
2602 5215 2802 5269 inﬂatis
2853 5214 2982 5270 vino
3014 5213 3168 5269 venis
3215 5228 3439 5267 accum-

1875 5307 2043 5360 bunt!
2096 5305 2141 5358 Ο
2193 5306 2566 5376 spectaculum
2622 5308 2868 5360 novum!
2916 5321 2950 5361 o
3007 5305 3160 5361 triste
3213 5307 3438 5361 visum!

1875 5396 2024 5449 Illinc
2071 5396 2187 5449 avis
2218 5396 2609 5465 opponebatur,
2661 5395 2790 5450 hinc
2847 5394 3222 5465 propheticum
3273 5403 3443 5464 caput

1875 5486 2253 5542 exhibebatur.
2301 5485 2455 5541 Illinc
2502 5487 2688 5540 vinum
2752 5500 3030 5542 meracum
3085 5483 3438 5552 fundebatur,

1879 5578 2008 5634 hinc
2035 5577 2217 5647 justus
2269 5579 2492 5648 sanguis
2546 5577 2704 5648 quasi
2752 5576 2875 5634 fons
2929 5575 3132 5634 saliens
3161 5575 3438 5634 manabat.
