4018 6304
571 354 674 419 767

1747 357 1804 416 S.
1867 352 2260 416 THEODORI
2316 355 2662 418 STUDlT/E

3713 366 3820 432 768

572 468 746 534 Quam
777 467 1053 524 terrificus
1085 467 1342 523 nuntius!
1386 481 1549 536 quam
1577 465 1859 521 horribilis
1914 467 1990 519 rei
2020 481 2142 519 nar-

2259 463 2339 517 33v
2391 462 2532 532 οἶνος
2586 468 2772 538 ἐχέετο
2823 470 3082 542 ἄκρατος,
3125 473 3375 528 ἐντεῦθεν
3429 470 3571 547 αἷμα
3619 478 3826 538 δίκαιον

574 560 739 616 ratio!
775 560 1072 630 Datumque
1101 570 1177 616 est
1203 559 1482 628 puellm,et
1507 558 1601 614 illa
1625 559 1814 613 detulit
1835 559 1902 613 ad
1928 571 2146 613 matrem

573 667 742 706 ruant.
782 651 914 707 Hem
979 669 1250 710 summam
1319 651 1742 707 absurditatem!
1803 652 1994 707 Datum
2066 664 2151 710 est

575 744 955 800 inaestimabile
1010 755 1173 816 caput
1203 759 1298 814 pro
1340 745 1433 796 vili
1457 751 1624 810 actu;
1674 745 1902 814 impurae
1956 746 2147 814 profa-

575 851 765 904 n:eqne
803 835 1040 900 feminae,
1076 853 1162 892 res
1190 846 1378 892 sancta
1420 844 1475 890 et
1520 836 1746 898 intacta,
1781 836 1911 904 ipsis
1939 838 2148 904 angelis

576 927 936 982 honorabilis.
983 929 1178 984 Attulit
1236 927 1303 983 ad
1353 937 1582 983 matrem
1642 944 1838 989 suam:
1897 927 2150 984 videlicet

574 1016 775 1070 obtulit
823 1017 982 1085 quasi
1033 1018 1274 1072 edulium
1327 1017 1580 1087 ingluviei
1636 1018 1830 1072 matris
1873 1034 1994 1089 qua:
2026 1034 2150 1088 pro-

574 1111 751 1180 phetae
796 1126 982 1166 necem
1028 1111 1390 1179 discupiverat
1423 1128 1436 1164 :
1474 1109 1732 1177 Comede,
1789 1111 2064 1181 inquiens,
2116 1130 2150 1168 ο

576 1211 773 1268 mater,
807 1218 1002 1259 carnes
1027 1204 1127 1258 viri
1175 1203 1266 1273 qui
1301 1202 1419 1258 sine
1440 1218 1606 1258 carne
1640 1204 1777 1258 vixit
1811 1221 1825 1269 ;
1866 1205 1989 1260 bibe
2017 1221 2148 1260 san-

573 1295 794 1364 guinem
842 1297 983 1368 ejus,
1017 1297 1110 1368 qui
1145 1295 1437 1367 exsanguis
1486 1295 1540 1350 in
1606 1297 1718 1351 vita
1755 1297 1875 1351 fuit.
1905 1298 2148 1353 Tandem

574 1387 875 1460 aliquando
907 1391 1156 1445 silentem
1200 1389 1465 1445 habemus
1491 1390 1732 1463 linguam
1775 1389 2018 1446 hominis
2051 1391 2148 1463 qui

575 1494 675 1535 nos
703 1481 917 1551 publica
959 1481 1178 1536 infamia
1201 1482 1540 1552 aspergebat.

643 1571 697 1626 8.
737 1570 801 1625 Et
826 1573 1144 1637 accedentes,
1177 1573 1351 1641 inquit
1371 1572 1674 1644 Scriptura,
1700 1575 1952 1645 discipuli
1978 1576 2147 1646 illius,

572 1661 841 1717 sublatum
887 1680 1075 1734 corpus
1125 1666 1408 1733 sepultura
1472 1667 1885 1723 tradiderunt“.
1954 1669 2148 1740 Specta

578 1769 812 1820 mecum,
847 1755 1094 1813 studiose
1126 1757 1366 1823 auditor,
1408 1757 1607 1828 pictam
1646 1761 1698 1813 in
1753 1761 1989 1828 imagine
2013 1762 2146 1830 justi

2256 558 2552 628 κρουνηδὸν
2581 559 2829 630 ἐφέρετο.
2870 560 2960 624 Ὠς
2994 561 3260 635 φοϐερὰή
3293 564 3546 635 ἀγγελία,
3582 569 3679 622 καὶ
3709 588 3830 640 φρι-

2257 648 2360 718 κτὴ
2395 651 2427 718 ἡ
2461 650 2738 719 ἐξηγορία.
2759 651 2865 706 Καὶ
2892 651 3070 720 ἐδόθη
3104 653 3182 720 τῷ
3210 658 3491 726 κορασίῳ,
3518 661 3617 713 καί
3648 661 3829 732 ἤνετο

2257 758 2326 795 κε
2388 741 2464 809 τῇ
2487 744 2666 811 μητρί
2691 744 2902 812 αὐτῆς.
2924 745 3030 798 Φεῦ
3056 748 3155 817 τῆς
3173 750 3401 813 ἀτοπίας
3423 768 3435 779 ·
3461 751 3620 822 ἐδόθη
3654 757 3688 825 η
3719 756 3834 809 άτί-

2259 851 2426 904 μητος
2460 835 2603 905 κάρα
2633 837 2773 906 ὑπὲρ
2801 838 2999 908 ἀτίμου
3023 839 3301 911 πράξεως,
3326 845 3393 914 τῇ
3423 846 3607 912 ἐναγεί
3631 849 3724 901 καὶ
3749 850 3834 918 βε-

2257 924 2462 998 ϐήλῳή
2493 927 2632 998 άγνὴ
2678 929 2772 982 καὶ
2812 928 3090 1000 ἄψαυστος
3127 935 3222 986 καὶ
3253 937 3364 998 τοῖς
3399 935 3656 1005 άγγέλοις
3685 941 3834 994 αξδέ-

2256 1035 2417 1088 σιμος
2442 1034 2455 1048 ο
2487 1020 2582 1073 καὶ
2607 1020 2808 1090 ῆνεγκε
2850 1023 2917 1092 τῇ
2947 1023 3118 1093 μητρὶ
3165 1023 3358 1093 αὐτῆς,
3389 1026 3554 1078 οἱονεὶ
3583 1029 3836 1100 παρέθη-

2256 1129 2352 1164 κεν
2388 1111 2464 1174 ὡς
2510 1113 2770 1183 ἐδέσματι
2811 1114 3195 1186 ἐμφορηθῆναι
3239 1119 3306 1187 τῇ
3351 1117 3571 1191 δργώσῃ
3613 1121 3705 1177 τὸν
3740 1123 3836 1179 τοῦ

2255 1205 2537 1274 προφήτου
2555 1204 2787 1259 θάνατον
2810 1207 2995 1276 "Mys,
3025 1207 3278 1276 λέγουσα,
3328 1229 3372 1265 ω
3397 1211 3600 1284 μῆτερ,
3625 1214 3838 1288 σάρκας

2255 1297 2351 1352 τοῦ
2380 1297 2642 1371 άσάρκως
2690 1298 2991 1369 βιώσαντος
3015 1318 3030 1333 ·
3067 1303 3160 1355 πίε
3193 1298 3336 1374 αἷμα
3380 1303 3475 1358 τοῦ
3503 1305 3802 1376 άναίμονος
3821 1325 3834 1340 ο

2255 1390 2455 1462 ἐχομεν
2491 1391 2581 1445 διὰ
2636 1392 2839 1457 παντὸς
2887 1395 3259 1468 σεσιγημένην
3307 1395 3408 1468 τὴν
3444 1397 3694 1466 γλῶτταν
3739 1401 3837 1456 τοῦ

2256 1483 2405 1553 ἡμᾶς
2436 1481 2908 1552 στηλιτεῦσαντος.

2323 1575 2396 1640 η’.
2417 1570 2526 1626 Καί
2553 1573 3025 1640 προσελθόντες,
3047 1577 3236 1645 φησὶν,
3264 1579 3318 1631 ot
3339 1577 3598 1646 μαθηταί
3617 1577 3833 1642 αὑτοῦ,

2261 1659 2412 1730 ἠραν-
2432 1662 2499 1716 τὸ
2519 1661 2710 1733 σῶμα,
2744 1664 2844 1718 καί
2872 1664 3109 1735 ἔθαψαν
3147 1669 3314 1723 αὑτό.
3347 1669 3490 1738 Ὀρα
3521 1687 3636 1739 μοι,
3669 1664 3716 1724 ὧ
3745 1687 3834 1738 φι-

2255 1752 2510 1826 λοτστωρ,
2545 1756 3115 1829 είκονογραφουμένην
3131 1759 3231 1831 τὴν
3260 1760 3440 1831 ταφὴν
3468 1761 3561 1816 τοῦ
3593 1763 3834 1827 δικαίου,

578 1845 676 1901 viri
725 1847 1087 1916 sepulturam,
1143 1824 1425 1919 simulque
1496 1824 1890 1909 lconomachos
1941 1855 2145 1927 castiga

2259 1845 2346 1898 καὶ
2383 1824 2510 1911 τους
2538 1847 2638 1917 μέν
2658 1824 3429 1924 εἰκονομάχουςτέπιρράπιζε
3471 1853 3547 1918 ὡς
3571 1824 3836 1924 ἀληθείας

574 1952 674 1992 ceu
723 1939 969 1995 veritatis
1021 1941 1228 1998 hostes.
1286 1940 1534 2014 Cumque
1595 1946 1786 2001 sedulo
1863 1947 2148 2004 historiam

575 2029 777 2098 pictam
837 2030 1164 2101 inspexeris,
1221 2033 1346 2090 hinc
1399 2035 1495 2090 tibi
1556 2035 1793 2092 fructum
1855 2053 2147 2110 compara:

573 2119 846 2190 quomodo
867 2136 934 2176 ex
967 2137 1191 2178 carcere
1224 2125 1544 2194 producitur
1577 2138 1800 2185 sanctus
1827 2130 1908 2184 vir
1945 2133 2152 2187 catenis

574 2213 826 2268 vinctus:
857 2215 1131 2284 quomodo
1174 2215 1419 2272 carnifex
1456 2216 1694 2288 gladium
1730 2221 2024 2277 crudeliter
2055 2223 2144 2278 in-

573 2303 747 2360 tendit
777 2304 832 2359 in
869 2320 1088 2360 sacrum
1113 2307 1374 2362 verticem
1403 2326 1417 2364 :
1446 2311 1726 2380 quomodo
1756 2312 2063 2369 abscissum
2098 2323 2154 2370 et

572 2397 801 2452 odorato
823 2411 1016 2454 cruore
1052 2415 1284 2455 manans
1308 2410 1470 2471 caput
1501 2401 1700 2457 furenti
1727 2403 2014 2461 Herodiadi
2041 2417 2154 2463 tra-

571 2486 759 2542 ditur:
791 2489 1068 2558 quomodo
1109 2505 1326 2544 sacrum
1367 2506 1575 2561 corpus
1615 2495 1868 2550 manibus
1906 2495 2151 2566 discipu-

571 2579 749 2635 lorum
784 2581 1064 2651 sepelitur,
1108 2589 1467 2644 lanistarum,
1511 2586 1999 2658 illacrymantium,
2035 2593 2152 2661 glo-

570 2671 738 2726 batim
786 2674 1082 2728 astantlum
1116 2691 1130 2739 ;
1161 2675 1291 2729 dum
1346 2675 1486 2732 alius
1537 2679 1702 2746 pedes
1757 2680 1950 2750 tangit,
2011 2682 2152 2737 alius

570 2774 735 2834 caput
763 2767 973 2835 reliquo
988 2765 1198 2836 corpori
1222 2782 1415 2823 rursus
1432 2771 1830 2834 accommodat,
1861 2774 2001 2828 alius
2023 2775 2150 2829 thu-

571 2855 769 2922 rilicat,
800 2867 854 2911 et
879 2855 1131 2922 funebria
1166 2859 1370 2928 psallit.
1414 2860 1526 2914 Illic
1575 2877 1718 2928 sum,
1759 2878 1793 2918 o
1851 2865 2148 2934 auditores,

572 2951 770 3004 mentis
797 2965 931 3005 meat
959 2952 1194 3017 visione,
1227 2966 1506 3022 oernoque
1545 2957 1885 3024 sepulturam
1929 2959 2062 3030 justi
2094 2961 2150 3017 in

573 3056 707 3113 pace
751 3052 1089 3111 versantem,
1132 3055 1193 3100 ut
1245 3046 1326 3101 ait
1360 3044 1644 3119 Scriptura
1673 3050 1741 3103 ".
1773 3050 1952 3107 Cerno
1983 3069 2152 3126 ange-

2252 1935 2514 2008 ἐχθρούς·
2551 1939 2800 2008 ἐναργῶς
2840 1939 2896 1992 δὲ
2929 1939 3021 1995 ὕπ’
3047 1942 3171 2012 ὄψιν
3213 1943 3506 2014 λαμϐάνων
3554 1945 3655 2016 τὴν
3689 1947 3837 1998 ιστο-

2257 2031 2398 2099 ρίαν,
2429 2029 2658 2101 πορίζου
2699 2033 2759 2086 τὸ
2794 2031 3072 2104 ὠφέλιμον
3096 2049 3111 2063 ⁸
3145 2031 3263 2098 πῶς
3294 2034 3358 2087 ἐκ
3398 2033 3652 2106 φυλακῆς
3692 2036 3839 2107 αίρεο

2252 2137 2340 2174 ται
2379 2122 2407 2174 6
2436 2119 2591 2189 ἂγιος
2644 2121 3088 2192 σιδηροδέσμιοςο
3115 2123 3236 2188 πῶς
3282 2125 3313 2178 6
3359 2124 3706 2195 παλαμναῖος
3753 2127 3838 2180 ἰν·

2252 2215 2452 2268 ατείνει
2474 2214 2535 2268 τὸ
2570 2213 2718 2283 ξίφος
2745 2215 3085 2286 άπηνοειδῶς
3125 2219 3269 2271 κατά
3297 2219 3397 2288 τῆς
3422 2218 3578 2287 ἱερᾶς
3595 2218 3835 2287 κορωνί-

2252 2305 2374 2370 δος⁸
2409 2305 2529 2370 πῶς
2580 2306 3022 2379 άποτμηθεῖσαὴ
3055 2307 3370 2380 μυροφόρος
3397 2309 3544 2379 κάρα
3591 2309 3839 2362 ἐπιδέδο-

2252 2415 2344 2452 ται
2372 2401 2439 2470 τῇ
2471 2399 2888 2471 κορυδαντιώσῃ
2935 2399 3227 2470 Ἡρωδιάδι
3246 2417 3260 2432 ·
3303 2402 3451 2465 ὅπως
3479 2400 3535 2454 δέ
3564 2401 3839 2457 ϐάπτεται

2253 2490 2314 2542 τὸ
2346 2490 2489 2558 ἱερὸν
2539 2489 2704 2560 σῶμα
2731 2491 2887 2561 χερσὶ
2939 2490 3048 2545 τῶν
3092 2492 3311 2546 οίκείων
3358 2491 3645 2562 μαθητῶν,
3673 2495 3842 2548 οἱονεὶ

2253 2579 2623 2650 δακρυόντων,
2671 2580 3124 2651 ψυχαλγούντων,
3153 2582 3435 2653 στοιχηδὸν
3471 2585 3841 2655 περιϊσταμέ-

2253 2683 2387 2723 νων·
2416 2671 2511 2723 καὶ
2546 2669 2643 2724 τοῦ
2695 2671 2795 2742 μὲν
2839 2673 3223 2743 ἐφαπτομένου
3264 2672 3480 2739 ποδῶν,
3511 2671 3608 2726 τοῦ
3641 2673 3702 2728 δὲ
3742 2672 3843 2744 τὴν

2255 2761 2501 2834 κεφαλὴν
2527 2763 2937 2834 ἐφαρμόζοντκ
2968 2762 3044 2832 τῷ
3071 2763 3248 2833 λοιπῷ
3295 2764 3506 2834 σκήνει,
3535 2765 3727 2836 ἐτέρου
3755 2764 3844 2818 θυ-

2258 2853 2490 2922 μιῶντος
2518 2857 2610 2908 καὶ
2630 2856 2701 2908 τὰ
2730 2855 3015 2925 ἐπικήδεια
3059 2855 3466 2925 ἐπιψάλλοντος.
3510 2857 3663 2910 Ἐκεῖ
3692 2857 3838 2928 είμὶ,

2255 2942 2299 3000 ὦ
2331 2951 2624 3021 ἀκροαταὶ,
2665 2951 2733 3020 τῇ
2770 2949 3091 3022 διανοητικῇ
3129 2951 3353 3022 θεωρίᾳ,
3387 2952 3482 3005 καὶ
3528 2952 3716 3024 βλέπω
3740 2951 3843 3024 τὴν

2253 3039 2434 3112 ταφὴν
2462 3041 2558 3093 τοῦ
2582 3040 2796 3093 δικαίου
2831 3039 2890 3093 ἐν
2917 3041 3108 3113 εἰρήνῃ
3143 3036 3312 3095 οὖσαν
3333 3041 3476 3096 κατὰ
3499 3043 3561 3096 τὺ
3585 3058 3841 3112 γεγραμ-

573 3135 736 3189 licam
771 3134 916 3190 illam
953 3134 1172 3203 faciem,
1211 3139 1370 3206 cujus
1396 3141 1539 3194 oculi
1569 3155 1666 3195 ceu
1720 3141 1829 3197 duo
1859 3144 2148 3200 luminaria

2259 3135 2419 3201 μένον
2444 3147 2459 3165 ο
2489 3131 2601 3203 ὁρῶ
2648 3131 2709 3185 τὸ
2756 3132 3051 3202 άγγελικὸν
3097 3134 3278 3187 ἐκεῖνο
3312 3134 3633 3220 πρόσωπσν,
3663 3126 3727 3186 οὗ
3783 3134 3836 3187 οι

572 3228 972 3291 occubuerunt,
999 3237 1054 3283 et
1078 3229 1236 3299 cujus
1289 3239 1398 3285 tota
1426 3233 1604 3286 vultus
1636 3235 1844 3302 species
1895 3237 2149 3294 bonitatis

574 3327 735 3388 typus
763 3318 994 3372 videtur.
1029 3318 1201 3374 Video
1249 3321 1580 3386 exanimem,
1625 3324 1768 3392 quod
1823 3327 2018 3381 attinet
2083 3329 2149 3383 ad

572 3409 888 3478 temporalis
929 3410 1052 3464 vitae
1100 3411 1394 3478 actionem,
1448 3414 1690 3484 apprime
1723 3426 1904 3470 tamen
1941 3419 2153 3474 animae

573 3509 688 3555 tum
725 3503 871 3572 quod
901 3505 1092 3558 attinet
1131 3505 1195 3558 ad
1228 3505 1431 3560 divinae
1459 3508 1647 3576 gratiae
1675 3509 1978 3578 pretiosum
2018 3513 2154 3567 odo—

573 3610 710 3649 rem.
747 3595 943 3651 Sacras
967 3598 1090 3652 illas
1121 3599 1411 3654 deosculor
1440 3616 1657 3663 manus,
1696 3611 1928 3671 Quarum
1974 3613 2155 3662 tactus

573 3693 797 3754 peccatu
847 3687 948 3740 fuit
997 3689 1258 3752 intactus,
1300 3697 1354 3742 et
1396 3703 1629 3758 quarum
1687 3690 1856 3760 digito
1915 3692 2003 3747 ille
2061 3696 2154 3763 qui

573 3779 713 3831 tnllit
768 3787 1049 3846 peccatum
1112 3780 1299 3833 mundi
1379 3781 1695 3838 hominibus
1746 3784 2156 3842 demonstratns

573 3867 696 3923 fuit.
737 3869 917 3925 Adoro
963 3870 1217 3939 pulchros
1253 3871 1416 3940 pedes
1452 3871 1594 3937 illos,
1621 3889 1858 3944 quorum
1892 3875 1995 3931 fuit
2038 3877 2156 3932 olli-

573 3962 720 4017 cium
747 3962 889 4016 bona
915 3964 1200 4018 nuntiandi
1227 3965 1422 4019 incolis
1452 3974 1628 4031 terrae,
1661 3977 1715 4022 et
1744 3983 1772 4021 a
1812 3969 2022 4037 quibus
2057 3986 2156 4040 pa-

575 4062 690 4108 rata
724 4052 823 4106 fuit
848 4055 929 4106 via
973 4054 1183 4108 Domini
1228 4056 1507 4111 adventui.
1539 4054 1769 4126 Jamque
1800 4059 2048 4112 omittam
2076 4062 2160 4114 di-

576 4160 701 4198 cere
731 4145 798 4198 de
828 4145 1122 4199 venerabili
1156 4155 1371 4210 catena,
1403 4163 1508 4216 qua
1558 4149 1835 4204 revinctus
1889 4151 1991 4206 fuit
2022 4168 2158 4222 prae-

576 4239 954 4293 stantissimus
986 4239 1127 4293 inter
1175 4239 1426 4295 homines
1478 4241 1742 4311 angelus:
1778 4244 1971 4299 omitto
2028 4245 2155 4300 item

577 4329 956 4384 bonorabilem
989 4329 1222 4397 discum;
1254 4331 1307 4384 in
1343 4347 1452 4402 quo
1485 4332 1587 4387 fuit
1641 4336 1940 4404 repositum
1984 4354 2160 4409 augu-

578 4428 720 4474 stum
747 4420 879 4475 illud
910 4431 960 4474 et
990 4437 1126 4477 auro
1165 4423 1458 4492 pretiosius
1484 4435 1667 4494 caput.
1695 4425 1838 4494 Quin
1873 4431 2010 4489 adeo
2037 4449 2159 4487 car-

2253 3221 2525 3290 ὸφθαλμοὶ
2548 3221 2624 3282 ὡς
2653 3220 2747 3274 δύο
2770 3222 3062 3294 φωστῆρες
3086 3222 3371 3290 δύσαντες,
3409 3225 3503 3278 καὶ
3529 3216 3594 3277 οὗ
3627 3225 3690 3278 τὸ
3717 3225 3839 3280 ὅλον

2253 3311 2392 3376 εἶδος
2412 3314 2512 3383 τῆς
2531 3313 2708 3382 ὅψεως
2732 3316 3126 3386 χρηστοφανῶς
3149 3317 3572 3371 άποτετύπωται
3593 3332 3606 3346 '
3631 3316 3844 3370 ἄπνουν

2257 3406 2359 3477 μὲν
2399 3406 2498 3475 τῆς
2542 3409 2812 3479 ὲπικήρου
2871 3407 3111 3479 ζωτικῆς
3152 3410 3440 3481 ἐνεργείας
3466 3449 3480 3473 ,
3512 3407 3747 3462 εὔπνουν
3784 3409 3842 3463 δέ

2255 3498 2337 3550 ὅτι
2371 3497 2611 3568 μάλιστα
2635 3502 2700 3569 τῇ
2723 3501 2822 3570 τῆς
2868 3499 3023 3564 θείας
3059 3500 3286 3572 χάριτος
3331 3500 3582 3572 μυρωδία
3610 3516 3624 3530 ·
3663 3501 3845 3554 ἀσπά-

2256 3589 2424 3660 ζομαι
2471 3589 2571 3654 τὰς
2615 3591 2767 3662 ἱερὰς
2816 3595 3004 3660 χεῖρας
3046 3592 3282 3656 ἐκείνας,
3312 3584 3388 3647 ὧν
3423 3593 3456 3662 ἡ
3488 3590 3602 3662 ἁφὴ
3631 3591 3843 3646 άνέπαο

2258 3700 2357 3750 φος
2383 3685 2449 3753 τῇ
2495 3683 2762 3754 ἁμαρτίᾳ,
2796 3683 2889 3737 καὶ
2931 3677 3008 3736 ὧν
3052 3683 3131 3751 τῷ
3176 3681 3426 3753 δακτύλῳ
3451 3684 3481 3736 6
3514 3684 3690 3753 αἴρων
3742 3683 3844 3756 τὴν

2257 3773 2531 3844 ἁμαρτίαν
2557 3773 2650 3827 τοῦ
2675 3774 2879 3844 κόσμου
2904 3776 3016 3836 τοῖς
3032 3771 3342 3843 ἀνθρώποις
3372 3771 3787 3844 καθυπεδείχθη
3812 3792 3828 3808 ο

2260 3866 2553 3938 προσκυνῶ
2601 3865 2729 3928 τοὺς
2766 3865 3002 3936 ὡραίους
3043 3866 3212 3929 πόδας
3247 3866 3515 3931 ἐκείνους,
3546 3860 3623 3921 ὧν
3653 3868 3716 3920 τὸ
3747 3868 3842 3920 εὐ-

2259 3956 2644 4026 αγγελίζεσθαι
2672 3958 2739 4011 τά
2757 3955 2942 4025 ἀγαθὰ
2966 3959 3074 4020 τοῖς
3107 3957 3201 4010 ἐπὶ
3240 3955 3366 4027 γῆς,
3393 3958 3487 4010 καὶ
3512 3957 3582 4011 δι’
3602 3951 3681 4011 ὧν
3709 3975 3845 4026 προ-

2261 4050 2595 4122 κατηρτίσθη
2625 4052 2655 4122 ἡ
2682 4050 2802 4114 ὁδὸς
2835 4054 2932 4122 τῆς
2968 4049 3065 4104 τοῦ
3098 4051 3304 4117 Κυρίου
3336 4051 3677 4120 παρουσίαςο
3703 4068 3846 4120 παρ-

2261 4145 2389 4196 είτω
2424 4159 2516 4213 μοι
2560 4142 2698 4214 πρδς
2741 4143 3115 4214 προσκύνησιν
3147 4143 3237 4196 καὶ
3268 4143 3302 4213 ἠ
3338 4141 3498 4212 τιμία
3528 4141 3724 4206 ἅλυσις
3757 4144 3845 4212 ἐφ’

2260 4230 2296 4310 ᾖ
2329 4236 2604 4309 ὲδεσμήθη
2639 4239 2667 4290 6
2700 4237 3076 4307 πολυτίμητος
3109 4237 3168 4289 ἐν
3217 4234 3530 4305 ἀνθρώποις
3570 4234 3804 4303 ἄγγελος
3826 4251 3842 4266 ’

2264 4330 2508 4401 παρείτω
2558 4349 2649 4401 μοι
2693 4331 2790 4384 καὶ
2837 4331 2870 4401 ὴ
2903 4329 3179 4398 σεϐασμία
3213 4326 3394 4391 πίναξ,
3427 4327 3513 4396 ἐφ’
3545 4320 3844 4400 ᾖέπετέθη

2263 4424 2298 4492 η
2324 4421 2551 4493 χρυσίου
2600 4420 3011 4491 τιμαλφεστέρα
3057 4419 3436 4481 πανσέὸαστος
3489 4419 3640 4488 κάρα
3668 4433 3683 4448 ο
3715 4418 3841 4473 οὐδέ

579 4509 755 4564 nilicis
779 4527 995 4580 quoque
1021 4529 1230 4575 ensem,
1259 4515 1350 4582 qui
1393 4531 1491 4585 per
1523 4533 1736 4572 sacrum
1769 4521 1969 4574 collum
2007 4532 2152 4578 actus

2265 4531 2327 4582 γε
2362 4514 2460 4585 τὴν
2508 4514 2786 4583 μάχαιραν
2829 4511 2922 4564 τοῦ
2968 4510 3319 4579 παλαμναίου
3363 4507 3462 4578 τὴν
3510 4506 3844 4563 διελάσασαν

579 4599 702 4662 fuit,
731 4600 903 4653 sicubi
927 4602 1205 4663 invenero,
1237 4604 1377 4657 haud
1409 4606 1793 4661 inhonoratum
1827 4611 2153 4681 relinquam.

581 4689 685 4745 Sed
713 4700 766 4746 et
789 4692 961 4760 ipsam
1005 4693 1250 4760 humum,
1307 4698 1358 4751 in
1416 4715 1521 4768 qua
1580 4701 1870 4759 thesaurus
1921 4705 2011 4759 hic
2059 4705 2161 4761 fuit.

579 4794 959 4846 conservatus,
1010 4787 1055 4840 si
1100 4789 1320 4856 quando
1373 4790 1669 4858 incurram,
1724 4796 2044 4864 amplectar,
2102 4809 2160 4854 ttt

579 4877 754 4944 gratia
780 4876 1029 4931 fertilem.
1064 4878 1108 4932 0
1139 4879 1352 4934 beatum
1387 4884 1721 4952 sepulcrum,
1758 4896 1813 4941 et
1843 4903 1950 4943 non
1997 4890 2154 4946 triste

581 4979 796 5031 saxum,
853 4968 996 5035 quod
1059 4970 1435 5027 beatiSsimum
1467 4973 1600 5029 illud
1659 4990 1859 5046 corpus
1911 4979 2159 5034 contines

579 5057 994 5127 stnaragdorum
1061 5065 1596 5134 margaritarumque
1653 5070 1873 5123 cumulo
1933 5072 2163 5125 rutilan-

583 5148 694 5205 tius
720 5151 734 5203 ι
769 5150 882 5205 Illic
907 5152 1093 5222 itaque
1122 5154 1406 5209 visibiliter
1433 5158 1652 5225 quidem
1683 5161 1870 5214 aderat
1914 5162 2160 5233 discipu-

582 5245 760 5298 lorum
795 5245 967 5308 turba,
1003 5246 1345 5300 invisibiliter
1374 5257 1552 5302 autem
1599 5252 1914 5322 angelorum
1963 5255 2153 5310 multi-

594 5336 750 5401 ludo,
783 5335 876 5406 qui
909 5338 1295 5408 homonymum
1348 5341 1450 5395 sibi
1513 5343 1564 5395 in
1612 5359 1840 5414 corpore
1876 5348 2149 5415 angelum,

655 5429 704 5462 ⁸⁸
733 5427 926 5483 Matth.
955 5441 1067 5494 xrv,
1108 5430 1192 5483 l3.
1271 5432 1316 5462 "
1342 5430 1447 5486 lsa.
1481 5448 1608 5499 Lvn,
1642 5434 1696 5488 2.

659 5584 773 5651 (9.5)
815 5585 970 5641 Patet
1031 5587 1334 5656 expositam
1388 5587 1555 5644 fuisse
1610 5589 1661 5641 in
1711 5588 1915 5656 templo
1965 5589 2160 5657 pictam

590 5656 885 5724 imaginem
941 5659 1180 5728 martyrii
1241 5659 1659 5728 sepulturaeun
1713 5656 1986 5728 Baptistae,
2023 5662 2161 5712 unde

591 5734 772 5790 captat
823 5726 1166 5780 occasionem
1220 5726 1573 5782 concinnator
1620 5726 1942 5786 Theodorus
1991 5732 2160 5785 incre-

600 5795 761 5866 pandi
796 5811 946 5855 more
975 5812 1077 5854 suo
1115 5798 1523 5856 lconomachos.

2263 4607 2403 4659 κατὰ
2433 4605 2526 4658 τοῦ
2560 4604 2708 4676 ίεροῦ
2750 4601 3026 4674 τραχήλου
3059 4605 3107 4654 εἰ
3144 4600 3383 4672 εὕροιμι,
3423 4600 3845 4670 ἁπροσκύνητον

2262 4697 2487 4767 ἐάσαιμι
2513 4696 2646 4767 (24),
2681 4694 2800 4748 οὐδέ
2823 4711 2886 4763 γε
2933 4693 3200 4760 τοῦδαφος
3236 4693 3326 4760 ὑφ’
3357 4685 3420 4743 οὗ
3466 4693 3788 4763 ἐφρουρήθη
3819 4695 3846 4746 6

2263 4788 2539 4860 Θησαυρὸς
2586 4792 2634 4842 εί
2681 4787 2966 4857 ἐπέτυχον,
3009 4787 3084 4856 μὴ
3113 4786 3234 4855 οὐχὶ
3273 4783 3746 4856 προσεπτυξάμῆν
3771 4784 3844 4848 ὡς

2265 4883 2617 4952 μεταδοτικὸν
2642 4881 2887 4951 χάριτος.
2907 4876 2982 4930 Ὦ
3016 4879 3259 4950 μακάριε
3289 4878 3432 4947 τάφε
3461 4877 3556 4930 καὶ
3587 4877 3650 4930 οὐ
3680 4878 3844 4945 πικρὲ

2261 4975 2400 5039 λίθε,
2428 4975 2486 5038 ὃς
2520 4976 2666 5046 ἔχεις
2693 4975 2754 5026 τὸ
2779 4972 3182 5044 τρισμακάριον
3213 4971 3393 5024 ἐκεῖνο
3431 4970 3657 5040 σκῆνος,
3705 4969 3847 5039 ὺπέρ

2265 5071 2595 5143 σμαράγδων
2625 5069 2719 5124 καὶ
2761 5066 3064 5139 μαργάρων
3085 5065 3323 5136 σωρείας
3357 5063 3508 5118 ἔνδον
3533 5063 3835 5133 συνειλημ-

2267 5165 2429 5236 μένον
2455 5182 2466 5194 ο
2501 5166 2620 5217 ἐκεῖ
2641 5161 2940 5235 τοιγαροῦν
2963 5162 3147 5234 παρῆν
3165 5159 3376 5231 ὁρατῶς
3404 5158 3504 5229 μὲν
3528 5159 3558 5212 6
3591 5158 3706 5211 τῶν
3736 5175 3843 5226 μα-

2265 5258 2443 5325 θητῶν
2470 5258 2678 5328 ὃμιλος,
2707 5257 2956 5329 ἀοράτως
2975 5257 3032 5310 δὲ
3059 5255 3308 5324 ἀγγέλων
3330 5251 3564 5321 πληθὺς,
3584 5251 3677 5304 τὸν
3699 5250 3843 5322 δμώ-

2266 5368 2434 5420 νυμον
2465 5349 2627 5404 αὐτὸν
2654 5349 2885 5419 ἄγγελον
2914 5351 2974 5403 ἐν
3001 5346 3237 5416 σώματι,
3268 5343 3359 5398 τὸν
3388 5339 3483 5396 τοῦ
3511 5341 3727 5413 Κυρίου
3758 5339 3844 5410 φί-

2341 5589 2455 5658 (Ξέ)
2484 5585 2649 5671 Yides
2687 5587 2916 5644 Studitae
2956 5597 3141 5671 nostro
3163 5588 3704 5671 coguitaslanquam
3751 5607 3836 5643 sa-

2271 5675 2396 5714 cras
2421 5660 2680 5728 reliquias
2718 5671 2961 5729 catenam
2988 5660 3310 5729 discumque
3331 5659 3398 5713 ad
3418 5659 3675 5729 Baptista
3707 5677 3842 5714 mar-

2274 5732 2469 5801 tyrium
2504 5731 2873 5801 peAt'tinc-nles‘;
2901 5728 2969 5784 de
2997 5730 3198 5797 quibus
3223 5728 3461 5801 aliisque
3488 5728 3837 5797 Paciaudius,

2273 5796 2346 5855 Dc
2376 5796 2516 5855 cuitu
2543 5796 2597 5858 8.
2628 5799 2784 5854 Jamr.
2823 5798 2975 5866 Bnpt.
3016 5796 3232 5856 dissert.
3268 5801 3323 5853 ‘5.
