  <div class='ocr_page' id='page_1' title='image "/cluster/home/n/w/nwhite01/storage/ocr_20150623/99/pst.000005714063/436.png"; bbox 0 0 4018 6304; ppageno 0'>
   <div class='ocr_carea' id='block_1_1' title="bbox 191 346 296 409">
    <p class='ocr_par' dir='ltr' id='par_1_1' title="bbox 191 346 296 409">
     <span class='ocr_line' id='line_1_1' title="bbox 191 346 296 409; baseline -0.01 0"><span class='ocrx_word' id='word_1_1' title='bbox 191 346 296 409; x_wconf 75' lang='lat'><strong>769</strong></span> 
     </span>
    </p>
   </div>
   <div class='ocr_carea' id='block_1_2' title="bbox 835 337 2783 410">
    <p class='ocr_par' dir='ltr' id='par_1_2' title="bbox 835 337 2783 410">
     <span class='ocr_line' id='line_1_2' title="bbox 835 337 2783 410; baseline -0.003 0"><span class='ocrx_word' id='word_1_2' title='bbox 835 348 1114 410; x_wconf 82' lang='lat' dir='ltr'><strong>ORATIO</strong></span> <span class='ocrx_word' id='word_1_3' title='bbox 1143 343 1484 408; x_wconf 58' lang='grc' dir='ltr'>για-ΙΝ</span> <span class='ocrx_word' id='word_1_4' title='bbox 1508 337 2140 404; x_wconf 73' lang='lat' dir='ltr'><strong>DECOLLATIONEM</strong></span> <span class='ocrx_word' id='word_1_5' title='bbox 2182 341 2246 402; x_wconf 92' lang='lat' dir='ltr'><strong>S.</strong></span> <span class='ocrx_word' id='word_1_6' title='bbox 2269 340 2532 404; x_wconf 75' lang='lat' dir='ltr'><strong>JOANN.</strong></span> <span class='ocrx_word' id='word_1_7' title='bbox 2577 344 2783 405; x_wconf 76' lang='lat' dir='ltr'><strong>BAPT.</strong></span> 
     </span>
    </p>
   </div>
   <div class='ocr_carea' id='block_1_3' title="bbox 3347 347 3453 412">
    <p class='ocr_par' dir='ltr' id='par_1_3' title="bbox 3347 347 3453 412">
     <span class='ocr_line' id='line_1_3' title="bbox 3347 347 3453 412; baseline -0.019 0"><span class='ocrx_word' id='word_1_8' title='bbox 3347 347 3453 412; x_wconf 83' lang='grc' dir='ltr'><strong>’ΠΟ</strong></span> 
     </span>
    </p>
   </div>
   <div class='ocr_carea' id='block_1_4' title="bbox 194 456 1783 534">
    <p class='ocr_par' dir='ltr' id='par_1_4' title="bbox 194 456 1780 534">
     <span class='ocr_line' id='line_1_4' title="bbox 194 456 1780 534; baseline -0.006 -16"><span class='ocrx_word' id='word_1_9' title='bbox 194 468 280 520; x_wconf 84' lang='grc' dir='ltr'><strong>λον</strong></span> <span class='ocrx_word' id='word_1_10' title='bbox 309 467 563 534; x_wconf 81' lang='grc' dir='ltr'>γνήσιον,</span> <span class='ocrx_word' id='word_1_11' title='bbox 599 464 694 518; x_wconf 79' lang='grc' dir='ltr'>τὸν</span> <span class='ocrx_word' id='word_1_12' title='bbox 723 464 1093 534; x_wconf 72' lang='grc' dir='ltr'><strong>νυμφαγωγὸν</strong></span> <span class='ocrx_word' id='word_1_13' title='bbox 1134 461 1229 516; x_wconf 88' lang='grc' dir='ltr'><strong>τοῦ</strong></span> <span class='ocrx_word' id='word_1_14' title='bbox 1258 461 1519 533; x_wconf 77' lang='grc' dir='ltr'><strong>νυμφίου,</strong></span> <span class='ocrx_word' id='word_1_15' title='bbox 1547 458 1640 511; x_wconf 84' lang='grc' dir='ltr'>τὸν</span> <span class='ocrx_word' id='word_1_16' title='bbox 1664 456 1780 511; x_wconf 88' lang='grc' dir='ltr'>άεί-</span> 
     </span>
    </p>
   </div>
   <div class='ocr_carea' id='block_1_5' title="bbox 1883 456 3448 534">
    <p class='ocr_par' dir='ltr' id='par_1_5' title="bbox 1884 457 3448 533">
     <span class='ocr_line' id='line_1_5' title="bbox 1884 457 3448 533; baseline 0.005 -23"><span class='ocrx_word' id='word_1_17' title='bbox 1884 471 2202 527; x_wconf 85' lang='lat' dir='ltr'><strong>germanum</strong></span> <span class='ocrx_word' id='word_1_18' title='bbox 2224 457 2442 513; x_wconf 87' lang='lat' dir='ltr'><strong>Domini</strong></span> <span class='ocrx_word' id='word_1_19' title='bbox 2467 459 2726 525; x_wconf 88' lang='lat' dir='ltr'><strong>amicum,</strong></span> <span class='ocrx_word' id='word_1_20' title='bbox 2751 457 2944 529; x_wconf 84' lang='lat' dir='ltr'><strong>Sponsi</strong></span> <span class='ocrx_word' id='word_1_21' title='bbox 2976 463 3406 533; x_wconf 75' lang='lat' dir='ltr'><strong>paranympltum</strong></span> <span class='ocrx_word' id='word_1_22' title='bbox 3434 482 3448 530; x_wconf 88' lang='lat'><strong>;</strong></span> 
     </span>
    </p>
   </div>
   <div class='ocr_carea' id='block_1_6' title="bbox 196 552 1772 628">
    <p class='ocr_par' dir='ltr' id='par_1_6' title="bbox 196 552 1772 628">
     <span class='ocr_line' id='line_1_6' title="bbox 196 552 1772 628; baseline -0.004 -17"><span class='ocrx_word' id='word_1_23' title='bbox 196 576 373 628; x_wconf 82' lang='grc' dir='ltr'>φωτον</span> <span class='ocrx_word' id='word_1_24' title='bbox 406 557 606 627; x_wconf 85' lang='grc' dir='ltr'>λύχνον</span> <span class='ocrx_word' id='word_1_25' title='bbox 653 557 746 610; x_wconf 84' lang='grc' dir='ltr'><strong>τοῦ</strong></span> <span class='ocrx_word' id='word_1_26' title='bbox 781 557 1060 628; x_wconf 73' lang='grc' dir='ltr'>άφράστου</span> <span class='ocrx_word' id='word_1_27' title='bbox 1092 555 1292 624; x_wconf 80' lang='grc' dir='ltr'>φωτὸς,</span> <span class='ocrx_word' id='word_1_28' title='bbox 1323 554 1422 624; x_wconf 79' lang='grc' dir='ltr'><strong>τήν</strong></span> <span class='ocrx_word' id='word_1_29' title='bbox 1455 552 1633 617; x_wconf 83' lang='grc' dir='ltr'>ζῶσαν</span> <span class='ocrx_word' id='word_1_30' title='bbox 1659 570 1772 620; x_wconf 80' lang='grc' dir='ltr'>φω-</span> 
     </span>
    </p>
   </div>
   <div class='ocr_carea' id='block_1_7' title="bbox 196 647 1772 720">
    <p class='ocr_par' dir='ltr' id='par_1_7' title="bbox 196 647 1772 720">
     <span class='ocr_line' id='line_1_7' title="bbox 196 647 1772 720; baseline -0.003 -18"><span class='ocrx_word' id='word_1_31' title='bbox 196 653 288 720; x_wconf 83' lang='grc' dir='ltr'>νὴν</span> <span class='ocrx_word' id='word_1_32' title='bbox 313 649 411 703; x_wconf 80' lang='grc' dir='ltr'><strong>τοῦ</strong></span> <span class='ocrx_word' id='word_1_33' title='bbox 441 650 682 719; x_wconf 83' lang='grc' dir='ltr'><strong>μεγάλου</strong></span> <span class='ocrx_word' id='word_1_34' title='bbox 717 650 900 718; x_wconf 87' lang='grc' dir='ltr'>λόγου,</span> <span class='ocrx_word' id='word_1_35' title='bbox 920 649 1013 702; x_wconf 80' lang='grc' dir='ltr'>τὸν</span> <span class='ocrx_word' id='word_1_36' title='bbox 1043 649 1327 719; x_wconf 78' lang='grc' dir='ltr'>προφήτου</span> <span class='ocrx_word' id='word_1_37' title='bbox 1359 647 1772 719; x_wconf 79' lang='grc' dir='ltr'>περισσότερον,</span> 
     </span>
    </p>
   </div>
   <div class='ocr_carea' id='block_1_8' title="bbox 190 737 1775 810">
    <p class='ocr_par' dir='ltr' id='par_1_8' title="bbox 190 737 1775 810">
     <span class='ocr_line' id='line_1_8' title="bbox 190 737 1775 810; baseline -0.004 -16"><span class='ocrx_word' id='word_1_38' title='bbox 190 741 284 794; x_wconf 73' lang='grc' dir='ltr'><strong>τὸν</strong></span> <span class='ocrx_word' id='word_1_39' title='bbox 311 740 544 810; x_wconf 78' lang='grc' dir='ltr'>μείζονα</span> <span class='ocrx_word' id='word_1_40' title='bbox 593 743 652 792; x_wconf 82' lang='grc' dir='ltr'>ὲν</span> <span class='ocrx_word' id='word_1_41' title='bbox 698 741 984 810; x_wconf 84' lang='grc' dir='ltr'>γεννητοῖς</span> <span class='ocrx_word' id='word_1_42' title='bbox 1026 739 1307 809; x_wconf 85' lang='grc' dir='ltr'>γυναικῶν</span> <span class='ocrx_word' id='word_1_43' title='bbox 1358 737 1775 807; x_wconf 79' lang='grc' dir='ltr'>εὐφημούντων,</span> 
     </span>
    </p>
   </div>
   <div class='ocr_carea' id='block_1_9' title="bbox 198 828 1774 902">
    <p class='ocr_par' dir='ltr' id='par_1_9' title="bbox 198 828 1774 902">
     <span class='ocr_line' id='line_1_9' title="bbox 198 828 1774 902; baseline -0.002 -19"><span class='ocrx_word' id='word_1_44' title='bbox 198 831 592 902; x_wconf 89' lang='grc' dir='ltr'>γεραιρόντων,</span> <span class='ocrx_word' id='word_1_45' title='bbox 620 830 933 898; x_wconf 82' lang='grc' dir='ltr'>ἀναγόντων</span> <span class='ocrx_word' id='word_1_46' title='bbox 966 830 1103 902; x_wconf 81' lang='grc' dir='ltr'>πρὸς</span> <span class='ocrx_word' id='word_1_47' title='bbox 1131 831 1384 902; x_wconf 77' lang='grc' dir='ltr'>οὐρανὸν,</span> <span class='ocrx_word' id='word_1_48' title='bbox 1413 828 1512 883; x_wconf 77' lang='grc' dir='ltr'>καὶ</span> <span class='ocrx_word' id='word_1_49' title='bbox 1559 831 1643 890; x_wconf 89' lang='grc' dir='ltr'><strong>είς</strong></span> <span class='ocrx_word' id='word_1_50' title='bbox 1674 828 1774 898; x_wconf 82' lang='grc' dir='ltr'>τὴν</span> 
     </span>
    </p>
   </div>
   <div class='ocr_carea' id='block_1_10' title="bbox 196 917 1778 995">
    <p class='ocr_par' dir='ltr' id='par_1_10' title="bbox 196 917 1778 995">
     <span class='ocr_line' id='line_1_10' title="bbox 196 917 1778 995; baseline -0.003 -18"><span class='ocrx_word' id='word_1_51' title='bbox 196 925 394 995; x_wconf 85' lang='grc' dir='ltr'>ἀγήρω</span> <span class='ocrx_word' id='word_1_52' title='bbox 427 923 608 995; x_wconf 77' lang='grc' dir='ltr'>χαράν</span> <span class='ocrx_word' id='word_1_53' title='bbox 648 923 1098 994; x_wconf 76' lang='grc' dir='ltr'>άποκομιζόντων</span> <span class='ocrx_word' id='word_1_54' title='bbox 1123 939 1139 956; x_wconf 81' lang='grc' dir='ltr'><strong>ο</strong></span> <span class='ocrx_word' id='word_1_55' title='bbox 1171 923 1396 992; x_wconf 78' lang='grc' dir='ltr'><strong>τοιαύτη</strong></span> <span class='ocrx_word' id='word_1_56' title='bbox 1440 921 1538 993; x_wconf 80' lang='grc' dir='ltr'>μὲν</span> <span class='ocrx_word' id='word_1_57' title='bbox 1579 917 1673 974; x_wconf 88' lang='grc' dir='ltr'><strong>οῦν</strong></span> <span class='ocrx_word' id='word_1_58' title='bbox 1704 921 1778 983; x_wconf 83' lang='grc' dir='ltr'>ὼς</span> 
     </span>
    </p>
   </div>
   <div class='ocr_carea' id='block_1_11' title="bbox 199 1009 1778 1086">
    <p class='ocr_par' dir='ltr' id='par_1_11' title="bbox 199 1009 1778 1086">
     <span class='ocr_line' id='line_1_11' title="bbox 199 1009 1778 1086; baseline -0.003 -20"><span class='ocrx_word' id='word_1_59' title='bbox 199 1015 422 1084; x_wconf 73' lang='grc' dir='ltr'>εἴρηται</span> <span class='ocrx_word' id='word_1_60' title='bbox 445 1013 701 1086; x_wconf 86' lang='grc' dir='ltr'>εἰρηναία</span> <span class='ocrx_word' id='word_1_61' title='bbox 734 1015 768 1082; x_wconf 90' lang='grc' dir='ltr'><strong>ή</strong></span> <span class='ocrx_word' id='word_1_62' title='bbox 794 1013 940 1084; x_wconf 81' lang='grc' dir='ltr'>ταφὴ</span> <span class='ocrx_word' id='word_1_63' title='bbox 979 1013 1075 1067; x_wconf 87' lang='grc' dir='ltr'><strong>τοῦ</strong></span> <span class='ocrx_word' id='word_1_64' title='bbox 1109 1014 1347 1081; x_wconf 80' lang='grc' dir='ltr'><strong>δικαίου,</strong></span> <span class='ocrx_word' id='word_1_65' title='bbox 1381 1009 1778 1082; x_wconf 82' lang='grc' dir='ltr'>άγαλλιάσιμός</span> 
     </span>
    </p>
   </div>
   <div class='ocr_carea' id='block_1_12' title="bbox 195 1107 1024 1178">
    <p class='ocr_par' dir='ltr' id='par_1_12' title="bbox 195 1107 1024 1178">
     <span class='ocr_line' id='line_1_12' title="bbox 195 1107 1024 1178; baseline -0.001 -19"><span class='ocrx_word' id='word_1_66' title='bbox 195 1123 255 1159; x_wconf 84' lang='grc' dir='ltr'><strong>τε</strong></span> <span class='ocrx_word' id='word_1_67' title='bbox 287 1108 389 1161; x_wconf 78' lang='grc' dir='ltr'>καὶ</span> <span class='ocrx_word' id='word_1_68' title='bbox 410 1107 490 1178; x_wconf 82' lang='grc' dir='ltr'>τῷ</span> <span class='ocrx_word' id='word_1_69' title='bbox 517 1107 710 1177; x_wconf 83' lang='grc' dir='ltr'>κόσμῳ</span> <span class='ocrx_word' id='word_1_70' title='bbox 735 1107 1024 1177; x_wconf 84' lang='grc' dir='ltr'><strong>σωτήριος.</strong></span> 
     </span>
    </p>
   </div>
   <div class='ocr_carea' id='block_1_13' title="bbox 269 1193 1780 1270">
    <p class='ocr_par' dir='ltr' id='par_1_13' title="bbox 269 1193 1780 1270">
     <span class='ocr_line' id='line_1_13' title="bbox 269 1193 1780 1270; baseline -0.002 -18"><span class='ocrx_word' id='word_1_71' title='bbox 269 1199 336 1253; x_wconf 86' lang='grc' dir='ltr'>θ’.</span> <span class='ocrx_word' id='word_1_72' title='bbox 382 1199 744 1270; x_wconf 80' lang='grc' dir='ltr'>Ἦρώδηςδὲό</span> <span class='ocrx_word' id='word_1_73' title='bbox 767 1199 1073 1268; x_wconf 80' lang='grc' dir='ltr'>παράφρων</span> <span class='ocrx_word' id='word_1_74' title='bbox 1095 1193 1204 1268; x_wconf 81' lang='grc' dir='ltr'>ἆρά</span> <span class='ocrx_word' id='word_1_75' title='bbox 1237 1214 1302 1266; x_wconf 88' lang='grc' dir='ltr'><strong>γε</strong></span> <span class='ocrx_word' id='word_1_76' title='bbox 1343 1196 1640 1252; x_wconf 86' lang='grc' dir='ltr'>κάντεῦθεν</span> <span class='ocrx_word' id='word_1_77' title='bbox 1681 1197 1780 1266; x_wconf 78' lang='grc' dir='ltr'>τῆς</span> 
     </span>
    </p>
   </div>
   <div class='ocr_carea' id='block_1_14' title="bbox 195 1283 1780 1360">
    <p class='ocr_par' dir='ltr' id='par_1_14' title="bbox 195 1283 1780 1360">
     <span class='ocr_line' id='line_1_14' title="bbox 195 1283 1780 1360; baseline -0.004 -16"><span class='ocrx_word' id='word_1_78' title='bbox 195 1290 356 1360; x_wconf 87' lang='grc' dir='ltr'>δίκης</span> <span class='ocrx_word' id='word_1_79' title='bbox 372 1291 434 1343; x_wconf 79' lang='grc' dir='ltr'>τὸ</span> <span class='ocrx_word' id='word_1_80' title='bbox 468 1290 752 1358; x_wconf 74' lang='grc' dir='ltr'><strong>ἀπόκριμα</strong></span> <span class='ocrx_word' id='word_1_81' title='bbox 773 1288 1027 1355; x_wconf 75' lang='grc' dir='ltr'>διέφυγεν</span> <span class='ocrx_word' id='word_1_82' title='bbox 1049 1305 1064 1355; x_wconf 86' lang='grc'><strong>;</strong></span> <span class='ocrx_word' id='word_1_83' title='bbox 1092 1288 1153 1340; x_wconf 86' lang='grc' dir='ltr'><strong>ού</strong></span> <span class='ocrx_word' id='word_1_84' title='bbox 1177 1288 1275 1356; x_wconf 76' lang='grc' dir='ltr'>μὲν</span> <span class='ocrx_word' id='word_1_85' title='bbox 1302 1283 1396 1341; x_wconf 89' lang='grc' dir='ltr'><strong>οῦν</strong></span> <span class='ocrx_word' id='word_1_86' title='bbox 1415 1305 1428 1317; x_wconf 85' lang='grc'><strong>·</strong></span> <span class='ocrx_word' id='word_1_87' title='bbox 1454 1287 1571 1340; x_wconf 77' lang='grc' dir='ltr'>ἀλλ’</span> <span class='ocrx_word' id='word_1_88' title='bbox 1600 1287 1676 1349; x_wconf 61' lang='lat' dir='ltr'><strong>to;</strong></span> <span class='ocrx_word' id='word_1_89' title='bbox 1699 1287 1780 1339; x_wconf 83' lang='grc' dir='ltr'>εί-</span> 
     </span>
    </p>
   </div>
   <div class='ocr_carea' id='block_1_15' title="bbox 199 1378 1780 1454">
    <p class='ocr_par' dir='ltr' id='par_1_15' title="bbox 199 1378 1780 1454">
     <span class='ocr_line' id='line_1_15' title="bbox 199 1378 1780 1454; baseline -0.002 -20"><span class='ocrx_word' id='word_1_90' title='bbox 199 1400 364 1454; x_wconf 79' lang='grc' dir='ltr'>ρηται</span> <span class='ocrx_word' id='word_1_91' title='bbox 384 1381 603 1452; x_wconf 72' lang='grc' dir='ltr'>(25)διά</span> <span class='ocrx_word' id='word_1_92' title='bbox 617 1381 789 1433; x_wconf 87' lang='grc' dir='ltr'>ταῦτα</span> <span class='ocrx_word' id='word_1_93' title='bbox 816 1379 920 1432; x_wconf 73' lang='grc' dir='ltr'><strong>ὑπὸ</strong></span> <span class='ocrx_word' id='word_1_94' title='bbox 937 1379 1134 1441; x_wconf 83' lang='grc' dir='ltr'>παντὸς</span> <span class='ocrx_word' id='word_1_95' title='bbox 1159 1378 1252 1431; x_wconf 88' lang='grc' dir='ltr'><strong>τοῦ</strong></span> <span class='ocrx_word' id='word_1_96' title='bbox 1298 1379 1542 1449; x_wconf 82' lang='grc' dir='ltr'>ὑπηκόου</span> <span class='ocrx_word' id='word_1_97' title='bbox 1575 1380 1780 1447; x_wconf 85' lang='grc' dir='ltr'>ἀνταρ-</span> 
     </span>
    </p>
   </div>
   <div class='ocr_carea' id='block_1_16' title="bbox 200 1468 1781 1540">
    <p class='ocr_par' dir='ltr' id='par_1_16' title="bbox 200 1468 1781 1540">
     <span class='ocr_line' id='line_1_16' title="bbox 200 1468 1781 1540; baseline -0.005 -12"><span class='ocrx_word' id='word_1_98' title='bbox 200 1476 324 1528; x_wconf 86' lang='grc' dir='ltr'>σίαν</span> <span class='ocrx_word' id='word_1_99' title='bbox 358 1473 602 1534; x_wconf 77' lang='grc' dir='ltr'>ἀποστάς</span> <span class='ocrx_word' id='word_1_100' title='bbox 622 1471 1063 1540; x_wconf 81' lang='grc' dir='ltr'>κατασφάττεται</span> <span class='ocrx_word' id='word_1_101' title='bbox 1083 1485 1098 1502; x_wconf 74' lang='grc' dir='ltr'><strong><em>ο</em></strong></span> <span class='ocrx_word' id='word_1_102' title='bbox 1129 1469 1222 1523; x_wconf 84' lang='grc' dir='ltr'><strong>τοῦ</strong></span> <span class='ocrx_word' id='word_1_103' title='bbox 1265 1469 1400 1522; x_wconf 84' lang='grc' dir='ltr'>Θεοῦ</span> <span class='ocrx_word' id='word_1_104' title='bbox 1424 1471 1503 1533; x_wconf 92' lang='grc' dir='ltr'><strong>είς</strong></span> <span class='ocrx_word' id='word_1_105' title='bbox 1532 1468 1781 1522; x_wconf 79' lang='grc' dir='ltr'><strong>παιδείαν</strong></span> 
     </span>
    </p>
   </div>
   <div class='ocr_carea' id='block_1_17' title="bbox 196 1561 1782 1634">
    <p class='ocr_par' dir='ltr' id='par_1_17' title="bbox 196 1561 1782 1634">
     <span class='ocr_line' id='line_1_17' title="bbox 196 1561 1782 1634; baseline -0.004 -14"><span class='ocrx_word' id='word_1_106' title='bbox 196 1568 314 1630; x_wconf 81' lang='grc' dir='ltr'>τοῖς</span> <span class='ocrx_word' id='word_1_107' title='bbox 349 1567 430 1629; x_wconf 89' lang='grc' dir='ltr'><strong>είς</strong></span> <span class='ocrx_word' id='word_1_108' title='bbox 495 1563 722 1634; x_wconf 74' lang='grc' dir='ltr'>ὕστερον</span> <span class='ocrx_word' id='word_1_109' title='bbox 776 1563 1156 1633; x_wconf 83' lang='grc' dir='ltr'><strong>βασιλεύσουσι</strong></span> <span class='ocrx_word' id='word_1_110' title='bbox 1207 1563 1275 1615; x_wconf 75' lang='grc' dir='ltr'><strong>τά</strong></span> <span class='ocrx_word' id='word_1_111' title='bbox 1327 1561 1445 1615; x_wconf 83' lang='grc' dir='ltr'>κατ’</span> <span class='ocrx_word' id='word_1_112' title='bbox 1484 1561 1646 1615; x_wconf 70' lang='grc' dir='ltr'>αὐτὸν</span> <span class='ocrx_word' id='word_1_113' title='bbox 1687 1561 1782 1614; x_wconf 74' lang='grc' dir='ltr'><strong>ὲκ·-</strong></span> 
     </span>
    </p>
   </div>
   <div class='ocr_carea' id='block_1_18' title="bbox 202 1653 1782 1729">
    <p class='ocr_par' dir='ltr' id='par_1_18' title="bbox 202 1653 1782 1729">
     <span class='ocr_line' id='line_1_18' title="bbox 202 1653 1782 1729; baseline -0.004 -17"><span class='ocrx_word' id='word_1_114' title='bbox 202 1656 710 1729; x_wconf 88' lang='grc' dir='ltr'>δειματοῦντος,ώς</span> <span class='ocrx_word' id='word_1_115' title='bbox 742 1655 806 1708; x_wconf 83' lang='grc' dir='ltr'>ἂν</span> <span class='ocrx_word' id='word_1_116' title='bbox 838 1656 916 1726; x_wconf 79' lang='grc' dir='ltr'>μὴ</span> <span class='ocrx_word' id='word_1_117' title='bbox 935 1658 1047 1718; x_wconf 87' lang='grc' dir='ltr'>τοῖς</span> <span class='ocrx_word' id='word_1_118' title='bbox 1077 1654 1281 1725; x_wconf 76' lang='grc' dir='ltr'>ὁμοίοις</span> <span class='ocrx_word' id='word_1_119' title='bbox 1316 1654 1513 1707; x_wconf 86' lang='grc' dir='ltr'>πάθεσι</span> <span class='ocrx_word' id='word_1_120' title='bbox 1554 1653 1782 1724; x_wconf 83' lang='grc' dir='ltr'>περιπέ-</span> 
     </span>
    </p>
   </div>
   <div class='ocr_carea' id='block_1_19' title="bbox 198 1742 1783 1814">
    <p class='ocr_par' dir='ltr' id='par_1_19' title="bbox 198 1742 1783 1814">
     <span class='ocr_line' id='line_1_19' title="bbox 198 1742 1783 1814; baseline -0.003 -15"><span class='ocrx_word' id='word_1_121' title='bbox 198 1763 369 1800; x_wconf 89' lang='grc' dir='ltr'>σειεν.</span> <span class='ocrx_word' id='word_1_122' title='bbox 406 1745 548 1798; x_wconf 80' lang='grc' dir='ltr'>Ἀλλ’</span> <span class='ocrx_word' id='word_1_123' title='bbox 571 1743 818 1798; x_wconf 73' lang='grc' dir='ltr'>ἐντεῦθεν</span> <span class='ocrx_word' id='word_1_124' title='bbox 840 1742 1172 1809; x_wconf 79' lang='grc' dir='ltr'>ἐπανελθὼν,</span> <span class='ocrx_word' id='word_1_125' title='bbox 1187 1743 1532 1814; x_wconf 81' lang='grc' dir='ltr'>ἁρμόζουσαν</span> <span class='ocrx_word' id='word_1_126' title='bbox 1552 1746 1614 1813; x_wconf 81' lang='grc' dir='ltr'><strong>τῇ</strong></span> <span class='ocrx_word' id='word_1_127' title='bbox 1643 1760 1783 1812; x_wconf 85' lang='grc' dir='ltr'>παρ-</span> 
     </span>
    </p>
   </div>
   <div class='ocr_carea' id='block_1_20' title="bbox 1877 551 3453 621">
    <p class='ocr_par' dir='ltr' id='par_1_20' title="bbox 1877 551 3453 621">
     <span class='ocr_line' id='line_1_20' title="bbox 1877 551 3453 621; baseline 0.002 -15"><span class='ocrx_word' id='word_1_128' title='bbox 1877 551 2265 606; x_wconf 82' lang='lat' dir='ltr'><strong>candelabrum</strong></span> <span class='ocrx_word' id='word_1_129' title='bbox 2294 567 2507 621; x_wconf 85' lang='lat' dir='ltr'><strong>semper</strong></span> <span class='ocrx_word' id='word_1_130' title='bbox 2537 552 2777 608; x_wconf 88' lang='lat' dir='ltr'><strong>lucidum</strong></span> <span class='ocrx_word' id='word_1_131' title='bbox 2820 551 3110 608; x_wconf 78' lang='lat' dir='ltr'><strong>inell‘abilis</strong></span> <span class='ocrx_word' id='word_1_132' title='bbox 3159 554 3318 614; x_wconf 90' lang='lat' dir='ltr'><strong>lucis.</strong></span> <span class='ocrx_word' id='word_1_133' title='bbox 3359 569 3453 609; x_wconf 83' lang='lat' dir='ltr'><strong>vo-</strong></span> 
     </span>
    </p>
   </div>
   <div class='ocr_carea' id='block_1_21' title="bbox 1877 641 3452 715">
    <p class='ocr_par' dir='ltr' id='par_1_21' title="bbox 1877 641 3452 715">
     <span class='ocr_line' id='line_1_21' title="bbox 1877 641 3452 715; baseline 0.002 -19"><span class='ocrx_word' id='word_1_134' title='bbox 1877 658 1995 696; x_wconf 85' lang='lat' dir='ltr'><strong>cem</strong></span> <span class='ocrx_word' id='word_1_135' title='bbox 2025 643 2200 698; x_wconf 89' lang='lat' dir='ltr'><strong>vivam</strong></span> <span class='ocrx_word' id='word_1_136' title='bbox 2241 645 2422 714; x_wconf 93' lang='lat' dir='ltr'><strong>magni</strong></span> <span class='ocrx_word' id='word_1_137' title='bbox 2454 641 2639 708; x_wconf 80' lang='lat' dir='ltr'><strong>Verbi,</strong></span> <span class='ocrx_word' id='word_1_138' title='bbox 2672 644 2824 698; x_wconf 90' lang='lat' dir='ltr'><strong>illum</strong></span> <span class='ocrx_word' id='word_1_139' title='bbox 2858 645 2981 713; x_wconf 89' lang='lat' dir='ltr'><strong>plus</strong></span> <span class='ocrx_word' id='word_1_140' title='bbox 3011 660 3173 712; x_wconf 90' lang='lat' dir='ltr'><strong>quam</strong></span> <span class='ocrx_word' id='word_1_141' title='bbox 3214 647 3452 715; x_wconf 90' lang='lat' dir='ltr'><strong>prophe-</strong></span> 
     </span>
    </p>
   </div>
   <div class='ocr_carea' id='block_1_22' title="bbox 1880 736 3454 806">
    <p class='ocr_par' dir='ltr' id='par_1_22' title="bbox 1880 736 3454 806">
     <span class='ocr_line' id='line_1_22' title="bbox 1880 736 3454 806; baseline 0 -16"><span class='ocrx_word' id='word_1_142' title='bbox 1880 746 2011 800; x_wconf 76' lang='lat' dir='ltr'><strong>tam,</strong></span> <span class='ocrx_word' id='word_1_143' title='bbox 2041 737 2305 806; x_wconf 80' lang='lat' dir='ltr'><strong>majorem</strong></span> <span class='ocrx_word' id='word_1_144' title='bbox 2335 737 2487 792; x_wconf 92' lang='lat' dir='ltr'><strong>illum</strong></span> <span class='ocrx_word' id='word_1_145' title='bbox 2537 737 2590 791; x_wconf 94' lang='lat' dir='ltr'><strong>in</strong></span> <span class='ocrx_word' id='word_1_146' title='bbox 2631 737 2775 793; x_wconf 89' lang='lat' dir='ltr'><strong>natis</strong></span> <span class='ocrx_word' id='word_1_147' title='bbox 2816 736 3130 801; x_wconf 86' lang='lat' dir='ltr'><strong>mulierum,</strong></span> <span class='ocrx_word' id='word_1_148' title='bbox 3174 737 3454 791; x_wconf 84' lang='lat' dir='ltr'><strong>collauda-</strong></span> 
     </span>
    </p>
   </div>
   <div class='ocr_carea' id='block_1_23' title="bbox 1879 826 3454 891">
    <p class='ocr_par' dir='ltr' id='par_1_23' title="bbox 1879 826 3454 891">
     <span class='ocr_line' id='line_1_23' title="bbox 1879 826 3454 891; baseline -0.001 -11"><span class='ocrx_word' id='word_1_149' title='bbox 1879 826 2029 891; x_wconf 89' lang='lat' dir='ltr'><strong>bant,</strong></span> <span class='ocrx_word' id='word_1_150' title='bbox 2066 827 2432 891; x_wconf 90' lang='lat' dir='ltr'><strong>celebrabant,</strong></span> <span class='ocrx_word' id='word_1_151' title='bbox 2464 829 2518 881; x_wconf 93' lang='lat' dir='ltr'><strong>in</strong></span> <span class='ocrx_word' id='word_1_152' title='bbox 2537 827 2732 882; x_wconf 80' lang='lat' dir='ltr'><strong>ccelum</strong></span> <span class='ocrx_word' id='word_1_153' title='bbox 2766 827 3045 890; x_wconf 85' lang='lat' dir='ltr'><strong>tollebant,</strong></span> <span class='ocrx_word' id='word_1_154' title='bbox 3066 836 3120 880; x_wconf 89' lang='lat' dir='ltr'><strong>et</strong></span> <span class='ocrx_word' id='word_1_155' title='bbox 3140 826 3205 880; x_wconf 87' lang='lat' dir='ltr'><strong>ad</strong></span> <span class='ocrx_word' id='word_1_156' title='bbox 3233 827 3454 881; x_wconf 84' lang='lat' dir='ltr'><strong>immor-</strong></span> 
     </span>
    </p>
   </div>
   <div class='ocr_carea' id='block_1_24' title="bbox 1883 917 3449 989">
    <p class='ocr_par' dir='ltr' id='par_1_24' title="bbox 1883 917 3449 989">
     <span class='ocr_line' id='line_1_24' title="bbox 1883 917 3449 989; baseline 0 -17"><span class='ocrx_word' id='word_1_157' title='bbox 1883 919 1988 972; x_wconf 91' lang='lat' dir='ltr'><strong>tale</strong></span> <span class='ocrx_word' id='word_1_158' title='bbox 2021 918 2278 989; x_wconf 77' lang='lat' dir='ltr'><strong>gaudium</strong></span> <span class='ocrx_word' id='word_1_159' title='bbox 2303 919 2722 974; x_wconf 75' lang='lat' dir='ltr'><strong>transferebant.</strong></span> <span class='ocrx_word' id='word_1_160' title='bbox 2765 917 2914 974; x_wconf 88' lang='lat' dir='ltr'><strong>Talis</strong></span> <span class='ocrx_word' id='word_1_161' title='bbox 2947 918 3132 988; x_wconf 89' lang='lat' dir='ltr'><strong>itaque</strong></span> <span class='ocrx_word' id='word_1_162' title='bbox 3183 918 3285 972; x_wconf 81' lang='lat' dir='ltr'><strong>fuit</strong></span> <span class='ocrx_word' id='word_1_163' title='bbox 3311 918 3449 988; x_wconf 87' lang='lat' dir='ltr'><strong>justi</strong></span> 
     </span>
    </p>
   </div>
   <div class='ocr_carea' id='block_1_25' title="bbox 1878 1008 3450 1080">
    <p class='ocr_par' dir='ltr' id='par_1_25' title="bbox 1878 1008 3450 1080">
     <span class='ocr_line' id='line_1_25' title="bbox 1878 1008 3450 1080; baseline 0.002 -19"><span class='ocrx_word' id='word_1_164' title='bbox 1878 1009 1982 1064; x_wconf 86' lang='lat' dir='ltr'><strong>viri</strong></span> <span class='ocrx_word' id='word_1_165' title='bbox 2012 1009 2232 1076; x_wconf 80' lang='lat' dir='ltr'><strong>paciﬁca</strong></span> <span class='ocrx_word' id='word_1_166' title='bbox 2262 1011 2558 1080; x_wconf 88' lang='lat' dir='ltr'><strong>sepultura,</strong></span> <span class='ocrx_word' id='word_1_167' title='bbox 2594 1011 2798 1064; x_wconf 88' lang='lat' dir='ltr'><strong>mundo</strong></span> <span class='ocrx_word' id='word_1_168' title='bbox 2838 1009 3050 1065; x_wconf 55' lang='lat' dir='ltr'><strong>laetiﬁca</strong></span> <span class='ocrx_word' id='word_1_169' title='bbox 3074 1018 3130 1064; x_wconf 90' lang='lat' dir='ltr'><strong>et</strong></span> <span class='ocrx_word' id='word_1_170' title='bbox 3174 1008 3450 1065; x_wconf 83' lang='lat' dir='ltr'><strong>salutaris.</strong></span> 
     </span>
    </p>
   </div>
   <div class='ocr_carea' id='block_1_26' title="bbox 1950 1183 3454 1255">
    <p class='ocr_par' dir='ltr' id='par_1_26' title="bbox 1950 1183 3454 1255">
     <span class='ocr_line' id='line_1_26' title="bbox 1950 1183 3454 1255; baseline -0.001 -13"><span class='ocrx_word' id='word_1_171' title='bbox 1950 1186 2004 1242; x_wconf 91' lang='lat'><strong>9.</strong></span> <span class='ocrx_word' id='word_1_172' title='bbox 2031 1183 2173 1239; x_wconf 88' lang='lat' dir='ltr'><strong>Num</strong></span> <span class='ocrx_word' id='word_1_173' title='bbox 2212 1199 2377 1255; x_wconf 90' lang='lat' dir='ltr'><strong>porro</strong></span> <span class='ocrx_word' id='word_1_174' title='bbox 2405 1185 2634 1243; x_wconf 89' lang='lat' dir='ltr'><strong>insanus</strong></span> <span class='ocrx_word' id='word_1_175' title='bbox 2691 1184 2956 1252; x_wconf 85' lang='lat' dir='ltr'><strong>Herodes,</strong></span> <span class='ocrx_word' id='word_1_176' title='bbox 3013 1187 3067 1241; x_wconf 89' lang='lat' dir='ltr'><strong>in</strong></span> <span class='ocrx_word' id='word_1_177' title='bbox 3128 1188 3228 1241; x_wconf 90' lang='lat' dir='ltr'><strong>hac</strong></span> <span class='ocrx_word' id='word_1_178' title='bbox 3290 1186 3454 1242; x_wconf 81' lang='lat' dir='ltr'><strong>etiam</strong></span> 
     </span>
    </p>
   </div>
   <div class='ocr_carea' id='block_1_27' title="bbox 1889 1279 3459 1349">
    <p class='ocr_par' dir='ltr' id='par_1_27' title="bbox 1889 1279 3459 1349">
     <span class='ocr_line' id='line_1_27' title="bbox 1889 1279 3459 1349; baseline 0.002 -17"><span class='ocrx_word' id='word_1_179' title='bbox 1889 1287 2104 1335; x_wconf 85' lang='lat' dir='ltr'><strong>terrena</strong></span> <span class='ocrx_word' id='word_1_180' title='bbox 2160 1281 2397 1336; x_wconf 87' lang='lat' dir='ltr'><strong>statione</strong></span> <span class='ocrx_word' id='word_1_181' title='bbox 2462 1281 2685 1335; x_wconf 89' lang='lat' dir='ltr'><strong>ultionis</strong></span> <span class='ocrx_word' id='word_1_182' title='bbox 2742 1295 2960 1349; x_wconf 70' lang='lat' dir='ltr'><strong>poenam</strong></span> <span class='ocrx_word' id='word_1_183' title='bbox 3008 1280 3192 1349; x_wconf 78' lang='lat' dir='ltr'><strong>fugit?</strong></span> <span class='ocrx_word' id='word_1_184' title='bbox 3237 1279 3459 1335; x_wconf 82' lang='lat' dir='ltr'><strong>Minime</strong></span> 
     </span>
    </p>
   </div>
   <div class='ocr_carea' id='block_1_28' title="bbox 1883 1369 3454 1443">
    <p class='ocr_par' dir='ltr' id='par_1_28' title="bbox 1883 1369 3454 1443">
     <span class='ocr_line' id='line_1_28' title="bbox 1883 1369 3454 1443; baseline 0 -18"><span class='ocrx_word' id='word_1_185' title='bbox 1883 1372 2129 1443; x_wconf 86' lang='lat' dir='ltr'><strong>gentium</strong></span> <span class='ocrx_word' id='word_1_186' title='bbox 2164 1387 2180 1438; x_wconf 90' lang='lat'><strong>;</strong></span> <span class='ocrx_word' id='word_1_187' title='bbox 2219 1373 2336 1435; x_wconf 88' lang='lat' dir='ltr'><strong>sed,</strong></span> <span class='ocrx_word' id='word_1_188' title='bbox 2379 1380 2435 1424; x_wconf 88' lang='lat' dir='ltr'><strong>ut</strong></span> <span class='ocrx_word' id='word_1_189' title='bbox 2457 1371 2682 1433; x_wconf 87' lang='lat' dir='ltr'><strong>dicitur,</strong></span> <span class='ocrx_word' id='word_1_190' title='bbox 2714 1380 2934 1440; x_wconf 87' lang='lat' dir='ltr'><strong>propter</strong></span> <span class='ocrx_word' id='word_1_191' title='bbox 2957 1370 3059 1424; x_wconf 91' lang='lat' dir='ltr'><strong>hoc</strong></span> <span class='ocrx_word' id='word_1_192' title='bbox 3083 1369 3293 1425; x_wconf 81' lang='lat' dir='ltr'><strong>facinus</strong></span> <span class='ocrx_word' id='word_1_193' title='bbox 3321 1371 3454 1425; x_wconf 88' lang='lat' dir='ltr'><strong>sub-</strong></span> 
     </span>
    </p>
   </div>
   <div class='ocr_carea' id='block_1_29' title="bbox 1882 1462 3457 1531">
    <p class='ocr_par' dir='ltr' id='par_1_29' title="bbox 1882 1462 3457 1531">
     <span class='ocr_line' id='line_1_29' title="bbox 1882 1462 3457 1531; baseline 0.001 -15"><span class='ocrx_word' id='word_1_194' title='bbox 1882 1463 2122 1516; x_wconf 90' lang='lat' dir='ltr'><strong>ditorum</strong></span> <span class='ocrx_word' id='word_1_195' title='bbox 2190 1462 2433 1517; x_wconf 90' lang='lat' dir='ltr'><strong>omnium</strong></span> <span class='ocrx_word' id='word_1_196' title='bbox 2492 1462 2816 1515; x_wconf 82' lang='lat' dir='ltr'><strong>seditionem</strong></span> <span class='ocrx_word' id='word_1_197' title='bbox 2882 1469 3162 1531; x_wconf 75' lang='lat' dir='ltr'><strong>expertus,</strong></span> <span class='ocrx_word' id='word_1_198' title='bbox 3235 1463 3457 1518; x_wconf 87' lang='lat' dir='ltr'><strong>occisus</strong></span> 
     </span>
    </p>
   </div>
   <div class='ocr_carea' id='block_1_30' title="bbox 1884 1549 3458 1620">
    <p class='ocr_par' dir='ltr' id='par_1_30' title="bbox 1884 1549 3458 1620">
     <span class='ocr_line' id='line_1_30' title="bbox 1884 1549 3458 1620; baseline 0.002 -14"><span class='ocrx_word' id='word_1_199' title='bbox 1884 1550 1986 1607; x_wconf 84' lang='lat' dir='ltr'><strong>luit</strong></span> <span class='ocrx_word' id='word_1_200' title='bbox 2018 1569 2032 1605; x_wconf 93' lang='lat'><strong>:</strong></span> <span class='ocrx_word' id='word_1_201' title='bbox 2065 1549 2177 1607; x_wconf 90' lang='lat' dir='ltr'><strong>Deo</strong></span> <span class='ocrx_word' id='word_1_202' title='bbox 2211 1551 2281 1607; x_wconf 93' lang='lat' dir='ltr'><strong>ob</strong></span> <span class='ocrx_word' id='word_1_203' title='bbox 2332 1550 2642 1606; x_wconf 79' lang='lat' dir='ltr'><strong>futurorum</strong></span> <span class='ocrx_word' id='word_1_204' title='bbox 2695 1566 2883 1620; x_wconf 89' lang='lat' dir='ltr'><strong>regum</strong></span> <span class='ocrx_word' id='word_1_205' title='bbox 2947 1551 3311 1607; x_wconf 86' lang='lat' dir='ltr'><strong>eruditionem</strong></span> <span class='ocrx_word' id='word_1_206' title='bbox 3366 1570 3458 1609; x_wconf 89' lang='lat' dir='ltr'><strong>res</strong></span> 
     </span>
    </p>
   </div>
   <div class='ocr_carea' id='block_1_31' title="bbox 1883 1642 3456 1714">
    <p class='ocr_par' dir='ltr' id='par_1_31' title="bbox 1883 1642 3456 1714">
     <span class='ocr_line' id='line_1_31' title="bbox 1883 1642 3456 1714; baseline 0.001 -16"><span class='ocrx_word' id='word_1_207' title='bbox 1883 1643 2051 1714; x_wconf 85' lang='lat' dir='ltr'><strong>hujus</strong></span> <span class='ocrx_word' id='word_1_208' title='bbox 2094 1643 2158 1698; x_wconf 88' lang='lat' dir='ltr'><strong>ad</strong></span> <span class='ocrx_word' id='word_1_209' title='bbox 2189 1652 2452 1699; x_wconf 89' lang='lat' dir='ltr'><strong>terrorem</strong></span> <span class='ocrx_word' id='word_1_210' title='bbox 2513 1650 2871 1712; x_wconf 86' lang='lat' dir='ltr'><strong>proponente,</strong></span> <span class='ocrx_word' id='word_1_211' title='bbox 2910 1656 2978 1695; x_wconf 90' lang='lat' dir='ltr'><strong>ne</strong></span> <span class='ocrx_word' id='word_1_212' title='bbox 3023 1642 3076 1696; x_wconf 91' lang='lat' dir='ltr'><strong>in</strong></span> <span class='ocrx_word' id='word_1_213' title='bbox 3109 1645 3262 1714; x_wconf 88' lang='lat' dir='ltr'><strong>paria</strong></span> <span class='ocrx_word' id='word_1_214' title='bbox 3322 1644 3456 1700; x_wconf 82' lang='lat' dir='ltr'><strong>laci-</strong></span> 
     </span>
    </p>
   </div>
   <div class='ocr_carea' id='block_1_32' title="bbox 1884 1734 3458 1807">
    <p class='ocr_par' dir='ltr' id='par_1_32' title="bbox 1884 1734 3458 1807">
     <span class='ocr_line' id='line_1_32' title="bbox 1884 1734 3458 1807; baseline 0.003 -17"><span class='ocrx_word' id='word_1_215' title='bbox 1884 1752 2019 1791; x_wconf 88' lang='lat' dir='ltr'><strong>nora</strong></span> <span class='ocrx_word' id='word_1_216' title='bbox 2058 1735 2365 1791; x_wconf 88' lang='lat' dir='ltr'><strong>incurrant.</strong></span> <span class='ocrx_word' id='word_1_217' title='bbox 2407 1735 2511 1792; x_wconf 86' lang='lat' dir='ltr'><strong>Sed</strong></span> <span class='ocrx_word' id='word_1_218' title='bbox 2559 1736 2683 1790; x_wconf 90' lang='lat' dir='ltr'><strong>inde</strong></span> <span class='ocrx_word' id='word_1_219' title='bbox 2736 1734 3047 1807; x_wconf 81' lang='lat' dir='ltr'><strong>digrediens</strong></span> <span class='ocrx_word' id='word_1_220' title='bbox 3098 1737 3458 1795; x_wconf 76' lang='lat' dir='ltr'><strong>conveniente</strong></span> 
     </span>
    </p>
   </div>
   <div class='ocr_carea' id='block_1_33' title="bbox 196 1813 1783 1909">
    <p class='ocr_par' dir='ltr' id='par_1_33' title="bbox 196 1813 1783 1909">
     <span class='ocr_line' id='line_1_33' title="bbox 196 1813 1783 1909; baseline -0.003 -19"><span class='ocrx_word' id='word_1_221' title='bbox 196 1837 336 1909; x_wconf 75' lang='grc' dir='ltr'>ούσῃ</span> <span class='ocrx_word' id='word_1_222' title='bbox 358 1837 542 1907; x_wconf 83' lang='grc' dir='ltr'>ήμέρςι</span> <span class='ocrx_word' id='word_1_223' title='bbox 560 1837 744 1907; x_wconf 80' lang='grc' dir='ltr'>φωνὴν</span> <span class='ocrx_word' id='word_1_224' title='bbox 762 1833 920 1905; x_wconf 79' lang='grc' dir='ltr'>δεῦρο</span> <span class='ocrx_word' id='word_1_225' title='bbox 936 1813 1270 1904; x_wconf 80' lang='grc' dir='ltr'>ὲκῦοήσομαι</span> <span class='ocrx_word' id='word_1_226' title='bbox 1294 1851 1311 1866; x_wconf 79' lang='grc' dir='ltr'><strong>ο</strong></span> <span class='ocrx_word' id='word_1_227' title='bbox 1335 1833 1581 1904; x_wconf 75' lang='grc' dir='ltr'>Σήμερον</span> <span class='ocrx_word' id='word_1_228' title='bbox 1604 1835 1783 1887; x_wconf 88' lang='grc' dir='ltr'>Ἰωάν-</span> 
     </span>
    </p>
   </div>
   <div class='ocr_carea' id='block_1_34' title="bbox 1883 1813 3453 1909">
    <p class='ocr_par' dir='ltr' id='par_1_34' title="bbox 1885 1829 3453 1901">
     <span class='ocr_line' id='line_1_34' title="bbox 1885 1829 3453 1901; baseline 0.003 -18"><span class='ocrx_word' id='word_1_229' title='bbox 1885 1830 2133 1898; x_wconf 77' lang='lat' dir='ltr'><strong>praesenti</strong></span> <span class='ocrx_word' id='word_1_230' title='bbox 2159 1829 2264 1884; x_wconf 92' lang='lat' dir='ltr'><strong>diei</strong></span> <span class='ocrx_word' id='word_1_231' title='bbox 2290 1844 2425 1887; x_wconf 91' lang='lat' dir='ltr'><strong>voce</strong></span> <span class='ocrx_word' id='word_1_232' title='bbox 2449 1829 2675 1901; x_wconf 87' lang='lat' dir='ltr'><strong>agejam</strong></span> <span class='ocrx_word' id='word_1_233' title='bbox 2698 1831 3016 1887; x_wconf 84' lang='lat' dir='ltr'><strong>exclamabo</strong></span> <span class='ocrx_word' id='word_1_234' title='bbox 3046 1849 3058 1885; x_wconf 87' lang='lat'><strong>:</strong></span> <span class='ocrx_word' id='word_1_235' title='bbox 3085 1831 3254 1888; x_wconf 84' lang='lat' dir='ltr'><strong>Hodie</strong></span> <span class='ocrx_word' id='word_1_236' title='bbox 3283 1830 3453 1888; x_wconf 90' lang='lat' dir='ltr'><strong>Joan-</strong></span> 
     </span>
    </p>
   </div>
   <div class='ocr_carea' id='block_1_35' title="bbox 197 1925 1785 1998">
    <p class='ocr_par' dir='ltr' id='par_1_35' title="bbox 197 1925 1785 1998">
     <span class='ocr_line' id='line_1_35' title="bbox 197 1925 1785 1998; baseline -0.003 -16"><span class='ocrx_word' id='word_1_237' title='bbox 197 1945 299 1998; x_wconf 84' lang='grc' dir='ltr'><strong>νης</strong></span> <span class='ocrx_word' id='word_1_238' title='bbox 324 1930 354 1980; x_wconf 90' lang='lat'><strong>6</strong></span> <span class='ocrx_word' id='word_1_239' title='bbox 383 1927 695 1998; x_wconf 82' lang='grc' dir='ltr'>Πρόδρομος</span> <span class='ocrx_word' id='word_1_240' title='bbox 719 1925 859 1997; x_wconf 76' lang='grc' dir='ltr'>ὑπὲρ</span> <span class='ocrx_word' id='word_1_241' title='bbox 875 1925 1134 1996; x_wconf 77' lang='grc' dir='ltr'>ἀληθείας</span> <span class='ocrx_word' id='word_1_242' title='bbox 1153 1927 1250 1996; x_wconf 85' lang='grc' dir='ltr'>τὴν</span> <span class='ocrx_word' id='word_1_243' title='bbox 1280 1926 1525 1996; x_wconf 82' lang='grc' dir='ltr'>κεφαλὴν</span> <span class='ocrx_word' id='word_1_244' title='bbox 1546 1927 1785 1997; x_wconf 86' lang='grc' dir='ltr'>ἀποτεμ-</span> 
     </span>
    </p>
   </div>
   <div class='ocr_carea' id='block_1_36' title="bbox 197 2016 1785 2090">
    <p class='ocr_par' dir='ltr' id='par_1_36' title="bbox 197 2016 1785 2090">
     <span class='ocr_line' id='line_1_36' title="bbox 197 2016 1785 2090; baseline -0.001 -18"><span class='ocrx_word' id='word_1_245' title='bbox 197 2021 430 2090; x_wconf 80' lang='grc' dir='ltr'>νόμενος</span> <span class='ocrx_word' id='word_1_246' title='bbox 450 2019 838 2090; x_wconf 80' lang='grc' dir='ltr'>μακαρίζεται,</span> <span class='ocrx_word' id='word_1_247' title='bbox 861 2019 957 2071; x_wconf 70' lang='grc' dir='ltr'>καὶ</span> <span class='ocrx_word' id='word_1_248' title='bbox 987 2016 1232 2090; x_wconf 77' lang='grc' dir='ltr'><strong>Ἡρώδης</strong></span> <span class='ocrx_word' id='word_1_249' title='bbox 1251 2019 1280 2069; x_wconf 97' lang='lat'><strong>6</strong></span> <span class='ocrx_word' id='word_1_250' title='bbox 1298 2018 1611 2087; x_wconf 85' lang='grc' dir='ltr'>παράνομος</span> <span class='ocrx_word' id='word_1_251' title='bbox 1629 2035 1785 2086; x_wconf 85' lang='grc' dir='ltr'>κωμ-</span> 
     </span>
    </p>
   </div>
   <div class='ocr_carea' id='block_1_37' title="bbox 198 2109 1784 2183">
    <p class='ocr_par' dir='ltr' id='par_1_37' title="bbox 198 2109 1784 2183">
     <span class='ocr_line' id='line_1_37' title="bbox 198 2109 1784 2183; baseline -0.003 -17"><span class='ocrx_word' id='word_1_252' title='bbox 198 2111 510 2183; x_wconf 81' lang='grc' dir='ltr'>ῳδούμενος</span> <span class='ocrx_word' id='word_1_253' title='bbox 545 2111 867 2183; x_wconf 82' lang='grc' dir='ltr'>διασύρεται</span> <span class='ocrx_word' id='word_1_254' title='bbox 891 2127 905 2140; x_wconf 94' lang='grc'><strong>·</strong></span> <span class='ocrx_word' id='word_1_255' title='bbox 934 2109 1174 2180; x_wconf 77' lang='grc' dir='ltr'>σήμερον</span> <span class='ocrx_word' id='word_1_256' title='bbox 1211 2110 1469 2180; x_wconf 76' lang='grc' dir='ltr'>Ἰωάννης</span> <span class='ocrx_word' id='word_1_257' title='bbox 1493 2111 1521 2162; x_wconf 91' lang='lat'><strong>6</strong></span> <span class='ocrx_word' id='word_1_258' title='bbox 1549 2110 1784 2181; x_wconf 86' lang='grc' dir='ltr'>Πρόδρο-</span> 
     </span>
    </p>
   </div>
   <div class='ocr_carea' id='block_1_38' title="bbox 202 2200 1783 2286">
    <p class='ocr_par' dir='ltr' id='par_1_38' title="bbox 202 2200 1783 2286">
     <span class='ocr_line' id='line_1_38' title="bbox 202 2200 1783 2286; baseline 0.001 -31"><span class='ocrx_word' id='word_1_259' title='bbox 202 2220 307 2273; x_wconf 87' lang='grc' dir='ltr'><strong>μσς</strong></span> <span class='ocrx_word' id='word_1_260' title='bbox 335 2204 396 2256; x_wconf 83' lang='grc' dir='ltr'>ἐν</span> <span class='ocrx_word' id='word_1_261' title='bbox 413 2205 534 2266; x_wconf 81' lang='grc' dir='ltr'>ταῖς</span> <span class='ocrx_word' id='word_1_262' title='bbox 555 2201 814 2257; x_wconf 77' lang='grc' dir='ltr'>ἁπάντων</span> <span class='ocrx_word' id='word_1_263' title='bbox 825 2201 1103 2270; x_wconf 80' lang='grc' dir='ltr'>γλώσσαις</span> <span class='ocrx_word' id='word_1_264' title='bbox 1139 2200 1215 2271; x_wconf 84' lang='grc' dir='ltr'>τῷ</span> <span class='ocrx_word' id='word_1_265' title='bbox 1231 2200 1324 2254; x_wconf 86' lang='grc' dir='ltr'><strong>τοῦ</strong></span> <span class='ocrx_word' id='word_1_266' title='bbox 1341 2200 1578 2286; x_wconf 65' lang='grc' dir='ltr'>ὲλεγμρῦ</span> <span class='ocrx_word' id='word_1_267' title='bbox 1593 2201 1783 2272; x_wconf 83' lang='grc' dir='ltr'>διηγή-</span> 
     </span>
    </p>
   </div>
   <div class='ocr_carea' id='block_1_39' title="bbox 204 2291 1783 2367">
    <p class='ocr_par' dir='ltr' id='par_1_39' title="bbox 204 2291 1783 2367">
     <span class='ocr_line' id='line_1_39' title="bbox 204 2291 1783 2367; baseline -0.002 -19"><span class='ocrx_word' id='word_1_268' title='bbox 204 2313 341 2367; x_wconf 87' lang='grc' dir='ltr'>ματι</span> <span class='ocrx_word' id='word_1_269' title='bbox 369 2295 684 2366; x_wconf 81' lang='grc' dir='ltr'>τετίμηται,</span> <span class='ocrx_word' id='word_1_270' title='bbox 706 2294 802 2347; x_wconf 77' lang='grc' dir='ltr'>καὶ</span> <span class='ocrx_word' id='word_1_271' title='bbox 833 2291 1077 2363; x_wconf 84' lang='grc' dir='ltr'>Ἡρώδης</span> <span class='ocrx_word' id='word_1_272' title='bbox 1104 2292 1133 2345; x_wconf 84' lang='lat'><strong>6</strong></span> <span class='ocrx_word' id='word_1_273' title='bbox 1157 2292 1492 2365; x_wconf 86' lang='grc' dir='ltr'>πανέκφρων</span> <span class='ocrx_word' id='word_1_274' title='bbox 1530 2293 1621 2363; x_wconf 85' lang='grc' dir='ltr'><strong>ὑφ’</strong></span> <span class='ocrx_word' id='word_1_275' title='bbox 1652 2294 1783 2346; x_wconf 78' lang='grc' dir='ltr'>ἑκά·</span> 
     </span>
    </p>
   </div>
   <div class='ocr_carea' id='block_1_40' title="bbox 201 2383 1782 2458">
    <p class='ocr_par' dir='ltr' id='par_1_40' title="bbox 201 2383 1782 2458">
     <span class='ocr_line' id='line_1_40' title="bbox 201 2383 1782 2458; baseline -0.002 -16"><span class='ocrx_word' id='word_1_276' title='bbox 201 2405 334 2442; x_wconf 84' lang='grc' dir='ltr'>στου</span> <span class='ocrx_word' id='word_1_277' title='bbox 372 2387 485 2440; x_wconf 83' lang='grc' dir='ltr'><strong>τῶν</strong></span> <span class='ocrx_word' id='word_1_278' title='bbox 522 2386 874 2456; x_wconf 74' lang='grc' dir='ltr'>φοϐουμένων</span> <span class='ocrx_word' id='word_1_279' title='bbox 893 2383 987 2438; x_wconf 77' lang='grc' dir='ltr'>τὸν</span> <span class='ocrx_word' id='word_1_280' title='bbox 1015 2383 1219 2456; x_wconf 84' lang='grc' dir='ltr'>Κύριον</span> <span class='ocrx_word' id='word_1_281' title='bbox 1241 2388 1313 2457; x_wconf 61' lang='grc' dir='ltr'>τῇ</span> <span class='ocrx_word' id='word_1_282' title='bbox 1353 2386 1570 2458; x_wconf 76' lang='grc' dir='ltr'>μοιχείᾳ</span> <span class='ocrx_word' id='word_1_283' title='bbox 1595 2386 1782 2457; x_wconf 91' lang='grc' dir='ltr'>στηλι-</span> 
     </span>
    </p>
   </div>
   <div class='ocr_carea' id='block_1_41' title="bbox 201 2478 1778 2551">
    <p class='ocr_par' dir='ltr' id='par_1_41' title="bbox 201 2478 1778 2551">
     <span class='ocr_line' id='line_1_41' title="bbox 201 2478 1778 2551; baseline 0.001 -19"><span class='ocrx_word' id='word_1_284' title='bbox 201 2480 501 2550; x_wconf 85' lang='grc' dir='ltr'>τευόμενος</span> <span class='ocrx_word' id='word_1_285' title='bbox 548 2478 841 2550; x_wconf 74' lang='grc' dir='ltr'>ἠτίμωται.</span> <span class='ocrx_word' id='word_1_286' title='bbox 891 2479 1140 2551; x_wconf 78' lang='grc' dir='ltr'>Σήμερον</span> <span class='ocrx_word' id='word_1_287' title='bbox 1192 2480 1226 2550; x_wconf 86' lang='grc' dir='ltr'><strong>ή</strong></span> <span class='ocrx_word' id='word_1_288' title='bbox 1281 2478 1491 2551; x_wconf 81' lang='grc' dir='ltr'>κεφαλὴ</span> <span class='ocrx_word' id='word_1_289' title='bbox 1535 2479 1778 2534; x_wconf 78' lang='grc' dir='ltr'>Ἰωάννου</span> 
     </span>
    </p>
   </div>
   <div class='ocr_carea' id='block_1_42' title="bbox 201 2570 1778 2643">
    <p class='ocr_par' dir='ltr' id='par_1_42' title="bbox 201 2570 1778 2643">
     <span class='ocr_line' id='line_1_42' title="bbox 201 2570 1778 2643; baseline 0.002 -19"><span class='ocrx_word' id='word_1_290' title='bbox 201 2570 296 2625; x_wconf 84' lang='grc' dir='ltr'><strong>τοῦ</strong></span> <span class='ocrx_word' id='word_1_291' title='bbox 335 2571 658 2642; x_wconf 81' lang='grc' dir='ltr'>Προδρόμου</span> <span class='ocrx_word' id='word_1_292' title='bbox 693 2571 787 2624; x_wconf 67' lang='grc' dir='ltr'><strong>ιπὶ</strong></span> <span class='ocrx_word' id='word_1_293' title='bbox 841 2571 1034 2626; x_wconf 84' lang='grc' dir='ltr'>πίνακι</span> <span class='ocrx_word' id='word_1_294' title='bbox 1087 2571 1419 2643; x_wconf 82' lang='grc' dir='ltr'>προφέρεται</span> <span class='ocrx_word' id='word_1_295' title='bbox 1469 2571 1611 2641; x_wconf 73' lang='grc' dir='ltr'>ἱερὸν</span> <span class='ocrx_word' id='word_1_296' title='bbox 1639 2572 1778 2641; x_wconf 82' lang='grc' dir='ltr'>σφά-</span> 
     </span>
    </p>
   </div>
   <div class='ocr_carea' id='block_1_43' title="bbox 203 2661 1783 2734">
    <p class='ocr_par' dir='ltr' id='par_1_43' title="bbox 203 2661 1783 2734">
     <span class='ocr_line' id='line_1_43' title="bbox 203 2661 1783 2734; baseline 0 -16"><span class='ocrx_word' id='word_1_297' title='bbox 203 2680 342 2732; x_wconf 88' lang='grc' dir='ltr'>γιον,</span> <span class='ocrx_word' id='word_1_298' title='bbox 374 2663 471 2716; x_wconf 82' lang='grc' dir='ltr'>καὶ</span> <span class='ocrx_word' id='word_1_299' title='bbox 511 2661 779 2732; x_wconf 76' lang='grc' dir='ltr'>Ἡρωδιὰς</span> <span class='ocrx_word' id='word_1_300' title='bbox 826 2663 860 2734; x_wconf 87' lang='grc' dir='ltr'><strong>ή</strong></span> <span class='ocrx_word' id='word_1_301' title='bbox 894 2662 1218 2734; x_wconf 85' lang='grc' dir='ltr'>μοιχεύτρια</span> <span class='ocrx_word' id='word_1_302' title='bbox 1263 2661 1637 2732; x_wconf 87' lang='grc' dir='ltr'>στηλιτεύεται</span> <span class='ocrx_word' id='word_1_303' title='bbox 1685 2664 1783 2718; x_wconf 77' lang='grc' dir='ltr'>καὶ</span> 
     </span>
    </p>
   </div>
   <div class='ocr_carea' id='block_1_44' title="bbox 204 2751 1786 2826">
    <p class='ocr_par' dir='ltr' id='par_1_44' title="bbox 204 2751 1786 2826">
     <span class='ocr_line' id='line_1_44' title="bbox 204 2751 1786 2826; baseline -0.001 -19"><span class='ocrx_word' id='word_1_304' title='bbox 204 2755 278 2826; x_wconf 80' lang='grc' dir='ltr'>μὴ</span> <span class='ocrx_word' id='word_1_305' title='bbox 310 2751 613 2826; x_wconf 83' lang='grc' dir='ltr'>βουλομένη</span> <span class='ocrx_word' id='word_1_306' title='bbox 662 2752 880 2807; x_wconf 77' lang='grc' dir='ltr'>αἰώνια.</span> <span class='ocrx_word' id='word_1_307' title='bbox 929 2752 1176 2825; x_wconf 72' lang='grc' dir='ltr'>Σήμερον</span> <span class='ocrx_word' id='word_1_308' title='bbox 1215 2753 1462 2807; x_wconf 89' lang='grc' dir='ltr'>Ἰωάννου</span> <span class='ocrx_word' id='word_1_309' title='bbox 1510 2752 1603 2807; x_wconf 86' lang='grc' dir='ltr'><strong>τοῦ</strong></span> <span class='ocrx_word' id='word_1_310' title='bbox 1650 2757 1786 2825; x_wconf 75' lang='lat' dir='ltr'><strong>[lpo-</strong></span> 
     </span>
    </p>
   </div>
   <div class='ocr_carea' id='block_1_45' title="bbox 202 2837 1782 2917">
    <p class='ocr_par' dir='ltr' id='par_1_45' title="bbox 202 2837 1782 2917">
     <span class='ocr_line' id='line_1_45' title="bbox 202 2837 1782 2917; baseline -0.001 -19"><span class='ocrx_word' id='word_1_311' title='bbox 202 2844 413 2917; x_wconf 83' lang='grc' dir='ltr'>δρόμου</span> <span class='ocrx_word' id='word_1_312' title='bbox 441 2843 499 2896; x_wconf 82' lang='grc' dir='ltr'>τὸ</span> <span class='ocrx_word' id='word_1_313' title='bbox 531 2837 672 2914; x_wconf 75' lang='grc' dir='ltr'>αἷμα</span> <span class='ocrx_word' id='word_1_314' title='bbox 719 2845 861 2914; x_wconf 79' lang='grc' dir='ltr'>ὑπὲρ</span> <span class='ocrx_word' id='word_1_315' title='bbox 906 2843 1157 2914; x_wconf 80' lang='grc' dir='ltr'>φυλακῆς</span> <span class='ocrx_word' id='word_1_316' title='bbox 1187 2843 1331 2897; x_wconf 88' lang='grc' dir='ltr'>θείου</span> <span class='ocrx_word' id='word_1_317' title='bbox 1373 2844 1536 2916; x_wconf 85' lang='grc' dir='ltr'>νόμου</span> <span class='ocrx_word' id='word_1_318' title='bbox 1577 2845 1782 2916; x_wconf 86' lang='grc' dir='ltr'>χέεται,</span> 
     </span>
    </p>
   </div>
   <div class='ocr_carea' id='block_1_46' title="bbox 203 2934 1785 3008">
    <p class='ocr_par' dir='ltr' id='par_1_46' title="bbox 203 2934 1785 3008">
     <span class='ocr_line' id='line_1_46' title="bbox 203 2934 1785 3008; baseline 0.001 -19"><span class='ocrx_word' id='word_1_319' title='bbox 203 2938 299 2991; x_wconf 80' lang='grc' dir='ltr'>καὶ</span> <span class='ocrx_word' id='word_1_320' title='bbox 330 2937 360 2989; x_wconf 87' lang='grc' dir='ltr'><strong>ό</strong></span> <span class='ocrx_word' id='word_1_321' title='bbox 384 2936 482 2989; x_wconf 86' lang='grc' dir='ltr'><strong>τοῦ</strong></span> <span class='ocrx_word' id='word_1_322' title='bbox 519 2935 835 3006; x_wconf 85' lang='grc' dir='ltr'>Προδρόμου</span> <span class='ocrx_word' id='word_1_323' title='bbox 872 2934 1152 2999; x_wconf 86' lang='grc' dir='ltr'>άντίθετος</span> <span class='ocrx_word' id='word_1_324' title='bbox 1179 2934 1266 2989; x_wconf 84' lang='grc' dir='ltr'><strong>διὰ</strong></span> <span class='ocrx_word' id='word_1_325' title='bbox 1293 2936 1390 3006; x_wconf 88' lang='grc' dir='ltr'>τῆς</span> <span class='ocrx_word' id='word_1_326' title='bbox 1419 2938 1785 3008; x_wconf 86' lang='grc' dir='ltr'>άντιπραγίας</span> 
     </span>
    </p>
   </div>
   <div class='ocr_carea' id='block_1_47' title="bbox 204 3025 1782 3100">
    <p class='ocr_par' dir='ltr' id='par_1_47' title="bbox 204 3025 1782 3100">
     <span class='ocr_line' id='line_1_47' title="bbox 204 3025 1782 3100; baseline 0 -19"><span class='ocrx_word' id='word_1_327' title='bbox 204 3026 432 3090; x_wconf 66' lang='grc' dir='ltr'>ἐνδίκως</span> <span class='ocrx_word' id='word_1_328' title='bbox 459 3025 857 3098; x_wconf 77' lang='grc' dir='ltr'>Θριαμσεύεται</span> <span class='ocrx_word' id='word_1_329' title='bbox 881 3041 897 3057; x_wconf 83' lang='lat'><strong><em>°</em></strong></span> <span class='ocrx_word' id='word_1_330' title='bbox 930 3029 1172 3099; x_wconf 87' lang='grc' dir='ltr'>σήμερον</span> <span class='ocrx_word' id='word_1_331' title='bbox 1210 3029 1462 3098; x_wconf 83' lang='grc' dir='ltr'>Ἰωάννης</span> <span class='ocrx_word' id='word_1_332' title='bbox 1488 3032 1515 3082; x_wconf 89' lang='grc' dir='ltr'><strong>ό</strong></span> <span class='ocrx_word' id='word_1_333' title='bbox 1544 3029 1782 3100; x_wconf 82' lang='grc' dir='ltr'>Πρόδρο-</span> 
     </span>
    </p>
   </div>
   <div class='ocr_carea' id='block_1_48' title="bbox 208 3119 1854 3210">
    <p class='ocr_par' dir='ltr' id='par_1_48' title="bbox 208 3119 1854 3210">
     <span class='ocr_line' id='line_1_48' title="bbox 208 3119 1854 3210; baseline -0.001 -34"><span class='ocrx_word' id='word_1_334' title='bbox 208 3139 306 3192; x_wconf 81' lang='grc' dir='ltr'><strong>μσς</strong></span> <span class='ocrx_word' id='word_1_335' title='bbox 332 3121 424 3176; x_wconf 86' lang='grc' dir='ltr'><strong>διά</strong></span> <span class='ocrx_word' id='word_1_336' title='bbox 449 3120 550 3190; x_wconf 82' lang='grc' dir='ltr'><strong>τήν</strong></span> <span class='ocrx_word' id='word_1_337' title='bbox 577 3119 714 3190; x_wconf 76' lang='grc' dir='ltr'>πρὸς</span> <span class='ocrx_word' id='word_1_338' title='bbox 752 3120 997 3191; x_wconf 82' lang='grc' dir='ltr'>Ἡρώδην</span> <span class='ocrx_word' id='word_1_339' title='bbox 1021 3121 1162 3191; x_wconf 82' lang='grc' dir='ltr'>ὑπὲρ</span> <span class='ocrx_word' id='word_1_340' title='bbox 1208 3121 1422 3176; x_wconf 88' lang='grc' dir='ltr'>δικαίου</span> <span class='ocrx_word' id='word_1_341' title='bbox 1468 3124 1782 3193; x_wconf 78' lang='grc' dir='ltr'>παρρησίαν</span> <span class='ocrx_word' id='word_1_342' title='bbox 1809 3149 1854 3210; x_wconf 73' lang='lat' dir='ltr'><strong><em>C</em></strong></span> 
     </span>
    </p>
   </div>
   <div class='ocr_carea' id='block_1_49' title="bbox 205 3211 1782 3282">
    <p class='ocr_par' dir='ltr' id='par_1_49' title="bbox 205 3211 1782 3282">
     <span class='ocr_line' id='line_1_49' title="bbox 205 3211 1782 3282; baseline -0.001 -15"><span class='ocrx_word' id='word_1_343' title='bbox 205 3212 614 3275; x_wconf 80' lang='grc' dir='ltr'>άποκτείνεται,</span> <span class='ocrx_word' id='word_1_344' title='bbox 654 3212 746 3264; x_wconf 78' lang='grc' dir='ltr'><strong>καὶ</strong></span> <span class='ocrx_word' id='word_1_345' title='bbox 778 3211 1020 3282; x_wconf 82' lang='grc' dir='ltr'>βασιλεῖς</span> <span class='ocrx_word' id='word_1_346' title='bbox 1064 3211 1166 3281; x_wconf 87' lang='grc' dir='ltr'>τῆς</span> <span class='ocrx_word' id='word_1_347' title='bbox 1205 3211 1309 3282; x_wconf 80' lang='grc' dir='ltr'>γῆς</span> <span class='ocrx_word' id='word_1_348' title='bbox 1343 3211 1450 3265; x_wconf 87' lang='grc' dir='ltr'><strong>τῶν</strong></span> <span class='ocrx_word' id='word_1_349' title='bbox 1482 3213 1628 3266; x_wconf 78' lang='grc' dir='ltr'>ἰδίων</span> <span class='ocrx_word' id='word_1_350' title='bbox 1656 3230 1782 3265; x_wconf 79' lang='grc' dir='ltr'>συν-</span> 
     </span>
    </p>
   </div>
   <div class='ocr_carea' id='block_1_50' title="bbox 207 3301 1784 3374">
    <p class='ocr_par' dir='ltr' id='par_1_50' title="bbox 207 3301 1784 3374">
     <span class='ocr_line' id='line_1_50' title="bbox 207 3301 1784 3374; baseline 0.001 -17"><span class='ocrx_word' id='word_1_351' title='bbox 207 3303 415 3371; x_wconf 84' lang='grc' dir='ltr'>θρόνων</span> <span class='ocrx_word' id='word_1_352' title='bbox 452 3303 529 3374; x_wconf 75' lang='grc' dir='ltr'><strong>μή</strong></span> <span class='ocrx_word' id='word_1_353' title='bbox 549 3301 971 3372; x_wconf 73' lang='grc' dir='ltr'>διαζεύγνυσθαι</span> <span class='ocrx_word' id='word_1_354' title='bbox 1031 3303 1411 3374; x_wconf 88' lang='grc' dir='ltr'>παιδευόμενοι</span> <span class='ocrx_word' id='word_1_355' title='bbox 1455 3305 1544 3358; x_wconf 84' lang='grc' dir='ltr'>τὸν</span> <span class='ocrx_word' id='word_1_356' title='bbox 1570 3303 1784 3368; x_wconf 75' lang='grc' dir='ltr'>διαζευ-</span> 
     </span>
    </p>
   </div>
   <div class='ocr_carea' id='block_1_51' title="bbox 205 3393 1784 3467">
    <p class='ocr_par' dir='ltr' id='par_1_51' title="bbox 205 3393 1784 3467">
     <span class='ocr_line' id='line_1_51' title="bbox 205 3393 1784 3467; baseline 0.001 -20"><span class='ocrx_word' id='word_1_357' title='bbox 205 3393 404 3466; x_wconf 78' lang='grc' dir='ltr'>χθέντα</span> <span class='ocrx_word' id='word_1_358' title='bbox 431 3393 810 3448; x_wconf 67' lang='grc' dir='ltr'>ἀποπτύουσν</span> <span class='ocrx_word' id='word_1_359' title='bbox 848 3396 1089 3466; x_wconf 85' lang='grc' dir='ltr'>σήμερον</span> <span class='ocrx_word' id='word_1_360' title='bbox 1127 3396 1383 3466; x_wconf 86' lang='grc' dir='ltr'>Ἰωάννης</span> <span class='ocrx_word' id='word_1_361' title='bbox 1407 3399 1436 3448; x_wconf 89' lang='lat'><strong>6</strong></span> <span class='ocrx_word' id='word_1_362' title='bbox 1473 3397 1784 3467; x_wconf 86' lang='grc' dir='ltr'>Πρόδρομος</span> 
     </span>
    </p>
   </div>
   <div class='ocr_carea' id='block_1_52' title="bbox 207 3488 1782 3562">
    <p class='ocr_par' dir='ltr' id='par_1_52' title="bbox 207 3488 1782 3562">
     <span class='ocr_line' id='line_1_52' title="bbox 207 3488 1782 3562; baseline -0.001 -20"><span class='ocrx_word' id='word_1_363' title='bbox 207 3489 352 3562; x_wconf 81' lang='grc' dir='ltr'>αῐρει</span> <span class='ocrx_word' id='word_1_364' title='bbox 389 3490 625 3558; x_wconf 82' lang='grc' dir='ltr'>σημεῖον</span> <span class='ocrx_word' id='word_1_365' title='bbox 671 3488 766 3541; x_wconf 69' lang='grc' dir='ltr'><strong>ἐπὶ</strong></span> <span class='ocrx_word' id='word_1_366' title='bbox 807 3488 906 3558; x_wconf 78' lang='grc' dir='ltr'>τῆς</span> <span class='ocrx_word' id='word_1_367' title='bbox 931 3488 1059 3556; x_wconf 79' lang='grc' dir='ltr'>γῆς,</span> <span class='ocrx_word' id='word_1_368' title='bbox 1092 3489 1187 3541; x_wconf 78' lang='grc' dir='ltr'>καὶ</span> <span class='ocrx_word' id='word_1_369' title='bbox 1219 3488 1653 3559; x_wconf 87' lang='grc' dir='ltr'>παραγγέλλεται</span> <span class='ocrx_word' id='word_1_370' title='bbox 1677 3490 1782 3551; x_wconf 79' lang='grc' dir='ltr'><strong>πᾶς</strong></span> 
     </span>
    </p>
   </div>
   <div class='ocr_carea' id='block_1_53' title="bbox 206 3580 1784 3654">
    <p class='ocr_par' dir='ltr' id='par_1_53' title="bbox 206 3580 1784 3654">
     <span class='ocr_line' id='line_1_53' title="bbox 206 3580 1784 3654; baseline 0 -19"><span class='ocrx_word' id='word_1_371' title='bbox 206 3581 498 3653; x_wconf 78' lang='grc' dir='ltr'>ἄνθρωπος</span> <span class='ocrx_word' id='word_1_372' title='bbox 532 3580 820 3651; x_wconf 75' lang='grc' dir='ltr'>ἀρκεῖσθαι</span> <span class='ocrx_word' id='word_1_373' title='bbox 853 3583 918 3652; x_wconf 78' lang='grc' dir='ltr'>τῇ</span> <span class='ocrx_word' id='word_1_374' title='bbox 959 3581 1064 3654; x_wconf 76' lang='grc' dir='ltr'>ἰδίᾳ</span> <span class='ocrx_word' id='word_1_375' title='bbox 1091 3582 1310 3649; x_wconf 80' lang='grc' dir='ltr'>γυναικὶ</span> <span class='ocrx_word' id='word_1_376' title='bbox 1327 3582 1424 3635; x_wconf 79' lang='grc' dir='ltr'>καὶ</span> <span class='ocrx_word' id='word_1_377' title='bbox 1470 3581 1784 3651; x_wconf 88' lang='grc' dir='ltr'>περαιτέρω</span> 
     </span>
    </p>
   </div>
   <div class='ocr_carea' id='block_1_54' title="bbox 209 3671 1782 3747">
    <p class='ocr_par' dir='ltr' id='par_1_54' title="bbox 209 3671 1782 3747">
     <span class='ocr_line' id='line_1_54' title="bbox 209 3671 1782 3747; baseline -0.004 -17"><span class='ocrx_word' id='word_1_378' title='bbox 209 3675 284 3746; x_wconf 79' lang='grc' dir='ltr'>μὴ</span> <span class='ocrx_word' id='word_1_379' title='bbox 309 3677 514 3747; x_wconf 77' lang='grc' dir='ltr'>χωρεῖν</span> <span class='ocrx_word' id='word_1_380' title='bbox 541 3689 554 3704; x_wconf 78' lang='grc'><em>’</em></span> <span class='ocrx_word' id='word_1_381' title='bbox 590 3675 832 3745; x_wconf 86' lang='grc' dir='ltr'>σήμερον</span> <span class='ocrx_word' id='word_1_382' title='bbox 877 3673 1126 3744; x_wconf 85' lang='grc' dir='ltr'>Ἰωάννης</span> <span class='ocrx_word' id='word_1_383' title='bbox 1149 3677 1176 3726; x_wconf 87' lang='grc' dir='ltr'><strong>ό</strong></span> <span class='ocrx_word' id='word_1_384' title='bbox 1207 3673 1521 3744; x_wconf 88' lang='grc' dir='ltr'>Πρόδρομος</span> <span class='ocrx_word' id='word_1_385' title='bbox 1547 3674 1628 3737; x_wconf 84' lang='grc' dir='ltr'><strong>είς</strong></span> <span class='ocrx_word' id='word_1_386' title='bbox 1655 3671 1782 3744; x_wconf 73' lang='grc' dir='ltr'>ᾅδου</span> 
     </span>
    </p>
   </div>
   <div class='ocr_carea' id='block_1_55' title="bbox 207 3764 1786 3839">
    <p class='ocr_par' dir='ltr' id='par_1_55' title="bbox 207 3764 1786 3839">
     <span class='ocr_line' id='line_1_55' title="bbox 207 3764 1786 3839; baseline -0.003 -17"><span class='ocrx_word' id='word_1_387' title='bbox 207 3768 444 3830; x_wconf 77' lang='grc' dir='ltr'>κάτεισι.</span> <span class='ocrx_word' id='word_1_388' title='bbox 485 3768 579 3820; x_wconf 80' lang='grc' dir='ltr'>καὶ</span> <span class='ocrx_word' id='word_1_389' title='bbox 611 3768 660 3819; x_wconf 93' lang='grc' dir='ltr'><strong>οί</strong></span> <span class='ocrx_word' id='word_1_390' title='bbox 691 3767 876 3836; x_wconf 78' lang='grc' dir='ltr'>νεκροὶ</span> <span class='ocrx_word' id='word_1_391' title='bbox 897 3769 1068 3837; x_wconf 81' lang='grc' dir='ltr'>χαράν</span> <span class='ocrx_word' id='word_1_392' title='bbox 1102 3769 1202 3836; x_wconf 83' lang='grc' dir='ltr'>τῆς</span> <span class='ocrx_word' id='word_1_393' title='bbox 1226 3765 1462 3837; x_wconf 81' lang='grc' dir='ltr'>Χριστοῦ</span> <span class='ocrx_word' id='word_1_394' title='bbox 1483 3764 1786 3839; x_wconf 89' lang='grc' dir='ltr'>παρουσίας</span> 
     </span>
    </p>
   </div>
   <div class='ocr_carea' id='block_1_56' title="bbox 207 3855 1783 3930">
    <p class='ocr_par' dir='ltr' id='par_1_56' title="bbox 207 3855 1783 3930">
     <span class='ocr_line' id='line_1_56' title="bbox 207 3855 1783 3930; baseline -0.004 -15"><span class='ocrx_word' id='word_1_395' title='bbox 207 3860 578 3930; x_wconf 84' lang='grc' dir='ltr'>άνεκλάλητον</span> <span class='ocrx_word' id='word_1_396' title='bbox 653 3857 1062 3921; x_wconf 77' lang='grc' dir='ltr'>ἀκουτίζονταιο</span> <span class='ocrx_word' id='word_1_397' title='bbox 1110 3857 1350 3926; x_wconf 88' lang='grc' dir='ltr'>σήμερον</span> <span class='ocrx_word' id='word_1_398' title='bbox 1394 3855 1646 3926; x_wconf 84' lang='grc' dir='ltr'>Ἰωάννην</span> <span class='ocrx_word' id='word_1_399' title='bbox 1691 3855 1783 3909; x_wconf 81' lang='grc' dir='ltr'>τὸν</span> 
     </span>
    </p>
   </div>
   <div class='ocr_carea' id='block_1_57' title="bbox 209 3945 1782 4024">
    <p class='ocr_par' dir='ltr' id='par_1_57' title="bbox 209 3945 1782 4024">
     <span class='ocr_line' id='line_1_57' title="bbox 209 3945 1782 4024; baseline -0.004 -17"><span class='ocrx_word' id='word_1_400' title='bbox 209 3952 526 4024; x_wconf 84' lang='grc' dir='ltr'>Πρόδρομον</span> <span class='ocrx_word' id='word_1_401' title='bbox 553 3947 1013 4020; x_wconf 79' lang='grc' dir='ltr'>καρατομηθέντα</span> <span class='ocrx_word' id='word_1_402' title='bbox 1057 3947 1144 4001; x_wconf 78' lang='grc' dir='ltr'><strong>διὰ</strong></span> <span class='ocrx_word' id='word_1_403' title='bbox 1180 3945 1530 4017; x_wconf 83' lang='grc' dir='ltr'>δικαιοσύνην</span> <span class='ocrx_word' id='word_1_404' title='bbox 1556 3945 1690 4000; x_wconf 85' lang='grc' dir='ltr'>Θεοῦ</span> <span class='ocrx_word' id='word_1_405' title='bbox 1734 3946 1782 4000; x_wconf 85' lang='grc' dir='ltr'><strong>οί</strong></span> 
     </span>
    </p>
   </div>
   <div class='ocr_carea' id='block_1_58' title="bbox 208 4039 1786 4119">
    <p class='ocr_par' dir='ltr' id='par_1_58' title="bbox 208 4039 1786 4119">
     <span class='ocr_line' id='line_1_58' title="bbox 208 4039 1786 4119; baseline -0.005 -18"><span class='ocrx_word' id='word_1_406' title='bbox 208 4045 427 4119; x_wconf 78' lang='grc' dir='ltr'>οὐρανοὶ</span> <span class='ocrx_word' id='word_1_407' title='bbox 453 4039 939 4114; x_wconf 73' lang='grc' dir='ltr'>ιπευφράνθησαν,</span> <span class='ocrx_word' id='word_1_408' title='bbox 970 4041 1246 4111; x_wconf 78' lang='grc' dir='ltr'>ἄνθρωποι</span> <span class='ocrx_word' id='word_1_409' title='bbox 1275 4040 1331 4094; x_wconf 82' lang='grc' dir='ltr'>δὲ</span> <span class='ocrx_word' id='word_1_410' title='bbox 1358 4041 1453 4094; x_wconf 78' lang='grc' dir='ltr'><strong>ἐπὶ</strong></span> <span class='ocrx_word' id='word_1_411' title='bbox 1488 4040 1592 4109; x_wconf 86' lang='grc' dir='ltr'>γῆς</span> <span class='ocrx_word' id='word_1_412' title='bbox 1622 4041 1786 4111; x_wconf 81' lang='grc' dir='ltr'>ὑμνο-</span> 
     </span>
    </p>
   </div>
   <div class='ocr_carea' id='block_1_59' title="bbox 209 4133 1784 4208">
    <p class='ocr_par' dir='ltr' id='par_1_59' title="bbox 209 4133 1784 4208">
     <span class='ocr_line' id='line_1_59' title="bbox 209 4133 1784 4208; baseline -0.004 -15"><span class='ocrx_word' id='word_1_413' title='bbox 209 4139 458 4208; x_wconf 84' lang='grc' dir='ltr'>λογοῦσιν</span> <span class='ocrx_word' id='word_1_414' title='bbox 484 4137 677 4207; x_wconf 67' lang='grc' dir='ltr'>ἔόρτια</span> <span class='ocrx_word' id='word_1_415' title='bbox 702 4151 717 4165; x_wconf 84' lang='grc'>⁶</span> <span class='ocrx_word' id='word_1_416' title='bbox 747 4135 842 4190; x_wconf 86' lang='grc' dir='ltr'><strong>καί</strong></span> <span class='ocrx_word' id='word_1_417' title='bbox 893 4151 985 4206; x_wconf 87' lang='grc' dir='ltr'><strong>μοι</strong></span> <span class='ocrx_word' id='word_1_418' title='bbox 1022 4134 1168 4187; x_wconf 87' lang='grc' dir='ltr'>δοκεῖ</span> <span class='ocrx_word' id='word_1_419' title='bbox 1189 4135 1217 4187; x_wconf 89' lang='lat'><strong>6</strong></span> <span class='ocrx_word' id='word_1_420' title='bbox 1249 4135 1424 4203; x_wconf 87' lang='grc' dir='ltr'>μέγας</span> <span class='ocrx_word' id='word_1_421' title='bbox 1461 4133 1556 4187; x_wconf 89' lang='grc' dir='ltr'><strong>τοῦ</strong></span> <span class='ocrx_word' id='word_1_422' title='bbox 1581 4134 1784 4206; x_wconf 85' lang='grc' dir='ltr'>Κυρίου</span> 
     </span>
    </p>
   </div>
   <div class='ocr_carea' id='block_1_60' title="bbox 213 4225 1786 4305">
    <p class='ocr_par' dir='ltr' id='par_1_60' title="bbox 213 4225 1786 4305">
     <span class='ocr_line' id='line_1_60' title="bbox 213 4225 1786 4305; baseline -0.006 -18"><span class='ocrx_word' id='word_1_423' title='bbox 213 4232 521 4305; x_wconf 75' lang='grc' dir='ltr'>Πρδδρομσς</span> <span class='ocrx_word' id='word_1_424' title='bbox 575 4226 934 4298; x_wconf 71' lang='grc' dir='ltr'>ιξ“οὐρανῶν</span> <span class='ocrx_word' id='word_1_425' title='bbox 993 4227 1143 4296; x_wconf 79' lang='grc' dir='ltr'>ήμᾶς</span> <span class='ocrx_word' id='word_1_426' title='bbox 1196 4226 1538 4293; x_wconf 66' lang='grc' dir='ltr'>δποπτεύειν,</span> <span class='ocrx_word' id='word_1_427' title='bbox 1572 4227 1667 4280; x_wconf 78' lang='grc' dir='ltr'>καὶ</span> <span class='ocrx_word' id='word_1_428' title='bbox 1709 4225 1786 4288; x_wconf 88' lang='grc' dir='ltr'><strong>ὡς</strong></span> 
     </span>
    </p>
   </div>
   <div class='ocr_carea' id='block_1_61' title="bbox 213 4316 1786 4395">
    <p class='ocr_par' dir='ltr' id='par_1_61' title="bbox 213 4316 1786 4395">
     <span class='ocr_line' id='line_1_61' title="bbox 213 4316 1786 4395; baseline -0.006 -16"><span class='ocrx_word' id='word_1_429' title='bbox 213 4324 494 4395; x_wconf 75' lang='grc' dir='ltr'>ὑμνῳδοὺς</span> <span class='ocrx_word' id='word_1_430' title='bbox 545 4317 716 4375; x_wconf 83' lang='grc' dir='ltr'>αὑτοῦ</span> <span class='ocrx_word' id='word_1_431' title='bbox 757 4317 924 4382; x_wconf 84' lang='grc' dir='ltr'>θείοις</span> <span class='ocrx_word' id='word_1_432' title='bbox 972 4317 1309 4390; x_wconf 84' lang='grc' dir='ltr'>χαρίσμασιν</span> <span class='ocrx_word' id='word_1_433' title='bbox 1336 4316 1692 4388; x_wconf 81' lang='grc' dir='ltr'>αμείϐεσθαι’</span> <span class='ocrx_word' id='word_1_434' title='bbox 1727 4317 1786 4370; x_wconf 82' lang='grc' dir='ltr'>ὲν</span> 
     </span>
    </p>
   </div>
   <div class='ocr_carea' id='block_1_62' title="bbox 213 4411 1784 4494">
    <p class='ocr_par' dir='ltr' id='par_1_62' title="bbox 213 4411 1784 4494">
     <span class='ocr_line' id='line_1_62' title="bbox 213 4411 1784 4494; baseline -0.008 -18"><span class='ocrx_word' id='word_1_435' title='bbox 213 4422 523 4494; x_wconf 76' lang='grc' dir='ltr'>προφήταις</span> <span class='ocrx_word' id='word_1_436' title='bbox 561 4415 638 4479; x_wconf 83' lang='grc' dir='ltr'><strong>ὡς</strong></span> <span class='ocrx_word' id='word_1_437' title='bbox 667 4414 844 4487; x_wconf 80' lang='grc' dir='ltr'>ἀστὴρ</span> <span class='ocrx_word' id='word_1_438' title='bbox 880 4414 1104 4478; x_wconf 72' lang='grc' dir='ltr'>ἑωθινὸς</span> <span class='ocrx_word' id='word_1_439' title='bbox 1145 4413 1379 4485; x_wconf 81' lang='grc' dir='ltr'>διᾴττων</span> <span class='ocrx_word' id='word_1_440' title='bbox 1408 4429 1468 4466; x_wconf 80' lang='grc' dir='ltr'><strong>τε</strong></span> <span class='ocrx_word' id='word_1_441' title='bbox 1496 4413 1592 4467; x_wconf 77' lang='grc' dir='ltr'>καὶ</span> <span class='ocrx_word' id='word_1_442' title='bbox 1613 4411 1784 4483; x_wconf 82' lang='grc' dir='ltr'>ὑπερ-</span> 
     </span>
    </p>
   </div>
   <div class='ocr_carea' id='block_1_63' title="bbox 214 4503 1785 4585">
    <p class='ocr_par' dir='ltr' id='par_1_63' title="bbox 214 4503 1785 4585">
     <span class='ocr_line' id='line_1_63' title="bbox 214 4503 1785 4585; baseline -0.009 -15"><span class='ocrx_word' id='word_1_443' title='bbox 214 4514 497 4585; x_wconf 76' lang='grc' dir='ltr'><strong>αυγάζων⁸</strong></span> <span class='ocrx_word' id='word_1_444' title='bbox 530 4513 591 4564; x_wconf 69' lang='grc' dir='ltr'>ἑν</span> <span class='ocrx_word' id='word_1_445' title='bbox 626 4508 948 4570; x_wconf 82' lang='grc' dir='ltr'>ἀποστόλοις</span> <span class='ocrx_word' id='word_1_446' title='bbox 997 4506 1072 4570; x_wconf 86' lang='grc' dir='ltr'><strong>ὡς</strong></span> <span class='ocrx_word' id='word_1_447' title='bbox 1116 4505 1271 4576; x_wconf 81' lang='grc' dir='ltr'>ήλιος</span> <span class='ocrx_word' id='word_1_448' title='bbox 1309 4506 1368 4557; x_wconf 77' lang='grc' dir='ltr'>ἐν</span> <span class='ocrx_word' id='word_1_449' title='bbox 1418 4503 1570 4575; x_wconf 82' lang='grc' dir='ltr'>μέσῳ</span> <span class='ocrx_word' id='word_1_450' title='bbox 1616 4503 1785 4574; x_wconf 88' lang='grc' dir='ltr'>ήλίων</span> 
     </span>
    </p>
   </div>
   <div class='ocr_carea' id='block_1_64' title="bbox 215 4595 1783 4676">
    <p class='ocr_par' dir='ltr' id='par_1_64' title="bbox 215 4595 1783 4676">
     <span class='ocr_line' id='line_1_64' title="bbox 215 4595 1783 4676; baseline -0.007 -17"><span class='ocrx_word' id='word_1_451' title='bbox 215 4605 553 4676; x_wconf 79' lang='grc' dir='ltr'>πραλάμπων</span> <span class='ocrx_word' id='word_1_452' title='bbox 600 4601 696 4655; x_wconf 79' lang='grc' dir='ltr'>καὶ</span> <span class='ocrx_word' id='word_1_453' title='bbox 737 4599 1114 4669; x_wconf 80' lang='grc' dir='ltr'>ὑπερλάμπων</span> <span class='ocrx_word' id='word_1_454' title='bbox 1141 4613 1154 4627; x_wconf 77' lang='grc'><strong><em>⁸</em></strong></span> <span class='ocrx_word' id='word_1_455' title='bbox 1188 4599 1247 4651; x_wconf 72' lang='grc' dir='ltr'>ἑν</span> <span class='ocrx_word' id='word_1_456' title='bbox 1281 4597 1548 4668; x_wconf 90' lang='grc' dir='ltr'>μάρτυσιν</span> <span class='ocrx_word' id='word_1_457' title='bbox 1590 4595 1664 4660; x_wconf 84' lang='grc' dir='ltr'>ὡς</span> <span class='ocrx_word' id='word_1_458' title='bbox 1690 4596 1783 4649; x_wconf 84' lang='grc' dir='ltr'><strong>οὐ·</strong></span> 
     </span>
    </p>
   </div>
   <div class='ocr_carea' id='block_1_65' title="bbox 218 4687 1779 4768">
    <p class='ocr_par' dir='ltr' id='par_1_65' title="bbox 218 4687 1779 4768">
     <span class='ocr_line' id='line_1_65' title="bbox 218 4687 1779 4768; baseline -0.005 -20"><span class='ocrx_word' id='word_1_459' title='bbox 218 4697 371 4768; x_wconf 81' lang='grc' dir='ltr'>ρανδς</span> <span class='ocrx_word' id='word_1_460' title='bbox 413 4691 842 4760; x_wconf 85' lang='grc' dir='ltr'>πεποικιλμένος</span> <span class='ocrx_word' id='word_1_461' title='bbox 893 4691 1006 4752; x_wconf 87' lang='grc' dir='ltr'>τοτς</span> <span class='ocrx_word' id='word_1_462' title='bbox 1051 4689 1270 4760; x_wconf 78' lang='grc' dir='ltr'>ἄστροις</span> <span class='ocrx_word' id='word_1_463' title='bbox 1308 4689 1418 4742; x_wconf 83' lang='grc' dir='ltr'><strong>τῶν</strong></span> <span class='ocrx_word' id='word_1_464' title='bbox 1449 4687 1779 4758; x_wconf 85' lang='grc' dir='ltr'>θαυμάτων·</span> 
     </span>
    </p>
   </div>
   <div class='ocr_carea' id='block_1_66' title="bbox 217 4783 1786 4855">
    <p class='ocr_par' dir='ltr' id='par_1_66' title="bbox 217 4783 1786 4855">
     <span class='ocr_line' id='line_1_66' title="bbox 217 4783 1786 4855; baseline -0.004 -13"><span class='ocrx_word' id='word_1_465' title='bbox 217 4791 274 4842; x_wconf 66' lang='grc' dir='ltr'>ἐν</span> <span class='ocrx_word' id='word_1_466' title='bbox 313 4790 547 4853; x_wconf 87' lang='grc' dir='ltr'>δικαίοις</span> <span class='ocrx_word' id='word_1_467' title='bbox 593 4787 669 4850; x_wconf 83' lang='grc' dir='ltr'><strong>ὡς</strong></span> <span class='ocrx_word' id='word_1_468' title='bbox 703 4784 919 4848; x_wconf 79' lang='grc' dir='ltr'>πολλοῖς</span> <span class='ocrx_word' id='word_1_469' title='bbox 960 4783 1059 4851; x_wconf 84' lang='grc' dir='ltr'>τῆς</span> <span class='ocrx_word' id='word_1_470' title='bbox 1097 4783 1443 4855; x_wconf 83' lang='grc' dir='ltr'>δικαιοσύνης</span> <span class='ocrx_word' id='word_1_471' title='bbox 1473 4784 1786 4854; x_wconf 86' lang='grc' dir='ltr'>αὐχήμασιν</span> 
     </span>
    </p>
   </div>
   <div class='ocr_carea' id='block_1_67' title="bbox 221 4875 1786 4954">
    <p class='ocr_par' dir='ltr' id='par_1_67' title="bbox 221 4875 1786 4954">
     <span class='ocr_line' id='line_1_67' title="bbox 221 4875 1786 4954; baseline -0.006 -18"><span class='ocrx_word' id='word_1_472' title='bbox 221 4883 664 4954; x_wconf 77' lang='grc' dir='ltr'>ὑψικομὼτερος,</span> <span class='ocrx_word' id='word_1_473' title='bbox 722 4879 829 4932; x_wconf 85' lang='grc' dir='ltr'>τῶν</span> <span class='ocrx_word' id='word_1_474' title='bbox 865 4877 1070 4946; x_wconf 88' lang='grc' dir='ltr'>κέδρων</span> <span class='ocrx_word' id='word_1_475' title='bbox 1109 4875 1205 4928; x_wconf 89' lang='grc' dir='ltr'><strong>τοῦ</strong></span> <span class='ocrx_word' id='word_1_476' title='bbox 1244 4876 1478 4929; x_wconf 79' lang='grc' dir='ltr'>Λιὸάνου</span> <span class='ocrx_word' id='word_1_477' title='bbox 1516 4876 1786 4947; x_wconf 81' lang='grc' dir='ltr'>ὑπερφαί-</span> 
     </span>
    </p>
   </div>
   <div class='ocr_carea' id='block_1_68' title="bbox 220 4968 1781 5046">
    <p class='ocr_par' dir='ltr' id='par_1_68' title="bbox 220 4968 1781 5046">
     <span class='ocr_line' id='line_1_68' title="bbox 220 4968 1781 5046; baseline -0.004 -17"><span class='ocrx_word' id='word_1_478' title='bbox 220 4993 319 5029; x_wconf 87' lang='grc' dir='ltr'><strong>νων</strong></span> <span class='ocrx_word' id='word_1_479' title='bbox 343 4992 356 5005; x_wconf 89' lang='grc'><strong>·</strong></span> <span class='ocrx_word' id='word_1_480' title='bbox 387 4977 414 5029; x_wconf 91' lang='grc' dir='ltr'><strong>ό</strong></span> <span class='ocrx_word' id='word_1_481' title='bbox 449 4974 629 5046; x_wconf 73' lang='grc' dir='ltr'>χαράν</span> <span class='ocrx_word' id='word_1_482' title='bbox 673 4971 1030 5035; x_wconf 78' lang='grc' dir='ltr'>ὲξακουτίσας</span> <span class='ocrx_word' id='word_1_483' title='bbox 1078 4968 1319 5039; x_wconf 88' lang='grc' dir='ltr'>σήμερον</span> <span class='ocrx_word' id='word_1_484' title='bbox 1355 4972 1424 5039; x_wconf 79' lang='grc' dir='ltr'>τῇ</span> <span class='ocrx_word' id='word_1_485' title='bbox 1467 4968 1781 5038; x_wconf 76' lang='grc' dir='ltr'>οἰκουμένῃ.</span> 
     </span>
    </p>
   </div>
   <div class='ocr_carea' id='block_1_69' title="bbox 220 5059 1784 5136">
    <p class='ocr_par' dir='ltr' id='par_1_69' title="bbox 220 5059 1784 5136">
     <span class='ocr_line' id='line_1_69' title="bbox 220 5059 1784 5136; baseline -0.005 -16"><span class='ocrx_word' id='word_1_486' title='bbox 220 5067 279 5120; x_wconf 80' lang='lat' dir='ltr'><strong>El</strong></span> <span class='ocrx_word' id='word_1_487' title='bbox 307 5069 415 5136; x_wconf 80' lang='grc' dir='ltr'><strong>γάρ</strong></span> <span class='ocrx_word' id='word_1_488' title='bbox 457 5065 649 5120; x_wconf 81' lang='grc' dir='ltr'>πολλοὶ</span> <span class='ocrx_word' id='word_1_489' title='bbox 682 5063 776 5116; x_wconf 66' lang='grc' dir='ltr'><strong>ἐπὶ</strong></span> <span class='ocrx_word' id='word_1_490' title='bbox 820 5064 888 5133; x_wconf 74' lang='grc' dir='ltr'>τῇ</span> <span class='ocrx_word' id='word_1_491' title='bbox 936 5061 1188 5131; x_wconf 87' lang='grc' dir='ltr'>γεννήσει</span> <span class='ocrx_word' id='word_1_492' title='bbox 1247 5059 1413 5114; x_wconf 85' lang='grc' dir='ltr'>αὐτοῦ</span> <span class='ocrx_word' id='word_1_493' title='bbox 1456 5062 1784 5131; x_wconf 84' lang='grc' dir='ltr'>χαρήσονται</span> 
     </span>
    </p>
   </div>
   <div class='ocr_carea' id='block_1_70' title="bbox 221 5152 1788 5226">
    <p class='ocr_par' dir='ltr' id='par_1_70' title="bbox 221 5152 1788 5226">
     <span class='ocr_line' id='line_1_70' title="bbox 221 5152 1788 5226; baseline -0.005 -15"><span class='ocrx_word' id='word_1_494' title='bbox 221 5161 354 5213; x_wconf 76' lang='grc' dir='ltr'>κατὰ</span> <span class='ocrx_word' id='word_1_495' title='bbox 383 5160 451 5213; x_wconf 86' lang='grc' dir='ltr'><strong>τά</strong></span> <span class='ocrx_word' id='word_1_496' title='bbox 483 5159 662 5226; x_wconf 87' lang='grc' dir='ltr'>λόγια,</span> <span class='ocrx_word' id='word_1_497' title='bbox 690 5153 951 5222; x_wconf 78' lang='grc' dir='ltr'>ἀνάλογον</span> <span class='ocrx_word' id='word_1_498' title='bbox 981 5153 1047 5206; x_wconf 77' lang='grc' dir='ltr'>ἂν</span> <span class='ocrx_word' id='word_1_499' title='bbox 1069 5153 1156 5224; x_wconf 67' lang='grc' dir='ltr'>εἴη</span> <span class='ocrx_word' id='word_1_500' title='bbox 1197 5153 1291 5206; x_wconf 72' lang='grc' dir='ltr'>καὶ</span> <span class='ocrx_word' id='word_1_501' title='bbox 1312 5154 1368 5205; x_wconf 84' lang='grc' dir='ltr'>ὲν</span> <span class='ocrx_word' id='word_1_502' title='bbox 1398 5155 1464 5222; x_wconf 79' lang='grc' dir='ltr'><strong>τῇ</strong></span> <span class='ocrx_word' id='word_1_503' title='bbox 1501 5152 1669 5205; x_wconf 85' lang='grc' dir='ltr'>αὐτοῦ</span> <span class='ocrx_word' id='word_1_504' title='bbox 1700 5167 1788 5203; x_wconf 88' lang='grc' dir='ltr'>τε-</span> 
     </span>
    </p>
   </div>
   <div class='ocr_carea' id='block_1_71' title="bbox 221 5241 1784 5318">
    <p class='ocr_par' dir='ltr' id='par_1_71' title="bbox 221 5241 1784 5318">
     <span class='ocr_line' id='line_1_71' title="bbox 221 5241 1784 5318; baseline -0.006 -18"><span class='ocrx_word' id='word_1_505' title='bbox 221 5246 424 5300; x_wconf 83' lang='grc' dir='ltr'>λειώσει</span> <span class='ocrx_word' id='word_1_506' title='bbox 450 5249 549 5318; x_wconf 76' lang='grc' dir='ltr'>τὴν</span> <span class='ocrx_word' id='word_1_507' title='bbox 577 5243 749 5316; x_wconf 81' lang='grc' dir='ltr'>αὐτὴν</span> <span class='ocrx_word' id='word_1_508' title='bbox 787 5242 1005 5295; x_wconf 75' lang='grc' dir='ltr'>ἔσεσθαι</span> <span class='ocrx_word' id='word_1_509' title='bbox 1051 5241 1411 5312; x_wconf 83' lang='grc' dir='ltr'>εὐφροσύνην,</span> <span class='ocrx_word' id='word_1_510' title='bbox 1448 5243 1512 5311; x_wconf 80' lang='grc' dir='ltr'>ἢν</span> <span class='ocrx_word' id='word_1_511' title='bbox 1543 5256 1784 5310; x_wconf 86' lang='grc' dir='ltr'>πανηγυ-</span> 
     </span>
    </p>
   </div>
   <div class='ocr_carea' id='block_1_72' title="bbox 225 5327 1780 5408">
    <p class='ocr_par' dir='ltr' id='par_1_72' title="bbox 225 5327 1780 5408">
     <span class='ocr_line' id='line_1_72' title="bbox 225 5327 1780 5408; baseline -0.006 -18"><span class='ocrx_word' id='word_1_512' title='bbox 225 5341 385 5408; x_wconf 79' lang='grc' dir='ltr'>ρίζειν</span> <span class='ocrx_word' id='word_1_513' title='bbox 417 5337 724 5408; x_wconf 80' lang='grc' dir='ltr'>ἡξιώμεθα,</span> <span class='ocrx_word' id='word_1_514' title='bbox 750 5335 866 5388; x_wconf 84' lang='grc' dir='ltr'>ὅσοι</span> <span class='ocrx_word' id='word_1_515' title='bbox 907 5336 963 5384; x_wconf 72' lang='grc' dir='ltr'>ἐν</span> <span class='ocrx_word' id='word_1_516' title='bbox 1012 5329 1272 5403; x_wconf 75' lang='grc' dir='ltr'>ἱερατικῷ</span> <span class='ocrx_word' id='word_1_517' title='bbox 1296 5348 1353 5382; x_wconf 87' lang='grc' dir='ltr'><strong>τε</strong></span> <span class='ocrx_word' id='word_1_518' title='bbox 1391 5331 1485 5382; x_wconf 76' lang='grc' dir='ltr'><strong>καὶ</strong></span> <span class='ocrx_word' id='word_1_519' title='bbox 1506 5327 1780 5399; x_wconf 84' lang='grc' dir='ltr'>ὲρημικῴ,</span> 
     </span>
    </p>
   </div>
   <div class='ocr_carea' id='block_1_73' title="bbox 223 5419 1787 5501">
    <p class='ocr_par' dir='ltr' id='par_1_73' title="bbox 223 5419 1787 5501">
     <span class='ocr_line' id='line_1_73' title="bbox 223 5419 1787 5501; baseline -0.008 -19"><span class='ocrx_word' id='word_1_520' title='bbox 223 5432 276 5482; x_wconf 80' lang='grc' dir='ltr'>ὲν</span> <span class='ocrx_word' id='word_1_521' title='bbox 311 5430 581 5501; x_wconf 79' lang='grc' dir='ltr'>μοναδικῷ</span> <span class='ocrx_word' id='word_1_522' title='bbox 606 5444 667 5480; x_wconf 86' lang='grc' dir='ltr'><strong>τε</strong></span> <span class='ocrx_word' id='word_1_523' title='bbox 702 5427 796 5479; x_wconf 76' lang='grc' dir='ltr'>καὶ</span> <span class='ocrx_word' id='word_1_524' title='bbox 819 5422 991 5494; x_wconf 87' lang='grc' dir='ltr'>λαῐκῷ</span> <span class='ocrx_word' id='word_1_525' title='bbox 1015 5421 1255 5490; x_wconf 87' lang='grc' dir='ltr'>τάγματι</span> <span class='ocrx_word' id='word_1_526' title='bbox 1298 5421 1462 5472; x_wconf 80' lang='grc' dir='ltr'>πᾶσιν</span> <span class='ocrx_word' id='word_1_527' title='bbox 1497 5419 1787 5488; x_wconf 77' lang='grc' dir='ltr'>ἀνήκοντος</span> 
     </span>
    </p>
   </div>
   <div class='ocr_carea' id='block_1_74' title="bbox 291 5633 1784 5711">
    <p class='ocr_par' dir='ltr' id='par_1_74' title="bbox 291 5633 1784 5711">
     <span class='ocr_line' id='line_1_74' title="bbox 291 5633 1784 5711; baseline -0.01 -13"><span class='ocrx_word' id='word_1_528' title='bbox 291 5644 399 5710; x_wconf 75' lang='lat'><strong>(25)</strong></span> <span class='ocrx_word' id='word_1_529' title='bbox 433 5642 628 5697; x_wconf 77' lang='lat' dir='ltr'><strong>Merito</strong></span> <span class='ocrx_word' id='word_1_530' title='bbox 687 5639 828 5711; x_wconf 71' lang='lat' dir='ltr'><strong>hanc</strong></span> <span class='ocrx_word' id='word_1_531' title='bbox 864 5642 1081 5711; x_wconf 88' lang='lat' dir='ltr'><strong>__narrat</strong></span> <span class='ocrx_word' id='word_1_532' title='bbox 1130 5642 1402 5711; x_wconf 52' lang='lat' dir='ltr'><strong>tanquam</strong></span> <span class='ocrx_word' id='word_1_533' title='bbox 1463 5633 1784 5711; x_wconf 80' lang='lat' dir='ltr'><strong>popularem</strong></span> 
     </span>
    </p>
   </div>
   <div class='ocr_carea' id='block_1_75' title="bbox 224 5704 1786 5768">
    <p class='ocr_par' dir='ltr' id='par_1_75' title="bbox 224 5704 1786 5768">
     <span class='ocr_line' id='line_1_75' title="bbox 224 5704 1786 5768; baseline -0.009 -2"><span class='ocrx_word' id='word_1_534' title='bbox 224 5704 566 5767; x_wconf 72' lang='lat' dir='ltr'><strong>traditionem</strong></span> <span class='ocrx_word' id='word_1_535' title='bbox 597 5711 665 5766; x_wconf 90' lang='lat' dir='ltr'><strong>de</strong></span> <span class='ocrx_word' id='word_1_536' title='bbox 701 5707 932 5761; x_wconf 87' lang='lat' dir='ltr'><strong>Herodis</strong></span> <span class='ocrx_word' id='word_1_537' title='bbox 961 5719 1096 5759; x_wconf 90' lang='lat' dir='ltr'><strong>nece</strong></span> <span class='ocrx_word' id='word_1_538' title='bbox 1130 5705 1451 5758; x_wconf 84' lang='lat' dir='ltr'><strong>Theodorus</strong></span> <span class='ocrx_word' id='word_1_539' title='bbox 1483 5721 1498 5768; x_wconf 91' lang='lat'><strong>;</strong></span> <span class='ocrx_word' id='word_1_540' title='bbox 1524 5704 1611 5756; x_wconf 88' lang='lat' dir='ltr'><strong>ille</strong></span> <span class='ocrx_word' id='word_1_541' title='bbox 1642 5704 1786 5755; x_wconf 89' lang='lat' dir='ltr'><strong>enim</strong></span> 
     </span>
    </p>
   </div>
   <div class='ocr_carea' id='block_1_76' title="bbox 226 5771 1790 5853">
    <p class='ocr_par' dir='ltr' id='par_1_76' title="bbox 226 5771 1790 5853">
     <span class='ocr_line' id='line_1_76' title="bbox 226 5771 1790 5853; baseline -0.008 -17"><span class='ocrx_word' id='word_1_542' title='bbox 226 5797 406 5853; x_wconf 83' lang='lat' dir='ltr'><strong>reapse</strong></span> <span class='ocrx_word' id='word_1_543' title='bbox 436 5799 544 5839; x_wconf 89' lang='lat' dir='ltr'><strong>non</strong></span> <span class='ocrx_word' id='word_1_544' title='bbox 583 5785 640 5837; x_wconf 88' lang='lat' dir='ltr'><strong>in</strong></span> <span class='ocrx_word' id='word_1_545' title='bbox 669 5778 872 5836; x_wconf 83' lang='lat' dir='ltr'><strong>civium</strong></span> <span class='ocrx_word' id='word_1_546' title='bbox 893 5776 1182 5831; x_wconf 87' lang='lat' dir='ltr'><strong>rebellione</strong></span> <span class='ocrx_word' id='word_1_547' title='bbox 1206 5774 1296 5828; x_wconf 80' lang='lat' dir='ltr'><strong>sed</strong></span> <span class='ocrx_word' id='word_1_548' title='bbox 1328 5773 1382 5825; x_wconf 92' lang='lat' dir='ltr'><strong>in</strong></span> <span class='ocrx_word' id='word_1_549' title='bbox 1415 5771 1672 5842; x_wconf 86' lang='lat' dir='ltr'><strong>Hispania</strong></span> <span class='ocrx_word' id='word_1_550' title='bbox 1691 5783 1790 5825; x_wconf 77' lang='lat' dir='ltr'><strong>ex-</strong></span> 
     </span>
    </p>
   </div>
   <div class='ocr_carea' id='block_1_77' title="bbox 1885 1919 3455 1991">
    <p class='ocr_par' dir='ltr' id='par_1_77' title="bbox 1885 1919 3455 1991">
     <span class='ocr_line' id='line_1_77' title="bbox 1885 1919 3455 1991; baseline 0.003 -18"><span class='ocrx_word' id='word_1_551' title='bbox 1885 1934 1983 1974; x_wconf 91' lang='lat' dir='ltr'><strong>nes</strong></span> <span class='ocrx_word' id='word_1_552' title='bbox 2038 1919 2396 1984; x_wconf 67' lang='lat' dir='ltr'><strong>Praecursor,</strong></span> <span class='ocrx_word' id='word_1_553' title='bbox 2441 1923 2617 1991; x_wconf 89' lang='lat' dir='ltr'><strong>capite</strong></span> <span class='ocrx_word' id='word_1_554' title='bbox 2663 1923 2910 1978; x_wconf 80' lang='lat' dir='ltr'><strong>veritatis</strong></span> <span class='ocrx_word' id='word_1_555' title='bbox 2962 1938 3129 1978; x_wconf 88' lang='lat' dir='ltr'><strong>causa</strong></span> <span class='ocrx_word' id='word_1_556' title='bbox 3185 1922 3455 1988; x_wconf 92' lang='lat' dir='ltr'><strong>minutus,</strong></span> 
     </span>
    </p>
   </div>
   <div class='ocr_carea' id='block_1_78' title="bbox 1883 2009 3458 2084">
    <p class='ocr_par' dir='ltr' id='par_1_78' title="bbox 1883 2009 3458 2084">
     <span class='ocr_line' id='line_1_78' title="bbox 1883 2009 3458 2084; baseline 0.003 -19"><span class='ocrx_word' id='word_1_557' title='bbox 1883 2010 2076 2066; x_wconf 88' lang='lat' dir='ltr'><strong>beatus</strong></span> <span class='ocrx_word' id='word_1_558' title='bbox 2106 2009 2343 2066; x_wconf 89' lang='lat' dir='ltr'><strong>dicitur:</strong></span> <span class='ocrx_word' id='word_1_559' title='bbox 2382 2010 2625 2068; x_wconf 90' lang='lat' dir='ltr'><strong>Herodes</strong></span> <span class='ocrx_word' id='word_1_560' title='bbox 2653 2029 2781 2068; x_wconf 92' lang='lat' dir='ltr'><strong>vero</strong></span> <span class='ocrx_word' id='word_1_561' title='bbox 2807 2014 3005 2084; x_wconf 90' lang='lat' dir='ltr'><strong>impius</strong></span> <span class='ocrx_word' id='word_1_562' title='bbox 3033 2014 3296 2070; x_wconf 81' lang='lat' dir='ltr'><strong>conviciis</strong></span> <span class='ocrx_word' id='word_1_563' title='bbox 3324 2016 3458 2070; x_wconf 84' lang='lat' dir='ltr'><strong>laee-</strong></span> 
     </span>
    </p>
   </div>
   <div class='ocr_carea' id='block_1_79' title="bbox 1885 2099 3459 2178">
    <p class='ocr_par' dir='ltr' id='par_1_79' title="bbox 1885 2099 3459 2178">
     <span class='ocr_line' id='line_1_79' title="bbox 1885 2099 3459 2178; baseline 0.004 -22"><span class='ocrx_word' id='word_1_564' title='bbox 1885 2111 2078 2170; x_wconf 89' lang='lat' dir='ltr'><strong>ratur;</strong></span> <span class='ocrx_word' id='word_1_565' title='bbox 2124 2102 2285 2160; x_wconf 87' lang='lat' dir='ltr'><strong>hodie</strong></span> <span class='ocrx_word' id='word_1_566' title='bbox 2325 2103 2565 2160; x_wconf 90' lang='lat' dir='ltr'><strong>Joannes</strong></span> <span class='ocrx_word' id='word_1_567' title='bbox 2599 2103 2910 2161; x_wconf 64' lang='lat' dir='ltr'><strong>Praacursor</strong></span> <span class='ocrx_word' id='word_1_568' title='bbox 2963 2107 3209 2162; x_wconf 90' lang='lat' dir='ltr'><strong>omnium</strong></span> <span class='ocrx_word' id='word_1_569' title='bbox 3237 2099 3459 2178; x_wconf 85' lang='lat' dir='ltr'><strong>linguis</strong></span> 
     </span>
    </p>
   </div>
   <div class='ocr_carea' id='block_1_80' title="bbox 1883 2195 3456 2267">
    <p class='ocr_par' dir='ltr' id='par_1_80' title="bbox 1883 2195 3456 2267">
     <span class='ocr_line' id='line_1_80' title="bbox 1883 2195 3456 2267; baseline 0.004 -21"><span class='ocrx_word' id='word_1_570' title='bbox 1883 2204 2104 2265; x_wconf 90' lang='lat' dir='ltr'><strong>pr0pter</strong></span> <span class='ocrx_word' id='word_1_571' title='bbox 2137 2197 2282 2267; x_wconf 87' lang='lat' dir='ltr'><strong>regis</strong></span> <span class='ocrx_word' id='word_1_572' title='bbox 2317 2195 2630 2266; x_wconf 89' lang='lat' dir='ltr'><strong>reprehensi</strong></span> <span class='ocrx_word' id='word_1_573' title='bbox 2661 2198 3239 2253; x_wconf 90' lang='lat' dir='ltr'><strong>commemorationem</strong></span> <span class='ocrx_word' id='word_1_574' title='bbox 3281 2200 3456 2253; x_wconf 90' lang='lat' dir='ltr'><strong>hono-</strong></span> 
     </span>
    </p>
   </div>
   <div class='ocr_carea' id='block_1_81' title="bbox 1884 2286 3457 2344">
    <p class='ocr_par' dir='ltr' id='par_1_81' title="bbox 1884 2286 3457 2344">
     <span class='ocr_line' id='line_1_81' title="bbox 1884 2286 3457 2344; baseline 0.002 -4"><span class='ocrx_word' id='word_1_575' title='bbox 1884 2295 2076 2341; x_wconf 89' lang='lat' dir='ltr'><strong>ratur:</strong></span> <span class='ocrx_word' id='word_1_576' title='bbox 2112 2286 2350 2342; x_wconf 83' lang='lat' dir='ltr'><strong>llerodes</strong></span> <span class='ocrx_word' id='word_1_577' title='bbox 2377 2295 2554 2341; x_wconf 92' lang='lat' dir='ltr'><strong>autem</strong></span> <span class='ocrx_word' id='word_1_578' title='bbox 2583 2301 2822 2342; x_wconf 83' lang='lat' dir='ltr'><strong>vesanus</strong></span> <span class='ocrx_word' id='word_1_579' title='bbox 2864 2287 2933 2341; x_wconf 89' lang='lat' dir='ltr'><strong>ab</strong></span> <span class='ocrx_word' id='word_1_580' title='bbox 2979 2289 3236 2344; x_wconf 89' lang='lat' dir='ltr'><strong>omnibus</strong></span> <span class='ocrx_word' id='word_1_581' title='bbox 3271 2290 3457 2343; x_wconf 85' lang='lat' dir='ltr'><strong>Domi-</strong></span> 
     </span>
    </p>
   </div>
   <div class='ocr_carea' id='block_1_82' title="bbox 1884 2377 3456 2450">
    <p class='ocr_par' dir='ltr' id='par_1_82' title="bbox 1884 2377 3456 2450">
     <span class='ocr_line' id='line_1_82' title="bbox 1884 2377 3456 2450; baseline 0.004 -18"><span class='ocrx_word' id='word_1_582' title='bbox 1884 2394 2017 2432; x_wconf 90' lang='lat' dir='ltr'><strong>num</strong></span> <span class='ocrx_word' id='word_1_583' title='bbox 2049 2379 2386 2442; x_wconf 85' lang='lat' dir='ltr'><strong>timentibus,</strong></span> <span class='ocrx_word' id='word_1_584' title='bbox 2445 2377 2701 2433; x_wconf 89' lang='lat' dir='ltr'><strong>adulterii</strong></span> <span class='ocrx_word' id='word_1_585' title='bbox 2766 2380 3163 2450; x_wconf 85' lang='lat' dir='ltr'><strong>vituperatione</strong></span> <span class='ocrx_word' id='word_1_586' title='bbox 3214 2382 3456 2438; x_wconf 84' lang='lat' dir='ltr'><strong>dehone-</strong></span> 
     </span>
    </p>
   </div>
   <div class='ocr_carea' id='block_1_83' title="bbox 1883 2468 3456 2536">
    <p class='ocr_par' dir='ltr' id='par_1_83' title="bbox 1883 2468 3456 2536">
     <span class='ocr_line' id='line_1_83' title="bbox 1883 2468 3456 2536; baseline 0.002 -10"><span class='ocrx_word' id='word_1_587' title='bbox 1883 2481 2095 2536; x_wconf 88' lang='lat' dir='ltr'><strong>statur;</strong></span> <span class='ocrx_word' id='word_1_588' title='bbox 2128 2470 2286 2525; x_wconf 88' lang='lat' dir='ltr'><strong>hodie</strong></span> <span class='ocrx_word' id='word_1_589' title='bbox 2306 2468 2533 2526; x_wconf 84' lang='lat' dir='ltr'><strong>Joannis</strong></span> <span class='ocrx_word' id='word_1_590' title='bbox 2562 2472 2925 2528; x_wconf 74' lang='lat' dir='ltr'><strong>Prtccursoris</strong></span> <span class='ocrx_word' id='word_1_591' title='bbox 2953 2471 3006 2527; x_wconf 93' lang='lat' dir='ltr'><strong>lu</strong></span> <span class='ocrx_word' id='word_1_592' title='bbox 3032 2474 3183 2530; x_wconf 84' lang='lat' dir='ltr'><strong>disco</strong></span> <span class='ocrx_word' id='word_1_593' title='bbox 3214 2475 3456 2529; x_wconf 87' lang='lat' dir='ltr'><strong>circum-</strong></span> 
     </span>
    </p>
   </div>
   <div class='ocr_carea' id='block_1_84' title="bbox 1885 2563 3455 2623">
    <p class='ocr_par' dir='ltr' id='par_1_84' title="bbox 1885 2563 3455 2623">
     <span class='ocr_line' id='line_1_84' title="bbox 1885 2563 3455 2623; baseline 0.003 -4"><span class='ocrx_word' id='word_1_594' title='bbox 1885 2563 2058 2620; x_wconf 81' lang='lat' dir='ltr'><strong>fertur</strong></span> <span class='ocrx_word' id='word_1_595' title='bbox 2107 2578 2265 2620; x_wconf 89' lang='lat' dir='ltr'><strong>sacra</strong></span> <span class='ocrx_word' id='word_1_596' title='bbox 2323 2564 2590 2620; x_wconf 87' lang='lat' dir='ltr'><strong>laniena:</strong></span> <span class='ocrx_word' id='word_1_597' title='bbox 2635 2563 2900 2620; x_wconf 87' lang='lat' dir='ltr'><strong>Herodias</strong></span> <span class='ocrx_word' id='word_1_598' title='bbox 2967 2574 3149 2622; x_wconf 89' lang='lat' dir='ltr'><strong>autem</strong></span> <span class='ocrx_word' id='word_1_599' title='bbox 3208 2568 3455 2623; x_wconf 80' lang='lat' dir='ltr'><strong>adultera</strong></span> 
     </span>
    </p>
   </div>
   <div class='ocr_carea' id='block_1_85' title="bbox 1883 2657 3457 2726">
    <p class='ocr_par' dir='ltr' id='par_1_85' title="bbox 1883 2657 3457 2726">
     <span class='ocr_line' id='line_1_85' title="bbox 1883 2657 3457 2726; baseline 0.003 -15"><span class='ocrx_word' id='word_1_600' title='bbox 1883 2665 2087 2712; x_wconf 66' lang='lat' dir='ltr'><strong>aeterno</strong></span> <span class='ocrx_word' id='word_1_601' title='bbox 2116 2657 2410 2726; x_wconf 82' lang='lat' dir='ltr'><strong>Opprobrio</strong></span> <span class='ocrx_word' id='word_1_602' title='bbox 2465 2658 2550 2712; x_wconf 86' lang='lat' dir='ltr'><strong>vel</strong></span> <span class='ocrx_word' id='word_1_603' title='bbox 2615 2659 2807 2714; x_wconf 91' lang='lat' dir='ltr'><strong>nolens</strong></span> <span class='ocrx_word' id='word_1_604' title='bbox 2867 2660 3224 2726; x_wconf 86' lang='lat' dir='ltr'><strong>cumulatur;</strong></span> <span class='ocrx_word' id='word_1_605' title='bbox 3293 2660 3457 2717; x_wconf 87' lang='lat' dir='ltr'><strong>hodie</strong></span> 
     </span>
    </p>
   </div>
   <div class='ocr_carea' id='block_1_86' title="bbox 1883 2745 3456 2823">
    <p class='ocr_par' dir='ltr' id='par_1_86' title="bbox 1883 2745 3456 2823">
     <span class='ocr_line' id='line_1_86' title="bbox 1883 2745 3456 2823; baseline 0.003 -20"><span class='ocrx_word' id='word_1_606' title='bbox 1883 2745 2110 2804; x_wconf 86' lang='lat' dir='ltr'><strong>Joannis</strong></span> <span class='ocrx_word' id='word_1_607' title='bbox 2137 2747 2502 2804; x_wconf 78' lang='lat' dir='ltr'><strong>Praecursoris</strong></span> <span class='ocrx_word' id='word_1_608' title='bbox 2563 2750 2790 2819; x_wconf 78' lang='lat' dir='ltr'><strong>sanguis</strong></span> <span class='ocrx_word' id='word_1_609' title='bbox 2816 2759 3036 2820; x_wconf 92' lang='lat' dir='ltr'><strong>propter</strong></span> <span class='ocrx_word' id='word_1_610' title='bbox 3079 2752 3278 2808; x_wconf 74' lang='lat' dir='ltr'><strong>divinae</strong></span> <span class='ocrx_word' id='word_1_611' title='bbox 3323 2752 3456 2823; x_wconf 85' lang='lat' dir='ltr'><strong>legis</strong></span> 
     </span>
    </p>
   </div>
   <div class='ocr_carea' id='block_1_87' title="bbox 1885 2840 3455 2905">
    <p class='ocr_par' dir='ltr' id='par_1_87' title="bbox 1885 2840 3455 2905">
     <span class='ocr_line' id='line_1_87' title="bbox 1885 2840 3455 2905; baseline 0.003 -10"><span class='ocrx_word' id='word_1_612' title='bbox 1885 2841 2285 2896; x_wconf 84' lang='lat' dir='ltr'><strong>observantiam</strong></span> <span class='ocrx_word' id='word_1_613' title='bbox 2330 2841 2600 2905; x_wconf 80' lang='lat' dir='ltr'><strong>funditur,</strong></span> <span class='ocrx_word' id='word_1_614' title='bbox 2640 2840 3008 2900; x_wconf 65' lang='lat' dir='ltr'><strong>Prmcursoris</strong></span> <span class='ocrx_word' id='word_1_615' title='bbox 3035 2853 3218 2900; x_wconf 88' lang='lat' dir='ltr'><strong>autem</strong></span> <span class='ocrx_word' id='word_1_616' title='bbox 3255 2845 3455 2901; x_wconf 88' lang='lat' dir='ltr'><strong>adver-</strong></span> 
     </span>
    </p>
   </div>
   <div class='ocr_carea' id='block_1_88' title="bbox 1886 2930 3454 3003">
    <p class='ocr_par' dir='ltr' id='par_1_88' title="bbox 1886 2930 3454 3003">
     <span class='ocr_line' id='line_1_88' title="bbox 1886 2930 3454 3003; baseline 0.003 -20"><span class='ocrx_word' id='word_1_617' title='bbox 1886 2930 2064 2986; x_wconf 87' lang='lat' dir='ltr'><strong>sarius</strong></span> <span class='ocrx_word' id='word_1_618' title='bbox 2093 2941 2318 3002; x_wconf 90' lang='lat' dir='ltr'><strong>propter</strong></span> <span class='ocrx_word' id='word_1_619' title='bbox 2344 2932 2618 2986; x_wconf 87' lang='lat' dir='ltr'><strong>contraria</strong></span> <span class='ocrx_word' id='word_1_620' title='bbox 2666 2933 2806 2987; x_wconf 75' lang='lat' dir='ltr'><strong>facta</strong></span> <span class='ocrx_word' id='word_1_621' title='bbox 2861 2933 3227 3003; x_wconf 86' lang='lat' dir='ltr'><strong>ignominiose</strong></span> <span class='ocrx_word' id='word_1_622' title='bbox 3264 2932 3454 2988; x_wconf 87' lang='lat' dir='ltr'><strong>tradu-</strong></span> 
     </span>
    </p>
   </div>
   <div class='ocr_carea' id='block_1_89' title="bbox 1886 3019 3456 3094">
    <p class='ocr_par' dir='ltr' id='par_1_89' title="bbox 1886 3019 3456 3094">
     <span class='ocr_line' id='line_1_89' title="bbox 1886 3019 3456 3094; baseline 0.003 -18"><span class='ocrx_word' id='word_1_623' title='bbox 1886 3021 2066 3089; x_wconf 91' lang='lat' dir='ltr'><strong>citur;</strong></span> <span class='ocrx_word' id='word_1_624' title='bbox 2099 3022 2260 3077; x_wconf 89' lang='lat' dir='ltr'><strong>hodie</strong></span> <span class='ocrx_word' id='word_1_625' title='bbox 2293 3019 2534 3078; x_wconf 84' lang='lat' dir='ltr'><strong>Joannes</strong></span> <span class='ocrx_word' id='word_1_626' title='bbox 2575 3023 2893 3078; x_wconf 71' lang='lat' dir='ltr'><strong>Przecursor</strong></span> <span class='ocrx_word' id='word_1_627' title='bbox 2927 3031 3148 3094; x_wconf 87' lang='lat' dir='ltr'><strong>propter</strong></span> <span class='ocrx_word' id='word_1_628' title='bbox 3180 3039 3337 3080; x_wconf 83' lang='lat' dir='ltr'><strong>suam</strong></span> <span class='ocrx_word' id='word_1_629' title='bbox 3362 3027 3456 3080; x_wconf 89' lang='lat' dir='ltr'><strong>de-</strong></span> 
     </span>
    </p>
   </div>
   <div class='ocr_carea' id='block_1_90' title="bbox 1886 3111 3452 3182">
    <p class='ocr_par' dir='ltr' id='par_1_90' title="bbox 1886 3111 3452 3182">
     <span class='ocr_line' id='line_1_90' title="bbox 1886 3111 3452 3182; baseline 0.001 -16"><span class='ocrx_word' id='word_1_630' title='bbox 1886 3111 2165 3168; x_wconf 67' lang='lat' dir='ltr'><strong>fendendae</strong></span> <span class='ocrx_word' id='word_1_631' title='bbox 2179 3113 2405 3182; x_wconf 70' lang='lat' dir='ltr'><strong>justitiae</strong></span> <span class='ocrx_word' id='word_1_632' title='bbox 2426 3128 2611 3168; x_wconf 88' lang='lat' dir='ltr'><strong>coram</strong></span> <span class='ocrx_word' id='word_1_633' title='bbox 2634 3112 2843 3168; x_wconf 90' lang='lat' dir='ltr'><strong>llerode</strong></span> <span class='ocrx_word' id='word_1_634' title='bbox 2869 3112 3125 3168; x_wconf 80' lang='lat' dir='ltr'><strong>ﬁduciam</strong></span> <span class='ocrx_word' id='word_1_635' title='bbox 3146 3113 3415 3170; x_wconf 91' lang='lat' dir='ltr'><strong>occiditur</strong></span> <span class='ocrx_word' id='word_1_636' title='bbox 3436 3131 3452 3180; x_wconf 93' lang='lat'><strong>;</strong></span> 
     </span>
    </p>
   </div>
   <div class='ocr_carea' id='block_1_91' title="bbox 1887 3203 3455 3275">
    <p class='ocr_par' dir='ltr' id='par_1_91' title="bbox 1887 3203 3455 3275">
     <span class='ocr_line' id='line_1_91' title="bbox 1887 3203 3455 3275; baseline 0.001 -17"><span class='ocrx_word' id='word_1_637' title='bbox 1887 3219 2040 3275; x_wconf 89' lang='lat' dir='ltr'><strong>reges</strong></span> <span class='ocrx_word' id='word_1_638' title='bbox 2066 3211 2246 3259; x_wconf 88' lang='lat' dir='ltr'><strong>autem</strong></span> <span class='ocrx_word' id='word_1_639' title='bbox 2280 3213 2456 3268; x_wconf 60' lang='lat' dir='ltr'><strong>terra},</strong></span> <span class='ocrx_word' id='word_1_640' title='bbox 2485 3205 2780 3273; x_wconf 89' lang='lat' dir='ltr'><strong>quominus</strong></span> <span class='ocrx_word' id='word_1_641' title='bbox 2808 3218 2838 3257; x_wconf 92' lang='lat' dir='ltr'><strong>a</strong></span> <span class='ocrx_word' id='word_1_642' title='bbox 2882 3203 3141 3274; x_wconf 89' lang='lat' dir='ltr'><strong>regnandi</strong></span> <span class='ocrx_word' id='word_1_643' title='bbox 3183 3205 3455 3260; x_wconf 87' lang='lat' dir='ltr'><strong>consorti-</strong></span> 
     </span>
    </p>
   </div>
   <div class='ocr_carea' id='block_1_92' title="bbox 1885 3295 3457 3365">
    <p class='ocr_par' dir='ltr' id='par_1_92' title="bbox 1885 3295 3457 3365">
     <span class='ocr_line' id='line_1_92' title="bbox 1885 3295 3457 3365; baseline 0.001 -16"><span class='ocrx_word' id='word_1_644' title='bbox 1885 3295 1986 3350; x_wconf 87' lang='lat' dir='ltr'><strong>bus</strong></span> <span class='ocrx_word' id='word_1_645' title='bbox 2041 3295 2407 3350; x_wconf 85' lang='lat' dir='ltr'><strong>dissocientur</strong></span> <span class='ocrx_word' id='word_1_646' title='bbox 2465 3295 2688 3359; x_wconf 86' lang='lat' dir='ltr'><strong>eruditi,</strong></span> <span class='ocrx_word' id='word_1_647' title='bbox 2721 3310 2845 3350; x_wconf 89' lang='lat' dir='ltr'><strong>eum</strong></span> <span class='ocrx_word' id='word_1_648' title='bbox 2893 3295 2986 3365; x_wconf 91' lang='lat' dir='ltr'><strong>qui</strong></span> <span class='ocrx_word' id='word_1_649' title='bbox 3031 3310 3091 3351; x_wconf 87' lang='lat' dir='ltr'><strong>se</strong></span> <span class='ocrx_word' id='word_1_650' title='bbox 3139 3295 3457 3352; x_wconf 82' lang='lat' dir='ltr'><strong>dissociavit</strong></span> 
     </span>
    </p>
   </div>
   <div class='ocr_carea' id='block_1_93' title="bbox 1883 3383 3452 3450">
    <p class='ocr_par' dir='ltr' id='par_1_93' title="bbox 1883 3383 3452 3450">
     <span class='ocr_line' id='line_1_93' title="bbox 1883 3383 3452 3450; baseline 0 -10"><span class='ocrx_word' id='word_1_651' title='bbox 1883 3395 2284 3442; x_wconf 89' lang='lat' dir='ltr'><strong>contemnunt:</strong></span> <span class='ocrx_word' id='word_1_652' title='bbox 2325 3385 2502 3450; x_wconf 86' lang='lat' dir='ltr'><strong>hodie,</strong></span> <span class='ocrx_word' id='word_1_653' title='bbox 2538 3386 2776 3441; x_wconf 87' lang='lat' dir='ltr'><strong>Joannes</strong></span> <span class='ocrx_word' id='word_1_654' title='bbox 2826 3383 3144 3440; x_wconf 73' lang='lat' dir='ltr'><strong>Przecursor</strong></span> <span class='ocrx_word' id='word_1_655' title='bbox 3194 3385 3452 3440; x_wconf 79' lang='lat' dir='ltr'><strong>vexillum</strong></span> 
     </span>
    </p>
   </div>
   <div class='ocr_carea' id='block_1_94' title="bbox 1885 3476 3456 3548">
    <p class='ocr_par' dir='ltr' id='par_1_94' title="bbox 1885 3476 3456 3548">
     <span class='ocr_line' id='line_1_94' title="bbox 1885 3476 3456 3548; baseline -0.001 -15"><span class='ocrx_word' id='word_1_656' title='bbox 1885 3479 1938 3534; x_wconf 88' lang='lat' dir='ltr'><strong>in</strong></span> <span class='ocrx_word' id='word_1_657' title='bbox 1971 3489 2114 3533; x_wconf 90' lang='lat' dir='ltr'><strong>terra</strong></span> <span class='ocrx_word' id='word_1_658' title='bbox 2145 3478 2361 3546; x_wconf 86' lang='lat' dir='ltr'><strong>attollit,</strong></span> <span class='ocrx_word' id='word_1_659' title='bbox 2392 3488 2555 3548; x_wconf 86' lang='lat' dir='ltr'><strong>atque</strong></span> <span class='ocrx_word' id='word_1_660' title='bbox 2603 3477 2783 3532; x_wconf 89' lang='lat' dir='ltr'><strong>omnis</strong></span> <span class='ocrx_word' id='word_1_661' title='bbox 2826 3478 2989 3533; x_wconf 90' lang='lat' dir='ltr'><strong>homo</strong></span> <span class='ocrx_word' id='word_1_662' title='bbox 3040 3476 3368 3532; x_wconf 88' lang='lat' dir='ltr'><strong>admonetur</strong></span> <span class='ocrx_word' id='word_1_663' title='bbox 3396 3485 3456 3531; x_wconf 94' lang='lat' dir='ltr'><strong>ut</strong></span> 
     </span>
    </p>
   </div>
   <div class='ocr_carea' id='block_1_95' title="bbox 1883 3569 3449 3641">
    <p class='ocr_par' dir='ltr' id='par_1_95' title="bbox 1883 3569 3449 3641">
     <span class='ocr_line' id='line_1_95' title="bbox 1883 3569 3449 3641; baseline 0 -17"><span class='ocrx_word' id='word_1_664' title='bbox 1883 3571 2103 3641; x_wconf 87' lang='lat' dir='ltr'><strong>propria</strong></span> <span class='ocrx_word' id='word_1_665' title='bbox 2144 3585 2315 3626; x_wconf 79' lang='lat' dir='ltr'><strong>uxore</strong></span> <span class='ocrx_word' id='word_1_666' title='bbox 2360 3578 2668 3634; x_wconf 91' lang='lat' dir='ltr'><strong>contentus,</strong></span> <span class='ocrx_word' id='word_1_667' title='bbox 2720 3569 2948 3626; x_wconf 91' lang='lat' dir='ltr'><strong>ulterius</strong></span> <span class='ocrx_word' id='word_1_668' title='bbox 3003 3584 3112 3623; x_wconf 89' lang='lat' dir='ltr'><strong>non</strong></span> <span class='ocrx_word' id='word_1_669' title='bbox 3151 3570 3449 3639; x_wconf 80' lang='lat' dir='ltr'><strong>procedat;</strong></span> 
     </span>
    </p>
   </div>
   <div class='ocr_carea' id='block_1_96' title="bbox 1885 3656 3458 3724">
    <p class='ocr_par' dir='ltr' id='par_1_96' title="bbox 1885 3656 3458 3724">
     <span class='ocr_line' id='line_1_96' title="bbox 1885 3656 3458 3724; baseline -0.001 -8"><span class='ocrx_word' id='word_1_670' title='bbox 1885 3661 2046 3716; x_wconf 85' lang='lat' dir='ltr'><strong>hodie</strong></span> <span class='ocrx_word' id='word_1_671' title='bbox 2073 3658 2311 3716; x_wconf 89' lang='lat' dir='ltr'><strong>Joannes</strong></span> <span class='ocrx_word' id='word_1_672' title='bbox 2341 3656 2654 3715; x_wconf 67' lang='lat' dir='ltr'><strong>Praecursor</strong></span> <span class='ocrx_word' id='word_1_673' title='bbox 2692 3658 2759 3714; x_wconf 83' lang='lat' dir='ltr'><strong>ad</strong></span> <span class='ocrx_word' id='word_1_674' title='bbox 2811 3658 3018 3714; x_wconf 83' lang='lat' dir='ltr'><strong>inferos</strong></span> <span class='ocrx_word' id='word_1_675' title='bbox 3072 3657 3370 3724; x_wconf 85' lang='lat' dir='ltr'><strong>descendit,</strong></span> <span class='ocrx_word' id='word_1_676' title='bbox 3400 3667 3458 3714; x_wconf 91' lang='lat' dir='ltr'><strong>et</strong></span> 
     </span>
    </p>
   </div>
   <div class='ocr_carea' id='block_1_97' title="bbox 1885 3750 3456 3826">
    <p class='ocr_par' dir='ltr' id='par_1_97' title="bbox 1885 3750 3456 3826">
     <span class='ocr_line' id='line_1_97' title="bbox 1885 3750 3456 3826; baseline -0.002 -17"><span class='ocrx_word' id='word_1_677' title='bbox 1885 3755 2085 3810; x_wconf 91' lang='lat' dir='ltr'><strong>mortui</strong></span> <span class='ocrx_word' id='word_1_678' title='bbox 2114 3755 2371 3826; x_wconf 89' lang='lat' dir='ltr'><strong>gaudium</strong></span> <span class='ocrx_word' id='word_1_679' title='bbox 2411 3763 2632 3824; x_wconf 89' lang='lat' dir='ltr'><strong>propter</strong></span> <span class='ocrx_word' id='word_1_680' title='bbox 2680 3751 2884 3807; x_wconf 86' lang='lat' dir='ltr'><strong>Christi</strong></span> <span class='ocrx_word' id='word_1_681' title='bbox 2927 3750 3222 3804; x_wconf 85' lang='lat' dir='ltr'><strong>adventum</strong></span> <span class='ocrx_word' id='word_1_682' title='bbox 3277 3752 3456 3822; x_wconf 87' lang='lat' dir='ltr'><strong>perci-</strong></span> 
     </span>
    </p>
   </div>
   <div class='ocr_carea' id='block_1_98' title="bbox 1884 3844 3457 3918">
    <p class='ocr_par' dir='ltr' id='par_1_98' title="bbox 1884 3844 3457 3918">
     <span class='ocr_line' id='line_1_98' title="bbox 1884 3844 3457 3918; baseline -0.001 -17"><span class='ocrx_word' id='word_1_683' title='bbox 1884 3848 2042 3918; x_wconf 91' lang='lat' dir='ltr'><strong>piunt</strong></span> <span class='ocrx_word' id='word_1_684' title='bbox 2076 3847 2380 3902; x_wconf 82' lang='lat' dir='ltr'><strong>ineﬂ‘abile:</strong></span> <span class='ocrx_word' id='word_1_685' title='bbox 2414 3847 2575 3901; x_wconf 90' lang='lat' dir='ltr'><strong>hodie</strong></span> <span class='ocrx_word' id='word_1_686' title='bbox 2605 3846 2675 3900; x_wconf 94' lang='lat' dir='ltr'><strong>ob</strong></span> <span class='ocrx_word' id='word_1_687' title='bbox 2716 3845 2989 3900; x_wconf 86' lang='lat' dir='ltr'><strong>Joannem</strong></span> <span class='ocrx_word' id='word_1_688' title='bbox 3016 3844 3193 3915; x_wconf 83' lang='lat' dir='ltr'><strong>capite</strong></span> <span class='ocrx_word' id='word_1_689' title='bbox 3233 3854 3457 3915; x_wconf 66' lang='lat' dir='ltr'><strong>Protiter</strong></span> 
     </span>
    </p>
   </div>
   <div class='ocr_carea' id='block_1_99' title="bbox 1883 3935 3452 4010">
    <p class='ocr_par' dir='ltr' id='par_1_99' title="bbox 1883 3935 3452 4010">
     <span class='ocr_line' id='line_1_99' title="bbox 1883 3935 3452 4010; baseline -0.001 -17"><span class='ocrx_word' id='word_1_690' title='bbox 1883 3939 2150 4010; x_wconf 85' lang='lat' dir='ltr'><strong>justitiam</strong></span> <span class='ocrx_word' id='word_1_691' title='bbox 2203 3938 2476 3993; x_wconf 89' lang='lat' dir='ltr'><strong>minutum</strong></span> <span class='ocrx_word' id='word_1_692' title='bbox 2516 3935 2642 3992; x_wconf 66' lang='lat' dir='ltr'><strong>caeli</strong></span> <span class='ocrx_word' id='word_1_693' title='bbox 2711 3936 2983 4003; x_wconf 72' lang='lat' dir='ltr'><strong>laetantur,</strong></span> <span class='ocrx_word' id='word_1_694' title='bbox 3062 3935 3336 4007; x_wconf 88' lang='lat' dir='ltr'><strong>simulque</strong></span> <span class='ocrx_word' id='word_1_695' title='bbox 3395 3939 3452 3991; x_wconf 88' lang='lat' dir='ltr'><strong>in</strong></span> 
     </span>
    </p>
   </div>
   <div class='ocr_carea' id='block_1_100' title="bbox 1888 4028 3459 4100">
    <p class='ocr_par' dir='ltr' id='par_1_100' title="bbox 1888 4028 3459 4100">
     <span class='ocr_line' id='line_1_100' title="bbox 1888 4028 3459 4100; baseline -0.003 -12"><span class='ocrx_word' id='word_1_696' title='bbox 1888 4043 2030 4089; x_wconf 89' lang='lat' dir='ltr'><strong>terra</strong></span> <span class='ocrx_word' id='word_1_697' title='bbox 2063 4031 2314 4087; x_wconf 88' lang='lat' dir='ltr'><strong>homines</strong></span> <span class='ocrx_word' id='word_1_698' title='bbox 2338 4028 2558 4086; x_wconf 83' lang='lat' dir='ltr'><strong>festales</strong></span> <span class='ocrx_word' id='word_1_699' title='bbox 2580 4030 2813 4100; x_wconf 85' lang='lat' dir='ltr'><strong>hymnos</strong></span> <span class='ocrx_word' id='word_1_700' title='bbox 2829 4029 3035 4084; x_wconf 90' lang='lat' dir='ltr'><strong>dicunt.</strong></span> <span class='ocrx_word' id='word_1_701' title='bbox 3076 4028 3143 4082; x_wconf 84' lang='lat' dir='ltr'><strong>Et</strong></span> <span class='ocrx_word' id='word_1_702' title='bbox 3183 4028 3459 4100; x_wconf 80' lang='lat' dir='ltr'><strong>mihiqui-</strong></span> 
     </span>
    </p>
   </div>
   <div class='ocr_carea' id='block_1_101' title="bbox 1886 4117 3455 4192">
    <p class='ocr_par' dir='ltr' id='par_1_101' title="bbox 1886 4117 3455 4192">
     <span class='ocr_line' id='line_1_101' title="bbox 1886 4117 3455 4192; baseline -0.003 -12"><span class='ocrx_word' id='word_1_703' title='bbox 1886 4125 2009 4180; x_wconf 91' lang='lat' dir='ltr'><strong>dem</strong></span> <span class='ocrx_word' id='word_1_704' title='bbox 2045 4123 2254 4177; x_wconf 79' lang='lat' dir='ltr'><strong>videtur</strong></span> <span class='ocrx_word' id='word_1_705' title='bbox 2301 4135 2532 4192; x_wconf 88' lang='lat' dir='ltr'><strong>magnus</strong></span> <span class='ocrx_word' id='word_1_706' title='bbox 2564 4119 2781 4174; x_wconf 88' lang='lat' dir='ltr'><strong>Domini</strong></span> <span class='ocrx_word' id='word_1_707' title='bbox 2831 4117 3153 4174; x_wconf 65' lang='lat' dir='ltr'><strong>Praecursor</strong></span> <span class='ocrx_word' id='word_1_708' title='bbox 3193 4117 3261 4174; x_wconf 90' lang='lat' dir='ltr'><strong>de</strong></span> <span class='ocrx_word' id='word_1_709' title='bbox 3299 4119 3455 4176; x_wconf 76' lang='lat' dir='ltr'><strong>ctelis</strong></span> 
     </span>
    </p>
   </div>
   <div class='ocr_carea' id='block_1_102' title="bbox 1887 4210 3456 4282">
    <p class='ocr_par' dir='ltr' id='par_1_102' title="bbox 1887 4210 3456 4282">
     <span class='ocr_line' id='line_1_102' title="bbox 1887 4210 3456 4282; baseline -0.001 -15"><span class='ocrx_word' id='word_1_710' title='bbox 1887 4228 1987 4268; x_wconf 91' lang='lat' dir='ltr'><strong>nos</strong></span> <span class='ocrx_word' id='word_1_711' title='bbox 2025 4212 2288 4282; x_wconf 91' lang='lat' dir='ltr'><strong>aspicere,</strong></span> <span class='ocrx_word' id='word_1_712' title='bbox 2316 4220 2480 4282; x_wconf 90' lang='lat' dir='ltr'><strong>atque</strong></span> <span class='ocrx_word' id='word_1_713' title='bbox 2526 4220 2586 4266; x_wconf 90' lang='lat' dir='ltr'><strong>ut</strong></span> <span class='ocrx_word' id='word_1_714' title='bbox 2612 4224 2741 4266; x_wconf 92' lang='lat' dir='ltr'><strong>suos</strong></span> <span class='ocrx_word' id='word_1_715' title='bbox 2778 4220 3031 4267; x_wconf 86' lang='lat' dir='ltr'><strong>cantores</strong></span> <span class='ocrx_word' id='word_1_716' title='bbox 3065 4210 3269 4266; x_wconf 87' lang='lat' dir='ltr'><strong>divinis</strong></span> <span class='ocrx_word' id='word_1_717' title='bbox 3293 4211 3456 4267; x_wconf 91' lang='lat' dir='ltr'><strong>donis</strong></span> 
     </span>
    </p>
   </div>
   <div class='ocr_carea' id='block_1_103' title="bbox 1889 4299 3456 4371">
    <p class='ocr_par' dir='ltr' id='par_1_103' title="bbox 1889 4299 3456 4371">
     <span class='ocr_line' id='line_1_103' title="bbox 1889 4299 3456 4371; baseline -0.003 -13"><span class='ocrx_word' id='word_1_718' title='bbox 1889 4303 2246 4358; x_wconf 89' lang='lat' dir='ltr'><strong>remunerari.</strong></span> <span class='ocrx_word' id='word_1_719' title='bbox 2288 4300 2388 4358; x_wconf 82' lang='lat' dir='ltr'><strong>Hic</strong></span> <span class='ocrx_word' id='word_1_720' title='bbox 2422 4301 2565 4356; x_wconf 92' lang='lat' dir='ltr'><strong>inter</strong></span> <span class='ocrx_word' id='word_1_721' title='bbox 2591 4299 2905 4371; x_wconf 84' lang='lat' dir='ltr'><strong>prophetas,</strong></span> <span class='ocrx_word' id='word_1_722' title='bbox 2959 4300 3115 4355; x_wconf 87' lang='lat' dir='ltr'><strong>stella</strong></span> <span class='ocrx_word' id='word_1_723' title='bbox 3164 4309 3246 4354; x_wconf 88' lang='lat' dir='ltr'><strong>est</strong></span> <span class='ocrx_word' id='word_1_724' title='bbox 3274 4309 3456 4355; x_wconf 89' lang='lat' dir='ltr'><strong>matu-</strong></span> 
     </span>
    </p>
   </div>
   <div class='ocr_carea' id='block_1_104' title="bbox 1889 4393 3456 4463">
    <p class='ocr_par' dir='ltr' id='par_1_104' title="bbox 1889 4393 3456 4463">
     <span class='ocr_line' id='line_1_104' title="bbox 1889 4393 3456 4463; baseline -0.001 -12"><span class='ocrx_word' id='word_1_725' title='bbox 1889 4397 2002 4452; x_wconf 90' lang='lat' dir='ltr'><strong>tina</strong></span> <span class='ocrx_word' id='word_1_726' title='bbox 2031 4396 2347 4452; x_wconf 88' lang='lat' dir='ltr'><strong>discurrens</strong></span> <span class='ocrx_word' id='word_1_727' title='bbox 2379 4404 2432 4451; x_wconf 94' lang='lat' dir='ltr'><strong>et</strong></span> <span class='ocrx_word' id='word_1_728' title='bbox 2462 4393 2811 4449; x_wconf 87' lang='lat' dir='ltr'><strong>illuminans:</strong></span> <span class='ocrx_word' id='word_1_729' title='bbox 2841 4395 2980 4448; x_wconf 87' lang='lat' dir='ltr'><strong>inter</strong></span> <span class='ocrx_word' id='word_1_730' title='bbox 3022 4394 3325 4463; x_wconf 87' lang='lat' dir='ltr'><strong>apostolos.</strong></span> <span class='ocrx_word' id='word_1_731' title='bbox 3371 4396 3456 4450; x_wconf 79' lang='lat' dir='ltr'><strong>sol</strong></span> 
     </span>
    </p>
   </div>
   <div class='ocr_carea' id='block_1_105' title="bbox 1815 4481 3456 4552">
    <p class='ocr_par' dir='ltr' id='par_1_105' title="bbox 1815 4481 3456 4552">
     <span class='ocr_line' id='line_1_105' title="bbox 1815 4481 3456 4552; baseline 0.001 -13"><span class='ocrx_word' id='word_1_732' title='bbox 1815 4481 1864 4539; x_wconf 86' lang='lat' dir='ltr'><strong><em>D</em></strong></span> <span class='ocrx_word' id='word_1_733' title='bbox 1887 4496 1970 4544; x_wconf 93' lang='lat' dir='ltr'><strong>est</strong></span> <span class='ocrx_word' id='word_1_734' title='bbox 2000 4487 2055 4542; x_wconf 90' lang='lat' dir='ltr'><strong>in</strong></span> <span class='ocrx_word' id='word_1_735' title='bbox 2081 4486 2278 4542; x_wconf 88' lang='lat' dir='ltr'><strong>mediis</strong></span> <span class='ocrx_word' id='word_1_736' title='bbox 2323 4484 2532 4540; x_wconf 89' lang='lat' dir='ltr'><strong>solibus</strong></span> <span class='ocrx_word' id='word_1_737' title='bbox 2580 4481 2906 4552; x_wconf 63' lang='lat' dir='ltr'><strong>prmfulgens</strong></span> <span class='ocrx_word' id='word_1_738' title='bbox 2931 4489 2986 4536; x_wconf 93' lang='lat' dir='ltr'><strong>et</strong></span> <span class='ocrx_word' id='word_1_739' title='bbox 3014 4495 3182 4551; x_wconf 88' lang='lat' dir='ltr'><strong>supra</strong></span> <span class='ocrx_word' id='word_1_740' title='bbox 3227 4491 3456 4540; x_wconf 64' lang='lat' dir='ltr'><strong>caeteros</strong></span> 
     </span>
    </p>
   </div>
   <div class='ocr_carea' id='block_1_106' title="bbox 1888 4572 3457 4646">
    <p class='ocr_par' dir='ltr' id='par_1_106' title="bbox 1888 4572 3457 4646">
     <span class='ocr_line' id='line_1_106' title="bbox 1888 4572 3457 4646; baseline -0.003 -12"><span class='ocrx_word' id='word_1_741' title='bbox 1888 4578 2142 4634; x_wconf 87' lang='lat' dir='ltr'><strong>radians:</strong></span> <span class='ocrx_word' id='word_1_742' title='bbox 2179 4579 2324 4632; x_wconf 86' lang='lat' dir='ltr'><strong>inter</strong></span> <span class='ocrx_word' id='word_1_743' title='bbox 2349 4582 2641 4646; x_wconf 83' lang='lat' dir='ltr'><strong>martyres,</strong></span> <span class='ocrx_word' id='word_1_744' title='bbox 2672 4572 2834 4628; x_wconf 89' lang='lat' dir='ltr'><strong>veluti</strong></span> <span class='ocrx_word' id='word_1_745' title='bbox 2855 4573 3053 4627; x_wconf 78' lang='lat' dir='ltr'><strong>ctelum</strong></span> <span class='ocrx_word' id='word_1_746' title='bbox 3071 4578 3156 4626; x_wconf 85' lang='lat' dir='ltr'><strong>est</strong></span> <span class='ocrx_word' id='word_1_747' title='bbox 3184 4572 3457 4630; x_wconf 86' lang='lat' dir='ltr'><strong>sideribus</strong></span> 
     </span>
    </p>
   </div>
   <div class='ocr_carea' id='block_1_107' title="bbox 1887 4665 3455 4734">
    <p class='ocr_par' dir='ltr' id='par_1_107' title="bbox 1887 4665 3455 4734">
     <span class='ocr_line' id='line_1_107' title="bbox 1887 4665 3455 4734; baseline -0.005 -6"><span class='ocrx_word' id='word_1_748' title='bbox 1887 4671 2156 4728; x_wconf 88' lang='lat' dir='ltr'><strong>variatum</strong></span> <span class='ocrx_word' id='word_1_749' title='bbox 2204 4669 2632 4725; x_wconf 88' lang='lat' dir='ltr'><strong>miraculorum:</strong></span> <span class='ocrx_word' id='word_1_750' title='bbox 2670 4667 2812 4720; x_wconf 88' lang='lat' dir='ltr'><strong>inter</strong></span> <span class='ocrx_word' id='word_1_751' title='bbox 2859 4665 3062 4734; x_wconf 88' lang='lat' dir='ltr'><strong>justos,</strong></span> <span class='ocrx_word' id='word_1_752' title='bbox 3114 4679 3213 4719; x_wconf 90' lang='lat' dir='ltr'><strong>ceu</strong></span> <span class='ocrx_word' id='word_1_753' title='bbox 3269 4665 3455 4721; x_wconf 89' lang='lat' dir='ltr'><strong>multis</strong></span> 
     </span>
    </p>
   </div>
   <div class='ocr_carea' id='block_1_108' title="bbox 1884 4755 3457 4836">
    <p class='ocr_par' dir='ltr' id='par_1_108' title="bbox 1884 4755 3457 4836">
     <span class='ocr_line' id='line_1_108' title="bbox 1884 4755 3457 4836; baseline -0.004 -16"><span class='ocrx_word' id='word_1_754' title='bbox 1884 4764 2113 4836; x_wconf 73' lang='lat' dir='ltr'><strong>justitite</strong></span> <span class='ocrx_word' id='word_1_755' title='bbox 2138 4762 2475 4819; x_wconf 87' lang='lat' dir='ltr'><strong>ornamentis</strong></span> <span class='ocrx_word' id='word_1_756' title='bbox 2503 4760 2610 4815; x_wconf 88' lang='lat' dir='ltr'><strong>alte</strong></span> <span class='ocrx_word' id='word_1_757' title='bbox 2630 4757 3010 4823; x_wconf 85' lang='lat' dir='ltr'><strong>frondescens,</strong></span> <span class='ocrx_word' id='word_1_758' title='bbox 3046 4755 3239 4811; x_wconf 86' lang='lat' dir='ltr'><strong>Libani</strong></span> <span class='ocrx_word' id='word_1_759' title='bbox 3261 4757 3457 4813; x_wconf 88' lang='lat' dir='ltr'><strong>cedros</strong></span> 
     </span>
    </p>
   </div>
   <div class='ocr_carea' id='block_1_109' title="bbox 1888 4850 3455 4920">
    <p class='ocr_par' dir='ltr' id='par_1_109' title="bbox 1888 4850 3455 4920">
     <span class='ocr_line' id='line_1_109' title="bbox 1888 4850 3455 4920; baseline -0.006 -5"><span class='ocrx_word' id='word_1_760' title='bbox 1888 4857 2121 4915; x_wconf 81' lang='lat' dir='ltr'><strong>excedit.</strong></span> <span class='ocrx_word' id='word_1_761' title='bbox 2161 4856 2262 4910; x_wconf 83' lang='lat' dir='ltr'><strong>Hic</strong></span> <span class='ocrx_word' id='word_1_762' title='bbox 2295 4854 2455 4910; x_wconf 88' lang='lat' dir='ltr'><strong>hodie</strong></span> <span class='ocrx_word' id='word_1_763' title='bbox 2485 4852 2690 4907; x_wconf 86' lang='lat' dir='ltr'><strong>mundo</strong></span> <span class='ocrx_word' id='word_1_764' title='bbox 2727 4851 2984 4904; x_wconf 86' lang='lat' dir='ltr'><strong>universo</strong></span> <span class='ocrx_word' id='word_1_765' title='bbox 3018 4850 3275 4920; x_wconf 90' lang='lat' dir='ltr'><strong>gaudium</strong></span> <span class='ocrx_word' id='word_1_766' title='bbox 3328 4851 3455 4906; x_wconf 89' lang='lat' dir='ltr'><strong>inti-</strong></span> 
     </span>
    </p>
   </div>
   <div class='ocr_carea' id='block_1_110' title="bbox 1891 4940 3451 5010">
    <p class='ocr_par' dir='ltr' id='par_1_110' title="bbox 1891 4940 3451 5010">
     <span class='ocr_line' id='line_1_110' title="bbox 1891 4940 3451 5010; baseline -0.007 -5"><span class='ocrx_word' id='word_1_767' title='bbox 1891 4953 2025 5006; x_wconf 91' lang='lat' dir='ltr'><strong>mat.</strong></span> <span class='ocrx_word' id='word_1_768' title='bbox 2063 4945 2199 5002; x_wconf 80' lang='lat' dir='ltr'><strong>Nam</strong></span> <span class='ocrx_word' id='word_1_769' title='bbox 2229 4945 2273 5001; x_wconf 89' lang='lat' dir='ltr'><strong>si</strong></span> <span class='ocrx_word' id='word_1_770' title='bbox 2295 4942 2452 4998; x_wconf 90' lang='lat' dir='ltr'><strong>multi</strong></span> <span class='ocrx_word' id='word_1_771' title='bbox 2490 4943 2542 4997; x_wconf 93' lang='lat' dir='ltr'><strong>in</strong></span> <span class='ocrx_word' id='word_1_772' title='bbox 2574 4942 2854 4996; x_wconf 88' lang='lat' dir='ltr'><strong>nativitate</strong></span> <span class='ocrx_word' id='word_1_773' title='bbox 2899 4940 2989 5008; x_wconf 78' lang='lat' dir='ltr'><strong>jus</strong></span> <span class='ocrx_word' id='word_1_774' title='bbox 3007 4940 3243 5010; x_wconf 87' lang='lat' dir='ltr'><strong>gavisuri</strong></span> <span class='ocrx_word' id='word_1_775' title='bbox 3275 4951 3451 5007; x_wconf 86' lang='lat' dir='ltr'><strong>erant,</strong></span> 
     </span>
    </p>
   </div>
   <div class='ocr_carea' id='block_1_111' title="bbox 1886 5032 3453 5109">
    <p class='ocr_par' dir='ltr' id='par_1_111' title="bbox 1886 5032 3453 5109">
     <span class='ocr_line' id='line_1_111' title="bbox 1886 5032 3453 5109; baseline -0.006 -12"><span class='ocrx_word' id='word_1_776' title='bbox 1886 5044 2045 5109; x_wconf 77' lang='lat' dir='ltr'><strong>juxta</strong></span> <span class='ocrx_word' id='word_1_777' title='bbox 2071 5040 2316 5095; x_wconf 88' lang='lat' dir='ltr'><strong>divinum</strong></span> <span class='ocrx_word' id='word_1_778' title='bbox 2351 5037 2569 5092; x_wconf 79' lang='lat' dir='ltr'><strong>ell’atum</strong></span> <span class='ocrx_word' id='word_1_779' title='bbox 2593 5035 2674 5101; x_wconf 83' lang='lat'><strong>&quot;;</strong></span> <span class='ocrx_word' id='word_1_780' title='bbox 2709 5045 3131 5088; x_wconf 85' lang='lat' dir='ltr'><strong>consentaneum</strong></span> <span class='ocrx_word' id='word_1_781' title='bbox 3154 5033 3223 5086; x_wconf 89' lang='lat' dir='ltr'><strong>sit</strong></span> <span class='ocrx_word' id='word_1_782' title='bbox 3254 5032 3307 5085; x_wconf 91' lang='lat' dir='ltr'><strong>in</strong></span> <span class='ocrx_word' id='word_1_783' title='bbox 3334 5034 3453 5102; x_wconf 88' lang='lat' dir='ltr'><strong>ejus</strong></span> 
     </span>
    </p>
   </div>
   <div class='ocr_carea' id='block_1_112' title="bbox 1892 5121 3451 5203">
    <p class='ocr_par' dir='ltr' id='par_1_112' title="bbox 1892 5121 3451 5203">
     <span class='ocr_line' id='line_1_112' title="bbox 1892 5121 3451 5203; baseline -0.007 -16"><span class='ocrx_word' id='word_1_784' title='bbox 1892 5146 2109 5203; x_wconf 91' lang='lat' dir='ltr'><strong>quoque</strong></span> <span class='ocrx_word' id='word_1_785' title='bbox 2173 5125 2640 5184; x_wconf 84' lang='lat' dir='ltr'><strong>consummatione</strong></span> <span class='ocrx_word' id='word_1_786' title='bbox 2707 5123 2950 5177; x_wconf 84' lang='lat' dir='ltr'><strong>eamdem</strong></span> <span class='ocrx_word' id='word_1_787' title='bbox 3005 5136 3128 5176; x_wconf 89' lang='lat' dir='ltr'><strong>esse</strong></span> <span class='ocrx_word' id='word_1_788' title='bbox 3188 5121 3451 5189; x_wconf 67' lang='lat' dir='ltr'><strong>lmtitiam,</strong></span> 
     </span>
    </p>
   </div>
   <div class='ocr_carea' id='block_1_113' title="bbox 1893 5211 3450 5295">
    <p class='ocr_par' dir='ltr' id='par_1_113' title="bbox 1893 5211 3450 5295">
     <span class='ocr_line' id='line_1_113' title="bbox 1893 5211 3450 5295; baseline -0.007 -16"><span class='ocrx_word' id='word_1_789' title='bbox 1893 5241 2055 5295; x_wconf 89' lang='lat' dir='ltr'><strong>quam</strong></span> <span class='ocrx_word' id='word_1_790' title='bbox 2087 5238 2184 5276; x_wconf 92' lang='lat' dir='ltr'><strong>nos</strong></span> <span class='ocrx_word' id='word_1_791' title='bbox 2218 5218 2559 5273; x_wconf 85' lang='lat' dir='ltr'><strong>solemnitate</strong></span> <span class='ocrx_word' id='word_1_792' title='bbox 2589 5217 2689 5269; x_wconf 89' lang='lat' dir='ltr'><strong>bac</strong></span> <span class='ocrx_word' id='word_1_793' title='bbox 2721 5214 2994 5268; x_wconf 89' lang='lat' dir='ltr'><strong>celebrare</strong></span> <span class='ocrx_word' id='word_1_794' title='bbox 3028 5211 3178 5281; x_wconf 87' lang='lat' dir='ltr'><strong>digni</strong></span> <span class='ocrx_word' id='word_1_795' title='bbox 3223 5212 3450 5280; x_wconf 79' lang='lat' dir='ltr'><strong>fuimus,</strong></span> 
     </span>
    </p>
   </div>
   <div class='ocr_carea' id='block_1_114' title="bbox 1890 5305 3452 5389">
    <p class='ocr_par' dir='ltr' id='par_1_114' title="bbox 1890 5305 3452 5389">
     <span class='ocr_line' id='line_1_114' title="bbox 1890 5305 3452 5389; baseline -0.01 -15"><span class='ocrx_word' id='word_1_796' title='bbox 1890 5326 2154 5389; x_wconf 85' lang='lat' dir='ltr'><strong>quotquot</strong></span> <span class='ocrx_word' id='word_1_797' title='bbox 2178 5311 2549 5373; x_wconf 90' lang='lat' dir='ltr'><strong>sacerdotalis,</strong></span> <span class='ocrx_word' id='word_1_798' title='bbox 2588 5316 2684 5361; x_wconf 91' lang='lat' dir='ltr'><strong>aut</strong></span> <span class='ocrx_word' id='word_1_799' title='bbox 2721 5305 3006 5371; x_wconf 90' lang='lat' dir='ltr'><strong>eremitici,</strong></span> <span class='ocrx_word' id='word_1_800' title='bbox 3034 5314 3128 5358; x_wconf 87' lang='lat' dir='ltr'><strong>aut</strong></span> <span class='ocrx_word' id='word_1_801' title='bbox 3157 5305 3452 5360; x_wconf 80' lang='lat' dir='ltr'><strong>monacha-</strong></span> 
     </span>
    </p>
   </div>
   <div class='ocr_carea' id='block_1_115' title="bbox 1897 5396 3454 5474">
    <p class='ocr_par' dir='ltr' id='par_1_115' title="bbox 1897 5396 3454 5474">
     <span class='ocr_line' id='line_1_115' title="bbox 1897 5396 3454 5474; baseline -0.009 -8"><span class='ocrx_word' id='word_1_802' title='bbox 1897 5413 1983 5474; x_wconf 89' lang='lat' dir='ltr'><strong>lis,</strong></span> <span class='ocrx_word' id='word_1_803' title='bbox 2009 5417 2104 5464; x_wconf 89' lang='lat' dir='ltr'><strong>aut</strong></span> <span class='ocrx_word' id='word_1_804' title='bbox 2133 5406 2296 5462; x_wconf 88' lang='lat' dir='ltr'><strong>etiam</strong></span> <span class='ocrx_word' id='word_1_805' title='bbox 2327 5402 2451 5458; x_wconf 90' lang='lat' dir='ltr'><strong>laici</strong></span> <span class='ocrx_word' id='word_1_806' title='bbox 2501 5399 2706 5455; x_wconf 91' lang='lat' dir='ltr'><strong>ordinis</strong></span> <span class='ocrx_word' id='word_1_807' title='bbox 2739 5413 2946 5462; x_wconf 91' lang='lat' dir='ltr'><strong>sumus,</strong></span> <span class='ocrx_word' id='word_1_808' title='bbox 3009 5396 3190 5450; x_wconf 90' lang='lat' dir='ltr'><strong>cuncti</strong></span> <span class='ocrx_word' id='word_1_809' title='bbox 3247 5397 3454 5452; x_wconf 88' lang='lat' dir='ltr'><strong>scilicet</strong></span> 
     </span>
    </p>
   </div>
   <div class='ocr_carea' id='block_1_116' title="bbox 1893 5603 3448 5750">
    <p class='ocr_par' dir='ltr' id='par_1_116' title="bbox 1893 5603 3448 5750">
     <span class='ocr_line' id='line_1_116' title="bbox 1893 5603 3448 5750; baseline -0.013 -71"><span class='ocrx_word' id='word_1_810' title='bbox 1893 5625 1979 5750; x_wconf 60' lang='lat' dir='ltr'><strong>lSlll’l</strong></span> <span class='ocrx_word' id='word_1_811' title='bbox 2014 5621 2169 5683; x_wconf 82' lang='lat' dir='ltr'><strong>obiit,</strong></span> <span class='ocrx_word' id='word_1_812' title='bbox 2203 5615 2489 5742; x_wconf 63' lang='lat' dir='ltr'><strong>utgdiserte</strong></span> <span class='ocrx_word' id='word_1_813' title='bbox 2523 5608 2790 5680; x_wconf 75' lang='lat' dir='ltr'><strong>Iosephus</strong></span> <span class='ocrx_word' id='word_1_814' title='bbox 2818 5614 3024 5670; x_wconf 84' lang='lat' dir='ltr'><strong>narrat,</strong></span> <span class='ocrx_word' id='word_1_815' title='bbox 3056 5603 3132 5658; x_wconf 87' lang='lat' dir='ltr'><strong>De</strong></span> <span class='ocrx_word' id='word_1_816' title='bbox 3164 5603 3297 5659; x_wconf 78' lang='lat' dir='ltr'><strong>bello</strong></span> <span class='ocrx_word' id='word_1_817' title='bbox 3315 5603 3448 5659; x_wconf 68' lang='grc' dir='ltr'>ινα.</span> 
     </span>
     <span class='ocr_line' id='line_1_117' title="bbox 1914 5697 2308 5750; baseline -0.025 0"><span class='ocrx_word' id='word_1_818' title='bbox 1914 5697 1928 5750; x_wconf 91' lang='lat' dir='ltr'><strong>i</strong></span> <span class='ocrx_word' id='word_1_819' title='bbox 1974 5734 1988 5748; x_wconf 94' lang='lat'><strong>.</strong></span> <span class='ocrx_word' id='word_1_820' title='bbox 2024 5709 2083 5750; x_wconf 86' lang='lat' dir='ltr'><strong>tt,</strong></span> <span class='ocrx_word' id='word_1_821' title='bbox 2111 5704 2232 5750; x_wconf 84' lang='lat' dir='ltr'><strong>cap.</strong></span> <span class='ocrx_word' id='word_1_822' title='bbox 2293 5725 2308 5740; x_wconf 97' lang='lat'><strong>.</strong></span> 
     </span>
    </p>
   </div>
   <div class='ocr_carea' id='block_1_117' title="bbox 1914 5697 2308 5758">
    <p class='ocr_par' dir='ltr' id='par_1_117' title="bbox 1914 5697 2308 5758">
     <span class='ocr_line' id='line_1_118' title="bbox 1914 5697 2308 5758; baseline -0.025 -8"><span class='ocrx_word' id='word_1_823' title='bbox 1914 5697 1988 5750; x_wconf 89' lang='lat' dir='ltr'><strong>ib.</strong></span> <span class='ocrx_word' id='word_1_824' title='bbox 2024 5709 2083 5758; x_wconf 90' lang='lat' dir='ltr'><strong>tt,</strong></span> <span class='ocrx_word' id='word_1_825' title='bbox 2111 5704 2232 5758; x_wconf 84' lang='lat' dir='ltr'><strong>cap.</strong></span> <span class='ocrx_word' id='word_1_826' title='bbox 2254 5697 2308 5742; x_wconf 75' lang='lat'><strong>9.</strong></span> 
     </span>
    </p>
   </div>
  </div>
