4018 6304
546 357 648 419 711

1736 361 1796 420 S.
1823 362 2216 423 THEODORI
2265 364 2612 424 STUDITAE

3706 359 3815 420 772

549 480 704 521 sacra
755 467 860 523 hac
917 466 1438 523 commemoratione
1497 468 1754 538 gaudium
1813 472 2154 534 allerentez,

2256 473 2318 526 οῦ
2353 474 2701 544 μνημοσύνου
2727 475 2788 528 τὺ
2817 472 3135 542 ἀγαλλίαμα
3159 487 3174 504 ι
3197 470 3565 541 διαφερόντως
3590 469 3652 522 δὲ
3679 470 3812 538 ἡμίν

550 561 822 630 pmeipue
840 575 971 615 vero
1006 561 1166 616 nobis
1195 561 1290 630 qui
1312 576 1482 616 sacra:
1509 563 1655 618 illius
1675 564 1806 620 aedis
1830 566 2124 621 contuber-

554 655 704 710 nales
735 671 750 720 ;
793 653 949 722 cujus
971 661 1262 722 propterea
1327 653 1818 712 intercessionibus
1849 657 2126 712 validiori-

552 747 656 803 bus
668 748 874 802 utinam
906 745 1184 800 fruamur!
1207 746 1258 798 in
1281 743 1503 802 Christo
1522 745 1649 802 Jesu
1670 747 1904 805 Domino
1917 758 2128 805 nostro.

560 838 663 894 Cui
723 837 896 909 gloria
922 845 977 891 et
1013 845 1276 907 potestas,
1305 853 1429 892 cum
1471 836 1634 893 Patre
1684 848 1739 895 et
1783 842 2130 896 sanctissimo

553 927 769 982 vivifico
795 925 1022 996 Spiritu,
1062 941 1206 980 nunc
1229 935 1286 980 et
1307 943 1418 981 sem
1431 943 1524 996 per
1552 937 1606 982 et
1639 944 1737 999 per
1785 930 2002 986 infinita
2027 947 2129 986 sa:-

557 1022 676 1078 cula
709 1021 1056 1078 saeculorum.
1090 1021 1289 1072 Amen.

1298 1111 1392 1166 IX.

558 1205 825 1260 Laudatio
847 1205 906 1260 in
937 1204 998 1260 S.
1030 1203 1293 1257 Joannem
1320 1205 1616 1273 apostolum
1644 1214 1693 1258 et
1734 1208 2131 1276 evangelistam.

2227 564 2444 627 τοῖςτοῢ
2482 565 2630 634 ἱεροῦ
2689 565 2851 617 αὐτοῦ
2877 564 3156 635 οἷκουςὶϐ)
3187 563 3486 626 θιασώταις
3559 556 3622 616 οῦ
3649 578 3813 632 μετα-

2232 655 2497 724 σχοίημεν
2524 655 2632 706 τῶν
2659 654 2964 722 πρεσϐειῶν
2999 655 3079 707 ἔτι
3124 654 3268 724 μάλα
3313 653 3726 721 ἐκτενέστερον,
3758 652 3814 702 ὲν

2234 748 2456 816 Χριστῷ
2497 746 2670 815 Ἰησοῦ
2717 745 2796 815 τῷ
2832 747 3020 817 Κυρίῳ
3063 745 3256 817 ἡμῶν·
3291 738 3334 813 ᾧ
3371 747 3403 815 ἡ
3445 744 3576 808 δόξα
3619 747 3716 795 καὶ
3755 744 3816 794 τδ

2235 838 2456 908 κράτος,
2516 838 2615 890 σὺν
2659 836 2736 906 τῷ
2785 837 2961 906 Πατρὶ
3011 839 3105 890 καὶ
3141 836 3218 907 τῷ
3273 835 3526 905 παναγίῳ
3556 834 3657 888 καὶ
3688 831 3817 896 ζωο-

2237 927 2376 997 ποιῷ
2398 929 2701 998 Πνεύματι,
2733 927 2828 982 νῦν
2863 929 2958 980 καὶ
2983 928 3089 991 ἀεὶ,
3123 928 3217 981 καὶ
3260 929 3340 990 είς
3370 928 3496 991 τοὺς
3523 923 3817 995 ἀτελευτή-

2239 1037 2364 1082 τους
2388 1019 2591 1083 αίῶνας
2625 1021 2734 1073 τῶν
2766 1019 3000 1073 αἰώνων.
3045 1019 3236 1088 Ἀμήν.

2993 1107 3048 1160 Θ¹

2237 1203 2565 1280 Ἑγκώμιον
2584 1206 2670 1280 είς
2693 1202 2801 1256 τὸν
2812 1200 3004 1280 μέγαν
3022 1194 3316 1280 Ἰωρηκην
3336 1199 3443 1277 τὸς
3463 1195 3821 1280 άξόστολον

2448 1277 2545 1328 καὶ
2574 1268 3014 1342 εὐαγγελιστὶιν
3045 1269 3151 1322 τοῦ
3180 1268 3436 1336 Χριστοῦ
3465 1268 3598 1338 (27).

1802 1359 1960 1430 (Anc.
1985 1363 2115 1417 ΜΑι.
2147 1365 2248 1421 loc.
2274 1368 2363 1421 cit.
2400 1383 2452 1437 p.
2480 1367 2593 1436 62.)

631 1454 684 1507 l.
723 1451 861 1506 Cum
904 1452 1102 1506 coelum
1148 1451 1306 1507 nobis
1354 1451 1418 1507 ad
1467 1451 1800 1509 laudationis
1841 1470 2133 1525 argumen-

561 1553 674 1599 tum
731 1542 1070 1613 propositum
1119 1543 1208 1608 sit,
1257 1543 1383 1612 quis
1428 1559 1612 1598 sermo
1662 1545 1987 1611 invenietur,
2039 1547 2132 1616 qui

561 1636 937 1692 encomiorum
969 1634 1310 1689 altitudinem
1346 1651 1566 1706 aequare
1595 1636 1808 1706 possit?
1828 1638 1981 1704 Quod
2007 1654 2135 1694 vero

568 1728 846 1798 ingenium
890 1725 954 1780 ad
985 1726 1415 1797 magnitudinem
1440 1743 1498 1782 se
1533 1729 1754 1782 extollat
1783 1729 2139 1784 nobilissimas

562 1818 784 1874 laudis?
815 1817 952 1872 Fors
993 1818 1107 1888 ipsa
1141 1819 1403 1873 duntaxat
1432 1820 1741 1889 argumenti
1788 1822 2139 1891 aggressione

567 1908 907 1976 fatiscemus,
940 1919 1198 1980 tanquam
1229 1925 1290 1965 ea
1326 1920 1599 1968 tentantes
1637 1929 1760 1983 qua:
1794 1889 1956 1969 nemo
1989 1930 2140 1971 asse-
2168 1889 2215 1948 Β

563 2004 661 2075 qui
692 2003 889 2074 possit,
930 2017 993 2057 ac
1025 2003 1118 2073 qui
1173 2002 1228 2056 in
1277 2003 1599 2060 immensam
1640 2005 2018 2060 celsitudinem
2064 2007 2143 2060 vi-

566 2097 797 2150 deamus
845 2095 1121 2163 prosilire.
1178 2091 1300 2148 Non
1352 2093 1500 2148 hunc
1540 2106 1721 2150 autem
1764 2095 1949 2164 polum
1996 2098 2142 2162 dico,

567 2203 731 2258 quem
763 2185 1046 2241 stellarum
1080 2169 1238 2242 chori
1277 2187 1429 2241 vario
1459 2186 1657 2242 decore
1694 2198 2011 2257 perornant,
2045 2205 2146 2245 nec

567 2294 733 2349 quem
774 2277 857 2333 sol
902 2276 1161 2346 aurigans
1210 2279 1489 2349 reciproco
1539 2293 1705 2333 cursu
1733 2279 1978 2348 quotidie
2023 2295 2146 2348 per-

568 2379 757 2440 agrat;
813 2380 870 2424 at
912 2384 1089 2439 neque
1130 2385 1292 2438 quem
1345 2370 1475 2424 luna
1521 2381 1749 2425 cornuta
1795 2387 2144 2439 percurrens,

570 2461 678 2515 diei
729 2458 943 2529 fulgore
993 2468 1207 2514 noctem
1267 2460 1627 2516 collucentem
1678 2472 1935 2531 prastat;
1991 2463 2148 2531 cujus

571 2551 826 2607 miraculi
880 2551 1032 2607 visus
1077 2551 1339 2620 magister
1389 2553 1627 2617 exsistit,
1661 2555 1789 2608 dum
1847 2555 1903 2608 in
1961 2570 2146 2608 rerum

571 2651 879 2699 creatarum
909 2640 1375 2710 pulchritudinem
1407 2651 1678 2711 penetrat,
1705 2645 2061 2713 animumque
2084 2643 2148 2698 ad

572 2733 868 2792 creationis
907 2738 1188 2786 auctorem
1240 2731 1610 2788 transmittit:
1642 2733 1772 2802 quin
1807 2734 1988 2802 potius
2017 2733 2147 2786 illud

575 2825 807 2882 dixerim
836 2823 1062 2888 celum,
1087 2823 1246 2892 cujus
1270 2822 1439 2877 stellae
1468 2833 1729 2893 perpetuo
1750 2823 1994 2879 lucentes
2021 2833 2151 2878 sunt

575 2918 870 2972 multarum
945 2916 1205 2970 virtutum
1289 2923 1525 2981 turmae,
1590 2915 1853 2984 bonaeque
1919 2914 2152 2971 actionis

574 3008 861 3079 splendore
887 3007 1155 3079 fulgentes
1186 3021 1200 3059 :
1233 3016 1285 3060 et
1315 3006 1473 3076 cujus
1497 3005 1603 3071 sol,
1625 3007 1931 3076 evangelica
1957 3021 2153 3076 nempe

575 3100 916 3172 praedicatio,
973 3099 1040 3154 ad
1098 3098 1249 3152 orbis
1307 3107 1578 3152 terrarum
1630 3097 1768 3153 ﬁnes
1827 3099 2150 3168 pervadens,

2312 1468 2380 1518 a'.
2411 1461 2654 1531 Οὐρανοῦ
2694 1457 3057 1532 προκειμένου
3088 1457 3218 1526 ἡμῖν
3245 1455 3323 1518 εἰς
3358 1455 3619 1508 ὑπόθεσιν
3643 1456 3822 1523 ἐγκωο

2243 1553 2390 1625 μίου,
2423 1553 2506 1616 τίς
2537 1555 2645 1621 ἄρα
2688 1550 2996 1620 ἐξευρεθείη
3051 1549 3206 1617 λόγος
3236 1547 3314 1618 τῷ
3341 1545 3464 1616 ’ύψει
3495 1546 3606 1599 τῶν
3631 1546 3820 1616 ,ἐγκω-

2245 1642 2384 1712 μίων
2438 1641 2842 1713 συνεπαρθῆναι
2905 1640 3251 1708 δυνάμενοςς
3312 1639 3440 1690 ποία
3499 1637 3556 1690 δὲ
3607 1637 3820 1690 διάνοια

2245 1733 2448 1803 ὐφάψοι
2499 1732 2560 1786 τὸ
2587 1731 2680 1784 τοῦ
2720 1730 2984 1802 μεγέθους
3021 1729 3118 1800 τῆς
3161 1725 3476 1799 ὑπερφυοῦς
3517 1727 3816 1792 αίνέσεως;

2244 1826 2385 1895 τάχα
2440 1826 2506 1878 ἂν
2560 1825 2940 1894 ἀποκάμοιμεν
2991 1822 3083 1874 καὶ
3144 1821 3302 1889 μόνον
3353 1819 3452 1888 τῆς
3504 1815 3819 1878 ὑποθέσεως

2243 1916 2636 1986 κατάρξασθαι,
2668 1915 2744 1977 ὡς
2793 1913 2900 1966 τῶν
2955 1911 3258 1982 ἀνεφίκτων
3287 1911 3694 1979 ⁸ἐφαπτόμενοι,
3726 1911 3820 1964 καὶ

2244 2011 2322 2073 είς
2349 2006 2747 2077 ἁπειροπληθὲς
2773 2004 2905 2074 ὕψος
2946 2004 3118 2074 πηδᾷν
3142 2001 3544 2071 δοκιμάζοντες·
3572 2001 3672 2055 καὶ
3713 2003 3820 2073 μὴν

2243 2102 2304 2154 ού
2328 2101 2477 2154 τόνδε
2504 2117 2577 2169 φη
2588 2101 2648 2169 μὶ
2677 2099 2767 2151 τὸν
2791 2097 2970 2162 πόλον,
3003 2096 3060 2148 ὃν
3095 2094 3332 2165 ἁστρῷοι
3363 2097 3573 2164 χορεῖαι
3612 2095 3820 2166 ἐκπρεο

2245 2193 2364 2257 πῶς
2422 2191 2930 2254 καταποκίλλουσιν,
2971 2188 3078 2240 οὐδ’
3104 2189 3272 2258 ὅνπερ
3321 2187 3470 2257 ἥλιος
3500 2187 3823 2257 ἁρματηλα-

2245 2287 2352 2340 τῶν
2379 2287 2470 2339 τὸν
2499 2287 2774 2356 ἐφήμερον
2807 2283 3010 2337 διανύει
3037 2281 3269 2347 δίαυλον,
3303 2281 3484 2334 οὐδ’ού
3516 2281 3624 2350 μὴν
3653 2282 3822 2350 ὅνπερ

2249 2379 2444 2448 σελήνη
2505 2376 2787 2446 μηνοειδὴς
2832 2374 3120 2427 διαθέουσα
3164 2373 3484 2443 ήμεροφανῆ
3524 2372 3624 2441 τὴν
3653 2371 3825 2427 νύκτα

2249 2468 2640 2540 ἀπεργάζεται·
2670 2461 2731 2520 οὗ
2752 2466 2845 2518 τοῦ
2869 2466 3143 2534 θαύματος
3164 2467 3257 2518 καὶ
3281 2466 3314 2534 ἡ
3339 2465 3457 2533 ὄψις
3478 2464 3820 2529 διδάσκαλος,

2249 2566 2360 2625 τοῖς
2391 2563 2489 2631 τῆς
2535 2560 2764 2621 κτίσεως
2799 2557 3182 2627 ὲμϐαθύνουσα
3236 2556 3479 2622 κάλλεσι,
3533 2558 3629 2609 καὶ
3688 2557 3823 2626 πρδς

2248 2655 2338 2708 τὸν
2379 2655 2480 2723 τῆς
2523 2651 2888 2723 δημιουργίας
2915 2649 3087 2702 αἴτιον
3129 2647 3218 2701 τὸν
3243 2647 3366 2700 νοῦν
3401 2649 3823 2717 ἀναπέμπουσαο

2250 2744 2365 2798 ἀλλ’
2395 2744 2622 2815 οὐρανὸν
2652 2744 2857 2795 ἐκεῖνον
2885 2741 3125 2810 λέγοιμι,
3170 2734 3230 2792 οῦ
3274 2739 3500 2808 ἀστέρες
3548 2740 3828 2807 άειφανεϊς

2251 2835 2358 2888 τῶν
2387 2832 2597 2904 ἀρετῶν
2625 2831 2832 2885 σύνοδοι
2863 2829 3093 2893 πολλῶν,
3124 2827 3202 2899 τῷ
3242 2829 3367 2898 φάει
3400 2829 3497 2898 τῆς
3526 2829 3828 2899 εὐπραξίας

2252 2923 2722 2986 ἀποστιλϐοῦντες,
2782 2924 2872 2976 καὶ
2909 2917 3078 2993 οὗπερ
3132 2921 3305 2989 ἥλιος,
3360 2921 3421 2972 τὸ
3473 2921 3829 2989 εὐαγγελικδν

2253 3020 2536 3089 κήρυγμα,
2567 3019 2648 3080 είς
2694 3017 2762 3069 τὰ
2807 3017 2906 3083 τῆς
2956 3013 3280 3084 οἰκουμένης
3328 3012 3557 3084 διᾴττων
3595 3016 3828 3083 πέρατα,

2258 3109 2664 3182 μυριοπλασίως
2694 3109 2842 3177 ἡλίου
2873 3109 3262 3178 φωτεινότερον
3288 3107 3603 3176 φρυκτωρεῖ
3626 3107 3831 3176 κόσμον

576 3191 727 3247 mille
766 3190 1022 3260 partibus
1072 3188 1312 3242 lucidius
1369 3188 1479 3241 solo
1529 3189 1794 3242 mundum
1842 3189 2151 3251 collustrat,

2256 3201 2451 3274 ὁρατόν
2482 3217 2542 3252 τε
2576 3201 2668 3251 καὶ
2695 3199 2945 3270 ἀόρατον.
2982 3199 3301 3268 Σεληνιαίου
3327 3197 3437 3268 γάρ
3469 3195 3646 3265 φωτὸς
3681 3195 3832 3250 οὔπω

578 3291 693 3337 tum
721 3281 865 3336 hunc
899 3279 1075 3334 oculis
1103 3278 1438 3348 subjectum,
1478 3287 1590 3332 tum
1631 3279 1784 3331 illum
1819 3279 1936 3332 sola
1973 3278 2156 3347 cogni-

581 3385 696 3430 tnm
730 3385 933 3430 mente.
973 3371 1092 3428 Non
1119 3372 1263 3427 enim
1303 3371 1482 3426 lunari
1527 3371 1735 3426 lumine
1773 3385 1910 3441 opus
1942 3369 1991 3424 ei
2029 3378 2153 3424 est:

580 3466 784 3537 quippe
821 3481 943 3521 cum
995 3479 1062 3520 ne
1111 3479 1220 3518 nox
1263 3463 1485 3532 quidem
1531 3461 1772 3532 excipiat
1821 3460 1990 3525 diem,
2032 3458 2158 3527 quia

581 3557 964 3630 splendorihus
996 3558 1310 3612 illustratur
1339 3555 1431 3624 qui
1458 3571 1740 3626 nunquam
1769 3553 2050 3609 occidunt.

651 3650 711 3703 2.
743 3649 812 3705 At
835 3651 975 3705 scire
1026 3651 1193 3705 vultis
1219 3650 1472 3720 quisnam
1500 3647 1587 3702 hic
1613 3649 1685 3702 sit
1706 3646 1996 3716 magnifice
2026 3642 2160 3699 adeo

583 3741 912 3814 praedicatus
956 3742 980 3796 Ἰ
1030 3740 1295 3796 Nimirum
1360 3739 1600 3796 Joannes
1663 3749 1766 3802 est,
1825 3737 2158 3801 auditores;

585 3833 844 3898 Joannes,
896 3834 1140 3904 inquam,
1172 3848 1432 3903 perquam
1461 3830 1792 3886 excellenter
1835 3829 2158 3898 apostolus;

587 3925 1041 3996 evangelistarum
1074 3923 1555 3992 praestantissimus
1579 3940 1596 3989 ;
1618 3922 1710 3976 Dei
1738 3921 1940 3990 aquila,
1966 3936 2163 3992 magna

588 4019 681 4075 illa
719 4017 912 4088 pennis
966 4017 1148 4071 aureis
1179 4015 1406 4086 praedita
1444 4033 1460 4082 ;
1499 4015 1738 4070 celestis
1787 4012 2041 4083 profundi
2081 4013 2165 4066 in-

588 4112 906 4181 vestigator,
933 4124 1096 4179 quem
1135 4109 1323 4164 nullus
1355 4107 1579 4178 assequi
1604 4115 1783 4178 potest
1823 4124 1836 4160 :
1878 4104 2042 4160 homo
2071 4104 2165 4173 qui

588 4203 934 4260 Clierubinos
971 4201 1437 4271 contemplatione
1490 4200 1790 4268 superavit,
1829 4198 1924 4268 qui
1975 4195 2166 4251 aaterni

591 4295 756 4351 Verbi
787 4293 1164 4349 cxsistcntiam
1225 4292 1434 4364 angelis
1480 4291 1616 4360 ipsis
1644 4289 1939 4350 nuntiavit,
2002 4303 2167 4343 voca-

589 4387 838 4442 lissimus
865 4385 1111 4440 veritatis
1136 4398 1314 4455 praeco
1347 4399 1363 4448 ;
1395 4397 1553 4436 mens
1588 4380 1838 4434 sublimia
1872 4389 2164 4448 spectans;

592 4479 777 4548 lingua
811 4479 968 4549 ignea
1006 4494 1019 4543 ;
1061 4491 1123 4530 os
1153 4475 1341 4529 divino
1376 4486 1628 4529 sermone
1655 4471 1983 4526 instructum
2011 4487 2028 4536 ;
2060 4470 2166 4523 im-

2255 3291 2521 3351 δέδεκται,
2552 3289 2635 3341 ὅτι
2667 3287 2802 3358 μηδὲ
2831 3287 2926 3348 νὺξ
2975 3287 3074 3356 τὴν
3103 3285 3231 3355 περὶ
3260 3285 3392 3340 αὐτὸ
3444 3284 3661 3356 ἡμέραν
3690 3279 3830 3339 οἶδεν

2256 3384 2639 3452 διαδέχεσθαι,
2697 3379 3030 3443 ἀνεπιδύτως
3094 3380 3188 3433 τοῦ
3255 3380 3427 3448 φάους
3497 3377 3831 3450 μαρμαρύσ·

2263 3488 2467 3536 σοντος.

2335 3652 2401 3719 β’.
2438 3648 2545 3702 Καὶ
2577 3650 2628 3702 τί
2658 3643 2812 3713 οὗτος
2843 3650 2873 3703 6
2906 3647 3472 3721 μεγαληγορούμενος,
3504 3649 3698 3717 μαθεῖν
3723 3648 3834 3720 βού-

2261 3741 2454 3806 λεσθε;
2490 3741 2767 3811 Ἰωάννης,
2817 3738 2861 3795 ὦ
2916 3743 3126 3814 ἄνδρες,
3157 3744 3184 3794 6
3213 3740 3478 3812 ὑπερλίαν
3515 3741 3833 3808 ἀπόστολος,

2262 3832 2369 3885 τῶν
2407 3831 2809 3900 εύαγγελιστῶν
2846 3834 2874 3886 6
2906 3833 3368 3904 προφερέστατος,
3391 3833 3420 3884 6
3452 3830 3548 3884 τοῦ
3580 3831 3715 3885 Θεοῦ
3742 3836 3840 3886 ἀε-

2263 3926 2375 3987 τὸς,
2401 3927 2430 3978 ό
2478 3925 2672 3994 μέγας,
2723 3926 2751 3976 6
2795 3925 3194 3995 χρυσοπτέρυξ,
3222 3927 3250 3977 6
3274 3925 3366 3976 τοῦ
3394 3924 3648 3993 οὐρανίου
3677 3923 3835 3994 βυθοῦ

2265 4018 2558 4088 ἐρευνητὴς
2585 4018 2879 4086 ἀφθαστος,
2916 4019 2944 4069 6
2969 4017 3224 4069 ἐπέκεινα
3255 4016 3365 4069 τῶν
3394 4017 3678 4087 Χερουϐὶμ
3705 4018 3835 4072 ἀνα-

2265 4109 2429 4177 νήξας
2451 4112 2515 4179 τῇ
2545 4109 2747 4180 θεωρίᾳ
2775 4108 3083 4178 ἄνθρωπος,
3108 4109 3134 4159 6
3154 4106 3252 4176 τῆς
3279 4106 3371 4159 τοῦ
3395 4107 3572 4175 Λόγου
3601 4109 3833 4178 άνάρχοι.

2267 4198 2550 4268 ὑπάρξεως
2589 4199 2682 4251 καὶ
2708 4197 3238 4265 ἀγγέλοιςᾶγγελοςο
3265 4199 3293 4249 6
3324 4196 3839 4268 μεγαλοφωνότατος

2266 4293 2364 4362 τῆς
2393 4290 2650 4360 ἀληθείας
2682 4291 2859 4358 κήρυξ
2888 4292 2915 4341 6
2957 4289 3080 4351 νοῦς
3121 4291 3149 4341 6
3179 4289 3525 4357 ύψίϐλεπτος,
3551 4291 3585 4360 ἠ
3622 4291 3841 4359 γλῶσσα

2270 4384 2302 4450 ἡ
2333 4381 2575 4454 πύρινος,
2606 4381 2665 4435 τὸ
2690 4381 2862 4452 στόμα
2890 4381 2950 4434 τὸ
2997 4381 3350 4450 θεόφραστον,
3399 4383 3498 4453 τῆς
3554 4383 3749 4451 σοφίας
3783 4383 3843 4437 τὸ

2269 4475 2493 4546 ἄπειρον
2533 4474 2783 4541 πέλαγος,
2806 4473 2913 4526 τῶν
2937 4473 3222 4542 δογμάτων
3249 4474 3277 4526 6
3305 4473 3463 4543 βυθὸς
3485 4475 3513 4525 6
3545 4473 3838 4542 ἀφθαστος,

592 4584 840 4625 mensum
886 4567 1166 4637 sapientiae
1197 4565 1422 4637 pelagus
1457 4581 1474 4631 ;
1502 4564 1814 4633 dogmatum
1846 4561 2154 4630 imperscru‘

2271 4566 2371 4636 τῆς
2396 4565 2648 4634 γνώσεως
2683 4565 2743 4617 τὸ
2775 4566 2978 4636 δοχεϊον
3006 4567 3066 4619 τὸ
3097 4565 3372 4635 μέγιστον,
3418 4567 3452 4635 ή
3488 4568 3841 4636 κοσμοφανὴς

592 4661 775 4716 tabilis
802 4674 999 4730 gurges
1029 4677 1045 4726 ;
1074 4657 1318 4713 scientiae
1343 4655 1796 4726 conceptaculum
1824 4651 2118 4707 maximum
2147 4694 2162 4718 ,

592 4751 777 4822 fulgur
823 4750 1058 4822 Spiritus
1110 4749 1316 4803 mundo
1370 4748 1669 4813 relucens;
1718 4746 1906 4817 gratiae
1963 4745 2164 4800 tonitru

594 4843 857 4900 mundum
881 4851 1227 4912 perstrepens
1250 4859 1264 4907 ;
1287 4841 1536 4896 sublimis
1561 4839 1922 4895 Ecclesiarum
1955 4838 2169 4893 colum-

592 4950 685 5002 na,
723 4935 816 4990 Dei
847 4931 1218 4989 lirmissimum
1265 4930 1677 4986 fundamentum
1713 4946 1729 4995 ;
1787 4930 2038 4984 humana;
2067 4942 2168 4981 na-

593 5035 729 5082 turaa
749 5024 1038 5094 praedatrix
1065 5037 1259 5092 sagena
1293 5037 1308 5088 ;
1337 5020 1633 5090 piscatoria
1673 5021 1979 5074 animarum
2004 5033 2170 5072 arun-

594 5117 666 5171 do
717 5115 784 5169 ad
837 5129 1011 5182 usque
1054 5110 1255 5166 coelum
1329 5110 1655 5180 attingens;
1707 5123 1856 5163 serra
1909 5109 2168 5162 adversus

593 5221 783 5264 omnes
822 5207 1077 5270 haereses,
1134 5210 1398 5272 perpetuo
1463 5209 1613 5256 motu
1665 5200 1864 5270 agitata
1910 5215 1926 5265 ;
1973 5208 2168 5253 acutus

596 5298 830 5369 gladius,
895 5293 1190 5366 impietatis
1250 5291 1462 5345 zizania
1512 5292 1793 5345 dissecans
1849 5307 1865 5356 ;
1915 5290 2158 5345 coelestis

596 5390 764 5446 clavis
788 5388 1082 5459 impietatis
1123 5395 1330 5440 turmas
1357 5383 1652 5438 occludens
1693 5400 1704 5435 :
1753 5381 1938 5436 divino
1969 5382 2166 5436 robore

2272 4659 2529 4730 ἀστραπὴ
2560 4659 2654 4711 τοῦ
2689 4658 3025 4728 Πνεύματος,
3053 4659 3086 4729 ἡ
3116 4659 3466 4728 οίκουμενικὴ
3506 4657 3708 4727 βροντὴ
3747 4659 3838 4729 τῆς

2272 4749 2513 4821 χάριτος,
2564 4747 2674 4801 τῶν
2707 4747 3043 4818 Ἐκκλησιῶν
3089 4750 3116 4800 6
3169 4747 3357 4811 στύλος
3393 4749 3420 4801 6
3458 4746 3781 4818 ἀκρότατος,
3812 4749 3840 4801 6

2270 4841 2364 4894 τοῦ
2393 4840 2526 4894 Θεοῦ
2557 4839 2930 4911 στερεοπαγὴς
2951 4839 3220 4910 θεμέλιος,
3247 4841 3280 4910 ἡ
3303 4839 3604 4910 ἀγρευτικὴ
3633 4843 3838 4910 σαγήνη

2272 4932 2372 5002 τῆς
2405 4931 2750 5002 ἀνθρωπίνης
2784 4931 3020 5000 φύσεως,
3069 4933 3098 4986 6
3149 4931 3454 4994 ἁλιευτικὸς
3503 4931 3613 4982 τῶν
3655 4929 3841 5001 ψυχῶν

2273 5026 2654 5095 οὐρανομήκης
2707 5025 2990 5094 κάλαμος,
3042 5025 3070 5078 6
3123 5023 3264 5076 κατὰ
3332 5021 3523 5076 πασῶν
3576 5025 3839 5094 αἱρέσεων

2273 5116 2449 5186 πρίων
2477 5117 2803 5185 ἀεικίνητος,
2835 5117 2868 5185 ἡ
2896 5115 2963 5167 τά
3002 5114 3100 5185 τῆς
3133 5113 3388 5177 ἀσεϐείας
3419 5113 3635 5178 ζιζάνια
3664 5097 3840 5168 διατέ-

2274 5223 2477 5276 μνουσα
2501 5207 2648 5272 ὀξεῖα
2675 5207 2940 5276 μάχαιρα,
2968 5208 3002 5277 η
3029 5205 3101 5259 τὰ
3119 5207 3216 5274 τῆς
3242 5205 3429 5268 ἀθεῖας
3456 5206 3839 5276 στρατεύματα

2268 5296 2670 5366 διατειχίζουσα
2719 5297 2865 5358 κλεῖς
2913 5297 3186 5364 οὐράνιος,
3243 5298 3275 5366 ὴ
3333 5296 3672 5364 σφενδονῶσα
3720 5298 3840 5360 τοὺς

2269 5387 2495 5456 νοητοὺς
2528 5387 2696 5456 θήρας
2739 5384 3023 5455 θεοσθενὴς
3053 5385 3280 5449 διάνοια,
3315 5388 3344 5437 6
3376 5384 3689 5452 πελαγίςων
3748 5402 3840 5439 ποι

668 5503 782 5572 (26)
817 5501 1038 5572 Scilicet
1075 5499 1252 5572 Studi_i
1306 5497 1721 5572 monasterium,
1758 5504 1994 5572 et_sacra
2021 5499 2161 5572 aedes
2266 5497 2711 5572 quogne_exstitit
2735 5497 2903 5572 nostri
2929 5495 3218 5572 Theodori.
3249 5494 3352 5550 Vit.
3388 5511 3439 5564 p.
3470 5495 3559 5550 22.

601 5565 821 5629 titulum
868 5574 926 5628 S.
966 5571 1193 5626 Joannis
1221 5570 1475 5636 Baptism
1502 5568 1780 5636 gerebant.
1811 5565 2012 5620 Confer
2039 5565 2161 5620 Stuv

598 5645 724 5699 dita:
788 5644 957 5698 nostri
999 5641 1177 5695 Vitam
1208 5648 1262 5694 et
1287 5636 1460 5707 Opera
1492 5638 1578 5692 ed.
1615 5636 1895 5690 Sirmond.
1929 5653 1979 5705 p.
2011 5636 2096 5698 18,
2118 5645 2171 5689 et

600 5715 723 5768 6l8.
755 5714 880 5768 Item
904 5713 1164 5780 Cangium
1190 5709 1797 5780 (Ιοηιιιιιηιίηον,,τζιλνὶιςιἸ
1825 5707 1918 5759 lib.
1941 5721 2013 5780 ty,
2038 5707 2172 5768 till,

601 5785 690 5837 ed.
730 5781 904 5836 Paris.
960 5776 1186 5850 p.103.
1243 5779 1316 5832 De
1346 5779 1535 5831 eodem
1582 5776 1887 5843 S.Baptista
1943 5776 2176 5842 hymnus

2346 5565 2456 5635 (‘27)
2480 5565 2698 5620 Graecus
2739 5567 2900 5634 hujus
2921 5567 3182 5621 orationis
3220 5576 3400 5635 textus
3429 5581 3576 5620 nunc
3605 5565 3837 5635 primum

2273 5634 2451 5704 prodit
2484 5653 2498 5699 ;
2531 5637 2906 5706 interpretatio
2941 5649 3121 5690 autem
3151 5636 3337 5706 Latina
3365 5634 3682 5690 Cumbeli’sii
3735 5647 3835 5700 est,

2278 5722 2306 5757 a
2341 5705 2493 5824 nolitis
2536 5715 2714 5760 tamen
2761 5722 2866 5760 non
2903 5721 3117 5773 parum,
3147 5715 3200 5760 et
3227 5705 3447 5775 quidem
3509 5707 3840 5770 necessario,

2279 5788 2423 5824 varia
2455 5787 2504 5824 a.

2279 5787 2504 5825 ναι-1312.
