4018 6304
206 391 308 455 773

1035 392 1316 454 ORATIO
1335 391 1437 452 IX.
1473 417 1543 429 —
1563 391 1940 453 LAUDATIO
1977 390 2038 453 S.
2073 388 2333 452 JOANN.
2359 388 2629 452 EVANG.

3352 387 3456 454 774

207 502 379 573 ταμδς
417 502 518 572 τῆς
549 500 642 555 τοῦ
674 501 807 556 Θεοῦ
859 503 1055 572 σοφίας
1079 505 1148 558 τὰ
1180 506 1419 572 νάματα,
1458 506 1486 558 6
1506 503 1608 573 τῆς
1638 520 1780 573 παρ-

1891 501 2108 557 animus
2159 501 2431 571 spiritales
2473 501 2677 556 bestias
2718 501 2864 555 velut
2905 500 3070 556 funda
3135 500 3396 572 impetens
3435 518 3450 567 ;

208 590 389 655 θενίας
436 591 566 655 ναὸς
597 591 1003 664 καθαρώτατος,
1036 596 1065 647 6
1114 594 1192 663 τῷ
1223 595 1391 655 ὅντως
1418 594 1632 664 ἐραστῷ
1664 593 1782 644 λίαν

207 683 492 754 ἀγαπητὸς
529 686 624 738 καὶ
667 686 998 756 ἐπιστήθιος,
1035 689 1064 741 6
1095 688 1271 757 μέγας
1320 685 1414 738 τοῦ
1448 685 1781 753 Εὐαγγελίου

209 774 580 844 ώραιόδρομος
619 776 788 844 ἥλιος,
834 779 866 848 ἡ
907 777 1101 847 εὔηχος
1127 776 1263 848 λύρα
1292 776 1387 829 καὶ
1421 776 1652 844 σάλπιγξ
1687 775 1782 829 τοῦ

210 862 549 932 Πνεύματοςο
606 866 700 919 καὶ
746 867 798 918 τί
849 868 932 919 δεῖ
979 868 1188 934 λέγειν;
1235 867 1342 920 οὐδ’
1371 869 1421 920 εί
1495 867 1784 936 μυριοστὺν

213 951 380 1022 φαίην
431 954 732 1023 κατάλογον
763 956 1049 1026 δυνηθείην
1095 958 1160 1009 ἂν
1200 956 1510 1026 ἐξιχνεῦσαι
1554 956 1663 1008 τῶν
1695 957 1788 1023 ἐγ-

213 1044 440 1112 κωμίων
477 1047 576 1114 τὴν
603 1045 860 1100 ἄϐυσσον·
895 1047 1026 1116 φέρε
1049 1047 1135 1118 δὴ,
1177 1050 1331 1118 φέρε,
1359 1048 1420 1099 οὑ
1449 1047 1511 1100 τὸ
1540 1047 1658 1100 ὅλον
1703 1049 1782 1098 εί-

214 1137 358 1198 πείν,
397 1136 554 1189 τοῦτο
582 1137 689 1207 γὰρ
717 1139 816 1209 ἤδη
844 1141 1068 1210 ἄπορον,
1107 1141 1167 1192 οὐ
1224 1143 1290 1210 τῇ
1339 1138 1446 1210 ἐμῇ
1489 1140 1783 1210 ἀγλωττίᾳ,

213 1224 350 1278 ἀλλὰ
376 1226 486 1298 γὰρ
511 1228 604 1280 καὶ
628 1222 709 1291 οἷς
739 1230 1032 1300 ὑψηγορεῖν
1057 1231 1309 1300 δύναμις,
1339 1231 1674 1300 ἡττωμένοις
1708 1230 1786 1300 τῷ

217 1318 440 1388 μεγέθει
489 1319 584 1373 τοῦ
636 1321 932 1391 θαύματος,
965 1323 1045 1375 ὅτι
1081 1323 1214 1392 μηδὲ
1259 1322 1392 1390 ὕψος
1425 1321 1658 1392 οὐρανοῦ
1691 1338 1787 1392 με-

213 1409 438 1478 τρητόν
469 1410 573 1464 κᾶν
598 1410 712 1480 δοίη
747 1412 828 1476 τίς
873 1412 1152 1484 συναίρειν
1180 1411 1272 1466 τὸν
1310 1411 1549 1476 ἔπαινον,
1580 1411 1787 1483 βραχέα

214 1499 271 1552 δέ
298 1517 422 1554 τινα
460 1504 530 1555 ἐκ
570 1501 680 1554 τῶν
714 1503 1086 1572 εὐαγγελικῶν
1129 1503 1408 1572 λειμώνων
1438 1502 1786 1572 μελισσειδῶς

215 1589 353 1660 ἄνθη
383 1591 735 1663 λογήσαντες,
761 1593 1046 1648 καὶταῦτα
1064 1592 1154 1650 οἷά
1182 1611 1302 1648 τινα
1324 1593 1526 1663 σίμϐλα
1554 1594 1788 1662 λογικῶς

1885 591 2084 647 ﬂuvius
2111 591 2206 647 Dei
2236 592 2517 662 sapientia:
2557 591 2717 648 latice
2743 592 3026 648 exundans
3063 610 3076 659 ;
3123 592 3455 662 virginitatis

1886 683 2306 738 mundissimum
2355 684 2614 753 templum
2654 684 2772 749 ;ei,
2826 685 2920 754 qui
2966 700 3150 738 revera
3203 683 3454 738 amabilis

1885 781 1990 838 est,
2021 773 2177 826 valde
2205 773 2425 836 chartis,
2456 789 2520 828 ac
2550 790 2713 843 supra
2742 775 2985 844 ejusdem
3015 783 3202 844 pectus
3235 790 3452 830 recum-

1887 865 2022 920 bens
2052 882 2067 930 ;
2112 880 2341 933 magnus
2371 863 2648 934 Evangelii
2695 865 2775 920 sol
2809 866 3051 935 speciose
3085 867 3398 920 discurrens
3433 883 3449 933 ;

1887 969 2084 1011 sonora
2118 954 2356 1024 Spiritus
2411 957 2528 1026 lyra
2558 971 2622 1009 ac
2651 957 2805 1010 tuba.
2837 958 2905 1008 At
2926 955 3056 1025 quid
3097 971 3234 1025 opus
3262 965 3342 1009 est
3372 956 3454 1009 di-

1886 1061 2010 1101 cere
2038 1046 2061 1098 ?
2088 1044 2168 1100 Ne
2195 1046 2241 1099 si
2267 1045 2418 1099 mille
2442 1046 2658 1114 quidem
2695 1046 2865 1100 titulis
2903 1053 3122 1099 auctum
3153 1047 3451 1118 catalogum

1886 1148 2188 1202 contexam,
2213 1138 2330 1207 ejus
2346 1139 2546 1208 possim
2565 1141 2923 1208 pervestigare
2936 1139 3154 1192 laudum
3173 1139 3451 1210 abyssum.

1885 1233 1997 1300 Age
2025 1246 2174 1297 vero,
2209 1246 2325 1301 age,
2359 1245 2468 1284 non
2493 1240 2552 1284 ut
2579 1230 2830 1285 universa
2861 1230 3106 1287 dicamus
3135 1232 3154 1305 (
3178 1233 3279 1289 hoc
3306 1233 3450 1288 enim

1886 1321 2288 1386 inconcessum,
2317 1321 2513 1375 nedum
2555 1320 2687 1374 mihi
2736 1321 2829 1389 qui
2872 1322 3141 1376 sermonis
3175 1337 3241 1378 ac
3264 1323 3456 1378 facun-

1890 1412 1995 1468 dia;
2018 1413 2243 1481 penuria
2267 1413 2478 1477 laboro,
2507 1412 2598 1467 sed
2621 1421 2676 1466 et
2699 1413 2767 1466 iis
2784 1414 2876 1483 qui
2907 1414 3170 1484 altiloquii
3200 1414 3454 1470 facultate

1885 1498 2108 1567 pollent,
2157 1515 2296 1567 quos
2331 1507 2538 1553 tantum
2568 1499 2703 1554 illud
2758 1501 3082 1556 miraculum
3116 1502 3320 1573 ingenti
3351 1517 3452 1558 sua

1891 1590 2264 1660 magnitudine
2315 1591 2530 1656 vincit;
2573 1592 2790 1660 quando
2829 1608 3004 1662 neque
3055 1595 3284 1649 altitudo
3329 1596 3454 1651 caeli

216 1681 791 1752 κηροπλαστήσαντες,
823 1685 914 1738 καὶ
960 1685 1037 1749 ὡς
1091 1685 1509 1757 ἀπαρτήσαντες
1536 1686 1602 1754 τῇ
1654 1685 1790 1738 ἀπο-

1887 1680 2152 1749 ejnsmodi
2180 1690 2281 1748 est,
2305 1690 2365 1736 ut
2385 1697 2504 1737 eam
2529 1684 2768 1737 metiaris
2796 1682 2843 1755 ).
2870 1683 3024 1750 Quod
3049 1686 3094 1739 si
3129 1687 3286 1741 nobis
3317 1702 3451 1741 cono

217 1771 435 1845 στολικῇ
482 1775 787 1848 πανηγύρει
816 1775 1004 1848 ὥσπερ
1035 1779 1141 1832 τινὶ
1193 1777 1442 1846 βασιλίδι,
1483 1778 1777 1845 ἐπίκουρον

1889 1770 2131 1834 cedatur,
2167 1781 2377 1841 partem
2413 1772 2651 1841 aliquam
2697 1772 2921 1826 laudum
2973 1774 3238 1839 conferre,
3281 1790 3452 1846 pauca

214 1859 306 1914 τὸν
331 1863 463 1929 περὶ
493 1857 554 1914 οῦ
577 1865 605 1916 6
631 1845 785 1934 λόγος
813 1845 1203 1937 λαμϐάνοντες,
1254 1869 1640 1936 προσενεγκεῖν
1667 1867 1785 1935 ἥδι-

1886 1863 2135 1931 quaedam
2163 1879 2226 1916 ex
2263 1861 2677 1933 Evangeliorum
2724 1866 2895 1933 pratis
2935 1866 2988 1919 in
3040 1868 3256 1921 modum
3282 1845 3451 1937 apum

216 1962 318 2001 στα
346 1947 712 2022 θαρσήσομεν.

1887 1956 2265 2024 decerpentes,
2309 1971 2373 2011 ac
2408 1956 2553 2009 velut
2584 1956 2637 2009 in
2671 1956 2997 2024 quibusdam
3040 1958 3261 2015 alveolis
3298 1975 3452 2016 ceras

215 2036 495 2108 ingeniose
544 2042 829 2114 ﬁngentes,
862 2055 1025 2116 atque
1090 2046 1218 2103 huic
1283 2043 1613 2103 solemnitati
1673 2043 2004 2113 apostolica),
2077 2055 2335 2109 tanquam
2411 2047 2612 2118 reginae
2668 2045 2906 2112 cuidam,
2961 2047 3449 2118 circumponentes.

212 2130 388 2202 ipsum
422 2138 693 2194 sermonis
723 2140 1000 2208 auspicem
1029 2139 1369 2205 adhibentes,
1424 2138 1491 2194 de
1543 2149 1654 2206 quo
1683 2135 1840 2190 nobis
1875 2144 1959 2191 est
2009 2135 2376 2195 instituendus
2419 2152 2601 2195 sermo
2643 2152 2660 2204 ;
2706 2137 3065 2195 libentissime
3099 2140 3291 2197 oﬂ'crre
3318 2157 3451 2212 prac-

212 2235 517 2282 sumemus.

277 2395 349 2458 γ’.
382 2390 625 2463 Πατρίδα
658 2390 757 2462 μὲν
791 2392 845 2445 εῐ
871 2410 955 2457 τις
987 2393 1305 2464 ἐπιζητήσοι
1353 2395 1642 2466 ἐγκωμίων
1699 2395 1783 2448 νό-

216 2498 336 2550 μοις
392 2483 825 2553 ἐπερειδόμενος,
877 2487 969 2553 ἀφ’
990 2481 1058 2556 ἦς
1105 2488 1133 2538 ό
1182 2486 1480 2550 ἀπόστολος
1527 2489 1605 2550 εἰς
1668 2487 1784 2556 φῶς

213 2572 492 2643 ἐλήλυθεν,
527 2574 590 2626 οὐ
643 2577 919 2647 περιφανῆ
962 2577 1166 2645 ταύτην
1215 2577 1458 2648 εὐρήσοι,
1495 2578 1629 2631 ἀλλὰ
1675 2580 1783 2650 γὰρ

212 2661 304 2715 καὶ
357 2662 481 2716 λίαν
525 2663 757 2734 ἄσημον,
802 2664 900 2734 τὴν
944 2665 1257 2718 Γαλιλαίανο
1291 2666 1614 2737 κοινοτέρως
1655 2669 1760 2738 γάρ

214 2753 365 2823 ὅμως
399 2756 679 2809 κάνταῦθα
715 2755 1076 2828 περίϐλεπτος
1103 2758 1130 2808 6
1162 2757 1478 2822 ἀπόστολοςο
1513 2759 1628 2822 πῶς
1691 2759 1786 2811 καὶ

209 2846 316 2898 τίνι
346 2848 570 2918 τρόπῳ;
611 2850 691 2901 ὅτι
724 2848 782 2913 ἐξ
813 2844 880 2919 ἦς
923 2849 1109 2901 οὐδένα
1143 2851 1429 2919 προφήτην
1458 2849 1780 2922 ἐγηγέρθαι,

209 2936 317 2990 οὐδ’
344 2939 407 2990 οῦ
445 2940 553 3009 μήν
599 2956 652 2992 τι
712 2940 914 3007 ἀγαθὸν
949 2942 1088 2993 εἶναι
1123 2939 1398 3005 Ἰουδαίοις
1456 2960 1516 2995 τε
1562 2946 1656 2997 καὶ
1708 2944 1784 3014 τῷ

211 3028 427 3098 άληθῶς
452 3029 762 3103 Ἰσραηλίτῃ
807 3029 961 3100 ᾤετο,
996 3031 1227 3085 ἐνταῦθα
1261 3035 1514 3103 Χριστὸς,
1548 3037 1579 3105 ἡ
1633 3036 1784 3106 πηγὴ

212 3120 396 3190 πάσης
452 3121 808 3192 άγαθότητος,
858 3124 915 3174 ἐν
963 3124 1160 3193 γαστρὶ
1191 3125 1468 3192 Παρθένου
1501 3127 1598 3196 τῆς
1626 3129 1783 3196 ἀρχι-

211 3210 545 3280 προφήτιδος
573 3210 1025 3280 συλλαμϐάνεται·
1060 3205 1161 3265 ὧδε
1193 3214 1505 3283 μορφωθεὶς
1550 3215 1627 3285 τῷ
1659 3216 1781 3269 καθ’

211 3302 358 3372 ἡμᾶς
387 3303 520 3356 εἴδει
555 3303 938 3373 ἐντέθραπται,
968 3307 1078 3367 τοῖς
1119 3305 1368 3372 γονεῦσιν
1406 3307 1782 3377 ὑποτασσόμε-

208 3409 323 3460 νος,
352 3394 457 3462 τῆς
486 3393 696 3458 πόλεως
720 3395 812 3463 ἀφ’
843 3392 911 3467 ἦς
950 3395 1047 3466 τὴν
1070 3396 1258 3465 κλῆσιν
1305 3400 1540 3468 εἴληφεψ
1569 3401 1783 3468 (Ναζω-

211 3487 356 3554 ραῖος
413 3485 540 3555 γὰρ)
585 3485 689 3537 ὑπὸ
718 3485 814 3556 τὴν
850 3486 1162 3553 Γαλιλαίαν,
1193 3489 1269 3551 ὡς
1290 3489 1389 3558 τῆς
1415 3491 1607 3562 κώμης
1640 3491 1783 3562 Βηθ-

212 3578 373 3630 σαῖδά
429 3577 800 3647 ὑποτελούσης
859 3578 1111 3648 μάλιστα.
1176 3581 1266 3643 Ὠς
1326 3582 1654 3650 ἀξιόιγαστον
1723 3583 1783 3635 τὸ

211 3669 441 3738 ἔδαφοςί
485 3669 560 3732 ώς
617 3673 928 3742 μακαριστὴ
981 3674 1014 3742 ἡ
1061 3672 1286 3742 πατρίςί
1341 3676 1438 3743 τῆς
1462 3648 1858 3745 Ἃδαμιαίαςϐ

212 3761 477 3833 πατρίδος
500 3761 924 3832 αἰδεσιμώτερον
946 3763 1349 3833 διαλάμπουσα,
1385 3764 1458 3829 ώς
1483 3766 1574 3819 τὸν
1600 3767 1659 3831 ἐξ
1691 3767 1782 3818 06-

209 3852 377 3921 ρανοῦ
423 3851 677 3923 δεύτερον
707 3853 884 3921 ’Δδὰμ
916 3854 1012 3906 σὺν
1062 3853 1139 3923 τῷ
1172 3853 1393 3926 Ἰωάννῃ
1425 3858 1794 3928 προικοφορή-

214 3959 374 3997 σασα.
413 3941 578 4004 Γένος
620 3941 728 3994 οὐδ’
761 3942 894 3995 αὐτὸ
946 3942 1421 4014 εὐκαταφρόνητον
1455 3963 1468 3978 ο
1520 3947 1674 4013 πῶς;
1706 3947 1788 4001 ὅτι

212 4033 318 4086 ἀπὸ
341 4033 636 4087 Ζεϐεδαίου
669 4033 763 4086 καὶ
785 4031 1052 4103 Σαλώμης
1071 4034 1368 4105 όμαίμονος
1388 4037 1624 4107 Χριστοῦ
1648 4038 1786 4091 κατὰ
1814 4035 1818 4090 ἶ

214 4126 393 4195 σάρκα
439 4125 471 4176 6
525 4123 955 4194 εὐφημούμενος.
989 4125 1053 4177 Ὢ
1100 4125 1214 4189 πῶς
1255 4127 1466 4196 εὐαγῶς
1505 4129 1817 4200 ἀμφότερα

210 4217 292 4279 είς
320 4213 522 4269 ταυτδν
546 4213 903 4284 συνέδραμεν,
935 4215 1024 4268 τὸν
1056 4216 1171 4269 υίδν
1201 4219 1295 4270 τοῦ
1327 4220 1615 4287 νυμφῶνος
1644 4222 1788 4274 655).—

214 4308 398 4376 φιδοῦν
446 4305 688 4377 Χριστοῦ
726 4305 1075 4378 ἐξευρεθῆναι
1119 4309 1558 4380 άρμοδιώτατονί
1603 4314 1698 4366 καί
1723 4332 1787 4382 γε

211 4400 317 4454 τῶν
351 4401 449 4469 ἀφ’
484 4400 635 4469 ἡλίου
681 4399 953 4452 ἀνατολῶν
990 4397 1240 4468 Ἰωάννης
1269 4403 1668 4473 εὐγενέστερος,
1699 4406 1788 4474 γέο
1816 4415 1817 4418 ‘

213 4511 300 4558 νος
326 4493 468 4546 Θεοῦ
502 4490 902 4562 χρηματίζεται
950 4491 1359 4563 ἀμφοτέρωθεν.
1401 4495 1593 4566 ὐρᾶτε
1628 4497 1788 4567 ήλίκα
1822 4537 1824 4550 .

212 4585 453 4656 ἀνεφάνη
489 4584 556 4637 τά
605 4583 831 4648 δόξαντα
868 4577 1005 4636 εἶναι
1046 4584 1350 4654 φαυλότερα
1400 4590 1464 4657 τῇ
1518 4589 1788 4661 φιλοπόνῳ
1831 4619 1833 4626 ε

212 4677 444 4748 ἐργασία
478 4676 827 4746 πλεκόμενα;
876 4676 960 4740 τίς
1003 4678 1036 4748 ᾑ
1082 4678 1399 4748 ἀνατροφῆς
1430 4681 1786 4752 ἐπιτήδευμα,

213 4771 332 4839 ἣτις
359 4771 456 4822 καὶ
490 4762 602 4823 οἷον
632 4768 986 4833 ἐπιδεικτέον,
1019 4769 1068 4822 εἰ
1097 4767 1204 4838 ἄρα
1224 4770 1516 4824 κάντεῦθεν
1539 4773 1792 4845 καθέίρ-

218 4862 314 4930 μὸν
347 4860 530 4932 βαίνει
564 4861 594 4912 6
617 4859 796 4927 λόγος.

287 5126 350 5184 δ’.
386 5127 558 5180 Οὐδὲν
598 5110 948 5194 ἀπορώτερον
988 5118 1063 5178 ὧν
1108 5126 1265 5196 ἴσμεν
1306 5128 1362 5180 ἐν
1407 5114 1507 5197 βίῳ
1554 5128 1791 5196 μεθόδων

217 5220 531 5290 ἁλιευτικῆς
581 5218 799 5287 τέχνης,
831 5215 953 5269 οὔτε
997 5215 1103 5285 μὴν
1149 5217 1249 5283 τῆς
1285 5217 1413 5285 περὶ
1455 5218 1623 5288 αὐτὴν
1659 5221 1792 5272 ἁνα-

218 5313 423 5383 τροφῆς
452 5309 877 5381 ἀγροικότερον·
917 5309 1052 5362 διότι
1096 5308 1205 5361 τῶν
1239 5308 1338 5376 μὲν
1376 5309 1549 5362 ἄλλων
1588 5313 1790 5381 τεχνῶν

220 5406 274 5458 al
297 5404 675 5476 προχειρίσεις
712 5400 850 5470 πρὸς
871 5399 948 5470 τῷ
978 5398 1426 5469 ἐμπολιτεύεσθαι
1457 5401 1549 5453 καὶ
1578 5402 1794 5456 πλείονα

220 5494 488 5565 πορισμὸν
519 5491 598 5562 τῷ
634 5489 854 5560 τεχνίτῃ
886 5489 1251 5559 εἰσφέρουσιν,
1287 5488 1351 5541 ἄν
1379 5504 1437 5539 τε
1470 5488 1702 5555 λογικῶς
1731 5491 1794 5543 ἄν

218 5603 276 5640 τε
305 5583 632 5657 πρακτικῶς
659 5579 866 5634 είποιέν
893 5595 976 5642 τις
995 5595 1009 5610 ·
1045 5579 1141 5649 τῆς
1170 5578 1251 5642 δέ,
1283 5578 1417 5648 πρὸς
1443 5578 1522 5648 τῷ
1557 5580 1790 5644 ίδιάζων,

219 5677 315 5730 καὶ
357 5679 392 5748 ἡ
422 5677 534 5730 τῶν
568 5673 852 5743 ἐδωδίμων
893 5673 1068 5740 σπάνη
1111 5670 1428 5739 ἐφάμιλλος,
1457 5670 1533 5733 ὡς
1561 5671 1793 5742 πληροῦ-

223 5767 341 5823 σθαι
376 5769 439 5822 τδ
473 5765 569 5822 τοῦ
600 5767 932 5844 γράμματος
959 5765 1084 5829 πᾶς,
1105 5763 1342 5832 Μόχθος
1369 5761 1680 5830 ἀνθρώπου
1709 5765 1793 5829 είς

1956 2391 2009 2446 5.
2053 2391 2293 2446 Patriam
2345 2393 2586 2464 quidem,
2630 2410 2694 2450 ex
2728 2409 2834 2465 qua
2878 2395 3155 2464 apostolus
3186 2396 3239 2450 in
3277 2395 3449 2453 lucem

1887 2483 2105 2550 prodiit,
2137 2485 2180 2538 si
2209 2484 2333 2553 quis
2367 2486 2754 2540 encomiorum
2800 2486 3012 2556 legibus
3040 2487 3238 2553 nitens,
3271 2488 3452 2556 inqui-

1884 2575 2107 2628 rendam
2142 2575 2358 2638 dixerit,
2392 2576 2534 2629 haud
2568 2577 2712 2630 illam
2746 2577 3040 2631 admodum
3070 2577 3331 2633 illustrem
3364 2574 3450 2632 in-

1883 2666 2092 2718 venerit
2123 2683 2136 2718 :
2179 2665 2308 2733 quin
2337 2665 2503 2718 etiam
2534 2667 2826 2721 obscuram
2855 2669 3011 2721 valde
3040 2677 3094 2722 et
3128 2669 3448 2739 ignobilem,

1885 2770 2077 2823 nempe
2105 2754 2383 2809 Galilaeam
2407 2774 2420 2809 :
2449 2758 2790 2812 communior
2810 2758 2956 2812 enim
2995 2759 3109 2814 haec
3136 2769 3218 2814 est
3245 2760 3444 2829 opinio.

1884 2850 1952 2902 At
1982 2849 2107 2903 hinc
2148 2859 2324 2903 tamen
2360 2851 2670 2920 spectabilis
2709 2853 2928 2906 exsistit
2954 2854 3262 2923 apostolus.
3303 2854 3452 2922 Quo-

1884 2941 2077 3005 modo,
2114 2951 2207 2994 aut
2270 2957 2375 3010 qua
2420 2943 2678 2997 ratione?
2732 2944 2868 3010 Quia
2922 2945 3064 3000 unde
3093 2947 3273 3002 nullus
3322 2963 3450 3002 sur-

1885 3031 2090 3085 rexisse
2132 3031 2416 3099 propheta,
2459 3047 2522 3087 ac
2553 3049 2650 3087 nec
2682 3034 2808 3087 boni
2840 3036 3052 3104 quidem
3075 3038 3278 3106 aliquid
3308 3054 3449 3104 esse,

1883 3119 2083 3177 Judaeis
2101 3122 2304 3191 pariter
2322 3139 2385 3177 ac
2407 3139 2536 3177 vero
2559 3124 2834 3180 Israelita.
2853 3127 3157 3193 videbatur,
3173 3129 3453 3184 illicChri-

1885 3220 2000 3265 stus
2024 3213 2190 3266 totius
2220 3211 2476 3267 bonitatis
2524 3213 2647 3270 fons
2680 3216 2734 3269 in
2764 3217 3003 3286 Virginis
3035 3217 3297 3286 principis
3325 3233 3453 3288 pro-

1884 3301 2148 3371 phetissa!
2191 3312 2346 3358 utero
2376 3314 2698 3375 conceptus,
2749 3306 2970 3376 illicqne
3003 3323 3125 3361 cum
3158 3310 3452 3365 humanam

1885 3393 2152 3450 induisset
2205 3395 2434 3451 formam
2475 3398 2800 3466 parentibus
2832 3399 3138 3468 subjectus,
3193 3402 3452 3458 educatus

1883 3493 2010 3552 est;
2063 3501 2185 3540 cum
2235 3487 2425 3542 civitas
2475 3503 2542 3543 ex
2607 3504 2714 3558 qua
2766 3489 2857 3545 ille
2902 3506 3201 3562 cognomen
3244 3494 3453 3562 accepit

1886 3575 2229 3647 (Nazarenus
2251 3581 2393 3634 enim
2419 3581 2720 3650 appellatus
2750 3582 2868 3652 est)
2898 3582 3134 3639 Galilaeaa
3157 3585 3450 3652 provincia:

1889 3677 2031 3725 esset
2067 3688 2080 3724 :
2113 3673 2200 3726 cui
2224 3673 2444 3740 quidem
2478 3671 2783 3727 Bethsaida:
2809 3688 2980 3742 pagus
3007 3675 3280 3742 subjectus
3307 3686 3450 3732 erat.

1888 3758 2060 3824 Quam
2110 3761 2331 3829 dignum
2376 3761 2733 3816 admiratione
2783 3762 2959 3816 solum
3005 3765 3019 3818 ι
3063 3763 3236 3830 Quam
3290 3767 3452 3822 beata

1888 3850 2066 3918 patria
2113 3850 2127 3902 l
2166 3849 2360 3904 Adami
2421 3852 2596 3920 patria
2659 3852 3026 3908 venerabilius
3062 3854 3343 3925 effulgens,
3395 3867 3452 3914 nt

1889 3955 2008 4009 quae
2053 3942 2352 3996 secundum
2388 3958 2418 3996 e
2459 3943 2599 3997 coelo
2624 3943 2892 3998 Adamum
2929 3960 3053 4000 cum
3086 3945 3298 4002 Joanne
3328 3965 3452 4018 pro.

1889 4034 2089 4088 tulerit.
2147 4032 2330 4092 Genus
2382 4051 2450 4088 ne
2503 4036 2680 4104 ipsum
2751 4037 2970 4106 quidem
3025 4043 3450 4110 contemptibile.

1888 4121 2171 4189 Quomodo
2192 4125 2214 4176 ‘l
2234 4123 2526 4189 Nimirum,
2558 4127 2702 4196 quod
2731 4127 2799 4192 is,
2831 4143 2992 4197 quem
3021 4129 3322 4197 laudamus,
3354 4148 3454 4189 na-

1886 4227 1975 4270 tus
2010 4215 2078 4270 sit
2113 4224 2266 4286 patre
2315 4215 2602 4282 Zebedzeo,
2631 4233 2695 4272 ac
2736 4229 2910 4273 matre
2959 4219 3192 4287 Salomc,
3228 4209 3450 4291 Christi,

1887 4311 1933 4364 si
1957 4324 2172 4364 carnem
2201 4319 2432 4378 spectes,
2461 4312 2886 4379 consanguinea.
2912 4311 2956 4366 Ο
2974 4328 3135 4382 quam
3177 4324 3362 4370 sancte
3387 4332 3454 4372 ac

1886 4403 2143 4471 praeclare
2166 4403 2328 4456 ambo
2349 4411 2762 4466 concurrerunt,
2790 4412 2848 4457 ut
2870 4405 3091 4457 thalami
3112 4404 3274 4469 illius,
3295 4407 3453 4462 Chri-

1888 4493 1955 4548 sti
1986 4492 2346 4548 consobrinus
2392 4493 2726 4547 inveniretur
2760 4493 2773 4546 l
2810 4492 2946 4547 adeo
2973 4501 3034 4548 ut
3058 4491 3298 4550 Joannes
3327 4497 3450 4550 uni-

1889 4587 2061 4641 versis
2083 4585 2152 4638 ab
2179 4594 2299 4639 ortu
2345 4585 2476 4639 solis
2506 4585 2740 4639 nobilior
2786 4584 3033 4650 exsistat,
3057 4587 3149 4655 qui
3175 4587 3452 4655 utrimque

1889 4675 1982 4729 Dei
2024 4689 2191 4742 genus
2233 4673 2323 4728 sit.
2356 4672 2559 4728 Videtis
2586 4684 2788 4743 quanta
2837 4675 2953 4729 haec
2983 4685 3298 4744 appareant,
3328 4691 3452 4744 quas

1888 4762 2211 4816 videbantur
2246 4763 2760 4831 contemptibiliora,
2820 4763 3066 4818 studioso
3117 4778 3277 4832 opere
3306 4780 3453 4820 nunc

1887 4861 2139 4907 contexta
2167 4853 2189 4905 ?
2214 4852 2356 4918 Quid
2411 4854 2548 4907 ultra
2574 4853 2597 4905 ἳ
2626 4852 2760 4907 Vitae
2795 4854 3058 4918 studium,
3090 4855 3360 4924 quodnam
3387 4857 3452 4910 il-

1820 4975 1866 5031 Β
1893 4943 1985 4998 lud
2034 4958 2100 4998 ac
2145 4943 2304 5012 quale
2351 4944 2516 4997 fuerit
2561 4943 2956 4998 ostendendum
2992 4952 3075 5000 est
3121 4961 3136 5011 ;
3183 4944 3449 5015 siquidem

1898 5035 2024 5088 hinc
2061 5048 2276 5103 quoque
2301 5033 2562 5088 orationis
2589 5034 2759 5088 series
2797 5033 3062 5104 procedit.

1964 5125 2018 5179 4.
2043 5123 2186 5178 Inter
2214 5124 2516 5179 studiorum
2541 5139 2604 5180 ac
2635 5123 3034 5193 professionum
3059 5133 3183 5178 nota
3208 5124 3365 5180 nobis
3395 5126 3451 5182 in

1894 5216 2093 5270 saeculo
2141 5230 2360 5283 genera,
2390 5215 2682 5283 piscatoria
2710 5225 2825 5270 arte
2853 5230 3083 5285 egenum
3107 5215 3275 5285 magis
3300 5231 3317 5281 ;
3351 5230 3453 5271 nec

1892 5306 2191 5375 quidquam
2217 5305 2320 5358 vita
2339 5306 2624 5374 piscationi
2649 5306 2862 5360 addicta
2894 5306 3150 5361 rusticius
3173 5304 3449 5361 invenias:

1894 5395 2153 5449 nimirum
2218 5396 2450 5449 aliarum
2484 5397 2682 5450 artium
2738 5397 2935 5460 studia,
2980 5405 3173 5466 praeter
3224 5397 3349 5450 vitae
3387 5411 3454 5452 ac

1894 5486 2328 5540 conversationis
2398 5487 2687 5552 rationem,
2757 5487 2932 5557 majus
2986 5501 3200 5556 quoque
3242 5486 3451 5542 lucrum

1895 5578 2086 5632 artillci
2119 5578 2430 5642 conferunt,
2466 5577 2580 5632 sive
2609 5578 2731 5647 quis
2767 5578 3032 5632 rationem
3057 5577 3307 5641 aestimet,
3340 5577 3454 5633 sive

1898 5669 2200 5724 actionem:
2239 5670 2526 5740 piscatoria
2556 5679 2735 5725 autem
2763 5683 2874 5736 ars,
2901 5683 3083 5738 parem
3108 5684 3229 5724 cum
3259 5669 3452 5724 solitu-

1900 5761 2024 5817 dine
2072 5761 2459 5832 parcimoniam
2508 5762 2690 5827 habet,
2720 5771 2780 5816 ut
2809 5760 3094 5830 impleatur
3138 5758 3280 5829 quod
3318 5760 3453 5815 scri-
