  <div class='ocr_page' id='page_1' title='image "/cluster/home/n/w/nwhite01/storage/ocr_20150623/99/pst.000005714063/439.png"; bbox 0 0 4018 6304; ppageno 0'>
   <div class='ocr_carea' id='block_1_1' title="bbox 552 332 658 397">
    <p class='ocr_par' dir='ltr' id='par_1_1' title="bbox 552 332 658 397">
     <span class='ocr_line' id='line_1_1' title="bbox 552 332 658 397; baseline 0 0"><span class='ocrx_word' id='word_1_1' title='bbox 552 332 658 397; x_wconf 81' lang='lat'><strong>775</strong></span> 
     </span>
    </p>
   </div>
   <div class='ocr_carea' id='block_1_2' title="bbox 1750 334 2616 396">
    <p class='ocr_par' dir='ltr' id='par_1_2' title="bbox 1750 334 2616 396">
     <span class='ocr_line' id='line_1_2' title="bbox 1750 334 2616 396; baseline 0.003 -4"><span class='ocrx_word' id='word_1_2' title='bbox 1750 335 1809 392; x_wconf 86' lang='lat' dir='ltr'><strong>S.</strong></span> <span class='ocrx_word' id='word_1_3' title='bbox 1842 334 2237 394; x_wconf 82' lang='lat' dir='ltr'><strong>THEODORI</strong></span> <span class='ocrx_word' id='word_1_4' title='bbox 2272 335 2616 396; x_wconf 63' lang='lat' dir='ltr'><strong>STUDITAS</strong></span> 
     </span>
    </p>
   </div>
   <div class='ocr_carea' id='block_1_3' title="bbox 3710 347 3814 406">
    <p class='ocr_par' dir='ltr' id='par_1_3' title="bbox 3710 347 3814 406">
     <span class='ocr_line' id='line_1_3' title="bbox 3710 347 3814 406; baseline -0.019 0"><span class='ocrx_word' id='word_1_5' title='bbox 3710 347 3814 406; x_wconf 78' lang='grc' dir='ltr'><strong>’77ίῖ</strong></span> 
     </span>
    </p>
   </div>
   <div class='ocr_carea' id='block_1_4' title="bbox 553 442 2152 520">
    <p class='ocr_par' dir='ltr' id='par_1_4' title="bbox 553 442 2152 515">
     <span class='ocr_line' id='line_1_4' title="bbox 553 442 2152 515; baseline 0.001 -18"><span class='ocrx_word' id='word_1_6' title='bbox 553 453 703 515; x_wconf 88' lang='lat' dir='ltr'><strong>ptum</strong></span> <span class='ocrx_word' id='word_1_7' title='bbox 736 450 851 497; x_wconf 88' lang='lat' dir='ltr'><strong>est:</strong></span> <span class='ocrx_word' id='word_1_8' title='bbox 887 443 1070 496; x_wconf 83' lang='lat' dir='ltr'><strong>Omnis</strong></span> <span class='ocrx_word' id='word_1_9' title='bbox 1105 442 1251 496; x_wconf 84' lang='lat' dir='ltr'><strong>labor</strong></span> <span class='ocrx_word' id='word_1_10' title='bbox 1281 443 1502 496; x_wconf 76' lang='lat' dir='ltr'><strong>hominis</strong></span> <span class='ocrx_word' id='word_1_11' title='bbox 1533 445 1585 495; x_wconf 84' lang='lat' dir='ltr'><strong>in</strong></span> <span class='ocrx_word' id='word_1_12' title='bbox 1617 459 1704 496; x_wconf 85' lang='lat' dir='ltr'><strong>ore</strong></span> <span class='ocrx_word' id='word_1_13' title='bbox 1733 444 1846 512; x_wconf 86' lang='lat' dir='ltr'><strong>ejus</strong></span> <span class='ocrx_word' id='word_1_14' title='bbox 1872 445 1937 498; x_wconf 72' lang='lat'><strong>9°.</strong></span> <span class='ocrx_word' id='word_1_15' title='bbox 1982 443 2122 498; x_wconf 91' lang='lat' dir='ltr'><strong>Sunt</strong></span> <span class='ocrx_word' id='word_1_16' title='bbox 2151 500 2152 507; x_wconf 33' lang='grc' dir='ltr'><strong>η</strong></span> 
     </span>
    </p>
   </div>
   <div class='ocr_carea' id='block_1_5' title="bbox 2252 442 3813 520">
    <p class='ocr_par' dir='ltr' id='par_1_5' title="bbox 2252 449 3813 520">
     <span class='ocr_line' id='line_1_5' title="bbox 2252 449 3813 520; baseline 0.006 -19"><span class='ocrx_word' id='word_1_17' title='bbox 2252 449 2287 501; x_wconf 80' lang='grc' dir='ltr'><em>ὸ</em></span> <span class='ocrx_word' id='word_1_18' title='bbox 2338 451 2532 517; x_wconf 80' lang='grc' dir='ltr'><em>στόμα</em></span> <span class='ocrx_word' id='word_1_19' title='bbox 2573 449 2791 502; x_wconf 77' lang='grc' dir='ltr'>αὐτοῦ’</span> <span class='ocrx_word' id='word_1_20' title='bbox 2825 450 2918 502; x_wconf 83' lang='grc' dir='ltr'>καὶ</span> <span class='ocrx_word' id='word_1_21' title='bbox 2954 450 3060 520; x_wconf 76' lang='grc' dir='ltr'><strong>γάρ</strong></span> <span class='ocrx_word' id='word_1_22' title='bbox 3096 453 3197 503; x_wconf 71' lang='grc' dir='ltr'>εισι</span> <span class='ocrx_word' id='word_1_23' title='bbox 3243 452 3672 520; x_wconf 79' lang='grc' dir='ltr'>ρακοδοτοῦντες</span> <span class='ocrx_word' id='word_1_24' title='bbox 3720 458 3813 510; x_wconf 63' lang='grc' dir='ltr'><strong>καὶ</strong></span> 
     </span>
    </p>
   </div>
   <div class='ocr_carea' id='block_1_6' title="bbox 553 536 2131 606">
    <p class='ocr_par' dir='ltr' id='par_1_6' title="bbox 553 536 2131 606">
     <span class='ocr_line' id='line_1_6' title="bbox 553 536 2131 606; baseline 0 -14"><span class='ocrx_word' id='word_1_25' title='bbox 553 551 792 605; x_wconf 85' lang='lat' dir='ltr'><strong>namque</strong></span> <span class='ocrx_word' id='word_1_26' title='bbox 819 537 1014 605; x_wconf 86' lang='lat' dir='ltr'><strong>pannis</strong></span> <span class='ocrx_word' id='word_1_27' title='bbox 1028 536 1211 600; x_wconf 87' lang='lat' dir='ltr'><strong>obsiti,</strong></span> <span class='ocrx_word' id='word_1_28' title='bbox 1245 551 1306 589; x_wconf 83' lang='lat' dir='ltr'><strong>ac</strong></span> <span class='ocrx_word' id='word_1_29' title='bbox 1321 536 1562 589; x_wconf 77' lang='lat' dir='ltr'><strong>vestibus</strong></span> <span class='ocrx_word' id='word_1_30' title='bbox 1581 537 1816 602; x_wconf 90' lang='lat' dir='ltr'><strong>detritis,</strong></span> <span class='ocrx_word' id='word_1_31' title='bbox 1842 537 2131 606; x_wconf 87' lang='lat' dir='ltr'><strong>squallenti</strong></span> 
     </span>
    </p>
   </div>
   <div class='ocr_carea' id='block_1_7' title="bbox 555 625 2132 697">
    <p class='ocr_par' dir='ltr' id='par_1_7' title="bbox 555 625 2132 697">
     <span class='ocr_line' id='line_1_7' title="bbox 555 625 2132 697; baseline 0.001 -14"><span class='ocrx_word' id='word_1_32' title='bbox 555 643 736 689; x_wconf 86' lang='lat' dir='ltr'><strong>coma,</strong></span> <span class='ocrx_word' id='word_1_33' title='bbox 776 642 839 682; x_wconf 92' lang='lat' dir='ltr'><strong>ac</strong></span> <span class='ocrx_word' id='word_1_34' title='bbox 866 627 1058 682; x_wconf 87' lang='lat' dir='ltr'><strong>adusta</strong></span> <span class='ocrx_word' id='word_1_35' title='bbox 1095 625 1257 692; x_wconf 80' lang='lat' dir='ltr'><strong>facie,</strong></span> <span class='ocrx_word' id='word_1_36' title='bbox 1291 627 1452 682; x_wconf 89' lang='lat' dir='ltr'><strong>nudis</strong></span> <span class='ocrx_word' id='word_1_37' title='bbox 1485 627 1712 697; x_wconf 79' lang='lat' dir='ltr'><strong>pedibus</strong></span> <span class='ocrx_word' id='word_1_38' title='bbox 1738 629 2132 694; x_wconf 78' lang='lat' dir='ltr'><strong>discurrentes,</strong></span> 
     </span>
    </p>
   </div>
   <div class='ocr_carea' id='block_1_8' title="bbox 553 717 2132 788">
    <p class='ocr_par' dir='ltr' id='par_1_8' title="bbox 553 717 2132 788">
     <span class='ocr_line' id='line_1_8' title="bbox 553 717 2132 788; baseline 0.002 -17"><span class='ocrx_word' id='word_1_39' title='bbox 553 717 845 780; x_wconf 86' lang='lat' dir='ltr'><strong>littoribus,</strong></span> <span class='ocrx_word' id='word_1_40' title='bbox 906 732 970 772; x_wconf 87' lang='lat' dir='ltr'><strong>ac</strong></span> <span class='ocrx_word' id='word_1_41' title='bbox 1027 718 1201 788; x_wconf 91' lang='lat' dir='ltr'><strong>magis</strong></span> <span class='ocrx_word' id='word_1_42' title='bbox 1240 718 1499 773; x_wconf 87' lang='lat' dir='ltr'><strong>solitariis</strong></span> <span class='ocrx_word' id='word_1_43' title='bbox 1551 719 1686 775; x_wconf 88' lang='lat' dir='ltr'><strong>locis</strong></span> <span class='ocrx_word' id='word_1_44' title='bbox 1759 720 2132 785; x_wconf 90' lang='lat' dir='ltr'><strong>immorantes,</strong></span> 
     </span>
    </p>
   </div>
   <div class='ocr_carea' id='block_1_9' title="bbox 555 809 2134 879">
    <p class='ocr_par' dir='ltr' id='par_1_9' title="bbox 555 809 2134 879">
     <span class='ocr_line' id='line_1_9' title="bbox 555 809 2134 879; baseline 0.001 -15"><span class='ocrx_word' id='word_1_45' title='bbox 555 811 719 864; x_wconf 91' lang='lat' dir='ltr'><strong>modo</strong></span> <span class='ocrx_word' id='word_1_46' title='bbox 759 809 977 878; x_wconf 84' lang='lat' dir='ltr'><strong>quidem</strong></span> <span class='ocrx_word' id='word_1_47' title='bbox 1036 825 1200 879; x_wconf 82' lang='lat' dir='ltr'><strong>super</strong></span> <span class='ocrx_word' id='word_1_48' title='bbox 1252 822 1435 879; x_wconf 85' lang='lat' dir='ltr'><strong>petras</strong></span> <span class='ocrx_word' id='word_1_49' title='bbox 1475 811 1748 874; x_wconf 90' lang='lat' dir='ltr'><strong>sedentes,</strong></span> <span class='ocrx_word' id='word_1_50' title='bbox 1782 812 1944 866; x_wconf 89' lang='lat' dir='ltr'><strong>modo</strong></span> <span class='ocrx_word' id='word_1_51' title='bbox 1994 812 2134 866; x_wconf 89' lang='lat' dir='ltr'><strong>imos</strong></span> 
     </span>
    </p>
   </div>
   <div class='ocr_carea' id='block_1_10' title="bbox 557 901 2132 973">
    <p class='ocr_par' dir='ltr' id='par_1_10' title="bbox 557 901 2132 973">
     <span class='ocr_line' id='line_1_10' title="bbox 557 901 2132 973; baseline 0.004 -21"><span class='ocrx_word' id='word_1_52' title='bbox 557 901 819 971; x_wconf 75' lang='lat' dir='ltr'><strong>gurgites,</strong></span> <span class='ocrx_word' id='word_1_53' title='bbox 880 902 1025 956; x_wconf 90' lang='lat' dir='ltr'><strong>unde</strong></span> <span class='ocrx_word' id='word_1_54' title='bbox 1081 903 1315 971; x_wconf 68' lang='lat' dir='ltr'><strong>praedam</strong></span> <span class='ocrx_word' id='word_1_55' title='bbox 1351 913 1688 972; x_wconf 84' lang='lat' dir='ltr'><strong>exspectant.</strong></span> <span class='ocrx_word' id='word_1_56' title='bbox 1761 904 2132 973; x_wconf 90' lang='lat' dir='ltr'><strong>dispicientes.</strong></span> 
     </span>
    </p>
   </div>
   <div class='ocr_carea' id='block_1_11' title="bbox 558 993 2137 1064">
    <p class='ocr_par' dir='ltr' id='par_1_11' title="bbox 558 993 2137 1064">
     <span class='ocr_line' id='line_1_11' title="bbox 558 993 2137 1064; baseline 0.001 -16"><span class='ocrx_word' id='word_1_57' title='bbox 558 993 832 1060; x_wconf 87' lang='lat' dir='ltr'><strong>Quorsum</strong></span> <span class='ocrx_word' id='word_1_58' title='bbox 863 993 980 1048; x_wconf 59' lang='lat' dir='ltr'><strong>hac</strong></span> <span class='ocrx_word' id='word_1_59' title='bbox 1013 1002 1120 1047; x_wconf 87' lang='lat' dir='ltr'><strong>tam</strong></span> <span class='ocrx_word' id='word_1_60' title='bbox 1145 994 1436 1064; x_wconf 78' lang='lat' dir='ltr'><strong>diligenter</strong></span> <span class='ocrx_word' id='word_1_61' title='bbox 1487 996 1714 1064; x_wconf 76' lang='lat' dir='ltr'><strong>exposui</strong></span> <span class='ocrx_word' id='word_1_62' title='bbox 1742 995 2050 1050; x_wconf 83' lang='lat' dir='ltr'><strong>?Nimirum</strong></span> <span class='ocrx_word' id='word_1_63' title='bbox 2080 1005 2137 1050; x_wconf 94' lang='lat' dir='ltr'><strong>ut</strong></span> 
     </span>
    </p>
   </div>
   <div class='ocr_carea' id='block_1_12' title="bbox 557 1084 2135 1155">
    <p class='ocr_par' dir='ltr' id='par_1_12' title="bbox 557 1084 2135 1155">
     <span class='ocr_line' id='line_1_12' title="bbox 557 1084 2135 1155; baseline 0.004 -19"><span class='ocrx_word' id='word_1_64' title='bbox 557 1085 843 1140; x_wconf 85' lang='lat' dir='ltr'><strong>ostendam</strong></span> <span class='ocrx_word' id='word_1_65' title='bbox 883 1084 1018 1138; x_wconf 84' lang='lat' dir='ltr'><strong>nihil</strong></span> <span class='ocrx_word' id='word_1_66' title='bbox 1045 1099 1169 1140; x_wconf 88' lang='lat' dir='ltr'><strong>esse</strong></span> <span class='ocrx_word' id='word_1_67' title='bbox 1211 1085 1435 1154; x_wconf 89' lang='lat' dir='ltr'><strong>dignum</strong></span> <span class='ocrx_word' id='word_1_68' title='bbox 1469 1086 1888 1155; x_wconf 86' lang='lat' dir='ltr'><strong>vituperatione,</strong></span> <span class='ocrx_word' id='word_1_69' title='bbox 1916 1088 2135 1144; x_wconf 84' lang='lat' dir='ltr'><strong>tametsi</strong></span> 
     </span>
    </p>
   </div>
   <div class='ocr_carea' id='block_1_13' title="bbox 560 1175 2136 1246">
    <p class='ocr_par' dir='ltr' id='par_1_13' title="bbox 560 1175 2136 1246">
     <span class='ocr_line' id='line_1_13' title="bbox 560 1175 2136 1246; baseline 0.002 -16"><span class='ocrx_word' id='word_1_70' title='bbox 560 1176 798 1231; x_wconf 85' lang='lat' dir='ltr'><strong>Joannes</strong></span> <span class='ocrx_word' id='word_1_71' title='bbox 832 1175 969 1230; x_wconf 89' lang='lat' dir='ltr'><strong>hanc</strong></span> <span class='ocrx_word' id='word_1_72' title='bbox 989 1176 1293 1230; x_wconf 81' lang='lat' dir='ltr'><strong>exercuerit</strong></span> <span class='ocrx_word' id='word_1_73' title='bbox 1326 1185 1519 1230; x_wconf 87' lang='lat' dir='ltr'><strong>artem.</strong></span> <span class='ocrx_word' id='word_1_74' title='bbox 1553 1176 1747 1231; x_wconf 85' lang='lat' dir='ltr'><strong>Transi</strong></span> <span class='ocrx_word' id='word_1_75' title='bbox 1786 1187 1839 1230; x_wconf 93' lang='lat' dir='ltr'><strong>tu</strong></span> <span class='ocrx_word' id='word_1_76' title='bbox 1875 1179 2136 1246; x_wconf 87' lang='lat' dir='ltr'><strong>spiritalis</strong></span> 
     </span>
    </p>
   </div>
   <div class='ocr_carea' id='block_1_14' title="bbox 559 1263 2135 1333">
    <p class='ocr_par' dir='ltr' id='par_1_14' title="bbox 559 1263 2135 1333">
     <span class='ocr_line' id='line_1_14' title="bbox 559 1263 2135 1333; baseline -0.003 -12"><span class='ocrx_word' id='word_1_77' title='bbox 559 1280 756 1321; x_wconf 77' lang='lat' dir='ltr'><strong>sensus</strong></span> <span class='ocrx_word' id='word_1_78' title='bbox 781 1265 1133 1333; x_wconf 74' lang='lat' dir='ltr'><strong>investigator</strong></span> <span class='ocrx_word' id='word_1_79' title='bbox 1160 1265 1225 1316; x_wconf 87' lang='lat' dir='ltr'><strong>ad</strong></span> <span class='ocrx_word' id='word_1_80' title='bbox 1249 1263 1516 1317; x_wconf 84' lang='lat' dir='ltr'><strong>visibilem</strong></span> <span class='ocrx_word' id='word_1_81' title='bbox 1540 1264 1872 1332; x_wconf 71' lang='lat' dir='ltr'><strong>metaphora:</strong></span> <span class='ocrx_word' id='word_1_82' title='bbox 1895 1264 2135 1330; x_wconf 92' lang='lat' dir='ltr'><strong>modum,</strong></span> 
     </span>
    </p>
   </div>
   <div class='ocr_carea' id='block_1_15' title="bbox 563 1355 2137 1426">
    <p class='ocr_par' dir='ltr' id='par_1_15' title="bbox 563 1355 2137 1426">
     <span class='ocr_line' id='line_1_15' title="bbox 563 1355 2137 1426; baseline -0.003 -14"><span class='ocrx_word' id='word_1_83' title='bbox 563 1370 929 1425; x_wconf 84' lang='lat' dir='ltr'><strong>occurretque</strong></span> <span class='ocrx_word' id='word_1_84' title='bbox 970 1356 1195 1410; x_wconf 81' lang='lat' dir='ltr'><strong>scientia</strong></span> <span class='ocrx_word' id='word_1_85' title='bbox 1225 1355 1407 1426; x_wconf 77' lang='lat' dir='ltr'><strong>generi</strong></span> <span class='ocrx_word' id='word_1_86' title='bbox 1440 1371 1765 1422; x_wconf 87' lang='lat' dir='ltr'><strong>congruens.</strong></span> <span class='ocrx_word' id='word_1_87' title='bbox 1800 1355 1964 1409; x_wconf 84' lang='lat' dir='ltr'><strong>David</strong></span> <span class='ocrx_word' id='word_1_88' title='bbox 2013 1370 2137 1408; x_wconf 91' lang='lat' dir='ltr'><strong>cum</strong></span> 
     </span>
    </p>
   </div>
   <div class='ocr_carea' id='block_1_16' title="bbox 562 1445 2139 1518">
    <p class='ocr_par' dir='ltr' id='par_1_16' title="bbox 562 1445 2139 1518">
     <span class='ocr_line' id='line_1_16' title="bbox 562 1445 2139 1518; baseline 0.001 -19"><span class='ocrx_word' id='word_1_89' title='bbox 562 1449 716 1517; x_wconf 87' lang='lat' dir='ltr'><strong>prius</strong></span> <span class='ocrx_word' id='word_1_90' title='bbox 737 1458 924 1518; x_wconf 85' lang='lat' dir='ltr'><strong>pastor</strong></span> <span class='ocrx_word' id='word_1_91' title='bbox 944 1447 1124 1501; x_wconf 89' lang='lat' dir='ltr'><strong>ovium</strong></span> <span class='ocrx_word' id='word_1_92' title='bbox 1157 1456 1323 1511; x_wconf 88' lang='lat' dir='ltr'><strong>esset,</strong></span> <span class='ocrx_word' id='word_1_93' title='bbox 1363 1447 1708 1516; x_wconf 84' lang='lat' dir='ltr'><strong>postmodum</strong></span> <span class='ocrx_word' id='word_1_94' title='bbox 1739 1461 1768 1499; x_wconf 91' lang='lat' dir='ltr'><strong>a</strong></span> <span class='ocrx_word' id='word_1_95' title='bbox 1794 1445 1903 1500; x_wconf 90' lang='lat' dir='ltr'><strong>Deo</strong></span> <span class='ocrx_word' id='word_1_96' title='bbox 1934 1446 2139 1501; x_wconf 89' lang='lat' dir='ltr'><strong>electus</strong></span> 
     </span>
    </p>
   </div>
   <div class='ocr_carea' id='block_1_17' title="bbox 565 1536 2140 1609">
    <p class='ocr_par' dir='ltr' id='par_1_17' title="bbox 565 1536 2140 1609">
     <span class='ocr_line' id='line_1_17' title="bbox 565 1536 2140 1609; baseline -0.004 -13"><span class='ocrx_word' id='word_1_97' title='bbox 565 1549 670 1603; x_wconf 90' lang='lat' dir='ltr'><strong>est,</strong></span> <span class='ocrx_word' id='word_1_98' title='bbox 700 1554 912 1609; x_wconf 80' lang='lat' dir='ltr'><strong>pascere</strong></span> <span class='ocrx_word' id='word_1_99' title='bbox 937 1536 1338 1593; x_wconf 75' lang='lat' dir='ltr'><strong>Iacob-servum</strong></span> <span class='ocrx_word' id='word_1_100' title='bbox 1361 1553 1538 1601; x_wconf 82' lang='lat' dir='ltr'><strong>suum,</strong></span> <span class='ocrx_word' id='word_1_101' title='bbox 1570 1547 1620 1591; x_wconf 86' lang='lat' dir='ltr'><strong>et</strong></span> <span class='ocrx_word' id='word_1_102' title='bbox 1656 1536 1827 1590; x_wconf 80' lang='lat' dir='ltr'><strong>Israel</strong></span> <span class='ocrx_word' id='word_1_103' title='bbox 1859 1536 2140 1590; x_wconf 74' lang='lat' dir='ltr'><strong>[neredita-</strong></span> 
     </span>
    </p>
   </div>
   <div class='ocr_carea' id='block_1_18' title="bbox 566 1627 2139 1699">
    <p class='ocr_par' dir='ltr' id='par_1_18' title="bbox 566 1627 2139 1699">
     <span class='ocr_line' id='line_1_18' title="bbox 566 1627 2139 1699; baseline -0.001 -14"><span class='ocrx_word' id='word_1_104' title='bbox 566 1641 668 1686; x_wconf 76' lang='lat' dir='ltr'><strong>tem</strong></span> <span class='ocrx_word' id='word_1_105' title='bbox 697 1631 937 1684; x_wconf 79' lang='lat' dir='ltr'><strong>suam”.</strong></span> <span class='ocrx_word' id='word_1_106' title='bbox 966 1629 1095 1682; x_wconf 86' lang='lat' dir='ltr'><strong>Mihi</strong></span> <span class='ocrx_word' id='word_1_107' title='bbox 1141 1644 1359 1699; x_wconf 89' lang='lat' dir='ltr'><strong>quoque</strong></span> <span class='ocrx_word' id='word_1_108' title='bbox 1405 1627 1668 1684; x_wconf 87' lang='lat' dir='ltr'><strong>Joannem</strong></span> <span class='ocrx_word' id='word_1_109' title='bbox 1709 1629 2018 1692; x_wconf 91' lang='lat' dir='ltr'><strong>considera,</strong></span> <span class='ocrx_word' id='word_1_110' title='bbox 2071 1629 2139 1683; x_wconf 85' lang='lat' dir='ltr'><strong>ab</strong></span> 
     </span>
    </p>
   </div>
   <div class='ocr_carea' id='block_1_19' title="bbox 2235 541 3814 613">
    <p class='ocr_par' dir='ltr' id='par_1_19' title="bbox 2235 541 3814 613">
     <span class='ocr_line' id='line_1_19' title="bbox 2235 541 3814 613; baseline 0.003 -20"><span class='ocrx_word' id='word_1_111' title='bbox 2235 541 2612 613; x_wconf 79' lang='grc' dir='ltr'>ἐρικνωμένοι,</span> <span class='ocrx_word' id='word_1_112' title='bbox 2644 541 2920 610; x_wconf 76' lang='grc' dir='ltr'>αὐχμηροὶ</span> <span class='ocrx_word' id='word_1_113' title='bbox 2965 543 3064 612; x_wconf 81' lang='grc' dir='ltr'>τὴν</span> <span class='ocrx_word' id='word_1_114' title='bbox 3117 544 3289 611; x_wconf 77' lang='grc' dir='ltr'>κόμην</span> <span class='ocrx_word' id='word_1_115' title='bbox 3335 545 3427 598; x_wconf 75' lang='grc' dir='ltr'>καὶ</span> <span class='ocrx_word' id='word_1_116' title='bbox 3467 545 3814 613; x_wconf 76' lang='grc' dir='ltr'>ὀψίκαυστοι,</span> 
     </span>
    </p>
   </div>
   <div class='ocr_carea' id='block_1_20' title="bbox 2233 631 3816 701">
    <p class='ocr_par' dir='ltr' id='par_1_20' title="bbox 2233 631 3816 701">
     <span class='ocr_line' id='line_1_20' title="bbox 2233 631 3816 701; baseline 0.003 -17"><span class='ocrx_word' id='word_1_117' title='bbox 2233 631 2698 701; x_wconf 86' lang='grc' dir='ltr'>γυμνοποδοῦντες</span> <span class='ocrx_word' id='word_1_118' title='bbox 2739 631 2873 701; x_wconf 80' lang='grc' dir='ltr'>ὁμοῦ</span> <span class='ocrx_word' id='word_1_119' title='bbox 2907 634 3003 686; x_wconf 74' lang='grc' dir='ltr'>καὶ</span> <span class='ocrx_word' id='word_1_120' title='bbox 3029 633 3370 699; x_wconf 88' lang='grc' dir='ltr'>ἀναθέοντες,</span> <span class='ocrx_word' id='word_1_121' title='bbox 3401 636 3600 698; x_wconf 81' lang='grc' dir='ltr'><strong>ἀκταῖς</strong></span> <span class='ocrx_word' id='word_1_122' title='bbox 3629 656 3691 690; x_wconf 92' lang='grc' dir='ltr'><strong>τε</strong></span> <span class='ocrx_word' id='word_1_123' title='bbox 3723 639 3816 692; x_wconf 72' lang='grc' dir='ltr'>καὶ</span> 
     </span>
    </p>
   </div>
   <div class='ocr_carea' id='block_1_21' title="bbox 2235 721 3808 794">
    <p class='ocr_par' dir='ltr' id='par_1_21' title="bbox 2235 721 3808 794">
     <span class='ocr_line' id='line_1_21' title="bbox 2235 721 3808 794; baseline 0.004 -22"><span class='ocrx_word' id='word_1_124' title='bbox 2235 722 2669 792; x_wconf 80' lang='grc' dir='ltr'>ἐρημικωτέροις</span> <span class='ocrx_word' id='word_1_125' title='bbox 2720 721 2905 784; x_wconf 84' lang='grc' dir='ltr'><strong>τόποις</strong></span> <span class='ocrx_word' id='word_1_126' title='bbox 2950 723 3404 792; x_wconf 75' lang='grc' dir='ltr'>ἐνδιατρίϐοντες·</span> <span class='ocrx_word' id='word_1_127' title='bbox 3439 725 3515 792; x_wconf 85' lang='grc' dir='ltr'>πῆ</span> <span class='ocrx_word' id='word_1_128' title='bbox 3562 727 3665 794; x_wconf 83' lang='grc' dir='ltr'>μὲν</span> <span class='ocrx_word' id='word_1_129' title='bbox 3715 727 3808 778; x_wconf 76' lang='grc' dir='ltr'><strong>πέ-</strong></span> 
     </span>
    </p>
   </div>
   <div class='ocr_carea' id='block_1_22' title="bbox 2234 811 3812 887">
    <p class='ocr_par' dir='ltr' id='par_1_22' title="bbox 2234 811 3812 887">
     <span class='ocr_line' id='line_1_22' title="bbox 2234 811 3812 887; baseline 0.003 -21"><span class='ocrx_word' id='word_1_130' title='bbox 2234 830 2392 883; x_wconf 89' lang='grc' dir='ltr'>τραις</span> <span class='ocrx_word' id='word_1_131' title='bbox 2443 811 2966 884; x_wconf 71' lang='grc' dir='ltr'>ὑπερκαοεζόμενοι,</span> <span class='ocrx_word' id='word_1_132' title='bbox 3021 815 3100 885; x_wconf 85' lang='grc' dir='ltr'>πῆ</span> <span class='ocrx_word' id='word_1_133' title='bbox 3147 814 3204 867; x_wconf 86' lang='grc' dir='ltr'>δὲ</span> <span class='ocrx_word' id='word_1_134' title='bbox 3260 816 3453 884; x_wconf 78' lang='grc' dir='ltr'><strong>βυθοὺς</strong></span> <span class='ocrx_word' id='word_1_135' title='bbox 3503 817 3812 887; x_wconf 85' lang='grc' dir='ltr'>διορῶντες,</span> 
     </span>
    </p>
   </div>
   <div class='ocr_carea' id='block_1_23' title="bbox 2235 904 3817 976">
    <p class='ocr_par' dir='ltr' id='par_1_23' title="bbox 2235 904 3817 976">
     <span class='ocr_line' id='line_1_23' title="bbox 2235 904 3817 976; baseline 0.001 -19"><span class='ocrx_word' id='word_1_136' title='bbox 2235 904 2528 957; x_wconf 82' lang='grc' dir='ltr'>κάντεῦθεν</span> <span class='ocrx_word' id='word_1_137' title='bbox 2565 904 2662 974; x_wconf 79' lang='grc' dir='ltr'>τὴν</span> <span class='ocrx_word' id='word_1_138' title='bbox 2705 904 2881 975; x_wconf 78' lang='grc' dir='ltr'>ἄγραν</span> <span class='ocrx_word' id='word_1_139' title='bbox 2910 906 3212 976; x_wconf 84' lang='grc' dir='ltr'>ἀνέχοντες.</span> <span class='ocrx_word' id='word_1_140' title='bbox 3253 907 3410 971; x_wconf 82' lang='grc' dir='ltr'>Τίνος</span> <span class='ocrx_word' id='word_1_141' title='bbox 3460 904 3557 962; x_wconf 80' lang='grc' dir='ltr'>οὖν</span> <span class='ocrx_word' id='word_1_142' title='bbox 3608 909 3817 961; x_wconf 81' lang='grc' dir='ltr'>εἵνεκεν</span> 
     </span>
    </p>
   </div>
   <div class='ocr_carea' id='block_1_24' title="bbox 2237 997 3816 1084">
    <p class='ocr_par' dir='ltr' id='par_1_24' title="bbox 2237 997 3816 1072">
     <span class='ocr_line' id='line_1_24' title="bbox 2237 997 3816 1072; baseline 0.004 -24"><span class='ocrx_word' id='word_1_143' title='bbox 2237 997 2657 1067; x_wconf 82' lang='grc' dir='ltr'><strong>περιεργότερον</strong></span> <span class='ocrx_word' id='word_1_144' title='bbox 2684 999 2911 1050; x_wconf 83' lang='grc' dir='ltr'>ὑπείπον</span> <span class='ocrx_word' id='word_1_145' title='bbox 2941 999 3143 1060; x_wconf 76' lang='grc' dir='ltr'>ταῦτας</span> <span class='ocrx_word' id='word_1_146' title='bbox 3175 1001 3258 1051; x_wconf 87' lang='grc' dir='ltr'>ὃτι</span> <span class='ocrx_word' id='word_1_147' title='bbox 3288 1002 3334 1052; x_wconf 89' lang='grc' dir='ltr'><strong>εί</strong></span> <span class='ocrx_word' id='word_1_148' title='bbox 3369 1002 3459 1052; x_wconf 72' lang='grc' dir='ltr'>καὶ</span> <span class='ocrx_word' id='word_1_149' title='bbox 3482 1001 3690 1070; x_wconf 82' lang='grc' dir='ltr'>ταύτην</span> <span class='ocrx_word' id='word_1_150' title='bbox 3720 1002 3816 1072; x_wconf 79' lang='grc' dir='ltr'>τὴν</span> 
     </span>
    </p>
   </div>
   <div class='ocr_carea' id='block_1_25' title="bbox 2235 1089 3817 1163">
    <p class='ocr_par' dir='ltr' id='par_1_25' title="bbox 2235 1089 3817 1163">
     <span class='ocr_line' id='line_1_25' title="bbox 2235 1089 3817 1163; baseline 0.003 -21"><span class='ocrx_word' id='word_1_151' title='bbox 2235 1092 2430 1159; x_wconf 83' lang='grc' dir='ltr'>τέχνην</span> <span class='ocrx_word' id='word_1_152' title='bbox 2455 1089 2695 1160; x_wconf 83' lang='grc' dir='ltr'><strong>μέτεισιν</strong></span> <span class='ocrx_word' id='word_1_153' title='bbox 2724 1093 2751 1142; x_wconf 84' lang='grc' dir='ltr'>ὁ</span> <span class='ocrx_word' id='word_1_154' title='bbox 2790 1091 3063 1160; x_wconf 85' lang='grc' dir='ltr'><strong>Ἰωάννης,</strong></span> <span class='ocrx_word' id='word_1_155' title='bbox 3092 1093 3152 1143; x_wconf 84' lang='grc' dir='ltr'>οὐ</span> <span class='ocrx_word' id='word_1_156' title='bbox 3185 1093 3499 1163; x_wconf 83' lang='grc' dir='ltr'>νεμεσητόν.</span> <span class='ocrx_word' id='word_1_157' title='bbox 3529 1093 3817 1163; x_wconf 77' lang='grc' dir='ltr'>Μετάϐηθι</span> 
     </span>
    </p>
   </div>
   <div class='ocr_carea' id='block_1_26' title="bbox 2236 1179 3816 1254">
    <p class='ocr_par' dir='ltr' id='par_1_26' title="bbox 2236 1179 3816 1254">
     <span class='ocr_line' id='line_1_26' title="bbox 2236 1179 3816 1254; baseline 0.003 -22"><span class='ocrx_word' id='word_1_158' title='bbox 2236 1180 2329 1232; x_wconf 74' lang='grc' dir='ltr'>ἐπὶ</span> <span class='ocrx_word' id='word_1_159' title='bbox 2361 1179 2452 1232; x_wconf 83' lang='grc' dir='ltr'>τὸν</span> <span class='ocrx_word' id='word_1_160' title='bbox 2477 1181 2577 1249; x_wconf 84' lang='grc' dir='ltr'>τῆς</span> <span class='ocrx_word' id='word_1_161' title='bbox 2611 1184 2924 1250; x_wconf 78' lang='grc' dir='ltr'>μεταφορᾶς</span> <span class='ocrx_word' id='word_1_162' title='bbox 2956 1181 3156 1251; x_wconf 77' lang='grc' dir='ltr'>τρόπον</span> <span class='ocrx_word' id='word_1_163' title='bbox 3184 1183 3478 1254; x_wconf 79' lang='grc' dir='ltr'>θεωρητὸν,</span> <span class='ocrx_word' id='word_1_164' title='bbox 3519 1185 3617 1237; x_wconf 80' lang='grc' dir='ltr'>καὶ</span> <span class='ocrx_word' id='word_1_165' title='bbox 3648 1185 3816 1254; x_wconf 82' lang='grc' dir='ltr'>εὑρή-</span> 
     </span>
    </p>
   </div>
   <div class='ocr_carea' id='block_1_27' title="bbox 2239 1272 3820 1344">
    <p class='ocr_par' dir='ltr' id='par_1_27' title="bbox 2239 1272 3820 1344">
     <span class='ocr_line' id='line_1_27' title="bbox 2239 1272 3820 1344; baseline 0.003 -20"><span class='ocrx_word' id='word_1_166' title='bbox 2239 1289 2353 1336; x_wconf 84' lang='grc' dir='ltr'>σεις</span> <span class='ocrx_word' id='word_1_167' title='bbox 2395 1272 2798 1342; x_wconf 85' lang='grc' dir='ltr'>συμϐαίνουσαν</span> <span class='ocrx_word' id='word_1_168' title='bbox 2831 1273 2907 1342; x_wconf 83' lang='grc' dir='ltr'>τῷ</span> <span class='ocrx_word' id='word_1_169' title='bbox 2950 1273 3096 1339; x_wconf 84' lang='grc' dir='ltr'>γένει</span> <span class='ocrx_word' id='word_1_170' title='bbox 3141 1273 3239 1344; x_wconf 84' lang='grc' dir='ltr'><strong>τὴν</strong></span> <span class='ocrx_word' id='word_1_171' title='bbox 3269 1276 3600 1344; x_wconf 83' lang='grc' dir='ltr'>ἐπιστήμην.</span> <span class='ocrx_word' id='word_1_172' title='bbox 3652 1278 3820 1330; x_wconf 71' lang='grc' dir='ltr'>Δαϐὶδ</span> 
     </span>
    </p>
   </div>
   <div class='ocr_carea' id='block_1_28' title="bbox 2239 1363 3820 1434">
    <p class='ocr_par' dir='ltr' id='par_1_28' title="bbox 2239 1363 3820 1434">
     <span class='ocr_line' id='line_1_28' title="bbox 2239 1363 3820 1434; baseline 0.003 -18"><span class='ocrx_word' id='word_1_173' title='bbox 2239 1365 2440 1434; x_wconf 84' lang='grc' dir='ltr'>ποιμὴν</span> <span class='ocrx_word' id='word_1_174' title='bbox 2487 1365 2750 1433; x_wconf 78' lang='grc' dir='ltr'>πρότερον</span> <span class='ocrx_word' id='word_1_175' title='bbox 2805 1365 3128 1434; x_wconf 86' lang='grc' dir='ltr'>προϐάτων,</span> <span class='ocrx_word' id='word_1_176' title='bbox 3174 1363 3297 1419; x_wconf 75' lang='grc' dir='ltr'>εἶτα</span> <span class='ocrx_word' id='word_1_177' title='bbox 3348 1366 3452 1418; x_wconf 72' lang='grc' dir='ltr'>ὑπὸ</span> <span class='ocrx_word' id='word_1_178' title='bbox 3509 1366 3648 1420; x_wconf 75' lang='grc' dir='ltr'>Θεοῦ</span> <span class='ocrx_word' id='word_1_179' title='bbox 3697 1384 3820 1422; x_wconf 77' lang='grc' dir='ltr'>ποι-</span> 
     </span>
    </p>
   </div>
   <div class='ocr_carea' id='block_1_29' title="bbox 2232 1456 3818 1529">
    <p class='ocr_par' dir='ltr' id='par_1_29' title="bbox 2232 1456 3818 1529">
     <span class='ocr_line' id='line_1_29' title="bbox 2232 1456 3818 1529; baseline 0.003 -18"><span class='ocrx_word' id='word_1_180' title='bbox 2232 1459 2464 1528; x_wconf 78' lang='grc' dir='ltr'>μαίνων</span> <span class='ocrx_word' id='word_1_181' title='bbox 2499 1457 2609 1510; x_wconf 80' lang='grc' dir='ltr'><strong>τὸν</strong></span> <span class='ocrx_word' id='word_1_182' title='bbox 2632 1456 2856 1512; x_wconf 75' lang='grc' dir='ltr'>δοῦλον</span> <span class='ocrx_word' id='word_1_183' title='bbox 2893 1457 3080 1511; x_wconf 85' lang='grc' dir='ltr'>αὑτοῦ</span> <span class='ocrx_word' id='word_1_184' title='bbox 3111 1459 3210 1512; x_wconf 74' lang='grc' dir='ltr'>καὶ</span> <span class='ocrx_word' id='word_1_185' title='bbox 3254 1459 3490 1526; x_wconf 80' lang='grc' dir='ltr'>Ἰσραὴλ</span> <span class='ocrx_word' id='word_1_186' title='bbox 3521 1459 3639 1526; x_wconf 81' lang='grc' dir='ltr'><strong>τὴν</strong></span> <span class='ocrx_word' id='word_1_187' title='bbox 3669 1467 3818 1529; x_wconf 75' lang='grc' dir='ltr'>κλη-</span> 
     </span>
    </p>
   </div>
   <div class='ocr_carea' id='block_1_30' title="bbox 2233 1546 3818 1620">
    <p class='ocr_par' dir='ltr' id='par_1_30' title="bbox 2233 1546 3818 1620">
     <span class='ocr_line' id='line_1_30' title="bbox 2233 1546 3818 1620; baseline 0.001 -18"><span class='ocrx_word' id='word_1_188' title='bbox 2233 1548 2524 1616; x_wconf 78' lang='grc' dir='ltr'>ρονομίαν</span> <span class='ocrx_word' id='word_1_189' title='bbox 2551 1546 2758 1600; x_wconf 86' lang='grc' dir='ltr'>αὐτοῦ.</span> <span class='ocrx_word' id='word_1_190' title='bbox 2792 1546 2996 1616; x_wconf 82' lang='grc' dir='ltr'>Σκέψαι</span> <span class='ocrx_word' id='word_1_191' title='bbox 3037 1565 3126 1616; x_wconf 90' lang='grc' dir='ltr'><strong>μοι</strong></span> <span class='ocrx_word' id='word_1_192' title='bbox 3156 1549 3248 1601; x_wconf 63' lang='grc' dir='ltr'><strong>καὶ⁵</strong></span> <span class='ocrx_word' id='word_1_193' title='bbox 3283 1549 3533 1617; x_wconf 82' lang='grc' dir='ltr'>Ἰωάννην</span> <span class='ocrx_word' id='word_1_194' title='bbox 3565 1549 3676 1602; x_wconf 82' lang='grc' dir='ltr'>ἀπὸ</span> <span class='ocrx_word' id='word_1_195' title='bbox 3721 1551 3818 1620; x_wconf 81' lang='grc' dir='ltr'>τῆς</span> 
     </span>
    </p>
   </div>
   <div class='ocr_carea' id='block_1_31' title="bbox 2237 1639 3819 1712">
    <p class='ocr_par' dir='ltr' id='par_1_31' title="bbox 2237 1639 3819 1712">
     <span class='ocr_line' id='line_1_31' title="bbox 2237 1639 3819 1712; baseline 0.001 -19"><span class='ocrx_word' id='word_1_196' title='bbox 2237 1641 2433 1708; x_wconf 77' lang='grc' dir='ltr'>ἀλόγου</span> <span class='ocrx_word' id='word_1_197' title='bbox 2458 1641 2537 1703; x_wconf 84' lang='grc' dir='ltr'><strong>είς</strong></span> <span class='ocrx_word' id='word_1_198' title='bbox 2564 1639 2784 1710; x_wconf 79' lang='grc' dir='ltr'>λογικήν</span> <span class='ocrx_word' id='word_1_199' title='bbox 2813 1639 2918 1692; x_wconf 83' lang='grc' dir='ltr'><strong>ὑπὸ</strong></span> <span class='ocrx_word' id='word_1_200' title='bbox 2934 1639 3028 1692; x_wconf 83' lang='grc' dir='ltr'>τοῦ</span> <span class='ocrx_word' id='word_1_201' title='bbox 3059 1641 3293 1708; x_wconf 83' lang='grc' dir='ltr'>μεγάλου</span> <span class='ocrx_word' id='word_1_202' title='bbox 3315 1641 3489 1708; x_wconf 85' lang='grc' dir='ltr'>Λόγου</span> <span class='ocrx_word' id='word_1_203' title='bbox 3523 1657 3819 1712; x_wconf 85' lang='grc' dir='ltr'>μετενηνε-</span> 
     </span>
    </p>
   </div>
   <div class='ocr_carea' id='block_1_32' title="bbox 563 1720 2152 1799">
    <p class='ocr_par' dir='ltr' id='par_1_32' title="bbox 563 1720 2136 1789">
     <span class='ocr_line' id='line_1_32' title="bbox 563 1720 2136 1789; baseline -0.004 -11"><span class='ocrx_word' id='word_1_204' title='bbox 563 1722 965 1778; x_wconf 90' lang='lat' dir='ltr'><strong>irrationalium</strong></span> <span class='ocrx_word' id='word_1_205' title='bbox 1032 1721 1291 1789; x_wconf 89' lang='lat' dir='ltr'><strong>piscium,</strong></span> <span class='ocrx_word' id='word_1_206' title='bbox 1341 1720 1403 1773; x_wconf 92' lang='lat' dir='ltr'><strong>ad</strong></span> <span class='ocrx_word' id='word_1_207' title='bbox 1463 1720 1808 1774; x_wconf 88' lang='lat' dir='ltr'><strong>rationalium</strong></span> <span class='ocrx_word' id='word_1_208' title='bbox 1855 1731 2136 1789; x_wconf 86' lang='lat' dir='ltr'><strong>capturam</strong></span> 
     </span>
    </p>
   </div>
   <div class='ocr_carea' id='block_1_33' title="bbox 2252 1720 3819 1799">
    <p class='ocr_par' dir='ltr' id='par_1_33' title="bbox 2252 1727 3819 1799">
     <span class='ocr_line' id='line_1_33' title="bbox 2252 1727 3819 1799; baseline 0 -17"><span class='ocrx_word' id='word_1_209' title='bbox 2252 1731 2441 1799; x_wconf 82' lang='grc' dir='ltr'>γμένον</span> <span class='ocrx_word' id='word_1_210' title='bbox 2477 1729 2806 1798; x_wconf 84' lang='grc' dir='ltr'>θεοπρεπῶς</span> <span class='ocrx_word' id='word_1_211' title='bbox 2852 1727 3069 1783; x_wconf 71' lang='grc' dir='ltr'><strong>ἀλείαν⁶</strong></span> <span class='ocrx_word' id='word_1_212' title='bbox 3093 1730 3153 1782; x_wconf 79' lang='grc' dir='ltr'>οὐ</span> <span class='ocrx_word' id='word_1_213' title='bbox 3179 1728 3288 1798; x_wconf 86' lang='grc' dir='ltr'><strong>γάρ</strong></span> <span class='ocrx_word' id='word_1_214' title='bbox 3311 1729 3620 1797; x_wconf 71' lang='grc' dir='ltr'>ποιμαίνειν</span> <span class='ocrx_word' id='word_1_215' title='bbox 3660 1729 3819 1799; x_wconf 83' lang='grc' dir='ltr'>τήνδε</span> 
     </span>
    </p>
   </div>
   <div class='ocr_carea' id='block_1_34' title="bbox 565 1794 2152 1890">
    <p class='ocr_par' dir='ltr' id='par_1_34' title="bbox 565 1809 2139 1884">
     <span class='ocr_line' id='line_1_34' title="bbox 565 1809 2139 1884; baseline -0.006 -15"><span class='ocrx_word' id='word_1_216' title='bbox 565 1827 764 1884; x_wconf 86' lang='lat' dir='ltr'><strong>magno</strong></span> <span class='ocrx_word' id='word_1_217' title='bbox 793 1811 974 1867; x_wconf 84' lang='lat' dir='ltr'><strong>Verbo</strong></span> <span class='ocrx_word' id='word_1_218' title='bbox 1000 1819 1251 1876; x_wconf 86' lang='lat' dir='ltr'><strong>vocante,</strong></span> <span class='ocrx_word' id='word_1_219' title='bbox 1300 1817 1463 1879; x_wconf 88' lang='lat' dir='ltr'><strong>prout</strong></span> <span class='ocrx_word' id='word_1_220' title='bbox 1487 1810 1656 1864; x_wconf 90' lang='lat' dir='ltr'><strong>Deum</strong></span> <span class='ocrx_word' id='word_1_221' title='bbox 1681 1809 1928 1872; x_wconf 87' lang='lat' dir='ltr'><strong>decebat,</strong></span> <span class='ocrx_word' id='word_1_222' title='bbox 1961 1817 2139 1862; x_wconf 86' lang='lat' dir='ltr'><strong>trans-</strong></span> 
     </span>
    </p>
   </div>
   <div class='ocr_carea' id='block_1_35' title="bbox 2252 1794 3818 1890">
    <p class='ocr_par' dir='ltr' id='par_1_35' title="bbox 2252 1794 3818 1890">
     <span class='ocr_line' id='line_1_35' title="bbox 2252 1794 3818 1890; baseline 0 -17"><span class='ocrx_word' id='word_1_223' title='bbox 2252 1794 2462 1890; x_wconf 31' lang='lat' dir='ltr'><strong>il‘cﬁst</strong></span> <span class='ocrx_word' id='word_1_224' title='bbox 2506 1821 2598 1872; x_wconf 88' lang='grc' dir='ltr'><strong>καί</strong></span> <span class='ocrx_word' id='word_1_225' title='bbox 2627 1794 2779 1872; x_wconf 22' lang='grc' dir='ltr'>*τισιν</span> <span class='ocrx_word' id='word_1_226' title='bbox 2823 1820 2990 1889; x_wconf 82' lang='grc' dir='ltr'>ὁρίοις</span> <span class='ocrx_word' id='word_1_227' title='bbox 3018 1794 3638 1890; x_wconf 33' lang='grc' dir='ltr'>διειλημμένας-φυλὰς,</span> <span class='ocrx_word' id='word_1_228' title='bbox 3681 1794 3818 1874; x_wconf 70' lang='grc' dir='ltr'>ἀλλὰ</span> 
     </span>
    </p>
   </div>
   <div class='ocr_carea' id='block_1_36' title="bbox 567 1901 2141 1969">
    <p class='ocr_par' dir='ltr' id='par_1_36' title="bbox 567 1901 2141 1969">
     <span class='ocr_line' id='line_1_36' title="bbox 567 1901 2141 1969; baseline -0.005 -9"><span class='ocrx_word' id='word_1_229' title='bbox 567 1907 760 1960; x_wconf 85' lang='lat' dir='ltr'><strong>latum.</strong></span> <span class='ocrx_word' id='word_1_230' title='bbox 793 1901 915 1958; x_wconf 82' lang='lat' dir='ltr'><strong>Non</strong></span> <span class='ocrx_word' id='word_1_231' title='bbox 937 1903 1081 1958; x_wconf 89' lang='lat' dir='ltr'><strong>enim</strong></span> <span class='ocrx_word' id='word_1_232' title='bbox 1131 1903 1338 1958; x_wconf 89' lang='lat' dir='ltr'><strong>electus</strong></span> <span class='ocrx_word' id='word_1_233' title='bbox 1373 1901 1476 1956; x_wconf 83' lang='lat' dir='ltr'><strong>fuit</strong></span> <span class='ocrx_word' id='word_1_234' title='bbox 1525 1910 1584 1956; x_wconf 91' lang='lat' dir='ltr'><strong>ut</strong></span> <span class='ocrx_word' id='word_1_235' title='bbox 1613 1903 1758 1956; x_wconf 90' lang='lat' dir='ltr'><strong>hunc</strong></span> <span class='ocrx_word' id='word_1_236' title='bbox 1779 1901 1999 1955; x_wconf 82' lang='lat' dir='ltr'><strong>illumve</strong></span> <span class='ocrx_word' id='word_1_237' title='bbox 2027 1913 2141 1969; x_wconf 83' lang='lat' dir='ltr'><strong>gre-</strong></span> 
     </span>
    </p>
   </div>
   <div class='ocr_carea' id='block_1_37' title="bbox 566 1989 2140 2065">
    <p class='ocr_par' dir='ltr' id='par_1_37' title="bbox 566 1989 2140 2065">
     <span class='ocr_line' id='line_1_37' title="bbox 566 1989 2140 2065; baseline -0.005 -16"><span class='ocrx_word' id='word_1_238' title='bbox 566 2011 685 2065; x_wconf 86' lang='lat' dir='ltr'><strong>gem</strong></span> <span class='ocrx_word' id='word_1_239' title='bbox 736 2000 1017 2063; x_wconf 69' lang='lat' dir='ltr'><strong>pasceret,</strong></span> <span class='ocrx_word' id='word_1_240' title='bbox 1062 2000 1156 2046; x_wconf 92' lang='lat' dir='ltr'><strong>aut</strong></span> <span class='ocrx_word' id='word_1_241' title='bbox 1205 1991 1537 2062; x_wconf 87' lang='lat' dir='ltr'><strong>quibusdam</strong></span> <span class='ocrx_word' id='word_1_242' title='bbox 1577 1990 1829 2045; x_wconf 87' lang='lat' dir='ltr'><strong>terminis</strong></span> <span class='ocrx_word' id='word_1_243' title='bbox 1875 1989 2140 2043; x_wconf 89' lang='lat' dir='ltr'><strong>discretas</strong></span> 
     </span>
    </p>
   </div>
   <div class='ocr_carea' id='block_1_38' title="bbox 569 2082 2138 2152">
    <p class='ocr_par' dir='ltr' id='par_1_38' title="bbox 569 2082 2138 2152">
     <span class='ocr_line' id='line_1_38' title="bbox 569 2082 2138 2152; baseline -0.004 -12"><span class='ocrx_word' id='word_1_244' title='bbox 569 2085 769 2149; x_wconf 89' lang='lat' dir='ltr'><strong>tribus,</strong></span> <span class='ocrx_word' id='word_1_245' title='bbox 800 2083 891 2139; x_wconf 89' lang='lat' dir='ltr'><strong>sed</strong></span> <span class='ocrx_word' id='word_1_246' title='bbox 935 2093 994 2137; x_wconf 95' lang='lat' dir='ltr'><strong>ut</strong></span> <span class='ocrx_word' id='word_1_247' title='bbox 1018 2083 1205 2137; x_wconf 88' lang='lat' dir='ltr'><strong>orbem</strong></span> <span class='ocrx_word' id='word_1_248' title='bbox 1231 2083 1544 2137; x_wconf 90' lang='lat' dir='ltr'><strong>universum</strong></span> <span class='ocrx_word' id='word_1_249' title='bbox 1572 2082 1872 2152; x_wconf 89' lang='lat' dir='ltr'><strong>piscatione</strong></span> <span class='ocrx_word' id='word_1_250' title='bbox 1899 2090 2138 2150; x_wconf 87' lang='lat' dir='ltr'><strong>caperet.</strong></span> 
     </span>
    </p>
   </div>
   <div class='ocr_carea' id='block_1_39' title="bbox 582 2174 2141 2244">
    <p class='ocr_par' dir='ltr' id='par_1_39' title="bbox 582 2174 2141 2244">
     <span class='ocr_line' id='line_1_39' title="bbox 582 2174 2141 2244; baseline -0.003 -14"><span class='ocrx_word' id='word_1_251' title='bbox 582 2176 758 2233; x_wconf 75' lang='lat' dir='ltr'><strong>Venite</strong></span> <span class='ocrx_word' id='word_1_252' title='bbox 779 2177 946 2242; x_wconf 90' lang='lat' dir='ltr'><strong>enim,</strong></span> <span class='ocrx_word' id='word_1_253' title='bbox 969 2175 1165 2244; x_wconf 88' lang='lat' dir='ltr'><strong>inquit,</strong></span> <span class='ocrx_word' id='word_1_254' title='bbox 1182 2182 1297 2244; x_wconf 86' lang='lat' dir='ltr'><strong>post</strong></span> <span class='ocrx_word' id='word_1_255' title='bbox 1327 2190 1430 2230; x_wconf 87' lang='lat' dir='ltr'><strong>me.</strong></span> <span class='ocrx_word' id='word_1_256' title='bbox 1453 2183 1500 2226; x_wconf 84' lang='lat' dir='ltr'><strong>et</strong></span> <span class='ocrx_word' id='word_1_257' title='bbox 1531 2175 1726 2243; x_wconf 84' lang='lat' dir='ltr'><strong>faciam</strong></span> <span class='ocrx_word' id='word_1_258' title='bbox 1748 2190 1835 2227; x_wconf 80' lang='lat' dir='ltr'><strong>vos</strong></span> <span class='ocrx_word' id='word_1_259' title='bbox 1857 2174 2141 2242; x_wconf 76' lang='lat' dir='ltr'><strong>piscatores</strong></span> 
     </span>
    </p>
   </div>
   <div class='ocr_carea' id='block_1_40' title="bbox 569 2265 2140 2328">
    <p class='ocr_par' dir='ltr' id='par_1_40' title="bbox 569 2265 2140 2328">
     <span class='ocr_line' id='line_1_40' title="bbox 569 2265 2140 2328; baseline -0.005 -3"><span class='ocrx_word' id='word_1_260' title='bbox 569 2271 839 2325; x_wconf 81' lang='lat' dir='ltr'><strong>hominum</strong></span> <span class='ocrx_word' id='word_1_261' title='bbox 870 2269 909 2324; x_wconf 74' lang='grc' dir='ltr'><strong>ί.</strong></span> <span class='ocrx_word' id='word_1_262' title='bbox 938 2266 1175 2322; x_wconf 89' lang='lat' dir='ltr'><strong>Tametsi</strong></span> <span class='ocrx_word' id='word_1_263' title='bbox 1207 2277 1386 2320; x_wconf 89' lang='lat' dir='ltr'><strong>autem</strong></span> <span class='ocrx_word' id='word_1_264' title='bbox 1413 2266 1722 2321; x_wconf 89' lang='lat' dir='ltr'><strong>communis</strong></span> <span class='ocrx_word' id='word_1_265' title='bbox 1753 2265 1853 2320; x_wconf 87' lang='lat' dir='ltr'><strong>l‘uit</strong></span> <span class='ocrx_word' id='word_1_266' title='bbox 1884 2265 2098 2319; x_wconf 87' lang='lat' dir='ltr'><strong>vocatio</strong></span> <span class='ocrx_word' id='word_1_267' title='bbox 2125 2281 2140 2328; x_wconf 92' lang='lat'><strong>;</strong></span> 
     </span>
    </p>
   </div>
   <div class='ocr_carea' id='block_1_41' title="bbox 571 2358 2145 2426">
    <p class='ocr_par' dir='ltr' id='par_1_41' title="bbox 571 2358 2145 2426">
     <span class='ocr_line' id='line_1_41' title="bbox 571 2358 2145 2426; baseline -0.003 -9"><span class='ocrx_word' id='word_1_268' title='bbox 571 2365 640 2419; x_wconf 85' lang='lat' dir='ltr'><strong>ad</strong></span> <span class='ocrx_word' id='word_1_269' title='bbox 673 2377 798 2419; x_wconf 91' lang='lat' dir='ltr'><strong>eum</strong></span> <span class='ocrx_word' id='word_1_270' title='bbox 827 2371 1006 2416; x_wconf 87' lang='lat' dir='ltr'><strong>tamen</strong></span> <span class='ocrx_word' id='word_1_271' title='bbox 1052 2376 1084 2415; x_wconf 86' lang='lat' dir='ltr'><strong>a</strong></span> <span class='ocrx_word' id='word_1_272' title='bbox 1123 2360 1283 2416; x_wconf 88' lang='lat' dir='ltr'><strong>nobis</strong></span> <span class='ocrx_word' id='word_1_273' title='bbox 1322 2359 1628 2414; x_wconf 88' lang='lat' dir='ltr'><strong>reducenda</strong></span> <span class='ocrx_word' id='word_1_274' title='bbox 1658 2368 1764 2423; x_wconf 92' lang='lat' dir='ltr'><strong>est,</strong></span> <span class='ocrx_word' id='word_1_275' title='bbox 1789 2358 1856 2413; x_wconf 91' lang='lat' dir='ltr'><strong>de</strong></span> <span class='ocrx_word' id='word_1_276' title='bbox 1889 2371 2000 2426; x_wconf 92' lang='lat' dir='ltr'><strong>quo</strong></span> <span class='ocrx_word' id='word_1_277' title='bbox 2029 2358 2145 2412; x_wconf 59' lang='lat' dir='ltr'><strong>hate</strong></span> 
     </span>
    </p>
   </div>
   <div class='ocr_carea' id='block_1_42' title="bbox 569 2450 2142 2522">
    <p class='ocr_par' dir='ltr' id='par_1_42' title="bbox 569 2450 2142 2522">
     <span class='ocr_line' id='line_1_42' title="bbox 569 2450 2142 2522; baseline -0.006 -10"><span class='ocrx_word' id='word_1_278' title='bbox 569 2466 656 2512; x_wconf 82' lang='lat' dir='ltr'><strong>est</strong></span> <span class='ocrx_word' id='word_1_279' title='bbox 719 2455 967 2511; x_wconf 77' lang='lat' dir='ltr'><strong>instituta</strong></span> <span class='ocrx_word' id='word_1_280' title='bbox 1023 2453 1254 2518; x_wconf 86' lang='lat' dir='ltr'><strong>oratio;</strong></span> <span class='ocrx_word' id='word_1_281' title='bbox 1305 2451 1450 2522; x_wconf 90' lang='lat' dir='ltr'><strong>quod</strong></span> <span class='ocrx_word' id='word_1_282' title='bbox 1500 2453 1665 2506; x_wconf 89' lang='lat' dir='ltr'><strong>etiam</strong></span> <span class='ocrx_word' id='word_1_283' title='bbox 1713 2451 1768 2506; x_wconf 91' lang='lat' dir='ltr'><strong>in</strong></span> <span class='ocrx_word' id='word_1_284' title='bbox 1815 2450 2142 2520; x_wconf 90' lang='lat' dir='ltr'><strong>quibusdam</strong></span> 
     </span>
    </p>
   </div>
   <div class='ocr_carea' id='block_1_43' title="bbox 573 2542 2147 2610">
    <p class='ocr_par' dir='ltr' id='par_1_43' title="bbox 573 2542 2147 2610">
     <span class='ocr_line' id='line_1_43' title="bbox 573 2542 2147 2610; baseline -0.006 -7"><span class='ocrx_word' id='word_1_285' title='bbox 573 2547 698 2609; x_wconf 81' lang='lat' dir='ltr'><strong>aliis</strong></span> <span class='ocrx_word' id='word_1_286' title='bbox 735 2544 1226 2602; x_wconf 88' lang='lat' dir='ltr'><strong>universalioribus</strong></span> <span class='ocrx_word' id='word_1_287' title='bbox 1263 2542 1545 2598; x_wconf 87' lang='lat' dir='ltr'><strong>vocabulis</strong></span> <span class='ocrx_word' id='word_1_288' title='bbox 1595 2543 1685 2596; x_wconf 80' lang='lat' dir='ltr'><strong>ﬁet</strong></span> <span class='ocrx_word' id='word_1_289' title='bbox 1717 2560 1730 2607; x_wconf 88' lang='lat'><strong>;</strong></span> <span class='ocrx_word' id='word_1_290' title='bbox 1792 2556 1900 2596; x_wconf 90' lang='lat' dir='ltr'><strong>non</strong></span> <span class='ocrx_word' id='word_1_291' title='bbox 1947 2549 2004 2594; x_wconf 92' lang='lat' dir='ltr'><strong>ut</strong></span> <span class='ocrx_word' id='word_1_292' title='bbox 2039 2554 2147 2610; x_wconf 74' lang='lat' dir='ltr'><strong>pra:</strong></span> 
     </span>
    </p>
   </div>
   <div class='ocr_carea' id='block_1_44' title="bbox 573 2629 2146 2704">
    <p class='ocr_par' dir='ltr' id='par_1_44' title="bbox 573 2629 2146 2704">
     <span class='ocr_line' id='line_1_44' title="bbox 573 2629 2146 2704; baseline -0.005 -14"><span class='ocrx_word' id='word_1_293' title='bbox 573 2634 838 2704; x_wconf 86' lang='lat' dir='ltr'><strong>apostolis</strong></span> <span class='ocrx_word' id='word_1_294' title='bbox 865 2632 988 2688; x_wconf 88' lang='lat' dir='ltr'><strong>aliis</strong></span> <span class='ocrx_word' id='word_1_295' title='bbox 1012 2632 1262 2702; x_wconf 87' lang='lat' dir='ltr'><strong>theologo</strong></span> <span class='ocrx_word' id='word_1_296' title='bbox 1293 2631 1385 2701; x_wconf 84' lang='lat' dir='ltr'><strong>jus</strong></span> <span class='ocrx_word' id='word_1_297' title='bbox 1418 2630 1779 2692; x_wconf 89' lang='lat' dir='ltr'><strong>vindicemus,</strong></span> <span class='ocrx_word' id='word_1_298' title='bbox 1819 2645 1883 2684; x_wconf 84' lang='lat' dir='ltr'><strong>ex</strong></span> <span class='ocrx_word' id='word_1_299' title='bbox 1917 2629 2004 2683; x_wconf 87' lang='lat' dir='ltr'><strong>his</strong></span> <span class='ocrx_word' id='word_1_300' title='bbox 2025 2643 2146 2697; x_wconf 67' lang='lat' dir='ltr'><strong>quae</strong></span> 
     </span>
    </p>
   </div>
   <div class='ocr_carea' id='block_1_45' title="bbox 573 2723 2147 2798">
    <p class='ocr_par' dir='ltr' id='par_1_45' title="bbox 573 2723 2147 2798">
     <span class='ocr_line' id='line_1_45' title="bbox 573 2723 2147 2798; baseline -0.006 -17"><span class='ocrx_word' id='word_1_301' title='bbox 573 2726 909 2798; x_wconf 87' lang='lat' dir='ltr'><strong>peculiarius</strong></span> <span class='ocrx_word' id='word_1_302' title='bbox 935 2726 1003 2779; x_wconf 93' lang='lat' dir='ltr'><strong>de</strong></span> <span class='ocrx_word' id='word_1_303' title='bbox 1035 2724 1154 2791; x_wconf 90' lang='lat' dir='ltr'><strong>ipso</strong></span> <span class='ocrx_word' id='word_1_304' title='bbox 1190 2723 1517 2791; x_wconf 84' lang='lat' dir='ltr'><strong>exponimus</strong></span> <span class='ocrx_word' id='word_1_305' title='bbox 1555 2741 1569 2788; x_wconf 90' lang='lat'><strong>;</strong></span> <span class='ocrx_word' id='word_1_306' title='bbox 1606 2723 1747 2776; x_wconf 84' lang='lat' dir='ltr'><strong>absit</strong></span> <span class='ocrx_word' id='word_1_307' title='bbox 1778 2739 1790 2775; x_wconf 91' lang='lat'><strong>:</strong></span> <span class='ocrx_word' id='word_1_308' title='bbox 1825 2735 1949 2775; x_wconf 90' lang='lat' dir='ltr'><strong>nam</strong></span> <span class='ocrx_word' id='word_1_309' title='bbox 1971 2733 2147 2789; x_wconf 91' lang='lat' dir='ltr'><strong>neque</strong></span> 
     </span>
    </p>
   </div>
   <div class='ocr_carea' id='block_1_46' title="bbox 575 2813 2148 2887">
    <p class='ocr_par' dir='ltr' id='par_1_46' title="bbox 575 2813 2148 2887">
     <span class='ocr_line' id='line_1_46' title="bbox 575 2813 2148 2887; baseline -0.006 -11"><span class='ocrx_word' id='word_1_310' title='bbox 575 2819 824 2876; x_wconf 85' lang='lat' dir='ltr'><strong>accensis</strong></span> <span class='ocrx_word' id='word_1_311' title='bbox 853 2834 883 2873; x_wconf 90' lang='lat' dir='ltr'><strong>e</strong></span> <span class='ocrx_word' id='word_1_312' title='bbox 908 2816 1186 2873; x_wconf 88' lang='lat' dir='ltr'><strong>communi</strong></span> <span class='ocrx_word' id='word_1_313' title='bbox 1227 2815 1412 2887; x_wconf 88' lang='lat' dir='ltr'><strong>aliquo</strong></span> <span class='ocrx_word' id='word_1_314' title='bbox 1439 2815 1643 2870; x_wconf 82' lang='lat' dir='ltr'><strong>lumine</strong></span> <span class='ocrx_word' id='word_1_315' title='bbox 1680 2814 1911 2878; x_wconf 83' lang='lat' dir='ltr'><strong>facibus,</strong></span> <span class='ocrx_word' id='word_1_316' title='bbox 1945 2813 2148 2868; x_wconf 88' lang='lat' dir='ltr'><strong>idcirco</strong></span> 
     </span>
    </p>
   </div>
   <div class='ocr_carea' id='block_1_47' title="bbox 575 2906 2001 2982">
    <p class='ocr_par' dir='ltr' id='par_1_47' title="bbox 575 2906 2001 2982">
     <span class='ocr_line' id='line_1_47' title="bbox 575 2906 2001 2982; baseline -0.006 -14"><span class='ocrx_word' id='word_1_317' title='bbox 575 2914 758 2968; x_wconf 88' lang='lat' dir='ltr'><strong>minor</strong></span> <span class='ocrx_word' id='word_1_318' title='bbox 778 2919 864 2966; x_wconf 85' lang='lat' dir='ltr'><strong>est</strong></span> <span class='ocrx_word' id='word_1_319' title='bbox 887 2909 1192 2982; x_wconf 83' lang='lat' dir='ltr'><strong>splendoris</strong></span> <span class='ocrx_word' id='word_1_320' title='bbox 1221 2924 1287 2965; x_wconf 80' lang='lat' dir='ltr'><strong>ex</strong></span> <span class='ocrx_word' id='word_1_321' title='bbox 1317 2923 1426 2963; x_wconf 94' lang='lat' dir='ltr'><strong>uno</strong></span> <span class='ocrx_word' id='word_1_322' title='bbox 1456 2909 1613 2979; x_wconf 89' lang='lat' dir='ltr'><strong>plena</strong></span> <span class='ocrx_word' id='word_1_323' title='bbox 1635 2906 2001 2977; x_wconf 87' lang='lat' dir='ltr'><strong>participatio.</strong></span> 
     </span>
    </p>
   </div>
   <div class='ocr_carea' id='block_1_48' title="bbox 647 2995 2148 3070">
    <p class='ocr_par' dir='ltr' id='par_1_48' title="bbox 647 2995 2148 3070">
     <span class='ocr_line' id='line_1_48' title="bbox 647 2995 2148 3070; baseline -0.006 -12"><span class='ocrx_word' id='word_1_324' title='bbox 647 3003 702 3058; x_wconf 84' lang='lat'><strong>5.</strong></span> <span class='ocrx_word' id='word_1_325' title='bbox 750 3000 1202 3070; x_wconf 86' lang='lat' dir='ltr'><strong>Quandoquidem</strong></span> <span class='ocrx_word' id='word_1_326' title='bbox 1247 3014 1378 3054; x_wconf 87' lang='lat' dir='ltr'><strong>vero</strong></span> <span class='ocrx_word' id='word_1_327' title='bbox 1403 3013 1636 3068; x_wconf 88' lang='lat' dir='ltr'><strong>magnus</strong></span> <span class='ocrx_word' id='word_1_328' title='bbox 1675 2998 1764 3053; x_wconf 91' lang='lat' dir='ltr'><strong>hic</strong></span> <span class='ocrx_word' id='word_1_329' title='bbox 1811 2995 2089 3067; x_wconf 90' lang='lat' dir='ltr'><strong>apostolus</strong></span> <span class='ocrx_word' id='word_1_330' title='bbox 2119 3010 2148 3049; x_wconf 89' lang='lat' dir='ltr'><strong>a</strong></span> 
     </span>
    </p>
   </div>
   <div class='ocr_carea' id='block_1_49' title="bbox 2240 1910 3816 1982">
    <p class='ocr_par' dir='ltr' id='par_1_49' title="bbox 2240 1910 3816 1982">
     <span class='ocr_line' id='line_1_49' title="bbox 2240 1910 3816 1982; baseline -0.001 -17"><span class='ocrx_word' id='word_1_331' title='bbox 2240 1913 2349 1982; x_wconf 80' lang='grc' dir='ltr'><strong>γὰρ</strong></span> <span class='ocrx_word' id='word_1_332' title='bbox 2391 1915 2488 1981; x_wconf 82' lang='grc' dir='ltr'>τὴν</span> <span class='ocrx_word' id='word_1_333' title='bbox 2536 1910 2862 1980; x_wconf 75' lang='grc' dir='ltr'>οἰκουμένην</span> <span class='ocrx_word' id='word_1_334' title='bbox 2915 1911 3151 1964; x_wconf 85' lang='grc' dir='ltr'>ἁλιεύειν</span> <span class='ocrx_word' id='word_1_335' title='bbox 3196 1911 3444 1964; x_wconf 59' lang='grc' dir='ltr'>ἃπασαν</span> <span class='ocrx_word' id='word_1_336' title='bbox 3482 1911 3661 1964; x_wconf 79' lang='grc' dir='ltr'>Δεῦτε</span> <span class='ocrx_word' id='word_1_337' title='bbox 3689 1914 3816 1982; x_wconf 83' lang='grc' dir='ltr'>γὰρ,</span> 
     </span>
    </p>
   </div>
   <div class='ocr_carea' id='block_1_50' title="bbox 2242 2005 3824 2076">
    <p class='ocr_par' dir='ltr' id='par_1_50' title="bbox 2242 2005 3824 2076">
     <span class='ocr_line' id='line_1_50' title="bbox 2242 2005 3824 2076; baseline -0.001 -15"><span class='ocrx_word' id='word_1_338' title='bbox 2242 2009 2429 2076; x_wconf 75' lang='grc' dir='ltr'>φησὶν,</span> <span class='ocrx_word' id='word_1_339' title='bbox 2477 2005 2669 2059; x_wconf 81' lang='grc' dir='ltr'>ὀπίσω</span> <span class='ocrx_word' id='word_1_340' title='bbox 2711 2022 2850 2075; x_wconf 83' lang='grc' dir='ltr'>μου,</span> <span class='ocrx_word' id='word_1_341' title='bbox 2905 2007 3002 2059; x_wconf 80' lang='grc' dir='ltr'><strong>καί</strong></span> <span class='ocrx_word' id='word_1_342' title='bbox 3032 2008 3264 2071; x_wconf 81' lang='grc' dir='ltr'>ποιήσω</span> <span class='ocrx_word' id='word_1_343' title='bbox 3300 2005 3457 2076; x_wconf 82' lang='grc' dir='ltr'>ὑμᾶς</span> <span class='ocrx_word' id='word_1_344' title='bbox 3499 2005 3689 2072; x_wconf 73' lang='grc' dir='ltr'>ἁλιεῖς</span> <span class='ocrx_word' id='word_1_345' title='bbox 3723 2007 3824 2060; x_wconf 80' lang='grc' dir='ltr'><strong>ἁν-</strong></span> 
     </span>
    </p>
   </div>
   <div class='ocr_carea' id='block_1_51' title="bbox 2243 2095 3819 2168">
    <p class='ocr_par' dir='ltr' id='par_1_51' title="bbox 2243 2095 3819 2168">
     <span class='ocr_line' id='line_1_51' title="bbox 2243 2095 3819 2168; baseline 0.002 -19"><span class='ocrx_word' id='word_1_346' title='bbox 2243 2098 2528 2167; x_wconf 83' lang='grc' dir='ltr'><strong>θρὼπων·</strong></span> <span class='ocrx_word' id='word_1_347' title='bbox 2592 2096 2641 2147; x_wconf 83' lang='grc' dir='ltr'><strong>εί</strong></span> <span class='ocrx_word' id='word_1_348' title='bbox 2699 2095 2757 2151; x_wconf 74' lang='grc' dir='ltr'><strong>δέ</strong></span> <span class='ocrx_word' id='word_1_349' title='bbox 2803 2098 2884 2149; x_wconf 82' lang='grc' dir='ltr'>ὅτι</span> <span class='ocrx_word' id='word_1_350' title='bbox 2940 2098 3082 2151; x_wconf 81' lang='grc' dir='ltr'>κατὰ</span> <span class='ocrx_word' id='word_1_351' title='bbox 3138 2099 3318 2151; x_wconf 84' lang='grc' dir='ltr'>κοινοῦ</span> <span class='ocrx_word' id='word_1_352' title='bbox 3369 2101 3402 2168; x_wconf 92' lang='grc' dir='ltr'><strong>ή</strong></span> <span class='ocrx_word' id='word_1_353' title='bbox 3443 2098 3657 2167; x_wconf 83' lang='grc' dir='ltr'>κλῆσις,</span> <span class='ocrx_word' id='word_1_354' title='bbox 3703 2100 3819 2153; x_wconf 81' lang='grc' dir='ltr'>ἀλλ’</span> 
     </span>
    </p>
   </div>
   <div class='ocr_carea' id='block_1_52' title="bbox 2241 2185 3818 2261">
    <p class='ocr_par' dir='ltr' id='par_1_52' title="bbox 2241 2185 3818 2261">
     <span class='ocr_line' id='line_1_52' title="bbox 2241 2185 3818 2261; baseline 0 -19"><span class='ocrx_word' id='word_1_355' title='bbox 2241 2193 2375 2261; x_wconf 82' lang='grc' dir='ltr'>ἡμῖν</span> <span class='ocrx_word' id='word_1_356' title='bbox 2427 2206 2485 2242; x_wconf 92' lang='grc' dir='ltr'><strong>τε</strong></span> <span class='ocrx_word' id='word_1_357' title='bbox 2533 2193 2724 2246; x_wconf 83' lang='grc' dir='ltr'>ἀκτέον</span> <span class='ocrx_word' id='word_1_358' title='bbox 2773 2189 2976 2257; x_wconf 84' lang='grc' dir='ltr'>ταύτην</span> <span class='ocrx_word' id='word_1_359' title='bbox 3021 2189 3113 2241; x_wconf 72' lang='grc' dir='ltr'>ἐπὶ</span> <span class='ocrx_word' id='word_1_360' title='bbox 3151 2190 3242 2242; x_wconf 79' lang='grc' dir='ltr'>τὸν</span> <span class='ocrx_word' id='word_1_361' title='bbox 3292 2191 3414 2260; x_wconf 69' lang='grc' dir='ltr'>περὶ</span> <span class='ocrx_word' id='word_1_362' title='bbox 3448 2185 3510 2245; x_wconf 75' lang='grc' dir='ltr'><strong>οὗ</strong></span> <span class='ocrx_word' id='word_1_363' title='bbox 3551 2193 3580 2245; x_wconf 86' lang='grc' dir='ltr'>ὁ</span> <span class='ocrx_word' id='word_1_364' title='bbox 3628 2190 3818 2258; x_wconf 86' lang='grc' dir='ltr'>λόγος·</span> 
     </span>
    </p>
   </div>
   <div class='ocr_carea' id='block_1_53' title="bbox 2244 2281 3819 2355">
    <p class='ocr_par' dir='ltr' id='par_1_53' title="bbox 2244 2281 3819 2355">
     <span class='ocr_line' id='line_1_53' title="bbox 2244 2281 3819 2355; baseline -0.001 -17"><span class='ocrx_word' id='word_1_365' title='bbox 2244 2285 2432 2355; x_wconf 84' lang='grc' dir='ltr'>ὥσπερ</span> <span class='ocrx_word' id='word_1_366' title='bbox 2458 2285 2554 2337; x_wconf 77' lang='grc' dir='ltr'>καὶ</span> <span class='ocrx_word' id='word_1_367' title='bbox 2579 2285 2669 2336; x_wconf 90' lang='grc' dir='ltr'><strong>ἐπί</strong></span> <span class='ocrx_word' id='word_1_368' title='bbox 2696 2301 2835 2335; x_wconf 91' lang='grc' dir='ltr'>τισιν</span> <span class='ocrx_word' id='word_1_369' title='bbox 2867 2281 3055 2342; x_wconf 81' lang='grc' dir='ltr'>ἄλλαις</span> <span class='ocrx_word' id='word_1_370' title='bbox 3084 2283 3474 2353; x_wconf 85' lang='grc' dir='ltr'>γενικωτέραις</span> <span class='ocrx_word' id='word_1_371' title='bbox 3500 2285 3727 2351; x_wconf 82' lang='grc' dir='ltr'>φωναῖς,</span> <span class='ocrx_word' id='word_1_372' title='bbox 3760 2286 3819 2336; x_wconf 71' lang='grc' dir='ltr'>οὗ</span> 
     </span>
    </p>
   </div>
   <div class='ocr_carea' id='block_1_54' title="bbox 2247 2370 3821 2445">
    <p class='ocr_par' dir='ltr' id='par_1_54' title="bbox 2247 2370 3821 2445">
     <span class='ocr_line' id='line_1_54' title="bbox 2247 2370 3821 2445; baseline 0.002 -22"><span class='ocrx_word' id='word_1_373' title='bbox 2247 2376 2624 2431; x_wconf 72' lang='grc' dir='ltr'>πλεονεκτοῦσι</span> <span class='ocrx_word' id='word_1_374' title='bbox 2659 2374 2807 2445; x_wconf 81' lang='grc' dir='ltr'>παρὰ</span> <span class='ocrx_word' id='word_1_375' title='bbox 2829 2374 2952 2434; x_wconf 78' lang='grc' dir='ltr'>τοὺς</span> <span class='ocrx_word' id='word_1_376' title='bbox 2981 2370 3200 2435; x_wconf 82' lang='grc' dir='ltr'>λοιποὺς</span> <span class='ocrx_word' id='word_1_377' title='bbox 3225 2373 3558 2436; x_wconf 78' lang='grc' dir='ltr'>ἀποστόλους</span> <span class='ocrx_word' id='word_1_378' title='bbox 3591 2373 3671 2444; x_wconf 83' lang='grc' dir='ltr'>τῷ</span> <span class='ocrx_word' id='word_1_379' title='bbox 3701 2375 3821 2428; x_wconf 81' lang='grc' dir='ltr'>θεο-</span> 
     </span>
    </p>
   </div>
   <div class='ocr_carea' id='block_1_55' title="bbox 2245 2463 3822 2537">
    <p class='ocr_par' dir='ltr' id='par_1_55' title="bbox 2245 2463 3822 2537">
     <span class='ocr_line' id='line_1_55' title="bbox 2245 2463 3822 2537; baseline -0.002 -17"><span class='ocrx_word' id='word_1_380' title='bbox 2245 2468 2389 2537; x_wconf 85' lang='grc' dir='ltr'>λόγῳ</span> <span class='ocrx_word' id='word_1_381' title='bbox 2420 2467 2516 2529; x_wconf 84' lang='grc' dir='ltr'>τὰς</span> <span class='ocrx_word' id='word_1_382' title='bbox 2555 2466 2612 2519; x_wconf 81' lang='grc' dir='ltr'>δὲ</span> <span class='ocrx_word' id='word_1_383' title='bbox 2650 2465 2736 2518; x_wconf 80' lang='grc' dir='ltr'>διὰ</span> <span class='ocrx_word' id='word_1_384' title='bbox 2767 2463 2868 2530; x_wconf 83' lang='grc' dir='ltr'>τῆς</span> <span class='ocrx_word' id='word_1_385' title='bbox 2905 2465 3285 2533; x_wconf 83' lang='grc' dir='ltr'>μερικωτέρας</span> <span class='ocrx_word' id='word_1_386' title='bbox 3328 2464 3671 2534; x_wconf 79' lang='grc' dir='ltr'>ἀναλήψεως,</span> <span class='ocrx_word' id='word_1_387' title='bbox 3717 2465 3822 2519; x_wconf 81' lang='grc' dir='ltr'><strong>ἄπ-</strong></span> 
     </span>
    </p>
   </div>
   <div class='ocr_carea' id='block_1_56' title="bbox 2246 2554 3822 2628">
    <p class='ocr_par' dir='ltr' id='par_1_56' title="bbox 2246 2554 3822 2628">
     <span class='ocr_line' id='line_1_56' title="bbox 2246 2554 3822 2628; baseline -0.003 -16"><span class='ocrx_word' id='word_1_388' title='bbox 2246 2576 2347 2626; x_wconf 88' lang='grc' dir='ltr'><strong>αγε</strong></span> <span class='ocrx_word' id='word_1_389' title='bbox 2367 2575 2380 2588; x_wconf 78' lang='grc'><strong><em>⁸</em></strong></span> <span class='ocrx_word' id='word_1_390' title='bbox 2415 2558 2494 2610; x_wconf 84' lang='grc' dir='ltr'>ὅτι</span> <span class='ocrx_word' id='word_1_391' title='bbox 2529 2555 2665 2628; x_wconf 84' lang='grc' dir='ltr'><strong>μηδέ</strong></span> <span class='ocrx_word' id='word_1_392' title='bbox 2695 2554 2974 2620; x_wconf 80' lang='grc' dir='ltr'>πλεονεξία</span> <span class='ocrx_word' id='word_1_393' title='bbox 3003 2557 3116 2619; x_wconf 82' lang='grc' dir='ltr'>τοῖς</span> <span class='ocrx_word' id='word_1_394' title='bbox 3147 2554 3254 2608; x_wconf 82' lang='grc' dir='ltr'>ἀπὸ</span> <span class='ocrx_word' id='word_1_395' title='bbox 3275 2554 3453 2608; x_wconf 87' lang='grc' dir='ltr'>κοινοῦ</span> <span class='ocrx_word' id='word_1_396' title='bbox 3482 2555 3661 2622; x_wconf 76' lang='grc' dir='ltr'>φωτὸς</span> <span class='ocrx_word' id='word_1_397' title='bbox 3692 2557 3822 2610; x_wconf 82' lang='grc' dir='ltr'>ἁνα-</span> 
     </span>
    </p>
   </div>
   <div class='ocr_carea' id='block_1_57' title="bbox 2247 2645 3824 2718">
    <p class='ocr_par' dir='ltr' id='par_1_57' title="bbox 2247 2645 3824 2718">
     <span class='ocr_line' id='line_1_57' title="bbox 2247 2645 3824 2718; baseline -0.003 -16"><span class='ocrx_word' id='word_1_398' title='bbox 2247 2650 2428 2718; x_wconf 79' lang='grc' dir='ltr'>φθεῖσι</span> <span class='ocrx_word' id='word_1_399' title='bbox 2463 2648 2837 2718; x_wconf 81' lang='grc' dir='ltr'>λαμπτῆρσιν,</span> <span class='ocrx_word' id='word_1_400' title='bbox 2871 2649 2904 2716; x_wconf 88' lang='grc' dir='ltr'><strong>ή</strong></span> <span class='ocrx_word' id='word_1_401' title='bbox 2936 2647 3024 2713; x_wconf 82' lang='grc' dir='ltr'><strong>ὑφ’</strong></span> <span class='ocrx_word' id='word_1_402' title='bbox 3055 2647 3173 2708; x_wconf 84' lang='grc' dir='ltr'>ἐνὸς</span> <span class='ocrx_word' id='word_1_403' title='bbox 3195 2645 3350 2715; x_wconf 83' lang='grc' dir='ltr'>όλικὴ</span> <span class='ocrx_word' id='word_1_404' title='bbox 3375 2646 3472 2716; x_wconf 84' lang='grc' dir='ltr'><strong>τῆς</strong></span> <span class='ocrx_word' id='word_1_405' title='bbox 3505 2648 3824 2718; x_wconf 67' lang='grc' dir='ltr'>λαμπρότηο</span> 
     </span>
    </p>
   </div>
   <div class='ocr_carea' id='block_1_58' title="bbox 2245 2739 2598 2810">
    <p class='ocr_par' dir='ltr' id='par_1_58' title="bbox 2245 2739 2598 2810">
     <span class='ocr_line' id='line_1_58' title="bbox 2245 2739 2598 2810; baseline 0.006 -18"><span class='ocrx_word' id='word_1_406' title='bbox 2245 2757 2335 2804; x_wconf 90' lang='grc' dir='ltr'><strong>τος</strong></span> <span class='ocrx_word' id='word_1_407' title='bbox 2362 2739 2598 2810; x_wconf 82' lang='grc' dir='ltr'>μέθεξις.</span> 
     </span>
    </p>
   </div>
   <div class='ocr_carea' id='block_1_59' title="bbox 2320 2982 3824 3055">
    <p class='ocr_par' dir='ltr' id='par_1_59' title="bbox 2320 2982 3824 3055">
     <span class='ocr_line' id='line_1_59' title="bbox 2320 2982 3824 3055; baseline -0.002 -16"><span class='ocrx_word' id='word_1_408' title='bbox 2320 2994 2381 3044; x_wconf 81' lang='grc' dir='ltr'><strong>ε’,</strong></span> <span class='ocrx_word' id='word_1_409' title='bbox 2423 2985 2573 3038; x_wconf 78' lang='grc' dir='ltr'>Ἐπεὶ</span> <span class='ocrx_word' id='word_1_410' title='bbox 2597 2984 2653 3037; x_wconf 86' lang='grc' dir='ltr'>δὲ</span> <span class='ocrx_word' id='word_1_411' title='bbox 2681 2983 2915 3054; x_wconf 83' lang='grc' dir='ltr'>κατέστη</span> <span class='ocrx_word' id='word_1_412' title='bbox 2940 2983 3046 3036; x_wconf 80' lang='grc' dir='ltr'>ὑπὸ</span> <span class='ocrx_word' id='word_1_413' title='bbox 3072 2982 3206 3036; x_wconf 79' lang='grc' dir='ltr'>Θεοῦ</span> <span class='ocrx_word' id='word_1_414' title='bbox 3239 2983 3422 3046; x_wconf 85' lang='grc' dir='ltr'>ἁλιεὺς</span> <span class='ocrx_word' id='word_1_415' title='bbox 3439 2985 3469 3037; x_wconf 83' lang='grc' dir='ltr'><strong>ό</strong></span> <span class='ocrx_word' id='word_1_416' title='bbox 3491 2983 3667 3055; x_wconf 84' lang='grc' dir='ltr'>μέγας</span> <span class='ocrx_word' id='word_1_417' title='bbox 3692 2983 3824 3037; x_wconf 72' lang='grc' dir='ltr'>ἀπόο</span> 
     </span>
    </p>
   </div>
   <div class='ocr_carea' id='block_1_60' title="bbox 576 3074 2152 3187">
    <p class='ocr_par' dir='ltr' id='par_1_60' title="bbox 576 3090 2146 3165">
     <span class='ocr_line' id='line_1_60' title="bbox 576 3090 2146 3165; baseline -0.006 -13"><span class='ocrx_word' id='word_1_418' title='bbox 576 3096 689 3152; x_wconf 86' lang='lat' dir='ltr'><strong>Deo</strong></span> <span class='ocrx_word' id='word_1_419' title='bbox 730 3096 972 3165; x_wconf 89' lang='lat' dir='ltr'><strong>piscator</strong></span> <span class='ocrx_word' id='word_1_420' title='bbox 1015 3092 1346 3148; x_wconf 89' lang='lat' dir='ltr'><strong>constitutus</strong></span> <span class='ocrx_word' id='word_1_421' title='bbox 1403 3100 1506 3155; x_wconf 85' lang='lat' dir='ltr'><strong>cst,</strong></span> <span class='ocrx_word' id='word_1_422' title='bbox 1550 3105 1646 3161; x_wconf 85' lang='lat' dir='ltr'><strong>age</strong></span> <span class='ocrx_word' id='word_1_423' title='bbox 1701 3090 1983 3145; x_wconf 79' lang='lat' dir='ltr'><strong>videamus</strong></span> <span class='ocrx_word' id='word_1_424' title='bbox 2022 3104 2146 3143; x_wconf 88' lang='lat' dir='ltr'><strong>eum</strong></span> 
     </span>
    </p>
   </div>
   <div class='ocr_carea' id='block_1_61' title="bbox 2252 3074 3825 3187">
    <p class='ocr_par' dir='ltr' id='par_1_61' title="bbox 2252 3074 3825 3187">
     <span class='ocr_line' id='line_1_61' title="bbox 2252 3074 3825 3146; baseline -0.003 -16"><span class='ocrx_word' id='word_1_425' title='bbox 2252 3078 2455 3139; x_wconf 85' lang='grc' dir='ltr'>στολος,</span> <span class='ocrx_word' id='word_1_426' title='bbox 2511 3074 2668 3146; x_wconf 81' lang='grc' dir='ltr'>δεῦρο</span> <span class='ocrx_word' id='word_1_427' title='bbox 2721 3075 2920 3144; x_wconf 75' lang='grc' dir='ltr'>ἴδωμεν</span> <span class='ocrx_word' id='word_1_428' title='bbox 2979 3075 3143 3128; x_wconf 87' lang='grc' dir='ltr'>αὐτὸν</span> <span class='ocrx_word' id='word_1_429' title='bbox 3202 3074 3581 3146; x_wconf 82' lang='grc' dir='ltr'>άλληγορικῶς</span> <span class='ocrx_word' id='word_1_430' title='bbox 3639 3075 3717 3138; x_wconf 85' lang='grc' dir='ltr'>ὼς</span> <span class='ocrx_word' id='word_1_431' title='bbox 3768 3075 3825 3126; x_wconf 83' lang='grc' dir='ltr'><strong>ἐν</strong></span> 
     </span>
     <span class='ocr_line' id='line_1_62' title="bbox 2294 3164 3795 3187; baseline -0.003 3"><span class='ocrx_word' id='word_1_432' title='bbox 2294 3168 2387 3187; x_wconf 51' lang='grc' dir='ltr'>κα.</span> <span class='ocrx_word' id='word_1_433' title='bbox 2455 3167 2508 3187; x_wconf 74' lang='grc' dir='ltr'><strong>ι..</strong></span> <span class='ocrx_word' id='word_1_434' title='bbox 2549 3164 2680 3187; x_wconf 71' lang='lat'><strong>__-_._</strong></span> <span class='ocrx_word' id='word_1_435' title='bbox 2713 3164 2782 3187; x_wconf 57' lang='grc' dir='ltr'><em>,η</em></span> <span class='ocrx_word' id='word_1_436' title='bbox 2827 3164 3002 3187; x_wconf 77' lang='grc' dir='ltr'><strong>-----ι-</strong></span> <span class='ocrx_word' id='word_1_437' title='bbox 3059 3167 3453 3187; x_wconf 59' lang='lat' dir='ltr'><strong>--_____.y__-__</strong></span> <span class='ocrx_word' id='word_1_438' title='bbox 3502 3168 3548 3187; x_wconf 67' lang='lat'><strong>_,</strong></span> <span class='ocrx_word' id='word_1_439' title='bbox 3601 3164 3795 3187; x_wconf 40' lang='lat' dir='ltr'><strong>sui.“</strong></span> 
     </span>
    </p>
   </div>
   <div class='ocr_carea' id='block_1_62' title="bbox 575 3178 2148 3257">
    <p class='ocr_par' dir='ltr' id='par_1_62' title="bbox 575 3178 2148 3257">
     <span class='ocr_line' id='line_1_63' title="bbox 575 3178 2148 3257; baseline -0.008 -15"><span class='ocrx_word' id='word_1_440' title='bbox 575 3185 887 3257; x_wconf 85' lang='lat' dir='ltr'><strong>allegorice,</strong></span> <span class='ocrx_word' id='word_1_441' title='bbox 911 3185 1066 3254; x_wconf 85' lang='lat' dir='ltr'><strong>quasi</strong></span> <span class='ocrx_word' id='word_1_442' title='bbox 1101 3183 1158 3238; x_wconf 90' lang='lat' dir='ltr'><strong>in</strong></span> <span class='ocrx_word' id='word_1_443' title='bbox 1187 3182 1456 3247; x_wconf 86' lang='lat' dir='ltr'><strong>navicula,</strong></span> <span class='ocrx_word' id='word_1_444' title='bbox 1478 3183 1530 3236; x_wconf 91' lang='lat' dir='ltr'><strong>in</strong></span> <span class='ocrx_word' id='word_1_445' title='bbox 1559 3182 1882 3252; x_wconf 91' lang='lat' dir='ltr'><strong>corpusculo</strong></span> <span class='ocrx_word' id='word_1_446' title='bbox 1902 3195 1998 3234; x_wconf 90' lang='lat' dir='ltr'><strong>suo</strong></span> <span class='ocrx_word' id='word_1_447' title='bbox 2022 3178 2148 3234; x_wconf 85' lang='lat' dir='ltr'><strong>rell-</strong></span> 
     </span>
    </p>
   </div>
   <div class='ocr_carea' id='block_1_63' title="bbox 577 3269 2148 3345">
    <p class='ocr_par' dir='ltr' id='par_1_63' title="bbox 577 3269 2148 3345">
     <span class='ocr_line' id='line_1_64' title="bbox 577 3269 2148 3345; baseline -0.008 -10"><span class='ocrx_word' id='word_1_448' title='bbox 577 3279 835 3345; x_wconf 79' lang='lat' dir='ltr'><strong>cientem,</strong></span> <span class='ocrx_word' id='word_1_449' title='bbox 857 3293 968 3332; x_wconf 90' lang='lat' dir='ltr'><strong>non</strong></span> <span class='ocrx_word' id='word_1_450' title='bbox 988 3275 1215 3330; x_wconf 85' lang='lat' dir='ltr'><strong>discissa</strong></span> <span class='ocrx_word' id='word_1_451' title='bbox 1237 3273 1391 3336; x_wconf 87' lang='lat' dir='ltr'><strong>retia,</strong></span> <span class='ocrx_word' id='word_1_452' title='bbox 1415 3273 1509 3328; x_wconf 89' lang='lat' dir='ltr'><strong>sed</strong></span> <span class='ocrx_word' id='word_1_453' title='bbox 1530 3272 1838 3340; x_wconf 81' lang='lat' dir='ltr'><strong>evangelica</strong></span> <span class='ocrx_word' id='word_1_454' title='bbox 1860 3269 2148 3323; x_wconf 89' lang='lat' dir='ltr'><strong>verricula.</strong></span> 
     </span>
    </p>
   </div>
   <div class='ocr_carea' id='block_1_64' title="bbox 578 3360 2151 3438">
    <p class='ocr_par' dir='ltr' id='par_1_64' title="bbox 578 3360 2151 3438">
     <span class='ocr_line' id='line_1_65' title="bbox 578 3360 2151 3438; baseline -0.009 -13"><span class='ocrx_word' id='word_1_455' title='bbox 578 3369 837 3438; x_wconf 64' lang='lat' dir='ltr'><strong>Quanam</strong></span> <span class='ocrx_word' id='word_1_456' title='bbox 867 3365 1077 3422; x_wconf 89' lang='lat' dir='ltr'><strong>arundo</strong></span> <span class='ocrx_word' id='word_1_457' title='bbox 1113 3366 1137 3418; x_wconf 87' lang='lat'><strong>?</strong></span> <span class='ocrx_word' id='word_1_458' title='bbox 1171 3364 1432 3419; x_wconf 69' lang='lat' dir='ltr'><strong>doctrinae</strong></span> <span class='ocrx_word' id='word_1_459' title='bbox 1483 3363 1747 3418; x_wconf 89' lang='lat' dir='ltr'><strong>calamus.</strong></span> <span class='ocrx_word' id='word_1_460' title='bbox 1785 3360 2058 3427; x_wconf 85' lang='lat' dir='ltr'><strong>Quisnam‘</strong></span> <span class='ocrx_word' id='word_1_461' title='bbox 2075 3360 2151 3428; x_wconf 88' lang='lat' dir='ltr'><strong>pi-</strong></span> 
     </span>
    </p>
   </div>
   <div class='ocr_carea' id='block_1_65' title="bbox 578 3452 2148 3525">
    <p class='ocr_par' dir='ltr' id='par_1_65' title="bbox 578 3452 2148 3525">
     <span class='ocr_line' id='line_1_66' title="bbox 578 3452 2148 3525; baseline -0.01 -8"><span class='ocrx_word' id='word_1_462' title='bbox 578 3460 851 3517; x_wconf 88' lang='lat' dir='ltr'><strong>scatorius</strong></span> <span class='ocrx_word' id='word_1_463' title='bbox 919 3456 1194 3512; x_wconf 80' lang='lat' dir='ltr'><strong>funiculus</strong></span> <span class='ocrx_word' id='word_1_464' title='bbox 1245 3455 1268 3508; x_wconf 85' lang='lat'><strong>?</strong></span> <span class='ocrx_word' id='word_1_465' title='bbox 1315 3455 1598 3525; x_wconf 65' lang='lat' dir='ltr'><strong>theologia:</strong></span> <span class='ocrx_word' id='word_1_466' title='bbox 1641 3468 1833 3508; x_wconf 82' lang='lat' dir='ltr'><strong>nexus.</strong></span> <span class='ocrx_word' id='word_1_467' title='bbox 1887 3452 2148 3517; x_wconf 82' lang='lat' dir='ltr'><strong>Quisnam</strong></span> 
     </span>
    </p>
   </div>
   <div class='ocr_carea' id='block_1_66' title="bbox 579 3541 2153 3619">
    <p class='ocr_par' dir='ltr' id='par_1_66' title="bbox 579 3541 2153 3619">
     <span class='ocr_line' id='line_1_67' title="bbox 579 3541 2153 3619; baseline -0.007 -13"><span class='ocrx_word' id='word_1_468' title='bbox 579 3551 782 3606; x_wconf 84' lang='lat' dir='ltr'><strong>hamus</strong></span> <span class='ocrx_word' id='word_1_469' title='bbox 809 3551 833 3605; x_wconf 73' lang='grc' dir='ltr'><strong><em>τ</em></strong></span> <span class='ocrx_word' id='word_1_470' title='bbox 863 3549 1135 3619; x_wconf 87' lang='lat' dir='ltr'><strong>tripartita</strong></span> <span class='ocrx_word' id='word_1_471' title='bbox 1177 3562 1333 3602; x_wconf 80' lang='lat' dir='ltr'><strong>crux.</strong></span> <span class='ocrx_word' id='word_1_472' title='bbox 1378 3546 1636 3612; x_wconf 77' lang='lat' dir='ltr'><strong>Quaenam</strong></span> <span class='ocrx_word' id='word_1_473' title='bbox 1670 3559 1796 3600; x_wconf 86' lang='lat' dir='ltr'><strong>esca</strong></span> <span class='ocrx_word' id='word_1_474' title='bbox 1828 3543 1852 3596; x_wconf 83' lang='lat'><strong>?</strong></span> <span class='ocrx_word' id='word_1_475' title='bbox 1880 3557 2008 3597; x_wconf 91' lang='lat' dir='ltr'><strong>caro</strong></span> <span class='ocrx_word' id='word_1_476' title='bbox 2038 3541 2153 3596; x_wconf 92' lang='lat' dir='ltr'><strong>dei-</strong></span> 
     </span>
    </p>
   </div>
   <div class='ocr_carea' id='block_1_67' title="bbox 583 3635 2153 3712">
    <p class='ocr_par' dir='ltr' id='par_1_67' title="bbox 583 3635 2153 3712">
     <span class='ocr_line' id='line_1_68' title="bbox 583 3635 2153 3712; baseline -0.007 -14"><span class='ocrx_word' id='word_1_477' title='bbox 583 3645 720 3708; x_wconf 87' lang='lat' dir='ltr'><strong>l&#39;era,</strong></span> <span class='ocrx_word' id='word_1_478' title='bbox 756 3657 863 3712; x_wconf 84' lang='lat' dir='ltr'><strong>qua</strong></span> <span class='ocrx_word' id='word_1_479' title='bbox 899 3643 1177 3696; x_wconf 88' lang='lat' dir='ltr'><strong>inescatus</strong></span> <span class='ocrx_word' id='word_1_480' title='bbox 1202 3653 1433 3709; x_wconf 85' lang='lat' dir='ltr'><strong>magnus</strong></span> <span class='ocrx_word' id='word_1_481' title='bbox 1471 3637 1559 3691; x_wconf 90' lang='lat' dir='ltr'><strong>ille</strong></span> <span class='ocrx_word' id='word_1_482' title='bbox 1588 3645 1740 3691; x_wconf 90' lang='lat' dir='ltr'><strong>cetus</strong></span> <span class='ocrx_word' id='word_1_483' title='bbox 1762 3635 1938 3690; x_wconf 88' lang='lat' dir='ltr'><strong>Beliar</strong></span> <span class='ocrx_word' id='word_1_484' title='bbox 1963 3642 2153 3702; x_wconf 86' lang='lat' dir='ltr'><strong>captus</strong></span> 
     </span>
    </p>
   </div>
   <div class='ocr_carea' id='block_1_68' title="bbox 581 3727 2150 3802">
    <p class='ocr_par' dir='ltr' id='par_1_68' title="bbox 581 3727 2150 3802">
     <span class='ocr_line' id='line_1_69' title="bbox 581 3727 2150 3802; baseline -0.008 -11"><span class='ocrx_word' id='word_1_485' title='bbox 581 3745 684 3793; x_wconf 83' lang='lat' dir='ltr'><strong>est.</strong></span> <span class='ocrx_word' id='word_1_486' title='bbox 729 3733 940 3802; x_wconf 70' lang='lat' dir='ltr'><strong>Quaeris</strong></span> <span class='ocrx_word' id='word_1_487' title='bbox 988 3747 1154 3802; x_wconf 89' lang='lat' dir='ltr'><strong>super</strong></span> <span class='ocrx_word' id='word_1_488' title='bbox 1203 3745 1367 3800; x_wconf 89' lang='lat' dir='ltr'><strong>quam</strong></span> <span class='ocrx_word' id='word_1_489' title='bbox 1391 3729 1578 3784; x_wconf 85' lang='lat' dir='ltr'><strong>sedeat</strong></span> <span class='ocrx_word' id='word_1_490' title='bbox 1615 3738 1822 3798; x_wconf 90' lang='lat' dir='ltr'><strong>petram</strong></span> <span class='ocrx_word' id='word_1_491' title='bbox 1853 3729 1877 3781; x_wconf 72' lang='grc'><strong>7</strong></span> <span class='ocrx_word' id='word_1_492' title='bbox 1906 3727 2150 3780; x_wconf 83' lang='lat' dir='ltr'><strong>Firmam</strong></span> 
     </span>
    </p>
   </div>
   <div class='ocr_carea' id='block_1_69' title="bbox 582 3817 2151 3886">
    <p class='ocr_par' dir='ltr' id='par_1_69' title="bbox 582 3817 2151 3886">
     <span class='ocr_line' id='line_1_70' title="bbox 582 3817 2151 3886; baseline -0.008 -2"><span class='ocrx_word' id='word_1_493' title='bbox 582 3830 716 3886; x_wconf 89' lang='lat' dir='ltr'><strong>mihi</strong></span> <span class='ocrx_word' id='word_1_494' title='bbox 742 3828 864 3883; x_wconf 80' lang='lat' dir='ltr'><strong>ﬂdel</strong></span> <span class='ocrx_word' id='word_1_495' title='bbox 896 3825 1182 3882; x_wconf 90' lang='lat' dir='ltr'><strong>considera</strong></span> <span class='ocrx_word' id='word_1_496' title='bbox 1206 3824 1404 3880; x_wconf 85' lang='lat' dir='ltr'><strong>sedem.</strong></span> <span class='ocrx_word' id='word_1_497' title='bbox 1433 3821 1605 3877; x_wconf 89' lang='lat' dir='ltr'><strong>Orem</strong></span> <span class='ocrx_word' id='word_1_498' title='bbox 1627 3821 1927 3874; x_wconf 80' lang='lat' dir='ltr'><strong>mirabilem</strong></span> <span class='ocrx_word' id='word_1_499' title='bbox 1965 3821 1976 3872; x_wconf 89' lang='lat'><strong>!</strong></span> <span class='ocrx_word' id='word_1_500' title='bbox 2016 3817 2151 3872; x_wconf 83' lang='lat' dir='ltr'><strong>Ver-</strong></span> 
     </span>
    </p>
   </div>
   <div class='ocr_carea' id='block_1_70' title="bbox 582 3909 2153 3989">
    <p class='ocr_par' dir='ltr' id='par_1_70' title="bbox 582 3909 2153 3989">
     <span class='ocr_line' id='line_1_71' title="bbox 582 3909 2153 3989; baseline -0.009 -13"><span class='ocrx_word' id='word_1_501' title='bbox 582 3922 817 3976; x_wconf 88' lang='lat' dir='ltr'><strong>riculum</strong></span> <span class='ocrx_word' id='word_1_502' title='bbox 859 3919 1013 3989; x_wconf 86' lang='lat' dir='ltr'><strong>jacit,</strong></span> <span class='ocrx_word' id='word_1_503' title='bbox 1042 3932 1150 3972; x_wconf 90' lang='lat' dir='ltr'><strong>non</strong></span> <span class='ocrx_word' id='word_1_504' title='bbox 1185 3916 1242 3970; x_wconf 89' lang='lat' dir='ltr'><strong>in</strong></span> <span class='ocrx_word' id='word_1_505' title='bbox 1294 3916 1439 3970; x_wconf 89' lang='lat' dir='ltr'><strong>hunc</strong></span> <span class='ocrx_word' id='word_1_506' title='bbox 1475 3913 1695 3968; x_wconf 87' lang='lat' dir='ltr'><strong>illumve</strong></span> <span class='ocrx_word' id='word_1_507' title='bbox 1725 3914 1926 3974; x_wconf 90' lang='lat' dir='ltr'><strong>sinum,</strong></span> <span class='ocrx_word' id='word_1_508' title='bbox 1971 3911 2064 3965; x_wconf 87' lang='lat' dir='ltr'><strong>sed</strong></span> <span class='ocrx_word' id='word_1_509' title='bbox 2100 3909 2153 3962; x_wconf 92' lang='lat' dir='ltr'><strong>in</strong></span> 
     </span>
    </p>
   </div>
   <div class='ocr_carea' id='block_1_71' title="bbox 584 4001 2154 4070">
    <p class='ocr_par' dir='ltr' id='par_1_71' title="bbox 584 4001 2154 4070">
     <span class='ocr_line' id='line_1_72' title="bbox 584 4001 2154 4070; baseline -0.011 1"><span class='ocrx_word' id='word_1_510' title='bbox 584 4014 769 4070; x_wconf 72' lang='lat' dir='ltr'><strong>saeculi</strong></span> <span class='ocrx_word' id='word_1_511' title='bbox 809 4027 961 4068; x_wconf 90' lang='lat' dir='ltr'><strong>mare</strong></span> <span class='ocrx_word' id='word_1_512' title='bbox 998 4011 1336 4067; x_wconf 88' lang='lat' dir='ltr'><strong>universum.</strong></span> <span class='ocrx_word' id='word_1_513' title='bbox 1369 4007 1624 4063; x_wconf 85' lang='lat' dir='ltr'><strong>Extendit</strong></span> <span class='ocrx_word' id='word_1_514' title='bbox 1668 4006 1934 4060; x_wconf 88' lang='lat' dir='ltr'><strong>calamum</strong></span> <span class='ocrx_word' id='word_1_515' title='bbox 1967 4017 2070 4057; x_wconf 90' lang='lat' dir='ltr'><strong>non</strong></span> <span class='ocrx_word' id='word_1_516' title='bbox 2099 4001 2154 4055; x_wconf 90' lang='lat' dir='ltr'><strong>in</strong></span> 
     </span>
    </p>
   </div>
   <div class='ocr_carea' id='block_1_72' title="bbox 586 4096 2155 4173">
    <p class='ocr_par' dir='ltr' id='par_1_72' title="bbox 586 4096 2155 4173">
     <span class='ocr_line' id='line_1_73' title="bbox 586 4096 2155 4173; baseline -0.01 -11"><span class='ocrx_word' id='word_1_517' title='bbox 586 4107 862 4162; x_wconf 90' lang='lat' dir='ltr'><strong>modicum</strong></span> <span class='ocrx_word' id='word_1_518' title='bbox 903 4103 1124 4173; x_wconf 90' lang='lat' dir='ltr'><strong>aliquod</strong></span> <span class='ocrx_word' id='word_1_519' title='bbox 1165 4101 1429 4171; x_wconf 85' lang='lat' dir='ltr'><strong>spatium,</strong></span> <span class='ocrx_word' id='word_1_520' title='bbox 1470 4100 1562 4154; x_wconf 88' lang='lat' dir='ltr'><strong>sed</strong></span> <span class='ocrx_word' id='word_1_521' title='bbox 1600 4099 1652 4151; x_wconf 88' lang='lat' dir='ltr'><strong>in</strong></span> <span class='ocrx_word' id='word_1_522' title='bbox 1693 4101 1825 4152; x_wconf 88' lang='lat' dir='ltr'><strong>lines</strong></span> <span class='ocrx_word' id='word_1_523' title='bbox 1872 4096 2020 4150; x_wconf 88' lang='lat' dir='ltr'><strong>orbis</strong></span> <span class='ocrx_word' id='word_1_524' title='bbox 2047 4104 2155 4148; x_wconf 86' lang='lat' dir='ltr'><strong>ter-</strong></span> 
     </span>
    </p>
   </div>
   <div class='ocr_carea' id='block_1_73' title="bbox 587 4183 2157 4257">
    <p class='ocr_par' dir='ltr' id='par_1_73' title="bbox 587 4183 2157 4257">
     <span class='ocr_line' id='line_1_74' title="bbox 587 4183 2157 4257; baseline -0.011 -5"><span class='ocrx_word' id='word_1_525' title='bbox 587 4211 773 4252; x_wconf 79' lang='lat' dir='ltr'><strong>rarum</strong></span> <span class='ocrx_word' id='word_1_526' title='bbox 814 4213 828 4248; x_wconf 91' lang='lat'><strong>:</strong></span> <span class='ocrx_word' id='word_1_527' title='bbox 885 4191 1129 4248; x_wconf 88' lang='lat' dir='ltr'><strong>immittit</strong></span> <span class='ocrx_word' id='word_1_528' title='bbox 1176 4189 1480 4245; x_wconf 79' lang='lat' dir='ltr'><strong>funiculum</strong></span> <span class='ocrx_word' id='word_1_529' title='bbox 1506 4202 1612 4241; x_wconf 94' lang='lat' dir='ltr'><strong>non</strong></span> <span class='ocrx_word' id='word_1_530' title='bbox 1645 4188 1698 4240; x_wconf 89' lang='lat' dir='ltr'><strong>in</strong></span> <span class='ocrx_word' id='word_1_531' title='bbox 1756 4186 2022 4257; x_wconf 83' lang='lat' dir='ltr'><strong>gurgitem</strong></span> <span class='ocrx_word' id='word_1_532' title='bbox 2055 4183 2157 4236; x_wconf 86' lang='lat' dir='ltr'><strong>im-</strong></span> 
     </span>
    </p>
   </div>
   <div class='ocr_carea' id='block_1_74' title="bbox 589 4275 2155 4354">
    <p class='ocr_par' dir='ltr' id='par_1_74' title="bbox 589 4275 2155 4354">
     <span class='ocr_line' id='line_1_75' title="bbox 589 4275 2155 4354; baseline -0.011 -9"><span class='ocrx_word' id='word_1_533' title='bbox 589 4302 865 4354; x_wconf 87' lang='lat' dir='ltr'><strong>mensum,</strong></span> <span class='ocrx_word' id='word_1_534' title='bbox 897 4285 993 4343; x_wconf 88' lang='lat' dir='ltr'><strong>sed</strong></span> <span class='ocrx_word' id='word_1_535' title='bbox 1016 4284 1070 4338; x_wconf 90' lang='lat' dir='ltr'><strong>in</strong></span> <span class='ocrx_word' id='word_1_536' title='bbox 1106 4284 1278 4353; x_wconf 89' lang='lat' dir='ltr'><strong>ipsam</strong></span> <span class='ocrx_word' id='word_1_537' title='bbox 1302 4281 1595 4352; x_wconf 89' lang='lat' dir='ltr'><strong>impietatis</strong></span> <span class='ocrx_word' id='word_1_538' title='bbox 1616 4280 1895 4350; x_wconf 79' lang='lat' dir='ltr'><strong>abyssum.</strong></span> <span class='ocrx_word' id='word_1_539' title='bbox 1924 4275 2004 4330; x_wconf 93' lang='lat' dir='ltr'><strong>Tu</strong></span> <span class='ocrx_word' id='word_1_540' title='bbox 2023 4275 2155 4330; x_wconf 87' lang='lat' dir='ltr'><strong>mihi</strong></span> 
     </span>
    </p>
   </div>
   <div class='ocr_carea' id='block_1_75' title="bbox 587 4368 2159 4450">
    <p class='ocr_par' dir='ltr' id='par_1_75' title="bbox 587 4368 2159 4450">
     <span class='ocr_line' id='line_1_76' title="bbox 587 4368 2159 4450; baseline -0.01 -14"><span class='ocrx_word' id='word_1_541' title='bbox 587 4380 913 4450; x_wconf 89' lang='lat' dir='ltr'><strong>locupletem</strong></span> <span class='ocrx_word' id='word_1_542' title='bbox 985 4386 1266 4447; x_wconf 88' lang='lat' dir='ltr'><strong>capturam</strong></span> <span class='ocrx_word' id='word_1_543' title='bbox 1317 4373 1600 4428; x_wconf 89' lang='lat' dir='ltr'><strong>considera</strong></span> <span class='ocrx_word' id='word_1_544' title='bbox 1673 4387 1735 4426; x_wconf 79' lang='lat' dir='ltr'><strong>ex</strong></span> <span class='ocrx_word' id='word_1_545' title='bbox 1792 4368 2159 4440; x_wconf 86' lang='lat' dir='ltr'><strong>singularibus</strong></span> 
     </span>
    </p>
   </div>
   <div class='ocr_carea' id='block_1_76' title="bbox 2252 3164 3826 3236">
    <p class='ocr_par' dir='ltr' id='par_1_76' title="bbox 2252 3164 3826 3236">
     <span class='ocr_line' id='line_1_77' title="bbox 2252 3164 3826 3236; baseline -0.003 -16"><span class='ocrx_word' id='word_1_546' title='bbox 2252 3168 2419 3236; x_wconf 82' lang='grc' dir='ltr'>πλοίῳ</span> <span class='ocrx_word' id='word_1_547' title='bbox 2452 3167 2509 3218; x_wconf 90' lang='grc' dir='ltr'><strong>ἐν</strong></span> <span class='ocrx_word' id='word_1_548' title='bbox 2547 3164 2681 3235; x_wconf 81' lang='grc' dir='ltr'>τῷδε</span> <span class='ocrx_word' id='word_1_549' title='bbox 2711 3164 2788 3235; x_wconf 84' lang='grc' dir='ltr'>τῷ</span> <span class='ocrx_word' id='word_1_550' title='bbox 2822 3164 3032 3235; x_wconf 83' lang='grc' dir='ltr'>σαρκίῳ</span> <span class='ocrx_word' id='word_1_551' title='bbox 3059 3167 3457 3236; x_wconf 77' lang='grc' dir='ltr'>καταρτίζοντα</span> <span class='ocrx_word' id='word_1_552' title='bbox 3496 3168 3558 3218; x_wconf 82' lang='grc' dir='ltr'>οὐ</span> <span class='ocrx_word' id='word_1_553' title='bbox 3597 3164 3826 3234; x_wconf 72' lang='grc' dir='ltr'>διερρω-</span> 
     </span>
    </p>
   </div>
   <div class='ocr_carea' id='block_1_77' title="bbox 2249 3258 3827 3331">
    <p class='ocr_par' dir='ltr' id='par_1_77' title="bbox 2249 3258 3827 3331">
     <span class='ocr_line' id='line_1_78' title="bbox 2249 3258 3827 3331; baseline -0.003 -16"><span class='ocrx_word' id='word_1_554' title='bbox 2249 3263 2380 3331; x_wconf 83' lang='grc' dir='ltr'>γότα</span> <span class='ocrx_word' id='word_1_555' title='bbox 2403 3261 2612 3325; x_wconf 88' lang='grc' dir='ltr'>δίκτυα,</span> <span class='ocrx_word' id='word_1_556' title='bbox 2638 3259 2774 3312; x_wconf 83' lang='grc' dir='ltr'>ἀλλὰ</span> <span class='ocrx_word' id='word_1_557' title='bbox 2806 3259 2876 3312; x_wconf 86' lang='grc' dir='ltr'><strong>τὰ</strong></span> <span class='ocrx_word' id='word_1_558' title='bbox 2907 3260 3239 3329; x_wconf 86' lang='grc' dir='ltr'>εὐαγγελικά</span> <span class='ocrx_word' id='word_1_559' title='bbox 3260 3260 3628 3331; x_wconf 76' lang='grc' dir='ltr'>ἀπαρτίζοντα</span> <span class='ocrx_word' id='word_1_560' title='bbox 3655 3258 3827 3328; x_wconf 81' lang='grc' dir='ltr'>ἀμφί-</span> 
     </span>
    </p>
   </div>
   <div class='ocr_carea' id='block_1_78' title="bbox 2251 3349 3824 3424">
    <p class='ocr_par' dir='ltr' id='par_1_78' title="bbox 2251 3349 3824 3424">
     <span class='ocr_line' id='line_1_79' title="bbox 2251 3349 3824 3424; baseline -0.002 -20"><span class='ocrx_word' id='word_1_561' title='bbox 2251 3352 2524 3424; x_wconf 64' lang='grc' dir='ltr'>ϐληστρον</span> <span class='ocrx_word' id='word_1_562' title='bbox 2559 3351 2640 3414; x_wconf 89' lang='grc' dir='ltr'><strong>τίς</strong></span> <span class='ocrx_word' id='word_1_563' title='bbox 2674 3351 2702 3403; x_wconf 90' lang='grc' dir='ltr'><strong>ὁ</strong></span> <span class='ocrx_word' id='word_1_564' title='bbox 2732 3350 3012 3421; x_wconf 77' lang='grc' dir='ltr'>κάλαμοςς</span> <span class='ocrx_word' id='word_1_565' title='bbox 3043 3353 3070 3404; x_wconf 83' lang='grc' dir='ltr'>ὁ</span> <span class='ocrx_word' id='word_1_566' title='bbox 3097 3351 3382 3422; x_wconf 79' lang='grc' dir='ltr'>δογμάτων</span> <span class='ocrx_word' id='word_1_567' title='bbox 3422 3349 3616 3416; x_wconf 83' lang='grc' dir='ltr'>δόναξ·</span> <span class='ocrx_word' id='word_1_568' title='bbox 3665 3351 3749 3412; x_wconf 89' lang='grc' dir='ltr'><strong>τίς</strong></span> <span class='ocrx_word' id='word_1_569' title='bbox 3792 3351 3824 3418; x_wconf 80' lang='grc' dir='ltr'><strong>ὴ</strong></span> 
     </span>
    </p>
   </div>
   <div class='ocr_carea' id='block_1_79' title="bbox 2250 3441 3827 3515">
    <p class='ocr_par' dir='ltr' id='par_1_79' title="bbox 2250 3441 3827 3515">
     <span class='ocr_line' id='line_1_80' title="bbox 2250 3441 3827 3515; baseline -0.001 -19"><span class='ocrx_word' id='word_1_570' title='bbox 2250 3444 2456 3515; x_wconf 83' lang='grc' dir='ltr'>ὁρμιά;</span> <span class='ocrx_word' id='word_1_571' title='bbox 2497 3444 2530 3512; x_wconf 89' lang='grc' dir='ltr'><strong>ή</strong></span> <span class='ocrx_word' id='word_1_572' title='bbox 2576 3441 2749 3512; x_wconf 80' lang='grc' dir='ltr'>πλοκὴ</span> <span class='ocrx_word' id='word_1_573' title='bbox 2783 3441 2881 3511; x_wconf 85' lang='grc' dir='ltr'>τῆς</span> <span class='ocrx_word' id='word_1_574' title='bbox 2911 3441 3188 3510; x_wconf 86' lang='grc' dir='ltr'>θεολογίας</span> <span class='ocrx_word' id='word_1_575' title='bbox 3215 3459 3227 3471; x_wconf 93' lang='grc'><strong>·</strong></span> <span class='ocrx_word' id='word_1_576' title='bbox 3267 3443 3319 3494; x_wconf 88' lang='grc' dir='ltr'><strong>τί</strong></span> <span class='ocrx_word' id='word_1_577' title='bbox 3349 3443 3409 3494; x_wconf 85' lang='grc' dir='ltr'><strong>τδ</strong></span> <span class='ocrx_word' id='word_1_578' title='bbox 3438 3442 3767 3510; x_wconf 77' lang='grc' dir='ltr'>ἀγκιστρονς</span> <span class='ocrx_word' id='word_1_579' title='bbox 3799 3444 3827 3494; x_wconf 87' lang='grc' dir='ltr'>ὁ</span> 
     </span>
    </p>
   </div>
   <div class='ocr_carea' id='block_1_80' title="bbox 2251 3534 3826 3610">
    <p class='ocr_par' dir='ltr' id='par_1_80' title="bbox 2251 3534 3826 3610">
     <span class='ocr_line' id='line_1_81' title="bbox 2251 3534 3826 3610; baseline -0.003 -20"><span class='ocrx_word' id='word_1_580' title='bbox 2251 3540 2511 3610; x_wconf 80' lang='grc' dir='ltr'>τρίμερος</span> <span class='ocrx_word' id='word_1_581' title='bbox 2555 3538 2783 3607; x_wconf 80' lang='grc' dir='ltr'>σταυρός</span> <span class='ocrx_word' id='word_1_582' title='bbox 2810 3553 2824 3568; x_wconf 88' lang='grc'><strong>·</strong></span> <span class='ocrx_word' id='word_1_583' title='bbox 2867 3537 2918 3589; x_wconf 92' lang='grc' dir='ltr'><strong>τί</strong></span> <span class='ocrx_word' id='word_1_584' title='bbox 2951 3536 3012 3590; x_wconf 86' lang='grc' dir='ltr'>τὸ</span> <span class='ocrx_word' id='word_1_585' title='bbox 3040 3537 3265 3606; x_wconf 74' lang='grc' dir='ltr'>δέλεαρς</span> <span class='ocrx_word' id='word_1_586' title='bbox 3305 3538 3338 3606; x_wconf 86' lang='grc' dir='ltr'><strong>ή</strong></span> <span class='ocrx_word' id='word_1_587' title='bbox 3380 3535 3636 3607; x_wconf 80' lang='grc' dir='ltr'>θεοφόρος</span> <span class='ocrx_word' id='word_1_588' title='bbox 3666 3534 3826 3606; x_wconf 74' lang='grc' dir='ltr'>σὰρξ,</span> 
     </span>
    </p>
   </div>
   <div class='ocr_carea' id='block_1_81' title="bbox 2251 3627 3824 3705">
    <p class='ocr_par' dir='ltr' id='par_1_81' title="bbox 2251 3627 3824 3705">
     <span class='ocr_line' id='line_1_82' title="bbox 2251 3627 3824 3705; baseline -0.002 -21"><span class='ocrx_word' id='word_1_589' title='bbox 2251 3632 2309 3684; x_wconf 84' lang='grc' dir='ltr'><strong>ἐν</strong></span> <span class='ocrx_word' id='word_1_590' title='bbox 2338 3627 2698 3705; x_wconf 66' lang='grc' dir='ltr'>ᾖδελεασθεις</span> <span class='ocrx_word' id='word_1_591' title='bbox 2735 3628 2999 3701; x_wconf 79' lang='grc' dir='ltr'>ἐχειρώθη</span> <span class='ocrx_word' id='word_1_592' title='bbox 3053 3629 3114 3682; x_wconf 81' lang='grc' dir='ltr'>τὸ</span> <span class='ocrx_word' id='word_1_593' title='bbox 3172 3630 3314 3698; x_wconf 82' lang='grc' dir='ltr'>μέγα</span> <span class='ocrx_word' id='word_1_594' title='bbox 3346 3628 3508 3698; x_wconf 80' lang='grc' dir='ltr'>κῆτος</span> <span class='ocrx_word' id='word_1_595' title='bbox 3548 3629 3577 3681; x_wconf 83' lang='grc' dir='ltr'><strong>ό</strong></span> <span class='ocrx_word' id='word_1_596' title='bbox 3605 3627 3824 3698; x_wconf 88' lang='grc' dir='ltr'>Βελίαρ.</span> 
     </span>
    </p>
   </div>
   <div class='ocr_carea' id='block_1_82' title="bbox 2256 3716 3829 3794">
    <p class='ocr_par' dir='ltr' id='par_1_82' title="bbox 2256 3716 3829 3794">
     <span class='ocr_line' id='line_1_83' title="bbox 2256 3716 3829 3794; baseline -0.003 -18"><span class='ocrx_word' id='word_1_597' title='bbox 2256 3725 2445 3794; x_wconf 81' lang='grc' dir='ltr'>Ζητεῖς</span> <span class='ocrx_word' id='word_1_598' title='bbox 2487 3725 2545 3776; x_wconf 92' lang='grc' dir='ltr'><strong>ἐν</strong></span> <span class='ocrx_word' id='word_1_599' title='bbox 2624 3721 3049 3791; x_wconf 77' lang='grc' dir='ltr'>ὑπερκαθίζεται</span> <span class='ocrx_word' id='word_1_600' title='bbox 3075 3723 3288 3790; x_wconf 74' lang='grc' dir='ltr'>πέτρας</span> <span class='ocrx_word' id='word_1_601' title='bbox 3320 3720 3428 3774; x_wconf 88' lang='grc' dir='ltr'>νόει</span> <span class='ocrx_word' id='word_1_602' title='bbox 3461 3736 3552 3789; x_wconf 90' lang='grc' dir='ltr'><strong>μοι</strong></span> <span class='ocrx_word' id='word_1_603' title='bbox 3584 3718 3684 3788; x_wconf 83' lang='grc' dir='ltr'>τὴν</span> <span class='ocrx_word' id='word_1_604' title='bbox 3709 3736 3829 3772; x_wconf 86' lang='grc' dir='ltr'>στε-</span> 
     </span>
    </p>
   </div>
   <div class='ocr_carea' id='block_1_83' title="bbox 2258 3806 3831 3884">
    <p class='ocr_par' dir='ltr' id='par_1_83' title="bbox 2258 3806 3831 3884">
     <span class='ocr_line' id='line_1_84' title="bbox 2258 3806 3831 3884; baseline -0.002 -17"><span class='ocrx_word' id='word_1_605' title='bbox 2258 3817 2385 3884; x_wconf 84' lang='grc' dir='ltr'>ρεὰν</span> <span class='ocrx_word' id='word_1_606' title='bbox 2412 3816 2571 3883; x_wconf 76' lang='grc' dir='ltr'>ἕδραν</span> <span class='ocrx_word' id='word_1_607' title='bbox 2597 3815 2695 3882; x_wconf 85' lang='grc' dir='ltr'>τῆς</span> <span class='ocrx_word' id='word_1_608' title='bbox 2721 3812 2977 3874; x_wconf 85' lang='grc' dir='ltr'>πίστεως.</span> <span class='ocrx_word' id='word_1_609' title='bbox 3005 3812 3067 3863; x_wconf 84' lang='grc' dir='ltr'><strong>Ὢ</strong></span> <span class='ocrx_word' id='word_1_610' title='bbox 3093 3810 3186 3862; x_wconf 85' lang='grc' dir='ltr'>τοῦ</span> <span class='ocrx_word' id='word_1_611' title='bbox 3215 3806 3489 3881; x_wconf 75' lang='grc' dir='ltr'>θαύματος</span> <span class='ocrx_word' id='word_1_612' title='bbox 3511 3812 3523 3864; x_wconf 87' lang='lat' dir='ltr'><strong>l</strong></span> <span class='ocrx_word' id='word_1_613' title='bbox 3558 3811 3743 3882; x_wconf 78' lang='grc' dir='ltr'>ῥίπτει</span> <span class='ocrx_word' id='word_1_614' title='bbox 3769 3810 3831 3864; x_wconf 85' lang='grc' dir='ltr'><strong>τδ</strong></span> 
     </span>
    </p>
   </div>
   <div class='ocr_carea' id='block_1_84' title="bbox 2253 3907 3828 3978">
    <p class='ocr_par' dir='ltr' id='par_1_84' title="bbox 2253 3907 3828 3978">
     <span class='ocr_line' id='line_1_85' title="bbox 2253 3907 3828 3978; baseline 0.001 -18"><span class='ocrx_word' id='word_1_615' title='bbox 2253 3907 2662 3978; x_wconf 78' lang='grc' dir='ltr'>ἀμφίϐληστρον</span> <span class='ocrx_word' id='word_1_616' title='bbox 2708 3908 2808 3961; x_wconf 76' lang='grc' dir='ltr'>οὐκ</span> <span class='ocrx_word' id='word_1_617' title='bbox 2856 3909 2935 3970; x_wconf 84' lang='grc' dir='ltr'><strong>είς</strong></span> <span class='ocrx_word' id='word_1_618' title='bbox 2973 3907 3119 3961; x_wconf 85' lang='grc' dir='ltr'>τόνδε</span> <span class='ocrx_word' id='word_1_619' title='bbox 3165 3908 3256 3961; x_wconf 71' lang='grc' dir='ltr'><strong>τὸν</strong></span> <span class='ocrx_word' id='word_1_620' title='bbox 3295 3908 3493 3961; x_wconf 88' lang='grc' dir='ltr'>κόλπον</span> <span class='ocrx_word' id='word_1_621' title='bbox 3526 3909 3621 3961; x_wconf 80' lang='grc' dir='ltr'>καὶ</span> <span class='ocrx_word' id='word_1_622' title='bbox 3653 3908 3828 3973; x_wconf 76' lang='grc' dir='ltr'>τόνδε,</span> 
     </span>
    </p>
   </div>
   <div class='ocr_carea' id='block_1_85' title="bbox 2255 3992 3831 4069">
    <p class='ocr_par' dir='ltr' id='par_1_85' title="bbox 2255 3992 3831 4069">
     <span class='ocr_line' id='line_1_86' title="bbox 2255 3992 3831 4069; baseline 0.001 -15"><span class='ocrx_word' id='word_1_623' title='bbox 2255 4001 2369 4054; x_wconf 78' lang='grc' dir='ltr'>ἀλλ’</span> <span class='ocrx_word' id='word_1_624' title='bbox 2409 4001 2489 4061; x_wconf 84' lang='grc' dir='ltr'><strong>είς</strong></span> <span class='ocrx_word' id='word_1_625' title='bbox 2517 3999 2607 4052; x_wconf 82' lang='grc' dir='ltr'>τοῦ</span> <span class='ocrx_word' id='word_1_626' title='bbox 2645 3999 2759 4069; x_wconf 84' lang='grc' dir='ltr'>βίου</span> <span class='ocrx_word' id='word_1_627' title='bbox 2793 3999 2894 4069; x_wconf 79' lang='grc' dir='ltr'>τὴν</span> <span class='ocrx_word' id='word_1_628' title='bbox 2929 3992 3229 4053; x_wconf 67' lang='grc' dir='ltr'>θάλασσαν’</span> <span class='ocrx_word' id='word_1_629' title='bbox 3265 3999 3494 4053; x_wconf 82' lang='grc' dir='ltr'>ἐκτείνει</span> <span class='ocrx_word' id='word_1_630' title='bbox 3527 4000 3618 4052; x_wconf 74' lang='grc' dir='ltr'><strong>τὸν</strong></span> <span class='ocrx_word' id='word_1_631' title='bbox 3664 4001 3831 4055; x_wconf 77' lang='grc' dir='ltr'>κάλα·-</span> 
     </span>
    </p>
   </div>
   <div class='ocr_carea' id='block_1_86' title="bbox 2260 4090 3830 4164">
    <p class='ocr_par' dir='ltr' id='par_1_86' title="bbox 2260 4090 3830 4164">
     <span class='ocr_line' id='line_1_87' title="bbox 2260 4090 3830 4164; baseline -0.001 -18"><span class='ocrx_word' id='word_1_632' title='bbox 2260 4110 2358 4162; x_wconf 92' lang='grc' dir='ltr'><strong>μον</strong></span> <span class='ocrx_word' id='word_1_633' title='bbox 2378 4091 2477 4145; x_wconf 82' lang='grc' dir='ltr'>οὐκ</span> <span class='ocrx_word' id='word_1_634' title='bbox 2506 4093 2586 4155; x_wconf 79' lang='grc' dir='ltr'>εἰς</span> <span class='ocrx_word' id='word_1_635' title='bbox 2621 4091 2816 4162; x_wconf 87' lang='grc' dir='ltr'>μικρόν</span> <span class='ocrx_word' id='word_1_636' title='bbox 2842 4108 2944 4144; x_wconf 91' lang='grc' dir='ltr'><strong>που</strong></span> <span class='ocrx_word' id='word_1_637' title='bbox 2969 4091 3279 4164; x_wconf 84' lang='grc' dir='ltr'>διάμετρον,</span> <span class='ocrx_word' id='word_1_638' title='bbox 3310 4090 3424 4145; x_wconf 79' lang='grc' dir='ltr'>ἀλλ’</span> <span class='ocrx_word' id='word_1_639' title='bbox 3449 4094 3528 4156; x_wconf 88' lang='grc' dir='ltr'><strong>είς</strong></span> <span class='ocrx_word' id='word_1_640' title='bbox 3561 4092 3703 4146; x_wconf 81' lang='grc' dir='ltr'>αὒτά</span> <span class='ocrx_word' id='word_1_641' title='bbox 3735 4093 3830 4161; x_wconf 84' lang='grc' dir='ltr'><strong>τῆς</strong></span> 
     </span>
    </p>
   </div>
   <div class='ocr_carea' id='block_1_87' title="bbox 2255 4182 3828 4254">
    <p class='ocr_par' dir='ltr' id='par_1_87' title="bbox 2255 4182 3828 4254">
     <span class='ocr_line' id='line_1_88' title="bbox 2255 4182 3828 4254; baseline 0 -18"><span class='ocrx_word' id='word_1_642' title='bbox 2255 4184 2577 4254; x_wconf 80' lang='grc' dir='ltr'>οἰκουμένης</span> <span class='ocrx_word' id='word_1_643' title='bbox 2608 4183 2676 4238; x_wconf 83' lang='grc' dir='ltr'>τὰ</span> <span class='ocrx_word' id='word_1_644' title='bbox 2698 4184 2945 4254; x_wconf 84' lang='grc' dir='ltr'>τέρματα</span> <span class='ocrx_word' id='word_1_645' title='bbox 2968 4196 2982 4212; x_wconf 86' lang='lat'><strong><em>°</em></strong></span> <span class='ocrx_word' id='word_1_646' title='bbox 3018 4182 3239 4236; x_wconf 86' lang='grc' dir='ltr'>ἐνίεισιν</span> <span class='ocrx_word' id='word_1_647' title='bbox 3261 4183 3360 4254; x_wconf 83' lang='grc' dir='ltr'>τὴν</span> <span class='ocrx_word' id='word_1_648' title='bbox 3394 4183 3597 4254; x_wconf 81' lang='grc' dir='ltr'>ὁρμιάν</span> <span class='ocrx_word' id='word_1_649' title='bbox 3630 4183 3731 4236; x_wconf 80' lang='grc' dir='ltr'>οὐκ</span> <span class='ocrx_word' id='word_1_650' title='bbox 3753 4184 3828 4245; x_wconf 85' lang='grc' dir='ltr'><strong>εἰς</strong></span> 
     </span>
    </p>
   </div>
   <div class='ocr_carea' id='block_1_88' title="bbox 2261 4274 3830 4347">
    <p class='ocr_par' dir='ltr' id='par_1_88' title="bbox 2261 4274 3830 4347">
     <span class='ocr_line' id='line_1_89' title="bbox 2261 4274 3830 4347; baseline -0.002 -17"><span class='ocrx_word' id='word_1_651' title='bbox 2261 4276 2420 4347; x_wconf 79' lang='grc' dir='ltr'>βάθος</span> <span class='ocrx_word' id='word_1_652' title='bbox 2461 4275 2946 4346; x_wconf 82' lang='grc' dir='ltr'>ἐπιμετρούμενον,</span> <span class='ocrx_word' id='word_1_653' title='bbox 2972 4274 3087 4328; x_wconf 79' lang='grc' dir='ltr'>ἀλλ’</span> <span class='ocrx_word' id='word_1_654' title='bbox 3113 4275 3198 4327; x_wconf 88' lang='grc' dir='ltr'><strong>ἐπ’</strong></span> <span class='ocrx_word' id='word_1_655' title='bbox 3231 4275 3402 4343; x_wconf 83' lang='grc' dir='ltr'>αὐτὴν</span> <span class='ocrx_word' id='word_1_656' title='bbox 3445 4275 3542 4344; x_wconf 83' lang='grc' dir='ltr'>τῆς</span> <span class='ocrx_word' id='word_1_657' title='bbox 3575 4274 3830 4336; x_wconf 85' lang='grc' dir='ltr'>ἀσεϐείας</span> 
     </span>
    </p>
   </div>
   <div class='ocr_carea' id='block_1_89' title="bbox 2260 4364 3834 4437">
    <p class='ocr_par' dir='ltr' id='par_1_89' title="bbox 2260 4364 3834 4437">
     <span class='ocr_line' id='line_1_90' title="bbox 2260 4364 3834 4437; baseline -0.003 -17"><span class='ocrx_word' id='word_1_658' title='bbox 2260 4367 2356 4437; x_wconf 78' lang='grc' dir='ltr'>τὴν</span> <span class='ocrx_word' id='word_1_659' title='bbox 2377 4366 2625 4420; x_wconf 78' lang='grc' dir='ltr'>ἄϐυσσον.</span> <span class='ocrx_word' id='word_1_660' title='bbox 2661 4365 2770 4419; x_wconf 89' lang='grc' dir='ltr'>Θέα</span> <span class='ocrx_word' id='word_1_661' title='bbox 2798 4382 2886 4435; x_wconf 89' lang='grc' dir='ltr'><strong>μοι</strong></span> <span class='ocrx_word' id='word_1_662' title='bbox 2912 4365 3010 4435; x_wconf 79' lang='grc' dir='ltr'>τὴν</span> <span class='ocrx_word' id='word_1_663' title='bbox 3041 4367 3213 4436; x_wconf 79' lang='grc' dir='ltr'>ἄγραν</span> <span class='ocrx_word' id='word_1_664' title='bbox 3243 4364 3497 4417; x_wconf 82' lang='grc' dir='ltr'>πλούσιον</span> <span class='ocrx_word' id='word_1_665' title='bbox 3525 4364 3590 4416; x_wconf 79' lang='grc' dir='ltr'><strong>ἐκ</strong></span> <span class='ocrx_word' id='word_1_666' title='bbox 3621 4365 3834 4434; x_wconf 83' lang='grc' dir='ltr'>μοναδι-</span> 
     </span>
    </p>
   </div>
   <div class='ocr_carea' id='block_1_90' title="bbox 588 4455 2152 4541">
    <p class='ocr_par' dir='ltr' id='par_1_90' title="bbox 588 4455 2152 4541">
     <span class='ocr_line' id='line_1_91' title="bbox 588 4455 2152 4541; baseline -0.01 -17"><span class='ocrx_word' id='word_1_667' title='bbox 588 4470 794 4541; x_wconf 88' lang='lat' dir='ltr'><strong>pariter</strong></span> <span class='ocrx_word' id='word_1_668' title='bbox 837 4481 901 4522; x_wconf 87' lang='lat' dir='ltr'><strong>ac</strong></span> <span class='ocrx_word' id='word_1_669' title='bbox 945 4462 1280 4536; x_wconf 89' lang='lat' dir='ltr'><strong>promiscuis</strong></span> <span class='ocrx_word' id='word_1_670' title='bbox 1322 4461 1652 4527; x_wconf 87' lang='lat' dir='ltr'><strong>collectam;</strong></span> <span class='ocrx_word' id='word_1_671' title='bbox 1686 4471 1902 4513; x_wconf 89' lang='lat' dir='ltr'><strong>crassos</strong></span> <span class='ocrx_word' id='word_1_672' title='bbox 1942 4456 2064 4511; x_wconf 91' lang='lat' dir='ltr'><strong>dico</strong></span> <span class='ocrx_word' id='word_1_673' title='bbox 2091 4455 2152 4508; x_wconf 83' lang='lat' dir='ltr'><strong>de</strong></span> 
     </span>
    </p>
   </div>
   <div class='ocr_carea' id='block_1_91' title="bbox 2252 4455 3831 4541">
    <p class='ocr_par' dir='ltr' id='par_1_91' title="bbox 2262 4455 3831 4525">
     <span class='ocr_line' id='line_1_92' title="bbox 2262 4455 3831 4525; baseline -0.003 -14"><span class='ocrx_word' id='word_1_674' title='bbox 2262 4459 2372 4511; x_wconf 84' lang='grc' dir='ltr'>κῶν</span> <span class='ocrx_word' id='word_1_675' title='bbox 2401 4476 2460 4510; x_wconf 88' lang='grc' dir='ltr'><strong>τε</strong></span> <span class='ocrx_word' id='word_1_676' title='bbox 2494 4459 2583 4510; x_wconf 74' lang='grc' dir='ltr'>καὶ</span> <span class='ocrx_word' id='word_1_677' title='bbox 2618 4456 2918 4525; x_wconf 82' lang='grc' dir='ltr'>μιγαδικῶν</span> <span class='ocrx_word' id='word_1_678' title='bbox 2951 4455 3442 4525; x_wconf 87' lang='grc' dir='ltr'>συνηθροισμένην,</span> <span class='ocrx_word' id='word_1_679' title='bbox 3477 4455 3604 4517; x_wconf 71' lang='grc' dir='ltr'>τοὺς</span> <span class='ocrx_word' id='word_1_680' title='bbox 3639 4455 3831 4524; x_wconf 82' lang='grc' dir='ltr'>ἁδρούς</span> 
     </span>
    </p>
   </div>
   <div class='ocr_carea' id='block_1_92' title="bbox 591 4544 2160 4633">
    <p class='ocr_par' dir='ltr' id='par_1_92' title="bbox 591 4544 2160 4633">
     <span class='ocr_line' id='line_1_93' title="bbox 591 4544 2160 4633; baseline -0.013 -17"><span class='ocrx_word' id='word_1_681' title='bbox 591 4560 796 4633; x_wconf 86' lang='lat' dir='ltr'><strong>populo</strong></span> <span class='ocrx_word' id='word_1_682' title='bbox 822 4571 884 4612; x_wconf 88' lang='lat' dir='ltr'><strong>ac</strong></span> <span class='ocrx_word' id='word_1_683' title='bbox 919 4555 1166 4626; x_wconf 82' lang='lat' dir='ltr'><strong>gregales</strong></span> <span class='ocrx_word' id='word_1_684' title='bbox 1198 4571 1214 4619; x_wconf 91' lang='lat'><strong>;</strong></span> <span class='ocrx_word' id='word_1_685' title='bbox 1245 4552 1488 4607; x_wconf 90' lang='lat' dir='ltr'><strong>moribus</strong></span> <span class='ocrx_word' id='word_1_686' title='bbox 1505 4550 1712 4606; x_wconf 88' lang='lat' dir='ltr'><strong>scilicet</strong></span> <span class='ocrx_word' id='word_1_687' title='bbox 1737 4559 1898 4617; x_wconf 88' lang='lat' dir='ltr'><strong>atque</strong></span> <span class='ocrx_word' id='word_1_688' title='bbox 1917 4544 2160 4600; x_wconf 76' lang='lat' dir='ltr'><strong>all‘ectio-</strong></span> 
     </span>
    </p>
   </div>
   <div class='ocr_carea' id='block_1_93' title="bbox 591 4639 2160 4713">
    <p class='ocr_par' dir='ltr' id='par_1_93' title="bbox 591 4639 2160 4713">
     <span class='ocr_line' id='line_1_94' title="bbox 591 4639 2160 4713; baseline -0.012 -6"><span class='ocrx_word' id='word_1_689' title='bbox 591 4654 754 4708; x_wconf 88' lang='lat' dir='ltr'><strong>nibus</strong></span> <span class='ocrx_word' id='word_1_690' title='bbox 787 4650 991 4713; x_wconf 82' lang='lat' dir='ltr'><strong>varios,</strong></span> <span class='ocrx_word' id='word_1_691' title='bbox 1035 4662 1101 4701; x_wconf 70' lang='lat' dir='ltr'><strong>ex</strong></span> <span class='ocrx_word' id='word_1_692' title='bbox 1160 4643 1468 4698; x_wconf 91' lang='lat' dir='ltr'><strong>minoribus</strong></span> <span class='ocrx_word' id='word_1_693' title='bbox 1520 4639 1953 4709; x_wconf 90' lang='lat' dir='ltr'><strong>majoribusque,</strong></span> <span class='ocrx_word' id='word_1_694' title='bbox 2003 4643 2160 4690; x_wconf 62' lang='lat' dir='ltr'><strong>aetate</strong></span> 
     </span>
    </p>
   </div>
   <div class='ocr_carea' id='block_1_94' title="bbox 594 4730 2162 4808">
    <p class='ocr_par' dir='ltr' id='par_1_94' title="bbox 594 4730 2162 4808">
     <span class='ocr_line' id='line_1_95' title="bbox 594 4730 2162 4808; baseline -0.011 -10"><span class='ocrx_word' id='word_1_695' title='bbox 594 4743 852 4798; x_wconf 89' lang='lat' dir='ltr'><strong>nimirum</strong></span> <span class='ocrx_word' id='word_1_696' title='bbox 893 4754 956 4794; x_wconf 89' lang='lat' dir='ltr'><strong>ac</strong></span> <span class='ocrx_word' id='word_1_697' title='bbox 984 4738 1246 4808; x_wconf 87' lang='lat' dir='ltr'><strong>dignitate</strong></span> <span class='ocrx_word' id='word_1_698' title='bbox 1285 4754 1300 4790; x_wconf 86' lang='lat'><strong>:</strong></span> <span class='ocrx_word' id='word_1_699' title='bbox 1346 4735 1483 4789; x_wconf 89' lang='lat' dir='ltr'><strong>alios</strong></span> <span class='ocrx_word' id='word_1_700' title='bbox 1521 4733 1738 4808; x_wconf 87' lang='lat' dir='ltr'><strong>quidem</strong></span> <span class='ocrx_word' id='word_1_701' title='bbox 1787 4730 1969 4799; x_wconf 89' lang='lat' dir='ltr'><strong>pravis</strong></span> <span class='ocrx_word' id='word_1_702' title='bbox 2002 4741 2162 4782; x_wconf 85' lang='lat' dir='ltr'><strong>exas-</strong></span> 
     </span>
    </p>
   </div>
   <div class='ocr_carea' id='block_1_95' title="bbox 593 4819 2160 4905">
    <p class='ocr_par' dir='ltr' id='par_1_95' title="bbox 593 4819 2160 4905">
     <span class='ocr_line' id='line_1_96' title="bbox 593 4819 2160 4905; baseline -0.012 -16"><span class='ocrx_word' id='word_1_703' title='bbox 593 4841 811 4905; x_wconf 83' lang='lat' dir='ltr'><strong>peratos</strong></span> <span class='ocrx_word' id='word_1_704' title='bbox 858 4829 1142 4893; x_wconf 90' lang='lat' dir='ltr'><strong>doctrinis,</strong></span> <span class='ocrx_word' id='word_1_705' title='bbox 1192 4837 1450 4895; x_wconf 90' lang='lat' dir='ltr'><strong>tanquam</strong></span> <span class='ocrx_word' id='word_1_706' title='bbox 1480 4840 1510 4878; x_wconf 89' lang='lat' dir='ltr'><strong>e</strong></span> <span class='ocrx_word' id='word_1_707' title='bbox 1539 4824 1706 4893; x_wconf 90' lang='lat' dir='ltr'><strong>petris</strong></span> <span class='ocrx_word' id='word_1_708' title='bbox 1762 4821 1863 4875; x_wconf 88' lang='lat' dir='ltr'><strong>sub</strong></span> <span class='ocrx_word' id='word_1_709' title='bbox 1893 4819 2054 4874; x_wconf 89' lang='lat' dir='ltr'><strong>undis</strong></span> <span class='ocrx_word' id='word_1_710' title='bbox 2080 4819 2160 4871; x_wconf 92' lang='lat' dir='ltr'><strong>la-</strong></span> 
     </span>
    </p>
   </div>
   <div class='ocr_carea' id='block_1_96' title="bbox 597 4910 2163 4990">
    <p class='ocr_par' dir='ltr' id='par_1_96' title="bbox 597 4910 2163 4990">
     <span class='ocr_line' id='line_1_97' title="bbox 597 4910 2163 4990; baseline -0.01 -11"><span class='ocrx_word' id='word_1_711' title='bbox 597 4924 854 4986; x_wconf 87' lang='lat' dir='ltr'><strong>tentibus,</strong></span> <span class='ocrx_word' id='word_1_712' title='bbox 889 4922 957 4976; x_wconf 89' lang='lat' dir='ltr'><strong>ab</strong></span> <span class='ocrx_word' id='word_1_713' title='bbox 990 4920 1267 4990; x_wconf 89' lang='lat' dir='ltr'><strong>impietate</strong></span> <span class='ocrx_word' id='word_1_714' title='bbox 1289 4919 1432 4986; x_wconf 87' lang='lat' dir='ltr'><strong>capit</strong></span> <span class='ocrx_word' id='word_1_715' title='bbox 1461 4935 1477 4983; x_wconf 91' lang='lat'><strong>;</strong></span> <span class='ocrx_word' id='word_1_716' title='bbox 1509 4916 1645 4970; x_wconf 88' lang='lat' dir='ltr'><strong>alios</strong></span> <span class='ocrx_word' id='word_1_717' title='bbox 1677 4913 1874 4968; x_wconf 91' lang='lat' dir='ltr'><strong>mentis</strong></span> <span class='ocrx_word' id='word_1_718' title='bbox 1903 4910 2163 4980; x_wconf 91' lang='lat' dir='ltr'><strong>simplici-</strong></span> 
     </span>
    </p>
   </div>
   <div class='ocr_carea' id='block_1_97' title="bbox 597 5004 2164 5082">
    <p class='ocr_par' dir='ltr' id='par_1_97' title="bbox 597 5004 2164 5082">
     <span class='ocr_line' id='line_1_98' title="bbox 597 5004 2164 5082; baseline -0.01 -11"><span class='ocrx_word' id='word_1_719' title='bbox 597 5025 706 5071; x_wconf 86' lang='lat' dir='ltr'><strong>tate</strong></span> <span class='ocrx_word' id='word_1_720' title='bbox 764 5015 1092 5082; x_wconf 87' lang='lat' dir='ltr'><strong>interceptos</strong></span> <span class='ocrx_word' id='word_1_721' title='bbox 1150 5021 1408 5080; x_wconf 88' lang='lat' dir='ltr'><strong>tanquam</strong></span> <span class='ocrx_word' id='word_1_722' title='bbox 1475 5023 1569 5078; x_wconf 91' lang='lat' dir='ltr'><strong>per</strong></span> <span class='ocrx_word' id='word_1_723' title='bbox 1599 5021 1749 5060; x_wconf 89' lang='lat' dir='ltr'><strong>mare</strong></span> <span class='ocrx_word' id='word_1_724' title='bbox 1819 5004 2164 5068; x_wconf 88' lang='lat' dir='ltr'><strong>cursitantes,</strong></span> 
     </span>
    </p>
   </div>
   <div class='ocr_carea' id='block_1_98' title="bbox 598 5092 2163 5168">
    <p class='ocr_par' dir='ltr' id='par_1_98' title="bbox 598 5092 2163 5168">
     <span class='ocr_line' id='line_1_99' title="bbox 598 5092 2163 5168; baseline -0.01 -8"><span class='ocrx_word' id='word_1_725' title='bbox 598 5103 871 5160; x_wconf 87' lang='lat' dir='ltr'><strong>verriculo</strong></span> <span class='ocrx_word' id='word_1_726' title='bbox 910 5101 1137 5156; x_wconf 87' lang='lat' dir='ltr'><strong>includit</strong></span> <span class='ocrx_word' id='word_1_727' title='bbox 1165 5117 1181 5154; x_wconf 86' lang='lat'><strong>:</strong></span> <span class='ocrx_word' id='word_1_728' title='bbox 1212 5110 1266 5155; x_wconf 90' lang='lat' dir='ltr'><strong>et</strong></span> <span class='ocrx_word' id='word_1_729' title='bbox 1323 5098 1542 5168; x_wconf 89' lang='lat' dir='ltr'><strong>quidem</strong></span> <span class='ocrx_word' id='word_1_730' title='bbox 1572 5095 1714 5149; x_wconf 87' lang='lat' dir='ltr'><strong>haud</strong></span> <span class='ocrx_word' id='word_1_731' title='bbox 1745 5094 1861 5148; x_wconf 92' lang='lat' dir='ltr'><strong>neci</strong></span> <span class='ocrx_word' id='word_1_732' title='bbox 1922 5092 2163 5156; x_wconf 85' lang='lat' dir='ltr'><strong>tradens,</strong></span> 
     </span>
    </p>
   </div>
   <div class='ocr_carea' id='block_1_99' title="bbox 601 5184 2166 5256">
    <p class='ocr_par' dir='ltr' id='par_1_99' title="bbox 601 5184 2166 5256">
     <span class='ocr_line' id='line_1_100' title="bbox 601 5184 2166 5256; baseline -0.01 -3"><span class='ocrx_word' id='word_1_733' title='bbox 601 5196 695 5253; x_wconf 88' lang='lat' dir='ltr'><strong>sed</strong></span> <span class='ocrx_word' id='word_1_734' title='bbox 723 5193 1027 5256; x_wconf 80' lang='lat' dir='ltr'><strong>viviﬁcans,</strong></span> <span class='ocrx_word' id='word_1_735' title='bbox 1045 5207 1155 5246; x_wconf 91' lang='lat' dir='ltr'><strong>non</strong></span> <span class='ocrx_word' id='word_1_736' title='bbox 1195 5191 1246 5244; x_wconf 92' lang='lat' dir='ltr'><strong>in</strong></span> <span class='ocrx_word' id='word_1_737' title='bbox 1263 5190 1418 5246; x_wconf 86' lang='lat' dir='ltr'><strong>salsis</strong></span> <span class='ocrx_word' id='word_1_738' title='bbox 1467 5187 1666 5256; x_wconf 88' lang='lat' dir='ltr'><strong>peccati</strong></span> <span class='ocrx_word' id='word_1_739' title='bbox 1689 5185 1844 5255; x_wconf 89' lang='lat' dir='ltr'><strong>aquis</strong></span> <span class='ocrx_word' id='word_1_740' title='bbox 1863 5184 2166 5247; x_wconf 87' lang='lat' dir='ltr'><strong>continens,</strong></span> 
     </span>
    </p>
   </div>
   <div class='ocr_carea' id='block_1_100' title="bbox 603 5275 2166 5352">
    <p class='ocr_par' dir='ltr' id='par_1_100' title="bbox 603 5275 2166 5352">
     <span class='ocr_line' id='line_1_101' title="bbox 603 5275 2166 5352; baseline -0.011 -7"><span class='ocrx_word' id='word_1_741' title='bbox 603 5289 699 5345; x_wconf 86' lang='lat' dir='ltr'><strong>sed</strong></span> <span class='ocrx_word' id='word_1_742' title='bbox 729 5288 780 5341; x_wconf 91' lang='lat' dir='ltr'><strong>in</strong></span> <span class='ocrx_word' id='word_1_743' title='bbox 824 5285 1072 5340; x_wconf 89' lang='lat' dir='ltr'><strong>dulcibus</strong></span> <span class='ocrx_word' id='word_1_744' title='bbox 1115 5281 1370 5352; x_wconf 81' lang='lat' dir='ltr'><strong>baptismi</strong></span> <span class='ocrx_word' id='word_1_745' title='bbox 1439 5279 1653 5333; x_wconf 85' lang='lat' dir='ltr'><strong>ﬂuentis</strong></span> <span class='ocrx_word' id='word_1_746' title='bbox 1699 5279 1875 5332; x_wconf 90' lang='lat' dir='ltr'><strong>vivere</strong></span> <span class='ocrx_word' id='word_1_747' title='bbox 1923 5275 2166 5330; x_wconf 81' lang='lat' dir='ltr'><strong>faciens:</strong></span> 
     </span>
    </p>
   </div>
   <div class='ocr_carea' id='block_1_101' title="bbox 605 5367 2172 5449">
    <p class='ocr_par' dir='ltr' id='par_1_101' title="bbox 605 5367 2172 5449">
     <span class='ocr_line' id='line_1_102' title="bbox 605 5367 2172 5449; baseline -0.008 -18"><span class='ocrx_word' id='word_1_748' title='bbox 605 5378 737 5449; x_wconf 88' lang='lat' dir='ltr'><strong>quin</strong></span> <span class='ocrx_word' id='word_1_749' title='bbox 769 5391 942 5444; x_wconf 86' lang='lat' dir='ltr'><strong>neque</strong></span> <span class='ocrx_word' id='word_1_750' title='bbox 963 5373 1302 5442; x_wconf 87' lang='lat' dir='ltr'><strong>corruptibili</strong></span> <span class='ocrx_word' id='word_1_751' title='bbox 1333 5371 1559 5441; x_wconf 87' lang='lat' dir='ltr'><strong>pecunia</strong></span> <span class='ocrx_word' id='word_1_752' title='bbox 1589 5370 1896 5438; x_wconf 87' lang='lat' dir='ltr'><strong>acquirens,</strong></span> <span class='ocrx_word' id='word_1_753' title='bbox 1928 5367 2019 5420; x_wconf 90' lang='lat' dir='ltr'><strong>sed</strong></span> <span class='ocrx_word' id='word_1_754' title='bbox 2047 5369 2172 5419; x_wconf 76' lang='lat' dir='ltr'><strong>ado-</strong></span> 
     </span>
    </p>
   </div>
   <div class='ocr_carea' id='block_1_102' title="bbox 606 5458 2172 5541">
    <p class='ocr_par' dir='ltr' id='par_1_102' title="bbox 606 5458 2172 5541">
     <span class='ocr_line' id='line_1_103' title="bbox 606 5458 2172 5541; baseline -0.005 -21"><span class='ocrx_word' id='word_1_755' title='bbox 606 5468 809 5541; x_wconf 81' lang='lat' dir='ltr'><strong>ptionis</strong></span> <span class='ocrx_word' id='word_1_756' title='bbox 856 5464 1220 5535; x_wconf 81' lang='lat' dir='ltr'><strong>chiragrapho</strong></span> <span class='ocrx_word' id='word_1_757' title='bbox 1265 5479 1294 5517; x_wconf 90' lang='lat' dir='ltr'><strong>a</strong></span> <span class='ocrx_word' id='word_1_758' title='bbox 1348 5463 1546 5516; x_wconf 87' lang='lat' dir='ltr'><strong>diaboli</strong></span> <span class='ocrx_word' id='word_1_759' title='bbox 1603 5464 1865 5516; x_wconf 87' lang='lat' dir='ltr'><strong>servitute</strong></span> <span class='ocrx_word' id='word_1_760' title='bbox 1905 5458 2172 5522; x_wconf 76' lang='lat' dir='ltr'><strong>eximens,</strong></span> 
     </span>
    </p>
   </div>
   <div class='ocr_carea' id='block_1_103' title="bbox 605 5549 2170 5625">
    <p class='ocr_par' dir='ltr' id='par_1_103' title="bbox 605 5549 2170 5625">
     <span class='ocr_line' id='line_1_104' title="bbox 605 5549 2170 5625; baseline -0.008 -11"><span class='ocrx_word' id='word_1_761' title='bbox 605 5575 729 5615; x_wconf 87' lang='lat' dir='ltr'><strong>cum</strong></span> <span class='ocrx_word' id='word_1_762' title='bbox 777 5567 937 5613; x_wconf 88' lang='lat' dir='ltr'><strong>antea</strong></span> <span class='ocrx_word' id='word_1_763' title='bbox 991 5556 1130 5625; x_wconf 87' lang='lat' dir='ltr'><strong>capti</strong></span> <span class='ocrx_word' id='word_1_764' title='bbox 1174 5562 1488 5609; x_wconf 88' lang='lat' dir='ltr'><strong>tenerentur</strong></span> <span class='ocrx_word' id='word_1_765' title='bbox 1543 5553 1610 5606; x_wconf 89' lang='lat' dir='ltr'><strong>ad</strong></span> <span class='ocrx_word' id='word_1_766' title='bbox 1663 5551 1824 5619; x_wconf 86' lang='lat' dir='ltr'><strong>hujus</strong></span> <span class='ocrx_word' id='word_1_767' title='bbox 1862 5549 2170 5604; x_wconf 89' lang='lat' dir='ltr'><strong>arbitrium.</strong></span> 
     </span>
    </p>
   </div>
   <div class='ocr_carea' id='block_1_104' title="bbox 607 5638 2174 5710">
    <p class='ocr_par' dir='ltr' id='par_1_104' title="bbox 607 5638 2174 5710">
     <span class='ocr_line' id='line_1_105' title="bbox 607 5638 2174 5710; baseline -0.01 -4"><span class='ocrx_word' id='word_1_768' title='bbox 607 5653 653 5706; x_wconf 86' lang='grc'>0</span> <span class='ocrx_word' id='word_1_769' title='bbox 689 5666 799 5705; x_wconf 85' lang='lat' dir='ltr'><strong>rem</strong></span> <span class='ocrx_word' id='word_1_770' title='bbox 844 5647 1180 5703; x_wconf 82' lang='lat' dir='ltr'><strong>mirabilem!</strong></span> <span class='ocrx_word' id='word_1_771' title='bbox 1210 5643 1342 5710; x_wconf 88' lang='lat' dir='ltr'><strong>Quis</strong></span> <span class='ocrx_word' id='word_1_772' title='bbox 1379 5658 1410 5697; x_wconf 90' lang='lat' dir='ltr'><strong>a</strong></span> <span class='ocrx_word' id='word_1_773' title='bbox 1465 5642 1662 5698; x_wconf 65' lang='lat' dir='ltr'><strong>saeculo</strong></span> <span class='ocrx_word' id='word_1_774' title='bbox 1706 5649 1985 5709; x_wconf 84' lang='lat' dir='ltr'><strong>capturam</strong></span> <span class='ocrx_word' id='word_1_775' title='bbox 2029 5638 2174 5707; x_wconf 89' lang='lat' dir='ltr'><strong>ejus-</strong></span> 
     </span>
    </p>
   </div>
   <div class='ocr_carea' id='block_1_105' title="bbox 2264 4540 3832 4617">
    <p class='ocr_par' dir='ltr' id='par_1_105' title="bbox 2264 4540 3832 4617">
     <span class='ocr_line' id='line_1_106' title="bbox 2264 4540 3832 4617; baseline -0.004 -19"><span class='ocrx_word' id='word_1_776' title='bbox 2264 4565 2408 4617; x_wconf 81' lang='grc' dir='ltr'>φημι</span> <span class='ocrx_word' id='word_1_777' title='bbox 2434 4545 2529 4599; x_wconf 80' lang='grc' dir='ltr'><strong>τοῦ</strong></span> <span class='ocrx_word' id='word_1_778' title='bbox 2555 4545 2685 4597; x_wconf 82' lang='grc' dir='ltr'>λαοῦ</span> <span class='ocrx_word' id='word_1_779' title='bbox 2711 4545 2805 4597; x_wconf 72' lang='grc' dir='ltr'><strong>καὶ</strong></span> <span class='ocrx_word' id='word_1_780' title='bbox 2827 4542 3135 4610; x_wconf 80' lang='grc' dir='ltr'>ἀγελαίους,</span> <span class='ocrx_word' id='word_1_781' title='bbox 3172 4540 3422 4610; x_wconf 81' lang='grc' dir='ltr'>πολυειδῆ</span> <span class='ocrx_word' id='word_1_782' title='bbox 3448 4558 3504 4593; x_wconf 87' lang='grc' dir='ltr'><strong>τε</strong></span> <span class='ocrx_word' id='word_1_783' title='bbox 3539 4541 3631 4593; x_wconf 74' lang='grc' dir='ltr'>καὶ</span> <span class='ocrx_word' id='word_1_784' title='bbox 3658 4541 3832 4593; x_wconf 84' lang='grc' dir='ltr'>ποικί-</span> 
     </span>
    </p>
   </div>
   <div class='ocr_carea' id='block_1_106' title="bbox 2262 4634 3832 4704">
    <p class='ocr_par' dir='ltr' id='par_1_106' title="bbox 2262 4634 3832 4704">
     <span class='ocr_line' id='line_1_107' title="bbox 2262 4634 3832 4704; baseline -0.002 -15"><span class='ocrx_word' id='word_1_785' title='bbox 2262 4638 2372 4701; x_wconf 88' lang='grc' dir='ltr'>λον,</span> <span class='ocrx_word' id='word_1_786' title='bbox 2403 4637 2546 4691; x_wconf 81' lang='grc' dir='ltr'>ἒθεσι</span> <span class='ocrx_word' id='word_1_787' title='bbox 2581 4636 2725 4704; x_wconf 89' lang='grc' dir='ltr'>λέγω</span> <span class='ocrx_word' id='word_1_788' title='bbox 2759 4636 2853 4689; x_wconf 75' lang='grc' dir='ltr'><strong>καὶ</strong></span> <span class='ocrx_word' id='word_1_789' title='bbox 2879 4634 3130 4697; x_wconf 87' lang='grc' dir='ltr'>πάθεσιν,</span> <span class='ocrx_word' id='word_1_790' title='bbox 3167 4637 3231 4687; x_wconf 86' lang='grc' dir='ltr'><strong>ἐκ</strong></span> <span class='ocrx_word' id='word_1_791' title='bbox 3265 4635 3479 4704; x_wconf 83' lang='grc' dir='ltr'>μικρῶν</span> <span class='ocrx_word' id='word_1_792' title='bbox 3507 4650 3564 4685; x_wconf 88' lang='grc' dir='ltr'><strong>τε</strong></span> <span class='ocrx_word' id='word_1_793' title='bbox 3596 4635 3692 4686; x_wconf 79' lang='grc' dir='ltr'>καὶ</span> <span class='ocrx_word' id='word_1_794' title='bbox 3740 4650 3832 4703; x_wconf 88' lang='grc' dir='ltr'>με-</span> 
     </span>
    </p>
   </div>
   <div class='ocr_carea' id='block_1_107' title="bbox 2264 4723 3831 4796">
    <p class='ocr_par' dir='ltr' id='par_1_107' title="bbox 2264 4723 3831 4796">
     <span class='ocr_line' id='line_1_108' title="bbox 2264 4723 3831 4796; baseline -0.003 -15"><span class='ocrx_word' id='word_1_795' title='bbox 2264 4728 2464 4795; x_wconf 84' lang='grc' dir='ltr'>γάλων,</span> <span class='ocrx_word' id='word_1_796' title='bbox 2494 4726 2731 4789; x_wconf 82' lang='grc' dir='ltr'>ἡλικίαις</span> <span class='ocrx_word' id='word_1_797' title='bbox 2763 4725 2963 4796; x_wconf 80' lang='grc' dir='ltr'>δηλαδὴ</span> <span class='ocrx_word' id='word_1_798' title='bbox 2997 4726 3091 4777; x_wconf 70' lang='grc' dir='ltr'>καὶ</span> <span class='ocrx_word' id='word_1_799' title='bbox 3122 4724 3368 4788; x_wconf 83' lang='grc' dir='ltr'>τάξεσιν·</span> <span class='ocrx_word' id='word_1_800' title='bbox 3396 4723 3487 4788; x_wconf 88' lang='grc' dir='ltr'><strong>οὒς</strong></span> <span class='ocrx_word' id='word_1_801' title='bbox 3522 4725 3620 4791; x_wconf 84' lang='grc' dir='ltr'>μὲν</span> <span class='ocrx_word' id='word_1_802' title='bbox 3648 4741 3831 4794; x_wconf 82' lang='grc' dir='ltr'>τετρα-</span> 
     </span>
    </p>
   </div>
   <div class='ocr_carea' id='block_1_108' title="bbox 2265 4813 3833 4887">
    <p class='ocr_par' dir='ltr' id='par_1_108' title="bbox 2265 4813 3833 4887">
     <span class='ocr_line' id='line_1_109' title="bbox 2265 4813 3833 4887; baseline 0.004 -18"><span class='ocrx_word' id='word_1_803' title='bbox 2265 4817 2588 4887; x_wconf 81' lang='grc' dir='ltr'>χυνομένους</span> <span class='ocrx_word' id='word_1_804' title='bbox 2629 4816 2862 4884; x_wconf 77' lang='grc' dir='ltr'>δόγμασι</span> <span class='ocrx_word' id='word_1_805' title='bbox 2915 4814 3247 4884; x_wconf 82' lang='grc' dir='ltr'>μοχθηριῶν,</span> <span class='ocrx_word' id='word_1_806' title='bbox 3283 4814 3358 4876; x_wconf 79' lang='grc' dir='ltr'>ὡς</span> <span class='ocrx_word' id='word_1_807' title='bbox 3390 4813 3449 4877; x_wconf 79' lang='grc' dir='ltr'>ἐξ</span> <span class='ocrx_word' id='word_1_808' title='bbox 3489 4813 3711 4881; x_wconf 83' lang='grc' dir='ltr'>ὑφάλων</span> <span class='ocrx_word' id='word_1_809' title='bbox 3742 4813 3833 4881; x_wconf 72' lang='grc' dir='ltr'>τῆς</span> 
     </span>
    </p>
   </div>
   <div class='ocr_carea' id='block_1_109' title="bbox 2267 4905 3832 4979">
    <p class='ocr_par' dir='ltr' id='par_1_109' title="bbox 2267 4905 3832 4979">
     <span class='ocr_line' id='line_1_110' title="bbox 2267 4905 3832 4979; baseline -0.004 -16"><span class='ocrx_word' id='word_1_810' title='bbox 2267 4911 2454 4972; x_wconf 82' lang='grc' dir='ltr'>ἁθεῒας</span> <span class='ocrx_word' id='word_1_811' title='bbox 2489 4910 2699 4979; x_wconf 84' lang='grc' dir='ltr'>πετρῶν</span> <span class='ocrx_word' id='word_1_812' title='bbox 2725 4908 3044 4977; x_wconf 87' lang='grc' dir='ltr'>λαμϐάνων·</span> <span class='ocrx_word' id='word_1_813' title='bbox 3075 4906 3168 4969; x_wconf 79' lang='grc' dir='ltr'><strong>οὒς</strong></span> <span class='ocrx_word' id='word_1_814' title='bbox 3216 4907 3270 4958; x_wconf 87' lang='grc' dir='ltr'>δὲ</span> <span class='ocrx_word' id='word_1_815' title='bbox 3303 4905 3690 4975; x_wconf 87' lang='grc' dir='ltr'>λεληῖσμένους</span> <span class='ocrx_word' id='word_1_816' title='bbox 3737 4907 3832 4972; x_wconf 67' lang='grc' dir='ltr'>ἀφ·</span> 
     </span>
    </p>
   </div>
   <div class='ocr_carea' id='block_1_110' title="bbox 2269 4995 3831 5069">
    <p class='ocr_par' dir='ltr' id='par_1_110' title="bbox 2269 4995 3831 5069">
     <span class='ocr_line' id='line_1_111' title="bbox 2269 4995 3831 5069; baseline -0.005 -16"><span class='ocrx_word' id='word_1_817' title='bbox 2269 5002 2479 5069; x_wconf 84' lang='grc' dir='ltr'>ελότητι</span> <span class='ocrx_word' id='word_1_818' title='bbox 2520 5000 2758 5060; x_wconf 80' lang='grc' dir='ltr'>διανοίας</span> <span class='ocrx_word' id='word_1_819' title='bbox 2787 4995 2875 5052; x_wconf 81' lang='grc' dir='ltr'>οἷα</span> <span class='ocrx_word' id='word_1_820' title='bbox 2907 4997 3442 5066; x_wconf 84' lang='grc' dir='ltr'>πελαγοδρομοῦντας</span> <span class='ocrx_word' id='word_1_821' title='bbox 3489 4997 3799 5066; x_wconf 80' lang='grc' dir='ltr'>σαγηνεύων</span> <span class='ocrx_word' id='word_1_822' title='bbox 3818 5009 3831 5024; x_wconf 77' lang='grc' dir='ltr'><strong><em>ο</em></strong></span> 
     </span>
    </p>
   </div>
   <div class='ocr_carea' id='block_1_111' title="bbox 2271 5088 3834 5155">
    <p class='ocr_par' dir='ltr' id='par_1_111' title="bbox 2271 5088 3834 5155">
     <span class='ocr_line' id='line_1_112' title="bbox 2271 5088 3834 5155; baseline -0.006 -8"><span class='ocrx_word' id='word_1_823' title='bbox 2271 5094 2364 5147; x_wconf 73' lang='grc' dir='ltr'>καὶ</span> <span class='ocrx_word' id='word_1_824' title='bbox 2405 5092 2576 5145; x_wconf 84' lang='grc' dir='ltr'>ταῦτα</span> <span class='ocrx_word' id='word_1_825' title='bbox 2606 5091 2664 5142; x_wconf 80' lang='grc' dir='ltr'>οὺ</span> <span class='ocrx_word' id='word_1_826' title='bbox 2697 5090 2962 5153; x_wconf 72' lang='grc' dir='ltr'>θανατὼν,</span> <span class='ocrx_word' id='word_1_827' title='bbox 2996 5090 3132 5142; x_wconf 87' lang='grc' dir='ltr'><strong>ἀλλά</strong></span> <span class='ocrx_word' id='word_1_828' title='bbox 3180 5090 3272 5140; x_wconf 79' lang='grc' dir='ltr'>καὶ</span> <span class='ocrx_word' id='word_1_829' title='bbox 3306 5088 3607 5155; x_wconf 81' lang='grc' dir='ltr'>ζωογονών,</span> <span class='ocrx_word' id='word_1_830' title='bbox 3647 5089 3748 5140; x_wconf 82' lang='grc' dir='ltr'>οὐκ</span> <span class='ocrx_word' id='word_1_831' title='bbox 3785 5089 3834 5138; x_wconf 88' lang='grc' dir='ltr'><strong>ἐν</strong></span> 
     </span>
    </p>
   </div>
   <div class='ocr_carea' id='block_1_112' title="bbox 2277 5179 3835 5255">
    <p class='ocr_par' dir='ltr' id='par_1_112' title="bbox 2277 5179 3835 5255">
     <span class='ocr_line' id='line_1_113' title="bbox 2277 5179 3835 5255; baseline -0.005 -16"><span class='ocrx_word' id='word_1_832' title='bbox 2277 5186 2540 5255; x_wconf 83' lang='grc' dir='ltr'>ἁλμυροῖς</span> <span class='ocrx_word' id='word_1_833' title='bbox 2573 5184 2725 5236; x_wconf 71' lang='grc' dir='ltr'>ὕδασι</span> <span class='ocrx_word' id='word_1_834' title='bbox 2753 5187 2850 5252; x_wconf 71' lang='grc' dir='ltr'>τῆς</span> <span class='ocrx_word' id='word_1_835' title='bbox 2880 5184 3150 5251; x_wconf 80' lang='grc' dir='ltr'>ἁμαρτίας</span> <span class='ocrx_word' id='word_1_836' title='bbox 3187 5182 3441 5250; x_wconf 81' lang='grc' dir='ltr'>συνέχων,</span> <span class='ocrx_word' id='word_1_837' title='bbox 3483 5181 3599 5234; x_wconf 79' lang='grc' dir='ltr'>ἀλλ’</span> <span class='ocrx_word' id='word_1_838' title='bbox 3630 5181 3690 5246; x_wconf 74' lang='grc' dir='ltr'><strong>ἐν</strong></span> <span class='ocrx_word' id='word_1_839' title='bbox 3720 5179 3835 5248; x_wconf 83' lang='grc' dir='ltr'>γλυ-</span> 
     </span>
    </p>
   </div>
   <div class='ocr_carea' id='block_1_113' title="bbox 2278 5271 3832 5344">
    <p class='ocr_par' dir='ltr' id='par_1_113' title="bbox 2278 5271 3832 5344">
     <span class='ocr_line' id='line_1_114' title="bbox 2278 5271 3832 5344; baseline -0.006 -15"><span class='ocrx_word' id='word_1_840' title='bbox 2278 5278 2396 5330; x_wconf 85' lang='grc' dir='ltr'>κέσι</span> <span class='ocrx_word' id='word_1_841' title='bbox 2425 5276 2626 5344; x_wconf 78' lang='grc' dir='ltr'>νάμασι</span> <span class='ocrx_word' id='word_1_842' title='bbox 2657 5275 2749 5326; x_wconf 77' lang='grc' dir='ltr'>τοῦ</span> <span class='ocrx_word' id='word_1_843' title='bbox 2782 5274 3153 5343; x_wconf 82' lang='grc' dir='ltr'>βαπτίσματος</span> <span class='ocrx_word' id='word_1_844' title='bbox 3182 5272 3457 5325; x_wconf 67' lang='grc' dir='ltr'>ἐνδιαιτᾶν</span> <span class='ocrx_word' id='word_1_845' title='bbox 3478 5287 3492 5302; x_wconf 85' lang='grc'>⁶</span> <span class='ocrx_word' id='word_1_846' title='bbox 3516 5271 3627 5324; x_wconf 72' lang='grc' dir='ltr'>οὐδ’</span> <span class='ocrx_word' id='word_1_847' title='bbox 3649 5273 3710 5324; x_wconf 84' lang='grc' dir='ltr'>οὐ</span> <span class='ocrx_word' id='word_1_848' title='bbox 3739 5271 3832 5341; x_wconf 81' lang='grc' dir='ltr'>μὴν</span> 
     </span>
    </p>
   </div>
   <div class='ocr_carea' id='block_1_114' title="bbox 2279 5361 3831 5436">
    <p class='ocr_par' dir='ltr' id='par_1_114' title="bbox 2279 5361 3831 5436">
     <span class='ocr_line' id='line_1_115' title="bbox 2279 5361 3831 5436; baseline -0.004 -18"><span class='ocrx_word' id='word_1_849' title='bbox 2279 5366 2559 5436; x_wconf 84' lang='grc' dir='ltr'>ἀργυρίοις</span> <span class='ocrx_word' id='word_1_850' title='bbox 2589 5364 2841 5434; x_wconf 84' lang='grc' dir='ltr'>φθαρτοῖς</span> <span class='ocrx_word' id='word_1_851' title='bbox 2871 5362 3216 5432; x_wconf 79' lang='grc' dir='ltr'>ἐπεμπολῶν,</span> <span class='ocrx_word' id='word_1_852' title='bbox 3252 5362 3362 5414; x_wconf 79' lang='grc' dir='ltr'>ἀλλ’</span> <span class='ocrx_word' id='word_1_853' title='bbox 3397 5363 3687 5431; x_wconf 70' lang='grc' dir='ltr'>ὑπογραφῇ</span> <span class='ocrx_word' id='word_1_854' title='bbox 3732 5361 3831 5412; x_wconf 87' lang='grc' dir='ltr'>υίο·</span> 
     </span>
    </p>
   </div>
   <div class='ocr_carea' id='block_1_115' title="bbox 2279 5452 3833 5522">
    <p class='ocr_par' dir='ltr' id='par_1_115' title="bbox 2279 5452 3833 5522">
     <span class='ocr_line' id='line_1_116' title="bbox 2279 5452 3833 5522; baseline -0.002 -15"><span class='ocrx_word' id='word_1_855' title='bbox 2279 5455 2461 5516; x_wconf 71' lang='grc' dir='ltr'>θεσίας</span> <span class='ocrx_word' id='word_1_856' title='bbox 2486 5458 2548 5506; x_wconf 78' lang='grc' dir='ltr'>ἐκ</span> <span class='ocrx_word' id='word_1_857' title='bbox 2570 5454 2666 5522; x_wconf 79' lang='grc' dir='ltr'>τῆς</span> <span class='ocrx_word' id='word_1_858' title='bbox 2695 5453 2788 5504; x_wconf 80' lang='grc' dir='ltr'><strong>τοῦ</strong></span> <span class='ocrx_word' id='word_1_859' title='bbox 2818 5453 3063 5506; x_wconf 82' lang='grc' dir='ltr'>διαϐόλου</span> <span class='ocrx_word' id='word_1_860' title='bbox 3089 5452 3332 5515; x_wconf 80' lang='grc' dir='ltr'>δουλείας</span> <span class='ocrx_word' id='word_1_861' title='bbox 3368 5452 3689 5517; x_wconf 82' lang='grc' dir='ltr'>ἐλευθερῶν,</span> <span class='ocrx_word' id='word_1_862' title='bbox 3721 5469 3833 5520; x_wconf 81' lang='grc' dir='ltr'>προ-</span> 
     </span>
    </p>
   </div>
   <div class='ocr_carea' id='block_1_116' title="bbox 2279 5543 3830 5615">
    <p class='ocr_par' dir='ltr' id='par_1_116' title="bbox 2279 5543 3830 5615">
     <span class='ocr_line' id='line_1_117' title="bbox 2279 5543 3830 5615; baseline -0.002 -18"><span class='ocrx_word' id='word_1_863' title='bbox 2279 5546 2695 5615; x_wconf 78' lang='grc' dir='ltr'>εζωγρημένους</span> <span class='ocrx_word' id='word_1_864' title='bbox 2725 5546 2816 5597; x_wconf 84' lang='grc' dir='ltr'><strong>ὑπ’</strong></span> <span class='ocrx_word' id='word_1_865' title='bbox 2852 5544 3012 5597; x_wconf 78' lang='grc' dir='ltr'>αὑτοῦ</span> <span class='ocrx_word' id='word_1_866' title='bbox 3044 5547 3122 5605; x_wconf 76' lang='grc' dir='ltr'>εἰς</span> <span class='ocrx_word' id='word_1_867' title='bbox 3163 5544 3222 5596; x_wconf 82' lang='grc' dir='ltr'>τὸ</span> <span class='ocrx_word' id='word_1_868' title='bbox 3252 5543 3462 5596; x_wconf 73' lang='grc' dir='ltr'>ἐκείνου</span> <span class='ocrx_word' id='word_1_869' title='bbox 3512 5543 3744 5613; x_wconf 86' lang='grc' dir='ltr'>θέλημα.</span> <span class='ocrx_word' id='word_1_870' title='bbox 3780 5543 3830 5594; x_wconf 83' lang='grc' dir='ltr'><strong>Ὢ</strong></span> 
     </span>
    </p>
   </div>
   <div class='ocr_carea' id='block_1_117' title="bbox 2277 5635 3832 5708">
    <p class='ocr_par' dir='ltr' id='par_1_117' title="bbox 2277 5635 3832 5708">
     <span class='ocr_line' id='line_1_118' title="bbox 2277 5635 3832 5708; baseline 0.001 -20"><span class='ocrx_word' id='word_1_871' title='bbox 2277 5638 2370 5690; x_wconf 82' lang='grc' dir='ltr'>τοῦ</span> <span class='ocrx_word' id='word_1_872' title='bbox 2416 5639 2727 5706; x_wconf 71' lang='grc' dir='ltr'>δράματοςῑ</span> <span class='ocrx_word' id='word_1_873' title='bbox 2785 5639 2866 5701; x_wconf 87' lang='grc' dir='ltr'><strong>τίς</strong></span> <span class='ocrx_word' id='word_1_874' title='bbox 2917 5637 3208 5707; x_wconf 71' lang='grc' dir='ltr'>ὴκουτίσθη</span> <span class='ocrx_word' id='word_1_875' title='bbox 3251 5636 3490 5692; x_wconf 79' lang='grc' dir='ltr'>τοιοῦτον</span> <span class='ocrx_word' id='word_1_876' title='bbox 3531 5637 3751 5708; x_wconf 84' lang='grc' dir='ltr'>θήραμα</span> <span class='ocrx_word' id='word_1_877' title='bbox 3787 5635 3832 5696; x_wconf 79' lang='grc' dir='ltr'>ἐξ</span> 
     </span>
    </p>
   </div>
   <div class='ocr_carea' id='block_1_118' title="bbox 676 5750 2334 5828">
    <p class='ocr_par' dir='ltr' id='par_1_118' title="bbox 676 5750 2334 5828">
     <span class='ocr_line' id='line_1_119' title="bbox 676 5750 2334 5828; baseline -0.009 -9"><span class='ocrx_word' id='word_1_878' title='bbox 676 5767 721 5800; x_wconf 77' lang='grc'><strong>⁸⁸</strong></span> <span class='ocrx_word' id='word_1_879' title='bbox 757 5764 930 5820; x_wconf 88' lang='lat' dir='ltr'><strong>Eccle.</strong></span> <span class='ocrx_word' id='word_1_880' title='bbox 967 5778 1042 5828; x_wconf 88' lang='lat' dir='ltr'><strong>vt,</strong></span> <span class='ocrx_word' id='word_1_881' title='bbox 1076 5763 1128 5817; x_wconf 88' lang='lat'><strong>7.</strong></span> <span class='ocrx_word' id='word_1_882' title='bbox 1203 5761 1248 5792; x_wconf 72' lang='grc' dir='ltr'><strong>⁵ο</strong></span> <span class='ocrx_word' id='word_1_883' title='bbox 1297 5757 1441 5812; x_wconf 89' lang='lat' dir='ltr'><strong>Psal.</strong></span> <span class='ocrx_word' id='word_1_884' title='bbox 1473 5772 1675 5820; x_wconf 78' lang='lat' dir='ltr'><strong>Lxxvn,</strong></span> <span class='ocrx_word' id='word_1_885' title='bbox 1704 5754 1790 5809; x_wconf 79' lang='lat'><strong>91.</strong></span> <span class='ocrx_word' id='word_1_886' title='bbox 1873 5756 1885 5784; x_wconf 82' lang='lat'>&#39;</span> <span class='ocrx_word' id='word_1_887' title='bbox 1925 5751 2112 5806; x_wconf 81' lang='lat' dir='ltr'><strong>Matth.</strong></span> <span class='ocrx_word' id='word_1_888' title='bbox 2153 5766 2226 5815; x_wconf 82' lang='lat' dir='ltr'><strong>tv,</strong></span> <span class='ocrx_word' id='word_1_889' title='bbox 2258 5750 2334 5804; x_wconf 84' lang='lat' dir='ltr'><strong>l9.</strong></span> 
     </span>
    </p>
   </div>
  </div>
