4018 6304
205 330 293 396 ΠἸ
991 330 1272 397 ORATIO
1305 338 1404 397 IX.
1431 359 1496 372 -
1533 338 1913 400 LAUDATIO
1952 338 2012 399 S.
2051 338 2369 401 JOANNIS
2394 340 2666 401 EVANG.
3347 343 3452 406 778

200 448 425 512 αἰῶνοςς
475 447 560 510 τίς
593 448 732 516 ἔγνω
773 447 1089 520 τηλικοῦτον
1135 452 1552 523 μεγαλέμπορον
1585 454 1740 507 ἁλιέα

1885 452 2032 508 modi
2066 453 2276 508 audiit?
2309 452 2444 519 Quis
2483 454 2669 518 talem,
2714 453 3045 524 copiosaque
3076 455 3213 511 adeo
3249 457 3454 513 instru-

199 543 277 595 ὅτι
316 542 392 612 μὴ
437 540 800 604 ἑκατοντάδας
848 542 1006 610 μόνον
1055 543 1148 596 καὶ
1190 544 1452 613 χιλιάδας,
1500 543 1635 598 ἀλλά
1671 545 1761 614 γάε

1885 555 2032 598 ctum
2099 558 2278 599 merce
2331 543 2660 613 piscatorem
2702 545 2963 614 agnovit?
3001 543 3452 614 Quandoquidem

201 635 377 688 πάντα
405 634 474 686 τὰ
504 631 633 700 ἔθνη
663 632 699 687 ἃ
735 632 1063 703 μαθητεύειν
1093 635 1386 706 ἐπιστεύθη
1431 636 1761 705 προσάγοντα

1887 651 1993 690 ηοιι
2022 647 2303 698 centenos,
2345 636 2432 690 vel
2474 634 2729 690 millenos
2759 645 2995 701 tantum,
3038 636 3131 691 sed
3168 637 3456 690 universas

198 723 276 792 τῷ
333 723 639 792 πρωθαλιεῖ
685 723 928 794 Δεσπὸτῃ
973 723 1224 794 Χριστῷ·
1267 725 1366 779 οὐκ
1402 720 1510 796 ἆρα
1553 727 1761 780 εἰκότω‹

1884 737 2093 798 gentes,
2144 742 2374 797 quarum
2405 727 2775 783 docendarum
2808 729 3078 783 creditum
3119 743 3321 782 munus
3367 743 3459 782 ac-

201 815 499 886 προῦλεγον
536 817 612 888 μὴ
640 812 750 870 οἷόν
778 818 838 870 τέ
868 834 932 887 με
957 817 1291 887 ἐφικνεῖσθαι
1314 817 1412 888 τῆς
1445 817 1756 880 ὑποθέσεως

1884 819 2048 889 cepit,
2083 820 2149 874 ad
2185 819 2462 875 Chrismm
2509 820 2797 875 Dominum
2841 836 2906 874 ac
2940 822 3239 892 principem
3278 822 3458 890 pisca-

199 908 301 960 κᾶν
331 907 488 979 ἄκρῳ
515 909 679 962 οἱονεὶ
709 909 957 982 δακτύλῳ
986 931 1000 979 ;

1886 916 2066 961 torum
2101 907 2347 962 adducit.
2388 907 2579 964 Nonne
2624 910 2787 980 igitur
2821 911 2945 979 jure
2980 912 3286 982 meritoque
3333 920 3459 966 ante

198 1007 473 1074 dicebam,
518 1009 698 1079 majus
737 1009 842 1066 hoc
882 1019 1259 1081 argumentum
1303 1024 1423 1066 esse
1475 1023 1638 1078 quam
1675 1020 1772 1076 pro
1811 1021 1928 1060 mea
1961 1005 2242 1070 facultate,
2269 1007 2348 1061 vel
2379 1008 2424 1061 si
2456 1017 2701 1063 extremo
2726 1009 2891 1063 veluti
2955 1009 3126 1078 digito
3180 1008 3452 1080 attingere

197 1102 398 1156 velim?

269 1197 348 1256 ς’.
389 1190 597 1260 Σχέψαι
634 1208 722 1261 μοι
746 1194 843 1244 καὶ
874 1193 1046 1248 τᾶλλα
1081 1195 1410 1266 εἱρμολογίᾳ
1444 1194 1640 1266 ἀρίστῃ
1683 1192 1780 1244 ἀλ-

197 1282 597 1352 ληγορούμενα.
640 1283 826 1352 Ὑμεῖς
852 1286 995 1340 ἐστε
1021 1286 1090 1340 τὸ
1122 1286 1250 1356 φῶς
1281 1287 1389 1341 τοῦ
1422 1289 1654 1354 κόσμου
1683 1301 1697 1314 ·
1719 1283 1781 1336 τὸ

199 1375 314 1443 φῶς
347 1375 630 1428 ὲλαστικὸν
659 1381 903 1442 σκότους,
952 1379 1256 1448 ὀφθαλμῶν
1316 1379 1458 1448 ὄψις,
1514 1378 1782 1448 σωμάτων

200 1465 584 1530 ἀνακαίνωσις,
611 1467 820 1536 ἐφετὸν,
841 1470 1100 1538 ἀγαστόν.
1127 1471 1193 1523 Τί
1213 1465 1304 1525 οὖν
1335 1469 1652 1528 Ἀπόστολος
1675 1487 1690 1535 ;
1720 1468 1780 1520 οὐ

203 1559 349 1626 μειοί
387 1557 576 1620 σκότος
636 1559 1045 1631 ἀντικείμενονς
1095 1562 1194 1615 οὐκ
1255 1560 1495 1630 ὁμματοϊ
1539 1559 1774 1628 τυφλοὺς

199 1649 589 1720 ἀμφοτέρωθεν
615 1668 628 1716 ;
653 1652 721 1703 ὀὐ
755 1651 924 1722 ρῶσιν
957 1655 1187 1725 παρέχει
1230 1653 1524 1723 ησώμασιν;
1590 1653 1650 1704 οὐ
1688 1651 1774 1705 διὰ

1951 1187 2006 1241 6.
2047 1186 2175 1241 Mihi
2203 1200 2421 1256 quoque
2453 1187 2558 1241 alia
2596 1188 2841 1257 expende
2870 1188 3144 1258 egregiam
3188 1204 3287 1259 per
3322 1189 3457 1244 alle-

1878 1277 2087 1345 goriam
2140 1277 2384 1331 seriatim
2426 1279 2693 1346 exposita.
2750 1279 2846 1333 Vos
2899 1281 3026 1334 estis
3064 1281 3157 1335 tua:
3206 1283 3432 1338 mundt"

1880 1367 2022 1433 Lux,
2062 1368 2407 1423 tenebrarum
2451 1370 2746 1440 expultrix,
2778 1372 3062 1426 oculorum
3105 1373 3455 1440 illuminatio,

1884 1474 2176 1531 corporum
2209 1459 2534 1516 refocillatio
2565 1481 2578 1516 :
2607 1463 2983 1518 desiderabilis
3026 1467 3252 1520 omnino
3281 1481 3372 1521 res
3401 1477 3455 1521 et

1883 1551 2257 1610 admirabilis!
2289 1551 2430 1618 Quid
2462 1569 2592 1624 ergo
2621 1555 2946 1624 Apostolus?
2974 1553 3164 1608 Nonne
3199 1556 3455 1612 tenebras

1882 1643 2228 1699 adversarias
2271 1646 2507 1699 minuit?
2541 1645 2730 1701 Nonne
2771 1647 3047 1717 utrimque
3080 1649 3240 1703 caecis
3272 1648 3452 1704 visum

199 1740 375 1794 ταῦτα
407 1743 665 1812 στερκτὸς
695 1745 791 1796 καὶ
844 1746 1197 1814 θαυμαστός;
1256 1745 1416 1798 τοῦτο
1458 1741 1526 1816 ἦν
1584 1744 1692 1812 ἄρα
1747 1745 1761 1796 ί

1879 1736 2154 1791 restituit?
2186 1735 2378 1791 Nonne
2415 1737 2580 1791 robur
2629 1738 2955 1806 corporibus
2995 1738 3221 1794 tribuit?
3261 1738 3453 1796 Nonne

201 1834 435 1902 Χριστὸς
499 1838 852 1906 παρεγγυᾶτο
885 1854 900 1870 ο
939 1837 1369 1901 Ἀσθενοῦγτας
1399 1837 1770 1903 θεραπεύετε,

196 1925 458 1994 λεπροὺς
519 1926 877 1996 καθαρίζετε,
943 1928 1219 1995 δαιμόνια
1249 1928 1612 1980 ἐκϐάλλετε·
1660 1926 1771 1980 δω-

192 2019 342 2086 ρεὰν
366 2018 630 2084 ἐλάϐετε,
667 2019 892 2088 δωρεὰν
922 2020 1078 2073 δότε.
1125 2015 1326 2070 Ἐννὸει
1363 2035 1451 2086 μοι
1472 2018 1542 2070 τὰ
1604 2018 1772 2088 μυρία

200 2109 331 2180 γένη
364 2110 471 2162 τῶν
501 2111 844 2180 νοσημάτων,
905 2113 999 2163 καὶ
1065 2110 1174 2181 ὄψῃ
1213 2110 1282 2163 τὰ
1329 2111 1530 2181 ἄπειρα
1590 2109 1770 2180 πλήθη

198 2201 307 2253 τῶν
339 2200 636 2270 θαυμάτων
665 2199 773 2252 τῶν
799 2200 857 2265 ἐξ
881 2199 1186 2270 ἑκασταχοῦ
1220 2200 1475 2271 βοτρυδὸν
1510 2200 1772 2270 ἀγεληδὸν

200 2292 337 2364 πρὸς
363 2292 424 2345 τὸ
444 2292 678 2362 ἄμισθον
706 2309 765 2345 τε
801 2293 896 2346 καὶ
928 2293 1134 2348 ἄλυπον
1172 2295 1408 2365 ἰατρεῖον
1459 2294 1560 2363 τῆς
1593 2311 1771 2365 σωτη-

200 2383 324 2452 ρίας
352 2382 712 2454 συρρεόντων,
741 2384 822 2438 ὃτι
855 2385 990 2454 μηδὲ
1023 2388 1220 2455 τομαῖς
1247 2403 1305 2439 τε
1359 2387 1453 2440 καὶ
1510 2386 1770 2440 καύσεσιν

195 2475 228 2544 ἦ
256 2491 369 2527 τισι
414 2477 896 2544 φαρμακοποσίαις
930 2479 962 2549 ἠ
991 2479 1100 2531 τῶν
1135 2479 1399 2546 ἀλγεινῶν
1456 2479 1726 2547 φυγαδεία
1751 2519 1766 2542 ,

198 2560 380 2619 πίστεί
411 2566 467 2619 δὲ
517 2566 656 2639 μόνῃ
697 2568 790 2622 καὶ
827 2569 985 2637 λόγου
1027 2569 1274 2640 μάστιγι.
1330 2571 1393 2622 Ὢ
1438 2569 1539 2639 τῆς
1602 2587 1771 2640 μεγα-

193 2658 462 2729 λοδωρεᾶς
492 2660 506 2714 ι
538 2660 662 2726 ἄρτι
692 2661 908 2728 τυφλὸς,
938 2660 1125 2730 βλέπει
1155 2662 1214 2714 τὸ
1250 2661 1386 2729 φῶς,
1424 2660 1683 2730 ἐξαπίνης
1707 2660 1769 2714 τὸ

192 2749 444 2817 ἀεινεφὲς
471 2750 830 2819 ἀποθέμενος,
868 2753 962 2803 καὶ
991 2751 1175 2820 χαίρει
1202 2751 1344 2822 ὁρῶν
1369 2751 1438 2804 τὰ
1485 2753 1574 2804 ὑπ’
1605 2753 1766 2822 οὐρα-

194 2839 282 2893 νὸν
311 2839 481 2908 κάλλη
521 2855 583 2891 τε
613 2840 707 2892 καὶ
741 2840 989 2910 θεάματα
1013 2858 1027 2872 ·
1061 2842 1184 2910 ἄρτι
1205 2839 1394 2910 χωλὸς,
1427 2839 1766 2910 παραχρῆμα

195 2932 566 3003 περεοποδεῖ,
605 2934 699 2986 καὶ
732 2933 889 3005 γήθει
941 2933 1231 3002 ἀλλόμενος
1255 2932 1332 2995 ὡς
1362 2931 1559 3002 ἔλαφος
1586 2949 1601 2965 ο
1642 2932 1767 3002 ἄρτι

195 3025 301 3093 μὲν
357 3012 674 3093 μόγιλάλος,
741 3024 848 3077 τῶν
881 3023 1095 3095 δεσμῶν
1127 3023 1226 3093 τῆς
1276 3022 1526 3093 γλώσσης
1585 3021 1766 3085 λυθεὶς

187 3112 504 3180 ὀρθολεκτεί
531 3115 933 3186 εὐχαριστήρια
957 3131 969 3144 ·
1008 3115 1131 3185 ἄρτι
1166 3114 1222 3169 δὲ
1286 3113 1559 3186 ξηρόχειρ,
1604 3114 1762 3181 ὑγια-
1791 3095 1833 3153 C

188 3205 340 3267 σθεὶς
364 3204 534 3275 ἄμφω
559 3206 638 3258 τὼ
664 3209 812 3276 χεῖρε
844 3207 979 3277 πρὸς
1009 3207 1099 3260 τὸν
1137 3208 1194 3260 ὲν
1217 3206 1462 3278 οὐρανοῖς
1488 3206 1765 3274 Δεσπότην

184 3296 308 3368 ᾄδει
341 3295 614 3366 εΰκτήρια
642 3313 655 3325 ·
692 3299 816 3369 ἄρτι
853 3297 953 3367 μὲν
993 3297 1244 3369 ὑδεριῶν,
1263 3297 1514 3351 κενοῦται
1539 3294 1634 3348 τοῦ
1658 3296 1763 3348 πάο

185 3390 317 3452 θους
345 3389 422 3452 ὡς
453 3390 706 3460 τάχιστα.
751 3390 844 3444 καὶ
881 3391 964 3453 είς
988 3389 1086 3461 τὴν
1107 3390 1340 3461 ἀρχαίαν
1371 3389 1584 3456 ὑγίειαν
1611 3388 1761 3441 ἄνει-

183 3501 272 3537 σιν
293 3499 307 3512 °
341 3483 470 3554 ἄρτι
501 3484 556 3536 δὲ
598 3484 795 3554 λεπρὸς
823 3482 1159 3554 ἀποσύρεται
1195 3482 1293 3551 τῆς
1322 3479 1760 3550 λώϐηςριαὶβλέο

181 3593 305 3629 πων
335 3577 437 3646 τὴν
468 3574 666 3629 ἑαυτοῦ
714 3575 1138 3647 νεουργηθεῖσαν
1195 3578 1374 3645 σάρκα
1426 3572 1759 3642 ἀγάλλεται·

180 3669 309 3741 ἄρτι
339 3671 440 3739 μὲν
479 3669 808 3740 παράλυτος,
839 3667 1151 3739 ἀρτιασθεὶς
1182 3668 1492 3736 ὲπωμάδιον
1521 3666 1674 3746 φέρει
1701 3665 1761 3719 τὸ

178 3763 436 3817 κλινίδιον
462 3777 476 3791 ⁶
496 3761 688 3830 ἄρτιδὲ
705 3762 788 3813 δαι
797 3762 989 3830 μονῶν,
1013 3761 1101 3814 τοῦ
1122 3761 1426 3830 πνεύματος
1443 3759 1754 3829 καθαρθεὶς,

181 3857 480 3924 σωφρόνως
498 3854 709 3916 δοξάζει
733 3855 823 3906 τὸν
847 3851 1048 3922 Κύριον
1077 3869 1092 3885 ο
1109 3853 1232 3923 ἄρτι
1252 3853 1350 3922 μὲν
1377 3852 1645 3921 ἡμιθανὴς
1663 3852 1758 3903 ἀσ-

176 3948 450 4018 θμαίνων,
468 3945 644 4011 ὲξόδια
660 3945 1008 4017 ἀναθρώσκεν
1021 3946 1251 4017 τάχιστα
1282 3961 1296 3976 ·
1316 3943 1441 4015 ἄρτι
1468 3944 1525 3997 δὲ
1542 3943 1754 4013 νεκρὸς,

177 4043 242 4095 ἐκ
295 4039 508 4111 φθορᾶς
558 4038 783 4108 ἀνέθορε
822 4038 889 4092 τά
910 4039 968 4091 ὲν
997 4038 1122 4110 ᾆδον
1156 4037 1458 4105 λογοθετῶν
1482 4039 1592 4100 τοῖς
1617 4036 1756 4106 ὑπὲρ

177 4134 287 4203 γῆν
307 4133 404 4187 καὶ
430 4132 686 4202 ζωάρχην
726 4132 856 4184 Θεὸν
882 4131 1419 4202 ἀνθομολογούμενος
1453 4147 1466 4160 ·
1500 4129 1625 4198 ἄρτι
1657 4129 1755 4198 μὲν

178 4224 604 4297 ἑτερόφθαλμος,
621 4222 990 4294 ὀρθοὸλεπτεῖ,
1014 4224 1104 4275 καὶ
1126 4223 1470 4292 μονόμματος
1488 4218 1754 4287 διδυμομ-

180 4320 364 4387 ματεῖ.
391 4317 488 4368 καὶ
513 4315 675 4386 ἄθριξ
711 4317 1017 4386 καρηκομεί
1039 4331 1051 4343 ·
1085 4314 1214 4384 ἄρτι
1234 4312 1290 4364 δὲ
1323 4309 1542 4381 κυρτὸς,
1566 4309 1754 4382 ὀρθοῦ-

170 4425 286 4475 ται,
313 4411 412 4463 καὶ
440 4407 622 4476 κωφὸς
649 4407 1006 4469 ὼτακουστεί,
1053 4406 1147 4458 καὶ
1195 4402 1444 4473 πυρετῶν
1490 4401 1746 4473 ἔρρωται,

173 4505 268 4558 καὶ
324 4503 498 4577 ῥιγῶν
535 4502 832 4570 εὖκρατεῖ·
867 4502 991 4571 ἄρτι
1034 4501 1220 4570 στεῖρα
1272 4497 1595 4556 παιδοποιεῖ,
1650 4493 1744 4546 καὶ

171 4595 549 4671 αἱμορροοῦσα
583 4592 831 4657 εὐπαθεῖ,
879 4593 972 4646 καὶ
1018 4591 1350 4645 δυστοκοῦσα
1395 4589 1627 4651 εὐτοκεί,
1655 4585 1750 4638 καὶ

174 4688 545 4763 καρκινόσαρξ
577 4685 954 4760 εὐσωμῐατ]ε⁴ί,
973 4685 1067 4738 καὶ
1088 4686 1195 4738 πᾶν
1216 4683 1504 4752 κολόῦωμα
1525 4679 1750 4749 φυσικὸν

169 4781 512 4854 ἀρτιάζεται,
528 4780 622 4834 καὶ
635 4781 783 4833 πᾶσα
803 4778 1045 4847 μαλακία
1068 4777 1342 4847 ὑποχωρεῖ
1363 4775 1453 4828 καὶ
1470 4778 1577 4828 πᾶν
1592 4775 1702 4843 ψυχ
1709 4792 1750 4825 ι-

170 4870 260 4923 κὸν
281 4870 458 4934 πάθος
487 4869 802 4936 ὲξωστατεί.
832 4868 936 4922 Ἐῶ
957 4867 1136 4936 λέγειν
1153 4867 1250 4930 τὰς
1275 4866 1332 4917 ὲν
1354 4865 1567 4932 ἀλόγοις
1591 4863 1749 4927 ζώοις

168 4962 640 5034 θαυματουργίας,
675 4961 772 5024 τάς
820 4977 878 5012 τε
919 4959 1027 5013 τῶν
1085 4957 1365 5028 στοιχείων
1416 4955 1605 5026 ἄρσεις
1650 4956 1745 5007 καὶ

171 5055 511 5124 μεταθέσεις,
552 5051 622 5124 ἦς
646 5071 789 5116 τινος
819 5049 910 5106 οὖν
958 5052 1123 5122 ἄλλης
1177 5051 1390 5120 φύσεως
1447 5048 1745 5120 παραδοξο-

180 5147 364 5201 ποιίαν
393 5164 408 5180 ο
439 5147 472 5217 ἦ
514 5147 625 5217 γὰρ
660 5146 760 5197 οὐκ
784 5144 981 5216 ἀληθὲς
1010 5143 1069 5196 τὸ
1098 5144 1202 5198 ὑπὸ
1224 5145 1318 5196 τοῦ
1345 5143 1550 5212 Κυρίου
1593 5142 1742 5210 εἰρη-

169 5240 347 5306 μένον,
372 5239 505 5292 Ὀτι
532 5238 601 5303 ὃς
630 5236 708 5290 ἂν
730 5237 868 5305 εἴπῃ
892 5235 971 5302 τῷ
993 5227 1122 5305 ὀρεί
1142 5237 1351 5301 τούτῳ,
1388 5236 1620 5300 Ἄρθητι
1644 5230 1740 5284 καὶ

160 5329 422 5398 βλήθητι
460 5333 550 5396 είς
586 5328 705 5395 τὴν
741 5329 1085 5393 θάλασσαν,
1118 5327 1215 5381 καὶ
1242 5325 1325 5397 μὴ
1355 5321 1626 5392 διακριθῇ
1675 5321 1744 5374 ἐν

168 5421 235 5492 τῇ
267 5423 483 5492 καρδίᾳ
515 5422 728 5486 αὐτοῦ,
763 5422 922 5476 ἀλλὰ
951 5422 1263 5474 πιστεύσει
1302 5419 1390 5472 ὅτι
1419 5415 1457 5471 ἃ
1483 5416 1645 5484 ,λέγει
1666 5415 1746 5482 γί-

167 5531 339 5582 νεται,
371 5518 546 5571 ἔσται
574 5514 739 5578 αὐτῷ
771 5516 802 5567 ὃ
869 5515 947 5568 ἂν
994 5513 1158 5581 εἴπῃ.
1233 5514 1375 5583 Ὅρα
1413 5529 1501 5581 μοι
1557 5509 1741 5562 λοιπὸν

167 5610 251 5662 καὶ
275 5611 401 5681 ὅρος
438 5611 518 5675 είς
545 5610 717 5678 ὑγρὸν
744 5607 1138 5679 μεταιρόμενον
1163 5607 1344 5676 τυχὸν,
1383 5604 1475 5657 καὶ
1523 5598 1588 5656 αὖ
1631 5605 1738 5656 πά-

229 5795 458 5852 ‘Mattlt.
493 5811 548 5858 ν,
586 5793 676 5848 14.
751 5794 770 5822 ³
797 5792 983 5862 Matth.
1015 5809 1070 5858 κ,
1105 5793 1158 5846 8.

523 5885 796 5942 PATROL.
849 5884 964 5942 Gtt.
1006 5883 1224 5940 XCIX.

1874 1828 1943 1883 ob
1969 1829 2084 1883 haec
2121 1843 2310 1882 amore
2343 1830 2542 1899 dignus
2579 1839 2631 1882 et
2666 1829 3068 1884 admiratione?
3107 1829 3221 1886 Hoc
3265 1833 3454 1903 utique

1872 1919 2128 1976 Christus
2155 1921 2451 1976 mandabat
2479 1941 2491 1976 :
2522 1920 2773 1991 Inﬁrmos
2799 1933 2999 1988 curate,
3033 1923 3265 1994 leprosos
3296 1943 3450 1979 mun-

1874 2013 2034 2078 date,
2089 2016 2354 2068 da'mones
2411 2015 2618 2082 ejicite;
2678 2015 2845 2085 gratis
2914 2016 3226 2086 accepistis,
3282 2017 3452 2087 gratis

1876 2104 2060 2157 dale'.
2110 2104 2409 2162 Considera
2478 2105 2614 2159 mihi
2663 2105 3086 2161 innumerabilia
3134 2108 3448 2163 morbormn

1873 2213 2098 2267 genera,
2135 2207 2502 2268 occurretque
2532 2199 2745 2254 infinita
2778 2200 3172 2257 miraculorum
3209 2204 3366 2272 copia
3395 2202 3450 2256 in

1872 2287 2185 2344 hominibus
2211 2297 2574 2358 patratorum,
2599 2290 2695 2361 qui
2725 2289 2971 2346 conferta
3001 2291 3353 2349 multitudine
3379 2294 3449 2350 ad

1872 2378 2169 2448 gratuitum
2211 2379 2457 2450 nihilque
2491 2381 2754 2438 molestia:
2785 2382 3072 2440 facientem
3100 2385 3292 2441 salutis
3330 2402 3449 2442 mc-

1870 2469 2051 2524 dicum
2083 2469 2404 2539 conﬂuunt;
2429 2472 2558 2542 quia
2591 2475 2852 2529 nimirum
2885 2491 2995 2531 non
3028 2476 3177 2532 ferro
3205 2493 3270 2534 ac
3302 2478 3445 2550 igne,

1872 2570 1966 2616 aut
2005 2563 2324 2631 potionibus
2367 2566 2694 2634 quibusdam
2743 2567 2970 2623 medicis
3005 2569 3228 2626 morbos
3255 2571 3443 2642 abigit,

1871 2652 1966 2707 sed
2007 2654 2122 2708 sola
2157 2655 2262 2709 [ide
2292 2669 2357 2710 ac
2399 2657 2671 2714 sermonis
2699 2657 2934 2730 flagello.
2962 2658 3008 2717 0
3038 2663 3164 2717 doni
3197 2666 3447 2736 magnifi-

1869 2745 2145 2801 centiam!
2212 2747 2369 2803 Nuuc
2432 2763 2612 2806 cacus
2688 2751 2981 2823 derepente
3035 2755 3217 2813 lumen
3275 2759 3442 2824 videt,

1869 2852 1994 2891 cum
2049 2839 2246 2894 nubem
2293 2841 2605 2910 impositam
2657 2844 2834 2898 ocu‘lis
2883 2861 3096 2915 semper
3139 2847 3443 2916 habuisset,

1869 2929 2178 2999 gaudetque
2223 2931 2541 2986 sublunaria
2599 2934 2715 2989 haec
2760 2936 2956 2990 decora
3021 2953 3084 2993 ac
3132 2942 3441 3009 spectacula

1868 3019 2162 3089 aspiciens.
2192 3018 2379 3090 Nuper
2411 3021 2663 3089 claudus,
2692 3024 2941 3082 solidatis
2973 3028 3178 3098 plantis
3218 3029 3439 3086 firmum

1867 3113 2059 3181 recipit
2089 3127 2361 3182 gressum,
2404 3115 2676 3185 gestitque
2699 3117 2900 3174 saliens
2935 3129 2993 3175 ut
3025 3135 3240 3178 cervus.
3280 3122 3441 3180 Modo

1866 3209 2086 3272 blmsus,
2123 3209 2320 3279 linguze
2350 3211 2582 3266 vinculis
2628 3213 2845 3278 solutis,
2889 3217 3141 3284 expedito
3186 3233 3441 3276 sermone

1865 3302 2166 3370 gratiarum
2222 3304 2455 3358 actionis
2498 3304 2686 3360 laudes
2734 3307 2938 3376 pangit.
3004 3306 3166 3363 Modo
3225 3310 3436 3365 aridam

1865 3409 2088 3449 manum
2126 3396 2354 3460 habens,
2389 3411 2554 3452 sanus
2581 3397 2828 3462 effectus,
2876 3415 3072 3455 manus
3104 3401 3294 3459 ambas
3319 3412 3438 3458 ten-

1863 3488 1999 3542 dens
2050 3488 2115 3541 ad
2162 3486 2451 3542 Dominum
2515 3489 2568 3542 in
2620 3490 2775 3545 cmlis
2827 3491 3202 3557 exsistentem,
3249 3512 3436 3565 preces

1861 3576 2028 3635 ca'nit.
2073 3579 2234 3636 Modo
2285 3582 2649 3652 hydropicus,
2703 3599 2867 3653 quam
2923 3586 3190 3642 citissime
3241 3590 3436 3645 morbo

1860 3682 2146 3740 vacuatur,
2197 3683 2252 3728 et
2291 3676 2358 3728 ad
2402 3675 2690 3743 pristinam
2737 3677 3024 3732 sanitatem
3075 3679 3239 3734 redit.
3274 3679 3434 3736 Modo

1860 3766 2128 3833 leprosus,
2177 3767 2331 3838 plaga
2378 3782 2477 3822 sua
2524 3768 2794 3837 eripitur,
2853 3770 3153 3842 vidensque
3203 3788 3424 3829 carnem

1860 3872 2014 3910 suam
2040 3868 2382 3923 reuovatam,
2415 3859 2676 3914 exsultat.
2707 3859 2865 3915 Modo
2897 3863 3254 3934 paralyticus,
3278 3875 3432 3920 artu-

1858 3947 1960 4001 bus
2003 3948 2320 4003 instauratis
2355 3948 2613 4004 lectulum
2653 3950 2705 4004 in
2751 3952 3011 4008 humeros
3063 3955 3224 4009 tollit.
3270 3955 3432 4012 Modo

1857 4038 2242 4101 daemoniacus,
2280 4054 2311 4092 a
2350 4039 2541 4108 spiritu
2585 4043 2903 4106 mundatus,
2960 4043 3142 4097 sobria
3185 4059 3250 4099 ac
3297 4061 3431 4100 sana

1857 4140 2035 4184 mente
2067 4129 2356 4186 Dominum
2398 4129 2599 4186 laudat.
2629 4131 2788 4188 Modo
2834 4136 3222 4190 semimortuus
3252 4145 3308 4192 et
3337 4153 3430 4193 su-

1857 4237 2041 4292 prema
2067 4224 2228 4278 verba
2249 4223 2363 4293 jam
2391 4223 2599 4290 dicens,
2620 4225 2907 4280 confestim
2933 4229 3239 4284 revalescit.
3269 4229 3428 4286 Modo

1856 4321 2143 4378 mortuus,
2183 4326 2213 4366 a
2275 4315 2630 4383 corruptione
2676 4316 2834 4370 velox
2900 4321 3170 4388 resurgit,
3233 4336 3425 4376 eorum

1859 4405 2123 4458 rationem
2169 4420 2290 4473 qua:
2323 4415 2449 4459 sunt
2488 4405 2542 4458 in
2591 4407 2807 4460 inferno
2839 4409 3070 4465 reddens
3107 4413 3426 4470 hominibus

1855 4495 1909 4550 in
1950 4505 2096 4549 terra
2140 4496 2472 4561 constitutis,
2518 4515 2580 4552 ac
2615 4499 2734 4552 vitae
2784 4502 2991 4556 auctori
3025 4500 3135 4556 Deo
3183 4505 3424 4561 vicissim

1853 4588 2138 4643 confitens.
2191 4589 2348 4643 Modo
2389 4590 2558 4644 altero
2599 4591 2760 4646 laesus
2803 4592 2985 4659 oculo,
3045 4605 3190 4651 recte
3239 4598 3422 4665 videt;

1855 4696 2136 4749 unumque
2166 4682 2384 4736 oculum
2416 4697 2446 4734 a
2488 4691 2681 4736 natura
2720 4685 2966 4743 sortitus.
3004 4686 3218 4744 duobus
3250 4692 3423 4746 oculis

1854 4774 2387 4843 intueturzglaber,
2445 4789 2657 4827 comam
2712 4777 2904 4832 nutrit.
2951 4776 3110 4833 Modo
3159 4781 3422 4838 incurvus

1854 4865 2100 4934 erigitur.
2132 4865 2407 4934 surdoque
2439 4865 2760 4934 aperiuntur
2792 4882 2953 4921 aures
2980 4885 2994 4933 ;
3020 4868 3187 4926 febris
3221 4873 3419 4929 ardore

1851 4968 2089 5014 mstuans
2151 4958 2290 5012 bene
2313 4959 2489 5025 valet;
2522 4961 2798 5013 contrario
2826 4961 2950 5015 item
2985 4961 3184 5033 frigore
3232 4965 3419 5035 algetis

1852 5054 2307 5121 temperationem
2364 5052 2654 5104 humorum
2715 5053 2925 5122 recipit.
2977 5054 3136 5109 Modo
3191 5059 3414 5126 sterilis,

1852 5145 2054 5213 prolem
2103 5144 2332 5212 suscipit
2362 5161 2375 5196 :
2409 5143 2690 5212 fluensque
2731 5145 3016 5212 sanguine,
3051 5147 3413 5204 valetudinem

1849 5229 2079 5295 obtinet,
2126 5240 2286 5299 atque
2325 5233 2390 5284 ad
2423 5240 2637 5299 partum
2669 5231 2922 5297 difficilis,
2955 5234 3203 5303 expedita
3235 5238 3417 5294 reddi-

1853 5333 1977 5390 tur;
2017 5324 2443 5379 haemorrboissa
2473 5333 2734 5390 sanatur;
2763 5336 3106 5382 cancromate
3134 5328 3413 5396 laborans,

1850 5430 2056 5485 corpus
2089 5416 2363 5485 integrum
2414 5425 2733 5486 recuperat;
2779 5416 3057 5485 quodlibet
3083 5427 3288 5475 naturae
3320 5423 3415 5476 de-

1850 5509 2160 5562 trimentum
2193 5510 2426 5565 sarcitur
2445 5547 2460 5574 ,
2486 5524 2549 5564 ac
2574 5525 2765 5564 omnes
2799 5511 3092 5580 languores
3117 5515 3409 5581 recedunt;

1848 5601 2043 5655 anima:
2078 5600 2210 5666 item
2252 5603 2432 5660 morbi
2475 5617 2666 5659 omnes
2689 5603 2989 5674 pelluntur.
3021 5603 3176 5660 Mitto
3209 5605 3410 5686 dicere.
