4018 6304
603 364 709 427 779
1789 368 1849 428 s.
1875 368 2267 431 THEODORI
2321 348 2669 433 srum'rzu
3757 376 3861 438 τεο

604 493 726 549 quae
752 491 879 548 erga
914 476 1104 553 brutos
1134 478 1442 535 animantes
1468 478 1730 535 miracula
1768 492 1978 552 patrata
2003 492 2129 539 sunt

2249 542 2251 546 _
2280 485 2364 541 λιν
2390 486 2551 557 βυθὸν
2579 486 2969 558 ξηραινόμενον
2992 488 3085 542 καὶ
3114 491 3195 553 εἰς
3228 489 3529 561 χλοηφόρον
3555 490 3741 546 πεδίον
3764 508 3857 561 με·

602 571 994 626 elementorum
1049 570 1178 626 item
1228 571 1295 627 de
1334 587 1438 628 suo
1485 581 1633 629 statu
1673 578 2073 632 commotiones
2117 595 2146 632 a

2282 578 2671 649 τατιθέμενον·
2704 579 2801 634 καὶ
2844 620 2858 635 .
2906 618 2921 633 .
2965 620 2980 635 .
3017 582 3168 651 ριγὲς
3212 580 3356 653 ὕδωρ
3400 581 3611 652 ἀθρόως
3642 582 3708 636 ἐκ
3750 599 3856 636 πυ-

605 662 1012 730 translationes,
1058 672 1112 719 et
1150 664 1372 720 alterius
1413 666 1659 734 cujusvis
1697 675 1907 723 natura;
1946 671 2150 724 miracu

2282 671 2436 742 θμῶν
2466 672 2733 744 ηγάζον,
2775 672 2984 743 πέτραν
3008 690 3069 726 τε
3093 673 3421 745 σχιζομένην
3463 675 3560 728 καὶ
3592 675 3687 729 τὸν
3736 692 3855 745 χρι-

600 750 736 807 lum.
780 750 974 807 Nonne
1022 756 1171 808 enim
1216 754 1350 809 illud
1400 756 1627 810 veritate
1678 757 1902 823 nititur,
1947 758 2095 828 quod

2290 763 2551 834 στοφόρον
2589 764 3024 837 ἀποπέμπουσαν
3048 782 3063 799 ·
3095 766 3191 843 καὶ
3211 766 3328 819 εῖτι
3349 765 3475 821 ἀλλο
3504 765 3646 819 κατά
3671 768 3857 839 χρείαν

598 843 833 899 Domino
878 846 1084 901 dictum
1126 856 1250 901 est:
1288 846 1538 917 Quisquis
1580 849 1773 902 dixerit
1807 851 1974 904 monti
2003 849 2125 903 huic

2284 854 2396 907 τῶν
2424 858 2503 918 είς
2545 856 2730 909 πίστιν
2796 857 3064 910 ἑλκόντων
3110 858 3237 921 τοὺς
3268 856 3674 929 μαθητιῶντας,
3705 859 3855 913 οὐδὲν

605 936 827 1003 Tollere,
876 950 923 993 et
975 941 1184 993 mittere
1237 939 1291 993 in
1322 956 1490 997 mare.
1524 952 1571 994 et
1617 956 1721 993 non
1763 941 2089 996 hwsitaverit
2126 942 2143 995 i

2280 946 2657 1019 ἀδυνατούσης
2695 949 2796 1018 τῆς
2823 948 2975 1012 θείας
3008 950 3254 1021 χάριτος.

599 1033 757 1087 corde
783 1050 899 1099 suo,
927 1034 1017 1088 sed
1050 1035 1353 1100 crediderit,
1386 1036 1513 1105 quia
1538 1036 1676 1105 quod
1742 1037 1938 1090 dixerit
1976 1038 2094 1106 ﬁat,
2123 1038 2211 1107 ﬁet
2249 1040 2298 1093 ei
2336 1040 2678 1111 quodcunque
2704 1043 2901 1097 dixerit
2958 1044 3023 1097 ⁸”.
3049 1042 3169 1098 Jarn
3200 1043 3332 1098 mihi
3366 1053 3421 1098 et
3446 1052 3687 1098 montem
3720 1042 3854 1097 forte

576 1127 788 1182 evideas
820 1127 870 1181 in
900 1141 1072 1195 aquas
1103 1126 1456 1193 translatum,
1485 1126 1843 1198 vicissimque
1868 1130 2174 1184 exsiccatos
2215 1130 2355 1186 imos
2415 1134 2679 1203 gurgites,
2708 1142 2873 1203 atque
2906 1135 2961 1189 in
3027 1150 3281 1205 campum
3310 1134 3642 1191 herbiferum
3674 1144 3853 1188 muta-

596 1230 683 1275 tos
715 1236 730 1274 :
762 1220 896 1289 quin
925 1228 979 1273 et
1014 1234 1212 1289 aquam
1246 1231 1471 1288 repente
1496 1235 1526 1273 a
1593 1219 1764 1275 fundo
1829 1222 2241 1290 scaturientem,
2282 1225 2624 1296 scissamque
2679 1236 2911 1296 petram,
2951 1237 3007 1283 et
3052 1228 3327 1284 hominem
3369 1228 3593 1285 Christo
3631 1228 3851 1298 plenum

597 1324 960 1371 assectantem
983 1314 1006 1345 ’⁵
1033 1333 1046 1368 ;
1078 1329 1142 1369 ac
1168 1315 1215 1369 si
1243 1314 1375 1385 quid
1416 1315 1566 1370 aliud
1600 1316 1885 1386 discipulis
1951 1318 2018 1372 ad
2051 1318 2213 1374 tidem
2255 1321 2537 1377 trahendis
2598 1321 2853 1378 idoneum
2884 1325 3033 1395 justa
3065 1324 3315 1395 exigebat
3343 1324 3678 1390 necessitas;
3730 1338 3853 1378 cum

596 1406 732 1461 nihil
763 1405 856 1470 sit,
888 1406 1034 1476 quod
1058 1406 1242 1460 divina
1274 1407 1448 1477 gratia
1475 1418 1733 1476 praestare
1762 1423 1871 1463 non
1905 1410 2100 1479 possit.

663 1497 719 1553 7.
758 1498 828 1551 At
871 1511 941 1552 ne
970 1497 1203 1569 singulis
1240 1498 1366 1569 plus
1406 1513 1564 1568 aequo
1594 1499 1917 1564 immorans,
1958 1500 2147 1556 audito

2345 1500 2409 1566 ζ’.
2454 1500 2596 1555 Ἀλλ’
2635 1502 2727 1555 ἵνα
2752 1501 2827 1573 μὴ
2851 1502 2943 1555 ἐπὶ
2965 1502 3152 1557 πλεῖον
3181 1502 3533 1575 ἐνδιατρίϐων
3558 1504 3673 1566 τοῖς
3709 1501 3856 1556 κατά

596 1592 750 1647 ribus
784 1593 1000 1648 taedium
1044 1607 1249 1655 creem,
1294 1592 1361 1646 ad
1410 1592 1557 1647 aliud
1579 1593 1744 1648 etiam
1789 1604 2030 1650 transeo.
2076 1594 2149 1651 Vo

2276 1593 2440 1663 μέρος
2465 1593 2727 1665 διακορὴς
2744 1593 2955 1664 γίνοιμι
2999 1595 3115 1659 τοῖς
3142 1593 3451 1659 ἀκούουσιν,
3482 1594 3571 1647 ἐπ’
3628 1594 3761 1647 ἀλλο
3788 1593 3853 1663 δὴ

595 1689 722 1742 estis
765 1687 849 1741 sal
898 1686 1109 1741 terrw'.
1161 1685 1259 1741 Hic
1312 1700 1532 1756 quoque
1584 1687 1903 1756 metaphora
1953 1689 2023 1744 ab
2070 1690 2144 1745 illi

2272 1685 2367 1737 καὶ
2386 1684 2677 1754 τρέψομαι.
2723 1684 2925 1755 Ὑμεῖς
2952 1684 3096 1739 ἐστε
3122 1685 3190 1740 τὸ
3219 1684 3373 1752 ἅλας
3398 1683 3510 1755 τῆς
3560 1682 3696 1755 τῆς.
3773 1685 3854 1740 Ex

593 1789 810 1849 sumpta
854 1789 960 1845 est,
1002 1795 1124 1849 quae
1167 1780 1234 1834 ad
1270 1794 1429 1834 usum
1477 1779 1850 1835 necessarium
1902 1782 2131 1837 veniunt

2270 1775 2380 1828 τῶν
2428 1776 2747 1844 ἀναγκαίων
2789 1774 3046 1847 εἴληπται
3102 1774 3382 1831 κάνταῦθα
3415 1777 3450 1846 ἡ
3513 1774 3851 1847 μεταφοράο

592 1871 1051 1940 quemadmodum
1097 1871 1262 1926 etiam
1315 1870 1425 1926 alio
1468 1871 1588 1926 loco
1622 1889 1637 1926 :
1676 1870 1879 1927 Habete
1918 1875 1976 1927 in
2018 1874 2150 1928 vobit

2263 1867 2452 1939 ὥσπερ
2477 1871 2571 1922 καὶ
2603 1866 2864 1938 ἀλλαχοῦ,
2899 1869 3111 1937 Ἔχετε
3128 1867 3283 1935 ἅλας
3312 1869 3384 1922 ἐν
3402 1867 3662 1934 ἑαυτοῒςθ
3688 1867 3853 1921 τοῦτο

592 1964 736 2020 sal‘.
786 1962 903 2020 Hoc
936 1972 1120 2019 autem
1164 1963 1296 2034 quid
1335 1962 1483 2018 aliud
1514 1978 1679 2034 quam
1720 1964 2009 2021 charitatis
2052 1966 2165 2021 sit?

592 2073 713 2128 quae
742 2057 904 2113 etiam
949 2064 1033 2112 est
1068 2055 1353 2125 plenitudo
1387 2054 1545 2126 legis,
1592 2063 1653 2111 ut
1691 2070 1849 2111 sacer
1883 2057 2163 2127 apostolus

594 2150 793 2204 Paulus
829 2149 988 2204 docet
1007 2147 1048 2201 ".
1079 2147 1234 2201 Sicut
1273 2147 1421 2201 enim
1451 2146 1659 2217 absque
1703 2147 1816 2203 sale
1852 2149 2007 2217 panis
2054 2164 2161 2205 non

594 2239 1031 2304 manducabitur,
1074 2247 1132 2292 ut
1179 2252 1278 2292 nec
1312 2236 1423 2292 fere
1466 2237 1751 2308 quisquam
1798 2238 1941 2295 alius
1982 2240 2159 2308 cibus,

590 2334 670 2389 sic
707 2332 877 2403 liquet
920 2330 1126 2400 absque
1154 2330 1446 2385 dilectione
1477 2328 1614 2385 nihil
1643 2331 1942 2401 praestitum
1977 2332 2040 2386 iri
2076 2348 2166 2388 eo-

590 2440 713 2480 rum
743 2439 865 2495 quae
893 2423 1007 2479 Deo
1049 2432 1269 2492 accepta
1309 2431 1458 2477 sunt.
1496 2421 1682 2477 Talem
1728 2439 1789 2480 se
1826 2425 1985 2481 nobis
2008 2426 2162 2480 evhic

589 2518 712 2573 buit
740 2516 1043 2587 apostolus,
1091 2514 1444 2569 adamantino
1477 2516 1662 2569 animo
1690 2515 1969 2585 praeditus,
2000 2525 2162 2587 atque

590 2611 644 2662 in
679 2607 1070 2663 certaminibus
1108 2606 1327 2675 pietatis
1366 2619 1532 2659 causa
1564 2606 1836 2675 susceptis
1873 2605 2161 2676 insupera-

589 2697 737 2763 bilis,
774 2711 950 2767 ncque
991 2693 1274 2765 prosperis
1310 2700 1554 2749 mutatus
1594 2709 1770 2765 neque
1804 2695 2071 2761 adversis,
2105 2696 2159 2750 id

588 2796 674 2842 est
722 2787 1048 2842 inl‘atuatus.
1096 2782 1308 2838 Videsis
1340 2800 1354 2836 :
1382 2785 1788 2853 persecutiones
1826 2786 2153 2855 patiebatur,

588 2894 690 2933 nec
729 2880 798 2933 ab
846 2894 1034 2934 eorum
1065 2879 1157 2949 qui
1195 2879 1667 2950 persequebantur
1703 2892 1890 2933 amore
1934 2878 2155 2935 recede-

588 2970 714 3037 bat;
754 2968 1054 3025 ducebatur
1076 2972 1143 3024 ad
1167 2986 1319 3041 rcges
1347 2980 1401 3026 et
1422 2970 1696 3041 praesides,
1730 2984 1830 3024 nec
1856 2968 2152 3039 quidquam

587 3061 654 3115 de
686 3062 936 3118 animosa
972 3060 1323 3117 confessione
1367 3061 1681 3118 remittebat
1713 3080 1726 3116 :
1762 3062 1931 3133 virgis
1980 3062 2153 3117 caede-

586 3153 768 3221 batur,
806 3167 871 3207 ac
911 3154 1331 3207 verberantibus
1373 3168 1493 3208 sese
1528 3152 1798 3207 medicum
1828 3153 2101 3221 praebebat
2135 3172 2149 3209 :
2180 3193 2222 3251 ο

586 3244 854 3301 conviciis
873 3244 1248 3315 appetebatur,
1276 3255 1330 3299 et
1353 3244 1589 3300 ludibrio
1614 3243 1940 3307 habebatur,
1964 3245 2152 3299 illuso-

586 3338 1089 3408 ribusquegloriam
1114 3339 1375 3407 curabat;
1412 3336 2014 3407 magistrumimitatus,
2057 3339 2151 3409 qui

584 3425 748 3479 etiam
772 3426 902 3481 dum
929 3436 1225 3495 pateretur,
1257 3427 1676 3483 crucitixoribus
1702 3429 1913 3483 veniam
1936 3444 1967 3484 a
1994 3428 2152 3485 Patre

582 3516 931 3587 precabatur.
977 3516 1394 3574 Praetendebant
1430 3518 1508 3572 illi
1554 3518 1814 3589 gladium,
1860 3520 1977 3591 ipse
2010 3520 2151 3592 obji-

584 3610 761 3666 ciebat
811 3610 1113 3668 doctrinam
1168 3631 1181 3664 :
1224 3611 1302 3665 illi
1356 3612 1534 3681 ignem
1591 3612 1976 3675 minabantur,
2035 3615 2151 3685 ipse

582 3701 901 3756 charitatem
945 3702 1221 3770 augebat:
1265 3701 1343 3756 illi
1382 3702 1587 3770 minas,
1634 3702 1752 3773 ipse
1788 3719 1980 3774 preces
2018 3724 2032 3759 :
2066 3706 2147 3760 illi

583 3789 965 3860 alliictionem,
1015 3794 1117 3849 iste
1159 3794 1356 3850 salutis
1415 3809 1608 3850 eorum
1649 3796 1743 3867 qui
1797 3796 2146 3867 amigebant,

580 3885 728 3940 sitim
773 3901 882 3955 prae
924 3901 981 3941 se
1009 3886 1218 3940 ferebat
1244 3906 1262 3943 :
1292 3887 1557 3943 molestiis
1598 3886 2012 3946 delectabatur:
2046 3907 2149 3946 an-

582 3978 777 4048 gustiis
798 3976 1148 4032 dilatahatur.
1181 3977 1324 4044 Quin
1354 3978 1509 4043 adeo,
1542 3994 1609 4033 ne
1638 3995 1666 4034 a
1694 3984 2150 4051 prosperitatibus

581 4070 797 4139 quidem
829 4069 882 4124 ei
926 4069 1156 4125 Ientatio
1197 4069 1409 4125 defuit:
1439 4071 1769 4140 sequebatur
1806 4074 1952 4128 enim
1993 4073 2149 4144 signa

579 4160 723 4214 edita
781 4174 846 4215 ac
897 4161 1144 4231 prodigia
1196 4176 1303 4215 non
1361 4161 1607 4232 vulgaris
1660 4163 1835 4217 honor
1875 4179 1941 4218 ac
1993 4180 2147 4221 com-

580 4254 877 4307 mendatio.
930 4254 999 4305 At
1052 4267 1231 4324 neque
1283 4252 1529 4309 adversis
1574 4253 1823 4326 refriguit
1881 4256 2143 4321 charitas,

578 4358 756 4414 neque
785 4342 1040 4398 laudibus
1068 4342 1308 4397 emollita
1339 4354 1423 4399 est
1453 4382 1468 4408 ,
1500 4343 1596 4400 sed
1625 4345 1765 4399 idem
1802 4347 1856 4400 in
1891 4347 2143 4404 omnibus

576 4435 830 4506 perstitit,
877 4445 943 4489 ad
973 4435 1241 4505 cujusque
1279 4438 1499 4491 modum
1548 4437 1731 4491 varius
1760 4450 1925 4507 atque
1957 4441 2142 4495 condi-

2262 1960 2320 2012 δέ
2350 1961 2406 2013 τί
2434 1959 2561 2013 ἀλλο
2590 1959 2625 2030 ἢ
2653 1960 2841 2030 ἀγάπη
2870 1957 2937 2013 ἂν
2994 1960 3101 2028 εἴη,
3150 1959 3275 2030 ἥτις
3335 1958 3432 2012 καὶ
3467 1960 3636 2030 νόμου
3695 1959 3846 2029 πλή-

2265 2069 2445 2122 ρωμα,
2478 2050 2554 2114 ῶς
2582 2067 2718 2121 φησι
2750 2050 2963 2114 Παῦλος
2991 2053 3019 2104 6
3062 2051 3207 2122 ίερδς
3235 2049 3531 2113 ἀπόστολος
3557 2067 3573 2117 ;
3630 2050 3723 2114 Ὠς
3751 2046 3851 2105 οὗν

2262 2144 2385 2198 οὔτε
2412 2144 2574 2215 ἄρτος
2604 2142 2945 2215 βρωθήσεται
2977 2142 3105 2196 ἄνευ
3138 2142 3284 2208 ἁλὸς,
3308 2142 3391 2196 ὅτι
3456 2141 3597 2212 μηδέ
3642 2160 3694 2196 τι
3723 2159 3851 2212 σχε-

2263 2234 2350 2287 δὸν
2382 2234 2493 2289 τῶν
2526 2235 2804 2305 ἐδωδίμων
2831 2251 2846 2265 ο
2882 2234 3026 2289 οὕτω
3050 2234 3209 2306 δῆλον
3233 2235 3315 2289 ὅτι
3341 2234 3435 2289 καὶ
3466 2234 3689 2304 ἀγάπης
3720 2234 3848 2305 δίχα

2261 2327 2415 2381 οὐδὲν
2446 2328 2553 2382 τῶν
2584 2327 2846 2397 θεοφιλῶν
2880 2325 3345 2399 ἐξεργασθήσεται
3372 2344 3387 2361 ·
3417 2327 3658 2381 τοιοῦτον
3707 2329 3846 2399 ἡμῖν

2262 2419 2458 2473 ἐαυτὸν
2486 2419 2817 2489 παρίστησιν
2847 2419 2876 2470 ὁ
2937 2418 3258 2487 Ἀπόστολος
3300 2420 3673 2491 ἀδαμαντίνην
3702 2418 3846 2490 ἔχων

2261 2512 2427 2564 οἱονεὶ
2453 2510 2552 2579 τὴν
2583 2510 2763 2579 ψυχὴν
2801 2510 2898 2562 καὶ
2939 2509 3387 2578 ἀκαταγώνιστον
3425 2513 3484 2564 ἐν
3522 2513 3637 2573 τοῖς
3695 2512 3844 2580 ὑπὲρ

2262 2599 2521 2669 ἀληθείας
2548 2599 2724 2667 ἀγῶσι
2746 2614 2759 2627 °
2796 2598 2890 2651 καὶ
2926 2599 3281 2671 μηδοποτέρῳ
3317 2600 3404 2653 διὰ
3447 2601 3558 2655 τῶν
3590 2601 3781 2665 δεξιῶν
3804 2603 3841 2673 ἢ

2260 2690 2567 2762 ἀριστερῶν
2624 2689 3103 2760 μεταϐαλλόμενος
3158 2691 3329 2761 ἦγουν
3390 2692 3839 2761 μωραινόμενοςο

2260 2784 2456 2837 σκόπει
2490 2799 2505 2815 ’
2533 2783 2838 2850 ἐδεδίωκτο,
2867 2787 2961 2837 καὶ
2989 2784 3099 2839 τῶν
3130 2785 3435 2838 διωκόντων
3493 2784 3588 2838 τοῦ
3661 2786 3835 2840 πόθου

2256 2877 2356 2928 οὐκ
2385 2875 2689 2944 ἀφίστατοέ
2717 2876 2811 2929 ἐπὶ
2858 2877 3100 2947 βασιλεῖς
3148 2877 3243 2929 καὶ
3301 2876 3575 2945 ἡγεμόνας
3627 2878 3836 2946 ⁸ίιγετο,

2255 2968 2350 3021 καὶ
2380 2971 2478 3038 τῆς
2509 2968 2777 3040 εὺθάρσου
2801 2968 3094 3040 ὁμολογίας
3133 2971 3235 3022 οὐκ
3273 2967 3586 3022 ἐλλέλειπτο
3611 2988 3623 2999 ·
3690 2971 3837 3040 ἐμα-

2257 3058 2490 3124 στίξετο,
2528 3060 2757 3123 καὶτοῖς
2782 3060 3076 3123 κολασταῖς
3109 3058 3271 3139 ἰητὴρ
3300 3058 3647 3135 ἐγνωρίζετο.
3682 3060 3837 3115 ὠνει-

2252 3148 2449 3215 δίζετο,
2481 3151 3112 3222 προὺπηλακίξετο,’καὶ
3166 3153 3279 3214 τοῖς
3333 3150 3619 3221 ὑϐρισταῖς
3672 3151 3835 3215 δόξαν

2254 3241 2678 3312 ἐπραγμάτευε·
2723 3242 3060 3313 μιμούμενος
3090 3242 3181 3296 τὸν
3236 3240 3559 3295 διδάσκαλον
3624 3239 3684 3304 ὃς
3736 3243 3835 3294 καὶ

2253 3335 2340 3386 ἐπ’
2367 3334 2532 3388 αὐτοῦ
2561 3333 2655 3387 τοῦ
2697 3334 2903 3397 πάθους
2950 3338 3063 3399 τοῖς
3100 3334 3446 3406 σταυρωταῖς
3496 3332 3597 3402 τὴν
3635 3332 3835 3401 ἄφεσιν

2252 3426 2493 3495 ἐζητεῖτο
2519 3426 2668 3497 παρὰ
2690 3426 2784 3479 τοῦ
2809 3426 3021 3497 Πατρός
3047 3443 3061 3458 ο
3083 3428 3357 3497 ῥομφαίαν
3374 3428 3420 3481 δ’
3444 3428 3644 3480 ἐκεῖνοι
3672 3426 3835 3499 προῦο

2251 3536 2427 3572 τεινον
2467 3557 2483 3584 ,
2559 3518 2725 3582 αὐτὸς
2797 3519 2896 3590 τὴν
2984 3518 3330 3572 διδασκαλίαν
3416 3518 3831 3590 προῦϐἀλλετω

2252 3610 2362 3680 πῦρ
2414 3610 2670 3679 ἠπείλουν
2732 3610 2951 3673 ἐκεῖνοι,
3024 3610 3052 3662 6
3111 3608 3170 3662 δέ
3227 3610 3319 3683 τῖον
3372 3610 3537 3664 πόθον
3629 3610 3826 3681 ηῦξει·

2251 3703 2405 3756 αὐτοὶ
2465 3700 2875 3774 τὰς,ἀπειλάς,
2937 3700 3033 3754 καὶ⁵
3087 3694 3241 3764 οὗτος
3291 3701 3390 3772 τὴν
3469 3703 3827 3774 προσευχήν·

2250 3795 2341 3848 τὸν
2368 3794 2602 3866 θλιμμὸν
2630 3795 2847 3860 ἐκεῖνοι,
2886 3795 2979 3849 καὶ
3008 3789 3165 3858 οὗτος
3188 3795 3249 3848 τὸ
3280 3794 3439 3865 διψᾷν
3491 3794 3594 3867 τὴν
3648 3813 3827 3865 σωτη-

2198 3905 2203 3911 σ
2252 3885 2411 3953 ρίαν’
2446 3886 2554 3939 τῶν
2574 3886 2840 3953 ἀλγεινῶν
2892 3885 3245 3956 τερπόμενος,
3287 3886 3401 3947 τοῖς
3455 3883 3830 3956 ὑποπιεσμοῖς

2250 3977 2626 4046 εὖρυνόμενος.
2655 3977 2763 4029 Καὶ
2797 3978 2903 4047 μὴν
2934 3979 3041 4031 κάκ
3069 3978 3178 4031 τῶν
3203 3976 3395 4043 δεξιῶν
3416 3977 3451 4048 ἠ
3478 3979 3657 4049 πεῖρα
3684 3993 3700 4007 ·
3748 3979 3830 4031 εἴ·

2250 4083 2382 4119 πετο
2416 4068 2523 4139 γὰρ
2552 4066 2819 4138 δήπουθεν
2848 4070 2960 4130 τοῖς
2992 4070 3243 4138 σημείοις
3272 4085 3332 4120 τε
3364 4070 3459 4121 καὶ
3474 4070 3706 4140 τέρασιν
3730 4073 3827 4141 οὐχ

2248 4161 2281 4230 ὴ
2310 4159 2546 4231 τυχοῦσα
2574 4160 2705 4231 τιμή
2735 4176 2795 4212 τε
2828 4160 2923 4214 καὶ
2948 4160 3249 4227 ἁφοσίωσις
3270 4178 3283 4191 ·
3316 4159 3433 4213 ἀλλ’
3459 4162 3563 4215 οὐκ
3613 4163 3829 4235 ἐκεῖθεν

2246 4252 2342 4305 καὶ
2365 4251 2647 4321 ἀπέψυκτο
2676 4252 2776 4321 τῆς
2799 4251 3043 4322 ἀγάπης,
3074 4248 3198 4303 οὔτε
3246 4248 3498 4304 ἐντεῦθεν
3528 4252 3828 4321 ἐχαυνοῦτο

2242 4346 2355 4407 τοῖς
2381 4343 2653 4407 ἐπαίνοις·
2694 4346 2722 4397 6
2771 4344 2933 4407 αὐτὸς
2984 4343 3041 4397 δὲ
3070 4346 3128 4397 ἐν
3170 4343 3343 4397 ἅπασι
3375 4343 3515 4413 πρὸς
3561 4344 3665 4415 τὴν
3698 4348 3827 4401 ἐκά-

2245 4452 2371 4489 στου
2400 4436 2729 4507 ίδιοτροπίαν
2761 4438 2852 4491 ἀεὶ
2900 4436 3312 4507 ποικιλλόμενος
3348 4437 3444 4489 καὶ
3501 4439 3823 4508 παραρτυό-

575 4530 859 4599 tus,juxta
890 4544 1099 4584 manna;
1127 4538 1367 4599 gustum.
1405 4530 1448 4584 0
1480 4545 1593 4583 rem
1633 4531 1970 4589 mirabilem!
2003 4532 2138 4589 Nam

2249 4548 2407 4600 μενος
2437 4531 2579 4586 κατά
2606 4532 2704 4603 τὴν
2727 4532 2822 4585 τοῦ
2860 4533 3038 4603 μάννα
3064 4532 3340 4600 διάγευσιν
3368 4532 3381 4585 l
3428 4531 3494 4584 Ὠ
3532 4531 3630 4587 τοῦ
3691 4533 3824 4587 θαύ-

574 4621 691 4675 haac
721 4635 940 4690 quoque
972 4620 1221 4675 addenda
1273 4630 1422 4675 sunt.
1466 4620 1673 4677 Missus
1716 4632 1977 4695 tanquam
2022 4627 2140 4681 ovis

573 4712 627 4766 in
668 4713 874 4768 medios
905 4713 1063 4783 lupos
1086 4728 1115 4767 a
1158 4721 1444 4782 pastorum
1482 4714 1730 4785 principe
1755 4716 1999 4784 Christo,
2037 4733 2141 4773 nec

572 4803 689 4872 ipse
747 4804 801 4857 in
855 4803 1043 4872 lupum
1083 4812 1323 4859 mutatus
1375 4814 1479 4869 est,
1538 4806 1804 4877 lupusque
1856 4810 1909 4864 in
1967 4828 2139 4881 agnos

570 4895 863 4950 convertit.
917 4894 1054 4949 Cum
1106 4896 1465 4961 morderetur,
1515 4899 1822 4953 animorum
1865 4904 2138 4959 morsibus

572 4984 909 5046 medebatur,
942 4984 1259 5038 vulneribus
1300 4986 1539 5054 acceptis
1584 4988 1897 5043 curationes
1943 5005 2139 5060 repen-

571 5076 744 5130 dens:
774 5074 1103 5138 illitteratus,
1147 5074 1311 5129 etiam
1359 5077 1542 5131 saeculi
1590 5080 1865 5148 sapientes
1898 5081 1966 5137 ad
2010 5084 2140 5137 reli-

573 5168 755 5237 gionis
784 5166 1038 5236 dogmata
1067 5168 1420 5224 convertebat
1450 5188 1461 5223 :
1494 5169 1740 5234 inermis,
1777 5172 1964 5226 hostes
2000 5189 2139 5243 quo-

572 5272 681 5327 que
732 5255 826 5311 Dei
888 5257 1095 5312 militiae
1151 5261 1462 5316 ascribebat
1520 5263 1784 5318 adversus
1834 5264 2135 5321 diabolum.

571 5350 614 5403 0
640 5361 901 5419 quantam
946 5350 1059 5403 haec
1090 5350 1359 5406 habebant
1390 5352 1794 5409 ditilcultateml
1832 5357 2131 5413 addiderim

569 5442 735 5496 etiam
783 5451 1043 5511 quantam
1092 5444 1355 5513 gratiam!
1412 5443 1543 5500 Tale
1589 5462 1720 5501 sane
1764 5457 1848 5503 est
1890 5448 2137 5504 divinum

572 5534 673 5586 sal.
735 5531 1013 5603 Serpentis
1072 5540 1315 5602 astutia,
1386 5553 1449 5592 ac
1494 5539 1762 5593 columba:
1821 5540 2141 5611 simplicitas

570 5634 774 5696 quanta
806 5625 991 5689 fuerit,
1023 5626 1137 5697 jam
1177 5644 1244 5683 ex
1271 5631 1514 5699 proxime
1550 5632 1711 5687 dictis
1734 5633 1911 5702 palam
1938 5632 2141 5687 iactum

2247 4641 2413 4694 ματος
2444 4626 2456 4678 l
2493 4624 2818 4695 προσθετέον
2847 4625 2956 4695 γὰρ
2987 4624 3083 4677 καὶ
3115 4625 3287 4678 ταῦτα
3306 4640 3318 4653 ·
3343 4625 3418 4685 ὡς
3444 4625 3725 4697 πρόϐατον
3764 4627 3823 4678 ἐν

2246 4718 2399 4787 μέσῳ
2424 4718 2604 4772 λύκων
2633 4718 2738 4772 ὑπὸ
2758 4718 2852 4773 τοῦ
2882 4719 3273 4789 ἀρχιποίμενος
3297 4717 3538 4791 Χριστοῦ
3579 4720 3823 4772 ἀποστα-

2239 4810 2524 4876 λεὶς,ηοῦτε
2555 4811 2718 4876 αὐτὸς
2746 4811 3068 4876 ἐλελύκωτο,
3102 4813 3197 4865 καὶ
3246 4811 3372 4874 τοὺς
3393 4810 3597 4875 λύκους
3621 4813 3704 4874 είς
3728 4813 3822 4883 ἀρ·

2241 4920 2337 4966 νας
2370 4904 2733 4972 μετέπλαττεν
2769 4919 2782 4934 ⁸
2834 4904 3186 4972 δακνόμενος,
3226 4904 3345 4957 ίᾶτο
3376 4902 3446 4957 τά
3487 4903 3599 4958 τῶν
3628 4904 3821 4975 ψυχῶν

2240 4995 2495 5066 δήγματα
2526 4997 2802 5068 τραύμασι
2836 4996 3137 5066 θεραπείας
3183 4995 3463 5067 ἀμείϐων·
3500 4996 3814 5067 ἀγράμμα⁶

2239 5102 2331 5149 τος
2363 5088 2614 5151 καὶτοὺς
2659 5088 2751 5140 τοῦ
2791 5088 2999 5159 κόσμου
3072 5087 3270 5155 σοφοὺς
3338 5087 3820 5158 μετεστοιχειοῦτο

2238 5178 2318 5240 είς
2354 5176 2422 5229 τὰ
2447 5178 2547 5246 τῆς
2577 5178 2859 5241 εὐσεϐείας
2919 5178 3167 5247 δόγματα
3192 5193 3205 5206 '
3266 5176 3488 5241 ἄοπλος,
3512 5234 3513 5237 η
3537 5178 3635 5230 καὶ
3692 5179 3819 5239 τοὺς

2238 5267 2529 5338 πολεμίους
2556 5268 2675 5339 Θεῷ
2706 5268 3254 5339 ἀντεστρατολογεῖτο
3284 5268 3428 5322 κατὰ
3470 5268 3569 5322 τοῦ
3628 5268 3813 5323 διαϐό-

2236 5358 2344 5415 λου.
2391 5360 2455 5411 Ὢ
2498 5361 2671 5431 πόσης
2720 5361 2890 5414 ταῦτα
2932 5360 3279 5431 δυσχερείαςί
3340 5361 3640 5431 προσθείην
3672 5360 3717 5413 δ’
3748 5360 3816 5413 ἂν

2242 5453 2333 5506 καὶ
2355 5454 2575 5523 χάριτος
2615 5470 2628 5484 ·
2663 5453 2903 5507 τοιοῦτον
2935 5453 3000 5524 δὴ
3032 5453 3094 5506 τὸ
3128 5454 3270 5506 θεῖον
3294 5453 3428 5516 ἀλας
3454 5470 3469 5484 ο
3500 5455 3559 5507 τό
3590 5471 3649 5506 τε
3673 5470 3810 5505 παν-

2242 5543 2437 5613 οῦργον
2476 5544 2569 5597 τοῦ
2611 5544 2807 5613 δφεως,
2845 5547 2941 5598 καὶ
2972 5544 3033 5597 τὺ
3066 5545 3165 5615 τῆς
3192 5545 3525 5617 περιστερᾶς
3552 5545 3813 5614 ἀκέραιον

2245 5636 2367 5687 ὅσον
2408 5636 2471 5688 ἐκ
2505 5635 2611 5689 τῶν
2642 5636 2920 5707 προσεχῶς
2952 5633 3282 5707 εἰρημένων,
3338 5637 3366 5689 6
3394 5634 3555 5704 λόγος
3585 5632 3812 5702 ὑπείληο

642 5802 683 5835 ⁸⁸
707 5803 871 5860 Marc.
910 5822 983 5867 χι,
1018 5807 1102 5861 25.
1181 5807 1199 5839 ⁸⁵
1226 5806 1240 5856 l
1266 5808 1392 5862 Cor.
1430 5825 1482 5875 ιι,
1515 5809 1568 5863 4.
1659 5810 1678 5841 ⁵
1706 5809 1892 5864 Matth.
1926 5827 1977 5876 ν,
2014 5810 2113 5865 l3.

2249 5810 2380 5869 larc.
2414 5829 2487 5879 Ix,
2521 5814 2604 5867 49.
2685 5814 2703 5844 ⁷
2730 5812 2886 5868 Rern.
2922 5830 3041 5880 xm,
3084 5813 3171 5869 10.
