4018 6304
172 357 270 425 781

950 355 1231 418 ORATIO
1262 356 1338 414 IX
1390 379 1455 390 -·
1489 353 1869 415 LAUDATIO
1899 353 1957 412 S.
1989 352 2308 414 JOANNIS
2357 352 2625 413 EVANG.

3308 351 3416 414 782

173 490 270 542 φεν
303 485 318 501 ⁸
350 470 447 524 καὶ
483 469 551 522 τά
582 467 750 521 πλεὲω
771 470 993 538 πάρεισι
1020 470 1132 531 τοῖς
1185 468 1372 531 είδόσι,
1411 468 1580 537 φειδοῖ
1643 467 1736 519 τοῦ

1869 476 1961 530 st;
2025 468 2283 536 pluraque
2350 467 2490 535 apud
2555 479 2757 536 gnaros
2810 465 2992 519 dicere
3068 465 3410 530 omittimus,

177 563 681 636 μακρηγορήματος
707 576 720 590 °
748 561 861 614 ἀλλ’
895 562 987 613 ἐπὶ
1024 561 1114 613 τὸν
1139 561 1423 630 κολοφῶνα
1453 560 1548 612 τοῦ
1580 560 1738 626 λόγου

177 659 336 712 ίτέον.

226 756 296 818 η’.
316 748 425 803 Καὶ
440 747 740 815 ἐπέθηκεν
751 747 954 813 αὐτοῖς
973 747 1158 816 ὄνομα
1173 746 1560 816 Βοανέργες,ὅ
1577 746 1745 799 ἐστιν

178 841 291 894 υίοί
325 838 598 907 ,ϐροντῆς
622 855 637 870 ·
667 838 765 906 τὴν
807 837 1034 909 βροντήν
1069 838 1200 906 φασί
1224 855 1368 901 τινες
1395 838 1637 907 γέννημα
1668 832 1746 888 εἷ-

179 947 264 984 ναι
302 930 586 1000 ὰνεμιαίου
647 930 976 1000 πνεύματος,
1028 929 1056 982 ὃ
1117 929 1418 998 συλληφθέν
1449 931 1506 982 ἐν
1558 929 1744 998 νέφεσι

179 1024 270 1074 καὶ
293 1023 396 1076 οὐκ
426 1021 565 1091 ἔχων
593 1021 726 1074 ὅπου
757 1020 949 1092 ῥαγείη
978 1020 1229 1087 διέξοδον,
1256 1023 1322 1091 τῇ
1345 1021 1444 1090 μὲν
1458 1020 1634 1089 Θλίψει
1652 1020 1748 1090 τὴν

179 1114 488 1185 ἀστραπὴν,
507 1115 575 1184 τῇ
591 1114 646 1166 δέ
661 1113 812 1182 ῥήξει
829 1113 928 1184 τὴν
949 1113 1172 1184 βροντὴν
1185 1113 1583 1183 ἀπεργάζεται·
1605 1116 1670 1166 ἐκ
1694 1113 1750 1166 δέ

181 1204 408 1275 βροντῆς
433 1202 660 1273 βροντὴν
705 1203 1028 1256 κυΐσκεσθαι
1057 1202 1226 1256 εἰπών
1240 1221 1342 1269 τις,
1375 1203 1475 1258 οὐκ
1494 1203 1598 1268 ἔξω
1619 1205 1750 1275 βάλ-

175 1297 256 1350 λει
273 1297 363 1350 τὸν
386 1296 546 1364 λόγον
574 1294 668 1348 τοῦ
684 1295 893 1358 δέοντος
919 1311 934 1326 ’
966 1296 1122 1367 εἴπερ
1147 1292 1258 1349 οἷον
1281 1297 1341 1349 τὸ
1372 1297 1592 1365 γεννῶν,
1644 1313 1754 1350 τοι·

185 1389 341 1442 οὖτον
369 1389 433 1454 δὴ
457 1387 550 1440 καὶ
579 1387 642 1440 τὸ
658 1386 923 1456 γέννημα·
943 1388 995 1440 τί
1010 1383 1100 1441 οὖν
1123 1388 1369 1441 ἐντεῦθεν
1393 1406 1407 1455 ;
1427 1389 1507 1441 ὅτι
1537 1388 1677 1442 κατὰ
1694 1388 1753 1441 τὸ

179 1480 496 1548 Πνεύματος
519 1479 676 1544 ἁγίου
696 1472 832 1530 εἶναι
852 1479 1141 1548 ἁπήχημα,
1164 1479 1276 1541 υἱὸς
1295 1479 1519 1549 βροντῆς
1535 1480 1754 1549 ὠνόμαο

179 1587 303 1624 σται
337 1571 365 1621 ὁ
388 1569 727 1632 Ἀπὸστολος,
759 1569 1083 1639 ἀστράπτων
1106 1569 1241 1640 ὁμοῦ
1267 1571 1358 1623 καὶ
1371 1569 1608 1640 βροντῶν
1624 1571 1754 1640 ἡμῖν

176 1662 246 1714 τὰ.
267 1661 408 1724 θεῖα,
430 1660 503 1722 ὡς
524 1661 587 1712 ἐκ
607 1658 845 1728 νεφελῶν
864 1660 1026 1713 οίονεὶ
1051 1661 1305 1730 ἐκραγεὶς
1323 1664 1422 1731 τῆς
1445 1660 1591 1724 θείας
1606 1661 1758 1732 χάρι-

175 1768 295 1813 τος.
313 1750 559 1818 Εῑδωμεν
575 1750 652 1813 δέ,
667 1750 892 1814 είδοκεῖ,
922 1753 980 1803 ἐν
997 1751 1276 1820 κεφαλαίῳ
1294 1747 1381 1805 οἷα
1402 1753 1493 1805 καὶ⁵
1512 1754 1579 1805 τὰ
1602 1753 1754 1823 βρον-

177 1838 512 1908 τήματαμῦς
528 1837 594 1890 ἂν
615 1837 812 1908 μᾶλλον
834 1837 1103 1906 θαυμάσοι
1111 1855 1210 1908 μεν
1224 1839 1316 1892 τοῦ
1338 1821 1756 1909 ὀνοματοοέντος
1788 1821 1828 1873 Β

178 1929 279 2001 τὴν
289 1927 816 1999 δύναμιν.Ἒνάρχῆ
829 1925 906 1999 ἦν
919 1930 1152 1998 όΛόγος
1163 1930 1259 1983 καὶ
1276 1926 1599 2001 όΛόγοςῆν
1611 1931 1760 1999 πρὸς

178 2024 290 2076 τὸν
305 2020 580 2085 Θεὸν,καὶ
597 2023 738 2086 Θεος
752 2018 828 2090 ἦν
844 2025 876 2075 ό
889 2023 1097 2092 Λόγος.
1109 2023 1172 2074 Ὢ
1191 2022 1293 2092 τῆς
1311 2023 1758 2094 μεγαλοφωνοτά-

178 2131 282 2184 της
309 2113 601 2184 θεηγορίας
622 2113 634 2165 !
667 2113 764 2182 οὐχ
789 2111 930 2166 οὕτω
953 2113 1181 2184 βροντῆς
1207 2114 1435 2185 πατάγῳ
1459 2115 1760 2185 τεθήπασιν

177 2206 485 2277 ἄνθρωποι,
520 2206 595 2269 ὡς
632 2205 730 2276 τὴν
764 2206 1010 2260 Ἰωάννου
1045 2206 1319 2276 θεολογίαν
1351 2209 1447 2262 σὺν
1471 2210 1586 2271 τοῖς
1636 2210 1758 2261 ἐπι-

179 2299 356 2368 γείοις
391 2299 778 2370 ἐξεπλάγησαν
808 2301 902 2354 καὶ
925 2300 995 2352 τὰ
1023 2300 1267 2370 οὐράνια,
1295 2300 1454 2371 εἰπερ
1493 2300 1760 2354 κάκείνων

179 2407 260 2444 πα
269 2390 338 2461 ρά
352 2391 600 2444 Ἰωάννου
620 2395 653 2462 ἠ
681 2391 969 2461 μαθητεία.
988 2392 1111 2445 Ἵνα
1128 2390 1254 2462 γὰρ,
1281 2392 1435 2461 φησὶ,
1460 2390 1759 2461 γνωρισθῇ

178 2484 303 2538 νῦν
329 2482 462 2549 ταῖς
481 2483 698 2552 ἀρχαῖς
722 2484 821 2537 καί
847 2483 978 2549 ταῖς
1003 2483 1314 2550 ἐξουσίαις
1333 2483 1404 2537 ἐν
1431 2484 1556 2549 τοῖς
1580 2484 1760 2537 saevo

174 2575 412 2642 ρανίοις
433 2575 530 2627 διὰ
549 2571 658 2641 τῆς
672 2573 1042 2641 Ἐκκλησίας
1067 2575 1105 2640 ἡ
1125 2576 1558 2641 πολυποίκιλος
1576 2573 1762 2642 σοφία

181 2667 292 2720 τοῦ
313 2665 482 2720 Θεοῦ·
512 2665 589 2726 ὼς
614 2665 712 2735 μὲν
732 2665 825 2718 οὖν
846 2666 914 2718 τά
944 2667 1001 2718 ἐν
1025 2665 1270 2736 αἰσθήσει
1293 2667 1638 2736 συγγράφων,
1667 2667 1762 2736 ἀρ-

183 2762 287 2829 χὴν
319 2758 586 2811 ἁπάντων
624 2756 734 2810 τῶν
762 2759 1087 2827 ποιημάτων
1111 2757 1202 2811 τὸν
1243 2759 1472 2828 οὐρανὸν
1520 2757 1759 2830 προῦθη-

182 2871 280 2906 κεν
303 2851 496 2905 εἰπών·
516 2849 620 2903 Ἐν
642 2848 798 2919 ἀρχῇ
821 2851 1108 2917 ἐποίησεν
1127 2853 1160 2905 d
1191 2852 1336 2918 Θεὸς
1365 2851 1473 2905 τὸν
1504 2853 1763 2921 οὐρανὸν

183 2945 284 2997 καί
308 2951 428 3010 τὴν
457 2942 608 3011 γῆν·
640 2941 758 2994 οὐδὲ
805 2944 912 3012 γὰρ
947 2937 1058 2996 οἷόν
1085 2960 1144 2995 τε
1191 2939 1259 3013 ἦν
1297 2943 1568 3013 ὀφθαλμὸν
1616 2945 1763 3014 πρῶ-

183 3053 278 3087 τον
307 3035 438 3086 ὄντα
481 3032 591 3085 τῶν
632 3035 688 3085 ἐν
717 3034 846 3103 ἡμῖν
876 3033 1206 3104 αἰσθήσεων,
1241 3033 1612 3104 ὑπερταθῆναί
1658 3052 1761 3087 που

1848 560 2083 614 vitandae
2140 576 2300 614 causa
2358 560 2712 627 prolixitatis.
2771 558 2970 613 \lerum
3019 559 3085 614 ad
3144 563 3418 617 sermonis

1847 651 2210 719 colophonem
2246 650 2572 708 veniendum
2605 659 2706 703 est.

1919 741 1973 794 8.
2014 740 2083 793 Et
2124 743 2373 809 imposuit
2418 741 2521 794 illis
2568 743 2779 795 nomina
2816 742 3130 813 Boanerges,
3172 744 3308 814 quod
3344 753 3418 797 est

1849 836 1950 904 ﬁlii
1990 833 2282 887 tonitrui".
2321 831 2459 887 Sunt
2488 834 2579 902 qui
2622 832 2807 887 dicant
2853 833 2966 888 ﬁeri
3011 835 3313 890 tonitruum
3351 850 3414 893 ex

1849 942 2006 982 aereo
2055 925 2272 995 spiritu,
2319 926 2412 995 qui
2448 925 2706 979 nimirum
2758 925 3003 980 inclusus
3054 926 3107 980 in
3162 927 3418 991 nubibus,

1850 1035 1950 1074 nec
1983 1021 2265 1074 inveniens
2305 1033 2412 1088 qua
2444 1027 2597 1087 parte
2635 1029 2813 1084 exeat,
2858 1019 3138 1074 collisione
3176 1019 3418 1089 quidem,

1852 1110 2034 1182 fulgur
2062 1155 2076 1178 ,
2115 1112 2369 1180 ruptione
2420 1120 2624 1174 autem,
2667 1111 2961 1164 tonitruum
3008 1111 3222 1165 efficiat.
3265 1109 3418 1176 Quod

1852 1207 1896 1262 si
1936 1207 2058 1274 quis
2093 1205 2391 1260 tonitruum
2443 1203 2686 1258 tonitruo
2733 1203 2980 1273 progigni
3018 1204 3183 1266 dicat,
3223 1203 3358 1258 nihil
3392 1219 3420 1256 a

1853 1295 2236 1366 probabilitate
2278 1294 2515 1348 alienum
2563 1294 2762 1348 dixerit
2793 1312 2806 1346 :
2839 1293 3105 1362 siquidem
3140 1294 3299 1364 quale
3341 1304 3424 1350 est

1855 1385 2102 1455 gignens,
2149 1385 2255 1439 tale
2305 1393 2358 1438 et
2390 1384 2536 1454 quod
2585 1383 2843 1454 gignitur.
2897 1384 3037 1450 Quid
3090 1400 3218 1454 ergo
3259 1385 3425 1440 inde?

1857 1477 2167 1540 Nimirum,
2246 1487 2506 1547 tanquam
2587 1477 2826 1546 Spiritus
2884 1479 3057 1532 sancti
3115 1477 3422 1532 resonantia

1856 1570 2158 1640 appellatus
2186 1580 2270 1625 est
2300 1570 2580 1639 apostolus
2613 1570 2834 1624 tonitrui
2869 1569 3032 1634 tilins,
3061 1569 3243 1624 divino
3267 1569 3425 1624 nobis

1857 1662 2147 1731 splendore
2187 1662 2240 1715 in
2277 1662 2497 1715 modum
2529 1659 2745 1730 fulgetri
2778 1661 3022 1723 elucens,
3056 1671 3218 1730 atque
3249 1661 3426 1715 instar

1857 1755 2085 1810 tonitrui
2134 1754 2407 1824 mugiens,
2453 1754 2710 1824 velutque
2757 1769 2820 1808 ex
2875 1754 3114 1809 nubibus
3161 1770 3192 1809 e
3237 1753 3422 1809 divina

1861 1845 2017 1915 quasi
2069 1845 2334 1898 charitate
2382 1858 2696 1913 erumpens.
2755 1843 3047 1898 Videamus
3103 1853 3325 1906 autem,
3380 1847 3426 1900 si

1863 1937 2010 2002 libet,
2068 1934 2223 2005 quasi
2272 1935 2586 1989 summatim
2641 1945 2856 2004 quantae
2909 1935 2990 1989 has
3041 1935 3150 1989 sint
3201 1935 3425 1990 tonitrui

1859 2042 2044 2091 voces,
2082 2035 2143 2081 ut
2175 2042 2241 2082 eo
2294 2027 2488 2097 majori
2544 2026 2902 2082 admiratione
2952 2026 3098 2081 illius
3130 2028 3424 2095 potentiam

1861 2119 2215 2185 admiremur,
2265 2121 2356 2189 qui
2402 2118 2595 2174 indidit
2640 2134 2860 2174 nomen.
2907 2119 2976 2174 In
3015 2120 3274 2189 principio
3312 2131 3426 2174 erat

1871 2209 2116 2271 Verbunt,
2164 2220 2212 2264 et
2251 2209 2472 2263 Verbum
2497 2221 2612 2263 erat
2655 2215 2795 2280 apud
2828 2210 3012 2273 Deum,
3054 2220 3103 2264 et
3135 2209 3275 2264 Deus
3315 2223 3428 2265 erat

1873 2301 2156 2356 Verbum’.
2188 2302 2231 2356 Ο
2257 2301 2453 2355 divinas
2485 2301 2890 2370 praedicationis
2923 2302 3292 2358 clarissimam
3334 2318 3430 2357 vo-

1862 2392 2014 2447 cem!
2063 2389 2182 2446 Non
2227 2391 2307 2447 sic
2341 2391 2592 2446 homines
2637 2392 2868 2447 tonitrui
2913 2391 3131 2463 fragore
3168 2394 3429 2464 obstupe-

1863 2492 2041 2551 scunt,
2082 2484 2160 2538 uti
2198 2481 2426 2538 Joannis
2460 2483 2816 2554 theologiam,
2864 2501 2989 2541 cum
3022 2497 3178 2541 terra:
3217 2486 3430 2542 colonis

1863 2576 2024 2628 etiam
2071 2574 2324 2629 caelestes
2374 2574 2607 2629 virtutes
2655 2574 3337 2646 obstupueruntzquando
3378 2589 3433 2632 et

1865 2666 1967 2718 illis
1990 2663 2217 2720 Joannis
2245 2665 2527 2735 discipulae
2553 2665 2956 2735 quodammodo
2990 2675 3136 2722 sunt.
3171 2665 3237 2721 Ut
3259 2669 3429 2730 enim,

1866 2755 2066 2826 inquit,
2105 2756 2400 2810 innotescat
2448 2757 2832 2826 principatibus
2882 2767 2932 2812 et
2982 2759 3324 2828 potestatibus
3378 2759 3433 2812 in

1865 2847 2158 2902 cwlestibus
2182 2864 2272 2916 per
2290 2848 2565 2902 ecclesiam
2590 2848 2935 2918 multiformis
2958 2850 3220 2919 sapientia
3252 2850 3350 2905 Dei
3366 2850 3432 2904 “’.

1866 2940 1933 2995 Et
1963 2939 2177 3011 Moyses
2199 2940 2444 3010 quidem,
2472 2956 2599 2995 cum
2633 2957 2816 2996 rerum
2847 2942 3033 2997 sensui
3062 2942 3432 3010 subiectarum

1866 3034 2152 3087 historiam
2190 3034 2581 3099 conscriberet,
2612 3044 2987 3088 creaturarum
3018 3036 3262 3090 omnium
3286 3035 3437 3106 priu-

187 3126 506 3196 περαιτέρω
519 3123 616 3176 τοῦ
638 3125 885 3194 οὐρανίου
909 3124 1075 3193 ὕψους
1100 3141 1114 3155 ·
1135 3126 1212 3178 διὸ
1231 3126 1656 3197 καταλλήλωςτῇ
1679 3128 1763 3179 αί-

1869 3129 2094 3198 cipium,
2135 3129 2331 3184 caelum
2359 3131 2562 3198 posuit,
2595 3130 2781 3185 dicens
2812 3148 2824 3184 :
2856 3130 2922 3185 In
2951 3131 3210 3200 principio
3241 3133 3436 3186 creavit

189 3218 382 3284 σοήσει
401 3217 496 3269 καὶ
513 3217 573 3268 τὸ
593 3216 720 3285 ποίη
729 3225 803 3285 μά
823 3217 1206 3286 προτέτακται,
1227 3217 1332 3269 τῶν
1347 3217 1520 3271 ἄλλων
1537 3221 1654 3280 ταῖς
1674 3218 1764 3271 ἄλο

189 3311 310 3373 λαις
341 3307 788 3378 δευτερευόντων·
809 3311 836 3360 ὀ
860 3308 914 3360 δὲ
930 3308 1024 3361 ἆτε
1044 3308 1183 3380 ὑπὲρ
1199 3308 1449 3378 αἴσθησιν
1470 3309 1768 3379 τὴνὲξηγο-

190 3401 322 3471 ρίαν
350 3398 694 3468 ποιούμενος,
723 3398 821 3450 οὐκ
858 3398 1086 3468 οὐρανὸν
1114 3400 1207 3451 καὶ
1239 3399 1363 3469 γῆν,
1395 3398 1528 3452 ἀλλὰ
1565 3398 1658 3450 τοῦ
1688 3399 1770 3450 οὐ·

194 3490 361 3562 ρανοῦ
396 3491 492 3544 καὶ
550 3490 684 3557 ὁμοῦ
718 3489 956 3542 ’πάντων
1015 3489 1121 3542 τῶν
1184 3491 1594 3560 ὑπερουρανίων
1637 3491 1771 3544 νοῶν

194 3584 449 3654 ποιητὴν,
491 3583 665 3654 ἀρχὴν
694 3583 937 3652 εἴληφεν,
997 3581 1185 3635 εἰπών·
1257 3583 1362 3637 Ἐν
1395 3583 1554 3653 ἀρχῇ
1608 3580 1686 3653 ἦν
1738 3586 1771 3637 ὀ

195 3679 414 3745 Λόγος,
448 3675 547 3728 καί
581 3678 614 3727 ό
641 3674 831 3744 Λόγος
850 3669 924 3742 ἦν
955 3676 1105 3742 πρὸς
1133 3673 1238 3727 τὸν
1285 3675 1454 3739 Θεὸν,
1499 3676 1597 3728 καὶ
1630 3675 1773 3741 Θεὸς

193 3763 272 3835 ἦν·
303 3771 336 3820 ό
375 3771 417 3821 Λ
429 3767 586 3834 όγος.

196 3862 537 3930 principium
592 3861 914 3932 assumpsit;
967 3859 1157 3916 dicens
1192 3880 1205 3915 :
1239 3861 1302 3915 In
1348 3862 1610 3932 principio
1663 3875 1774 3918 erat

207 3951 438 4007 Verbum
463 3954 526 4008 η.

266 4091 335 4144 θ’.
367 4084 526 4150 Εἶδες
549 4089 630 4151 είς
659 4092 807 4140 ποῖον
841 4091 970 4159 ὕψος
1004 4092 1230 4162 ἄπειρον
1261 4087 1362 4163 ἦρε
1395 4093 1453 4144 τὸ
1481 4093 1636 4162 ὄμμα
1684 4092 1774 4145 τοῦ

199 4183 327 4249 νοῦ;
414 4180 605 4250 ὥσπερ
644 4197 696 4231 τι
749 4182 935 4250 νοητὸν
989 4185 1272 4252 στερέωμα
1326 4185 1777 4254 καταπηξάμενος

206 4272 363 4340 ἡμῶν
415 4271 474 4322 ἐν
506 4269 715 4341 διανοίᾳ
742 4271 802 4322 τὸ
833 4274 1074 4341 τριταῖον
1107 4271 1218 4325 Ἦν
1241 4289 1254 4302 ·
1306 4273 1391 4326 ἶνα
1421 4274 1583 4343 μέχρι
1627 4275 1779 4326 τοῦδε

202 4361 393 4432 ὥσπερ
437 4379 490 4414 τι
519 4360 724 4430 ἐξαλμα
756 4362 928 4430 φωτὸς
962 4361 1164 4433 προῖὼν
1201 4364 1229 4415 ὁ
1268 4365 1411 4430 νοῦς,
1442 4365 1658 4434 πρῶτος
1707 4363 1782 4418 ὢν

204 4455 292 4504 καὶ
325 4447 488 4513 οὗτος
511 4451 619 4503 τῶν
651 4450 750 4519 τῆς
791 4450 970 4521 ψυχῆς
1011 4451 1310 4520 δυνάμεων,
1346 4451 1423 4523 μὴ
1472 4451 1584 4522 ἔχοι
1623 4451 1782 4520 φύσιν

1869 3222 2008 3275 Deus
2043 3222 2252 3284 cazlum,
2288 3232 2337 3275 et
2365 3233 2558 3276 terram
2589 3222 2652 3276 “.
2684 3220 2800 3276 Non
2830 3223 2973 3276 enim
3002 3223 3116 3276 fieri
3143 3231 3354 3292 poterat.
3380 3232 3442 3276 ut

1870 3314 2087 3376 oculus,
2145 3316 2238 3383 qui
2299 3317 2441 3368 inter
2493 3330 2690 3369 sensus
2739 3315 3032 3383 primatum
3080 3322 3248 3380 tenet,
3312 3317 3437 3368 οωΙὶ

1871 3405 2216 3458 altitudinem
2246 3415 2554 3474 superaret.
2586 3405 2859 3470 Quocirca
2890 3419 2986 3474 pro
3012 3420 3206 3460 sensus
3233 3405 3442 3460 ratione

1873 3498 2036 3549 etiam
2069 3503 2320 3548 creatura
2354 3497 2504 3564 prior
2533 3504 2636 3559 est,
2662 3510 2786 3549 cum
2813 3495 2932 3550 aliae
2961 3497 3083 3551 aliis
3108 3498 3443 3567 posteriores

1877 3589 2005 3642 sint.
2053 3588 2121 3640 At
2152 3585 2412 3649 Joannes,
2456 3598 2713 3654 tanquam
2759 3600 2820 3639 ea
2863 3600 3126 3641 enarrans
3155 3602 3276 3656 quae
3317 3600 3445 3640 sen-

1881 3695 1999 3735 sum
2039 3687 2338 3748 superant;
2369 3695 2475 3732 non
2517 3679 2714 3732 ccelum
2759 3687 2810 3731 et
2839 3687 3066 3743 terram,
3102 3679 3195 3732 sed
3233 3679 3354 3732 emli
3385 3695 3448 3732 ac

1886 3781 2040 3824 terra:
2078 3772 2434 3838 omniumque
2466 3769 2769 3823 caelestium
2812 3769 3076 3822 mentium
3116 3778 3444 3831 creatorem,

1826 3864 2072 3930 Verbum,
2110 3873 2158 3918 et
2197 3863 2420 3917 Verbum
2464 3872 2578 3916 erat
2641 3862 2783 3931 apud
2853 3861 3039 3929 Deum,
3065 3871 3113 3916 et
3155 3861 3295 3917 Deus
3332 3875 3448 3917 erat

1951 4095 2004 4149 9.
2047 4090 2238 4146 Vidisti
2273 4089 2324 4142 in
2359 4097 2617 4158 quantam
2643 4086 2986 4140 altitudinem
3027 4085 3223 4140 extulit
3248 4086 3451 4140 mentis

1881 4183 2139 4241 oculum?
2198 4178 2564 4234 intellectuale
2609 4179 2771 4232 veluti
2827 4179 3231 4233 firmamentum
3283 4180 3452 4234 menti

1883 4287 2083 4331 nostra:
2117 4274 2348 4342 inligcns
2397 4272 2596 4326 trinum
2634 4271 2767 4326 illud
2822 4270 2993 4334 Erat;
3048 4281 3105 4324 ut
3141 4285 3207 4325 eo
3254 4286 3448 4342 usque.

1888 4366 2135 4424 salientis
2167 4365 2340 4419 instar
2360 4363 2520 4428 lucis,
2552 4379 2705 4417 mens
2736 4376 3024 4432 progressa
3051 4363 3306 4432 (namque
3337 4349 3452 4417 bzec

1888 4468 1970 4513 est
2002 4456 2324 4512 facultatum
2376 4453 2573 4507 anima:
2613 4451 2809 4522 prima)
2852 4451 2988 4505 nolit
3024 4451 3280 4521 deinceps
3322 4452 3454 4506 ulte-

205 4544 438 4616 ἀρθῆναί
464 4559 566 4595 που
608 4543 884 4610 ἐπέκεινα,
912 4545 1020 4597 κᾶν
1053 4545 1411 4615 κενεμϐατείν
1466 4546 1667 4611 δόξοιεν
1717 4548 1766 4598 ἐκ

1884 4550 1998 4604 rius
2043 4546 2295 4611 subvehi,
2350 4561 2417 4598 ne
2450 4560 2544 4614 per
2577 4559 2759 4598 aerem
2791 4543 3111 4597 curiositate
3155 4542 3334 4597 inutili
3368 4544 3453 4596 vi-

214 4633 747 4706 πολυπραγμοσύνης
797 4635 1111 4688 άνενδέκτου
1136 4653 1150 4666 ·
1173 4637 1286 4689 ἀλλ’
1323 4633 1434 4689 οἷον
1457 4639 1777 4691 ἐπαναπαυ-

211 4729 442 4798 σάμενος
464 4726 570 4796 τῆς
604 4724 840 4794 ἐφέσεως
877 4726 1210 4797 παλινδρομῇ
1242 4729 1377 4796 πρὸς
1420 4732 1486 4780 τὰ
1549 4730 1779 4781 κατόπιν

208 4821 296 4871 καὶ
325 4819 438 4873 ὑπὸ
477 4817 675 4880 κτίσιν,
707 4811 788 4880 οἷς
825 4818 916 4869 καί¹
953 4817 1227 4886 συγγενῶς
1265 4818 1398 4888 ἔχοι,
1431 4818 1572 4889 ὀρῶν
1608 4818 1678 4870 τὰ
1696 4819 1782 4888 δη-

214 4911 446 4984 μιουργή
457 4927 604 4981 ματα
633 4909 726 4962 καὶ
753 4909 992 4974 δοξάζων
1038 4913 1128 4963 τὸν
1157 4911 1561 4981 ἀριστοτέχνην,
1600 4912 1692 4963 ἕνα
1723 4929 1780 4963 τε

211 5003 328 5057 ὄντα
372 5003 616 5072 ἄναρχον
644 5002 774 5054 Θεὸν
818 5003 873 5056 ἐν
902 5003 1081 5074 τρισὶν
1110 5003 1486 5066 ὑποστάσεσιν,
1528 5003 1617 5054 τὸν
1648 5005 1780 5056 πᾶσι

211 5099 312 5159 τοῖς
360 5091 519 5148 οὖσιν
578 5093 1000 5146 ἐπιστατοῦνταο
1055 5095 1172 5147 τίνα
1236 5095 1442 5159 ταῦτα;
1503 5096 1777 5163 Σεφαφὶμ,

213 5183 514 5255 Χερουϐὶμ,
556 5181 807 5254 Θρόνους,
843 5185 1130 5252 Δυνάμεις,
1177 5185 1472 5250 Ἐξουσὶας,
1505 5185 1776 5256 Κυριότη-

214 5288 321 5340 τας,
367 5273 596 5346 Ἀρχὰς,
667 5273 1082 5344 Ἀρχαγγέλους,
1144 5274 1437 5342 Ἀγγέλους
1469 5292 1480 5304 ·
1542 5272 1661 5328 εἶτα
1709 5275 1778 5327 τὰ

217 5368 323 5418 κατ’
355 5366 643 5436 αἴσθησιν,
685 5365 928 5434 οὐρανὸν,
994 5365 1163 5434 ἥλιον,
1217 5367 1463 5434 σελήνην,
1519 5367 1777 5435 ἀστέρας,

220 5455 363 5526 ἀέρα,
396 5460 528 5528 γῆν,
564 5453 991 5520 θάλασσαν,ζῶα
1023 5459 1272 5526 χερσαῖα,
1302 5456 1506 5522 ἐνάλια,
1540 5457 1780 5526 ἐναέρια,

221 5553 369 5618 φυτά,
423 5549 584 5621 βοτά,
635 5547 814 5600 πᾶσαν
869 5547 1170 5617 συλλήϐδην
1215 5549 1376 5617 φύσιν
1438 5548 1680 5618 ἔμψυχον
1727 5566 1784 5600 τε

313 5791 503 5850 5Marc
561 5807 645 5856 ιιι,
682 5789 762 5843 l7.
871 5791 1072 5848 °Joan.
1110 5809 1144 5860 ι,
1177 5793 1224 5859 1,
1256 5793 1308 5848 2.

1444 5796 1484 5825 ²⁰
1509 5795 1704 5858 Ephcs.
1764 5808 1845 5858 ιιι,
1881 5791 1965 5848 l0.
2091 5795 2128 5825 “

1882 4643 2072 4694 deatur
2127 4637 2435 4691 discurrere
2490 4654 2502 4688 :
2553 4635 2645 4689 sed
2697 4635 2854 4704 quasi
2913 4648 3136 4687 cursum
3201 4633 3454 4688 inhibens

1883 4731 2189 4785 retrocedat
2245 4730 2312 4782 ad
2363 4744 2451 4782 res
2501 4737 2748 4791 creatas,
2798 4726 2997 4795 quibus
3054 4725 3456 4780 necessitudine

1887 4823 2050 4877 homo
2095 4821 2378 4875 devinctus
2419 4827 2522 4884 est,
2567 4818 2785 4872 intuens
2829 4818 2882 4870 in
2913 4832 3026 4880 eas,
3081 4817 3457 4886 optimumque

1887 4912 2149 4966 artificem
2182 4910 2435 4964 laudibus
2458 4908 2760 4974 celebrans,
2795 4923 2960 4961 unum
2994 4906 3163 4960 Deum
3190 4916 3454 4960 aeternum

1893 5000 1945 5052 in
1978 5000 2151 5052 tribus
2197 4998 2585 5052 subsistentem
2620 4997 2886 5065 personis,
2923 4995 3193 5064 rebusque
3237 4995 3458 5048 univcr—

1891 5091 1969 5144 sis
2013 5089 2414 5158 praesidentem.
2465 5087 2724 5153 Quaenam
2774 5102 2902 5140 vero
2945 5087 3098 5140 haec?
3148 5085 3454 5156 Seraphim,

1890 5180 2213 5242 Cherubin],
2249 5178 2475 5244 Throni,
2520 5177 2778 5241 Virtutes,
2826 5179 3153 5243 Potestates,
3200 5177 3458 5233 Domina-

1895 5273 2088 5337 tiones,
2137 5269 2502 5338 Principatus,
2539 5268 2882 5337 Archangeli,
2932 5261 3120 5337 Angeli
3155 5285 3167 5322 :
3201 5278 3314 5322 tum
3369 5285 3458 5323 res

1892 5368 2077 5418 sensui
2130 5363 2408 5431 subject-aa,
2441 5362 2657 5425 coelum,
2715 5360 2817 5424 sol,
2868 5362 3016 5423 luna,
3064 5352 3254 5426 steilaa,
3318 5375 3457 5428 aer;

1893 5466 2058 5520 terra,
2101 5471 2271 5517 mare,
2332 5455 2589 5507 animalia
2647 5454 2946 5516 terrestria,
3001 5454 3233 5518 marina,
3276 5468 3456 5516 aerea,

1895 5550 2109 5616 plautm,
2163 5549 2361 5611 herbae,
2421 5549 2672 5600 universa
2723 5544 2977 5614 denique,
3038 5556 3095 5600 ut
3143 5547 3458 5600 summatim

2195 5793 2327 5849 Gen.
2395 5813 2430 5859 ι,
2504 5796 2548 5849 l.
2660 5797 2700 5825 ¹²
2754 5794 2908 5850 Joun.
2949 5813 2985 5860 ι,
3028 5797 3073 5850 1.
