4018 6304
578 387 680 448 783

1762 384 1820 443 S.
1860 381 2246 443 TIIEODORI
2290 383 2374 442 ST
2383 383 2632 443 UDIT/E

3715 379 3816 438 784

576 502 782 561 dicam,
825 508 1039 564 natura,
1089 507 1204 552 tum
1253 497 1434 550 anima
1480 494 1726 566 praedita,
1782 506 1897 549 tum
1950 510 2144 564 expers

2251 498 2340 550 καὶ
2369 497 2575 567 ἄψυχον
2599 514 2611 526 ·
2644 498 2861 552 ἅπαντα
2886 496 2994 568 γὰρ
3017 493 3208 560 ταῦτα,
3258 492 3349 546 καί
3382 494 3432 545 εἴ
3455 510 3506 545 τι
3540 492 3732 561 ἕτερον
3760 492 3816 544 ὲν

576 595 789 648 animae.
821 593 1013 648 Omnia
1041 592 1186 645 enim
1234 589 1364 654 hate,
1399 603 1462 641 ac
1504 588 1548 642 si
1576 588 1702 657 quid
1734 587 1878 643 aliud
1913 596 2140 656 uterque

578 685 818 740 mundus
865 681 1258 737 innominabile
1292 681 1512 743 habent,
1553 681 1658 734 illis
1699 681 1877 734 verbis
1910 698 1922 734 :
1951 679 2140 734 Omnia

576 794 667 849 per
714 779 886 846 ipsum
915 775 1060 844 facta
1103 782 1248 836 sunt,
1280 784 1328 825 et
1370 774 1482 825 sine
1524 773 1634 840 ipso
1661 771 1857 840 factum
1908 786 1986 825 est
2013 771 2141 824 nihil

577 869 716 940 quod
759 868 961 936 factum
1015 877 1088 919 est
1117 866 1184 923 η.
1237 863 1623 934 comprehendi
1656 864 1966 918 declaravit.
2002 865 2141 929 Quid

578 960 724 1014 enim
752 959 999 1028 pluribus
1028 954 1361 1025 superfluum
1391 970 1512 1008 esse
1541 962 1775 1022 oportet,
1808 970 1929 1009 cum
1959 955 2142 1009 divino

580 1051 784 1122 Spiritu
820 1049 982 1103 afﬂati
1015 1048 1114 1100 viri
1165 1047 1491 1116 theologiam
1539 1061 1755 1100 onmem
1798 1048 1862 1101 ad
1914 1049 2140 1102 verbum

579 1144 842 1198 divinitus
891 1142 1001 1195 sint
1045 1138 1403 1208 interpretati,
1459 1153 1489 1190 a
1537 1138 1735 1207 quibus
1780 1153 1879 1192 nos
1929 1153 2144 1207 quoque

576 1236 894 1293 catellorum
940 1234 1111 1287 instar
1161 1229 1470 1293 habuimus,
1509 1244 1646 1298 quas
1681 1229 1825 1283 velut
1873 1231 2144 1285 sermonis

578 1329 749 1382 micas
781 1324 1127 1378 inferremus.
1168 1319 1212 1375 O
1246 1320 1515 1390 theologia
1553 1335 1674 1390 qua:
1701 1321 1945 1374 tonitruo
1973 1335 2143 1374 exau-

577 1418 800 1472 tlibilior
840 1414 1052 1470 caelesti
1083 1413 1333 1467 doctrina
1377 1411 1644 1466 insonuit!
1687 1410 1731 1465 0
1759 1412 1983 1475 locutio,
2024 1428 2145 1481 qua:

579 1513 820 1566 velocius
868 1509 1101 1579 fulgetro
1150 1506 1406 1560 universa
1453 1506 1723 1574 pervasit!
1766 1504 2029 1558 Mirabilis
2068 1506 2146 1573 fa-

579 1615 663 1657 cta
705 1611 780 1656 est
835 1601 1054 1655 scientia
1114 1608 1205 1651 tua
1260 1614 1324 1651 ea:
1378 1613 1460 1650 me
1489 1597 1566 1660 ¹³;
1619 1597 1765 1651 dicat
1823 1597 2020 1666 aliquis
2077 1597 2143 1650 ad

576 1695 840 1749 Joannem
873 1692 1028 1763 quasi
1058 1690 1169 1745 Deo
1200 1689 1456 1753 similem,
1489 1688 1582 1759 qui
1621 1698 1776 1742 terrae
1807 1688 2143 1743 latitudinem

577 1788 891 1856 complexus
936 1795 1018 1838 est
1060 1781 1482 1853 praedicatione:
1529 1780 1620 1850 qui
1664 1779 1829 1834 animi
1868 1780 2145 1849 cogitatio-

577 1879 742 1932 nibus
782 1876 834 1930 in
879 1872 1060 1944 abyssi
1101 1869 1381 1940 sapientia:
1406 1869 1654 1937 vestigiis
1687 1866 2021 1931 ambulavit;
2051 1882 2145 1936 per

577 1984 738 2038 quem
785 1977 955 2036 portae
1004 1963 1306 2017 inferorum
1370 1961 1566 2015 divina!
1610 1960 1763 2014 vocis
1808 1958 2147 2028 plenitudine

578 2062 870 2114 destructa:
921 2063 1070 2116 sunt,
1117 2063 1456 2121 exortusque
1501 2059 1585 2105 est
1633 2049 1971 2104 orthodoxire
2019 2048 2143 2104 sol:

579 2165 674 2220 per
712 2163 871 2218 quem
903 2145 1090 2200 mundi
1138 2143 1406 2212 sapientia
1450 2140 1711 2195 infatuata
1749 2152 1853 2205 est,
1888 2141 2147 2210 orbisque

580 2243 715 2294 lines
751 2237 953 2306 impleti
991 2243 1118 2290 sunt
1166 2233 1430 2302 sapientia
1467 2249 1479 2285 :
1511 2232 1826 2287 oratoribus
1867 2247 1930 2286 ac
1969 2233 2146 2301 sophi-

579 2333 678 2387 stis
707 2327 1060 2400 proculcatis,
1087 2323 1317 2380 Joannis
1358 2333 1538 2378 autem
1587 2324 1902 2378 dominante
1937 2324 2146 2380 theolo-

579 2423 688 2492 gia.
731 2419 1116 2475 Verumtamen
1165 2417 1355 2472 nescio
1407 2416 1535 2486 quid
1588 2431 1688 2487 ego
1730 2418 1953 2488 dignum
2002 2418 2145 2472 celsa

581 2513 716 2566 adeo
760 2508 1001 2578 Apostoli
1039 2508 1416 2578 magnitudine
1454 2509 1653 2571 dicam,
1706 2509 1808 2562 nisi
1854 2509 2033 2577 potius
2083 2511 2147 2564 iis

580 2602 770 2656 cedam
800 2602 894 2671 qui
926 2615 1118 2655 sacras
1145 2599 1267 2671 ejus
1309 2599 1500 2655 laudes
1534 2598 1719 2654 divino
1754 2610 1880 2653 ante
1927 2615 2014 2654 me
2053 2615 2147 2654 ore

581 2694 945 2750 celebrarunt.

652 2785 739 2839 10.
781 2787 850 2838 At
884 2798 1012 2838 vero
1045 2783 1172 2853 quid
1198 2782 1329 2836 illud
1365 2781 1668 2851 signiﬁcat?
1695 2781 1849 2836 Iesus
1879 2799 1999 2852 ergo
2029 2799 2146 2835 cum

584 2877 792 2931 vidisset
828 2889 1053 2928 matrem
1109 2883 1155 2927 et
1177 2873 1494 2940 discipulum
1540 2883 1791 2938 stantem,
1821 2891 1971 2943 quem
2017 2874 2147 2927 dili-

582 2968 753 3039 gebat,
803 2967 931 3020 dicit
986 2965 1147 3017 mutri
1190 2964 1588 3028 suw:Mulier,
1643 2981 1757 3018 ecce
1809 2966 1953 3032 ﬁlius
2003 2976 2146 3020 tuus.

582 3056 781 3111 Deinde
822 3055 951 3109 dicit
972 3055 1228 3123 discipulo
1259 3073 1271 3108 :
1304 3052 1434 3108 Ecce
1456 3065 1622 3108 mater
1669 3065 1780 3109 tua.
1829 3052 1897 3108 Et
1937 3071 2000 3108 ea:
2053 3055 2149 3109 illa

2242 591 2352 668 τοῖς
2397 589 2563 659 ἄμφω
2593 591 2816 661 κόσμοις
2839 588 3300 657 ἀκατονόμαστον,
3331 584 3422 637 διὰ
3471 584 3563 637 τοῦ
3613 585 3813 647 εἰπεῖν,

2242 684 2445 737 Πάντα
2474 685 2548 738 δι’
2576 685 2764 739 αὐτοῦ
2804 684 3062 754 ἐγένετο,
3098 682 3199 735 καί
3240 682 3420 749 χωρὶς
3447 679 3640 734 αὑτοῦ
3689 679 3816 750 ἐτέ-

2243 793 2379 831 νετο
2405 777 2586 831 οὐδὲν
2618 777 2649 831 ὃ
2674 777 2942 847 γέγονεν,
2972 774 3368 843 συνεκδοχικῶς
3392 772 3782 842 παρεδήλωσεν
3804 787 3818 803 ⁶

2242 868 2294 920 τί
2325 868 2433 938 γάρ
2455 868 2534 921 δεῖ
2577 869 2735 923 πλέον
2763 869 3137 938 περιττοεπεῖν
3166 870 3278 929 τοῖς
3328 866 3612 934 θεοφόροις
3671 867 3815 920 κατά

2243 961 2387 1026 λέξιν
2434 963 2614 1031 πάσης
2657 963 2755 1030 τῆς
2785 961 3072 1029 θεολογίας·
3103 960 3572 1014 ὲνθεαστικὼτατα
3623 958 3817 1026 ἐξητα-

2247 1055 2486 1125 σμένοις,
2537 1057 2666 1125 παρ’
2699 1049 2773 1108 ὧν
2835 1055 2930 1109 καὶ
2989 1057 3122 1125 ἡμῖν
3158 1057 3270 1118 τοῖς
3331 1052 3592 1116 κυνιδίοις
3650 1054 3815 1107 οἱονεὶ

2243 1146 2508 1219 ψιχιώδης
2535 1145 2861 1217 συνεισφορά
2904 1145 3000 1199 τοῦ
3025 1146 3184 1214 λόγου
3213 1164 3224 1204 :
3255 1147 3318 1198 Ὦ
3346 1144 3625 1212 θεολογίας
3647 1161 3816 1217 γεγω-

2246 1239 2461 1308 νότερον
2489 1237 2717 1308 βροντῆς
2744 1238 3027 1308 ὴχησάσης
3077 1236 3144 1289 τά
3186 1238 3414 1308 οὐράνια
3465 1237 3713 1306 δόγματα
3741 1239 3752 1291 i
3777 1238 3820 1292 ὢ

2246 1330 2632 1401 περιφράσεως
2669 1331 2996 1401 γοργότερον
3021 1330 3305 1398 ἀστραπῆς
3335 1329 3679 1398 ἐπελθούσης
3704 1333 3818 1394 τοῖς

2249 1419 2528 1490 σύμπασιν
2554 1460 2565 1473 .
2610 1419 3067 1488 Ἔθιιυμαστώθη
3086 1420 3122 1485 ἡ
3147 1417 3370 1487 γνῶσίς
3398 1433 3513 1473 σου
3533 1419 3602 1483 ἐξ
3622 1419 3771 1487 ἐμοῦ
3801 1421 3820 1472 !

2246 1513 2340 1565 καὶ
2373 1512 2511 1582 πρὸς
2572 1511 2818 1579 Ἰωάννην
2854 1512 2928 1574 ὡς
2978 1511 3274 1565 θεοείκελον
3321 1511 3527 1579 λεγέτω
3558 1511 3673 1574 πᾶς
3711 1528 3817 1577 τις,

2243 1603 2335 1657 τὸν
2399 1603 2761 1675 περιλαϐόντα
2817 1603 2877 1656 τὸ
2945 1599 3103 1674 εὖρος
3150 1604 3249 1672 τῆς
3282 1603 3373 1655 ὑπ’
3433 1602 3663 1672 obpetva
3708 1607 3820 1668 τοίς

2246 1694 2585 1765 κηρύγμασι,
2630 1695 2720 1748 τὸν
2750 1696 2806 1748 ὲν
2839 1694 3039 1766 ἴχνεσιν
3070 1695 3313 1749 ἀϐύσσου
3355 1694 3546 1762 σοφίας
3580 1693 3822 1765 περιπαὲ

2247 1787 2485 1855 τήσαντα
2529 1788 2640 1847 τοῖς
2687 1784 3067 1855 ἐνθυμήμασιν
3101 1803 3113 1816 ·
3180 1787 3244 1837 δι’
3274 1778 3336 1838 οὗ
3367 1786 3532 1837 πύλαι
3569 1784 3698 1855 ᾷδου
3725 1802 3822 1838 κα-

2246 1881 2547 1949 τήργηνται
2593 1877 2728 1930 Θεοῦ
2757 1877 2940 1946 φωνῆς
2963 1876 3311 1948 πληρώματι,
3354 1877 3452 1931 καὶ
3503 1876 3822 1948 ὀρθοδοξίας

2245 1968 2517 2023 ἀνέτειλεν
2548 1968 2695 2038 ἥλιος
2719 1983 2733 1997 '
2771 1967 2839 2019 δι’
2860 1962 2920 2021 οὗ
2951 1968 2982 2036 ἠ
3020 1965 3114 2019 τοῦ
3141 1967 3346 2036 κόσμου
3374 1967 3534 2035 σοφία
3565 1966 3820 2036 μεμώρα-

2245 2075 2356 2134 ται,
2383 2058 2477 2111 καὶ
2516 2057 2804 2125 θεοσοφίας
2832 2057 3224 2126 ἐμπέπλησται
3252 2057 3320 2110 τὰ
3344 2057 3557 2128 πέρατα
3655 2059 3821 2128 ρητό-

2251 2168 2357 2224 ρων
2383 2152 2476 2203 καὶ
2511 2148 2781 2217 σοφιστῶν
2813 2149 3254 2215 καταποθέντων,
3326 2150 3577 2203 Ἰωάννου
3613 2149 3672 2202 δὲ
3721 2149 3822 2218 τῆς

2247 2241 2526 2310 θεολογίας
2556 2240 2991 2314 βασιλευσάσηςο
3040 2242 3135 2296 καὶ
3180 2242 3281 2295 οὐκ
3328 2237 3475 2295 οίδ’ὅ
3520 2259 3572 2294 τι
3618 2241 3824 2306 λέξεων

2248 2333 2456 2404 είποιμι
2491 2333 2710 2400 ἐπάξιον
2749 2336 2848 2404 τῆς
2879 2333 3272 2403 ὑπερηρμένης
3305 2332 3673 2402 ἀποστολικῆς
3722 2349 3823 2401 με·-

2249 2426 2623 2494 γαλειότητος,
2657 2426 2689 2494 ἠ
2722 2431 2783 2477 τὸ
2809 2424 3210 2494 παραχωρῆσαι
3231 2426 3348 2488 τοῖς
3392 2423 3826 2494 προευφημήσα-

2251 2533 2333 2569 σιν
2393 2516 2554 2569 αὐτὸν
2583 2515 2747 2578 θείοις
2785 2515 3049 2583 στόμασιν
3073 2514 3165 2568 τὸν
3199 2515 3343 2585 ἱερὸν
3368 2516 3612 2568 ἔπαινον.
3648 2527 3654 2536 ·

2323 2788 2372 2834 ι’.
2412 2780 2572 2834 Ἀλλά
2603 2781 2655 2833 τί
2683 2779 2794 2843 tu;
2836 2779 3066 2846 Ἰησοῦς
3093 2773 3213 2832 οὖν.
3253 2776 3395 2830 ἰδὼν
3445 2775 3561 2845 τὴν
3593 2779 3828 2848 μητέρα

2249 2875 2348 2927 καὶ
2380 2875 2486 2926 τὸν
2520 2872 2798 2940 μαθητὴν
2843 2869 3192 2937 παρεστῶτα
3227 2868 3298 2922 ὃν
3318 2868 3542 2938 ἠγάπα,
3565 2868 3728 2940 λέγει
3753 2869 3826 2938 τῇ

2245 2964 2423 3035 μητρὶ
2450 2962 2636 3016 αὑτοῦ
2662 2979 2675 2992 ·
2704 2962 2916 3025 Γύναι,
2947 2959 3081 3013 ἰδοὺ·
3121 2963 3152 3013 ὀ
3175 2960 3306 3026 υἱός
3339 2976 3456 3014 σου
3478 2977 3490 2990 ·
3519 2956 3646 3014 εἶτα
3665 2964 3827 3028 λέγει

2247 3059 2328 3123 τῷ
2350 3053 2585 3127 μαθητῇ
2612 3071 2624 3084 ·
2669 3053 2822 3108 Ἰδοὺ
2859 3054 2897 3119 ἠ
2926 3054 3120 3122 μήτ-ηρ
3160 3070 3276 3108 σου
3300 3070 3313 3083 ·
3341 3054 3437 3106 καί
3476 3054 3574 3108 ἀπ’
3589 3054 3829 3120 ἐκείνης

583 3151 712 3203 liora
772 3150 970 3217 accepit
1005 3164 1123 3201 eam
1162 3147 1447 3214 discipulus
1493 3146 1582 3200 ille
1613 3147 1662 3198 iu
1699 3162 1795 3199 sua
1819 3146 1883 3198 ”.
1924 3145 2147 3216 Alioque

2254 3151 2362 3218 τῆς
2406 3149 2560 3218 ὥρας
2614 3147 2949 3215 παρέλαϐεν
2996 3146 3191 3212 αὐτὴν
3231 3148 3264 3199 ό
3294 3145 3566 3214 μαθητὴς
3595 3141 3830 3208 ἐκεῖνος

583 3255 776 3295 rursus
813 3241 988 3308 capite
1024 3239 1166 3302 :Qui
1220 3247 1268 3290 et
1318 3237 1552 3289 recubuit
1599 3239 1651 3289 in
1689 3245 1833 3289 εοεηα
1871 3253 2026 3304 super
2068 3254 2156 3303 pe-

583 3342 699 3388 ctus
745 3332 883 3400 ejus,
939 3341 987 3384 et
1033 3331 1169 3384 dixit
1209 3329 1502 3393 :Domine,
1551 3330 1668 3397 quis
1727 3339 1802 3382 est
1851 3330 1941 3398 qui
1992 3330 2155 3383 tradit

586 3438 635 3482 te
659 3426 736 3479 ⁸⁸⁸2
796 3425 936 3480 Sunt
1003 3427 1118 3480 hac
1175 3424 1499 3495 peculiarius
1558 3424 1819 3479 attributa
1882 3423 2156 3493 Theologo

587 3519 736 3574 velut
779 3518 983 3573 dotalia
1027 3518 1272 3588 quaadam
1318 3518 1465 3589 regia
1505 3534 1729 3572 munera
1752 3534 1778 3582 ς.
1809 3525 1869 3572 ut
1910 3518 2153 3587 inquam,

586 3626 698 3680 prae
726 3610 1008 3680 discipulis
1033 3609 1281 3678 reliquis,
1312 3623 1376 3662 ac
1403 3608 1685 3678 privilegio
1714 3624 1743 3662 a
1775 3607 1904 3663 Jesu
1928 3609 2156 3664 dilectus

588 3702 785 3768 fuerit;
814 3711 983 3770 utque
1015 3716 1176 3770 super
1205 3701 1559 3770 purissimum
1602 3703 1914 3756 recubuerit
1935 3714 2152 3772 pectus;

585 3810 650 3850 ac
690 3794 910 3850 demum
955 3803 1015 3847 ut
1045 3792 1138 3848 Dei
1174 3791 1472 3848 Genitricis
1523 3793 1667 3847 ﬁlius
1714 3795 1785 3849 sit
1827 3797 2152 3864 appellatus.

585 3887 760 3952 Quam
799 3885 903 3939 tria
940 3885 1053 3939 haec
1095 3884 1402 3938 tremenda!
1445 3893 1504 3938 ut
1546 3884 1774 3939 alterum
1818 3886 1973 3940 alteri
2019 3901 2156 3956 pra:-

585 3977 764 4042 cellat,
815 3992 878 4030 ac
925 3976 1176 4046 quodque
1219 3991 1406 4030 eorum
1459 3976 1603 4030 velut
1643 3976 1994 4045 singulariter
2041 3979 2154 4032 exi-

587 4068 778 4134 mium,
811 4068 917 4122 mei
966 4069 1135 4123 animi
1188 4085 1408 4126 sensum
1450 4070 1500 4123 in
1534 4079 1811 4139 stuporem
1855 4080 1996 4141 agat.
2041 4071 2154 4125 An-

585 4161 744 4213 llrcas
783 4159 993 4228 primus
1033 4159 1173 4212 inter
1216 4159 1514 4228 discipulos
1563 4174 1815 4224 vocatus;
1872 4175 1972 4214 nec
2024 4161 2153 4214 dum

587 4261 769 4304 tamen
799 4265 856 4305 se
878 4248 1006 4304 Jesu
1035 4250 1289 4305 dilectum
1315 4252 1603 4320 appellavit
1636 4252 1775 4306 sicut
1807 4252 1929 4307 iste.
1963 4251 2156 4308 Petrus

585 4341 955 4405 apostolorum
991 4341 1278 4411 princeps;
1329 4344 1480 4413 atqui
1531 4358 1633 4397 nec
1677 4343 1792 4412 ipse
1819 4345 2156 4414 appellatio-

589 4447 710 4488 nem
751 4433 1018 4504 ejusmodi
1047 4444 1377 4490 consecutus
1405 4445 1505 4490 est.
1542 4436 1724 4491 Deitas
1763 4437 1832 4491 ab
1858 4437 2156 4492 affectioni~

2256 3243 2342 3306 εἰς
2370 3242 2439 3294 τὰ
2468 3239 2613 3292 ἴδια·
2647 3238 2738 3291 καὶ
2779 3239 2835 3290 ἐν
2874 3238 3045 3308 ἑτέρῳ
3097 3236 3259 3289 πάλιν
3283 3253 3295 3265 ·
3332 3239 3437 3302 “Oc
3483 3238 3578 3290 καί
3616 3237 3827 3292 ἀνέπε-

2255 3349 2367 3386 σεν
2399 3334 2468 3386 ἐν
2495 3332 2574 3396 τῷ
2603 3331 2826 3394 δείπνῳ
2873 3331 2972 3384 ἐπὶ
2998 3331 3062 3384 τὸ
3103 3328 3327 3398 στῆθος
3358 3329 3568 3395 αὑτοῦ,
3614 3330 3717 3384 καὶ
3753 3327 3833 3385 εἷ·-

2255 3440 2368 3479 πεν
2391 3443 2404 3455 ο
2432 3427 2627 3495 Κύριε,
2659 3425 2750 3491 τίς
2797 3425 2968 3478 ἐστιν
3028 3427 3061 3478 ό
3085 3421 3451 3490 παραδιδούς
3494 3440 3611 3489 σε;
3644 3426 3830 3478 Ταῦτα

2256 3517 2678 3590 ἀποκληρωτικέι
2731 3517 2920 3588 ὥσπερ
2962 3519 3084 3570 τινά
3127 3517 3249 3570 ἕδνα
3307 3516 3549 3585 βασίλεια
3603 3518 3683 3587 τῷ
3715 3518 3832 3572 θεο-

2255 3610 2418 3682 λόγῳ,
2470 3612 2614 3683 φημὶ
2642 3610 2704 3680 δὴ
2734 3610 2795 3662 τὸ
2836 3611 2955 3663 κατ’
3005 3609 3200 3678 ἐξοχὴν
3239 3605 3390 3675 παρὰ
3438 3607 3565 3671 τοὺς
3609 3609 3833 3670 λοιποὺς

2261 3703 2504 3773 μαθητὰς
2546 3701 2650 3755 ὑπὸ
2697 3701 2869 3770 Ἰησοῦ
2900 3699 3215 3767 ἀγαπᾶσθαι
3243 3714 3254 3726 ·
3285 3698 3318 3767 ἦ
3349 3714 3407 3750 τε
3455 3694 3666 3750 ἐπὶτοῦ
3701 3699 3835 3767 ἀκηο

2259 3797 2422 3862 ράτου
2477 3793 2704 3863 στήθους
2751 3792 3086 3850 ὲπίπτωσις·
3121 3789 3254 3858 πρὸς
3287 3789 3366 3858 τῷ
3410 3789 3501 3842 καὶ
3527 3788 3644 3842 υίὺν
3674 3790 3831 3859 εἰρῆ-

2258 3888 2381 3941 σθαι
2425 3887 2520 3955 τῆς
2571 3886 2910 3955 Θεομήτορος
2935 3900 2947 3913 ·
2977 3883 3052 3946 ὡς
3088 3883 3294 3952 φοϐερά
3336 3881 3405 3934 τά
3434 3882 3577 3952 τρία,
3606 3881 3834 3959 θάτερον

2257 3980 2481 4049 θατέρου
2519 3978 2970 4049 ὑπεραιρόμενον,
3004 3978 3099 4030 καὶ
3125 3977 3354 4028 ἕκαστον
3380 3974 3566 4041 ἴλιγγά
3595 3992 3683 4044 μοι
3739 3977 3835 4042 φέ-

2259 4090 2348 4143 ρον
2381 4074 2650 4142 νοήματος
2674 4071 2748 4132 ti);
2788 4069 3210 4139 ὲξαισιώμενον·
3265 4068 3516 4137 Ἀνδρέας
3560 4069 3617 4119 ἐν
3651 4068 3830 4137 μαοη-

2256 4167 2375 4227 ταῖς
2404 4163 2811 4234 πρωτόκλητος,
2842 4161 2955 4214 ἀλλ’
2979 4160 3134 4214 οὔπω
3159 4160 3443 4230 ἀγαπητὸν
3496 4160 3670 4228 Ἰησοῦ
3701 4161 3834 4213 ὲαυ..

2256 4255 2346 4306 τὸν
2373 4252 2659 4318 ὠνόμακεν
2689 4251 2761 4314 ὡς
2795 4245 2950 4315 οὗτος
2974 4266 2987 4281 ο
3031 4250 3233 4320 Πέτρος
3284 4249 3684 4318 πρωτόθρονος,
3715 4249 3839 4321 ἀλλ’,

2257 4345 2364 4397 οὐδ’
2396 4345 2555 4406 αὐτὸς
2587 4343 2687 4412 τῆς
2721 4343 2979 4412 τοιαύτης
3013 4341 3382 4412 προσηγορίας
3405 4339 3726 4410 τετύχηκεν.
3762 4341 3836 4394 Τὸ

2260 4436 2401 4488 θεῖον
2433 4435 2640 4499 ἀπαθές
2667 4451 2678 4464 ·
2713 4434 2945 4504 Χριστὸς
2977 4433 3033 4497 ἐξ
3072 4432 3187 4483 ἴσου
3213 4431 3386 4484 ἅπασι
3431 4431 3532 4500 τὴν
3576 4434 3674 4501 τῆς
3700 4433 3836 4499 ὀιγά-

596 4530 698 4582 bus
724 4529 981 4584 immunis
1010 4538 1112 4584 est.
1135 4529 1389 4584 Christus
1429 4544 1495 4584 ex
1535 4547 1691 4601 aequo
1719 4532 1991 4587 universis
2021 4532 2147 4586 dile-

2265 4545 2374 4596 πης
2418 4529 2611 4580 ἀκτῖνα
2670 4527 2894 4596 ἀφίησιν
2921 4543 2934 4555 ·
2965 4524 3138 4587 ἄλλως
3193 4541 3253 4576 τε
3299 4525 3347 4576 εί
3389 4524 3594 4594 Πέτρος
3649 4524 3856 4580 πλεῖον.

591 4620 790 4674 ctionis
839 4620 1050 4674 radium
1089 4621 1352 4675 immittit.
1399 4620 1664 4675 Praeterea
1702 4640 1712 4673 :
1744 4621 2010 4687 siquidem
2055 4621 2153 4677 Pe-

590 4721 705 4767 trus
762 4714 885 4781 plus
948 4712 1202 4768 omnibus
1254 4721 1438 4778 amat,
1503 4719 1563 4767 ut
1625 4712 1739 4780 ipse
1790 4714 2151 4783 interrogatus

586 4803 872 4858 confessus
914 4804 1080 4867 est",
1108 4803 1468 4874 Christusque
1509 4804 1908 4859 confessionem
1953 4806 2150 4860 confir-

583 4893 782 4958 mavit,
833 4895 972 4947 trina
1030 4893 1116 4947 illa
1176 4895 1602 4965 interrogatione
1645 4911 1706 4949 ac
1757 4897 2144 4965 responsione;

580 4983 806 5053 ejusque
833 4984 1200 5039 confessionis
1229 4986 1474 5054 pragmio,
1502 5001 1700 5041 munus
1723 4987 1859 5040 alios
1888 4989 2145 5057 pascendi

581 5076 821 5145 accepit;
853 5076 972 5144 plus
1019 5075 1250 5130 fortasse
1295 5079 1456 5130 etiam
1492 5076 1677 5131 debuit
1724 5079 2027 5144 redamari;
2065 5097 2148 5133 re-

579 5168 718 5221 flexo
755 5181 981 5220 munere
1020 5181 1084 5220 ac
1125 5168 1422 5236 reciproco.
1466 5166 1731 5222 Existimo
1769 5182 1947 5222 autem
1985 5170 2148 5238 virgi-

579 5258 766 5313 nitatis
820 5259 1197 5312 excellentiam
1259 5261 1310 5312 in
1359 5276 1524 5315 causa
1574 5260 1762 5315 fuisse.
1817 5261 1960 5314 Cui?
2008 5260 2144 5327 Quia

577 5349 860 5410 nimirum,
893 5349 1106 5403 tametsi
1140 5349 1278 5404 lucis
1309 5351 1492 5406 radius
1518 5351 1687 5420 a’quis
1714 5351 2056 5420 portionibus
2088 5354 2140 5406 in

579 5443 669 5495 illa
721 5443 940 5510 specula
992 5441 1261 5495 incidebat
1304 5445 1453 5511 (naui
1508 5459 1699 5498 omnes
1745 5445 1971 5512 apostoli
2027 5447 2144 5515 puri

578 5542 749 5599 erant,
792 5542 849 5587 ut
892 5534 968 5586 ait
1015 5533 1428 5603 Scriptura”);
1484 5535 1550 5588 ob
1598 5536 1923 5606 virginitatis
1965 5546 2144 5592 tamen

649 5763 690 5793 ⁸³
714 5759 855 5816 Psal.
883 5776 1145 5824 cxxxvnt,
1187 5762 1239 5813 6.

1321 5761 1361 5791 ¹⁴
1383 5760 1540 5814 Juan.
1578 5777 1690 5822 xu,
1720 5758 1807 5822 26,
1833 5758 1924 5814 ‘27.
2007 5760 2047 5790 "
2077 5758 2232 5813 Joan.
2266 5777 2384 5824 xui,
2415 5763 2504 5815 9.5.

2261 4620 2451 4690 ἀγαπᾷ
2478 4620 2732 4672 ἁπάντων
2761 4619 2834 4682 ὠς
2863 4618 3156 4689 ἐρωτηθεὶς
3203 4616 3574 4687 ὡμολόγησεν,
3609 4618 3703 4669 καὶ
3737 4617 3833 4688 τὴν

2258 4709 2549 4780 ὁμολογίαν
2611 4709 2846 4779 Χριστὸς
2919 4707 3284 4769 ἐϐεϐαίωσεν,
3327 4706 3416 4759 διὰ
3459 4706 3554 4776 τῆς
3601 4708 3834 4777 τρισσῆς

2260 4801 2506 4864 πεύσεώς
2538 4818 2595 4854 τε
2629 4802 2724 4854 καλ⁵
2753 4799 3117 4869 ἀποκρίσεως,
3147 4793 3215 4868 ἦς
3244 4801 3444 4868 προῖκα
3479 4799 3571 4850 καὶ
3619 4798 3679 4851 τδ
3706 4801 3833 4862 τοὺς

2256 4893 2447 4956 ἄλλους
2488 4892 2798 4962 ποιμαίνειν
2841 4892 3082 4961 εἴληφεν,
3134 4890 3227 4943 καὶ
3273 4890 3690 4958 ἀνταγαπᾶσθαι
3736 4909 3830 4944 τυ-

2256 4985 2349 5055 χὸν
2404 4985 2586 5037 πλεῖον
2626 4983 2876 5052 ὤφειλεν,
2919 4982 3206 5054 καμπύλον
3250 4982 3310 5034 τὸ
3339 4980 3538 5053 λῆμμα
3562 4999 3575 5012 '
3619 4986 3712 5035 καί
3742 5001 3830 5052 μοι

2252 5077 2401 5129 δοκεί
2438 5076 2498 5128 τὸ
2529 5075 2626 5145 τῆς
2669 5075 2968 5146 παρθενίας
3015 5075 3201 5145 χρῆμα
3247 5069 3386 5126 εἶναι
3431 5072 3633 5126 αἴτιον·
3671 5073 3826 5137 πῶςς

2252 5169 2334 5221 ὅτι
2387 5170 2434 5221 εἰ
2482 5169 2575 5221 καὶ
2621 5169 2705 5221 ἐπ’
2739 5167 2862 5239 ἴσης
2913 5167 3008 5221 τοῦ
3062 5168 3236 5236 φωτὸς
3281 5166 3486 5236 won;
3534 5168 3646 5229 τοῖς
3699 5184 3830 5220 κατ-

2253 5261 2495 5330 όπτροις,
2541 5260 2772 5330 ἐπείπερ
2820 5261 3024 5323 πάντες
3068 5259 3317 5329 καθαροὶ,
3338 5259 3411 5320 ὼς
3435 5261 3464 5312 ὁ
3496 5259 3690 5327 Λόγος,
3715 5260 3829 5313 ἀλλ’

2252 5358 2398 5425 ὅμως
2426 5359 2492 5426 τῇ
2523 5357 2622 5426 τῆς
2654 5355 2953 5426 παρθενίας
2999 5355 3209 5424 στίλψει
3264 5355 3624 5427 διειδέστερον
3653 5355 3713 5408 ὲν
3754 5356 3831 5425 τῷ

2253 5450 2332 5501 ἐνὶ
2359 5450 2508 5520 παρά
2538 5450 2665 5512 τοὺς
2695 5449 2988 5520 ὁμοταγεῖς
3027 5449 3224 5524 ὲνίεται
3249 5465 3264 5480 ⁸
3299 5451 3348 5501 εἰ
3383 5450 3476 5502 καὶ
3525 5449 3830 5520 παράδοξός

2251 5557 2368 5602 πως
2400 5541 2428 5592 ὁ
2461 5540 2616 5610 λόγος
2643 5558 2654 5570 ·
2685 5540 2777 5592 καὶ
2812 5540 2970 5594 τοῦτό
3011 5541 3126 5594 ἐστι
3178 5540 3356 5594 πλεῖον
3387 5543 3466 5603 είς
3495 5541 3740 5610 ἀγάπην,
3772 5541 3831 5592 τὸ

2586 5760 2808 5816 "Joan.
2846 5779 2956 5827 ut,
2994 5762 3073 5816 15.
3157 5759 3376 5816 "Joan.
3408 5777 3496 5825 xv,
3530 5762 3585 5816 3.
