4018 6304
227 337 328 401 ’185

1053 333 1336 394 ORATIO
1361 333 1466 394 IX.
1499 355 1567 368 -
1597 333 1981 395 LAUDATIO
2019 334 2079 395 S.
2107 334 2428 396 JOANNIS
2466 337 2734 398 EVANG.

3385 340 3490 402 786

229 451 340 517 φῶς
393 449 582 503 πλεῖον
634 448 979 520 λαμπρύνειν
1019 448 1110 501 τὸν
1151 448 1513 520 διειδέστερον
1546 449 1802 519 μέτοχον’

1909 450 2146 505 nitorem
2198 451 2254 505 in
2293 467 2461 505 unum
2510 467 2622 522 pra:
2663 451 2888 522 collegis
2922 452 3046 508 aliis
3079 453 3373 510 dilucidior
3409 458 3490 512 fe-

223 540 272 592 εί
321 540 381 593 δὲ
425 541 507 594 ὅτι
559 540 721 593 πλέον
772 539 959 610 ἀγαπᾷ
999 538 1206 607 Πέτρος
1249 539 1600 608 προΐσταται,
1630 538 1807 592 ἐκεῖνό

227 646 316 698 μοι
343 631 560 701 ῥητέον,
587 631 669 684 ὃτι
703 630 764 683 ού
796 629 857 682 τὸ
881 631 1192 701 πλησιάσαν
1227 629 1386 698 σῶμα
1414 629 1490 700 τῷ
1513 631 1652 698 φωτὶ
1676 630 1809 700 μᾶλ-

225 723 313 775 λον
364 722 694 791 φωτίζεται,
723 722 836 776 ἀλλ’
869 722 898 775 ὃ
927 723 1027 792 τὴν
1078 721 1240 789 φύσιν
1284 721 1672 792 διειδεστέραν,
1705 723 1807 776 κᾶν

223 813 323 867 οὐκ
352 813 539 882 ἔγγιον
562 814 860 884 κέκτηταν
897 815 945 866 εί
975 812 1031 865 δέ
1066 829 1147 865 σοι
1169 815 1197 865 6
1228 812 1385 882 λόγος
1419 813 1651 883 ἀσθενὴς
1679 814 1807 882 φαί-

226 922 368 958 νοιτο
402 905 508 970 ἔτι,
540 908 568 959 6
600 906 780 976 βαλὼν
808 907 902 960 καί
933 905 1164 960 ίάσεται.
1213 903 1498 958 Ἐντεῦθεν
1528 906 1560 975 ή
1586 907 1810 978 ἐπιστή-

227 997 341 1061 θιος
386 997 772 1068 πρόσπτωσις·
800 996 846 1049 ὣ
888 999 983 1050 τοῦ
1016 997 1327 1068 ἀξιώματος
1355 999 1368 1052 !
1402 997 1470 1051 τά
1519 996 1804 1068 χερουϐὶμ,

227 1091 364 1144 Θεοῦ
415 1091 622 1162 ὄχημα,
672 1091 768 1145 καὶ
806 1091 1062 1161 Ἰωάννης
1109 1090 1451 1162 ὲπιστέρνιον
1491 1089 1802 1160 ἀνάκλιμα’

227 1181 470 1249 Μωῦσῆς
503 1180 657 1250 μόλις
685 1179 796 1232 ἴδεν
819 1177 956 1233 Θεοῦ
979 1177 1046 1236 τά
1077 1177 1300 1230 ὀπίσθια
1331 1177 1424 1230 καὶ
1451 1175 1626 1230 ταῦτα
1647 1177 1803 1244 αίτη-

228 1276 498 1346 σάμενοςο
551 1275 645 1328 καὶ
687 1273 942 1344 Ἰωάννης
991 1272 1430 1346 αὐτεπάγγελτος
1475 1269 1806 1342 ἐπίπροσθεν

227 1343 485 1440 περιφὺς,
529 1368 623 1421 καὶ
678 1343 1010 1420 πυνθάνεται
1051 1343 1238 1419 ἐκεῖνα
1279 1363 1481 1434 δηλαδὴ
1526 1361 1564 1416 ἃ
1601 1361 1809 1431 Πέτρος

225 1465 252 1515 6
280 1463 578 1532 κορυφαῖος
605 1459 904 1532 θαρρήσειν
933 1459 1034 1513 οὐκ
1071 1459 1320 1528 ῆνεγκεν,
1346 1457 1471 1521 δοὺς
1523 1454 1701 1525 ἐαυτῷ
1741 1453 1810 1508 τὰ

224 1555 499 1625 δευτέρια,
534 1555 602 1624 τῇ
658 1553 738 1616 είς
779 1553 1036 1623 Ἰωάννην
1088 1553 1421 1622 προτιμήσει
1446 1566 1460 1582 ο
1489 1549 1809 1619 ἀμφοτέρας

224 1645 324 1708 τάς
352 1644 586 1715 θεωρίας
622 1642 912 1709 ἐξετάζων,
933 1644 1121 1713 γνοίης
1153 1639 1265 1695 οἷον
1299 1643 1393 1695 καὶ
1420 1639 1605 1712 ἡλίκον
1627 1639 1686 1692 τὸ
1705 1640 1810 1692 ὑπ-

225 1737 475 1809 εροχικδν
510 1737 759 1792 Ἰωάννου
777 1737 997 1807 ἀξίωμα
1018 1753 1030 1767 ·
1062 1733 1311 1788 ἐντεῦθέν
1336 1751 1425 1804 μοι
1446 1735 1594 1787 δοκεῖ
1618 1733 1808 1799 ὥσπερ

1909 543 2153 598 rebatur.
2191 543 2510 613 Quanquam
2565 559 2767 599 novum
2823 545 3036 600 videtur
3075 547 3219 616 quod
3266 549 3486 606 dicitur.

1908 637 2084 705 Atque
2131 636 2235 692 hoc
2292 636 2467 704 majus
2522 636 2729 706 aliquid
2786 638 2852 690 ad
2905 637 3254 694 dilectionem
3303 641 3485 706 habet,

1910 724 2057 793 quod
2106 724 2368 778 nimirum
2411 725 2636 781 nitidius
2678 741 2877 796 corpus
2919 743 2984 783 ac
3037 731 3212 800 magis
3262 732 3490 800 pelluci-

1911 814 2063 879 dum,
2095 814 2302 870 lumine
2351 815 2522 884 magis
2551 815 2878 870 illustretur.
2913 816 3070 883 Quod
3105 818 3150 872 si
3182 816 3380 873 Petrus
3424 835 3488 875 ea

1910 906 2146 970 ratione,
2177 907 2324 976 quod
2367 907 2490 976 plus
2539 919 2704 973 amet,
2738 906 3043 977 praefertur,
3089 909 3195 964 hoc
3234 910 3366 964 mihi
3396 925 3490 964 oc-

1911 997 2089 1051 currit
2117 998 2453 1053 dicendum:
2493 997 2611 1054 Non
2650 1014 2716 1054 eo
2770 1015 2968 1069 corpus
3011 1000 3206 1070 majori
3236 999 3489 1071 perfundi

1910 1091 2136 1156 lumine,
2170 1107 2280 1161 quo
2311 1091 2505 1146 lumini
2546 1093 2909 1164 propinquius
2943 1102 3047 1160 est,
3094 1093 3188 1148 sed
3234 1110 3346 1164 quo
3379 1109 3490 1147 rna-

1907 1183 2028 1253 jore
2072 1182 2252 1238 nitore
2301 1192 2495 1253 suapte
2540 1195 2735 1238 natura
2785 1185 2974 1253 pollet,
3021 1200 3333 1255 quanquam
3383 1201 3489 1238 non

1909 1273 2276 1343 propinquius
2311 1275 2529 1329 existat.
2570 1273 2726 1339 Quod
2771 1275 2817 1329 si
2856 1275 2944 1329 hic
2981 1289 3162 1330 sermo
3200 1276 3298 1330 tibi
3339 1276 3490 1330 infir-

1912 1380 2036 1419 mus
2083 1365 2380 1431 videbitur,
2427 1382 2550 1437 qua:
2600 1383 2795 1423 manus
2831 1368 3033 1425 vulnus
3072 1369 3286 1436 inﬂixit,
3335 1386 3396 1424 ea
3435 1381 3491 1426 et

1911 1458 2147 1512 sanabit.
2185 1456 2314 1513 lnde
2342 1470 2426 1514 est
2459 1470 2519 1512 ut
2569 1460 2884 1516 recubuerit
2926 1477 3088 1531 super
3116 1472 3307 1532 pectus
3336 1462 3488 1518 Jesu.

1910 1545 1955 1601 Ο
2013 1547 2296 1618 dignitatis
2357 1552 2768 1618 praestantiam!
2820 1551 3151 1619 Cherubim,
3220 1553 3314 1608 Dei
3362 1564 3492 1610 sunt

1909 1637 2256 1706 vehiculum;
2317 1650 2372 1695 at
2415 1640 2656 1697 Joannes
2722 1659 2888 1713 super
2929 1654 3118 1714 pectus
3174 1647 3487 1701 reclinatur.

1910 1728 2012 1784 Vix
2046 1730 2262 1803 Moyses
2296 1734 2387 1788 Dei
2420 1736 2729 1804 posteriora
2757 1737 2910 1801 vidit,
2948 1739 3111 1808 idque
3153 1755 3278 1793 eum
3307 1739 3492 1794 videre

223 1832 334 1884 ἀπό
361 1847 510 1894 τινος
540 1833 788 1900 πηγαίας
811 1829 956 1899 ζωῆς
984 1828 1053 1881 τά
1099 1827 1368 1897 θεόὸρυτα
1394 1825 1557 1879 αὐτὸν
1583 1825 1680 1895 τῆς
1714 1841 1804 1878 σο-

1911 1833 2198 1894 rogasset;
2234 1834 2288 1878 at
2323 1825 2564 1884 Joannes
2609 1829 2776 1895 ultro,
2825 1846 2886 1884 ac
2930 1831 3048 1900 ipso
3091 1832 3354 1886 invitante
3389 1832 3491 1886 Do-

224 1923 353 1992 φίας
389 1922 702 1993 ἀρύσασθαι
741 1921 982 1990 νάματα,
1014 1921 1123 1973 κάκ
1168 1918 1374 1972 τούτων
1406 1920 1472 1972 ὲκ
1502 1918 1600 1989 τῆς
1633 1915 1808 1987 ἐμψύ-

225 2031 319 2084 χου
367 2015 578 2078 κοιλίας
620 2015 745 2077 τοὺς
793 2013 1074 2083 ποταμοὺς
1114 2012 1217 2082 τῆς
1257 2010 1539 2078 θεολογίας
1588 2011 1807 2079 ρυἲσκεο

225 2105 379 2159 σθαι·
412 2107 528 2161 ἀλλ’
563 2107 658 2160 ἐπὶ
685 2107 773 2160 τὸν
805 2105 1036 2176 σταυρὸν
1063 2105 1310 2175 μετιτέον
1343 2105 1476 2174 (27).

1914 1916 2086 1978 mino,
2117 1918 2318 1985 pectori
2353 1917 2567 1973 haerens
2597 1928 2760 1987 atque
2788 1923 3131 1990 complexus.
3165 1937 3226 1976 ea
3263 1924 3493 1978 interro-

1911 2015 2021 2077 gat,
2055 2023 2178 2077 quae
2203 2023 2303 2062 nec
2333 2007 2529 2064 Petrus
2555 2013 2932 2080 apostolorum
2962 2013 3214 2083 princeps
3251 2014 3491 2070 interro-

1913 2114 2041 2169 gare
2091 2100 2384 2167 sustinuit;
2437 2118 2547 2174 qua
2615 2104 2720 2159 sibi
2777 2105 2894 2174 ipse
2951 2106 3164 2161 ratione
3221 2106 3490 2162 Joannem

226 2195 398 2250 voluit
429 2197 738 2268 praelatum.
774 2194 1054 2264 Siquidem
1097 2194 1287 2249 ambas
1331 2190 1803 2249 considerationes
1840 2189 2022 2242 animo
2086 2188 2438 2258 expenderis,
2473 2191 2616 2246 scies
2672 2202 2878 2262 quanta
2905 2208 2970 2248 ac
3001 2193 3180 2264 qualis
3208 2195 3281 2250 sit
3311 2195 3490 2249 excel-

221 2275 387 2345 lentia
436 2289 719 2360 dignitatis
795 2286 1045 2343 Joannis.
1104 2286 1242 2342 llinc
1281 2296 1540 2357 tanquam
1593 2299 1625 2340 e
1676 2283 1822 2338 fonte
1883 2280 2118 2351 quodam
2161 2282 2307 2346 vitae,
2377 2283 2553 2352 ipsum
2594 2284 2856 2340 divinitus
2906 2288 3267 2344 scaturrientes
3295 2288 3491 2344 latices

224 2382 478 2438 hausisse
529 2381 786 2437 existimo
836 2398 850 2434 :

222 2473 379 2528 nobis
415 2471 748 2526 redeundum
780 2483 884 2528 est.

295 2565 385 2621 ια’.
434 2565 604 2627 Ἰδοὺ,
629 2567 813 2635 φησιν,
839 2569 872 2621 6
913 2571 1039 2633 υιός
1076 2583 1193 2622 σου
1217 2581 1232 2596 ⁸
1262 2561 1390 2619 εἶτα
1437 2561 1517 2627 τῷ
1539 2557 1799 2631 μαθητῇ.

233 2658 394 2714 Ἰδοὺ
428 2659 465 2726 ἡ
484 2657 683 2726 μήτηρ
705 2674 840 2714 σου.
869 2659 1042 2714 Βαόαὶ
1062 2657 1153 2712 τοῦ
1183 2657 1505 2726 δωρήματος
1529 2656 1541 2708 ι
1567 2653 1658 2706 τὸν
1679 2650 1800 2705 δοῦ-

218 2752 332 2816 λον,
369 2749 472 2819 τῆς
493 2750 791 2821 Δεσποίνης
824 2750 912 2803 διά
937 2749 1254 2819 περιουσίας
1288 2745 1661 2817 καθαρότητος
1686 2742 1800 2795 υἱὸν

221 2840 634 2912 ἀκουτισθῆναι,
685 2842 778 2894 καὶ
819 2841 1034 2911 φύλακα
1087 2837 1543 2911 προχειρισθῆναι
1578 2834 1672 2888 τοῦ
1704 2834 1800 2907 τῆς

221 2933 366 3002 ζωῆς
409 2932 923 3004 θησαυροφυλακίου
997 2935 1025 2986 6
1068 2934 1169 3002 μὲν
1208 2931 1528 3001 ἀφίσταται,
1563 2929 1652 2982 διά
1691 2928 1798 2981 πά-

221 3023 368 3087 θους.
399 3023 503 3094 τῆς
529 3023 756 3089 ἀπαθῶς
792 3022 1060 3094 τεκούσης
1080 3037 1096 3054 ·
1124 3024 1152 3077 6
1189 3022 1244 3075 δὲ
1275 3022 1478 3091 ταύτην
1527 3019 1803 3090 ὑπηρετη-

220 3115 390 3180 τικὼς
429 3117 698 3188 λαμϐάνει
729 3117 807 3179 είς
839 3115 906 3170 τὰ
925 3115 1032 3168 ἴδια
1059 3130 1072 3145 ·
1101 3117 1131 3168 6
1164 3114 1433 3186 παρθένος
1455 3113 1554 3183 τὴν
1585 3108 1800 3180 Παρθέ-

221 3227 309 3261 νον
335 3224 349 3239 ·
381 3209 443 3263 τὸ
475 3209 664 3280 κλῆμα
693 3209 792 3279 τὴν
831 3208 1241 3277 ἀμπελοτόκονο
1273 3209 1302 3260 6
1335 3203 1675 3274 στρατιώτης
1702 3201 1802 3273 τὴν

901 2381 1135 2451 indeque
1191 2396 1255 2434 ex
1310 2380 1550 2436 animato
1610 2384 1797 2432 ventre
1870 2373 2158 2444 theologia;
2206 2374 2428 2432 flumina
2480 2377 2824 2448 progignere.
2907 2377 3104 2434 Verum
3151 2379 3219 2436 ad
3269 2395 3490 2437 crucem

1984 2556 2072 2610 Η.
2117 2555 2271 2623 Ecce,
2319 2557 2515 2628 inquit,
2553 2559 2699 2629 [ilius
2738 2570 2878 2615 tuus.
2931 2559 3136 2617 Deinde
3180 2563 3440 2632 discipulo

1914 2644 2051 2700 Ecce
2089 2656 2258 2700 mater
2300 2659 2412 2702 tua.
2442 2651 2622 2720 Papze,
2653 2663 2920 2722 quantum
2952 2656 3179 2710 munus!
3218 2655 3288 2710 Ut
3328 2657 3492 2710 nimi-

1914 2752 2034 2792 rum
2087 2753 2280 2793 servus
2334 2739 2406 2795 ob
2449 2742 2798 2797 excellentem
2847 2745 3196 2812 munditiam,
3245 2744 3490 2801 Dominae

1915 2828 2060 2885 ﬁlius
2099 2832 2439 2899 appelletur;
2463 2848 2530 2887 ac
2569 2834 2688 2903 ejus
2710 2851 2833 2904 quae
2862 2837 2986 2891 vita:
3017 2837 3259 2892 thesauri
3299 2846 3490 2894 custos

1914 2919 2125 2988 fuisset,
2180 2932 2366 2978 custos
2417 2926 2803 2981 constituatur.
2855 2927 2948 2982 Ille
2999 2928 3216 2998 quidem
3263 2929 3489 2994 recedit,

1910 3028 2006 3082 per
2048 3017 2361 3083 passionem
2409 3018 2477 3072 ab
2527 3033 2590 3072 ea
2645 3033 2768 3088 quae
2821 3019 2939 3074 sine
2993 3022 3251 3090 passione
3302 3023 3355 3078 id
3409 3032 3492 3078 est

1911 3107 2078 3162 illaesa
2107 3110 2417 3178 integritate
2442 3111 2682 3179 peperit;
2716 3112 2805 3166 hic
2837 3119 3017 3168 autem
3048 3113 3287 3170 ministri
3314 3130 3487 3182 more,

1913 3200 1967 3254 in
2029 3215 2128 3255 sua
2184 3215 2305 3254 eam
2359 3203 2606 3271 accipit:
2642 3205 2904 3259 nimirum
2968 3204 3133 3275 Virgo
3187 3207 3487 3277 virginem,

221 3299 472 3368 βασιλίδα
497 3316 510 3329 °
549 3303 579 3354 6
626 3300 876 3367 θεολόγος
920 3301 1018 3371 τῆν
1061 3300 1359 3354 Θεοτόκονο
1385 3300 1414 3350 ὁ
1445 3295 1585 3350 κατά
1641 3294 1802 3366 χάριν

1907 3291 2116 3360 palmes
2139 3290 2426 3346 fecundam
2463 3294 2650 3360 vitem,
2683 3295 2841 3350 miles
2884 3297 3153 3366 reginam,
3202 3298 3490 3370 theologus

221 3392 516 3461 θεάδελφος
553 3393 650 3462 τὴν
674 3390 817 3444 κατὰ
841 3393 1004 3460 φύσιν
1039 3391 1343 3463 μητρόθεον
1371 3407 1384 3420 ·
1417 3391 1492 3443 ἴδε
1513 3390 1610 3460 τὴν
1629 3390 1804 3459 ἁρμο-

219 3486 342 3539 νίαν
373 3487 475 3556 τῆς
507 3484 842 3554 καταλλήλου
874 3486 1147 3556 κλήσεως,
1173 3486 1267 3538 καὶ
1310 3483 1671 3553 ύπεραίνεσον
1704 3483 1803 3550 τὴν

223 3576 518 3647 σύμϐασιν.
548 3571 674 3647 ’Ἆρ’
717 3577 779 3629 ού
832 3577 990 3631 τοῦτο
1051 3578 1211 3647 μόνον
1254 3578 1432 3629 πᾶσαν
1485 3572 1804 3645 ἀποκρύψαι

221 3666 530 3737 ὑπερϐολὴν
562 3667 841 3737 ὲγκωμίου
905 3667 984 3738 τῷ
1027 3665 1260 3736 θεολόγῳ
1322 3666 1607 3737 πάρεστιν,
1639 3669 1800 3734 ἀμοι-

225 3759 410 3830 ροῦντι
435 3758 537 3828 τῆς
563 3760 784 3814 οίασοῦν
818 3760 986 3829 ἀλλης
1031 3760 1329 3825 αίνέσεωςς
1365 3761 1413 3812 εί
1445 3759 1501 3812 δὲ
1536 3758 1674 3826 μετά
1702 3756 1802 3826 τῆς

221 3850 328 3905 τῶν
352 3851 736 3922 προλαϐόντων
767 3851 1072 3923 ὑπερϐολῆς
1121 3853 1216 3904 καὶ
1257 3853 1328 3905 τά
1355 3853 1640 3920 φθάσαντα
1674 3866 1800 3903 συν-

221 3941 512 4012 αστράψοι,
544 3947 627 4006 τίς
657 3945 724 3998 ἂν
763 3942 1020 4013 δυνηθείη
1067 3943 1385 4012 ἀντωπῆναι
1425 3943 1520 3996 τοῦ
1550 3942 1716 4013 ὕψους
1741 3942 1802 3996 τὸ

221 4033 688 4101 ἀναντίὸλεπτονς
737 4035 882 4087 οὕτω
922 4034 1213 4105 τοιγαροῦν
1272 4034 1655 4104 ύπερανεστώς
1686 4035 1801 4087 ἐστι

222 4126 408 4198 πάσης
451 4126 554 4197 τῆς
596 4129 654 4180 ὲν
691 4127 875 4195 λόγοις
908 4127 1361 4197 ἐγκωμιαστικῆς
1395 4125 1702 4196 δυνάμεως,
1726 4126 1802 4189 ὡς

225 4219 388 4285 μόνου
419 4220 555 4274 Θεοῦ
587 4217 726 4273 εἶναι
769 4221 977 4272 ἐκεῖνον
1027 4218 1446 4287 ἐπαινέσασθαι,
1475 4221 1525 4272 εί
1555 4221 1650 4273 καὶ
1676 4219 1800 4272 τολ-

227 4311 400 4382 μηρὸν
441 4314 620 4366 εἰπεῖν
646 4351 662 4377 ,
700 4312 832 4381 παρ’
861 4305 923 4365 οὗ
964 4312 1056 4365 καὶ
1095 4312 1381 4376 πλεονάζει
1439 4313 1537 4383 τὴν
1571 4313 1756 4383 ἔφεσιν
1784 4327 1799 4342 ·

224 4404 312 4472 ὑφ’
350 4399 412 4458 οὗ
443 4404 541 4458 καὶ
596 4403 665 4457 τά
697 4402 948 4474 ἐγκώμια
1000 4405 1280 4470 ἔστεπται,
1322 4403 1437 4473 φῶς
1477 4405 1570 4459 καὶ
1602 4404 1798 4474 βροντὴ

223 4495 316 4549 καὶ
363 4495 435 4552 τὰ
482 4494 732 4548 τοιαῦτα.
778 4498 1324 4568 προσαγορευόμενος
1351 4512 1362 4526 ’
1395 4496 1511 4550 ἀλλ’
1565 4496 1799 4566 ἐπείπερ

222 4586 398 4640 ταῦτα
438 4586 638 4649 οὕτως,
683 4587 780 4639 καὶ
819 4586 993 4658 πέρας
1024 4588 1248 4659 είληφεν
1279 4589 1312 4658 ἡ
1342 4589 1618 4660 ἀκήρατος
1643 4587 1799 4642 ἀνθοι
1835 4627 1874 4681 D

223 4679 400 4747 λογία,
435 4680 558 4732 καθ’
591 4680 715 4732 ὅσον
741 4681 962 4748 ἐφικτὸν
1000 4682 1131 4752 ἡμῖν
1159 4680 1455 4752 δρέψασθαι
1489 4683 1599 4743 τοῖς
1641 4697 1798 4733 πενο-

223 4770 423 4839 λόγοις,
447 4770 607 4841 δεῦρο
626 4771 721 4825 καὶ
741 4773 902 4843 ήμεϊς
935 4774 994 4825 ἐν
1015 4773 1226 4834 τούτοις
1250 4770 1801 4841 συγκαταπαύσωμεν

222 4878 310 4914 τον
334 4862 511 4931 λόγον,
539 4866 757 4933 μικροῖς
791 4863 1004 4933 μεγάλα
1027 4863 1360 4933 ἀμείψαντες
1378 4878 1393 4894 ο
1424 4864 1602 4915 έκεῖνο
1633 4879 1799 4932 προσ-

222 4953 406 5016 θέντες
437 4959 549 5017 τοῖς
572 4954 910 5024 είρημένοις,
942 4954 1017 5018 ὡς
1065 4955 1126 5008 οὐ
1158 4954 1353 5025 μικρὸν
1392 4954 1459 5007 ἂν
1498 4953 1584 5024 εἴη
1632 4955 1800 5025 γέρας

222 5045 373 5116 αύτῴ
420 5047 503 5110 εἰς
551 5047 866 5118 φιλοτιμίαν
914 5049 1008 5101 καὶ
1055 5049 1092 5118 ἡ
1129 5047 1546 5118 φρικωδεστάτη
1587 5048 1796 5100 ἀποκά-

223 5137 401 5207 λυψις,
425 5137 492 5209 ῆν
525 5141 582 5190 ὲν
599 5139 808 5210 Πάτμῳ
841 5139 1212 5210 περιορισθεὶς
1240 5138 1328 5191 διά
1352 5140 1442 5190 τὸν
1472 5137 1628 5206 λόγον
1649 5140 1802 5207 παρά

223 5231 313 5284 τοῦ
347 5231 599 5302 τηνικάδε
629 5231 1179 5303 κρατοῦντος,θεόθεν
1207 5230 1438 5304 μυηθεὶς
1463 5230 1760 5284 ἐκδέδωκεν
1783 5248 1796 5262 ·

226 5323 316 5378 καὶ
356 5323 517 5378 τοῦτο
568 5327 633 5377 ὲκ
685 5322 1032 5393 πλεονασμοῦ
1080 5323 1178 5392 τῆς
1239 5323 1459 5392 ἀγάπης
1512 5321 1800 5392 ἰδιαίρετον

226 5415 374 5487 παρά
403 5416 530 5481 τοὺς
558 5415 782 5479 λοιποὺς
808 5415 1046 5488 εἰληφώς
1068 5431 1081 5444 ·
1108 5415 1242 5484 φασὶ
1263 5414 1320 5466 δὲ
1345 5413 1506 5467 αὺτὸν
1540 5413 1677 5482 μετά
1704 5413 1801 5474 τὰς

229 5496 378 5578 ἱερὰς
401 5506 618 5570 ὲκείνας
655 5506 939 5578 περιόδους
975 5505 1070 5559 καὶ
1108 5507 1208 5576 τὴν
1256 5503 1618 5574 εὐαγγελικὴν
1643 5504 1800 5574 περί-

227 5597 384 5668 ληψιν
411 5598 522 5652 τῶν
551 5599 826 5670 περάτων,
850 5591 952 5652 ὧδέ
983 5615 1085 5651 που
1119 5598 1283 5668 μέσον
1313 5598 1393 5660 είς
1416 5595 1802 5665 τὴνἈσιὰτιδα

227 5689 408 5762 χθόνα,
435 5692 494 5743 ἐν
583 5693 677 5745 καὶ
709 5691 802 5745 τὸν
839 5690 1147 5746 διδακτικὸν
1190 5689 1378 5761 θρόνον
1420 5688 1622 5758 μᾶλλον
1667 5688 1802 5741 καθ·

1910 3383 2192 3452 Deiparam
2218 3403 2230 3438 :
2257 3382 2350 3438 Dei
2395 3383 2561 3438 frater
2600 3401 2697 3456 per
2735 3389 2964 3458 gratiam
3000 3430 3013 3454 ,
3066 3389 3181 3443 Dei'
3209 3401 3490 3460 parentem

1907 3491 2002 3545 per
2046 3487 2320 3532 naturam.
2356 3477 2488 3535 Vide
2521 3481 2901 3535 convenientis
2942 3483 3326 3552 appellationis
3357 3500 3490 3539 con-

1907 3570 2253 3635 sonantiam,
2309 3586 2373 3625 ac
2429 3588 2593 3640 supra
2648 3575 2866 3628 modum
2919 3577 3077 3628 lauda
3131 3592 3482 3633 coocursum.

1857 3669 1866 3680 ’
1906 3659 2098 3716 Nonne
2133 3663 2214 3716 vel
2248 3663 2352 3716 hoc
2381 3680 2549 3717 unum
2595 3668 2731 3718 satis
2767 3655 2868 3730 isit,
2906 3676 2965 3720 ut
3005 3668 3337 3726 laudationis
3370 3688 3491 3725 om-

1909 3769 2028 3807 nem
2072 3755 2471 3820 excellentiam,
2520 3771 2628 3825 qua
2669 3758 2795 3827 quis
2835 3759 3151 3832 theologum
3189 3778 3488 3831 prosequa-

1905 3853 1994 3897 tur
2043 3843 2324 3909 obscuret,
2374 3847 2593 3902 tametsi
2642 3848 2785 3902 desit
2833 3849 2939 3904 alia
2977 3851 3158 3906 omnis
3208 3851 3487 3907 laudatio?

1907 3936 2004 3991 Sin
2048 3945 2229 3989 autem
2281 3949 2407 3988 cum
2457 3951 2646 3990 eorum
2685 3953 2808 4008 quae
2856 3941 3111 4010 superius
3161 3940 3304 3995 dicta
3361 3954 3491 3996 sunt

1905 4031 2267 4095 sublimitate,
2306 4033 2468 4086 etiam
2519 4034 2766 4102 proxima
2809 4035 3132 4100 collueeant,
3174 4036 3299 4106 quis
3334 4037 3489 4092 inae-

1903 4139 2118 4178 cessam
2152 4124 2292 4180 visui
2323 4125 2668 4180 altitudinem
2701 4127 2874 4195 possit
2917 4127 3158 4182 intueri?
3187 4126 3280 4183 Sic
3305 4129 3490 4199 itaque

1905 4217 2153 4284 superior
2189 4226 2270 4270 est
2297 4217 2445 4269 omni
2488 4217 2746 4273 lacullate
2777 4218 3058 4286 laudandi,
3091 4230 3153 4276 ut
3191 4221 3364 4277 solius
3395 4220 3488 4276 Dei

1902 4309 2383 4365 commendatione
2421 4311 2704 4366 ornandus
2733 4312 2803 4366 sit
2831 4313 3169 4383 (quanquam
3204 4314 3310 4372 hoc
3339 4306 3488 4370 vide-

1904 4412 1993 4456 tur
2021 4403 2287 4460 audacius
2312 4405 2480 4471 dici);
2523 4423 2551 4459 a
2580 4421 2690 4475 quo
2725 4406 2890 4460 etiam
2927 4408 3134 4463 amoris
3172 4408 3485 4478 illamprae.

1906 4497 2206 4567 rogativam
2257 4497 2500 4561 obtinet;
2548 4513 2578 4551 a
2624 4513 2734 4567 quo
2783 4505 2838 4552 et
2884 4500 3142 4555 laudibus
3191 4510 3486 4556 coronatus

1905 4600 2008 4653 est,
2038 4589 2175 4642 lueis
2199 4589 2287 4642 illa
2315 4589 2696 4657 appellatione,
2719 4592 3078 4660 t0nitrnique,
3105 4607 3167 4646 ac
3198 4594 3482 4647 similium.

1903 4677 2039 4731 Cum
2073 4679 2186 4732 limc
2230 4688 2408 4731 autem
2457 4679 2528 4733 ita
2564 4695 2620 4733 se
2653 4681 2906 4746 habeant,
2951 4691 3006 4735 et
3052 4691 3338 4751 postquam
3369 4684 3484 4737 sin-

1903 4785 2028 4824 cera
2058 4770 2252 4824 [lorum
2287 4772 2564 4840 decerptio
2590 4772 2749 4826 linem
2779 4774 3008 4842 accepit,
3037 4783 3300 4842 quantum
3329 4776 3486 4829 nobis

1905 4874 2002 4927 pro
2041 4863 2188 4913 tenui
2229 4859 2484 4914 facultate
2515 4861 2730 4916 «licendi
2759 4861 3051 4930 decerpere
3087 4863 3259 4925 licuit,
3297 4878 3396 4934 age
3429 4876 3484 4919 et

1905 4965 2006 5002 nos
2039 4950 2090 5002 in
2123 4950 2206 5003 his
2235 4965 2578 5019 peroremus,
2616 4953 2825 5005 minora
2869 4953 3224 5020 rependentes
3259 4955 3482 5022 majori-

1910 5042 2012 5095 bus
2046 5059 2058 5094 :
2092 5041 2195 5095 hoc
2224 5043 2488 5095 duntaxat
2523 5043 2784 5097 addentes
2825 5043 2891 5096 iis
2916 5059 3038 5111 quae
3073 5045 3333 5110 diximus,
3374 5062 3480 5101 non

1909 5134 2201 5188 minimum
2229 5148 2348 5188 esse
2367 5132 2563 5188 Joanni
2595 5135 2659 5188 ad
2691 5135 3150 5205 magnificentiam
3177 5138 3483 5205 praemium,

1910 5226 2057 5280 illam
2107 5243 2268 5296 quam
2320 5228 2372 5278 in
2427 5226 2616 5279 Patino
2674 5226 3162 5281 liorrendissimam
3222 5227 3488 5298 Apocaly-

1909 5320 2070 5388 psim,
2101 5318 2232 5372 dum
2271 5333 2336 5372 eo
2366 5317 2417 5371 in
2452 5320 2573 5372 loco
2615 5317 3021 5388 praedicationis
3058 5334 3226 5372 causa
3267 5321 3482 5374 exsula-

1910 5421 1993 5466 ret
2040 5412 2161 5482 ejus
2191 5413 2412 5466 decreto
2458 5412 2552 5480 qui
2601 5423 2730 5465 tunc
2776 5414 2959 5464 rerum
3004 5411 3333 5480 potiebatur,
3373 5411 3482 5467 Deo

1909 5503 2134 5555 docente
2182 5501 2388 5555 edidit:
2423 5503 2526 5554 hoc
2556 5515 2773 5570 quoque
2821 5500 2892 5554 ob
2937 5501 3245 5554 dilectionis
3281 5515 3485 5569 praero.

1910 5595 2145 5664 gativam
2172 5593 2433 5664 singulari
2467 5608 2574 5661 prae
2611 5593 2734 5647 aliis
2762 5591 3023 5660 apostolis
3061 5606 3284 5646 munere
3313 5591 3484 5645 dona-

1914 5695 2018 5740 tus.
2064 5687 2228 5741 Aiunt
2272 5695 2451 5740 autem
2484 5700 2629 5747 eum.
2665 5694 2784 5756 post
2816 5699 3004 5740 sacros
3038 5685 3160 5740 illos
3195 5684 3485 5748 circuitus,

295 5802 405 5872 (‘27l
439 5803 530 5859 Sic
554 5803 715 5858 etiam
748 5803 801 5858 in
829 5817 1082 5859 sermone
1118 5802 1263 5857 edito
1310 5803 1374 5856 de
1417 5815 1576 5856 cruce
1614 5798 1798 5855 Theod

1910 5816 1934 5855 s
1963 5817 1975 5854 :
2010 5799 2133 5854 Ἐπὶ
2167 5801 2220 5854 δὲ
2261 5799 2351 5854 τὸν
2385 5799 2614 5872 σταυρδν
2645 5800 2878 5854 ὲπιτέον.
