4018 6304
548 349 654 414 787
1743 354 1803 413 S.
1844 353 2235 417 THEODORI
2266 357 2617 420 STUDIT/E
3707 361 3815 424 788

550 469 715 532 atque
744 461 1110 532 evangelieam
1156 463 1623 537 praedicationem,
1671 483 1777 539 qua
1811 470 1965 525 orbis
1992 472 2128 528 lines

2248 472 2526 544 ιδρύσατο,
2557 471 2619 527 τὸ
2660 472 2806 543 ἱερὸν
2852 471 3017 528 αὐτοῦ
3065 471 3227 542 σῶμα
3275 469 3576 525 ἀποθέσθαι
3602 487 3619 502 ·
3651 490 3834 545 ταφην

551 561 872 627 complexus
912 564 1019 618 est.
1047 557 1282 627 quodam
1312 558 1458 614 Asiae
1498 560 1618 616 loco
1658 571 1993 627 manentem,
2029 564 2122 620 ubi

2248 565 2344 634 μὲν
2374 564 2517 619 κατά
2544 564 2716 619 τόπον
2762 564 2996 620 θανάτου
3022 604 3038 631 ,
3068 561 3347 635 μεταστὰς
3385 562 3446 616 δὲ
3480 562 3625 633 ὑπὲρ
3667 563 3834 633 φύσιν

549 646 824 716 ριέιλοίριιθ
876 646 1059 701 sedem
1112 648 1415 719 magisterii
1465 651 1853 717 collocaverat,
1904 668 2125 709 sacrum

2248 656 2588 729 ἀνθρωπίνην
2605 659 2743 729 (28),
2768 659 2857 713 ἵνα
2877 659 2980 712 κάν
3001 656 3179 727 τούτῳ
3201 655 3399 727 δοξάσῃ
3419 655 3555 720 Θεὸς
3579 655 3676 709 τὸν
3708 657 3838 711 ἑαυ-

552 750 715 793 suum
750 753 949 807 corpus
974 738 1297 809 deposuisse
1321 759 1336 795 :
1364 750 1419 796 et
1456 743 1766 811 sepulcrum
1795 744 2011 813 quidem
2040 760 2131 814 po-

2248 748 2335 802 τοῦ
2362 750 2599 822 ἐραστὴν
2632 751 2776 823 μάλα
2802 768 2816 783 ο
2845 750 2983 805 ἀλλά
3008 750 3070 804 τὸ
3111 749 3212 821 μὶν
3242 749 3403 818 σῶμα
3437 748 3496 803 ἐν
3526 748 3743 814 τούτοις
3775 751 3835 804 τὸ

553 827 719 883 situm
777 827 950 884 fuisse
998 830 1155 898 quasi
1208 831 1404 886 mortis
1450 840 1667 902 typum;
1715 833 1893 904 ipsum
1946 842 2145 891 tamen.

2248 840 2481 911 καθαρὸν
2512 843 2610 896 καὶ
2635 843 2837 906 εὐῶδες
2887 844 2986 896 καὶ
3013 841 3082 895 τά
3122 842 3400 912 στίγματα
3444 840 3541 895 τοῦ
3587 839 3836 913 Χριστοῦ

555 933 722 989 supra
764 930 971 973 natura:
1000 921 1252 976 humanae
1293 922 1663 979 conditionem
1694 926 2037 985 translatum.
2075 934 2137 981 ut

2248 930 2416 1000 φέρον
2444 946 2457 960 ·
2488 935 2557 1003 τῇ
2583 933 2639 986 δὲ
2673 933 2822 1004 ψυχῇ
2858 931 2993 1003 οὔσῃ
3032 931 3108 996 ὼς
3156 928 3380 1001 άληθῶς
3416 928 3569 999 ήλίου
3600 946 3835 998 φωτοει-

558 1012 661 1067 hac
691 1026 909 1083 quoque
937 1012 1154 1068 ratione
1194 1015 1493 1085 prmeipuas
1524 1014 1667 1073 Deus
1701 1018 1925 1072 honoris
1955 1025 2137 1087 partes

2248 1022 2506 1094 δεστέρᾳ,
2530 1024 2778 1089 ἀναπτάς
2811 1023 2921 1077 τῶν
2968 1022 3182 1078 ἐνθένδε
3222 1021 3489 1093 ἀγγελικῇ
3528 1021 3834 1094 δορυφορίᾳ

557 1102 791 1158 amatori
825 1117 928 1159 suo
959 1102 1195 1160 deferret
1257 1103 1325 1158 Et
1356 1120 1558 1176 corpus
1598 1106 1815 1177 quidem
1850 1108 1933 1164 sic
1980 1108 2138 1163 habi-

2248 1112 2330 1175 εἱς
2364 1112 2680 1169 ἐκεῖνοντὸν
2733 1116 2912 1188 χῶρον
2964 1114 3296 1187 μετελήλυθε
3337 1114 3433 1167 τὸν
3479 1114 3638 1185 αὐτῷ
3694 1114 3832 1184 πρέ-

557 1203 669 1248 tum
703 1202 807 1259 est,
842 1208 1039 1263 purum
1068 1195 1197 1250 illud
1226 1210 1289 1250 ac
1318 1211 1487 1252 suave
1517 1197 1787 1267 fragrans,
1816 1198 2132 1270 Christique

2248 1198 2435 1255 ποντα
2469 1203 2572 1275 τῆς
2633 1205 2876 1277 ἀρρήτου
2952 1205 3047 1259 καὶ
3111 1200 3502 1274 πρωτοφανοῦς
3564 1200 3831 1271 ἀγαλλιά-

556 1285 811 1355 stigmata
859 1301 1057 1355 gerens
1133 1287 1317 1342 anima
1362 1298 1565 1357 autem,
1609 1306 1731 1360 qua:
1760 1290 1902 1345 lueis
1950 1289 2137 1361 splen-
2243 1310 2407 1359 σεως.

557 1377 783 1435 doribus
810 1394 998 1435 revera
1021 1380 1190 1436 solem
1231 1384 1542 1452 superabat,
1574 1384 1644 1439 ab
1693 1385 1944 1441 humanis
1979 1387 2223 1455 evolans,
2260 1392 2597 1460 stipantibus
2630 1393 2945 1465 angelorum
2983 1392 3188 1456 choris,
3220 1390 3285 1445 ad
3350 1391 3531 1445 locum
3586 1388 3831 1444 transiit.

560 1475 653 1545 qui
706 1474 880 1544 ipsam
937 1477 1187 1539 decebat,
1255 1478 1643 1536 inenarrabilis
1669 1480 1818 1537 illius
1848 1482 2121 1552 primique
2158 1498 2223 1537 ac
2253 1483 2622 1544 lucentissimi
2652 1489 2861 1559 gaudii.

630 1569 720 1625 12.
778 1569 884 1624 Sed
938 1585 975 1625 0
1021 1570 1373 1638 beatissime,
1434 1582 1624 1644 terque
1676 1576 2019 1643 beatissime,
2074 1593 2137 1633 ac

2311 1580 2400 1651 ιβ’.
2444 1578 2653 1637 Ἀλλ’ἆ)
2704 1584 3115 1657 μακαριώτατε,
3156 1584 3250 1639 καὶ
3285 1582 3830 1655 τρισμακαριώτατε,

558 1675 786 1732 prorsus
816 1661 1130 1717 beatissime
1168 1660 1405 1721 Joannes
1435 1684 1448 1720 :
1478 1681 1675 1737 magne
1708 1666 1984 1739 Evangelii
2033 1670 2139 1736 sol,

555 1754 702 1823 jngis
747 1754 1031 1823 theologia).
1079 1757 1377 1825 scaturigo,
1420 1758 1715 1828 apostolice
1762 1776 1934 1825 rame,
1980 1760 2143 1816 Petro

560 1850 805 1913 eoinpar,
855 1855 909 1900 tu
947 1862 1045 1901 nos
1074 1846 1143 1901 de
1187 1848 1342 1904 caelis
1391 1847 1627 1921 benigne
1671 1850 1905 1907 intuere.
1948 1850 2141 1907 Viden'

560 1951 725 2005 quam
749 1938 822 1991 sit
849 1938 1022 1993 tristis
1045 1940 1237 1993 horum
1264 1940 1584 1995 inferiorum
1617 1942 1830 1999 facies?
1857 1941 2142 1999 Destructa

562 2040 691 2083 sunt
731 2029 929 2084 altaria
972 2031 1220 2099 angustis
1256 2031 1567 2087 simulacris
1592 2042 1895 2089 coronata:
1928 2035 2143 2091 ablatus

561 2127 649 2176 est
673 2136 955 2176 sacrorum
982 2123 1305 2192 templorum
1335 2126 1499 2180 decor
1527 2144 1540 2180 ι
1568 2124 1776 2181 Christi
1803 2128 1979 2198 imago
2004 2128 2143 2181 ludi-
2216 2144 2217 2151 η

560 2212 683 2267 brio
723 2214 908 2268 habita
949 2224 1032 2269 est
1069 2224 1123 2270 et
1153 2215 1218 2269 ad
1256 2216 1486 2272 nihilum
1534 2218 1754 2274 redacta
1789 2219 1842 2272 in
1890 2220 2140 2285 urbibus,

559 2306 701 2373 ruri,
749 2307 935 2362 domi:
966 2309 1191 2378 insuper
1243 2310 1407 2363 etiam
1463 2310 1732 2380 Deiparae,
1785 2327 1850 2367 ac
1897 2311 2143 2381 cujusvis

561 2397 703 2453 alius
747 2401 824 2453 tui
862 2399 1147 2463 similium,
1193 2411 1287 2455 aut
1319 2402 1482 2455 etiam
1525 2411 1577 2457 te
1623 2402 1918 2467 minorum,
1972 2419 2001 2461 a
2031 2403 2142 2460 Deo

561 2488 870 2544 amatorum
912 2489 1160 2546 Patrum.
1206 2490 1474 2548 Luctuosa
1521 2493 1727 2550 omnia.
1764 2495 1997 2549 Assume
2040 2492 2143 2547 Pe-

564 2590 733 2646 trum,
784 2597 999 2653 unaque
1039 2580 1303 2637 Jacohum
1362 2600 1615 2641 assumas
1673 2600 1951 2657 rogamus.
2008 2583 2144 2639 Tres

561 2688 687 2738 vos,
724 2673 927 2731 Christi
964 2674 1195 2730 comites
1224 2674 1457 2741 assidui,
1496 2692 1619 2730 cum
1656 2686 1740 2731 est
1783 2678 2137 2747 transﬁgura-

564 2776 678 2830 tus,
705 2782 828 2823 cum
868 2767 1127 2837 pleraque
1166 2767 1430 2822 miracula
1463 2768 1669 2833 ederet,
1698 2783 1822 2823 cum
1866 2768 1919 2821 in
1948 2768 2143 2839 agonia

565 2874 759 2930 preces
793 2858 1067 2924 funderet,
1101 2860 1251 2916 velut
1273 2859 1388 2929 jam
1426 2859 1653 2931 collegis
1694 2860 1819 2916 aliis
1858 2875 1923 2915 ac
1951 2860 2142 2915 condi-

566 2952 792 3023 scipulis
837 2954 1015 3025 magis
1060 2953 1357 3025 spiritales,
1390 2968 1453 3007 ac
1495 2929 1678 3008 divina
1712 2953 1893 3019 docti;
1944 2953 2051 3023 ipsi
2092 2929 2215 3007 etC

566 3045 737 3101 modo
753 3061 878 3101 eum
910 3045 1069 3100 beata
1095 3060 1290 3100 novem
1315 3044 1591 3100 sociorum
1624 3052 1865 3110 caterva,
1897 3053 2145 3101 sanetam

569 3136 733 3192 nobis
789 3134 1113 3191 Trinitatem
1167 3136 1458 3205 prepitiam
1509 3134 1739 3199 reddite.
1785 3143 1848 3189 ut
1893 3134 2148 3191 Christus

570 3227 818 3298 iniquum
848 3227 952 3283 hoc
997 3242 1145 3283 mare
1173 3228 1446 3297 increpet,
1484 3235 1543 3283 ut
1574 3226 1848 3296 quondam
1879 3228 2150 3299 increpuit

569 3320 712 3388 apud
756 3317 1138 3385 Tiberiadem;
1174 3317 1592 3390 tranquillitate,
1626 3332 1748 3388 quae
1783 3333 1973 3388 pacem
2011 3332 2151 3388 prae—

571 3419 700 3474 stet,
734 3409 979 3465 vicissim
1005 3412 1326 3478 exoriente;
1355 3421 1416 3466 ut
1458 3427 1587 3468 suas
1628 3411 1744 3481 ipse
1772 3410 2055 3473 ecclesias,
2095 3410 2149 3465 in

571 3502 858 3573 antiquam
907 3500 1055 3555 illam
1100 3509 1155 3555 et
1180 3500 1484 3571 jucundam
1516 3499 1857 3556 orthodoxia:
1899 3509 2153 3554 venusta-

573 3602 687 3649 tem
733 3594 979 3648 reducat.
1009 3590 1091 3647 Tu
1143 3608 1273 3648 vero
1320 3593 1451 3648 mihi
1492 3592 1808 3659 temerario,
1854 3592 1937 3645 vir
1971 3593 2147 3659 beate,

574 3687 843 3759 propitius
874 3695 1016 3752 esto,
1054 3686 1145 3757 qui
1174 3686 1481 3751 debuerim,
1516 3694 1574 3740 at
1616 3700 1723 3741 non
1764 3684 2098 3739 laudaverim
2136 3701 2149 3737 :

575 3782 671 3836 sed
719 3790 773 3836 et
822 3795 915 3835 eos
964 3780 1246 3850 suscipere
1286 3779 1548 3849 digneris,
1599 3778 1694 3849 qui
1740 3778 2003 3849 templum
2052 3778 2152 3832 hoc

574 3888 739 3947 quam
785 3880 977 3927 ornate
1015 3881 1122 3925 tam
1168 3881 1490 3940 sumptuose
1528 3870 1627 3923 tibi
1652 3876 2062 3931 exstruxerunt,
2096 3868 2151 3923 in

574 3979 686 4036 quo
735 3973 790 4020 et
842 3964 1026 4034 plures
1077 3964 1129 4017 in
1187 3962 1494 4026 vestibulis,
1540 3961 1936 4017 monachorum
1979 3975 2150 4025 more,

578 4072 807 4127 corpora
846 4072 942 4112 sua
988 4056 1343 4126 reliquerunt,
1402 4066 1457 4110 ut
1508 4055 1595 4110 hic
1635 4055 1823 4125 positi,
1869 4053 2154 4125 splendido

575 4152 901 4221 caelestique
931 4151 1284 4207 tabernaculo
1312 4161 1405 4206 tuo
1444 4151 1899 4217 advolverentur;
1946 4162 1998 4207 te
2032 4161 2153 4206 tan—

577 4253 694 4299 tum
729 4243 915 4300 videre
939 4252 1213 4312 optantes.
1247 4260 1371 4299 cum
1410 4245 1666 4298 universo
1706 4259 1889 4314 grege,
1934 4260 2034 4313 pro
2066 4244 2148 4298 di-

577 4334 800 4403 gnitatis
836 4347 1114 4396 mensura,
1147 4343 1413 4402 quantum
1445 4333 1512 4385 iis
1548 4346 1875 4387 concessum
1906 4342 2010 4394 est,
2053 4334 2144 4401 qui

578 4441 611 4480 e
640 4434 786 4480 terra
825 4424 879 4478 in
917 4422 1090 4479 solem
1116 4423 1295 4493 ipsum
1333 4423 1649 4493 aspiciunt:
1681 4424 1732 4476 in
1770 4422 1990 4479 Christo
2021 4423 2146 4480 Jesu

578 4516 810 4570 Domino
840 4525 1049 4580 nostro,
1077 4530 1241 4585 quem
1262 4515 1419 4571 decet
1444 4515 1623 4567 omnis
1649 4514 1845 4585 gloria,
1874 4516 2070 4580 honor,
2096 4526 2153 4571 et

578 4606 845 4670 adoratio,
897 4621 1023 4662 cum
1067 4605 1229 4661 Patre
1268 4618 1331 4661 ac
1383 4618 1574 4660 sancto
1610 4606 1840 4675 Spiritu,
1896 4624 2044 4664 nunc
2096 4618 2150 4663 et

581 4698 817 4772 semper,
841 4710 897 4755 et
925 4700 977 4754 in
1009 4700 1210 4755 saecula
1225 4699 1575 4756 saeculorum.
1604 4698 1796 4754 Amen.

2242 1674 2337 1728 καὶ
2386 1676 2901 1746 παμμακαριώτατε
2935 1678 3179 1747 Ἰωάννη,
3207 1678 3238 1730 ὁ
3270 1676 3444 1747 μέγας
3465 1672 3558 1727 τοῦ
3585 1673 3831 1741 Em?!"

2228 1769 2358 1824 Mou
2407 1770 2581 1841 ἥλιος,
2610 1774 2639 1826 ὁ
2670 1772 2846 1846 βρυὴρ
2883 1774 2984 1844 τῆς
3033 1774 3315 1843 θεολογίας
3361 1774 3391 1827 ὁ
3434 1771 3684 1835 ἀένναοςζ
3722 1770 3832 1823 τιῖιν

2243 1864 2557 1918 ἀποστόλων
2596 1866 2859 1938 ἁκρέμων
2899 1866 3035 1936 (20),
3085 1866 3345 1935 ίσόπετρε
3394 1864 3530 1937 ('50),
3559 1865 3626 1917 σὺ
3679 1863 3831 1933 ἡμᾶς

2242 1956 2535 2027 οὐρανόθεν
2584 1956 2830 2026 εὐμενῶς
2874 1957 3047 2023 ἔπιδε,
3077 1946 3208 2027 ὅσης
3246 1946 3317 2027 τά
3360 1949 3463 2009 ὦδε
3492 1953 3824 2025 κατηφείας,

2243 2047 2543 2116 ἠφάνισται
2574 2046 2940 2119 θυσιαστήρια
2963 2047 3274 2117 ὲστεμμένα
3295 2045 3463 2109 θείοις
3486 2045 3627 2113 ἀγάλ
3635 2061 3825 2114 μασιν,

2243 2139 2528 2210 ἀφῄρηται
2548 2138 2694 2193 ναῶν
2728 2139 2891 2210 ἱερῶν
2936 2138 3245 2210 εὐπρέπεια
3270 2155 3284 2170 ·
3310 2139 3344 2208 ἡ
3380 2136 3545 2190 εἰκὼν
3590 2136 3829 2207 Χριστοῦ

2244 2232 2609 2303 καθύϐρισται
2630 2249 2643 2263 ο
2673 2231 3027 2297 ἐξουδένωται
3054 2233 3149 2285 καὶ
3172 2234 3231 2285 ὲν
3272 2231 3488 2284 πόλεσιν
3516 2229 3612 2282 καὶ
3635 2229 3693 2281 ὲν
3724 2225 3832 2298 χὼ-

2245 2344 2369 2399 ραις
2429 2328 2523 2381 καὶ
2561 2328 2682 2380 κατ’
2730 2328 2915 2388 οίκους
2941 2337 2956 2356 '
2993 2327 3129 2395 πρὸς
3171 2326 3228 2379 δὲ
3272 2327 3369 2378 καὶ
3414 2324 3513 2394 τῆς
3553 2322 3828 2391 Θεομὴτο-

2249 2436 2339 2488 ρος
2379 2419 2512 2489 (3i),
2543 2420 2639 2471 καὶ
2684 2412 2747 2471 οὐ
2793 2434 2940 2479 τινος
2979 2413 3073 2470 οὖν
3121 2417 3283 2471 ἄλλου
3330 2415 3438 2468 τῶν
3484 2409 3596 2476 οἷος
3628 2414 3693 2465 σὺ
3734 2411 3831 2466 καὶ

2248 2508 2416 2578 μείων
2445 2507 2538 2561 σοῦ
2570 2508 2864 2577 θεοφόρων.
2918 2505 3185 2578 Ὀδυρμοῦ
3215 2507 3283 2558 τὰ
3303 2506 3504 2558 πάντα.
3546 2502 3698 2558 Λάϐε
3721 2501 3828 2556 [Ιὲ-

2245 2615 2395 2668 τρον,
2423 2596 2824 2669 συμπαράλαδε
2866 2594 3145 2659 Ἰάκωϐον,
3169 2593 3403 2664 δεόμεθα
3426 2608 3438 2619 ·
3473 2592 3524 2645 οἱ
3555 2592 3703 2661 τρεῖς
3742 2589 3831 2643 ἀεὶ

2245 2688 2468 2761 Χριστῷ
2492 2689 2889 2761 συμπάρεδροι,
2924 2703 3281 2759 μεταμορφου
3291 2684 3458 2755 μένῳ,
3483 2684 3829 2750 θαυματουρο

2245 2781 2432 2849 γοῦντι
2452 2780 2522 2834 τὰ
2549 2781 2742 2843 πολλὰ,
2766 2780 3092 2849 ἀγωνιῶντι,
3137 2775 3561 2848 προσευχομένη)
3586 2791 3600 2804 ·
3627 2774 3701 2837 ὡς
3728 2773 3831 2844 ήδη

2246 2873 2356 2928 τῶν
2384 2873 2687 2945 ὁμοχώρων
2724 2870 3144 2943 μυστικώτεροι,
3178 2867 3334 2921 αὐτοὶ
3379 2868 3474 2919 καὶ
3510 2865 3608 2919 νῦν
3636 2866 3736 2919 σὺν
3761 2866 3829 2935 τῇ

2248 2962 2409 3034 λοιπῇ
2470 2962 2746 3035 σεϐασμίᾳ
2797 2962 2977 3017 ὲννάδι
3024 2962 3122 3033 τὴν
3163 2959 3328 3028 ἁγίαν
3375 2956 3584 3028 Τριάδα
3622 2955 3829 3027 εὐμενῆ

2248 3056 2381 3126 ήμῖν
2409 3054 2847 3124 καταστήσασθε,
2893 3053 3224 3124 ἐπιτιμῆσαι
3250 3050 3487 3123 Χριστὸν
3514 3052 3583 3121 τῇ
3613 3051 3831 3121 πονηρᾷ

2247 3147 2421 3219 ταύτῃ
2453 3146 2717 3219 θαλάσσῃ,
2744 3146 2820 3210 ὥς
2854 3162 2983 3199 ποτε
3015 3146 3083 3219 τῇ
3128 3141 3445 3215 Τιϐεριάδι,
3470 3140 3715 3211 γαλήνης
3752 3141 3830 3194 εί-

2253 3234 2562 3313 ρηνοδῶρου
2612 3236 3075 3309 ἀπανισχούσης,
3107 3233 3512 3306 ὲπαναδραμεῖν
3559 3231 3660 3295 τὰς
3701 3233 3832 3286 ἑαυ-

2250 3329 2345 3384 τοῦ
2388 3327 2717 3400 Ἐκκλησίας
2753 3327 2833 3389 είς
2860 3326 2957 3396 τὴν
2975 3325 3209 3396 ἀρχαίαν
3245 3325 3340 3379 καὶ
3372 3321 3699 3395 ἀρεσθεῖσαν
3733 3322 3834 3392 τῆς

2250 3420 2563 3492 ὁρθοδοξίας
2614 3416 2927 3489 ὡραιότητα
2950 3431 2966 3446 °
3020 3416 3147 3486 ἐμοὶ
3182 3415 3238 3469 δὲ
3272 3415 3338 3469 σὺ
3362 3412 3443 3483 τῷ
3469 3410 3761 3482 τολμητία,
3786 3403 3834 3463 ὦ

2257 3513 2464 3583 μάκαρ,
2500 3512 2659 3575 ἵλεως
2711 3510 2804 3563 ἔσο
2845 3509 3142 3581 ὀφλήσαντι
3188 3508 3291 3561 οὐκ
3326 3504 3679 3560 δπαινέσαντι
3701 3519 3717 3533 ·
3741 3504 3833 3557 καί

2252 3621 2317 3673 γε
2345 3602 2527 3668 δέξαιο
2553 3604 2681 3664 τοὺς
2707 3601 2858 3654 τόνδε
2902 3616 2988 3653 σοι
3026 3600 3121 3654 τὸν
3168 3599 3297 3653 ναδν
3339 3594 3478 3668 ὁμοῦ
3532 3595 3632 3667 μὲν
3672 3612 3835 3667 περι-

2252 3695 2488 3759 καλλῶς,
2522 3693 2660 3764 ὁμοῦ
2694 3693 2751 3746 δὲ
2790 3693 2882 3746 καὶ
2923 3690 3253 3763 περιουσίως
3294 3688 3619 3759 ἐγείραντας
3643 3702 3658 3718 ⁸
3697 3688 3758 3742 ιν
3786 3680 3833 3757 ᾧ

2254 3792 2346 3845 καὶ
2379 3789 2448 3842 τὰ
2479 3785 2708 3856 σώματα
2741 3786 2791 3838 οἱ
2822 3784 3043 3848 πλείους
3083 3781 3397 3853 ἀσκητικῶς
3431 3779 3623 3833 εἴασαν
3652 3780 3735 3843 εἰς
3762 3780 3834 3834 τὰ.

2254 3881 2542 3953 προαύλια,
2568 3879 2643 3941 ὡς
2683 3876 2916 3930 ἐνταῦθα
2951 3876 3053 3946 τῆς
3100 3875 3200 3946 σῆς
3242 3871 3553 3943 φανοτάτης
3577 3870 3832 3941 οὐρανίου

2256 3975 2461 4045 σκηνῆς
2500 3970 2904 4043 παραρῤιπτεῖν
2960 3968 3042 4020 δεῖ
3079 3964 3332 4020 τοσοῦτον
3377 3959 3739 4031 ἀξιουμένους
3770 3978 3829 4015 σε

2253 4068 2387 4140 ὁρᾷν
2420 4066 2517 4119 σὺν
2551 4063 2713 4118 παντὶ
2756 4059 2834 4132 τῷ
2860 4058 3099 4129 ποιμνίῳ
3139 4056 3283 4111 κατά
3326 4056 3622 4125 διάμετρον
3653 4050 3830 4117 ἀξίας,

2253 4161 2379 4213 ὅσον
2400 4158 2451 4212 oi.
2477 4156 2616 4227 πρὸς
2639 4154 2802 4207 αὐτὸν
2830 4151 2926 4205 τὸν
2950 4151 3104 4222 ἥλιον
3138 4148 3544 4208 ἀποϐλέποντες
3564 4162 3581 4177 ⁶
3608 4145 3669 4198 ἐν
3700 4145 3833 4214 Χρι-

2184 4285 2226 4339 D
2258 4250 2369 4322 στῷ
2402 4248 2578 4319 Ἰησοῦ
2613 4246 2691 4316 τῷ
2736 4244 2928 4317 Κυρίῳ
2958 4242 3137 4339 ήμῶν,
3169 4232 3462 4339 tia—aperui.
3498 4238 3652 4339 πᾶσα
3680 4235 3829 4339 δόξα,

2253 4343 2408 4415 τιμὴ,
2432 4340 2526 4395 καὶ
2552 4338 2944 4409 προσκύνησις,
2978 4335 3097 4404 ἅμα
3127 4332 3204 4402 τῷ
3232 4333 3406 4400 "arpi.
3449 4329 3545 4383 καὶ
3583 4327 3664 4398 τῷ
3693 4328 3833 4396 ἁγίῳ

2257 4434 2556 4504 Πνεύματι,
2590 4432 2685 4485 νῦν
2713 4431 2806 4484 καὶ
2834 4429 2921 4483 ἀεὶ
2944 4427 3039 4481 καὶ
3074 4427 3154 4490 εἰς
3171 4425 3297 4489 τοὺς
3327 4422 3530 4487 αίῶνας
3560 4421 3674 4476 τῶν
3701 4421 3829 4475 αἰῶ·

2256 4544 2383 4582 νων.
2426 4524 2617 4595 Ἀμήν.

1991 4840 2419 4898 ΛυΝΟΤΑἹῚΟ.

658 4951 829 5019 igitur
872 4960 1083 5023 septem
1112 4950 1382 5023 Theodori
1419 4948 1653 5023 Studitge
1697 4953 2058 5023 panegyricos
2096 4954 2389 5010 Orationes
2420 4954 2691 5014 dedimus,
2725 4966 2957 5023 quarum
3012 4949 3142 5023 dure
3170 4948 3362 5023 Latine
3378 4954 3627 5023 _tan_tum
3680 4946 3831 5023 edita:

587 5015 839 5091 fuerant,
863 5015 1084 5091 reliquae
1116 5037 1216 5075 nec
1242 5020 1429 5076 Graece
1462 5036 1562 5075 nec
1586 5015 1815 5091 Lat-ine.
1841 5015 1990 5078 Knte
2032 5040 2131 5079 nos
2169 5036 2347 5080 tamen
2379 5025 2673 5083 exstabant
2714 5015 2833 5075 alia:
2867 5036 3059 5091 novem
3094 5018 3343 5091 ejusdem
3375 5015 3602 5091 Studita‘.
3632 5016 3831 5091 oratio-

586 5108 703 5148 nes.
748 5090 883 5163 l.kln
925 5090 1147 5163 crucem
1192 5091 1423 5153 Domini,
1452 5091 1547 5163 Cr.
1581 5090 1702 5146 Lat.
1741 5094 1879 5162 apud
1908 5093 2225 5150 Gretsernm
2268 5111 2358 5163 op.
2398 5096 2470 5149 De
2499 5110 2670 5156 cruce,
2707 5103 2746 5163 t.
2779 5092 2843 5163 ll,

2881 5107 2933 5161 p.
2966 5089 3195 5161 2§l._l|.
3233 5087 3289 5161 In
3328 5087 3671 5161 nativitatem
3698 5086 3833 5161 _l)ei-

585 5177 755 5233 parte,
795 5160 895 5215 Gr.
929 5160 1048 5216 Lat.
1087 5162 1233 5215 edita
1265 5163 1404 5216 inter
1444 5156 1884 5231 Damascenicas,
1928 5175 1987 5219 ut
2025 5180 2125 5219 nos
2146 5167 2264 5233 jam
2296 5156 2556 5230 diximus,
2585 5179 2639 5235 p.
2668 5162 2759 5219 54.
2798 5156 2951 5216 111⁷οι
2981 5158 3071 5215 ιν.
3107 5159 3182 5214 De
3208 5157 3535 5212 adoratione
3561 5156 3666 5211 SS.
3698 5157 3829 5209 ima-

657 5301 769 5369 (28)
796 5300 933 5356 Nota
965 5310 1111 5366 sunt,
1141 5303 1351 5371 quaede
1392 5304 1561 5357 sancti
1595 5302 1822 5358 Joannis
1854 5299 2162 5357 extraordi-

586 5374 746 5425 nario
776 5374 960 5427 obitus
993 5388 1209 5441 genere,
1246 5373 1326 5427 vel
1357 5373 1520 5427 etiam
1566 5374 1925 5428 translatione
1955 5383 2046 5425 aut
2076 5391 2161 5427 re-

588 5442 954 5513 surrectione,
992 5452 1217 5495 narrant
1261 5444 1508 5497 nonnulli
1551 5454 1759 5499 veteres
1795 5444 1936 5513 apud
1962 5443 2175 5499 Sandi-i

588 5516 735 5567 nintn
768 5514 821 5567 in
850 5512 995 5583 Hist.
1025 5523 1198 5581 apost.
1226 5528 1280 5580 [ι.
1319 5513 1446 5571 189,
1474 5514 1692 5569 Festum
1729 5512 1848 5583 ejus
1880 5516 2153 5583 μεταστά-

590 5599 725 5647 σεως
759 5593 840 5638 est
870 5584 922 5637 in
958 5582 1076 5637 Kal.
1119 5583 1333 5647 Graeco,
1353 5585 1442 5639 die
1465 5586 1535 5639 26
1571 5588 1711 5654 sept.
1739 5582 1951 5639 Laudes
1974 5585 2152 5654 eidem

590 5654 832 5722 insignes
857 5655 986 5727 dicit
1016 5665 1239 5727 sanctus
1266 5654 1567 5725 Cyrillusin
1600 5655 1823 5710 humilia
1850 5654 1987 5727 Opp.
2026 5665 2063 5707 ι.
2090 5653 2149 5718 ν,

592 5736 731 5793 part.
775 5741 834 5785 tt.
867 5740 919 5793 p.
952 5724 1079 5779 380.

666 5794 779 5864 (‘19)
814 5796 1118 5851 lllustratur
1176 5794 1275 5850 hoc
1325 5796 1651 5851 vocabulum
1678 5796 1746 5851 ab
1777 5794 1980 5850 inedita
2012 5794 2157 5862 apud

2268 5320 2354 5358 me
2382 5301 2501 5356 Jobi
2556 5304 2847 5370 interprete
2875 5312 2993 5367 cap.
3018 5312 3129 5370 xiv.
3170 5294 3203 5346 7
3243 5311 3276 5370 :_
3300 5293 3359 5346 '0
3377 5290 3666 5370 deapyd;
3692 5292 3833 5343 ἐστιν

2267 5373 2466 5433 παντὸς
2493 5362 2715 5442 δένδρου
2740 5369 2801 5442 τὸ
2831 5370 2899 5423 ἄκ
2910 5362 3019 5442 ρον,
3082 5367 3219 5435 ὅπερ
3253 5362 3534 5442 ἀκρέζμονα
3562 5362 3830 5441 λέγουσιν.

2338 5445 2455 5511 (50)
2473 5434 2710 5513 compar
2744 5434 2921 5513 Petro
2943 5440 3151 5513 honore
3173 5434 3568 5513 _apost9‘la_tus,.
3583 5434 3833 5513 non‘pri-

2263 5502 2466 5569 matus.
2494 5502 3027 5582 Etenimpritnatum
3062 5505 3302 5558 vindieat
3354 5502 3514 5582 lfetro
3557 5502 3682 5582 ipse
3704 5503 3833 5582 Stu-

2259 5586 2372 5639 dita
2415 5585 2469 5636 in
2528 5572 3007 5651 pra-cedentibus”
3043 5590 3160 5651 nec
3198 5589 3304 5627 non
3344 5573 3467 5627 aliis
3497 5572 3635 5627 locis
3670 5572 3725 5626 in
3756 5572 3832 5626 iu-

2256 5656 2376 5709 dice
2404 5647 2787 5708 Sirniondiano
2814 5647 3108 5703 aduotatis.

2337 5726 2451 5793 (5t)
2485 5722 2657 5790 Luget
2687 5720 2923 5793 Studita,
2976 5725 3032 5769 ut
3085 5716 3137 5793 in
3192 5714 3316 5793 aliis
3339 5713 3543 5783 passim
3587 5713 3827 5785 scriptis.

2263 5785 2751 5850 lcouoinacliorum
2780 5789 2866 5844 sui
2900 5786 3160 5856 temporis
3204 5785 3431 5841 scelera.
