4018 6304
199 310 304 375 789
997 310 1278 369 ORATIO
1319 309 1400 368 IN
1440 311 1502 368 S.
1543 308 2214 368 BARTlIOLOMzEUM.
2252 301 2701 364 --MONITUM.
3349 299 3455 362 790

202 429 392 496 uiuum
431 421 574 487 duae,
617 422 919 496 G_I:.A_La_t.,i
943 440 1170 496 quarum
1221 426 1389 478 altera
1428 424 1646 496 inserta
1695 425 1813 493 ejus
1844 423 1978 478 Vitae
2017 439 2144 496 cap.
2180 421 2386 496 65:73;
2436 419 2603 496 altera
2637 432 2759 474 cum
2811 413 3221 496 Paiii_aseeiiieis
3254 415 3454 496 prpdiit

202 484 433 552 Basileaa
481 484 572 548 an.
609 493 768 547 l575.
803 484 973 548 Νη·
991 495 1204 549 tertiam
1237 495 1604 548 inventionem
1636 484 1830 562 capitis
1854 495 2027 548 sancti
2060 484 2219 547 Joan.
2251 484 2412 562 Bapt.
2439 489 2532 562 Gr.
2567 487 2685 562 Lat.
2738 484 3155 562 a_C_m_nheli_sio,
3214 494 3268 539 et
3303 484 3451 562 Ca_n_-

203 566 320 636 gio.
339 562 460 636 ,Ἠρ-
477 562 538 618 In
587 572 833 636 sanctum
869 553 1916 636 Barthulomazuinapostoluin.'Latinc
1961 572 2175 636 tantum
2222 553 2364 636 apud
2396 560 2716 636 Dachcrium
2740 554 2954 636 “Spicil:
2990 558 3084 636 ed:
3114 571 3240 609 nov.
3313 565 3348 636 t.
3385 553 3449 618 Il,

203 626 385 706 13,12.
420 633 571 706 Hane
595 633 782 688 Graece
807 635 970 706 etiam
992 636 1126 706 vidit
1150 626 1410 695 Allatius.
1433 634 1776 706 iiic_ipienteni

1858 635 2126 706 Μέγιστος
2155 626 2712 706 ἀγῶνηττρίξσθήσςιίξ
2738 627 2836 706 ἕξει,
2872 628 2965 706 ita}
2985 626 3181 706 ,κλέοςς
3219 634 3445 694 eratque

203 696 456 760 editurus
486 705 625 775 lihru
664 712 817 759 sexto
853 704 1304 775 Symmictorum.
1328 713 1463 758 teste
1491 696 1755 775 Fabricio
1785 704 1847 758 Β.
1885 696 1962 758 GI
1979 704 2066 761 ed.
2113 696 2220 775 vet.
2265 712 2304 775 t.
2336 696 2825 775 XIV,_pl__l“25_:_Ea
2868 697 2999 751 mihi
3050 697 3451 775 qgfitltenynpn-

203 775 332 844 dum
383 774 648 834 occurrit.
689 766 1014 844 quanquam,
1042 775 1132 828 vix
1181 773 1370 828 dubito
1409 773 1541 842 quin
1585 772 1749 828 lateat
1795 775 1934 828 inter
1963 773 2148 827 Allatii
2207 766 2876 844 schestVallicelliauas
2911 775 3016 844 aut
3081 766 3445 844 liarherinias.

209 843 320 899 VII.
349 845 544 915 Oratio
575 835 878 915 epitaphica
913 844 967 897 in
999 843 1276 915 Platonem
1316 835 1636 915 magistrum
1665 860 1845 909 suum,
1882 845 1975 897 Gr.
2016 844 2137 915 Lat.
2172 843 2315 915 apud
2360 841 2768 915 Bollandianos.
2811 846 2850 915 t.
2892 837 2947 915 _l,
2986 837 3157 915 April.
3195 835 3443 915 Appen‘d'.

204 914 386 985 p.716.
423 902 558 969 VIII.
591 902 784 985 Oratio
829 917 953 968 item
986 914 1292 983 epitaphica
1341 902 1691 985 invmagnum
1733 902 2045 977 Ars'enium,
2080 912 2174 968 Gr.
2204 902 2322 985 Lat.
2369 911 2778 985 apud_eosdern
2815 902 3211 985 l_l9llandianos,
3246 902 3302 960 ἰ.
3351 902 3449 985 iV,

204 975 313 1038 iul.
345 986 435 1040 die
461 983 676 1054 l9._lX.
706 983 894 1038 Oratio
933 975 1150 1052 par'iter'
1172 984 1473 1053 epitaphiea
1515 975 1568 1038 in
1593 995 1827 1054 matrem
1870 975 2242 1054 suam-exuat
2278 975 2480 1054 inedita
2511 981 2698 1054 Graece
2731 980 2796 1054 in_
2823 978 3206 1054 Metaphrastaa
3258 975 3452 1054 codice

207 1055 507 1125 Parisiaeo.
545 1052 788 1122 Denique
823 1043 1164 1125 alia-inedita
1201 1043 1254 1108 in
1296 1043 1453 1108 c'odd.
1484 1053 1656 1125 Pariis.
1687 1054 1755 1107 de
1785 1053 2097 1108 inventione
2124 1053 2320 1121 capitis
2366 1049 2725 1125 sancti_Joan.
2761 1043 3041 1125 BaptistEe,
3069 1056 3210 1125 teste
3258 1043 3449 1125 Fabri:

208 1125 294 1178 cio
324 1124 388 1178 Β.
424 1123 488 1178 G.
514 1125 600 1178 ed.
645 1114 766 1177 nov.
801 1134 848 1177 ι.
870 1123 939 1186 Χ,
982 1140 1032 1192 p.
1061 1124 1187 1185 472,
1218 1141 1247 1178 a
1275 1140 1384 1194 quo
1415 1124 1756 1194 superiorum
1787 1139 2007 1194 quoque
2032 1114 2223 1177 notitia
2255 1132 2510 1194 congesta
2537 1121 2658 1194 fuit.
2694 1114 2870 1194 Atque
2914 1119 3017 1171 hoc
3058 1116 3180 1194 fere
3209 1125 3291 1170 est
3317 1114 3449 1194 illud

211 1194 597 1264 Panegyricum
627 1195 863 1248 volumen
894 1183 946 1248 in
983 1183 1094 1248 'dies
1127 1183 1550 1262 festos-Domini,
1596 1211 1686 1264 nec
1714 1183 1820 1247 ηοὴ
1847 1183 2110 1261 οεῖραγαν,
2137 1203 2184 1247 e:
2218 1183 2391 1264 sancti
2411 1183 2887 1264 Joau._Buptistw,
2926 1189 3069 1264 quod
3105 1187 3255 1264 inter
3329 1183 3453 1237 Stu-

209 1264 333 1334 dita:
358 1257 575 1334 's'cripta
624 1275 891 1318 memorat
923 1257 1157 1334 Michael
1204 1267 1500 1319 monachus
1545 1265 1598 1318 in
1632 1263 1750 1320 Vita
1797 1257 2036 1332 ejusdem
2075 1257 2194 1333 cap.
2242 1263 2331 1326 58,
2367 1278 2529 1332 quam
2589 1261 2851 1313 habemus
2915 1258 3052 1327 typis
3104 1257 3450 1334 impressam.

211 1333 360 1389 Mitto
400 1325 580 1388 dicere
609 1335 674 1388 de
707 1336 1006 1389 minoribus
1033 1333 1388 1389 Sermonibus
1414 1334 1644 1400 duplicis
1674 1325 2039 1397 catecheseos,
2089 1325 2185 1388 sc'u
2229 1325 2438 1402 magna:
2471 1348 2566 1402 seu
2611 1345 2808 1400 parvae,
2846 1325 3074 1402 quorum
3130 1325 3232 1402 l55_
3286 1325 3457 1402 edidit

211 1404 400 1474 Latine
429 1404 728 1467 Livineius.
760 1404 943 1474 Graece
976 1420 1142 1458 unum
1179 1403 1461 1459 Fabricius
1490 1394 1551 1458 Β.
1590 1404 1651 1459 G.
1686 1405 1772 1459 ed.
1810 1418 1936 1457 nov.
1970 1394 2034 1473 p.’
2057 1403 2197 1470 47ος
2229 1394 2350 1458 tres
2374 1404 2501 1474 item
2529 1394 2716 1454 Grfece
2759 1410 2950 1451 auctor
2993 1396 3254 1474 Catalogi.
3291 1394 3450 1474 codd.

209 1473 436 1544 Nanian.
469 1490 524 1544 p.
558 1474 678 1528 164.
709 1465 850 1527 inter
882 1473 1055 1544 Opera
1088 1474 1379 1537 Theodori,
1424 1490 1542 1544 qua;
1585 1465 2086 1544 Sirmondusp'relo
2125 1465 2318 1544 parare
2349 1473 2650 1544 videbatur,
2699 1479 2974 1544 postremo
3005 1469 3121 1544 loco
3172 1465 3447 1544 videoniu

207 1543 443 1617 elencho_
459 1533 581 1617 post
605 1544 754 1617 praef.
789 1533 1057 1617 nominari
1086 1533 1468 1617 fragmentum,
1499 1543 1780 1617 Confessio
1803 1544 1865 1598 de
1903 1533 2182 1617 Tir-inflate.
2200 1543 2421 1617 fleapse
2445 1543 2496 1596 id
2518 1533 2890 1617 fragmentum
2929 1537 3212 1617 incipiens
3242 1553 3252 1588 :
3285 1533 3454 1617 Misy

207 1602 485 1687 sparso;
505 1602 643 1687 5193:
668 1615 864 1687 ἀρχήν,
889 1602 1086 1687 legitur
1106 1602 1206 1669 sub
1228 1602 1494 1687 Theodori
1522 1602 1736 1670 nomine
1771 1615 1794 1668 ἰ)

1861 1616 1977 1687 c_o_d.
2009 1614 2282 1687 Va_t._6‘20,
2307 1602 2359 1668 et
2389 1602 2726 1687 0tt0b.__V_al.
2756 1609 2880 1663 414.
2914 1610 2982 1661 At
3006 1602 3073 1687 i'u'
3121 1605 3238 1687 Vat.
3284 1602 3448 1687 20%},

210 1683 523 1738 inscribitur
551 1676 916 1739 Theodoreto.
944 1676 1147 1740 Eadem
1185 1685 1464 1738 nominum
1495 1688 1724 1740 varietas
1775 1687 1827 1738 in
1864 1683 2190 1739 Florentinis
2220 1698 2436 1753 quoque
2483 1679 2760 1736 codicibus
2815 1677 3086 1741 occurrit,
3132 1676 3456 1730 observante

209 1753 478 1808 Bandinio'
506 1754 752 1824 Catalog.
785 1756 942 1810 codd.
974 1753 1064 1809 Gr.
1101 1767 1137 1808 t.
1165 1757 1202 1820 I,
1231 1771 1283 1823 p.
1313 1755 1435 1809 525.
1468 1754 1574 1808 Sed
1611 1771 1796 1809 revera
1827 1755 1958 1808 nihil
1989 1755 2131 1808 aliud
2163 1751 2266 1819 est,
2307 1751 2362 1808 id
2394 1751 2780 1824 fragmentum,
2810 1759 2992 1818 quam,
3030 1758 3087 1803 ut
3142 1761 3244 1818 ego
3298 1757 3454 1798 com-

209 1824 343 1896 peri,
373 1823 754 1894 compendium
781 1841 842 1880 ex
881 1826 1196 1881 Theodoreti
1238 1823 1436 1879 eret.
1469 1825 1578 1895 fab.
1616 1825 1752 1880 libro
1782 1841 1811 1878 v
1839 1825 2296 1881 consarcinatum.

258 1985 3453 2016 Μή

963 2076 1381 2140 MONITUM
1429 2077 1526 2140 IN
1577 2076 2083 2139 ΟΒΑΤΙΟΝΕΜ
2129 2073 2680 2153 SEQUENTEM

1397 2220 1557 2292 (Aug.
1602 2221 1706 2276 MAI
1736 2263 1750 2287 ,
1785 2226 1884 2278 loc.
1927 2223 2017 2277 cit.
2055 2236 2109 2292 p.
2148 2221 2316 2288 148.)

278 2364 527 2420 Dixeram
583 2359 835 2431 superius
865 2399 880 2426 ,
936 2360 1245 2414 desiderare
1290 2375 1377 2414 me
1416 2360 1662 2415 Graecum
1713 2371 1918 2416 textum
1971 2361 2310 2432 pauegyricze
2337 2359 2643 2422 Orationis,
2684 2371 2845 2428 quam
2881 2362 3071 2411 noster
3119 2353 3334 2410 Studita
3384 2353 3454 2410 de

209 2462 395 2508 sancto
423 2450 828 2505 Bartholomaeo
895 2448 1143 2518 apostolo
1182 2447 1526 2502 recitaverat.
1593 2447 1730 2503 Ecce
1769 2459 1946 2504 autem
2009 2459 2196 2518 postea
2247 2451 2303 2503 in
2348 2448 2535 2504 codice
2581 2462 2762 2517 prisco
2812 2445 2929 2500 Vat.
2986 2444 3121 2500 1989
3153 2486 3167 2510 ,
3233 2442 3273 2497 f.
3324 2443 3452 2507 258,

209 2541 299 2611 qui
353 2539 460 2594 fuit
513 2535 832 2592 monasterii
885 2535 1096 2606 Cryptze
1135 2534 1392 2602 Ferratze,
1428 2535 1860 2592 Graecedemum
1926 2537 2067 2590 hanc
2130 2537 2435 2590 orationem
2491 2534 3042 2605 reperi,quanquam
3096 2533 3149 2585 in
3192 2532 3298 2586 ﬁne
3343 2546 3455 2585 uno

213 2628 340 2682 folio
375 2626 626 2681 mutilam
656 2645 668 2678 :
705 2639 826 2694 quae
849 2624 978 2694 quia
1005 2624 1074 2677 ob
1103 2623 1358 2679 editionis
1392 2640 1525 2679 mea:
1556 2628 2014 2694 Complementum
2043 2624 2342 2678 omittenda
2385 2638 2492 2676 non
2525 2631 2660 2686 erat,
2696 2623 2752 2675 in
2789 2620 2949 2690 hujus
2981 2620 3276 2674 voluminis
3306 2620 3467 2673 calce-

211 2731 353 2771 nunc
385 2715 707 2771 collocatur.
732 2711 990 2766 Ediderat
1015 2711 1142 2766 olim
1169 2710 1380 2777 Latine,
1409 2712 1702 2782 interprete
1727 2713 1984 2767 nimirum
2012 2711 2300 2766 Anastasio
2329 2710 2769 2775 Bibliothecario,
2806 2707 3103 2763 Dachcrius
3145 2705 3331 2775 Spicil.
3361 2707 3450 2761 ed.

212 2818 332 2856 nov.
371 2809 410 2854 t.
443 2801 508 2866 ll,
543 2815 597 2869 p.
633 2799 770 2861 193,
800 2799 1238 2867 repetiveratque
1273 2813 1393 2852 eam
1422 2799 1781 2855 Comheﬁsius
1815 2800 1875 2853 Β.
1908 2798 1967 2855 C.
2008 2809 2046 2854 t.
2076 2797 2162 2851 Vll
2185 2840 2199 2864 ,
2231 2815 2282 2867 p.
2313 2798 2436 2852 755.
2476 2796 2587 2867 Ego
2619 2811 2746 2853 vero
2790 2799 2934 2851 hunc
2971 2797 3149 2869 ipsum
3199 2794 3454 2848 Latinum

212 2900 415 2944 textum
448 2890 502 2942 in
530 2889 718 2942 codice
751 2886 868 2941 Lat.
907 2885 1026 2940 Vat.
1063 2887 1200 2941 1195
1224 2927 1238 2950 ,
1276 2888 1316 2940 f.
1347 2887 1474 2952 268,
1507 2889 1788 2959 legebam,
1833 2898 1886 2942 et
1915 2905 2025 2944 non
2055 2889 2172 2943 sine
2203 2889 2388 2958 aliquo
2419 2886 2595 2941 fructu
2631 2886 3001 2942 conferebam.
3045 2885 3189 2940 Sane
3221 2886 3454 2940 Anasta-

211 2977 348 3032 siuin
369 2991 472 3032 nec
494 2975 800 3030 Graecitatis
815 2974 1007 3044 peritia
1029 2974 1161 3028 satis
1180 2976 1545 3040 commendat,
1573 2993 1670 3030 nec
1705 2977 1823 3045 ejus
1846 2977 2113 3031 Latinitas
2159 2977 2390 3031 lectores
2413 2976 2669 3030 oblectat.
2707 2974 3074 3040 Quamobrem
3115 2983 3265 3028 textu
3309 2989 3456 3028 nunc

211 3065 395 3120 Graeco
424 3066 668 3126 invento,
697 3077 839 3116 nova
872 3061 973 3116 fuit
1000 3063 1239 3117 curanda
1259 3064 1563 3129 translatio,
1589 3074 1702 3119 tum
1731 3065 1801 3119 ob
1830 3066 1972 3120 dicta
2004 3065 2274 3121 Anastasii
2299 3064 2669 3128 incommoda,
2704 3074 2816 3118 tum
2840 3063 3003 3118 etiam
3024 3063 3148 3133 quia
3184 3063 3454 3119 variantes

213 3152 380 3208 Graeci
406 3152 738 3221 exemplaris
764 3150 1029 3206 lectiones
1059 3150 1354 3205 identidem
1410 3155 1791 3208 occurrebant.
1823 3153 1896 3205 De
1920 3162 2110 3207 nostro
2141 3163 2320 3209 autem
2356 3152 2570 3206 Studita
2601 3153 2655 3204 in
2687 3152 2884 3221 praevia
2912 3151 3139 3222 epistola
3169 3154 3247 3205 sic
3278 3153 3456 3221 loqui-

214 3251 298 3296 tur
329 3241 630 3297 honorilice
663 3240 1005 3295 Anastasius.
1042 3238 1130 3292 «Si
1159 3241 1361 3309 quaeris
1391 3243 1514 3309 quis
1541 3243 1671 3295 tanti
1709 3243 1981 3296 sermonis
2014 3243 2276 3297 habeatur
2307 3243 2602 3312 expositor,
2631 3241 2863 3308 libenter
2905 3241 3166 3310 aperiam.
3198 3239 3451 3294 Theodo-

217 3347 304 3385 rus
332 3330 585 3385 videlicet
615 3327 839 3399 quidam
875 3327 1130 3383 sacerdos
1173 3330 1313 3398 apud
1353 3328 1886 3399 Constantinopolim
1927 3331 2115 3384 urbem
2155 3333 2495 3401 temporibus
2533 3313 2637 3384 fuit
2671 3331 2898 3383 Adriani
2933 3337 2988 3383 et
3029 3327 3229 3382 Leonis
3264 3328 3455 3382 Roma-

215 3433 404 3473 norum
432 3415 755 3486 pontiﬁcum
778 3458 793 3480 ,
822 3416 905 3469 vir
936 3417 1088 3470 valde
1117 3416 1380 3471 mirabilis
1406 3458 1420 3481 ,
1455 3418 1546 3486 qui
1576 3433 1696 3470 cum
1726 3432 1832 3471 non
1865 3419 2039 3474 solum
2069 3419 2188 3474 ﬁdei
2215 3421 2546 3484 constantia,
2575 3434 2763 3472 verum
2795 3419 2960 3472 etiam
2996 3418 3245 3472 scientiae
3269 3418 3452 3488 gratia

216 3517 265 3560 et
290 3507 571 3578 signorum
598 3505 827 3575 polleret
856 3505 1167 3567 virtutibus,
1197 3506 1430 3558 duorum
1466 3507 1830 3576 imperialium
1863 3507 2268 3577 insigniumque
2297 3507 2700 3567 ccenobiorum,
2737 3504 2909 3559 Studii
2941 3506 3149 3560 scilicet
3175 3516 3222 3557 el
3257 3497 3457 3559 Saecu-

216 3593 452 3656 diorum.
484 3594 818 3647 constitutus
843 3601 929 3645 est
959 3591 1147 3645 abbas.
1179 3590 1282 3656 Qui
1317 3607 1530 3661 semper
1557 3594 1608 3646 in
1645 3595 1955 3661 apostolica:
1982 3596 2126 3650 sedis
2153 3595 2542 3650 communione
2575 3594 2899 3665 persistens,
2931 3594 3165 3647 haeretici
3189 3607 3254 3646 ru
3281 3609 3311 3644 n
3347 3607 3457 3646 me-

221 3683 352 3748 uias,
394 3691 453 3737 et
478 3681 867 3749 imperatorum
899 3679 1197 3742 vesaniam,
1233 3678 1354 3732 ﬁdei
1387 3681 1722 3746 constantia,
1754 3682 1916 3736 etiam
1950 3683 2234 3737 tormentis
2268 3681 2524 3748 affectus,
2549 3682 2752 3736 virtute
2787 3680 3088 3750 repressit;
3129 3695 3229 3732 nec
3263 3694 3370 3731 non
3402 3688 3458 3733 et

217 3769 383 3823 sancti
427 3768 672 3836 Spiritus
703 3764 875 3834 gratia
902 3764 1095 3834 plenus
1125 3766 1384 3834 opuscula
1414 3767 1672 3820 nonnulla
1703 3771 2043 3838 composuit,
2078 3772 2216 3825 inter
2245 3785 2364 3840 quae
2405 3779 2461 3824 et
2498 3785 2804 3825 sermonem
2839 3770 2986 3823 hunc
3017 3768 3083 3822 de
3119 3767 3178 3819 Β.
3213 3766 3462 3820 Bartho-

221 3855 424 3917 Iomaao.
467 3857 606 3911 satis
638 3856 826 3910 utilem
852 3895 867 3919 ,
897 3852 1147 3908 obscuris
1181 3853 1520 3909 dictionibus
1541 3896 1555 3920 ,
1585 3854 1775 3910 Grreeu
1806 3857 1971 3911 edidit
2001 3857 2203 3912 famine
2223 3900 2237 3924 ,
2268 3859 2362 3928 qui
2397 3857 2586 3913 Graeco
2616 3859 2884 3912 vocabqu
2919 3855 3192 3925 ἐγκώμιον
3215 3854 3414 3908 dicitur
3435 3893 3450 3918 ,

219 3944 353 4011 quod
384 3943 579 3999 Latine
615 3942 948 4013 praeconium
972 3981 988 4006 ,
1031 3942 1145 3996 sive
1178 3941 1298 3996 laus
1326 3981 1340 4003 .
1373 3943 1715 4010 eXprimitur.
1758 3943 1861 4010 Qui
1913 3945 1980 3998 ad
2037 3945 2350 4000 Latinitatis
2384 3945 2633 3998 n0titiam
2684 3944 2916 4000 ﬁdeliter
2958 3943 3274 4004 translatus,
3309 3950 3448 3996 εις.»

223 4026 398 4085 Voluit
425 4045 559 4101 ergo
585 4029 819 4085 ﬁdeliter
845 4029 1186 4099 interpretari
1217 4029 1542 4085 Anastasius
1566 4071 1582 4096 ,
1613 4032 1708 4086 sed
1738 4049 1901 4101 quam
1934 4033 2072 4088 bene
2112 4033 2161 4088 ei
2197 4048 2285 4088 res
2315 4035 2646 4090 successerit
2667 4075 2684 4099 ,
2717 4033 2794 4087 illi
2826 4040 3143 4102 agnoscent,
3176 4029 3270 4098 qui
3309 4043 3463 4082 nunc

221 4113 457 4172 Grazeum
503 4125 713 4173 textum
752 4131 877 4171 cum
916 4117 1036 4187 ejus
1078 4115 1368 4171 Latinitate
1421 4116 1671 4174 conferre
1703 4120 2014 4183 voluerint.
2052 4121 2137 4176 vel
2174 4121 2368 4177 saltem
2401 4131 2621 4176 nostras
2660 4119 3160 4175 animadversiones
3203 4115 3452 4185 legerint.

223 4201 371 4269 Quod
393 4203 637 4274 denique
662 4203 988 4258 obcuritatis
1010 4213 1234 4260 accusat
1261 4201 1616 4261 Theodorum
1648 4207 2000 4273 Anastasius,
2029 4223 2341 4279 quanquam
2376 4208 2576 4278 partim
2611 4216 2756 4263 recte
2787 4216 3049 4270 accusat,
3078 4202 3248 4257 multo
3274 4210 3451 4258 tamen

224 4290 332 4358 ipse
361 4292 654 4347 obscurior
690 4305 831 4359 saepe
857 4299 939 4345 est
971 4301 1025 4346 et
1057 4292 1331 4348 horridior
1367 4293 1656 4362 interpres.

283 4379 396 4436 lam
427 4382 578 4452 quod
614 4380 808 4435 attinet
841 4380 905 4432 ad
950 4381 1317 4450 prodigiosam
1349 4383 1702 4452 reliquiarum
1725 4384 2149 4440 translationem
2185 4401 2249 4440 ex
2291 4385 2556 4439 Armenia
2586 4383 2825 4454 Liparim
2859 4398 2949 4451 per
2975 4380 3259 4436 Euxiniet
3281 4377 3456 4450 Egaei

225 4466 408 4525 fluctus
429 4511 443 4532 .
472 4487 539 4526 ea
575 4477 720 4525 certe
745 4475 825 4521 tot
859 4467 1224 4522 Inirabilitatis
1260 4469 1540 4523 coloribus
1573 4471 1829 4540 pingitur,
1863 4482 1923 4526 ut
1959 4473 2121 4525 ﬁdem
2157 4486 2297 4541 aegre
2327 4471 2500 4540 possit
2528 4471 2855 4540 impetrare;
2892 4485 2997 4538 qua
3035 4484 3200 4537 super
3232 4481 3295 4522 re
3326 4483 3457 4535 pru-

224 4556 398 4613 denter
423 4557 618 4614 scribit
654 4555 1034 4611 'l‘illemontius
1075 4555 1296 4611 Memor.
1332 4566 1372 4610 t.
1413 4556 1470 4618 l,
1508 4573 1559 4627 p.
1601 4559 1728 4624 581,
1758 4575 1858 4613 ncc
1892 4575 2002 4614 non
2033 4559 2085 4612 in
2115 4559 2242 4612 adn.
2279 4574 2334 4627 p.
2367 4557 2489 4611 619.
2544 4556 2682 4611 Tum
2716 4566 2770 4610 et
2811 4557 2922 4625 ipse
2962 4556 3232 4610 Baronius
3265 4553 3456 4608 eadem

225 4643 286 4700 de
315 4661 370 4701 re
401 4646 621 4702 loeutus
665 4645 720 4700 in
753 4643 972 4713 Martyr.
1014 4644 1081 4698 ad
1114 4644 1256 4698 diem
1304 4645 1376 4698 25
1432 4645 1569 4715 Aug.
1603 4648 1915 4702 concludit:
1962 4667 1983 4698 ι
2025 4646 2116 4702 Sic
2146 4648 2325 4701 omnia
2362 4648 2555 4716 probet
2589 4646 2759 4700 lector
2782 4686 2795 4710 ,
2847 4655 2905 4699 ut
2940 4645 3088 4714 quod
3129 4644 3333 4698 bonum
3374 4654 3458 4699 est

227 4737 414 4788 teneat.
435 4752 455 4786 ι
485 4733 732 4789 Celebris
751 4733 1082 4802 creteroquin
1115 4734 1230 4786 haec
1262 4733 1501 4787 narratio
1527 4742 1609 4788 est
1639 4737 1689 4788 in
1719 4736 2029 4790 Graecorum
2060 4735 2302 4799 menreis,
2334 4734 2578 4788 historiis
2634 4749 2699 4788 ac
2721 4732 3096 4804 panegyricis;
3137 4749 3242 4787 non
3270 4741 3454 4787 tamen

229 4832 288 4870 ex
315 4837 420 4875 uno
460 4822 683 4879 Studita
715 4823 911 4877 hausta
946 4839 960 4875 :
994 4822 1198 4877 etenim
1228 4822 1343 4891 ipse
1375 4822 1589 4877 Studita
1623 4824 1786 4879 altius
1825 4839 1943 4879 eam
1980 4825 2262 4878 derivavit.
2290 4824 2428 4879 Ecce
2452 4825 2596 4879 enim
2628 4824 2855 4878 historia
2888 4824 3000 4877 luee
3021 4865 3035 4887 ,
3063 4823 3164 4876 etsi
3198 4823 3337 4876 haud
3378 4830 3458 4877 tot

228 4904 449 4972 phaleris
477 4920 764 4974 exornata,
802 4911 942 4980 apud
984 4926 1202 4982 gravem
1235 4922 1513 4966 auctorem
1553 4912 1608 4965 S.
1646 4911 1972 4982 Gregorium
2015 4912 2395 4966 Turonensem
2423 4912 2623 4982 legitur
2666 4911 2804 4965 sexti
2843 4911 3026 4966 saeculi
3071 4910 3346 4964 hominem
3383 4908 3459 4962 De

230 4993 340 5048 mir.
370 5009 598 5069 martyr.
637 4998 732 5051 lib.
770 5013 818 5062 ι,
854 5013 973 5068 cap.
999 4999 1099 5062 55,
1132 4999 1291 5068 cujus
1317 5001 1478 5054 verba
1512 5001 1740 5056 recitare
1775 5001 2011 5068 pretium
2047 5016 2226 5070 oper-ie
2254 5009 2360 5053 est.

302 5097 322 5130 ι
351 5081 808 5141 Bartholomzeum
845 5085 1148 5155 apostolum
1179 5087 1319 5155 apud
1354 5087 1561 5140 Indiam
1597 5103 1844 5156 passum,
1891 5088 2084 5156 agouis
2120 5087 2295 5156 ipsius
2331 5093 2517 5141 narrat
2551 5084 2797 5142 historia.
2835 5084 2963 5141 Post
2995 5087 3293 5141 multorum
3328 5100 3459 5138 vero

231 5179 487 5225 annorum
523 5173 699 5243 spatia
724 5172 792 5227 de
823 5175 1076 5243 passione
1104 5175 1224 5243 ejus
1251 5214 1264 5236 ,
1317 5191 1440 5229 cum
1489 5176 1688 5230 iterum
1729 5175 2056 5231 Christianis
2099 5176 2409 5245 persecutio
2453 5176 2800 5242 advenisset,
2843 5182 2897 5230 et
2935 5175 3183 5230 viderent
3227 5173 3462 5244 gentiles

232 5269 434 5312 omnem
455 5261 720 5330 populum
763 5261 831 5314 ad
861 5262 980 5330 ejus
1021 5262 1335 5329 sepulcrum
1374 5277 1738 5327 concurrere,
1773 5265 1934 5332 eique
1959 5267 2374 5334 deprecationes
2402 5264 2622 5320 assidue
2659 5273 2712 5317 et
2747 5263 2970 5318 incensa
2993 5261 3227 5327 deferre,
3257 5261 3459 5315 invidia

235 5340 421 5411 illecti,
455 5349 804 5404 abstulerunt
833 5365 1032 5418 corpus
1054 5350 1194 5418 ejus.
1226 5360 1278 5405 et
1309 5360 1570 5420 ponentes
1607 5351 1658 5404 in
1690 5354 2088 5423 sarc0phagum
2121 5353 2455 5423 plumbeum,
2479 5352 2824 5421 projecerunt
2847 5351 2976 5404 illud
3009 5351 3062 5404 iu
3099 5364 3247 5403 mare
3272 5349 3461 5403 dicen-

236 5436 309 5483 tes
334 5449 346 5485 :
371 5433 505 5500 Quia
543 5455 651 5494 non
688 5438 918 5494 seduces
945 5440 1177 5509 amplius
1214 5441 1473 5509 populum
1518 5450 1792 5495 nostrum.
1829 5440 1935 5495 Sed
1969 5441 2312 5510 providentia
2354 5440 2446 5493 Dei
2483 5450 2812 5510 cooperante
2850 5453 2946 5507 per
2982 5446 3249 5491 secretum
3279 5439 3462 5504 operis

233 5515 374 5584 ciuS.
409 5530 810 5598 sarc0phagum
846 5528 1160 5596 plumbeum
1196 5543 1226 5582 a
1252 5529 1373 5582 loco
1403 5529 1496 5583 illo
1523 5530 1681 5599 aquis
1717 5528 2150 5584 subvehentibus
2180 5529 2518 5584 sublevatum
2539 5570 2552 5594 ,
2581 5529 2821 5583 delatum
2853 5536 2936 5580 est
2968 5525 3033 5579 ad
3063 5525 3296 5579 insulam
3323 5565 3339 5590 ,
3369 5540 3462 5578 vo-

235 5603 416 5663 cabulo
451 5612 708 5685 Liparis:
753 5616 1160 5684 revelatumque
1204 5625 1289 5671 est
1319 5617 1648 5674 Christianis
1675 5626 1736 5671 ut
1774 5633 1902 5672 eum
1938 5619 2031 5687 (s.
2066 5617 2415 5686 apostolum)
2448 5617 2801 5688 colligerent:
2839 5614 3236 5682 collectumque
3270 5625 3333 5664 ac
3369 5625 3463 5666 se-

239 5692 467 5784 Pultum,
499 5703 911 5761 aediﬁcaverunt
954 5720 1118 5774 super
1159 5719 1282 5758 eum
1327 5705 1584 5776 templum
1628 5721 1907 5778 maguum.
1952 5706 2006 5760 In
2040 5722 2150 5776 quo
2182 5719 2326 5761 nunc
2356 5703 2637 5761 invocatus
2660 5744 2674 5771 ,
2726 5701 2986 5774 prodesse
3024 5698 3239 5772 populis
3273 5699 3470 5760 multis

239 5786 515 5847 Virtutibus
549 5807 613 5849 ac
645 5790 924 5850 beneﬁciis
956 5790 1284 5848 manifestat.
1325 5813 1343 5844 ι
