4018 6304
545 221 645 288 791

1300 354 1362 408 X.

541 425 731 513 Sancti
751 431 941 513 ‘Patris
965 441 1134 513 nostri
1166 452 1213 493 et
1247 445 1558 512 confessoris
1595 449 1849 507 Theodori
1883 455 2111 513 Studitw

606 500 834 594 gaudes.
850 507 901 557 in
938 508 1225 576 gloriosum
1252 523 1301 566 et
1323 500 1564 570 sanctum
1805 500 2111 594 ’ἇρῐὲῖοᾞὲἷῖι

606 571 1084 634 Βανιίιοίοηιιὶικηι.

608 660 660 715 1.
705 661 955 734 Magnum
991 671 1204 738 quidem
1243 686 1518 733 certamen
1547 722 1562 746 ,
1602 683 1797 738 addam
1846 689 2008 744 etiam
2059 701 2113 747 et

536 748 725 812 decus,
759 754 1052 822 cujuslibet
1076 765 1242 816 sancti
1284 766 1381 819 viri
1411 768 1596 823 laudes
1623 785 1946 844 contexere;
1981 783 2110 849 quia

536 851 662 892 cum
704 843 879 912 major
909 847 1104 903 debeat
1130 867 1248 907 esse
1278 861 1429 912 testis
1471 862 1562 916 illo
1607 864 1694 917 cui
1734 868 1824 922 dat
1871 843 2113 928 testimo-

537 931 710 996 nium,
743 951 888 991 nunc
920 938 1144 995 inferior
1183 959 1266 999 est
1300 951 1562 1019 quilibet,
1599 971 1665 1011 eo
1690 960 1783 1027 qui
1812 961 2109 1019 beatitudi—

535 1039 658 1077 nem
705 1038 920 1096 propter
951 1033 1072 1087 vita
1114 1052 1227 1092 sua:
1268 1043 1468 1097 exitum
1511 1045 1674 1102 habet
1727 1054 1874 1106 omni
1913 1056 2109 1110 discri-

537 1116 683 1170 mine
717 1133 1008 1190 expertem.
1043 1127 1239 1183 Verum
1271 1134 1412 1187 enim
1447 1151 1575 1191 vero
1606 1140 1766 1194 etiam
1800 1146 2108 1212 apostolum

535 1205 761 1264 laudare
786 1250 799 1274 ,
832 1223 885 1267 et
911 1216 1132 1284 quidem
1161 1235 1226 1274 ex
1259 1222 1563 1280 illustribus
1588 1245 1779 1296 unum,
1812 1205 2002 1303 quanti
2033 1238 2110 1291 la-

534 1299 686 1356 boris
717 1305 840 1370 erit,
875 1316 933 1360 ut
957 1311 1130 1376 possit
1158 1313 1384 1382 spiritus
1415 1319 1588 1372 attolli
1625 1299 2107 1393 contemplationi-

545 1392 740 1458 bus,et
780 1397 960 1464 dignis
993 1403 1248 1468 plaudere
1278 1407 1538 1464 vocibus!
1582 1409 1714 1466 Nam
1747 1417 1904 1484 cujus
1941 1432 2108 1473 sonus

532 1479 585 1533 in
619 1485 926 1541 universam
962 1499 1160 1547 terram
1198 1496 1276 1550 sic
1306 1499 1493 1563 exivit,
1526 1510 1586 1556 ut
1623 1507 1911 1561 verborum
1948 1509 1999 1562 vi
2039 1510 2106 1563 ad

532 1573 679 1629 illius
706 1577 842 1632 ﬁnes
874 1586 1194 1649 pervaserit,
1226 1588 1344 1656 ejus
1371 1603 1518 1645 certe
1540 1609 1762 1650 necesse
1786 1608 1869 1652 est
1899 1610 1956 1653 ut
1985 1602 2105 1654 laus

531 1666 735 1733 pariter
762 1671 1107 1730 exaudiatur.
1155 1677 1323 1732 Porro
1355 1683 1620 1749 ejusmodi
1661 1691 1808 1756 operi
1850 1692 1971 1759 quis
2009 1708 2105 1761 par

531 1760 639 1814 sit?
676 1764 802 1830 quis
847 1775 1054 1822 tantum
1093 1771 1194 1824 sibi
1239 1773 1449 1831 fiducia:
1481 1781 1698 1833 sumat?
1738 1784 1862 1850 quis
1897 1760 2105 1838 tantum

528 1849 704 1903 valeat
724 1852 747 1904 ?
767 1853 977 1908 Etenim
1005 1874 1133 1911 num
1158 1861 1284 1930 quia
1311 1879 1408 1918 nec
1428 1864 1620 1921 Petrus
1638 1885 1738 1923 nec
1752 1869 1989 1926 Joannes
2007 1884 2109 1938 est,

531 1937 733 1997 idcirco
763 1947 916 2002 divus
949 1948 1360 2012 Bartholomeus
1389 1959 1602 2013 exiliter
1619 1971 1703 2015 est
1733 1965 2109 2036 celebrandus,

529 2039 585 2085 et
618 2049 727 2087 non
755 2038 938 2106 potius
971 2043 1137 2096 multa
1172 2045 1332 2101 laude
1357 2052 1716 2105 mactandus?
1736 2053 1936 2109 Christi
1961 2057 2115 2111 disci-

529 2123 716 2191 pulum
740 2129 964 2184 omnino
984 2134 1156 2200 audis,
1193 2147 1246 2190 et
1274 2143 1660 2206 procedentem
1684 2160 1788 2197 non
1827 2148 2114 2214 perhorre-

530 2212 673 2266 scis?
696 2217 936 2273 veritatis
954 2230 1145 2276 testem
1173 2226 1429 2298 intelligis
1448 2271 1462 2294 ,
1511 2241 1565 2285 et
1585 2249 1707 2287 eum
1727 2212 2114 2304 qui—celebran-

530 2301 632 2357 dus
661 2314 746 2358 est
776 2322 882 2361 non
912 2313 1249 2369 admiraris?
1291 2317 1355 2373 Et
1385 2322 1602 2386 quidem
1628 2327 1841 2381 etiamsi
1877 2345 2019 2384 unus
2047 2330 2113 2383 de

531 2394 718 2450 multis
756 2409 861 2461 est,
893 2403 1250 2462 nihilominus
1283 2411 1425 2466 inter
1459 2413 1549 2468 Dei
1590 2416 1822 2473 famulos
1864 2420 2114 2476 laudibus

531 2485 764 2538 excellit.
792 2485 985 2545 Nonne
1013 2494 1138 2560 quia
1173 2496 1226 2549 in
1261 2499 1449 2555 divino
1492 2504 1829 2565 duodenario
1883 2525 2110 2564 numero

534 2569 749 2629 medius
793 2586 903 2641 est,
949 2585 1103 2648 quasi
1156 2586 1320 2660 (sol)
1362 2591 1504 2646 inter
1543 2594 1745 2648 lumina
1784 2599 1969 2652 mundi
2007 2600 2113 2654 late

532 2665 810 2732 splendet?
841 2669 934 2723 Est
961 2676 1105 2727 enim
1135 2677 1224 2734 hic
1252 2680 1624 2737 duodenarius
1657 2702 1938 2750 numerus,
1978 2690 2106 2743 har-

533 2755 762 2812 monica:
787 2762 1009 2817 cithara:
1033 2767 1251 2832 similis,
1283 2781 1469 2842 utpote
1493 2777 1585 2843 qui
1620 2792 1799 2844 parem
1837 2780 2107 2834 similem-

533 2861 640 2915 que
667 2855 934 2921 utrimquc
961 2871 1154 2910 sonum
1183 2861 1466 2932 theologia:
1484 2869 1702 2922 emittit.
1725 2870 1814 2923 Vel
1843 2873 1884 2926 si
1914 2874 2106 2938 mavis,

533 2939 677 2994 sicut
729 2945 781 2996 in
845 2962 1029 3001 annuo
1077 2951 1328 3019 circulo,
1384 2958 1821 3032 uniuscujusque
1869 2965 2106 3029 mensis,

533 3035 758 3100 aequalis
780 3049 861 3091 est
887 3041 1093 3096 utilitas
1113 3058 1233 3112 qua:
1253 3049 1549 3105 universim
1569 3049 1871 3121 conl'ertd‘r,
1894 3057 2109 3111 etiamsi
2139 3066 2180 3122 C
2216 3071 2334 3138 ῐσης

535 3128 757 3195 prepria
781 3133 1085 3198 quantitate
1110 3148 1164 3189 et
1187 3140 1444 3206 qualitate
1462 3145 1597 3197 alter
1614 3145 1793 3199 differt
1818 3149 1886 3201 ab
1916 3149 2107 3205 altero.

534 3215 650 3272 Non
679 3233 762 3274 est
789 3238 988 3290 parvus
1014 3228 1098 3280 hic
1122 3230 1371 3286 laudatus
1393 3244 1600 3298 noster,
1631 3237 1730 3291 sed
1751 3241 1975 3308 spiritus
2004 3244 2113 3295 vir-

536 3323 647 3368 tute
662 3317 931 3385 sublimis;
952 3321 1156 3377 habens
1168 3326 1455 3392 quemdam
1472 3331 1634 3383 etiam
1655 3332 1704 3384 in
1718 3333 1836 3402 ipsa
1855 3345 2116 3405 supputa-

539 3407 684 3459 tione
707 3410 995 3476 mysticum
1015 3429 1258 3480 sensum,
1278 3420 1577 3473 secundum
1602 3423 2000 3479 arithmeticam
2026 3443 2112 3480 re-

539 3499 739 3568 gulam.
764 3500 1082 3559 Solusenim
1105 3510 1354 3563 senarius
1377 3526 1662 3576 numerus,
1698 3530 1764 3571 ex
1785 3519 2014 3571 nomade
2055 3518 2107 3572 in

546 3591 660 3645 suis
687 3594 930 3660 partibus
967 3597 1237 3662 perlectus
1261 3613 1377 3664 est,
1402 3605 1601 3672 quibus
1623 3605 1754 3673 ipsis
1782 3611 2104 3679 completur,

539 3681 717 3736 media
763 3685 969 3740 scilicet
1015 3688 1098 3741 sui
1139 3700 1290 3758 parte
1326 3693 1553 3748 triadem
1578 3735 1595 3761 ,
1633 3698 1790 3752 tertia
1833 3700 2060 3770 dyadem
2089 3744 2104 3769 ,

540 3783 690 3828 sexta
728 3778 1012 3832 monadem
1044 3779 1305 3838 emciens.

607 3865 662 3917 2.
704 3866 855 3931 Quod
889 3870 932 3924 si
957 3872 1120 3926 etiam
1181 3877 1476 3932 secundum
1510 3881 1740 3937 Actuum
1789 3886 2113 3954 apostolico-

541 3970 662 4008 rum
702 3958 1192 4018 dinumerationem
1234 3965 1299 4030 η,
1331 3971 1616 4037 septimum
1667 3989 1790 4026 eum
1826 3991 2112 4043 ponamus,

540 4046 866 4117 principium
899 4068 1090 4109 rursus
1117 4065 1199 4110 est
1233 4067 1286 4110 et
1320 4069 1502 4114 vertex
1543 4064 1793 4119 secunda:
1843 4067 2065 4122 hexadis
2097 4085 2110 4120 :

544 4146 704 4206 atque
751 4140 876 4196 hinc
923 4149 1286 4218 argumentari
1339 4150 1464 4205 licet
1517 4169 1639 4206 eum
1700 4156 2013 4212 relationem
2053 4160 2113 4210 ad

543 4228 761 4285 Petrum
801 4234 999 4291 habere
1040 4241 1269 4293 :etcnim
1316 4251 1372 4294 ut
1401 4244 1450 4295 in
1491 4245 1670 4313 priore
1721 4247 1940 4316 hexade,
1973 4251 2118 4318 prin-

544 4322 743 4386 cipium
768 4327 1087 4383 relationem
1125 4331 1286 4386 habet
1315 4335 1379 4388 ad
1410 4334 1570 4390 linem
1598 4356 1613 4404 ;
1637 4338 1710 4392 ita
1742 4342 1792 4393 in
1817 4344 2118 4410 posteriore

547 4412 754 4468 hexade
797 4413 1238 4475 ~Bartholomaeus
1291 4425 1578 4481 summitas
1626 4438 1708 4483 est
1761 4431 1973 4486 illorum
2023 4435 2114 4502 qui

545 4512 666 4568 post
696 4503 874 4572 ipsum
905 4518 1281 4564 numerantur.
1308 4509 1374 4564 Et
1404 4513 1624 4578 videsis,
1658 4517 1994 4574 charissimc.
2016 4499 2112 4576 βεε-
2148 4499 2190 4550 D

545 4604 661 4650 trus
690 4596 846 4651 docet
870 4611 1078 4668 gentes,
1102 4599 1530 4660 Bartholomazus
1557 4608 1677 4675 pari
1716 4612 1943 4680 vestigio
1989 4629 2111 4682 gra-

617 4731 660 4764 “
687 4735 805 4790 Act.
834 4736 885 4801 l,
915 4737 1001 4792 15.

1727 255 1785 312 S.
1829 257 2217 322 THEODORI
2249 267 2592 331 STUDI'I‘E

3687 297 3798 361 792

2960 395 2994 446 ιι

3004 438 3013 447 .

2222 471 2330 524 Τοῦ
2360 477 2534 560 ὁσίου
2559 482 2794 560 [ἰατρὸς
2818 483 2984 560 mter
3013 489 3107 538 καὶ
3139 488 3510 560 ὁμολογητοῦ
3563 495 3794 548 Θεοδώ-

2276 561 2390 626 ρου
2421 549 2744 626 Στρυδίτου
2770 549 3058 622 ἐγκώμιον
3086 549 3184 622 εἰς’
3223 549 3346 612 τόγ’
3376 549 3635 626 ἔνδοξον
3687 570 3788 620 καὶ

2284 615 2458 682 ἅγιον
2484 615 2831 676 ἀπόστολοι)
2859 615 3116 692 Χριστοῦ
3145 615 3614 701 Παρθολομαῖδκέ

2282 715 2350 759 α’.
2381 710 2650 777 Μέγιστος
2677 715 2776 783 μὲν
2813 717 2980 784 ἀγὼν,
3009 721 3302 791 προσθήσω
3318 724 3374 775 δέ
3399 726 3481 777 ὅτι
3509 729 3605 780 καὶ
3633 728 3794 792 κλέσς

2211 799 2522 853 οὑτινοσοῦν
2577 804 2684 856 τῶν
2719 808 2888 874 άγίων
2922 809 3142 866 ἔπαινον
3192 815 3587 884 ἐξυφάνασθαι,
3651 822 3789 873 καο-

2211 890 2337 942 όσον
2375 893 2576 961 μείζων
2616 899 2642 948 6
2674 899 2884 968 μάρτυς
2934 903 3166 971 ὀφείλων
3195 906 3290 959 τοῦ
3331 914 3788 982 μαρτυρουμένου

2213 979 2596 1044 καθίστασθαι,
2629 987 2968 1057 ἐνδεέστερός
3007 993 3157 1045 ἐστιν
3203 996 3440 1058 ἐνταῦθα
3492 979 3643 1064 ἀπας
3689 1005 3788 1056 τοῦ

2211 1072 2300 1120 τὸν
2360 1075 2709 1143 μακαρισμὸν
2763 1077 2849 1131 διὰ
2879 1081 2977 1150 τῆς
3037 1084 3351 1150 ἐκόιὼσεως
3415 1091 3789 1162 ἀνεπίληπτον

2214 1162 2424 1230 ἔχοντος
2457 1167 2566 1235 (52)
2587 1183 2598 1195 ·
2625 1168 2684 1219 τὸ
2709 1169 2764 1222 δὲ
2822 1173 2940 1224 καὶ
2972 1174 3271 1230 ἀπόστολον
3321 1181 3631 1247 ἐπαινέσαι,
3694 1187 3788 1254 καὶ

2209 1247 2398 1301 τοῦτον
2419 1250 2527 1302 τῶν
2560 1254 2867 1327 ἐπισήμων,
2900 1261 3072 1330 πόσης
3111 1265 3177 1318 ἂν
3205 1267 3290 1336 εἴη
3346 1270 3444 1336 τῆς
3491 1251 3786 1340 ἐργωδίαξ.

2211 1339 2350 1392 ὥστε
2388 1343 2484 1395 τοῦ
2511 1348 2819 1416 πνεύματος
2841 1354 3152 1424 ἐπαρθῆναι
3204 1365 3322 1424 ταῖς
3361 1339 3638 1434 θεωρίαις,
3694 1369 3788 1420 καῖ

2211 1432 2474 1501 κροτῆσαι
2500 1437 2616 1499 ταῖς
2643 1440 3200 1517 μεγαλοφωνίαιςμοῦ
3230 1451 3337 1522 γὰρ
3361 1454 3387 1504 6
3415 1432 3654 1523 φθόγγος
3704 1461 3786 1513 el:

2213 1525 2389 1576 πᾶσαν
2421 1526 2518 1594 τὴν
2549 1530 2652 1599 γῆν
2681 1531 3020 1605 ἐξελήλυθεν,
3059 1539 3135 1602 ὡς
3168 1544 3232 1613 τῇ
3255 1543 3362 1595 τῶν
3389 1546 3653 1616 ῥημάτων
3692 1549 3784 1601 δυ-

2210 1614 2371 1685 νάμει
2404 1620 2638 1674 διάττειν
2671 1636 2696 1664 ι
2730 1630 2840 1691 τοῖς
2873 1629 3119 1700 πέρασιν,
3149 1633 3392 1704 δεήσειεν
3439 1639 3505 1691 ἂν
3556 1641 3785 1704 εἰκότως

2143 1731 2181 1784 Β
2211 1711 2305 1760 καὶ
2343 1711 2371 1761 6
2411 1711 2632 1778 ἔπαινος
2665 1718 2749 1770 ἐπ’
2789 1719 2906 1789 ἴσης
2957 1717 3443 1791 ὲξακουτίζεσθαιί
3498 1734 3592 1784 καὶ
3647 1734 3784 1802 πρὸς

2216 1797 2390 1852 ταῦτα
2414 1802 2494 1864 τίς
2529 1804 2745 1872 ίκανός;
2785 1809 2868 1872 τίς
2918 1810 3140 1877 εὔελπις
3173 1833 3187 1880 ;
3222 1817 3305 1880 τίς
3357 1809 3650 1892 εὖσθενής;
3693 1797 3782 1895 ’μὴ

2217 1891 2324 1959 γὰρ
2367 1892 2446 1945 ὅτι
2477 1895 2536 1946 οὐ
2574 1897 2798 1967 Πέτρος,
2832 1901 2985 1956 οὐδὲν
3030 1906 3302 1978 Ἰωάννης,
3336 1913 3362 1962 6
3397 1911 3539 1975 θεῖος
3571 1891 3786 1982 γΒαρθολ

2217 1978 2440 2050 λομαῖος
2472 1983 2572 2053 ἢδη
2611 1987 3061 2058 μικρολογητέος,
3088 1993 3181 2046 καὶ
3226 1996 3286 2046 οὐ
3320 1997 3521 2067 πολλῆς
3568 1978 3784 2069 χρῄζων

2216 2068 2312 2133 τῆς
2343 2070 2653 2138 εὑφημίας;
2692 2075 2940 2145 μαθητὴν
2972 2079 3210 2146 Χριστοῦ
3234 2082 3454 2146 ἀκούεις
3485 2087 3644 2149 ὅλως,
3693 2087 3785 2139 καὶ

2214 2159 2275 2210 οὐ
2333 2161 2576 2230 φρίττεις
2601 2164 2692 2215 τὸν
2719 2167 2975 2235 προϊόντα
3008 2168 3071 2233 b;
3108 2170 3361 2243 μάρτυρα
3392 2176 3491 2243 τῆς
3522 2175 3783 2244 ἀληθείας

2215 2249 2416 2314 ἐννοεῖς
2470 2252 2604 2322 (55),
2635 2257 2728 2306 καὶ
2757 2257 2816 2308 οὺ
2843 2257 3083 2327 τέθηπας
3112 2261 3204 2313 τὸν
3234 2262 3530 2333 ᾀδόμενον;
3563 2267 3784 2336 καὶμὴν

2215 2341 2263 2392 εἰ
2297 2342 2390 2405 καὶ
2422 2343 2530 2396 τῶν
2565 2345 2772 2398 πολλῶν
2807 2342 2886 2409 εἷς
2915 2344 3002 2418 ἦν,
3037 2351 3188 2420 ὅμως
3222 2355 3328 2408 τῶν
3347 2355 3481 2408 Θεοῦ
3514 2355 3782 2423 θεραπόν-

2214 2448 2320 2482 των
2350 2435 2784 2504 προφερέστερος
2818 2437 2926 2490 τῶν
2974 2442 3212 2496 ἐπαίνων
3243 2461 3256 2474 ·
3293 2445 3368 2515 μὴ
3394 2446 3473 2498 ὅτι
3499 2449 3597 2515 τῆς
3633 2448 3782 2514 θείας

2217 2519 2572 2596 [δυοδεκάδος]
2603 2527 2748 2579 ἐστὶν
2783 2529 2811 2579 6
2851 2533 3179 2599 μεσαίτατος
3209 2537 3344 2604 (54),
3376 2537 3606 2591 καὶτῶν
3671 2559 3786 2610 φα.-

2215 2615 2428 2683 στήρων
2467 2616 2559 2667 τοῦ
2585 2618 2789 2687 κόσμου
2820 2621 2848 2672 ὁ
2889 2623 3241 2694 διαπρύσιοςς
3303 2628 3449 2680 εστιν
3503 2630 3612 2701 γάρ
3645 2634 3784 2704 αὒτὴ

2214 2703 2335 2755 καθ’
2370 2706 2570 2776 ἑαυτὴν
2600 2710 2631 2777 ὴ
2659 2708 3037 2778 δυοκαιδεκὰς,
3072 2714 3262 2786 ὥσπερ
3293 2719 3385 2772 ἐπὶ
3416 2721 3652 2793 κιθάρας
3700 2703 3782 2776 ἐνέ

2213 2795 2473 2864 αρμονίου
2507 2799 2821 2869 ἐφάμιλλος,
2861 2803 2973 2856 ἴσον
3009 2805 3100 2857 καὶ
3160 2809 3344 2877 ὅμοιον
3389 2812 3782 2881 ἀμφοτέρωθεν

2211 2887 2301 2938 τὸν
2345 2881 2479 2958 ἦχον
2507 2890 2605 2960 τῆς
2633 2892 2911 2960 θεολογίας
2951 2896 3354 2968 ἀναπέμπουσα
3375 2918 3387 2931 ·
3420 2904 3468 2954 εί
3516 2903 3699 2974 βούλει
3725 2904 3781 2956 δὲ

2215 2977 2400 3051 ὥσπερ
2436 2983 2526 3035 ἐπ).
2551 2986 2880 3038 ἐνιαυσιαίου
2916 2988 3117 3041 κύκλου
3179 2993 3412 3045 ἑκάστου
3479 2995 3649 3065 μηνὸς
3696 2994 3783 3047 ἐπ’

2361 3072 2421 3124 τὸ
2455 3076 2724 3144 χρήσιμον
2757 3078 2814 3128 ἐν
2843 3078 2920 3148 τῷ
2941 3080 3106 3131 παντὶ
3152 3085 3625 3153 συνεισφέροντος,
3684 3084 3785 3137 κᾶν

2217 3161 2324 3232 ἰδία
2357 3163 2544 3233 ἕτερος
2587 3167 2774 3237 ἐτέρου
2831 3169 3091 3239 ποσότητι
3146 3189 3205 3224 τε
3245 3174 3337 3224 καὶ
3372 3175 3619 3243 ποιότητι
3673 3173 3784 3244 ἔχοι

2216 3253 2276 3305 τὸ
2322 3255 2575 3326 διάφορον
2601 3271 2613 3282 ·
2648 3258 2748 3310 οὐκ
2773 3261 3048 3328 ὀλιγοστὸς
3087 3263 3217 3334 ἡμῖν
3267 3267 3294 3318 6
3341 3266 3784 3336 εὐφημούμενος,

2216 3345 2347 3397 ἀλλά
2376 3347 2472 3399 καὶ
2513 3347 2632 3402 λίαν
2655 3352 2964 3422 ἐπηρμένος
2980 3359 3044 3427 τῇ
3079 3356 3304 3427 δυνάμει
3325 3357 3418 3411 τοῦ
3449 3359 3785 3429 πνεύματος,

2215 3435 2352 3505 ἔχων
2381 3455 2433 3491 τι
2458 3441 2549 3493 καὶ
2573 3442 2629 3493 ἐν
2654 3443 2790 3515 αὐτῇ
2853 3449 2917 3517 τῇ
2938 3438 3327 3519 ’ἀπαριθμήσει
3353 3451 3618 3519 μυστικὸν
3650 3451 3786 3503 θεώ-

2221 3547 2284 3596 ρη
2295 3546 2370 3598 μα
2403 3532 2515 3602 (55)
2542 3537 2681 3588 κατά
2694 3537 3061 3610 ἀριθμητικὴν
3083 3541 3302 3610 μέθοδον
3324 3557 3338 3571 ο
3369 3541 3527 3611 μόνος
3553 3542 3664 3611 γὰρ
3682 3545 3710 3595 6
3727 3543 3786 3610 ἒξ

2213 3620 2444 3691 ἀριθμὸς
2486 3626 2592 3678 τῶν
2638 3629 2745 3680 ἀπὸ
2767 3628 3214 3698 μονάδος-τέλειός
3230 3634 3374 3684 ἐστιν
3388 3635 3454 3698 ἐνί
3464 3636 3574 3696 τοῖς
3591 3628 3786 3687 ἑαυτοῦ

2216 3703 2459 3782 μέρεσιν,
2493 3717 2981 3789 συμπληρούμενος
3038 3724 3101 3774 ἐκ
3147 3723 3257 3775 τῶν
3291 3724 3500 3777 αὐτῶν
3539 3726 3788 3796 ἡμίσεως

2217 3804 2332 3871 μὲν,
2367 3806 2582 3875 τριάδος
2610 3825 2624 3840 ·
2657 3810 2840 3880 τρίτου
2874 3811 3166 3876 δὲδυάδος·
3199 3813 3357 3867 ἕκτου
3389 3815 3467 3878 δὲ,
3511 3818 3755 3886 μονάδος.

2289 3898 2354 3966 β’.
2384 3901 2441 3953 Εἰ
2469 3902 2523 3954 δὲ
2547 3905 2641 3955 καὶ
2675 3905 2816 3957 κατὰ
2844 3906 2942 3976 τὴν
2975 3906 3084 3959 τῶν
3114 3908 3372 3979 Πράξεων
3398 3909 3789 3980 ἀριθμοθεσίαν

2216 3994 2446 4064 ἕϐδομον
2470 3996 2630 4048 αὑτὸν
2653 3996 2898 4067 θείημεν,
2928 3997 3070 4071 ἀρχὴ
3118 4001 3277 4054 πάλιν
3309 4003 3456 4055 ἐστὶν
3487 4003 3582 4056 καὶ
3615 4021 3784 4074 κορυ-

2219 4086 2292 4154 φὴ
2322 4088 2420 4154 τῆς
2445 4087 2703 4158 δευτέρας
2728 4090 2917 4155 ἑξάδος
2942 4108 2956 4121 ·
2986 4092 3061 4156 ὡς
3087 4092 3335 4147 ἐντεῦθεν
3388 4095 3784 4165 τεκμαίρεσθαι

2218 4180 2355 4247 πρὸς
2379 4180 2586 4251 Πέτρον
2616 4183 2780 4240 αὑτὸν
2809 4184 2907 4251 τὴν
2931 4186 3208 4256 ἀναφοράν
3241 4186 3404 4256 ἔχειν,
3443 4189 3507 4240 ἐκ
3559 4188 3657 4256 μὲν
3691 4188 3786 4256 τῆς

2220 4270 2442 4341 πρώτης
2497 4273 2704 4337 ἑξάδος,
2763 4277 3130 4344 ἀναλογούσης
3180 4278 3275 4344 τῆς
3323 4277 3498 4346 ἀρχῆς
3545 4277 3625 4346 τῷ
3646 4278 3786 4330 τέλει

2222 4362 2333 4430 (56)
2362 4380 2374 4392 ·
2413 4366 2476 4415 ἐκ
2505 4364 2559 4417 δὲ
2589 4365 2688 4433 τῆς
2711 4365 2990 4434 δευτέρας,
3020 4366 3100 4418 ὃτι
3129 4368 3353 4436 κορωνὶς
3383 4366 3492 4418 τῶν
3535 4367 3655 4436 μετ’
3689 4367 3784 4420 αὒ-

2220 4454 2317 4523 τὴν
2347 4454 2784 4523 ἀριθμουμένων.
2843 4456 3033 4524 Ἀθρει
3081 4457 3212 4524 γὰρ,
3265 4457 3536 4527 ἀγαπητέ.
3584 4458 3786 4528 Πέτρος

2222 4544 2517 4614 μαθητεύει
2552 4547 2618 4599 τὰ
2648 4546 2774 4616 ἔθνη
2812 4563 2827 4579 ο
2862 4547 2998 4600 ἀλλά
3030 4548 3122 4601 κα).
3151 4548 3558 4620 Βαρθολομαῖος
3594 4567 3774 4620 μετιχ-

2218 4639 2396 4701 νιᾶται
2453 4626 2522 4690 τὰ
2559 4639 2669 4690 ἶσα.
2702 4638 2908 4712 Πέτρου
2945 4639 3138 4713 ὡραῖοι
3171 4641 3221 4693 οἱ
3263 4641 3426 4702 πόδες
3487 4642 3558 4696 τὰ
3608 4641 3788 4708 ἀγαθά

1803 4847 2034 4902 νΑιιικΕ
2069 4847 2472 4905 LECTIONES.

619 4923 990 5022 0_An':|'stasius
1015 4945 1180 4998 prave
1211 4934 1423 5005 legebat
1481 4938 1785 4997 διατάττειν
1845 4943 2117 4997 ordinare.
2196 4946 2224 4984 ι)
2259 4945 2583 5000 Anastasius
2628 4947 2840 5001 videtur
2873 4948 3383 5020 legisse-’rtpo‘iévm,
3417 4951 3512 5022 qui
3537 4951 3674 5007 dicit
3699 4954 3786 5022 qui

549 4993 693 5046 misit
726 4995 904 5050 illum.

2086 5111 2316 5168 NOTAE.

620 5183 731 5252 (32)
760 5183 1257 5258 Mihialiquantum
1291 5191 1561 5246 obscurus
1609 5195 1894 5251 videbatur
1930 5200 2108 5258 locus.

552 5256 1181 5328 Anastasiuslquidquid
1222 5259 1430 5328 legerit)
1456 5263 1769 5320 dilllcnltate
1806 5285 1863 5321 sc
1886 5256 2110 5325 feliciter

550 5323 763 5408 expellit
787 5325 1030 5378 scribens
1057 5323 1215 5408 ﬁed
1235 5323 1424 5408 m'ajori
1452 5332 1719 5408 devotione
1737 5349 1939 5407 martyr
1969 5323 2113 5408 quis;

548 5408 646 5459 que
675 5393 892 5448 debetur
934 5395 1240 5473 qttolli,_in
1288 5393 1442 5467 cujus
1496 5393 1901 5473 ιφιξαιιῖβεοιὶοιιεν
1942 5393 2110 5464 omnis

551 5478 719 5546 serum
749 5466 1097 5546 today/icit.
1141 5466 1231 5522 Sic
1260 5479 1310 5546 et
1348 5466 1470 5546 mox
1502 5466 1739 5546 segerit,
1776 5495 1935 5546 quem
1970 5481 2106 5533 vide.

621 5534 886 5614 (53l_Cnd.
915 5533 1007 5586 Gr.
1055 5533 1209 5614 γει.-
1241 5540 1495 5614 εὐποιεῖς.
1534 5533 1640 5614 ,séa
1692 5533 1836 5614 patet
1882 5551 2113 5604 Anasta-

552 5601 692 5682 sium
729 5606 923 5677 legisse
960 5606 1163 5662 rectius
1195 5610 1421 5676 ἐννοεῖς,
1453 5601 1581 5683 quia
1620 5601 1811 5672 scribit
1839 5601 2110 5675 aetatu—ca-

2286 5202 2400 5276 (55)
2423 5200 2665 5271 Respicit
2717 5203 2963 5259 ordinem
2999 5220 3106 5276 quo
3140 5205 3498 5260 nominantur
3555 5203 3786 5276 apostoli

2216 5273 2582 5360 apinlmLplc-am
2611 5290 2844 5360 cap._x._
3016 5273 3030 5276 ἡ
3092 5346 3105 5360 _
3168 5345 3180 5360 ‘
3340 5345 3364 5360 ⁸
3421 5345 3432 5359 ν
3592 5273 3648 5360 ⁷,

2287 5344 2415 5427 (55)
2435 5342 2564 5423 lilire
2587 5345 2916 5427 ‘Ana‘stasius
2953 5345 3277 5427 vocabulum
3339 5345 3604 5427 θεὼρῃμα
3638 5347 3786 5427 intel-

2215 5413 2330 5480 ligit
2374 5413 2464 5465 Dei
2489 5414 2665 5486 verba.
2695 5413 2827 5486 Nam
2869 5431 2968 5469 nec
2996 5431 3111 5468 voc.
3147 5426 3328 5484 typum
3361 5413 3509 5486 quod
3535 5420 3785 5486 sequitur

2216 5482 2268 5535 in
2296 5483 2604 5541 Anastasio,
2642 5484 2799 5564 habet
2838 5486 3006 5568 codex
3040 5482 3226 5568 139“.
3269 5557 3279 5567 _
3377 5482 3391 5486 ’
3615 5482 3630 5486 -
3731 5558 3744 5568 .

2287 5553 2398 5618 (56)
2441 5555 2764 5636 Anastasius
2794 5554 2967 5636 nitide
3001 5555 3372 5636 {Principium
3413 5568 3693 5626 reputatur
3727 5558 3779 5636 iu

2222 5623 2486 5697 termino}
2534 5625 2699 5697 quod;
2731 5639 2838 5678 non
2889 5624 3156 5695 displicet.
3191 5624 3337 5682 Petri
3383 5623 3646 5684 numerus
3676 5627 3786 5697 pri-

2222 5707 2345 5746 mus
2373 5692 2605 5747 refertur
2639 5695 2703 5749 ad
2736 5707 2948 5751 sextum
2978 5692 3246 5752 ultimum.
