4018 6304
176 357 293 419 793

932 367 1218 429 ORATIO
1267 373 1342 431 Χ.
1397 398 1465 408 --
1495 372 1576 432 ΙΝ
1625 374 1685 433 S.
1735 373 2380 436 BARTHOLOMAEUM
2442 376 2698 436 APOST.

3335 373 3438 438 79‘

176 467 706 540 εὐαγγελιζομένου,
741 473 876 526 ἀλλὰ
903 477 996 530 καὶ
1032 479 1437 549 Βαρθολομαίου
1457 485 1705 557 ὲῖσὸτερα
1735 495 1744 519 ι

1866 484 2032 539 ditur.
2074 485 2214 540 Petri
2249 487 2476 556 speciosi
2513 495 2638 542 sunt
2667 487 2831 556 pedes
2874 489 3010 541 bona
3062 485 3440 554 evangelizan-

176 559 263 622 ei;
295 561 366 613 τὰ
402 562 653 631 μετέωρα
685 563 1072 632 θεολογοῦντος.
1128 573 1334 643 Πέτρος
1365 575 1748 646 τερατουργῶν

1863 578 1952 640 tis,
1983 579 2076 632 sed
2107 587 2162 632 et
2193 577 2576 632 Bartholomazi
2613 594 2768 649 pares
2792 588 2919 633 sunt
2943 594 3160 649 gressus
3183 577 3435 632 sublimia

173 651 246 705 τὰ
287 652 530 722 μεγάλα,
563 653 697 706 ἀλλὰ
750 658 841 708 καὶ
887 659 1290 730 Βαρθολομαῖος
1327 665 1744 737 θαυματουργῶε

1865 667 1931 722 de
1969 667 2079 722 Deo
2111 669 2401 738 loquentis.
2438 669 2630 724 Petrus
2661 685 2853 740 magna
2890 670 3137 739 prodigia
3172 668 3304 728 edit.
3342 669 3433 724 sed

173 744 246 797 τὰ
303 745 561 813 ραγδαῖα.
599 748 802 816 Πέτρος
831 749 1288 822 ἁνασταυροῦται,
1323 758 1457 810 ἀλλὰ
1488 760 1582 811 καὶ
1627 760 1765 827 Βαρ-

172 835 476 906 θολομαῖος
517 837 798 892 ἀντίποινα
829 841 1053 910 πάσχων
1076 852 1468 916 καρατομεῖται
1505 866 1516 877 ·
1537 851 1637 902 ὅσα
1661 850 1763 922 δρᾷ

173 927 414 996 Πέτρος,
471 929 707 984 τοσαῦτα
773 933 988 1002 ἐνεργεῖ
1028 936 1463 1007 Βαρθολομαῖος·
1526 942 1610 1009 ἐφ’
1661 944 1760 995 ὅσα

171 1024 354 1091 χωρεῖ
382 1025 662 1092 μυστήρια
699 1028 726 1078 6
773 1026 996 1097 Πέτρος,
1041 1029 1132 1080 ἐπὶ
1165 1033 1405 1084 τοσαῦτα
1464 1035 1758 1103 ἐμϐατεύει

171 1110 592 1180 Βαρθολομαῖος
615 1130 630 1145 ·
673 1115 760 1167 ἐπ’
795 1117 918 1184 ἴσης
955 1120 1033 1180 είς
1057 1118 1118 1171 τὸ
1140 1119 1238 1182 τῆς
1269 1119 1542 1190 θεολογίας
1601 1127 1758 1197 ἀνίη-

168 1219 258 1252 σιν
290 1202 426 1273 ὅρος
469 1220 482 1233 ⁶
529 1205 618 1257 ἐπ’
655 1206 775 1276 ῐσης
805 1207 1044 1278 θεμελιοῖ
1099 1212 1198 1281 τὴν
1235 1213 1562 1286 Ἐκκλησίαν
1586 1235 1599 1248 ·
1663 1220 1759 1272 άν-

164 1293 420 1362 τίῤῥοπα
483 1294 640 1365 ἔσχεν
693 1299 760 1350 τὰ
805 1299 967 1352 λοιπὰ
1017 1301 1134 1355 θεῖα
1194 1306 1531 1376 χαρίσματα.
1582 1310 1753 1382 Δεῦρο

166 1385 778 1486 ἷοῦνΩμει).ισσόμενος,
828 1393 986 1460 γενοῦ
1021 1392 1250 1466 ε’ὕψορόξ
1304 1399 1416 1470 (57)
1465 1401 1558 1453 τοῦ
1594 1402 1754 1471 λόγου

163 1477 209 1524 ὼ
253 1477 452 1548 μάκαρ
475 1494 489 1508 ο
523 1479 802 1548 τράνωσόν
835 1499 936 1551 μου
963 1483 1063 1554 τὴν
1137 1486 1385 1553 γλῶτταν
1440 1489 1535 1542 τοῦ
1597 1509 1729 1561 μογι

164 1565 334 1621 λάλου
363 1584 377 1597 ⁸
413 1569 559 1622 δίδου
597 1589 684 1641 μοι
715 1573 812 1636 τὰς
833 1575 1090 1645 ἀφορμάς
1137 1577 1246 1631 τῶν
1303 1582 1597 1652 ἐγκωμίων
1650 1585 1752 1652 τῆς

165 1657 268 1725 σῆς
289 1659 692 1734 μεγαλωσύνης
711 1681 726 1698 ο
745 1667 844 1736 οὐχ
870 1665 956 1720 ἴνα
968 1669 1128 1730 αὐτὸς
1154 1672 1481 1740 προσλάϐοις
1505 1693 1579 1742 τι,
1613 1675 1752 1746 ἔχων

164 1751 385 1804 οἴκοθεν
417 1753 527 1806 τῶν
557 1760 928 1829 μακαρισμῶν
957 1762 1016 1813 τδ
1055 1763 1282 1832 πλῆρες,
1345 1767 1460 1819 ἀλλ’
1505 1770 1592 1823 ἵνα
1652 1773 1751 1839 ἀφ-

162 1840 374 1912 οσιωθῇ
404 1844 432 1894 ὁ
467 1845 633 1908 πόθος
662 1847 754 1900 τού
783 1853 1216 1922 προστεταχότος
1248 1854 1361 1924 (58)
1391 1871 1405 1885 ’
1425 1862 1518 1911 καὶ
1546 1861 1594 1912 ἰν
1618 1862 1748 1931 ’ἐγὼ

163 1933 192 1984 6
220 1936 618 2003 πενιχρότατος
654 1941 779 2002 παῖς
806 1957 896 1992 σου
918 1946 1190 2014 πατρικῆς
1222 1946 1386 2017 εὐχῆς
1418 1951 1750 2007 ἀπολαύσαι-

167 2040 226 2091 μι
257 2064 272 2088 ,
302 2027 520 2097 ἐπαίνῳ
551 2029 641 2080 τὸν
672 2030 764 2081 σὸν
786 2031 1009 2086 ἔπαινον
1052 2038 1478 2107 συγκροτοῦντος
1507 2032 1626 2113 (ὅθί
1646 2062 1657 2075 ·
1684 2046 1744 2098 ού

163 2121 273 2186 γὰρ
320 2115 522 2172 οἷόντε
582 2122 850 2193 ἀμέτοχον
899 2130 1179 2199 φωτισμοῦ
1239 2135 1606 2206 μεμενηκέναι
1655 2138 1746 2191 τὸν

165 2209 301 2276 πρὸς
327 2210 433 2274 τὰς
463 2213 635 2274 αὑτὰς
659 2213 760 2283 τῆς
785 2216 1013 2289 ἡλιακῆς
1053 2221 1272 2286 ἀκτῖνος
1292 2208 1626 2280 ἀνανεύοντα
1648 2229 1745 2293 τὰς

165 2305 359 2374 κόρας.

230 2403 299 2464 γ’.
346 2397 546 2461 Ἀλλος
587 2401 683 2468 μὲν
709 2399 800 2455 οῦν
835 2405 1056 2458 ἄλλοθεν
1080 2407 1186 2460 τῶν
1206 2409 1520 2464 ἀποστόλων
1542 2413 1742 2484 διειλη-

164 2486 277 2554 φὼς
314 2491 486 2561 μέρος
514 2492 616 2560 τῆς
660 2496 986 2566 οἰκουμένης
1047 2502 1106 2551 ἐν
1151 2501 1230 2569 τῷ
1277 2504 1591 2574 κηρύγματι
1646 2509 1745 2576 τῆς

164 2577 518 2645 θεογνωσίας,
537 2583 631 2634 καὶ
659 2585 858 2648 πάντες
887 2587 945 2639 τὸ
962 2588 1067 2640 πᾶν
1088 2589 1513 2662 διανειμάμενοι,
1542 2613 1736 2666 στρατ-

163 2669 284 2735 ηγοὶ
336 2669 606 2741 ὤφθησαν
672 2675 745 2738 ὠς
795 2677 1031 2747 άληθῶς,
1076 2683 1169 2732 καὶ
1220 2684 1314 2735 τοῦ
1357 2688 1744 2755 παμὸασιλέως

164 2759 406 2828 Χριστοῦ
482 2763 889 2839 καθεστήκασιν
964 2771 1222 2840 ἄρχοντες
1256 2789 1270 2802 ·
1330 2780 1744 2846 Καταστήσας

163 2852 270 2920 γὰρ
296 2853 529 2918 αὐτοὺς
562 2855 861 2926 ἄρχοντας
916 2862 1014 2914 ἐπὶ
1077 2862 1284 2918 πᾶσαν
1341 2867 1457 2933 τὴν
1515 2869 1652 2938 γῆν,
1682 2873 1744 2925 τὸ

163 2941 401 3014 Γράμμα
449 2951 918 3019 προσηγόρευσεν.
975 2952 1066 3022 Τῷ
1117 2956 1294 3008 τοίνυν
1344 2959 1742 3032 εύφημουμένῳ

162 3035 359 3107 κλῆρος
391 3039 491 3091 καὶ
517 3041 698 3110 μερὶς,
735 3045 762 3095 ὁ
802 3045 899 3113 τῆς
963 3046 1251 3116 Ἀρμενίας
1306 3050 1506 3120 χῶρος,
1565 3056 1592 3106 ὁ
1636 3057 1744 3110 άπὸ

161 3126 360 3181 Εὖῖλὸιτ
397 3130 568 3200 μέχρι
603 3131 851 3200 Γαὸαὼθ,
882 3138 939 3189 ὲν
971 3138 1187 3201 πολλοῖς
1221 3141 1402 3194 ἔθνεσί
1432 3161 1488 3196 τε
1527 3147 1619 3197 καὶ
1648 3149 1738 3201 πό-

158 3217 271 3271 λεσι
315 3221 769 3292 περιοριζόμενος
797 3242 810 3255 ·
871 3227 1062 3281 τοῦτον
1105 3232 1412 3300 τοιγαροῦν,
1472 3236 1738 3291 άποστέλ-
1768 3234 1806 3287 C

160 3310 314 3364 λοντα
341 3313 436 3365 τὸν
470 3313 888 3384 Κύριον,ὲκεῖνα
917 3319 1059 3372 δοκῶ
1078 3323 1356 3390 μυστικῶς
1381 3325 1738 3396 φθέγγεσθαι*

167 3405 381 3471 Ἄπιθι,
411 3399 458 3458 ὦ
493 3406 736 3476 μαθητὰ,
771 3411 908 3480 πρὸς
927 3402 997 3465 ’τὸ
1027 3416 1305 3485 κήρυγμα,
1324 3416 1458 3482 ἔξιθι
1482 3421 1616 3491 πρὸς
1648 3423 1743 3475 πό-

161 3493 341 3562 λεμον,
372 3495 629 3567 χώρησον
653 3497 680 3536 ά
707 3499 839 3569 πρὸς
864 3502 1145 3567 κινδύνους
1165 3522 1179 3535 ·
1241 3508 1406 3578 κήδου
1443 3521 1505 3568 θ’,
1526 3494 1640 3580 μον
1683 3513 1741 3566 τὸ

162 3586 407 3654 πλάσμα,
439 3589 469 3641 ὃ
505 3590 782 3661 οἰκτείρας
816 3593 1285 3669 ὲνηνθρωπίσθης,
1341 3602 1435 3654 καὶ
1492 3603 1631 3674 ὑπὲρ
1679 3599 1740 3660 οὗ

164 3675 390 3729 θάνατον
420 3679 649 3750 εἱλόμην
676 3682 766 3733 τὸν
800 3675 1162 3740 ἐπονείδιστον
1189 3703 1202 3716 ·
1226 3689 1339 3757 ἐγὼ
1384 3692 1443 3744 τὸ
1475 3698 1738 3763 πατρικὸν

161 3765 316 3834 ἔργον
355 3769 710 3832 τετελείωκα,
743 3776 1144 3845 πρωτομάρτυς
1182 3778 1282 3848 τῆς
1335 3782 1593 3850 ἀληθείας
1649 3802 1741 3853 γε·

163 3856 412 3926 νόμενος·
450 3859 628 3930 ὑμῶν,
657 3863 717 3914 τὸ
775 3866 951 3918 ἐνδέον
991 3866 1010 3906 ί
1044 3865 1438 3940 ἀναπληρῶσαι
1461 3876 1568 3928 τῶν
1591 3879 1740 3947 ἐμῶν

164 3947 589 4020 ύστερημάτων,
623 3954 745 4006 καθ’
774 3957 1030 4024 ὁμοίωσίν
1069 3977 1170 4028 μου
1206 3964 1491 4029 τελοῦντας
1517 3983 1530 3996 ·
1566 3969 1738 4039 μίμηο

166 4039 247 4092 σαί
276 4057 368 4093 σου
396 4042 492 4094 τὸν
542 4043 893 4100 διδάσκαλον·
954 4052 1270 4123 παραζηλοῦ
1321 4055 1415 4108 τοῦ
1467 4059 1737 4113 Δεσπότου

165 4143 251 4180 σου
286 4131 354 4182 τὰ
376 4131 532 4222 πάθη
559 4149 574 4164 ο
602 4133 830 4202 αἴμασιν
887 4134 1026 4209 αἷμα
1083 4143 1276 4208 κάθες’
1321 4144 1568 4216 σαρξὶνἹ
1601 4152 1733 4222 σάρα

166 4233 260 4281 κας
286 4221 543 4290 προδίδου
570 4238 584 4252 ⁸
611 4225 789 4276 πάντα
811 4226 910 4279 ὅσα
943 4229 1253 4300 ὑπήνεγκα,
1303 4221 1734 4306 άντιπεπονθὼς,

167 4309 438 4378 ὑπόδειξον
458 4316 519 4369 ἐν
547 4315 697 4387 αύτῷ
725 4318 928 4389 ἐναργῆ
953 4321 1022 4374 τά
1049 4326 1408 4397 γνωρίσματα
1436 4325 1574 4382 Ιιτοῦ
1602 4330 1734 4402 ὲμὸῦ

166 4407 506 4477 χαρακτῆρος
536 4423 548 4436 ·
584 4409 726 4461 ὅπλα
751 4426 832 4462 σοι
864 4401 1004 4464 ιστω
1034 4415 1092 4466 τὸ
1123 4417 1506 4489 φιλάνθρωπον
1537 4425 1594 4476 ὲν
1621 4401 1735 4489 τοῖς

167 4494 548 4567 ἀπανθρώπως
585 4501 630 4564 i,
663 4502 726 4553 τὸ
754 4502 962 4574 ἥμερον
996 4507 1054 4559 ὲν
1097 4510 1207 4572 τοῖς
1258 4510 1613 4583 λοιδοροῦσιν,
1671 4518 1732 4570 τὸ

166 4585 479 4652 ἀνεξίκακον
505 4593 563 4644 έν
592 4595 705 4656 τοῖς
729 4595 1030 4650 κτείνουσιν
1054 4615 1067 4628 ’
1099 4599 1173 4662 ὡς
1198 4604 1466 4670 πρόϐατον
1499 4609 1556 4659 ἐν
1582 4609 1731 4680 μέσῳ

166 4673 331 4780 λύκων
360 4683 673 4751 γινόμενος,
707 4686 782 4749 ὡς
815 4673 1036 4758 ὁπλίτης
1069 4692 1403 4762 τεθηγμένος
1461 4701 1527 4768 τῇ
1579 4673 1738 4753 εὐαν-

165 4769 323 4841 ὀρείᾳ.
358 4774 473 4827 Ούκ
510 4777 812 4847 ῆπείθησεν
835 4783 862 4833 ὁ
916 4782 1255 4852 Ἀπόστολος,
1289 4787 1389 4840 οὐκ
1442 4787 1596 4842 εἶπεν
1623 4793 1739 4857 πῶς

231 4883 270 4915 ¹⁹
297 4883 442 4944 Psal.
477 4906 628 4956 xuv,
668 4892 753 4946 l7.

1865 767 1920 812 et
1951 757 2374 814 Bartholomzeus
2427 761 2689 814 miracula
2724 761 2944 830 grandia
2993 768 3186 828 patrat.
3240 757 3436 812 Petrus

1864 848 2218 918 crucifigitur,
2267 855 2359 905 scd
2399 859 2454 905 et
2500 849 2927 905 Bartholomaeus
2973 858 3234 904 tormenta
3283 849 3433 919 paria

1861 954 2171 1010 perpessus,
2207 942 2380 1010 capite
2421 943 2703 998 minuitur.
2736 942 3009 1009 Quantum
3057 942 3247 996 Petrus
3270 983 3284 1006 ,
3314 950 3435 994 tan-

1862 1034 2100 1088 tumdem
2163 1033 2592 1090 Bartholomrens
2647 1045 2920 1103 operatur.
2987 1033 3128 1100 Quot
3195 1034 3434 1102 capessit

1861 1126 2120 1196 mysteria
2150 1125 2370 1189 Petrus,
2420 1127 2641 1182 totidem
2691 1126 2928 1182 decurrit
2959 1125 3387 1180 Bartholomzens
3416 1142 3430 1190 ;

1858 1218 1953 1286 qui
1979 1227 2032 1272 et
2064 1233 2218 1287 teque
2272 1218 2556 1290 theologia:
2595 1229 2833 1274 montem
2889 1218 3244 1282 conscendit,
3280 1232 3432 1286 aeque

1857 1310 2112 1365 Ecclesia:
2142 1309 2490 1367 fundamenta
2535 1313 2712 1382 jacit,
2754 1314 2907 1383 paria
2960 1314 3193 1382 denique
3244 1310 3434 1365 habuit

1858 1401 2062 1471 reliqua
2122 1405 2284 1456 etiam
2334 1403 2420 1456 Dei
2455 1405 2804 1458 charismata.
2863 1403 3064 1456 Adesto
3111 1401 3275 1471 igitur
3309 1415 3430 1468 pro-

1854 1497 2041 1565 pitius,
2061 1499 2361 1553 orationem
2393 1503 2703 1571 suppedita,
2730 1516 2762 1554 o
2797 1500 2952 1554 beate
2984 1499 3320 1569 ;expeditam
3346 1497 3428 1552 fac

1855 1591 2090 1661 linguam
2125 1608 2298 1647 meam
2333 1592 2678 1647 balbutientis
2709 1610 2724 1659 ;
2766 1593 2832 1647 da
2866 1592 2996 1645 mihi
3039 1590 3430 1660 magnitudinis

1854 1691 1959 1737 tua:
1988 1683 2356 1738 collaudandaa
2394 1685 2673 1738 materiam
2706 1702 2721 1750 ;
2755 1699 2859 1737 non
2903 1699 3014 1753 quo
3050 1693 3105 1737 tu
3152 1683 3276 1737 inde
3328 1683 3430 1738 ali-

1850 1776 1975 1844 quid
2032 1776 2286 1845 prolicias
2320 1818 2335 1840 ,
2392 1777 2598 1832 habens
2646 1777 2976 1831 intrinsecus
3029 1776 3427 1830 beatitudinum

1780 1907 1818 1960 B
1852 1868 2239 1936 plenitudinem
2267 1907 2280 1933 ,
2321 1870 2410 1922 sed
2440 1877 2498 1922 ut
2524 1869 2670 1923 illius
2695 1870 2785 1939 qui
2815 1870 2944 1922 mihi
2972 1870 3247 1922 mandavit
3281 1869 3427 1923 desi-

1847 1958 2055 2012 derium
2117 1959 2476 2028 adimpleatur
2520 1977 2533 2025 ;
2585 1969 2748 2029 atque
2800 1968 2858 2014 ut
2913 1975 3011 2031 ego
3066 1961 3428 2030 pauperculus

1847 2049 2085 2104 famulus
2137 2058 2262 2104 tuus
2326 2052 2568 2120 paternis
2623 2050 2877 2119 precibus
2927 2049 3097 2107 fruar.
3160 2052 3212 2103 in
3271 2051 3428 2104 laude

1847 2140 2176 2196 celebritatis
2229 2149 2354 2195 luat.
2418 2140 2604 2211 Neque
2647 2143 2791 2195 enim
2834 2141 2947 2195 ﬁeri
3004 2151 3212 2209 potest,
3270 2152 3328 2194 ut
3383 2143 3425 2196 is

1845 2247 2040 2301 expers
2093 2234 2315 2289 luminis
2349 2243 2563 2288 maneat
2594 2275 2608 2297 ,
2650 2235 2742 2303 qui
2774 2234 2840 2288 ad
2897 2235 3212 2303 splendores
3234 2233 3429 2288 solaris

1847 2321 1980 2375 radii
2018 2323 2302 2376 oculorum
2334 2325 2506 2377 aciem
2549 2323 2813 2378 intendat.

1915 2413 1970 2467 5.
2006 2413 2198 2484 Itaque
2227 2417 2602 2480 apostolorum
2634 2415 2773 2469 alius
2807 2415 2970 2468 aliam
2994 2414 3182 2467 mundi
3218 2421 3426 2493 partem

1846 2505 2068 2561 sortitus
2111 2508 2178 2560 ad
2229 2508 2631 2575 praedicandam
2670 2508 2762 2562 Dei
2798 2507 3073 2572 uetitiam,
3113 2516 3275 2575 atque
3306 2505 3427 2560 uui-

1845 2613 2058 2652 versum
2092 2599 2232 2652 inter
2267 2614 2324 2653 se
2364 2601 2567 2667 partiti,
2605 2601 2774 2655 duces
2802 2615 2992 2668 reapse
3022 2608 3418 2669 apparuerunt,

1846 2702 1899 2746 et
1927 2695 2255 2749 universalis
2303 2696 2447 2766 regis
2485 2695 2689 2750 Christi
2736 2696 3012 2766 principes
3049 2704 3177 2750 sunt
3212 2696 3423 2750 consti-

1849 2786 1944 2839 tuti
1978 2805 1992 2839 :
2051 2784 2349 2841 Conslitues
2387 2789 2526 2841 enim
2558 2804 2645 2842 eos
2715 2789 2976 2858 principes
3033 2804 3190 2857 super
3223 2803 3427 2840 omnem

1846 2889 2073 2942 (errant,
2127 2881 2303 2949 inquit
2355 2879 2641 2950 Scriptura
2676 2883 2740 2934 ".
2793 2881 2931 2935 Huic
2960 2889 3141 2933 autem
3208 2881 3427 2933 laudato

1845 2984 2033 3026 nostro
2073 2986 2193 3027 sors
2247 2973 2532 3041 portioqne
2566 2972 2890 3026 Armeniaca
2946 2973 3096 3041 regio
3122 2971 3331 3042 obtigit,
3358 2971 3427 3025 ab

1844 3062 2016 3117 Evilat
2059 3080 2227 3133 usque
2273 3064 2542 3126 Gabaoth,
2585 3064 2768 3118 multis
2820 3064 3036 3134 populis
3091 3063 3425 3131 urbibusque

1849 3155 2126 3210 distincta.
2160 3153 2315 3208 llunc
2354 3169 2483 3223 ergo
2522 3153 2648 3206 dum
2697 3153 2934 3207 mitteret
2962 3144 3246 3216 Dominus,
3269 3152 3423 3206 vide-

1847 3255 1933 3299 tur
1973 3247 2105 3299 mihi
2137 3248 2216 3301 sic
2247 3247 2475 3317 mystice
2504 3246 2775 3302 allocutus
2801 3266 2813 3299 :
2849 3246 3015 3315 Perge
3043 3246 3110 3300 ad
3155 3245 3422 3316 praedica-

1843 3339 2067 3401 tionem,
2103 3338 2391 3406 discipule,
2446 3338 2792 3407 proﬁciscere
2837 3339 2890 3391 in
2922 3338 3141 3403 bellum,
3188 3336 3326 3392 vade
3351 3335 3420 3388 ad

1842 3429 2104 3499 pericula.
2135 3428 2370 3484 Consule
2433 3441 2701 3484 creatura:
2754 3445 2925 3496 meze,
2962 3444 3127 3500 quam
3176 3443 3276 3499 ego
3317 3431 3419 3481 mi-

1842 3535 2034 3575 serans
2073 3519 2249 3576 factus
2307 3537 2428 3576 sum
2468 3523 2652 3583 homo,
2709 3537 2919 3591 proque
2945 3536 3006 3576 ea
3039 3530 3269 3576 mortem
3294 3528 3417 3574 tur-

1840 3617 2120 3686 pissimam
2155 3616 2318 3669 subii.
2358 3614 2469 3685 Ego
2501 3616 2823 3684 imperatum
2856 3631 2884 3668 a
2908 3614 3070 3670 Patre
3108 3630 3250 3684 opus
3280 3629 3421 3669 con-

1839 3709 2130 3772 suminavi,
2158 3708 2369 3777 primus
2403 3707 2558 3761 testis
2594 3709 2838 3762 veritatis
2871 3706 3072 3763 factus.
3118 3705 3290 3760 Ollicii
3324 3721 3422 3760 ve-

1839 3799 1937 3851 stri
1969 3807 2070 3861 est,
2104 3799 2249 3866 quod
2298 3796 2452 3850 deest
2493 3797 2784 3865 supplere;
2822 3803 2869 3850 et
2915 3810 3037 3864 qua:
3059 3810 3158 3862 ego
3212 3794 3420 3862 reliqua

1837 3886 1965 3949 feci,
1996 3886 2108 3954 pari
2141 3901 2302 3954 opere
2329 3887 2618 3954 complere.
2653 3886 2968 3956 Magistrum
3000 3897 3154 3940 tuum
3184 3886 3417 3944 imitare.

1838 3974 2052 4030 Domini
2075 3974 2152 4028 tui
2201 3976 2483 4044 passiones
2542 3976 2820 4040 aemulare,
2873 3975 3232 4046 sanguinibus
3286 3990 3424 4028 san-r

1836 4068 2054 4137 guinem
2088 4067 2346 4132 retribue,
2380 4067 2638 4122 carnibus
2681 4082 2904 4122 carnem
2935 4069 3169 4137 repende
3197 4085 3209 4121 :
3244 4082 3417 4136 quan-

1838 4170 1948 4214 tum
1989 4175 2090 4230 ego
2121 4160 2340 4229 pertuli,
2385 4160 2720 4214 tantumdem
2757 4168 2812 4213 tu
2842 4159 3074 4228 patiens,
3110 4161 3335 4214 ostende
3359 4159 3417 4213 in

1837 4261 1888 4306 te
1921 4252 2038 4320 ipso
2072 4251 2354 4320 perspicua
2417 4251 2747 4305 lineamenta
2796 4249 2986 4305 formae
3042 4265 3188 4304 mea.
3250 4250 3416 4305 Arma

1837 4343 1929 4397 tibi
1963 4345 2070 4397 sint
2117 4342 2432 4397 humanitas
2470 4343 2610 4396 inter
2646 4343 2976 4396 inhumanos
3006 4381 3020 4406 ,
3054 4342 3422 4396 mansuetudo

1836 4435 1975 4487 inter
2013 4433 2434 4497 conviciatores,
2469 4433 2730 4502 patientia
2779 4434 2918 4486 inter
2949 4431 3272 4496 homicidas,
3298 4439 3421 4485 tan-

1838 4541 1999 4593 quam
2037 4525 2156 4578 ovis
2199 4525 2252 4578 in
2290 4523 2469 4579 medio
2517 4525 2766 4594 luporum
2796 4523 3019 4577 effectus
3046 4562 3061 4588 ,
3102 4522 3260 4576 miles
3305 4521 3420 4575 for-

1837 4615 2065 4671 titudine
2093 4615 2257 4670 animi
2285 4623 2571 4670 exacutus.
2625 4615 2742 4669 Non
2778 4617 2992 4686 negavit
3043 4616 3414 4670 obedientiam

1837 4707 2157 4776 apostolus;
2196 4721 2304 4759 non
2360 4706 2534 4759 dixit:
2596 4703 2882 4771 Quomodo
2941 4706 3220 4774 superabit
3257 4705 3414 4773 lupos

1838 4812 2036 4868 agnus,
2075 4809 2218 4850 unus
2271 4795 2460 4862 mille,
2513 4806 2808 4851 extraneus
2857 4796 3075 4849 urbium
3139 4809 3412 4864 proceres,

1467 4995 1695 5052 VARhE
1727 4999 2149 5055 LECTIONES.'

221 5076 592 5161 cianastasius
617 5084 1190 5161 wque}ucun§i,_qqasi
1205 5086 1406 5161 legerit
1425 5089 1681 5161 ῄδύτερα.
1709 5091 1735 5131 d
1763 5093 1934 5147 Prave
1951 5095 2271 5150 Anastasius
2289 5107 2461 5161 capax
2481 5099 2590 5144 esto
2611 5091 2962 5156 periculorum
2980 5105 3142 5144 sensu
3159 5089 3414 5159 ambiguo

319 5148 510 5218 χωρέω
529 5145 810 5232 deceptus,
878 5145 1170 5232 ξςιοιιίϐῐκ
1205 5145 1319 5232 Vni.
1347 5145 1603 5232 κῄδόμαιί
1621 5145 1744 5214 seu.

1846 5145 2329 5219 statWAttasﬁta-sium
2350 5145 2542 5232 iegisse
2571 5145 2758 5231 κῆδου.
2821 5161 2839 5199 ί
2873 5161 3207 5232 Anastasius
3231 5145 3411 5232 neges-

166 5216 371 5280 sarium,
401 5216 561 5287 quasi
596 5239 626 5273 a
658 5221 795 5274 δέον.

166 5292 678 5359 εειιεγνωρίσματα.
752 5291 985 5347 iAnast.
1009 5297 1148 5348 male
1185 5297 1484 5350 sudoribus.

877 5225 902 5263 ε
925 5224 1118 5303 Αιιιιδι.
1152 5224 1496 5303 cruciatibus,
1520 5232 1675 5298 quasi
1714 5233 1781 5286 ab
1808 5236 2104 5303 αἰκισμοῖς,
2180 5237 2204 5276 h
2242 5224 2436 5288 Anast.
2472 5224 2786 5303 manifestas
2810 5231 3058 5303 actiones,
3090 5231 3169 5285 sic
3203 5231 3406 5303 intelli-

1563 5311 1577 5349 ι
1619 5303 1806 5355 Anast.
1850 5300 2082 5357 nancisci
2111 5305 2324 5374 poterit,
2352 5319 2454 5357 non
2491 5302 2626 5356 bene
2647 5302 2920 5356 intellecto
2951 5302 3114 5355 verbo
3141 5300 3409 5370 περίειμι.

1697 5397 1924 5454 NOTAE.

195 5478 337 5562 2__(Ei'l)
374 5478 509 5562 God.
537 5481 638 5558 'Gr.
672 5480 799 5537 Vat.
846 5484 1062 5562 ἔφορος,
1118 5489 1212 5542 sed
1245 5506 1461 5562 sequor
1505 5491 1737 5548 Anasta-

167 5555 432 5631 Slu‘tnmqui
466 5555 859 5631 interpretatus
883 5567 978 5631 est
999 5558 1172 5631 ferax,
1205 5561 1274 5614 ab
1309 5555 1554 5631 εὔφορος,

229 5616 335 5699 (38)
355 5619 491 5675 Hinc
517 5622 552 5699 i_t
563 5616 652 5699 em
677 5635 899 5699 apparet
917 5616 1261 5699 Theodorum
1289 5616 1731 5699 adlinejuvencm

172 5690 544 5771 utaudatonsui
592 5690 1013 5771 Itegumenihas
1041 5701 1338 5755 conciones
1378 5690 1731 5771 pan-egyI-icas

170 5750 377 5817 dixisse.
413 5759 511 5817 llic
538 5750 725 5821 ιειιιιέιι
759 5765 812 5821 in
839 5767 944 5823 alia
961 5750 1198 5839 prorsus
1211 5750 1336 5826 abit
1364 5750 1724 5833 inlisit-lisias

1844 5496 1945 5550 Sed
1976 5507 2030 5549 ut
2058 5501 2418 5568 quoquomodo
2439 5500 2738 5552 declaretur
2781 5515 2932 5552 amor
2959 5501 3100 5552 circa
3131 5507 3180 5550 te
3209 5492 3399 5568 diuini-

1843 5577 1924 5619 tus
1960 5567 2388 5640 prwdestinatus.
2421 5569 2555 5622 Num
2589 5569 2798 5639 legebat
2832 5567 3304 5640 προστεταχότοςῖ

1909 5638 2021 5706 (59)
2062 5639 2306 5693 Grazcam
2343 5639 2576 5707 phrasim
2612 5635 2698 5693 hic
2730 5654 2836 5692 non
2876 5635 3009 5694 satis
3039 5637 3289 5707 expedio,
3324 5635 3407 5687 vel

1838 5706 1990 5761 locus
2037 5707 2268 5763 fortasse
2318 5706 2608 5778 corruptus
2649 5718 2749 5764 est.
2807 5710 3020 5779 Sequor
3051 5709 3215 5779 igitur
3261 5706 3406 5759 Ana-

1839 5779 2070 5833 stasium
2107 5780 2198 5849 qui
2232 5779 2386 5834 aliter
2416 5781 2611 5851 legisse
2636 5780 2868 5835 videtur.
