4018 6304
569 347 674 412 795

1778 342 1837 401 S.
1861 338 2252 399 THEODORI
2278 338 2622 400 STUDIT/E

3727 343 3833 404 796

571 461 734 514 domo
770 471 962 526 expers
993 454 1302 525 praefectos,
1362 469 1518 524 reges
1575 453 1742 507 homo
1778 452 1911 505 nihil
1954 460 2146 520 pneter

2269 449 2561 518 τεριέσεται
2591 449 2605 499 i
2649 451 2677 502 ὀ
2711 450 2871 520 ἀρνὸς
2895 451 3001 504 τῶν
3030 451 3231 515 λύκων,
3252 452 3279 504 6
3307 447 3386 514 εἷς
3415 451 3524 504 τῶν
3550 454 3832 522 μυριάδων

575 551 791 605 unicam
830 549 1069 604 tunicam
1131 560 1349 618 gestans
1379 547 1401 601 ?
1430 547 1521 601 sed
1569 559 1827 614 tanquam
1862 544 2036 598 ﬁdelis
2063 541 2146 596 fa-

577 646 758 700 mulus
788 642 1069 697 Dominico
1096 641 1355 696 mandato
1401 639 1733 708 obsequens,
1771 635 2000 691 discedit
2059 635 2151 689 1:13-

579 751 695 801 rus,
728 735 863 790 nihil
910 749 1095 789 secum
1129 732 1328 797 ferens,
1387 743 1582 801 praeter
1612 729 1913 800 pretiosum
1949 726 2149 783 Christi

579 845 796 895 nomen,
832 827 1075 898 cujusvis
1101 835 1392 881 armatura:
1425 825 1565 879 loco.

647 1005 704 1061 4.
748 1005 921 1077 Igitur
951 1003 1017 1060 ad
1055 1003 1381 1059 destinatam
1414 1001 1517 1058 sibi
1565 1000 1841 1071 regionem
1897 997 2111 1054 delatus
2136 1036 2152 1059 ,

580 1107 783 1169 quanta
817 1098 889 1152 ibi
947 1096 1178 1164 fecerit,
1220 1105 1422 1167 quanta
1458 1093 1780 1165 pertulerit,
1816 1092 1955 1147 dicet
1979 1097 2154 1147 oratio

583 1203 767 1248 nostra
792 1231 807 1258 ,
839 1192 1040 1262 partim
1086 1206 1150 1246 ex
1187 1190 1412 1260 antiqua
1449 1188 1742 1243 traditione
1764 1228 1778 1252 ,
1834 1186 2031 1257 partim
2064 1200 2153 1239 se-

582 1285 820 1340 cundum
888 1283 1328 1353 evangelieorum
1394 1279 1777 1334 mandatorum
1823 1278 2152 1348 analogiam.

581 1375 718 1431 Nam
765 1376 809 1430 si
850 1376 942 1429 lux
971 1373 1161 1428 mundi
1191 1381 1341 1438 erat,
1394 1372 1584 1442 utique
1625 1370 1764 1426 lucis
1810 1386 1974 1440 opera
2025 1368 2156 1426 fecit

585 1469 726 1522 inter
781 1466 1155 1522 tenebricosos
1197 1483 1211 1519 :
1262 1474 1316 1520 et
1368 1466 1411 1519 si
1463 1465 1543 1520 sal
1589 1473 1774 1528 terrm,
1823 1465 1941 1518 sine
1994 1464 2157 1518 dubio

587 1559 929 1615 irrationales
963 1569 1150 1629 gentes
1184 1557 1300 1612 sale
1330 1556 1594 1613 condiens
1629 1597 1642 1612 .
1675 1555 1959 1610 mundavit
1985 1573 1998 1609 :
2027 1565 2082 1610 et
2110 1555 2156 1610 si

585 1651 867 1721 operarius
921 1649 1222 1719 appellatus
1277 1647 1417 1711 fuit,
1476 1648 1721 1717 sequitur
1775 1655 1832 1701 ut
1856 1647 2155 1717 spiritalem

589 1739 978 1809 agriculturam
1009 1738 1216 1793 fecerit.
1241 1737 1396 1803 Quod
1419 1753 1547 1792 vero
1569 1739 1929 1793 communiter
1949 1738 2154 1793 dictum

2249 542 2276 592 6
2307 540 2457 604 ξένος
2480 542 2588 594 τῶν
2617 541 2955 613 πολυούχων,
2981 544 3010 596 6
3037 544 3281 608 ἀνέστιος
3340 545 3450 597 τῶν
3518 547 3830 616 ἡγεμόνων,

2249 633 2358 686 τῶν
2404 633 2722 703 βασιλέωνὸ
2764 636 3098 706 μονοχίτων;
3151 636 3266 689 ἀλλ’
3307 633 3395 690 οἷα
3441 638 3700 710 Θεράπων
3742 660 3834 694 πι-

2253 723 2376 786 στὸς
2387 723 2466 793 τῷ
2478 725 2790 796 Δεσποτικῷ
2803 724 3216 795 καταπειθήσας
3239 728 3649 798 προστάγματι,
3670 731 3831 784 ἄπει-

2253 833 2337 868 σιν
2364 816 2590 886 χαίρων,
2616 816 2770 870 οὐδὲν
2809 819 3206 890 ἐπιφερόμενος
3232 819 3348 888 μεθ’
3379 820 3574 873 ἑαυτοῦ
3604 821 3637 890 ἢ
3671 823 3834 891 μόνον

2251 910 2421 979 τὺλτοῦ
2439 909 2675 979 Χριστοξ
2693 909 3055 981 πολυτίμητον
3073 911 3259 980 ὄνομα,
3288 913 3407 966 ἀντί
3426 913 3627 976 παντὸς
3643 916 3831 970 ὅπλου.

2324 1004 2390 1055 δ’.
2433 1001 2628 1055 Τοίνυν
2656 1001 2981 1056 καταλαϐὼν
3029 1003 3088 1055 τὸ
3145 1004 3566 1074 κεκληρωμένον
3615 1004 3831 1074 ἔδαφος,

2254 1095 2354 1147 ὅσα
2397 1096 2578 1148 ἐκεῖσε
2627 1093 2872 1165 ἔδρασεν,
2917 1095 3017 1148 ὅσα
3053 1094 3284 1159 ὑποίσας
3317 1097 3572 1167 ἤνεγκεν,
3613 1097 3832 1171 ἱστορή-

2257 1202 2401 1239 σεεεν
2427 1186 2455 1237 6
2494 1186 2672 1256 λόγος,
2703 1187 2772 1240 τὰ
2798 1188 2898 1258 μὲν
2926 1190 3068 1243 κατά
3093 1189 3394 1258 παράδοσιν
3418 1191 3834 1262 ἀρχαιολογίας,

2257 1280 2323 1332 τὰ
2349 1278 2407 1332 δὲ
2431 1279 2572 1333 κατὰ
2606 1279 2899 1348 ἀναλογίαν
2923 1280 3032 1333 τῶν
3057 1281 3435 1350 εύαγγελικῶν
3460 1283 3834 1354 διδαγμάτων·

2258 1373 2305 1424 εί
2339 1371 2445 1442 γὰρ
2481 1371 2636 1426 πέλει
2685 1371 2800 1439 φῶς
2845 1370 2941 1425 τοῦ
2981 1372 3218 1442 κόσμου,
3251 1373 3409 1443 δῆλον
3437 1375 3520 1428 ὅτι
3553 1375 3621 1427 τὰ
3658 1377 3833 1444 φωτὸς

2258 1461 2518 1530 δέδρακεν
2559 1463 2618 1514 ὲν
2647 1463 2759 1525 τοῖς
2801 1461 3152 1530 ἀφωτίστοις’
3186 1464 3278 1517 καὶ
3311 1465 3359 1515 εξ
3407 1464 3541 1526 ἃλας
3591 1464 3695 1534 τῆς
3731 1464 3834 1534 γῆς

2261 1552 2518 1623 ὑπάρχει,
2544 1553 2703 1622 δῆλον
2728 1553 2956 1623 ὃτιέθνη
2987 1554 3159 1623 ἄλογα
3186 1556 3379 1618 ἁλίσας
3410 1557 3718 1627 ἐσάρωσεν·
3747 1559 3835 1610 καὶ

2260 1648 2309 1698 εί
2335 1647 2573 1718 ἐργάτης
2607 1647 2945 1717 ὠνόμασται,
2993 1647 3308 1713 ἀκολούθως
3342 1651 3625 1720 γεωργίαν
3676 1668 3837 1703 πνευ-

2266 1741 2501 1809 ματικὴν
2531 1741 2834 1794 τετέλεκενο
2869 1741 2897 1794 6
2941 1741 2999 1794 δὲ
3029 1741 3171 1794 κατά
3217 1743 3400 1796 κοινοῦ
3457 1746 3672 1814 εἴρηται
3694 1785 3709 1808 ,
3744 1748 3837 1798 καὶ

590 1832 712 1898 fuit,
751 1832 804 1886 id
831 1831 898 1887 de
924 1832 1334 1902 singulisetiam
1393 1830 1644 1900 personis
1719 1830 1915 1900 accipi,
1967 1831 2162 1900 aequis-

2269 1830 2384 1884 καθ⁸
2421 1820 2542 1894 ἑνὸς
2594 1830 2890 1901 προσώπου
2923 1831 3226 1902 λαμὸάνειν
3273 1831 3675 1901 εὐλογώτατον·
3707 1833 3836 1886 οὐκ·

591 1922 786 1977 simum
811 1930 913 1978 est.
940 1922 1232 1991 Pr0pterea
1291 1932 1477 1989 specta
1530 1920 1682 1975 illum
1729 1920 1832 1975 sub
1878 1920 2157 1991 allegoria,

592 2016 755 2068 modo
819 2025 1018 2068 terram
1087 2012 1228 2067 haud
1279 2013 1452 2067 bobus
1511 2012 1732 2081 quidem
1784 2011 1989 2066 ferrum
2049 2021 2160 2066 tra-

591 2105 845 2160 hentibus
889 2115 1133 2159 arantem
1158 2145 1173 2168 ,
1227 2105 1320 2159 sed
1377 2104 1575 2174 linguae
1611 2119 1832 2159 vomere
1871 2105 2159 2159 rationalia

589 2195 717 2256 arva
751 2201 1065 2263 fodientem,
1089 2200 1219 2270 jugo
1250 2199 1460 2253 scilicet
1490 2199 1970 2268 contemplationis
1997 2200 2160 2254 simul

590 2305 642 2348 et
678 2293 952 2348 actionis:
1009 2308 1188 2362 neque
1224 2303 1495 2347 serentem
1545 2292 1809 2347 caducum
1836 2294 2040 2363 aliquid
2068 2303 2163 2349 aut

589 2385 974 2454 corruptibile,
1039 2384 1132 2439 sed
1188 2383 1310 2438 ﬁdei
1387 2384 1688 2438 doctrinam
1763 2384 1816 2437 in
1891 2383 2161 2453 profunda

590 2477 838 2532 cordium
865 2475 1176 2543 iacientem.
1219 2474 1377 2529 Modo
1418 2483 1598 2528 autem
1653 2476 1842 2529 hortos
1865 2478 2164 2545 vineasque

596 2569 805 2623 Domini
838 2568 1171 2638 plantantem
1201 2607 1216 2633 ,
1242 2583 1362 2637 quae
1392 2583 1518 2622 mox
1565 2577 1778 2636 recepta
1810 2569 2057 2622 doctrina
2108 2569 2162 2621 iu

591 2661 787 2717 melius
827 2660 1210 2730 profecerunt,
1259 2671 1313 2714 et
1345 2674 1410 2714 ex
1445 2660 1675 2714 novellis
1713 2659 1867 2728 lapsu
1902 2665 2164 2729 temporis

591 2754 658 2808 ad
692 2753 1162 2808 fructificationem
1200 2762 1584 2822 provenerunt.
1634 2753 1794 2808 Modo
1820 2756 1982 2807 etiam
2014 2770 2167 2810 more

594 2845 789 2900 medici
834 2845 1070 2900 remedia
1124 2847 1317 2901 idonea
1361 2846 1836 2914 suppeditantem,
1897 2847 1976 2900 vel
2027 2863 2166 2916 quo-

596 2939 977 3008 modocunque
1003 2939 1261 3000 volueris,
1283 2952 1430 2991 caeco
1457 2938 1880 3002 illuminantem,
1910 2939 2162 3006 leprosos

598 3028 989 3094 inundantem,
1033 3028 1210 3083 febres
1262 3027 1620 3097 depellentem
1650 3069 1665 3091 ,
1709 3028 1922 3083 facilem
1956 3031 2168 3087 claudis

596 3137 842 3188 gressum
876 3134 1049 3174 οπεος
1129 3119 1477 3184 tribuentem,
1511 3121 1689 3174 surdis
1724 3121 2001 3186 audituni',
2023 3123 2166 3176 varia

598 3213 818 3267 demum
871 3211 1189 3264 morborum
1240 3225 1441 3279 genera
1494 3211 1820 3266 sanitatibus
1876 3214 2161 3282 incorrup-
2193 3199 2237 3257 (ἶ

599 3302 844 3358 tibilibus
894 3301 948 3356 in
992 3303 1295 3356 naturalem
1349 3304 1718 3359 valetudinem
1766 3306 2166 3362 restituentem.

599 3397 742 3462 Quin
771 3396 936 3452 etiam
973 3413 1133 3452 cerne
1156 3398 1333 3467 ipsum
1365 3398 1622 3466 pastorali
1666 3397 1840 3454 forma
1867 3409 2170 3469 assumpta,

599 3503 816 3558 gregem
869 3488 980 3543 Deo
1018 3504 1380 3555 conservare,
1424 3489 1782 3555 deducendo,
1839 3494 2170 3560 revocando,

599 3593 789 3633 curam
848 3579 1083 3650 gerendo
1115 3619 1129 3643 ,
1200 3579 1538 3636 defendendo
1571 3620 1586 3645 ,
1638 3583 1840 3639 bestias
1901 3586 2170 3640 haeresum

600 3669 1018 3739 daemonumque
1067 3670 1250 3726 turbas
1300 3672 1584 3728 arcendo:
1642 3674 1960 3743 imperfecta
1994 3678 2175 3731 adhuc

603 3759 833 3830 rigando
865 3761 1068 3832 jugiter
1091 3802 1108 3825 ,
1158 3761 1443 3818 educando
1473 3771 1533 3818 ut
1581 3774 1834 3820 crescant
1868 3765 1922 3819 in
1958 3777 2175 3822 aetatem

602 3850 843 3917 Christi,
876 3855 1064 3924 spinas
1090 3855 1490 3912 intellectuales
1523 3856 1804 3913 evellendo
1828 3897 1843 3924 ,
1900 3871 2174 3915 sarmenta

602 3945 900 4015 impietatis
965 3948 1374 4014 comburendo,
1431 3950 1605 4005 vallos
1655 3951 1991 4022 dogmaticos
2046 3953 2176 4009 sub-

598 4039 888 4108 iiciendo,
936 4056 1107 4111 sapes
1179 4043 1479 4099 didaeticas
1563 4046 2065 4116 eircumponendo,
2122 4059 2178 4104 et

602 4132 870 4202 quidquid
896 4133 1042 4189 aliud
1082 4134 1205 4189 usui
1237 4143 1356 4202 est,
1408 4136 1766 4206 providendo.
1815 4138 1959 4194 Idem
1996 4149 2050 4196 et
2093 4139 2176 4194 fa-

607 4225 844 4280 bricator
885 4234 970 4280 est
994 4235 1050 4281 et
1092 4227 1423 4284 architectus
1473 4229 1687 4285 aedilicii
1719 4246 1784 4288 ac
1815 4232 2034 4289 fabrica:
2067 4251 2176 4292 non

606 4317 952 4386 manufactae,
988 4320 1315 4389 templorum
1339 4322 1554 4377 Domini
1587 4323 1710 4380 dico
1737 4341 1859 4395 quae
1898 4326 1951 4379 in
1983 4328 2176 4395 spiritu

603 4418 658 4463 et
689 4410 916 4464 veritate
969 4419 1404 4478 construuntur,
1436 4424 1600 4483 atque
1645 4415 1698 4469 in
1745 4418 2008 4485 papulum
2055 4417 2178 4471 exi-

606 4500 799 4565 mium,
849 4511 1178 4557 sectatorem
1227 4503 1497 4559 bonorum
1523 4507 2172 4576 operum,perficiuntur.

675 4767 726 4823 5.
761 4765 982 4824 intuere
1006 4784 1219 4824 mecum
1247 4769 1445 4842 oppida
1473 4779 1530 4828 et
1569 4771 1899 4840 habitacula,
1929 4789 2050 4844 qua:
2089 4774 2180 4831 ille

607 4876 849 4931 praeceps
886 4863 1072 4932 populi
1108 4864 1364 4920 seductor
1411 4865 1465 4920 in
1509 4865 1826 4922 infidelitate
1852 4869 1981 4923 olim
2037 4869 2178 4925 deti-

608 4952 804 5018 nebat,
840 4952 1054 5009 intuere
1085 4955 1236 5019 haec,
1263 4942 1520 5026 inquam,
1573 4959 1665 5013 Dei
1690 4961 1884 5014 notitia
1920 4969 2178 5031 tanquam

608 5041 850 5099 turribus
879 5045 1170 5109 instructa,
1201 5057 1254 5101 et
1275 5050 1712 5104 adversariorum
1755 5050 1985 5108 insidias
2018 5053 2181 5110 facile

607 5137 895 5207 repulsas,
930 5153 1056 5191 arva
1101 5140 1376 5209 segetibus
1420 5143 1670 5206 consita,
1715 5144 1901 5198 vineas
1945 5148 2182 5202 racemis

611 5228 978 5298 nigresceutcs
998 5271 1013 5295 ,
1043 5230 1232 5284 hortos
1260 5230 1515 5287 florentes
1540 5273 1556 5297 ,
1593 5250 1770 5304 a3gros
1821 5239 2015 5294 morbo
2044 5255 2178 5310 quo-

611 5319 742 5376 libet
778 5329 831 5375 et
860 5321 1010 5376 omni
1043 5322 1307 5391 languore
1334 5321 1635 5391 expeditos.
1672 5324 1828 5381 Tales
1859 5337 1988 5383 sunt
2018 5329 2183 5400 hujus

2261 1923 2356 1977 οῦν
2399 1924 2498 1993 ὅρα
2550 1924 2712 1977 αὺτὸν
2756 1923 2876 1976 κατ’
2911 1923 3245 1995 ἀλληγορίαν
3271 1941 3284 1954 ·
3324 1925 3401 1995 πῆ
3451 1924 3579 1994 μὲν,
3626 1925 3688 1977 οὐ
3735 1926 3837 1993 γῆν

2263 2015 2499 2086 ἀροῦντα
2545 2015 2648 2068 ὑπὸ
2691 2015 2874 2086 βουσὶν
2924 2015 3175 2069 ἕλκουσιν
3200 2016 3260 2068 τὸ
3294 2016 3555 2086 σιδήριον,
3591 2015 3732 2067 ἀλλὰ
3760 2017 3838 2086 τῷ

2262 2108 2360 2178 τῆς
2380 2107 2626 2177 γλώττης
2651 2108 2867 2179 ἀρότρῳ
2891 2107 3116 2176 λογικὰς
3133 2106 3374 2179 άρούσας
3402 2105 3836 2172 διαλακτίζοντα,

2263 2202 2341 2272 τῷ
2369 2202 2551 2271 ζεύγει
2577 2201 2821 2272 δηλονότι
2848 2201 3083 2271 Θεωρίας
3112 2201 3208 2254 καὶ
3237 2201 3507 2269 πράξεωςο
3539 2199 3661 2252 οὐδὲ
3686 2202 3838 2253 σπεί-

2267 2295 2428 2367 ροντά
2476 2313 2528 2347 τι
2581 2294 2690 2348 τῶν
2719 2295 3044 2366 ἀπορῤύτων
3097 2294 3190 2347 καὶ
3235 2292 3648 2363 φθειρομένων,
3701 2293 3840 2355 ἀλλὰ

2264 2390 2354 2441 τὸν
2385 2389 2483 2457 τῆς
2524 2389 2761 2449 πίστεως
2790 2387 2948 2455 λόγον
2978 2387 3058 2450 εἰς
3083 2385 3246 2457 βάθος
3279 2385 3576 2456 καρδιακδν
3612 2403 3838 2438 κατατιυ

2267 2480 2512 2548 θέμενονο
2550 2480 2628 2547 πῆ
2656 2478 2734 2541 δὲ,
2767 2495 3179 2551 φυτουργουντα
3205 2476 3570 2546 παραδείσους
3599 2475 3695 2529 καὶ
3729 2476 3838 2543 ἀμ-

2268 2573 2517 2635 πελῶνας
2570 2571 2804 2645 Κυρίου,
2856 2576 2983 2638 τοὺς
3031 2575 3132 2645 ἥδη
3183 2577 3250 2643 τῇ
3278 2571 3492 2644 είσδοχῇ
3547 2569 3839 2636 τοῦλόγου

2268 2663 2406 2734 πρὸς
2435 2663 2502 2717 τὰ
2552 2664 2843 2733 κρείττονα
2887 2664 2987 2732 τὴν
3017 2663 3260 2715 ἐπίδοσιν
3294 2663 3719 2731 ποιησαμένους,
3749 2660 3842 2712 καὶ

2266 2756 2375 2809 ἀπὸ
2399 2756 2643 2824 νεογνίας
2673 2758 2752 2819 είς
2778 2755 2875 2826 τὴν
2900 2755 3043 2807 κατά
3077 2757 3270 2825 καιρὸν
3303 2756 3689 2825 καρποφορίαν
3714 2755 3842 2807 ἀνα-

2268 2850 2615 2919 διδομένους·
2655 2851 2750 2902 καὶ
2801 2849 2933 2902 ποτὲ
2991 2847 3092 2918 μὲν
3152 2848 3412 2920 ἰατρικῶς
3447 2846 3842 2912 διαγινόμενον,

2271 2943 2365 2994 καὶ
2403 2940 2752 3009 καταλλήλως
2792 2940 3114 3012 ἀλεξιτήρια
3158 2939 3621 3009 προϐαλλόμενον,
3657 2937 3847 2990 ὁποτέ-

2273 3051 2382 3103 ρως
2411 3033 2477 3086 ἂν
2513 3031 2680 3106 βούλῃ
2711 3030 2765 3098 ιι,
2800 3034 3036 3102 τυφλοὺς
3067 3031 3444 3101 ὀμματοῦντα,
3477 3032 3712 3103 λεπροὺς
3742 3049 3844 3084 κα-

2272 3125 2549 3196 θαίροντα,
2593 3126 2863 3194 πυρετοὺς
2891 3124 3285 3186 ἀπελαύνοντα,
3319 3122 3650 3193 χωλεύουσιν
3683 3122 3842 3175 εύὸαο

2269 3218 2383 3269 τεῖν
2411 3215 2788 3286 παρεχόμενον
2815 3258 2828 3278 ,
2863 3216 3203 3284 κωφεύουσιν
3252 3215 3327 3266 τὸ·
3358 3215 3750 3286 ἀκροατήριον,
3780 3213 3848 3265 τὰ.

2270 3308 2380 3360 τῶν
2426 3308 2632 3360 λοιπῶν
2677 3309 3002 3376 νοσημάτων
3045 3294 3424 3377 πολυπήμονα
3465 3306 3605 3371 εἴδη,
3659 3306 3847 3358 ἄκεσιν

2271 3400 2528 3471 ἀφθόροις
2568 3398 2582 3437 ι
2619 3397 3070 3451 ἀποκαθιστῶντα
3112 3397 3194 3462 είς
3230 3397 3292 3451 τὸ
3338 3398 3479 3451 κατά
3514 3396 3682 3460 φύσιν
3710 3413 3722 3424 ⁸
3756 3394 3850 3446 καὶ

2277 3495 2458 3565 μέντοι
2506 3491 2870 3563 ποιμαντικὴν
2916 3491 3028 3558 ἕξιν
3091 3492 3564 3560 ἀναλαμϐάνοντα,
3600 3495 3696 3541 καὶ
3731 3488 3849 3540 ποί-

2278 3604 2409 3657 μνια
2455 3585 2572 3655 Θεῷ
2619 3585 3016 3655 καταρτίζοντα
3058 3595 3119 3650 ω,
3154 3583 3605 3652 καθηγούμενον,
3643 3583 3849 3636 ἀνακα-

2274 3678 2558 3746 λούμενον,
2613 3677 3064 3748 ἐπιμελούμενον,
3115 3674 3595 3746 προπολεμοῦντα,
3655 3675 3852 3728 ἀποσο-

2276 3766 2473 3821 ϐοῦντα
2502 3767 2675 3838 θῆρας
2707 3767 2994 3839 αἱρέσεων,
3025 3766 3294 3837 δαιμόνων
3328 3784 3385 3818 τε
3418 3764 3727 3834 φάλαγγας·
3752 3767 3852 3818 ὅσα

2275 3878 2334 3914 τε
2375 3863 2433 3914 ὲν
2462 3861 2612 3930 μέσῳ
2647 3858 2905 3931 ἀρδεῦσαι
2949 3859 3212 3924 ἀεννάως,
3253 3861 3671 3930 χειραγωγῆσαι
3703 3867 3728 3894 η
3755 3859 3854 3912 αὖ·

2277 3953 2571 4020 ξουμένους
2602 3955 2668 4023 τῇ
2697 3954 2838 4005 κατὰ
2871 3951 3106 4021 Χριστὸν
3138 3951 3353 4023 ἡλικίᾳ,
3382 3949 3627 4012 ἀκάνθας
3655 3949 3853 4020 νοητὰς

2276 4046 2507 4113 ὲκτῖλαι,
2533 4045 2664 4108 ὓλας
2686 4044 2944 4107 ἀσεϐείας
2975 4045 3258 4114 ἐμπρῆσαι
3289 4051 3331 4109 ο,
3367 4042 3622 4112 χάρακας
3650 4041 3853 4110 δογμα-

2275 4141 2463 4204 τικοὺς
2499 4141 2792 4209 ὑπερεῖσαι
2837 4147 2886 4201 ν,
2920 4138 3208 4208 φραγμοὺς
3246 4135 3593 4197 διδακτικοὺς
3637 4133 3855 4202 περιθέ-

2281 4230 2428 4296 σθαι,
2446 4231 2540 4283 καὶ
2557 4232 2672 4282 εἴτι
2690 4228 2816 4283 ἄλλο
2844 4229 2951 4281 τῶν
2971 4228 3195 4280 δεόντων
3213 4226 3548 4295 ἐφεπόμενον
3574 4224 3747 4278 καταθ
3757 4223 3851 4292 ρῆ-

2283 4341 2392 4375 σαι.
2436 4324 2493 4374 '0
2517 4321 2562 4376 δ’
2588 4322 2746 4383 αὐτὸς
2783 4321 2878 4372 καὶ
2906 4320 3204 4388 οἰκοδόμος,
3227 4317 3321 4370 καλ⁵
3349 4317 3692 4388 ἀρχιτέκτων
3721 4317 3852 4368 οἰκο-

2278 4416 2453 4484 δομῆς
2489 4414 2584 4466 καὶ
2619 4411 2904 4472 τεκτονίας
2951 4410 3396 4480 ἀχειροποιήτου,
3427 4408 3539 4460 τῶν
3572 4409 3665 4462 διὰ
3691 4406 3852 4461 πνεύ-

2214 4542 2254 4595 D
2283 4522 2474 4576 ματος,
2503 4503 2666 4571 λέγω,
2715 4502 2810 4555 καὶ
2842 4500 3098 4571 ἀληθείας
3128 4496 3673 4595 άναδεΙδοίμημένων
3717 4496 3852 4550 ναῶν

2283 4598 2517 4668 Κυρίου,
2550 4595 2644 4648 καὶ
2687 4591 3163 4663 καταρτιζομένων
3197 4593 3276 4654 είς
3325 4587 3452 4642 λαὸν
3505 4590 3846 4659 περιούσιον,

2284 4688 2530 4760 ζηλωτὴν
2557 4688 2739 4741 καλῶν
2775 4686 2972 4756 ἔργων.

2354 4786 2392 4834 ε’
2402 4821 2416 4834 .
2447 4779 2652 4848 Σκέψαι
2687 4796 2775 4849 μοι
2802 4778 2899 4840 τὰς
2934 4777 3116 4838 πόλεις
3145 4775 3240 4828 καὶ
3268 4776 3367 4840 τὰς
3394 4779 3751 4842 κατοικεσίας
3791 4779 3854 4840 ἃς

2287 4871 2456 4925 πάλαι
2484 4869 2513 4920 6
2542 4869 2843 4931 λαόπλανος
2871 4878 2898 4917 ει
2929 4871 2996 4937 τῇ
3026 4867 3253 4938 ἀπιστίᾳ
3288 4869 3544 4937 κατεῖχεν
3575 4867 3859 4937 ἠλίὸατος,

2287 4961 2667 5033 πυργωθείσας
2711 4962 2769 5014 ὲν
2797 4959 3117 5030 θεογνωσίᾳ,
3151 4960 3246 5014 καὶ
3295 4959 3396 5023 τὰς
3445 4961 3553 5013 τῶν
3601 4963 3856 5015 ἐναντίων

2285 5052 2576 5116 ἐπιϐουλὰς
2612 5053 2741 5124 ῥᾷον
2773 5051 3267 5121 άποπεμπομένας,
3295 5050 3365 5104 τὰ
3395 5051 3523 5123 λήῖα
3571 5053 3852 5124 τεθηλότα,

2285 5147 2410 5209 τοὺς
2475 5144 2806 5214 ἀμπελῶνας
2862 5141 3264 5214 περκάζοντας,
3313 5143 3440 5203 τοὺς
3491 5144 3854 5212 παραδείσους

2287 5241 2676 5311 κυπρίζοντας,
2702 5236 2828 5298 τοὺς
2856 5235 3144 5298 νοσοῦντας
3174 5235 3354 5286 πᾶσαν
3377 5234 3531 5288 νόσον
3552 5236 3648 5288 καὶ
3680 5238 3855 5288 πᾶσαν

2291 5331 2566 5404 μαλακίαν
2606 5328 3126 5401 τεθεραπευμένους.
3168 5315 3402 5380 Τοιαῦτα
3449 5327 3517 5381 τὰ
3549 5328 3648 5380 τοῦ
3697 5329 3852 5381 Ἀπο-

1888 5467 2117 5526 VARUS
2158 5469 2560 5530 LECTIONES.

631 5566 633 5568 ’
681 5582 708 5621 Ιι
737 5581 1058 5663 ᾼηεειιιεὶυε
1091 5581 1237 5663 aliud
1273 5581 1502 5663 legebat,
1537 5584 1663 5663 quia
1709 5585 1900 5663 scribit
1948 5587 2168 5663 drtplici_
2197 5589 2455 5663 sanitate.
2506 5586 2663 5654 quasi
2710 5583 3061 5663 ἀμφοτέροις·

3170 5578 3190 5618 ι·
3227 5578 3552 5634 Anastasius
3585 5599 3598 5634 :
3674 5579 3856 5634 Verum

610 5652 847 5705 eumdem
877 5669 1024 5724 nosse
1053 5654 1199 5715 velis,
1277 5662 1312 5682 ⁸³
1345 5654 1532 5708 Auast.
1562 5655 1666 5707 Deo
1688 5652 2031 5724 perﬁcienlef
2083 5667 2110 5693 η
2143 5659 2466 5712 Anastasius
2503 5652 2830 5724 prtepostere
2863 5653 3045 5721 rigare-
3069 5668 3259 5724 manu,
3302 5655 3526 5705 educare
3553 5663 3854 5724 crescentes.

616 5730 640 5755 °
672 5724 860 5798 Abest.
894 5723 1055 5777 silvas
1079 5725 1336 5798 impactus
1372 5725 1617 5798 secando,
1661 5721 1848 5798 nescio
1878 5728 2005 5792 quid
2041 5728 2188 5781 aliud
2219 5729 2424 5798 legens.
2501 5721 2528 5775 ἱ)
2553 5721 2686 5798 Cod.
2747 5725 3036 5798 ύπηρίσαιἶ
3064 5721 3299 5798 Videant
3329 5734 3461 5795 ergo
3492 5722 3855 5792 grammatici-

615 5801 642 5842 ιι
683 5795 873 5847 Anast.
914 5810 1076 5863 prave
1102 5795 1332 5865 populus
1366 5796 1631 5850 seductus.
1663 5795 1791 5851 Item
1819 5799 2106 5867 sequentia
2145 5793 2294 5869 apud
2317 5796 2666 5853 Auastasium
2701 5808 2960 5862 perversa
2989 5793 3261 5848 videntur.
