4018 6304
185 345 296 410 79⁷

186 462 401 526 στόλου,
427 465 506 528 ὡς
547 474 616 520 ἂν
645 468 788 525 εἴποι
810 490 912 536 τις,
944 479 1234 546 προτέλεια
1262 485 1354 537 καὶ
1386 488 1639 560 ὲκφόρια,
1669 511 1765 563 τη-

183 554 443 609 λικοῦτον
475 560 525 611 οἱ
562 559 790 629 ἀγῶνες,
816 566 864 617 oi

180 648 241 700 ἐν
277 649 425 719 λιμῷ
454 651 550 703 καὶ
576 651 739 723 δίψει,
775 658 832 709 ὲν
853 658 1012 729 ψύχει
1037 665 1130 714 καὶ
1154 668 1475 740 γυμνότητι,
1508 674 1566 725 ὲν
1603 672 1765 746 ὕϐρεις

182 756 268 792 σιν
309 741 409 794 καὶ
435 743 720 811 όνείδεσιν,
771 747 830 800 ὲν
861 751 1128 818 φυλακαῖς
1157 759 1252 810 καὶ
1283 758 1526 830 δεσμοῖς,
1553 764 1612 818 ἐν
1637 741 1763 820 δίω-

179 835 346 901 γμοῖς
371 835 469 887 καὶ
502 835 832 907 ἀπαγωγαίς
865 843 929 896 ἐκ
953 845 1120 899 τόπου
1147 849 1225 911 είς
1255 852 1437 916 τόπον,
1471 856 1533 907 ὲκ
1556 857 1763 923 πόλεως

178 924 261 987 είς
299 925 479 990 πόλιν,
528 929 593 981 ὲκ
627 930 858 1001 θεάτρου
900 937 980 1000 εἰς
1009 937 1257 1010 θέατρον,
1287 944 1347 994 ἐν
1377 944 1630 1014 βασάνοις
1666 952 1762 1002 καὶ

178 1017 482 1112 αίκισμοίς,
527 1021 586 1073 ὲν
628 1023 773 1094 φόνῳ
806 1027 898 1078 καὶ
933 1031 1178 1103 μαχαίρᾳ
1204 1050 1263 1085 τε
1297 1036 1632 1092 τελευταῖον·
1666 1043 1760 1112 ἀφ’

177 1099 254 1159 ὧν
293 1110 408 1178 γάρ
452 1110 622 1181 ἐχρῆν
660 1115 982 1183 ἀμείϐεσθαι
1015 1099 1240 1189 ἀγαθοῖς
1279 1126 1371 1182 τὸν
1411 1099 1756 1200 διδάσκαλον,

175 1200 265 1252 τὸν
295 1204 545 1274 σωτῆρα,
594 1204 686 1258 τὸν
745 1208 950 1277 ίατρὸν,
988 1211 1128 1284 ὑπὲρ
1161 1216 1370 1270 τούτων
1401 1222 1759 1292 εἰσπράττον-

175 1306 263 1344 ται
303 1293 376 1344 τά
414 1293 588 1348 δεινά·
621 1299 1120 1369 προπηλακίζουσι,
1151 1309 1396 1374 παίουσι,
1437 1313 1752 1384 πλὴτ-τουσι,

178 1380 491 1446 κολάζουσι,
531 1385 733 1452 ξέουσι·
762 1389 815 1443 τί
847 1392 907 1444 ού
949 1393 1237 1465 λέγοντες;
1264 1401 1316 1453 τί
1347 1403 1448 1457 οὐκ
1483 1380 1757 1460 ἐπινοοῦν-

175 1490 294 1541 τες;
320 1477 377 1529 τί
408 1477 472 1530 οὐ
502 1482 860 1550 πράττοντες;
903 1486 956 1537 τί
985 1489 1086 1541 οὐκ
1115 1490 1599 1564 ὲπεξευρίσκοντες
1645 1498 1756 1552 τῶν

173 1564 272 1618 ὅσα
307 1569 393 1630 εἰς
435 1569 775 1642 δριμυτέραν
803 1576 1046 1631 κάκωσιν
1072 1581 1164 1634 καὶ
1185 1583 1340 1647 ἀνίας
1364 1587 1751 1659 ὲπεξεύρεσινς

174 1657 340 1727 βαϐαὶ
364 1661 468 1732 τῆς
493 1665 761 1733 ἀπηνίαςῑ
791 1667 892 1735 φεῦ
914 1671 1015 1740 τῆς
1041 1671 1399 1745 θηριομανίας
1421 1679 1432 1730 !
1461 1657 1607 1745 οἴους
1627 1685 1753 1748 τοὺς

175 1751 404 1818 μισθοὺς
455 1753 535 1821 τῷ
589 1754 902 1831 θεραπευτῇ
940 1765 1298 1834 προσήγαγον
1328 1770 1378 1821 οἱ
1407 1771 1748 1843 ἀναϐλέψαν-

170 1857 280 1908 τες,
310 1845 360 1896 οί
382 1847 806 1919 εὒακοήσαντες,
835 1854 886 1905 οί
914 1856 1381 1929 οἰκοδομηθέντες,
1404 1864 1454 1915 οί
1490 1883 1750 1935 καταρτι-
1781 1853 1824 1910 Β

174 1933 412 2000 σθέντες·
444 1939 570 1993 ἀντὶ
620 1943 788 2013 τιμῆς
834 1946 1081 2016 ἀτιμίαν,
1142 1951 1264 2003 ἀντὶ
1317 1954 1568 2022 εὐλογίας
1618 1933 1750 2011 κατ-

174 2026 335 2092 άραν,
368 2030 495 2081 ἀντὶ
524 2030 715 2103 δώρων
738 2035 950 2102 ποινάς,
985 2040 1107 2091 ἀντὶ
1151 2041 1569 2116 άναπαυστικῆς
1604 2046 1751 2117 ζωῆς

173 2117 259 2172 τὸν
290 2123 622 2192 πικρότατον
649 2128 811 2199 μόρον
832 2130 965 2200 (40).
999 2134 1168 2186 Φασὶν
1196 2139 1306 2207 γὰρ
1335 2138 1496 2191 αὑτὸν
1524 2143 1659 2209 μετὰ
1688 2145 1750 2195 τὺ

174 2209 372 2275 πολλὰς
407 2215 505 2266 καὶ
534 2217 864 2286 ἀνηκέστους
911 2223 1136 2277 ύποῖσαι
1181 2227 1459 2292 κολάσεις,
1493 2233 1747 2303 ἐκδεδάρ-

175 2300 260 2355 θαι
289 2303 395 2358 ὑπὸ
428 2307 541 2360 τῶν
574 2303 788 2363 ἀσεϐῶν
823 2313 901 2374 είς
939 2313 1172 2381 θύλακος
1200 2316 1361 2384 εἶδοςο
1389 2318 1489 2375 εἷθ’
1518 2300 1748 2396 ὕστερον

172 2395 272 2448 ύπὺ
325 2397 435 2452 τῶν
481 2402 689 2456 πιστῶν
712 2404 996 2472 τετάφθαι·
1037 2409 1122 2462 ἵνα
1156 2412 1439 2466 κάνταῦθα
1482 2418 1748 2488 πρύτανις

171 2488 262 2541 καὶ
289 2490 430 2559 μετά
459 2493 667 2562 πότμον
688 2496 881 2566 φανείη
909 2500 937 2551 ὁ
966 2501 1138 2568 μέγας
1166 2505 1260 2557 τοῦ
1291 2507 1426 2560 Θεοῦ
1456 2511 1651 2580 κήρυξ.
1671 2513 1746 2564 Οὐ

172 2579 273 2651 γὰρ
292 2583 415 2635 ἐπεὶ
442 2585 711 2654 μετῆλθεν
734 2587 841 2641 τῶν
862 2591 1013 2661 τῇδε,
1039 2595 1232 2664 ἠμέλει
1255 2599 1362 2652 τῶν
1393 2579 1743 2666 κτεινάντων,

172 2671 280 2724 ἀλλ’
305 2674 380 2738 ὡς
430 2677 637 2746 ποιμὴν
676 2679 878 2746 ἀγαθὸς
920 2683 1046 2736 ὅσον
1081 2683 1150 2757 ἦν
1186 2690 1404 2761 καιροῦ,
1434 2693 1746 2758 ἐξεκαλεῖτο

169 2766 284 2827 ταῖς
331 2766 796 2837 θαυματουργίαις
839 2775 968 2837 τοὺς
1011 2778 1532 2848 ἀπολισθαίνοντας,
1576 2803 1746 2856 προσ⁴

169 2857 427 2923 ῳκειοῦτο
475 2863 893 2931 τερατουργίαις
933 2868 1059 2930 τοὺς
1093 2870 1605 2942 ἀπεστραμμένους
1647 2876 1745 2946 τὴν

169 2945 223 2999 δὲ
251 2947 613 3021 θηριότροπον
634 2954 883 3026 γνώμην,
907 2958 1006 3028 τὴν
1033 2961 1352 3028 ἀμείλικτον
1373 2965 1623 3035 καρδίαν,
1654 2945 1745 3020 οῦ-

171 3037 255 3093 δὲν
289 3041 350 3094 τὸ
398 3043 700 3108 ἀνακτοῦν,
734 3049 885 3103 οὐδὲν
941 3051 998 3102 τὸ
1045 3052 1407 3124 ἀνασυράζον,
1457 3057 1618 3126 ἡνίκα
1664 3061 1744 3122 είς

170 3128 298 3201 βάθη
333 3133 525 3188 κακῶν
561 3135 647 3207 εἴη
678 3138 1098 3208 ἐμπεπτωκυία.

232 3223 308 3287 ς’.
334 3224 405 3294 Ii
461 3223 572 3297 γάρ
610 3227 679 3281 τά
723 3229 894 3300 έξῆς;
932 3232 1221 3300 μαίνονται
1251 3237 1394 3290 κατά
1440 3239 1537 3292 τοῦ
1587 3242 1736 3311 ίεροῦ

167 3317 372 3374 ἐκείνου
403 3320 667 3394 σώματος
689 3341 704 3356 ο
738 3325 1119 3397 θυμομαχοῦσι
1151 3332 1292 3386 κατά
1318 3333 1411 3386 τοῦ
1440 3336 1739 3406 ίαματουρ-

167 3410 385 3478 γοῦντος
441 3413 754 3485 λάρνακοςο
781 3418 1208 3490 ἀποπέμπονται
1264 3425 1327 3477 τὸ
1386 3426 1627 3496 ἰατρεῖον
1685 3427 1736 3479 oi

167 3501 538 3570 ἀσθενοῦντες,
562 3508 612 3561 οἱ
645 3508 836 3576 τυφλοὶ
873 3509 966 3562 τὸν
994 3515 1354 3584 χειραγωγὸν,
1388 3517 1438 3569 ot
1507 3517 1736 3587 μυωπά-

166 3591 342 3660 ζοντες
372 3598 466 3652 τὸν
497 3599 831 3670 φωτοδότην,
858 3601 908 3654 oi
932 3605 1300 3674 ναυαγοῦντες
1338 3608 1432 3662 τὸν
1465 3609 1736 3682 κυϐερνη-

165 3699 280 3755 την,
309 3689 357 3741 οί
416 3687 811 3759 θανατούμενοι
855 3692 947 3745 τὸν
1004 3694 1396 3759 ζωοποιοῦντα.
1429 3701 1537 3752 Καὶ
1578 3699 1739 3754 τοῦτο

166 3775 304 3843 πῶςς
333 3779 622 3849 ῥίπτουσιν
679 3781 821 3835 κατά
871 3784 1085 3852 πόντον,
1113 3786 1190 3851 ὡς
1253 3788 1319 3840 ἂν
1352 3788 1425 3859 μὴ
1468 3789 1553 3861 εἴη
1597 3808 1682 3854 τις
1709 3793 1739 3844 ό

167 3868 295 3939 πρὸς
361 3872 531 3924 αὐτοῦ
596 3872 1140 3947 εύεργετησόμενος·
1201 3878 1413 3932 τοιοῦτο
1466 3880 1576 3953 γὰρ
1630 3882 1738 3935 τῶν

168 3959 565 4026 βασκαινόντων
595 3964 657 4016 τὸ
692 3967 886 4034 πάθος,
925 3969 1066 4040 μηδὲ
1112 3970 1212 4041 τὴν
1262 3971 1571 4026 ἐθελούσιον
1627 3975 1737 4028 ἀπ·-

167 4049 373 4119 ὠλειαν,
407 4055 685 4126 σωτηρίαν
717 4060 921 4129 ἐτέρων
958 4062 1304 4131 ἀνεχομένων
1321 4064 1576 4132 γενέσθαι
1600 4067 1732 4138 (41).

240 4144 375 4198 Ἀλλ’
396 4148 426 4199 ό
470 4147 559 4200 διὰ
591 4148 755 4202 Δαϐὶδ
787 4149 1070 4221 πόρρωθεν
1097 4152 1486 4225 ἀναφωνήσας·
1526 4157 1624 4210 Ἑν
1657 4155 1732 4225 τῇ

168 4235 436 4307 θαλάσσῃ
463 4240 526 4292 at
554 4240 688 4293 ὁδοί
713 4255 849 4307 σου,
879 4241 1060 4297 καὶαι
1090 4245 1274 4313 τρίϐοι
1309 4261 1426 4302 σου
1455 4247 1524 4301 ἐν
1552 4247 1734 4301 ὕδασι

169 4330 422 4396 πολλοῖς,
439 4331 540 4385 καί
567 4333 639 4386 τὰ
666 4333 806 4401 ῖχνη
845 4350 962 4388 σου
986 4337 1059 4390 οὐ
1080 4338 1536 4405 γνωσθήσονται
1562 4358 1575 4371 ·
1601 4341 1732 4393 κάν-

171 4418 331 4473 ταῦθα
352 4421 450 4494 τὴν
477 4423 656 4494 ὑγρὰν
688 4424 858 4495 βατὴν
888 4428 956 4498 τῇ
1006 4426 1238 4499 λάρνακι
1271 4431 1689 4501 παρεσκεύασεν
1715 4449 1730 4464 ·

954 365 1236 429 ORATIO
1271 372 1349 431 Χ.
1379 398 1449 408 -
1489 376 1592 437 ΙΝ.
1625 379 1685 440 S.
1731 382 2377 454 BARTHOLOM/EUM
2411 396 2662 458 APOST.

3339 406 3442 471 798

1797 503 1838 558 Α
1868 504 2122 569 apostoli,
2144 517 2198 560 ut
2224 509 2292 560 ita
2311 508 2742 582 dicam,frugum
2760 514 3034 584 primitiae,
3071 527 3148 573 tot
3183 529 3440 593 tantaque

907 566 1147 637 ἱδρῶτες,
1184 574 1234 625 οί
1271 577 1444 630 πόνοι·
1479 583 1573 634 καὶ
1595 584 1744 640 ταῦτ(

1905 566 1917 569 -
2112 566 2116 568 γ
2501 566 2510 574 .
2619 566 2646 582 υ
3071 566 3148 573 η-
3183 566 3439 593 me...un

1866 596 2190 656 certamina.
2221 599 2470 664 sudores,
2510 603 2756 660 labores:
2785 614 2840 662 et
2872 610 3091 678 quidem
3126 611 3179 666 in
3217 611 3361 669 fame
3384 624 3440 669 et

1864 687 1986 750 siti,
2025 689 2078 742 in
2121 689 2320 761 frigore
2344 701 2398 746 et
2427 695 2669 751 nuditate
2695 736 2710 760 ,
2751 698 2804 752 in
2837 703 3184 758 contumeliis
3217 713 3272 759 et
3300 720 3436 760 con-

1865 780 2050 844 viciis,
2078 781 2131 835 in
2168 783 2478 841 carceribus
2509 795 2563 841 et
2593 788 2846 855 vinculis,
2879 790 2932 845 iu
2959 795 3437 863 persecutionibus

1861 882 1915 928 et
1954 873 2378 932 abductionibus
2411 877 2478 931 de
2519 878 2641 935 loco
2672 881 2723 934 in
2765 881 2942 937 locum
2967 924 2981 951 ,
3014 885 3080 940 de
3106 886 3324 942 civitate
3377 887 3432 942 in

1861 964 2132 1020 civitatem
2152 1008 2167 1032 ,
2223 967 2290 1021 de
2318 968 2528 1024 theatro
2550 971 2603 1025 in
2632 972 2899 1028 theatrum
2927 1015 2943 1041 ,
2972 976 3025 1030 in
3060 979 3346 1034 tormentis
3378 991 3434 1033 et

1860 1057 2192 1113 cruciatibus
2217 1099 2232 1121 ,
2281 1060 2332 1113 in
2380 1063 2525 1117 czede
2557 1063 2792 1134 denique
2824 1075 2877 1121 et
2909 1068 3104 1136 gladio.
3162 1069 3205 1124 Α
3236 1071 3434 1142 quibus

1857 1147 2001 1202 enim
2028 1150 2312 1218 oportebat
2335 1155 2677 1210 remunerari
2703 1158 3047 1227 magistrum,
3072 1171 3432 1226 servatorem,

1857 1240 2127 1294 medicum
2151 1279 2166 1302 ,
2204 1241 2274 1295 ab
2304 1242 2386 1296 his
2438 1255 2629 1300 contra
2667 1246 2713 1302 is
2751 1249 2817 1303 ad
2858 1264 3075 1319 pmnam
3111 1252 3429 1321 expetitur:

1856 1331 2001 1386 hunc
2060 1333 2287 1402 pedibus
2344 1345 2672 1404 proterrent,
2726 1341 2983 1410 pulsant,
3039 1342 3278 1410 feriunt,
3335 1360 3431 1399 ex-

1853 1423 2141 1489 cruciant,
2190 1426 2492 1480 excoriant.
2534 1426 2676 1493 Quid
2728 1445 2836 1484 non
2881 1431 3116 1487 dicunt?
3156 1434 3284 1503 quid
3319 1449 3428 1489 non

1853 1516 2216 1585 excoKitant?
2255 1519 2386 1588 qttid
2435 1534 2541 1574 non
2601 1520 2923 1578 intentant?
2976 1525 3108 1595 quid
3157 1542 3265 1582 non
3311 1542 3431 1582 mo-

1853 1606 2059 1661 liuntur
2111 1617 2169 1662 ut
2227 1609 2480 1666 acerbius
2534 1611 2926 1684 molestiusque
2972 1618 3248 1673 noceant?
3295 1617 3427 1674 Hem

1852 1699 2111 1754 saavitiam
2138 1701 2149 1753 l
2194 1700 2316 1755 hem
2342 1701 2568 1760 ferinam
2601 1706 2834 1761 rabiem!
2869 1706 3099 1773 Qualem
3119 1709 3422 1764 mercedem

1853 1791 2157 1859 rependunt
2215 1793 2428 1848 medico
2487 1810 2588 1850 suo
2637 1796 2730 1866 qui
2794 1798 2993 1861 visum,
3035 1799 3126 1867 qui
3180 1800 3426 1858 auditum

1853 1892 2170 1950 receperant
2197 1923 2213 1947 ,
2258 1885 2349 1954 qui
2382 1884 2670 1940 instaurati
2700 1888 3118 1957 confirmatique
3163 1888 3379 1945 fuerant
3411 1891 3425 1944 !

1851 1987 1952 2040 pro
1986 1972 2194 2027 honore
2245 1973 2602 2044 ignominiam
2633 2018 2648 2042 ,
2679 1993 2779 2047 pro
2823 1978 3205 2034 benedictione
3253 1981 3428 2036 male-

1851 2064 2087 2129 dictum,
2147 2078 2244 2134 pro
2299 2065 2457 2122 donis
2523 2083 2750 2137 pmnas,
2817 2085 2915 2139 pro
2965 2071 3257 2139 tranquilla
3317 2072 3427 2127 vita

1850 2153 2265 2209 acerbissimam
2315 2171 2528 2212 necem.
2578 2159 2744 2212 Aiunt
2787 2160 2965 2228 ipsum
3025 2162 3226 2217 multos
3280 2161 3426 2217 into-

1851 2243 2210 2314 lerandosque
2253 2247 2531 2302 cruciatus
2575 2264 2891 2317 perpessum
2919 2291 2934 2315 ,
2984 2251 3053 2305 ab
3107 2251 3288 2322 impiis
3329 2269 3426 2309 et-

1849 2336 2117 2390 coriatum
2170 2337 2222 2390 in
2255 2338 2476 2392 modum
2527 2338 2706 2405 follis,
2756 2351 2808 2396 et
2852 2357 2883 2395 a
2940 2341 3192 2398 fidelibus
3237 2354 3425 2413 postea

1848 2429 2160 2497 sepultum,
2221 2440 2280 2483 ut
2305 2429 2430 2485 hinc
2488 2431 2650 2485 etiam
2706 2440 2968 2502 patronus
3019 2443 3142 2503 post
3187 2433 3422 2498 obitum,

1849 2534 2076 2589 magnus
2113 2521 2199 2575 hic
2226 2519 2318 2574 Dei
2348 2522 2671 2588 prmdicator
2700 2532 3006 2595 appareret.
3049 2523 3238 2595 Neque
3273 2527 3418 2587 enim

1851 2618 2132 2677 postquam
2165 2610 2292 2664 hinc
2324 2611 2607 2677 abscessit,
2639 2613 2955 2667 carniﬁcum
2976 2628 3202 2667 suorum
3235 2630 3419 2669 curam

1847 2699 2055 2764 omisit,
2089 2701 2182 2754 sed
2227 2700 2396 2755 veluti
2459 2712 2648 2771 pastor
2706 2705 2903 2771 bonus,
2947 2706 3212 2776 prodigiis
3273 2708 3418 2760 onmi

1848 2797 2091 2857 tempore
2114 2789 2379 2844 invitabat
2401 2791 2663 2860 perditos,
2691 2793 2759 2847 ad
2784 2809 2843 2848 se
2867 2795 3146 2851 miraculis
3175 2796 3422 2852 trahebat

1847 2896 2089 2936 aversos.
2116 2881 2279 2950 Atqui
2313 2882 2544 2938 ferinam
2574 2895 2806 2940 mentem
2833 2896 2887 2941 et
2914 2888 3122 2947 immite
3144 2904 3256 2956 cor,
3282 2890 3418 2943 nihil

1848 2972 2047 3041 placat,
2081 2972 2216 3026 nihil
2264 2975 2602 3044 reconciliat,
2631 2976 2794 3032 simul
2849 2993 2915 3034 ac
2973 2980 3026 3034 in
3086 2980 3418 3050 profundunt

1845 3065 2066 3119 malitiae
2093 3064 2375 3120 deciderit.

1910 3241 1964 3296 6.
1999 3240 2140 3307 Quia
2172 3242 2317 3298 enim
2349 3247 2585 3313 postea?
2629 3247 2908 3304 Adversus
2954 3263 3171 3304 sacrum
3217 3267 3418 3321 corpus

1839 3333 2143 3400 insaniunt,
2181 3343 2234 3390 et
2262 3346 2453 3390 contra
2481 3352 2685 3399 arcam,
2719 3339 3015 3393 sanitatum
3053 3339 3264 3395 fontem
3288 3380 3304 3406 ,
3332 3341 3418 3396 fu—

1837 3435 2011 3481 runt:
2045 3427 2323 3497 expellunt
2345 3429 2614 3483 medicum
2646 3432 2856 3502 aegroti,
2886 3433 3014 3486 caeci
3049 3432 3267 3497 ducem,
3309 3450 3416 3490 eaa-

1837 3519 2104 3573 cutientes
2144 3518 2573 3573 illuminatorem
2604 3559 2620 3584 ,
2670 3521 3090 3591 gubernatorem
3143 3523 3414 3594 naufragi,

1837 3610 2097 3680 perempti
2132 3609 2542 3665 viviﬁcatorem.
2585 3610 2652 3665 Et
2675 3614 2948 3680 quomodo
2989 3613 3129 3670 hoc?
3164 3614 3218 3668 ln
3263 3631 3416 3670 mare

1840 3701 2156 3772 projiciunt,
2191 3715 2260 3758 ne
2287 3704 2411 3774 quis
2440 3704 2509 3758 ab
2531 3719 2598 3759 eo
2628 3705 2884 3773 deinceps
2916 3704 3235 3760 beneﬁcium
3271 3707 3414 3762 acci-

1838 3794 1970 3862 piat.
2012 3791 2143 3847 Tale
2169 3797 2314 3849 enim
2345 3804 2427 3850 est
2461 3796 2771 3850 invidorum
2820 3797 3036 3860 vitium,
3088 3806 3147 3852 ut
3193 3799 3279 3854 vel
3312 3815 3416 3854 suo

1838 3885 2149 3940 voluntario
2180 3886 2370 3952 exitio,
2403 3887 2635 3941 alienam
2668 3887 2901 3942 salutem
2933 3888 3195 3959 impedire
3224 3891 3408 3946 velint.

1839 3977 1941 4032 Sed
1993 3979 2088 4046 qui
2149 3994 2244 4048 per
2279 3979 2530 4033 Davidem
2593 3980 2723 4034 olim
2760 3980 3411 4036 clamaverat'°:lnmari

1835 4072 1931 4124 vite
1957 4080 2080 4136 tute,
2109 4080 2159 4124 et
2189 4071 2392 4124 semita:
2421 4081 2527 4126 tua:
2567 4073 2623 4125 in
2668 4075 2821 4143 aquis
2873 4073 3080 4137 multis,
3111 4083 3159 4128 et
3190 4075 3410 4144 vestigia

1837 4170 1930 4215 tua
1953 4178 2055 4215 non
2082 4174 2494 4234 cognoscentur;
2531 4179 2680 4219 nunc
2726 4181 2944 4236 quoque
2984 4167 3255 4221 marinum
3305 4173 3409 4221 hu-

1837 4268 2042 4308 morem
2072 4270 2212 4310 arete
2245 4256 2564 4326 gradibilem
2606 4254 2755 4311 fecit.
2806 4256 2873 4311 Et
2916 4271 3143 4327 magnus
3185 4256 3405 4327 quidem

1833 4342 2026 4400 Petrus
2052 4346 2104 4399 in
2131 4347 2267 4401 mari
2295 4347 2509 4402 ambula
2519 4361 2597 4411 re,
2612 4357 2842 4403 vocante
2858 4362 2981 4401 eum
3005 4347 3071 4401 ad
3088 4362 3146 4401 se
3167 4347 3404 4414 Christo,

1834 4444 2161 4502 conspectus
2188 4443 2273 4489 est
2299 4436 2340 4468 ἰ
2373 4452 2387 4488 :
2424 4435 2678 4505 idemque
2704 4434 2908 4491 fecisse
2928 4443 3155 4505 apparet
3181 4435 3407 4491 Bartho-

173 4512 300 4565 καὶὸ
342 4515 605 4588 Πέτροςό
646 4515 822 4584 μέγας
879 4519 1202 4590 περιπατῶν
1253 4525 1310 4574 ὲν
1367 4525 1433 4592 τῇ
1484 4522 1726 4596 θαλάσσῃ

1844 4525 2083 4579 lommum
2120 4523 2173 4578 in
2208 4539 2336 4580 arca
2374 4527 2633 4596 reliquias
2659 4542 2790 4582 suas
2824 4535 3089 4597 gestante,
3121 4527 3298 4596 quasi,
3325 4527 3408 4581 in-

173 4605 447 4672 καλοῦντος
480 4609 619 4679 πρὸς
660 4609 824 4664 αὑτὸν
847 4612 1083 4682 Χριστοῦ
1114 4614 1288 4686 ἐφάνη
1314 4634 1327 4646 ·
1357 4615 1514 4669 τοῦτο
1535 4619 1563 4670 ό
1589 4617 1732 4680 θεῖος

172 4696 559 4772 Βαρθολομαῖος
588 4695 692 4757 ὦδε
723 4707 788 4774 τῇ
818 4704 1193 4776 λειψανοφὸρῳ
1221 4709 1452 4780 λάρνακι
1486 4711 1731 4776 πεζεύων

171 4789 300 4843 κατὰ
339 4795 604 4865 κυμάτων
653 4794 940 4851 δέδεικται.
985 4799 1049 4850 Ὢ
1080 4797 1175 4851 τοῦ
1211 4799 1522 4870 θαύματοςῐ
1557 4802 1602 4856 ὢ
1629 4805 1728 4875 τῆς

174 4881 562 4954 μεγαλουργίας
595 4885 608 4938 !
653 4883 962 4956 ἐξορμήσας
982 4889 1090 4956 γὰρ
1119 4888 1183 4939 ἐκ
1221 4888 1330 4940 τῶν
1363 4890 1556 4960 χώρων
1602 4893 1728 4962 Ἀρ-

173 4972 348 5036 μενίας
390 4977 424 5047 η
461 4974 669 5046 λάρναξ
713 4978 808 5030 σὺν
837 4978 1131 5049 τέσσαρσιν
1173 4984 1525 5052 μαρτυρικοῖς
1552 4983 1730 5049 ἄλλοις

171 5061 246 5127 ἐφ’
285 5066 494 5134 ὁμοίαις
547 5071 670 5131 ταῖς
717 5069 1140 5138 σημειουργίαις
1195 5071 1582 5142 ὲκριφείσαις,
1635 5078 1729 5130 καὶ

171 5149 247 5206 διὰ
294 5157 390 5228 τῆς
446 5160 620 5230 αὐτῆς
661 5159 940 5231 θαλάσσης
996 5162 1326 5232 ἀμφοτέρων
1386 5182 1727 5237 ποντοπορη·

174 5245 385 5313 σάντων,
415 5252 846 5322 προηγουμένων
899 5252 1010 5305 τῶν
1060 5253 1376 5332 τεττάρων,
1408 5257 1500 5309 καὶ
1560 5258 1724 5310 οίονεὶ

171 5333 514 5404 ὁψικευόντων
555 5341 639 5413 τῷ
685 5343 1019 5414 Ἀποστόλῳ,
1057 5343 1323 5410 ὲκκλινείς
1369 5346 1437 5399 τά
1465 5349 1721 5402 ἐπέκεινα

235 5505 278 5539 ⁸⁸
303 5510 440 5568 Psal.
473 5530 660 5584 uxvr,
691 5517 784 5572 9.0.
891 5525 933 5557 ’ί
966 5525 1156 5583 Matth.
1191 5545 1299 5594 xiv,
1326 5530 1415 5584 9.8.
1446 5481 1449 5483 ί

240 5658 342 5724 (i0)
383 5661 481 5736 ilic
524 5662 791 5736 nonnulla
827 5674 1132 5736 sequuntur
1178 5667 1230 5718 in
1268 5668 1716 5736 interpretatione

176 5723 446 5802 Anastasii,
477 5749 596 5802 quae
621 5734 844 5788 Gratcus
867 5723 1038 5788 codex
1071 5733 1365 5792 Vaticanus
1395 5723 1500 5791 lion
1529 5723 1707 5793 habet.

239 5795 340 5864 (41)
381 5795 601 5859 Videtur
629 5804 784 5859 locus
809 5819 1030 5860 sensum
1059 5821 1222 5874 quem
1251 5823 1350 5862 nos
1381 5809 1708 5876 scripsimus

1831 4632 2017 4688 quam,
2052 4616 2289 4685 pedestri
2329 4617 2525 4673 itinere
2551 4618 2749 4673 ﬂuctus
2779 4619 3040 4674 calcasse.
3082 4617 3127 4673 Ο
3166 4618 3405 4674 ηιὶι-ιιοιι-

1830 4709 1972 4764 lum!
2033 4725 2067 4764 ο
2101 4710 2305 4778 grande
2342 4711 2689 4780 portentum!
2745 4709 2960 4766 Etenim
3012 4726 3082 4767 ex
3132 4712 3407 4766 Armenia:

1828 4801 1990 4858 terris
2038 4802 2324 4858 discedens
2363 4817 2491 4858 area
2516 4818 2640 4857 cum
2679 4803 2800 4858 aliis
2843 4813 3138 4875 martyrum
3170 4812 3406 4874 quatuor

1826 4895 1896 4949 ob
1934 4894 2083 4965 paria
2103 4895 2368 4949 miracula
2399 4895 2608 4965 ejectis,
2628 4908 2681 4951 et
2702 4897 2841 4950 idem
2866 4911 3018 4950 mare
3039 4897 3400 4960 sulcantibus,

1835 4987 2367 5057 praecedentibushis
2391 4997 2626 5058 quatuor
2656 4998 2710 5044 et
2729 4990 2886 5059 quasi
2913 4987 3236 5057 obsequium
3271 5001 3402 5057 apo-

1833 5078 1974 5132 stolo
2004 5076 2391 5146 praebentibus,
2433 5086 2656 5131 ventum
2697 5087 2798 5144 est,
2841 5078 3110 5133 declinata
3151 5079 3403 5148 superius

1833 5167 2040 5234 Sicilia,
2074 5167 2141 5221 ad
2190 5166 2425 5223 insulam
2457 5169 2678 5224 nomine
2715 5168 2957 5239 Liparim
2979 5209 2993 5234 ,
3049 5177 3103 5225 et
3129 5169 3400 5240 Agathoni

1828 5259 2179 5314 sanctissimo
2207 5260 2317 5314 illic
2353 5260 2609 5329 episcopo
2637 5274 2734 5329 per
2763 5260 2941 5315 visum
2984 5269 3218 5314 ostensa:
3250 5271 3398 5315 sunt.

1826 5350 1960 5416 Quis
1990 5367 2226 5421 unquam
2267 5352 2442 5406 audiit
2487 5360 2698 5406 tantum
2740 5351 3108 5406 miraculum?
3137 5348 3236 5406 Cui
3293 5353 3400 5407 tale

1818 5675 2117 5799 tpostulare.
2166 5677 2353 5734 Graeca
2403 5687 2582 5733 tamen
2616 5677 2779 5734 verba
2823 5694 2936 5734 non
2985 5677 3120 5736 satis
3167 5693 3395 5751 respon-

1857 5754 1965 5799 ent.

1857 5754 1965 5799 ent.
