4018 6304
583 347 692 409 799
1774 365 1832 424 S.
1874 366 2270 430 THEODORI
2311 373 2654 436 STUDIT/E
3735 380 3839 442 800

585 467 908 530 tantumque
935 462 1240 535 prodigium
1277 467 1558 526 innotuit?
1590 473 1910 531 Miraculum
1970 495 2161 535 cumu-

2272 487 2513 552 Σικελίας
2543 489 2680 556 πρὸς
2707 491 2806 559 τὴν
2833 489 2932 558 τῆς
2958 489 3247 561 Λιπάρεως
3273 489 3620 560 καλουμένην
3653 505 3834 560 νησον.

585 545 735 604 latur
779 552 1066 608 miraculo.
1120 554 1330 628 Quippe
1359 572 1480 615 orat
1511 563 1774 636 (λιπαρεῖ
1805 581 2166 640 congruenter

2272 579 2334 631 δι’
2378 581 2774 650 ἀποκαλύψεως
2797 580 2892 634 τοῦ
2933 581 3189 650 τηνικάδε
3232 579 3663 651 ὲπισκοποῦντος
3688 584 3841 634 ὁσιω-

585 655 689 696 ευο
721 644 954 714 nomini)
989 645 1166 703 insula
1195 649 1375 706 tacitis
1413 651 1648 711 fortasse
1693 669 1751 712 ut
1801 662 2057 717 credibile
2085 672 2168 718 est

2272 671 2430 722 τάτου
2475 644 2780 738 Ἀγάθωνος
2807 644 3101 741 ὁρώμεναι.
3131 669 3228 733 Τίς
3251 669 3554 740 ἠκουτίσθη
3585 644 3844 738 τηλικοῦ-

584 731 818 788 vocibus
849 734 1095 792 clamans
1119 738 1198 793 sic
1233 757 1247 794 :
1291 740 1420 798 Veni
1457 747 1524 800 ad
1563 763 1648 802 me
1678 753 2094 820 pauperculam,
2134 769 2166 808 ο

2272 777 2358 813 τον
2391 731 2864 832 τερατούργημας
2913 731 2998 824 τίς
3039 731 3290 831 ὲδιδάίθή
3339 731 3681 831 τηλικαυτην
3709 761 3842 814 θαυ-

583 822 737 878 dives
773 827 1110 882 sanctissimi
1153 829 1394 902 Spiritus
1433 837 1690 895 tbesaure
1721 857 1736 895 :
1769 843 1892 896 veni
1947 843 2016 898 ad
2077 859 2164 900 me

586 912 942 984 indigentem,
965 935 998 973 ο
1023 921 1260 988 pretiosa
1286 929 1582 998 margarita
1613 950 1626 985 :
1663 934 1783 988 veni
1816 934 1882 988 ad
1920 951 2007 991 me
2040 953 2165 1007 sup.

585 1005 779 1074 plicem
807 1050 823 1074 ,
865 1018 922 1065 tu
971 1012 1064 1080 qui
1104 1015 1174 1068 ah
1211 1017 1333 1073 aliis
1369 1019 1709 1091 iniquissime
1747 1027 2012 1095 expulsus
2057 1005 2164 1085 es:

591 1111 808 1152 mecum
870 1100 1053 1156 habita
1085 1141 1100 1164 ,
1159 1114 1213 1161 et
1258 1108 1659 1170 habitatoribus
1714 1115 1930 1172 aflluam
1965 1137 1979 1174 :
2020 1136 2169 1176 meas

591 1186 759 1242 urbes
795 1198 969 1258 tuere,
1000 1202 1054 1248 et
1083 1197 1264 1265 populi
1291 1202 1637 1259 multitudine
1659 1207 1950 1264 abundabo
1974 1229 1986 1265 :
2014 1221 2167 1265 tuum

593 1279 726 1334 mihi
763 1285 1233 1344 nomeanscribe
1256 1330 1272 1353 ,
1315 1300 1367 1347 et
1397 1294 1597 1365 ubique
1633 1308 1904 1355 terrarum
1937 1304 2170 1360 celebris

591 1367 740 1422 fiam.
775 1369 882 1424 Alii
916 1381 968 1425 te
995 1372 1270 1434 luminare
1303 1383 1651 1451 expulerunt,
1689 1399 1773 1445 ast
1802 1404 1902 1459 ego
1935 1393 2169 1448 tenebri-

589 1473 715 1513 cosa
750 1468 902 1516 tuum
935 1464 1118 1521 lumen
1143 1469 1340 1540 exopto
1375 1493 1387 1528 :
1420 1476 1515 1531 alii
1552 1487 1645 1533 tua
1677 1481 1924 1537 vivorum
1957 1500 2166 1541 sermo-

589 1565 718 1602 num
752 1567 945 1607 mensa
970 1553 1120 1611 fruiti
1162 1572 1313 1628 sunt,
1349 1574 1434 1620 ast
1465 1583 1566 1640 ego
1597 1571 1846 1642 reliquiis
1889 1575 2032 1641 tuis,
2065 1592 2165 1632 ceu

586 1641 811 1696 catellus
836 1646 1018 1706 micis.
1050 1650 1226 1707 inhio.

2269 849 2638 918 ματουργίαν;
2667 850 2854 920 θαῦμα
2903 851 2962 902 ὲν
2996 849 3274 921 θαύματι·
3318 850 3544 920 λιπαρεῖ
3586 852 3702 919 (42)
3733 851 3840 923 γὰρ

2269 933 2381 991 οἷον
2405 941 2439 1008 ή
2486 940 2807 1011 φερώνυμυς
2849 944 3031 1012 νῆσος,
3061 941 3286 995 τοιαῦτα
3316 941 3478 1012 τυχὸν
3512 941 3650 1012 πρὸς
3683 944 3844 996 αὐτὸν

2273 1030 2563 1102 ἀλαλήτοις
2611 1035 2816 1100 φωναῖς
2871 1032 3148 1086 ἐπιϐοῶσα
3182 1050 3195 1065 ·
3229 1033 3404 1102 Δεῦρο
3444 1034 3580 1103 πρός
3637 1027 3705 1102 μέ
3747 1035 3844 1104 τὴν

2272 1118 2710 1188 πτωχεύουσανό
2742 1120 3048 1190 τρισόλϐιος
3103 1121 3380 1193 θησαυρὸς
3432 1120 3526 1174 τοῦ
3573 1124 3845 1191 παναγίου

2272 1205 2579 1275 πνεύματος
2601 1225 2615 1240 ο
2637 1207 2793 1278 δεῦρο
2810 1211 2944 1279 πρός
2961 1227 3028 1279 με
3049 1209 3147 1281 τὴν
3175 1211 3478 1281 ἀγέραστον
3500 1212 3528 1264 ό
3545 1211 3846 1281 πολυτίμη-

2270 1312 2362 1358 τος
2415 1299 2764 1369 μαργαρίτης
2792 1314 2806 1328 °
2835 1299 2992 1370 δεῦρο
3036 1302 3174 1371 πρός
3208 1319 3274 1372 με
3309 1303 3409 1372 τὴν
3453 1303 3844 1373 δυσωπήτριαν

2269 1393 2298 1444 ό
2351 1392 2480 1463 παρ’
2506 1392 2681 1447 ἄλλων
2729 1395 3189 1466 ἀποπεμπόμενος
3243 1395 3554 1466 ἀνομότατα
3589 1412 3604 1427 ·
3648 1396 3845 1449 ὲνοικίο

2271 1482 2429 1553 σθητί
2491 1501 2604 1554 μοι,
2633 1487 2729 1540 καὶ
2779 1487 3264 1557 πολοικισθήσομαι
3291 1503 3305 1518 °
3337 1487 3698 1557 πολιούχησόν
3754 1503 3842 1555 με,

2270 1576 2365 1627 καὶ
2417 1574 3079 1647 πολυανθρωπισθήσομαι
3103 1593 3118 1608 ·
3164 1576 3553 1647 ὀνοματίσθητί
3607 1593 3720 1646 μοι,
3753 1578 3844 1628 καὶ

2275 1664 2547 1736 πανταχοῦ
2591 1665 3003 1737 ὲξηχηθήσομσι
3029 1683 3042 1695 ·
3073 1667 3123 1719 oi
3168 1667 3316 1720 ἄλλοι
3345 1683 3406 1718 σε
3435 1668 3527 1718 τὸν
3578 1669 3846 1736 φωστῆρα

587 1730 897 1796 ἀπώσαντο,
929 1736 1044 1790 ἀλλ’
1083 1740 1195 1809 ἐγώ
1255 1762 1349 1798 σου
1412 1748 1505 1801 τοῦ
1541 1752 1714 1820 φάους
1774 1755 1998 1826 ἐφίεμαι
2039 1759 2071 1826 ὴ
2118 1730 2521 1825 στυγνάξουσα·
2569 1759 2619 1811 οἱ
2665 1730 2831 1812 άλλοι-
2866 1730 2960 1812 σου
2994 1759 3096 1830 τῆς
3141 1760 3420 1832 τραπέζης
3461 1760 3570 1814 τῶν
3625 1758 3846 1820 ζώντων

587 1824 760 1894 λόγων
791 1829 1249 1905 ἀπολελαύκασιν,
1277 1841 1390 1894 ἀλλ’
1413 1844 1522 1910 ἐγώ
1552 1863 1644 1900 σου
1669 1849 1778 1903 τῶν
1801 1824 2070 1922 λειψάνων
2091 1853 2166 1917 ὡς
2204 1854 2461 1925 κυνάριον
2488 1853 2810 1924 ψιχίσασϐαι
2839 1824 3116 1925 γλίχομαι.

667 1915 719 1969 7.
752 1917 882 1974 Post
911 1923 1015 1977 ista
1039 1965 1054 1987 ,
1083 1932 1309 1985 c'ateros
1347 1947 1615 2006 martyres
1645 1941 1799 2008 quasi
1831 1915 1961 1998 suos
1997 1945 2165 2014 stipa-

2333 1915 2400 2010 ξ’.
2435 1915 2587 2016 [ιρδξ
2623 1945 2796 1999 ταῦτα
2848 1915 3038 2014 ὧσπερ
3088 1946 3245 2008 τινὰς
3293 1944 3644 2016 δορυφόρους,
3675 1947 3838 2002 ἄλλον

593 2016 741 2065 tores
774 2020 920 2068 retro
948 2015 1218 2086 ablegavit
1249 2026 1526 2090 apostolus
1553 2067 1568 2089 ,
1615 2045 1784 2085 unttm
1820 2035 2038 2104 quidem
2073 2051 2170 2091 no-

590 2097 738 2152 mine
769 2098 1036 2172 Papinum
1067 2106 1240 2178 Mylas
1280 2113 1469 2167 urbem
1518 2115 1718 2175 Siciliae
1762 2097 1914 2178 misit
1948 2142 1960 2178 :
1996 2126 2165 2181 alium

589 2188 678 2241 cui
709 2205 908 2248 nomen
939 2192 1183 2254 Luciano
1205 2239 1220 2263 ,
1269 2201 1574 2261 Messanam
1609 2229 1621 2261 :
1655 2211 1794 2268 duos
1827 2216 2070 2286 reliquos
2099 2221 2166 2274 ad

590 2275 856 2336 Calabria
878 2283 1083 2354 littora,
1105 2287 1426 2362 Gregorium
1451 2299 1568 2352 urbi
1587 2299 1884 2364 Columnae.
1908 2275 2166 2364 Acacium

593 2370 711 2424 urbi
742 2369 890 2429 Calai
920 2379 1207 2446 appellata:
1246 2383 1545 2443 destinavit
1578 2408 1590 2443 :
1624 2401 1683 2445 ut
1725 2395 1923 2465 singuli
1963 2400 2015 2452 in
2052 2401 2168 2454 sin-

589 2460 734 2530 gulis
789 2466 1008 2534 oppidis
1071 2469 1371 2530 incolarum
1431 2477 1608 2535 forent
1651 2460 2024 2554 protectores,
2076 2492 2169 2547 ubi

595 2565 785 2622 reapse
809 2558 876 2610 ad
911 2557 1062 2616 hunc
1094 2579 1268 2634 usque
1287 2567 1432 2623 diem
1459 2571 1739 2630 beneflciis
1781 2576 2166 2638 inclarescunt.

593 2641 710 2712 Ipse
733 2657 914 2703 autem
953 2649 1408 2723 Bartholomeus,
1463 2672 1720 2734 tanquam
1780 2683 1875 2725 rex
1932 2675 2168 2743 propriis

595 2739 804 2797 laribus
836 2743 890 2796 in
923 2760 1058 2814 pace
1091 2751 1319 2818 potitus.
1352 2755 1419 2808 ad
1455 2771 1736 2818 vocantem
1767 2777 1825 2816 se
1856 2739 2044 2820 urbem
2074 2782 2169 2821 ac-

593 2829 777 2896 cessit,
818 2834 909 2888 ubi
940 2837 1222 2906 splendide
1257 2855 1510 2914 receptus
1556 2845 1678 2912 fuit,
1713 2853 1898 2908 multis
1929 2871 2051 2909 cum
2087 2856 2169 2910 fa-

594 2921 769 2988 cibus,
804 2925 1089 2994 odoribus,
1128 2934 1346 3004 hymnis
1384 2953 1412 2991 a
1441 2942 1654 2996 cunctis
1686 2942 1897 3000 civibus
1929 2947 2031 3017 ipsi
2075 2949 2169 3004 la:-

602 3022 782 3070 tanter
823 3025 1264 3079 occurrentibus.
1297 3029 1557 3100 Deinceps
1593 3049 1720 3089 vero
1751 3036 1895 3092 haud
1941 3040 2170 3097 ulterius

596 3119 723 3160 arca
762 3112 1122 3181 procedebat;
1157 3132 1278 3170 nam
1318 3121 1659 3179 trahentibus
1705 3126 1848 3190 illis,
1896 3129 2010 3198 ipsa
2051 3143 2169 3188 erat

601 3195 920 3258 itnmobilis.
954 3203 1197 3262 Tristitia
1228 3211 1430 3281 gaudio
1458 3217 1725 3274 successit
1761 3237 1773 3272 :
1813 3220 1863 3274 in
1895 3195 2168 3280 anxietate

2269 2036 2505 2106 ἀλλαχοῦ
2532 2036 2642 2090 τῶν
2677 2036 2972 2108 μαρτύρων
3002 2037 3082 2099 είς
3111 2037 3356 2090 τούπίσω
3385 2039 3846 2108 παραπεμψάμε-

2268 2143 2356 2188 νος
2380 2125 2408 2176 ό
2446 2125 2763 2188 Ἀπόστολος
2785 2166 2800 2190 ,
2824 2127 2918 2179 τὸν
2955 2128 3052 2197 μὲν
3083 2127 3324 2180 Παπίνον
3355 2127 3466 2196 (43)
3488 2127 3731 2198 τοῦνομα
3766 2132 3846 2192 εἰς

2268 2215 2444 2268 Μειλά
2467 2225 2488 2252 ι’
2515 2215 2613 2286 τὴν
2637 2216 2792 2270 πόλιν
2829 2218 3077 2280 Σικελίας
3098 2233 3110 2246 ·
3137 2217 3230 2271 τὸν
3258 2217 3314 2269 δὲ
3349 2220 3687 2291 ὲνΜεσσήνῃ
3707 2221 3846 2273 Λου-

2269 2308 2456 2361 κιανὸν
2505 2310 2570 2375 τῇ
2612 2308 2801 2378 κλήσει
2830 2326 2842 2338 ·
2879 2310 3138 2378 ἑκάτερον
3180 2309 3250 2364 αὖ
3278 2325 3337 2363 τε
3369 2311 3426 2362 ὲν
3452 2313 3518 2380 τῇ
3557 2311 3843 2382 Καλασρί-

2269 2397 2373 2449 τιδι
2421 2399 2584 2468 γαίᾳ·
2615 2398 2914 2469 Γρηγόριον
2959 2401 3056 2470 μὲν
3104 2401 3161 2454 ὲν
3196 2403 3455 2473 Κολύμνῃ
3483 2413 3504 2442 ⁸
3547 2402 3802 2473 τῇ’πόλει
3829 2421 3842 2433 ο

2284 2487 2536 2542 ’Δκάκιον
2571 2490 2630 2543 δὲ
2652 2492 2732 2552 είς
2771 2491 2956 2556 Κάλας
2993 2498 3010 2528 ι
3046 2493 3390 2565 καλουμένην
3417 2512 3429 2526 ’
3468 2496 3543 2558 ὼς
3594 2495 3660 2549 ἂν
3713 2496 3847 2550 ἐκα-

2272 2597 2395 2644 στος
2449 2583 2507 2634 ὲν
2546 2578 2810 2657 ἑκάστῃῇ
2855 2585 3239 2654 προασπιστὴς
3268 2585 3374 2638 τῶν
3405 2589 3732 2657 οἰκητόρων,
3767 2590 3847 2640 οἴ-

2271 2691 2378 2745 περ
2406 2674 2498 2727 καὶ
2529 2674 2692 2745 μέχρι
2736 2679 2975 2746 τήμερον
3017 2677 3418 2748 διαλάμπουσιν
3460 2681 3582 2742 ταῖς
3612 2680 3845 2733 ἐπικου-

2275 2763 2415 2834 ρίαις
2435 2782 2449 2795 ο
2482 2766 2665 2831 αὐτὸς,
2693 2766 2768 2829 ὡς
2793 2767 2857 2821 ἄν
2889 2785 2971 2830 τις
3003 2767 3254 2838 βασιλεὺς
3284 2768 3489 2832 οἰκείας
3522 2771 3847 2840 ἀναπαύλης

2274 2855 2738 2926 μεταληψόμενος,
2773 2857 3178 2930 προσώρμησεν
3207 2861 3275 2929 τῇ
3308 2858 3558 2930 καλούσῃ
3581 2901 3596 2922 ,
3659 2862 3850 2916 ὑπεδέ-

2271 2944 2372 3014 χθη
2397 2949 2709 3016 περιφανῶς
2731 2950 2943 3013 πολλοῖς
2975 2951 3346 3022 λαμπτῆρσιν,
3377 2951 3628 3015 εὐωδίαις
3653 2970 3712 3006 τε
3756 2957 3851 3006 καὶ

2271 3035 2643 3104 ὑμνολογίαις,
2667 3041 2926 3095 ἁπάντων
2969 3042 3081 3096 τῶν
3112 3047 3293 3098 ἐκεῖσε
3327 3046 3758 3117 ὑπαντησάντων
3788 3050 3850 3101 ὲν

2271 3127 2610 3195 ἀγαλλιάσει.
2648 3130 2721 3183 Τὸ
2765 3131 2823 3184 δὲ
2851 3133 2981 3204 ἑξῆς
3007 3135 3067 3188 οὐ
3104 3138 3305 3207 προῄει
3335 3141 3368 3209 ἡ
3399 3137 3645 3210 λάρναξ·
3669 3140 3720 3190 οἱ
3753 3142 3852 3209 μὲν

2270 3215 2380 3287 γάρ
2407 3210 2611 3285 εἷλκον,
2638 3218 2672 3288 ή
2704 3217 2762 3271 δὲ
2806 3215 2874 3290 ἦν
2901 3222 3504 3300 ἀκίνητοςῇςῌδιεδέξατο
3529 3223 3590 3276 τὸ
3618 3241 3852 3294 περιχα-

595 3297 713 3342 erat
736 3293 989 3361 populus.
1015 3294 1119 3352 Sed
1156 3315 1266 3354 rem
1285 3304 1574 3372 expetitatn
1609 3309 1948 3378 impetravit:
1971 3315 2168 3370 etenim

2277 3305 2367 3377 ρὲς
2391 3308 2423 3374 ή
2453 3306 2599 3379 λύπη
2625 3324 2639 3338 °
2667 3310 2724 3362 ὲν
2756 3309 2961 3382 ἀπορίᾳ
2989 3312 3016 3364 ό
3048 3292 3494 3384 λαόιςῖῶέῆἓτυχεν
3525 3313 3588 3365 τὸ
3626 3292 3817 3382 ἔξευρε
3845 3346 3853 3356 ~

599 3376 769 3449 Prope
799 3393 878 3437 est
905 3385 1160 3444 Dominus
1184 3393 1547 3450 invocantibus
1563 3376 1770 3454 eumr".
1793 3402 2009 3457 Duabus
2042 3422 2169 3477 ergo

598 3485 783 3525 arcam
822 3475 1167 3534 trahentibus
1190 3483 1358 3539 castis
1391 3484 1625 3553 buculis,
1659 3487 1770 3544 illic
1797 3493 2034 3560 reposita
2067 3475 2170 3561 est,

603 3561 693 3614 ubi
740 3569 955 3620 sacrum
988 3568 1096 3624 divi
1153 3575 1409 3645 templum
1452 3582 1632 3634 statim
1666 3581 1772 3638 fuit
1795 3583 2119 3640 adificatum
2154 3607 2168 3642 :

603 3669 713 3719 quo
745 3656 829 3709 vix
859 3657 1134 3725 absoluto,
1171 3664 1363 3736 ingens
1403 3671 1723 3728 miraculum
1752 3678 1998 3747 contigit.
2035 3677 2172 3735 Nam

601 3759 723 3798 cum
748 3743 1046 3817 Vulcanus,
1087 3764 1141 3808 ut
1167 3759 1462 3827 appellant,
1491 3767 1832 3831 peneinsulte
1859 3743 2170 3840 contiguus,

602 3838 794 3894 Incolis
826 3842 1025 3898 damno
1057 3857 1218 3912 esset,
1262 3852 1519 3908 invisibili
1549 3872 1789 3922 recessu,
1838 3864 1994 3930 quasi
2051 3881 2174 3934 per-

605 3934 848 3995 tractus,
881 3935 1072 3990 stadiis
1128 3948 1333 4009 septem
1393 3943 1452 3998 in
1508 3948 1730 4019 pelagus
1767 3967 1827 4006 se
1880 3955 2171 4024 subduxit;

600 4021 745 4086 quod
776 4023 1098 4083 miraculum
1136 4039 1310 4088 tracttt
1360 4037 1452 4089 illo
1491 4043 1647 4108 quasi
1698 4046 1999 4104 recedentis
2027 4047 2174 4105 fluvii

605 4125 777 4180 usque
799 4115 866 4169 ad
901 4117 1039 4175 hanc
1077 4120 1218 4177 diem
1260 4128 1608 4194 praedicatur.

671 4293 724 4350 8.
776 4295 948 4353 Porro
1000 4313 1134 4371 quot
1175 4319 1229 4361 et
1278 4318 1480 4375 quanta
1538 4312 1793 4385 deinceps
1847 4319 2176 4376 mirabiliter

602 4397 862 4456 operatus
907 4392 1011 4458 sit,
1061 4406 1153 4452 aut
1183 4398 1320 4454 mira
1368 4401 1575 4459 faciens
1625 4405 1886 4464 hactenus
1919 4425 2173 4479 operetur

604 4478 751 4534 circa
780 4494 875 4536 eos
904 4485 997 4554 qui
1023 4487 1255 4546 diversis
1279 4491 1635 4563 languoribus
1671 4507 1724 4552 et
1758 4498 2171 4560 infirmitatibus

2273 3395 2610 3466 Θέν·Ἐγγὺς
2625 3399 2732 3468 γὰρ
2750 3401 2963 3468 Κύριος
2981 3398 3106 3466 τοῖς
3117 3402 3618 3471 ἐπικαλουμένοις
3635 3404 3845 3456 αὐτόν’

2271 3489 2364 3542 δύο
2397 3491 2576 3568 τοίνυν
2620 3492 2915 3561 δαμάλεσιν
2943 3496 3134 3562 ἁγναῖς
3168 3493 3539 3565 ἀναληφθεῐσα
3571 3495 3810 3565 ἀπετέθη
3836 3535 3852 3559 ,

2272 3579 2402 3633 ἔνθα
2426 3584 2453 3634 ό
2486 3583 2629 3652 ίερὸς
2659 3586 2824 3638 αὑτοῦ
2848 3577 2994 3650 οἶκος
3026 3586 3225 3640 αὐτίκα
3250 3586 3536 3659 ὲνιδρύνθη
3563 3602 3578 3617 ·
3615 3588 3708 3640 καὶ
3737 3587 3853 3658 ἄμα

2273 3672 2349 3743 τῷ
2377 3672 2709 3745 ἀπαρτισμῷ
2729 3717 2744 3739 ,
2777 3679 2869 3731 καὶ
2896 3678 2957 3730 τὸ
2999 3679 3182 3750 Θαῦμα
3206 3676 3444 3744 ἐξαίσιον
3474 3697 3488 3711 ·
3527 3679 3719 3751 ἐπειδὴ
3742 3682 3856 3733 τοί-

2273 3782 2368 3820 νυν
2394 3769 2422 3820 ό
2449 3766 2779 3836 καλούμενος
2801 3769 3102 3835 Βουλκάνος
3139 3772 3426 3843 ὲχέκολλος
3455 3771 3532 3826 ὢν
3563 3773 3749 3844 σχεδίιν
3783 3777 3853 3843 τῇ

2276 3860 2441 3930 νήσῳ,
2475 3858 2772 3930 βλαπτικὸς
2816 3862 3061 3933 ὑπῆρχεν
3107 3867 3220 3927 τοῖς
3268 3865 3600 3936 περιοίκοις,
3629 3865 3856 3920 άπῶστο

2277 3950 2509 4023 ἀορασίᾳ
2539 3951 2632 4004 καὶ
2653 3945 2765 4005 οἷον
2798 3951 3092 4022 άποσυρεὶς
3137 3953 3408 4023 ὑπεξέστη
3441 3955 3681 4018 σταδίοις
3713 3955 3855 4009 ἑπτὰ

2278 4042 2414 4110 πρὸς
2443 4043 2636 4095 πόντον
2669 4042 2780 4114 (AM)
2823 4042 2914 4096 τοῦ
2945 4043 3308 4114 παρασυρμοῦ
3346 4043 3537 4114 ὥσπερ
3579 4049 3854 4117 ποταμίου

2281 4134 2547 4204 ῥεύματος
2569 4137 2729 4208 μέχρι
2758 4136 2854 4206 τῆς
2883 4138 3120 4208 σήμερον
3142 4137 3202 4190 τὸ
3233 4134 3415 4208 Θαῦμα
3444 4137 3852 4208 ἀνακηρύττον-

2277 4243 2386 4289 τος.

2348 4320 2429 4374 Τὰ
2489 4319 2782 4390 μετέπειτα
2833 4321 2953 4391 (45),
2982 4322 3082 4375 ὅσα
3119 4324 3215 4376 καὶ
3244 4322 3405 4391 ήλίκα
3437 4323 3852 4398 τεθαυματούρ-

2278 4427 2468 4479 γηκεν,
2500 4411 2532 4484 ἢ
2569 4410 3007 4483 θαυματουργῶν
3031 4415 3146 4468 ἐστι
3181 4415 3316 4485 πρὸς
3346 4416 3471 4479 τοὺς
3510 4415 3695 4468 πίστει
3735 4434 3854 4486 φοι·

2277 4501 2486 4566 τῶντας
2518 4502 2678 4573 μέχρι
2700 4502 2795 4557 τοῦ
2829 4504 2987 4574 δεῦρο
3021 4506 3079 4557 ὲν
3107 4506 3387 4577 διαφόροις
3410 4506 3588 4572 νόσοις
3621 4507 3718 4560 καὶ
3749 4527 3852 4578 μα-

603 4571 851 4628 obstricti
880 4576 945 4630 ad
973 4577 1147 4647 ipsum
1180 4581 1284 4637 fide
1311 4584 1656 4656 confugiunt,
1679 4605 1780 4646 nec
1802 4594 2168 4649 necessarium

2283 4594 2496 4658 λακίαις
2521 4571 2939 4668 ενισχημένους,
2966 4597 3086 4650 οὔτε
3110 4571 3246 4669 προς
3270 4571 3431 4670 ήμῶν
3453 4599 3516 4652 τὸ
3539 4571 3852 4685 λέγεινξδιά

603 4671 686 4718 est
710 4665 892 4722 dicere
924 4670 992 4724 ob
1027 4674 1390 4740 prolixitatem
1433 4653 1581 4750 (vat.
1624 4678 1743 4736 Lat.
1780 4683 2168 4758 prolixionem]

2283 4687 2344 4739 τὸ
2381 4653 2740 4758 μαέῳγορἒξ’,
2767 4653 3056 4761 οὒτε-πρὸς
3077 4653 3201 4753 coiit;
3214 4653 3510 4758 dxoiiowa;
3539 4653 3851 4758 τὸιάπειδξς

607 4764 893 4825 tractatus,
927 4777 1028 4816 nec
1058 4763 1373 4823 incredibile
1406 4769 1685 4838 audienti,
1713 4787 1838 4827 cum
1871 4775 2070 4845 pignus
2107 4795 2168 4833 ex

2282 4779 2556 4850 ἐνέχυρον,
2584 4780 2678 4834 τοῦ
2714 4782 2830 4844 ἐνὸς
2862 4784 2960 4845 τὰς
2988 4785 3118 4854 περὶ
3138 4785 3246 4837 τῶν
3296 4784 3471 4839 ἄλλων
3505 4787 3850 4856 συγκαταθέο

606 4861 714 4902 uno
750 4849 946 4908 habeat
973 4855 1204 4912 aliorum
1255 4861 1626 4919 exbibitiones
1682 4866 1824 4921 mire
1870 4879 2168 4938 gestorum.

2285 4888 2400 4935 σεις
2428 4849 2664 4941 ἔχοντος.
2683 4873 2843 4927 Ἀλλά
2864 4849 3077 4945 χαίροις.
3099 4875 3234 4948 (46),
3265 4869 3311 4930 ὧ
3344 4877 3533 4950 μάκαρ
3561 4849 3848 4949 μακαρίων

709 4958 755 4990 ”
784 4957 928 5014 Psal.
979 4975 1158 5022 σχειν,
1191 4956 1283 5011 28.

1881 5097 2116 5153 ΥΑΒΙΑΞ
2159 5101 2563 5160 LECTIUNES.

681 5178 704 5206 τ
727 5167 868 5227 Men.
905 5173 1000 5228 Gr.
1043 5177 1343 5248 Ἀμυλλαν.
1425 5191 1446 5219 ³
1471 5183 1612 5240 Men.
1649 5186 1741 5242 Gr.
1785 5189 2070 5264 Κολήμνῃ.
2153 5197 2171 5231 ί
2204 5195 2342 5250 Men.
2369 5197 2463 5252 Gr.
2497 5201 2818 5261 Ἀσκάλους.

679 5283 793 5363 (4?)
834 5287 1068 5372 Sensum
1095 5294 1360 5372 vocabuli
1401 5297 1643 5372 λιπαρεῖ,
1692 5311 1745 5356 et
1780 5302 1834 5356 in
1874 5319 1940 5358 eo
1971 5304 2173 5372 lusunt,

609 5367 717 5408 non
749 5355 1014 5412 intellexit
1055 5360 1142 5415 hic
1178 5363 1518 5420 Anastasius.

832 5427 891 5510 ξε]
927 5428 1127 5484 Menam
1161 5433 1252 5487 Gr.
1286 5436 1372 5510 die
1401 5436 1470 5490 25
1506 5441 1732 5510 Augusti
1765 5442 2103 5498 Παππιανόν.

679 5495 789 5582 (ιε)
832 5496 949 5582 lluc
985 5517 1158 5569 usque
1212 5505 1451 5582 mutilus
1486 5495 1654 5562 code:
1689 5511 1810 5564 Vat.
1842 5513 1934 5568 Gr.
1963 5495 2173 5582 pert—in-

609 5564 706 5644 git.
750 5564 1129 5650 Verbapauiia
1171 5575 1377 5650 reliqua
1414 5576 1598 5650 Graeca
1634 5564 1942 5650 sntnpsiveit

609 5635 692 5689 rio
737 5635 1390 5720 novissit—no.Cotnbelisii
1413 5663 1465 5715 p.
1495 5649 1619 5720 400,
1668 5635 1774 5720 qui.
1801 5635 2167 5713 naérhtitiriéii.

611 5706 936 5786 [eversionis
964 5711 1317 5780 reliquiarum
1359 5706 1424 5768 Si
1449 5733 1538 5786 ap.
1579 5706 1957 5776 Bariholomtei
1991 5720 2082 5778 Gr.
2117 5737 2169 5780 et

618 5775 952 5860 bat.__edidit,
1003 5775 1312 5860 csccrptam
1351 5775 1554 5860 olitn'a
1589 5791 1769 5845 nescio
1814 5775 1922 5860 quo
1967 5810 2028 5848 ex
2069 5798 2166 5851 hac

615 5845 841 5901 Studitee
889 5853 1059 5907 nostri
1101 5845 1383 5924 oratione,
1437 5859 1531 5913 scd
1571 5875 1665 5930 pro
1717 5845 2165 5932 libitovin‘tcrpo:

2278 5311 2465 5365 latam.

2345 5382 2630 5459 (45)“qu
2661 5396 2987 5459 sequuntur,
3017 5386 3302 5444 deﬁciente
3326 5390 3438 5459 jam
3473 5400 3625 5447 textu
3659 5394 3848 5450 Graeco

2274 5453 2342 5505 ob
2374 5454 2580 5530 codicis
2615 5453 3106 5530 itttperiectiOttem,
3139 5453 3530 5530 prosequimur
3550 5480 3677 5518 cum
3702 5465 3844 5519 Ana-

2274 5523 2428 5576 stasii
2477 5534 2755 5596 utcunque
2803 5528 3049 5596 impolita
3085 5523 3154 5581 ac
3199 5523 3570 5586 semibarbara
3608 5542 3842 5588 tranSla-

2275 5593 2452 5653 tione.
2511 5593 2708 5651 collato
2760 5593 2940 5652 tamen
2997 5608 3052 5654 et
3107 5597 3383 5656 interdum
3435 5604 3615 5658 ascito
3660 5606 3844 5660 codice

2275 5661 2393 5717 Lat.
2431 5662 2552 5718 Vat.

2346 5733 2455 5818 (ἀρ)
2501 5734 2575 5818 Es
2605 5734 2976 5818 Graecoxaigs
3015 5749 3068 5795 ct
3113 5738 3346 5818 χαίροις,
3391 5749 3451 5798 ut
3479 5740 3571 5799 diu
3618 5744 3842 5818 ingenti-

2275 5815 2365 5859 nat
2392 5803 2707 5863 Theodorus
2738 5803 2987 5865 etiam—in
3015 5803 3258 5866 oratione
3281 5803 3339 5866 δέ
