4018 6304
163 385 254 451 801

901 379 1179 443 ORATIO
1229 379 1304 440 Χ.
1370 403 1439 413 -
1472 376 1556 440 ΙΝ
1615 377 1679 437 δέ
1708 373 2354 436 BARTIIOLOMEUM
2393 372 2649 434 APOST.

3321 372 3428 434 802

166 504 607 577 τρισμακάριστσ
637 501 1012 573 Βαρθολομαῖε
1033 516 1047 531 ·
1078 499 1322 570 χαίροις,
1358 496 1420 550 τὸ
1440 494 1749 549 θεοείκελον

1883 491 1972 548 Sed
1999 506 2116 556 ave,
2149 507 2182 546 o
2208 492 2362 546 beate
2384 491 2688 553 beatorum,
2719 497 2798 542 ter
2830 488 2981 543 beate
3012 488 3426 544 Bartholomtee.

174 599 398 670 μίμημα
418 594 517 650 τοῦ
541 592 710 648 καλοῦ
737 590 1080 646 διδασκάλου.
1100 589 1349 660 Χαίροις,
1377 586 1438 640 τὸ
1455 584 1752 656 Θεοφεγγὲς

169 691 451 760 ἀγλάϊσμα
475 690 579 756 τῆς
613 685 818 756 σεπτῆς
856 681 1186 752 Ἑκκλησίας
1219 696 1232 708 ·
1259 679 1489 751 χαίροις,
1554 679 1614 731 τὸ
1664 677 1753 730 εὐ·

172 782 474 852 ηχέστατον
522 776 759 846 ὄργανον
817 775 918 843 τῆς
946 771 1042 826 τοῦ
1079 770 1396 840 Πνεύματος
1447 768 1751 840 μελῳδίας·

174 868 503 942 χαίροις,’τδ
536 867 857 937 πολύχωρον
886 864 982 918 καὶ
1013 861 1404 934 γλυκύκαρπον
1433 860 1620 931 κλῆμα
1659 859 1757 928 τῆς

177 962 269 1015 τοῦ
302 959 551 1032 Χριστοῦ
584 959 808 1028 ζωηρᾶς
832 973 891 1010 τε
925 955 1022 1009 καὶ⁵
1049 955 1544 1025 πατρογεωργήτου
1574 951 1756 1020 ἀμπέ-

179 1050 295 1105 λου·
314 1052 558 1122 χαίροις,
584 1051 612 1102 6
638 1046 932 1119 ἀξιόχρεως
962 1046 1217 1118 θεράπων
1239 1045 1331 1097 τοῦ
1357 1043 1626 1096 Δεσπότου
1648 1041 1758 1094 τῶν

181 1144 457 1198 ἁπάντων·
492 1142 728 1212 χαίροις,
772 1142 800 1193 6
833 1139 1190 1209 άξιοπόθητος
1217 1137 1370 1207 φίλος
1400 1135 1495 1188 τοῦ
1527 1138 1761 1204 ἐπουρα-

184 1238 294 1290 νίου
320 1234 590 1307 νυμφίου·
632 1235 865 1303 χαίροις,
901 1233 927 1286 6
959 1231 1307 1302 σοφόρειθρος
1336 1231 1432 1283 καὶ
1464 1227 1762 1299 πολύαρδος

186 1325 428 1396 ποταμὸς
447 1325 541 1378 τοῦ
558 1324 747 1392 νοητοῦ
764 1322 1112 1393 παραδείσου·
1134 1321 1366 1391 χαίροις,
1385 1325 1414 1372 6
1429 1319 1764 1391 ἐμπειροθή-

191 1436 349 1490 ρατος
371 1418 560 1482 ἁλιεὺς
582 1416 691 1470 τῶν
713 1415 946 1484 λογικῶν
970 1414 1188 1483 ἰχθύων·
1213 1414 1446 1485 χαίροις,
1467 1414 1496 1466 6
1515 1410 1767 1466 θεοδύναο

193 1525 286 1576 μσς
326 1523 468 1577 τραυ
478 1506 745 1577 ματιστὴς
769 1504 864 1558 τοῦ
884 1504 1281 1578 λῃστεύσαντος
1301 1505 1392 1557 τὸν
1426 1505 1629 1572 κόσμον
1653 1503 1766 1557 δια-

191 1599 363 1652 ϐόλου·
379 1598 614 1668 χαίροις,
634 1599 662 1650 6
684 1595 1063 1666 εὐτεχνότατος
1084 1596 1267 1666 ῥήτωρ
1283 1595 1381 1665 τῆς
1399 1593 1659 1665 ἀληθινῆς
1685 1611 1769 1646 σο-

195 1689 340 1756 φίας·
359 1689 596 1760 χαίροις,
617 1687 646 1740 6
668 1687 980 1756 πολυφανὴς
1005 1687 1099 1741 καὶ
1127 1685 1476 1757 κοσμοφανὴς
1498 1685 1770 1758 ἑωσφόρος

194 1778 289 1847 τῆς
311 1777 615 1846 θεολογίας·
638 1777 870 1848 χαίροις,
893 1779 920 1830 6
940 1776 1202 1844 θεοφανὴς
1230 1776 1322 1829 καὶ
1341 1776 1628 1848 πυροειδὴς
1645 1776 1774 1830 στύ-

1857 587 1989 650 Ave,
2015 585 2107 655 qui
2134 600 2193 639 es
2223 585 2312 639 Dei
2343 593 2553 637 amator
2583 589 2638 637 et
2664 581 2908 636 imitator
2925 583 3053 638 boni
3085 584 3293 638 scilicet
3313 599 3430 640 ma-

1856 675 2180 744 gistri.Ave,
2219 675 2310 744 qui
2335 688 2394 728 es
2420 673 2616 728 divina
2643 672 2784 728 lucis
2805 672 3063 742 splendor
3095 682 3297 729 sancta
3327 675 3431 727 Ec-

1858 769 2056 823 clesia.
2087 770 2197 822 Ave
2227 768 2319 837 qui
2352 782 2411 820 es
2448 766 2585 820 bene
2612 782 2816 820 sonans
2860 781 3124 835 organum
3172 764 3433 835 spiritalis

1858 861 2126 916 melodia.
2145 859 2276 922 Ave,
2299 858 2592 914 artiﬁciose
2612 859 2800 913 rhetor
2820 873 2960 913 vera
2978 857 3279 927 sapientia.
3297 857 3432 921 Ave,

1861 951 1955 1019 qui
1981 965 2040 1006 es
2079 949 2266 1020 perita
2297 958 2541 1019 captura
2569 949 2808 1017 piscator
2863 947 3263 1002 rationabilium
3317 948 3434 1018 pis-

1860 1044 2030 1099 cium.
2063 1043 2196 1109 Ave,
2222 1041 2315 1111 qui
2352 1056 2411 1095 es
2436 1041 2589 1094 multi
2618 1040 2772 1094 chori
2799 1050 2852 1094 et
2881 1040 3057 1095 dulcis
3088 1039 3296 1095 fructus
3318 1042 3435 1111 pal-

1862 1150 1998 1198 mes,
2033 1133 2236 1189 Christi
2281 1132 2472 1187 vivida
2506 1141 2560 1186 et
2595 1141 2834 1201 paterna
2863 1131 3090 1186 cultura
3113 1132 3259 1187 vitis.
3303 1132 3436 1196 Ave,

1863 1225 2011 1295 digni
2045 1225 2224 1280 meriti
2255 1224 2453 1278 famule
2484 1223 2700 1278 Domini
2730 1223 3133 1280 universorum.
3157 1224 3290 1289 Ave,
3323 1239 3437 1282 me-

1866 1318 1970 1373 rito
1999 1317 2373 1372 desiderabilis
2403 1315 2577 1370 amice
2606 1314 3014 1384 supercmlestis
3063 1314 3271 1383 sponsi.
3304 1313 3437 1378 Ave,

1866 1410 2043 1481 quies
2074 1410 2352 1480 sapientia
2399 1408 2618 1463 ﬂuentis
2667 1417 2721 1462 et
2769 1406 3086 1476 multiplicis
3123 1406 3440 1476 potationis,

1869 1517 1932 1556 ac
1961 1501 2144 1557 lumen
2185 1501 2447 1571 spiritalis
2477 1500 2737 1570 paradisi.
2769 1499 2904 1563 Ave,
2934 1499 3026 1567 qui
3053 1515 3112 1553 es
3138 1499 3320 1553 divina
3343 1499 3443 1552 vir—

1871 1600 1989 1646 tute
2042 1593 2358 1646 vulnerator
2403 1590 2637 1659 diaboli,
2695 1591 2960 1644 mundum
3012 1606 3116 1645 suo
3159 1591 3445 1646 latrocinio

1873 1683 2230 1739 vulnerautis.
2282 1685 2418 1747 Ave,
2455 1683 2546 1753 qui
2577 1682 2950 1752 multipliciter
2980 1698 3209 1752 appares
3243 1683 3448 1738 mundo

1876 1775 2093 1830 Lucifer
2113 1773 2202 1829 Dei
2225 1775 2575 1846 cognitionis.
2604 1772 2857 1828 Gaudeas
2887 1773 3150 1828 divinitus
3177 1774 3448 1828 illustrata

196 1868 281 1932 λος
309 1867 412 1937 τῆς
445 1868 777 1938 ὀρθοδοξίας·
811 1867 1045 1939 χαίροις,
1079 1869 1106 1920 6
1140 1867 1199 1931 ὲξ
1229 1868 1506 1921 ἀνατολῶν
1541 1869 1634 1921 ἐπὶ
1675 1869 1764 1921 δυ-

1883 1876 1925 1920 et
1952 1867 2105 1936 ignea
2137 1865 2391 1920 columna
2450 1864 2811 1918 orthodoxia.
2863 1863 3135 1928 Gaudeas,
3166 1865 3248 1920 sol
3301 1866 3450 1919 orbis

201 1958 340 2028 σμάς
373 1956 836 2020 θαλαττοὸαδίσας
861 1954 1178 2028 παραδόξως
1198 1972 1211 1987 ·
1237 1957 1469 2027 χαίροις,
1500 1959 1764 2027 παμφαὲ-

201 2066 357 2102 στατε
387 2048 511 2118 ἥλιε
539 2048 637 2118 τῆς
688 2045 1010 2118 οἰκουμένης
1035 2064 1050 2078 ·
1109 2048 1342 2120 χαίροις,
1395 2047 1768 2118 πολύγλωττον

203 2138 372 2211 στόμα
399 2139 504 2208 τῆς
537 2139 822 2207 θεοσοφίας
867 2155 882 2170 ο
937 2139 1172 2210 χαίροις,
1224 2140 1584 2211 ἀενναόὸρυτε
1624 2141 1773 2211 πηγὴ

200 2229 304 2282 τῶν
330 2229 600 2299 ἰαμάτων·
628 2229 867 2300 χαίροις,
900 2228 1139 2299 διωκτὴρ
1161 2229 1503 2301 φοϐερώτατε
1526 2231 1632 2284 τῶν
1662 2231 1775 2286 δαι-

206 2320 410 2389 μόνων·
451 2319 686 2391 χαίροις,
716 2319 815 2390 τῆς
831 2320 1124 2390 Ἀρμένιας
1139 2321 1199 2372 τὸ
1221 2303 1555 2376 πολύευκτον
1582 2324 1777 2391 ἐγκαλ-

203 2410 458 2482 λώπισμα
483 2426 497 2440 ·
539 2411 770 2481 χαίροις,
803 2411 901 2482 τῆς
935 2412 1227 2482 Λιπάρεως
1269 2415 1330 2465 τὸ
1388 2415 1771 2468 άσπασίαστον

207 2502 299 2556 καὶ
329 2500 846 2572 πολυπροσκύνητον
871 2501 1114 2572 αὕχημα·
1140 2503 1369 2573 χαίροις,
1407 2507 1434 2557 6
1458 2505 1554 2575 τὴν
1582 2504 1779 2559 θάλασσ

209 2611 303 2646 σαν
332 2593 681 2662 καθαγιάσας
712 2595 830 2656 ταῖς
857 2598 1207 2663 πορεοητικατς
1236 2595 1567 2664 μεταϐάσεσι
1589 2613 1602 2626 ·
1655 2598 1779 2668 χαί-

215 2701 344 2754 ροις,
365 2687 393 2739 6
411 2686 514 2756 τὴν
541 2683 646 2754 γῆν
670 2677 1198 2755 ’καταπορφυρώσας
1220 2689 1285 2757 τῇ
1317 2688 1639 2758 ἐρυθρότητι
1673 2689 1780 2740 τῶν

211 2775 492 2842 παναγίων
508 2774 756 2844 αἱμάτων
789 2790 880 2826 σου
907 2791 920 2805 ’
957 2772 1196 2846 χαίροις,
1230 2777 1258 2826 6
1295 2777 1385 2828 τὸν
1416 2777 1554 2846 ἀέρα
1588 2787 1782 2830 κατευρ

212 2865 444 2928 ωδιάσας
478 2865 602 2926 ταῖς
665 2862 1074 2934 ίεροπνεύστοις
1124 2863 1592 2936 θεορρημοσύναις
1649 2882 1778 2918 σου·

215 2954 440 3024 χαίροις,
469 2957 498 3008 6
525 2955 606 3017 εἰς
632 2954 900 3025 οὐρανοὺς.
912 2954 1192 3024 φοιτήσας,
1225 2956 1315 3007 καὶ
1344 2954 1438 3007 τοῦ
1463 2958 1782 3034 ὁμοστσίχου

216 3043 398 3098 θιάσου
432 3045 729 3115 μεσόχορος
759 3043 1056 3115 ἑκλάμπων
1086 3045 1143 3096 ὲν
1165 3043 1444 3116 ἀπροσίτῳ
1465 3045 1621 3118 δόξης
1642 3047 1784 3119 λαμ-

220 3134 469 3205 πρότητι,
496 3137 555 3188 ὲν
581 3135 963 3203 ἀγαλλιάσεως
1005 3135 1286 3207 ἀκορέστῳ
1317 3137 1579 3211 θυμηδίᾳ.
1621 3141 1788 3194 Αὐτό-

1885 1967 2059 2021 tcrra,
2100 1959 2193 2027 qui
2244 1965 2440 2011 cuncta
2491 1955 2784 2009 illuminas.
2827 1952 3096 2019 Gaudeas,
3123 1969 3186 2008 os
3215 1952 3309 2009 Dei
3359 1969 3451 2010 sa—

1880 2048 2116 2119 pientia,
2174 2047 2413 2115 linguam
2481 2045 2688 2100 habens
2762 2044 3009 2114 ignitatn.
3042 2043 3312 2109 Gaudeas,
3357 2048 3450 2116 ju-

1880 2142 2014 2212 giter
2039 2155 2298 2195 cmauans
2334 2138 2454 2194 fons
2475 2139 2794 2193 sanitatum.
2837 2136 3110 2205 Gaudeas,
3131 2138 3440 2192 daemonum

1883 2228 2139 2283 terribilis
2176 2229 2467 2283 insecutor.
2499 2227 2749 2283 Gaudeas
2785 2267 2801 2293 ,
2839 2227 2931 2296 qui
2986 2243 3045 2282 es
3074 2227 3451 2297 multipliciter

1883 2320 2137 2390 Optabilis
2193 2319 2510 2374 formositas
2566 2318 2857 2373 Armenia.
2927 2318 3200 2385 Gaudeas,
3233 2322 3326 2386 qui
3386 2321 3455 2374 ab

1882 2411 2090 2466 oriente
2123 2409 2189 2465 ad
2221 2410 2557 2465 occidentem
2591 2425 2686 2478 per
2711 2426 2856 2465 mare
2882 2409 3118 2479 gloriose
3139 2411 3452 2466 ambulasti.

1886 2501 2162 2567 Gaudeas,
2197 2502 2288 2572 qui
2321 2518 2380 2557 es
2413 2501 2675 2570 Liparcos
2705 2502 3005 2556 salutabilis
3051 2513 3105 2556 et
3128 2501 3457 2556 multimodis

1886 2596 2180 2650 adorabilis
2202 2595 2470 2664 gloriatio.
2507 2594 2776 2661 Gaudeas,
2797 2595 2890 2664 qui
2921 2611 3069 2649 mare
3102 2594 3457 2651 sanetillcasti

1890 2687 2213 2741 meabilibus
2250 2687 2551 2758 gressibus.
2589 2686 2858 2751 Gaudeas,
2889 2687 2982 2755 qui
3014 2697 3215 2739 terram
3255 2701 3458 2754 purpu-

1891 2790 2037 2828 ream
2076 2773 2250 2828 fecisti
2285 2775 2482 2830 rubore
2515 2776 2942 2830 castissimorum
2975 2787 3300 2840 sangutnum
3336 2779 3458 2825 tuo—

1889 2877 2033 2917 rum.
2054 2862 2329 2929 Gaudeas,
2357 2865 2449 2933 qui
2480 2879 2658 2918 aerem
2685 2863 2971 2918 suavitatis
2995 2863 3256 2918 odoribus
3289 2863 3462 2932 reple-

1892 2956 2002 3020 Sli,
2059 2956 2231 3010 sacris
2295 2954 2683 3025 spiraminibus
2746 2955 3057 3010 divinorum
3119 2955 3459 3025 eloquiorum

1898 3054 2136 3100 tuorum.
2189 3045 2463 3114 Gaudeas,
2514 3045 2605 3114 qui
2662 3046 2729 3100 ad
2785 3047 2981 3102 calum
3033 3048 3374 3112 commeasti,
3408 3059 3461 3102 et

1893 3135 2104 3191 medius
2127 3135 2180 3189 in
2215 3135 2383 3190 choro
2412 3136 2608 3191 divina
2629 3136 2762 3192 aciei
2795 3147 2899 3191 tua
2929 3137 3164 3208 refulges
3195 3141 3246 3191 in
3277 3140 3464 3208 gloria

218 3225 304 3278 θεν
333 3227 482 3296 ἡμᾶς
512 3225 1218 3296 ὲποπτεὺοιςεύμενέστατα
1247 3244 1261 3257 ο
1293 3229 1516 3282 αὐτόθεν
1546 3231 1777 3299 εὐλογοῖς

1892 3228 2287 3282 inaccessibilis
2310 3228 2596 3298 splendore
2617 3269 2631 3294 ,
2664 3228 2717 3282 in
2748 3229 3130 3285 exsultationis
3168 3230 3462 3285 insatiabili

217 3317 338 3377 τοὺς
364 3315 426 3368 σὲ
479 3315 922 3388 μακαρίζοντας·
959 3315 1190 3368 αὐτόθεν
1243 3317 1487 3383 δοξάζοις
1547 3322 1671 3384 τοὺς
1728 3321 1787 3372 σὲ

218 3403 637 3473 ἁναμέλποντας
661 3421 674 3434 ·
706 3405 934 3458 αὐτόθεν
961 3407 1205 3476 ὀμονοοῖς
1226 3409 1327 3479 τὴν
1364 3411 1687 3480 οίκουμένην
1722 3413 1791 3464 εἰ·

223 3495 558 3563 ρηνεύουσαν
584 3513 598 3528 ·
633 3497 799 3567 ἱερεῖς
827 3497 1177 3571 δικαιοσύνην
1223 3503 1280 3554 ὲν
1306 3502 1548 3572 ὁσιότητι
1601 3503 1785 3573 ἀμπέ·

220 3586 432 3655 χεσθαι,
497 3587 740 3658 βασιλεῖς
801 3590 1166 3661 άγαθοεργίαν
1211 3594 1269 3645 ὲν
1311 3593 1594 3665 όρθοδοξίᾳ
1655 3595 1794 3648 κατὰ

226 3678 517 3749 βαρὸάρων
577 3677 931 3744 ὁπλίζεσθαι·
975 3682 1308 3752 μονάζοντας
1366 3684 1643 3739 πολιτείαν
1696 3688 1794 3755 τὴν

227 3772 510 3840 ἰσάγγελον
532 3772 915 3842 ἁκαπήλευτον
932 3773 1322 3837 διασώζεσθαι·
1343 3775 1540 3846 ἄνδρας
1557 3778 1794 3845 γυναιξὶ,

225 3864 602 3934 καὶέμπαλιν,
652 3864 803 3935 νόμῳ
867 3865 946 3934 τῷ
995 3867 1328 3938 προσήκοντι
1381 3867 1791 3935 φυλάττεσθαι·

227 3959 492 4029 πατράσιν
524 3958 687 4022 υίοῖς,
720 3957 928 4022 δούλοις
971 3955 1282 4026 δεσπόταις,
1336 3941 1594 4031 ἄρχουσιν
1632 3964 1799 4032 ἀρχο-

230 4049 425 4116 μένοις,
443 4048 802 4115 δανείζουσιν,
823 4049 1117 4120 ὀφείλουσι,
1134 4050 1611 4118 συναλλάσσουσιν,
1630 4051 1768 4105 ὠνου
1784 4082 1802 4097 ο

234 4139 434 4207 μένοις,
468 4141 603 4193 πᾶσι
639 4141 711 4193 τὰ
742 4143 842 4211 τῆς
872 4142 1087 4206 εὐνοίας
1148 4142 1425 4196 ὲπιλεύσει
1478 4141 1663 4217 τελείᾳ
1705 4144 1797 4198 τοῦ

233 4231 430 4295 κοινοῦ,
467 4233 564 4285 καὶ
595 4232 1098 4303 εὐαρεστήσειΘεοῦ
1117 4234 1442 4303 ὀφειλόμενα
1468 4235 1802 4306 πρυτανευό-

237 4341 422 4392 μενος·
461 4325 559 4377 καὶ
590 4324 776 4395 μέντοι
814 4324 924 4377 τῶν
989 4327 1270 4395 τροφίμων
1297 4338 1325 4365 ιι
1376 4327 1476 4396 τῆς
1529 4327 1804 4381 καλλωπι-

236 4415 464 4487 ζομένης
495 4416 813 4485 Λιπάρεως,
872 4415 966 4469 τοῦ
1027 4418 1289 4486 ποιμένος
1313 4435 1374 4470 τε
1422 4418 1516 4470 καὶ
1565 4419 1659 4471 τοῦ
1699 4436 1808 4471 ποι-

1886 3319 2248 3388 jucunditate.
2274 3319 2424 3374 Illinc
2442 3336 2544 3376 nos
2565 3320 2961 3391 benignissime
2991 3322 3256 3376 intuearis
3281 3339 3294 3376 :
3315 3323 3464 3377 illine

1893 3411 2182 3466 benedicas
2209 3421 2261 3466 te
2297 3412 2729 3482 gloriﬁcantibus
2767 3431 2779 3467 :
2814 3413 2964 3468 illinc
2995 3413 3270 3469 beatifiecs
3297 3424 3347 3469 te
3375 3429 3467 3468 ca-

1895 3513 2085 3559 nentes
2111 3521 2124 3557 :
2152 3504 2302 3560 illinc
2329 3505 2629 3560 concordes
2653 3504 2839 3560 orbem
2876 3517 3031 3561 terra
3057 3515 3328 3575 pacatum.
3360 3506 3464 3560 Sa-

1894 3596 2145 3651 cerdotes
2196 3597 2405 3664 justitia
2463 3599 2518 3652 in
2578 3599 2867 3651 sanctitate
2920 3599 3267 3653 induantur:
3314 3614 3468 3668 reges

1897 3687 2055 3740 bonis
2085 3689 2341 3753 oneribus
2388 3690 2439 3740 in
2483 3686 2809 3741 orthodoxia
2860 3699 3050 3742 contra
3082 3687 3352 3742 Barbaros
3382 3703 3465 3741 ar-

1899 3788 2117 3831 mentur
2149 3795 2162 3832 :
2209 3779 2566 3833 monasticam
2601 3780 2766 3833 vitam
2798 3787 3068 3842 tenentes,
3096 3778 3469 3834 conversatio-

1901 3887 2022 3926 nem
2050 3873 2310 3941 aqualem
2345 3873 2662 3939 angelorum
2692 3887 2756 3927 ac
2787 3873 2906 3927 sine
2945 3871 3068 3926 dolo
3110 3871 3417 3926 custodiant
3453 3889 3468 3925 :

1900 3963 2000 4016 viri
2038 3963 2378 4028 mulieribus,
2410 3971 2463 4016 et
2499 3979 2713 4016 rursum
2749 3963 3001 4017 nnilieres
3030 3963 3161 4017 viris
3186 4002 3200 4023 .
3253 3977 3472 4028 compe-

1904 4061 2103 4107 tentem
2132 4053 2299 4122 legem
2338 4065 2687 4107 conservent.
2731 4053 2917 4107 Patres
2952 4069 3072 4105 cum
3109 4052 3255 4118 ﬁliis,
3287 4052 3472 4121 prala.

1901 4154 1988 4199 tos
2037 4160 2161 4199 cum
2219 4145 2481 4207 subditis,
2534 4145 2787 4198 dominos
2817 4159 2941 4198 cum
2979 4143 3182 4210 servis,
3225 4153 3472 4198 mutuum

1905 4237 2100 4290 dantes
2122 4252 2247 4291 cum
2279 4235 2637 4298 debitoribus,
2669 4235 3041 4289 venundantes
3070 4251 3189 4287 rum
3212 4234 3478 4302 emptori-

1909 4327 2011 4382 bus
2039 4345 2053 4381 :
2082 4337 2381 4395 cateraque
2411 4327 2594 4379 omnia
2626 4327 3014 4380 benevolentia
3045 4336 3151 4380 tua
3182 4326 3374 4379 aﬂ‘ectu
3406 4328 3473 4379 ad

1909 4418 2194 4472 utilitatem
2227 4417 2538 4486 reipublica
2557 4427 2775 4486 protege
2802 4427 2889 4482 ;et
2917 4425 3108 4471 cuncta
3133 4433 3254 4485 qua
3273 4432 3472 4471 securi-

240 4509 412 4574 μνίου,
451 4507 548 4562 τοῦ
580 4509 966 4574 ἐπικτίσαντός
1001 4527 1096 4562 σου
1121 4509 1182 4563 τὸ
1239 4511 1380 4580 ίερὸν
1410 4511 1656 4581 τέμενος,
1712 4531 1777 4566 κα

1911 4510 2040 4563 dum
2070 4509 2471 4579 beneplacitum
2510 4508 2602 4563 Dei
2625 4508 2783 4579 dirigi
2815 4509 3030 4572 debent,
3051 4511 3352 4578 patrocinio
3385 4518 3476 4563 tuo

236 4597 324 4651 τοῦ
355 4600 701 4672 ὑμνήσαντός
731 4617 789 4653 σε
818 4601 907 4654 διὰ
934 4600 1182 4671 βραχέως
1229 4602 1367 4671 ἄγαν
1401 4620 1416 4636 ο
1479 4607 1537 4656 ὲν
1583 4606 1777 4676 Χριστος

1910 4603 2174 4668 defende;
2201 4615 2253 4656 et
2279 4603 2549 4672 pracipue
2587 4602 2837 4656 alumnos
2867 4603 3137 4656 decorata
3170 4601 3431 4670 Lipareos
3457 4617 3474 4655 :

251 4690 417 4762 Ἰησοῦ
446 4691 526 4744 τῶ
550 4691 740 4760 Κυρίῳ
770 4692 947 4761 ἡμῶν,
976 4688 1020 4760 ᾧ
1050 4694 1254 4763 πρέπει
1281 4696 1432 4748 πᾶσα
1457 4695 1607 4759 δόξα,
1646 4697 1777 4766 τιμὴ

1911 4690 2180 4763 pastorem
2213 4707 2430 4761 quoque
2461 4707 2525 4746 ac
2555 4707 2768 4761 gregem
2799 4693 2892 4761 qui
2918 4692 3223 4746 construxit
3259 4706 3477 4746 sacrum

239 4782 326 4833 καὶ
347 4782 746 4852 προσκύνησις,
799 4783 896 4835 σὺν
924 4782 1000 4851 τῷ
1023 4784 1424 4853 παντοκράτορι
1483 4786 1669 4855 Πατρὶ,
1711 4803 1777 4838 κα

1914 4787 2172 4855 teinplum
2206 4795 2356 4840 tuum
2396 4803 2408 4838 :
2447 4793 2501 4837 et
2547 4799 2668 4836 cum
2707 4785 2800 4852 qui
2836 4795 2924 4848 te,
2959 4784 3084 4836 licet
3123 4782 3381 4843 breviter,
3414 4798 3479 4836 ex

240 4871 312 4941 τῷ
348 4873 489 4942 ἁγίῳ
519 4874 616 4926 καὶ
656 4871 905 4942 ζωοποιῷ
935 4862 1238 4943 Πνεύματι,
1297 4873 1393 4925 νῦν
1445 4877 1535 4926 καὶ
1575 4875 1663 4928 ἀεὶ
1715 4893 1777 4928 κα

1916 4892 1974 4933 se
1992 4879 2214 4932 laudare
2232 4877 2510 4947 prasumit
2531 4892 2544 4939 ;
2564 4877 2615 4928 in
2638 4874 2855 4929 Christo
2875 4874 2996 4928 Jesu
3018 4873 3248 4928 Domino
3271 4882 3479 4940 nostro,

244 4966 319 5025 εἰς
345 4964 470 5028 τοὺς
493 4963 720 5025 αἰῶνας.
761 4962 958 5036 ’Λμήν.

1917 4983 2074 5036 quem
2109 4967 2264 5022 decet
2296 4967 2475 5020 omnis
2502 4965 2708 5036 gloria,
2760 4964 2938 5019 honor
2967 4975 3020 5019 et
3053 4965 3318 5030 adoratio,
3356 4979 3478 5018 cum

245 5059 615 5129 omnipotente
661 5057 854 5124 Patre,
902 5075 965 5116 ac
1023 5060 1373 5116 sanctissimo
1423 5071 1476 5115 et
1529 5061 1743 5116 vivilico
1794 5061 2019 5130 Spiritu,
2088 5077 2233 5116 nunc
2285 5071 2338 5116 et
2395 5075 2609 5128 semper
2661 5068 2715 5112 et
2764 5059 2816 5112 in
2869 5059 3064 5113 sacula
3107 5060 3451 5113 saeculorum.

247 5150 410 5207 Amen
441 5154 581 5221 (47).

1508 5313 1739 5368 VARUS
1805 5311 2202 5369 LECTIONES.

318 5422 343 5449 υ
373 5413 496 5469 cod.
525 5410 618 5465 τὸν
654 5425 976 5480 προφημον.

322 5587 431 5659 (47)
471 5586 659 5659 Pergit
689 5583 885 5659 deinde
913 5581 1240 5659 Anastasius
1280 5581 1358 5659 sic
1390 5580 1567 5659 ilicet:
1591 5582 1822 5659 de_beati
1932 5583 2060 5659 cuit.
2106 5581 2304 5659 Postea
2328 5582 2396 5636 de
2426 5595 2566 5650 penu
2617 5594 2716 5634 suo
2766 5577 3044 5659 subiungit
3077 5578 3218 5632 idem
3257 5577 3490 5659 Anasta-

260 5648 632 5711 Ba‘rth'oloméi
681 5653 931 5707 laudibus
984 5653 1199 5721 ejusque
1250 5652 1568 5705 mirabiliter
1609 5652 1820 5706 advecto
1931 5653 2050 5708 sius
2101 5648 2467 5721 narrationem
2510 5649 2926 5703 transvectionis
2964 5649 3180 5721 illarum
3220 5648 3490 5721 reliquia-

259 5730 308 5780 iu
338 5726 575 5795 Liparim
607 5739 846 5792 corpore,
877 5715 1176 5795 Theodorus
1218 5721 1363 5795 {aura
1393 5721 1718 5795 sanctitatis,
1760 5740 1820 5795 ac
1933 5739 2051 5776 rum
2086 5723 2138 5776 in
2171 5723 2357 5776 urbem
2393 5719 2755 5776 Beneventum
2789 5734 2932 5772 anno
2970 5718 3182 5772 Domini
3219 5715 3487 5771 DCGCIX.

261 5791 537 5852 sacerdotii
580 5791 847 5861 dignitate
900 5793 1232 5862 conspicuus,
1274 5791 1381 5860 ﬁdo
1432 5792 1603 5846 relatu
1653 5793 1820 5860 expli-
