4018 6304
575 343 682 407 803
1775 344 1837 402 S.
1871 340 2136 402 THEOD

2248 341 2275 402 Ι
2309 343 2659 404 ΞΤΗΟΙΤιΕ
3754 350 3859 414 804

1220 472 1223 473 ν
1311 450 1412 507 XI.

574 546 763 603 Sancti
797 546 978 601 Patris
1009 550 1198 613 nostri,
1234 559 1284 602 et
1315 548 1633 619 confessoris
1668 548 1928 602 Theodori
1975 548 2161 615 Studi-

638 627 815 670 tarum
844 619 1053 690 abbatis
1107 620 1298 673 Oratio
1329 620 1575 690 funebris
1628 622 1681 674 in
1730 620 2005 675 Platonem
2045 620 2162 689 ejus

638 697 847 757 patrem
871 688 1230 757 spirituatem.

2996 456 3096 511 IA'.

2272 549 2383 604 Τοῦ
2406 550 2587 639 όσζοο
2606 548 3045 639 Παιτρὸςῗτζμῷζ
3057 550 3615 639 καὶδὊμοαξοῖγητοῦ
3640 554 3853 639 9806(6-

2334 619 2824 692 ρον-ἡγουμένου
2844 619 2965 673 τῶν
2998 619 3334 675 Στουδιτῶν
3374 619 3727 691 Ἐπιτάφιος
3768 628 3854 692 εἰς

2344 690 2639 744 Πλάτωνα
2660 690 2765 744 τὸν
2789 691 3007 746 ἑαυτοῦ
3029 692 3439 761 πνευματικὸν
3458 690 3711 762 πατέρας

570 835 672 905 (Ex
716 850 821 892 ms.
860 832 1124 890 Vaticano
1148 834 1365 904 signato
1394 833 1551 899 1660,
1588 834 1682 890 fol.
1739 835 1828 901 79,
1864 835 2138 975 {agger};

2252 851 2557 977 LLANDIANl)
2608 840 2729 891 Act.
2766 837 3015 893 Snurtor.
3051 839 3221 909 April.
3256 852 3296 896 t.
3331 839 3352 892 Ι
3396 840 3515 897 Lat.
3535 855 3664 913 pag.
3695 840 3837 906 366;

2245 922 2353 977 )ag.
2389 922 2531 962 xui.

1171 1153 1558 1215 PROLOGUS.

2866 1161 3277 1217 ΠΡΟΟΙΜΙΟΝ.

633 1246 682 1297 1.
724 1241 1015 1301 Oratorum
1047 1262 1111 1302 ac
1143 1248 1527 1319 Sephistarum
1562 1250 1801 1307 studium
1834 1268 1999 1309 omne
2029 1270 2138 1310 ver-

2329 1249 2399 1304 a’.
2438 1251 2691 1322 Ῥήτορσι
2714 1252 2813 1322 μὲν
2840 1254 2939 1307 καὶ
2977 1256 3319 1326 σοφισταῖςή
3350 1257 3501 1310 πᾶσα
3537 1259 3842 1331 σπουδὴ,οὐ

565 1348 717 1393 satur
746 1337 799 1391 iu
840 1352 927 1403 eo,
956 1354 1064 1394 non
1106 1348 1163 1394 nt
1191 1350 1557 1411 assequantur
1586 1345 1896 1423 veritatem,
1931 1347 2060 1401 dum
2093 1363 2138 1403 ει

2257 1342 2351 1396 τοῦ
2386 1340 2617 1414 ἀληθοῦς
2648 1344 2927 1415 ἐπιτυχεῖν
2961 1345 3244 1401 καθιοῦσιν
3259 1348 3489 1412 ἑαυτοὺς
3514 1352 3610 1403 ἐπὶ
3632 1352 3692 1404 τὸ
3710 1353 3844 1423 γρά-

564 1430 628 1484 ad
662 1429 1009 1485 scribendum
1038 1429 1326 1486 conferunt
1355 1451 1367 1486 :
1401 1434 1495 1488 sed
1536 1442 1595 1488 ut
1624 1420 1932 1505 eispoliant
1960 1437 2138 1493 dictio-

2258 1449 2406 1501 φειν,
2441 1432 2558 1486 ἀλλ’
2586 1432 2725 1487 ὥστε
2752 1433 3071 1509 λαμπρῦναι
3092 1436 3194 1508 τὴν
3228 1439 3467 1509 φράσιν,ν
3510 1441 3604 1495 καὶ
3661 1420 3845 1497 συντε-

565 1535 707 1586 nem,
741 1529 795 1576 et
843 1522 1213 1577 narrationem
1260 1521 1464 1578 faciant
1499 1528 1865 1598 augustiorem
1917 1531 2138 1601 accepti:

2259 1528 2379 1595 μεῖν
2409 1525 2470 1578 τὸ
2504 1525 2655 1591 ἔπος,
2692 1527 2988 1582 κάντεῦθεν
3037 1531 3242 1602 ἐπᾶραι
3268 1532 3330 1584 τὸ
3382 1533 3652 1605 διήγημα,
3706 1537 3841 1605 πρὸς

561 1626 591 1665 e
624 1624 869 1679 poemate
887 1613 1194 1677 versiculis,
1228 1613 1296 1668 ad
1328 1615 1748 1672 oblectationem
1783 1620 2138 1676 audientium

2255 1618 2632 1690 γαργαλισμὸν
2670 1620 2779 1673 τῶν
2809 1621 3139 1676 ἀκουόντων.
3226 1622 3491 1693 Θέλγουσι
3551 1626 3662 1699 γὰρ
3719 1629 3840 1691 ταῖς

558 1691 881 1760 Demnlcent
932 1706 1079 1760 enim
1151 1721 1247 1762 eos
1293 1709 1584 1764 verborum
1656 1711 2053 1780 concinnitate,
2100 1730 2138 1771 et

2253 1710 2503 1776 εὐεπίαις
2525 1751 2540 1776 ,
2585 1710 2681 1764 καὶ
2705 1710 3161 1782 παραλογίζονται
3187 1717 3306 1778 ταῖς
3332 1691 3707 1787 πιθανότησιν,
3729 1718 3839 1772 ὀλί-

558 1797 795 1865 quadam
865 1796 1341 1854 verisimilitudine
1420 1799 1890 1867 circumveniunt;
1956 1819 2148 1874 parum

560 1886 777 1942 solliciti
824 1902 891 1942 ne
925 1887 1056 1957 quid
1093 1888 1289 1944 falsum
1330 1889 1535 1957 dicant,
1575 1900 1757 1963 utpote
1790 1893 1884 1963 qui
1913 1896 2151 1951 aestima-

561 1977 696 2031 tioni
723 1975 990 2032 duntaxat
1027 1986 1084 2033 et
1124 1979 1377 2036 humana:
1401 1982 1587 2053 gloriae
1617 1986 1887 2041 serviunt.
1918 1986 1989 2041 At
2018 2002 2148 2043 vero

557 2082 697 2136 quos
748 2074 895 2122 tenet
932 2083 1087 2123 amor
1136 2070 1404 2135 veritatis,
1447 2082 1704 2144 satagunt
1744 2089 1856 2139 res,
1912 2084 1973 2131 ut
2015 2086 2149 2132 actae

557 2164 706 2221 sunt,
770 2155 1000 2212 dicere:
1055 2158 1305 2227 quamvis
1362 2170 1651 2231 propterea
1702 2163 2045 2220 concinnitas
2091 2174 2148 2220 et

556 2244 824 2315 elegantia
874 2247 1148 2303 orationis
1193 2263 1315 2305 esse
1352 2250 1577 2307 deberet
1611 2252 1809 2308 minor.
1839 2251 1974 2307 Nam
2006 2253 2137 2324 quia

558 2339 732 2407 ipsam
779 2338 1027 2395 veritatis
1073 2340 1533 2409 pulchritudinem
1594 2344 1888 2412 adamant,
1934 2347 2146 2403 ornatis

2252 1820 2325 1871 γα
2356 1803 2453 1857 τοῦ
2497 1803 2765 1874 ἀψευδοῦς
2795 1805 3199 1875 φροντίζοντες,
3227 1809 3322 1862 an
3350 1810 3652 1881 δοξήθηρες
3681 1813 3836 1877 ὄντες

2252 1896 2347 1949 καὶ
2380 1895 2875 1971 ἀνθρωπαρεσκείᾳ
2903 1896 3251 1968 δουλούμενοι
3282 1916 3297 1931 ο
3353 1894 3436 1965 οἷς
3466 1901 3523 1955 δὲ
3573 1902 3836 1975 ἀληθείας

2251 1986 2414 2056 ἔρως,
2445 1987 2507 2040 τὸ
2526 1986 2586 2041 ὃν
2620 1988 2825 2053 εἰπεῖν,
2856 1990 2954 2043 καὶ
2982 1990 3043 2044 τὸ
3064 1989 3265 2061 ἀληθὲς
3300 1992 3666 2061 πρεσϐεῦσαι,
3727 1994 3837 2049 κάν

2251 2077 2327 2149 μὴ
2358 2078 2417 2131 τὸ
2439 2078 2718 2151 γλαφυρὸν
2747 2081 2839 2133 καὶ
2869 2081 3137 2153 εὐφραδὲς
3170 2082 3346 2153 ἔχοιεν
3367 2085 3396 2138 6
3424 2084 3581 2153 λόγος
3602 2101 3617 2116 ·
3634 2077 3833 2159 ’ἐπειδὴ

2250 2169 2357 2241 γάρ
2400 2170 2633 2235 κάλλους
2687 2172 2950 2243 ἀληθείας
3009 2176 3289 2244 ἐφίενται,
3324 2176 3832 2248 παραπετάσμασιν

2247 2258 2447 2315 ἐοικόσι
2476 2262 2599 2326 ταῖς
2627 2263 2862 2335 φράσεσι
2921 2265 3133 2335 χαίρειν
3168 2266 3423 2334 φαίουσιν
3476 2266 3596 2338 (sic)
3626 2284 3641 2298 °
3662 2330 3668 2337 _
3692 2268 3832 2341 ὅπερ

2248 2351 2396 2406 ἐστὶν
2412 2370 2511 2423 σοφ
2520 2353 2601 2419 εἀς
2611 2355 2710 2425 τῆς
2725 2354 2891 2418 ὅντως
2908 2355 3137 2427 εὕρεμα.
3156 2356 3313 2411 Οὕτω
3326 2357 3595 2429 δήπουθεν
3608 2360 3784 2428 κάγὼ,
3802 2364 3833 2415 6

558 2429 761 2495 verbis,
818 2439 1079 2501 tanquam
1136 2433 1418 2503 stragulis,
1478 2434 1832 2501 valefaciunt,
1881 2437 2028 2507 quod
2060 2447 2138 2493 est

2248 2440 2456 2512 βραχὺς
2484 2444 2580 2497 καὶ
2612 2444 2687 2514 νῷ
2721 2443 2815 2497 καὶ
2868 2444 3011 2516 λόγῳ
3066 2447 3163 2500 καὶ
3216 2450 3509 2519 πνεύματι,
3562 2450 3658 2505 τὸν
3695 2452 3830 2525 ἐμὸν

556 2533 680 2573 vere
706 2521 991 2590 sapientis.
1022 2521 1100 2575 Ad
1135 2522 1280 2576 hunc
1310 2522 1477 2590 igitur
1508 2524 1729 2579 modum
1755 2540 1859 2596 ego
1887 2541 2135 2597 quoque,

2249 2507 2470 2605 ᾗατερα
2502 2507 2861 2607 ἐπαινέσομαι
2887 2554 2900 2568 ·
2942 2507 3061 2593 οὐκ
3095 2540 3291 2610 ἐκείνῳ
3321 2507 3682 2613 χαριζδμενος
3723 2507 3829 2618 τὴν

558 2610 679 2666 licet
723 2612 962 2682 ingenio,
1017 2613 1257 2668 dictione
1285 2624 1339 2669 et
1365 2615 1555 2684 spiritu
1606 2617 1900 2672 admodum
1935 2621 2135 2690 tenuis,

554 2702 769 2758 Patrem
819 2720 1001 2758 meum
1054 2705 1288 2759 laudabo
1336 2724 1350 2759 :
1404 2721 1512 2759 non
1543 2717 1723 2761 autem
1754 2709 1881 2777 quia
1923 2725 2134 2779 sperem

555 2794 827 2850 laudando
858 2797 1090 2866 gratiam
1123 2797 1260 2852 inire
1290 2800 1431 2867 apud
1464 2814 1613 2855 eum.
1655 2800 1800 2866 Quae.
1821 2803 1969 2856 enim
2023 2805 2139 2860 haec

557 2886 697 2941 foret
728 2888 903 2958 gratia
939 2897 1203 2942 consueto
1243 2889 1390 2943 nulla
1430 2892 1789 2958 praesentium
1819 2907 2001 2946 rerum
2040 2893 2136 2949 de-

561 2978 772 3044 lectari,
828 2988 883 3033 et
912 2995 1074 3049 super
1101 2980 1377 3034 cwlestem
1417 2980 1614 3050 adepto
1662 2982 1946 3052 requiem?
1972 3002 2133 3055 quam

553 3069 802 3139 quisquis
851 3070 1093 3138 possidet
1132 3069 1271 3125 ridet
1313 3072 1637 3141 praesentia,
1685 3076 1831 3128 velut
1861 3076 2000 3130 nihil
2028 3087 2141 3130 sta-

555 3161 696 3226 bile,
758 3161 893 3215 nihil
955 3161 1170 3217 beatnm
1232 3165 1605 3230 continentia,
1660 3176 1715 3221 et
1773 3183 1897 3237 qua:
1964 3168 2142 3222 instar

554 3252 762 3307 umbrae
803 3263 1152 3322 prmtcreunt,
1198 3263 1294 3307 aut
1353 3265 1412 3309 ttt
1465 3255 1626 3311 ﬂores
1673 3259 1823 3311 verni
1884 3273 2136 3312 corrum-

552 3352 778 3413 puntur.
837 3343 916 3396 Ad
974 3328 1181 3399 Itmc‘si
1235 3344 1401 3399 etiam
1467 3346 1518 3399 in
1556 3348 1717 3403 terris
1770 3349 1982 3417 positus
2013 3366 2133 3407 sese

551 3433 920 3488 arbitrabatur
965 3434 1270 3504 indignum,
1324 3438 1416 3506 qui
1460 3440 1537 3492 vel
1575 3440 1626 3493 in
1674 3456 1902 3496 numero
1940 3459 2133 3500 mona-

552 3524 785 3580 chorum
839 3536 1153 3582 censeretur
1191 3528 1359 3599 (quod
1416 3544 1645 3585 summae
1675 3532 1796 3600 ejus
1851 3535 2134 3593 modestiae

554 3615 813 3671 indicium
862 3625 916 3670 et
945 3627 1148 3673 sanctae
1204 3619 1400 3674 anima:
1427 3631 1546 3676 erat
1588 3624 1928 3693 praecipuum
1972 3643 2134 3698 argu-

2246 2624 2521 2695 εὐφημίαν
2551 2642 2564 2657 ο
2606 2627 2689 2691 τίς
2712 2628 2822 2700 γὰρ
2845 2630 2941 2685 καὶ
2973 2631 3134 2702 χάρις
3165 2631 3242 2703 τῷ
3272 2632 3467 2703 μηδενὶ
3494 2637 3826 2709 τερπομένῳ

2244 2714 2352 2769 τῶν
2373 2716 2523 2787 τῇδε,
2539 2717 2641 2791 ἤδη
2655 2719 2753 2791 τὴν
2779 2720 3151 2791 ὑπερκόσμιον
3168 2722 3385 2794 λαχόντι
3419 2724 3594 2796 λῆξιν,
3626 2724 3695 2800 ἦς
3716 2732 3828 2796 πᾶς

2242 2806 2517 2881 ἐπιτυχὼν
2548 2812 2772 2882 διαγελᾷ
2805 2814 2872 2866 τά
2888 2814 3155 2884 παρόντα,
3194 2817 3270 2878 ὡς
3296 2820 3527 2887 μηδενὸς
3555 2822 3830 2889 ὲν·αὐτοίς

2242 2899 2395 2965 ὄντος
2422 2904 2683 2973 στασίμου
2708 2922 2765 2957 τε
2790 2905 2884 2959 καὶ
2916 2908 3216 2980 μακαρίου,
3248 2911 3363 2964 ἀλλ’
3394 2913 3483 2967 ἴσα
3508 2917 3689 2980 σκιαῖς
3713 2932 3825 2972 πα·-

2250 2996 2627 3065 ρατρέχοντος,
2659 2998 2754 3051 καὶ
2790 2997 3014 3054 ἄνθεσιν
3042 3004 3250 3074 ἠρινοῖς
3265 3006 3820 3079 ἀπομαραινομένου;

2244 3086 2450 3150 Ἄλλως
2476 3105 2558 3153 τε,
2583 3091 2632 3141 εί
2654 3089 2733 3143 ἔτι
2764 3091 2902 3160 ὑπὲρ
2931 3093 3037 3163 γῆν
3056 3093 3153 3161 ὢν,
3177 3096 3395 3162 ἀνάξιον
3420 3098 3615 3151 ἑαυτὸν
3639 3101 3824 3171 ἠγεῖτο

2242 3178 2338 3263 καὶ
2378 3181 2495 3244 τοῖς
2530 3181 2719 3245 ἁπλῶς
2745 3188 3042 3254 μονασταῖς
3072 3187 3659 3261 ’ὲγκα[τα]τάττεσθαι,
3686 3192 3822 3263 ὅπερ

2238 3262 2308 3339 ἦν
2356 3270 2532 3339 ἄκρας
2563 3276 3074 3347 ταπεινοςςροσύνης
3099 3278 3321 3348 δεῖγμα,
3356 3282 3451 3333 καὶ
3505 3280 3608 3351 τῆς
3661 3282 3823 3349 ἁγίας

2239 3360 2457 3431 ἐκείνης
2486 3363 2667 3433 ψυχῆς
2696 3365 3024 3438 προτέρημα
3057 3385 3071 3401 ·
3117 3368 3234 3434 πῶς
3261 3371 3328 3424 ἂν
3375 3371 3654 3441 μετελθὼν
3711 3373 3823 3426 τῶν

2240 3450 2472 3519 ἐνθένδε,
2506 3455 2598 3508 καὶ
2625 3456 2683 3508 ὲν
2712 3461 2827 3522 τοῖς
2856 3460 3161 3531 ἀκηράτοις
3198 3463 3513 3533 γενόμενος,
3561 3464 3695 3518 ἔνθα
3724 3483 3819 3518 κε-

2240 3543 2338 3629 νῆς
2366 3545 2525 3618 δόξης
2552 3548 2779 3620 οὐδεμία
2813 3549 3019 3619 ἔφεσις,
3049 3554 3256 3623 ταύτης
3287 3555 3645 3625 ὲκζητήσειεν
3693 3555 3824 3626 παρ’

2241 3635 2418 3705 ἡμῶν,
2451 3638 2538 3692 διὰ
2558 3640 2666 3695 τῶν
2698 3643 2934 3696 ἐπαίνων
2964 3643 3349 3709 ἐπιτεὺξασθαι
3376 3664 3391 3713 ;
3573 3634 3604 3653 “

552 3706 816 3777 mentum)
849 3708 1129 3795 quomodo
1159 3724 1321 3768 nunc.
1363 3721 1651 3782 postquam
1725 3715 1852 3771 hinc
1913 3720 2200 3790 emigravit
2246 3735 2300 3781 et
2350 3728 2783 3800 iucorruptibilia
2836 3735 2975 3789 bona
3033 3706 3292 3804 possidet,
3353 3706 3494 3793 inter
3518 3729 3643 3810 qua:
3675 3742 3822 3798 nulla

551 3810 637 3855 est
696 3800 877 3855 inanis
928 3802 1113 3871 gloria:
1156 3807 1489 3873 appetentia,
1545 3808 1693 3862 illam
1752 3825 1848 3879 per
1916 3825 2132 3872 nostras
2171 3819 2358 3877 laudes
2390 3823 2725 3883 desideraret
2756 3800 3065 3901 consequi-1’

620 3892 676 3948 2.
714 3895 972 3951 Laudabo
999 3912 1128 3970 ergo
1150 3914 1298 3964 eum,
1337 3902 1431 3972 qui
1484 3902 1549 3956 ad
1579 3904 1703 3970 hoc,
1731 3906 1776 3961 si
1812 3909 1937 3977 quis
1968 3910 2131 3977 alius,

2310 3920 2374 3990 β’.
2420 3922 2562 3975 Ἀλλ’
2588 3924 2669 3977 ὃτι
2706 3928 2866 3997 χρέος
2903 3892 3027 3996 ἐμοὶ
3076 3927 3239 4001 εἴπερ
3262 3931 3372 3985 τινὶ
3418 3932 3567 4005 ἄλλῳ
3610 3936 3821 3993 δικαιό-

548 3986 851 4057 justissime
908 3989 1137 4059 obligor,
1200 4000 1314 4046 tum
1379 4008 1477 4063 pro
1532 3995 1651 4063 ejus
1706 3997 1763 4051 in
1830 4015 1916 4053 me
1944 3992 2135 4060 ciliciis

2245 3986 2420 4079 τατον,
2471 3986 2908 4089 ὀφείλοντῖμετά
2938 3986 3054 4073 τῶν
3084 3986 3281 4089 suav,
3318 4024 3413 4077 ml.
3461 3986 3819 4098 ὑπερῄαὖτοῦ

552 4079 761 4142 multis,
801 4089 912 4132 tum
959 4081 1042 4134 vel
1094 4083 1331 4139 maxime
1365 4101 1464 4155 pro
1513 4087 1631 4155 ipsa
1665 4088 1786 4154 hac,
1820 4093 2137 4159 qualiscun-

2513 4079 2524 4083 _
2772 4079 2783 4089 .
3268 4079 3279 4089 .
3575 4079 3595 4098 ,γ
3660 4079 3815 4086 -ηη

2245 4104 2332 4157 τοῦ
2365 4106 2514 4171 ὅπως
2543 4104 2657 4175 οὖν,
2695 4110 2790 4164 καὶ
2818 4112 2908 4166 ὑπ’
2952 4112 3174 4168 ’ἐκείνου
3234 4116 3413 4170 πόνων
3438 4134 3495 4171 τε
3554 4122 3653 4174 καὶ
3702 4122 3822 4176 ἐπι-

550 4187 656 4243 que
704 4182 807 4241 est,
868 4174 1080 4230 dicendi
1138 4176 1418 4245 facultate,
1456 4197 1621 4250 quam
1654 4181 1938 4240 laboribus
1966 4196 2020 4240 et
2052 4187 2136 4239 in-

2245 4200 2472 4268 μελειῶν
2528 4204 2824 4274 προσόντος
2855 4222 2945 4274 μοι
2979 4205 3159 4275 λόγου,
3191 4203 3280 4261 οἷά
3308 4226 3430 4263 τινα
3460 4174 3817 4283 ἀμοιϐὴν,τῷ

550 4264 763 4320 dustria
816 4264 936 4336 ejus
976 4267 1251 4322 excultam
1315 4271 1607 4339 possideo,
1656 4271 1816 4343 eique
1858 4290 1944 4329 me
1990 4277 2138 4332 velut

2245 4264 2417 4362 Πατρὶ
2435 4292 2529 4346 τὸν
2560 4264 2717 4363 λόγον
2734 4264 3027 4367 ἀναθήσειν
3049 4264 3063 4325 ί
3100 4264 3342 4367 καίτοιγε
3359 4264 3595 4354 συννοῶν

552 4354 700 4411 Patri
742 4366 1019 4427 acceptam
1063 4357 1268 4413 referre
1309 4371 1547 4430 oportet.
1594 4360 1784 4432 Neque
1827 4373 2006 4419 tamen
2050 4380 2137 4421 me

2245 4383 2266 4434 6
2295 4354 2561 4456 πατρικὸς
2592 4354 2813 4450 ἔπαινος
2842 4354 2921 4451 είς
2950 4388 3065 4442 υίοῦ
3094 4388 3252 4452 δόξαν
3274 4354 3634 4461 ἀναφέρεται,
3655 4354 3819 4449 ,κατά

549 4448 823 4503 existimet
848 4449 1124 4519 quispiam
1166 4451 1218 4504 id
1268 4466 1491 4521 quoque
1530 4463 1801 4521 spectare,
1840 4459 1983 4525 quod
2017 4458 2134 4511 laus

2245 4448 2459 4529 εἰπόντα
2496 4477 2689 4545 σοφόν
2841 4448 2991 4542 δοξα
3017 4448 3333 4548 ἀνθριῦπου
3376 4448 3471 4537 ἐκ.
3498 4448 3676 4554 τιμῆς
3706 4448 3814 4543 tofi

551 4536 696 4589 Patri
724 4536 924 4603 danda,
975 4538 1351 4592 redundatura
1387 4540 1459 4593 sit
1495 4539 1548 4592 in
1584 4539 1776 4607 lilium,
1805 4542 1965 4612 juxta
1999 4544 2130 4599 illud

553 4627 872 4698 Sapientis:
916 4627 1097 4682 Gloria
1140 4629 1369 4685 hominis
1423 4646 1488 4685 ea:
1544 4632 1738 4687 honore
1774 4637 1942 4701 patris
1985 4637 2131 4693 sua".

551 4718 679 4777 Scio
736 4721 879 4776 enim
920 4722 1065 4792 quod
1095 4722 1184 4776 cui
1234 4723 1380 4776 domi
1424 4739 1538 4778 suae
1589 4735 1639 4778 et
1678 4740 1708 4779 a
1741 4727 1923 4795 seipso
1960 4728 2131 4797 gloria

551 4812 809 4884 suppetit,
839 4814 886 4869 is
918 4829 950 4869 a
978 4822 1133 4885 patre
1162 4815 1324 4869 etiam
1365 4815 1629 4870 llOllOl'eltl
1667 4817 1967 4888 accipiens,
2000 4836 2129 4875 eva-

549 4907 644 4962 dat
686 4907 975 4976 gloriosior
1012 4925 1026 4962 :
1067 4908 1153 4964 sin
1200 4907 1403 4975 minus,
1464 4918 1718 4979 paternas
1767 4911 1955 4967 laudes
1992 4914 2131 4969 nihil

550 4998 811 5069 prodesse
846 5000 918 5066 ei,
955 5001 1046 5069 qui
1075 5016 1174 5071 per
1213 5017 1271 5057 se
1315 5002 1575 5073 inglorius
1622 5013 1785 5073 atque
1830 5005 2130 5063 inhonorus

549 5096 652 5149 est,
694 5085 873 5156 qualis
925 5100 1049 5142 esse
1090 5089 1303 5145 videor.
1335 5088 1441 5145 Fas
1487 5102 1668 5147 tamen
1700 5108 1809 5148 non
1841 5105 1926 5150 est
1963 5095 2127 5151 vitam

550 5178 698 5234 ﬁlius
726 5193 794 5233 ex
834 5178 1035 5235 virtute
1061 5189 1235 5235 actam
1261 5182 1363 5236 sub
1385 5183 1570 5237 modio
1601 5184 1825 5252 silentii,
1867 5195 2126 5258 tanquam

550 5258 829 5328 lucernam
874 5273 1110 5340 abdere;
1174 5289 1296 5345 quae
1347 5260 1511 5345 supra
1554 5276 1820 5332 rationale
1873 5280 2127 5335 candela-
2158 5260 2203 5315 ί)

548 5367 705 5424 brum
760 5368 958 5439 posita,
1010 5367 1220 5441 fulgere
1262 5370 1442 5439 debet,
1484 5388 1589 5426 non
1620 5373 1714 5427 uni
1752 5374 1997 5441 alterive,
2030 5376 2124 5432 sed

546 5462 806 5517 omnibus
869 5461 1122 5533 (fidenter
1175 5462 1414 5533 loquor)‘
1454 5463 1549 5533 qui
1614 5464 1669 5519 in
1729 5462 1972 5521 Ecclesia
2026 5466 2121 5522 Dei

548 5567 693 5613 sunt.
748 5558 931 5625 Quare
972 5571 1097 5612 cum
1141 5557 1253 5628 jam
1308 5556 1741 5626 demonstratum
1784 5558 1887 5625 sit,
1937 5575 2023 5616 me
2053 5561 2120 5617 ad

682 5788 849 5846 Eccli.
881 5806 966 5858 tu,
999 5791 1081 5847 i3.

2235 4567 2460 4633 πατρὸς
2498 4565 2705 4633 αὐτοῦ,
2734 4568 2794 4619 οὐ
2821 4567 2929 4637 μὴν
2957 4568 3048 4621 διὰ
3082 4569 3264 4637 τοῦτο,
3290 4570 3369 4636 ὡς
3395 4573 3463 4628 ἄν
3486 4590 3571 4638 τις
3598 4575 3812 4648 οἰηθείη

2232 4657 2557 4723 ὲπαινέσων,
2590 4656 2747 4722 είδὼς
2778 4659 2961 4726 πάλιν,
2999 4659 3074 4725 ὡς
3097 4660 3348 4729 ἕκαστος,
3378 4665 3427 4717 εί
3473 4665 3688 4720 οἴκοθεν
3718 4670 3813 4722 καὶ

2234 4751 2366 4821 παρ’
2395 4750 2593 4804 ἑαυτοῦ
2624 4752 2683 4805 τὺ
2714 4752 2936 4818 εὐκλεὲς
2992 4754 3125 4824 ἔχοι,
3178 4756 3564 4829 εὐκλεέστερος
3604 4759 3673 4814 ἂν
3725 4764 3810 4834 εἴη

2234 4840 2330 4892 καὶ
2358 4842 2629 4912 πατρόθεν
2662 4841 2822 4909 δόξαν
2848 4842 3255 4915 ὲρανιζόμενος’
3292 4846 3343 4898 εί
3400 4846 3458 4900 δὲ
3511 4846 3608 4917 μὴ,
3656 4848 3811 4903 οὐδὲν

2233 4931 2477 5002 ὀνίνησιν
2515 4932 2575 4986 τὸ
2608 4936 2876 5005 πατρικὸν
2905 4935 3074 5006 γέρας
3098 4936 3192 4990 τὸν
3219 4935 3388 5008 ἀκλεῆ
3439 4954 3498 4990 τε
3533 4937 3630 4991 καὶ
3678 4938 3809 5007 ἀγει-

2236 5039 2456 5093 ραστον,
2488 5018 2605 5088 οἷος
2630 5025 2741 5093 ἐγὼ
2770 5025 3053 5097 φαίνομαι.
3094 5028 3237 5082 Ἀλλ’
3256 5029 3338 5083 ὅτι
3367 5028 3465 5100 οὐχ
3494 5030 3665 5095 ὅσιον,
3706 5030 3812 5086 ὑπὸ

2232 5114 2325 5168 τὸν
2352 5115 2455 5186 τῆς
2495 5121 2652 5189 σιγῆς
2678 5119 2861 5189 μόδιον
2899 5120 3094 5183 θεῖναι,
3127 5118 3380 5190 καθάπερ
3441 5119 3567 5174 τινὰ
3611 5120 3809 5192 λύχνον

2233 5206 2521 5274 ἀείφωτον,
2550 5209 2643 5263 τὸν
2673 5210 2927 5281 ἐνάρετον
2952 5211 3181 5274 ἐκείνου,
3206 5210 3321 5264 ἀλλ’
3351 5210 3443 5262 ἐπὶ
3464 5211 3561 5282 τὴν
3581 5211 3809 5284 λογικὴν

2234 5292 2456 5367 λυχνίαν
2492 5301 2980 5371 μαρμαρύσσοντα,
3015 5299 3201 5372 θαρρῶ
3234 5300 3433 5370 λέγειν,
3456 5303 3518 5356 οὐ
3548 5302 3631 5372 τῷ
3674 5305 3810 5359 δεῖνι

2235 5392 2328 5443 καὶ
2351 5392 2507 5457 δεῖνι,
2536 5391 2672 5453 ἀλλά
2700 5393 2887 5463 σχεδὸν
2902 5395 3077 5446 εἰπεῖν
3105 5384 3358 5456 πᾶσίτοῖς
3387 5394 3447 5446 ὲν
3464 5396 3532 5466 τῇ
3555 5394 3650 5449 τοῦ
3671 5396 3808 5453 Θεοῦ

2247 5481 2563 5553 Ἐκκλησία.
2618 5482 2774 5537 Ἐπεὶ
2794 5483 2888 5537 οὖν
2922 5482 3203 5553 λυσιτελὴς
3235 5485 3371 5554 ἡμῖν
3406 5485 3499 5537 καὶ
3536 5484 3805 5556 ὑπόχρεος

2232 5576 2371 5628 κατὰ
2402 5572 2495 5627 τοῦ
2520 5574 2583 5646 (ἲ)
2609 5575 2821 5648 ἐδείχθη
2857 5578 2884 5630 6
2905 5575 3081 5646 λόγος,
3110 5575 3245 5648 ἔχων
3273 5575 3414 5648 μετὰ
3441 5576 3681 5648 ἀληθοῦς
3712 5578 3806 5635 καὶ
