4018 6304
217 332 319 394 805

898 321 1178 387 ORATIO
1209 323 1314 382 XI.
1344 345 1410 357 --
1451 320 1831 382 LAUDATIO
1870 320 1929 378 S.
1971 320 2340 379 PLATOle
2372 321 2803 383 HEGUMENI.

3371 324 3473 384 806

216 444 275 498 τὸ
317 446 596 515 χρήσιμον
619 438 807 511 ἡλίκον
840 453 852 466 ⁸
896 437 1030 506 φέρε
1061 434 1270 488 ἐκεῖθεν
1301 431 1677 503 ἀπαρξώμεθα
1693 430 1796 482 τῶν

1906 429 2044 482 hanc
2094 430 2395 484 orationem
2441 441 2496 484 et
2540 431 2869 499 obligatione
2919 431 3132 500 propria
3159 440 3212 485 et
3244 433 3476 488 utilitate

219 535 536 606 ἐγκωμίων,
568 531 692 586 ὅθεν
729 530 820 585 καὶ
851 527 1328 600 πρεπωδέστατον.

576 837 969 896 ΚΕΦΑΛΛΙΟΝ
1009 835 1306 892 ΠΡΩΤΟΝ.

1903 521 2074 574 aliena
2131 522 2413 576 inductum
2447 523 2706 577 accedere
2757 522 2861 592 (est
2890 523 3033 576 enim
3089 523 3304 578 veritati
3342 539 3474 578 con-

1896 612 2088 679 juncta
2139 612 2510 682 utilitas),age
2560 612 2926 666 laudationem
2965 612 3035 665 ab
3079 626 3144 666 eo
3171 611 3473 676 ordiamur,

1902 703 2043 758 unde
2069 705 2338 775 praecipue
2368 705 2622 760 convenit.
2649 704 2867 758 initium
2903 703 3126 759 ducere.

2392 839 2620 896 CAPUT
2661 839 2948 897 PRIMUM.

1275 951 1457 1020 Ortus,
1479 953 1747 1018 educatio,
1770 971 2006 1010 secessus
2037 957 2090 1010 in
2103 956 2430 1028 Bithyniam.

289 1099 624 1172 γ’.Πατὲρες
647 1098 744 1168 μὲν
758 1097 836 1169 τῷ
864 1096 1118 1167 μακαρίῳ
1148 1094 1419 1160 Πλάτωνι,
1449 1094 1678 1166 Σέργιος
1702 1096 1796 1148 καὶ

216 1197 501 1269 Εὐφημία,
532 1187 609 1248 ῶν
636 1192 698 1246 τὸ
723 1189 944 1260 εὐγενὲς
973 1188 1272 1259 ἐπίσημον,
1296 1188 1392 1242 καὶ
1417 1190 1444 1241 ὁ
1472 1189 1674 1260 τρόπος
1696 1191 1795 1243 οὐκ

215 1288 574 1359 αγενέστερος
623 1301 637 1314 ο
679 1282 833 1353 ἤθεσι
884 1279 1272 1352 χρηστοτέροις
1331 1280 1794 1351 ἀναστρεφόμενοι

216 1382 311 1436 καὶ
337 1377 630 1447 οἰκουριῶν
660 1374 998 1444 ἐπιμελείαις
1021 1372 1089 1426 τὰ
1116 1371 1306 1426 ἐνόντα
1330 1371 1468 1442 ὑπὲρ
1497 1371 1620 1433 τοὺς
1661 1370 1792 1422 πολ-

214 1473 339 1537 λοὺς
372 1471 652 1536 αῦξοντες,
681 1466 776 1520 καὶ
807 1463 1042 1535 ζηλωτοὶ
1071 1465 1160 1518 διὰ
1214 1462 1387 1517 ταῦτα
1439 1460 1792 1529 συγγενεῦσιν

216 1566 556 1634 ὑπάρχοντες
579 1578 594 1593 ο
629 1555 731 1624 οἷς,
762 1558 900 1628 μετὰ
921 1558 1032 1610 τῶν
1075 1555 1250 1609 ἄλλων
1305 1555 1560 1624 μέγιστον
1608 1552 1785 1623 ἐγκώ-

219 1673 340 1727 μιον
371 1654 466 1707 καὶ
500 1651 786 1713 εὐτεκνίας
814 1649 1066 1720 δώρημα.
1098 1648 1325 1718 Φέρουσι
1353 1645 1462 1716 γὰρ
1505 1645 1693 1716 ὥσπερ
1709 1662 1789 1696 τι-

215 1747 284 1800 νὰ
316 1743 592 1813 εὐθυγενῆ
622 1742 871 1813 βλαστὸν,
919 1740 1016 1793 σὺν
1050 1737 1173 1793 δυσὶ
1199 1738 1525 1808 θυγατράσι,
1573 1738 1665 1790 τὸν
1693 1735 1788 1790 νῦν

216 1835 611 1906 ἐπαινούμενον
638 1877 653 1901 ,
685 1832 808 1887 ούδέ
841 1833 1037 1895 αὑταῖς
1084 1828 1334 1884 ἀκλεέσιν
1383 1827 1685 1897 ὀφθείσαις,
1713 1824 1788 1883 ὧν

218 1927 391 1982 πολλὰ
421 1927 518 1980 καὶ
551 1925 694 1980 καλὰ
723 1923 792 1978 τὰ
835 1923 1175 1993 διηγήματα,
1203 1921 1304 1991 τῆς
1331 1922 1431 1991 μὲν
1459 1921 1517 1975 ἐν
1540 1920 1618 1990 τῷ
1672 1937 1787 1974 κοι-

215 2019 428 2089 νωνικῷ
461 2019 561 2090 βίῳ
588 2016 990 2088 διαπρεψάσης,
1017 2014 1138 2084 τῆς,
1171 2015 1230 2078 ἐξ
1253 2010 1319 2087 ἧς
1350 2014 1444 2068 καὶ
1474 2015 1654 2084 ἡμεῖς,
1685 2015 1789 2068 κᾶν

213 2112 289 2184 τῷ
325 2109 604 2183 μοναδικῷ
636 2109 877 2178 τάγματι
901 2104 1309 2176 διαλαμψάσης.
1355 2104 1572 2176 Ἐπειδὴ
1600 2105 1657 2158 δὲ
1707 2107 1790 2158 ἐν-

213 2203 422 2275 έσκηψε
435 2202 558 2256 κατ’
574 2202 750 2253 ἐκεῖνο
771 2197 964 2268 καιροῦ
991 2195 1128 2268 ὀργὴ
1159 2196 1411 2266 οὐράνιος
1434 2196 1579 2267 (ἄγει
1599 2214 1666 2267 με
1682 2192 1790 2269 γὰρ

211 2297 418 2365 ταύτην
475 2291 713 2364 δηλῶσαι
746 2294 778 2361 ἡ
816 2291 1116 2358 ὑπόθεσις),
1151 2289 1358 2359 φθορὰν
1412 2289 1494 2343 ὅτι
1556 2291 1790 2363 μάλιστα

212 2386 499 2454 ἐπάγουσα
529 2383 828 2452 πάνδημον,
854 2380 953 2432 οὐκ
988 2379 1198 2448 ὀλίγαις
1229 2378 1328 2450 μέν
1365 2377 1554 2442 ἄλλαις
1584 2382 1790 2448 χώραις

212 2498 270 2532 τε
300 2479 398 2532 καὶ
427 2477 648 2530 πόλεσιν
680 2471 1106 2544 μετενδημοῦσα,
1127 2471 1317 2543 ῶσπερ
1338 2488 1421 2534 τις
1446 2471 1788 2542 Αἰγυπτιακὴ

217 2569 416 2641 μάστιξ
442 2572 507 2622 ἐκ
538 2566 699 2637 τῆσδε
721 2567 800 2629 είς
834 2564 1013 2636 τήνδε,
1047 2564 1280 2633 μάλιστα
1309 2563 1365 2616 δέ
1386 2567 1451 2632 τῇ
1488 2559 1790 2630 βασιλιξού-

215 2682 281 2735 σῃ
339 2660 629 2726 Βυζαντίδι
652 2673 666 2687 ·
697 2655 872 2728 ταύτῃ
927 2674 1008 2709 τοι
1043 2656 1136 2710 καὶ
1188 2654 1519 2709 καταλύουσι
1553 2655 1645 2708 τὸν
1679 2655 1792 2723 βίον

214 2759 260 2809 οἱ
289 2754 633 2824 άείμνηστοι.
670 2749 785 2803 Οὐκ
831 2750 1058 2820 ἄκαιρον
1097 2747 1154 2800 δὲ
1196 2749 1356 2819 τάχα,
1396 2747 1662 2819 ὠφελείας
1688 2748 1790 2817 χά-

1973 1098 2027 1151 5.
2070 1097 2216 1154 Beati
2249 1097 2493 1155 Platonis
2524 1108 2778 1169 parentes
2804 1100 3029 1170 Sergius
3072 1107 3234 1171 atque
3256 1098 3473 1170 Euphe—

1903 1189 2007 1242 mia
2039 1188 2279 1254 fuerunt,
2322 1205 2622 1259 eorumque
2650 1198 2703 1243 et
2737 1205 2908 1258 genus
2955 1191 3188 1256 illustre,
3213 1200 3268 1246 et
3300 1191 3472 1246 nihilo

1901 1280 2083 1334 minus
2135 1281 2374 1336 illustres
2421 1283 2650 1337 virtutes
2685 1299 2700 1337 :
2746 1281 2966 1351 optimis
3002 1290 3182 1337 autem
3225 1282 3473 1338 moribus

1898 1367 2176 1436 providam
2206 1367 2490 1423 familiaris
2522 1370 2596 1423 rei
2633 1385 2822 1425 curam
2848 1379 3119 1440 gerentes,
3141 1369 3288 1424 illam
3309 1386 3472 1441 supra

1899 1460 2100 1515 multos
2141 1471 2432 1527 auxerunt,
2468 1463 2632 1517 etiam
2677 1479 2852 1531 usque
2880 1463 2948 1517 ad
2979 1462 3239 1518 invidiam
3270 1478 3473 1535 cogna-

1893 1561 2095 1608 torum.
2146 1553 2263 1609 Prae
2315 1556 2526 1611 caeteris
2567 1568 2748 1610 tamen
2789 1555 3067 1621 laudibus,
3097 1558 3469 1612 commendari

1893 1648 1947 1701 in
1973 1647 2105 1717 ipsis
2138 1656 2378 1704 meretur
2427 1649 2724 1704 liberorum
2760 1649 3156 1720 gignendorum
3188 1649 3423 1706 felicitas
3453 1669 3468 1707 :

1894 1749 2079 1810 utpote
2135 1742 2249 1810 qui,
2315 1746 2461 1796 velut
2515 1741 2724 1796 illustre
2776 1757 3039 1812 germen,
3094 1743 3257 1807 hunc,
3308 1757 3471 1814 quem

1895 1832 2059 1887 modo
2103 1833 2411 1900 laudamus,
2464 1837 2758 1906 protulere,
2794 1849 2904 1890 una
2935 1849 3058 1889 cum
3095 1834 3308 1890 duabus
3337 1835 3474 1889 ﬁlia-

1893 1925 1996 1981 bus
2026 1926 2123 1995 (1),
2174 1942 2275 1983 nec
2329 1927 2459 1997 ipsis
2512 1929 2757 1998 ingloriis
2811 1928 2960 1998 (nam
3009 1927 3154 1982 etde
3185 1928 3268 1984 liis
3298 1929 3471 1984 multa

1895 2017 2263 2087 praeclaraque
2302 2018 2407 2073 dici
2450 2024 2720 2088 possent),
2757 2033 2991 2090 quarum
3027 2033 3136 2073 una
3165 2019 3386 2087 quidem
3415 2019 3472 2074 in

1896 2109 2142 2164 saeculari
2173 2110 2282 2164 vita
2322 2111 2665 2166 laudabiliter
2687 2121 2770 2166 est
2793 2120 3111 2167 conversata
3134 2129 3149 2178 ;
3174 2113 3344 2164 altera
3369 2111 3471 2182 (2),

1898 2200 2042 2255 unde
2081 2201 2193 2256 nati
2241 2217 2339 2259 nos
2385 2219 2599 2267 sumus,
2659 2203 2820 2258 etiam
2857 2204 2911 2257 in
2943 2203 3250 2262 monastico
3276 2203 3473 2257 ordine

1896 2294 2118 2351 effulsit.
2175 2295 2343 2351 Porro
2394 2299 2634 2354 cmlestis
2693 2298 2938 2368 quaedam
2986 2298 3065 2353 ira
3099 2306 3348 2367 tempore
3377 2297 3472 2352 illo

1898 2387 1988 2456 (de
2023 2388 2123 2442 hac
2162 2387 2432 2458 siquidem
2487 2389 2636 2458 loqui
2667 2404 2754 2444 res
2780 2390 2894 2459 ipsa
2926 2397 3130 2453 monet,
3163 2402 3290 2444 cum
3323 2403 3474 2445 mor-

1899 2478 2159 2534 talitatem
2202 2479 2285 2534 vel
2317 2480 2556 2535 maxime
2599 2482 2960 2537 universalem
2985 2479 3325 2552 adduxerit),
3357 2495 3467 2536 non

1898 2569 2086 2638 paucis
2130 2569 2394 2625 duntaxat
2445 2571 2567 2625 aliis
2624 2571 2758 2627 locis
2812 2580 2866 2626 et
2917 2570 3143 2626 urbibus
3173 2570 3468 2625 incubuit:

1898 2662 1990 2714 sed
2048 2675 2114 2714 ex
2163 2677 2269 2716 una
2329 2662 2383 2716 in
2443 2663 2627 2728 aliam,
2683 2663 2859 2717 instar
2918 2661 3224 2733 Egyptiaci
3273 2661 3471 2730 flagelli

1900 2753 2197 2818 transiens,
2245 2755 2593 2825 Byzantinam
2644 2755 2988 2824 potissimum
3032 2754 3305 2809 civitatem
3338 2754 3473 2809 allii-

219 2863 301 2916 ριν
328 2843 544 2898 καὶτὸν
592 2839 687 2894 τοῦ
743 2839 974 2893 θανάτου
1038 2837 1238 2906 τρόπον
1284 2840 1622 2908 ἐπισημᾶναι
1650 2855 1663 2868 ·
1697 2838 1790 2907 γέ-

1904 2845 1997 2898 xit.
2048 2843 2103 2898 In
2137 2846 2238 2901 hac
2287 2847 2450 2901 etiam
2496 2848 2664 2902 vitam
2710 2861 2944 2916 posuere
2987 2861 3151 2916 supra
3184 2849 3470 2900 memorati

217 2953 360 2990 νοιτο
391 2935 498 3004 γὰρ
518 2933 655 2988 ἇντὸ
683 2931 934 3001 διήγημα
962 2929 1315 3000 ἐκδειματοῦν
1344 2929 1442 2994 τὰς
1481 2929 1655 3000 ψυχὰς
1689 2928 1794 2981 τῶν

221 3029 458 3092 συνετῶς
485 3028 804 3082 ἐπαϊόντων.

288 3301 351 3358 δ’.
393 3302 638 3369 Ἐωρᾶτο
691 3298 924 3365 ἐξάπινα
965 3298 1025 3350 ἐν
1067 3297 1186 3359 τοῖς
1214 3295 1444 3350 ἑκάστου
1468 3293 1792 3363 ἐσθήμασιν,

222 3399 278 3450 ἐν
311 3395 495 3467 βαφίδι
529 3386 805 3457 ἐλαιώδει,
832 3390 894 3442 τὸ
926 3389 1151 3458 σημεῖον
1189 3387 1284 3440 τοῦ
1325 3385 1591 3451 ζωοποιοῦ
1638 3401 1797 3437 σταυο·

223 3489 318 3560 ροῦ
356 3485 806 3555 κατεστιγμένον,
844 3477 932 3534 οἷα
966 3480 1121 3551 παρὰ
1152 3480 1332 3550 χειρὸς
1377 3475 1794 3548 ὡραιογραφούο

223 3598 344 3651 σης,
378 3579 579 3650 μᾶλλον
629 3578 688 3630 δὲ
739 3576 831 3628 ἐπὶ
871 3572 1009 3626 Θεοῦ
1047 3571 1294 3640 δακτύλῳ
1343 3571 1435 3623 καὶ
1475 3571 1794 3641 ὑπέρτερον.

234 3673 508 3742 Ἐθροεῖτο
535 3670 564 3722 ὁ
584 3667 834 3738 ληφθεὶς,
863 3664 1082 3719 ῦπεισίν
1107 3665 1156 3716 oi
1186 3662 1345 3725 εὐθὺς
1368 3663 1396 3714 ὁ
1415 3661 1640 3724 θάνατος
1660 3677 1673 3690 ·
1700 3663 1799 3714 αὑ-

221 3764 468 3834 θημερὸν
507 3759 603 3814 τοῦ
646 3757 832 3821 αὑτοῦ,
871 3756 967 3809 καὶ
1001 3755 1193 3824 νεκρὸν
1246 3753 1650 3821 ἐκκομίζοντος,
1705 3752 1798 3802 καὶ

220 3854 421 3924 νεκροῦ
446 3848 906 3919 ἐκκομιζομένου,
936 3845 1030 3897 δύο
1074 3845 1168 3896 ἐπὶ
1200 3841 1291 3896 τοῦ
1344 3838 1511 3894 αὑτοῦ
1539 3839 1799 3908 ἐπισκίμ-

222 3949 408 4009 ποδος.
469 3942 652 3997 δισδύο
703 3939 796 3993 ἐπὶ
860 3937 1003 4002 ζῶου
1062 3935 1401 4007 ἀχθοφόρου’
1432 3934 1619 4005 φόρτοι
1676 3933 1797 3985 ἀλλο

223 4035 519 4106 ἐπάλληλοι
538 4031 821 4102 δυστυχῶν
855 4030 1122 4100 σωμάτων
1143 4045 1157 4058 ·
1182 4027 1368 4097 θρῆνοι
1404 4021 1684 4093 πανταχοῦ
1711 4041 1802 4075 πει

227 4129 416 4205 ριηχού
426 4145 576 4199 μενοι
591 4127 687 4179 καὶ
706 4123 1103 4190 ἐλεεινολογίαι,
1123 4119 1348 4190 ἠτόνουν
1384 4119 1432 4170 οἱ
1453 4115 1798 4184 ἐκκομισταὶ,

1903 2951 1968 2989 ac
2013 2950 2224 3004 semper
2273 2938 2609 2990 memorandi
2649 2937 2933 3006 conjuges.
2965 2935 3250 3002 Quomodo
3287 2943 3469 2990 autem

1906 3028 1956 3082 id
1990 3027 2273 3094 acciderit,
2328 3042 2506 3098 opera:
2539 3028 2770 3097 pretium
2812 3027 2975 3082 fuerit
3011 3028 3283 3096 explicare
3326 3044 3340 3080 :
3391 3040 3474 3082 est

1903 3119 2048 3172 enim
2083 3119 2202 3189 ejus
2230 3118 2308 3172 rei
2349 3119 2593 3172 narratio
2626 3119 2772 3181 talis,
2801 3119 3083 3173 utsalubri
3121 3119 3316 3172 timore
3350 3133 3476 3172 con-

1906 3215 2092 3263 cutere
2151 3207 2327 3276 possit
2353 3208 2594 3271 animos,
2619 3221 2738 3260 eam
2769 3206 3061 3276 prudenter
3091 3207 3469 3276 suscipientes.

1972 3301 2026 3353 4.
2062 3299 2401 3354 Cernebatur
2428 3299 2493 3351 de
2533 3309 2753 3368 repente
2787 3301 2838 3354 in
2877 3299 3144 3368 cujusque
3171 3300 3367 3352 vestitu
3397 3299 3475 3351 vi-

1905 3391 2076 3446 vificze
2099 3390 2281 3445 crucis
2309 3389 2518 3460 signum
2533 3390 2632 3460 ('5),
2651 3392 2897 3445 tinctura!
2914 3389 3356 3460 pinguis,veluta
3383 3403 3474 3456 pc-

1903 3484 2008 3539 rita
2044 3499 2228 3546 manu.
2264 3498 2359 3538 seu
2391 3483 2570 3552 potius
2608 3483 2793 3537 divino
2824 3483 2993 3553 digito
3039 3499 3274 3554 superne
3307 3485 3474 3540 effor-

1906 3585 2132 3630 matum.
2168 3576 2224 3629 id
2249 3575 2300 3628 in
2322 3591 2377 3627 se
2393 3575 2734 3644 conspiciens
2760 3574 3100 3642 turbabatur,
3134 3577 3475 3632 subintrabat

1907 3668 2206 3724 accelerata
2225 3681 2401 3729 mors;
2432 3667 2620 3719 eodem
2645 3667 2750 3726 die,
2775 3665 2867 3736 qui
2885 3667 3152 3722 extulerat
3173 3677 3470 3729 mortuum.

1907 3770 2153 3814 mortuus
2171 3757 2332 3809 etiam
2371 3758 2487 3824 ipse
2523 3755 2866 3810 efferebatur.
2895 3756 3090 3812 Videre
3118 3768 3235 3812 erat
3257 3759 3394 3813 duos
3419 3761 3473 3813 in

1905 3850 2095 3905 eadem
2125 3847 2402 3916 sandapila
2433 3885 2448 3911 ,
2503 3857 2739 3916 quatuor
2777 3862 2940 3917 super
2971 3864 3135 3901 unum
3166 3850 3472 3918 jumentum

1905 3939 2132 4012 portari,
2154 3948 2210 3994 et
2225 3936 2474 3993 cumulos
2501 3935 2800 3992 infelicium
2832 3939 3153 3993 cadaverum
3184 3939 3341 3994 alios.
3365 3941 3474 3993 Au-

1907 4031 2193 4086 diebuntur
2222 4029 2583 4097 undequaque
2615 4036 2873 4082 sonantes
2913 4027 3164 4096 planctus
3197 4037 3360 4097 atque
3396 4029 3476 4081 la-

1910 4131 2111 4186 menta,
2133 4121 2482 4176 lassabantur
2498 4119 2844 4188 vespillones,
2868 4119 3215 4174 rarescebant
3235 4117 3475 4173 libitina-

223 4223 521 4287 ἐσπάνιζον
549 4222 600 4274 οί
638 4217 1020 4285 ἐνταφιασταὶ,
1043 4213 1313 4267 ἐκλείοντο
1331 4205 1492 4272 οἶκοι,
1519 4208 1796 4261 ἐκενοῦντο

1910 4212 2623 4280 rii,claudebanturdomus,
2637 4208 3009 4265 vacuabantur
3027 4210 3152 4275 vici,
3166 4211 3475 4264 caemeteria

225 4314 495 4386 ῥεγεῶνες
520 4311 618 4384 (b),
641 4306 977 4376 ἐπληροῦντο
993 4303 1337 4372 πολυάνδρια,
1353 4300 1442 4353 διὰ
1464 4299 1629 4369 μέσου
1657 4297 1804 4350 δυοῖν

228 4407 439 4478 μηνοῖν,
467 4403 573 4470 τῆς
608 4398 1036 4469 πολυανθρώπου
1071 4413 1131 4448 τε
1175 4395 1272 4447 καὶ
1325 4390 1658 4462 μυριοίκιδος
1703 4389 1804 4442 πό-

225 4500 362 4562 λεως
401 4497 613 4568 ἐρήμου
655 4493 752 4547 καὶ⁵
790 4490 1069 4546 ἀοικίστου
1120 4487 1307 4556 σχεδὸν
1337 4486 1512 4538 εἰπεῖν
1546 4481 1803 4552 ἐποφθεί-

229 4606 348 4658 σης.
378 4585 570 4640 Ταῦτα
598 4586 660 4638 ἐν
680 4583 914 4653 ἡμέραις
945 4579 1355 4633 Κωνσταντίνου
1393 4577 1486 4630 τοῦ
1512 4575 1807 4638 δυσσεϐοῦς

229 4679 520 4750 βασιλέως,
550 4674 644 4745 ὑφ’
673 4667 734 4726 οῦ
763 4673 796 4744 ὴ
820 4671 984 4726 εἰκὼν
1013 4669 1110 4724 τοῦ
1154 4668 1393 4741 Χριστοῦ
1441 4667 1804 4738 καθυϐρίσθη,

1911 4305 2278 4375 replebantur;
2299 4302 2435 4358 adeo
2452 4309 2512 4356 ut
2530 4303 2668 4357 intra
2691 4301 2920 4356 duorum
2936 4301 3204 4356 mensium
3221 4302 3475 4371 spatium,

1913 4397 2044 4451 urbs
2061 4393 2477 4465 p0pnlosissima
2500 4401 2662 4461 atque
2679 4391 3094 4454 liabitatissima,
3114 4405 3250 4459 pene
3265 4392 3476 4444 deserta

1912 4493 2076 4553 atque
2103 4483 2304 4537 inculta
2337 4489 2643 4551 appareret.
2675 4478 2888 4533 Accidit
2914 4479 3016 4533 hoc
3038 4477 3091 4532 in
3122 4477 3314 4533 diebus
3337 4477 3476 4532 Con-

1913 4576 2139 4632 stantini
2178 4574 2255 4645 (4)
2286 4571 2650 4642 imperatoris,
2689 4569 2869 4634 illius,
2896 4569 3479 4638 inquam,impostoris

1915 4667 2140 4732 nefarii,
2197 4682 2228 4721 a
2285 4680 2396 4736 quo
2435 4666 2611 4732 imago
2645 4662 2848 4717 Christi
2876 4663 3231 4718 simulacrum
3273 4661 3480 4717 erroris

1737 4843 1974 4900 ΝυΤᾹΞ.

302 4979 376 5048 (ο)
415 4974 690 5048 Quoniam
722 4968 1158 5048 antiquaﬁoma
1198 4967 1252 5022 in
1284 4968 1539 5048 regiones
1579 4964 1923 5019 dividebatur
1972 4957 2142 5048 (quod
2205 4960 2265 5048 in
2303 4960 2452 5048 nunc
2490 4955 3479 5048 usquedicmuobtiaftlﬁtiftntultova

231 5027 1007 5114 Βάτιιύ,νεοηειειιιὶηόροιὶη
1047 5040 1194 5104 dico,
1247 5027 1516 5108 ejusmodi
1585 5050 1781 5090 nomen
1861 5027 2162 5101 usurpavit,
2210 5039 2269 5084 ut
2313 5038 2459 5100 patet
2483 5043 2550 5082 ex
2586 5027 2907 5084 auctoribus
2937 5041 2968 5081 a
2999 5027 3234 5082 Meursio
3294 5042 3482 5082 recen-

233 5134 374 5176 SlllS.

304 5236 379 5306 (i)
419 5234 652 5306 Sirle_tus
679 5236 796 5294 post
829 5229 964 5306 duas
991 5227 1136 5297 ﬁlias
1159 5225 1398 5306 genitum
1424 5224 1639 5306 scribit
1664 5225 1808 5306 :_sed

233 5293 408 5363 solum
449 5306 502 5359 in
534 5293 727 5358 (ἓνδιὸο
755 5307 839 5352 est
869 5293 1000 5362 σὺν,⁷
1023 5293 1254 5349 ευηιξιη
1281 5297 1389 5348 vita
1423 5293 1479 5346 ὃ.
1514 5294 1808 5358 Theodori,

235 5377 374 5432 infra
399 5375 618 5430 citanda
656 5371 723 5424 ad
776 5383 897 5437 cap.
936 5370 987 5433 5,
1021 5367 1125 5420 litt.
1179 5381 1228 5428 c,
1282 5365 1558 5419 adduntur
1615 5364 1810 5421 fratres

235 5457 384 5586 ωξῗέ)
418 5503 740 5586 ΤΙιοοςιίεὶο
765 5507 1067 5586 appellatur
1121 5509 1172 5561 in
1228 5503 1454 5586 Vitas.
1517 5503 1808 5586 Tltcodori,

240 5576 404 5656 nupta
437 5584 700 5643 Pltotino,
733 5576 823 5648 qui
838 5576 1234 5656 magistratum
1267 5578 1335 5630 ab
1359 5576 1683 5656 imperatore
1702 5589 1809 5651 non

239 5643 390 5711 valde
414 5665 688 5710 remotum
722 5643 891 5720 gessit
920 5643 1132 5720 z'ambo
1165 5657 1373 5720 postea,
1407 5645 1598 5700 relicto
1621 5643 1815 5712 conju-

240 5728 346 5799 gio.
381 5728 548 5779 vitam
580 5719 939 5799 monasticam
972 5719 1206 5799 amplexi
1241 5726 1390 5799 sunt:

311 5798 385 5868 (5)
417 5797 627 5859 Greece,
659 5794 717 5844 ἐν
755 5789 935 5859 βαφίδι
971 5787 1235 5843 ἐλαιὼδει.
1283 5787 1510 5842 Sirletus
1545 5787 1701 5842 vertit
1730 5803 1813 5840 ca-

1917 5225 2025 5277 lore
2108 5217 2665 5283 cwruleo;lorlassis
2708 5214 2912 5269 invenit
2979 5211 3230 5275 ὑαλὼδει,
3297 5212 3459 5283 uitreo

1917 5293 2277 5364 Theophanes
2312 5282 2376 5343 ad
2411 5305 2500 5342 an.
2526 5287 2885 5364 intristi-7w,
2909 5284 3216 5364 indictione
3255 5282 3482 5364 lduista

1916 5351 2099 5428 fere”;
2138 5377 2214 5433 ac,
2231 5362 2296 5415 de
2315 5375 2475 5433 crum}
2496 5359 2575 5412 sic
2592 5355 2866 5433 ρχρῐξηηι,
2903 5355 2995 5433 :Ev
3010 5351 3270 5433 τρῖςπῶν-
3284 5351 3486 5433 anﬂed,

1919 5451 2038 5485 πων
2066 5423 2301 5500 ἱματίοις
2326 5432 2422 5482 καὶ
2451 5431 2644 5500 ἐντοῖς
2662 5423 2772 5500 τῶν
2800 5423 3104 5500 ἐκκλησιῶν
3135 5423 3297 5487 ἱεροῖς
3333 5423 3482 5500 ἐνδύ-

1921 5520 2051 5574 μασι
2083 5493 2316 5574 σταυρξα
2346 5497 2576 5567 ἐλαιώδη
2594 5497 2841 5574 πλεῖστα.
2875 5493 2940 5545 In
2962 5493 3233 5544 hominum
3256 5494 3485 5574 vestibus

1917 5561 1967 5627 ct
2009 5575 2062 5626 in
2093 5561 2430 5624 ecclesiarum
2469 5561 2637 5620 sacris
2667 5565 3006 5629 indumentis,
3046 5578 3221 5615 cruces
3244 5561 3488 5631 plurima:

1925 5644 2178 5711 oleaginm
2211 5637 2683 5711 conspiciebantur.

1995 5699 2072 5782 (ἐξ
2120 5699 2514 5782 Coristantinus
2568 5708 2954 5782 _C_oprmtymus
3014 5702 3182 5756 Leoni
3248 5699 3489 5756 lsaurico

1924 5778 2083 5854 patri,
2141 5782 2203 5834 18
2234 5779 2402 5845 Junii,
2445 5794 2534 5832 an.
2568 5778 2661 5831 7M
2701 5782 3312 5838 mortumsuccesserat.
3361 5787 3367 5794 ·
