4018 6304
568 339 673 402 807

565 472 660 525 per
700 453 952 524 injuriam
983 451 1250 522 appellata
1281 493 1294 516 ,
1353 459 1446 504 aut
1498 448 1680 504 verius
1739 448 1854 517 ipse
1885 447 2140 502 Christus

570 546 708 602 Deus
738 554 922 600 noster
952 543 1282 599 contumelia
1314 550 1397 596 est
1433 539 1690 604 all‘ectus;
1736 538 2006 609 siquidem
2046 539 2143 592 lio-

1766 335 1827 394 S.
1867 334 2260 395 TIIEODORI
2292 334 2640 396 STUDIT/E

3728 338 3836 402 808

2250 446 2473 500 εἴδωλον
2520 447 2726 516 πλάνης
2773 446 3136 516 ὀνομασθεῖσα
3188 447 3338 519 παρὰ
3383 448 3479 501 τοῦ
3528 450 3836 507 λαοπλάνου

2251 537 2574 604 ἐξαγίστου·
2607 537 2808 606 μᾶλλον
2856 538 2912 590 δὲ
2953 537 3113 600 αὐτὸς
3174 538 3406 608 Χριστὸς
3434 540 3462 591 6
3493 540 3629 604 Θεὸς
3675 542 3836 611 ἡμῶν

568 654 668 692 nor
697 638 974 692 exbibitus
1009 635 1229 705 imagini
1263 635 1326 688 ad
1353 642 1700 704 prototypum
1725 633 1936 699 transit,
1961 647 2135 702 quem-

2256 626 2528 697 ἠτιμώθη,
2556 628 2714 698 εἴπερ
2753 631 2786 698 ἡ
2822 629 2921 698 τῆς
2954 629 3164 692 εἰκόνος
3190 631 3324 700 τιμὴ
3349 631 3442 684 ἐπὶ
3465 634 3527 685 τὸ
3552 635 3837 702 πρωτότυο

566 731 860 784 admodum
893 727 1092 782 alicubi
1122 728 1252 782 dicit
1279 727 1497 781 divinus
1529 725 1780 780 Basilius.
1819 723 2006 795 Itaque
2041 725 2145 781 fuit

567 825 682 877 lucc
723 837 888 890 super
945 831 1256 889 peccantem
1306 821 1560 888 populum
1607 819 1916 890 justissima
1967 819 2140 888 virga,

566 923 790 982 paterna
827 923 1005 966 tamen
1058 913 1380 966 immensam
1433 923 1678 966 nostram
1733 910 2142 976 perversitatem

564 1005 630 1058 ad
664 1005 1075 1060 conversionem
1135 1004 1432 1058 erudientis
1491 1004 1602 1067 Dei,
1655 1013 1709 1058 et
1741 1005 1792 1056 in
1826 1003 1905 1057 ira
1936 1018 2145 1073 praepa-

567 1099 742 1153 rantis
773 1096 914 1152 viam
949 1099 1166 1161 salutis,
1203 1099 1268 1152 iis
1306 1098 1396 1165 qui
1425 1097 1810 1166 aequanimiter
1847 1098 2142 1152 correctio-

567 1206 688 1245 nem
745 1191 1107 1260 susciperent.
1148 1187 1254 1242 Sed
1302 1191 1368 1242 ad
1415 1187 1628 1243 Patrem
1688 1200 1928 1242 nostrum
1960 1203 2142 1244 sermo

565 1281 771 1336 redeat.

637 1373 692 1426 5.
735 1371 1062 1426 Parentibus
1109 1385 1240 1440 ergo
1291 1379 1345 1424 et
1392 1368 1814 1440 consanguineis
1867 1368 2141 1438 plerisque

565 1464 793 1518 orbatus
826 1462 922 1534 (ι’)
960 1463 1138 1516 adhuc
1168 1477 1302 1530 puer
1330 1461 1640 1525 admodum,
1673 1459 1742 1514 ab
1770 1461 1952 1530 aliquo
1976 1466 2140 1515 alter-

567 1556 748 1609 utrius
779 1554 1022 1624 parentis
1049 1568 1313 1622 germano
1339 1553 1638 1622 suscipitur
1658 1568 1673 1617 ;
1693 1562 1744 1606 et
1764 1553 2137 1623 adjuvenilem

566 1657 856 1715 provectus
885 1655 1100 1699 aetatem
1124 1686 1138 1710 ,
1191 1654 1445 1714 tanquam
1489 1645 1828 1700 rectissimus
1861 1647 2136 1714 surculus,

567 1736 824 1804 produxit
843 1734 1032 1789 ﬂorem
1057 1734 1461 1804 intelligentiae;
1485 1734 1907 1804 quaediﬂiculter
1933 1737 2137 1804 reperi-

566 1840 654 1884 tur
683 1830 734 1882 in
765 1827 1042 1897 orplianis,
1074 1842 1180 1879 non
1205 1827 1536 1881 habentibus
1565 1828 1655 1896 qui
1684 1828 1762 1881 eis
1782 1827 1856 1880 uti
1889 1838 2138 1895 parentes

566 1922 867 1992 invigilent.
897 1918 1136 1975 Fructus
1187 1930 1368 1973 autem
1417 1921 1649 1989 propria:
1699 1920 1874 1989 ipsius
1905 1920 2138 1974 solertia:

2251 737 2352 772 πον
2381 719 2683 784 ἀναϐαίνει,
2721 719 2906 784 καθὼς
2931 723 2959 773 6
2986 721 3247 793 θεηγόρος
3280 716 3382 776 ὧδέ
3412 724 3514 776 πού
3545 741 3681 794 φησι
3732 724 3830 778 Βα-

2252 811 2468 876 σίλειος.
2489 812 2674 866 Ταῦτα
2695 815 2728 883 ὴ
2752 813 2893 867 κατὰ
2909 813 3018 867 τῶν
3040 815 3466 886 ἁμαρτανόντων
3490 815 3809 885 δικαιοτάτη
3817 856 3831 875 ,

2249 904 2324 968 ὠς
2349 905 2412 959 ἄν
2438 922 2524 969 τις
2573 907 2741 972 εἴποι,
2796 907 3120 978 παιδευτικὴ
3163 907 3356 979 ῥάϐδος
3393 907 3488 960 τοῦ
3534 907 3695 973 Θεοῦ,
3733 911 3831 978 τὴν

2249 1003 2487 1072 ἄμετρον
2517 998 2674 1074 ἡμῶν
2692 1001 2890 1055 κακίαν
2916 999 3358 1071 ἐπιστρεπτικῶς
3394 999 3827 1070 σωφρονίζουσα,

2249 1092 2345 1145 καὶ
2369 1092 2686 1146 ὀδοποιοῦσα
2719 1090 2908 1161 τρίϐον
2945 1090 3220 1162 σωτηρίας
3251 1092 3316 1160 τῇ
3359 1090 3498 1161 ὀργῇ
3528 1088 3696 1142 αὐτοῦ
3717 1093 3831 1153 τοῖς

2248 1185 2586 1256 εὐαισθήτως
2650 1186 2962 1256 δεχομένοις
3021 1183 3121 1253 τὴν
3185 1185 3525 1255 νουθέτησιν.
3569 1185 3728 1254 Ἐμοὶ
3769 1185 3829 1238 δὲ

2249 1278 2340 1330 ἐπὶ
2370 1277 2463 1330 τὸν
2492 1277 2707 1348 Πατέρα
2740 1276 3148 1346 μεθαρμοστέος
3174 1276 3202 1327 6
3241 1275 3422 1342 λόγος.

2317 1376 2382 1424 ε’.
2418 1369 2911 1438 Καταλιμπάνεται
2939 1367 3230 1439 τοιγαροῦν
3259 1367 3463 1438 ἔρημος
3494 1368 3699 1436 γονέων
3731 1369 3827 1420 σὺν

2245 1467 2363 1528 τοῖς
2387 1463 2667 1535 ὁμαίμοσι,
2699 1462 2894 1532 κομιδῇ
2928 1464 3058 1518 παῖς
3091 1460 3377 1530 τυγχάνων
3402 1476 3415 1490 ·
3456 1460 3514 1524 ὃς
3575 1459 3824 1528 προσλη-

2247 1557 2404 1624 φθεὶς
2433 1557 2522 1626 ὑφ’
2549 1557 2629 1609 ἐνὶ
2653 1556 2762 1609 τῶν
2798 1553 3096 1622 συγγενῶν,
3135 1554 3230 1604 καὶ
3249 1554 3329 1615 είς
3355 1552 3572 1623 ἡλικίαν
3604 1551 3828 1620 ἡϐῶσαν

2246 1650 2522 1721 ἀναχθεὶς,
2557 1650 2710 1703 ἀνθεῖ
2741 1650 2838 1719 μὲν
2864 1647 3048 1710 εὐθὺς,
3089 1648 3280 1717 ὥσπερ
3308 1664 3362 1700 τι
3382 1645 3535 1718 έρνος
3559 1644 3827 1698 εὐθύϐλα-

2249 1757 2392 1805 στον,
2428 1743 2461 1811 ὴ
2495 1741 2647 1810 ἀκμὴ
2681 1740 2778 1808 τῆς
2812 1740 3064 1807 νεότητος
3120 1745 3220 1806 τὴν
3261 1737 3554 1808 καλλίστην
3587 1735 3825 1797 σύνεσιν,

2245 1831 2392 1901 ἥπερ
2422 1831 2872 1900 δυσκατόρθωτος
2934 1830 3047 1888 τοῖς
3115 1828 3350 1897 ὀρφανία
3394 1827 3673 1896 ἠγμένοις,
3725 1827 3824 1878 ούγ

2247 1924 2430 1994 έχουσι
2448 1925 2539 1976 τὸν
2564 1925 2653 1977 ἴσα
2674 1924 2878 1992 γονέων
2900 1924 3318 1977 ἐπιστατοῦντα.
3344 1925 3699 1993 Καρποφορεῖ
3731 1921 3788 1973 δὲ
3808 1960 3823 1985 ,

564 2022 618 2068 et
646 2013 941 2083 diligentia:
969 2013 1073 2066 fuit
1111 2014 1305 2082 peritia
1335 2013 1518 2081 praxis
1545 2013 1849 2075 notarialis,
1873 2023 2131 2081 quantam

2243 2021 2357 2080 ταῖς
2390 2018 2519 2089 παρ’
2543 2017 2740 2071 ἐαυτοῦ
2801 2019 3060 2080 σπουδαῖς
3113 2035 3172 2070 τε
3212 2018 3306 2070 καὶ
3336 2016 3695 2086 φιλοζηλίαις,
3728 2015 3825 2086 τὴν

563 2109 652 2162 vix
689 2109 908 2175 assequi
955 2109 1219 2177 potuisset
1264 2107 1462 2177 aliquis
1511 2110 1734 2177 paterna
1774 2109 2140 2164 sollicitudine

564 2200 842 2256 eruditus.
876 2198 1080 2254 Deinde
1109 2200 1370 2269 praedicto
1420 2201 1586 2254 tutori
1632 2216 1734 2255 suo
1788 2203 1948 2272 regiae
1973 2217 2140 2272 pecu-

566 2294 668 2346 nia:
697 2291 1065 2360 appendenda:
1090 2289 1362 2360 praefecto,
1395 2306 1615 2360 operam
1653 2295 2033 2360 commodatis,
2066 2294 2139 2347 ita

567 2398 677 2436 rem
715 2383 860 2436 illam
891 2382 1083 2451 agebat
1113 2383 1350 2448 dextere,
1387 2393 1445 2436 ut
1479 2383 1567 2437 hic
1593 2386 1767 2438 solum
1806 2383 2141 2454 praefecturae

567 2489 760 2530 nomen
798 2484 1000 2540 tenere,
1029 2489 1165 2544 opus
1197 2475 1282 2528 ille
1312 2477 1544 2529 sciretur
1574 2494 1588 2529 :
1613 2484 1668 2529 et
1695 2476 1765 2529 ob
1785 2476 1888 2531 hoc
1918 2477 1973 2530 in
2001 2492 2140 2531 aera-

565 2565 648 2619 rio
670 2565 1019 2635 imperatorio
1042 2565 1295 2625 illustris.
1321 2567 1524 2620 cliarus
1541 2565 1759 2635 quidem
1778 2566 2139 2637 principibus,

565 2659 665 2730 ipsi
697 2667 875 2712 autem
905 2656 1103 2712 Caesari
1133 2656 1300 2711 etiam
1334 2667 1493 2713 notus
1525 2668 1690 2714 esset.

631 2837 684 2891 6.
726 2835 873 2891 Talis
898 2851 1021 2892 cum
1071 2845 1236 2900 esset,
1279 2845 1517 2890 mentem
1558 2853 1712 2891 suam
1760 2855 1867 2894 non
1915 2839 2139 2894 tradidit

562 2928 842 2984 olli-enatis
881 2928 1262 2982 adolescentia:
1295 2927 1692 2997 cupiditatibus
1730 2928 1844 2988 (uti
1892 2931 2138 3000 petulan-

562 3025 668 3077 tior
701 3021 898 3091 aliquis
935 3021 1155 3086 faceret,
1189 3023 1271 3076 sui
1299 3019 1477 3076 factus
1506 3020 1871 3088 arbitrii),sed
1905 3022 2006 3091 ipsi
2033 3022 2136 3076 sibi

563 3116 803 3186 optimus
838 3113 1098 3177 domitor.
1133 3113 1448 3168 abstinebat
1495 3129 1524 3166 a
1557 3115 1837 3169 consortio
1876 3113 2138 3182 insipien-

564 3208 697 3260 tium
721 3249 736 3274 ,
766 3218 820 3261 et
870 3205 1303 3275 sapientioribus
1328 3205 1661 3276 jungebatnr
1697 3225 1710 3261 :
1741 3207 2024 3277 applicans
2077 3221 2137 3262 sc

565 3298 919 3363 honoratiori,
949 3314 1052 3352 non
1080 3299 1260 3353 minus
1281 3299 1578 3363 honorato;
1611 3307 1768 3353 aetate
1791 3299 2130 3367 provectiori,

566 3405 674 3445 non
704 3389 935 3460 iuniori;
970 3399 1135 3458 atque
1173 3404 1242 3443 ex
1274 3389 1406 3458 ipsis
1434 3389 1676 3442 externis
1704 3390 2030 3452 honoribus,
2061 3389 2135 3442 in-

563 3481 801 3549 genitam
835 3480 1003 3534 animi
1039 3479 1408 3545 nobilitatem,
1450 3479 1680 3533 latenter
1711 3479 2132 3547 quodammodo,

562 3573 628 3626 ad
663 3570 871 3642 majora
897 3571 1254 3641 provebebat.
1308 3569 1424 3624 Non
1475 3571 1720 3626 tradebat
1754 3586 1813 3627 se
1866 3586 2138 3626 comessa-

565 3664 775 3718 toribus
805 3662 1334 3731 combibonibusque
1366 3663 1433 3716 ad
1464 3665 1701 3733 mquales
1732 3664 1960 3720 haustus
1984 3705 2001 3732 ,
2056 3664 2135 3719 uti

566 3756 618 3808 in
655 3754 920 3809 conviviis
971 3753 1179 3809 faciunt
1209 3754 1633 3822 adolescentuli;
1678 3771 1854 3825 neque
1889 3757 2136 3813 substan-

563 3846 694 3900 tiam
739 3845 1076 3915 dilapidabat
1127 3847 1244 3900 alea
1282 3859 1540 3915 meroque
1560 3887 1575 3912 ,
1606 3858 1665 3900 ut
1695 3845 2016 3917 frugiperdae
2044 3862 2136 3902 so-

566 3939 710 4004 lent;
739 3937 832 3992 sed
867 3938 1098 4006 publicae
1129 3937 1286 3991 libra:
1309 3939 1612 4004 attendens,
1659 3939 1844 3993 labore
1874 3939 2134 3994 continuo

561 4029 781 4084 divitias
811 4029 913 4082 sibi
942 4028 1358 4092 accumulabat,
1395 4037 1448 4082 et
1477 4029 1693 4099 quidem
1736 4039 1948 4096 tantas,
1977 4042 2036 4084 ut
2065 4032 2132 4086 ad

561 4132 843 4193 paternam
872 4121 1244 4177 hiereditatem
1277 4123 1674 4192 amplissimam
1705 4124 1848 4178 baud
1889 4125 2134 4182 modicas

560 4217 695 4270 alias
745 4215 1028 4270 facultates
1083 4215 1416 4284 apposuerit.
1460 4214 1575 4270 Hoc
1614 4231 1742 4271 vero
1786 4232 2131 4287 nequaquam

561 4308 674 4362 tieri
707 4308 993 4376 potuisset,
1027 4307 1129 4362 nisi
1169 4308 1580 4376 temperantiam
1614 4319 1883 4364 servasset
1918 4311 1971 4364 in
2010 4325 2133 4364 om-

562 4400 756 4464 nibus,
794 4413 916 4468 qua:
956 4399 1258 4454 honestatis
1286 4409 1559 4452 amantem
1605 4401 1906 4455 exui-nabat
1952 4402 2128 4455 conti-

562 4491 740 4546 nentia
769 4529 785 4553 ,
838 4501 892 4544 et
923 4491 1135 4545 cunctis
1161 4490 1430 4544 atIabilem
1476 4491 1780 4546 instruebat
1822 4494 2126 4562 prudentia,

560 4584 748 4655 procul
801 4585 1066 4653 abjiciens
1109 4585 1378 4654 iuveniles
1422 4587 1762 4654 voluptates;
1806 4589 2006 4658 quibus
2035 4595 2127 4659 qui

2242 2108 2523 2161 παίδευσιν
2543 2109 2642 2179 τῆς
2674 2109 2972 2180 νοταρικῆς
3033 2108 3286 2176 μεθόδου,
3323 2108 3396 2170 ὠς
3425 2107 3578 2160 ούπω
3605 2124 3688 2168 τις
3717 2107 3826 2158 τῶν

2242 2202 2334 2253 καὶ
2357 2204 2650 2273 πατρικαῖς
2673 2202 3015 2273 ἐπιμελείαις
3046 2201 3564 2273 προμηθευομένων,
3596 2199 3824 2266 συζυγο-

2243 2293 2456 2346 στατῶν
2480 2309 2539 2345 τε
2569 2294 2718 2364 αὐτῷ
2739 2293 3133 2364 προσειληφότι
3152 2295 3280 2364 θείῳ
3308 2294 3377 2346 τὰ
3406 2291 3662 2362 βασιλικὰ
3691 2292 3824 2361 χρή·-

2244 2403 2412 2456 ματα.
2438 2387 2548 2440 Καὶ
2579 2387 2834 2440 τοσοῦτον
2869 2389 3058 2455 φανεὶς
3102 2387 3336 2442 ἐνταῦθα
3386 2386 3711 2457 περιδέξιος,
3745 2385 3822 2447 ὡς

2240 2477 2413 2548 ὄνομα
2453 2477 2614 2546 μόνον
2644 2479 2792 2548 ἔχειν
2816 2480 3024 2532 ἐκεῖνον
3051 2480 3148 2548 τῆς
3181 2480 3374 2550 ἀρχῆς,
3425 2480 3517 2532 τὸν
3537 2480 3594 2532 δὲ
3640 2479 3701 2531 τὸ
3725 2479 3822 2549 ἐρ-

2240 2583 2336 2634 γον
2367 2567 2755 2638 γνωρίζεσθαι,
2787 2569 2882 2622 καὶ⁵
2909 2568 2998 2621 διὰ
3036 2568 3211 2622 ταῦτα
3243 2570 3514 2639 ἐπίσημον
3549 2570 3649 2639 μὲν
3680 2565 3822 2622 εἶναι

2241 2662 2300 2713 ἐν
2357 2663 2469 2722 τοῖς
2516 2659 2814 2730 βασιλικοῖς
2858 2661 3254 2730 ταμιεύμασιν,
3285 2662 3562 2716 ἀσπαστὸν
3595 2662 3651 2714 δὲ
3707 2666 3822 2726 τοῖς

2238 2747 2489 2816 ἄρχουσι,
2519 2747 2798 2818 γνώριμόν
2820 2764 2880 2800 τε
2907 2748 3002 2801 καὶ
3029 2749 3177 2819 αὐτῷ
3202 2750 3278 2820 τῷ
3306 2752 3566 2821 Καίσαρι.

2309 2847 2382 2904 ς’.
2417 2839 2573 2895 Οὕτω
2595 2841 2650 2894 δὲ
2676 2841 3116 2912 διαφαινόμενος,
3150 2842 3211 2896 οὐ
3236 2846 3352 2906 ταῖς
3389 2845 3712 2908 ἀκαθέκτοις
3732 2847 3824 2917 όρ-

2242 2936 2370 3003 μαῖς
2398 2935 2495 3004 τῆς
2526 2937 2773 3006 νεότητος
2799 2935 3114 3005 προύδωκεν
3137 2936 3225 2990 τὸν
3243 2937 3386 3002 νοῦν,
3406 2939 3480 3002 ὼς
3510 2939 3575 2992 ἄν
3601 2956 3684 3002 τις
3709 2940 3820 2994 τῶν

2237 3024 2454 3091 ἀφέτων
2483 3040 2541 3076 τε
2578 3025 2672 3077 καὶ
2723 3024 3085 3096 ρηξιφρόνων,
3109 3025 3226 3080 ἀλλ’
3251 3026 3322 3096 (c)
3363 3022 3452 3080 οἷά
3479 3045 3562 3090 τις
3595 3029 3819 3099 ἄριστος

2239 3114 2599 3185 πωλοδάμνης
2627 3117 2788 3181 αὐτὸς
2823 3118 3003 3188 ἐαυτῷ
3032 3120 3390 3190 γιγνόμενος,
3418 3122 3676 3192 ἀπείχετο
3718 3124 3819 3194 μέν

2238 3212 2512 3264 ἀσυνέτων
2536 3254 2549 3277 ,
2573 3214 2843 3283 συνήπετο
2885 3215 2940 3267 δὲ
2983 3215 3438 3284 πεπαιδευμένοις
3461 3254 3476 3278 ,
3510 3215 3589 3284 τῷ
3620 3217 3818 3286 τιμαλ-

2240 3303 2490 3374 φεστέριρ
2551 3306 2999 3371 συνταττόμενος.
3054 3306 3169 3359 ἀλλ’
3200 3308 3323 3376 ούχὶ
3375 3306 3454 3376 τῷ
3507 3307 3820 3378 ἀτιμοτέρῳ

2239 3395 2660 3466 συνερχόμενος,
2722 3396 2819 3449 καὶ
2843 3395 2923 3465 τῷ
2950 3396 3073 3450 καθ’
3099 3397 3315 3466 ἠλικίαν
3333 3397 3621 3468 προέχοντι
3639 3416 3820 3470 παρα-

2238 3487 2622 3557 ζευγνύμενος,
2662 3488 2775 3541 ἀλλ’
2801 3488 2922 3558 οὐχὶ
2950 3487 3027 3556 τῷ
3052 3489 3470 3559 νεοπαγεστέρῳ
3500 3490 3818 3543 συνδιαιτώσ

2240 3599 2418 3649 μενος,
2455 3582 2550 3634 καὶ
2577 3581 2716 3654 πρὸς
2735 3579 2796 3634 τὸ
2829 3581 3076 3646 ἄναντες,
3119 3582 3226 3634 κὰκ
3254 3582 3362 3634 τῶν
3387 3582 3586 3646 ἔξωθεν
3615 3583 3816 3654 τιμῶν,

2235 3674 2298 3725 τὸ
2326 3676 2424 3742 τῆς
2453 3675 2632 3745 ψυχῆς
2664 3675 2910 3744 εὐγενὲς,
2951 3673 3254 3745 λεληθότως
3284 3692 3400 3738 πως
3461 3676 3816 3747 ὁδοποιούμε-

2235 3783 2343 3829 νος.
2379 3765 2453 3818 Οὕ
2485 3768 2537 3818 τί
2569 3785 2670 3821 που
2702 3767 3008 3837 συμπόταις
3029 3766 3122 3818 καὶ
3155 3768 3431 3830 συσσίτοις
3466 3768 3663 3821 ἐαυτὸν
3691 3771 3814 3822 ἐπι-

2233 3861 2411 3924 διδοὺς
2452 3860 2594 3914 κατὰ
2648 3863 2837 3929 κοινὴν
2882 3860 3227 3931 φιλοτησίαν,
3258 3859 3334 3922 ὡς
3368 3863 3418 3912 ετ
3438 3879 3522 3923 τις
3554 3864 3664 3916 τῶν
3697 3880 3819 3917 νεα.-

2232 3950 2562 4021 νιευομένων
2587 3951 2646 4002 ἐν
2676 3951 2956 4019 εὐωχίαις,
2982 3951 3091 4003 οὐδ’
3123 3951 3182 4003 ού
3219 3950 3326 4020 μὴν
3361 3949 3550 4016 κύϐοις
3591 3955 3685 4006 καὶ
3719 3953 3816 4022 μέο

2233 4043 2358 4108 θαις
2383 4042 2798 4096 καταναλίσκων
2847 4043 2944 4113 τὴν
2976 4044 3190 4109 οὐσίαν,
3219 4037 3306 4096 οἷα
3333 4041 3402 4095 τὰ
3429 4043 3538 4095 τῶν
3577 4047 3816 4118 μαστρὸο

2233 4134 2350 4190 πῶν
2376 4153 2389 4166 ·
2421 4136 2640 4206 σχολαῖς
2684 4137 2740 4190 δὲ
2766 4139 3046 4200 ἐπιπόνοις
3083 4136 3332 4206 ἐφεστὼς
3361 4139 3427 4208 τῇ
3454 4136 3812 4211 ζυγοστασία,

2231 4228 2524 4282 κάντεῦθεν
2547 4228 2775 4282 πλοῦτον
2799 4231 2976 4299 ἐαυτῷ
3009 4230 3400 4299 συναθροίζων,
3435 4230 3531 4282 καὶ
3558 4229 3813 4285 τοσοῦτον

2229 4319 2430 4385 αὕξων,
2461 4320 2536 4384 ὡς
2566 4319 2733 4390 ἄλλην
2757 4321 3130 4391 συστήσασθαι
3159 4322 3499 4390 περιουσίαν,
3543 4323 3698 4392 παρὰ
3716 4323 3812 4393 τὴν

2228 4413 2454 4485 γονικὴν
2493 4413 2864 4485 κληρονομίαν
2929 4414 3276 4484 ἱκανωτάτην
3319 4411 3512 4468 οὖσαν.
3554 4413 3729 4468 Τοῦτο
3754 4416 3809 4469 δὲ

2227 4507 2328 4560 οὐκ
2369 4508 2434 4559 ἂν
2460 4507 2870 4576 προσεγεγόνει,
2901 4509 2950 4557 εί
3007 4507 3081 4577 μὴ
3115 4507 3418 4577 αὐταρκείᾳ
3461 4511 3810 4577 συνετηρεῖτο

2228 4601 2286 4651 ἐν
2319 4600 2472 4663 πᾶσι,
2502 4597 2570 4650 δι’
2599 4595 2667 4668 ἧς
2728 4600 2822 4651 καὶ
2867 4599 3190 4671 σωφροσύνῃ
3232 4598 3642 4664 ἐκαλλωπίζετο
3662 4601 3690 4652 6
3721 4617 3807 4669 φι-

559 4676 842 4745 indulgent
869 4713 886 4740 ,
929 4691 1038 4731 non
1070 4678 1230 4730 modo
1263 4693 1368 4730 non
1421 4680 1711 4748 acquirunt
1743 4697 1862 4749 qua:
1891 4683 2125 4746 desunt;

2243 4690 2476 4755 λόκαλος,
2513 4692 2607 4743 καὶ
2639 4691 2902 4761 φρονήσει
2924 4691 3214 4759 ὴγλαῒζετο
3241 4694 3269 4745 6
3301 4692 3582 4762 μειλίχιος,
3619 4693 3809 4764 πόρρω

557 4769 650 4825 sed
683 4776 738 4824 et
770 4783 886 4836 qua:
919 4769 1135 4835 adsunt,
1163 4783 1425 4823 evacuare
1454 4783 1872 4826 consueverunt.

632 5044 684 5096 7.
726 5040 867 5108 Quid
899 5043 1102 5111 porro?
1149 5043 1281 5096 Tam
1318 5041 1601 5112 multiplici
1631 5043 1898 5099 industria
1927 5046 2092 5114 praedi

556 5145 665 5199 tus,
688 5145 908 5205 tamque
933 5135 1144 5204 peritus
1171 5150 1352 5187 rermn
1376 5137 1710 5205 agendarum
1760 5139 1935 5192 evasit
1957 5141 2122 5208 (quod

556 5232 797 5287 maxime
830 5240 1108 5303 spectatur
1147 5233 1216 5286 ab
1252 5233 1340 5295 iis,
1376 5234 1469 5302 qui
1499 5234 1554 5287 in
1588 5235 1790 5288 saeculo
1816 5235 2030 5301 vivunt,
2073 5245 2127 5291 et

555 5327 693 5383 tilias
719 5337 844 5397 apte
878 5329 1107 5399 cupiunt
1137 5329 1472 5400 elocare),ut
1507 5329 1746 5399 undique
1803 5331 2123 5386 invitaretur

2235 4782 2442 4851 βάλλων
2471 4782 2571 4844 τὰς
2621 4783 2951 4852 νεωτερικὰς
3000 4785 3326 4853 ἐπιθυμίας,
3364 4780 3453 4848 αἷς
3491 4788 3540 4838 οἱ
3587 4786 3808 4848 ἁλόντες

2233 4875 2293 4928 οὐ
2333 4874 2490 4944 μόνον
2519 4876 2584 4929 τὰ
2615 4876 2714 4929 οὐκ
2735 4877 2862 4929 ὄντα
2888 4876 3424 4948 προσλαμϐάνονται,
3447 4877 3588 4930 ἀλλὰ
3619 4879 3714 4932 καὶ
3743 4878 3806 4930 τὰ

2236 4967 2424 5019 ἐνόντα
2458 4966 2646 5019 κενοῦν
2677 4967 2958 5023 εἰώθασιν.

2275 5059 2366 5135 -ζν,
2404 5057 2468 5109 Τί
2510 5058 2570 5111 τὸ
2615 5058 2904 5123 ἐντεῦθενς
2967 5061 3233 5125 Τοσοῦτος
3275 5062 3468 5130 γέγονε
3517 5061 3804 5123 πολλοστὸς

2233 5152 2297 5217 τῇ
2331 5150 2567 5212 συνέσει,
2599 5151 2692 5203 καὶ
2723 5152 2990 5215 πυκτικδς
3011 5156 3131 5216 ταῖς
3164 5154 3440 5225 ἀφορμαῖς
3485 5153 3580 5207 τοῦ
3618 5152 3733 5223 βίου
3761 5154 3804 5221 (ὃ

2234 5241 2469 5309 φιλεῖται
2504 5245 2656 5312 παρὰ
2685 5243 2795 5296 τῶν
2828 5245 2884 5297 ἐν
2908 5244 3120 5314 κόσμῳ,
3148 5247 3242 5298 καὶ
3264 5243 3629 5308 σπουδάζεται
3655 5246 3800 5314 παρὰ

2231 5334 2584 5388 ἐκδιδούντων
2615 5335 2768 5404 ἀνδρὶ
2797 5336 3118 5408 θυγατέρα),
3145 5337 3219 5401 ὡς
3248 5337 3427 5390 ἕλκειν
3450 5337 3612 5392 αὑτὸν
3646 5337 3802 5392 ἄλλον

623 5509 694 5590 (ε)
735 5507 996 5590 Suspicor
1046 5507 1331 5590 legendum
1366 5522 1487 5590 esse
1531 5508 1873 5590 QICGQOpé-VQW
1896 5513 2135 5590 utsitm

2243 5511 2445 5568 ositum
2476 5527 2505 5566 a
2539 5513 2663 5582 ῥίζα
2699 5515 2853 5568 radix
2885 5526 2939 5570 et
2971 5515 3163 5585 ἄφρων
3199 5515 3470 5584 insipiens,
3497 5517 3566 5572 ad
3597 5515 3801 5586 signifi-

551 5579 778 5644 candos,
808 5582 902 5650 qni
929 5580 997 5635 ab
1020 5581 1229 5649 origine
1267 5589 1320 5634 e't
1342 5579 1670 5633 educatione
1695 5580 1831 5634 tales
1855 5589 2004 5635 sunt.

623 5675 721 5741 (4⁸)
752 5673 936 5746 Graec
969 5677 1235 5746 ὁμαίμοσι
1268 5675 1411 5746 quod
1455 5673 1691 5729 Sirlelus
1727 5676 1887 5729 vertit
1917 5680 2118 5732 sorori-

551 5748 684 5800 bus:
719 5745 810 5802 sed
840 5743 979 5800 infra
1007 5743 1157 5801 num.
1190 5747 1241 5812 7,
1270 5743 1468 5803 dicitur
1498 5756 1739 5809 sanctus.
1771 5761 1893 5802 cum
1915 5750 1979 5803 ad
2007 5765 2120 5803 mo-

2230 5680 2527 5734 nasterium
2563 5678 2694 5731 abiit
2727 5679 2930 5736 eisdem
2972 5680 3244 5734 modicum
3275 5680 3404 5748 quid
3432 5680 3499 5735 de
3531 5695 3632 5736 sua
3671 5681 3799 5737 sub-

2228 5751 2425 5804 stantia
2463 5749 2748 5820 reliquisse
2781 5767 2793 5804 :
2829 5751 3082 5806 vivebant
3115 5751 3276 5822 igitur
3306 5761 3420 5806 tum
3449 5750 3648 5807 adhuc.
