4018 6304
224 288 322 350 809

903 294 1181 359 ORATIO
1212 297 1315 358 Χῐ.
1355 320 1426 334 -
1464 295 1842 359 LAUDATIO
1879 298 1940 358 S.
1981 298 2346 364 PLATONIS
2383 304 2818 370 HEGUMENI.

3353 319 3460 384 810

224 400 462 464 ἄλλοθεν,
501 401 598 453 καὶ
623 406 734 453 τῶν
757 402 895 470 ἄγαν
924 405 1264 475 εὐπατριδῶν
1295 426 1354 462 τε
1388 409 1482 462 καὶ
1521 409 1770 478 εὓπόρων

1895 407 1960 462 ad
1995 409 2288 466 iucundam
2317 413 2445 468 vitae
2481 415 2797 473 societatem
2830 418 2912 476 vel
2945 435 3068 478 cum
3097 426 3455 487 nobilioribus

224 492 300 554 εἰς
350 490 638 543 κοινωνίαν
693 491 833 561 βίου.
875 495 1100 550 Ἀλλ⁹οὐ
1152 499 1258 569 γὰρ
1314 499 1524 569 ἀφῆκεν
1578 500 1793 553 αὒτδνό

225 581 366 643 θεῖος
402 581 587 643 πόθος,
611 580 672 634 δν
696 583 899 653 ἀνῆψεν
924 586 1101 657 ἐαυτῷ
1142 589 1228 642 διὰ
1262 590 1568 660 κρείττονος
1613 591 1792 644 ἐπιλοο

223 672 444 741 γισμοῦ,
471 675 792 744 ἐμπαγῆναι
837 679 951 739 τοῖς
997 678 1112 747 βίου
1143 680 1406 749 τέλμασιν
1433 698 1445 712 ·
1472 684 1561 735 καὶ
1586 683 1694 753 γὰρ
1723 679 1792 754 ἦν

221 765 564 832 ἀναγνώσεσι
589 766 873 836 προσέχων
900 768 1021 822 ἀντὶ
1053 772 1320 839 παιγνίων
1347 788 1358 800 ·
1391 772 1448 824 έν
1490 789 1549 825 τε
1586 774 1788 844 ἐκκλη-

223 855 368 919 σίαις
420 856 800 927 προσεδρεύων
833 859 954 913 ἀντὶ
1003 861 1376 933 θεάτρων,καὶ
1444 867 1500 917 ἐν
1551 865 1791 934 σεμνίοις

223 949 694 1020 ἀναστρεφόμενος
719 951 842 1003 ἀντὶ
875 953 1126 1024 ἀσὲμνων
1171 956 1534 1024 καταγωγίων
1559 972 1574 987 ο
1608 958 1699 1009 καί
1725 975 1786 1025 γε

220 1041 280 1092 τὸ
311 1041 853 1114 ἀξιεπαινετὼτερον,
887 1046 1268 1116 ἐξαγορεύσεις
1332 1050 1651 1119 ποιούμενος
1681 1052 1788 1106 τῶν

219 1133 465 1202 κρυφίων
490 1132 586 1187 τοῦ
628 1134 722 1188 νοῦ
767 1138 1082 1208 κινημάτων
1114 1158 1173 1194 τε
1207 1142 1301 1194 καὶ
1343 1143 1640 1213 δραμάτων
1681 1146 1789 1197 τινὶ

215 1224 327 1276 τῶν
386 1224 848 1295 καθηγουμένωνο
880 1229 907 1281 ὃ
954 1229 1055 1300 τῆς
1103 1232 1201 1300 μὲν
1243 1233 1452 1287 ἐκείνου
1510 1235 1787 1304 φιλοθετας

219 1315 431 1384 ὑπῆρχε
469 1315 758 1385 σύμϐολον,
785 1318 878 1371 τοῦ
907 1319 961 1372 δὲ
994 1320 1094 1390 τὴν
1117 1321 1468 1393 ὲξαγόρευσιν
1496 1327 1786 1396 δεχομένου

219 1405 556 1474 κατέπληττε
579 1406 678 1477 τὴν
705 1407 968 1473 διάνοιαν,
998 1411 1359 1479 τελειωτικῶς
1391 1417 1695 1486 γινόμενον.

284 1502 356 1566 η’.
393 1495 557 1549 Ὅθεν
595 1497 808 1569 ἐπάρας
842 1500 902 1552 τὸ
948 1501 1050 1571 τῆς
1086 1502 1323 1567 διανοίας
1363 1506 1516 1576 ὄμμα
1559 1508 1650 1560 ἐπὶ
1688 1509 1787 1573 τὰς

217 1584 326 1636 τῶν
364 1584 546 1638 άῖδίων
607 1586 844 1658 θεωρίας
872 1628 886 1654 ,
935 1591 1029 1642 καὶ
1071 1590 1150 1661 τῷ
1218 1593 1426 1646 ἐκεῖθεν
1484 1597 1784 1668 πτερωθεὶς

219 1674 406 1744 ἔρωτι,
446 1676 806 1730 σϐέννυσιτδν
867 1680 1016 1734 κάτω
1075 1680 1258 1746 πόθον,
1289 1684 1380 1736 καὶ
1427 1689 1570 1738 ποιεῖ
1608 1689 1666 1739 τὸ
1686 1687 1781 1740 τοῦ

217 1765 362 1818 θείου
406 1766 696 1820 Ἀντωνίου
729 1770 757 1820 ὁ
790 1768 1110 1836 θαυμάσιος.
1143 1774 1327 1828 Πάντα
1352 1777 1459 1847 γὰρ
1493 1778 1782 1851 διαπιπρά-

219 1871 314 1918 σας
346 1856 444 1906 σὺν
467 1856 605 1926 αὐτῇ
637 1859 701 1926 τῇ
733 1863 971 1930 πατρικῇ
995 1861 1173 1932 ἑστίᾳ,
1205 1863 1299 1916 καὶ
1329 1869 1562 1935 πτωχοῖς
1587 1867 1783 1921 διανεί-

218 1960 342 2011 μας,
384 1945 509 2008 τούς
535 1963 594 1999 τε
623 1949 842 2012 οἰκέτας
887 1949 1278 2022 ἐλευθερώσας,
1345 1957 1439 2009 καὶ
1466 1960 1586 2022 ταῖς
1631 1959 1782 2014 δυσὶν

213 2037 464 2104 ἀδελφαῖς
493 2039 696 2109 βραχέα
713 2041 835 2095 τινὰ
861 2043 1212 2113 καταλείψας,
1255 2045 1479 2112 ἔξεισιν·
1516 2050 1783 2121 Ἀϐραμι-

213 2129 305 2199 aia
333 2129 612 2199 προθέσει,
643 2131 744 2183 οὐκ
777 2132 858 2194 εἰς
887 2133 985 2196 τὰς
1015 2135 1247 2203 ἐγγύθεν
1289 2143 1481 2208 κώμας
1502 2139 1778 2211 ἀσκήσων,

212 2221 325 2273 ἀλλ’
353 2216 458 2274 ὧδέ
503 2239 607 2274 που
632 2223 850 2293 μακρὰν
869 2225 1224 2296 ἁποδραμῶν,
1251 2231 1310 2282 ἐν
1329 2233 1441 2293 τοῖς
1461 2231 1554 2284 τοῦ
1579 2232 1703 2286 Ὀλύ
1711 2251 1779 2302 μ-

211 2327 313 2363 που
345 2313 558 2382 μέρεσι,
591 2312 736 2364 κατὰ
763 2313 854 2365 τὸν
886 2315 1273 2386 ὐποδειχθέντα
1308 2320 1455 2392 αὐτῷ
1483 2325 1633 2393 παρά
1673 2341 1780 2378 τινι

208 2403 314 2454 τῶν
348 2405 408 2456 ἐν
447 2402 599 2456 ἄστει
647 2404 1088 2476 ἁρχιμανδριτῶν
1130 2408 1297 2462 τόπον
1336 2411 1430 2466 καὶ
1459 2413 1651 2485 ἄνδρα,
1684 2415 1777 2468 τοῦ

209 2493 310 2558 μὲν
363 2493 675 2564 Συμϐόλους
725 2495 1181 2566 ἐπικεκλημένοι),
1218 2500 1312 2553 τοῦ
1369 2502 1426 2554 δὲ
1456 2503 1776 2560 Θεοκτίστου

205 2583 708 2654 ἐπονομαζομένου,
749 2581 811 2641 οὖ
839 2590 868 2641 ὁ
927 2589 1129 2661 τρόπος
1190 2591 1414 2660 ἀγαθὸς,
1440 2594 1500 2647 τό
1534 2613 1592 2648 τε
1622 2601 1777 2664 γένος

209 2672 595 2743 περίϐλεπτον,
629 2676 726 2729 καὶ
762 2677 823 2730 τὸ
877 2679 1032 2742 τέλος
1082 2682 1250 2737 ὅσιον.
1299 2683 1444 2736 Ἀλλ’
1472 2684 1559 2738 οἵα
1608 2688 1701 2740 καὶ
1741 2689 1775 2759 η

207 2763 591 2834 ἀναχώρησιςς
633 2767 867 2838 Μνήμης
897 2771 980 2823 ὅτι
1019 2771 1254 2839 μάλιστα
1281 2775 1406 2845 ἐμοὶ
1437 2777 1583 2842 ἀξία,
1607 2778 1774 2832 ἀκού-

205 2861 325 2912 ουσί
364 2876 424 2912 τε
454 2861 800 2927 κατανύξεως
839 2864 1038 2934 ἔχουσα
1060 2868 1350 2937 φάρμακον
1374 2885 1388 2899 ’
1415 2871 1523 2925 άπὸ
1545 2873 1652 2943 γὰρ
1676 2874 1774 2943 τῆς

207 2952 467 3024 πατρίδος
516 2954 736 3018 ἀπάρας
784 2955 1044 3026 μεθ’ἐνὸς
1088 2958 1498 3030 θυμηρεστάτου
1537 2964 1771 3032 οἰκέτου,

211 3046 305 3097 καὶ
328 3045 471 3098 κατὰ
519 3047 646 3110 τοὺς
684 3047 1007 3117 λεγομένους
1057 3051 1310 3116 Βασιλεῖς
1357 3053 1632 3124 ἐφθακὼς,
1670 3058 1775 3112 ὑπό
1800 3083 1842 3142 c

209 3150 267 3188 τε
294 3135 507 3205 λόχμην
531 3136 655 3189 τινὰ
680 3139 882 3205 εἰσδὺς,
911 3141 1082 3211 κείρει
1117 3145 1217 3213 μὲν
1248 3143 1345 3216 τὴν
1369 3145 1548 3218 κόμην
1568 3148 1645 3201 τὼ
1665 3152 1776 3220 χεῖ-

212 3243 271 3297 ρε
296 3225 392 3280 τοῦ
417 3229 716 3299 ἑπομένου,
756 3232 1232 3300 μετενδιδύσκεται
1259 3235 1316 3290 δέ
1353 3239 1453 3308 τὴν
1497 3241 1662 3308 φαιὰν
1689 3243 1777 3296 ἐσ-

210 3317 369 3388 θῆτα,
417 3318 492 3382 ὥς
524 3337 646 3374 τινα
690 3324 1020 3394 πορφυρίδα.
1066 3327 1174 3379 Καὶ
1213 3327 1273 3380 τὸ
1316 3329 1498 3400 ὅραμα
1548 3333 1774 3403 ήλίκονς

210 3408 317 3461 Τοῦ
369 3409 470 3478 μὲν
517 3413 909 3482 χωριζομένου,
965 3415 1060 3469 καὶ
1110 3417 1292 3472 οίκαδε
1333 3422 1608 3476 ἐπανιέναι
1638 3427 1775 3494 μετὰ

209 3500 314 3552 τῶν
373 3504 866 3572 άπαμφιασμάτων
927 3514 1418 3580 παρεγγυωμένου,
1452 3516 1555 3568 κάν
1598 3517 1773 3590 τούτῳ

210 3589 447 3660 θρήνοις,
477 3592 552 3655 ὼς
582 3591 644 3644 τὸ
662 3593 829 3658 εἰκὸς,
856 3593 1183 3666 βαλλομένου
1222 3601 1310 3655 διὰ
1333 3604 1429 3674 τὴν
1454 3603 1778 3679 δεσποτικὴν

214 3682 462 3752 στέρησιν
486 3699 500 3713 ο
536 3682 692 3737 τοῦδε
747 3688 1059 3754 μονωτάτου
1111 3692 1250 3760 μετὰ
1292 3693 1426 3747 Θεοῦ
1459 3697 1779 3763 ἐγκαταλει-

209 3767 452 3842 φθέντος,
515 3775 654 3848 ὑπὲρ
708 3770 769 3830 οὗ
817 3779 911 3831 καὶ
944 3779 1015 3832 δι’
1041 3780 1100 3835 δν
1145 3783 1204 3836 τὸ
1235 3784 1440 3855 δρᾶμα.
1469 3784 1720 3853 Τοιοῦτος
1747 3791 1778 3843 ό

207 3865 347 3928 Gaio;
371 3866 532 3936 ἔρως,
564 3867 786 3921 πάντων
819 3868 1047 3933 ἐξιστῶν
1077 3873 1169 3928 τὸν
1198 3875 1452 3948 ἐραστὴν,
1490 3880 1584 3932 καὶ
1644 3882 1772 3952 περὶ

204 3957 364 4010 αὐτὸν
426 3959 592 4028 μόνον
659 3959 908 4026 συνάγων
957 3963 1058 4034 τὴν
1113 3964 1300 4034 ἔφεσιν
1370 3970 1767 4042 πυρπολουμέ-

205 4064 300 4117 νην

790 4193 1042 4250 ΚΕΦΔΔ.
1105 4197 1181 4251 B'.

1892 497 2452 571 Opulentioribusqtte.
2487 502 2592 558 Sed
2623 506 2840 564 divinus
2893 526 3070 581 amor,
3123 530 3284 586 quem
3340 520 3455 590 ipso

1892 604 2026 645 usus
2061 591 2295 647 consilio
2322 594 2530 650 meliori
2561 598 2664 653 sibi
2706 605 3049 671 accenderat,
3082 623 3188 664 non
3247 615 3454 680 permi-

1892 681 1962 736 sit
2005 691 2065 737 ut
2095 685 2373 741 smcularis
2406 687 2528 743 vita:
2589 691 2819 750 salebris
2871 696 3183 756 inhaereret.
3236 703 3450 761 Etenim

1891 772 2156 830 lectiones
2179 791 2277 846 pro
2303 777 2470 843 ludis,
2502 783 2763 841 ecclesias
2803 802 2901 857 pro
2957 790 3204 860 theatris,
3265 812 3453 852 mona-

1889 863 2052 916 steria
2077 879 2176 933 pro
2201 869 2592 926 conventiculis
2623 874 3017 942 impudicorum
3050 880 3330 940 hominum
3347 886 3454 942 l‘re-

1887 953 2182 1017 quentabat
2217 971 2230 1008 :
2265 966 2318 1007 et
2354 956 2496 1026 quod
2538 957 2866 1019 laudabilius
2893 975 2995 1032 est,
3023 968 3452 1039 ltegumenorum

1888 1041 2105 1096 cuidam
2139 1045 2386 1100 occultos
2415 1048 2582 1103 animi
2607 1052 2690 1106 sui
2723 1064 2904 1111 motus
2935 1057 3270 1132 alfectusque
3318 1081 3452 1121 con-

1889 1135 2046 1188 titens
2073 1175 2088 1200 ,
2121 1136 2392 1205 praebebat
2416 1139 2502 1194 sui
2541 1156 2668 1212 erga
2707 1142 2874 1200 Deum
2930 1152 3132 1207 amoris
3188 1153 3450 1212 indicium

1888 1225 2278 1295 manifestum;
2311 1230 2682 1290 confessiones
2731 1252 2862 1293 vero
2895 1242 3205 1300 audientem
3259 1248 3450 1319 imple-

1887 1315 1981 1369 bat
2005 1317 2364 1375 admiratione
2386 1331 2494 1376 tam
2526 1339 2917 1385 consummata:
2964 1315 3342 1403 perfectionis.

1957 1491 2011 1547 8.
2044 1495 2183 1550 Hinc
2249 1513 2344 1568 per
2402 1514 2791 1576 perpurgatum
2851 1512 3050 1568 mentis
3105 1517 3327 1574 oculum
3375 1521 3446 1577 ad

1885 1587 2344 1654 sempiternarum
2377 1607 2556 1648 rerum
2587 1601 3102 1670 contemplationem
3130 1609 3444 1680 sublevans,

1886 1673 2208 1745 illarumque
2239 1694 2503 1739 accensus
2536 1700 2743 1753 amore,
2774 1699 3050 1749 terrenum
3101 1713 3262 1753 omne
3302 1702 3446 1758 desi-

1815 1742 1856 1800 Β
1887 1763 2096 1818 dei-ium
2121 1742 2393 1824 exstinxit
2420 1788 2435 1838 ;
2473 1782 2528 1826 et
2560 1775 2805 1831 divinum
2845 1779 3092 1839 imitatus
3117 1784 3442 1851 Antonium,

1883 1856 2174 1914 divenditis
2199 1862 2471 1929 omnibus,
2500 1882 2604 1921 una
2636 1884 2759 1923 cum
2791 1884 3022 1940 paterno
3053 1875 3165 1931 lare
3193 1888 3247 1933 et
3270 1883 3445 1938 servis

1883 1946 2131 2004 libertate
2155 1950 2390 2018 donatis,
2433 1956 2693 2025 majorem
2729 1962 2948 2029 quidem
2976 1975 3181 2035 partem
3244 1970 3440 2026 distri-

1883 2037 2000 2091 buit
2051 2042 2415 2110 pauperibus;
2467 2046 2681 2104 duabus
2750 2062 2929 2107 autem
2988 2059 3269 2115 sororibus
3327 2064 3443 2119 suis

1889 2129 2164 2186 modicum
2197 2135 2325 2199 quid
2357 2136 2608 2206 reliquit;
2641 2150 2695 2193 et
2731 2141 3065 2199 Abrahamia
3115 2152 3445 2220 prontptitu-

1881 2220 2008 2276 diue
2035 2224 2224 2287 exivit,
2265 2241 2373 2280 nou
2407 2227 2458 2283 in
2495 2230 2698 2286 vicinas
2733 2234 2909 2301 villas,
2951 2241 3296 2298 exerciturus
3352 2261 3442 2299 se-

1882 2317 2091 2386 ipsum;
2121 2321 2214 2376 sed
2241 2321 2453 2390 longius
2480 2324 2749 2380 abscurrit
2797 2329 2848 2381 in
2891 2341 3070 2397 partes
3100 2333 3306 2406 Olympi
3340 2339 3440 2410 (5),

1881 2408 1947 2461 ad
1983 2409 2156 2464 virum
2189 2411 2494 2482 locumque,
2527 2419 2596 2469 ab
2621 2418 2803 2487 aliquo
2836 2435 3025 2474 eorum
3057 2425 3152 2492 qui
3200 2427 3253 2481 in
3306 2408 3448 2484 urbe.

1876 2509 2036 2554 erant
2080 2502 2634 2559 archimandritarum
2687 2508 2791 2564 sibi
2861 2521 3247 2588 monstratum.
3297 2517 3441 2576 Loco

1879 2591 2248 2660 symbolorum
2281 2594 2380 2664 (6),
2412 2596 2528 2650 viro
2559 2595 2855 2653 Theoctisti
2886 2616 3080 2656 nomen
3112 2616 3248 2674 erat,
3284 2611 3442 2681 cujus

1878 2684 1988 2736 vita
2021 2685 2212 2753 proba,
2246 2701 2418 2755 genus
2439 2687 2665 2753 illustre,
2696 2691 2877 2746 exitus
2903 2704 3127 2752 sanctus
3146 2697 3268 2754 fuit.
3299 2702 3444 2769 Qua-

1877 2775 1944 2830 lis
1972 2785 2152 2829 autem
2180 2777 2456 2835 discessus
2491 2779 2735 2836 Platonis
2767 2799 2796 2836 e
2827 2786 2999 2853 patria
3051 2788 3237 2857 fuerit,
3308 2796 3440 2850 mihi

1876 2868 2094 2938 quidem
2129 2870 2395 2926 memoria
2433 2872 2684 2941 dignum,
2720 2876 3070 2934 audientibus
3098 2896 3230 2937 vero
3289 2901 3440 2941 com-

1876 2960 2190 3028 punctionis
2221 2971 2601 3030 argumentum
2639 2961 2757 3018 fore
2787 2965 3020 3033 videtur,
3065 2970 3109 3024 si
3145 2987 3437 3042 exponam.

1876 3050 2055 3105 Abivit
2080 3067 2201 3105 cum
2240 3067 2350 3106 uno
2386 3053 2501 3108 solo
2538 3055 2860 3111 charissima
2883 3058 3106 3126 famulo,
3137 3072 3190 3118 et
3220 3066 3284 3119 ad
3313 3083 3438 3122 eum

1875 3143 2198 3212 perveniens
2214 3143 2390 3198 locum
2415 3146 2507 3214 qui
2528 3144 2702 3216 Reges
2718 3148 2934 3216 dicitur,
2948 3161 3110 3221 atque
3125 3154 3439 3222 speluncam

1876 3237 2166 3304 quamdam
2201 3237 2529 3306 ingrediens,
2571 3241 2852 3294 casariem
2882 3257 3036 3297 suam
3067 3247 3254 3301 comiti
3302 3265 3445 3318 prat-t

1876 3327 1993 3382 buit
2023 3328 2442 3396 attondendam;
2477 3329 2672 3384 deinde
2699 3332 2844 3400 pulla
2879 3344 3026 3388 veste
3061 3351 3120 3390 se
3173 3341 3435 3405 amicivit,

1875 3427 2132 3488 tanquam
2167 3419 2211 3475 si
2243 3435 2542 3490 purpuram
2578 3422 2863 3479 induisset.
2901 3425 3071 3492 Quale
3108 3441 3286 3485 autem
3323 3449 3438 3502 spe-

1875 3510 2166 3573 ctaculum,
2201 3526 2323 3565 cum
2358 3525 2500 3566 unus
2553 3513 2770 3582 quidem
2826 3530 3168 3583 recessurus,
3215 3520 3436 3588 jubere-

1876 3611 1966 3656 tur
1995 3602 2170 3655 redire
2207 3601 2428 3657 domum
2460 3618 2585 3658 cum
2630 3607 2889 3672 vestibus,
2923 3617 2977 3662 et
3027 3609 3169 3674 ideo,
3226 3622 3283 3666 ut
3342 3630 3438 3682 par

1874 3700 2028 3756 erat,
2062 3691 2478 3762 perfunderetur
2517 3693 2793 3765 lacrymis,
2843 3697 3068 3752 domino
3108 3715 3210 3754 suo
3235 3705 3435 3771 privari

1873 3780 2095 3846 dolens;
2128 3781 2262 3834 alter
2292 3796 2418 3835 vero
2450 3782 2877 3852 relinqueretur,
2918 3788 3069 3843 solus
3118 3807 3241 3845 cum
3303 3792 3434 3857 Deo,

1872 3882 2088 3942 propter
2125 3887 2286 3940 quem
2319 3889 2405 3928 res
2444 3883 2555 3927 tota
2590 3877 2873 3944 agebatur.
2904 3877 3055 3935 Talis
3109 3884 3298 3951 utique
3353 3895 3434 3940 est

1873 3963 2091 4017 divinus
2121 3976 2297 4028 amor,
2337 3963 2591 4019 onmibus
2624 3965 2787 4022 rebus
2841 3971 3111 4039 exspoliat
3161 3983 3432 4028 amantem

1873 4069 1925 4116 ct
1952 4060 2020 4115 ad
2046 4075 2105 4114 se
2134 4059 2310 4114 solum
2344 4059 2512 4115 trahit
2541 4061 2825 4118 incensum
2885 4065 3034 4122 illius
3072 4067 3426 4126 desiderium.

2534 4200 2689 4258 CAP.
2721 4201 2785 4258 ll.

1293 4316 1414 4372 Vita
1452 4323 1766 4389 monastica,
1796 4325 2049 4380 virtutum
2081 4322 2354 4377 exercitia.

273 4425 334 4480 θ’.
376 4424 604 4496 Ἐπειδὴ
641 4423 698 4478 δέ
759 4429 1022 4498 φοιτήσας
1081 4429 1219 4499 πρὸς
1278 4430 1369 4483 τὸν
1416 4432 1771 4504 παιδοτρίϐην

1945 4432 2240 4504 Postquam
2279 4442 2459 4487 autem
2495 4433 2560 4487 ad
2593 4434 2911 4504 magistrum
2947 4438 3200 4504 venisset,
3267 4451 3429 4512 atque

202 4518 477 4590 ἠρωτήθη,
508 4518 663 4580 ὅστις
694 4516 800 4586 εἴη,
832 4519 927 4571 καὶ
987 4519 1108 4573 ὅθεν
1159 4522 1438 4593 ὥρμηται,
1500 4525 1592 4576 καὶ
1643 4525 1764 4578 ὅτου

204 4611 361 4684 χάριν
392 4613 427 4682 ἡ
483 4609 775 4680 ἐπιδημία,
807 4610 1024 4679 εὐαγεῖς
1054 4614 1191 4684 πρὸς
1224 4615 1460 4688 ἑκάστην
1495 4616 1603 4670 τῶν
1632 4618 1767 4687 ἐρω.

202 4706 409 4775 τήσεων
439 4703 538 4766 τὰς
564 4702 883 4772 ἀποκρίσεις
912 4703 1081 4757 ἐδίδου
1112 4722 1127 4736 ο
1161 4708 1254 4760 τοῦ
1280 4707 1337 4762 δὲ
1383 4709 1764 4781 μεμαθηκότος

201 4797 300 4864 τήν
328 4811 386 4847 τε
420 4793 679 4864 πατρίδα,
704 4793 764 4845 τὸ
788 4793 963 4861 γένος,
982 4796 1076 4849 καὶ
1098 4798 1198 4866 τὴν
1226 4799 1560 4868 ἀνατροφήνο
1594 4799 1760 4853 Οῠπω

207 4884 428 4955 ίσχύεις,
461 4885 648 4954 φησὶν,
679 4884 735 4936 ἐν
767 4883 892 4954 τῇδε
915 4887 980 4954 τῇ
1005 4884 1149 4939 θέσει
1197 4887 1292 4940 τοῦ
1350 4889 1538 4954 τόπου,
1595 4890 1759 4960 σκλη-

1871 4527 2261 4594 interrogatus,
2294 4524 2436 4592 quis,
2467 4525 2631 4590 unde,
2679 4541 2786 4594 qua
2823 4541 2986 4582 causa
3018 4532 3245 4599 veniret,
3308 4549 3429 4605 apte

1872 4618 2239 4686 respomlisset
2263 4614 2328 4668 ad
2384 4613 2635 4683 singula;
2696 4614 2784 4667 ille
2836 4616 3088 4684 patriam,
3158 4636 3328 4690 genus
3375 4633 3430 4679 et

1871 4706 2243 4760 educationem
2277 4704 2526 4757 edoctus.
2556 4703 2673 4758 Non
2705 4707 2931 4773 poteris,
2961 4707 3159 4778 inquit,
3220 4712 3273 4766 in
3329 4714 3430 4770 hac

1871 4799 2112 4866 regione,
2146 4795 2284 4849 haud
2310 4810 2498 4863 parum
2517 4810 2730 4863 aspera,
2763 4800 3123 4854 monasticum
3158 4805 3427 4862 sustinere

1870 4890 2129 4943 laborem.
2168 4888 2265 4941 Cui
2298 4887 2499 4942 Christi
2540 4888 2690 4958 pugil
2722 4905 2737 4942 :
2768 4887 2982 4958 Omnia,
3033 4890 3212 4964 Pater,
3269 4899 3426 4954 trado

1717 5023 1944 5079 NOTIE.

270 5131 347 5204 (5)
395 5151 414 5214 ι
449 5132 508 5186 S.
544 5129 866 5214 Joantticius
916 5134 1000 5214 (ut
1031 5134 1084 5188 in
1136 5134 1259 5214 ejus
1288 5134 1407 5189 Vita
1433 5136 1466 5190 ι
1497 5135 1756 5214 Novemb.

205 5200 416 5275 legitur)
453 5215 577 5275 cum
610 5200 1118 5275 vidissettnOntem,
1167 5200 1260 5274 qui
1319 5206 1684 5275 supereminet
1730 5225 1757 5259 ιι

205 5271 423 5328 «lextera
453 5271 743 5352 Bithyniae,
769 5272 858 5340 qui
902 5275 1043 5353 apud
1088 5271 1438 5354 nos'vocatur
1477 5274 1758 5354 Olympus,

204 5343 451 5410 concepit
489 5344 674 5425 animo
696 5343 1132 5422 vitamquietam
1164 5354 1215 5397 ct
1239 5343 1760 5425 amantejy‘sotitu-

205 5415 370 5468 diuis.
408 5431 426 5463 ›
463 5413 535 5466 De
561 5426 628 5465 eo
662 5411 881 5481 locoAagi
907 5411 1120 5466 constat
1147 5429 1209 5468 ex
1239 5413 1354 5469 Vita
1389 5416 1445 5468 S.
1468 5416 1758 5481 Theodori,

207 5486 293 5538 ubi
333 5483 604 5544 monachi,
636 5482 728 5547 qui
764 5476 973 5552 Olimpi
1000 5493 1178 5552 partes
1228 5486 1492 5549 incolunt,
1542 5485 1606 5538 ad
1637 5476 1759 5540 eum

207 5556 273 5608 ah
299 5553 488 5605 exsilio
519 5554 774 5605 reduCem
815 5552 868 5605 in
911 5551 1159 5619 Bithynia
1193 5563 1556 5610 accesserunt.
1588 5554 1642 5608 ln
1672 5571 1763 5608 ea-

209 5624 326 5677 dem
365 5624 476 5676 Vita
505 5622 712 5674 dicitur
745 5619 800 5673 S.
834 5619 987 5674 Plato
1015 5637 1046 5673 ιι
1086 5627 1286 5678 teneris
1312 5625 1474 5679 anuis
1524 5634 1759 5679 montem

209 5693 412 5761 Olympi
445 5691 745 5743 incoluisse

401 5784 685 5841 ΡΑτιιοι..
727 5780 839 5836 Gtt.
889 5778 1114 5838 XCIX.

1939 5139 2014 5214 (6)_
2042 5137 2245 5214 Colitur
2280 5137 2341 5190 2|
2387 5137 2546 5214 Febr.
2598 5147 2820 5214 sanctus
2851 5138 3191 5214 Timotheus,
3228 5143 3320 5214 qui
3372 5145 3425 5202 iu

1869 5208 2141 5278 Symbolis
2181 5209 2342 5260 vitam
2370 5208 2804 5262 anachoreticam
2835 5209 3009 5266 duxit.
3027 5208 3280 5278 Ejusdem
3315 5229 3428 5267 mo-

1869 5280 2086 5331 nasterii
2133 5278 2271 5331 facta
2305 5287 2386 5330 est
2430 5278 2633 5351 Intentio
2678 5279 2765 5332 die
2815 5281 2970 5334 tertia
3001 5283 3276 5351 Aprilisin
3307 5281 3424 5338 Vita

1869 5347 1928 5399 S.
1962 5348 2184 5419 Νἰεειιιι,
2213 5364 2362 5400 num.
2397 5363 2455 5399 ιι.
2483 5348 2852 5419 Quodautem
2889 5351 2973 5404 hic
3007 5347 3216 5419 legatur
3243 5353 3427 5408 Graece

1868 5419 1958 5469 τοῦ
1997 5418 2299 5486 Συμόόλους
2328 5418 2780 5491 ἐπικεκλημένοι),
2817 5435 2922 5472 non
2975 5418 3289 5491 Συμϐόλων,
3351 5425 3424 5476 uti

1869 5487 1992 5541 istic
2015 5489 2230 5557 legitur,
2259 5504 2359 5540 nos
2394 5488 2741 5556 suspicamur
2767 5503 2886 5542 esse
2914 5487 3168 5545 mendum
3195 5493 3424 5557 librarii,

1871 5572 1993 5611 cum
2021 5561 2228 5627 primus
2271 5559 2373 5617 iste
2404 5559 2672 5626 genitivus
2711 5573 2738 5610 a
2796 5559 2945 5612 nullo
2984 5563 3315 5616 nominativo
3344 5578 3412 5616 re-

1869 5627 2125 5694 gulariter
2167 5629 2290 5681 duci
2325 5629 2513 5694 possit.

3038 5783 3111 5840 ‘26
