  <div class='ocr_page' id='page_1' title='image "/cluster/home/n/w/nwhite01/storage/ocr_20150623/99/pst.000005714063/457.png"; bbox 0 0 4018 6304; ppageno 0'>
   <div class='ocr_carea' id='block_1_1' title="bbox 624 327 723 395">
    <p class='ocr_par' dir='ltr' id='par_1_1' title="bbox 624 327 723 395">
     <span class='ocr_line' id='line_1_1' title="bbox 624 327 723 395; baseline 0.01 -1"><span class='ocrx_word' id='word_1_1' title='bbox 624 327 723 395; x_wconf 76' lang='lat'><strong>811</strong></span> 
     </span>
    </p>
   </div>
   <div class='ocr_carea' id='block_1_2' title="bbox 1776 320 2657 388">
    <p class='ocr_par' dir='ltr' id='par_1_2' title="bbox 1776 320 2657 388">
     <span class='ocr_line' id='line_1_2' title="bbox 1776 320 2657 388; baseline 0.001 -3"><span class='ocrx_word' id='word_1_2' title='bbox 1776 324 1840 388; x_wconf 91' lang='lat' dir='ltr'><strong>S.</strong></span> <span class='ocrx_word' id='word_1_3' title='bbox 1877 320 2262 385; x_wconf 77' lang='lat' dir='ltr'><strong>THEODORI</strong></span> <span class='ocrx_word' id='word_1_4' title='bbox 2315 321 2657 386; x_wconf 77' lang='lat' dir='ltr'><strong>STUDIT/E</strong></span> 
     </span>
    </p>
   </div>
   <div class='ocr_carea' id='block_1_3' title="bbox 3746 326 3858 391">
    <p class='ocr_par' dir='ltr' id='par_1_3' title="bbox 3746 326 3858 391">
     <span class='ocr_line' id='line_1_3' title="bbox 3746 326 3858 391; baseline 0 0"><span class='ocrx_word' id='word_1_5' title='bbox 3746 326 3858 391; x_wconf 76' lang='lat'><strong>812</strong></span> 
     </span>
    </p>
   </div>
   <div class='ocr_carea' id='block_1_4' title="bbox 623 423 2170 510">
    <p class='ocr_par' dir='ltr' id='par_1_4' title="bbox 623 433 2170 508">
     <span class='ocr_line' id='line_1_4' title="bbox 623 433 2170 508; baseline -0.007 -10"><span class='ocrx_word' id='word_1_6' title='bbox 623 440 740 508; x_wconf 85' lang='lat' dir='ltr'><strong>tibi;</strong></span> <span class='ocrx_word' id='word_1_7' title='bbox 768 448 1021 504; x_wconf 79' lang='lat' dir='ltr'><strong>mentem,</strong></span> <span class='ocrx_word' id='word_1_8' title='bbox 1052 449 1274 508; x_wconf 88' lang='lat' dir='ltr'><strong>corpus,</strong></span> <span class='ocrx_word' id='word_1_9' title='bbox 1304 443 1360 492; x_wconf 90' lang='lat' dir='ltr'><strong>et</strong></span> <span class='ocrx_word' id='word_1_10' title='bbox 1393 433 1749 501; x_wconf 81' lang='lat' dir='ltr'><strong>voluntatem,</strong></span> <span class='ocrx_word' id='word_1_11' title='bbox 1782 443 1951 498; x_wconf 88' lang='lat' dir='ltr'><strong>utere,</strong></span> <span class='ocrx_word' id='word_1_12' title='bbox 2002 443 2065 488; x_wconf 90' lang='lat' dir='ltr'><strong>ut</strong></span> <span class='ocrx_word' id='word_1_13' title='bbox 2087 433 2170 487; x_wconf 88' lang='lat' dir='ltr'><strong>tu-</strong></span> 
     </span>
    </p>
   </div>
   <div class='ocr_carea' id='block_1_5' title="bbox 2268 423 3857 510">
    <p class='ocr_par' dir='ltr' id='par_1_5' title="bbox 2284 423 3857 510">
     <span class='ocr_line' id='line_1_5' title="bbox 2284 423 3857 510; baseline 0.004 -24"><span class='ocrx_word' id='word_1_14' title='bbox 2284 449 2434 504; x_wconf 89' lang='grc' dir='ltr'>ραγω</span> <span class='ocrx_word' id='word_1_15' title='bbox 2446 423 2560 504; x_wconf 81' lang='grc' dir='ltr'>γίαν</span> <span class='ocrx_word' id='word_1_16' title='bbox 2576 434 2636 488; x_wconf 88' lang='grc' dir='ltr'><strong>οὑ</strong></span> <span class='ocrx_word' id='word_1_17' title='bbox 2655 434 2753 506; x_wconf 76' lang='grc' dir='ltr'>τὴν</span> <span class='ocrx_word' id='word_1_18' title='bbox 2775 433 3042 506; x_wconf 80' lang='grc' dir='ltr'><strong>τυχοῦσαν</strong></span> <span class='ocrx_word' id='word_1_19' title='bbox 3070 437 3293 510; x_wconf 80' lang='grc' dir='ltr'>ἐχούσῃ,</span> <span class='ocrx_word' id='word_1_20' title='bbox 3310 438 3402 493; x_wconf 73' lang='grc' dir='ltr'><strong>τδν</strong></span> <span class='ocrx_word' id='word_1_21' title='bbox 3435 437 3599 492; x_wconf 87' lang='grc' dir='ltr'>κόπον</span> <span class='ocrx_word' id='word_1_22' title='bbox 3628 436 3723 491; x_wconf 75' lang='grc' dir='ltr'>τοῦ</span> <span class='ocrx_word' id='word_1_23' title='bbox 3756 456 3857 509; x_wconf 89' lang='grc' dir='ltr'>μο-</span> 
     </span>
    </p>
   </div>
   <div class='ocr_carea' id='block_1_6' title="bbox 623 524 2179 594">
    <p class='ocr_par' dir='ltr' id='par_1_6' title="bbox 623 524 2179 594">
     <span class='ocr_line' id='line_1_6' title="bbox 623 524 2179 594; baseline -0.006 -5"><span class='ocrx_word' id='word_1_24' title='bbox 623 536 713 589; x_wconf 90' lang='lat' dir='ltr'><strong>bet</strong></span> <span class='ocrx_word' id='word_1_25' title='bbox 740 531 948 588; x_wconf 83' lang='lat' dir='ltr'><strong>famulo</strong></span> <span class='ocrx_word' id='word_1_26' title='bbox 980 540 1098 594; x_wconf 91' lang='lat' dir='ltr'><strong>tuo,</strong></span> <span class='ocrx_word' id='word_1_27' title='bbox 1145 533 1198 586; x_wconf 92' lang='lat' dir='ltr'><strong>in</strong></span> <span class='ocrx_word' id='word_1_28' title='bbox 1237 528 1456 586; x_wconf 89' lang='lat' dir='ltr'><strong>cunctis</strong></span> <span class='ocrx_word' id='word_1_29' title='bbox 1479 528 1831 583; x_wconf 92' lang='lat' dir='ltr'><strong>obsecuturo.</strong></span> <span class='ocrx_word' id='word_1_30' title='bbox 1871 524 1917 582; x_wconf 89' lang='grc' dir='ltr'>Ο</span> <span class='ocrx_word' id='word_1_31' title='bbox 1940 526 2179 581; x_wconf 82' lang='lat' dir='ltr'><strong>admira-</strong></span> 
     </span>
    </p>
   </div>
   <div class='ocr_carea' id='block_1_7' title="bbox 624 615 2180 693">
    <p class='ocr_par' dir='ltr' id='par_1_7' title="bbox 624 615 2180 693">
     <span class='ocr_line' id='line_1_7' title="bbox 624 615 2180 693; baseline -0.005 -14"><span class='ocrx_word' id='word_1_32' title='bbox 624 624 748 679; x_wconf 86' lang='lat' dir='ltr'><strong>bilis</strong></span> <span class='ocrx_word' id='word_1_33' title='bbox 779 622 1040 693; x_wconf 82' lang='lat' dir='ltr'><strong>pr0positi</strong></span> <span class='ocrx_word' id='word_1_34' title='bbox 1077 620 1336 675; x_wconf 90' lang='lat' dir='ltr'><strong>indicium</strong></span> <span class='ocrx_word' id='word_1_35' title='bbox 1368 620 1381 673; x_wconf 76' lang='grc' dir='ltr'><strong>ι</strong></span> <span class='ocrx_word' id='word_1_36' title='bbox 1432 631 1466 673; x_wconf 94' lang='lat' dir='ltr'><strong>o</strong></span> <span class='ocrx_word' id='word_1_37' title='bbox 1500 616 1855 672; x_wconf 88' lang='lat' dir='ltr'><strong>mirabilioris</strong></span> <span class='ocrx_word' id='word_1_38' title='bbox 1897 615 2180 671; x_wconf 79' lang='lat' dir='ltr'><strong>renuntia-</strong></span> 
     </span>
    </p>
   </div>
   <div class='ocr_carea' id='block_1_8' title="bbox 622 705 2178 785">
    <p class='ocr_par' dir='ltr' id='par_1_8' title="bbox 622 705 2178 785">
     <span class='ocr_line' id='line_1_8' title="bbox 622 705 2178 785; baseline -0.008 -14"><span class='ocrx_word' id='word_1_39' title='bbox 622 716 786 771; x_wconf 88' lang='lat' dir='ltr'><strong>tionis</strong></span> <span class='ocrx_word' id='word_1_40' title='bbox 818 713 1235 785; x_wconf 75' lang='lat' dir='ltr'><strong>argumentum!</strong></span> <span class='ocrx_word' id='word_1_41' title='bbox 1283 710 1447 765; x_wconf 88' lang='lat' dir='ltr'><strong>Istius</strong></span> <span class='ocrx_word' id='word_1_42' title='bbox 1502 708 1745 778; x_wconf 86' lang='lat' dir='ltr'><strong>quidem,</strong></span> <span class='ocrx_word' id='word_1_43' title='bbox 1800 705 1926 776; x_wconf 84' lang='lat' dir='ltr'><strong>quia</strong></span> <span class='ocrx_word' id='word_1_44' title='bbox 1968 706 2022 760; x_wconf 90' lang='lat' dir='ltr'><strong>in</strong></span> <span class='ocrx_word' id='word_1_45' title='bbox 2060 706 2178 777; x_wconf 90' lang='lat' dir='ltr'><strong>ipso</strong></span> 
     </span>
    </p>
   </div>
   <div class='ocr_carea' id='block_1_9' title="bbox 618 797 2179 872">
    <p class='ocr_par' dir='ltr' id='par_1_9' title="bbox 618 797 2179 872">
     <span class='ocr_line' id='line_1_9' title="bbox 618 797 2179 872; baseline -0.006 -11"><span class='ocrx_word' id='word_1_46' title='bbox 618 806 795 861; x_wconf 68' lang='lat' dir='ltr'><strong>aetatis</strong></span> <span class='ocrx_word' id='word_1_47' title='bbox 821 803 975 869; x_wconf 81' lang='lat' dir='ltr'><strong>ﬂore,</strong></span> <span class='ocrx_word' id='word_1_48' title='bbox 999 803 1052 856; x_wconf 89' lang='lat' dir='ltr'><strong>in</strong></span> <span class='ocrx_word' id='word_1_49' title='bbox 1088 816 1347 872; x_wconf 90' lang='lat' dir='ltr'><strong>prospero</strong></span> <span class='ocrx_word' id='word_1_50' title='bbox 1376 813 1635 855; x_wconf 83' lang='lat' dir='ltr'><strong>successu</strong></span> <span class='ocrx_word' id='word_1_51' title='bbox 1693 797 2056 867; x_wconf 78' lang='lat' dir='ltr'><strong>negotiorum,</strong></span> <span class='ocrx_word' id='word_1_52' title='bbox 2082 811 2179 866; x_wconf 86' lang='lat' dir='ltr'><strong>spe</strong></span> 
     </span>
    </p>
   </div>
   <div class='ocr_carea' id='block_1_10' title="bbox 620 887 2177 967">
    <p class='ocr_par' dir='ltr' id='par_1_10' title="bbox 620 887 2177 967">
     <span class='ocr_line' id='line_1_10' title="bbox 620 887 2177 967; baseline -0.006 -17"><span class='ocrx_word' id='word_1_53' title='bbox 620 899 826 967; x_wconf 88' lang='lat' dir='ltr'><strong>optima</strong></span> <span class='ocrx_word' id='word_1_54' title='bbox 867 909 1051 950; x_wconf 85' lang='lat' dir='ltr'><strong>rerum</strong></span> <span class='ocrx_word' id='word_1_55' title='bbox 1087 894 1355 963; x_wconf 82' lang='lat' dir='ltr'><strong>majorum</strong></span> <span class='ocrx_word' id='word_1_56' title='bbox 1387 892 1688 962; x_wconf 88' lang='lat' dir='ltr'><strong>proposita,</strong></span> <span class='ocrx_word' id='word_1_57' title='bbox 1722 887 1927 943; x_wconf 80' lang='lat' dir='ltr'><strong>divitiis</strong></span> <span class='ocrx_word' id='word_1_58' title='bbox 1954 888 2177 942; x_wconf 83' lang='lat' dir='ltr'><strong>aliluen-</strong></span> 
     </span>
    </p>
   </div>
   <div class='ocr_carea' id='block_1_11' title="bbox 621 983 2176 1060">
    <p class='ocr_par' dir='ltr' id='par_1_11' title="bbox 621 983 2176 1060">
     <span class='ocr_line' id='line_1_11' title="bbox 621 983 2176 1060; baseline -0.006 -12"><span class='ocrx_word' id='word_1_59' title='bbox 621 996 788 1060; x_wconf 82' lang='lat' dir='ltr'><strong>tibus,</strong></span> <span class='ocrx_word' id='word_1_60' title='bbox 843 989 1297 1060; x_wconf 79' lang='lat' dir='ltr'><strong>circumfulgente</strong></span> <span class='ocrx_word' id='word_1_61' title='bbox 1320 988 1513 1059; x_wconf 82' lang='lat' dir='ltr'><strong>gloria,</strong></span> <span class='ocrx_word' id='word_1_62' title='bbox 1557 988 1773 1054; x_wconf 76' lang='lat' dir='ltr'><strong>vigente</strong></span> <span class='ocrx_word' id='word_1_63' title='bbox 1826 999 2077 1052; x_wconf 91' lang='lat' dir='ltr'><strong>corpore,</strong></span> <span class='ocrx_word' id='word_1_64' title='bbox 2122 983 2176 1039; x_wconf 93' lang='lat' dir='ltr'><strong>in</strong></span> 
     </span>
    </p>
   </div>
   <div class='ocr_carea' id='block_1_12' title="bbox 618 1075 2181 1156">
    <p class='ocr_par' dir='ltr' id='par_1_12' title="bbox 618 1075 2181 1156">
     <span class='ocr_line' id='line_1_12' title="bbox 618 1075 2181 1156; baseline -0.006 -17"><span class='ocrx_word' id='word_1_65' title='bbox 618 1085 823 1156; x_wconf 82' lang='lat' dir='ltr'><strong>proprii</strong></span> <span class='ocrx_word' id='word_1_66' title='bbox 852 1083 1063 1138; x_wconf 81' lang='lat' dir='ltr'><strong>arbitrii</strong></span> <span class='ocrx_word' id='word_1_67' title='bbox 1092 1081 1422 1137; x_wconf 91' lang='lat' dir='ltr'><strong>constitutus</strong></span> <span class='ocrx_word' id='word_1_68' title='bbox 1480 1079 1749 1143; x_wconf 83' lang='lat' dir='ltr'><strong>libertate,</strong></span> <span class='ocrx_word' id='word_1_69' title='bbox 1810 1076 2003 1131; x_wconf 82' lang='lat' dir='ltr'><strong>habuit</strong></span> <span class='ocrx_word' id='word_1_70' title='bbox 2048 1075 2181 1130; x_wconf 85' lang='lat' dir='ltr'><strong>dile-</strong></span> 
     </span>
    </p>
   </div>
   <div class='ocr_carea' id='block_1_13' title="bbox 616 1166 2175 1244">
    <p class='ocr_par' dir='ltr' id='par_1_13' title="bbox 616 1166 2175 1244">
     <span class='ocr_line' id='line_1_13' title="bbox 616 1166 2175 1244; baseline -0.006 -17"><span class='ocrx_word' id='word_1_71' title='bbox 616 1178 854 1229; x_wconf 82' lang='lat' dir='ltr'><strong>rtionem</strong></span> <span class='ocrx_word' id='word_1_72' title='bbox 882 1188 1009 1244; x_wconf 74' lang='lat' dir='ltr'><strong>erga</strong></span> <span class='ocrx_word' id='word_1_73' title='bbox 1060 1172 1228 1226; x_wconf 90' lang='lat' dir='ltr'><strong>Deum</strong></span> <span class='ocrx_word' id='word_1_74' title='bbox 1290 1170 1410 1225; x_wconf 81' lang='lat' dir='ltr'><strong>istis</strong></span> <span class='ocrx_word' id='word_1_75' title='bbox 1464 1166 1717 1223; x_wconf 91' lang='lat' dir='ltr'><strong>omnibus</strong></span> <span class='ocrx_word' id='word_1_76' title='bbox 1787 1166 2175 1235; x_wconf 85' lang='lat' dir='ltr'><strong>superiorem:</strong></span> 
     </span>
    </p>
   </div>
   <div class='ocr_carea' id='block_1_14' title="bbox 618 1257 2177 1337">
    <p class='ocr_par' dir='ltr' id='par_1_14' title="bbox 618 1257 2177 1337">
     <span class='ocr_line' id='line_1_14' title="bbox 618 1257 2177 1337; baseline -0.006 -17"><span class='ocrx_word' id='word_1_77' title='bbox 618 1267 866 1329; x_wconf 82' lang='lat' dir='ltr'><strong>alterius,</strong></span> <span class='ocrx_word' id='word_1_78' title='bbox 903 1266 1048 1337; x_wconf 88' lang='lat' dir='ltr'><strong>quod</strong></span> <span class='ocrx_word' id='word_1_79' title='bbox 1105 1265 1308 1335; x_wconf 87' lang='lat' dir='ltr'><strong>optime</strong></span> <span class='ocrx_word' id='word_1_80' title='bbox 1362 1263 1670 1327; x_wconf 86' lang='lat' dir='ltr'><strong>consultus,</strong></span> <span class='ocrx_word' id='word_1_81' title='bbox 1721 1275 1830 1315; x_wconf 88' lang='lat' dir='ltr'><strong>non</strong></span> <span class='ocrx_word' id='word_1_82' title='bbox 1891 1258 1966 1313; x_wconf 88' lang='lat' dir='ltr'><strong>uti</strong></span> <span class='ocrx_word' id='word_1_83' title='bbox 2021 1257 2177 1312; x_wconf 87' lang='lat' dir='ltr'><strong>multi</strong></span> 
     </span>
    </p>
   </div>
   <div class='ocr_carea' id='block_1_15' title="bbox 619 1350 2177 1423">
    <p class='ocr_par' dir='ltr' id='par_1_15' title="bbox 619 1350 2177 1423">
     <span class='ocr_line' id='line_1_15' title="bbox 619 1350 2177 1423; baseline -0.006 -13"><span class='ocrx_word' id='word_1_84' title='bbox 619 1371 788 1421; x_wconf 89' lang='lat' dir='ltr'><strong>nunc,</strong></span> <span class='ocrx_word' id='word_1_85' title='bbox 837 1356 1109 1420; x_wconf 81' lang='lat' dir='ltr'><strong>simulate,</strong></span> <span class='ocrx_word' id='word_1_86' title='bbox 1144 1362 1260 1417; x_wconf 90' lang='lat' dir='ltr'><strong>aut,</strong></span> <span class='ocrx_word' id='word_1_87' title='bbox 1292 1365 1352 1408; x_wconf 91' lang='lat' dir='ltr'><strong>ut</strong></span> <span class='ocrx_word' id='word_1_88' title='bbox 1383 1352 1554 1423; x_wconf 79' lang='lat' dir='ltr'><strong>magis</strong></span> <span class='ocrx_word' id='word_1_89' title='bbox 1590 1350 1808 1421; x_wconf 88' lang='lat' dir='ltr'><strong>proprie</strong></span> <span class='ocrx_word' id='word_1_90' title='bbox 1839 1350 2028 1419; x_wconf 81' lang='lat' dir='ltr'><strong>loquar</strong></span> <span class='ocrx_word' id='word_1_91' title='bbox 2056 1361 2177 1402; x_wconf 84' lang='lat' dir='ltr'><strong>om-</strong></span> 
     </span>
    </p>
   </div>
   <div class='ocr_carea' id='block_1_16' title="bbox 619 1445 2176 1507">
    <p class='ocr_par' dir='ltr' id='par_1_16' title="bbox 619 1445 2176 1507">
     <span class='ocr_line' id='line_1_16' title="bbox 619 1445 2176 1507; baseline -0.007 -4"><span class='ocrx_word' id='word_1_92' title='bbox 619 1450 750 1503; x_wconf 92' lang='lat' dir='ltr'><strong>nino</strong></span> <span class='ocrx_word' id='word_1_93' title='bbox 783 1462 888 1502; x_wconf 91' lang='lat' dir='ltr'><strong>non</strong></span> <span class='ocrx_word' id='word_1_94' title='bbox 929 1448 1304 1503; x_wconf 86' lang='lat' dir='ltr'><strong>renuntiantes</strong></span> <span class='ocrx_word' id='word_1_95' title='bbox 1360 1445 1580 1507; x_wconf 88' lang='lat' dir='ltr'><strong>mundo,</strong></span> <span class='ocrx_word' id='word_1_96' title='bbox 1628 1445 1802 1499; x_wconf 80' lang='lat' dir='ltr'><strong>eidem</strong></span> <span class='ocrx_word' id='word_1_97' title='bbox 1859 1456 1919 1496; x_wconf 91' lang='lat' dir='ltr'><strong>se</strong></span> <span class='ocrx_word' id='word_1_98' title='bbox 1974 1455 2176 1494; x_wconf 89' lang='lat' dir='ltr'><strong>renun—</strong></span> 
     </span>
    </p>
   </div>
   <div class='ocr_carea' id='block_1_17' title="bbox 619 1528 2174 1608">
    <p class='ocr_par' dir='ltr' id='par_1_17' title="bbox 619 1528 2174 1608">
     <span class='ocr_line' id='line_1_17' title="bbox 619 1528 2174 1608; baseline -0.008 -15"><span class='ocrx_word' id='word_1_99' title='bbox 619 1539 754 1593; x_wconf 87' lang='lat' dir='ltr'><strong>tiare</strong></span> <span class='ocrx_word' id='word_1_100' title='bbox 780 1536 1057 1608; x_wconf 86' lang='lat' dir='ltr'><strong>professus</strong></span> <span class='ocrx_word' id='word_1_101' title='bbox 1089 1537 1200 1602; x_wconf 85' lang='lat' dir='ltr'><strong>sit;</strong></span> <span class='ocrx_word' id='word_1_102' title='bbox 1244 1532 1337 1589; x_wconf 87' lang='lat' dir='ltr'><strong>sed</strong></span> <span class='ocrx_word' id='word_1_103' title='bbox 1371 1531 1827 1604; x_wconf 84' lang='lat' dir='ltr'><strong>quemadmodum</strong></span> <span class='ocrx_word' id='word_1_104' title='bbox 1884 1543 2009 1583; x_wconf 83' lang='lat' dir='ltr'><strong>vere</strong></span> <span class='ocrx_word' id='word_1_105' title='bbox 2058 1528 2174 1601; x_wconf 90' lang='lat' dir='ltr'><strong>ipsa</strong></span> 
     </span>
    </p>
   </div>
   <div class='ocr_carea' id='block_1_18' title="bbox 618 1620 2175 1697">
    <p class='ocr_par' dir='ltr' id='par_1_18' title="bbox 618 1620 2175 1697">
     <span class='ocr_line' id='line_1_18' title="bbox 618 1620 2175 1697; baseline -0.006 -15"><span class='ocrx_word' id='word_1_106' title='bbox 618 1642 706 1682; x_wconf 89' lang='lat' dir='ltr'><strong>res</strong></span> <span class='ocrx_word' id='word_1_107' title='bbox 743 1627 927 1695; x_wconf 75' lang='lat' dir='ltr'><strong>exigit.</strong></span> <span class='ocrx_word' id='word_1_108' title='bbox 956 1626 1033 1680; x_wconf 86' lang='lat' dir='ltr'><strong>illi</strong></span> <span class='ocrx_word' id='word_1_109' title='bbox 1060 1626 1350 1697; x_wconf 86' lang='lat' dir='ltr'><strong>siquidem,</strong></span> <span class='ocrx_word' id='word_1_110' title='bbox 1385 1623 1569 1678; x_wconf 90' lang='lat' dir='ltr'><strong>nescio</strong></span> <span class='ocrx_word' id='word_1_111' title='bbox 1610 1637 1721 1693; x_wconf 88' lang='lat' dir='ltr'><strong>quo</strong></span> <span class='ocrx_word' id='word_1_112' title='bbox 1763 1621 1946 1685; x_wconf 88' lang='lat' dir='ltr'><strong>modo,</strong></span> <span class='ocrx_word' id='word_1_113' title='bbox 2023 1620 2175 1674; x_wconf 85' lang='lat' dir='ltr'><strong>obliti</strong></span> 
     </span>
    </p>
   </div>
   <div class='ocr_carea' id='block_1_19' title="bbox 616 1711 2174 1789">
    <p class='ocr_par' dir='ltr' id='par_1_19' title="bbox 616 1711 2174 1789">
     <span class='ocr_line' id='line_1_19' title="bbox 616 1711 2174 1789; baseline -0.005 -18"><span class='ocrx_word' id='word_1_114' title='bbox 616 1720 760 1789; x_wconf 88' lang='lat' dir='ltr'><strong>quod</strong></span> <span class='ocrx_word' id='word_1_115' title='bbox 787 1719 916 1773; x_wconf 84' lang='lat' dir='ltr'><strong>dicit</strong></span> <span class='ocrx_word' id='word_1_116' title='bbox 948 1718 1213 1772; x_wconf 88' lang='lat' dir='ltr'><strong>Dominus</strong></span> <span class='ocrx_word' id='word_1_117' title='bbox 1246 1734 1259 1769; x_wconf 89' lang='lat'><strong>:</strong></span> <span class='ocrx_word' id='word_1_118' title='bbox 1296 1714 1402 1780; x_wconf 80' lang='lat' dir='ltr'><strong>Qui</strong></span> <span class='ocrx_word' id='word_1_119' title='bbox 1428 1730 1530 1769; x_wconf 83' lang='lat' dir='ltr'><strong>non</strong></span> <span class='ocrx_word' id='word_1_120' title='bbox 1586 1712 1959 1767; x_wconf 75' lang='lat' dir='ltr'><strong>renuntiaverit</strong></span> <span class='ocrx_word' id='word_1_121' title='bbox 2004 1711 2174 1764; x_wconf 85' lang='lat' dir='ltr'><strong>omni-</strong></span> 
     </span>
    </p>
   </div>
   <div class='ocr_carea' id='block_1_20' title="bbox 2278 523 3849 600">
    <p class='ocr_par' dir='ltr' id='par_1_20' title="bbox 2278 523 3849 600">
     <span class='ocr_line' id='line_1_20' title="bbox 2278 523 3849 600; baseline 0.004 -23"><span class='ocrx_word' id='word_1_122' title='bbox 2278 523 2443 594; x_wconf 85' lang='grc' dir='ltr'>ναχοῢ</span> <span class='ocrx_word' id='word_1_123' title='bbox 2460 527 2958 597; x_wconf 78' lang='grc' dir='ltr'><strong>ὑπομεμενηκέναι.</strong></span> <span class='ocrx_word' id='word_1_124' title='bbox 2980 530 3123 600; x_wconf 71' lang='grc' dir='ltr'>Πρὸς</span> <span class='ocrx_word' id='word_1_125' title='bbox 3141 528 3241 584; x_wconf 82' lang='grc' dir='ltr'>δνό</span> <span class='ocrx_word' id='word_1_126' title='bbox 3258 527 3351 583; x_wconf 79' lang='grc' dir='ltr'>τοῦ</span> <span class='ocrx_word' id='word_1_127' title='bbox 3367 528 3598 599; x_wconf 79' lang='grc' dir='ltr'><strong>Χριστοῦ</strong></span> <span class='ocrx_word' id='word_1_128' title='bbox 3616 530 3849 598; x_wconf 76' lang='grc' dir='ltr'>πύκτηςο</span> 
     </span>
    </p>
   </div>
   <div class='ocr_carea' id='block_1_21' title="bbox 2280 612 3849 692">
    <p class='ocr_par' dir='ltr' id='par_1_21' title="bbox 2280 612 3849 692">
     <span class='ocr_line' id='line_1_21' title="bbox 2280 612 3849 692; baseline 0.003 -23"><span class='ocrx_word' id='word_1_129' title='bbox 2280 616 2466 670; x_wconf 80' lang='grc' dir='ltr'><strong>Πάντα</strong></span> <span class='ocrx_word' id='word_1_130' title='bbox 2495 634 2599 682; x_wconf 90' lang='grc' dir='ltr'>σοι,</span> <span class='ocrx_word' id='word_1_131' title='bbox 2623 612 2669 672; x_wconf 83' lang='grc' dir='ltr'><strong>ὧ</strong></span> <span class='ocrx_word' id='word_1_132' title='bbox 2724 620 2924 692; x_wconf 81' lang='grc' dir='ltr'><strong>Πάτερ,</strong></span> <span class='ocrx_word' id='word_1_133' title='bbox 2953 621 3278 692; x_wconf 86' lang='grc' dir='ltr'>ἀποδίδωμι,</span> <span class='ocrx_word' id='word_1_134' title='bbox 3314 621 3410 676; x_wconf 73' lang='grc' dir='ltr'>καὶ</span> <span class='ocrx_word' id='word_1_135' title='bbox 3439 621 3589 684; x_wconf 85' lang='grc' dir='ltr'>νοῦν,</span> <span class='ocrx_word' id='word_1_136' title='bbox 3630 622 3729 675; x_wconf 73' lang='grc' dir='ltr'>καὶ</span> <span class='ocrx_word' id='word_1_137' title='bbox 3756 621 3849 675; x_wconf 74' lang='grc' dir='ltr'>θέ-</span> 
     </span>
    </p>
   </div>
   <div class='ocr_carea' id='block_1_22' title="bbox 2282 705 3846 782">
    <p class='ocr_par' dir='ltr' id='par_1_22' title="bbox 2282 705 3846 782">
     <span class='ocr_line' id='line_1_22' title="bbox 2282 705 3846 782; baseline 0.003 -24"><span class='ocrx_word' id='word_1_138' title='bbox 2282 705 2453 776; x_wconf 90' lang='grc' dir='ltr'>λημα,</span> <span class='ocrx_word' id='word_1_139' title='bbox 2486 709 2581 762; x_wconf 79' lang='grc' dir='ltr'><strong>καὶ</strong></span> <span class='ocrx_word' id='word_1_140' title='bbox 2616 709 2796 780; x_wconf 85' lang='grc' dir='ltr'>σῶμα,</span> <span class='ocrx_word' id='word_1_141' title='bbox 2833 709 2951 782; x_wconf 86' lang='grc' dir='ltr'><strong>χρῶ</strong></span> <span class='ocrx_word' id='word_1_142' title='bbox 2985 710 3066 782; x_wconf 83' lang='grc' dir='ltr'><strong>τῷ</strong></span> <span class='ocrx_word' id='word_1_143' title='bbox 3090 711 3168 781; x_wconf 86' lang='grc' dir='ltr'>σῷ</span> <span class='ocrx_word' id='word_1_144' title='bbox 3196 711 3383 782; x_wconf 73' lang='grc' dir='ltr'>οἰκέτῃ</span> <span class='ocrx_word' id='word_1_145' title='bbox 3413 711 3488 773; x_wconf 83' lang='grc' dir='ltr'><strong>ὡς</strong></span> <span class='ocrx_word' id='word_1_146' title='bbox 3520 711 3588 765; x_wconf 84' lang='grc' dir='ltr'><strong>ἀν</strong></span> <span class='ocrx_word' id='word_1_147' title='bbox 3642 711 3846 781; x_wconf 81' lang='grc' dir='ltr'>βούλοι,</span> 
     </span>
    </p>
   </div>
   <div class='ocr_carea' id='block_1_23' title="bbox 2281 797 3845 873">
    <p class='ocr_par' dir='ltr' id='par_1_23' title="bbox 2281 797 3845 873">
     <span class='ocr_line' id='line_1_23' title="bbox 2281 797 3845 873; baseline 0.008 -22"><span class='ocrx_word' id='word_1_148' title='bbox 2281 797 2479 852; x_wconf 80' lang='grc' dir='ltr'>είκοντί</span> <span class='ocrx_word' id='word_1_149' title='bbox 2514 816 2595 853; x_wconf 91' lang='grc' dir='ltr'><strong>σοι</strong></span> <span class='ocrx_word' id='word_1_150' title='bbox 2624 800 2765 854; x_wconf 79' lang='grc' dir='ltr'><strong>κατά</strong></span> <span class='ocrx_word' id='word_1_151' title='bbox 2811 802 3010 856; x_wconf 88' lang='grc' dir='ltr'>πάντα.</span> <span class='ocrx_word' id='word_1_152' title='bbox 3045 797 3118 855; x_wconf 67' lang='grc' dir='ltr'><strong>τΩ</strong></span> <span class='ocrx_word' id='word_1_153' title='bbox 3177 801 3484 873; x_wconf 87' lang='grc' dir='ltr'>θαυμασίας</span> <span class='ocrx_word' id='word_1_154' title='bbox 3536 801 3845 872; x_wconf 76' lang='grc' dir='ltr'><strong>προθέσεως</strong></span> 
     </span>
    </p>
   </div>
   <div class='ocr_carea' id='block_1_24' title="bbox 2281 888 3845 966">
    <p class='ocr_par' dir='ltr' id='par_1_24' title="bbox 2281 888 3845 966">
     <span class='ocr_line' id='line_1_24' title="bbox 2281 888 3845 966; baseline 0.004 -23"><span class='ocrx_word' id='word_1_155' title='bbox 2281 888 2575 954; x_wconf 81' lang='grc' dir='ltr'>ἀπόδειξις,</span> <span class='ocrx_word' id='word_1_156' title='bbox 2606 892 2703 945; x_wconf 69' lang='grc' dir='ltr'>καὶ</span> <span class='ocrx_word' id='word_1_157' title='bbox 2730 891 3177 966; x_wconf 81' lang='grc' dir='ltr'>θαυμασιωτέρας</span> <span class='ocrx_word' id='word_1_158' title='bbox 3209 896 3492 965; x_wconf 84' lang='grc' dir='ltr'>ἀποταγῆς</span> <span class='ocrx_word' id='word_1_159' title='bbox 3544 894 3845 957; x_wconf 81' lang='grc' dir='ltr'>ὑπόθεσιςι</span> 
     </span>
    </p>
   </div>
   <div class='ocr_carea' id='block_1_25' title="bbox 2280 979 3845 1055">
    <p class='ocr_par' dir='ltr' id='par_1_25' title="bbox 2280 979 3845 1055">
     <span class='ocr_line' id='line_1_25' title="bbox 2280 979 3845 1055; baseline 0.005 -24"><span class='ocrx_word' id='word_1_160' title='bbox 2280 979 2381 1049; x_wconf 82' lang='grc' dir='ltr'>τῆς</span> <span class='ocrx_word' id='word_1_161' title='bbox 2421 981 2538 1050; x_wconf 83' lang='grc' dir='ltr'>μὲν,</span> <span class='ocrx_word' id='word_1_162' title='bbox 2570 981 2653 1035; x_wconf 80' lang='grc' dir='ltr'>ὄτι</span> <span class='ocrx_word' id='word_1_163' title='bbox 2677 982 2735 1034; x_wconf 84' lang='grc' dir='ltr'><strong>ἐν</strong></span> <span class='ocrx_word' id='word_1_164' title='bbox 2761 983 2909 1053; x_wconf 83' lang='grc' dir='ltr'>αὑτῷ</span> <span class='ocrx_word' id='word_1_165' title='bbox 2942 984 3021 1055; x_wconf 84' lang='grc' dir='ltr'>τῷ</span> <span class='ocrx_word' id='word_1_166' title='bbox 3058 980 3210 1039; x_wconf 74' lang='grc' dir='ltr'>ἀνθὲι</span> <span class='ocrx_word' id='word_1_167' title='bbox 3245 984 3349 1055; x_wconf 85' lang='grc' dir='ltr'>τῆς</span> <span class='ocrx_word' id='word_1_168' title='bbox 3398 985 3652 1055; x_wconf 76' lang='grc' dir='ltr'>ἡλικίας,</span> <span class='ocrx_word' id='word_1_169' title='bbox 3684 985 3845 1039; x_wconf 70' lang='grc' dir='ltr'>κατὰ·</span> 
     </span>
    </p>
   </div>
   <div class='ocr_carea' id='block_1_26' title="bbox 2281 1068 3847 1146">
    <p class='ocr_par' dir='ltr' id='par_1_26' title="bbox 2281 1068 3847 1146">
     <span class='ocr_line' id='line_1_26' title="bbox 2281 1068 3847 1146; baseline 0.004 -24"><span class='ocrx_word' id='word_1_170' title='bbox 2281 1068 2410 1139; x_wconf 75' lang='grc' dir='ltr'>ῥοῦν</span> <span class='ocrx_word' id='word_1_171' title='bbox 2436 1070 2585 1143; x_wconf 86' lang='grc' dir='ltr'><strong>αὑτῷ</strong></span> <span class='ocrx_word' id='word_1_172' title='bbox 2608 1072 2932 1145; x_wconf 81' lang='grc' dir='ltr'><strong>χωρούντων</strong></span> <span class='ocrx_word' id='word_1_173' title='bbox 2956 1075 3066 1129; x_wconf 84' lang='grc' dir='ltr'><strong>τῶν</strong></span> <span class='ocrx_word' id='word_1_174' title='bbox 3091 1078 3451 1146; x_wconf 79' lang='grc' dir='ltr'>πραγμάτων,</span> <span class='ocrx_word' id='word_1_175' title='bbox 3477 1075 3591 1129; x_wconf 74' lang='grc' dir='ltr'>τῶν</span> <span class='ocrx_word' id='word_1_176' title='bbox 3612 1075 3847 1129; x_wconf 81' lang='grc' dir='ltr'>ἐλπίδων</span> 
     </span>
    </p>
   </div>
   <div class='ocr_carea' id='block_1_27' title="bbox 2279 1163 3846 1237">
    <p class='ocr_par' dir='ltr' id='par_1_27' title="bbox 2279 1163 3846 1237">
     <span class='ocr_line' id='line_1_27' title="bbox 2279 1163 3846 1237; baseline 0.003 -23"><span class='ocrx_word' id='word_1_177' title='bbox 2279 1163 2661 1233; x_wconf 84' lang='grc' dir='ltr'>χρηστοτέρων</span> <span class='ocrx_word' id='word_1_178' title='bbox 2688 1163 3159 1236; x_wconf 77' lang='grc' dir='ltr'>ὑποδαλλομένων,</span> <span class='ocrx_word' id='word_1_179' title='bbox 3196 1167 3427 1221; x_wconf 88' lang='grc' dir='ltr'>πλούτου</span> <span class='ocrx_word' id='word_1_180' title='bbox 3457 1167 3846 1237; x_wconf 86' lang='grc' dir='ltr'>προκειμένου,</span> 
     </span>
    </p>
   </div>
   <div class='ocr_carea' id='block_1_28' title="bbox 2277 1249 3849 1328">
    <p class='ocr_par' dir='ltr' id='par_1_28' title="bbox 2277 1249 3849 1328">
     <span class='ocr_line' id='line_1_28' title="bbox 2277 1249 3849 1328; baseline 0.005 -25"><span class='ocrx_word' id='word_1_181' title='bbox 2277 1249 2436 1321; x_wconf 82' lang='grc' dir='ltr'>δόξης</span> <span class='ocrx_word' id='word_1_182' title='bbox 2508 1252 3021 1327; x_wconf 86' lang='grc' dir='ltr'>ὑπαστραπτούσης,</span> <span class='ocrx_word' id='word_1_183' title='bbox 3078 1258 3281 1328; x_wconf 75' lang='grc' dir='ltr'>σαρκὸς</span> <span class='ocrx_word' id='word_1_184' title='bbox 3333 1258 3674 1328; x_wconf 81' lang='grc' dir='ltr'>σφριγῶσης,</span> <span class='ocrx_word' id='word_1_185' title='bbox 3750 1259 3849 1311; x_wconf 71' lang='grc' dir='ltr'>καὶ</span> 
     </span>
    </p>
   </div>
   <div class='ocr_carea' id='block_1_29' title="bbox 2276 1338 3851 1420">
    <p class='ocr_par' dir='ltr' id='par_1_29' title="bbox 2276 1338 3851 1420">
     <span class='ocr_line' id='line_1_29' title="bbox 2276 1338 3851 1420; baseline 0.004 -26"><span class='ocrx_word' id='word_1_186' title='bbox 2276 1338 2450 1396; x_wconf 73' lang='grc' dir='ltr'>ταῦτα</span> <span class='ocrx_word' id='word_1_187' title='bbox 2482 1345 2579 1399; x_wconf 80' lang='grc' dir='ltr'><strong>σὺν</strong></span> <span class='ocrx_word' id='word_1_188' title='bbox 2637 1347 3023 1419; x_wconf 82' lang='grc' dir='ltr'>αὑτοκρατείᾳ,</span> <span class='ocrx_word' id='word_1_189' title='bbox 3084 1349 3323 1404; x_wconf 83' lang='grc' dir='ltr'>νικῶσαν</span> <span class='ocrx_word' id='word_1_190' title='bbox 3368 1350 3527 1420; x_wconf 77' lang='grc' dir='ltr'>ἔσχεν</span> <span class='ocrx_word' id='word_1_191' title='bbox 3585 1349 3851 1403; x_wconf 83' lang='grc' dir='ltr'>ἀπάντων</span> 
     </span>
    </p>
   </div>
   <div class='ocr_carea' id='block_1_30' title="bbox 2276 1434 3850 1511">
    <p class='ocr_par' dir='ltr' id='par_1_30' title="bbox 2276 1434 3850 1511">
     <span class='ocr_line' id='line_1_30' title="bbox 2276 1434 3850 1511; baseline 0.003 -22"><span class='ocrx_word' id='word_1_192' title='bbox 2276 1434 2375 1507; x_wconf 83' lang='grc' dir='ltr'><strong>τὴν</strong></span> <span class='ocrx_word' id='word_1_193' title='bbox 2408 1438 2487 1499; x_wconf 89' lang='grc' dir='ltr'><strong>είς</strong></span> <span class='ocrx_word' id='word_1_194' title='bbox 2539 1437 2673 1493; x_wconf 81' lang='grc' dir='ltr'>Θεὸν</span> <span class='ocrx_word' id='word_1_195' title='bbox 2706 1438 3000 1509; x_wconf 74' lang='grc' dir='ltr'>ἐπιθυμίαν</span> <span class='ocrx_word' id='word_1_196' title='bbox 3023 1456 3038 1471; x_wconf 78' lang='grc' dir='ltr'><strong>ο</strong></span> <span class='ocrx_word' id='word_1_197' title='bbox 3064 1441 3160 1511; x_wconf 83' lang='grc' dir='ltr'>τῆς</span> <span class='ocrx_word' id='word_1_198' title='bbox 3182 1440 3259 1504; x_wconf 82' lang='grc' dir='ltr'><strong>δέ,</strong></span> <span class='ocrx_word' id='word_1_199' title='bbox 3312 1441 3394 1495; x_wconf 84' lang='grc' dir='ltr'><strong>δτι</strong></span> <span class='ocrx_word' id='word_1_200' title='bbox 3441 1441 3644 1510; x_wconf 83' lang='grc' dir='ltr'>καίπερ</span> <span class='ocrx_word' id='word_1_201' title='bbox 3701 1439 3850 1495; x_wconf 76' lang='grc' dir='ltr'>οὕτω</span> 
     </span>
    </p>
   </div>
   <div class='ocr_carea' id='block_1_31' title="bbox 2278 1525 3850 1599">
    <p class='ocr_par' dir='ltr' id='par_1_31' title="bbox 2278 1525 3850 1599">
     <span class='ocr_line' id='line_1_31' title="bbox 2278 1525 3850 1599; baseline 0.003 -19"><span class='ocrx_word' id='word_1_202' title='bbox 2278 1525 2478 1597; x_wconf 77' lang='grc' dir='ltr'>ἄριστα</span> <span class='ocrx_word' id='word_1_203' title='bbox 2509 1526 2954 1599; x_wconf 81' lang='grc' dir='ltr'>βουλευσάμενος,</span> <span class='ocrx_word' id='word_1_204' title='bbox 2987 1530 3047 1582; x_wconf 85' lang='grc' dir='ltr'><strong>οὑ</strong></span> <span class='ocrx_word' id='word_1_205' title='bbox 3097 1532 3238 1584; x_wconf 82' lang='grc' dir='ltr'><strong>κατά</strong></span> <span class='ocrx_word' id='word_1_206' title='bbox 3285 1532 3412 1594; x_wconf 84' lang='grc' dir='ltr'>τοὺς</span> <span class='ocrx_word' id='word_1_207' title='bbox 3462 1530 3692 1595; x_wconf 78' lang='grc' dir='ltr'>πολλοὺς</span> <span class='ocrx_word' id='word_1_208' title='bbox 3734 1530 3850 1584; x_wconf 83' lang='grc' dir='ltr'><strong>τῶν</strong></span> 
     </span>
    </p>
   </div>
   <div class='ocr_carea' id='block_1_32' title="bbox 2277 1616 3849 1689">
    <p class='ocr_par' dir='ltr' id='par_1_32' title="bbox 2277 1616 3849 1689">
     <span class='ocr_line' id='line_1_32' title="bbox 2277 1616 3849 1689; baseline 0.003 -18"><span class='ocrx_word' id='word_1_209' title='bbox 2277 1616 2371 1671; x_wconf 82' lang='grc' dir='ltr'><strong>νῦν</strong></span> <span class='ocrx_word' id='word_1_210' title='bbox 2400 1618 2767 1686; x_wconf 86' lang='grc' dir='ltr'>ἐπιπλάστως,</span> <span class='ocrx_word' id='word_1_211' title='bbox 2797 1621 3123 1689; x_wconf 63' lang='grc' dir='ltr'>οἰκειότερον</span> <span class='ocrx_word' id='word_1_212' title='bbox 3153 1621 3210 1676; x_wconf 80' lang='grc' dir='ltr'>δὲ</span> <span class='ocrx_word' id='word_1_213' title='bbox 3237 1623 3437 1686; x_wconf 75' lang='grc' dir='ltr'>εἰπεῖν,</span> <span class='ocrx_word' id='word_1_214' title='bbox 3455 1622 3849 1684; x_wconf 76' lang='grc' dir='ltr'>ἀναποτάκτως</span> 
     </span>
    </p>
   </div>
   <div class='ocr_carea' id='block_1_33' title="bbox 2276 1706 3849 1784">
    <p class='ocr_par' dir='ltr' id='par_1_33' title="bbox 2276 1706 3849 1784">
     <span class='ocr_line' id='line_1_33' title="bbox 2276 1706 3849 1784; baseline 0.004 -24"><span class='ocrx_word' id='word_1_215' title='bbox 2276 1706 2756 1778; x_wconf 72' lang='grc' dir='ltr'>ἀποτασσομένων,</span> <span class='ocrx_word' id='word_1_216' title='bbox 2787 1711 2884 1782; x_wconf 79' lang='grc' dir='ltr'><strong>τὴν</strong></span> <span class='ocrx_word' id='word_1_217' title='bbox 2906 1712 3184 1784; x_wconf 77' lang='grc' dir='ltr'>ἀποταγὴν</span> <span class='ocrx_word' id='word_1_218' title='bbox 3213 1712 3362 1766; x_wconf 78' lang='grc' dir='ltr'>ἔθετο</span> <span class='ocrx_word' id='word_1_219' title='bbox 3387 1729 3402 1746; x_wconf 87' lang='grc'><strong>·</strong></span> <span class='ocrx_word' id='word_1_220' title='bbox 3431 1712 3546 1767; x_wconf 81' lang='grc' dir='ltr'>ἀλλ’</span> <span class='ocrx_word' id='word_1_221' title='bbox 3611 1712 3687 1776; x_wconf 77' lang='grc' dir='ltr'>ὡς</span> <span class='ocrx_word' id='word_1_222' title='bbox 3737 1714 3849 1766; x_wconf 88' lang='grc' dir='ltr'>ἀπ-</span> 
     </span>
    </p>
   </div>
   <div class='ocr_carea' id='block_1_34' title="bbox 617 1776 2170 1882">
    <p class='ocr_par' dir='ltr' id='par_1_34' title="bbox 617 1776 2170 1882">
     <span class='ocr_line' id='line_1_34' title="bbox 617 1776 2170 1882; baseline -0.007 -16"><span class='ocrx_word' id='word_1_223' title='bbox 617 1776 709 1866; x_wconf 65' lang='grc' dir='ltr'>ίιιε</span> <span class='ocrx_word' id='word_1_224' title='bbox 740 1828 855 1882; x_wconf 75' lang='lat' dir='ltr'><strong>qum</strong></span> <span class='ocrx_word' id='word_1_225' title='bbox 879 1809 1135 1880; x_wconf 81' lang='lat' dir='ltr'><strong>possidet,</strong></span> <span class='ocrx_word' id='word_1_226' title='bbox 1169 1826 1270 1862; x_wconf 83' lang='lat' dir='ltr'><strong>non</strong></span> <span class='ocrx_word' id='word_1_227' title='bbox 1300 1776 1461 1877; x_wconf 58' lang='lat' dir='ltr'><strong>potest</strong></span> <span class='ocrx_word' id='word_1_228' title='bbox 1496 1822 1637 1860; x_wconf 88' lang='lat' dir='ltr'><strong>meus</strong></span> <span class='ocrx_word' id='word_1_229' title='bbox 1662 1821 1771 1859; x_wconf 87' lang='lat' dir='ltr'><strong>esse</strong></span> <span class='ocrx_word' id='word_1_230' title='bbox 1802 1803 2091 1873; x_wconf 74' lang='lat' dir='ltr'><strong>discipulus</strong></span> <span class='ocrx_word' id='word_1_231' title='bbox 2116 1803 2170 1868; x_wconf 76' lang='grc' dir='ltr'>’ς</span> 
     </span>
    </p>
   </div>
   <div class='ocr_carea' id='block_1_35' title="bbox 2268 1776 3847 1882">
    <p class='ocr_par' dir='ltr' id='par_1_35' title="bbox 2279 1776 3847 1877">
     <span class='ocr_line' id='line_1_35' title="bbox 2279 1776 3847 1877; baseline 0.004 -26"><span class='ocrx_word' id='word_1_232' title='bbox 2279 1798 2482 1865; x_wconf 79' lang='grc' dir='ltr'>ἐδειξεν</span> <span class='ocrx_word' id='word_1_233' title='bbox 2516 1776 2773 1872; x_wconf 75' lang='grc' dir='ltr'>όάληθὴς</span> <span class='ocrx_word' id='word_1_234' title='bbox 2795 1776 2972 1871; x_wconf 84' lang='grc' dir='ltr'>λόγος.</span> <span class='ocrx_word' id='word_1_235' title='bbox 3005 1805 3068 1857; x_wconf 85' lang='grc' dir='ltr'><strong>Οἱ</strong></span> <span class='ocrx_word' id='word_1_236' title='bbox 3095 1776 3200 1874; x_wconf 37' lang='grc' dir='ltr'>-μέν</span> <span class='ocrx_word' id='word_1_237' title='bbox 3244 1804 3369 1877; x_wconf 88' lang='grc' dir='ltr'><strong>γάρ,</strong></span> <span class='ocrx_word' id='word_1_238' title='bbox 3415 1806 3516 1859; x_wconf 82' lang='grc' dir='ltr'><strong>οὑκ</strong></span> <span class='ocrx_word' id='word_1_239' title='bbox 3562 1800 3659 1858; x_wconf 77' lang='grc' dir='ltr'>οἷδ’</span> <span class='ocrx_word' id='word_1_240' title='bbox 3694 1805 3847 1867; x_wconf 77' lang='grc' dir='ltr'>ὅπως</span> 
     </span>
    </p>
   </div>
   <div class='ocr_carea' id='block_1_36' title="bbox 614 1894 2175 1974">
    <p class='ocr_par' dir='ltr' id='par_1_36' title="bbox 614 1894 2175 1974">
     <span class='ocr_line' id='line_1_36' title="bbox 614 1894 2175 1974; baseline -0.006 -18"><span class='ocrx_word' id='word_1_241' title='bbox 614 1903 836 1974; x_wconf 81' lang='lat' dir='ltr'><strong>etquod</strong></span> <span class='ocrx_word' id='word_1_242' title='bbox 869 1902 1171 1971; x_wconf 86' lang='lat' dir='ltr'><strong>alibijubet</strong></span> <span class='ocrx_word' id='word_1_243' title='bbox 1204 1918 1217 1954; x_wconf 89' lang='lat'><strong>:</strong></span> <span class='ocrx_word' id='word_1_244' title='bbox 1264 1898 1437 1954; x_wconf 82' lang='lat' dir='ltr'><strong>Vende</strong></span> <span class='ocrx_word' id='word_1_245' title='bbox 1464 1898 1639 1952; x_wconf 82' lang='lat' dir='ltr'><strong>omnia</strong></span> <span class='ocrx_word' id='word_1_246' title='bbox 1678 1912 1794 1966; x_wconf 75' lang='lat' dir='ltr'><strong>qua:</strong></span> <span class='ocrx_word' id='word_1_247' title='bbox 1822 1895 1997 1961; x_wconf 83' lang='lat' dir='ltr'><strong>habes,</strong></span> <span class='ocrx_word' id='word_1_248' title='bbox 2032 1904 2081 1947; x_wconf 89' lang='lat' dir='ltr'><strong>et</strong></span> <span class='ocrx_word' id='word_1_249' title='bbox 2105 1894 2175 1947; x_wconf 81' lang='lat' dir='ltr'><strong>da</strong></span> 
     </span>
    </p>
   </div>
   <div class='ocr_carea' id='block_1_37' title="bbox 616 1988 2176 2065">
    <p class='ocr_par' dir='ltr' id='par_1_37' title="bbox 616 1988 2176 2065">
     <span class='ocr_line' id='line_1_37' title="bbox 616 1988 2176 2065; baseline -0.004 -18"><span class='ocrx_word' id='word_1_250' title='bbox 616 1993 953 2065; x_wconf 80' lang='lat' dir='ltr'><strong>pauperibus,</strong></span> <span class='ocrx_word' id='word_1_251' title='bbox 983 2002 1031 2047; x_wconf 87' lang='lat' dir='ltr'><strong>et</strong></span> <span class='ocrx_word' id='word_1_252' title='bbox 1070 1991 1282 2046; x_wconf 81' lang='lat' dir='ltr'><strong>habebis</strong></span> <span class='ocrx_word' id='word_1_253' title='bbox 1303 1992 1604 2045; x_wconf 75' lang='lat' dir='ltr'><strong>thesaurum</strong></span> <span class='ocrx_word' id='word_1_254' title='bbox 1629 1990 1683 2043; x_wconf 86' lang='lat' dir='ltr'><strong>in</strong></span> <span class='ocrx_word' id='word_1_255' title='bbox 1713 1988 1938 2052; x_wconf 52' lang='lat' dir='ltr'><strong>castiget</strong></span> <span class='ocrx_word' id='word_1_256' title='bbox 1966 2002 2176 2056; x_wconf 79' lang='lat' dir='ltr'><strong>sequere</strong></span> 
     </span>
    </p>
   </div>
   <div class='ocr_carea' id='block_1_38' title="bbox 616 2078 2176 2152">
    <p class='ocr_par' dir='ltr' id='par_1_38' title="bbox 616 2078 2176 2152">
     <span class='ocr_line' id='line_1_38' title="bbox 616 2078 2176 2152; baseline -0.004 -15"><span class='ocrx_word' id='word_1_257' title='bbox 616 2100 695 2139; x_wconf 83' lang='lat' dir='ltr'><strong>nte</strong></span> <span class='ocrx_word' id='word_1_258' title='bbox 720 2086 785 2152; x_wconf 86' lang='grc'><strong>³;</strong></span> <span class='ocrx_word' id='word_1_259' title='bbox 820 2086 1038 2147; x_wconf 88' lang='lat' dir='ltr'><strong>horum,</strong></span> <span class='ocrx_word' id='word_1_260' title='bbox 1073 2084 1317 2152; x_wconf 89' lang='lat' dir='ltr'><strong>inquam,</strong></span> <span class='ocrx_word' id='word_1_261' title='bbox 1358 2081 1533 2147; x_wconf 88' lang='lat' dir='ltr'><strong>obliti,</strong></span> <span class='ocrx_word' id='word_1_262' title='bbox 1571 2081 1673 2149; x_wconf 88' lang='lat' dir='ltr'><strong>ipsi</strong></span> <span class='ocrx_word' id='word_1_263' title='bbox 1714 2080 1816 2135; x_wconf 88' lang='lat' dir='ltr'><strong>sibi</strong></span> <span class='ocrx_word' id='word_1_264' title='bbox 1870 2078 2069 2147; x_wconf 87' lang='lat' dir='ltr'><strong>templa</strong></span> <span class='ocrx_word' id='word_1_265' title='bbox 2122 2085 2176 2131; x_wconf 89' lang='lat' dir='ltr'><strong>et</strong></span> 
     </span>
    </p>
   </div>
   <div class='ocr_carea' id='block_1_39' title="bbox 616 2168 2173 2245">
    <p class='ocr_par' dir='ltr' id='par_1_39' title="bbox 616 2168 2173 2245">
     <span class='ocr_line' id='line_1_39' title="bbox 616 2168 2173 2245; baseline -0.005 -15"><span class='ocrx_word' id='word_1_266' title='bbox 616 2176 950 2231; x_wconf 87' lang='lat' dir='ltr'><strong>monasteria</strong></span> <span class='ocrx_word' id='word_1_267' title='bbox 978 2175 1233 2245; x_wconf 78' lang='lat' dir='ltr'><strong>erigunt;</strong></span> <span class='ocrx_word' id='word_1_268' title='bbox 1295 2174 1489 2227; x_wconf 89' lang='lat' dir='ltr'><strong>deinde</strong></span> <span class='ocrx_word' id='word_1_269' title='bbox 1528 2172 1882 2226; x_wconf 85' lang='lat' dir='ltr'><strong>monasticam</strong></span> <span class='ocrx_word' id='word_1_270' title='bbox 1938 2168 2173 2238; x_wconf 77' lang='lat' dir='ltr'><strong>amplexi</strong></span> 
     </span>
    </p>
   </div>
   <div class='ocr_carea' id='block_1_40' title="bbox 617 2259 2174 2335">
    <p class='ocr_par' dir='ltr' id='par_1_40' title="bbox 617 2259 2174 2335">
     <span class='ocr_line' id='line_1_40' title="bbox 617 2259 2174 2335; baseline -0.006 -15"><span class='ocrx_word' id='word_1_271' title='bbox 617 2264 1035 2335; x_wconf 88' lang='lat' dir='ltr'><strong>professionem,</strong></span> <span class='ocrx_word' id='word_1_272' title='bbox 1082 2262 1432 2316; x_wconf 86' lang='lat' dir='ltr'><strong>dominantur</strong></span> <span class='ocrx_word' id='word_1_273' title='bbox 1474 2260 1528 2314; x_wconf 92' lang='lat' dir='ltr'><strong>in</strong></span> <span class='ocrx_word' id='word_1_274' title='bbox 1559 2259 1817 2330; x_wconf 90' lang='lat' dir='ltr'><strong>propriis,</strong></span> <span class='ocrx_word' id='word_1_275' title='bbox 1856 2272 2046 2314; x_wconf 84' lang='lat' dir='ltr'><strong>servos</strong></span> <span class='ocrx_word' id='word_1_276' title='bbox 2090 2266 2174 2311; x_wconf 63' lang='lat' dir='ltr'><strong>ato</strong></span> 
     </span>
    </p>
   </div>
   <div class='ocr_carea' id='block_1_41' title="bbox 611 2350 1971 2429">
    <p class='ocr_par' dir='ltr' id='par_1_41' title="bbox 611 2350 1971 2429">
     <span class='ocr_line' id='line_1_41' title="bbox 611 2350 1971 2429; baseline -0.005 -17"><span class='ocrx_word' id='word_1_277' title='bbox 611 2373 718 2429; x_wconf 85' lang='lat' dir='ltr'><strong>que</strong></span> <span class='ocrx_word' id='word_1_278' title='bbox 766 2354 1125 2412; x_wconf 88' lang='lat' dir='ltr'><strong>substantiam</strong></span> <span class='ocrx_word' id='word_1_279' title='bbox 1156 2354 1363 2407; x_wconf 85' lang='lat' dir='ltr'><strong>variam</strong></span> <span class='ocrx_word' id='word_1_280' title='bbox 1394 2360 1515 2422; x_wconf 92' lang='lat' dir='ltr'><strong>post</strong></span> <span class='ocrx_word' id='word_1_281' title='bbox 1544 2367 1603 2406; x_wconf 89' lang='lat' dir='ltr'><strong>se</strong></span> <span class='ocrx_word' id='word_1_282' title='bbox 1654 2350 1927 2406; x_wconf 88' lang='lat' dir='ltr'><strong>trahentes</strong></span> <span class='ocrx_word' id='word_1_283' title='bbox 1955 2367 1971 2415; x_wconf 91' lang='lat'><strong>;</strong></span> 
     </span>
    </p>
   </div>
   <div class='ocr_carea' id='block_1_42' title="bbox 614 2442 2169 2513">
    <p class='ocr_par' dir='ltr' id='par_1_42' title="bbox 614 2442 2169 2513">
     <span class='ocr_line' id='line_1_42' title="bbox 614 2442 2169 2513; baseline -0.006 -9"><span class='ocrx_word' id='word_1_284' title='bbox 614 2449 829 2513; x_wconf 85' lang='lat' dir='ltr'><strong>novitii,</strong></span> <span class='ocrx_word' id='word_1_285' title='bbox 876 2457 932 2502; x_wconf 90' lang='lat' dir='ltr'><strong>et</strong></span> <span class='ocrx_word' id='word_1_286' title='bbox 976 2446 1136 2501; x_wconf 90' lang='lat' dir='ltr'><strong>hodie</strong></span> <span class='ocrx_word' id='word_1_287' title='bbox 1168 2445 1429 2509; x_wconf 89' lang='lat' dir='ltr'><strong>abbates;</strong></span> <span class='ocrx_word' id='word_1_288' title='bbox 1472 2443 1586 2499; x_wconf 91' lang='lat' dir='ltr'><strong>heri</strong></span> <span class='ocrx_word' id='word_1_289' title='bbox 1619 2458 1718 2498; x_wconf 89' lang='lat' dir='ltr'><strong>nec</strong></span> <span class='ocrx_word' id='word_1_290' title='bbox 1749 2442 1924 2497; x_wconf 88' lang='lat' dir='ltr'><strong>idonei</strong></span> <span class='ocrx_word' id='word_1_291' title='bbox 1955 2442 2169 2512; x_wconf 86' lang='lat' dir='ltr'><strong>quidem</strong></span> 
     </span>
    </p>
   </div>
   <div class='ocr_carea' id='block_1_43' title="bbox 613 2533 2172 2611">
    <p class='ocr_par' dir='ltr' id='par_1_43' title="bbox 613 2533 2172 2611">
     <span class='ocr_line' id='line_1_43' title="bbox 613 2533 2172 2611; baseline -0.004 -15"><span class='ocrx_word' id='word_1_292' title='bbox 613 2542 706 2611; x_wconf 76' lang='lat' dir='ltr'><strong>qui</strong></span> <span class='ocrx_word' id='word_1_293' title='bbox 738 2556 795 2596; x_wconf 90' lang='lat' dir='ltr'><strong>se</strong></span> <span class='ocrx_word' id='word_1_294' title='bbox 828 2540 1126 2610; x_wconf 87' lang='lat' dir='ltr'><strong>prudenter</strong></span> <span class='ocrx_word' id='word_1_295' title='bbox 1158 2536 1421 2607; x_wconf 79' lang='lat' dir='ltr'><strong>regendos</strong></span> <span class='ocrx_word' id='word_1_296' title='bbox 1447 2535 1767 2606; x_wconf 65' lang='lat' dir='ltr'><strong>praeberent,</strong></span> <span class='ocrx_word' id='word_1_297' title='bbox 1814 2535 1971 2589; x_wconf 88' lang='lat' dir='ltr'><strong>hodie</strong></span> <span class='ocrx_word' id='word_1_298' title='bbox 2032 2533 2172 2589; x_wconf 85' lang='lat' dir='ltr'><strong>alios</strong></span> 
     </span>
    </p>
   </div>
   <div class='ocr_carea' id='block_1_44' title="bbox 613 2626 2169 2703">
    <p class='ocr_par' dir='ltr' id='par_1_44' title="bbox 613 2626 2169 2703">
     <span class='ocr_line' id='line_1_44' title="bbox 613 2626 2169 2703; baseline -0.006 -15"><span class='ocrx_word' id='word_1_299' title='bbox 613 2634 860 2703; x_wconf 91' lang='lat' dir='ltr'><strong>imperite</strong></span> <span class='ocrx_word' id='word_1_300' title='bbox 892 2646 1079 2699; x_wconf 77' lang='lat' dir='ltr'><strong>regere</strong></span> <span class='ocrx_word' id='word_1_301' title='bbox 1106 2637 1531 2701; x_wconf 66' lang='lat' dir='ltr'><strong>praesumentes;</strong></span> <span class='ocrx_word' id='word_1_302' title='bbox 1569 2627 1771 2697; x_wconf 87' lang='lat' dir='ltr'><strong>quibus</strong></span> <span class='ocrx_word' id='word_1_303' title='bbox 1825 2626 2169 2696; x_wconf 65' lang='lat' dir='ltr'><strong>praebituram</strong></span> 
     </span>
    </p>
   </div>
   <div class='ocr_carea' id='block_1_45' title="bbox 613 2718 2170 2788">
    <p class='ocr_par' dir='ltr' id='par_1_45' title="bbox 613 2718 2170 2788">
     <span class='ocr_line' id='line_1_45' title="bbox 613 2718 2170 2788; baseline -0.006 -7"><span class='ocrx_word' id='word_1_304' title='bbox 613 2742 721 2781; x_wconf 93' lang='lat' dir='ltr'><strong>non</strong></span> <span class='ocrx_word' id='word_1_305' title='bbox 773 2725 945 2779; x_wconf 79' lang='lat' dir='ltr'><strong>virtus</strong></span> <span class='ocrx_word' id='word_1_306' title='bbox 975 2736 1097 2788; x_wconf 88' lang='lat' dir='ltr'><strong>sua,</strong></span> <span class='ocrx_word' id='word_1_307' title='bbox 1142 2723 1236 2777; x_wconf 88' lang='lat' dir='ltr'><strong>sed</strong></span> <span class='ocrx_word' id='word_1_308' title='bbox 1293 2735 1515 2775; x_wconf 85' lang='lat' dir='ltr'><strong>suarum</strong></span> <span class='ocrx_word' id='word_1_309' title='bbox 1572 2718 1889 2773; x_wconf 82' lang='lat' dir='ltr'><strong>facultatum</strong></span> <span class='ocrx_word' id='word_1_310' title='bbox 1941 2733 2170 2788; x_wconf 89' lang='lat' dir='ltr'><strong>usurpa-</strong></span> 
     </span>
    </p>
   </div>
   <div class='ocr_carea' id='block_1_46' title="bbox 614 2807 2169 2882">
    <p class='ocr_par' dir='ltr' id='par_1_46' title="bbox 614 2807 2169 2882">
     <span class='ocr_line' id='line_1_46' title="bbox 614 2807 2169 2882; baseline -0.006 -12"><span class='ocrx_word' id='word_1_311' title='bbox 614 2816 687 2871; x_wconf 89' lang='lat' dir='ltr'><strong>tio</strong></span> <span class='ocrx_word' id='word_1_312' title='bbox 721 2814 901 2870; x_wconf 88' lang='lat' dir='ltr'><strong>attulit</strong></span> <span class='ocrx_word' id='word_1_313' title='bbox 938 2853 951 2867; x_wconf 92' lang='lat'><strong>.</strong></span> <span class='ocrx_word' id='word_1_314' title='bbox 989 2813 1083 2882; x_wconf 89' lang='lat' dir='ltr'><strong>qui</strong></span> <span class='ocrx_word' id='word_1_315' title='bbox 1116 2826 1239 2865; x_wconf 90' lang='lat' dir='ltr'><strong>cum</strong></span> <span class='ocrx_word' id='word_1_316' title='bbox 1293 2808 1477 2864; x_wconf 85' lang='lat' dir='ltr'><strong>multis</strong></span> <span class='ocrx_word' id='word_1_317' title='bbox 1522 2807 1681 2863; x_wconf 89' lang='lat' dir='ltr'><strong>annis</strong></span> <span class='ocrx_word' id='word_1_318' title='bbox 1722 2808 2039 2864; x_wconf 88' lang='lat' dir='ltr'><strong>debuissent</strong></span> <span class='ocrx_word' id='word_1_319' title='bbox 2088 2807 2169 2862; x_wconf 89' lang='lat' dir='ltr'><strong>di-</strong></span> 
     </span>
    </p>
   </div>
   <div class='ocr_carea' id='block_1_47' title="bbox 615 2900 2167 2976">
    <p class='ocr_par' dir='ltr' id='par_1_47' title="bbox 615 2900 2167 2976">
     <span class='ocr_line' id='line_1_47' title="bbox 615 2900 2167 2976; baseline -0.006 -12"><span class='ocrx_word' id='word_1_320' title='bbox 615 2923 769 2964; x_wconf 84' lang='lat' dir='ltr'><strong>scere</strong></span> <span class='ocrx_word' id='word_1_321' title='bbox 820 2906 1094 2976; x_wconf 84' lang='lat' dir='ltr'><strong>quomodo</strong></span> <span class='ocrx_word' id='word_1_322' title='bbox 1135 2904 1207 2959; x_wconf 85' lang='lat' dir='ltr'><strong>sit</strong></span> <span class='ocrx_word' id='word_1_323' title='bbox 1238 2902 1524 2973; x_wconf 81' lang='lat' dir='ltr'><strong>imperanti</strong></span> <span class='ocrx_word' id='word_1_324' title='bbox 1556 2902 1873 2973; x_wconf 89' lang='lat' dir='ltr'><strong>parendum,</strong></span> <span class='ocrx_word' id='word_1_325' title='bbox 1910 2912 2071 2970; x_wconf 86' lang='lat' dir='ltr'><strong>atque</strong></span> <span class='ocrx_word' id='word_1_326' title='bbox 2096 2900 2167 2954; x_wconf 85' lang='lat' dir='ltr'><strong>ita</strong></span> 
     </span>
    </p>
   </div>
   <div class='ocr_carea' id='block_1_48' title="bbox 610 2993 2169 3068">
    <p class='ocr_par' dir='ltr' id='par_1_48' title="bbox 610 2993 2169 3068">
     <span class='ocr_line' id='line_1_48' title="bbox 610 2993 2169 3068; baseline -0.003 -16"><span class='ocrx_word' id='word_1_327' title='bbox 610 2998 676 3052; x_wconf 87' lang='lat' dir='ltr'><strong>ad</strong></span> <span class='ocrx_word' id='word_1_328' title='bbox 741 2997 982 3068; x_wconf 77' lang='lat' dir='ltr'><strong>regimen</strong></span> <span class='ocrx_word' id='word_1_329' title='bbox 1012 2994 1239 3049; x_wconf 88' lang='lat' dir='ltr'><strong>aliorum</strong></span> <span class='ocrx_word' id='word_1_330' title='bbox 1292 2993 1628 3061; x_wconf 85' lang='lat' dir='ltr'><strong>ascendere;</strong></span> <span class='ocrx_word' id='word_1_331' title='bbox 1684 3004 1972 3062; x_wconf 81' lang='lat' dir='ltr'><strong>antequam</strong></span> <span class='ocrx_word' id='word_1_332' title='bbox 2022 2994 2169 3063; x_wconf 82' lang='lat' dir='ltr'><strong>prius</strong></span> 
     </span>
    </p>
   </div>
   <div class='ocr_carea' id='block_1_49' title="bbox 610 3084 2237 3161">
    <p class='ocr_par' dir='ltr' id='par_1_49' title="bbox 610 3084 2237 3161">
     <span class='ocr_line' id='line_1_49' title="bbox 610 3084 2237 3161; baseline -0.002 -19"><span class='ocrx_word' id='word_1_333' title='bbox 610 3087 751 3143; x_wconf 89' lang='lat' dir='ltr'><strong>istud</strong></span> <span class='ocrx_word' id='word_1_334' title='bbox 774 3085 1084 3154; x_wconf 83' lang='lat' dir='ltr'><strong>didicerint,</strong></span> <span class='ocrx_word' id='word_1_335' title='bbox 1129 3100 1246 3140; x_wconf 88' lang='lat' dir='ltr'><strong>sese</strong></span> <span class='ocrx_word' id='word_1_336' title='bbox 1270 3084 1509 3154; x_wconf 90' lang='lat' dir='ltr'><strong>periculo</strong></span> <span class='ocrx_word' id='word_1_337' title='bbox 1536 3085 1793 3154; x_wconf 67' lang='lat' dir='ltr'><strong>ingerunt</strong></span> <span class='ocrx_word' id='word_1_338' title='bbox 1848 3084 2161 3153; x_wconf 87' lang='lat' dir='ltr'><strong>posteriori,</strong></span> <span class='ocrx_word' id='word_1_339' title='bbox 2193 3102 2237 3161; x_wconf 70' lang='grc' dir='ltr'><em>ς</em></span> 
     </span>
    </p>
   </div>
   <div class='ocr_carea' id='block_1_50' title="bbox 608 3173 2159 3248">
    <p class='ocr_par' dir='ltr' id='par_1_50' title="bbox 608 3173 2159 3248">
     <span class='ocr_line' id='line_1_50' title="bbox 608 3173 2159 3248; baseline -0.001 -15"><span class='ocrx_word' id='word_1_340' title='bbox 608 3189 661 3233; x_wconf 88' lang='lat' dir='ltr'><strong>et</strong></span> <span class='ocrx_word' id='word_1_341' title='bbox 692 3178 881 3248; x_wconf 85' lang='lat' dir='ltr'><strong>quales</strong></span> <span class='ocrx_word' id='word_1_342' title='bbox 914 3185 1062 3242; x_wconf 92' lang='lat' dir='ltr'><strong>sunt,</strong></span> <span class='ocrx_word' id='word_1_343' title='bbox 1097 3176 1231 3231; x_wconf 86' lang='lat' dir='ltr'><strong>tales</strong></span> <span class='ocrx_word' id='word_1_344' title='bbox 1260 3175 1425 3230; x_wconf 90' lang='lat' dir='ltr'><strong>etiam</strong></span> <span class='ocrx_word' id='word_1_345' title='bbox 1460 3173 1699 3230; x_wconf 85' lang='lat' dir='ltr'><strong>elIlc&#39;runt</strong></span> <span class='ocrx_word' id='word_1_346' title='bbox 1727 3175 1830 3229; x_wconf 86' lang='lat' dir='ltr'><strong>sibi</strong></span> <span class='ocrx_word' id='word_1_347' title='bbox 1863 3175 2159 3245; x_wconf 87' lang='lat' dir='ltr'><strong>subjectos.</strong></span> 
     </span>
    </p>
   </div>
   <div class='ocr_carea' id='block_1_51' title="bbox 608 3265 2163 3338">
    <p class='ocr_par' dir='ltr' id='par_1_51' title="bbox 608 3265 2163 3338">
     <span class='ocr_line' id='line_1_51' title="bbox 608 3265 2163 3338; baseline -0.002 -16"><span class='ocrx_word' id='word_1_348' title='bbox 608 3272 705 3324; x_wconf 74' lang='lat' dir='ltr'><strong>Ast</strong></span> <span class='ocrx_word' id='word_1_349' title='bbox 737 3269 871 3338; x_wconf 84' lang='lat' dir='ltr'><strong>ipse,</strong></span> <span class='ocrx_word' id='word_1_350' title='bbox 896 3275 1176 3337; x_wconf 87' lang='lat' dir='ltr'><strong>postquam</strong></span> <span class='ocrx_word' id='word_1_351' title='bbox 1210 3265 1544 3320; x_wconf 75' lang='lat' dir='ltr'><strong>saeculovere</strong></span> <span class='ocrx_word' id='word_1_352' title='bbox 1572 3267 1957 3332; x_wconf 86' lang='lat' dir='ltr'><strong>renuntiasset,</strong></span> <span class='ocrx_word' id='word_1_353' title='bbox 1980 3274 2163 3321; x_wconf 81' lang='lat' dir='ltr'><strong>osten-</strong></span> 
     </span>
    </p>
   </div>
   <div class='ocr_carea' id='block_1_52' title="bbox 610 3354 2163 3426">
    <p class='ocr_par' dir='ltr' id='par_1_52' title="bbox 610 3354 2163 3426">
     <span class='ocr_line' id='line_1_52' title="bbox 610 3354 2163 3426; baseline -0.003 -12"><span class='ocrx_word' id='word_1_354' title='bbox 610 3360 690 3414; x_wconf 86' lang='lat' dir='ltr'><strong>dit</strong></span> <span class='ocrx_word' id='word_1_355' title='bbox 725 3358 1090 3413; x_wconf 83' lang='lat' dir='ltr'><strong>obedientiam</strong></span> <span class='ocrx_word' id='word_1_356' title='bbox 1146 3356 1365 3410; x_wconf 86' lang='lat' dir='ltr'><strong>minime</strong></span> <span class='ocrx_word' id='word_1_357' title='bbox 1395 3354 1627 3411; x_wconf 89' lang='lat' dir='ltr'><strong>fucatam</strong></span> <span class='ocrx_word' id='word_1_358' title='bbox 1656 3356 1825 3411; x_wconf 89' lang='lat' dir='ltr'><strong>fuisse</strong></span> <span class='ocrx_word' id='word_1_359' title='bbox 1866 3373 1880 3409; x_wconf 92' lang='lat'><strong>:</strong></span> <span class='ocrx_word' id='word_1_360' title='bbox 1909 3357 2163 3426; x_wconf 60' lang='lat' dir='ltr'><strong>prwcedit</strong></span> 
     </span>
    </p>
   </div>
   <div class='ocr_carea' id='block_1_53' title="bbox 608 3446 2162 3520">
    <p class='ocr_par' dir='ltr' id='par_1_53' title="bbox 608 3446 2162 3520">
     <span class='ocr_line' id='line_1_53' title="bbox 608 3446 2162 3520; baseline -0.003 -15"><span class='ocrx_word' id='word_1_361' title='bbox 608 3452 755 3506; x_wconf 90' lang='lat' dir='ltr'><strong>enim</strong></span> <span class='ocrx_word' id='word_1_362' title='bbox 812 3450 1047 3520; x_wconf 89' lang='lat' dir='ltr'><strong>primum</strong></span> <span class='ocrx_word' id='word_1_363' title='bbox 1083 3448 1347 3509; x_wconf 87' lang='lat' dir='ltr'><strong>secundo,</strong></span> <span class='ocrx_word' id='word_1_364' title='bbox 1381 3446 1525 3500; x_wconf 88' lang='lat' dir='ltr'><strong>sicut</strong></span> <span class='ocrx_word' id='word_1_365' title='bbox 1561 3446 1738 3514; x_wconf 79' lang='lat' dir='ltr'><strong>fulgur</strong></span> <span class='ocrx_word' id='word_1_366' title='bbox 1786 3447 2046 3509; x_wconf 84' lang='lat' dir='ltr'><strong>tonitruo,</strong></span> <span class='ocrx_word' id='word_1_367' title='bbox 2109 3455 2162 3500; x_wconf 93' lang='lat' dir='ltr'><strong>et</strong></span> 
     </span>
    </p>
   </div>
   <div class='ocr_carea' id='block_1_54' title="bbox 606 3536 2165 3607">
    <p class='ocr_par' dir='ltr' id='par_1_54' title="bbox 606 3536 2165 3607">
     <span class='ocr_line' id='line_1_54' title="bbox 606 3536 2165 3607; baseline -0.004 -10"><span class='ocrx_word' id='word_1_368' title='bbox 606 3540 800 3597; x_wconf 86' lang='lat' dir='ltr'><strong>lucifer</strong></span> <span class='ocrx_word' id='word_1_369' title='bbox 829 3539 931 3594; x_wconf 89' lang='lat' dir='ltr'><strong>soli</strong></span> <span class='ocrx_word' id='word_1_370' title='bbox 961 3539 1245 3593; x_wconf 81' lang='lat' dir='ltr'><strong>exorienti.</strong></span> <span class='ocrx_word' id='word_1_371' title='bbox 1276 3537 1407 3591; x_wconf 84' lang='lat' dir='ltr'><strong>Nam</strong></span> <span class='ocrx_word' id='word_1_372' title='bbox 1434 3537 1525 3607; x_wconf 87' lang='lat' dir='ltr'><strong>qui</strong></span> <span class='ocrx_word' id='word_1_373' title='bbox 1560 3537 1760 3591; x_wconf 69' lang='lat' dir='ltr'><strong>sarculo</strong></span> <span class='ocrx_word' id='word_1_374' title='bbox 1788 3536 1923 3591; x_wconf 89' lang='lat' dir='ltr'><strong>bene</strong></span> <span class='ocrx_word' id='word_1_375' title='bbox 1962 3551 2165 3591; x_wconf 86' lang='lat' dir='ltr'><strong>renun-</strong></span> 
     </span>
    </p>
   </div>
   <div class='ocr_carea' id='block_1_55' title="bbox 607 3628 2163 3699">
    <p class='ocr_par' dir='ltr' id='par_1_55' title="bbox 607 3628 2163 3699">
     <span class='ocr_line' id='line_1_55' title="bbox 607 3628 2163 3699; baseline -0.002 -13"><span class='ocrx_word' id='word_1_376' title='bbox 607 3631 843 3694; x_wconf 88' lang='lat' dir='ltr'><strong>tiaverit,</strong></span> <span class='ocrx_word' id='word_1_377' title='bbox 877 3632 1081 3684; x_wconf 85' lang='lat' dir='ltr'><strong>clarum</strong></span> <span class='ocrx_word' id='word_1_378' title='bbox 1122 3638 1205 3683; x_wconf 92' lang='lat' dir='ltr'><strong>est</strong></span> <span class='ocrx_word' id='word_1_379' title='bbox 1232 3629 1373 3697; x_wconf 89' lang='lat' dir='ltr'><strong>quod</strong></span> <span class='ocrx_word' id='word_1_380' title='bbox 1398 3628 1559 3682; x_wconf 90' lang='lat' dir='ltr'><strong>etiam</strong></span> <span class='ocrx_word' id='word_1_381' title='bbox 1590 3629 1725 3682; x_wconf 91' lang='lat' dir='ltr'><strong>bene</strong></span> <span class='ocrx_word' id='word_1_382' title='bbox 1758 3628 1970 3683; x_wconf 82' lang='lat' dir='ltr'><strong>nbediet</strong></span> <span class='ocrx_word' id='word_1_383' title='bbox 2003 3647 2017 3683; x_wconf 90' lang='lat'><strong>:</strong></span> <span class='ocrx_word' id='word_1_384' title='bbox 2072 3630 2163 3699; x_wconf 90' lang='lat' dir='ltr'><strong>qui</strong></span> 
     </span>
    </p>
   </div>
   <div class='ocr_carea' id='block_1_56' title="bbox 609 3724 2164 3795">
    <p class='ocr_par' dir='ltr' id='par_1_56' title="bbox 609 3724 2164 3795">
     <span class='ocr_line' id='line_1_56' title="bbox 609 3724 2164 3795; baseline 0.001 -17"><span class='ocrx_word' id='word_1_385' title='bbox 609 3741 737 3782; x_wconf 91' lang='lat' dir='ltr'><strong>vero</strong></span> <span class='ocrx_word' id='word_1_386' title='bbox 790 3727 843 3781; x_wconf 90' lang='lat' dir='ltr'><strong>in</strong></span> <span class='ocrx_word' id='word_1_387' title='bbox 894 3727 1063 3780; x_wconf 89' lang='lat' dir='ltr'><strong>altero</strong></span> <span class='ocrx_word' id='word_1_388' title='bbox 1101 3725 1321 3794; x_wconf 86' lang='lat' dir='ltr'><strong>oblique</strong></span> <span class='ocrx_word' id='word_1_389' title='bbox 1372 3724 1676 3789; x_wconf 88' lang='lat' dir='ltr'><strong>incesserit,</strong></span> <span class='ocrx_word' id='word_1_390' title='bbox 1706 3725 1759 3777; x_wconf 92' lang='lat' dir='ltr'><strong>in</strong></span> <span class='ocrx_word' id='word_1_391' title='bbox 1818 3724 1989 3780; x_wconf 90' lang='lat' dir='ltr'><strong>altero</strong></span> <span class='ocrx_word' id='word_1_392' title='bbox 2025 3741 2164 3795; x_wconf 86' lang='lat' dir='ltr'><strong>quo-</strong></span> 
     </span>
    </p>
   </div>
   <div class='ocr_carea' id='block_1_57' title="bbox 609 3814 1619 3889">
    <p class='ocr_par' dir='ltr' id='par_1_57' title="bbox 609 3814 1619 3889">
     <span class='ocr_line' id='line_1_57' title="bbox 609 3814 1619 3889; baseline -0.005 -17"><span class='ocrx_word' id='word_1_393' title='bbox 609 3833 715 3889; x_wconf 77' lang='lat' dir='ltr'><strong>que</strong></span> <span class='ocrx_word' id='word_1_394' title='bbox 743 3817 1047 3872; x_wconf 83' lang='lat' dir='ltr'><strong>certissime</strong></span> <span class='ocrx_word' id='word_1_395' title='bbox 1074 3823 1157 3871; x_wconf 89' lang='lat' dir='ltr'><strong>est</strong></span> <span class='ocrx_word' id='word_1_396' title='bbox 1188 3814 1619 3870; x_wconf 87' lang='lat' dir='ltr'><strong>claudicaturus.</strong></span> 
     </span>
    </p>
   </div>
   <div class='ocr_carea' id='block_1_58' title="bbox 2276 1889 3848 1964">
    <p class='ocr_par' dir='ltr' id='par_1_58' title="bbox 2276 1889 3848 1964">
     <span class='ocr_line' id='line_1_58' title="bbox 2276 1889 3848 1964; baseline 0.006 -22"><span class='ocrx_word' id='word_1_397' title='bbox 2276 1889 2652 1960; x_wconf 84' lang='grc' dir='ltr'>ἐπιλαθόμενοι</span> <span class='ocrx_word' id='word_1_398' title='bbox 2678 1892 2773 1945; x_wconf 82' lang='grc' dir='ltr'>τοῦ</span> <span class='ocrx_word' id='word_1_399' title='bbox 2804 1893 3011 1964; x_wconf 77' lang='grc' dir='ltr'>Κυρίου</span> <span class='ocrx_word' id='word_1_400' title='bbox 3058 1893 3334 1964; x_wconf 78' lang='grc' dir='ltr'>λέγοντοςο</span> <span class='ocrx_word' id='word_1_401' title='bbox 3379 1897 3485 1962; x_wconf 85' lang='grc' dir='ltr'>’ος</span> <span class='ocrx_word' id='word_1_402' title='bbox 3539 1898 3651 1951; x_wconf 80' lang='grc' dir='ltr'>οὐκ</span> <span class='ocrx_word' id='word_1_403' title='bbox 3698 1898 3848 1952; x_wconf 79' lang='grc' dir='ltr'>ἀπο·-</span> 
     </span>
    </p>
   </div>
   <div class='ocr_carea' id='block_1_59' title="bbox 2276 1979 3845 2054">
    <p class='ocr_par' dir='ltr' id='par_1_59' title="bbox 2276 1979 3845 2054">
     <span class='ocr_line' id='line_1_59' title="bbox 2276 1979 3845 2054; baseline 0.004 -21"><span class='ocrx_word' id='word_1_404' title='bbox 2276 1979 2565 2035; x_wconf 76' lang='grc' dir='ltr'>τὰσσεται</span> <span class='ocrx_word' id='word_1_405' title='bbox 2591 1980 2741 2037; x_wconf 85' lang='grc' dir='ltr'>πᾶσι</span> <span class='ocrx_word' id='word_1_406' title='bbox 2768 1981 2890 2049; x_wconf 82' lang='grc' dir='ltr'>τοῖς</span> <span class='ocrx_word' id='word_1_407' title='bbox 2915 1983 3133 2038; x_wconf 77' lang='grc' dir='ltr'>ἑαυτοῦ</span> <span class='ocrx_word' id='word_1_408' title='bbox 3186 1984 3590 2054; x_wconf 80' lang='grc' dir='ltr'>ὑπάρχουσιν,</span> <span class='ocrx_word' id='word_1_409' title='bbox 3636 1988 3709 2039; x_wconf 87' lang='grc' dir='ltr'>οὐ</span> <span class='ocrx_word' id='word_1_410' title='bbox 3735 1986 3845 2040; x_wconf 81' lang='grc' dir='ltr'>δύ-</span> 
     </span>
    </p>
   </div>
   <div class='ocr_carea' id='block_1_60' title="bbox 2274 2068 3843 2147">
    <p class='ocr_par' dir='ltr' id='par_1_60' title="bbox 2274 2068 3843 2147">
     <span class='ocr_line' id='line_1_60' title="bbox 2274 2068 3843 2147; baseline 0.004 -23"><span class='ocrx_word' id='word_1_411' title='bbox 2274 2072 2449 2125; x_wconf 78' lang='grc' dir='ltr'>ναταί</span> <span class='ocrx_word' id='word_1_412' title='bbox 2474 2089 2592 2143; x_wconf 81' lang='grc' dir='ltr'><strong>μου</strong></span> <span class='ocrx_word' id='word_1_413' title='bbox 2619 2068 2773 2127; x_wconf 79' lang='grc' dir='ltr'>εἷναι</span> <span class='ocrx_word' id='word_1_414' title='bbox 2796 2074 3071 2143; x_wconf 79' lang='grc' dir='ltr'>μαθητής</span> <span class='ocrx_word' id='word_1_415' title='bbox 3097 2091 3112 2107; x_wconf 74' lang='grc' dir='ltr'><strong>ο</strong></span> <span class='ocrx_word' id='word_1_416' title='bbox 3145 2077 3237 2130; x_wconf 74' lang='grc' dir='ltr'>καὶ</span> <span class='ocrx_word' id='word_1_417' title='bbox 3270 2074 3504 2145; x_wconf 81' lang='grc' dir='ltr'><strong>ἀλλαχοῦ</strong></span> <span class='ocrx_word' id='word_1_418' title='bbox 3563 2077 3843 2147; x_wconf 81' lang='grc' dir='ltr'>προστάσ-</span> 
     </span>
    </p>
   </div>
   <div class='ocr_carea' id='block_1_61' title="bbox 2278 2162 3844 2234">
    <p class='ocr_par' dir='ltr' id='par_1_61' title="bbox 2278 2162 3844 2234">
     <span class='ocr_line' id='line_1_61' title="bbox 2278 2162 3844 2234; baseline 0.004 -22"><span class='ocrx_word' id='word_1_419' title='bbox 2278 2175 2461 2223; x_wconf 88' lang='grc' dir='ltr'>σοντος</span> <span class='ocrx_word' id='word_1_420' title='bbox 2494 2177 2514 2191; x_wconf 72' lang='grc' dir='ltr'><strong><em>ο</em></strong></span> <span class='ocrx_word' id='word_1_421' title='bbox 2573 2162 2868 2230; x_wconf 75' lang='grc' dir='ltr'>Πὼλησόν</span> <span class='ocrx_word' id='word_1_422' title='bbox 2896 2180 3013 2219; x_wconf 84' lang='grc' dir='ltr'><strong>σου</strong></span> <span class='ocrx_word' id='word_1_423' title='bbox 3062 2164 3135 2218; x_wconf 77' lang='grc' dir='ltr'>τὰ</span> <span class='ocrx_word' id='word_1_424' title='bbox 3183 2164 3377 2218; x_wconf 76' lang='grc' dir='ltr'>πάντα</span> <span class='ocrx_word' id='word_1_425' title='bbox 3421 2165 3493 2219; x_wconf 83' lang='grc' dir='ltr'>τὰ</span> <span class='ocrx_word' id='word_1_426' title='bbox 3537 2165 3844 2234; x_wconf 76' lang='grc' dir='ltr'>ὑπάρχον-</span> 
     </span>
    </p>
   </div>
   <div class='ocr_carea' id='block_1_62' title="bbox 2274 2248 3844 2323">
    <p class='ocr_par' dir='ltr' id='par_1_62' title="bbox 2274 2248 3844 2323">
     <span class='ocr_line' id='line_1_62' title="bbox 2274 2248 3844 2323; baseline 0.003 -19"><span class='ocrx_word' id='word_1_427' title='bbox 2274 2266 2348 2304; x_wconf 80' lang='grc' dir='ltr'><strong>τα</strong></span> <span class='ocrx_word' id='word_1_428' title='bbox 2376 2250 2473 2303; x_wconf 82' lang='grc' dir='ltr'>καὶ</span> <span class='ocrx_word' id='word_1_429' title='bbox 2499 2248 2605 2317; x_wconf 82' lang='grc' dir='ltr'>δὸς</span> <span class='ocrx_word' id='word_1_430' title='bbox 2630 2253 2909 2322; x_wconf 80' lang='grc' dir='ltr'><strong>πτωχοῖς,</strong></span> <span class='ocrx_word' id='word_1_431' title='bbox 2944 2257 3042 2309; x_wconf 78' lang='grc' dir='ltr'><strong>καί</strong></span> <span class='ocrx_word' id='word_1_432' title='bbox 3092 2254 3248 2321; x_wconf 74' lang='grc' dir='ltr'>ἔξεις</span> <span class='ocrx_word' id='word_1_433' title='bbox 3295 2256 3606 2323; x_wconf 77' lang='grc' dir='ltr'>θησαυρὸν</span> <span class='ocrx_word' id='word_1_434' title='bbox 3641 2254 3710 2308; x_wconf 77' lang='grc' dir='ltr'>ἐν</span> <span class='ocrx_word' id='word_1_435' title='bbox 3742 2257 3844 2309; x_wconf 84' lang='grc' dir='ltr'><strong>οὐ·</strong></span> 
     </span>
    </p>
   </div>
   <div class='ocr_carea' id='block_1_63' title="bbox 2054 2336 3840 2414">
    <p class='ocr_par' dir='ltr' id='par_1_63' title="bbox 2054 2336 3840 2414">
     <span class='ocr_line' id='line_1_63' title="bbox 2054 2336 3840 2414; baseline 0.004 -23"><span class='ocrx_word' id='word_1_436' title='bbox 2054 2348 2171 2403; x_wconf 71' lang='lat' dir='ltr'><strong>heri</strong></span> <span class='ocrx_word' id='word_1_437' title='bbox 2264 2336 2477 2405; x_wconf 67' lang='grc' dir='ltr'>,ραν-οῖς</span> <span class='ocrx_word' id='word_1_438' title='bbox 2500 2339 2596 2392; x_wconf 83' lang='grc' dir='ltr'><strong>καί</strong></span> <span class='ocrx_word' id='word_1_439' title='bbox 2626 2338 2802 2409; x_wconf 82' lang='grc' dir='ltr'>δεῦρο</span> <span class='ocrx_word' id='word_1_440' title='bbox 2845 2343 3161 2398; x_wconf 71' lang='grc' dir='ltr'>ἀκολούθει</span> <span class='ocrx_word' id='word_1_441' title='bbox 3183 2361 3282 2413; x_wconf 77' lang='grc' dir='ltr'>μοι</span> <span class='ocrx_word' id='word_1_442' title='bbox 3306 2359 3323 2376; x_wconf 79' lang='grc' dir='ltr'><strong>ο</strong></span> <span class='ocrx_word' id='word_1_443' title='bbox 3362 2343 3671 2414; x_wconf 76' lang='grc' dir='ltr'><strong>ἐγείρουσιν</strong></span> <span class='ocrx_word' id='word_1_444' title='bbox 3710 2346 3840 2398; x_wconf 78' lang='grc' dir='ltr'>ἐαυ-</span> 
     </span>
    </p>
   </div>
   <div class='ocr_carea' id='block_1_64' title="bbox 2278 2430 3843 2507">
    <p class='ocr_par' dir='ltr' id='par_1_64' title="bbox 2278 2430 3843 2507">
     <span class='ocr_line' id='line_1_64' title="bbox 2278 2430 3843 2507; baseline 0.004 -25"><span class='ocrx_word' id='word_1_445' title='bbox 2278 2432 2393 2493; x_wconf 88' lang='grc' dir='ltr'>τοῖς</span> <span class='ocrx_word' id='word_1_446' title='bbox 2418 2430 2579 2495; x_wconf 88' lang='grc' dir='ltr'>ναούς</span> <span class='ocrx_word' id='word_1_447' title='bbox 2607 2447 2667 2484; x_wconf 84' lang='grc' dir='ltr'><strong>τε</strong></span> <span class='ocrx_word' id='word_1_448' title='bbox 2687 2434 2783 2485; x_wconf 78' lang='grc' dir='ltr'>καὶ</span> <span class='ocrx_word' id='word_1_449' title='bbox 2812 2436 3049 2503; x_wconf 83' lang='grc' dir='ltr'>μοναστή</span> <span class='ocrx_word' id='word_1_450' title='bbox 3061 2452 3173 2506; x_wconf 91' lang='grc' dir='ltr'>ρια,</span> <span class='ocrx_word' id='word_1_451' title='bbox 3197 2432 3315 2491; x_wconf 70' lang='grc' dir='ltr'>εἶτα</span> <span class='ocrx_word' id='word_1_452' title='bbox 3343 2436 3723 2507; x_wconf 78' lang='grc' dir='ltr'><strong>ἀσπασάμενοι</strong></span> <span class='ocrx_word' id='word_1_453' title='bbox 3780 2436 3843 2489; x_wconf 76' lang='grc' dir='ltr'>τὸ</span> 
     </span>
    </p>
   </div>
   <div class='ocr_carea' id='block_1_65' title="bbox 2271 2520 3838 2598">
    <p class='ocr_par' dir='ltr' id='par_1_65' title="bbox 2271 2520 3838 2598">
     <span class='ocr_line' id='line_1_65' title="bbox 2271 2520 3838 2598; baseline 0.004 -23"><span class='ocrx_word' id='word_1_454' title='bbox 2271 2520 2621 2593; x_wconf 84' lang='grc' dir='ltr'>ἐπάγγελμα,</span> <span class='ocrx_word' id='word_1_455' title='bbox 2650 2522 2759 2577; x_wconf 86' lang='grc' dir='ltr'><strong>τῶν</strong></span> <span class='ocrx_word' id='word_1_456' title='bbox 2782 2523 2993 2578; x_wconf 73' lang='grc' dir='ltr'>οἰκείων</span> <span class='ocrx_word' id='word_1_457' title='bbox 3022 2525 3245 2595; x_wconf 82' lang='grc' dir='ltr'>ἄρχουσί</span> <span class='ocrx_word' id='word_1_458' title='bbox 3280 2544 3337 2580; x_wconf 87' lang='grc' dir='ltr'><strong>τε</strong></span> <span class='ocrx_word' id='word_1_459' title='bbox 3372 2527 3465 2580; x_wconf 73' lang='grc' dir='ltr'>καὶ</span> <span class='ocrx_word' id='word_1_460' title='bbox 3494 2527 3838 2598; x_wconf 84' lang='grc' dir='ltr'>κυριεύουσι,</span> 
     </span>
    </p>
   </div>
   <div class='ocr_carea' id='block_1_66' title="bbox 2269 2614 3840 2690">
    <p class='ocr_par' dir='ltr' id='par_1_66' title="bbox 2269 2614 3840 2690">
     <span class='ocr_line' id='line_1_66' title="bbox 2269 2614 3840 2690; baseline 0.003 -23"><span class='ocrx_word' id='word_1_461' title='bbox 2269 2614 2487 2677; x_wconf 80' lang='grc' dir='ltr'><strong>δούλους</strong></span> <span class='ocrx_word' id='word_1_462' title='bbox 2508 2618 2600 2669; x_wconf 70' lang='grc' dir='ltr'>καὶ</span> <span class='ocrx_word' id='word_1_463' title='bbox 2626 2615 2758 2679; x_wconf 82' lang='grc' dir='ltr'>ὔλας</span> <span class='ocrx_word' id='word_1_464' title='bbox 2788 2615 3074 2688; x_wconf 76' lang='grc' dir='ltr'>διαφόρους</span> <span class='ocrx_word' id='word_1_465' title='bbox 3094 2617 3497 2688; x_wconf 72' lang='grc' dir='ltr'>ἐπισυρόμενοι,</span> <span class='ocrx_word' id='word_1_466' title='bbox 3516 2618 3642 2688; x_wconf 83' lang='grc' dir='ltr'>χθὲς</span> <span class='ocrx_word' id='word_1_467' title='bbox 3660 2620 3840 2690; x_wconf 82' lang='grc' dir='ltr'>ἀμύη-</span> 
     </span>
    </p>
   </div>
   <div class='ocr_carea' id='block_1_67' title="bbox 2269 2703 3838 2778">
    <p class='ocr_par' dir='ltr' id='par_1_67' title="bbox 2269 2703 3838 2778">
     <span class='ocr_line' id='line_1_67' title="bbox 2269 2703 3838 2778; baseline 0.005 -23"><span class='ocrx_word' id='word_1_468' title='bbox 2269 2718 2350 2756; x_wconf 88' lang='grc' dir='ltr'><strong>τοι</strong></span> <span class='ocrx_word' id='word_1_469' title='bbox 2401 2703 2495 2756; x_wconf 81' lang='grc' dir='ltr'>τοῦ</span> <span class='ocrx_word' id='word_1_470' title='bbox 2550 2704 3005 2776; x_wconf 79' lang='grc' dir='ltr'>ἐπαγγέλματος,</span> <span class='ocrx_word' id='word_1_471' title='bbox 3060 2707 3155 2759; x_wconf 83' lang='grc' dir='ltr'>καὶ</span> <span class='ocrx_word' id='word_1_472' title='bbox 3200 2707 3437 2778; x_wconf 74' lang='grc' dir='ltr'>σήμερον</span> <span class='ocrx_word' id='word_1_473' title='bbox 3491 2708 3567 2769; x_wconf 76' lang='grc' dir='ltr'><strong>ὡς</strong></span> <span class='ocrx_word' id='word_1_474' title='bbox 3618 2708 3838 2763; x_wconf 73' lang='grc' dir='ltr'>παλαιοὶ</span> 
     </span>
    </p>
   </div>
   <div class='ocr_carea' id='block_1_68' title="bbox 2271 2788 3833 2869">
    <p class='ocr_par' dir='ltr' id='par_1_68' title="bbox 2271 2788 3833 2869">
     <span class='ocr_line' id='line_1_68' title="bbox 2271 2788 3833 2869; baseline 0.003 -22"><span class='ocrx_word' id='word_1_475' title='bbox 2271 2793 2667 2866; x_wconf 87' lang='grc' dir='ltr'>καθηγούμενοι</span> <span class='ocrx_word' id='word_1_476' title='bbox 2689 2812 2703 2825; x_wconf 73' lang='grc' dir='ltr'><strong><em>ο</em></strong></span> <span class='ocrx_word' id='word_1_477' title='bbox 2731 2796 2855 2867; x_wconf 83' lang='grc' dir='ltr'>χθὲς</span> <span class='ocrx_word' id='word_1_478' title='bbox 2884 2796 2959 2869; x_wconf 76' lang='grc' dir='ltr'>μὴ</span> <span class='ocrx_word' id='word_1_479' title='bbox 2989 2797 3190 2861; x_wconf 86' lang='grc' dir='ltr'>είδότες</span> <span class='ocrx_word' id='word_1_480' title='bbox 3222 2798 3683 2869; x_wconf 73' lang='grc' dir='ltr'>χειραγωγεῖσθαι</span> <span class='ocrx_word' id='word_1_481' title='bbox 3726 2788 3833 2867; x_wconf 74' lang='grc' dir='ltr'>με·</span> 
     </span>
    </p>
   </div>
   <div class='ocr_carea' id='block_1_69' title="bbox 2268 2885 3837 2961">
    <p class='ocr_par' dir='ltr' id='par_1_69' title="bbox 2268 2885 3837 2961">
     <span class='ocr_line' id='line_1_69' title="bbox 2268 2885 3837 2961; baseline 0.004 -22"><span class='ocrx_word' id='word_1_482' title='bbox 2268 2885 2337 2939; x_wconf 85' lang='grc' dir='ltr'><strong>τά</strong></span> <span class='ocrx_word' id='word_1_483' title='bbox 2361 2886 2646 2955; x_wconf 81' lang='grc' dir='ltr'>συνέσεως,</span> <span class='ocrx_word' id='word_1_484' title='bbox 2682 2889 2775 2941; x_wconf 76' lang='grc' dir='ltr'>καὶ</span> <span class='ocrx_word' id='word_1_485' title='bbox 2807 2888 3044 2960; x_wconf 82' lang='grc' dir='ltr'>σήμερον</span> <span class='ocrx_word' id='word_1_486' title='bbox 3063 2894 3426 2961; x_wconf 77' lang='grc' dir='ltr'>χειραγωγεῖν</span> <span class='ocrx_word' id='word_1_487' title='bbox 3459 2892 3654 2954; x_wconf 76' lang='grc' dir='ltr'>ἄλλους</span> <span class='ocrx_word' id='word_1_488' title='bbox 3671 2893 3837 2946; x_wconf 85' lang='grc' dir='ltr'>ἀπαι-</span> 
     </span>
    </p>
   </div>
   <div class='ocr_carea' id='block_1_70' title="bbox 2268 2975 3827 3055">
    <p class='ocr_par' dir='ltr' id='par_1_70' title="bbox 2268 2975 3827 3055">
     <span class='ocr_line' id='line_1_70' title="bbox 2268 2975 3827 3055; baseline 0.006 -26"><span class='ocrx_word' id='word_1_489' title='bbox 2268 2976 2469 3041; x_wconf 84' lang='grc' dir='ltr'>δεύτως</span> <span class='ocrx_word' id='word_1_490' title='bbox 2504 2978 2921 3049; x_wconf 75' lang='grc' dir='ltr'>προαιρούμενοι</span> <span class='ocrx_word' id='word_1_491' title='bbox 2949 2996 2962 3010; x_wconf 77' lang='grc'><strong>’</strong></span> <span class='ocrx_word' id='word_1_492' title='bbox 3000 2975 3077 3034; x_wconf 84' lang='grc' dir='ltr'>ὧν</span> <span class='ocrx_word' id='word_1_493' title='bbox 3104 2983 3263 3053; x_wconf 82' lang='grc' dir='ltr'>ούχή</span> <span class='ocrx_word' id='word_1_494' title='bbox 3297 2983 3488 3054; x_wconf 79' lang='grc' dir='ltr'>ἀρετὴ,</span> <span class='ocrx_word' id='word_1_495' title='bbox 3538 2985 3572 3053; x_wconf 77' lang='grc' dir='ltr'><strong>ἡ</strong></span> <span class='ocrx_word' id='word_1_496' title='bbox 3628 2985 3827 3055; x_wconf 80' lang='grc' dir='ltr'>χρῆσις</span> 
     </span>
    </p>
   </div>
   <div class='ocr_carea' id='block_1_71' title="bbox 2267 3067 3836 3142">
    <p class='ocr_par' dir='ltr' id='par_1_71' title="bbox 2267 3067 3836 3142">
     <span class='ocr_line' id='line_1_71' title="bbox 2267 3067 3836 3142; baseline 0.004 -21"><span class='ocrx_word' id='word_1_497' title='bbox 2267 3068 2323 3121; x_wconf 85' lang='grc' dir='ltr'>δὲ</span> <span class='ocrx_word' id='word_1_498' title='bbox 2346 3067 2452 3122; x_wconf 86' lang='grc' dir='ltr'><strong>τῶν</strong></span> <span class='ocrx_word' id='word_1_499' title='bbox 2482 3069 2832 3140; x_wconf 79' lang='grc' dir='ltr'>ὑπαρχόντων</span> <span class='ocrx_word' id='word_1_500' title='bbox 2877 3071 2977 3140; x_wconf 76' lang='grc' dir='ltr'>τὴν</span> <span class='ocrx_word' id='word_1_501' title='bbox 3029 3073 3324 3142; x_wconf 81' lang='grc' dir='ltr'>ἠγεμονίαν</span> <span class='ocrx_word' id='word_1_502' title='bbox 3366 3074 3792 3128; x_wconf 82' lang='grc' dir='ltr'>κατεπίστευσεν</span> <span class='ocrx_word' id='word_1_503' title='bbox 3814 3111 3836 3139; x_wconf 86' lang='lat'><strong>,</strong></span> 
     </span>
    </p>
   </div>
   <div class='ocr_carea' id='block_1_72' title="bbox 2267 3159 3829 3233">
    <p class='ocr_par' dir='ltr' id='par_1_72' title="bbox 2267 3159 3829 3233">
     <span class='ocr_line' id='line_1_72' title="bbox 2267 3159 3829 3233; baseline 0.004 -22"><span class='ocrx_word' id='word_1_504' title='bbox 2267 3159 2317 3211; x_wconf 79' lang='grc' dir='ltr'>οἳ</span> <span class='ocrx_word' id='word_1_505' title='bbox 2346 3161 2557 3222; x_wconf 74' lang='grc' dir='ltr'>πολλοῖς</span> <span class='ocrx_word' id='word_1_506' title='bbox 2586 3160 2763 3214; x_wconf 85' lang='grc' dir='ltr'>ἐτεσιν</span> <span class='ocrx_word' id='word_1_507' title='bbox 2786 3159 3094 3229; x_wconf 80' lang='grc' dir='ltr'>ὀφείλοντες</span> <span class='ocrx_word' id='word_1_508' title='bbox 3126 3163 3392 3233; x_wconf 83' lang='grc' dir='ltr'>ἐκμαθεῖν</span> <span class='ocrx_word' id='word_1_509' title='bbox 3424 3163 3607 3227; x_wconf 84' lang='grc' dir='ltr'>καλῶς</span> <span class='ocrx_word' id='word_1_510' title='bbox 3643 3163 3706 3216; x_wconf 79' lang='grc' dir='ltr'>τὸ</span> <span class='ocrx_word' id='word_1_511' title='bbox 3731 3163 3829 3233; x_wconf 80' lang='grc' dir='ltr'>ἀρ-</span> 
     </span>
    </p>
   </div>
   <div class='ocr_carea' id='block_1_73' title="bbox 2266 3247 3830 3326">
    <p class='ocr_par' dir='ltr' id='par_1_73' title="bbox 2266 3247 3830 3326">
     <span class='ocr_line' id='line_1_73' title="bbox 2266 3247 3830 3326; baseline 0.005 -23"><span class='ocrx_word' id='word_1_512' title='bbox 2266 3250 2478 3320; x_wconf 87' lang='grc' dir='ltr'>χεσθαι,</span> <span class='ocrx_word' id='word_1_513' title='bbox 2518 3247 2617 3304; x_wconf 75' lang='grc' dir='ltr'>εἷθ’</span> <span class='ocrx_word' id='word_1_514' title='bbox 2647 3252 2821 3317; x_wconf 79' lang='grc' dir='ltr'>οὕτως</span> <span class='ocrx_word' id='word_1_515' title='bbox 2847 3254 2941 3308; x_wconf 66' lang='grc' dir='ltr'>ἐπὶ</span> <span class='ocrx_word' id='word_1_516' title='bbox 2964 3254 3026 3309; x_wconf 78' lang='grc' dir='ltr'>τὸ</span> <span class='ocrx_word' id='word_1_517' title='bbox 3049 3253 3240 3325; x_wconf 81' lang='grc' dir='ltr'>ἄρχειν</span> <span class='ocrx_word' id='word_1_518' title='bbox 3288 3255 3517 3320; x_wconf 83' lang='grc' dir='ltr'>ἀνιέναι,</span> <span class='ocrx_word' id='word_1_519' title='bbox 3571 3256 3677 3326; x_wconf 68' lang='grc' dir='ltr'>πρὸ</span> <span class='ocrx_word' id='word_1_520' title='bbox 3732 3256 3830 3325; x_wconf 84' lang='grc' dir='ltr'>τῆς</span> 
     </span>
    </p>
   </div>
   <div class='ocr_carea' id='block_1_74' title="bbox 2266 3341 3831 3418">
    <p class='ocr_par' dir='ltr' id='par_1_74' title="bbox 2266 3341 3831 3418">
     <span class='ocr_line' id='line_1_74' title="bbox 2266 3341 3831 3418; baseline 0.003 -25"><span class='ocrx_word' id='word_1_521' title='bbox 2266 3341 2462 3414; x_wconf 85' lang='grc' dir='ltr'>πείρας</span> <span class='ocrx_word' id='word_1_522' title='bbox 2511 3346 2604 3396; x_wconf 75' lang='grc' dir='ltr'>τοῦ</span> <span class='ocrx_word' id='word_1_523' title='bbox 2634 3347 2906 3417; x_wconf 78' lang='grc' dir='ltr'>προτέρου</span> <span class='ocrx_word' id='word_1_524' title='bbox 2936 3344 3287 3410; x_wconf 70' lang='grc' dir='ltr'>ἐπικινδύνως</span> <span class='ocrx_word' id='word_1_525' title='bbox 3314 3346 3406 3400; x_wconf 77' lang='grc' dir='ltr'><strong>τοῦ</strong></span> <span class='ocrx_word' id='word_1_526' title='bbox 3437 3346 3692 3418; x_wconf 83' lang='grc' dir='ltr'>δευτέρου</span> <span class='ocrx_word' id='word_1_527' title='bbox 3717 3348 3831 3400; x_wconf 83' lang='grc' dir='ltr'>ἐπι·</span> 
     </span>
    </p>
   </div>
   <div class='ocr_carea' id='block_1_75' title="bbox 2265 3433 3830 3508">
    <p class='ocr_par' dir='ltr' id='par_1_75' title="bbox 2265 3433 3830 3508">
     <span class='ocr_line' id='line_1_75' title="bbox 2265 3433 3830 3508; baseline 0.004 -23"><span class='ocrx_word' id='word_1_528' title='bbox 2265 3433 2650 3502; x_wconf 77' lang='grc' dir='ltr'>λαμϐάνοντες,</span> <span class='ocrx_word' id='word_1_529' title='bbox 2712 3437 2983 3500; x_wconf 81' lang='grc' dir='ltr'>τοιούτους</span> <span class='ocrx_word' id='word_1_530' title='bbox 3057 3436 3497 3508; x_wconf 78' lang='grc' dir='ltr'>ἀπεργαζόμενοι</span> <span class='ocrx_word' id='word_1_531' title='bbox 3543 3440 3674 3500; x_wconf 82' lang='grc' dir='ltr'>τοὺς</span> <span class='ocrx_word' id='word_1_532' title='bbox 3730 3438 3830 3491; x_wconf 72' lang='grc' dir='ltr'>ὑπὸ</span> 
     </span>
    </p>
   </div>
   <div class='ocr_carea' id='block_1_76' title="bbox 2266 3516 3830 3598">
    <p class='ocr_par' dir='ltr' id='par_1_76' title="bbox 2266 3516 3830 3598">
     <span class='ocr_line' id='line_1_76' title="bbox 2266 3516 3830 3598; baseline 0.003 -24"><span class='ocrx_word' id='word_1_533' title='bbox 2266 3523 2473 3591; x_wconf 81' lang='grc' dir='ltr'>χεῖρας,</span> <span class='ocrx_word' id='word_1_534' title='bbox 2502 3516 2603 3576; x_wconf 75' lang='grc' dir='ltr'>οἷοι</span> <span class='ocrx_word' id='word_1_535' title='bbox 2635 3526 2905 3581; x_wconf 67' lang='grc' dir='ltr'>καὶείσίν.</span> <span class='ocrx_word' id='word_1_536' title='bbox 2970 3524 3029 3579; x_wconf 84' lang='lat'><strong>&#39;0</strong></span> <span class='ocrx_word' id='word_1_537' title='bbox 3082 3526 3139 3580; x_wconf 80' lang='grc' dir='ltr'>δὲ</span> <span class='ocrx_word' id='word_1_538' title='bbox 3190 3526 3374 3597; x_wconf 77' lang='grc' dir='ltr'>ἐπειδὴ</span> <span class='ocrx_word' id='word_1_539' title='bbox 3427 3526 3688 3597; x_wconf 80' lang='grc' dir='ltr'>ἀληθινὴν</span> <span class='ocrx_word' id='word_1_540' title='bbox 3736 3527 3830 3598; x_wconf 79' lang='grc' dir='ltr'>τὴν</span> 
     </span>
    </p>
   </div>
   <div class='ocr_carea' id='block_1_77' title="bbox 2264 3614 3830 3688">
    <p class='ocr_par' dir='ltr' id='par_1_77' title="bbox 2264 3614 3830 3688">
     <span class='ocr_line' id='line_1_77' title="bbox 2264 3614 3830 3688; baseline 0.003 -23"><span class='ocrx_word' id='word_1_541' title='bbox 2264 3614 2544 3685; x_wconf 82' lang='grc' dir='ltr'>ἀποταγὴν</span> <span class='ocrx_word' id='word_1_542' title='bbox 2578 3616 2887 3687; x_wconf 77' lang='grc' dir='ltr'>ἐποιήσατο,</span> <span class='ocrx_word' id='word_1_543' title='bbox 2921 3617 3207 3671; x_wconf 74' lang='grc' dir='ltr'>ἀνόθευτον</span> <span class='ocrx_word' id='word_1_544' title='bbox 3260 3619 3354 3671; x_wconf 76' lang='grc' dir='ltr'>καὶ</span> <span class='ocrx_word' id='word_1_545' title='bbox 3402 3619 3499 3687; x_wconf 81' lang='grc' dir='ltr'>τὴν</span> <span class='ocrx_word' id='word_1_546' title='bbox 3552 3619 3830 3688; x_wconf 75' lang='grc' dir='ltr'>ὑποταγὴν</span> 
     </span>
    </p>
   </div>
   <div class='ocr_carea' id='block_1_78' title="bbox 2263 3704 3830 3781">
    <p class='ocr_par' dir='ltr' id='par_1_78' title="bbox 2263 3704 3830 3781">
     <span class='ocr_line' id='line_1_78' title="bbox 2263 3704 3830 3781; baseline 0.005 -26"><span class='ocrx_word' id='word_1_547' title='bbox 2263 3704 2535 3758; x_wconf 84' lang='grc' dir='ltr'>δείκνυσιν</span> <span class='ocrx_word' id='word_1_548' title='bbox 2568 3722 2582 3737; x_wconf 91' lang='grc'><strong>·</strong></span> <span class='ocrx_word' id='word_1_549' title='bbox 2611 3709 2704 3761; x_wconf 72' lang='grc' dir='ltr'>καὶ</span> <span class='ocrx_word' id='word_1_550' title='bbox 2760 3709 2869 3779; x_wconf 93' lang='grc' dir='ltr'><strong>γάρ</strong></span> <span class='ocrx_word' id='word_1_551' title='bbox 2923 3711 3246 3780; x_wconf 84' lang='grc' dir='ltr'>προηγεῖται</span> <span class='ocrx_word' id='word_1_552' title='bbox 3316 3707 3411 3761; x_wconf 76' lang='grc' dir='ltr'>τοῦ</span> <span class='ocrx_word' id='word_1_553' title='bbox 3470 3710 3727 3781; x_wconf 82' lang='grc' dir='ltr'>δευτέρου</span> <span class='ocrx_word' id='word_1_554' title='bbox 3771 3712 3830 3764; x_wconf 77' lang='grc' dir='ltr'>τὸ</span> 
     </span>
    </p>
   </div>
   <div class='ocr_carea' id='block_1_79' title="bbox 2264 3797 3830 3873">
    <p class='ocr_par' dir='ltr' id='par_1_79' title="bbox 2264 3797 3830 3873">
     <span class='ocr_line' id='line_1_79' title="bbox 2264 3797 3830 3873; baseline 0.006 -25"><span class='ocrx_word' id='word_1_555' title='bbox 2264 3797 2548 3868; x_wconf 85' lang='grc' dir='ltr'>πρότερον,</span> <span class='ocrx_word' id='word_1_556' title='bbox 2615 3800 2691 3863; x_wconf 83' lang='grc' dir='ltr'><strong>ὡς</strong></span> <span class='ocrx_word' id='word_1_557' title='bbox 2764 3801 3017 3872; x_wconf 82' lang='grc' dir='ltr'>ἀστραπὴ</span> <span class='ocrx_word' id='word_1_558' title='bbox 3077 3802 3322 3873; x_wconf 84' lang='grc' dir='ltr'>βροντῆς,</span> <span class='ocrx_word' id='word_1_559' title='bbox 3382 3802 3477 3856; x_wconf 78' lang='grc' dir='ltr'>καὶ</span> <span class='ocrx_word' id='word_1_560' title='bbox 3555 3802 3830 3873; x_wconf 75' lang='grc' dir='ltr'>ἑωσφόρος</span> 
     </span>
    </p>
   </div>
   <div class='ocr_carea' id='block_1_80' title="bbox 2257 3888 3830 3965">
    <p class='ocr_par' dir='ltr' id='par_1_80' title="bbox 2257 3888 3830 3965">
     <span class='ocr_line' id='line_1_80' title="bbox 2257 3888 3830 3965; baseline 0.011 -28"><span class='ocrx_word' id='word_1_561' title='bbox 2257 3888 2410 3957; x_wconf 71' lang='grc' dir='ltr'>ἡλίου</span> <span class='ocrx_word' id='word_1_562' title='bbox 2474 3889 2781 3960; x_wconf 74' lang='grc' dir='ltr'>ἀνίσχοντος</span> <span class='ocrx_word' id='word_1_563' title='bbox 2809 3908 2823 3923; x_wconf 87' lang='grc'><strong>·</strong></span> <span class='ocrx_word' id='word_1_564' title='bbox 2856 3894 2885 3945; x_wconf 83' lang='grc' dir='ltr'>ὁ</span> <span class='ocrx_word' id='word_1_565' title='bbox 2952 3893 3060 3963; x_wconf 80' lang='grc' dir='ltr'>γὰρ</span> <span class='ocrx_word' id='word_1_566' title='bbox 3141 3895 3340 3965; x_wconf 79' lang='grc' dir='ltr'>ἄριστα</span> <span class='ocrx_word' id='word_1_567' title='bbox 3396 3892 3830 3965; x_wconf 79' lang='grc' dir='ltr'>ἀποταξάμενος.</span> 
     </span>
    </p>
   </div>
   <div class='ocr_carea' id='block_1_81' title="bbox 611 3973 3780 4060">
    <p class='ocr_par' dir='ltr' id='par_1_81' title="bbox 611 3973 3780 4060">
     <span class='ocr_line' id='line_1_81' title="bbox 611 3973 3780 4060; baseline 0.003 -30"><span class='ocrx_word' id='word_1_568' title='bbox 611 3976 811 4046; x_wconf 79' lang='grc' dir='ltr'>ἄριστα</span> <span class='ocrx_word' id='word_1_569' title='bbox 877 3973 1076 4045; x_wconf 85' lang='grc' dir='ltr'>δηλαδὴ</span> <span class='ocrx_word' id='word_1_570' title='bbox 1122 3973 1215 4027; x_wconf 77' lang='grc' dir='ltr'>καὶ</span> <span class='ocrx_word' id='word_1_571' title='bbox 1241 3973 1642 4045; x_wconf 68' lang='grc' dir='ltr'>ὑποταγήσεται</span> <span class='ocrx_word' id='word_1_572' title='bbox 1663 3990 1680 4004; x_wconf 83' lang='lat'><strong><em>°</em></strong></span> <span class='ocrx_word' id='word_1_573' title='bbox 1709 3977 1738 4028; x_wconf 86' lang='grc' dir='ltr'><strong>δ</strong></span> <span class='ocrx_word' id='word_1_574' title='bbox 1762 3974 1817 4029; x_wconf 86' lang='grc' dir='ltr'><strong>δέ</strong></span> <span class='ocrx_word' id='word_1_575' title='bbox 1863 3975 1984 4030; x_wconf 76' lang='grc' dir='ltr'>καθ’</span> <span class='ocrx_word' id='word_1_576' title='bbox 2006 3977 2269 4049; x_wconf 83' lang='grc' dir='ltr'>ἑκάτερον</span> <span class='ocrx_word' id='word_1_577' title='bbox 2304 3982 2624 4051; x_wconf 81' lang='grc' dir='ltr'>σκολιώσας,</span> <span class='ocrx_word' id='word_1_578' title='bbox 2665 3987 2762 4040; x_wconf 74' lang='grc' dir='ltr'><strong>καὶ</strong></span> <span class='ocrx_word' id='word_1_579' title='bbox 2794 3988 2853 4042; x_wconf 81' lang='grc' dir='ltr'><strong>ἐν</strong></span> <span class='ocrx_word' id='word_1_580' title='bbox 2904 3987 3118 4060; x_wconf 84' lang='grc' dir='ltr'>θατέρῳ</span> <span class='ocrx_word' id='word_1_581' title='bbox 3141 3989 3382 4059; x_wconf 85' lang='grc' dir='ltr'>δηλονότι</span> <span class='ocrx_word' id='word_1_582' title='bbox 3434 3989 3780 4058; x_wconf 78' lang='grc' dir='ltr'>χωλανεϊται.</span> 
     </span>
    </p>
   </div>
   <div class='ocr_carea' id='block_1_82' title="bbox 682 4067 2253 4136">
    <p class='ocr_par' dir='ltr' id='par_1_82' title="bbox 682 4067 2253 4136">
     <span class='ocr_line' id='line_1_82' title="bbox 682 4067 2253 4136; baseline 0.003 -15"><span class='ocrx_word' id='word_1_583' title='bbox 682 4069 769 4123; x_wconf 69' lang='grc'><strong>40.</strong></span> <span class='ocrx_word' id='word_1_584' title='bbox 802 4068 939 4122; x_wconf 85' lang='lat' dir='ltr'><strong>Sunt</strong></span> <span class='ocrx_word' id='word_1_585' title='bbox 969 4075 1147 4122; x_wconf 90' lang='lat' dir='ltr'><strong>autem</strong></span> <span class='ocrx_word' id='word_1_586' title='bbox 1197 4067 1414 4123; x_wconf 76' lang='lat' dir='ltr'><strong>virtutis</strong></span> <span class='ocrx_word' id='word_1_587' title='bbox 1448 4067 1707 4123; x_wconf 75' lang='lat' dir='ltr'><strong>exercitia</strong></span> <span class='ocrx_word' id='word_1_588' title='bbox 1738 4068 1929 4136; x_wconf 91' lang='lat' dir='ltr'><strong>multa,</strong></span> <span class='ocrx_word' id='word_1_589' title='bbox 1991 4070 2158 4125; x_wconf 86' lang='lat' dir='ltr'><strong>absti-</strong></span> <span class='ocrx_word' id='word_1_590' title='bbox 2250 4081 2253 4084; x_wconf 78' lang='lat'><em>‘</em></span> 
     </span>
    </p>
   </div>
   <div class='ocr_carea' id='block_1_83' title="bbox 609 4159 2154 4231">
    <p class='ocr_par' dir='ltr' id='par_1_83' title="bbox 609 4159 2154 4231">
     <span class='ocr_line' id='line_1_83' title="bbox 609 4159 2154 4231; baseline 0.002 -19"><span class='ocrx_word' id='word_1_591' title='bbox 609 4161 803 4214; x_wconf 74' lang='lat' dir='ltr'><strong>nentiae</strong></span> <span class='ocrx_word' id='word_1_592' title='bbox 851 4159 1190 4225; x_wconf 76' lang='lat' dir='ltr'><strong>extenuatio,</strong></span> <span class='ocrx_word' id='word_1_593' title='bbox 1248 4159 1425 4213; x_wconf 82' lang='lat' dir='ltr'><strong>somni</strong></span> <span class='ocrx_word' id='word_1_594' title='bbox 1483 4160 1736 4229; x_wconf 85' lang='lat' dir='ltr'><strong>parcitas,</strong></span> <span class='ocrx_word' id='word_1_595' title='bbox 1795 4160 2154 4231; x_wconf 80' lang='lat' dir='ltr'><strong>lacrymarum</strong></span> 
     </span>
    </p>
   </div>
   <div class='ocr_carea' id='block_1_84' title="bbox 606 4250 2157 4317">
    <p class='ocr_par' dir='ltr' id='par_1_84' title="bbox 606 4250 2157 4317">
     <span class='ocr_line' id='line_1_84' title="bbox 606 4250 2157 4317; baseline 0.001 -12"><span class='ocrx_word' id='word_1_596' title='bbox 606 4251 909 4314; x_wconf 85' lang='lat' dir='ltr'><strong>evacuatio,</strong></span> <span class='ocrx_word' id='word_1_597' title='bbox 942 4251 1205 4305; x_wconf 89' lang='lat' dir='ltr'><strong>orationis</strong></span> <span class='ocrx_word' id='word_1_598' title='bbox 1239 4250 1511 4317; x_wconf 85' lang='lat' dir='ltr'><strong>alacritas,</strong></span> <span class='ocrx_word' id='word_1_599' title='bbox 1545 4251 2005 4307; x_wconf 87' lang='lat' dir='ltr'><strong>humicubationis</strong></span> <span class='ocrx_word' id='word_1_600' title='bbox 2040 4267 2157 4307; x_wconf 85' lang='lat' dir='ltr'><strong>mo-</strong></span> 
     </span>
    </p>
   </div>
   <div class='ocr_carea' id='block_1_85' title="bbox 605 4341 2158 4413">
    <p class='ocr_par' dir='ltr' id='par_1_85' title="bbox 605 4341 2158 4413">
     <span class='ocr_line' id='line_1_85' title="bbox 605 4341 2158 4413; baseline 0.001 -18"><span class='ocrx_word' id='word_1_601' title='bbox 605 4341 787 4407; x_wconf 85' lang='lat' dir='ltr'><strong>lestia,</strong></span> <span class='ocrx_word' id='word_1_602' title='bbox 830 4343 1054 4396; x_wconf 85' lang='lat' dir='ltr'><strong>vestitus</strong></span> <span class='ocrx_word' id='word_1_603' title='bbox 1084 4342 1288 4405; x_wconf 83' lang='lat' dir='ltr'><strong>vilitas,</strong></span> <span class='ocrx_word' id='word_1_604' title='bbox 1348 4357 1607 4397; x_wconf 90' lang='lat' dir='ltr'><strong>manuum</strong></span> <span class='ocrx_word' id='word_1_605' title='bbox 1664 4342 1925 4413; x_wconf 86' lang='lat' dir='ltr'><strong>operatio,</strong></span> <span class='ocrx_word' id='word_1_606' title='bbox 1994 4358 2158 4412; x_wconf 81' lang='lat' dir='ltr'><strong>genu-</strong></span> 
     </span>
    </p>
   </div>
   <div class='ocr_carea' id='block_1_86' title="bbox 604 4433 2158 4505">
    <p class='ocr_par' dir='ltr' id='par_1_86' title="bbox 604 4433 2158 4505">
     <span class='ocr_line' id='line_1_86' title="bbox 604 4433 2158 4505; baseline 0 -16"><span class='ocrx_word' id='word_1_607' title='bbox 604 4434 899 4489; x_wconf 77' lang='lat' dir='ltr'><strong>ﬂexionum</strong></span> <span class='ocrx_word' id='word_1_608' title='bbox 961 4433 1284 4503; x_wconf 88' lang='lat' dir='ltr'><strong>frequentia,</strong></span> <span class='ocrx_word' id='word_1_609' title='bbox 1321 4436 1511 4490; x_wconf 87' lang='lat' dir='ltr'><strong>mortis</strong></span> <span class='ocrx_word' id='word_1_610' title='bbox 1560 4436 1862 4499; x_wconf 83' lang='lat' dir='ltr'><strong>meditatio,</strong></span> <span class='ocrx_word' id='word_1_611' title='bbox 1927 4436 2158 4505; x_wconf 85' lang='lat' dir='ltr'><strong>psalmo-</strong></span> 
     </span>
    </p>
   </div>
   <div class='ocr_carea' id='block_1_87' title="bbox 604 4502 2237 4595">
    <p class='ocr_par' dir='ltr' id='par_1_87' title="bbox 604 4502 2237 4595">
     <span class='ocr_line' id='line_1_87' title="bbox 604 4502 2237 4595; baseline 0 -14"><span class='ocrx_word' id='word_1_612' title='bbox 604 4526 706 4581; x_wconf 65' lang='grc' dir='ltr'><strong>ἀίω</strong></span> <span class='ocrx_word' id='word_1_613' title='bbox 761 4526 1092 4590; x_wconf 87' lang='lat' dir='ltr'><strong>assiduitas,</strong></span> <span class='ocrx_word' id='word_1_614' title='bbox 1146 4526 1542 4595; x_wconf 80' lang='lat' dir='ltr'><strong>perseverantia</strong></span> <span class='ocrx_word' id='word_1_615' title='bbox 1611 4528 1887 4582; x_wconf 81' lang='lat' dir='ltr'><strong>stationis.</strong></span> <span class='ocrx_word' id='word_1_616' title='bbox 1952 4526 2155 4581; x_wconf 84' lang='lat' dir='ltr'><strong>Horum</strong></span> <span class='ocrx_word' id='word_1_617' title='bbox 2190 4502 2237 4561; x_wconf 71' lang='grc' dir='ltr'><strong>θ</strong></span> 
     </span>
    </p>
   </div>
   <div class='ocr_carea' id='block_1_88' title="bbox 607 4618 2155 4688">
    <p class='ocr_par' dir='ltr' id='par_1_88' title="bbox 607 4618 2155 4688">
     <span class='ocr_line' id='line_1_88' title="bbox 607 4618 2155 4688; baseline 0.002 -17"><span class='ocrx_word' id='word_1_618' title='bbox 607 4628 786 4671; x_wconf 82' lang='lat' dir='ltr'><strong>tamen</strong></span> <span class='ocrx_word' id='word_1_619' title='bbox 816 4620 1061 4671; x_wconf 88' lang='lat' dir='ltr'><strong>omnium</strong></span> <span class='ocrx_word' id='word_1_620' title='bbox 1097 4618 1232 4671; x_wconf 88' lang='lat' dir='ltr'><strong>nihil</strong></span> <span class='ocrx_word' id='word_1_621' title='bbox 1263 4619 1335 4671; x_wconf 88' lang='lat' dir='ltr'><strong>ita</strong></span> <span class='ocrx_word' id='word_1_622' title='bbox 1364 4618 1731 4673; x_wconf 89' lang='lat' dir='ltr'><strong>necessarium</strong></span> <span class='ocrx_word' id='word_1_623' title='bbox 1765 4620 1813 4673; x_wconf 89' lang='lat' dir='ltr'><strong>ei</strong></span> <span class='ocrx_word' id='word_1_624' title='bbox 1844 4620 1935 4688; x_wconf 93' lang='lat' dir='ltr'><strong>qui</strong></span> <span class='ocrx_word' id='word_1_625' title='bbox 1969 4620 2155 4674; x_wconf 87' lang='lat' dir='ltr'><strong>subest</strong></span> 
     </span>
    </p>
   </div>
   <div class='ocr_carea' id='block_1_89' title="bbox 605 4709 2157 4782">
    <p class='ocr_par' dir='ltr' id='par_1_89' title="bbox 605 4709 2157 4782">
     <span class='ocr_line' id='line_1_89' title="bbox 605 4709 2157 4782; baseline 0.002 -19"><span class='ocrx_word' id='word_1_626' title='bbox 605 4718 769 4778; x_wconf 85' lang='lat' dir='ltr'><strong>atque</strong></span> <span class='ocrx_word' id='word_1_627' title='bbox 812 4710 1126 4764; x_wconf 75' lang='lat' dir='ltr'><strong>exercitium</strong></span> <span class='ocrx_word' id='word_1_628' title='bbox 1154 4710 1378 4765; x_wconf 69' lang='lat' dir='ltr'><strong>sincera:</strong></span> <span class='ocrx_word' id='word_1_629' title='bbox 1408 4709 1774 4767; x_wconf 83' lang='lat' dir='ltr'><strong>confessionis</strong></span> <span class='ocrx_word' id='word_1_630' title='bbox 1806 4720 1861 4765; x_wconf 91' lang='lat' dir='ltr'><strong>et</strong></span> <span class='ocrx_word' id='word_1_631' title='bbox 1908 4711 2157 4782; x_wconf 62' lang='lat' dir='ltr'><strong>perfectae</strong></span> 
     </span>
    </p>
   </div>
   <div class='ocr_carea' id='block_1_90' title="bbox 603 4797 2157 4867">
    <p class='ocr_par' dir='ltr' id='par_1_90' title="bbox 603 4797 2157 4867">
     <span class='ocr_line' id='line_1_90' title="bbox 603 4797 2157 4867; baseline 0.003 -17"><span class='ocrx_word' id='word_1_632' title='bbox 603 4797 975 4851; x_wconf 52' lang='lat' dir='ltr'><strong>obedientiam</strong></span> <span class='ocrx_word' id='word_1_633' title='bbox 1034 4799 1233 4867; x_wconf 88' lang='lat' dir='ltr'><strong>quibus</strong></span> <span class='ocrx_word' id='word_1_634' title='bbox 1295 4800 1630 4853; x_wconf 86' lang='lat' dir='ltr'><strong>illuminatur</strong></span> <span class='ocrx_word' id='word_1_635' title='bbox 1684 4801 1881 4865; x_wconf 89' lang='lat' dir='ltr'><strong>anima,</strong></span> <span class='ocrx_word' id='word_1_636' title='bbox 1929 4802 2157 4854; x_wconf 74' lang='lat' dir='ltr'><strong>mortifi-</strong></span> 
     </span>
    </p>
   </div>
   <div class='ocr_carea' id='block_1_91' title="bbox 603 4883 2153 4958">
    <p class='ocr_par' dir='ltr' id='par_1_91' title="bbox 603 4883 2153 4958">
     <span class='ocr_line' id='line_1_91' title="bbox 603 4883 2153 4958; baseline 0.005 -19"><span class='ocrx_word' id='word_1_637' title='bbox 603 4894 758 4939; x_wconf 81' lang='lat' dir='ltr'><strong>catur</strong></span> <span class='ocrx_word' id='word_1_638' title='bbox 808 4883 1080 4951; x_wconf 84' lang='lat' dir='ltr'><strong>voluntas,</strong></span> <span class='ocrx_word' id='word_1_639' title='bbox 1115 4897 1169 4940; x_wconf 92' lang='lat' dir='ltr'><strong>et</strong></span> <span class='ocrx_word' id='word_1_640' title='bbox 1230 4888 1467 4957; x_wconf 85' lang='lat' dir='ltr'><strong>perfecta</strong></span> <span class='ocrx_word' id='word_1_641' title='bbox 1519 4887 1789 4943; x_wconf 85' lang='lat' dir='ltr'><strong>obtinetur</strong></span> <span class='ocrx_word' id='word_1_642' title='bbox 1842 4889 2153 4958; x_wconf 78' lang='lat' dir='ltr'><strong>conjunctio</strong></span> 
     </span>
    </p>
   </div>
   <div class='ocr_carea' id='block_1_92' title="bbox 602 4973 2150 5049">
    <p class='ocr_par' dir='ltr' id='par_1_92' title="bbox 602 4973 2150 5049">
     <span class='ocr_line' id='line_1_92' title="bbox 602 4973 2150 5049; baseline 0.005 -23"><span class='ocrx_word' id='word_1_643' title='bbox 602 4973 721 5042; x_wconf 85' lang='lat' dir='ltr'><strong>ejus</strong></span> <span class='ocrx_word' id='word_1_644' title='bbox 749 4974 842 5043; x_wconf 92' lang='lat' dir='ltr'><strong>qui</strong></span> <span class='ocrx_word' id='word_1_645' title='bbox 877 4974 1226 5044; x_wconf 88' lang='lat' dir='ltr'><strong>spiritualiter</strong></span> <span class='ocrx_word' id='word_1_646' title='bbox 1258 4977 1495 5032; x_wconf 87' lang='lat' dir='ltr'><strong>nascitur</strong></span> <span class='ocrx_word' id='word_1_647' title='bbox 1543 4993 1664 5032; x_wconf 88' lang='lat' dir='ltr'><strong>cum</strong></span> <span class='ocrx_word' id='word_1_648' title='bbox 1698 4993 1762 5032; x_wconf 90' lang='lat' dir='ltr'><strong>eo</strong></span> <span class='ocrx_word' id='word_1_649' title='bbox 1818 4979 1906 5046; x_wconf 87' lang='lat' dir='ltr'><strong>qui</strong></span> <span class='ocrx_word' id='word_1_650' title='bbox 1960 4981 2150 5049; x_wconf 78' lang='lat' dir='ltr'><strong>gignit.</strong></span> 
     </span>
    </p>
   </div>
   <div class='ocr_carea' id='block_1_93' title="bbox 604 5068 2149 5139">
    <p class='ocr_par' dir='ltr' id='par_1_93' title="bbox 604 5068 2149 5139">
     <span class='ocr_line' id='line_1_93' title="bbox 604 5068 2149 5139; baseline 0.004 -18"><span class='ocrx_word' id='word_1_651' title='bbox 604 5068 721 5121; x_wconf 87' lang='lat' dir='ltr'><strong>Duo</strong></span> <span class='ocrx_word' id='word_1_652' title='bbox 758 5069 870 5121; x_wconf 67' lang='lat' dir='ltr'><strong>haec</strong></span> <span class='ocrx_word' id='word_1_653' title='bbox 912 5071 1121 5123; x_wconf 70' lang='lat' dir='ltr'><strong>caeteris</strong></span> <span class='ocrx_word' id='word_1_654' title='bbox 1150 5070 1401 5124; x_wconf 84' lang='lat' dir='ltr'><strong>omnibus</strong></span> <span class='ocrx_word' id='word_1_655' title='bbox 1428 5086 1531 5125; x_wconf 89' lang='lat' dir='ltr'><strong>non</strong></span> <span class='ocrx_word' id='word_1_656' title='bbox 1559 5071 1872 5139; x_wconf 68' lang='lat' dir='ltr'><strong>praeferens,</strong></span> <span class='ocrx_word' id='word_1_657' title='bbox 1903 5072 2149 5127; x_wconf 77' lang='lat' dir='ltr'><strong>infirmus</strong></span> 
     </span>
    </p>
   </div>
   <div class='ocr_carea' id='block_1_94' title="bbox 602 5159 2154 5231">
    <p class='ocr_par' dir='ltr' id='par_1_94' title="bbox 602 5159 2154 5231">
     <span class='ocr_line' id='line_1_94' title="bbox 602 5159 2154 5231; baseline 0.003 -18"><span class='ocrx_word' id='word_1_658' title='bbox 602 5161 666 5213; x_wconf 88' lang='lat' dir='ltr'><strong>ad</strong></span> <span class='ocrx_word' id='word_1_659' title='bbox 701 5159 1055 5213; x_wconf 87' lang='lat' dir='ltr'><strong>obedientiam</strong></span> <span class='ocrx_word' id='word_1_660' title='bbox 1086 5160 1227 5225; x_wconf 83' lang='lat' dir='ltr'><strong>erit;</strong></span> <span class='ocrx_word' id='word_1_661' title='bbox 1259 5170 1420 5230; x_wconf 88' lang='lat' dir='ltr'><strong>atque</strong></span> <span class='ocrx_word' id='word_1_662' title='bbox 1452 5162 1521 5215; x_wconf 88' lang='lat' dir='ltr'><strong>ita</strong></span> <span class='ocrx_word' id='word_1_663' title='bbox 1552 5177 1644 5231; x_wconf 90' lang='lat' dir='ltr'><strong>per</strong></span> <span class='ocrx_word' id='word_1_664' title='bbox 1697 5178 1816 5231; x_wconf 66' lang='lat' dir='ltr'><strong>quae</strong></span> <span class='ocrx_word' id='word_1_665' title='bbox 1872 5163 2154 5218; x_wconf 77' lang='lat' dir='ltr'><strong>videbatur</strong></span> 
     </span>
    </p>
   </div>
   <div class='ocr_carea' id='block_1_95' title="bbox 603 5250 2150 5322">
    <p class='ocr_par' dir='ltr' id='par_1_95' title="bbox 603 5250 2150 5322">
     <span class='ocr_line' id='line_1_95' title="bbox 603 5250 2150 5322; baseline 0.005 -19"><span class='ocrx_word' id='word_1_666' title='bbox 603 5250 831 5304; x_wconf 84' lang='lat' dir='ltr'><strong>salutem</strong></span> <span class='ocrx_word' id='word_1_667' title='bbox 868 5251 1161 5319; x_wconf 84' lang='lat' dir='ltr'><strong>consequi,</strong></span> <span class='ocrx_word' id='word_1_668' title='bbox 1216 5252 1484 5306; x_wconf 88' lang='lat' dir='ltr'><strong>illusionis</strong></span> <span class='ocrx_word' id='word_1_669' title='bbox 1532 5253 1832 5322; x_wconf 88' lang='lat' dir='ltr'><strong>subjacebit</strong></span> <span class='ocrx_word' id='word_1_670' title='bbox 1891 5256 2150 5322; x_wconf 86' lang='lat' dir='ltr'><strong>periculo.</strong></span> 
     </span>
    </p>
   </div>
   <div class='ocr_carea' id='block_1_96' title="bbox 606 5333 2150 5410">
    <p class='ocr_par' dir='ltr' id='par_1_96' title="bbox 606 5333 2150 5410">
     <span class='ocr_line' id='line_1_96' title="bbox 606 5333 2150 5410; baseline 0.008 -25"><span class='ocrx_word' id='word_1_671' title='bbox 606 5333 814 5388; x_wconf 80' lang='lat' dir='ltr'><strong>Etenim</strong></span> <span class='ocrx_word' id='word_1_672' title='bbox 846 5334 1068 5404; x_wconf 84' lang='lat' dir='ltr'><strong>jejunia,</strong></span> <span class='ocrx_word' id='word_1_673' title='bbox 1109 5336 1322 5408; x_wconf 63' lang='lat' dir='ltr'><strong>vigilias,</strong></span> <span class='ocrx_word' id='word_1_674' title='bbox 1340 5349 1393 5393; x_wconf 90' lang='lat' dir='ltr'><strong>et</strong></span> <span class='ocrx_word' id='word_1_675' title='bbox 1416 5341 1674 5408; x_wconf 85' lang='lat' dir='ltr'><strong>quidquid</strong></span> <span class='ocrx_word' id='word_1_676' title='bbox 1709 5342 1974 5410; x_wconf 85' lang='lat' dir='ltr'><strong>ejusmodi</strong></span> <span class='ocrx_word' id='word_1_677' title='bbox 2006 5345 2150 5398; x_wconf 86' lang='lat' dir='ltr'><strong>aliud</strong></span> 
     </span>
    </p>
   </div>
   <div class='ocr_carea' id='block_1_97' title="bbox 602 5426 2147 5499">
    <p class='ocr_par' dir='ltr' id='par_1_97' title="bbox 602 5426 2147 5499">
     <span class='ocr_line' id='line_1_97' title="bbox 602 5426 2147 5499; baseline 0.006 -21"><span class='ocrx_word' id='word_1_678' title='bbox 602 5435 725 5490; x_wconf 83' lang='lat' dir='ltr'><strong>est;</strong></span> <span class='ocrx_word' id='word_1_679' title='bbox 759 5426 1055 5479; x_wconf 88' lang='lat' dir='ltr'><strong>secundum</strong></span> <span class='ocrx_word' id='word_1_680' title='bbox 1106 5442 1164 5482; x_wconf 91' lang='lat' dir='ltr'><strong>se</strong></span> <span class='ocrx_word' id='word_1_681' title='bbox 1226 5430 1442 5499; x_wconf 90' lang='lat' dir='ltr'><strong>quidem</strong></span> <span class='ocrx_word' id='word_1_682' title='bbox 1484 5431 1769 5485; x_wconf 81' lang='lat' dir='ltr'><strong>laudabilia</strong></span> <span class='ocrx_word' id='word_1_683' title='bbox 1820 5444 1987 5499; x_wconf 90' lang='lat' dir='ltr'><strong>sunt;</strong></span> <span class='ocrx_word' id='word_1_684' title='bbox 2042 5450 2147 5488; x_wconf 86' lang='lat' dir='ltr'><strong>non</strong></span> 
     </span>
    </p>
   </div>
   <div class='ocr_carea' id='block_1_98' title="bbox 606 5516 2151 5594">
    <p class='ocr_par' dir='ltr' id='par_1_98' title="bbox 606 5516 2151 5594">
     <span class='ocr_line' id='line_1_98' title="bbox 606 5516 2151 5594; baseline 0.008 -28"><span class='ocrx_word' id='word_1_685' title='bbox 606 5524 779 5568; x_wconf 88' lang='lat' dir='ltr'><strong>tamen</strong></span> <span class='ocrx_word' id='word_1_686' title='bbox 812 5516 984 5580; x_wconf 87' lang='lat' dir='ltr'><strong>utilia,</strong></span> <span class='ocrx_word' id='word_1_687' title='bbox 1022 5519 1111 5572; x_wconf 89' lang='lat' dir='ltr'><strong>sed</strong></span> <span class='ocrx_word' id='word_1_688' title='bbox 1142 5519 1207 5573; x_wconf 82' lang='lat' dir='ltr'><strong>ad</strong></span> <span class='ocrx_word' id='word_1_689' title='bbox 1241 5521 1444 5588; x_wconf 88' lang='lat' dir='ltr'><strong>lapsum</strong></span> <span class='ocrx_word' id='word_1_690' title='bbox 1480 5522 1809 5585; x_wconf 88' lang='lat' dir='ltr'><strong>inducentia,</strong></span> <span class='ocrx_word' id='word_1_691' title='bbox 1842 5524 1888 5577; x_wconf 92' lang='lat' dir='ltr'><strong>ei</strong></span> <span class='ocrx_word' id='word_1_692' title='bbox 1912 5525 2000 5594; x_wconf 88' lang='lat' dir='ltr'><strong>qui</strong></span> <span class='ocrx_word' id='word_1_693' title='bbox 2029 5540 2151 5591; x_wconf 83' lang='lat' dir='ltr'><strong>pto-</strong></span> 
     </span>
    </p>
   </div>
   <div class='ocr_carea' id='block_1_99' title="bbox 600 5605 2151 5684">
    <p class='ocr_par' dir='ltr' id='par_1_99' title="bbox 600 5605 2151 5684">
     <span class='ocr_line' id='line_1_99' title="bbox 600 5605 2151 5684; baseline 0.009 -25"><span class='ocrx_word' id='word_1_694' title='bbox 600 5605 718 5674; x_wconf 86' lang='lat' dir='ltr'><strong>prio</strong></span> <span class='ocrx_word' id='word_1_695' title='bbox 744 5606 967 5661; x_wconf 83' lang='lat' dir='ltr'><strong>arbitrio</strong></span> <span class='ocrx_word' id='word_1_696' title='bbox 980 5610 1175 5678; x_wconf 82' lang='lat' dir='ltr'><strong>agitur,</strong></span> <span class='ocrx_word' id='word_1_697' title='bbox 1197 5614 1296 5665; x_wconf 91' lang='lat' dir='ltr'><strong>nisi</strong></span> <span class='ocrx_word' id='word_1_698' title='bbox 1312 5613 1729 5682; x_wconf 68' lang='lat' dir='ltr'><strong>prmsidisductu</strong></span> <span class='ocrx_word' id='word_1_699' title='bbox 1752 5623 1803 5670; x_wconf 87' lang='lat' dir='ltr'><strong>et</strong></span> <span class='ocrx_word' id='word_1_700' title='bbox 1824 5616 2004 5684; x_wconf 78' lang='lat' dir='ltr'><strong>regula</strong></span> <span class='ocrx_word' id='word_1_701' title='bbox 2022 5616 2151 5672; x_wconf 82' lang='lat' dir='ltr'><strong>diri-</strong></span> 
     </span>
    </p>
   </div>
   <div class='ocr_carea' id='block_1_100' title="bbox 672 5719 1653 5797">
    <p class='ocr_par' dir='ltr' id='par_1_100' title="bbox 672 5719 1653 5797">
     <span class='ocr_line' id='line_1_100' title="bbox 672 5719 1653 5797; baseline 0.007 -23"><span class='ocrx_word' id='word_1_702' title='bbox 672 5721 692 5751; x_wconf 80' lang='lat'>&#39;</span> <span class='ocrx_word' id='word_1_703' title='bbox 714 5719 846 5775; x_wconf 87' lang='lat' dir='ltr'><strong>Luc.</strong></span> <span class='ocrx_word' id='word_1_704' title='bbox 870 5726 1085 5791; x_wconf 76' lang='lat' dir='ltr'><strong>xtv,35.</strong></span> <span class='ocrx_word' id='word_1_705' title='bbox 1162 5726 1182 5759; x_wconf 86' lang='grc'><strong><em>⁸</em></strong></span> <span class='ocrx_word' id='word_1_706' title='bbox 1214 5725 1343 5783; x_wconf 86' lang='lat' dir='ltr'><strong>Luc.</strong></span> <span class='ocrx_word' id='word_1_707' title='bbox 1380 5744 1534 5797; x_wconf 77' lang='lat' dir='ltr'><strong>mu,</strong></span> <span class='ocrx_word' id='word_1_708' title='bbox 1566 5729 1653 5782; x_wconf 72' lang='lat'><strong>‘22.</strong></span> 
     </span>
    </p>
   </div>
   <div class='ocr_carea' id='block_1_101' title="bbox 2337 4074 3827 4152">
    <p class='ocr_par' dir='ltr' id='par_1_101' title="bbox 2337 4074 3827 4152">
     <span class='ocr_line' id='line_1_101' title="bbox 2337 4074 3827 4152; baseline 0.007 -25"><span class='ocrx_word' id='word_1_709' title='bbox 2337 4074 2388 4128; x_wconf 88' lang='lat' dir='ltr'><strong>t&#39;.</strong></span> <span class='ocrx_word' id='word_1_710' title='bbox 2422 4077 2598 4132; x_wconf 86' lang='grc' dir='ltr'>Πολλὰ</span> <span class='ocrx_word' id='word_1_711' title='bbox 2629 4080 2726 4149; x_wconf 84' lang='grc' dir='ltr'>μὲν</span> <span class='ocrx_word' id='word_1_712' title='bbox 2750 4076 2843 4133; x_wconf 83' lang='grc' dir='ltr'>οὖν</span> <span class='ocrx_word' id='word_1_713' title='bbox 2875 4081 2943 4134; x_wconf 89' lang='grc' dir='ltr'><strong>τά</strong></span> <span class='ocrx_word' id='word_1_714' title='bbox 2989 4084 3109 4135; x_wconf 77' lang='grc' dir='ltr'>κατ’</span> <span class='ocrx_word' id='word_1_715' title='bbox 3160 4080 3358 4151; x_wconf 79' lang='grc' dir='ltr'>ἀρετὴν</span> <span class='ocrx_word' id='word_1_716' title='bbox 3419 4082 3827 4152; x_wconf 76' lang='grc' dir='ltr'>ἐπιτηδεύματα</span> 
     </span>
    </p>
   </div>
   <div class='ocr_carea' id='block_1_102' title="bbox 2261 4164 3830 4245">
    <p class='ocr_par' dir='ltr' id='par_1_102' title="bbox 2261 4164 3830 4245">
     <span class='ocr_line' id='line_1_102' title="bbox 2261 4164 3830 4245; baseline 0.01 -30"><span class='ocrx_word' id='word_1_717' title='bbox 2261 4164 2588 4235; x_wconf 79' lang='grc' dir='ltr'>ἐγκρατείας</span> <span class='ocrx_word' id='word_1_718' title='bbox 2618 4170 2936 4241; x_wconf 80' lang='grc' dir='ltr'>κατάτηξις,</span> <span class='ocrx_word' id='word_1_719' title='bbox 2968 4172 3277 4242; x_wconf 87' lang='grc' dir='ltr'>ἀγρυπνίας</span> <span class='ocrx_word' id='word_1_720' title='bbox 3341 4171 3521 4243; x_wconf 79' lang='grc' dir='ltr'>νῆψις,</span> <span class='ocrx_word' id='word_1_721' title='bbox 3574 4173 3830 4245; x_wconf 83' lang='grc' dir='ltr'>δακρύων</span> 
     </span>
    </p>
   </div>
   <div class='ocr_carea' id='block_1_103' title="bbox 2261 4258 3824 4336">
    <p class='ocr_par' dir='ltr' id='par_1_103' title="bbox 2261 4258 3824 4336">
     <span class='ocr_line' id='line_1_103' title="bbox 2261 4258 3824 4336; baseline 0.013 -28"><span class='ocrx_word' id='word_1_722' title='bbox 2261 4258 2511 4323; x_wconf 78' lang='grc' dir='ltr'>κένωσις,</span> <span class='ocrx_word' id='word_1_723' title='bbox 2593 4261 2758 4332; x_wconf 78' lang='grc' dir='ltr'>εὐχῆς</span> <span class='ocrx_word' id='word_1_724' title='bbox 2816 4262 3107 4334; x_wconf 82' lang='grc' dir='ltr'>πτέρωσις,</span> <span class='ocrx_word' id='word_1_725' title='bbox 3169 4264 3463 4335; x_wconf 85' lang='grc' dir='ltr'>χαμευνίας</span> <span class='ocrx_word' id='word_1_726' title='bbox 3527 4264 3824 4336; x_wconf 75' lang='grc' dir='ltr'>σύνθλιψις.</span> 
     </span>
    </p>
   </div>
   <div class='ocr_carea' id='block_1_104' title="bbox 2261 4345 3829 4425">
    <p class='ocr_par' dir='ltr' id='par_1_104' title="bbox 2261 4345 3829 4425">
     <span class='ocr_line' id='line_1_104' title="bbox 2261 4345 3829 4425; baseline 0.01 -28"><span class='ocrx_word' id='word_1_727' title='bbox 2261 4345 2488 4416; x_wconf 85' lang='grc' dir='ltr'>ἐσθῆτος</span> <span class='ocrx_word' id='word_1_728' title='bbox 2563 4348 2830 4416; x_wconf 81' lang='grc' dir='ltr'>εὐτέλεια,</span> <span class='ocrx_word' id='word_1_729' title='bbox 2911 4352 3107 4424; x_wconf 87' lang='grc' dir='ltr'>χειρῶν</span> <span class='ocrx_word' id='word_1_730' title='bbox 3152 4355 3416 4425; x_wconf 86' lang='grc' dir='ltr'>ἐργασία,</span> <span class='ocrx_word' id='word_1_731' title='bbox 3467 4356 3829 4424; x_wconf 83' lang='grc' dir='ltr'>γονυκλισιῶν</span> 
     </span>
    </p>
   </div>
   <div class='ocr_carea' id='block_1_105' title="bbox 2263 4438 3824 4518">
    <p class='ocr_par' dir='ltr' id='par_1_105' title="bbox 2263 4438 3824 4518">
     <span class='ocr_line' id='line_1_105' title="bbox 2263 4438 3824 4518; baseline 0.01 -29"><span class='ocrx_word' id='word_1_732' title='bbox 2263 4438 2560 4510; x_wconf 84' lang='grc' dir='ltr'>πυκνότης,</span> <span class='ocrx_word' id='word_1_733' title='bbox 2622 4442 2816 4515; x_wconf 79' lang='grc' dir='ltr'>μελέτη</span> <span class='ocrx_word' id='word_1_734' title='bbox 2893 4443 3143 4513; x_wconf 86' lang='grc' dir='ltr'>θανάτου,</span> <span class='ocrx_word' id='word_1_735' title='bbox 3206 4446 3525 4518; x_wconf 78' lang='grc' dir='ltr'>ψαλμῳδίας</span> <span class='ocrx_word' id='word_1_736' title='bbox 3584 4450 3824 4513; x_wconf 80' lang='grc' dir='ltr'>εὐτονία,</span> 
     </span>
    </p>
   </div>
   <div class='ocr_carea' id='block_1_106' title="bbox 2263 4529 3826 4610">
    <p class='ocr_par' dir='ltr' id='par_1_106' title="bbox 2263 4529 3826 4610">
     <span class='ocr_line' id='line_1_106' title="bbox 2263 4529 3826 4610; baseline 0.01 -30"><span class='ocrx_word' id='word_1_737' title='bbox 2263 4529 2505 4593; x_wconf 88' lang='grc' dir='ltr'>στάσεως</span> <span class='ocrx_word' id='word_1_738' title='bbox 2534 4537 2799 4605; x_wconf 84' lang='grc' dir='ltr'>καρτερία</span> <span class='ocrx_word' id='word_1_739' title='bbox 2831 4555 2848 4568; x_wconf 85' lang='grc'><strong>·</strong></span> <span class='ocrx_word' id='word_1_740' title='bbox 2872 4537 3027 4589; x_wconf 76' lang='grc' dir='ltr'>οὐδὲν</span> <span class='ocrx_word' id='word_1_741' title='bbox 3059 4537 3117 4591; x_wconf 79' lang='grc' dir='ltr'>δὲ</span> <span class='ocrx_word' id='word_1_742' title='bbox 3149 4538 3387 4593; x_wconf 81' lang='grc' dir='ltr'>τοιοῦτον</span> <span class='ocrx_word' id='word_1_743' title='bbox 3424 4540 3503 4610; x_wconf 85' lang='grc' dir='ltr'><strong>τῷ</strong></span> <span class='ocrx_word' id='word_1_744' title='bbox 3533 4542 3826 4597; x_wconf 77' lang='grc' dir='ltr'>ὑποτακτι-</span> 
     </span>
    </p>
   </div>
   <div class='ocr_carea' id='block_1_107' title="bbox 2264 4617 3820 4701">
    <p class='ocr_par' dir='ltr' id='par_1_107' title="bbox 2264 4617 3820 4701">
     <span class='ocr_line' id='line_1_107' title="bbox 2264 4617 3820 4701; baseline 0.01 -29"><span class='ocrx_word' id='word_1_745' title='bbox 2264 4619 2363 4691; x_wconf 79' lang='grc' dir='ltr'>κῷ,</span> <span class='ocrx_word' id='word_1_746' title='bbox 2402 4617 2513 4676; x_wconf 77' lang='grc' dir='ltr'>οἷον</span> <span class='ocrx_word' id='word_1_747' title='bbox 2535 4624 2594 4677; x_wconf 76' lang='grc' dir='ltr'>τὸ</span> <span class='ocrx_word' id='word_1_748' title='bbox 2629 4628 2749 4679; x_wconf 83' lang='grc' dir='ltr'>κατ’</span> <span class='ocrx_word' id='word_1_749' title='bbox 2780 4627 3134 4700; x_wconf 79' lang='grc' dir='ltr'>ἐξαγόρευσιν</span> <span class='ocrx_word' id='word_1_750' title='bbox 3159 4630 3468 4701; x_wconf 87' lang='grc' dir='ltr'>ἀγώνισμα,</span> <span class='ocrx_word' id='word_1_751' title='bbox 3496 4638 3592 4685; x_wconf 76' lang='grc' dir='ltr'>καὶ</span> <span class='ocrx_word' id='word_1_752' title='bbox 3614 4633 3678 4688; x_wconf 84' lang='grc' dir='ltr'><strong>τδ</strong></span> <span class='ocrx_word' id='word_1_753' title='bbox 3699 4636 3820 4689; x_wconf 84' lang='grc' dir='ltr'>καθ’</span> 
     </span>
    </p>
   </div>
   <div class='ocr_carea' id='block_1_108' title="bbox 2264 4714 3822 4795">
    <p class='ocr_par' dir='ltr' id='par_1_108' title="bbox 2264 4714 3822 4795">
     <span class='ocr_line' id='line_1_108' title="bbox 2264 4714 3822 4795; baseline 0.009 -29"><span class='ocrx_word' id='word_1_754' title='bbox 2264 4714 2509 4795; x_wconf 79' lang='grc' dir='ltr'>ὑπακοὴν</span> <span class='ocrx_word' id='word_1_755' title='bbox 2544 4719 2893 4790; x_wconf 82' lang='grc' dir='ltr'>κατόρθωμα,</span> <span class='ocrx_word' id='word_1_756' title='bbox 2925 4721 2991 4774; x_wconf 80' lang='grc' dir='ltr'>δι’</span> <span class='ocrx_word' id='word_1_757' title='bbox 3014 4715 3086 4775; x_wconf 82' lang='grc' dir='ltr'>ὧν</span> <span class='ocrx_word' id='word_1_758' title='bbox 3116 4723 3262 4793; x_wconf 75' lang='grc' dir='ltr'>ψυχὴ</span> <span class='ocrx_word' id='word_1_759' title='bbox 3289 4724 3583 4793; x_wconf 77' lang='grc' dir='ltr'>φωτίζεται</span> <span class='ocrx_word' id='word_1_760' title='bbox 3606 4728 3703 4780; x_wconf 73' lang='grc' dir='ltr'><strong>καὶ</strong></span> <span class='ocrx_word' id='word_1_761' title='bbox 3746 4745 3822 4780; x_wconf 87' lang='grc' dir='ltr'>νε-</span> 
     </span>
    </p>
   </div>
   <div class='ocr_carea' id='block_1_109' title="bbox 2262 4804 3819 4884">
    <p class='ocr_par' dir='ltr' id='par_1_109' title="bbox 2262 4804 3819 4884">
     <span class='ocr_line' id='line_1_109' title="bbox 2262 4804 3819 4884; baseline 0.01 -28"><span class='ocrx_word' id='word_1_762' title='bbox 2262 4804 2486 4874; x_wconf 78' lang='grc' dir='ltr'>κροῦται</span> <span class='ocrx_word' id='word_1_763' title='bbox 2520 4807 2751 4879; x_wconf 81' lang='grc' dir='ltr'>θέλημα,</span> <span class='ocrx_word' id='word_1_764' title='bbox 2792 4812 2883 4864; x_wconf 80' lang='grc' dir='ltr'>καὶ</span> <span class='ocrx_word' id='word_1_765' title='bbox 2909 4813 3156 4884; x_wconf 80' lang='grc' dir='ltr'>όλοτελὴς</span> <span class='ocrx_word' id='word_1_766' title='bbox 3188 4814 3484 4883; x_wconf 85' lang='grc' dir='ltr'>είσοίκησις</span> <span class='ocrx_word' id='word_1_767' title='bbox 3524 4816 3620 4869; x_wconf 87' lang='grc' dir='ltr'>τοῦ</span> <span class='ocrx_word' id='word_1_768' title='bbox 3655 4834 3819 4871; x_wconf 81' lang='grc' dir='ltr'>πνευ-</span> 
     </span>
    </p>
   </div>
   <div class='ocr_carea' id='block_1_110' title="bbox 2262 4898 3817 4979">
    <p class='ocr_par' dir='ltr' id='par_1_110' title="bbox 2262 4898 3817 4979">
     <span class='ocr_line' id='line_1_110' title="bbox 2262 4898 3817 4979; baseline 0.01 -32"><span class='ocrx_word' id='word_1_769' title='bbox 2262 4898 2504 4965; x_wconf 74' lang='grc' dir='ltr'>ματικῶς</span> <span class='ocrx_word' id='word_1_770' title='bbox 2533 4903 2931 4971; x_wconf 83' lang='grc' dir='ltr'>γεγεννημένου</span> <span class='ocrx_word' id='word_1_771' title='bbox 2968 4905 3103 4975; x_wconf 84' lang='grc' dir='ltr'>πρὸς</span> <span class='ocrx_word' id='word_1_772' title='bbox 3130 4905 3219 4958; x_wconf 77' lang='grc' dir='ltr'>τὸν</span> <span class='ocrx_word' id='word_1_773' title='bbox 3245 4907 3615 4977; x_wconf 81' lang='grc' dir='ltr'>γεγεννηκότα</span> <span class='ocrx_word' id='word_1_774' title='bbox 3667 4911 3817 4979; x_wconf 86' lang='grc' dir='ltr'>ἐγγί-</span> 
     </span>
    </p>
   </div>
   <div class='ocr_carea' id='block_1_111' title="bbox 2260 4988 3812 5069">
    <p class='ocr_par' dir='ltr' id='par_1_111' title="bbox 2260 4988 3812 5069">
     <span class='ocr_line' id='line_1_111' title="bbox 2260 4988 3812 5069; baseline 0.01 -31"><span class='ocrx_word' id='word_1_775' title='bbox 2260 5002 2429 5041; x_wconf 87' lang='grc' dir='ltr'>νεται.</span> <span class='ocrx_word' id='word_1_776' title='bbox 2480 4988 2537 5041; x_wconf 91' lang='grc' dir='ltr'>Ὁ</span> <span class='ocrx_word' id='word_1_777' title='bbox 2570 4990 2676 5060; x_wconf 82' lang='grc' dir='ltr'>γὰρ</span> <span class='ocrx_word' id='word_1_778' title='bbox 2726 4992 2801 5061; x_wconf 77' lang='grc' dir='ltr'>μὴ</span> <span class='ocrx_word' id='word_1_779' title='bbox 2835 4992 3004 5047; x_wconf 75' lang='grc' dir='ltr'>ταῦτα</span> <span class='ocrx_word' id='word_1_780' title='bbox 3052 4993 3159 5047; x_wconf 85' lang='grc' dir='ltr'><strong>τῶν</strong></span> <span class='ocrx_word' id='word_1_781' title='bbox 3203 4994 3375 5049; x_wconf 78' lang='grc' dir='ltr'>ἄλλων</span> <span class='ocrx_word' id='word_1_782' title='bbox 3446 4999 3812 5069; x_wconf 77' lang='grc' dir='ltr'>προτιμήσας,</span> 
     </span>
    </p>
   </div>
   <div class='ocr_carea' id='block_1_112' title="bbox 2261 5080 3818 5154">
    <p class='ocr_par' dir='ltr' id='par_1_112' title="bbox 2261 5080 3818 5154">
     <span class='ocr_line' id='line_1_112' title="bbox 2261 5080 3818 5154; baseline 0.008 -25"><span class='ocrx_word' id='word_1_783' title='bbox 2261 5080 2455 5149; x_wconf 82' lang='grc' dir='ltr'>σαθρὸς</span> <span class='ocrx_word' id='word_1_784' title='bbox 2494 5081 2627 5150; x_wconf 76' lang='grc' dir='ltr'>πρὸς</span> <span class='ocrx_word' id='word_1_785' title='bbox 2655 5083 2932 5154; x_wconf 80' lang='grc' dir='ltr'>ὑποταγὴν</span> <span class='ocrx_word' id='word_1_786' title='bbox 2979 5086 3324 5152; x_wconf 72' lang='grc' dir='ltr'>καθίσταται,</span> <span class='ocrx_word' id='word_1_787' title='bbox 3353 5088 3443 5141; x_wconf 71' lang='grc' dir='ltr'>καὶ</span> <span class='ocrx_word' id='word_1_788' title='bbox 3468 5087 3536 5140; x_wconf 87' lang='grc' dir='ltr'>δι’</span> <span class='ocrx_word' id='word_1_789' title='bbox 3566 5084 3642 5143; x_wconf 82' lang='grc' dir='ltr'>ὧν</span> <span class='ocrx_word' id='word_1_790' title='bbox 3672 5090 3818 5143; x_wconf 87' lang='grc' dir='ltr'>δοκεῖ</span> 
     </span>
    </p>
   </div>
   <div class='ocr_carea' id='block_1_113' title="bbox 2260 5169 3814 5251">
    <p class='ocr_par' dir='ltr' id='par_1_113' title="bbox 2260 5169 3814 5251">
     <span class='ocr_line' id='line_1_113' title="bbox 2260 5169 3814 5251; baseline 0.009 -32"><span class='ocrx_word' id='word_1_791' title='bbox 2260 5169 2530 5239; x_wconf 83' lang='grc' dir='ltr'>σωτηρίας</span> <span class='ocrx_word' id='word_1_792' title='bbox 2560 5170 2797 5241; x_wconf 79' lang='grc' dir='ltr'>ἔχεσθαι,</span> <span class='ocrx_word' id='word_1_793' title='bbox 2828 5176 3045 5245; x_wconf 84' lang='grc' dir='ltr'>ἀπάτης</span> <span class='ocrx_word' id='word_1_794' title='bbox 3100 5177 3391 5245; x_wconf 81' lang='grc' dir='ltr'>ὑφίσταται</span> <span class='ocrx_word' id='word_1_795' title='bbox 3445 5178 3691 5251; x_wconf 76' lang='grc' dir='ltr'>ὄλεθρον.</span> <span class='ocrx_word' id='word_1_796' title='bbox 3744 5182 3814 5233; x_wconf 80' lang='grc' dir='ltr'>Τὸ</span> 
     </span>
    </p>
   </div>
   <div class='ocr_carea' id='block_1_114' title="bbox 2259 5258 3812 5336">
    <p class='ocr_par' dir='ltr' id='par_1_114' title="bbox 2259 5258 3812 5336">
     <span class='ocr_line' id='line_1_114' title="bbox 2259 5258 3812 5336; baseline 0.01 -26"><span class='ocrx_word' id='word_1_797' title='bbox 2259 5262 2368 5331; x_wconf 75' lang='grc' dir='ltr'>γὰρ</span> <span class='ocrx_word' id='word_1_798' title='bbox 2401 5263 2666 5332; x_wconf 81' lang='grc' dir='ltr'>ἐγκρατὲς</span> <span class='ocrx_word' id='word_1_799' title='bbox 2697 5265 2790 5318; x_wconf 78' lang='grc' dir='ltr'>καὶ</span> <span class='ocrx_word' id='word_1_800' title='bbox 2812 5267 3107 5336; x_wconf 77' lang='grc' dir='ltr'>ἄγρυπνον,</span> <span class='ocrx_word' id='word_1_801' title='bbox 3143 5270 3235 5323; x_wconf 81' lang='grc' dir='ltr'>καὶ</span> <span class='ocrx_word' id='word_1_802' title='bbox 3290 5258 3467 5324; x_wconf 79' lang='grc' dir='ltr'>ὁτιοῦν</span> <span class='ocrx_word' id='word_1_803' title='bbox 3524 5270 3653 5326; x_wconf 79' lang='grc' dir='ltr'>ἄλλο</span> <span class='ocrx_word' id='word_1_804' title='bbox 3706 5273 3812 5325; x_wconf 82' lang='grc' dir='ltr'><strong>τῶν</strong></span> 
     </span>
    </p>
   </div>
   <div class='ocr_carea' id='block_1_115' title="bbox 2259 5354 3809 5431">
    <p class='ocr_par' dir='ltr' id='par_1_115' title="bbox 2259 5354 3809 5431">
     <span class='ocr_line' id='line_1_115' title="bbox 2259 5354 3809 5431; baseline 0.009 -29"><span class='ocrx_word' id='word_1_805' title='bbox 2259 5354 2671 5423; x_wconf 83' lang='grc' dir='ltr'>προειρημένων</span> <span class='ocrx_word' id='word_1_806' title='bbox 2695 5359 3153 5429; x_wconf 75' lang='grc' dir='ltr'>κατορθωμάτων,</span> <span class='ocrx_word' id='word_1_807' title='bbox 3180 5361 3313 5413; x_wconf 79' lang='grc' dir='ltr'>αὐτὸ</span> <span class='ocrx_word' id='word_1_808' title='bbox 3342 5362 3440 5431; x_wconf 76' lang='grc' dir='ltr'>μὲν</span> <span class='ocrx_word' id='word_1_809' title='bbox 3468 5363 3594 5415; x_wconf 83' lang='grc' dir='ltr'>καθ’</span> <span class='ocrx_word' id='word_1_810' title='bbox 3654 5365 3809 5416; x_wconf 81' lang='grc' dir='ltr'>ἐαυτὸ</span> 
     </span>
    </p>
   </div>
   <div class='ocr_carea' id='block_1_116' title="bbox 2258 5445 3805 5523">
    <p class='ocr_par' dir='ltr' id='par_1_116' title="bbox 2258 5445 3805 5523">
     <span class='ocr_line' id='line_1_116' title="bbox 2258 5445 3805 5523; baseline 0.008 -29"><span class='ocrx_word' id='word_1_811' title='bbox 2258 5445 2536 5497; x_wconf 75' lang='grc' dir='ltr'>ἐπαινετὸν</span> <span class='ocrx_word' id='word_1_812' title='bbox 2564 5446 2680 5515; x_wconf 76' lang='grc' dir='ltr'>δοίη</span> <span class='ocrx_word' id='word_1_813' title='bbox 2712 5464 2792 5510; x_wconf 90' lang='grc' dir='ltr'><strong>τις</strong></span> <span class='ocrx_word' id='word_1_814' title='bbox 2823 5445 2981 5514; x_wconf 81' lang='grc' dir='ltr'>εἶναι,</span> <span class='ocrx_word' id='word_1_815' title='bbox 3010 5452 3119 5504; x_wconf 77' lang='grc' dir='ltr'>οὐδ’</span> <span class='ocrx_word' id='word_1_816' title='bbox 3147 5452 3211 5505; x_wconf 81' lang='grc' dir='ltr'>ἂν</span> <span class='ocrx_word' id='word_1_817' title='bbox 3257 5453 3312 5505; x_wconf 83' lang='grc' dir='ltr'>δὲ</span> <span class='ocrx_word' id='word_1_818' title='bbox 3367 5455 3449 5523; x_wconf 86' lang='grc' dir='ltr'><strong>εῐη</strong></span> <span class='ocrx_word' id='word_1_819' title='bbox 3514 5454 3805 5517; x_wconf 78' lang='grc' dir='ltr'>λυσιτελὲς,</span> 
     </span>
    </p>
   </div>
   <div class='ocr_carea' id='block_1_117' title="bbox 2260 5533 3805 5615">
    <p class='ocr_par' dir='ltr' id='par_1_117' title="bbox 2260 5533 3805 5615">
     <span class='ocr_line' id='line_1_117' title="bbox 2260 5533 3805 5615; baseline 0.01 -31"><span class='ocrx_word' id='word_1_820' title='bbox 2260 5534 2456 5603; x_wconf 77' lang='grc' dir='ltr'>μᾶλλον</span> <span class='ocrx_word' id='word_1_821' title='bbox 2494 5535 2593 5605; x_wconf 79' lang='grc' dir='ltr'>μὲν</span> <span class='ocrx_word' id='word_1_822' title='bbox 2619 5533 2712 5591; x_wconf 80' lang='grc' dir='ltr'>οὖν</span> <span class='ocrx_word' id='word_1_823' title='bbox 2742 5541 2835 5591; x_wconf 77' lang='grc' dir='ltr'>καὶ</span> <span class='ocrx_word' id='word_1_824' title='bbox 2860 5540 3115 5605; x_wconf 77' lang='grc' dir='ltr'>πτώσεως</span> <span class='ocrx_word' id='word_1_825' title='bbox 3154 5544 3327 5596; x_wconf 77' lang='grc' dir='ltr'>αἴτιον</span> <span class='ocrx_word' id='word_1_826' title='bbox 3354 5543 3431 5614; x_wconf 84' lang='grc' dir='ltr'>τῷ</span> <span class='ocrx_word' id='word_1_827' title='bbox 3486 5544 3805 5615; x_wconf 84' lang='grc' dir='ltr'>ίδιορύθμως</span> 
     </span>
    </p>
   </div>
   <div class='ocr_carea' id='block_1_118' title="bbox 2258 5628 3811 5709">
    <p class='ocr_par' dir='ltr' id='par_1_118' title="bbox 2258 5628 3811 5709">
     <span class='ocr_line' id='line_1_118' title="bbox 2258 5628 3811 5709; baseline 0.008 -32"><span class='ocrx_word' id='word_1_828' title='bbox 2258 5628 2569 5696; x_wconf 82' lang='grc' dir='ltr'>πράττοντι,</span> <span class='ocrx_word' id='word_1_829' title='bbox 2606 5631 2653 5684; x_wconf 88' lang='grc' dir='ltr'><strong>εί</strong></span> <span class='ocrx_word' id='word_1_830' title='bbox 2693 5631 2766 5701; x_wconf 85' lang='grc' dir='ltr'>μὴ</span> <span class='ocrx_word' id='word_1_831' title='bbox 2790 5632 3025 5703; x_wconf 83' lang='grc' dir='ltr'>γνώμονι</span> <span class='ocrx_word' id='word_1_832' title='bbox 3061 5636 3154 5689; x_wconf 76' lang='grc' dir='ltr'>καὶ</span> <span class='ocrx_word' id='word_1_833' title='bbox 3180 5636 3364 5691; x_wconf 88' lang='grc' dir='ltr'>κανόνι</span> <span class='ocrx_word' id='word_1_834' title='bbox 3391 5635 3486 5690; x_wconf 82' lang='grc' dir='ltr'><strong>τοῦ</strong></span> <span class='ocrx_word' id='word_1_835' title='bbox 3540 5640 3811 5709; x_wconf 75' lang='grc' dir='ltr'>καθηγουο</span> 
     </span>
    </p>
   </div>
  </div>
