  <div class='ocr_page' id='page_1' title='image "/cluster/home/n/w/nwhite01/storage/ocr_20150623/99/pst.000005714063/458.png"; bbox 0 0 4018 6304; ppageno 0'>
   <div class='ocr_carea' id='block_1_1' title="bbox 233 345 333 409">
    <p class='ocr_par' dir='ltr' id='par_1_1' title="bbox 233 345 333 409">
     <span class='ocr_line' id='line_1_1' title="bbox 233 345 333 409; baseline 0.01 -1"><span class='ocrx_word' id='word_1_1' title='bbox 233 345 333 409; x_wconf 84' lang='lat'><strong>813</strong></span> 
     </span>
    </p>
   </div>
   <div class='ocr_carea' id='block_1_2' title="bbox 902 352 2792 420">
    <p class='ocr_par' dir='ltr' id='par_1_2' title="bbox 902 352 2792 420">
     <span class='ocr_line' id='line_1_2' title="bbox 902 352 2792 420; baseline 0.004 -9"><span class='ocrx_word' id='word_1_2' title='bbox 902 352 1181 416; x_wconf 79' lang='lat' dir='ltr'><strong>ORATIO</strong></span> <span class='ocrx_word' id='word_1_3' title='bbox 1217 356 1319 416; x_wconf 75' lang='lat' dir='ltr'><strong>XI.</strong></span> <span class='ocrx_word' id='word_1_4' title='bbox 1351 383 1416 394; x_wconf 90' lang='grc'><strong>--</strong></span> <span class='ocrx_word' id='word_1_5' title='bbox 1445 355 1824 420; x_wconf 84' lang='lat' dir='ltr'><strong>LAUDATIO</strong></span> <span class='ocrx_word' id='word_1_6' title='bbox 1851 356 1911 415; x_wconf 91' lang='lat' dir='ltr'><strong>S.</strong></span> <span class='ocrx_word' id='word_1_7' title='bbox 1958 354 2325 416; x_wconf 75' lang='lat' dir='ltr'><strong>PLATONIS</strong></span> <span class='ocrx_word' id='word_1_8' title='bbox 2358 355 2792 419; x_wconf 80' lang='lat' dir='ltr'><strong>HEGUMENI.</strong></span> 
     </span>
    </p>
   </div>
   <div class='ocr_carea' id='block_1_3' title="bbox 3351 361 3456 426">
    <p class='ocr_par' dir='ltr' id='par_1_3' title="bbox 3351 361 3456 426">
     <span class='ocr_line' id='line_1_3' title="bbox 3351 361 3456 426; baseline 0.038 -5"><span class='ocrx_word' id='word_1_9' title='bbox 3351 361 3456 426; x_wconf 74' lang='lat' dir='ltr'>8H</span> 
     </span>
    </p>
   </div>
   <div class='ocr_carea' id='block_1_4' title="bbox 236 460 1801 541">
    <p class='ocr_par' dir='ltr' id='par_1_4' title="bbox 236 460 1794 541">
     <span class='ocr_line' id='line_1_4' title="bbox 236 460 1794 541; baseline 0.009 -29"><span class='ocrx_word' id='word_1_10' title='bbox 236 460 393 531; x_wconf 85' lang='grc' dir='ltr'>μένου</span> <span class='ocrx_word' id='word_1_11' title='bbox 425 462 754 531; x_wconf 73' lang='grc' dir='ltr'><strong>περαίνοιτο,</strong></span> <span class='ocrx_word' id='word_1_12' title='bbox 783 463 922 517; x_wconf 84' lang='grc' dir='ltr'>ὥστε</span> <span class='ocrx_word' id='word_1_13' title='bbox 949 467 977 518; x_wconf 99' lang='lat'><strong>6</strong></span> <span class='ocrx_word' id='word_1_14' title='bbox 1005 466 1101 537; x_wconf 81' lang='grc' dir='ltr'>τὴν</span> <span class='ocrx_word' id='word_1_15' title='bbox 1126 468 1476 539; x_wconf 83' lang='grc' dir='ltr'>ὲξαγόρευσιν</span> <span class='ocrx_word' id='word_1_16' title='bbox 1527 471 1645 541; x_wconf 84' lang='grc' dir='ltr'>μεθ’</span> <span class='ocrx_word' id='word_1_17' title='bbox 1690 471 1794 524; x_wconf 80' lang='grc' dir='ltr'>ὑπ·</span> 
     </span>
    </p>
   </div>
   <div class='ocr_carea' id='block_1_5' title="bbox 1902 460 3451 541">
    <p class='ocr_par' dir='ltr' id='par_1_5' title="bbox 1902 467 3451 539">
     <span class='ocr_line' id='line_1_5' title="bbox 1902 467 3451 539; baseline -0.001 -16"><span class='ocrx_word' id='word_1_18' title='bbox 1902 481 2098 539; x_wconf 86' lang='lat' dir='ltr'><strong>gatur:</strong></span> <span class='ocrx_word' id='word_1_19' title='bbox 2138 468 2232 523; x_wconf 86' lang='lat' dir='ltr'><strong>sed</strong></span> <span class='ocrx_word' id='word_1_20' title='bbox 2257 468 2347 538; x_wconf 85' lang='lat' dir='ltr'><strong>qui</strong></span> <span class='ocrx_word' id='word_1_21' title='bbox 2376 467 2708 524; x_wconf 79' lang='lat' dir='ltr'><strong>confessioni</strong></span> <span class='ocrx_word' id='word_1_22' title='bbox 2760 476 2814 524; x_wconf 89' lang='lat' dir='ltr'><strong>et</strong></span> <span class='ocrx_word' id='word_1_23' title='bbox 2874 467 3196 523; x_wconf 68' lang='lat' dir='ltr'><strong>obedientiaa</strong></span> <span class='ocrx_word' id='word_1_24' title='bbox 3251 468 3451 531; x_wconf 86' lang='lat' dir='ltr'><strong>studet,</strong></span> 
     </span>
    </p>
   </div>
   <div class='ocr_carea' id='block_1_6' title="bbox 232 551 1794 630">
    <p class='ocr_par' dir='ltr' id='par_1_6' title="bbox 232 551 1794 630">
     <span class='ocr_line' id='line_1_6' title="bbox 232 551 1794 630; baseline 0.008 -25"><span class='ocrx_word' id='word_1_25' title='bbox 232 553 402 623; x_wconf 81' lang='grc' dir='ltr'>ακοῆς</span> <span class='ocrx_word' id='word_1_26' title='bbox 431 551 699 621; x_wconf 77' lang='grc' dir='ltr'>ὲξασκῶν,</span> <span class='ocrx_word' id='word_1_27' title='bbox 727 555 794 608; x_wconf 79' lang='grc' dir='ltr'>τὰ</span> <span class='ocrx_word' id='word_1_28' title='bbox 823 556 1072 628; x_wconf 88' lang='grc' dir='ltr'>δευτέρια</span> <span class='ocrx_word' id='word_1_29' title='bbox 1101 563 1212 624; x_wconf 83' lang='grc' dir='ltr'>τοῖς</span> <span class='ocrx_word' id='word_1_30' title='bbox 1255 561 1432 628; x_wconf 81' lang='grc' dir='ltr'>ἄλλοις</span> <span class='ocrx_word' id='word_1_31' title='bbox 1459 563 1692 630; x_wconf 88' lang='grc' dir='ltr'>δίδωσιν,</span> <span class='ocrx_word' id='word_1_32' title='bbox 1736 566 1794 618; x_wconf 80' lang='grc' dir='ltr'>ἐν</span> 
     </span>
    </p>
   </div>
   <div class='ocr_carea' id='block_1_7' title="bbox 232 648 1175 722">
    <p class='ocr_par' dir='ltr' id='par_1_7' title="bbox 232 648 1175 722">
     <span class='ocr_line' id='line_1_7' title="bbox 232 648 1175 722; baseline 0.003 -20"><span class='ocrx_word' id='word_1_33' title='bbox 232 650 344 713; x_wconf 82' lang='grc' dir='ltr'>τοῖς</span> <span class='ocrx_word' id='word_1_34' title='bbox 369 648 490 702; x_wconf 81' lang='grc' dir='ltr'><strong>δυσὶ</strong></span> <span class='ocrx_word' id='word_1_35' title='bbox 518 649 590 702; x_wconf 89' lang='grc' dir='ltr'><strong>τά</strong></span> <span class='ocrx_word' id='word_1_36' title='bbox 629 650 804 704; x_wconf 88' lang='grc' dir='ltr'>πάντα</span> <span class='ocrx_word' id='word_1_37' title='bbox 832 652 1175 722; x_wconf 82' lang='grc' dir='ltr'>περικλείων.</span> 
     </span>
    </p>
   </div>
   <div class='ocr_carea' id='block_1_8' title="bbox 306 739 1793 812">
    <p class='ocr_par' dir='ltr' id='par_1_8' title="bbox 306 739 1793 812">
     <span class='ocr_line' id='line_1_8' title="bbox 306 739 1793 812; baseline 0.003 -19"><span class='ocrx_word' id='word_1_38' title='bbox 306 739 396 794; x_wconf 86' lang='grc' dir='ltr'>ια’.</span> <span class='ocrx_word' id='word_1_39' title='bbox 436 740 621 794; x_wconf 78' lang='grc' dir='ltr'>Ταῦτα</span> <span class='ocrx_word' id='word_1_40' title='bbox 643 743 669 794; x_wconf 83' lang='grc' dir='ltr'>ὁ</span> <span class='ocrx_word' id='word_1_41' title='bbox 700 741 970 812; x_wconf 80' lang='grc' dir='ltr'>μακάριος</span> <span class='ocrx_word' id='word_1_42' title='bbox 998 742 1073 806; x_wconf 89' lang='grc' dir='ltr'>ὼς</span> <span class='ocrx_word' id='word_1_43' title='bbox 1099 745 1197 797; x_wconf 80' lang='grc' dir='ltr'><strong>οὐκ</strong></span> <span class='ocrx_word' id='word_1_44' title='bbox 1226 740 1323 798; x_wconf 72' lang='grc' dir='ltr'><strong>οἶδ’</strong></span> <span class='ocrx_word' id='word_1_45' title='bbox 1375 747 1427 798; x_wconf 82' lang='grc' dir='ltr'><strong>εί</strong></span> <span class='ocrx_word' id='word_1_46' title='bbox 1448 762 1531 810; x_wconf 89' lang='grc' dir='ltr'><strong>τις</strong></span> <span class='ocrx_word' id='word_1_47' title='bbox 1562 745 1670 798; x_wconf 84' lang='grc' dir='ltr'><strong>τῶν</strong></span> <span class='ocrx_word' id='word_1_48' title='bbox 1698 746 1793 798; x_wconf 85' lang='grc' dir='ltr'><strong>ἄλ-</strong></span> 
     </span>
    </p>
   </div>
   <div class='ocr_carea' id='block_1_9' title="bbox 233 830 1794 909">
    <p class='ocr_par' dir='ltr' id='par_1_9' title="bbox 233 830 1794 909">
     <span class='ocr_line' id='line_1_9' title="bbox 233 830 1794 909; baseline 0.006 -28"><span class='ocrx_word' id='word_1_49' title='bbox 233 830 340 883; x_wconf 84' lang='grc' dir='ltr'><strong>λων</strong></span> <span class='ocrx_word' id='word_1_50' title='bbox 371 831 842 903; x_wconf 75' lang='grc' dir='ltr'><strong>ἀφοσιωσάμενος,</strong></span> <span class='ocrx_word' id='word_1_51' title='bbox 878 835 1045 904; x_wconf 82' lang='grc' dir='ltr'>καλὴν</span> <span class='ocrx_word' id='word_1_52' title='bbox 1072 835 1172 906; x_wconf 78' lang='grc' dir='ltr'>τὴν</span> <span class='ocrx_word' id='word_1_53' title='bbox 1225 836 1378 906; x_wconf 82' lang='grc' dir='ltr'>βάσιν</span> <span class='ocrx_word' id='word_1_54' title='bbox 1411 838 1667 909; x_wconf 78' lang='grc' dir='ltr'><strong>πήγνυσι,</strong></span> <span class='ocrx_word' id='word_1_55' title='bbox 1699 836 1794 890; x_wconf 70' lang='grc' dir='ltr'>καὶ</span> 
     </span>
    </p>
   </div>
   <div class='ocr_carea' id='block_1_10' title="bbox 235 918 1794 999">
    <p class='ocr_par' dir='ltr' id='par_1_10' title="bbox 235 918 1794 999">
     <span class='ocr_line' id='line_1_10' title="bbox 235 918 1794 999; baseline 0.006 -26"><span class='ocrx_word' id='word_1_56' title='bbox 235 918 328 975; x_wconf 72' lang='grc' dir='ltr'>ἐπὶ</span> <span class='ocrx_word' id='word_1_57' title='bbox 352 923 522 995; x_wconf 81' lang='grc' dir='ltr'>ταύτῃ</span> <span class='ocrx_word' id='word_1_58' title='bbox 547 924 760 995; x_wconf 89' lang='grc' dir='ltr'>ἀσφαλῆ</span> <span class='ocrx_word' id='word_1_59' title='bbox 816 925 915 996; x_wconf 81' lang='grc' dir='ltr'><strong>τὴν</strong></span> <span class='ocrx_word' id='word_1_60' title='bbox 943 927 1222 998; x_wconf 83' lang='grc' dir='ltr'>οἰκοδομὴν</span> <span class='ocrx_word' id='word_1_61' title='bbox 1268 929 1581 999; x_wconf 84' lang='grc' dir='ltr'>πεποίηται,</span> <span class='ocrx_word' id='word_1_62' title='bbox 1621 928 1794 982; x_wconf 88' lang='grc' dir='ltr'>πάντα</span> 
     </span>
    </p>
   </div>
   <div class='ocr_carea' id='block_1_11' title="bbox 234 1012 1796 1091">
    <p class='ocr_par' dir='ltr' id='par_1_11' title="bbox 234 1012 1796 1091">
     <span class='ocr_line' id='line_1_11' title="bbox 234 1012 1796 1091; baseline 0.005 -26"><span class='ocrx_word' id='word_1_63' title='bbox 234 1012 490 1085; x_wconf 82' lang='grc' dir='ltr'>λογισμὸν</span> <span class='ocrx_word' id='word_1_64' title='bbox 503 1015 904 1087; x_wconf 76' lang='grc' dir='ltr'><strong>ἀνατιθέμενος,</strong></span> <span class='ocrx_word' id='word_1_65' title='bbox 937 1018 1029 1071; x_wconf 69' lang='grc' dir='ltr'>καὶ</span> <span class='ocrx_word' id='word_1_66' title='bbox 1065 1019 1240 1073; x_wconf 85' lang='grc' dir='ltr'>πάντα</span> <span class='ocrx_word' id='word_1_67' title='bbox 1266 1020 1389 1074; x_wconf 83' lang='grc' dir='ltr'>καθ’</span> <span class='ocrx_word' id='word_1_68' title='bbox 1421 1020 1665 1091; x_wconf 75' lang='grc' dir='ltr'>ὑπακοὴν</span> <span class='ocrx_word' id='word_1_69' title='bbox 1683 1022 1796 1075; x_wconf 88' lang='grc' dir='ltr'>δια-</span> 
     </span>
    </p>
   </div>
   <div class='ocr_carea' id='block_1_12' title="bbox 233 1107 1796 1180">
    <p class='ocr_par' dir='ltr' id='par_1_12' title="bbox 233 1107 1796 1180">
     <span class='ocr_line' id='line_1_12' title="bbox 233 1107 1796 1180; baseline 0.004 -22"><span class='ocrx_word' id='word_1_70' title='bbox 233 1107 623 1176; x_wconf 76' lang='grc' dir='ltr'><strong>πραττόμενος,</strong></span> <span class='ocrx_word' id='word_1_71' title='bbox 658 1108 750 1161; x_wconf 74' lang='grc' dir='ltr'>καὶ</span> <span class='ocrx_word' id='word_1_72' title='bbox 781 1108 866 1162; x_wconf 86' lang='grc' dir='ltr'><strong>διά</strong></span> <span class='ocrx_word' id='word_1_73' title='bbox 892 1107 1082 1172; x_wconf 81' lang='grc' dir='ltr'>ταῦτα,</span> <span class='ocrx_word' id='word_1_74' title='bbox 1116 1108 1401 1180; x_wconf 87' lang='grc' dir='ltr'>Γραφικῶς</span> <span class='ocrx_word' id='word_1_75' title='bbox 1425 1111 1597 1162; x_wconf 71' lang='grc' dir='ltr'>εἰπεῖν</span> <span class='ocrx_word' id='word_1_76' title='bbox 1618 1150 1632 1174; x_wconf 93' lang='grc'><strong>,</strong></span> <span class='ocrx_word' id='word_1_77' title='bbox 1661 1113 1796 1178; x_wconf 84' lang='grc' dir='ltr'>ἀγα-</span> 
     </span>
    </p>
   </div>
   <div class='ocr_carea' id='block_1_13' title="bbox 235 1194 1796 1267">
    <p class='ocr_par' dir='ltr' id='par_1_13' title="bbox 235 1194 1796 1267">
     <span class='ocr_line' id='line_1_13' title="bbox 235 1194 1796 1267; baseline 0.004 -20"><span class='ocrx_word' id='word_1_78' title='bbox 235 1194 484 1265; x_wconf 85' lang='grc' dir='ltr'>πώμενος</span> <span class='ocrx_word' id='word_1_79' title='bbox 538 1199 596 1249; x_wconf 85' lang='grc' dir='ltr'><strong>ὲν</strong></span> <span class='ocrx_word' id='word_1_80' title='bbox 641 1197 915 1267; x_wconf 81' lang='grc' dir='ltr'><strong>προσώπῳ</strong></span> <span class='ocrx_word' id='word_1_81' title='bbox 956 1198 1166 1267; x_wconf 78' lang='grc' dir='ltr'>Πατρὸς</span> <span class='ocrx_word' id='word_1_82' title='bbox 1193 1198 1376 1253; x_wconf 78' lang='grc' dir='ltr'>αὑτοῦ.</span> <span class='ocrx_word' id='word_1_83' title='bbox 1439 1199 1652 1252; x_wconf 76' lang='grc' dir='ltr'>Γίνεται</span> <span class='ocrx_word' id='word_1_84' title='bbox 1704 1197 1796 1254; x_wconf 73' lang='grc' dir='ltr'>οὖν</span> 
     </span>
    </p>
   </div>
   <div class='ocr_carea' id='block_1_14' title="bbox 239 1287 1797 1361">
    <p class='ocr_par' dir='ltr' id='par_1_14' title="bbox 239 1287 1797 1361">
     <span class='ocr_line' id='line_1_14' title="bbox 239 1287 1797 1361; baseline 0.001 -19"><span class='ocrx_word' id='word_1_85' title='bbox 239 1289 454 1358; x_wconf 81' lang='grc' dir='ltr'>ἀδάμας</span> <span class='ocrx_word' id='word_1_86' title='bbox 481 1291 546 1358; x_wconf 82' lang='grc' dir='ltr'>τῇ</span> <span class='ocrx_word' id='word_1_87' title='bbox 579 1289 867 1360; x_wconf 75' lang='grc' dir='ltr'><strong>καρτερίᾳ,</strong></span> <span class='ocrx_word' id='word_1_88' title='bbox 896 1287 1198 1359; x_wconf 75' lang='grc' dir='ltr'><strong>περιδέξιος</strong></span> <span class='ocrx_word' id='word_1_89' title='bbox 1237 1291 1304 1360; x_wconf 83' lang='grc' dir='ltr'>τῇ</span> <span class='ocrx_word' id='word_1_90' title='bbox 1355 1289 1622 1361; x_wconf 72' lang='grc' dir='ltr'>διακονίᾳ,</span> <span class='ocrx_word' id='word_1_91' title='bbox 1680 1290 1797 1343; x_wconf 89' lang='grc' dir='ltr'>δια--</span> 
     </span>
    </p>
   </div>
   <div class='ocr_carea' id='block_1_15' title="bbox 238 1374 1797 1451">
    <p class='ocr_par' dir='ltr' id='par_1_15' title="bbox 238 1374 1797 1451">
     <span class='ocr_line' id='line_1_15' title="bbox 238 1374 1797 1451; baseline 0.003 -21"><span class='ocrx_word' id='word_1_92' title='bbox 238 1378 470 1449; x_wconf 81' lang='grc' dir='ltr'>λάμπων</span> <span class='ocrx_word' id='word_1_93' title='bbox 502 1378 600 1448; x_wconf 71' lang='grc' dir='ltr'><strong>μὲν</strong></span> <span class='ocrx_word' id='word_1_94' title='bbox 647 1380 707 1431; x_wconf 82' lang='grc' dir='ltr'><strong>ὲν</strong></span> <span class='ocrx_word' id='word_1_95' title='bbox 757 1377 970 1441; x_wconf 84' lang='grc' dir='ltr'>πολλοῖς</span> <span class='ocrx_word' id='word_1_96' title='bbox 1015 1378 1314 1442; x_wconf 66' lang='grc' dir='ltr'>ωνάθλοις,</span> <span class='ocrx_word' id='word_1_97' title='bbox 1375 1374 1450 1433; x_wconf 85' lang='grc' dir='ltr'>ὧν</span> <span class='ocrx_word' id='word_1_98' title='bbox 1485 1381 1545 1433; x_wconf 84' lang='grc' dir='ltr'>οὐ</span> <span class='ocrx_word' id='word_1_99' title='bbox 1609 1381 1797 1451; x_wconf 73' lang='grc' dir='ltr'>πόρρω</span> 
     </span>
    </p>
   </div>
   <div class='ocr_carea' id='block_1_16' title="bbox 237 1468 1796 1543">
    <p class='ocr_par' dir='ltr' id='par_1_16' title="bbox 237 1468 1796 1543">
     <span class='ocr_line' id='line_1_16' title="bbox 237 1468 1796 1543; baseline 0.001 -19"><span class='ocrx_word' id='word_1_100' title='bbox 237 1472 501 1538; x_wconf 77' lang='grc' dir='ltr'><strong>ἀφίστατο</strong></span> <span class='ocrx_word' id='word_1_101' title='bbox 533 1468 672 1524; x_wconf 87' lang='grc' dir='ltr'><strong>κατά</strong></span> <span class='ocrx_word' id='word_1_102' title='bbox 703 1468 800 1540; x_wconf 83' lang='grc' dir='ltr'>τὴν</span> <span class='ocrx_word' id='word_1_103' title='bbox 827 1468 1194 1540; x_wconf 79' lang='grc' dir='ltr'>κοινοϐιαῖκὴν</span> <span class='ocrx_word' id='word_1_104' title='bbox 1224 1470 1387 1542; x_wconf 81' lang='grc' dir='ltr'>ζωὴν,</span> <span class='ocrx_word' id='word_1_105' title='bbox 1420 1471 1525 1543; x_wconf 80' lang='grc' dir='ltr'>ἰδίᾳ</span> <span class='ocrx_word' id='word_1_106' title='bbox 1566 1471 1622 1525; x_wconf 80' lang='grc' dir='ltr'><strong>δὲ</strong></span> <span class='ocrx_word' id='word_1_107' title='bbox 1678 1473 1796 1542; x_wconf 89' lang='grc' dir='ltr'>μεθ’</span> 
     </span>
    </p>
   </div>
   <div class='ocr_carea' id='block_1_17' title="bbox 237 1561 1798 1637">
    <p class='ocr_par' dir='ltr' id='par_1_17' title="bbox 237 1561 1798 1637">
     <span class='ocr_line' id='line_1_17' title="bbox 237 1561 1798 1637; baseline 0.001 -22"><span class='ocrx_word' id='word_1_108' title='bbox 237 1563 355 1625; x_wconf 76' lang='grc' dir='ltr'>ἑνὸς</span> <span class='ocrx_word' id='word_1_109' title='bbox 401 1563 704 1632; x_wconf 83' lang='grc' dir='ltr'>όμοτρόπου</span> <span class='ocrx_word' id='word_1_110' title='bbox 759 1561 1188 1631; x_wconf 86' lang='grc' dir='ltr'>ὑποταττόμενος</span> <span class='ocrx_word' id='word_1_111' title='bbox 1259 1563 1384 1616; x_wconf 83' lang='grc' dir='ltr'>καθ’</span> <span class='ocrx_word' id='word_1_112' title='bbox 1443 1564 1669 1635; x_wconf 78' lang='grc' dir='ltr'>ἡσυχίαν</span> <span class='ocrx_word' id='word_1_113' title='bbox 1720 1566 1798 1637; x_wconf 82' lang='grc' dir='ltr'>τῷ</span> 
     </span>
    </p>
   </div>
   <div class='ocr_carea' id='block_1_18' title="bbox 235 1642 1798 1726">
    <p class='ocr_par' dir='ltr' id='par_1_18' title="bbox 235 1642 1798 1726">
     <span class='ocr_line' id='line_1_18' title="bbox 235 1642 1798 1726; baseline 0.001 -18"><span class='ocrx_word' id='word_1_114' title='bbox 235 1642 550 1724; x_wconf 73' lang='grc' dir='ltr'>ἀειμνήστω</span> <span class='ocrx_word' id='word_1_115' title='bbox 583 1653 907 1724; x_wconf 84' lang='grc' dir='ltr'>Θεοκτίστῳ,</span> <span class='ocrx_word' id='word_1_116' title='bbox 940 1654 1030 1705; x_wconf 73' lang='grc' dir='ltr'><strong>καὶ</strong></span> <span class='ocrx_word' id='word_1_117' title='bbox 1062 1656 1136 1724; x_wconf 85' lang='grc' dir='ltr'>πῆ</span> <span class='ocrx_word' id='word_1_118' title='bbox 1191 1655 1288 1724; x_wconf 76' lang='grc' dir='ltr'><strong>μὲν</strong></span> <span class='ocrx_word' id='word_1_119' title='bbox 1339 1656 1474 1708; x_wconf 78' lang='grc' dir='ltr'>οἴκοι</span> <span class='ocrx_word' id='word_1_120' title='bbox 1527 1656 1798 1726; x_wconf 75' lang='grc' dir='ltr'>σχολάζων</span> 
     </span>
    </p>
   </div>
   <div class='ocr_carea' id='block_1_19' title="bbox 237 1742 1799 1817">
    <p class='ocr_par' dir='ltr' id='par_1_19' title="bbox 237 1742 1799 1817">
     <span class='ocr_line' id='line_1_19' title="bbox 237 1742 1799 1817; baseline 0.003 -23"><span class='ocrx_word' id='word_1_121' title='bbox 237 1743 317 1812; x_wconf 86' lang='grc' dir='ltr'>πῆ</span> <span class='ocrx_word' id='word_1_122' title='bbox 347 1742 402 1795; x_wconf 79' lang='grc' dir='ltr'>δὲ</span> <span class='ocrx_word' id='word_1_123' title='bbox 432 1745 497 1813; x_wconf 79' lang='grc' dir='ltr'>τῇ</span> <span class='ocrx_word' id='word_1_124' title='bbox 527 1742 792 1813; x_wconf 82' lang='grc' dir='ltr'>κοινότητι</span> <span class='ocrx_word' id='word_1_125' title='bbox 843 1743 1252 1814; x_wconf 82' lang='grc' dir='ltr'>συνερχόμενος,</span> <span class='ocrx_word' id='word_1_126' title='bbox 1286 1743 1343 1797; x_wconf 79' lang='grc' dir='ltr'>ἐν</span> <span class='ocrx_word' id='word_1_127' title='bbox 1373 1761 1431 1798; x_wconf 87' lang='grc' dir='ltr'><strong>τε</strong></span> <span class='ocrx_word' id='word_1_128' title='bbox 1459 1743 1799 1817; x_wconf 80' lang='grc' dir='ltr'>ψαλμῳδίαις</span> 
     </span>
    </p>
   </div>
   <div class='ocr_carea' id='block_1_20' title="bbox 234 1829 1796 1904">
    <p class='ocr_par' dir='ltr' id='par_1_20' title="bbox 234 1829 1796 1904">
     <span class='ocr_line' id='line_1_20' title="bbox 234 1829 1796 1904; baseline 0.004 -18"><span class='ocrx_word' id='word_1_129' title='bbox 234 1837 549 1904; x_wconf 80' lang='grc' dir='ltr'>διατροφαῖς</span> <span class='ocrx_word' id='word_1_130' title='bbox 575 1851 634 1886; x_wconf 86' lang='grc' dir='ltr'><strong>τε</strong></span> <span class='ocrx_word' id='word_1_131' title='bbox 667 1835 759 1887; x_wconf 75' lang='grc' dir='ltr'><strong>καὶ</strong></span> <span class='ocrx_word' id='word_1_132' title='bbox 786 1833 1090 1904; x_wconf 74' lang='grc' dir='ltr'>ἐργασίαις,</span> <span class='ocrx_word' id='word_1_133' title='bbox 1139 1836 1233 1888; x_wconf 74' lang='grc' dir='ltr'><strong>καὶ</strong></span> <span class='ocrx_word' id='word_1_134' title='bbox 1251 1829 1362 1888; x_wconf 70' lang='grc' dir='ltr'>οἷον</span> <span class='ocrx_word' id='word_1_135' title='bbox 1390 1838 1563 1891; x_wconf 75' lang='grc' dir='ltr'>εἰπεῖν</span> <span class='ocrx_word' id='word_1_136' title='bbox 1619 1839 1796 1904; x_wconf 89' lang='grc' dir='ltr'>κοινός</span> 
     </span>
    </p>
   </div>
   <div class='ocr_carea' id='block_1_21' title="bbox 233 1923 1791 1995">
    <p class='ocr_par' dir='ltr' id='par_1_21' title="bbox 233 1923 1791 1995">
     <span class='ocr_line' id='line_1_21' title="bbox 233 1923 1791 1995; baseline 0.003 -18"><span class='ocrx_word' id='word_1_137' title='bbox 233 1941 294 1977; x_wconf 87' lang='grc' dir='ltr'><strong>τε</strong></span> <span class='ocrx_word' id='word_1_138' title='bbox 328 1924 422 1977; x_wconf 72' lang='grc' dir='ltr'><strong>καὶ</strong></span> <span class='ocrx_word' id='word_1_139' title='bbox 451 1923 722 1987; x_wconf 80' lang='grc' dir='ltr'>ἐπίκοινος</span> <span class='ocrx_word' id='word_1_140' title='bbox 753 1924 1032 1993; x_wconf 83' lang='grc' dir='ltr'><strong>γινόμενος</strong></span> <span class='ocrx_word' id='word_1_141' title='bbox 1061 1924 1155 1976; x_wconf 74' lang='grc' dir='ltr'><strong>καὶ</strong></span> <span class='ocrx_word' id='word_1_142' title='bbox 1185 1924 1405 1995; x_wconf 85' lang='grc' dir='ltr'>μέτριος</span> <span class='ocrx_word' id='word_1_143' title='bbox 1428 1926 1569 1980; x_wconf 82' lang='grc' dir='ltr'><strong>κατά</strong></span> <span class='ocrx_word' id='word_1_144' title='bbox 1597 1927 1791 1982; x_wconf 87' lang='grc' dir='ltr'>πάντα.</span> 
     </span>
    </p>
   </div>
   <div class='ocr_carea' id='block_1_22' title="bbox 235 2020 1798 2093">
    <p class='ocr_par' dir='ltr' id='par_1_22' title="bbox 235 2020 1798 2093">
     <span class='ocr_line' id='line_1_22' title="bbox 235 2020 1798 2093; baseline 0 -20"><span class='ocrx_word' id='word_1_145' title='bbox 235 2021 311 2073; x_wconf 78' lang='grc' dir='ltr'><strong>υὺ</strong></span> <span class='ocrx_word' id='word_1_146' title='bbox 357 2021 488 2092; x_wconf 84' lang='grc' dir='ltr'>γὰρ,</span> <span class='ocrx_word' id='word_1_147' title='bbox 531 2021 718 2092; x_wconf 75' lang='grc' dir='ltr'>ἐπειδὴ</span> <span class='ocrx_word' id='word_1_148' title='bbox 778 2020 1003 2090; x_wconf 75' lang='grc' dir='ltr'>εὐγενὴς</span> <span class='ocrx_word' id='word_1_149' title='bbox 1035 2020 1097 2073; x_wconf 82' lang='grc' dir='ltr'><strong>τὸ</strong></span> <span class='ocrx_word' id='word_1_150' title='bbox 1151 2020 1293 2074; x_wconf 88' lang='grc' dir='ltr'><strong>κατά</strong></span> <span class='ocrx_word' id='word_1_151' title='bbox 1328 2021 1528 2093; x_wconf 85' lang='grc' dir='ltr'>σάρκα,</span> <span class='ocrx_word' id='word_1_152' title='bbox 1559 2021 1798 2092; x_wconf 83' lang='grc' dir='ltr'>ἀπετρα-</span> 
     </span>
    </p>
   </div>
   <div class='ocr_carea' id='block_1_23' title="bbox 234 2111 1797 2184">
    <p class='ocr_par' dir='ltr' id='par_1_23' title="bbox 234 2111 1797 2184">
     <span class='ocr_line' id='line_1_23' title="bbox 234 2111 1797 2184; baseline 0 -19"><span class='ocrx_word' id='word_1_153' title='bbox 234 2112 428 2184; x_wconf 80' lang='grc' dir='ltr'>χύνετο</span> <span class='ocrx_word' id='word_1_154' title='bbox 451 2113 564 2174; x_wconf 85' lang='grc' dir='ltr'>τοῖς</span> <span class='ocrx_word' id='word_1_155' title='bbox 620 2111 1030 2183; x_wconf 82' lang='grc' dir='ltr'>ἀγροικοτέροις</span> <span class='ocrx_word' id='word_1_156' title='bbox 1117 2111 1564 2182; x_wconf 85' lang='grc' dir='ltr'><strong>συνδιαιτώμενος</strong></span> <span class='ocrx_word' id='word_1_157' title='bbox 1596 2127 1614 2147; x_wconf 77' lang='grc' dir='ltr'><strong>σ</strong></span> <span class='ocrx_word' id='word_1_158' title='bbox 1676 2111 1797 2165; x_wconf 78' lang='grc' dir='ltr'>οὐδὲ</span> 
     </span>
    </p>
   </div>
   <div class='ocr_carea' id='block_1_24' title="bbox 235 2203 1798 2274">
    <p class='ocr_par' dir='ltr' id='par_1_24' title="bbox 235 2203 1798 2274">
     <span class='ocr_line' id='line_1_24' title="bbox 235 2203 1798 2274; baseline -0.001 -17"><span class='ocrx_word' id='word_1_159' title='bbox 235 2203 422 2274; x_wconf 73' lang='grc' dir='ltr'>ἐπειδὴ</span> <span class='ocrx_word' id='word_1_160' title='bbox 467 2203 855 2274; x_wconf 78' lang='grc' dir='ltr'>ὲξυπηρετεῖτο</span> <span class='ocrx_word' id='word_1_161' title='bbox 904 2204 1034 2272; x_wconf 86' lang='grc' dir='ltr'>παρ’</span> <span class='ocrx_word' id='word_1_162' title='bbox 1063 2203 1288 2255; x_wconf 87' lang='grc' dir='ltr'>οίκετῶν</span> <span class='ocrx_word' id='word_1_163' title='bbox 1349 2204 1635 2274; x_wconf 89' lang='grc' dir='ltr'>πρότερον,</span> <span class='ocrx_word' id='word_1_164' title='bbox 1699 2203 1798 2267; x_wconf 81' lang='grc' dir='ltr'>τὰς</span> 
     </span>
    </p>
   </div>
   <div class='ocr_carea' id='block_1_25' title="bbox 233 2291 1793 2365">
    <p class='ocr_par' dir='ltr' id='par_1_25' title="bbox 233 2291 1793 2365">
     <span class='ocr_line' id='line_1_25' title="bbox 233 2291 1793 2365; baseline -0.001 -17"><span class='ocrx_word' id='word_1_165' title='bbox 233 2294 564 2365; x_wconf 80' lang='grc' dir='ltr'>ἀτιμοτέρας</span> <span class='ocrx_word' id='word_1_166' title='bbox 633 2291 1032 2364; x_wconf 73' lang='grc' dir='ltr'>ἐγχειρίζεσθαι</span> <span class='ocrx_word' id='word_1_167' title='bbox 1113 2295 1389 2357; x_wconf 85' lang='grc' dir='ltr'>διακονίας</span> <span class='ocrx_word' id='word_1_168' title='bbox 1458 2292 1793 2359; x_wconf 82' lang='grc' dir='ltr'>ὲξενοπάθει.</span> 
     </span>
    </p>
   </div>
   <div class='ocr_carea' id='block_1_26' title="bbox 234 2383 1799 2457">
    <p class='ocr_par' dir='ltr' id='par_1_26' title="bbox 234 2383 1799 2457">
     <span class='ocr_line' id='line_1_26' title="bbox 234 2383 1799 2457; baseline 0 -18"><span class='ocrx_word' id='word_1_169' title='bbox 234 2386 540 2456; x_wconf 83' lang='grc' dir='ltr'>Τοιγαροῦν</span> <span class='ocrx_word' id='word_1_170' title='bbox 569 2384 663 2438; x_wconf 74' lang='grc' dir='ltr'><strong>καὶ</strong></span> <span class='ocrx_word' id='word_1_171' title='bbox 696 2385 900 2455; x_wconf 84' lang='grc' dir='ltr'>κόπρον</span> <span class='ocrx_word' id='word_1_172' title='bbox 961 2385 1054 2436; x_wconf 77' lang='grc' dir='ltr'>ἐπὶ</span> <span class='ocrx_word' id='word_1_173' title='bbox 1111 2383 1277 2455; x_wconf 77' lang='grc' dir='ltr'>ὤμων</span> <span class='ocrx_word' id='word_1_174' title='bbox 1334 2386 1654 2457; x_wconf 69' lang='grc' dir='ltr'>ἀπεφέρετο,</span> <span class='ocrx_word' id='word_1_175' title='bbox 1703 2386 1799 2439; x_wconf 83' lang='grc' dir='ltr'><strong>καὶ</strong></span> 
     </span>
    </p>
   </div>
   <div class='ocr_carea' id='block_1_27' title="bbox 235 2475 1798 2547">
    <p class='ocr_par' dir='ltr' id='par_1_27' title="bbox 235 2475 1798 2547">
     <span class='ocr_line' id='line_1_27' title="bbox 235 2475 1798 2547; baseline 0 -19"><span class='ocrx_word' id='word_1_176' title='bbox 235 2475 413 2547; x_wconf 83' lang='grc' dir='ltr'>χῶρον</span> <span class='ocrx_word' id='word_1_177' title='bbox 445 2475 692 2546; x_wconf 75' lang='grc' dir='ltr'>ἀρδεύειν</span> <span class='ocrx_word' id='word_1_178' title='bbox 723 2475 1145 2546; x_wconf 86' lang='grc' dir='ltr'>προσετάττετο,</span> <span class='ocrx_word' id='word_1_179' title='bbox 1196 2475 1291 2528; x_wconf 72' lang='grc' dir='ltr'>καὶ</span> <span class='ocrx_word' id='word_1_180' title='bbox 1345 2476 1550 2546; x_wconf 67' lang='grc' dir='ltr'>ἄλευρα</span> <span class='ocrx_word' id='word_1_181' title='bbox 1606 2475 1798 2546; x_wconf 83' lang='grc' dir='ltr'>φύρειν</span> 
     </span>
    </p>
   </div>
   <div class='ocr_carea' id='block_1_28' title="bbox 233 2564 1799 2637">
    <p class='ocr_par' dir='ltr' id='par_1_28' title="bbox 233 2564 1799 2637">
     <span class='ocr_line' id='line_1_28' title="bbox 233 2564 1799 2637; baseline -0.001 -18"><span class='ocrx_word' id='word_1_182' title='bbox 233 2567 502 2637; x_wconf 71' lang='grc' dir='ltr'>ἠνείχετο,</span> <span class='ocrx_word' id='word_1_183' title='bbox 524 2567 618 2619; x_wconf 72' lang='grc' dir='ltr'>καὶ</span> <span class='ocrx_word' id='word_1_184' title='bbox 645 2564 816 2620; x_wconf 77' lang='grc' dir='ltr'>ταῦτα</span> <span class='ocrx_word' id='word_1_185' title='bbox 843 2565 981 2635; x_wconf 88' lang='grc' dir='ltr'><strong>μετά</strong></span> <span class='ocrx_word' id='word_1_186' title='bbox 1001 2565 1095 2618; x_wconf 75' lang='grc' dir='ltr'>τοῦ</span> <span class='ocrx_word' id='word_1_187' title='bbox 1128 2565 1363 2636; x_wconf 81' lang='grc' dir='ltr'>γράφειν</span> <span class='ocrx_word' id='word_1_188' title='bbox 1419 2565 1558 2636; x_wconf 83' lang='grc' dir='ltr'>τόνῳ</span> <span class='ocrx_word' id='word_1_189' title='bbox 1617 2565 1799 2637; x_wconf 80' lang='grc' dir='ltr'>πολλῷ</span> 
     </span>
    </p>
   </div>
   <div class='ocr_carea' id='block_1_29' title="bbox 235 2658 993 2729">
    <p class='ocr_par' dir='ltr' id='par_1_29' title="bbox 235 2658 993 2729">
     <span class='ocr_line' id='line_1_29' title="bbox 235 2658 993 2729; baseline -0.003 -18"><span class='ocrx_word' id='word_1_190' title='bbox 235 2660 330 2712; x_wconf 74' lang='grc' dir='ltr'>καὶ</span> <span class='ocrx_word' id='word_1_191' title='bbox 387 2658 675 2729; x_wconf 69' lang='grc' dir='ltr'>ἐπιμελείᾳ</span> <span class='ocrx_word' id='word_1_192' title='bbox 705 2658 993 2727; x_wconf 82' lang='grc' dir='ltr'>κρατίστῃ.</span> 
     </span>
    </p>
   </div>
   <div class='ocr_carea' id='block_1_30' title="bbox 305 2821 1799 2904">
    <p class='ocr_par' dir='ltr' id='par_1_30' title="bbox 305 2821 1799 2904">
     <span class='ocr_line' id='line_1_30' title="bbox 305 2821 1799 2904; baseline 0.001 -20"><span class='ocrx_word' id='word_1_193' title='bbox 305 2821 393 2900; x_wconf 68' lang='grc' dir='ltr'><strong>ιβδ.</strong></span> <span class='ocrx_word' id='word_1_194' title='bbox 419 2830 606 2883; x_wconf 83' lang='grc' dir='ltr'>Βούλει</span> <span class='ocrx_word' id='word_1_195' title='bbox 641 2829 830 2900; x_wconf 79' lang='grc' dir='ltr'>μαθεῖν</span> <span class='ocrx_word' id='word_1_196' title='bbox 849 2829 1114 2902; x_wconf 69' lang='grc' dir='ltr'>καὶὲτερα</span> <span class='ocrx_word' id='word_1_197' title='bbox 1148 2831 1393 2903; x_wconf 80' lang='grc' dir='ltr'>ὑπακοῆς</span> <span class='ocrx_word' id='word_1_198' title='bbox 1422 2833 1799 2904; x_wconf 85' lang='grc' dir='ltr'>ἀριστεύματα</span> 
     </span>
    </p>
   </div>
   <div class='ocr_carea' id='block_1_31' title="bbox 237 2914 1798 2994">
    <p class='ocr_par' dir='ltr' id='par_1_31' title="bbox 237 2914 1798 2994">
     <span class='ocr_line' id='line_1_31' title="bbox 237 2914 1798 2994; baseline 0.002 -19"><span class='ocrx_word' id='word_1_199' title='bbox 237 2914 502 2990; x_wconf 74' lang='grc' dir='ltr'>ἑγγύθενς</span> <span class='ocrx_word' id='word_1_200' title='bbox 548 2920 608 2973; x_wconf 83' lang='grc' dir='ltr'>ὐ</span> <span class='ocrx_word' id='word_1_201' title='bbox 645 2921 908 2992; x_wconf 75' lang='grc' dir='ltr'>πράκτωρ</span> <span class='ocrx_word' id='word_1_202' title='bbox 961 2921 1066 2974; x_wconf 83' lang='grc' dir='ltr'>τῶν</span> <span class='ocrx_word' id='word_1_203' title='bbox 1095 2922 1532 2994; x_wconf 83' lang='grc' dir='ltr'>κατορθωμάτων</span> <span class='ocrx_word' id='word_1_204' title='bbox 1563 2925 1798 2989; x_wconf 78' lang='grc' dir='ltr'>,ὠνειδί-</span> 
     </span>
    </p>
   </div>
   <div class='ocr_carea' id='block_1_32' title="bbox 238 3011 1799 3085">
    <p class='ocr_par' dir='ltr' id='par_1_32' title="bbox 238 3011 1799 3085">
     <span class='ocr_line' id='line_1_32' title="bbox 238 3011 1799 3085; baseline 0.002 -19"><span class='ocrx_word' id='word_1_205' title='bbox 238 3013 360 3076; x_wconf 86' lang='grc' dir='ltr'>ζετο</span> <span class='ocrx_word' id='word_1_206' title='bbox 383 3015 531 3083; x_wconf 80' lang='grc' dir='ltr'>παρὰ</span> <span class='ocrx_word' id='word_1_207' title='bbox 557 3011 651 3065; x_wconf 75' lang='grc' dir='ltr'>τοῦ</span> <span class='ocrx_word' id='word_1_208' title='bbox 706 3012 914 3082; x_wconf 61' lang='grc' dir='ltr'>Πατρὴς</span> <span class='ocrx_word' id='word_1_209' title='bbox 944 3013 1038 3066; x_wconf 76' lang='grc' dir='ltr'><strong>ἐπὶ</strong></span> <span class='ocrx_word' id='word_1_210' title='bbox 1070 3014 1338 3085; x_wconf 74' lang='grc' dir='ltr'>παρουσίᾳ</span> <span class='ocrx_word' id='word_1_211' title='bbox 1369 3014 1554 3079; x_wconf 84' lang='grc' dir='ltr'>ξένων,</span> <span class='ocrx_word' id='word_1_212' title='bbox 1585 3016 1679 3069; x_wconf 75' lang='grc' dir='ltr'>καὶ</span> <span class='ocrx_word' id='word_1_213' title='bbox 1724 3017 1799 3079; x_wconf 86' lang='grc' dir='ltr'>ὡς</span> 
     </span>
    </p>
   </div>
   <div class='ocr_carea' id='block_1_33' title="bbox 239 3103 1803 3176">
    <p class='ocr_par' dir='ltr' id='par_1_33' title="bbox 239 3103 1803 3176">
     <span class='ocr_line' id='line_1_33' title="bbox 239 3103 1803 3176; baseline 0.003 -20"><span class='ocrx_word' id='word_1_214' title='bbox 239 3104 518 3173; x_wconf 70' lang='grc' dir='ltr'>εὐφημίαν</span> <span class='ocrx_word' id='word_1_215' title='bbox 561 3103 867 3173; x_wconf 84' lang='grc' dir='ltr'>δεχόμενος,</span> <span class='ocrx_word' id='word_1_216' title='bbox 900 3104 1191 3175; x_wconf 84' lang='grc' dir='ltr'>ἀκλόνητος</span> <span class='ocrx_word' id='word_1_217' title='bbox 1223 3105 1473 3176; x_wconf 82' lang='grc' dir='ltr'>διέμενεν</span> <span class='ocrx_word' id='word_1_218' title='bbox 1501 3110 1529 3160; x_wconf 87' lang='lat'><strong>6</strong></span> <span class='ocrx_word' id='word_1_219' title='bbox 1586 3107 1803 3160; x_wconf 80' lang='grc' dir='ltr'>εὐκλεέ-</span> 
     </span>
    </p>
   </div>
   <div class='ocr_carea' id='block_1_34' title="bbox 232 3187 1803 3266">
    <p class='ocr_par' dir='ltr' id='par_1_34' title="bbox 232 3187 1803 3266">
     <span class='ocr_line' id='line_1_34' title="bbox 232 3187 1803 3266; baseline 0.001 -18"><span class='ocrx_word' id='word_1_220' title='bbox 232 3203 434 3258; x_wconf 80' lang='grc' dir='ltr'>’στατος</span> <span class='ocrx_word' id='word_1_221' title='bbox 457 3210 472 3224; x_wconf 75' lang='grc' dir='ltr'><strong>ο</strong></span> <span class='ocrx_word' id='word_1_222' title='bbox 513 3195 953 3262; x_wconf 79' lang='grc' dir='ltr'>ὑπανεγίνωσκεν</span> <span class='ocrx_word' id='word_1_223' title='bbox 980 3195 1273 3264; x_wconf 78' lang='grc' dir='ltr'>ἀξιολόγως</span> <span class='ocrx_word' id='word_1_224' title='bbox 1303 3187 1361 3250; x_wconf 72' lang='grc' dir='ltr'><strong>ἐν</strong></span> <span class='ocrx_word' id='word_1_225' title='bbox 1395 3189 1528 3250; x_wconf 71' lang='grc' dir='ltr'>ώσὶν</span> <span class='ocrx_word' id='word_1_226' title='bbox 1578 3197 1803 3266; x_wconf 85' lang='grc' dir='ltr'>ἀδελφό-</span> 
     </span>
    </p>
   </div>
   <div class='ocr_carea' id='block_1_35' title="bbox 240 3285 1804 3360">
    <p class='ocr_par' dir='ltr' id='par_1_35' title="bbox 240 3285 1804 3360">
     <span class='ocr_line' id='line_1_35' title="bbox 240 3285 1804 3360; baseline 0.001 -21"><span class='ocrx_word' id='word_1_227' title='bbox 240 3303 421 3356; x_wconf 87' lang='grc' dir='ltr'>τητος,</span> <span class='ocrx_word' id='word_1_228' title='bbox 449 3285 544 3339; x_wconf 80' lang='grc' dir='ltr'><strong>καὶ</strong></span> <span class='ocrx_word' id='word_1_229' title='bbox 569 3285 644 3348; x_wconf 85' lang='grc' dir='ltr'><strong>ὡς</strong></span> <span class='ocrx_word' id='word_1_230' title='bbox 679 3286 828 3357; x_wconf 86' lang='grc' dir='ltr'><strong>παρά</strong></span> <span class='ocrx_word' id='word_1_231' title='bbox 852 3287 1008 3354; x_wconf 87' lang='grc' dir='ltr'>λόγον</span> <span class='ocrx_word' id='word_1_232' title='bbox 1037 3290 1303 3356; x_wconf 82' lang='grc' dir='ltr'>ἀναγνοὺς</span> <span class='ocrx_word' id='word_1_233' title='bbox 1333 3289 1804 3360; x_wconf 81' lang='grc' dir='ltr'>ὲπιπληττόμενος</span> 
     </span>
    </p>
   </div>
   <div class='ocr_carea' id='block_1_36' title="bbox 240 3370 1804 3451">
    <p class='ocr_par' dir='ltr' id='par_1_36' title="bbox 240 3370 1804 3451">
     <span class='ocr_line' id='line_1_36' title="bbox 240 3370 1804 3451; baseline 0.003 -23"><span class='ocrx_word' id='word_1_234' title='bbox 240 3376 590 3446; x_wconf 75' lang='grc' dir='ltr'>ὑπέπτησσεν</span> <span class='ocrx_word' id='word_1_235' title='bbox 616 3378 644 3430; x_wconf 89' lang='lat'><strong>6</strong></span> <span class='ocrx_word' id='word_1_236' title='bbox 694 3377 1165 3449; x_wconf 85' lang='grc' dir='ltr'>ὲμφρονέστατος’</span> <span class='ocrx_word' id='word_1_237' title='bbox 1224 3377 1543 3451; x_wconf 81' lang='grc' dir='ltr'>δουλογενὴς</span> <span class='ocrx_word' id='word_1_238' title='bbox 1587 3370 1804 3434; x_wconf 87' lang='grc' dir='ltr'>ἀκούων</span> 
     </span>
    </p>
   </div>
   <div class='ocr_carea' id='block_1_37' title="bbox 241 3463 1804 3544">
    <p class='ocr_par' dir='ltr' id='par_1_37' title="bbox 241 3463 1804 3544">
     <span class='ocr_line' id='line_1_37' title="bbox 241 3463 1804 3544; baseline 0.002 -23"><span class='ocrx_word' id='word_1_239' title='bbox 241 3469 383 3523; x_wconf 80' lang='grc' dir='ltr'>κατὰ</span> <span class='ocrx_word' id='word_1_240' title='bbox 438 3469 788 3538; x_wconf 81' lang='grc' dir='ltr'>ἀστειασμὸν,</span> <span class='ocrx_word' id='word_1_241' title='bbox 824 3471 926 3539; x_wconf 77' lang='grc' dir='ltr'>τὴν</span> <span class='ocrx_word' id='word_1_242' title='bbox 952 3471 1195 3543; x_wconf 82' lang='grc' dir='ltr'>κεφαλὴν</span> <span class='ocrx_word' id='word_1_243' title='bbox 1236 3473 1529 3526; x_wconf 88' lang='grc' dir='ltr'>κατένευεν</span> <span class='ocrx_word' id='word_1_244' title='bbox 1564 3463 1804 3544; x_wconf 83' lang='grc' dir='ltr'>συνερῶν</span> 
     </span>
    </p>
   </div>
   <div class='ocr_carea' id='block_1_38' title="bbox 241 3549 1806 3635">
    <p class='ocr_par' dir='ltr' id='par_1_38' title="bbox 241 3549 1806 3635">
     <span class='ocr_line' id='line_1_38' title="bbox 241 3549 1806 3635; baseline 0.003 -22"><span class='ocrx_word' id='word_1_245' title='bbox 241 3559 319 3630; x_wconf 81' lang='grc' dir='ltr'>τῷ</span> <span class='ocrx_word' id='word_1_246' title='bbox 352 3558 550 3631; x_wconf 78' lang='grc' dir='ltr'>Πατρὶ,</span> <span class='ocrx_word' id='word_1_247' title='bbox 579 3562 608 3613; x_wconf 88' lang='lat'><strong>6</strong></span> <span class='ocrx_word' id='word_1_248' title='bbox 637 3561 862 3632; x_wconf 79' lang='grc' dir='ltr'>εὐγενὴς</span> <span class='ocrx_word' id='word_1_249' title='bbox 915 3561 1082 3626; x_wconf 79' lang='grc' dir='ltr'>ὅντως</span> <span class='ocrx_word' id='word_1_250' title='bbox 1140 3563 1238 3616; x_wconf 81' lang='grc' dir='ltr'>σὺν</span> <span class='ocrx_word' id='word_1_251' title='bbox 1282 3566 1348 3635; x_wconf 79' lang='grc' dir='ltr'>τῇ</span> <span class='ocrx_word' id='word_1_252' title='bbox 1402 3563 1548 3635; x_wconf 80' lang='grc' dir='ltr'><strong>ψυχῇ</strong></span> <span class='ocrx_word' id='word_1_253' title='bbox 1593 3565 1687 3618; x_wconf 76' lang='grc' dir='ltr'>καὶ</span> <span class='ocrx_word' id='word_1_254' title='bbox 1727 3549 1806 3633; x_wconf 79' lang='grc' dir='ltr'>τῷ</span> 
     </span>
    </p>
   </div>
   <div class='ocr_carea' id='block_1_39' title="bbox 243 3650 1803 3727">
    <p class='ocr_par' dir='ltr' id='par_1_39' title="bbox 243 3650 1803 3727">
     <span class='ocr_line' id='line_1_39' title="bbox 243 3650 1803 3727; baseline 0.003 -24"><span class='ocrx_word' id='word_1_255' title='bbox 243 3652 459 3722; x_wconf 85' lang='grc' dir='ltr'>σώματι</span> <span class='ocrx_word' id='word_1_256' title='bbox 495 3667 510 3681; x_wconf 78' lang='grc' dir='ltr'><strong><em>ο</em></strong></span> <span class='ocrx_word' id='word_1_257' title='bbox 546 3650 810 3714; x_wconf 76' lang='grc' dir='ltr'>πολύτλας</span> <span class='ocrx_word' id='word_1_258' title='bbox 841 3651 916 3706; x_wconf 85' lang='grc' dir='ltr'><strong>ὣν</strong></span> <span class='ocrx_word' id='word_1_259' title='bbox 959 3655 1018 3706; x_wconf 83' lang='grc' dir='ltr'><strong>έν</strong></span> <span class='ocrx_word' id='word_1_260' title='bbox 1050 3653 1128 3724; x_wconf 82' lang='grc' dir='ltr'>τῷ</span> <span class='ocrx_word' id='word_1_261' title='bbox 1184 3655 1482 3727; x_wconf 81' lang='grc' dir='ltr'>ὲργοχείρῳ</span> <span class='ocrx_word' id='word_1_262' title='bbox 1539 3656 1632 3709; x_wconf 70' lang='grc' dir='ltr'>καὶ</span> <span class='ocrx_word' id='word_1_263' title='bbox 1673 3655 1803 3707; x_wconf 88' lang='grc' dir='ltr'>πολ-</span> 
     </span>
    </p>
   </div>
   <div class='ocr_carea' id='block_1_40' title="bbox 244 3729 1804 3816">
    <p class='ocr_par' dir='ltr' id='par_1_40' title="bbox 244 3729 1804 3816">
     <span class='ocr_line' id='line_1_40' title="bbox 244 3729 1804 3816; baseline 0.004 -23"><span class='ocrx_word' id='word_1_264' title='bbox 244 3741 310 3794; x_wconf 73' lang='grc' dir='ltr'>λὰ</span> <span class='ocrx_word' id='word_1_265' title='bbox 339 3741 720 3811; x_wconf 77' lang='grc' dir='ltr'>ποριζόμενος,</span> <span class='ocrx_word' id='word_1_266' title='bbox 777 3729 854 3808; x_wconf 85' lang='grc' dir='ltr'><strong>ώς</strong></span> <span class='ocrx_word' id='word_1_267' title='bbox 914 3744 1077 3815; x_wconf 79' lang='grc' dir='ltr'>μηδὲν</span> <span class='ocrx_word' id='word_1_268' title='bbox 1128 3746 1417 3816; x_wconf 72' lang='grc' dir='ltr'>εἰσφέρωνο</span> <span class='ocrx_word' id='word_1_269' title='bbox 1463 3746 1666 3815; x_wconf 77' lang='grc' dir='ltr'>ἄτυφος</span> <span class='ocrx_word' id='word_1_270' title='bbox 1722 3748 1804 3799; x_wconf 85' lang='grc' dir='ltr'>ὃτι</span> 
     </span>
    </p>
   </div>
   <div class='ocr_carea' id='block_1_41' title="bbox 244 3832 1803 3906">
    <p class='ocr_par' dir='ltr' id='par_1_41' title="bbox 244 3832 1803 3906">
     <span class='ocr_line' id='line_1_41' title="bbox 244 3832 1803 3906; baseline 0.001 -19"><span class='ocrx_word' id='word_1_271' title='bbox 244 3833 481 3902; x_wconf 84' lang='grc' dir='ltr'>μάλιστα</span> <span class='ocrx_word' id='word_1_272' title='bbox 509 3832 771 3903; x_wconf 86' lang='grc' dir='ltr'>διείρχετο</span> <span class='ocrx_word' id='word_1_273' title='bbox 795 3833 824 3886; x_wconf 91' lang='lat'><strong>6</strong></span> <span class='ocrx_word' id='word_1_274' title='bbox 853 3834 1156 3906; x_wconf 82' lang='grc' dir='ltr'>φιλομαθής</span> <span class='ocrx_word' id='word_1_275' title='bbox 1171 3851 1229 3889; x_wconf 90' lang='grc' dir='ltr'><strong>τε</strong></span> <span class='ocrx_word' id='word_1_276' title='bbox 1259 3836 1354 3889; x_wconf 81' lang='grc' dir='ltr'><strong>καὶ</strong></span> <span class='ocrx_word' id='word_1_277' title='bbox 1375 3836 1639 3905; x_wconf 85' lang='grc' dir='ltr'>φιλόθεος,</span> <span class='ocrx_word' id='word_1_278' title='bbox 1667 3838 1803 3890; x_wconf 88' lang='grc' dir='ltr'>ἀπο-</span> 
     </span>
    </p>
   </div>
   <div class='ocr_carea' id='block_1_42' title="bbox 243 3926 1802 3998">
    <p class='ocr_par' dir='ltr' id='par_1_42' title="bbox 243 3926 1802 3998">
     <span class='ocr_line' id='line_1_42' title="bbox 243 3926 1802 3998; baseline 0.003 -22"><span class='ocrx_word' id='word_1_279' title='bbox 243 3926 597 3995; x_wconf 85' lang='grc' dir='ltr'>πεμπόμενος</span> <span class='ocrx_word' id='word_1_280' title='bbox 633 3927 772 3996; x_wconf 82' lang='grc' dir='ltr'><strong>μετά</strong></span> <span class='ocrx_word' id='word_1_281' title='bbox 817 3927 1176 3997; x_wconf 85' lang='grc' dir='ltr'>γονυπέτησιν</span> <span class='ocrx_word' id='word_1_282' title='bbox 1229 3929 1380 3998; x_wconf 86' lang='grc' dir='ltr'><strong>παρά</strong></span> <span class='ocrx_word' id='word_1_283' title='bbox 1447 3928 1541 3981; x_wconf 76' lang='grc' dir='ltr'>τοῦ</span> <span class='ocrx_word' id='word_1_284' title='bbox 1567 3929 1802 3997; x_wconf 76' lang='grc' dir='ltr'>Πατρὸς,</span> 
     </span>
    </p>
   </div>
   <div class='ocr_carea' id='block_1_43' title="bbox 242 4009 1805 4089">
    <p class='ocr_par' dir='ltr' id='par_1_43' title="bbox 242 4009 1805 4089">
     <span class='ocr_line' id='line_1_43' title="bbox 242 4009 1805 4089; baseline 0.003 -21"><span class='ocrx_word' id='word_1_285' title='bbox 242 4009 316 4079; x_wconf 80' lang='grc' dir='ltr'>ὡς</span> <span class='ocrx_word' id='word_1_286' title='bbox 370 4016 464 4069; x_wconf 73' lang='grc' dir='ltr'><strong>ἐπὶ</strong></span> <span class='ocrx_word' id='word_1_287' title='bbox 507 4019 567 4070; x_wconf 82' lang='grc' dir='ltr'>τὸ</span> <span class='ocrx_word' id='word_1_288' title='bbox 597 4015 730 4070; x_wconf 81' lang='grc' dir='ltr'>αὐτὸ</span> <span class='ocrx_word' id='word_1_289' title='bbox 760 4017 1180 4087; x_wconf 86' lang='grc' dir='ltr'>έμπεμπτωκὼς</span> <span class='ocrx_word' id='word_1_290' title='bbox 1237 4019 1313 4088; x_wconf 84' lang='grc' dir='ltr'>τῷ</span> <span class='ocrx_word' id='word_1_291' title='bbox 1363 4018 1662 4089; x_wconf 82' lang='grc' dir='ltr'>σφάλματι,</span> <span class='ocrx_word' id='word_1_292' title='bbox 1707 4020 1805 4072; x_wconf 79' lang='grc' dir='ltr'><strong>οὐκ</strong></span> 
     </span>
    </p>
   </div>
   <div class='ocr_carea' id='block_1_44' title="bbox 243 4106 1805 4180">
    <p class='ocr_par' dir='ltr' id='par_1_44' title="bbox 243 4106 1805 4180">
     <span class='ocr_line' id='line_1_44' title="bbox 243 4106 1805 4180; baseline -0.001 -18"><span class='ocrx_word' id='word_1_293' title='bbox 243 4106 667 4178; x_wconf 81' lang='grc' dir='ltr'>ἀπηυθαδίαζεν,</span> <span class='ocrx_word' id='word_1_294' title='bbox 697 4106 811 4164; x_wconf 79' lang='grc' dir='ltr'>ἀλλ’</span> <span class='ocrx_word' id='word_1_295' title='bbox 860 4107 1124 4177; x_wconf 77' lang='grc' dir='ltr'>ἐπέμενεν</span> <span class='ocrx_word' id='word_1_296' title='bbox 1174 4109 1398 4174; x_wconf 81' lang='grc' dir='ltr'>ἐξαιτῶν</span> <span class='ocrx_word' id='word_1_297' title='bbox 1463 4109 1562 4180; x_wconf 83' lang='grc' dir='ltr'>τὴν</span> <span class='ocrx_word' id='word_1_298' title='bbox 1592 4107 1805 4176; x_wconf 64' lang='grc' dir='ltr'>συγχώι</span> 
     </span>
    </p>
   </div>
   <div class='ocr_carea' id='block_1_45' title="bbox 247 4199 1803 4271">
    <p class='ocr_par' dir='ltr' id='par_1_45' title="bbox 247 4199 1803 4271">
     <span class='ocr_line' id='line_1_45' title="bbox 247 4199 1803 4271; baseline 0.001 -19"><span class='ocrx_word' id='word_1_299' title='bbox 247 4216 402 4271; x_wconf 77' lang='grc' dir='ltr'>ρησιν</span> <span class='ocrx_word' id='word_1_300' title='bbox 449 4200 479 4252; x_wconf 89' lang='lat'><strong>6</strong></span> <span class='ocrx_word' id='word_1_301' title='bbox 530 4199 971 4270; x_wconf 83' lang='grc' dir='ltr'>θαυμασιώτατος</span> <span class='ocrx_word' id='word_1_302' title='bbox 997 4215 1010 4229; x_wconf 95' lang='grc'><strong>·</strong></span> <span class='ocrx_word' id='word_1_303' title='bbox 1060 4199 1259 4268; x_wconf 73' lang='grc' dir='ltr'>ἠτόνει,</span> <span class='ocrx_word' id='word_1_304' title='bbox 1309 4200 1368 4253; x_wconf 80' lang='grc' dir='ltr'><strong>τὸ</strong></span> <span class='ocrx_word' id='word_1_305' title='bbox 1396 4201 1457 4270; x_wconf 80' lang='grc' dir='ltr'>δὴ</span> <span class='ocrx_word' id='word_1_306' title='bbox 1493 4201 1803 4270; x_wconf 85' lang='grc' dir='ltr'>λεγόμενον,</span> 
     </span>
    </p>
   </div>
   <div class='ocr_carea' id='block_1_46' title="bbox 243 4289 1800 4360">
    <p class='ocr_par' dir='ltr' id='par_1_46' title="bbox 243 4289 1800 4360">
     <span class='ocr_line' id='line_1_46' title="bbox 243 4289 1800 4360; baseline 0.002 -18"><span class='ocrx_word' id='word_1_307' title='bbox 243 4291 270 4342; x_wconf 86' lang='grc' dir='ltr'>ὁ</span> <span class='ocrx_word' id='word_1_308' title='bbox 315 4290 456 4343; x_wconf 81' lang='grc' dir='ltr'><strong>κατά</strong></span> <span class='ocrx_word' id='word_1_309' title='bbox 521 4292 717 4360; x_wconf 85' lang='grc' dir='ltr'>πεῖραν</span> <span class='ocrx_word' id='word_1_310' title='bbox 773 4289 1036 4343; x_wconf 88' lang='grc' dir='ltr'>σκώπτων</span> <span class='ocrx_word' id='word_1_311' title='bbox 1083 4292 1176 4342; x_wconf 74' lang='grc' dir='ltr'><strong>καὶ</strong></span> <span class='ocrx_word' id='word_1_312' title='bbox 1228 4291 1530 4360; x_wconf 85' lang='grc' dir='ltr'>διασύρων,</span> <span class='ocrx_word' id='word_1_313' title='bbox 1585 4292 1686 4344; x_wconf 82' lang='grc' dir='ltr'><strong>οὐκ</strong></span> <span class='ocrx_word' id='word_1_314' title='bbox 1725 4291 1800 4360; x_wconf 85' lang='lat' dir='ltr'><strong>(d)</strong></span> 
     </span>
    </p>
   </div>
   <div class='ocr_carea' id='block_1_47' title="bbox 246 4375 1806 4455">
    <p class='ocr_par' dir='ltr' id='par_1_47' title="bbox 246 4375 1806 4455">
     <span class='ocr_line' id='line_1_47' title="bbox 246 4375 1806 4455; baseline 0.003 -20"><span class='ocrx_word' id='word_1_315' title='bbox 246 4375 574 4451; x_wconf 79' lang='grc' dir='ltr'>έκορέννυτο</span> <span class='ocrx_word' id='word_1_316' title='bbox 604 4386 715 4445; x_wconf 84' lang='grc' dir='ltr'>τοῖς</span> <span class='ocrx_word' id='word_1_317' title='bbox 741 4384 1000 4436; x_wconf 84' lang='grc' dir='ltr'>ὀνείδεσιν</span> <span class='ocrx_word' id='word_1_318' title='bbox 1019 4425 1033 4448; x_wconf 87' lang='grc'><strong>,</strong></span> <span class='ocrx_word' id='word_1_319' title='bbox 1069 4385 1097 4436; x_wconf 91' lang='lat'><strong>6</strong></span> <span class='ocrx_word' id='word_1_320' title='bbox 1119 4383 1207 4436; x_wconf 88' lang='grc' dir='ltr'><strong>διὰ</strong></span> <span class='ocrx_word' id='word_1_321' title='bbox 1234 4384 1331 4455; x_wconf 80' lang='grc' dir='ltr'>τῆς</span> <span class='ocrx_word' id='word_1_322' title='bbox 1360 4384 1664 4440; x_wconf 80' lang='grc' dir='ltr'>έθελουσίου</span> <span class='ocrx_word' id='word_1_323' title='bbox 1688 4387 1806 4439; x_wconf 86' lang='grc' dir='ltr'>ἀτι-</span> 
     </span>
    </p>
   </div>
   <div class='ocr_carea' id='block_1_48' title="bbox 1895 560 3453 629">
    <p class='ocr_par' dir='ltr' id='par_1_48' title="bbox 1895 560 3453 629">
     <span class='ocr_line' id='line_1_48' title="bbox 1895 560 3453 629; baseline -0.002 -12"><span class='ocrx_word' id='word_1_324' title='bbox 1895 572 2089 617; x_wconf 66' lang='grc' dir='ltr'>οωιθιοιι</span> <span class='ocrx_word' id='word_1_325' title='bbox 2119 562 2173 616; x_wconf 88' lang='lat' dir='ltr'><strong>in</strong></span> <span class='ocrx_word' id='word_1_326' title='bbox 2199 562 2456 618; x_wconf 85' lang='lat' dir='ltr'><strong>secundis</strong></span> <span class='ocrx_word' id='word_1_327' title='bbox 2478 561 2702 629; x_wconf 84' lang='lat' dir='ltr'><strong>habens,</strong></span> <span class='ocrx_word' id='word_1_328' title='bbox 2730 561 2910 616; x_wconf 90' lang='lat' dir='ltr'><strong>omnia</strong></span> <span class='ocrx_word' id='word_1_329' title='bbox 2923 560 3132 616; x_wconf 89' lang='lat' dir='ltr'><strong>duobus</strong></span> <span class='ocrx_word' id='word_1_330' title='bbox 3162 561 3281 617; x_wconf 89' lang='lat' dir='ltr'><strong>istis</strong></span> <span class='ocrx_word' id='word_1_331' title='bbox 3314 577 3453 615; x_wconf 88' lang='lat' dir='ltr'><strong>com-</strong></span> 
     </span>
    </p>
   </div>
   <div class='ocr_carea' id='block_1_49' title="bbox 1895 654 2207 724">
    <p class='ocr_par' dir='ltr' id='par_1_49' title="bbox 1895 654 2207 724">
     <span class='ocr_line' id='line_1_49' title="bbox 1895 654 2207 724; baseline 0.006 -18"><span class='ocrx_word' id='word_1_332' title='bbox 1895 654 2207 724; x_wconf 87' lang='lat' dir='ltr'><strong>prehendet.</strong></span> 
     </span>
    </p>
   </div>
   <div class='ocr_carea' id='block_1_50' title="bbox 1967 741 3453 814">
    <p class='ocr_par' dir='ltr' id='par_1_50' title="bbox 1967 741 3453 814">
     <span class='ocr_line' id='line_1_50' title="bbox 1967 741 3453 814; baseline 0.001 -18"><span class='ocrx_word' id='word_1_333' title='bbox 1967 745 2054 797; x_wconf 80' lang='lat' dir='ltr'><strong>ll.</strong></span> <span class='ocrx_word' id='word_1_334' title='bbox 2083 741 2208 799; x_wconf 72' lang='lat' dir='ltr'><strong>Haec</strong></span> <span class='ocrx_word' id='word_1_335' title='bbox 2250 744 2441 799; x_wconf 87' lang='lat' dir='ltr'><strong>beatus</strong></span> <span class='ocrx_word' id='word_1_336' title='bbox 2485 743 2606 809; x_wconf 89' lang='lat' dir='ltr'><strong>iste,</strong></span> <span class='ocrx_word' id='word_1_337' title='bbox 2641 743 2687 799; x_wconf 89' lang='lat' dir='ltr'><strong>si</strong></span> <span class='ocrx_word' id='word_1_338' title='bbox 2720 743 2842 814; x_wconf 82' lang='lat' dir='ltr'><strong>quis</strong></span> <span class='ocrx_word' id='word_1_339' title='bbox 2872 744 3032 806; x_wconf 84' lang='lat' dir='ltr'><strong>alius,</strong></span> <span class='ocrx_word' id='word_1_340' title='bbox 3081 758 3299 805; x_wconf 88' lang='lat' dir='ltr'><strong>curans.</strong></span> <span class='ocrx_word' id='word_1_341' title='bbox 3361 758 3453 813; x_wconf 85' lang='lat' dir='ltr'><strong>op-</strong></span> 
     </span>
    </p>
   </div>
   <div class='ocr_carea' id='block_1_51' title="bbox 1897 834 3452 905">
    <p class='ocr_par' dir='ltr' id='par_1_51' title="bbox 1897 834 3452 905">
     <span class='ocr_line' id='line_1_51' title="bbox 1897 834 3452 905; baseline 0 -17"><span class='ocrx_word' id='word_1_342' title='bbox 1897 836 2087 889; x_wconf 92' lang='lat' dir='ltr'><strong>timum</strong></span> <span class='ocrx_word' id='word_1_343' title='bbox 2110 835 2238 904; x_wconf 78' lang='lat' dir='ltr'><strong>iecit</strong></span> <span class='ocrx_word' id='word_1_344' title='bbox 2268 834 2704 901; x_wconf 75' lang='lat' dir='ltr'><strong>fundamentum,</strong></span> <span class='ocrx_word' id='word_1_345' title='bbox 2738 836 2898 905; x_wconf 86' lang='lat' dir='ltr'><strong>eique</strong></span> <span class='ocrx_word' id='word_1_346' title='bbox 2965 836 3200 891; x_wconf 85' lang='lat' dir='ltr'><strong>solidum</strong></span> <span class='ocrx_word' id='word_1_347' title='bbox 3256 850 3452 904; x_wconf 88' lang='lat' dir='ltr'><strong>super-</strong></span> 
     </span>
    </p>
   </div>
   <div class='ocr_carea' id='block_1_52' title="bbox 1895 926 3454 998">
    <p class='ocr_par' dir='ltr' id='par_1_52' title="bbox 1895 926 3454 998">
     <span class='ocr_line' id='line_1_52' title="bbox 1895 926 3454 998; baseline -0.003 -16"><span class='ocrx_word' id='word_1_348' title='bbox 1895 927 2485 992; x_wconf 72' lang='lat' dir='ltr'><strong>exstruxitaedilicium,</strong></span> <span class='ocrx_word' id='word_1_349' title='bbox 2518 941 2735 981; x_wconf 85' lang='lat' dir='ltr'><strong>omnem</strong></span> <span class='ocrx_word' id='word_1_350' title='bbox 2759 942 2915 982; x_wconf 90' lang='lat' dir='ltr'><strong>suam</strong></span> <span class='ocrx_word' id='word_1_351' title='bbox 2940 926 3324 998; x_wconf 85' lang='lat' dir='ltr'><strong>cegitationem</strong></span> <span class='ocrx_word' id='word_1_352' title='bbox 3355 926 3454 979; x_wconf 89' lang='lat' dir='ltr'><strong>ab-</strong></span> 
     </span>
    </p>
   </div>
   <div class='ocr_carea' id='block_1_53' title="bbox 1891 1016 3454 1088">
    <p class='ocr_par' dir='ltr' id='par_1_53' title="bbox 1891 1016 3454 1088">
     <span class='ocr_line' id='line_1_53' title="bbox 1891 1016 3454 1088; baseline -0.002 -14"><span class='ocrx_word' id='word_1_353' title='bbox 1891 1020 2106 1088; x_wconf 87' lang='lat' dir='ltr'><strong>jiciens,</strong></span> <span class='ocrx_word' id='word_1_354' title='bbox 2132 1028 2184 1074; x_wconf 89' lang='lat' dir='ltr'><strong>ct</strong></span> <span class='ocrx_word' id='word_1_355' title='bbox 2210 1021 2391 1073; x_wconf 87' lang='lat' dir='ltr'><strong>omnia</strong></span> <span class='ocrx_word' id='word_1_356' title='bbox 2415 1018 2710 1074; x_wconf 88' lang='lat' dir='ltr'><strong>secundum</strong></span> <span class='ocrx_word' id='word_1_357' title='bbox 2753 1017 3116 1072; x_wconf 80' lang='lat' dir='ltr'><strong>obedientiam</strong></span> <span class='ocrx_word' id='word_1_358' title='bbox 3137 1031 3300 1086; x_wconf 83' lang='lat' dir='ltr'><strong>agens</strong></span> <span class='ocrx_word' id='word_1_359' title='bbox 3329 1033 3343 1069; x_wconf 92' lang='lat'>:</span> <span class='ocrx_word' id='word_1_360' title='bbox 3384 1016 3454 1071; x_wconf 90' lang='lat' dir='ltr'><strong>ob</strong></span> 
     </span>
    </p>
   </div>
   <div class='ocr_carea' id='block_1_54' title="bbox 1898 1107 3450 1182">
    <p class='ocr_par' dir='ltr' id='par_1_54' title="bbox 1898 1107 3450 1182">
     <span class='ocr_line' id='line_1_54' title="bbox 1898 1107 3450 1182; baseline -0.004 -16"><span class='ocrx_word' id='word_1_361' title='bbox 1898 1113 2060 1182; x_wconf 90' lang='lat' dir='ltr'><strong>idque</strong></span> <span class='ocrx_word' id='word_1_362' title='bbox 2091 1112 2321 1167; x_wconf 88' lang='lat' dir='ltr'><strong>dilectus</strong></span> <span class='ocrx_word' id='word_1_363' title='bbox 2355 1113 2410 1166; x_wconf 92' lang='lat' dir='ltr'><strong>in</strong></span> <span class='ocrx_word' id='word_1_364' title='bbox 2444 1118 2740 1180; x_wconf 89' lang='lat' dir='ltr'><strong>conspectu</strong></span> <span class='ocrx_word' id='word_1_365' title='bbox 2781 1110 2954 1164; x_wconf 89' lang='lat' dir='ltr'><strong>Patris</strong></span> <span class='ocrx_word' id='word_1_366' title='bbox 2980 1110 3085 1174; x_wconf 89' lang='lat' dir='ltr'><strong>sui,</strong></span> <span class='ocrx_word' id='word_1_367' title='bbox 3154 1118 3214 1161; x_wconf 92' lang='lat' dir='ltr'><strong>ut</strong></span> <span class='ocrx_word' id='word_1_368' title='bbox 3271 1107 3450 1176; x_wconf 87' lang='lat' dir='ltr'><strong>pbrasi</strong></span> 
     </span>
    </p>
   </div>
   <div class='ocr_carea' id='block_1_55' title="bbox 1897 1200 3454 1274">
    <p class='ocr_par' dir='ltr' id='par_1_55' title="bbox 1897 1200 3454 1274">
     <span class='ocr_line' id='line_1_55' title="bbox 1897 1200 3454 1274; baseline -0.003 -16"><span class='ocrx_word' id='word_1_369' title='bbox 1897 1203 2192 1274; x_wconf 73' lang='lat' dir='ltr'><strong>Seripturae</strong></span> <span class='ocrx_word' id='word_1_370' title='bbox 2230 1211 2371 1258; x_wconf 88' lang='lat' dir='ltr'><strong>utar.</strong></span> <span class='ocrx_word' id='word_1_371' title='bbox 2395 1203 2520 1258; x_wconf 84' lang='lat' dir='ltr'><strong>Fuit</strong></span> <span class='ocrx_word' id='word_1_372' title='bbox 2549 1213 2730 1258; x_wconf 88' lang='lat' dir='ltr'><strong>autem</strong></span> <span class='ocrx_word' id='word_1_373' title='bbox 2774 1204 2825 1256; x_wconf 91' lang='lat' dir='ltr'><strong>in</strong></span> <span class='ocrx_word' id='word_1_374' title='bbox 2852 1201 3148 1256; x_wconf 83' lang='lat' dir='ltr'><strong>tolerandis</strong></span> <span class='ocrx_word' id='word_1_375' title='bbox 3176 1200 3454 1254; x_wconf 89' lang='lat' dir='ltr'><strong>laboribus</strong></span> 
     </span>
    </p>
   </div>
   <div class='ocr_carea' id='block_1_56' title="bbox 1901 1292 3457 1365">
    <p class='ocr_par' dir='ltr' id='par_1_56' title="bbox 1901 1292 3457 1365">
     <span class='ocr_line' id='line_1_56' title="bbox 1901 1292 3457 1365; baseline -0.003 -17"><span class='ocrx_word' id='word_1_376' title='bbox 1901 1295 2312 1358; x_wconf 87' lang='lat' dir='ltr'><strong>adamantinus,</strong></span> <span class='ocrx_word' id='word_1_377' title='bbox 2341 1295 2534 1350; x_wconf 81' lang='lat' dir='ltr'><strong>dexter</strong></span> <span class='ocrx_word' id='word_1_378' title='bbox 2555 1295 2609 1348; x_wconf 90' lang='lat' dir='ltr'><strong>in</strong></span> <span class='ocrx_word' id='word_1_379' title='bbox 2641 1295 2859 1365; x_wconf 81' lang='lat' dir='ltr'><strong>agendis</strong></span> <span class='ocrx_word' id='word_1_380' title='bbox 2887 1294 3069 1357; x_wconf 82' lang='lat' dir='ltr'><strong>rebus,</strong></span> <span class='ocrx_word' id='word_1_381' title='bbox 3105 1301 3156 1347; x_wconf 90' lang='lat' dir='ltr'><strong>et</strong></span> <span class='ocrx_word' id='word_1_382' title='bbox 3187 1292 3323 1348; x_wconf 86' lang='lat' dir='ltr'><strong>inter</strong></span> <span class='ocrx_word' id='word_1_383' title='bbox 3343 1306 3457 1345; x_wconf 84' lang='lat' dir='ltr'><strong>cer-</strong></span> 
     </span>
    </p>
   </div>
   <div class='ocr_carea' id='block_1_57' title="bbox 1898 1383 3455 1456">
    <p class='ocr_par' dir='ltr' id='par_1_57' title="bbox 1898 1383 3455 1456">
     <span class='ocr_line' id='line_1_57' title="bbox 1898 1383 3455 1456; baseline -0.003 -16"><span class='ocrx_word' id='word_1_384' title='bbox 1898 1388 2160 1441; x_wconf 90' lang='lat' dir='ltr'><strong>taminum</strong></span> <span class='ocrx_word' id='word_1_385' title='bbox 2196 1386 2374 1442; x_wconf 89' lang='lat' dir='ltr'><strong>socios</strong></span> <span class='ocrx_word' id='word_1_386' title='bbox 2397 1387 2597 1441; x_wconf 90' lang='lat' dir='ltr'><strong>multos</strong></span> <span class='ocrx_word' id='word_1_387' title='bbox 2623 1386 2938 1456; x_wconf 70' lang='lat' dir='ltr'><strong>praecellens</strong></span> <span class='ocrx_word' id='word_1_388' title='bbox 2973 1402 2986 1438; x_wconf 90' lang='lat'><strong>:</strong></span> <span class='ocrx_word' id='word_1_389' title='bbox 3021 1399 3051 1438; x_wconf 86' lang='lat' dir='ltr'><strong>a</strong></span> <span class='ocrx_word' id='word_1_390' title='bbox 3069 1383 3268 1454; x_wconf 86' lang='lat' dir='ltr'><strong>quibus</strong></span> <span class='ocrx_word' id='word_1_391' title='bbox 3290 1383 3455 1436; x_wconf 90' lang='lat' dir='ltr'><strong>etiam</strong></span> 
     </span>
    </p>
   </div>
   <div class='ocr_carea' id='block_1_58' title="bbox 1898 1471 3454 1546">
    <p class='ocr_par' dir='ltr' id='par_1_58' title="bbox 1898 1471 3454 1546">
     <span class='ocr_line' id='line_1_58' title="bbox 1898 1471 3454 1546; baseline -0.004 -16"><span class='ocrx_word' id='word_1_392' title='bbox 1898 1478 2077 1546; x_wconf 89' lang='lat' dir='ltr'><strong>quoad</strong></span> <span class='ocrx_word' id='word_1_393' title='bbox 2109 1475 2492 1532; x_wconf 71' lang='lat' dir='ltr'><strong>cmnobiticam</strong></span> <span class='ocrx_word' id='word_1_394' title='bbox 2548 1476 2736 1541; x_wconf 85' lang='lat' dir='ltr'><strong>vitam,</strong></span> <span class='ocrx_word' id='word_1_395' title='bbox 2791 1472 2934 1528; x_wconf 86' lang='lat' dir='ltr'><strong>haud</strong></span> <span class='ocrx_word' id='word_1_396' title='bbox 2972 1471 3130 1541; x_wconf 84' lang='lat' dir='ltr'><strong>longe</strong></span> <span class='ocrx_word' id='word_1_397' title='bbox 3195 1471 3454 1534; x_wconf 84' lang='lat' dir='ltr'><strong>distabat,</strong></span> 
     </span>
    </p>
   </div>
   <div class='ocr_carea' id='block_1_59' title="bbox 1899 1562 3452 1636">
    <p class='ocr_par' dir='ltr' id='par_1_59' title="bbox 1899 1562 3452 1636">
     <span class='ocr_line' id='line_1_59' title="bbox 1899 1562 3452 1636; baseline -0.005 -15"><span class='ocrx_word' id='word_1_398' title='bbox 1899 1568 2126 1621; x_wconf 88' lang='lat' dir='ltr'><strong>seorsim</strong></span> <span class='ocrx_word' id='word_1_399' title='bbox 2156 1565 2356 1636; x_wconf 87' lang='lat' dir='ltr'><strong>degens</strong></span> <span class='ocrx_word' id='word_1_400' title='bbox 2383 1581 2505 1621; x_wconf 92' lang='lat' dir='ltr'><strong>cum</strong></span> <span class='ocrx_word' id='word_1_401' title='bbox 2536 1581 2645 1620; x_wconf 90' lang='lat' dir='ltr'><strong>uno</strong></span> <span class='ocrx_word' id='word_1_402' title='bbox 2671 1565 2904 1635; x_wconf 87' lang='lat' dir='ltr'><strong>quodam</strong></span> <span class='ocrx_word' id='word_1_403' title='bbox 2931 1563 3036 1619; x_wconf 86' lang='lat' dir='ltr'><strong>sibi</strong></span> <span class='ocrx_word' id='word_1_404' title='bbox 3070 1562 3313 1617; x_wconf 90' lang='lat' dir='ltr'><strong>moribus</strong></span> <span class='ocrx_word' id='word_1_405' title='bbox 3368 1563 3452 1617; x_wconf 87' lang='lat' dir='ltr'><strong>si-</strong></span> 
     </span>
    </p>
   </div>
   <div class='ocr_carea' id='block_1_60' title="bbox 1899 1649 3456 1724">
    <p class='ocr_par' dir='ltr' id='par_1_60' title="bbox 1899 1649 3456 1724">
     <span class='ocr_line' id='line_1_60' title="bbox 1899 1649 3456 1724; baseline -0.003 -15"><span class='ocrx_word' id='word_1_406' title='bbox 1899 1654 2034 1709; x_wconf 90' lang='lat' dir='ltr'><strong>mili.</strong></span> <span class='ocrx_word' id='word_1_407' title='bbox 2066 1654 2255 1718; x_wconf 89' lang='lat' dir='ltr'><strong>Porro,</strong></span> <span class='ocrx_word' id='word_1_408' title='bbox 2307 1656 2461 1724; x_wconf 83' lang='lat' dir='ltr'><strong>juxta</strong></span> <span class='ocrx_word' id='word_1_409' title='bbox 2524 1653 2847 1708; x_wconf 88' lang='lat' dir='ltr'><strong>reclusionis</strong></span> <span class='ocrx_word' id='word_1_410' title='bbox 2947 1665 3221 1714; x_wconf 89' lang='lat' dir='ltr'><strong>normam,</strong></span> <span class='ocrx_word' id='word_1_411' title='bbox 3274 1649 3456 1718; x_wconf 85' lang='lat' dir='ltr'><strong>subje-</strong></span> 
     </span>
    </p>
   </div>
   <div class='ocr_carea' id='block_1_61' title="bbox 1900 1741 3452 1816">
    <p class='ocr_par' dir='ltr' id='par_1_61' title="bbox 1900 1741 3452 1816">
     <span class='ocr_line' id='line_1_61' title="bbox 1900 1741 3452 1816; baseline -0.005 -15"><span class='ocrx_word' id='word_1_412' title='bbox 1900 1757 2022 1802; x_wconf 92' lang='lat' dir='ltr'><strong>ctus</strong></span> <span class='ocrx_word' id='word_1_413' title='bbox 2053 1747 2128 1816; x_wconf 78' lang='lat'><strong>(7)</strong></span> <span class='ocrx_word' id='word_1_414' title='bbox 2159 1756 2276 1800; x_wconf 89' lang='lat' dir='ltr'><strong>erat</strong></span> <span class='ocrx_word' id='word_1_415' title='bbox 2306 1760 2585 1815; x_wconf 87' lang='lat' dir='ltr'><strong>nunquam</strong></span> <span class='ocrx_word' id='word_1_416' title='bbox 2637 1744 2772 1800; x_wconf 88' lang='lat' dir='ltr'><strong>satis</strong></span> <span class='ocrx_word' id='word_1_417' title='bbox 2803 1741 3072 1797; x_wconf 88' lang='lat' dir='ltr'><strong>laudando</strong></span> <span class='ocrx_word' id='word_1_418' title='bbox 3120 1741 3452 1801; x_wconf 87' lang='lat' dir='ltr'><strong>&#39;l‘beoctisto.</strong></span> 
     </span>
    </p>
   </div>
   <div class='ocr_carea' id='block_1_62' title="bbox 1899 1834 3456 1902">
    <p class='ocr_par' dir='ltr' id='par_1_62' title="bbox 1899 1834 3456 1902">
     <span class='ocr_line' id='line_1_62' title="bbox 1899 1834 3456 1902; baseline -0.005 -8"><span class='ocrx_word' id='word_1_419' title='bbox 1899 1838 2124 1894; x_wconf 89' lang='lat' dir='ltr'><strong>nuncin</strong></span> <span class='ocrx_word' id='word_1_420' title='bbox 2153 1838 2284 1893; x_wconf 89' lang='lat' dir='ltr'><strong>cella</strong></span> <span class='ocrx_word' id='word_1_421' title='bbox 2311 1852 2431 1892; x_wconf 91' lang='lat' dir='ltr'><strong>sese</strong></span> <span class='ocrx_word' id='word_1_422' title='bbox 2464 1837 2791 1902; x_wconf 81' lang='lat' dir='ltr'><strong>exercendo,</strong></span> <span class='ocrx_word' id='word_1_423' title='bbox 2835 1851 2979 1891; x_wconf 91' lang='lat' dir='ltr'><strong>nunc</strong></span> <span class='ocrx_word' id='word_1_424' title='bbox 3036 1835 3090 1889; x_wconf 93' lang='lat' dir='ltr'><strong>in</strong></span> <span class='ocrx_word' id='word_1_425' title='bbox 3146 1834 3456 1890; x_wconf 85' lang='lat' dir='ltr'><strong>communi-</strong></span> 
     </span>
    </p>
   </div>
   <div class='ocr_carea' id='block_1_63' title="bbox 1900 1926 3456 1998">
    <p class='ocr_par' dir='ltr' id='par_1_63' title="bbox 1900 1926 3456 1998">
     <span class='ocr_line' id='line_1_63' title="bbox 1900 1926 3456 1998; baseline -0.003 -15"><span class='ocrx_word' id='word_1_426' title='bbox 1900 1937 2011 1984; x_wconf 86' lang='lat' dir='ltr'><strong>tate</strong></span> <span class='ocrx_word' id='word_1_427' title='bbox 2037 1927 2282 1984; x_wconf 89' lang='lat' dir='ltr'><strong>vacando</strong></span> <span class='ocrx_word' id='word_1_428' title='bbox 2335 1928 2682 1998; x_wconf 87' lang='lat' dir='ltr'><strong>psalmodiis,</strong></span> <span class='ocrx_word' id='word_1_429' title='bbox 2739 1927 3022 1984; x_wconf 89' lang='lat' dir='ltr'><strong>refectioni</strong></span> <span class='ocrx_word' id='word_1_430' title='bbox 3085 1926 3353 1996; x_wconf 90' lang='lat' dir='ltr'><strong>corporis,</strong></span> <span class='ocrx_word' id='word_1_431' title='bbox 3401 1935 3456 1979; x_wconf 89' lang='lat' dir='ltr'><strong>et</strong></span> 
     </span>
    </p>
   </div>
   <div class='ocr_carea' id='block_1_64' title="bbox 1899 2017 3456 2087">
    <p class='ocr_par' dir='ltr' id='par_1_64' title="bbox 1899 2017 3456 2087">
     <span class='ocr_line' id='line_1_64' title="bbox 1899 2017 3456 2087; baseline -0.003 -13"><span class='ocrx_word' id='word_1_432' title='bbox 1899 2034 2156 2074; x_wconf 91' lang='lat' dir='ltr'><strong>manuum</strong></span> <span class='ocrx_word' id='word_1_433' title='bbox 2185 2019 2392 2084; x_wconf 84' lang='lat' dir='ltr'><strong>labori;</strong></span> <span class='ocrx_word' id='word_1_434' title='bbox 2423 2017 2918 2087; x_wconf 90' lang='lat' dir='ltr'><strong>communiterque,</strong></span> <span class='ocrx_word' id='word_1_435' title='bbox 2958 2017 3126 2072; x_wconf 89' lang='lat' dir='ltr'><strong>utsic</strong></span> <span class='ocrx_word' id='word_1_436' title='bbox 3164 2017 3363 2082; x_wconf 89' lang='lat' dir='ltr'><strong>dicam,</strong></span> <span class='ocrx_word' id='word_1_437' title='bbox 3400 2025 3456 2071; x_wconf 86' lang='lat' dir='ltr'><strong>et</strong></span> 
     </span>
    </p>
   </div>
   <div class='ocr_carea' id='block_1_65' title="bbox 1899 2109 3453 2179">
    <p class='ocr_par' dir='ltr' id='par_1_65' title="bbox 1899 2109 3453 2179">
     <span class='ocr_line' id='line_1_65' title="bbox 1899 2109 3453 2179; baseline -0.003 -14"><span class='ocrx_word' id='word_1_438' title='bbox 1899 2109 2205 2179; x_wconf 88' lang='lat' dir='ltr'><strong>promiscue</strong></span> <span class='ocrx_word' id='word_1_439' title='bbox 2227 2109 2430 2174; x_wconf 83' lang='lat' dir='ltr'><strong>vivens,</strong></span> <span class='ocrx_word' id='word_1_440' title='bbox 2463 2109 2517 2163; x_wconf 91' lang='lat' dir='ltr'><strong>in</strong></span> <span class='ocrx_word' id='word_1_441' title='bbox 2544 2109 2800 2164; x_wconf 88' lang='lat' dir='ltr'><strong>omnibus</strong></span> <span class='ocrx_word' id='word_1_442' title='bbox 2823 2124 2881 2163; x_wconf 92' lang='lat' dir='ltr'><strong>se</strong></span> <span class='ocrx_word' id='word_1_443' title='bbox 2911 2109 3191 2164; x_wconf 81' lang='lat' dir='ltr'><strong>moderate</strong></span> <span class='ocrx_word' id='word_1_444' title='bbox 3211 2109 3453 2178; x_wconf 75' lang='lat' dir='ltr'><strong>gerebat.</strong></span> 
     </span>
    </p>
   </div>
   <div class='ocr_carea' id='block_1_66' title="bbox 1899 2198 3457 2270">
    <p class='ocr_par' dir='ltr' id='par_1_66' title="bbox 1899 2198 3457 2270">
     <span class='ocr_line' id='line_1_66' title="bbox 1899 2198 3457 2270; baseline -0.001 -16"><span class='ocrx_word' id='word_1_445' title='bbox 1899 2199 2015 2255; x_wconf 86' lang='lat' dir='ltr'><strong>Non</strong></span> <span class='ocrx_word' id='word_1_446' title='bbox 2047 2201 2191 2255; x_wconf 90' lang='lat' dir='ltr'><strong>enim</strong></span> <span class='ocrx_word' id='word_1_447' title='bbox 2226 2200 2352 2270; x_wconf 89' lang='lat' dir='ltr'><strong>quia</strong></span> <span class='ocrx_word' id='word_1_448' title='bbox 2383 2198 2583 2254; x_wconf 88' lang='lat' dir='ltr'><strong>nobilis</strong></span> <span class='ocrx_word' id='word_1_449' title='bbox 2621 2206 2741 2254; x_wconf 87' lang='lat' dir='ltr'><strong>erat</strong></span> <span class='ocrx_word' id='word_1_450' title='bbox 2766 2198 3063 2253; x_wconf 89' lang='lat' dir='ltr'><strong>secundum</strong></span> <span class='ocrx_word' id='word_1_451' title='bbox 3085 2214 3325 2263; x_wconf 90' lang='lat' dir='ltr'><strong>carnem,</strong></span> <span class='ocrx_word' id='word_1_452' title='bbox 3366 2214 3457 2253; x_wconf 85' lang='lat' dir='ltr'><strong>as-</strong></span> 
     </span>
    </p>
   </div>
   <div class='ocr_carea' id='block_1_67' title="bbox 1898 2289 3457 2360">
    <p class='ocr_par' dir='ltr' id='par_1_67' title="bbox 1898 2289 3457 2360">
     <span class='ocr_line' id='line_1_67' title="bbox 1898 2289 3457 2360; baseline -0.001 -14"><span class='ocrx_word' id='word_1_453' title='bbox 1898 2291 2082 2360; x_wconf 89' lang='lat' dir='ltr'><strong>perior</strong></span> <span class='ocrx_word' id='word_1_454' title='bbox 2119 2298 2236 2345; x_wconf 87' lang='lat' dir='ltr'><strong>erat</strong></span> <span class='ocrx_word' id='word_1_455' title='bbox 2259 2303 2382 2344; x_wconf 83' lang='lat' dir='ltr'><strong>eum</strong></span> <span class='ocrx_word' id='word_1_456' title='bbox 2411 2289 2797 2344; x_wconf 89' lang='lat' dir='ltr'><strong>rusticioribus</strong></span> <span class='ocrx_word' id='word_1_457' title='bbox 2818 2304 3178 2355; x_wconf 74' lang='lat' dir='ltr'><strong>conversaris;</strong></span> <span class='ocrx_word' id='word_1_458' title='bbox 3206 2304 3306 2344; x_wconf 92' lang='lat' dir='ltr'><strong>nec</strong></span> <span class='ocrx_word' id='word_1_459' title='bbox 3327 2289 3457 2358; x_wconf 86' lang='lat' dir='ltr'><strong>quia</strong></span> 
     </span>
    </p>
   </div>
   <div class='ocr_carea' id='block_1_68' title="bbox 1899 2379 3457 2451">
    <p class='ocr_par' dir='ltr' id='par_1_68' title="bbox 1899 2379 3457 2451">
     <span class='ocr_line' id='line_1_68' title="bbox 1899 2379 3457 2451; baseline -0.001 -16"><span class='ocrx_word' id='word_1_460' title='bbox 1899 2379 2049 2451; x_wconf 92' lang='lat' dir='ltr'><strong>prius</strong></span> <span class='ocrx_word' id='word_1_461' title='bbox 2083 2380 2316 2436; x_wconf 84' lang='lat' dir='ltr'><strong>habebat</strong></span> <span class='ocrx_word' id='word_1_462' title='bbox 2353 2379 2589 2436; x_wconf 88' lang='lat' dir='ltr'><strong>famulos</strong></span> <span class='ocrx_word' id='word_1_463' title='bbox 2640 2381 2840 2437; x_wconf 90' lang='lat' dir='ltr'><strong>multos</strong></span> <span class='ocrx_word' id='word_1_464' title='bbox 2893 2382 2996 2436; x_wconf 88' lang='lat' dir='ltr'><strong>sibi</strong></span> <span class='ocrx_word' id='word_1_465' title='bbox 3057 2381 3457 2442; x_wconf 89' lang='lat' dir='ltr'><strong>ministrantes,</strong></span> 
     </span>
    </p>
   </div>
   <div class='ocr_carea' id='block_1_69' title="bbox 1898 2471 3458 2542">
    <p class='ocr_par' dir='ltr' id='par_1_69' title="bbox 1898 2471 3458 2542">
     <span class='ocr_line' id='line_1_69' title="bbox 1898 2471 3458 2542; baseline -0.002 -15"><span class='ocrx_word' id='word_1_466' title='bbox 1898 2472 2290 2542; x_wconf 74' lang='lat' dir='ltr'><strong>dedignabatur</strong></span> <span class='ocrx_word' id='word_1_467' title='bbox 2323 2472 2516 2526; x_wconf 86' lang='lat' dir='ltr'><strong>viliora</strong></span> <span class='ocrx_word' id='word_1_468' title='bbox 2551 2472 2828 2542; x_wconf 87' lang='lat' dir='ltr'><strong>suscipere</strong></span> <span class='ocrx_word' id='word_1_469' title='bbox 2860 2471 3161 2527; x_wconf 88' lang='lat' dir='ltr'><strong>ministeria</strong></span> <span class='ocrx_word' id='word_1_470' title='bbox 3194 2489 3208 2525; x_wconf 91' lang='lat'><strong>:</strong></span> <span class='ocrx_word' id='word_1_471' title='bbox 3240 2471 3370 2541; x_wconf 90' lang='lat' dir='ltr'><strong>quin</strong></span> <span class='ocrx_word' id='word_1_472' title='bbox 3405 2479 3458 2525; x_wconf 82' lang='lat' dir='ltr'><strong>et</strong></span> 
     </span>
    </p>
   </div>
   <div class='ocr_carea' id='block_1_70' title="bbox 1900 2554 3455 2635">
    <p class='ocr_par' dir='ltr' id='par_1_70' title="bbox 1900 2554 3455 2635">
     <span class='ocr_line' id='line_1_70' title="bbox 1900 2554 3455 2635; baseline -0.003 -16"><span class='ocrx_word' id='word_1_473' title='bbox 1900 2566 2086 2619; x_wconf 85' lang='lat' dir='ltr'><strong>timum</strong></span> <span class='ocrx_word' id='word_1_474' title='bbox 2120 2563 2324 2619; x_wconf 87' lang='lat' dir='ltr'><strong>ferebat</strong></span> <span class='ocrx_word' id='word_1_475' title='bbox 2361 2554 2597 2620; x_wconf 83' lang='lat' dir='ltr'><strong>humeris</strong></span> <span class='ocrx_word' id='word_1_476' title='bbox 2619 2572 2674 2619; x_wconf 88' lang='lat' dir='ltr'><strong>et</strong></span> <span class='ocrx_word' id='word_1_477' title='bbox 2698 2579 2884 2635; x_wconf 89' lang='lat' dir='ltr'><strong>agrum</strong></span> <span class='ocrx_word' id='word_1_478' title='bbox 2902 2564 3127 2635; x_wconf 81' lang='lat' dir='ltr'><strong>irrigare</strong></span> <span class='ocrx_word' id='word_1_479' title='bbox 3147 2562 3455 2633; x_wconf 83' lang='lat' dir='ltr'><strong>jubebatur,</strong></span> 
     </span>
    </p>
   </div>
   <div class='ocr_carea' id='block_1_71' title="bbox 1900 2653 3458 2725">
    <p class='ocr_par' dir='ltr' id='par_1_71' title="bbox 1900 2653 3458 2725">
     <span class='ocr_line' id='line_1_71' title="bbox 1900 2653 3458 2725; baseline -0.002 -15"><span class='ocrx_word' id='word_1_480' title='bbox 1900 2663 1955 2710; x_wconf 92' lang='lat' dir='ltr'><strong>et</strong></span> <span class='ocrx_word' id='word_1_481' title='bbox 1982 2654 2215 2709; x_wconf 87' lang='lat' dir='ltr'><strong>farinam</strong></span> <span class='ocrx_word' id='word_1_482' title='bbox 2239 2655 2527 2725; x_wconf 76' lang='lat' dir='ltr'><strong>subigebat</strong></span> <span class='ocrx_word' id='word_1_483' title='bbox 2544 2655 2830 2724; x_wconf 85' lang='lat' dir='ltr'><strong>patienter,</strong></span> <span class='ocrx_word' id='word_1_484' title='bbox 2859 2664 2914 2708; x_wconf 90' lang='lat' dir='ltr'><strong>et</strong></span> <span class='ocrx_word' id='word_1_485' title='bbox 2944 2654 3300 2709; x_wconf 78' lang='lat' dir='ltr'><strong>nihilominus</strong></span> <span class='ocrx_word' id='word_1_486' title='bbox 3326 2653 3458 2708; x_wconf 77' lang='lat' dir='ltr'><strong>seri-</strong></span> 
     </span>
    </p>
   </div>
   <div class='ocr_carea' id='block_1_72' title="bbox 1902 2745 3067 2818">
    <p class='ocr_par' dir='ltr' id='par_1_72' title="bbox 1902 2745 3067 2818">
     <span class='ocr_line' id='line_1_72' title="bbox 1902 2745 3067 2818; baseline 0 -16"><span class='ocrx_word' id='word_1_487' title='bbox 1902 2747 2065 2802; x_wconf 88' lang='lat' dir='ltr'><strong>bebat</strong></span> <span class='ocrx_word' id='word_1_488' title='bbox 2096 2747 2266 2801; x_wconf 92' lang='lat' dir='ltr'><strong>multo</strong></span> <span class='ocrx_word' id='word_1_489' title='bbox 2292 2761 2420 2802; x_wconf 91' lang='lat' dir='ltr'><strong>curn</strong></span> <span class='ocrx_word' id='word_1_490' title='bbox 2459 2747 2637 2802; x_wconf 90' lang='lat' dir='ltr'><strong>studio</strong></span> <span class='ocrx_word' id='word_1_491' title='bbox 2663 2761 2726 2801; x_wconf 87' lang='lat' dir='ltr'><strong>ac</strong></span> <span class='ocrx_word' id='word_1_492' title='bbox 2764 2745 3067 2818; x_wconf 73' lang='lat' dir='ltr'><strong>diligentia.</strong></span> 
     </span>
    </p>
   </div>
   <div class='ocr_carea' id='block_1_73' title="bbox 1971 2833 3460 2906">
    <p class='ocr_par' dir='ltr' id='par_1_73' title="bbox 1971 2833 3460 2906">
     <span class='ocr_line' id='line_1_73' title="bbox 1971 2833 3460 2906; baseline -0.003 -14"><span class='ocrx_word' id='word_1_493' title='bbox 1971 2838 2059 2892; x_wconf 69' lang='lat'><strong>12.</strong></span> <span class='ocrx_word' id='word_1_494' title='bbox 2093 2836 2212 2892; x_wconf 81' lang='lat' dir='ltr'><strong>Viu’</strong></span> <span class='ocrx_word' id='word_1_495' title='bbox 2237 2838 2402 2892; x_wconf 86' lang='lat' dir='ltr'><strong>etiam</strong></span> <span class='ocrx_word' id='word_1_496' title='bbox 2431 2838 2570 2892; x_wconf 89' lang='lat' dir='ltr'><strong>alias</strong></span> <span class='ocrx_word' id='word_1_497' title='bbox 2616 2837 2737 2906; x_wconf 83' lang='lat' dir='ltr'><strong>ejus</strong></span> <span class='ocrx_word' id='word_1_498' title='bbox 2789 2838 3020 2892; x_wconf 79' lang='lat' dir='ltr'><strong>virtutes</strong></span> <span class='ocrx_word' id='word_1_499' title='bbox 3053 2837 3283 2898; x_wconf 86' lang='lat' dir='ltr'><strong>discere,</strong></span> <span class='ocrx_word' id='word_1_500' title='bbox 3329 2833 3460 2888; x_wconf 60' lang='lat' dir='ltr'><strong>obeo</strong></span> 
     </span>
    </p>
   </div>
   <div class='ocr_carea' id='block_1_74' title="bbox 1901 2925 3459 2999">
    <p class='ocr_par' dir='ltr' id='par_1_74' title="bbox 1901 2925 3459 2999">
     <span class='ocr_line' id='line_1_74' title="bbox 1901 2925 3459 2999; baseline -0.006 -15"><span class='ocrx_word' id='word_1_501' title='bbox 1901 2929 2119 2985; x_wconf 68' lang='lat' dir='ltr'><strong>dientite</strong></span> <span class='ocrx_word' id='word_1_502' title='bbox 2154 2928 2475 2999; x_wconf 79' lang='lat' dir='ltr'><strong>proximas?</strong></span> <span class='ocrx_word' id='word_1_503' title='bbox 2501 2927 2694 2983; x_wconf 89' lang='lat' dir='ltr'><strong>Omnia</strong></span> <span class='ocrx_word' id='word_1_504' title='bbox 2723 2937 2868 2983; x_wconf 87' lang='lat' dir='ltr'><strong>recte</strong></span> <span class='ocrx_word' id='word_1_505' title='bbox 2894 2926 3116 2992; x_wconf 88' lang='lat' dir='ltr'><strong>faciens,</strong></span> <span class='ocrx_word' id='word_1_506' title='bbox 3167 2925 3459 2996; x_wconf 84' lang='lat' dir='ltr'><strong>reprehen-</strong></span> 
     </span>
    </p>
   </div>
   <div class='ocr_carea' id='block_1_75' title="bbox 1901 3018 3460 3090">
    <p class='ocr_par' dir='ltr' id='par_1_75' title="bbox 1901 3018 3460 3090">
     <span class='ocr_line' id='line_1_75' title="bbox 1901 3018 3460 3090; baseline -0.004 -12"><span class='ocrx_word' id='word_1_507' title='bbox 1901 3023 2131 3078; x_wconf 86' lang='lat' dir='ltr'><strong>debatur</strong></span> <span class='ocrx_word' id='word_1_508' title='bbox 2154 3035 2340 3076; x_wconf 87' lang='lat' dir='ltr'><strong>coram</strong></span> <span class='ocrx_word' id='word_1_509' title='bbox 2379 3020 2723 3090; x_wconf 87' lang='lat' dir='ltr'><strong>hospitibus;</strong></span> <span class='ocrx_word' id='word_1_510' title='bbox 2789 3027 2842 3074; x_wconf 86' lang='lat' dir='ltr'><strong>et</strong></span> <span class='ocrx_word' id='word_1_511' title='bbox 2893 3018 3059 3074; x_wconf 88' lang='lat' dir='ltr'><strong>veluti</strong></span> <span class='ocrx_word' id='word_1_512' title='bbox 3113 3018 3158 3072; x_wconf 89' lang='lat' dir='ltr'><strong>si</strong></span> <span class='ocrx_word' id='word_1_513' title='bbox 3209 3018 3460 3071; x_wconf 87' lang='lat' dir='ltr'><strong>laudatus</strong></span> 
     </span>
    </p>
   </div>
   <div class='ocr_carea' id='block_1_76' title="bbox 1829 3104 3462 3194">
    <p class='ocr_par' dir='ltr' id='par_1_76' title="bbox 1829 3104 3462 3194">
     <span class='ocr_line' id='line_1_76' title="bbox 1829 3104 3462 3194; baseline -0.004 -30"><span class='ocrx_word' id='word_1_514' title='bbox 1829 3136 1871 3194; x_wconf 68' lang='grc' dir='ltr'>ο</span> <span class='ocrx_word' id='word_1_515' title='bbox 1906 3109 2121 3175; x_wconf 84' lang='lat' dir='ltr'><strong>fuisset,</strong></span> <span class='ocrx_word' id='word_1_516' title='bbox 2155 3109 2535 3179; x_wconf 83' lang='lat' dir='ltr'><strong>perseverabat</strong></span> <span class='ocrx_word' id='word_1_517' title='bbox 2581 3111 2860 3173; x_wconf 89' lang='lat' dir='ltr'><strong>immotus,</strong></span> <span class='ocrx_word' id='word_1_518' title='bbox 2887 3109 2970 3163; x_wconf 90' lang='lat' dir='ltr'><strong>vir</strong></span> <span class='ocrx_word' id='word_1_519' title='bbox 2997 3107 3155 3162; x_wconf 88' lang='lat' dir='ltr'><strong>laude</strong></span> <span class='ocrx_word' id='word_1_520' title='bbox 3205 3104 3462 3176; x_wconf 76' lang='lat' dir='ltr'><strong>dignissi-</strong></span> 
     </span>
    </p>
   </div>
   <div class='ocr_carea' id='block_1_77' title="bbox 1906 3199 3460 3271">
    <p class='ocr_par' dir='ltr' id='par_1_77' title="bbox 1906 3199 3460 3271">
     <span class='ocr_line' id='line_1_77' title="bbox 1906 3199 3460 3271; baseline -0.004 -15"><span class='ocrx_word' id='word_1_521' title='bbox 1906 3218 2028 3257; x_wconf 89' lang='lat' dir='ltr'><strong>mus</strong></span> <span class='ocrx_word' id='word_1_522' title='bbox 2054 3202 2265 3271; x_wconf 86' lang='lat' dir='ltr'><strong>legebat</strong></span> <span class='ocrx_word' id='word_1_523' title='bbox 2323 3200 2579 3256; x_wconf 87' lang='lat' dir='ltr'><strong>audiente</strong></span> <span class='ocrx_word' id='word_1_524' title='bbox 2637 3199 2993 3266; x_wconf 82' lang='lat' dir='ltr'><strong>fraternitate,</strong></span> <span class='ocrx_word' id='word_1_525' title='bbox 3056 3209 3114 3254; x_wconf 90' lang='lat' dir='ltr'><strong>ut</strong></span> <span class='ocrx_word' id='word_1_526' title='bbox 3160 3212 3460 3268; x_wconf 88' lang='lat' dir='ltr'><strong>congruum</strong></span> 
     </span>
    </p>
   </div>
   <div class='ocr_carea' id='block_1_78' title="bbox 1903 3289 3441 3362">
    <p class='ocr_par' dir='ltr' id='par_1_78' title="bbox 1903 3289 3441 3362">
     <span class='ocr_line' id='line_1_78' title="bbox 1903 3289 3441 3362; baseline -0.007 -11"><span class='ocrx_word' id='word_1_527' title='bbox 1903 3303 2040 3358; x_wconf 88' lang='lat' dir='ltr'><strong>erat,</strong></span> <span class='ocrx_word' id='word_1_528' title='bbox 2071 3303 2124 3348; x_wconf 87' lang='lat' dir='ltr'><strong>et</strong></span> <span class='ocrx_word' id='word_1_529' title='bbox 2153 3294 2296 3349; x_wconf 86' lang='lat' dir='ltr'><strong>velut</strong></span> <span class='ocrx_word' id='word_1_530' title='bbox 2336 3293 2381 3349; x_wconf 87' lang='lat' dir='ltr'><strong>si</strong></span> <span class='ocrx_word' id='word_1_531' title='bbox 2428 3293 2633 3348; x_wconf 84' lang='lat' dir='ltr'><strong>absone</strong></span> <span class='ocrx_word' id='word_1_532' title='bbox 2667 3293 2968 3362; x_wconf 80' lang='lat' dir='ltr'><strong>vitioseque</strong></span> <span class='ocrx_word' id='word_1_533' title='bbox 3011 3290 3253 3361; x_wconf 87' lang='lat' dir='ltr'><strong>legisset,</strong></span> <span class='ocrx_word' id='word_1_534' title='bbox 3306 3289 3441 3344; x_wconf 87' lang='lat' dir='ltr'><strong>casti</strong></span> 
     </span>
    </p>
   </div>
   <div class='ocr_carea' id='block_1_79' title="bbox 1905 3379 3465 3454">
    <p class='ocr_par' dir='ltr' id='par_1_79' title="bbox 1905 3379 3465 3454">
     <span class='ocr_line' id='line_1_79' title="bbox 1905 3379 3465 3454; baseline -0.004 -15"><span class='ocrx_word' id='word_1_535' title='bbox 1905 3394 2057 3454; x_wconf 86' lang='lat' dir='ltr'><strong>gatus</strong></span> <span class='ocrx_word' id='word_1_536' title='bbox 2113 3383 2581 3440; x_wconf 89' lang='lat' dir='ltr'><strong>verecundabatur</strong></span> <span class='ocrx_word' id='word_1_537' title='bbox 2608 3382 3063 3454; x_wconf 86' lang='lat' dir='ltr'><strong>sapientissimus.</strong></span> <span class='ocrx_word' id='word_1_538' title='bbox 3113 3379 3340 3449; x_wconf 87' lang='lat' dir='ltr'><strong>Propter</strong></span> <span class='ocrx_word' id='word_1_539' title='bbox 3368 3393 3465 3433; x_wconf 90' lang='lat' dir='ltr'><strong>ur-</strong></span> 
     </span>
    </p>
   </div>
   <div class='ocr_carea' id='block_1_80' title="bbox 1903 3471 3461 3544">
    <p class='ocr_par' dir='ltr' id='par_1_80' title="bbox 1903 3471 3461 3544">
     <span class='ocr_line' id='line_1_80' title="bbox 1903 3471 3461 3544; baseline -0.005 -12"><span class='ocrx_word' id='word_1_540' title='bbox 1903 3477 2197 3532; x_wconf 87' lang='lat' dir='ltr'><strong>banitatem</strong></span> <span class='ocrx_word' id='word_1_541' title='bbox 2241 3477 2471 3532; x_wconf 88' lang='lat' dir='ltr'><strong>audiens</strong></span> <span class='ocrx_word' id='word_1_542' title='bbox 2505 3476 2726 3532; x_wconf 83' lang='lat' dir='ltr'><strong>serviles</strong></span> <span class='ocrx_word' id='word_1_543' title='bbox 2754 3475 2960 3532; x_wconf 85' lang='lat' dir='ltr'><strong>natales</strong></span> <span class='ocrx_word' id='word_1_544' title='bbox 3016 3474 3119 3530; x_wconf 87' lang='lat' dir='ltr'><strong>sibi</strong></span> <span class='ocrx_word' id='word_1_545' title='bbox 3149 3471 3461 3544; x_wconf 80' lang='lat' dir='ltr'><strong>exprobrari</strong></span> 
     </span>
    </p>
   </div>
   <div class='ocr_carea' id='block_1_81' title="bbox 1906 3565 3463 3638">
    <p class='ocr_par' dir='ltr' id='par_1_81' title="bbox 1906 3565 3463 3638">
     <span class='ocr_line' id='line_1_81' title="bbox 1906 3565 3463 3638; baseline -0.003 -16"><span class='ocrx_word' id='word_1_546' title='bbox 1906 3567 2161 3623; x_wconf 86' lang='lat' dir='ltr'><strong>inclinato</strong></span> <span class='ocrx_word' id='word_1_547' title='bbox 2184 3567 2457 3624; x_wconf 88' lang='lat' dir='ltr'><strong>annuebat</strong></span> <span class='ocrx_word' id='word_1_548' title='bbox 2515 3567 2714 3638; x_wconf 87' lang='lat' dir='ltr'><strong>capite,</strong></span> <span class='ocrx_word' id='word_1_549' title='bbox 2745 3567 2889 3622; x_wconf 87' lang='lat' dir='ltr'><strong>Patri</strong></span> <span class='ocrx_word' id='word_1_550' title='bbox 2918 3565 3285 3630; x_wconf 84' lang='lat' dir='ltr'><strong>consentiens,</strong></span> <span class='ocrx_word' id='word_1_551' title='bbox 3340 3577 3463 3618; x_wconf 87' lang='lat' dir='ltr'><strong>cor-</strong></span> 
     </span>
    </p>
   </div>
   <div class='ocr_carea' id='block_1_82' title="bbox 1902 3650 3463 3726">
    <p class='ocr_par' dir='ltr' id='par_1_82' title="bbox 1902 3650 3463 3726">
     <span class='ocr_line' id='line_1_82' title="bbox 1902 3650 3463 3726; baseline -0.003 -16"><span class='ocrx_word' id='word_1_552' title='bbox 1902 3671 2033 3726; x_wconf 86' lang='lat' dir='ltr'><strong>pore</strong></span> <span class='ocrx_word' id='word_1_553' title='bbox 2047 3667 2101 3712; x_wconf 90' lang='lat' dir='ltr'><strong>et</strong></span> <span class='ocrx_word' id='word_1_554' title='bbox 2122 3658 2302 3712; x_wconf 87' lang='lat' dir='ltr'><strong>animo</strong></span> <span class='ocrx_word' id='word_1_555' title='bbox 2321 3673 2504 3712; x_wconf 85' lang='lat' dir='ltr'><strong>revera</strong></span> <span class='ocrx_word' id='word_1_556' title='bbox 2519 3657 2910 3713; x_wconf 89' lang='lat' dir='ltr'><strong>nobilissimus.</strong></span> <span class='ocrx_word' id='word_1_557' title='bbox 2923 3656 2981 3712; x_wconf 86' lang='lat' dir='ltr'><strong>In</strong></span> <span class='ocrx_word' id='word_1_558' title='bbox 2998 3657 3180 3712; x_wconf 89' lang='lat' dir='ltr'><strong>labore</strong></span> <span class='ocrx_word' id='word_1_559' title='bbox 3203 3650 3463 3709; x_wconf 84' lang='lat' dir='ltr'><strong>manuum</strong></span> 
     </span>
    </p>
   </div>
   <div class='ocr_carea' id='block_1_83' title="bbox 1913 3744 3464 3818">
    <p class='ocr_par' dir='ltr' id='par_1_83' title="bbox 1913 3744 3464 3818">
     <span class='ocr_line' id='line_1_83' title="bbox 1913 3744 3464 3818; baseline -0.003 -18"><span class='ocrx_word' id='word_1_560' title='bbox 1913 3748 2140 3802; x_wconf 89' lang='lat' dir='ltr'><strong>multum</strong></span> <span class='ocrx_word' id='word_1_561' title='bbox 2156 3746 2485 3803; x_wconf 87' lang='lat' dir='ltr'><strong>contendens</strong></span> <span class='ocrx_word' id='word_1_562' title='bbox 2511 3756 2673 3818; x_wconf 88' lang='lat' dir='ltr'><strong>atque</strong></span> <span class='ocrx_word' id='word_1_563' title='bbox 2699 3746 2984 3817; x_wconf 84' lang='lat' dir='ltr'><strong>proﬁciens</strong></span> <span class='ocrx_word' id='word_1_564' title='bbox 2999 3755 3251 3815; x_wconf 85' lang='lat' dir='ltr'><strong>tauquam</strong></span> <span class='ocrx_word' id='word_1_565' title='bbox 3297 3745 3342 3797; x_wconf 81' lang='lat' dir='ltr'><strong>si</strong></span> <span class='ocrx_word' id='word_1_566' title='bbox 3379 3744 3464 3797; x_wconf 90' lang='lat' dir='ltr'><strong>in-</strong></span> 
     </span>
    </p>
   </div>
   <div class='ocr_carea' id='block_1_84' title="bbox 1906 3829 3467 3904">
    <p class='ocr_par' dir='ltr' id='par_1_84' title="bbox 1906 3829 3467 3904">
     <span class='ocr_line' id='line_1_84' title="bbox 1906 3829 3467 3904; baseline -0.002 -16"><span class='ocrx_word' id='word_1_567' title='bbox 1906 3834 2117 3889; x_wconf 88' lang='lat' dir='ltr'><strong>tulisset</strong></span> <span class='ocrx_word' id='word_1_568' title='bbox 2173 3833 2327 3900; x_wconf 90' lang='lat' dir='ltr'><strong>nibil,</strong></span> <span class='ocrx_word' id='word_1_569' title='bbox 2361 3848 2469 3889; x_wconf 93' lang='lat' dir='ltr'><strong>non</strong></span> <span class='ocrx_word' id='word_1_570' title='bbox 2517 3833 2884 3904; x_wconf 88' lang='lat' dir='ltr'><strong>superbiebat,</strong></span> <span class='ocrx_word' id='word_1_571' title='bbox 2909 3832 3211 3903; x_wconf 70' lang='lat' dir='ltr'><strong>disciplina:</strong></span> <span class='ocrx_word' id='word_1_572' title='bbox 3261 3829 3467 3900; x_wconf 87' lang='lat' dir='ltr'><strong>Deique</strong></span> 
     </span>
    </p>
   </div>
   <div class='ocr_carea' id='block_1_85' title="bbox 1904 3921 3462 3996">
    <p class='ocr_par' dir='ltr' id='par_1_85' title="bbox 1904 3921 3462 3996">
     <span class='ocr_line' id='line_1_85' title="bbox 1904 3921 3462 3996; baseline -0.004 -15"><span class='ocrx_word' id='word_1_573' title='bbox 1904 3935 2110 3981; x_wconf 88' lang='lat' dir='ltr'><strong>amator</strong></span> <span class='ocrx_word' id='word_1_574' title='bbox 2130 3926 2378 3981; x_wconf 81' lang='lat' dir='ltr'><strong>eximius.</strong></span> <span class='ocrx_word' id='word_1_575' title='bbox 2401 3925 2530 3980; x_wconf 85' lang='lat' dir='ltr'><strong>Post</strong></span> <span class='ocrx_word' id='word_1_576' title='bbox 2553 3926 2772 3996; x_wconf 89' lang='lat' dir='ltr'><strong>petitam</strong></span> <span class='ocrx_word' id='word_1_577' title='bbox 2801 3924 2868 3981; x_wconf 92' lang='lat' dir='ltr'><strong>de</strong></span> <span class='ocrx_word' id='word_1_578' title='bbox 2891 3925 3121 3995; x_wconf 86' lang='lat' dir='ltr'><strong>genibus</strong></span> <span class='ocrx_word' id='word_1_579' title='bbox 3147 3923 3354 3979; x_wconf 83' lang='lat' dir='ltr'><strong>veniam</strong></span> <span class='ocrx_word' id='word_1_580' title='bbox 3381 3921 3462 3975; x_wconf 82' lang='lat' dir='ltr'><strong>di-</strong></span> 
     </span>
    </p>
   </div>
   <div class='ocr_carea' id='block_1_86' title="bbox 1904 4013 3466 4086">
    <p class='ocr_par' dir='ltr' id='par_1_86' title="bbox 1904 4013 3466 4086">
     <span class='ocr_line' id='line_1_86' title="bbox 1904 4013 3466 4086; baseline -0.004 -15"><span class='ocrx_word' id='word_1_581' title='bbox 1904 4016 2106 4072; x_wconf 86' lang='lat' dir='ltr'><strong>missus</strong></span> <span class='ocrx_word' id='word_1_582' title='bbox 2143 4031 2174 4071; x_wconf 90' lang='lat' dir='ltr'><strong>a</strong></span> <span class='ocrx_word' id='word_1_583' title='bbox 2209 4015 2391 4083; x_wconf 89' lang='lat' dir='ltr'><strong>Patre,</strong></span> <span class='ocrx_word' id='word_1_584' title='bbox 2424 4017 2597 4072; x_wconf 86' lang='lat' dir='ltr'><strong>veluti</strong></span> <span class='ocrx_word' id='word_1_585' title='bbox 2618 4018 2672 4073; x_wconf 93' lang='lat' dir='ltr'><strong>in</strong></span> <span class='ocrx_word' id='word_1_586' title='bbox 2703 4016 2949 4072; x_wconf 86' lang='lat' dir='ltr'><strong>eamdem</strong></span> <span class='ocrx_word' id='word_1_587' title='bbox 2977 4016 3188 4086; x_wconf 87' lang='lat' dir='ltr'><strong>culpam</strong></span> <span class='ocrx_word' id='word_1_588' title='bbox 3221 4013 3466 4082; x_wconf 85' lang='lat' dir='ltr'><strong>relapsus</strong></span> 
     </span>
    </p>
   </div>
   <div class='ocr_carea' id='block_1_87' title="bbox 1905 4102 3464 4178">
    <p class='ocr_par' dir='ltr' id='par_1_87' title="bbox 1905 4102 3464 4178">
     <span class='ocr_line' id='line_1_87' title="bbox 1905 4102 3464 4178; baseline -0.005 -17"><span class='ocrx_word' id='word_1_589' title='bbox 1905 4121 2012 4161; x_wconf 91' lang='lat' dir='ltr'><strong>non</strong></span> <span class='ocrx_word' id='word_1_590' title='bbox 2057 4105 2489 4174; x_wconf 87' lang='lat' dir='ltr'><strong>obloquebatur;</strong></span> <span class='ocrx_word' id='word_1_591' title='bbox 2558 4107 2653 4163; x_wconf 88' lang='lat' dir='ltr'><strong>sed</strong></span> <span class='ocrx_word' id='word_1_592' title='bbox 2714 4106 3060 4178; x_wconf 87' lang='lat' dir='ltr'><strong>persistebat,</strong></span> <span class='ocrx_word' id='word_1_593' title='bbox 3100 4102 3307 4174; x_wconf 87' lang='lat' dir='ltr'><strong>ignosci</strong></span> <span class='ocrx_word' id='word_1_594' title='bbox 3361 4103 3464 4156; x_wconf 87' lang='lat' dir='ltr'><strong>sibi</strong></span> 
     </span>
    </p>
   </div>
   <div class='ocr_carea' id='block_1_88' title="bbox 1905 4193 3466 4269">
    <p class='ocr_par' dir='ltr' id='par_1_88' title="bbox 1905 4193 3466 4269">
     <span class='ocr_line' id='line_1_88' title="bbox 1905 4193 3466 4269; baseline -0.004 -17"><span class='ocrx_word' id='word_1_595' title='bbox 1905 4199 2214 4269; x_wconf 87' lang='lat' dir='ltr'><strong>postulans,</strong></span> <span class='ocrx_word' id='word_1_596' title='bbox 2256 4199 2616 4255; x_wconf 87' lang='lat' dir='ltr'><strong>admiratione</strong></span> <span class='ocrx_word' id='word_1_597' title='bbox 2645 4199 3022 4268; x_wconf 85' lang='lat' dir='ltr'><strong>dignissimus.</strong></span> <span class='ocrx_word' id='word_1_598' title='bbox 3089 4195 3332 4264; x_wconf 85' lang='lat' dir='ltr'><strong>Denique</strong></span> <span class='ocrx_word' id='word_1_599' title='bbox 3356 4193 3466 4248; x_wconf 84' lang='lat' dir='ltr'><strong>las-</strong></span> 
     </span>
    </p>
   </div>
   <div class='ocr_carea' id='block_1_89' title="bbox 1905 4284 3466 4360">
    <p class='ocr_par' dir='ltr' id='par_1_89' title="bbox 1905 4284 3466 4360">
     <span class='ocr_line' id='line_1_89' title="bbox 1905 4284 3466 4360; baseline -0.006 -16"><span class='ocrx_word' id='word_1_600' title='bbox 1905 4289 2145 4353; x_wconf 89' lang='lat' dir='ltr'><strong>sabatur,</strong></span> <span class='ocrx_word' id='word_1_601' title='bbox 2174 4289 2220 4345; x_wconf 94' lang='lat' dir='ltr'><strong>is</strong></span> <span class='ocrx_word' id='word_1_602' title='bbox 2249 4291 2339 4360; x_wconf 91' lang='lat' dir='ltr'><strong>qui</strong></span> <span class='ocrx_word' id='word_1_603' title='bbox 2371 4290 2613 4346; x_wconf 90' lang='lat' dir='ltr'><strong>tentandi</strong></span> <span class='ocrx_word' id='word_1_604' title='bbox 2639 4303 2806 4344; x_wconf 84' lang='lat' dir='ltr'><strong>causa</strong></span> <span class='ocrx_word' id='word_1_605' title='bbox 2855 4285 3133 4358; x_wconf 88' lang='lat' dir='ltr'><strong>ingerebat</strong></span> <span class='ocrx_word' id='word_1_606' title='bbox 3160 4284 3466 4341; x_wconf 86' lang='lat' dir='ltr'><strong>convicium</strong></span> 
     </span>
    </p>
   </div>
   <div class='ocr_carea' id='block_1_90' title="bbox 1904 4376 3465 4451">
    <p class='ocr_par' dir='ltr' id='par_1_90' title="bbox 1904 4376 3465 4451">
     <span class='ocr_line' id='line_1_90' title="bbox 1904 4376 3465 4451; baseline -0.004 -15"><span class='ocrx_word' id='word_1_607' title='bbox 1904 4393 1957 4436; x_wconf 84' lang='lat' dir='ltr'><strong>et</strong></span> <span class='ocrx_word' id='word_1_608' title='bbox 1995 4382 2299 4451; x_wconf 88' lang='lat' dir='ltr'><strong>opprobriis</strong></span> <span class='ocrx_word' id='word_1_609' title='bbox 2342 4381 2709 4446; x_wconf 85' lang='lat' dir='ltr'><strong>saturabatur,</strong></span> <span class='ocrx_word' id='word_1_610' title='bbox 2743 4381 2788 4436; x_wconf 82' lang='lat' dir='ltr'><strong>is</strong></span> <span class='ocrx_word' id='word_1_611' title='bbox 2842 4378 2936 4449; x_wconf 89' lang='lat' dir='ltr'><strong>qui</strong></span> <span class='ocrx_word' id='word_1_612' title='bbox 2963 4392 3060 4448; x_wconf 87' lang='lat' dir='ltr'><strong>per</strong></span> <span class='ocrx_word' id='word_1_613' title='bbox 3107 4376 3465 4432; x_wconf 87' lang='lat' dir='ltr'><strong>voluntariam</strong></span> 
     </span>
    </p>
   </div>
   <div class='ocr_carea' id='block_1_91' title="bbox 249 4464 1801 4546">
    <p class='ocr_par' dir='ltr' id='par_1_91' title="bbox 249 4464 1801 4546">
     <span class='ocr_line' id='line_1_91' title="bbox 249 4464 1801 4546; baseline 0.003 -19"><span class='ocrx_word' id='word_1_614' title='bbox 249 4475 378 4544; x_wconf 85' lang='grc' dir='ltr'>μίας</span> <span class='ocrx_word' id='word_1_615' title='bbox 407 4473 567 4539; x_wconf 82' lang='grc' dir='ltr'>δόξαν</span> <span class='ocrx_word' id='word_1_616' title='bbox 629 4464 808 4544; x_wconf 78' lang='grc' dir='ltr'>έαυτῷ</span> <span class='ocrx_word' id='word_1_617' title='bbox 857 4476 1312 4546; x_wconf 80' lang='grc' dir='ltr'>περιποιούμενος</span> <span class='ocrx_word' id='word_1_618' title='bbox 1341 4476 1529 4530; x_wconf 79' lang='grc' dir='ltr'>ἀΐδιον.</span> <span class='ocrx_word' id='word_1_619' title='bbox 1567 4477 1718 4531; x_wconf 79' lang='grc' dir='ltr'>Εἴπω</span> <span class='ocrx_word' id='word_1_620' title='bbox 1753 4496 1801 4531; x_wconf 85' lang='grc' dir='ltr'><strong>τι</strong></span> 
     </span>
    </p>
   </div>
   <div class='ocr_carea' id='block_1_92' title="bbox 1902 4464 3468 4546">
    <p class='ocr_par' dir='ltr' id='par_1_92' title="bbox 1912 4468 3468 4541">
     <span class='ocr_line' id='line_1_92' title="bbox 1912 4468 3468 4541; baseline -0.007 -13"><span class='ocrx_word' id='word_1_621' title='bbox 1912 4473 2182 4540; x_wconf 74' lang='lat' dir='ltr'><strong>eiusmodi</strong></span> <span class='ocrx_word' id='word_1_622' title='bbox 2211 4472 2602 4529; x_wconf 89' lang='lat' dir='ltr'><strong>contumeliam</strong></span> <span class='ocrx_word' id='word_1_623' title='bbox 2659 4471 2766 4528; x_wconf 88' lang='lat' dir='ltr'><strong>sibi</strong></span> <span class='ocrx_word' id='word_1_624' title='bbox 2809 4468 3161 4541; x_wconf 87' lang='lat' dir='ltr'><strong>comparabat</strong></span> <span class='ocrx_word' id='word_1_625' title='bbox 3213 4476 3468 4521; x_wconf 83' lang='lat' dir='ltr'><strong>aeternam</strong></span> 
     </span>
    </p>
   </div>
   <div class='ocr_carea' id='block_1_93' title="bbox 247 4565 1797 4637">
    <p class='ocr_par' dir='ltr' id='par_1_93' title="bbox 247 4565 1797 4637">
     <span class='ocr_line' id='line_1_93' title="bbox 247 4565 1797 4637; baseline 0.001 -18"><span class='ocrx_word' id='word_1_626' title='bbox 247 4566 337 4619; x_wconf 80' lang='grc' dir='ltr'><strong>καὶ</strong></span> <span class='ocrx_word' id='word_1_627' title='bbox 367 4565 476 4619; x_wconf 84' lang='grc' dir='ltr'>τῶν</span> <span class='ocrx_word' id='word_1_628' title='bbox 521 4566 623 4619; x_wconf 77' lang='grc' dir='ltr'><strong>οὐκ</strong></span> <span class='ocrx_word' id='word_1_629' title='bbox 671 4566 887 4620; x_wconf 81' lang='grc' dir='ltr'>οἰκείων</span> <span class='ocrx_word' id='word_1_630' title='bbox 939 4567 1236 4621; x_wconf 82' lang='grc' dir='ltr'>δοκούντων</span> <span class='ocrx_word' id='word_1_631' title='bbox 1282 4566 1360 4636; x_wconf 83' lang='grc' dir='ltr'><strong>τῷ</strong></span> <span class='ocrx_word' id='word_1_632' title='bbox 1394 4567 1797 4637; x_wconf 83' lang='grc' dir='ltr'>ὲπαγγέλματι,</span> 
     </span>
    </p>
   </div>
   <div class='ocr_carea' id='block_1_94' title="bbox 247 4655 1813 4728">
    <p class='ocr_par' dir='ltr' id='par_1_94' title="bbox 247 4655 1813 4728">
     <span class='ocr_line' id='line_1_94' title="bbox 247 4655 1813 4728; baseline 0.002 -19"><span class='ocrx_word' id='word_1_633' title='bbox 247 4655 337 4710; x_wconf 81' lang='grc' dir='ltr'>τὸν</span> <span class='ocrx_word' id='word_1_634' title='bbox 385 4657 445 4710; x_wconf 75' lang='grc' dir='ltr'>δὲ</span> <span class='ocrx_word' id='word_1_635' title='bbox 468 4657 624 4726; x_wconf 86' lang='grc' dir='ltr'>λόγον</span> <span class='ocrx_word' id='word_1_636' title='bbox 651 4657 772 4728; x_wconf 72' lang='grc' dir='ltr'>ἕχον</span> <span class='ocrx_word' id='word_1_637' title='bbox 799 4658 1032 4712; x_wconf 78' lang='grc' dir='ltr'>κατευθὺ</span> <span class='ocrx_word' id='word_1_638' title='bbox 1081 4659 1471 4728; x_wconf 87' lang='grc' dir='ltr'>πραττόμενον,</span> <span class='ocrx_word' id='word_1_639' title='bbox 1518 4660 1600 4712; x_wconf 83' lang='grc' dir='ltr'>ὅτι</span> <span class='ocrx_word' id='word_1_640' title='bbox 1650 4657 1813 4728; x_wconf 81' lang='grc' dir='ltr'>ἔρωτι</span> 
     </span>
    </p>
   </div>
   <div class='ocr_carea' id='block_1_95' title="bbox 250 4746 1808 4823">
    <p class='ocr_par' dir='ltr' id='par_1_95' title="bbox 250 4746 1808 4823">
     <span class='ocr_line' id='line_1_95' title="bbox 250 4746 1808 4823; baseline 0.001 -23"><span class='ocrx_word' id='word_1_641' title='bbox 250 4746 631 4812; x_wconf 85' lang='grc' dir='ltr'>ταπεινώσεως</span> <span class='ocrx_word' id='word_1_642' title='bbox 712 4746 1055 4817; x_wconf 87' lang='grc' dir='ltr'>βαλλόμενος,</span> <span class='ocrx_word' id='word_1_643' title='bbox 1118 4749 1440 4823; x_wconf 81' lang='grc' dir='ltr'>παρεκάλει,</span> <span class='ocrx_word' id='word_1_644' title='bbox 1513 4749 1808 4817; x_wconf 74' lang='grc' dir='ltr'>ἠντιϐόλει,</span> 
     </span>
    </p>
   </div>
   <div class='ocr_carea' id='block_1_96' title="bbox 251 4837 1812 4911">
    <p class='ocr_par' dir='ltr' id='par_1_96' title="bbox 251 4837 1812 4911">
     <span class='ocr_line' id='line_1_96' title="bbox 251 4837 1812 4911; baseline 0.001 -19"><span class='ocrx_word' id='word_1_645' title='bbox 251 4838 620 4902; x_wconf 79' lang='grc' dir='ltr'>κοσσίζεσθαι,</span> <span class='ocrx_word' id='word_1_646' title='bbox 657 4837 1004 4909; x_wconf 76' lang='grc' dir='ltr'>ῥαπίζεσθαι,</span> <span class='ocrx_word' id='word_1_647' title='bbox 1045 4842 1136 4892; x_wconf 80' lang='grc' dir='ltr'><strong>καὶ</strong></span> <span class='ocrx_word' id='word_1_648' title='bbox 1179 4841 1363 4911; x_wconf 84' lang='grc' dir='ltr'>μέντοι</span> <span class='ocrx_word' id='word_1_649' title='bbox 1423 4840 1659 4906; x_wconf 80' lang='grc' dir='ltr'>ἔπειθεν,</span> <span class='ocrx_word' id='word_1_650' title='bbox 1720 4841 1812 4894; x_wconf 80' lang='grc' dir='ltr'><strong>καὶ</strong></span> 
     </span>
    </p>
   </div>
   <div class='ocr_carea' id='block_1_97' title="bbox 251 4929 1808 5003">
    <p class='ocr_par' dir='ltr' id='par_1_97' title="bbox 251 4929 1808 5003">
     <span class='ocr_line' id='line_1_97' title="bbox 251 4929 1808 5003; baseline 0.001 -20"><span class='ocrx_word' id='word_1_651' title='bbox 251 4930 452 4984; x_wconf 85' lang='grc' dir='ltr'>πείθων</span> <span class='ocrx_word' id='word_1_652' title='bbox 477 4929 895 4999; x_wconf 76' lang='grc' dir='ltr'>ὲτετύφετο,κα“ι</span> <span class='ocrx_word' id='word_1_653' title='bbox 922 4933 1260 5002; x_wconf 86' lang='grc' dir='ltr'>τυπτόμενος</span> <span class='ocrx_word' id='word_1_654' title='bbox 1289 4933 1441 5003; x_wconf 87' lang='grc' dir='ltr'><strong>παρά</strong></span> <span class='ocrx_word' id='word_1_655' title='bbox 1494 4949 1638 4995; x_wconf 86' lang='grc' dir='ltr'>τινος</span> <span class='ocrx_word' id='word_1_656' title='bbox 1689 4933 1808 4985; x_wconf 85' lang='grc' dir='ltr'>κατ’</span> 
     </span>
    </p>
   </div>
   <div class='ocr_carea' id='block_1_98' title="bbox 252 5025 1808 5097">
    <p class='ocr_par' dir='ltr' id='par_1_98' title="bbox 252 5025 1808 5097">
     <span class='ocr_line' id='line_1_98' title="bbox 252 5025 1808 5097; baseline -0.001 -19"><span class='ocrx_word' id='word_1_657' title='bbox 252 5025 521 5096; x_wconf 75' lang='grc' dir='ltr'>ἐπιταγὴν</span> <span class='ocrx_word' id='word_1_658' title='bbox 551 5025 645 5078; x_wconf 80' lang='grc' dir='ltr'>τοῦ</span> <span class='ocrx_word' id='word_1_659' title='bbox 673 5027 904 5097; x_wconf 83' lang='grc' dir='ltr'>Πατρὸς,</span> <span class='ocrx_word' id='word_1_660' title='bbox 929 5026 1003 5090; x_wconf 85' lang='grc' dir='ltr'>ὡς</span> <span class='ocrx_word' id='word_1_661' title='bbox 1031 5027 1201 5097; x_wconf 87' lang='grc' dir='ltr'>δῶρον</span> <span class='ocrx_word' id='word_1_662' title='bbox 1259 5026 1491 5096; x_wconf 83' lang='grc' dir='ltr'>είληφὼς</span> <span class='ocrx_word' id='word_1_663' title='bbox 1533 5025 1808 5097; x_wconf 75' lang='grc' dir='ltr'>ὲγεγήθειο</span> 
     </span>
    </p>
   </div>
   <div class='ocr_carea' id='block_1_99' title="bbox 251 5111 1810 5187">
    <p class='ocr_par' dir='ltr' id='par_1_99' title="bbox 251 5111 1810 5187">
     <span class='ocr_line' id='line_1_99' title="bbox 251 5111 1810 5187; baseline 0.001 -19"><span class='ocrx_word' id='word_1_664' title='bbox 251 5117 342 5168; x_wconf 75' lang='grc' dir='ltr'>καὶ</span> <span class='ocrx_word' id='word_1_665' title='bbox 361 5111 429 5186; x_wconf 77' lang='grc' dir='ltr'>ἦν</span> <span class='ocrx_word' id='word_1_666' title='bbox 459 5115 816 5185; x_wconf 76' lang='grc' dir='ltr'>τδγινόμενον</span> <span class='ocrx_word' id='word_1_667' title='bbox 841 5116 1142 5186; x_wconf 82' lang='grc' dir='ltr'>ὑπερφυὲς,</span> <span class='ocrx_word' id='word_1_668' title='bbox 1180 5117 1272 5170; x_wconf 81' lang='grc' dir='ltr'>τοῦ</span> <span class='ocrx_word' id='word_1_669' title='bbox 1298 5117 1393 5187; x_wconf 82' lang='grc' dir='ltr'>μὲν</span> <span class='ocrx_word' id='word_1_670' title='bbox 1424 5116 1810 5187; x_wconf 78' lang='grc' dir='ltr'>ἐκϐιαζομένου</span> 
     </span>
    </p>
   </div>
   <div class='ocr_carea' id='block_1_100' title="bbox 249 5206 1812 5279">
    <p class='ocr_par' dir='ltr' id='par_1_100' title="bbox 249 5206 1812 5279">
     <span class='ocr_line' id='line_1_100' title="bbox 249 5206 1812 5279; baseline 0.001 -20"><span class='ocrx_word' id='word_1_671' title='bbox 249 5207 333 5261; x_wconf 88' lang='grc' dir='ltr'><strong>διά</strong></span> <span class='ocrx_word' id='word_1_672' title='bbox 370 5208 430 5261; x_wconf 77' lang='grc' dir='ltr'>τὸ</span> <span class='ocrx_word' id='word_1_673' title='bbox 453 5206 643 5261; x_wconf 84' lang='grc' dir='ltr'>δοκοῦν</span> <span class='ocrx_word' id='word_1_674' title='bbox 671 5207 959 5273; x_wconf 81' lang='grc' dir='ltr'>ἀνοίκειον,</span> <span class='ocrx_word' id='word_1_675' title='bbox 991 5208 1084 5261; x_wconf 79' lang='grc' dir='ltr'>τοῦ</span> <span class='ocrx_word' id='word_1_676' title='bbox 1115 5209 1171 5262; x_wconf 75' lang='grc' dir='ltr'>δὲ</span> <span class='ocrx_word' id='word_1_677' title='bbox 1190 5208 1467 5278; x_wconf 74' lang='grc' dir='ltr'>χαίροντος</span> <span class='ocrx_word' id='word_1_678' title='bbox 1493 5208 1658 5262; x_wconf 77' lang='grc' dir='ltr'>διὰτὸ</span> <span class='ocrx_word' id='word_1_679' title='bbox 1686 5226 1812 5279; x_wconf 79' lang='grc' dir='ltr'>κερο</span> 
     </span>
    </p>
   </div>
   <div class='ocr_carea' id='block_1_101' title="bbox 250 5298 1811 5371">
    <p class='ocr_par' dir='ltr' id='par_1_101' title="bbox 250 5298 1811 5371">
     <span class='ocr_line' id='line_1_101' title="bbox 250 5298 1811 5371; baseline -0.001 -18"><span class='ocrx_word' id='word_1_680' title='bbox 250 5299 501 5371; x_wconf 85' lang='grc' dir='ltr'>δόμισθον</span> <span class='ocrx_word' id='word_1_681' title='bbox 527 5316 542 5332; x_wconf 76' lang='grc' dir='ltr'><strong><em>ο</em></strong></span> <span class='ocrx_word' id='word_1_682' title='bbox 577 5300 671 5352; x_wconf 79' lang='grc' dir='ltr'>καὶ</span> <span class='ocrx_word' id='word_1_683' title='bbox 702 5301 734 5369; x_wconf 80' lang='grc' dir='ltr'>ἡ</span> <span class='ocrx_word' id='word_1_684' title='bbox 762 5300 993 5369; x_wconf 67' lang='grc' dir='ltr'>ὠφέλεια</span> <span class='ocrx_word' id='word_1_685' title='bbox 1021 5302 1120 5369; x_wconf 79' lang='grc' dir='ltr'><strong>ὅση</strong></span> <span class='ocrx_word' id='word_1_686' title='bbox 1153 5298 1318 5370; x_wconf 82' lang='grc' dir='ltr'>ὁρῶσί</span> <span class='ocrx_word' id='word_1_687' title='bbox 1363 5317 1421 5352; x_wconf 87' lang='grc' dir='ltr'><strong>τε</strong></span> <span class='ocrx_word' id='word_1_688' title='bbox 1453 5300 1546 5353; x_wconf 81' lang='grc' dir='ltr'>καὶ</span> <span class='ocrx_word' id='word_1_689' title='bbox 1581 5299 1811 5355; x_wconf 79' lang='grc' dir='ltr'>ἀκούου-</span> 
     </span>
    </p>
   </div>
   <div class='ocr_carea' id='block_1_102' title="bbox 1909 4553 3471 4633">
    <p class='ocr_par' dir='ltr' id='par_1_102' title="bbox 1909 4553 3471 4633">
     <span class='ocr_line' id='line_1_102' title="bbox 1909 4553 3471 4633; baseline -0.004 -18"><span class='ocrx_word' id='word_1_690' title='bbox 1909 4562 2158 4633; x_wconf 87' lang='lat' dir='ltr'><strong>gloriam.</strong></span> <span class='ocrx_word' id='word_1_691' title='bbox 2199 4563 2383 4619; x_wconf 88' lang='lat' dir='ltr'><strong>Dicam</strong></span> <span class='ocrx_word' id='word_1_692' title='bbox 2410 4561 2641 4633; x_wconf 89' lang='lat' dir='ltr'><strong>amplius</strong></span> <span class='ocrx_word' id='word_1_693' title='bbox 2655 4569 2710 4617; x_wconf 88' lang='lat' dir='ltr'><strong>et</strong></span> <span class='ocrx_word' id='word_1_694' title='bbox 2729 4559 2940 4632; x_wconf 77' lang='lat' dir='ltr'><strong>quod&#39;a</strong></span> <span class='ocrx_word' id='word_1_695' title='bbox 2969 4558 3228 4629; x_wconf 79' lang='lat' dir='ltr'><strong>religiosa</strong></span> <span class='ocrx_word' id='word_1_696' title='bbox 3259 4553 3471 4627; x_wconf 87' lang='lat' dir='ltr'><strong>profes-</strong></span> 
     </span>
    </p>
   </div>
   <div class='ocr_carea' id='block_1_103' title="bbox 1910 4652 3474 4724">
    <p class='ocr_par' dir='ltr' id='par_1_103' title="bbox 1910 4652 3474 4724">
     <span class='ocr_line' id='line_1_103' title="bbox 1910 4652 3474 4724; baseline -0.007 -15"><span class='ocrx_word' id='word_1_697' title='bbox 1910 4655 2066 4710; x_wconf 89' lang='lat' dir='ltr'><strong>sione</strong></span> <span class='ocrx_word' id='word_1_698' title='bbox 2108 4654 2281 4710; x_wconf 85' lang='lat' dir='ltr'><strong>videri</strong></span> <span class='ocrx_word' id='word_1_699' title='bbox 2319 4653 2493 4724; x_wconf 89' lang='lat' dir='ltr'><strong>possit</strong></span> <span class='ocrx_word' id='word_1_700' title='bbox 2529 4652 2806 4717; x_wconf 91' lang='lat' dir='ltr'><strong>alienum;</strong></span> <span class='ocrx_word' id='word_1_701' title='bbox 2836 4663 3140 4705; x_wconf 88' lang='lat' dir='ltr'><strong>consonum</strong></span> <span class='ocrx_word' id='word_1_702' title='bbox 3171 4655 3350 4701; x_wconf 87' lang='lat' dir='ltr'><strong>tamen</strong></span> <span class='ocrx_word' id='word_1_703' title='bbox 3386 4659 3474 4699; x_wconf 84' lang='lat' dir='ltr'><strong>ra-</strong></span> 
     </span>
    </p>
   </div>
   <div class='ocr_carea' id='block_1_104' title="bbox 1909 4736 3471 4812">
    <p class='ocr_par' dir='ltr' id='par_1_104' title="bbox 1909 4736 3471 4812">
     <span class='ocr_line' id='line_1_104' title="bbox 1909 4736 3471 4812; baseline -0.008 -12"><span class='ocrx_word' id='word_1_704' title='bbox 1909 4746 2075 4812; x_wconf 76' lang='lat' dir='ltr'><strong>tidni,</strong></span> <span class='ocrx_word' id='word_1_705' title='bbox 2101 4746 2231 4801; x_wconf 91' lang='lat' dir='ltr'><strong>dum</strong></span> <span class='ocrx_word' id='word_1_706' title='bbox 2276 4754 2420 4802; x_wconf 91' lang='lat' dir='ltr'><strong>recte</strong></span> <span class='ocrx_word' id='word_1_707' title='bbox 2464 4745 2544 4800; x_wconf 83' lang='lat' dir='ltr'><strong>tit.</strong></span> <span class='ocrx_word' id='word_1_708' title='bbox 2571 4742 2744 4798; x_wconf 82' lang='lat' dir='ltr'><strong>Tanto</strong></span> <span class='ocrx_word' id='word_1_709' title='bbox 2798 4741 3085 4797; x_wconf 88' lang='lat' dir='ltr'><strong>tenebatur</strong></span> <span class='ocrx_word' id='word_1_710' title='bbox 3137 4736 3471 4793; x_wconf 86' lang='lat' dir='ltr'><strong>humiliatio-</strong></span> 
     </span>
    </p>
   </div>
   <div class='ocr_carea' id='block_1_105' title="bbox 1910 4831 3475 4907">
    <p class='ocr_par' dir='ltr' id='par_1_105' title="bbox 1910 4831 3475 4907">
     <span class='ocr_line' id='line_1_105' title="bbox 1910 4831 3475 4907; baseline -0.008 -13"><span class='ocrx_word' id='word_1_711' title='bbox 1910 4839 1996 4895; x_wconf 91' lang='lat' dir='ltr'><strong>nis</strong></span> <span class='ocrx_word' id='word_1_712' title='bbox 2026 4855 2232 4904; x_wconf 88' lang='lat' dir='ltr'><strong>amore,</strong></span> <span class='ocrx_word' id='word_1_713' title='bbox 2269 4849 2328 4894; x_wconf 90' lang='lat' dir='ltr'><strong>ut</strong></span> <span class='ocrx_word' id='word_1_714' title='bbox 2376 4846 2561 4895; x_wconf 84' lang='lat' dir='ltr'><strong>oraret</strong></span> <span class='ocrx_word' id='word_1_715' title='bbox 2609 4845 3026 4907; x_wconf 87' lang='lat' dir='ltr'><strong>precareturque</strong></span> <span class='ocrx_word' id='word_1_716' title='bbox 3069 4831 3265 4902; x_wconf 83' lang='lat' dir='ltr'><strong>pugnis</strong></span> <span class='ocrx_word' id='word_1_717' title='bbox 3311 4840 3475 4898; x_wconf 87' lang='lat' dir='ltr'><strong>atque</strong></span> 
     </span>
    </p>
   </div>
   <div class='ocr_carea' id='block_1_106' title="bbox 1908 4921 3473 5000">
    <p class='ocr_par' dir='ltr' id='par_1_106' title="bbox 1908 4921 3473 5000">
     <span class='ocr_line' id='line_1_106' title="bbox 1908 4921 3473 5000; baseline -0.008 -15"><span class='ocrx_word' id='word_1_718' title='bbox 1908 4931 2078 5000; x_wconf 89' lang='lat' dir='ltr'><strong>alapis</strong></span> <span class='ocrx_word' id='word_1_719' title='bbox 2130 4931 2299 4996; x_wconf 59' lang='lat' dir='ltr'><strong>cadi;</strong></span> <span class='ocrx_word' id='word_1_720' title='bbox 2345 4940 2398 4985; x_wconf 90' lang='lat' dir='ltr'><strong>et</strong></span> <span class='ocrx_word' id='word_1_721' title='bbox 2448 4944 2579 4984; x_wconf 87' lang='lat' dir='ltr'><strong>sane</strong></span> <span class='ocrx_word' id='word_1_722' title='bbox 2631 4925 2987 4996; x_wconf 87' lang='lat' dir='ltr'><strong>persuadebat</strong></span> <span class='ocrx_word' id='word_1_723' title='bbox 3043 4932 3097 4978; x_wconf 90' lang='lat' dir='ltr'><strong>et</strong></span> <span class='ocrx_word' id='word_1_724' title='bbox 3139 4921 3473 4992; x_wconf 83' lang='lat' dir='ltr'><strong>persuadens</strong></span> 
     </span>
    </p>
   </div>
   <div class='ocr_carea' id='block_1_107' title="bbox 1920 5012 3476 5094">
    <p class='ocr_par' dir='ltr' id='par_1_107' title="bbox 1920 5012 3476 5094">
     <span class='ocr_line' id='line_1_107' title="bbox 1920 5012 3476 5094; baseline -0.008 -16"><span class='ocrx_word' id='word_1_725' title='bbox 1920 5024 2339 5094; x_wconf 83' lang='lat' dir='ltr'><strong>percutiebatur,</strong></span> <span class='ocrx_word' id='word_1_726' title='bbox 2368 5031 2421 5078; x_wconf 89' lang='lat' dir='ltr'><strong>et</strong></span> <span class='ocrx_word' id='word_1_727' title='bbox 2453 5037 2518 5077; x_wconf 83' lang='lat' dir='ltr'><strong>ex</strong></span> <span class='ocrx_word' id='word_1_728' title='bbox 2574 5021 2833 5075; x_wconf 88' lang='lat' dir='ltr'><strong>mandato</strong></span> <span class='ocrx_word' id='word_1_729' title='bbox 2883 5015 3062 5070; x_wconf 86' lang='lat' dir='ltr'><strong>Patris</strong></span> <span class='ocrx_word' id='word_1_730' title='bbox 3091 5028 3386 5085; x_wconf 84' lang='lat' dir='ltr'><strong>percussus</strong></span> <span class='ocrx_word' id='word_1_731' title='bbox 3405 5012 3476 5066; x_wconf 85' lang='lat' dir='ltr'><strong>ab</strong></span> 
     </span>
    </p>
   </div>
   <div class='ocr_carea' id='block_1_108' title="bbox 1920 5107 3477 5185">
    <p class='ocr_par' dir='ltr' id='par_1_108' title="bbox 1920 5107 3477 5185">
     <span class='ocr_line' id='line_1_108' title="bbox 1920 5107 3477 5185; baseline -0.008 -16"><span class='ocrx_word' id='word_1_732' title='bbox 1920 5116 2122 5185; x_wconf 83' lang='lat' dir='ltr'><strong>aliquo,</strong></span> <span class='ocrx_word' id='word_1_733' title='bbox 2148 5115 2295 5170; x_wconf 88' lang='lat' dir='ltr'><strong>velut</strong></span> <span class='ocrx_word' id='word_1_734' title='bbox 2329 5122 2549 5183; x_wconf 88' lang='lat' dir='ltr'><strong>accepto</strong></span> <span class='ocrx_word' id='word_1_735' title='bbox 2610 5123 2833 5167; x_wconf 87' lang='lat' dir='ltr'><strong>munere</strong></span> <span class='ocrx_word' id='word_1_736' title='bbox 2863 5107 3144 5162; x_wconf 68' lang='lat' dir='ltr'><strong>lattabatur</strong></span> <span class='ocrx_word' id='word_1_737' title='bbox 3181 5121 3195 5158; x_wconf 89' lang='lat'><strong>:</strong></span> <span class='ocrx_word' id='word_1_738' title='bbox 3247 5110 3477 5171; x_wconf 87' lang='lat' dir='ltr'><strong>eratque</strong></span> 
     </span>
    </p>
   </div>
   <div class='ocr_carea' id='block_1_109' title="bbox 1922 5193 3474 5278">
    <p class='ocr_par' dir='ltr' id='par_1_109' title="bbox 1922 5193 3474 5278">
     <span class='ocr_line' id='line_1_109' title="bbox 1922 5193 3474 5278; baseline -0.011 -16"><span class='ocrx_word' id='word_1_739' title='bbox 1922 5217 2144 5278; x_wconf 86' lang='lat' dir='ltr'><strong>stupore</strong></span> <span class='ocrx_word' id='word_1_740' title='bbox 2170 5206 2416 5278; x_wconf 90' lang='lat' dir='ltr'><strong>dignum,</strong></span> <span class='ocrx_word' id='word_1_741' title='bbox 2456 5205 2688 5261; x_wconf 87' lang='lat' dir='ltr'><strong>alterum</strong></span> <span class='ocrx_word' id='word_1_742' title='bbox 2719 5199 2938 5272; x_wconf 89' lang='lat' dir='ltr'><strong>quidem</strong></span> <span class='ocrx_word' id='word_1_743' title='bbox 2989 5197 3055 5252; x_wconf 90' lang='lat' dir='ltr'><strong>ad</strong></span> <span class='ocrx_word' id='word_1_744' title='bbox 3085 5196 3137 5251; x_wconf 88' lang='lat' dir='ltr'><strong>id</strong></span> <span class='ocrx_word' id='word_1_745' title='bbox 3193 5193 3340 5264; x_wconf 89' lang='lat' dir='ltr'><strong>quod</strong></span> <span class='ocrx_word' id='word_1_746' title='bbox 3387 5193 3474 5245; x_wconf 90' lang='lat' dir='ltr'><strong>iu-</strong></span> 
     </span>
    </p>
   </div>
   <div class='ocr_carea' id='block_1_110' title="bbox 1922 5287 3478 5369">
    <p class='ocr_par' dir='ltr' id='par_1_110' title="bbox 1922 5287 3478 5369">
     <span class='ocr_line' id='line_1_110' title="bbox 1922 5287 3478 5369; baseline -0.012 -14"><span class='ocrx_word' id='word_1_747' title='bbox 1922 5315 2223 5369; x_wconf 87' lang='lat' dir='ltr'><strong>congruum</strong></span> <span class='ocrx_word' id='word_1_748' title='bbox 2255 5296 2542 5354; x_wconf 85' lang='lat' dir='ltr'><strong>videbatur</strong></span> <span class='ocrx_word' id='word_1_749' title='bbox 2593 5296 2861 5352; x_wconf 87' lang='lat' dir='ltr'><strong>violenter</strong></span> <span class='ocrx_word' id='word_1_750' title='bbox 2889 5289 3056 5361; x_wconf 86' lang='lat' dir='ltr'><strong>adigi,</strong></span> <span class='ocrx_word' id='word_1_751' title='bbox 3093 5287 3325 5342; x_wconf 89' lang='lat' dir='ltr'><strong>alterum</strong></span> <span class='ocrx_word' id='word_1_752' title='bbox 3349 5298 3478 5363; x_wconf 82' lang='lat' dir='ltr'><strong>vero</strong></span> 
     </span>
    </p>
   </div>
   <div class='ocr_carea' id='block_1_111' title="bbox 1753 5433 1985 5490">
    <p class='ocr_par' dir='ltr' id='par_1_111' title="bbox 1753 5433 1985 5490">
     <span class='ocr_line' id='line_1_111' title="bbox 1753 5433 1985 5490; baseline 0.004 -1"><span class='ocrx_word' id='word_1_753' title='bbox 1753 5433 1985 5490; x_wconf 63' lang='lat' dir='ltr'><strong>NOTIE.</strong></span> 
     </span>
    </p>
   </div>
   <div class='ocr_carea' id='block_1_112' title="bbox 318 5527 2126 5602">
    <p class='ocr_par' dir='ltr' id='par_1_112' title="bbox 318 5527 2126 5602">
     <span class='ocr_line' id='line_1_112' title="bbox 318 5527 2126 5602; baseline 0.002 -21"><span class='ocrx_word' id='word_1_754' title='bbox 318 5527 394 5602; x_wconf 75' lang='grc' dir='ltr'><strong>(ά)</strong></span> <span class='ocrx_word' id='word_1_755' title='bbox 436 5528 783 5598; x_wconf 84' lang='lat' dir='ltr'><strong>Ecgrapbum</strong></span> <span class='ocrx_word' id='word_1_756' title='bbox 813 5539 1056 5585; x_wconf 88' lang='lat' dir='ltr'><strong>nostrum</strong></span> <span class='ocrx_word' id='word_1_757' title='bbox 1085 5529 1142 5600; x_wconf 71' lang='grc' dir='ltr'><strong>ἡ,</strong></span> <span class='ocrx_word' id='word_1_758' title='bbox 1170 5541 1298 5594; x_wconf 86' lang='lat' dir='ltr'><strong>aut;</strong></span> <span class='ocrx_word' id='word_1_759' title='bbox 1324 5538 1450 5600; x_wconf 90' lang='lat' dir='ltr'><strong>puto</strong></span> <span class='ocrx_word' id='word_1_760' title='bbox 1488 5530 1772 5601; x_wconf 87' lang='lat' dir='ltr'><strong>legendum</strong></span> <span class='ocrx_word' id='word_1_761' title='bbox 1801 5531 1919 5597; x_wconf 79' lang='grc' dir='ltr'>οὐκ,</span> <span class='ocrx_word' id='word_1_762' title='bbox 1949 5547 2126 5596; x_wconf 82' lang='lat' dir='ltr'><strong>neque.</strong></span> 
     </span>
    </p>
   </div>
   <div class='ocr_carea' id='block_1_113' title="bbox 319 5643 1816 5713">
    <p class='ocr_par' dir='ltr' id='par_1_113' title="bbox 319 5643 1816 5713">
     <span class='ocr_line' id='line_1_113' title="bbox 319 5643 1816 5713; baseline -0.001 -15"><span class='ocrx_word' id='word_1_763' title='bbox 319 5645 393 5713; x_wconf 86' lang='lat'><strong>(&#39;7)</strong></span> <span class='ocrx_word' id='word_1_764' title='bbox 431 5643 671 5698; x_wconf 82' lang='lat' dir='ltr'><strong>Sirletus</strong></span> <span class='ocrx_word' id='word_1_765' title='bbox 699 5643 794 5713; x_wconf 79' lang='lat' dir='ltr'><strong>sic</strong></span> <span class='ocrx_word' id='word_1_766' title='bbox 829 5653 1012 5707; x_wconf 76' lang='lat' dir='ltr'><strong>vertit,</strong></span> <span class='ocrx_word' id='word_1_767' title='bbox 1057 5652 1317 5713; x_wconf 81' lang='lat' dir='ltr'><strong>tanquam</strong></span> <span class='ocrx_word' id='word_1_768' title='bbox 1365 5643 1416 5696; x_wconf 92' lang='lat' dir='ltr'><strong>in</strong></span> <span class='ocrx_word' id='word_1_769' title='bbox 1456 5644 1642 5698; x_wconf 87' lang='lat' dir='ltr'><strong>eadem</strong></span> <span class='ocrx_word' id='word_1_770' title='bbox 1692 5659 1816 5699; x_wconf 82' lang='lat' dir='ltr'><strong>cum</strong></span> 
     </span>
    </p>
   </div>
   <div class='ocr_carea' id='block_1_114' title="bbox 1925 5627 3483 5709">
    <p class='ocr_par' dir='ltr' id='par_1_114' title="bbox 1925 5627 3483 5709">
     <span class='ocr_line' id='line_1_114' title="bbox 1925 5627 3483 5709; baseline -0.01 -10"><span class='ocrx_word' id='word_1_771' title='bbox 1925 5643 2065 5699; x_wconf 85' lang='lat' dir='ltr'><strong>infra</strong></span> <span class='ocrx_word' id='word_1_772' title='bbox 2113 5642 2353 5698; x_wconf 67' lang='lat' dir='ltr'><strong>num.”</strong></span> <span class='ocrx_word' id='word_1_773' title='bbox 2398 5654 2654 5709; x_wconf 77' lang='lat' dir='ltr'><strong>expresse</strong></span> <span class='ocrx_word' id='word_1_774' title='bbox 2691 5636 2892 5709; x_wconf 80' lang='lat' dir='ltr'><strong>dicitur</strong></span> <span class='ocrx_word' id='word_1_775' title='bbox 2933 5631 3091 5709; x_wconf 67' lang='lat' dir='ltr'><strong>Plato</strong></span> <span class='ocrx_word' id='word_1_776' title='bbox 3132 5641 3253 5709; x_wconf 81' lang='lat' dir='ltr'><strong>post</strong></span> <span class='ocrx_word' id='word_1_777' title='bbox 3302 5627 3483 5709; x_wconf 37' lang='lat' dir='ltr'><strong>Theo:</strong></span> 
     </span>
    </p>
   </div>
   <div class='ocr_carea' id='block_1_115' title="bbox 249 5703 3486 5784">
    <p class='ocr_par' dir='ltr' id='par_1_115' title="bbox 249 5703 3486 5784">
     <span class='ocr_line' id='line_1_115' title="bbox 249 5703 3486 5784; baseline -0.005 -15"><span class='ocrx_word' id='word_1_778' title='bbox 249 5703 564 5769; x_wconf 49' lang='lat' dir='ltr'><strong>Tli‘eoctisto</strong></span> <span class='ocrx_word' id='word_1_779' title='bbox 607 5711 740 5767; x_wconf 85' lang='lat' dir='ltr'><strong>cella</strong></span> <span class='ocrx_word' id='word_1_780' title='bbox 777 5703 1020 5784; x_wconf 82' lang='lat' dir='ltr'><strong>reclusus</strong></span> <span class='ocrx_word' id='word_1_781' title='bbox 1079 5703 1270 5784; x_wconf 70' lang='lat' dir='ltr'><strong>luisset</strong></span> <span class='ocrx_word' id='word_1_782' title='bbox 1299 5729 1312 5765; x_wconf 90' lang='lat'>:</span> <span class='ocrx_word' id='word_1_783' title='bbox 1347 5713 1488 5781; x_wconf 90' lang='lat' dir='ltr'><strong>quod</strong></span> <span class='ocrx_word' id='word_1_784' title='bbox 1525 5713 1817 5784; x_wconf 87' lang='lat' dir='ltr'><strong>hegumeni</strong></span> <span class='ocrx_word' id='word_1_785' title='bbox 1924 5714 2064 5769; x_wconf 83' lang='lat' dir='ltr'><strong>ctisti</strong></span> <span class='ocrx_word' id='word_1_786' title='bbox 2098 5725 2324 5784; x_wconf 86' lang='lat' dir='ltr'><strong>mortem</strong></span> <span class='ocrx_word' id='word_1_787' title='bbox 2353 5703 2588 5784; x_wconf 76' lang='lat' dir='ltr'><strong>primum</strong></span> <span class='ocrx_word' id='word_1_788' title='bbox 2642 5711 2697 5767; x_wconf 92' lang='lat' dir='ltr'><strong>in</strong></span> <span class='ocrx_word' id='word_1_789' title='bbox 2720 5707 2841 5779; x_wconf 81' lang='lat' dir='ltr'><strong>ejus</strong></span> <span class='ocrx_word' id='word_1_790' title='bbox 2866 5703 3060 5763; x_wconf 83' lang='lat' dir='ltr'><strong>cellam</strong></span> <span class='ocrx_word' id='word_1_791' title='bbox 3113 5703 3397 5772; x_wconf 82' lang='lat' dir='ltr'><strong>migrasse,</strong></span> <span class='ocrx_word' id='word_1_792' title='bbox 3425 5703 3486 5755; x_wconf 84' lang='lat' dir='ltr'><strong>et</strong></span> 
     </span>
    </p>
   </div>
   <div class='ocr_carea' id='block_1_116' title="bbox 248 5780 1816 5842">
    <p class='ocr_par' dir='ltr' id='par_1_116' title="bbox 248 5780 1816 5842">
     <span class='ocr_line' id='line_1_116' title="bbox 248 5780 1816 5842; baseline -0.003 -2"><span class='ocrx_word' id='word_1_793' title='bbox 248 5785 550 5842; x_wconf 75' lang='lat' dir='ltr'><strong>mnditioni</strong></span> <span class='ocrx_word' id='word_1_794' title='bbox 579 5797 689 5836; x_wconf 92' lang='lat' dir='ltr'><strong>non</strong></span> <span class='ocrx_word' id='word_1_795' title='bbox 731 5783 1000 5840; x_wconf 84' lang='lat' dir='ltr'><strong>convenit.</strong></span> <span class='ocrx_word' id='word_1_796' title='bbox 1036 5798 1134 5837; x_wconf 88' lang='lat' dir='ltr'><strong>nec</strong></span> <span class='ocrx_word' id='word_1_797' title='bbox 1194 5780 1380 5837; x_wconf 62' lang='lat' dir='ltr'><strong>Graeco</strong></span> <span class='ocrx_word' id='word_1_798' title='bbox 1427 5780 1643 5838; x_wconf 57' lang='lat' dir='ltr'><strong>textui&#39;:</strong></span> <span class='ocrx_word' id='word_1_799' title='bbox 1707 5783 1816 5838; x_wconf 88' lang='lat' dir='ltr'><strong>imo</strong></span> 
     </span>
    </p>
   </div>
   <div class='ocr_carea' id='block_1_117' title="bbox 1925 5778 2647 5841">
    <p class='ocr_par' dir='ltr' id='par_1_117' title="bbox 1925 5778 2647 5841">
     <span class='ocr_line' id='line_1_117' title="bbox 1925 5778 2647 5841; baseline -0.004 -1"><span class='ocrx_word' id='word_1_800' title='bbox 1925 5783 2163 5841; x_wconf 88' lang='lat' dir='ltr'><strong>solitarie</strong></span> <span class='ocrx_word' id='word_1_801' title='bbox 2188 5778 2371 5841; x_wconf 81' lang='lat' dir='ltr'><strong>vivere</strong></span> <span class='ocrx_word' id='word_1_802' title='bbox 2395 5778 2647 5840; x_wconf 78' lang='lat' dir='ltr'><strong>coepisse.</strong></span> 
     </span>
    </p>
   </div>
  </div>
