4018 6304
567 317 672 384 815

1730 329 1788 388 S.
1830 327 2216 390 THEODORI
2254 329 2601 392 STUDITE

3663 323 3768 388 816

562 427 798 500 gaudere
824 426 891 485 de
919 427 1070 485 lucro
1112 431 1307 488 exinde
1333 443 1627 504 reportato,
1653 450 1752 492 nec
1773 438 1955 495 minus
1980 439 2105 496 utile

2212 458 2315 508 σιν,
2347 443 2495 507 ὅστις
2545 441 2630 512 εἴη
2658 441 2686 496 6
2729 439 2900 496 ταῦτα
2947 438 3208 500 ἐκουσίως
3267 435 3630 508 ὑφιστάμενος
3671 433 3765 488 καὶ

561 529 679 575 erat
712 520 1015 576 videntibus
1030 522 1504 594 audientthusque.
1536 526 1680 596 quod
1707 535 1849 583 esset
1872 530 1965 599 qui
1985 530 2110 586 talia

565 610 867 666 voluntarie
896 622 1190 682 pateretur,
1243 625 1404 686 atque
1431 617 1485 671 in
1515 616 1617 674 hoc
1646 617 1924 676 Christum
1984 622 2112 677 imi-

563 711 790 756 taretur.

633 794 718 848 l3.
753 792 899 851 Talis
939 805 1229 869 tantusque
1257 813 1379 854 cum
1406 812 1569 866 esset,
1609 819 1675 858 an
1709 813 1826 861 erat
1852 807 2109 876 possibile

559 900 668 941 non
704 888 873 941 amari
927 903 1049 943 eum
1085 899 1246 960 atque
1289 892 1483 963 diligi?
1520 910 1588 949 an
1606 897 1950 964 rationabile,
1981 915 2106 956 eum

558 978 652 1046 qui
703 986 874 1032 totum
909 993 967 1033 se
996 981 1289 1037 tradiderat
1312 984 1655 1050 obedientiw,
1696 988 1866 1042 tilium
1918 991 2108 1047 haberi

559 1065 927 1133 inamabilem,
984 1077 1037 1124 et
1075 1086 1182 1125 non
1215 1087 1336 1127 esse
1390 1077 1775 1132 charissimam
1829 1082 2114 1150 genitori?

560 1159 894 1231 Diligebatur
931 1178 1078 1229 sane,
1111 1164 1190 1219 uti
1233 1166 1434 1221 dictum
1485 1178 1588 1234 est,
1653 1171 1991 1240 plurimum;
2057 1183 2112 1230 et

557 1261 775 1322 propter
822 1257 1035 1312 virtutis
1059 1259 1355 1316 claritatem
1391 1263 1586 1334 ubique
1608 1266 2020 1334 pradicabatur,
2053 1280 2112 1324 ut

555 1346 648 1412 qui
676 1343 822 1401 Patri
849 1363 950 1403 suo
980 1348 1157 1407 factus
1181 1355 1545 1422 essetomnia,
1571 1358 1734 1413 veluti
1757 1359 1948 1417 oculus
1978 1361 2111 1416 dex-

557 1448 638 1490 tra
667 1438 908 1503 intuens,
948 1443 1094 1498 velut
1117 1459 1308 1499 manus
1338 1446 1525 1501 eadem
1585 1464 1840 1518 operans.
1905 1459 1959 1506 et
2014 1468 2108 1522 pes

556 1528 621 1581 ad
655 1528 743 1583 illa
775 1533 1133 1601 progrediens
1165 1551 1179 1599 ;
1225 1544 1481 1605 tanquam
1507 1541 1849 1595 consiliarius
1908 1543 2105 1610 bonus,

556 1616 774 1685 adjutor
798 1622 1078 1689 robustus,
1106 1626 1288 1680 suavis
1321 1629 1501 1684 socius
1526 1647 1540 1696 ;
1575 1630 1926 1688 ﬁdelissimus
1956 1635 2009 1688 in
2039 1636 2107 1691 iis

555 1724 674 1777 qua:
701 1710 1045 1778 domierant,
1093 1727 1145 1769 et
1187 1716 1331 1771 circa
1374 1717 1509 1774 foris
1533 1723 1705 1788 posita
1749 1724 2101 1791 vigilantissi.

557 1815 678 1855 mus
705 1822 716 1856 :
748 1803 838 1870 qui
866 1804 1098 1859 simulet
1125 1805 1374 1876 discipuli
1401 1819 1454 1865 et
1482 1809 1663 1868 fratris
1694 1825 1973 1884 praestaret
2017 1817 2103 1873 ol-

559 1890 697 1955 licia,
733 1893 874 1946 addo
911 1895 1072 1949 etiam
1130 1906 1184 1951 et
1224 1897 1444 1968 Patris;
1495 1909 1790 1974 tantusque
1854 1918 1996 1962 esset
2050 1910 2104 1965 in

556 1993 808 2052 utroque,
851 1992 910 2038 ut
965 1985 1251 2054 siquando,
1305 2002 1522 2061 prOpter
1563 1997 1797 2065 aliquam
1865 2004 2105 2058 necessi-

553 2079 745 2135 tatem,
779 2088 914 2143 opus
940 2086 1084 2130 esset
1113 2092 1336 2148 peregre
1371 2082 1650 2139 Platonem
1690 2103 1870 2157 agere.
1907 2108 2104 2148 maere-

553 2172 635 2217 ret
669 2167 991 2222 venerabilis
1013 2167 1354 2227 Theoctistus
1384 2191 1398 2239 ;
1445 2184 1497 2229 et
1536 2180 1990 2246 quemadmodum
2039 2185 2106 2238 de

552 2268 611 2310 se
633 2255 876 2325 loquitur
897 2257 1191 2329 Apostolus
1230 2263 1272 2327 δ,
1299 2279 1406 2319 non
1440 2267 1661 2321 haberet
1700 2272 1940 2339 requiem
1994 2276 2105 2344 spi-

549 2343 682 2399 ritui
713 2362 814 2402 suo
870 2359 1089 2419 prOpter
1119 2352 1394 2408 dilectum.
1419 2354 1551 2422 Quis
1581 2359 1727 2413 enim
1755 2363 1849 2416 illo
1881 2363 1944 2418 ad
1976 2343 2105 2433 pro-

551 2434 828 2502 spicienda
864 2437 1044 2493 futura
1069 2442 1436 2511 providentior
1457 2447 1482 2499 ?
1509 2448 1632 2517 quis
1679 2451 1746 2504 ad
1809 2467 2100 2511 maerorem

553 2526 859 2584 leniendum
899 2534 1310 2605 curandumque
1331 2541 1828 2598 accommodatior?
1856 2548 1977 2617 quis
2037 2551 2102 2605 ad

550 2615 815 2672 honorem
848 2621 1204 2678 multifariam
1225 2625 1641 2696 impertiendum
1659 2615 1915 2690 solertior
1940 2637 1963 2690 ξ’
1995 2637 2101 2693 Ta-

551 2706 618 2760 lis
683 2708 746 2760 ad
774 2711 1165 2767 conciliandam
1201 2715 1302 2769 sibi
1357 2717 1810 2785 benevolentiam,
1871 2737 1928 2779 ut
1984 2743 2103 2796 qua:

549 2795 726 2852 Patris
751 2809 909 2854 erant
943 2803 1126 2856 omnia
1164 2803 1383 2860 haberet
1411 2808 1464 2860 in
1498 2819 1804 2878 potestate:
1832 2822 1940 2868 tam
1968 2795 2102 2872 inte-

549 2885 653 2939 rim
688 2887 898 2943 alienus
933 2890 1000 2944 ab
1034 2905 1220 2946 amore
1258 2909 1438 2948 rerum
1491 2904 1852 2965 terrenarum,
1897 2911 1952 2956 ut
2003 2919 2102 2960 nec

550 2977 694 3032 oboli
737 2981 898 3035 unius
945 2991 1091 3038 esset
1142 2984 1414 3040 dominus.
1460 2985 1566 3042 Pro
1618 2989 1816 3058 quibus
1861 2995 2007 3063 quod
2053 2997 2101 3050 ei

2211 535 2444 607 Χριστὸν
2481 533 2729 589 ἐντεῦθεν
2764 534 3116 606 μιμούμενος.

2283 797 2374 866 ιγ’.
2391 797 2495 851 Τὸν
2519 791 2612 850 οὖν
2640 791 2882 848 τοιοῦτόν
2909 808 2970 844 τε
2995 789 3089 844 καὶ
3116 787 3434 860 τηλικοῦτον
3471 783 3543 859 ἦν
3563 786 3671 858 ἄρα
3696 786 3774 858 μὴ

2210 888 2523 958 ἀγαπᾶσθαι
2556 886 2649 941 καὶ
2676 883 3036 956 στέργεσθαι;
3067 881 3178 936 Καὶ
3201 881 3316 944 πῶς
3350 881 3415 935 ἂν
3441 879 3554 950 ἔχοι
3590 879 3773 947 λόγον,

2211 981 2331 1035 δλον
2387 979 2576 1034 ἐαυτὸν
2626 978 3008 1049 ἐμπαρέχοντα
3055 974 3146 1026 τὸν
3187 972 3288 1042 τῆς
3337 971 3582 1040 ὑπακοῆς
3631 967 3772 1034 νίδν,

2212 1071 2481 1143 ἀπόθητον
2511 1070 2606 1124 καὶ
2620 1069 2717 1140 οὑχ
2732 1069 3043 1137 όλόστερνον
3058 1062 3197 1120 εῖναι
3219 1063 3296 1134 τῷ
3319 1065 3601 1133 γεννήτορι
3621 1079 3638 1129 ;
3673 1061 3773 1115 Διά

2209 1164 2367 1219 τοῦτο
2400 1164 2494 1218 καὶ
2543 1163 2822 1231 ἀγαπᾶται
2857 1160 3000 1224 λίαν,
3040 1159 3115 1223 ὡς
3145 1159 3383 1228 εῐρηται.
3419 1158 3527 1210 Καὶ
3565 1172 3771 1209 πανταο

2211 1252 2306 1324 χοῦ
2351 1255 2415 1323 τῇ
2469 1252 2576 1320 τῆς.
2615 1250 2815 1320 ἀρετῆς
2861 1247 3122 1318 φανότητι
3166 1245 3648 1316 διατεθρύλληται,
3696 1244 3775 1308 ῶς

2210 1345 2386 1398 πάντα
2426 1343 2504 1414 τῷ
2550 1341 2726 1412 Πατρλ⁸
2778 1340 3080 1410 γινόμενος,
3134 1334 3267 1402 οἷον,
3300 1336 3573 1406 ὀφθαλμὸς
3620 1335 3774 1401 δεξιά

2212 1435 2442 1506 βλέπων,
2473 1435 2596 1505 χεὶρ
2615 1431 2986 1505 ἐργαζομένη,
3021 1429 3154 1508 ποῦς
3187 1427 3440 1499 βαδίζων,
3467 1427 3773 1498 σύμϐουλος

2209 1527 2428 1597 ἀγαθὸς,
2460 1526 2816 1598 παραστάτης
2844 1523 3129 1596 καρτερὸς,
3180 1522 3467 1593 συνόμιλος
3504 1520 3772 1592 γλυκερὸς

2208 1621 2315 1673 τῶν
2344 1619 2487 1672 ἐνδον
2504 1619 2532 1670 6
2554 1618 2895 1681 πιστότατος,
2925 1614 3032 1668 τῶν
3047 1613 3201 1677 ἐκτὸς
3219 1614 3249 1666 6
3267 1612 3769 1682 φυλακτικόνεατος,

2208 1711 2343 1782 ὁμοῦ
2389 1711 2486 1782 μέν
2522 1710 2590 1763 τὰ
2630 1707 2888 1779 μαθητῶν
2915 1707 3050 1778 ὁμοῦ
3094 1706 3152 1759 δέ
3195 1706 3262 1758 τά
3288 1704 3534 1772 ἀδελφῶν
3570 1702 3776 1756 ἐπιδει-

2139 1775 2181 1830 B
2210 1775 2492 1874 κνὺμενος,
2523 1775 2819 1870 προσθείην
2847 1799 2889 1852 δ’
2915 1775 2983 1852 ἂν
3016 1798 3096 1850 ὅτι
3141 1797 3235 1850 καὶ
3271 1796 3339 1848 τὰ
3368 1794 3578 1877 Πατρδς
3610 1811 3776 1864 χαρι-

2213 1895 2457 1965 ζόμενος,
2491 1893 2584 1946 καὶ
2612 1891 2862 1953 coccino;
2894 1889 2968 1943 ὢν
2990 1890 3048 1942 ἐν
3079 1888 3435 1958 ἀμφοτέροις,
3471 1885 3547 1949 ὡς
3589 1886 3644 1938 ετ
3670 1902 3775 1937 που

2211 1985 2352 2039 κατά
2371 2002 2489 2037 τινα
2513 1983 2701 2054 χρείαν
2730 1977 2798 2052 ἦν
2822 1980 3078 2052 ἐκδημεῖν
3100 1979 3191 2033 τὸν
3211 1979 3452 2049 ἀοίδιμον
3488 1977 3772 2037 Πλάτωνα,

2210 2079 2309 2149 ἀδη
2321 2063 2619 2148 μονεϊν’τδν
2642 2073 2972 2144 ἀείμνηστον
2999 2071 3356 2133 Θεόκτιστον,
3385 2069 3478 2122 καὶ
3509 2066 3585 2138 μὴ
3627 2066 3778 2136 ἐχειν

2210 2165 2797 2235 ἄνεσιν,ἀποστολικῶς
2826 2166 3021 2231 είπεῖν,
3040 2163 3116 2233 τῷ
3133 2162 3404 2231 πνεύματι
3426 2159 3511 2212 διὰ
3541 2159 3636 2212 τὸν
3670 2174 3774 2210 πο-

2211 2264 2490 2333 θούμενον.
2545 2260 2642 2324 Τίς
2694 2259 2802 2330 γὰρ
2849 2257 3058 2310 ἐκείνου
3112 2255 3174 2308 τὸ
3222 2254 3415 2324 μέλλον
3464 2250 3778 2322 προδλέψαι

2211 2352 2751 2424 στοχαστικώτερος;
2782 2348 2867 2410 τίς
2898 2348 2955 2402 δὲ
2984 2346 3045 2400 τὸ
3073 2343 3276 2399 λυποῦν
3301 2343 3538 2415 μαλᾶξαί
3581 2359 3641 2394 τε
3678 2341 3776 2394 κα)⁸

2211 2445 2543 2519 θεραπεῦσαι
2610 2443 3077 2514 προσηνέστερος;
3109 2439 3192 2503 τίς
3244 2437 3289 2492 δ’
3334 2438 3466 2491 αὑτὸ
3513 2434 3776 2506 χρειῶδες

2211 2539 2437 2590 είσοῖσαι
2474 2534 2879 2605 εὐμαρέστερος
2904 2549 2921 2599 ;
2951 2531 3032 2594 τίς
3074 2531 3132 2584 δέ
3164 2529 3329 2600 τιμὴν
3357 2526 3559 2597 ἀνάψαι
3589 2543 3774 2578 ποικι-

2207 2628 2474 2698 λώτερος;
2509 2625 2762 2688 Τοιοῦτος
2829 2625 2926 2694 μέν
2983 2622 3119 2694 πρὸς
3171 2621 3386 2675 εὔνοιαν
3432 2619 3654 2689 γνήσιος
3695 2617 3774 2680 ὡς

2209 2723 2424 2776 πάντων
2453 2719 2786 2784 ἐξουσιάζειν
2811 2717 2920 2770 τῶν
2951 2713 3254 2784 πατρικῶν,
3285 2709 3536 2772 τοσοῦτος
3564 2709 3622 2761 δέ
3645 2710 3774 2778 ἀφι-

2207 2813 2415 2878 λόῦλος,
2442 2811 2515 2875 ὼς
2550 2809 2670 2864 οὑδέ
2702 2809 2886 2878 κύριος
2918 2803 3125 2857 ὀϐολοῦ.
3164 2802 3304 2856 ’Δνθ’
3328 2796 3402 2855 ὧν
3422 2799 3472 2852 τί
3489 2799 3548 2852 τὸ
3569 2799 3770 2870 πέρας,

2207 2906 2307 2959 καὶ
2356 2905 2440 2965 τίς
2485 2903 2517 2972 ὴ
2585 2900 2821 2971 ἀμοι6ή;
2869 2896 2934 2949 Ἦ
2983 2893 3230 2966 πατρικὴ
3279 2891 3497 2959 εὐλογία
3557 2890 3654 2942 ἐπὶ
3677 2890 3776 2942 τὸν

2209 2997 2348 3051 κατά
2397 2994 2614 3064 πνεῦμα
2654 2988 2869 3053 Ἰακὼϐ,
2919 2988 2980 3053 ἐξ
3008 2981 3070 3040 οὗ
3121 2986 3473 3057 πατριάρχαι,
3525 2981 3625 3036 εἴτ’
3677 2976 3774 3034 οὖν

549 3072 854 3136 pramium,
885 3086 1008 3141 qua:
1061 3075 1343 3129 retributio
1383 3077 1616 3148 obtigit?
1641 3079 1869 3138 Paterna
1919 3086 2103 3156 utique

2211 3088 2461 3160 ίεράρχαι
2512 3085 2608 3138 καὶ
2638 3081 3018 3152 ποιμνιάρχαι,
3070 3079 3162 3148 ἀφ’
3197 3069 3273 3179 ῶν
3294 3073 3490 3179 *πολλὰ
3521 3073 3591 3124 τὰ
3625 3071 3775 3179 καῖά

550 3157 855 3214 benedictio
892 3176 1061 3230 super
1107 3163 1444 3233 spiritualem
1478 3165 1668 3234 Jacob,
1695 3185 1758 3223 ex
1791 3187 1900 3240 quo
1935 3176 2102 3242 patri-

552 3248 750 3310 archae.
799 3250 906 3303 imo
946 3251 1245 3306 hiet-arcth
1277 3263 1333 3307 et
1372 3258 1798 3325 pmmniarchae;
1831 3271 1884 3314 et
1925 3263 1994 3315 ab
2021 3265 2106 3320 his

550 3335 770 3401 plurimi
823 3337 1125 3391 secundum
1183 3337 1351 3393 Deum
1397 3340 1489 3394 lilii
1546 3344 1999 3416 multiplicantur,
2043 3367 2107 3407 ac

550 3437 716 3492 porro
747 3426 1273 3496 multiplicabuntur,
1295 3429 1368 3484 nil
1406 3431 1617 3498 dubito,
1637 3448 1734 3504 per
1764 3453 1948 3494 semen
1971 3443 2107 3501 adeo

552 3513 918 3573 benedictum.
952 3518 1099 3576 Talis
1128 3521 1359 3592 denique
1392 3521 1493 3576 fuit
1522 3522 1697 3593 Plato,
1722 3542 1885 3586 verus
1919 3536 2106 3605 utique

2207 3155 2345 3230 Θεὸν.
2363 3155 2528 3229 τέκνα
2560 3173 2824 3244 πλήθουσι
2847 3188 2908 3224 τε
2941 3170 3036 3224 καὶ
3083 3164 3568 3237 πληθυνθήσονται,
3595 3160 3658 3215 εὑ
3694 3155 3774 3213 οῖ-

2207 3267 2294 3332 δα,
2335 3265 2428 3319 τοῦ
2483 3261 2849 3334 εὑλογημένου
2899 3260 3225 3329 σπέρματος.
3283 3251 3546 3315 Τοσοῦτος
3593 3253 3622 3303 ὁ
3670 3253 3774 3323 τῆς

2206 3360 2482 3427 ὁσιότητος
2512 3354 2748 3426 ἐραστὴς
2775 3353 2848 3417 ὡς
2881 3349 3118 3422 ἀληθῶς,
3150 3348 3242 3401 καὶ
3265 3343 3508 3399 τοιοῦτον
3529 3341 3686 3444 αὑτῶ
3713 3342 3777 3394 τὸ

2206 3448 2379 3513 τέλος,
2416 3446 2491 3509 ὡς
2539 3448 2597 3499 ἐν
2631 3442 2971 3514 σκιαγραφίᾳ
3014 3438 3389 3512 προσεύχρουν
3445 3438 3774 3506 χαρακτῆρα

2207 3543 2306 3612 τῆς
2335 3538 2598 3607 εὐμούσου
2641 3535 2939 3604 ὑποταγῆς.

553 3615 764 3662 amator
795 3611 1121 3677 sanctitatis,
1160 3622 1216 3666 et
1280 3615 1345 3669 ad
1394 3624 1601 3671 tantum
1647 3619 1996 3688 perfectionis
2052 3634 2276 3699 gradum
2356 3630 2623 3696 ascendit,
2674 3638 2734 3682 ut
2794 3624 3012 3682 nonnisi
3091 3622 3506 3679 adumbratione
3531 3619 3770 3692 quadam

550 3698 853 3766 exprimere
897 3702 1167 3768 potuerim
1221 3703 1592 3760 characterem
1644 3707 1905 3765 absolutae
1943 3713 1995 3766 in
2037 3698 2102 3770 eo
2138 3719 2476 3774 obedientias.

622 3790 709 3844 M.
742 3788 1036 3860 Postquam
1068 3797 1248 3846 autem
1282 3794 1541 3863 magister
1567 3795 1686 3864 ejus
1721 3799 1786 3852 ad
1814 3799 2102 3857 Dominum

550 3883 704 3948 abiit,
756 3884 869 3953 ipse
907 3883 960 3938 in
987 3883 1107 3954 ejus
1166 3885 1356 3939 cellam
1398 3895 1560 3956 atque
1606 3889 1819 3944 vivendi
1881 3893 2102 3947 modum

551 3974 824 4039 transivit,
903 3974 1140 4044 legitime
1202 3975 1484 4046 amplexus
1551 3978 1936 4044 solitudinem;
1995 3997 2102 4036 non

550 4065 1007 4136 quemadmodum
1065 4080 1211 4119 nunc
1261 4068 1449 4132 multi,
1503 4070 1748 4123 eamdem
1805 4072 2104 4140 periculose

551 4157 956 4226 aggredientes;
990 4157 1082 4226 qui
1131 4157 1446 4226 priusquam
1490 4159 1702 4228 spiritui
1731 4176 1949 4216 carnem
1973 4178 2098 4233 per-

551 4245 692 4301 fecte
726 4247 1080 4316 subjecerint,
1101 4246 1300 4302 audent
1323 4261 1418 4317 per
1436 4264 1496 4303 se
1526 4251 1671 4306 solos
1689 4253 1943 4322 congredi
1978 4270 2103 4310 cum

551 4335 835 4404 spiritibus
890 4336 1175 4407 nequitiae;
1209 4347 1337 4393 tunc
1386 4340 1622 4409 primum
1673 4344 1917 4399 exerceri
1972 4346 2103 4401 inci-

550 4429 783 4499 pientes,
823 4445 947 4484 cum
970 4438 1183 4500 tempus
1203 4438 1285 4484 est
1316 4445 1542 4501 pugnae;
1571 4442 1623 4488 et
1645 4435 1956 4505 experiendi
1994 4454 2112 4505 gra-

550 4523 624 4576 tia
669 4533 1058 4592 pmumentes
1121 4523 1368 4579 obtinere
1420 4527 1728 4594 victoriam,
1785 4531 1948 4584 etiam
2000 4531 2110 4586 Deo

2284 3808 2362 3859 ιδ’.
2407 3805 2625 3876 Ἐπειδὴ
2653 3805 2710 3857 δὲ
2735 3804 3100 3876 παραπέμπει
3130 3801 3268 3873 πρὸς
3311 3799 3403 3853 τὸν
3432 3798 3490 3852 ἐν
3519 3798 3777 3870 οὐρανοῖς

2211 3897 2487 3967 Δεσπότην
2534 3897 2626 3951 τὸν
2671 3896 3021 3968 καθηγεμόνα
3047 3935 3066 3959 ,
3091 3893 3414 3963 καθίστησιν
3443 3891 3637 3947 ἐαυτὸν
3693 3893 3778 3956 εἰς

2208 3991 2299 4044 τὸν
2321 3992 2532 4044 ἐκείνου
2575 3992 2737 4044 τόπον
2775 3990 2870 4043 καὶ
2904 3988 3123 4058 τρόπον,
3151 3987 3246 4040 καὶ
3283 3986 3381 4057 τὴν
3415 3985 3647 4056 ἡσυχίαν
3675 3987 3777 4040 ἁσ-

2210 4082 2442 4148 πάζεται
2490 4083 2727 4152 ἐννόμως
2763 4098 2822 4135 τε
2876 4080 2971 4133 καὶ
3023 4077 3344 4149 ἐνθέσμωςο
3376 4077 3435 4130 οὑ
3483 4077 3624 4130 κατὰ
3645 4075 3776 4138 τοὺς

2209 4176 2434 4239 πολλοὺς
2490 4175 2598 4228 τῶν
2643 4175 2737 4227 νῦν
2774 4172 3060 4244 σφαλερῶς
3084 4172 3178 4226 ἐπὶ
3208 4171 3412 4241 ταύτην
3435 4168 3772 4241 ἐρχομένων,

2209 4269 2304 4321 καὶ
2336 4269 2467 4339 πρὶν
2517 4267 2782 4332 ὑποτάξαι
2831 4267 2932 4338 τὴν
2984 4266 3162 4336 σάρκα
3196 4263 3274 4333 τῷ
3300 4261 3596 4332 πνεύματι,
3655 4261 3776 4323 τοίς

2207 4359 2308 4429 τῆς
2350 4359 2611 4430 πονηρίας
2648 4361 2953 4428 πνεύμασιν
2997 4356 3397 4427 μονομαχήσειν
3427 4351 3775 4424 τεθαρρηκός-

2208 4466 2339 4514 των,
2361 4450 2454 4503 καὶ
2473 4453 2529 4503 ἐν
2550 4449 2724 4520 καιρῷ
2746 4449 2844 4520 τῆς
2865 4448 3022 4517 νίκης
3044 4445 3296 4500 παλαίειν
3322 4442 3774 4514 ἐκμελετῶντων,

2211 4541 2368 4593 ὁπότε
2429 4541 2518 4592 καὶ
2544 4543 2737 4610 πεῖραν
2777 4539 2997 4594 οἰόντων
3040 4536 3448 4606 δυστέκμαρτον
3485 4532 3585 4605 τὴν
3612 4533 3776 4604 νίκην

547 4615 791 4684 iuvante,
823 4614 1116 4670 ditlicilem.
1142 4615 1246 4682 Qui
1280 4617 1423 4671 enim
1454 4620 1606 4688 prius
1634 4635 1739 4674 non
1772 4621 1959 4677 didicit
1981 4623 2105 4678 obe-

2215 4632 2311 4684 σὺν
2341 4630 2460 4701 Θεῷ
2493 4629 2824 4701 ποιήσασθαι
2850 4644 2864 4660 ·
2901 4629 2960 4692 ὃς
2989 4628 3096 4699 γὰρ
3134 4628 3200 4681 ἂν
3233 4627 3334 4680 οὑκ
3359 4625 3654 4695 ἐπαιδεύθη
3676 4625 3776 4697 τὴν

549 4706 688 4773 dire,
741 4705 1016 4775 quomodo
1069 4706 1317 4776 subiiciet
1365 4708 1467 4762 sibi
1518 4711 1845 4768 reluctantes
1889 4714 2104 4784 spiritui

549 4797 731 4853 carnis
756 4800 1072 4869 passiOnes?
1100 4799 1166 4854 Et
1190 4800 1282 4868 qui
1315 4816 1422 4854 non
1469 4803 1787 4859 custodierit
1815 4804 2108 4861 intemera~

549 4899 664 4946 tam
695 4891 1117 4956 observantiam,
1153 4893 1427 4963 quomodo
1457 4893 1525 4947 ad
1561 4906 1797 4950 montem
1848 4898 2108 4955 solitariae

547 4983 976 5039 conversationis
993 4984 1289 5039 ascendet?
1309 4983 1561 5055 Nunquid
1585 4987 1791 5042 clarum
1828 5001 1931 5054 est,
1962 4991 2107 5060 quod

548 5072 641 5142 qui
672 5072 823 5127 illum
842 5074 1492 5144 attigeritiutempestive,
1539 5077 1809 5147 lapidibus
1847 5079 2107 5136 obruetur

548 5171 642 5218 aut
673 5165 978 5233 conligetur
993 5165 1214 5235 jaculis,
1234 5175 1289 5221 et
1319 5179 1492 5222 morte
1517 5169 1786 5237 spirituali
1819 5172 2104 5240 morietur,

547 5266 710 5324 prout
731 5272 902 5313 sacra
927 5258 1224 5328 loquuntur
1258 5259 1509 5314 Litteras?
1539 5258 1657 5316 Non
1692 5265 1767 5316 ita
1796 5262 1842 5317 is
1898 5263 1966 5318 de
1997 5280 2107 5334 quo

550 5349 709 5404 nobis
741 5358 824 5404 est
849 5365 1027 5404 sermo
1053 5370 1065 5404 :
1092 5366 1213 5405 nam
1250 5352 1429 5406 verbis
1476 5367 1538 5407 ac
1572 5354 1816 5409 moribus
1845 5355 2104 5412 obedien-

617 5457 642 5491 ⁸
668 5457 710 5514 ll
735 5457 860 5515 Cor.
893 5475 954 5526 ιι,
985 5459 1069 5514 l3.

2215 4720 2493 4790 ὑποταγὴν
2547 4720 2834 4791 πρότερον,
2865 4718 2980 4781 πῶς
3023 4714 3175 4782 οὗτος
3224 4717 3544 4782 ὑποτάξειεν
3580 4715 3649 4769 τὰ
3687 4733 3776 4769 πο-

2210 4813 2374 4885 λέμια
2428 4812 2609 4883 πάθη;
2644 4813 2739 4866 καὶ
2764 4811 2820 4874 ὃς
2850 4809 2982 4864 δ’ἂν
3020 4810 3094 4880 μὴ
3145 4809 3409 4879 ἐφύλαξεν
3459 4807 3634 4880 ἁγνὴν
3673 4806 3774 4879 τὴν

2213 4900 2543 4966 εὐπείθειαν,
2571 4901 2687 4964 πῶς
2713 4892 2869 4964 οὗτος
2894 4899 3259 4971 προοδήσεται
3280 4897 3357 4969 τῷ
3371 4897 3488 4969 ὑρει
3510 4897 3611 4967 τῆς
3639 4900 3774 4970 ἡσυ-

2215 4999 2374 5063 χίας;
2407 4993 2440 5065 ἠ
2486 4993 2728 5063 δηλονότι
2756 4994 2784 5045 6
2825 4992 2977 5064 παρά
3026 4994 3216 5063 καιρὸν
3257 4991 3427 5061 αὐτῆς
3470 4990 3776 5061 ἁψάμενος,

2212 5084 2379 5146 λίθοις
2416 5083 2917 5156 λιθοδοληθήσεται,
2952 5083 2985 5154 ἢ
3018 5083 3183 5154 βολίδι
3222 5081 3774 5153 κατατοξευθήσεται,

2212 5176 2305 5230 καὶ
2361 5177 2737 5248 τελευτήσειεν
2785 5177 2863 5248 τῷ
2913 5177 3054 5231 κατά
3099 5175 3276 5247 ψυχὴν
3323 5174 3558 5244 θανάτῳ,
3591 5173 3776 5238 καθώς

2214 5267 2314 5321 πού
2346 5284 2476 5339 φησι
2522 5269 2582 5322 τὸ
2615 5270 2758 5340 ἱερὸν
2785 5269 3023 5340 Γράμμα
3055 5267 3227 5335 ;’Δλλ’
3253 5266 3549 5339 οὐχοὺτως
3585 5266 3615 5317 6
3645 5265 3777 5334 περὶ

2213 5354 2273 5414 οὗ
2303 5361 2331 5413 ό
2369 5361 2529 5428 λόγος
2554 5378 2567 5392 ’
2595 5361 2738 5432 λόγῳ
2767 5360 2874 5432 γὰρ
2898 5361 2993 5414 καὶ
3023 5358 3211 5430 τρόπῳ
3235 5357 3542 5429 θεαρέστως
3568 5356 3776 5410 ὑποτα-

2094 5561 2105 5610 ι

619 5642 698 5724 (_8)
723 5643 781 5698 td
805 5651 891 5698 est
920 5661 940 5696 ι
982 5642 1324 5701 sacerdotum
1351 5655 1406 5701 et
1426 5655 1706 5716 pastorum
1759 5557 2089 5721 principes?

2208 5559 2277 5615 Ε.

2213 5653 2352 5709 isum
2377 5664 2458 5711 est
2488 5655 2634 5711 enim
2687 5655 2942 5713 clarioris
2978 5649 3345 5724 expressionis
3391 5662 3558 5706 causa
3587 5649 3776 5706 (ἔτεσι

551 5712 710 5768 verba
742 5727 979 5771 servare.
