4018 6304
197 395 299 466 817

863 407 1144 472 ORATIO
1179 411 1284 472 Χῖ.
1313 437 1378 448 -
1411 411 1795 474 LAUDATIO
1847 413 1908 474 S.
1952 412 2328 474 PLATONIS
2365 413 2801 481 HEGUMENI.

3351 419 3458 486 818

198 504 332 572 γεὶς,
361 506 609 577 εὐλόγως
635 508 730 563 καὶ
760 509 1091 583 εύαφόρμως
1120 514 1216 567 ἐπὶ
1235 512 1444 584 ταύτην
1469 515 1774 586 πρόσεισιν,

1892 514 2034 579 tiam,
2063 515 2140 569 uti
2199 515 2309 571 Deo
2364 517 2618 587 placitum
2651 527 2791 587 erat,
2817 529 3104 594 sectatus;
3159 537 3465 598 opportuno

200 599 293 652 καὶ
320 598 413 654 τὸν
443 602 570 655 νοῦν
594 602 920 673 καθαίρεται
950 604 1184 672 ἐγγίζων
1210 605 1350 677 Θεῷ,
1392 608 1488 660 καὶ
1507 608 1627 670 ταῖς
1651 607 1788 676 πρὸς

202 690 363 744 αὑτὸν
393 691 658 764 θεωρίαις
686 693 1040 762 γλυκαίνεται
1096 696 1526 769 μετεωροπυρῶν
1556 697 1634 769 τῷ
1663 698 1739 769 νῷ
1769 714 1784 729 ο

201 783 321 838 ἐπεὶ
363 784 500 856 μηδὲ
541 784 749 839 ἔνεστιν
805 787 1059 859 ἡδύτερόν
1091 806 1144 842 τι
1193 789 1286 843 τοῦ
1337 789 1470 843 Θεὸν
1524 789 1669 861 ἔχειν
1731 792 1789 844 ἐν

203 875 422 948 θεωρίᾳ,
453 877 514 940 ὃς
543 879 661 930 ἐστι
694 877 1009 950 γλυκασμὸς
1052 882 1147 934 καὶ
1173 882 1296 945 ὅλος
1345 881 1617 951 ἐπιθυμία
1671 885 1787 946 τοῖς

202 967 521 1036 γευομένοις
551 969 715 1022 αὑτοῦ
748 969 850 1038 τῆς
891 972 1190 1040 ἀκορέστου
1221 971 1465 1044 ἀγάπης,
1500 974 1577 1037 ὡς
1613 975 1786 1046 λήθην

201 1058 502 1130 λαμϐάνειν
549 1061 643 1114 καὶ
690 1061 860 1132 αὐτῆς
897 1065 1080 1134 σχεδὸν
1101 1064 1202 1135 ’τῆς
1227 1065 1530 1136 ὁρεκτικῆς
1553 1066 1780 1137 τροφῆς.

212 1150 324 1219 Ἐφ’
354 1151 538 1223 ἑαυτῷ
563 1153 664 1221 μὲν
690 1151 781 1208 οὗν
809 1153 983 1209 ταῦτα
1004 1157 1099 1209 καὶ
1126 1156 1416 1226 ἐφέλκεται
1446 1157 1540 1210 καὶ
1565 1156 1784 1226 πορίζε-

200 1259 308 1307 ται,
352 1246 452 1317 καὶ.
501 1245 787 1318 δυνάμεως
809 1249 905 1312 ἐἰς
958 1248 1188 1320 δύναμιν
1239 1248 1660 1320 μετερχόμενος,
1691 1248 1786 1303 καὶ

201 1337 498 1401 ἀναϐάσεις
539 1340 751 1410 ἀρετῶν
786 1344 844 1394 ἐν
869 1342 1069 1414 καρδίᾳ
1097 1340 1498 1412 διατιθέμενος.

837 1543 1096 1596 ΚΕΦΑΛ.
1140 1542 1217 1595 Γ’.

1888 606 2272 677 anspicatoque
2304 610 2622 680 aggreditur
2637 611 3023 683 solitudinem;
3053 625 3108 671 et
3125 629 3360 675 mentem
3379 631 3464 676 at-

1889 695 2088 760 tolens,
2121 697 2526 767 appropinquat
2551 697 2662 756 Deo
2689 717 2704 766 ;
2729 705 3284 774 contemplationibus
3316 710 3461 767 circa

1889 801 2013 841 cum
2048 787 2394 843 versantibus
2429 789 2755 858 oblectatur,
2789 793 2974 849 animo
3002 798 3220 852 excelsa
3240 814 3460 869 peram-

1889 876 2082 934 bulans
2114 879 2290 934 :nihil
2347 881 2492 935 enim
2534 882 2908 940 delectabilius
2948 895 3032 942 est
3071 904 3237 958 quam
3289 890 3461 947 Deum

1888 968 2181 1037 speculari,
2226 969 2320 1039 qui
2362 979 2510 1025 totus
2544 982 2628 1028 est
2657 975 2951 1030 oblectatio
2989 985 3042 1033 et
3081 979 3332 1049 voluptas
3361 997 3462 1036 eo-

1891 1074 2034 1123 rum,
2076 1060 2170 1129 qui
2201 1060 2380 1131 ipsum
2421 1061 2711 1133 degustant
2768 1081 2958 1123 amore
3025 1067 3341 1137 insatiabili,
3386 1073 3461 1128 ita

1890 1159 1949 1206 ut
1975 1166 2111 1221 pene
2135 1153 2190 1207 in
2219 1153 2549 1210 oblivionem
2577 1157 2797 1213 veniant
2819 1159 2992 1229 ipsius
3015 1162 3121 1217 cibi
3147 1166 3459 1233 appetendi.

1889 1242 2080 1313 Itaque
2103 1245 2206 1300 sibi
2235 1245 2338 1315 ipsi
2375 1247 2429 1301 in
2462 1247 2711 1303 futurum
2752 1251 2834 1306 sic
2868 1256 3152 1324 prospexit
3183 1255 3356 1321 Plato,
3392 1272 3459 1311 ex

1892 1335 2090 1391 virtute
2141 1338 2414 1394 transiens
2470 1338 2523 1393 in
2560 1340 2838 1402 virtutem.
2864 1352 2919 1398 et
2973 1346 3330 1402 ascensiones
3361 1364 3462 1403 suo

1889 1423 1945 1480 in
1967 1427 2131 1482 corde
2152 1428 2477 1498 disponens.

2504 1540 2737 1597 CAPUT
2769 1544 2860 1599 ΙΙΙ.

756 1635 814 1690 S.
850 1635 1005 1689 Plato
1027 1635 1319 1704 pra/icitur
1343 1633 1660 1687 monasterio
1696 1631 2089 1703 Symbolorum,
2130 1633 2366 1685 excurrit
2393 1631 2929 1705 Constantinopolim.

271 1729 355 1786 ιε’.
398 1728 622 1800 Ἐπειδὴ
654 1729 710 1782 δὲ
731 1729 832 1783 ούκ
851 1730 1012 1802 ἤρκει
1035 1730 1095 1782 τὸ
1112 1728 1444 1782 καθ’ἐαυτὸν
1474 1730 1636 1798 μόνον
1664 1744 1786 1781 axo-

1963 1725 2051 1778 15.
2083 1723 2353 1790 Quoniam
2390 1741 2520 1780 vero
2555 1742 2899 1797 nequaquam
2952 1728 3153 1786 sufﬁcit
3182 1747 3279 1787 sua
3319 1733 3462 1790 dun-

205 1823 346 1884 πεῖν,
373 1819 650 1890 ζητούσης
672 1819 770 1890 τῆς
795 1819 1035 1888 ἀγάπης,
1070 1822 1164 1872 καὶ
1197 1819 1258 1872 τὸ
1285 1819 1393 1872 τῶν
1434 1818 1609 1872 ἄλλων
1643 1834 1782 1886 συμ-

204 1913 370 1985 φέρον
401 1929 414 1942 ·
444 1911 687 1965 τέθειται
715 1911 846 1980 γοῦν
888 1913 984 1964 καὶ
1022 1913 1081 1964 ἐν
1114 1911 1264 1975 τάξει
1306 1912 1543 1983 Πατρδς,
1579 1910 1783 1980 μᾶλλον

201 2007 256 2059 δὲ
312 2007 602 2077 φωστῆρος
635 2005 791 2074 δίκην
821 2007 886 2076 τῇ
942 2005 1381 2076 μνημονευθείσῃ
1436 2005 1780 2075 ἀδελφότητι,

204 2098 347 2151 κατὰ
385 2097 642 2167 διαδοχὴν
698 2095 792 2148 τοῦ
836 2097 1136 2167 μακαρίτου
1187 2098 1532 2164 Θεοκτίστου,
1583 2099 1785 2172 ἐχούσῃ

199 2183 337 2242 ’ἴδιον
376 2189 470 2242 τὸν
515 2187 893 2259 καθηγεμόνα,
916 2189 982 2259 ἣν
1005 2191 1101 2243 καὶ
1137 2192 1440 2264 ἀμφότεροι
1482 2211 1782 2263 πνευματιο

204 2279 318 2342 κῶς
345 2295 404 2331 τε
446 2277 542 2331 καὶ
602 2276 928 2347 σωματικῶς
959 2278 1042 2331 ὅτι
1087 2279 1321 2350 μάλιστα
1364 2284 1445 2345 εἰς
1468 2282 1529 2334 τὸ
1555 2278 1694 2335 εἶναί
1721 2300 1781 2335 τε

206 2371 302 2423 καὶ
326 2367 696 2438 ὀνομάζεσθαι
730 2368 899 2440 μονὴν
927 2371 1302 2443 εὐαγεστάτην
1332 2375 1668 2445 προήγαγον.
1701 2377 1784 2428 Γί-

206 2477 360 2514 νεται
393 2460 449 2513 δὲ
481 2460 575 2512 καὶ
600 2459 744 2512 δυοῖν
773 2462 1044 2532 φοιτητῶν
1067 2464 1385 2534 καθηγητὴς
1435 2465 1781 2534 ἰδιοτρόπως,

206 2552 297 2620 ὑφ’
324 2547 402 2606 ὧν
430 2550 842 2620 ἐξυπηρετεῖτο,
880 2554 976 2606 καὶ
1010 2551 1103 2616 οὓς
1139 2550 1251 2623 εἶχε
1306 2556 1635 2619 συνεστίους,
1669 2557 1782 2609 ἀλλ’

204 2645 325 2715 οὐχὶ
359 2644 672 2710 συσσίτους,
702 2639 778 2698 ὧν
804 2646 832 2698 ό
870 2639 951 2706 εἷς
987 2645 1066 2699 ἔτι
1095 2647 1341 2716 περίεστι
1379 2646 1622 2718 τοῦνομα
1663 2652 1783 2702 Ἀν-

205 2737 471 2802 τὼνιος,ὁ
531 2735 653 2806 μεθ’
691 2737 846 2808 ἡμῶν
893 2739 987 2791 καὶ
1037 2741 1134 2792 σὺν
1187 2741 1319 2809 ἡμῖν
1368 2741 1531 2810 μέχρι
1578 2743 1785 2811 γήρους

205 2829 648 2900 ὑποταττόμενος
676 2847 688 2861 ·
726 2831 886 2895 αὐτὸς
926 2833 1059 2902 ἡμῖν
1104 2831 1388 2900 ύφηγητὴς
1427 2833 1512 2901 εἰη
1549 2833 1784 2888 ἐνταῦθα

203 2921 312 2974 τῶν
333 2921 1032 2992 ἐπιζητουμένων.Ἀρτος,
1056 2924 1207 2992 φασὶ,
1224 2923 1300 2992 τῷ
1329 2925 1505 2995 Πατρὶ
1523 2924 1616 2979 καὶ
1647 2925 1786 2978 κύα-

208 3031 308 3083 μος
331 3011 474 3084 πρὸς
525 3014 778 3084 λαχάνοις
795 3015 888 3068 καὶ
910 3014 1235 3085 ἀκροδρύοις
1260 3016 1355 3086 (ε),
1378 3017 1409 3086 ὴ
1429 3017 1550 3070 καθ’
1569 3018 1783 3089 ἡμέραν

203 3106 571 3170 εύανθίζουσα
616 3106 864 3168 άνέλαιος
900 3105 1190 3178 διατροφὴ,
1235 3106 1375 3178 πλὴν
1399 3109 1690 3180 Κυριακῆς
1719 3126 1781 3161 τε

207 3197 298 3249 καὶ
355 3197 579 3268 ἑορτῆς,
641 3197 765 3252 καθ’
794 3197 859 3261 ἃς
903 3198 1086 3252 εἰώθει
1120 3200 1496 3271 ὁμοτράπεζος
1535 3197 1675 3255 εἶναι
1719 3206 1784 3273 τῇ

207 3290 360 3359 κοινῇ
399 3288 752 3357 ἀδελφότητι.
796 3289 985 3354 Ποτὸν,
1014 3289 1042 3341 ὃ
1075 3288 1330 3359 βλύςουσι
1374 3291 1592 3361 κρῆναι,
1621 3292 1714 3344 καὶ
1743 3285 1787 3361 ᾧ

208 3381 512 3447 συνάγεται
548 3378 694 3442 νοῦς,
745 3379 805 3431 οὐ
851 3379 1107 3449 χεόμενος
1145 3380 1485 3449 οἰνοφλυγίας
1533 3382 1786 3452 ῥεύματι,

202 3471 310 3525 οὐδ’
371 3469 510 3524 αὐτὸ
557 3470 853 3540 ἡμερήσιον
875 3470 980 3534 ἀεὶ,
1009 3469 1148 3524 ἀλλὰ
1179 3469 1253 3539 πῆ
1282 3470 1382 3540 μὲν
1414 3471 1780 3543 ὑπερημερή-

209 3578 340 3624 σιον,
367 3563 452 3630 πῆ
480 3559 538 3612 δὲ
575 3559 968 3629 δυσσευόμενον
993 3562 1060 3631 τῇ
1096 3560 1370 3632 ἐόδομάδι,
1401 3564 1433 3631 ἦ
1469 3563 1564 3615 καὶ
1592 3562 1789 3617 δεκατ-

205 3655 415 3724 ήμερον
468 3652 880 3722 λαμϐανόμενον
931 3652 1030 3722 τῆς
1077 3651 1484 3721 βραδυποσίας,
1523 3654 1589 3706 ἵν’
1618 3654 1790 3719 οὓτως

204 3746 346 3798 εἴπω
377 3743 480 3797 καὶ
523 3742 779 3805 άποσίας,
831 3742 969 3810 μετὰ
1013 3743 1112 3812 τῆς
1162 3744 1466 3815 ἐγκρατοῦς
1524 3745 1786 3812 ἐφέσεως,

206 3838 300 3890 καὶ
346 3837 414 3889 ἐκ
473 3833 713 3904 φυσικῆς
747 3834 1019 3902 κράσεως,
1052 3840 1132 3898 εἰς
1169 3835 1282 3902 ἕξιν
1331 3835 1482 3907 αὐτῷ
1516 3835 1764 3890 καθεστὼ

207 3943 330 3996 σης.

275 4115 372 4172 ις’.
405 4105 610 4175 Ἐσθὴς
645 4104 870 4175 εὐτελὴς
899 4105 992 4158 καὶ
1028 4104 1501 4176 βραχύτιμος,καὶ
1533 4106 1668 4177 πρὸς
1694 4105 1791 4175 p.6-

203 4216 300 4268 νην
331 4198 536 4270 θάλψιν
568 4198 940 4266 πεποιημένη,
978 4197 1093 4250 ἀλλ’
1121 4199 1242 4267 ούχί
1288 4200 1503 4262 λεπτοῖς
1529 4199 1789 4270 ὑφάσμα-

205 4309 287 4345 σιν
320 4289 798 4359 ἐπιτετηδευμένη
822 4328 836 4352 ,
871 4290 992 4343 οὐδὲ
1040 4291 1296 4359 βαφικαῖς
1330 4294 1542 4362 χροιαῖς
1577 4290 1790 4361 ἐξηνθι-

205 4385 399 4453 σμένη,
438 4384 508 4456 ἣν
536 4383 585 4434 οἰ
625 4380 1029 4444 καλλωπισταὶ,
1055 4381 1170 4434 ἀλλ’
1193 4381 1255 4434 ού
1298 4383 1563 4451 μονασταὶ
1615 4383 1788 4454 θηρᾷν
1822 4417 1864 4471 D

205 4477 471 4543 ἐφίενται.
505 4473 793 4545 Προσευχὴ
822 4475 915 4526 καὶ
946 4475 1249 4543 ἀνάγνωσις
1284 4475 1560 4541 ἐπίπονος,
1599 4476 1790 4546 ἀφορι-

207 4567 412 4638 ζομένη
443 4564 596 4620 κατὰ
624 4563 836 4635 καιρὸν,
868 4564 962 4616 καὶ
992 4567 1070 4626 εἰς
1096 4564 1302 4634 τροφὴν
1334 4564 1483 4635 αὐτῷ
1511 4567 1632 4619 ἀντὶ
1657 4584 1791 4637 τρυ-

206 4662 307 4730 φῆς
342 4656 793 4732 καρυκευομένη.
817 4655 1178 4709 Γονυκλισιῶν
1199 4659 1491 4727 πυκνότης,
1525 4659 1792 4727 πατροθεν

202 4750 483 4822 ἠργμένη,
511 4746 574 4811 ἐξ
600 4741 670 4818 ἦς
699 4745 847 4799 τύλοι
872 4743 1068 4814 χειρῶν
1092 4762 1149 4797 τε
1179 4747 1272 4797 καὶ
1307 4745 1408 4815 γῆς
1436 4747 1522 4814 ἐφ’
1546 4742 1614 4819 ἧς
1667 4746 1788 4799 ὲὸε.

204 4844 384 4915 δήκει,
432 4841 604 4913 μέχρι
631 4837 726 4890 τοῦ
760 4837 920 4907 δεῦρο
964 4836 1062 4908 τῆν
1101 4837 1303 4908 ἀρετὴν
1355 4839 1787 4906 στηλιτεύοντες.

203 4935 475 5008 Στρωμνὴ
511 4932 614 5002 οὐχ
642 4929 824 5000 ἁπαλή
851 4947 910 4982 τε
937 4929 1030 4983 καὶ
1049 4929 1398 5000 διαρρέουσα,
1425 4929 1654 5000 ἀλλ’δση
1691 4929 1788 4983 καὶ

205 5025 541 5091 ὑπωπιάζειν
586 5022 650 5075 τὸ
712 5021 870 5092 σῶμα
921 5020 1217 5091 δυναμένη,
1279 5022 1370 5074 καὶ
1420 5021 1791 5074 ἀταπείνωτον

204 5120 334 5171 αὐτὸ
368 5117 514 5189 πρὸς
559 5114 662 5178 τὰς
706 5115 1083 5182 πνευματικὰς
1124 5112 1470 5182 λειτουργίας
1495 5113 1791 5183 διαφυλάτ-

203 5227 314 5263 τειν
353 5209 648 5281 ἰσχύουσα.
681 5206 900 5279 Χειρῶν
934 5206 1165 5278 ἐργασία
1207 5207 1295 5259 διὰ
1334 5207 1571 5275 σπουδῆς
1592 5219 1608 5234 ⁸
1635 5205 1793 5259 τοῦτο

205 5305 311 5375 γὰρ
342 5305 455 5357 τῶν
489 5301 708 5355 ἐκείνου
739 5300 1180 5372 κατορθωμάτων
1207 5301 1357 5370 παρὰ
1377 5301 1502 5363 τοὺς
1532 5300 1789 5363 πολλοὺς,

208 5395 294 5449 ἵνα
338 5396 414 5468 μὴ
445 5395 601 5461 λέγω
645 5393 774 5455 τοὺς
805 5392 1032 5455 πάντας,
1058 5391 1118 5444 τὸ
1147 5391 1438 5461 ἐπίσημον,
1470 5391 1502 5460 ἢ
1546 5391 1782 5462 μᾶλλον.

207 5489 541 5560 οἰκειότερον
565 5486 764 5553 εἰπεῖν,
791 5483 975 5554 σὺντῷ
1003 5483 1132 5554 ἰερῷ
1154 5483 1460 5554 ’Δποστὸλῳ
1500 5484 1665 5552 φάναι
1696 5483 1790 5553 (f),

1891 1825 2040 1870 taxat
2067 1831 2279 1880 curare,
2306 1817 2398 1871 sed
2423 1827 2477 1871 et
2503 1818 2626 1874 aliis
2657 1819 2806 1874 utilia
2831 1821 3028 1889 quaarit
3050 1822 3288 1890 perfecta
3321 1826 3458 1881 cha-

1889 1908 2044 1971 ritas,
2077 1906 2366 1962 ordinatus
2398 1906 2559 1962 Pater
2598 1925 2692 1965 seu
2740 1910 2920 1980 potius
2957 1910 3293 1968 illuminalor
3323 1932 3463 1986 prae-

1889 2007 2203 2050 memoratae
2247 1996 2624 2065 fraternitatis,
2652 2001 2930 2070 proprium
2965 2003 3163 2059 habere
3199 2005 3460 2074 liegume-

1891 2103 2020 2142 num
2051 2089 2246 2152 solitae,
2282 2089 2439 2144 beato
2483 2089 2802 2148 Tlieoctisto
2847 2095 3088 2151 succedit
3121 2097 3174 2150 in
3202 2097 3322 2167 ejus
3354 2099 3457 2154 loci

1890 2178 2176 2247 regimine,
2236 2194 2400 2248 quem
2462 2183 2624 2236 ambo
2683 2184 2736 2237 in
2786 2185 3164 2254 spiritualibus
3214 2203 3367 2258 aeque
3397 2205 3461 2243 ac

1890 2271 2283 2339 temporalibus
2311 2285 2696 2340 promoverant
2737 2277 2997 2345 maxime,
3034 2278 3170 2334 adeo
3215 2290 3273 2335 ut
3313 2294 3455 2338 esset

1890 2378 1953 2419 ac
1981 2364 2250 2419 diceretur
2273 2368 2662 2422 monasterium
2687 2370 2890 2439 optime
2908 2373 3286 2428 constitutum.
3309 2374 3457 2430 Duo-

1889 2455 1990 2512 bus
2020 2465 2198 2510 tamen
2227 2457 2496 2526 praecipue
2541 2473 2660 2514 sese
2687 2462 2913 2530 praebuit
2947 2463 3140 2520 ducem
3189 2467 3312 2521 vitae
3343 2467 3457 2537 ενι-

1891 2546 2126 2607 ritualis,
2143 2561 2172 2600 a
2192 2547 2390 2616 quibus
2407 2548 2454 2602 ei
2478 2549 2909 2620 ministrabatur,
2925 2569 3177 2626 quosque
3202 2557 3457 2623 habebat,

1891 2652 2002 2692 non
2070 2651 2492 2706 comessatores,
2580 2641 2674 2695 sed
2739 2644 3018 2701 convivas.
3060 2644 3268 2701 Horum
3317 2664 3459 2702 unus

1892 2727 2072 2782 adhuc
2121 2741 2371 2800 superest
2410 2731 2683 2788 Antonius
2744 2736 2984 2801 nomine,
3038 2737 3129 2807 qui
3173 2739 3459 2794 nobiscum

1893 2834 2064 2889 usque
2116 2821 2181 2875 ad
2229 2823 2440 2877 senium
2473 2825 2576 2878 sub
2619 2825 2926 2881 obedientia
2962 2827 3132 2894 vivit;
3167 2830 3279 2900 ipse
3303 2831 3464 2887 nobis

1893 2919 2170 2980 suggerat,
2199 2926 2320 2980 quae
2361 2912 2450 2966 hic
2504 2912 2905 2970 desiderantur.
2952 2916 3338 2985 Quotidianus,
3375 2921 3461 2974 in-

1891 3003 2030 3071 quit,
2061 3003 2216 3059 cibus
2267 3002 2415 3059 Patri
2468 3013 2586 3060 erat
2613 3009 2792 3076 panis,
2819 3025 2943 3064 cum
2984 3010 3107 3065 faba
3140 3021 3193 3066 et
3221 3012 3462 3067 oleribus

1891 3105 2054 3162 atque
2093 3094 2351 3148 arborum
2387 3094 2679 3161 fructibus,
2701 3100 2908 3170 absque
2936 3102 3076 3169 oleo,
3106 3113 3461 3173 pratici-quam

1893 3184 2194 3240 Dominicis
2230 3185 2549 3256 festivisque
2600 3191 2813 3259 diebus,
2861 3192 3058 3262 quibus
3105 3207 3466 3249 consueverat

1890 3278 2168 3331 communi
2217 3293 2340 3331 cum
2395 3278 2655 3336 fratribus
2729 3298 2916 3339 mensa
2966 3285 3066 3338 uti.
3118 3285 3288 3341 Potus
3346 3297 3466 3341 erat

1891 3384 2054 3437 quem
2092 3368 2274 3424 fontes
2305 3378 2587 3439 praestant,
2620 3380 2675 3425 et
2707 3388 2816 3442 quo
2857 3389 3012 3430 mens
3047 3376 3340 3447 colligitur,
3373 3394 3464 3432 ne-

1889 3476 2162 3531 quaquam
2195 3464 2413 3531 capiens
2439 3461 2646 3517 fluxum
2683 3465 2991 3520 vinolentia;
3013 3475 3101 3533 ;et
3131 3468 3218 3523 hic
3236 3467 3461 3538 quidem

1891 3569 1998 3608 non
2033 3569 2249 3623 semper
2278 3556 2652 3625 quotidianus,
2675 3557 2771 3612 sed
2793 3560 3118 3631 quandoque
3141 3563 3283 3617 ultra
3316 3564 3463 3618 diem

1891 3646 2116 3711 dilatus,
2147 3656 2239 3701 aut
2279 3646 2362 3702 bis
2395 3649 2448 3702 in
2490 3648 2828 3705 hebdomade
2886 3662 3160 3722 sumptus.
3206 3655 3465 3720 Quando-

1890 3752 1995 3806 que
2022 3737 2185 3791 ctiam
2215 3738 2428 3793 decimo
2458 3739 2722 3796 duntaxat
2772 3744 2879 3808 die,
2905 3744 3099 3814 exigua
3127 3746 3216 3800 illa
3244 3763 3338 3802 seu
3370 3765 3466 3818 po-

1893 3829 2000 3882 tius
2032 3829 2175 3880 nulla
2206 3829 2460 3883 utebatur
2486 3830 2900 3899 refocillatione,
2938 3847 3159 3905 propter
3188 3853 3459 3894 summam

1892 3920 2215 3989 appetentia:
2252 3921 2669 3989 continentiam,
2707 3938 2827 3993 qua:
2856 3924 2934 3978 illi
2978 3927 3381 3996 quodammodo
3409 3930 3462 3984 in

1895 4021 2148 4066 naturam
2177 4013 2490 4068 transierat.

1965 4104 2052 4158 16.
2083 4103 2258 4158 Vestis
2293 4113 2346 4158 et
2375 4114 2551 4168 curta,
2583 4107 2649 4161 ad
2680 4106 2857 4162 solum
2891 4109 3127 4164 calorem
3167 4110 3328 4180 facta,
3358 4129 3466 4169 non

1892 4199 2071 4244 autem
2121 4190 2415 4248 subtilibus
2471 4193 2762 4250 illamentis
2788 4204 3038 4252 contexta
3083 4206 3178 4253 aut
3221 4201 3465 4256 colorum

1893 4283 2141 4337 tincturis
2170 4282 2382 4347 florida,
2426 4285 2640 4354 qualem
2683 4288 2868 4343 videre
2918 4299 3103 4344 amant
3133 4306 3238 4345 non
3280 4307 3470 4347 mona-

1894 4374 2112 4438 chi,sed
2144 4375 2535 4444 elegantiarum
2576 4377 2832 4433 studiosi.
2855 4378 3046 4435 Oratio
3080 4393 3132 4436 et
3156 4382 3318 4437 lectio
3347 4383 3469 4452 ejus

1896 4467 2167 4522 laboriosa
2201 4478 2337 4532 erat,
2370 4478 2422 4522 ct
2451 4471 2605 4524 statis
2647 4472 2986 4541 temporibus
3010 4472 3251 4539 definita,
3283 4475 3465 4529 cibum

1896 4576 2114 4631 quoque
2141 4559 2261 4629 ejus
2292 4560 2610 4616 deliciarum
2643 4564 2763 4619 loco
2787 4565 3094 4619 condiebat.
3142 4564 3468 4635 Frequentia

1893 4652 2350 4722 genutlexionum,
2383 4668 2412 4706 a
2456 4653 2706 4710 Patribus
2775 4655 3009 4721 tradita,
3053 4665 3200 4711 tanta
3250 4668 3371 4712 erat
3407 4668 3470 4713 ut

1899 4744 2156 4799 manibus
2193 4745 2405 4814 ipsique
2443 4745 2496 4799 in
2529 4761 2636 4816 qua
2667 4746 2873 4802 flebant
2897 4758 3054 4803 terrai
3092 4749 3265 4805 callos
3313 4750 3472 4804 indu-

1899 4845 2102 4901 cerent,
2134 4836 2186 4889 in
2219 4847 2635 4893 monumentum
2671 4839 2890 4895 virtutis
2918 4840 3062 4909 ejus.
3097 4839 3338 4896 Stratum
3372 4858 3472 4896 nec

1901 4927 2064 4982 molle
2113 4937 2251 4992 erat,
2305 4943 2407 4982 nec
2464 4929 2606 4984 lecto
2653 4929 3035 4986 circumﬂuum
3074 4949 3087 4986 :
3127 4932 3219 4987 sed
3255 4948 3365 5003 quo
3394 4932 3474 4987 af-

1898 5020 2006 5090 fligi
2034 5035 2254 5090 corpus,
2279 5030 2331 5075 et
2367 5023 2433 5094 ad
2482 5021 2786 5090 spiritualia
2815 5023 2987 5079 ofﬁcia
3040 5022 3257 5078 ﬁrmum
3291 5034 3475 5094 posset

1899 5111 2128 5168 servari.
2185 5111 2444 5166 Manuum
2467 5115 2713 5182 operatio
2736 5117 3002 5186 diligens:
3037 5116 3146 5171 hoc
3202 5118 3349 5171 enim
3409 5133 3474 5171 ex

1901 5205 2174 5276 przeclaris
2235 5205 2379 5259 illius
2418 5205 2636 5261 dotibus
2674 5222 2841 5261 unum
2881 5223 2992 5277 prae
3032 5209 3241 5274 multis,
3278 5217 3337 5263 ut
3366 5225 3474 5264 nou

1898 5299 2076 5353 dicam
2114 5297 2389 5360 omnibus,
2434 5297 2612 5367 ipsum
2644 5297 2878 5355 faciebat
2929 5301 3365 5366 lllustrem;aut
3419 5312 3478 5356 ut

1898 5389 2071 5459 magis
2095 5388 2312 5458 pr0prie
2349 5388 2558 5456 loquar,
2609 5390 2873 5460 Apostolo
2924 5391 3183 5458 similem,
3224 5391 3368 5462 quod
3397 5394 3480 5448 di-

1897 5497 2022 5536 cere
2084 5489 2305 5550 posset:
2358 5479 2440 5532 Αιι
2489 5496 2552 5535 ea
2605 5497 2722 5551 qum
2782 5483 2910 5536 mihi
2955 5499 3085 5551 opus
3125 5491 3358 5537 erantet
3395 5483 3476 5538 his

1729 5594 1964 5652 ΝΟΤᾸΞ.

282 5717 351 5786 (ε)
393 5714 716 5793 ’Λκρόδρυα
743 5729 976 5793 summas
1003 5711 1190 5766 herbas
1224 5710 1609 5793 interpretatur
1655 5709 1787 5793 Sirle

1922 5709 2064 5793 :_s_ed
2099 5708 2228 5779 quia
2259 5707 2440 5778 δρύον,
2468 5711 2636 5766 altera
2682 5711 2972 5782 compositi
3002 5727 3150 5783 pars,
3196 5712 3472 5782 signiﬁcat

217 5780 884 5860 na'nnsmialui'arbornm
919 5783 1157 5860 fructus,_
1179 5794 1234 5837 et
1261 5783 1481 5860 quidem
1508 5782 1804 5860 silvestres,
1835 5780 2154 5860 intelligere.
2313 5856 2323 5860 _
2768 5852 2779 5860 _
2811 5780 2824 5782 “
2860 5851 2869 5860 Ι
2944 5852 2952 5858 _

297 5859 362 5926 α’)
398 5854 754 5926 Ecgraplnnn
789 5862 1033 5910 nostrum
1060 5853 1246 5922 φαίην·
1282 5850 1394 5907 sed
1421 5867 1614 5906 sensus
1638 5850 1850 5908 videtur
1880 5850 2206 5907 infinitivum
2241 5856 2473 5921 exigere,
2505 5868 2664 5921 quem
2699 5851 2977 5907 substitni.
