4018 6304
566 356 674 427 819

1767 365 1826 426 S.
1876 366 1972 425 ΤΗ
1986 364 2262 424 EODORI
2291 362 2633 425 STUDlT/P.

3711 344 3809 410 820

566 470 657 538 qui
708 478 908 522 mecum
951 478 1091 532 sunt,
1125 470 1553 525 ministrarerunt
1601 487 1787 526 manus
1851 474 1967 526 ista:
2000 489 2018 526 :
2050 489 2140 527 ne-

2260 473 2477 544 Ξχοντος,
2511 472 2643 539 Ταῖς
2663 473 2886 540 χρείαις
2916 487 3032 539 μου
3057 468 3155 524 καὶ
3188 466 3308 533 τοῖς
3335 462 3477 521 οὖσι
3502 461 3647 531 ἔμεγ’
3670 462 3803 531 ἐμοί

565 575 663 628 que
709 561 875 630 gratis
898 578 1083 630 partem
1115 564 1315 617 comedi
1338 564 1379 616 '.
1442 562 1573 629 Quae
1603 564 1749 619 enim
1799 580 1992 620 manus
2029 565 2141 619 cle-

569 651 809 719 gantius,
843 667 1006 721 quam
1036 652 1184 707 illius
1225 652 1469 715 dextera,
1527 653 1833 707 litterarum
1876 653 2145 707 formabat

574 742 829 795 tractus?
857 750 950 795 aut
978 744 1103 811 quis
1131 742 1404 797 scribebat
1445 742 1767 809 studiosius,
1810 759 1932 798 eum
1971 744 2143 813 ipsius

572 832 826 887 alacritas
883 834 1263 902 qualecunque
1310 849 1448 904 opus
1510 834 1781 890 ferventer
1828 836 2145 905 aggredere-

574 922 858 989 turIQuis
888 935 1067 978 autem
1113 940 1434 980 enumerare
1471 925 1648 980 valeat
1687 940 1782 981 eos
1819 926 1871 979 in
1912 942 2139 995 quorum

573 1014 825 1069 manibus
846 1027 972 1070 sunt
1006 1016 1076 1070 ab
1111 1017 1228 1085 ipso
1268 1017 1458 1086 scripti
1491 1017 1653 1071 libelli
1688 1026 1741 1071 et
1770 1018 2055 1086 Opuscula,
2078 1034 2140 1071 ex

572 1106 801 1162 diversis
825 1108 1027 1164 divinis
1062 1106 1313 1163 Pati-ibus
1362 1109 1589 1164 collecta
1633 1118 1688 1163 et
1742 1110 1969 1163 multam
2027 1110 2146 1165 aﬂ'e-

577 1199 753 1253 rentia
808 1199 1323 1256 utilitatem?Unde
1371 1218 1505 1257 vero
1559 1202 1907 1257 monasteriis
1949 1202 2148 1256 nostris

575 1290 681 1344 ista
718 1290 983 1345 librorum
1017 1292 1213 1360 copia?
1240 1293 1491 1361 nunquid
1533 1294 1602 1349 ab
1630 1293 1776 1349 illius
1799 1294 2003 1348 sanctis
2034 1308 2150 1347 ma-

578 1380 739 1435 nibus
762 1391 815 1436 et
839 1376 1155 1438 laboribus?
1182 1384 1333 1454 Ipsos
1368 1386 1675 1439 volutantes
1715 1396 1769 1441 et
1809 1386 2147 1441 illustramur

577 1471 757 1539 quoad
814 1474 1079 1539 animum,
1119 1485 1173 1529 et
1235 1476 1560 1546 scripturam
1612 1476 1947 1531 admiramur
1984 1478 2144 1532 talem

2246 566 2635 633 ὑπηρέτησαν
2657 568 2718 619 al
2744 564 2937 634 χεῖρες
2954 559 3149 626 αὗται,
3176 561 3265 615 ὅτι
3287 558 3445 630 μηδὲ
3468 558 3701 625 δωρεὰν
3724 555 3807 622 ἄρ

2245 673 2351 710 τον
2372 656 2613 725 ἔφαγεν.
2640 655 2775 710 Ποία
2807 655 2912 726 γὰρ
2934 655 3060 725 χεὶρ
3085 655 3187 724 τῆς
3222 652 3431 705 ἐκείνου
3467 649 3663 713 δεξιᾶς.
3694 664 3791 717 μου

2247 747 2541 818 σικὼτερον
2590 746 3169 818 ὲσυρμαιογραφησεν,
3214 743 3364 812 ῆτίς
3412 738 3812 806 ἐπιπονώτερον

2245 837 2344 905 τῆς
2372 838 2577 892 ἐκείνου
2608 837 2916 907 προθυμίας
2954 835 3569 903 ὲσπουδαιογρὰφησενς
3601 829 3699 883 καὶ
3716 828 3814 878 πᾶν.

2246 929 2424 981 ὁτιοῦν
2474 930 2781 999 προσπεσὸν
2812 928 2972 1000 ἔργον
3018 926 3234 999 θερμῶς
3280 922 3664 995 διεχειρίσατο.
3701 918 3816 979 Ilii);

2249 1019 2315 1073 ἄν
2368 1038 2452 1081 τις
2505 1020 2961 1092 ἑξαριθμήσειεν,
2992 1020 3117 1082 τοὺς
3168 1018 3235 1071 τὰ
3285 1015 3498 1072 ἐκείνου
3527 1012 3814 1080 πονὴματσ

2254 1113 2351 1165 εἴτ’
2381 1113 2474 1165 οὖν
2500 1113 2807 1183 βιϐλιὸἀρια
2834 1112 3074 1182 ἔχοντας,
3105 1111 3171 1163 ὲκ
3199 1108 3471 1179 διαφόρων
3494 1104 3656 1158 θείων
3707 1104 3809 1155 [Ια-

2254 1202 2427 1272 τέρων
2478 1202 2927 1276 ἀνθολογηθέντα,
2972 1201 3065 1256 καὶ
3088 1200 3277 1272 ἱκανὴν
3328 1196 3669 1268 ποριζόμενα
3714 1196 3818 1255 τοῖς

2257 1295 2617 1364 κεκτημένοις
2651 1294 2747 1365 τὴν
2773 1295 3040 1365 ὠφέλειαν
3068 1313 3083 1361 ;
3131 1295 3261 1357 Ταῖς
3304 1291 3424 1345 καθ’
3451 1291 3603 1360 ἡμᾶς
3638 1288 3696 1341 δὲ
3728 1304 3819 1357 μο-

2253 1385 2373 1446 ναῖς
2416 1383 2580 1438 πόθεν
2610 1385 2831 1441 ἄλλοθεν
2882 1387 2915 1457 ἡ
2959 1386 3067 1439 τῶν
3100 1385 3299 1439 δέλτων
3328 1379 3563 1451 εὐπορία
3592 1397 3608 1446 ;
3644 1380 3678 1449 ἢ
3707 1377 3821 1446 οὐχὶ

2250 1477 2315 1528 ὲκ
2342 1474 2448 1528 τῶν
2476 1476 2687 1532 ἐκείνου
2714 1479 2887 1547 ἁγίων
2920 1477 3121 1549 χειρῶν
3150 1478 3244 1531 καὶ
3271 1476 3483 1539 πόνων;
3512 1474 3579 1535 ἃς
3615 1474 3664 1525 οί
3698 1487 3823 1543 μετ-

578 1578 642 1616 ac
668 1573 895 1620 tantam.
940 1565 1042 1621 Sed
1099 1568 1347 1637 quaedam
1400 1569 1564 1622 tacita
1614 1570 2141 1637 praeterivitsermo.

2260 1574 2426 1639 ιόντες
2461 1575 2561 1628 καὶ
2586 1572 2684 1643 τὴν
2706 1571 2884 1642 ψυχὴν
2918 1568 3288 1640 φωτιζόμεθα,
3320 1568 3414 1621 καὶ
3439 1565 3537 1637 τὴν
3579 1562 3821 1634 γραιρίδα

576 1655 643 1711 ad
675 1671 795 1724 qua:
825 1660 1128 1711 enarranda
1160 1660 1497 1728 regrediatur
1524 1676 1746 1715 necesse
1777 1672 1877 1716 est.

2249 1667 2603 1737 θαυμάζομεν
2662 1664 2821 1718 ὁποία
2845 1680 2905 1716 τε
2936 1660 3234 1732 καὶήλίκη.
3280 1657 3458 1713 ·’Δλλὰ
3496 1656 3601 1728 γὰρ
3640 1672 3819 1725 παρα-

575 1744 796 1814 δραμὼν
842 1748 869 1800 ό
905 1747 1058 1815 λόγος
1108 1750 1436 1819 ἀνιστόρητά
1492 1767 1631 1815 τινα,
1660 1751 1815 1803 πάλιν
1847 1752 2215 1826 ὁπονοστήσας
2253 1756 2642 1825 ἁπαγγελλέτω
2670 1756 2738 1808 τὰ
2778 1752 3235 1822 παραλειφθέντα.

650 1838 735 1891 l7.
769 1837 1035 1908 Tempore
1078 1842 1169 1896 illo
1220 1842 1446 1897 invaluit
1477 1853 1769 1912 tempestas
1822 1844 2137 1913 impietatis,
2173 1856 2213 1909 Β

576 1934 989 1999 Constantinus,
1007 1937 1251 2006 inquam,
1272 1938 1359 1992 ille
1384 1938 1706 2007 cogitatione
1724 1940 1919 2007 impius
1941 1942 2017 2009 (9)
2037 1957 2151 1995 ma-

580 2023 707 2077 litia:
749 2028 929 2081 omnis
977 2028 1407 2096 receptaculum,
1444 2028 1732 2097 multiceps
1762 2030 1951 2095 draco,
1981 2031 2152 2085 haere-

580 2114 659 2167 sis
690 2117 1091 2173 ieonoclasticse
1147 2119 1364 2183 ductor,
1400 2120 1682 2174 monastiei
1712 2120 1925 2176 ordinis
1964 2136 2151 2191 perse-

578 2210 739 2259 Color
773 2205 1027 2262 acerbus.
1065 2206 1235 2272 Quem
1295 2208 1383 2262 ille
1420 2218 1733 2263 nostrorum
1770 2207 2150 2264 Nazarmorum

581 2310 685 2348 non
718 2297 1138 2351 exterminavit?
1169 2314 1327 2367 quem
1350 2298 1725 2353 absconditum
1761 2314 1868 2355 non
1899 2299 2155 2370 produxit

581 2389 634 2441 in
672 2389 910 2444 medium
935 2391 1137 2460 ‘lquem
1179 2392 1279 2447 sibi
1321 2392 1562 2447 oblatum
1602 2406 1711 2445 non
1762 2392 1930 2445 traxit
1963 2392 2015 2446 in
2051 2392 2148 2446 ba-

581 2481 828 2534 rathru'm
859 2481 1198 2551 impietatis?
1238 2483 1382 2538 Sane
1411 2483 1455 2539 si
1505 2482 1630 2553 quis
1668 2498 1735 2537 ex
1765 2481 2154 2537 illustrioribus

582 2570 759 2641 ipsum
795 2571 971 2639 latuit,
1003 2582 1260 2644 tauquam
1298 2575 1535 2630 seintilla
1566 2576 1619 2629 in
1670 2574 1793 2629 loco
1827 2573 2029 2634 abdito,
2069 2575 2152 2628 in-

585 2669 668 2713 ter
723 2668 968 2716 mortuos
1019 2664 1373 2731 repulabatur
1395 2664 1464 2718 ab
1491 2663 1557 2718 iis
1583 2663 1674 2733 qui
1702 2662 1955 2717 vivebant
1990 2678 2153 2731 super

584 2758 805 2803 terram.
832 2748 979 2806 Talis
1005 2761 1184 2809 autem
1233 2754 1395 2808 etiam
1434 2765 1613 2809 noster
1640 2754 1782 2811 Elias
1818 2754 1939 2821 fuit,
1971 2767 2153 2811 custo-

585 2843 777 2898 ditusa
813 2842 1041 2902 Domino
1073 2846 1127 2899 in
1161 2849 1360 2916 quibus
1393 2851 1751 2905 exercebatur
1775 2850 1933 2915 locis,
1961 2860 2021 2904 ut
2055 2868 2151 2905 ne—

586 2949 693 3002 que
720 2933 772 2987 in
825 2951 1021 2991 manus
1074 2938 1197 2993 novi
1243 2939 1400 2994 istius
1442 2940 1628 2995 Achab
1668 2940 1953 3006 incideret,
1982 2955 2156 3010 neque

588 3026 864 3095 particeps
892 3026 1040 3082 tleret
1063 3028 1399 3099 impietatis;
1435 3033 1529 3087 sed
1579 3042 1701 3102 post
1734 3033 2023 3087 transitum
2056 3048 2155 3086 no-

589 3125 797 3172 cturna?
843 3118 991 3174 illius
1050 3120 1411 3187 confusionis,
1463 3133 1747 3193 appareret
1798 3125 1954 3179 nobis
2011 3124 2155 3179 velut

2324 1849 2411 1914 ιζ’.
2452 1846 2707 1919 Ἤκμαζε
2752 1844 3055 1916 τηνικαῦτα
3085 1847 3113 1897 ό
3154 1842 3363 1917 χειμὼν
3412 1840 3515 1910 τῆς
3544 1837 3824 1905 ἀσεϐείας,

2258 1944 2664 2005 Κωνσταντϊνος
2700 1942 2729 1994 ό
2756 1938 3025 2009 δυσσεϐὴς
3049 1936 3307 2007 λογισμὸν
3326 1977 3340 2001 ,
3370 1934 3432 1987 τὸ
3474 1933 3573 2003 τῆς
3628 1932 3825 1994 κακίας

2256 2036 2485 2104 ὃοχείον,
2522 2036 2553 2088 ὁ
2594 2031 2973 2101 πολυκέφαλος
3018 2030 3255 2101 δράκων,
3288 2030 3317 2081 ὁ
3354 2028 3450 2095 τῆς
3483 2027 3826 2094 εἰκονομαχι-

2258 2127 2361 2196 κῆς
2385 2124 2651 2198 αἱρέσεως
2689 2124 3006 2195 τριστάτης,
3046 2125 3074 2175 ό
3106 2120 3200 2174 τοῦ
3232 2116 3518 2190 μοναδικοῦ
3544 2118 3828 2185 τάγματος

2257 2220 2455 2286 πικρὸς
2494 2215 2750 2287 διώκτης,
2781 2214 2839 2279 ὃς
2889 2214 3011 2268 τίνα
3052 2214 3151 2285 μὲν
3192 2212 3300 2266 τῶν
3324 2210 3447 2265 καθ’
3482 2210 3629 2279 ἡμᾶς
3659 2208 3829 2271 Ναξία

2263 2309 2431 2378 ραίων
2458 2309 2562 2361 οὐκ
2590 2308 2914 2378 ὲξηςρὰνισεν
2938 2324 2954 2373 ;
2978 2306 3100 2358 τίνα
3127 2305 3185 2358 δὲ
3218 2303 3595 2373 κρυπτόμενον
3619 2300 3721 2353 οὐκ
3752 2299 3829 2361 είς

2263 2401 2426 2470 μέσον
2465 2400 2711 2469 ἧγαγεν;
2746 2400 2895 2451 ποῖον
2915 2397 2971 2449 δὲ
3002 2393 3426 2464 ἀντιφερόμενον
3458 2392 3519 2443 οὐ
3553 2390 3831 2444 κατέσπα-

2262 2508 2353 2545 σεν
2387 2492 2466 2553 είς
2497 2491 2559 2542 τὸ
2588 2490 2682 2544 καὶ
2711 2487 2969 2551 ἀσεΰείας
3017 2486 3319 2556 βάραθρον;
3354 2482 3431 2543 ὡς
3474 2482 3529 2535 εῐ
3568 2480 3675 2534 που
3712 2497 3831 2533 τινα

2260 2581 2714 2650 ἐναπο).ει;ρθέντα
2762 2581 2872 2633 τῶν
2919 2577 3233 2649 ἐπιφανῶν,
3282 2574 3471 2643 ὥσπερ
3518 2572 3644 2627 τινὰ
3673 2588 3829 2625 σπιν-

2261 2674 2403 2744 θῆρα
2442 2676 2497 2727 ὲν
2527 2671 2823 2741 ἀποὸύστῳ
2855 2669 3006 2738 τόπῳ
3050 2668 3327 2737 κείμενον,
3360 2667 3418 2718 ὲν
3438 2664 3655 2734 νεκροῖς
3681 2660 3831 2714 λελο-

2262 2766 2438 2833 γέναι,
2472 2764 2626 2832 παρὰ
2673 2762 2782 2816 τῶν
2828 2760 2912 2813 ἐτι
2956 2759 3096 2830 ὑπὲρ
3147 2758 3251 2828 γῆν
3300 2757 3487 2809 ὄντων.
3527 2752 3833 2818 Τοιοῦτοςό

2264 2856 2531 2927 ἡμέτερος
2572 2854 2779 2917 Ἠλίας,
2823 2852 2928 2905 ὑπὸ
2964 2850 3169 2920 Κυρίου
3198 2848 3609 2916 φυλαττόμενος
3669 2847 3729 2898 ἐν
3755 2839 3832 2907 οἷς

2260 2950 2481 3017 ἠσκεῖτο
2538 2946 2745 3009 τόποις,
2778 2944 2875 2999 καὶ⁸
2918 2942 2994 3014 μὴ
3033 2943 3113 3006 εἰς
3144 2944 3331 3025 χεῖρας
3364 2940 3524 3002 ἁλοὺς
3563 2937 3660 2993 τοῦ
3710 2937 3833 2991 νέου

2275 3037 2503 3109 Ἀχαὰϐ,
2550 3037 2688 3108 μηδὲ
2732 3033 3023 3107 μετασχὼν
3059 3033 3158 3103 τῆς
3198 3032 3410 3085 ἐκείνου
3452 3029 3731 3093 ἀσεϐείας,
3770 3026 3832 3080 ἶν’

2264 3130 2513 3200 ἀναφανῇ
2550 3128 2686 3198 μετὰ
2725 3126 3057 3196 παρέλευσιν
3092 3124 3192 3194 τῆς
3220 3122 3614 3193 νυκτομαχίας,
3660 3120 3835 3190 ἀστὴρ

590 3209 744 3262 stella
798 3210 1063 3265 matutina
1094 3228 1108 3276 ;
1141 3212 1282 3281 quod
1310 3221 1365 3267 et
1411 3212 1607 3268 factum
1658 3215 1916 3269 vidimus.
1951 3215 2156 3269 Etenim

2266 3220 2485 3281 ἑωθινὸς
2515 3220 2667 3289 ἡμῖν,
2695 3220 2831 3287 ὅπερ
2857 3216 2955 3269 καὶ
2987 3214 3233 3282 γέγονεν.
3282 3211 3565 3267 Ἐντεῦθεν
3590 3212 3682 3265 διὰ
3717 3226 3835 3263 τινα

593 3302 917 3357 necessariis
960 3302 1286 3373 quibusdam
1319 3320 1381 3358 ex
1425 3307 1605 3360 causis
1635 3307 1917 3377 ingressus
1943 3319 2025 3363 est
2054 3306 2159 3378 By-

592 3395 870 3461 zantium;
906 3410 1139 3467 cumque
1173 3398 1207 3452 ii
1238 3397 1331 3467 qui
1368 3398 1418 3452 in
1454 3400 1587 3454 urbe
1625 3401 1817 3471 reliqui
1857 3413 2010 3455 erant
2044 3418 2160 3457 mo-

596 3483 777 3551 nachi,
828 3486 1008 3541 denuo
1043 3488 1190 3542 velut
1218 3488 1508 3543 luminaria
1540 3492 1838 3559 coepissent
1878 3492 2154 3562 conspici;

2266 3312 2538 3379 ἀναγκαῖα
2575 3310 2799 3362 εἴσεισιν
2839 3307 2919 3369 εἰς
2942 3307 3003 3359 τὸ
3041 3304 3355 3369 Βυζάντιον,
3386 3303 3512 3372 ἄρτι
3542 3302 3735 3371 ὥσπερ
3760 3319 3836 3355 τι·

2264 3399 2371 3455 νῶν
2404 3399 2706 3469 φωστήρων
2756 3393 3195 3466 ἐπιφαινομένων
3227 3392 3337 3445 τῶν
3368 3390 3837 3461 ὲπιλελειμμένων

2270 3491 2553 3562 μοναστῶν
2576 3493 2692 3555 τοῖς
2722 3492 2780 3544 ὲν
2811 3490 2987 3549 ἄστει.

596 3579 905 3646 comparuit
951 3586 1208 3649 tanquam
1243 3595 1272 3633 a
1322 3581 1555 3637 mortuis
1610 3582 1885 3637 redivivus
1947 3584 2160 3651 beatus,
2201 3599 2326 3639 nam
2382 3598 2482 3639 nec
2533 3580 2690 3638 nobis
2753 3580 2976 3651 quidem
3023 3578 3155 3648 ipsis
3197 3577 3510 3634 innotuerat
3565 3573 3705 3647 (l0),
3745 3590 3836 3643 ge-

600 3671 805 3730 nitricis
834 3687 965 3727 mea:
992 3671 1217 3731 fratrem
1260 3674 1437 3730 adhuc
1464 3677 1805 3747 superstitem
1841 3690 1983 3734 esse.

668 3833 755 3887 t8.
792 3832 991 3889 Dill‘nsa
1030 3846 1112 3889 est
1170 3846 1348 3891 autem
1386 3840 1654 3895 adventus
1699 3841 1816 3910 ejus
1858 3842 2019 3907 fama,
2060 3857 2163 3897 non

598 3936 808 3980 tantum
864 3930 1004 3982 inter
1041 3940 1300 3999 cognatos
1328 3942 1381 3985 et
1422 3942 1602 3997 notos,
1636 3933 1729 3988 sed
1760 3950 1852 4004 per
1883 3944 2046 3989 totam
2076 3952 2167 3989 ure

2343 3843 2432 3913 ιη’.
2466 3842 2578 3896 Καὶ
2605 3840 2837 3910 ἐπείπερ
2860 3839 2935 3903 ὡς
2962 3839 3026 3891 ὲκ
3057 3838 3267 3909 νεκρῶν
3303 3836 3414 3902 ζῶν
3462 3832 3836 3905 ἀνεγνωρίσθη

2267 3938 2296 3990 ὁ
2322 3937 2632 4008 μακαρίτης
2673 3934 2817 4001 (οὐδὲ
2882 3931 2991 4001 γὰρ
3019 3932 3100 3985 ὅτι
3136 3930 3280 4001 ὑπῆν
3319 3928 3476 3999 ἡμῶν
3522 3927 3624 3998 τῆς
3651 3924 3835 3978 τεκού-

601 4020 719 4072 bem
758 4017 1149 4089 Byzantinam;
1197 4023 1319 4076 aliis
1380 4024 1488 4077 alio
1530 4025 1707 4092 ipsum
1744 4026 2085 4082 trahentibus
2114 4038 2156 4082 el

2270 4048 2369 4101 σης
2428 4028 2684 4099 ὁμαίμων
2737 4024 3109 4094 ὲγνωρίζετο),
3146 4023 3357 4091 γίνεται
3408 4020 3734 4090 περιϐόητος
3778 4019 3840 4071 οὐ

599 4108 830 4179 benigne
853 4112 1299 4178 Stt5t'ipietttibtls,
1326 4123 1487 4183 atque
1526 4114 1752 4169 salutari
1777 4116 1894 4183 ejus
1919 4118 2166 4174 doctrina

601 4199 702 4254 frui
749 4202 1114 4270 cupientibus.
1142 4202 1273 4259 Erat
1320 4209 1488 4271 enim,
1526 4217 1584 4262 ut
1613 4206 1708 4278 qui
1748 4210 2004 4275 maxime,
2040 4226 2165 4265 sua-

599 4292 681 4346 vis
745 4307 1014 4360 sermone,
1076 4296 1293 4352 suavior
1336 4298 1597 4364 moribus,
1637 4315 1700 4355 ca
1743 4310 1922 4355 autem
1986 4301 2164 4356 forma

599 4399 720 4457 qua:
746 4386 1071 4441 monachum
1098 4390 1466 4455 commendat,
1494 4400 1548 4446 et
1574 4396 1629 4447 in
1662 4393 1909 4449 doctrina
1944 4395 2163 4461 varius;

600 4476 855 4531 omnibus
883 4479 1066 4535 omnia
1087 4477 1284 4543 factus,
1314 4483 1614 4539 secundum
1659 4483 1975 4553 Apostolum
2001 4503 2016 4553 ;
2038 4501 2165 4541 con-

596 4569 806 4639 jugatis
865 4578 1058 4626 auctor
1104 4575 1497 4643 temperantia,
1547 4576 1852 4647 virginibus
1889 4577 2167 4643 defensor,

2272 4122 2431 4192 μόνον
2459 4116 2994 4187 συγγενεῦσιν,·ἀλλα
3019 4116 3127 4186 γὰρ
3146 4115 3241 4167 καὶ
3261 4116 3409 4183 “rt-ian
3433 4115 3501 4182 τῇ
3535 4112 3838 4176 Ιιυζαντίόι,

2267 4212 2442 4267 ἄλλων
2476 4208 2710 4280 ἀλλαχοῦ
2739 4208 3003 4261 ἑλκόντων
3034 4207 3219 4271 αὐτὸν,
3240 4203 3558 4274 περιχαρῶς
3580 4219 3643 4255 τε
3665 4204 3839 4256 ἀσπα-

2270 4302 2537 4374 ζομένων,
2592 4301 2690 4355 καὶ⁵
2741 4300 3077 4371 φιλοφρόνως
3134 4296 3517 4364 δεξιουμένων,
3568 4296 3665 4349 καὶ
3712 4295 3843 4348 ἀπο-

2271 4396 2542 4450 λαυόντων
2597 4392 2945 4456 διδασκαλίας
3005 4389 3412 4461 προσηκούσης.
3449 4383 3559 4441 Ἦν
3606 4389 3717 4459 γὰρ
3767 4388 3842 4440 ὅτι

2278 4489 2512 4561 μάλιστα
2540 4489 2570 4539 ό
2602 4488 2742 4557 ἀνὴρ
2776 4484 2910 4555 ἡδὺς
2957 4482 3047 4536 τὸν
3087 4482 3266 4551 λόγον,
3316 4480 3574 4551 nam”;
3601 4479 3695 4532 τὸν
3726 4478 3844 4547 τρό-

2276 4597 2397 4641 πον,
2429 4577 2728 4650 ἀσκητικὸς
2745 4576 2805 4629 τὸ
2834 4571 2996 4638 εἶδος,
3026 4572 3312 4641 πολυειδὴς
3337 4574 3436 4641 τὴν
3469 4570 3840 4629 διδασκαλίαν.

603 4662 924 4718 adhortator
950 4664 1373 4721 constitutorum
1416 4668 1470 4725 in
1509 4676 1797 4738 potestate,
1844 4671 2044 4739 Spiritu
2086 4671 2156 4724 in-

2273 4672 2385 4732 τοῖς
2402 4667 2619 4720 πᾶσιτὰ
2647 4666 2847 4731 πάντα,
2884 4662 3258 4725 ἅποστολικῶς
3275 4663 3470 4725 εἰπεῖν,
3499 4661 3839 4729 γιγνόμενος,

605 4754 886 4808 tit-morum
919 4754 1184 4814 medicus.
1215 4755 1467 4813 Patribus
1499 4757 1637 4813 ﬁlios
1697 4759 1997 4815 concordes
2054 4760 2156 4814 elli-

2276 4764 2382 4814 τῶν
2409 4762 2466 4813 ὲν
2497 4757 2779 4826 συζυγίαις
2814 4756 3208 4826 σωφρονιστὴς,
3245 4752 3354 4806 τῶν
3400 4751 3849 4821 παρθενευόντων

604 4843 803 4910 ciebat,
833 4855 886 4900 et
924 4847 1051 4903 llliis
1081 4857 1265 4916 patres
1296 4850 1685 4905 recOnciliahat
1711 4869 1726 4917 ;
1760 4852 1938 4907 servis
1968 4852 2156 4906 suade-

2278 4848 2669 4918 συνασπιστὴς,
2702 4847 2811 4899 τῶν
2852 4847 2910 4898 ὲν
2967 4843 3240 4909 ἐξουσίαις
3283 4840 3718 4912 παρσκλητικὸς,
3743 4838 3843 4892 τῶν

606 4936 715 4998 bat,
771 4946 832 4991 ut
864 4938 1103 4996 dominis
1132 4951 1321 4997 essent
1351 4944 1605 5012 morigeri
1630 4961 1643 5010 ;
1665 4954 1720 4998 ct
1750 4945 1849 5000 hos
1883 4944 2156 4999 inducebal

2272 4942 2638 4997 ἀσθενούντων
2671 4941 2751 5002 είς
2785 4938 2965 5008 ψυχὴν
2995 4936 3200 5007 ἰατρὸς,
3241 4936 3482 5004 πατράσι
3508 4934 3679 4987 τέκνα
3713 4948 3842 5001 συμ-

608 5041 665 5085 υι
694 5030 800 5084 illis
833 5029 1073 5095 facerent
1120 5033 1274 5087 bene.
1307 5035 1377 5091 Ut
1404 5046 1595 5091 etetera
1632 5052 1791 5106 porro
1823 5038 2027 5099 omnia,
2051 5053 2156 5105 qua

2274 5035 2531 5098 ϐιϐἀζων,
2570 5031 2815 5097 πατέρας
2839 5030 3051 5091 τέκνοις
3098 5027 3489 5081 καταλλάσσων
3510 5067 3525 5091 ,
3560 5026 3842 5086 δεσπόταις

608 5120 686 5175 vir
719 5120 809 5175 Dei
843 5123 1074 5178 faciebat
1098 5124 1438 5197 dicebatque,
1458 5130 1708 5198 cognosci
1733 5129 1965 5198 possint,
2001 5145 2156 5183 unun:

2278 5126 2495 5187 δούλους
2529 5124 2736 5175 εὐνοεῖν
2768 5118 3091 5185 ἀντιϐολῶν,
3119 5119 3214 5173 καὶ
3238 5118 3462 5181 τούτους
3499 5116 3731 5179 ἐκείνοις
3755 5115 3840 5167 εὖ·

675 5233 694 5261 '
730 5233 847 5287 Act.
882 5249 972 5297 vx,
1006 5236 1092 5288 54.

2128 5348 2359 5405 NOTAE.

682 5512 759 5582 (9)
790 5511 1331 5596 Sunnna'crudelitas
1377 5510 1709 5596 Qopronxnii
1769 5510 1820 5596 iu
1873 5508 2175 5596 monachos

610 5593 665 5639 et
695 5580 893 5661 sacras
934 5580 1225 5661 reliquia§_
1246 5581 1481 5661 refertur
1507 5580 1932 5661 _a:l‘lieop|.a..e
1978 5582 2041 5661 ad
2073 5594 2176 5661 an-

614 5670 742 5710 num
785 5652 991 5724 imperti
1018 5650 1135 5724 eius
1169 5652 1475 5724 δικαίη-ἱειὶ
1507 5651 1906 5724 7ῖξ22-ἣιοιοιιιυδ
1960 5660 2041 5703 est
2071 5650 2177 5724 (io-

621 5738 916 5792 pronymus
961 5722 1019 5775 14
1043 5720 1375 5789 Septembris
1404 5723 1525 5777 anni
1567 5720 1687 5773 775.
1734 5723 2029 5775 Successor
2063 5720 2179 5785 ejus

2284 5507 2424 5562 filius
2456 5506 2562 5561 Leo
2595 5507 2838 5576 regnavit
2871 5520 3044 5576 usque
3072 5504 3139 5559 ad
3200 5517 3406 5559 annum
3439 5501 3563 5565 780,
3600 5512 3839 5557 mortuus

2282 5579 2314 5631 8
2348 5578 2725 5655 53-ptctttbris._
2759 5652 2768 5655 _
2988 5646 3000 5655 ι
3048 5654 3053 5655 ν
3248 5642 3289 5655 υ
3556 5644 3566 5655 ι

2354 5642 2465 5713 (tu)
2506 5648 2843 5705 Indeﬁnitius
2898 5646 3218 5700 8ἰι·1ειυε;‹
3247 5642 3433 5714 Neque
3476 5644 3627 5699 enim
3687 5660 3717 5699 a
3752 5658 3839 5699 co-

2283 5719 2457 5785 gnatis
2484 5733 2769 5787 superesse
2803 5718 3125 5773 credebatur
3186 5732 3203 5766 ι
