4018 6304
221 387 317 452 8'21

221 609 322 657 τεός
359 595 531 650 ποιῶν
568 615 629 652 τε
682 602 776 655 καὶ
801 602 975 671 λέγων
1017 605 1365 675 γνωρίζεται,
1410 606 1468 658 ἓν
1507 606 1676 660 εἰπὼν
1709 608 1787 669 εἰς

225 689 487 742 σύστασιν
528 690 637 746 τῶν
662 694 987 766 εἰρημένων,
1011 700 1272 751 πιστώσω
1308 698 1400 754 τὸν
1424 699 1601 767 λόγον.
1637 699 1790 751 Ὅτι-

225 793 330 846 περ
363 778 458 846 ἀφ’
482 771 542 831 οὗ
569 781 912 853 ἐπεδήμησεν
951 788 1068 850 τοῖς
1123 787 1182 840 έν
1205 787 1378 853 ἄστει,
1409 789 1562 852 ὅλους
1611 789 1790 852 οἴκους

228 869 586 937 μετέπλασεν,
612 873 704 925 καὶ
733 876 1214 946 μετεστοιχείωσεν
1253 878 1334 941 εἰς
1371 876 1484 947 βίον
1515 879 1789 947 ἐνάρετον.

226 956 288 1007 TE
319 955 382 1027 δὴ
417 957 616 1026 τοῦτο;
647 961 849 1029 Ὅρκον
880 963 1119 1032 ἐκκόψας
1140 968 1206 1035 τῇ
1235 968 1591 1036 παραινετικῇ
1627 964 1791 1018 αὑτοῦ

224 1047 906 1124 γλώττῃ,καλλωπισμοὺς
938 1057 1219 1120 συστείλας
1255 1060 1321 1128 τῇ
1361 1058 1613 1128 εὐκόσμῳ
1647 1056 1784 1110 διδα-

226 1141 426 1211 σκαλίᾳ
450 1160 462 1172 ·
497 1143 866 1216 φιλοπτωχίαν
879 1148 1185 1218 ἐμποιήσας
1204 1151 1268 1219 τῇ
1296 1148 1458 1220 ήθικῇ
1500 1149 1790 1217 ὑφηγήσει,

226 1226 366 1302 ἑξῆς
392 1231 621 1296 κένωσις
635 1235 931 1306 χρημάτων
953 1239 1044 1290 καὶ
1064 1238 1325 1308 διανομαὶ
1344 1240 1427 1308 ἐφ’
1457 1238 1549 1303 οὓς
1573 1240 1794 1308 ἠσκεῖτο

224 1323 422 1386 τόπους
454 1324 724 1397 δημόσιοι.
757 1327 898 1397 Πρός
929 1344 989 1380 τε
1010 1327 1322 1396 ἀνάγνωσιν
1371 1329 1662 1400 ρυθμίσας,
1702 1328 1795 1381 καὶ

226 1417 360 1487 πρὸς
381 1417 559 1470 ὁτιοῦν
574 1420 682 1471 τῶν
704 1419 882 1473 καλῶν
900 1415 957 1473 εὖ
982 1421 1292 1490 ἐπανάγων,
1317 1421 1412 1475 καὶ
1440 1422 1611 1475 ταῦτα
1637 1423 1693 1475 ὲν
1710 1422 1794 1474 κό-

226 1525 312 1576 πῳ
347 1511 444 1561 καὶ
477 1510 662 1580 μόχθῳ
701 1513 894 1574 νυκτὸς
925 1513 1018 1566 καὶ
1039 1514 1272 1584 ἡμέρας,
1296 1513 1795 1584 τληπαθῶν,ἁγρυ-

226 1600 406 1666 πνῶν,
440 1601 779 1673 πεζοπορῶν,
801 1607 921 1669 ταῖς
943 1606 1095 1676 παρὰ
1137 1605 1247 1660 τῶν
1297 1605 1467 1674 φίλων
1516 1605 1612 1658 καὶ
1665 1622 1797 1673 συγ-

227 1692 400 1761 γενῶν
445 1693 776 1761 δεξιὼσεσιν,
835 1697 1220 1752 ἀνταλλάσσων
1277 1697 1380 1762 τὰς
1433 1697 1565 1768 παρ’
1600 1697 1793 1751 ἑαυτοῦ

229 1785 633 1851 κακοπαθείας,
668 1786 814 1859 ἔργῳ
867 1790 929 1843 τὸ
1000 1790 1099 1842 τοῦ
1143 1788 1468 1845 Ἀποστόλου
1488 1787 1794 1858 φθεγγόμε-

227 1890 341 1938 νοςο
374 1874 708 1937 ’Υποπιὰζω
748 1895 866 1947 μου
897 1879 965 1932 τὸ
998 1876 1190 1948 σῶμα,
1233 1877 1330 1932 καὶ
1387 1873 1790 1945 δουλαγωγῶ,
1828 1862 1871 1918 Β

222 1968 306 2036 μή
360 1981 484 2035 πως
526 1969 739 2036 ἄλλοις
779 1971 1048 2039 κηρύξας
1073 2011 1089 2037 ,
1147 1970 1328 2036 αὐτὸς
1362 1968 1648 2038 ἀδόκιμος
1699 1965 1795 2037 Τέ⁶

225 2077 434 2129 νωμαι.

282 2148 548 2225 ιθ’.⁷Ηρεν
577 2151 868 2225 τοιγαροῦν
901 2153 1180 2223 σύσσημον
1212 2155 1278 2223 τῇ
1307 2149 1672 2223 βασιλιζούση,
1703 2166 1794 2203 τον

223 2242 381 2312 λόγον
413 2245 514 2298 ὑπὸ
542 2244 636 2297 τοῦ
667 2245 784 2315 βίου
823 2244 1273 2316 μαρτυρούμενον
1299 2243 1458 2314 ἔχων,
1495 2242 1599 2308 κάξ
1626 2241 1791 2296 αὐτοῦ

221 2335 315 2386 τοῦ
338 2333 590 2399 εὐτελοῦς
626 2336 718 2388 καὶ
763 2335 1055 2405 ἀπερίττου
1101 2336 1401 2407 σχήματος,
1445 2333 1793 2405 παράκλησις

221 2427 301 2490 εις
327 2428 528 2499 ἀρετὴν
553 2431 666 2493 τοῖς
698 2429 865 2499 ὁρῶσι
887 2430 1170 2499 γινόμενος
1196 2440 1210 2457 ⁸
1243 2430 1292 2481 εἰ
1316 2427 1374 2480 δὲ
1404 2428 1486 2480 ὅτι
1518 2427 1793 2490 πολιτικὸς

217 2512 288 2587 ἦν
316 2517 373 2571 ἕν
395 2535 505 2571 τισι
542 2519 845 2586 γλυκαίνων
871 2520 968 2590 τὴν
994 2519 1190 2589 φράσιν
1210 2519 1342 2590 πρὸς
1365 2518 1424 2570 τὸ
1444 2517 1552 2570 τῶν
1569 2516 1793 2571 ἀκουόν-

217 2627 325 2665 των
379 2610 697 2678 ἰδιότροπον,
747 2611 927 2682 ὁράτω
994 2627 1077 2673 τις
1141 2610 1229 2664 τὸν
1280 2608 1532 2677 καρπὸν,
1587 2610 1682 2661 καὶ
1715 2607 1790 2678 μὴ

222 2701 522 2773 μεμφέσθω
540 2703 630 2754 τὸν
654 2702 872 2773 τρόπον.
901 2703 998 2766 Τίς
1026 2702 1082 2756 δὲ
1112 2695 1268 2766 οὗτος
1289 2718 1305 2768 ;
1341 2702 1399 2754 '0
1419 2702 1527 2754 τῶν
1546 2702 1793 2772 ἁμαρτα-

220 2796 421 2848 νόντων
475 2795 801 2864 μετάμελος,
844 2795 940 2849 καὶ
974 2796 1002 2848 ὁ
1048 2794 1158 2846 τῶν
1196 2793 1655 2863 ἀποτασσομένων
1696 2790 1790 2845 τοῦ

221 2885 336 2956 βίον
380 2887 566 2956 ὅμιλος
595 2903 606 2916 ·
638 2885 854 2957 πρῶτος
905 2887 1013 2957 γὰρ
1054 2885 1149 2939 καὶ
1184 2875 1342 2956 μόνος
1387 2885 1571 2955 σχεδὸν
1620 2886 1792 2937 εἰπεῖν

220 2979 504 3050 πτερωτὴς
538 2979 644 3031 τῶν
672 2977 766 3031 τοῦ
796 2976 988 3046 γένους
1009 2978 1104 3031 καὶ
1131 2977 1238 3031 τῶν
1264 2977 1366 3044 ἔξω
1387 2979 1605 3046 γένους,
1634 2978 1662 3029 ὀ
1691 2980 1791 3048 τῆς

217 3066 497 3138 ὁσιότητος
545 3067 783 3138 ἐραστὴς
824 3067 982 3139 ήμῶν
1016 3066 1304 3121 δέδεικται.
1348 3067 1448 3120 Διὰ
1493 3067 1667 3120 ταῦτα
1696 3069 1790 3120 καὶ

220 3162 546 3230 προστατεῖν
619 3160 981 3231 μοναστηρίου
1010 3159 1234 3214 ἀστικοῦ
1268 3159 1632 3229 ἀναγκάζεται
1667 3160 1786 3228 μὲν,

215 3253 280 3306 οὐ
305 3254 700 3307 καταπείθεται
725 3254 786 3309 δέ
803 3271 818 3285 ο
845 3257 938 3309 καὶ
963 3256 1151 3325 ἄρχειν
1173 3255 1274 3324 τῆς
1294 3255 1649 3326 Νικομηδέων
1679 3254 1792 3307 Ἐκ-

221 3345 448 3415 adquia;
480 3345 586 3398 ὑπὸ
630 3345 727 3400 τοῦ
764 3347 1068 3417 τηνικαῦτα
1122 3350 1385 3420 προέδρου
1427 3349 1791 3421 προτρέπεται

222 3437 342 3506 μὲν,
371 3438 434 3490 οὐ
465 3437 788 3508 συνέρχεται
814 3437 892 3503 δὲ,
920 3438 1137 3508 φεύγων
1184 3439 1276 3493 τὸν
1325 3440 1525 3511 κλῆρον
1547 3442 1575 3493 ό
1601 3443 1792 3493 τούτου

218 3528 389 3595 ἄξιος,
432 3531 525 3582 καὶ.
593 3529 655 3581 τὸ
700 3529 801 3599 τῆς
859 3531 1145 3604 ἱεραρχίας
1202 3531 1335 3602 eeo;
1384 3533 1570 3596 δεδιὼς
1615 3534 1643 3586 ό
1693 3533 1794 3602 τὴν

220 3622 421 3692 ἀρετὴν
482 3624 776 3692 μετέωρος.
832 3624 921 3675 Διὸ
980 3624 1075 3677 καὶ
1119 3623 1258 3692 πρὸς
1307 3623 1406 3694 τὴν
1449 3624 1612 3694 φίλην
1646 3622 1794 3694 αὐτῷ

221 3714 454 3785 ἡσυχίαν
511 3714 829 3780 ἐπάνεισιν,
882 3715 1042 3771 κάκεῖ
1093 3716 1324 3788 καθιστᾷ
1374 3718 1594 3787 μνήμης
1629 3716 1792 3780 ἄξια,

221 3806 456 3876 πτωχῶν
509 3806 946 3875 προῑστάμενος,
992 3807 1361 3877 ἀδικουμένων
1423 3807 1793 3878 ὑπερασπιζό-

224 3916 404 3968 μενος,
466 3896 820 3966 θλιϐομένους
885 3897 1402 3969 παραμυθούμενος,
1460 3901 1555 3952 καὶ
1616 3899 1795 3968 θλίψιν

220 3984 341 4040 οἷαν
373 3987 542 4059 βούλῃ
598 3986 955 4057 πιεζομένους
1014 3988 1353 4058 θεραπεύων,
1393 3987 1554 4041 τοῦτο
1581 3988 1680 4058 μὲν
1710 3987 1796 4042 διᾶ

221 4081 474 4151 γλώσσης
506 4082 602 4135 καὶ
638 4082 883 4152 μέλανος,
917 4080 1036 4134 ἐπεὶ
1071 4080 1145 4152 μὴ
1176 4076 1322 4150 εἶχεν
1354 4080 1496 4151 ἄλλῳ
1525 4082 1634 4133 τινὶ
1654 4097 1791 4150 φαρ-

223 4173 380 4242 μάκῳ
402 4172 680 4241 ὲπαμύναι
700 4170 777 4241 τῷ
796 4171 1090 4240 προσιόντι,
1117 4171 1211 4223 καὶ
1235 4169 1420 4239 ἴσχυεν
1445 4187 1509 4238 γε
1529 4169 1590 4222 τὸ
1611 4168 1796 4239 γράμ-

223 4282 298 4332 μα
327 4263 402 4327 ὡς
440 4263 616 4332 δῶρον
668 4262 806 4315 αἰδοῖ
855 4261 948 4315 τοῦ
1000 4261 1210 4332 ἀνδρὸς,
1239 4261 1506 4332 κάμπτων
1555 4261 1689 4332 πρὸς
1717 4257 1799 4313 οἷ-

221 4373 346 4409 κτον
375 4357 468 4409 τὸν
495 4355 667 4407 ἐλεεῖν
698 4353 1013 4422 δυνάμενον.

289 4457 356 4503 κ’.
381 4449 554 4502 Τοῦτο
578 4447 635 4500 δὲ
660 4446 754 4498 καί
781 4445 840 4510 ἐξ
863 4440 937 4500 ὧν
955 4447 1286 4519 εύπορεῖτοή
1316 4449 1435 4520 χεὶρ
1467 4447 1774 4504 ἐπιδιδόναι.

222 4539 571 4611 πληρούντων
597 4537 768 4606 αὐτὴν
802 4536 908 4589 τῶν
939 4537 1120 4602 καλῶς
1147 4539 1218 4592 τὰ
1257 4540 1447 4592 ἐνόντα
1487 4539 1790 4592 κενούντων

874 401 1156 465 ORATIO
1187 404 1292 466 ΧῙ.
1322 426 1393 444 -·
1431 405 1811 467 LAUDATIO
1847 403 1908 468 S.
1965 406 2333 468 PLATONIS
2389 407 2819 470 HEGUMENI.

222 499 454 570 εργέτας
499 503 792 564 καθιστῶν.
829 509 1010 566 rma
1051 513 1151 567 ὅσα
1192 515 1220 566 ὁ
1247 513 1343 566 τοῦ
1396 512 1530 568 Θεοῦ
1592 515 1793 586 ἄνθρω-

1899 514 2099 581 dicam,
2154 516 2300 586 quod
2366 517 2524 571 fidem
2583 528 2805 588 praestet
2868 519 3098 591 reliquis

3132 541 3146 577 :
3210 524 3462 582 videlicet

1891 606 2034 677 quod
2057 622 2122 662 ex
2151 623 2261 677 quo
2291 624 2415 662 cum
2447 609 2663 664 civibus
2680 613 2884 666 versari
2913 614 3097 681 erepit,
3129 621 3269 671 totas
3291 616 3460 671 refor-

1894 697 2062 751 mavit
2091 696 2349 760 familias,
2379 709 2434 753 et
2466 700 2531 753 ad
2553 701 2771 755 virtutis
2801 703 3005 757 cultum
3031 684 3314 762 convertit.
3347 707 3460 773 Qua

1891 789 2139 843 ratione?
2173 788 3107 859 inquies.Jurandiconsuetudinem
3141 796 3462 852 exscinden-

1893 879 1964 934 do
1991 881 2269 934 communi
2304 881 2515 936 notoria
2552 898 2648 936 sua
2673 883 3249 955 lingua:reprimendo
3265 903 3455 959 corpo-

1894 970 1971 1024 ris
2000 980 2249 1024 ornatum
2270 972 2627 1041 superﬂuum,
2655 990 2752 1030 sua
2783 977 3134 1032 ornatissima
3191 979 3458 1045 doctrina,

1892 1060 2274 1114 dissertatione
2297 1061 2485 1114 morali
2520 1061 2843 1117 inculcando
2870 1079 3110 1119 amorem
3138 1081 3458 1135 pauperum,

1896 1153 2038 1205 unde
2062 1150 2374 1221 largitiones
2405 1153 2732 1221 pecuniaria:
2752 1164 2807 1208 et
2840 1154 3319 1225 eleemosynarum
3351 1157 3462 1212 dis-

1895 1241 2214 1296 tributiones
2263 1243 2525 1310 publicae,
2588 1260 2681 1312 per
2713 1243 2829 1299 loca
2865 1245 2919 1298 in
2975 1246 3174 1315 quibus
3237 1261 3461 1300 exerce-

1896 1334 2093 1399 batur;
2119 1338 2186 1388 ad
2218 1333 2503 1389 lectionem
2531 1335 2766 1405 denique
2803 1337 2950 1406 piam
2981 1349 3030 1391 et
3061 1338 3128 1392 ad
3185 1337 3458 1408 quidquid

1897 1435 1980 1480 est
2006 1425 2276 1480 bonorum
2307 1441 2532 1495 operum
2559 1427 2886 1492 inducendo,
2923 1430 3086 1499 idque
3120 1430 3172 1483 in
3204 1444 3462 1499 pressura

1897 1529 1954 1571 et
1975 1515 2313 1587 fatigatione,
2339 1518 2431 1571 diu
2456 1529 2730 1588 noctuque
2764 1521 3038 1587 laborans,
3071 1521 3325 1592 vigilans,
3352 1523 3464 1576 dis-

1903 1622 2169 1673 currens,
2205 1617 2266 1662 ut
2317 1618 2537 1679 accepta
2606 1610 2674 1665 ab
2719 1611 2912 1666 amicis
2956 1613 3312 1682 cognatisque
3367 1613 3464 1666 ho-

1898 1697 2180 1768 pitalitatis
2216 1699 2407 1754 solatia
2431 1709 2672 1769 aequaret
2724 1701 3012 1756 tolerantia
3067 1717 3460 1767 aarumnorum,

1900 1790 2016 1860 ipso
2045 1806 2209 1860 opere
2230 1807 2353 1846 cum
2380 1791 2644 1861 Apostolo
2691 1803 2994 1862 protestans
3032 1812 3044 1848 :
3078 1794 3290 1864 Castigo
3345 1809 3461 1848 cor-

1899 1899 1994 1953 pus
2021 1899 2193 1938 meum
2229 1893 2280 1938 et
2320 1885 2376 1937 in
2411 1886 2707 1939 servitutem
2757 1886 2961 1956 redigo;
3019 1903 3080 1939 ne
3125 1896 3466 1956 posteaquam

1899 1976 2018 2030 aliis
2042 1976 2414 2046 prmdicavero,
2440 1977 2545 2046 ipse
2572 1977 2818 2046 reprobus
2843 1978 3035 2047 eﬂiciar
3069 1978 3111 2033 ‘.

1969 2151 2056 2206 l9.
2090 2150 2394 2207 Sustulerat
2422 2166 2552 2222 ergo
2578 2150 2851 2221 publicum
2909 2153 3203 2224 reguatrici
3256 2153 3461 2210 civitati

1899 2244 2136 2314 signum,
2190 2243 2396 2298 habens
2421 2259 2751 2310 sermonem,
2779 2245 2868 2301 cui
2900 2246 3011 2300 vita
3039 2262 3278 2318 congrua
3327 2264 3462 2318 pra:-

1897 2337 2049 2392 heret
2068 2337 2439 2395 testimonium
2473 2352 2487 2389 :
2520 2339 2657 2393 adeo
2691 2347 2770 2400 ut,
2807 2354 2872 2394 ex
2901 2339 3018 2408 ipsa
3079 2341 3174 2395 vili
3220 2340 3463 2410 abjecto-

1898 2444 2004 2498 que
2033 2429 2218 2484 habitu
2251 2429 2557 2486 videntibus
2586 2438 2731 2486 esset
2777 2432 2843 2485 ad
2896 2431 3150 2486 virtutem
3192 2433 3460 2487 hortator.

1897 2520 2055 2588 Quod
2095 2523 2164 2587 si,
2197 2523 2321 2591 quia
2349 2521 2595 2578 urbanus
2620 2531 2755 2587 erat,
2780 2523 3048 2578 suavitate
3078 2523 3313 2591 quadam
3331 2538 3462 2579 con-

1897 2614 2080 2669 diebat
2103 2613 2420 2678 dictionem,
2465 2623 2525 2668 ut
2553 2629 2612 2668 se
2641 2622 2856 2682 aptaret
2877 2615 3218 2670 audientium
3260 2616 3459 2686 genio;

1897 2703 2272 2759 consideretur
2308 2700 2543 2766 fructus,
2584 2710 2638 2756 et
2669 2717 2774 2756 non
2805 2701 3209 2772 vituperabitur
3241 2703 3455 2757 modus.

1897 2796 2030 2862 Quis
2068 2804 2249 2850 autem
2327 2795 2479 2849 iste?
2553 2793 2907 2849 Peccantium
2962 2793 3344 2863 resipiscentia
3407 2803 3463 2846 et

1896 2887 2096 2943 sarculo
2122 2885 2548 2942 renuntiantium
2579 2885 2886 2940 multitudo.
2917 2885 3133 2941 Primus
3165 2893 3464 2954 namqueet

1896 2979 2066 3044 solus,
2093 2989 2151 3032 ut
2179 2980 2222 3032 si
2272 2976 2477 3040 dicam,
2519 2975 2645 3043 fuit,
2670 2977 2762 3047 qui
2797 2977 2980 3047 generi
3031 2985 3244 3043 nostro,
3276 2976 3466 3044 eisque

1893 3070 1985 3141 qui
2007 3079 2159 3124 extra
2194 3068 2324 3122 illud
2353 3077 2510 3123 erant
2543 3069 2660 3123 alas
2685 3067 2888 3122 addidit
2917 3068 2982 3122 ad
3011 3068 3288 3132 virtutem,
3337 3082 3464 3121 nos-

1895 3177 2001 3232 que
2033 3161 2098 3215 ad
2119 3176 2359 3216 aurorem
2384 3159 2735 3230 perfectionis
2767 3159 2981 3213 induxit
3013 3159 3148 3229 (U).
3173 3157 3464 3228 PrOpterea

1893 3252 2159 3306 instanter
2224 3258 2448 3321 rogatus
2527 3249 2722 3304 urbani
2798 3249 3084 3319 cujusdam
3143 3250 3463 3304 monasterii

1893 3341 2275 3412 praefecturam
2334 3340 2639 3409 suscipere,
2670 3339 2894 3395 omnino
2934 3340 3136 3405 renuit,
3186 3349 3240 3395 et
3284 3341 3354 3395 ab
3399 3356 3466 3396 eo

1891 3434 1985 3503 qui
2017 3444 2145 3488 tunc
2187 3442 2306 3488 erat
2350 3432 2662 3503 patriarcha
2695 3431 2807 3501 (ιε)
2853 3432 2918 3486 ad
2969 3431 3463 3487 Nicomediensinm

1893 3526 2190 3582 Ecclesiam
2224 3525 2515 3594 regendam
2547 3523 2809 3579 imitatus
2841 3524 3072 3595 obsequi
3114 3526 3314 3591 noluit,
3359 3526 3467 3580 cle-

1894 3620 2122 3674 ricatum
2157 3618 2410 3687 fugiens,
2442 3631 2554 3685 quo
2587 3626 2706 3670 erat
2728 3617 3118 3686 dignissimus;
3150 3625 3205 3672 et
3237 3617 3468 3673 hierar-

1896 3711 2118 3766 chicum
2149 3708 2459 3764 formidans
2490 3705 2797 3776 fastigium,
2832 3706 2928 3775 qui
2980 3706 3153 3760 solam
3203 3706 3468 3776 suscipie-

1899 3802 1991 3856 bat
2023 3802 2298 3855 virtutem.
2331 3798 2575 3852 Revertit
2608 3805 2790 3851 autem
2828 3796 2897 3850 ad
2928 3796 3184 3852 dilectam
3222 3798 3324 3853 sibi
3379 3814 3469 3852 so-

1896 3894 2202 3955 litudinem,
2231 3901 2288 3946 et
2320 3890 2392 3945 ibi
2415 3906 2500 3945 res
2523 3889 2653 3945 fecit
2681 3890 2939 3945 memoria
2958 3889 3168 3958 dignas,
3201 3905 3468 3960 pauperes

1895 3985 2214 4047 defendens,
2246 3983 2451 4052 injuste
2479 3996 2772 4052 oppressos
2811 3995 3179 4050 prppugnans,
3231 3982 3461 4037 tribulac

1899 4086 1982 4132 tos
2019 4074 2329 4136 consolans,
2361 4083 2413 4129 et
2443 4087 2832 4143 quamcunque
2877 4071 3224 4126 aliiictionem
3260 4074 3469 4142 patien-

1899 4169 2046 4224 tibus
2077 4166 2450 4230 subveniens;
2492 4165 2656 4234 idque
2682 4165 2766 4218 vel
2789 4179 3043 4218 sermone
3100 4166 3182 4218 vel
3231 4166 3468 4234 epistola

1899 4271 2126 4333 propter
2162 4260 2264 4314 viri
2295 4259 2670 4322 reverentiam,
2706 4257 2878 4310 instar
2921 4256 3160 4311 muneris
3189 4257 3373 4312 eﬂicax
3404 4263 3469 4315 ad

1899 4353 2224 4409 flectendum
2259 4365 2382 4405 eum
2414 4348 2505 4418 qni
2539 4355 2752 4417 poterat
2776 4346 3048 4402 misereri.

1969 4446 2061 4501 20.
2095 4443 2174 4498 Ex
2201 4443 2268 4499 iis
2296 4455 2417 4512 qum
2439 4440 2505 4495 ad
2537 4453 2757 4493 manum
2794 4446 2968 4502 erant,
2993 4438 3329 4507 replentihus
3350 4456 3469 4495 eam

1900 4538 2004 4595 illis
2035 4538 2130 4608 qni
2179 4534 2542 4592 substantiam
2577 4547 2735 4587 suam
2759 4530 3056 4586 credebant
3094 4531 3232 4585 bene
3265 4534 3474 4586 exhau-

223 4631 311 4684 ὲπὶ
351 4629 568 4700 μεθέξει
598 4627 704 4681 τῶν
727 4624 1012 4682 ἁκενώτων
1042 4630 1136 4683 καὶ
1164 4631 1420 4684 αἰωνίων.
1475 4632 1534 4682 Εἰ
1561 4629 1626 4698 δὴ
1666 4628 1792 4698 μηδ·

1901 4629 2032 4696 riri,
2071 4636 2292 4700 prapter
2340 4622 2670 4682 desiderium
2735 4620 3185 4677 inexhaustorum
3242 4631 3472 4680 aeterno-

291 4745 354 4800 ⁸1
385 4745 514 4800 Cor.
549 4760 626 4808 Ix,
658 4741 748 4798 27.

1690 4847 1921 4906 ΝΟΤᾸΞ.

290 4973 401 5041 (ll)
431 4969 663 5026 Michael
700 4969 752 5041 in
788 4968 907 5041 Vita
931 4965 990 5021 S.
1021 4965 1294 5041 Theodori
1326 4967 1453 5041 _ista
1508 4965 1787 5041 explicat:

230 5065 248 5094 ι
277 5035 430 5097 Plato
456 5040 839 5095 sanctissimus
865 5037 1134 5092 Theodori
1167 5035 1340 5091 nostri
1372 5037 1694 5101 avunculus,
1726 5036 1792 5090 iis

223 5114 549 5182 quibuscum
582 5108 1164 5182 ageretgratissimns._
1212 5108 1411 5182 mu_lto_s
1460 5109 1525 5160 ad
1550 5106 1793 5161 caelestis

226 5175 843 5252 phiIOSOphizestudiuin
871 5177 1087 5245 pellexit
1115 5195 1127 5228 :
1153 5175 1612 5244 imprimisautem
1636 5191 1793 5244 egre-

225 5245 368 5321 gium
407 5245 556 5305 hunc
589 5245 960 5321 Theodorum,
989 5262 1148 5301 suum
1199 5260 1264 5299 ex
1298 5261 1485 5321 sorore
1523 5252 1794 5313 nepotem,

226 5314 317 5390 qui
351 5329 404 5374 et
436 5321 552 5388 ipse
584 5317 697 5390 jam
730 5316 933 5390 dudum
970 5331 1063 5386 per
1089 5331 1145 5370 sc
1177 5324 1237 5368 ut
1289 5314 1512 5390 dicitur,
1545 5323 1798 5390 cmperat

226 5383 624 5460 philosophari.
657 5385 799 5460 Quin
834 5383 985 5460 ipsos
1020 5400 1234 5460 quoque
1289 5383 1557 5460 Theodori
1611 5398 1798 5451 paren-

226 5453 304 5514 ies
346 5471 400 5514 et
425 5453 647 5522 fratres,
678 5455 976 5521 Josephum
997 5463 1050 5508 et
1073 5453 1441 5522 Euthymium,
1479 5467 1601 5506 cum
1633 5468 1794 5519 parva

228 5546 432 5593 sorore,
465 5538 519 5583 et
550 5542 683 5583 suos
715 5525 884 5594 ipsius
922 5523 1115 5594 fratres
1138 5523 1335 5591 adjecit
1366 5522 1536 5585 Plato,
1566 5522 1663 5590 qni
1694 5538 1792 5574 nu-

228 5615 376 5654 rnero
421 5591 548 5654 item
576 5610 688 5652 tres
714 5591 890 5650 erant.
921 5591 1029 5647 llos
1057 5607 1247 5647 omnes
1275 5602 1528 5660 tanquam
1553 5607 1617 5644 ex
1638 5605 1788 5660 eom-

229 5670 402 5740 posito
433 5666 718 5724 communi
751 5666 891 5740 vitat
933 5662 1173 5740 caelibem
1216 5657 1658 5740 anteponentes“
1692 5657 1787 5712 de-

231 5731 373 5794 ducit
397 5740 484 5794 ille
511 5751 700 5793 secum
747 5743 801 5788 et
840 5731 1354 5802 disciplinaimhuit
1385 5731 1781 5802 prastantiore.

233 5811 296 5865 At
329 5810 400 5865 illi
444 5807 742 5867 confestim
775 5813 828 5861 et
856 5796 1314 5874 opes'etdivitias
1340 5796 1397 5856 et
1418 5807 1643 5856 caeteras
1693 5796 1786 5874 fa-q

1898 4967 2127 5022 cultates
2181 4981 2476 5037 pauperum
2506 4965 2722 5022 sinibus
2744 4966 3032 5037 ingerunt,
3077 4981 3265 5024 servos
3317 4967 3480 5022 innu-

1896 5035 2197 5092 merabiles
2223 5037 2275 5090 in
2299 5038 2602 5091 libertatem
2632 5035 2932 5102 vindicant,
2966 5037 3245 5105 Deumque
3309 5037 3477 5092 secuti

1896 5121 1961 5160 ac
1992 5108 2276 5162 ducentem
2301 5106 2536 5170 Patrem,
2568 5106 2885 5174 Byzantium
2918 5108 3253 5176 relinquunt.
3293 5125 3314 5159 ι
3357 5107 3483 5160 Ηιινο

1899 5177 2011 5232 ibi:
2053 5191 2176 5245 qua:
2205 5177 2308 5230 sub
2343 5176 2522 5230 Leone
2581 5176 2858 5230 Chazares
2911 5187 3108 5245 coepta,
3165 5176 3270 5230 sub
3327 5176 3483 5245 Irene

1901 5244 2120 5314 peracta
2167 5254 2316 5311 sunt,
2357 5246 2577 5311 quando
2602 5247 2805 5314 pariter
2832 5244 3026 5302 omnes
3052 5247 3118 5300 ad
3157 5244 3482 5300 Sacudionis

1902 5315 2294 5369 monasterium
2318 5330 2634 5379 secessere,
2689 5325 2748 5371 ut
2791 5330 2914 5371 mox
2974 5315 3224 5384 sequenti
3303 5314 3481 5383 capite

1905 5387 2135 5438 dicetur.

1971 5455 2082 5522 (l2)
2117 5455 2174 5508 S.
2204 5453 2493 5525 Tarasium
2519 5453 2624 5510 (ΞΡ.
2661 5456 3033 5525 patriarcham
3063 5454 3321 5525 intelligo
3345 5452 3477 5525 :qni

1902 5538 2027 5576 cum
2072 5525 2314 5592 piissima
2359 5523 2510 5577 lrene
2544 5523 2926 5581 ortlrodoxiam
2983 5526 3242 5585 restituit,
3287 5523 3480 5592 dabat-

1897 5608 2004 5659 que
2067 5590 2283 5666 nperam
2315 5607 2372 5666 ut
2405 5594 2658 5666 Ecclesia,
2712 5612 2834 5666 qua!
2862 5595 2966 5650 sub
2996 5590 3479 5666 lconomarhorum

1895 5662 2220 5733 tyrannide,
2259 5663 2337 5733 vel
2395 5663 2667 5733 episcopis
2731 5662 2956 5719 'orbatae
3013 5663 3357 5733 maerebant,
3400 5663 3479 5714 vel

1891 5729 2156 5804 haereticis
2174 5731 2412 5804 traditae,
2434 5729 2597 5800 lupos
2607 5750 2703 5804 pro
2720 5733 3026 5804 pastoribus
3042 5733 3187 5786 alere
3207 5729 3448 5804 cogeban
3464 5758 3479 5770 -

1889 5809 1996 5867 tur,
2034 5801 2117 5857 his
2138 5801 2343 5872 ejectis,
2374 5799 2644 5871 legitimos
2673 5799 2734 5860 et
2761 5803 3092 5860 orthodoxos
3121 5799 3473 5857 sortirentur.
