4018 6304
531 318 637 385 823

1723 325 1784 384 S.
1820 322 2210 384 THEODORI
2253 322 2600 385 STUDIT/E

3686 317 3791 383 824

533 447 769 504 rumque
794 431 1066 490 bonorum
1096 433 1374 505 satagebat
1403 434 1617 506 largiri,
1649 445 1711 490 ut
1754 446 1985 507 poterat,
2013 444 2108 492 aut

2244 437 2405 508 τέρῳ,
2438 435 2785 508 παρακλήσει
2832 431 3069 507 ἐξαίρων
3097 431 3158 488 τδ
3206 433 3391 502 ἄλγος,
3425 429 3519 485 καὶ
3583 448 3798 501 μακρο-

534 524 727 579 saltem
784 524 1119 580 consolando
1150 526 1393 581 dolorem
1420 529 1687 591 eximens.
1726 539 2110 599 exasperatum

535 628 778 669 maerore
813 616 1057 669 animum
1089 615 1324 670 leniebat
1344 618 1623 687 prolixiori
1650 618 2110 676 confabulatione.

545 703 685 769 Quid
718 705 913 759 mirum
938 706 961 758 ?
990 704 1212 760 Poterat
1242 722 1367 761 cum
1409 710 1716 764 venerando
1745 709 1849 765 Job
1878 711 2063 766 dicere
2092 725 2106 765 :

542 794 761 849 Salvum
791 795 1051 864 faciebant
1099 814 1315 868 egenum
1363 800 1426 853 de
1465 817 1621 853 ntanu
1663 802 1898 866 violenti,
1949 812 1998 855 et
2027 818 2115 855 or-

537 888 774 957 phanum
830 890 914 942 cui
960 905 1065 943 non
1112 902 1226 945 erat
1277 890 1492 960 adjutor
1525 908 1539 943 :
1573 893 1860 948 benedictio
1899 894 2118 962 perituri

539 996 697 1048 super
745 996 823 1033 me
859 979 1111 1043 veniebat,
1144 991 1193 1035 et
1250 999 1341 1037 cor
1374 983 1546 1037 uidua:
1594 984 1895 1038 consolatus
1951 1001 2067 1038 sum
2098 1000 2117 1038 :

542 1088 780 1134 causam,
829 1089 985 1143 quam
1025 1073 1339 1140 nesciebant,
1389 1076 1797 1144 diligentissime
1840 1077 2121 1147 investiga-

544 1163 664 1215 bam
693 1162 736 1218 τ.
765 1162 1103 1233 Quapropter
1133 1166 1524 1234 agnoscebatur
1573 1177 1631 1220 ut
1686 1177 1836 1236 pater
1864 1206 1881 1231 ,
1936 1166 2123 1221 lauda-

544 1256 710 1310 batur
741 1266 798 1311 ut
824 1266 1121 1326 protector,
1150 1257 1569 1313 bcnedicebatur
1626 1268 1687 1313 ut
1738 1268 1983 1325 curator,
2027 1259 2123 1314 vi-

546 1350 761 1412 sebant.
809 1352 1162 1415 occurebant,
1202 1351 1578 1422 suscipiebant
1604 1368 1728 1408 eum
1761 1362 1871 1406 tam
1899 1353 1994 1422 qui
2029 1367 2121 1408 so-

548 1441 786 1495 litariam
813 1457 976 1511 quam
1017 1443 1111 1513 qui
1172 1458 1518 1498 communem
1572 1444 1964 1512 prolitebantur
2026 1444 2125 1497 vi-

550 1542 659 1588 tam
697 1533 840 1604 (13);
871 1542 922 1588 et
956 1534 1245 1603 ultraquae
1274 1534 1552 1590 incolebat
1603 1534 1722 1591 loca
1772 1535 2124 1592 diﬂ'erebatur

547 1622 665 1689 ejus
695 1622 860 1686 tanta,
906 1638 1032 1679 cum
1059 1624 1111 1679 in
1137 1625 1382 1679 omnium
1421 1640 1517 1681 ore
1545 1634 1689 1681 esset
1740 1626 1915 1692 Plato,
1970 1625 2123 1681 velut

549 1730 640 1770 res
670 1716 908 1771 maxima
949 1725 1116 1787 atque
1144 1718 1467 1787 dignissima
1508 1734 1710 1789 :quem
1737 1718 1986 1789 proiecto
2024 1734 2125 1774 nec

2214 531 2348 601 τέρᾳ
2379 530 2701 600 διερωτήσει
2733 528 3025 583 άπαλύνων
3078 526 3177 598 τὴν
3216 524 3631 596 τραχυνομένην
3656 542 3794 595 acap-

2214 621 2333 676 δίαν
2362 620 2457 674 τοῦ
2488 620 2809 689 κάμνοντος.
2842 620 2908 672 Τί
2940 617 3252 687 θαυμαστὸν
3296 614 3438 685 πρὸς
3466 613 3665 679 ταῦτα,
3699 616 3797 667 καὶ

2216 710 2379 766 αὑτὸν
2419 711 2557 781 μετὰ
2596 710 2691 763 τοῦ
2740 710 2995 780 ἀοιδίμου
3042 707 3164 762 ’1ὼὸ
3197 709 3387 762 ἐκεῖνα
3441 706 3649 775 λέγειν’
3702 713 3798 759 Δι-

2216 800 2421 854 ἐσωσα
2445 800 2685 869 πτωχόν
2717 800 2787 853 ἐκ
2824 799 3024 869 χειρός
3047 798 3380 861 δυνάστου,
3427 797 3527 851 καὶ
3558 794 3801 866 ὀρφανῷ

2218 890 2288 948 οὗ
2317 896 2427 947 οὐκ
2457 888 2535 962 ἦν
2556 893 2787 960 ,ϐοηθὸς
2807 892 3133 959 ἐϐοήθησα,
3171 892 3367 959 στόμα
3391 889 3461 943 δὲ
3491 889 3684 958 χήρας
3713 904 3795 957 με

2219 986 2586 1055 ηὐλόγησεν,
2610 985 2791 1053 δίκην
2815 983 2883 1039 δὲ
2915 984 2995 1052 ῆν
3024 986 3135 1039 οὐκ
3165 983 3334 1053 ᾔδειν
3360 982 3699 1050 ἐξιχνίασα·
3724 973 3801 1034 ὧν

2220 1077 2406 1133 ἕνεκεν
2440 1078 2537 1131 καὶ
2568 1079 2644 1139 ὼς
2673 1077 2853 1149 πατὴρ
2879 1076 3230 1146 ἐγνωρίζετο,
3263 1076 3359 1128 καὶ
3375 1075 3452 1137 ὡς
3485 1076 3802 1146 προστάτης

2220 1167 2611 1239 ἐμεγαλύνετο,
2645 1170 2737 1223 καὶ
2763 1168 2838 1233 ὡς
2867 1166 3121 1239 κηδεμὼν
3147 1166 3542 1238 ὲμακαρίζετο,
3590 1162 3803 1235 όρώμε-

2221 1278 2332 1327 νος,
2378 1261 2795 1332 ἀπαντώμενος,
2864 1261 3224 1333 ξενιζόμενος,
3278 1259 3426 1331 παρὰ
3480 1258 3801 1328 μονασταῖς.

2225 1354 2379 1428 παρὰ
2410 1355 2655 1426 μιγάσιν,
2681 1357 2760 1418 είς
2789 1354 2858 1407 τά
2886 1355 3216 1423 ὑπερέκεινα
3247 1345 3323 1406 ὧν
3359 1352 3585 1423 ἠσκεῖτο
3616 1350 3804 1402 τόπων

2224 1448 2323 1514 τῆς
2351 1446 2480 1515 περὶ
2508 1444 2678 1499 αὑτοῦ
2730 1445 2920 1515 φήμης
2966 1440 3389 1516 διαδραμούσης,
3435 1440 3528 1494 καὶ
3583 1439 3807 1492 πάντων

2225 1537 2316 1590 τὸν
2346 1538 2611 1592 Πλάτωνα
2643 1540 2703 1592 ἐν
2731 1540 2849 1600 ταῖς
2887 1534 3099 1591 ἑαυτῶν
3127 1534 3424 1604 γλώσσαις,
3458 1533 3535 1596 ὼς
3572 1530 3718 1601 μέγα
3752 1546 3807 1583 τι

2228 1630 2323 1683 καὶ¹
2356 1610 2687 1696 άξιάγαστον
2717 1626 2931 1698 χρῆμα,
2963 1626 3336 1699 ἐπιφερόντων
3360 1640 3374 1655 ·
3404 1623 3462 1677 ὃν
3487 1623 3583 1676 καὶ
3614 1624 3644 1676 δ
3677 1620 3808 1692 μέλ-

2226 1717 2336 1771 λων
2386 1718 2575 1790 χρόνος
2621 1717 2684 1772 εὒ
2736 1714 2942 1772 οἷδ’ὂτι
2993 1716 3054 1772 ού
3105 1718 3403 1788 σιγήσειεν,
3449 1715 3610 1787 εἴπερ
3633 1711 3809 1785 ἀρετὴ

550 1804 732 1860 futura
764 1806 1001 1863 silebunt
1032 1817 1297 1879 tempora,
1332 1823 1456 1864 cum
1492 1809 1666 1866 virtus
1691 1826 1777 1866 res
1801 1812 1875 1867 sit
1902 1812 2126 1867 immor-

2244 1810 2468 1881 πρᾶγμα
2503 1810 2793 1881 ἀθάνατον.

552 1896 695 1951 talis.

1182 2032 1337 2089 CAP.
1372 2031 1460 2087 IV.

2842 2035 3091 2090 ΚΕΦΔΔ.
3135 2032 3208 2089 Δ’.

728 2140 1031 2213 Prwﬁcitur
1064 2142 1383 2199 Sacndiom‘s
1415 2145 1731 2199 monasterio
1765 2141 1943 2209 Plato,
1971 2153 2020 2197 et
2045 2158 2140 2213 pro
2166 2148 2497 2202 veneratione
2535 2158 2845 2203 sanctarum
2873 2147 3165 2217 imaginum
3184 2154 3294 2216 agtt
3322 2145 3373 2200 in
3407 2145 3659 2200 concilia.

622 2257 712 2312 2|.
738 2255 897 2314 Nunc
921 2259 1399 2313 commemoranda
1424 2259 1582 2314 nobis
1607 2260 1753 2313 venit
1768 2257 2115 2313 Christianis-

2299 2266 2405 2316 καθ.
2449 2262 2590 2316 Ἀλλ’
2615 2257 2750 2335 ἧκεν
2783 2262 2974 2333 ήμῖνή
3008 2259 3365 2333 χριστοφόρος
3391 2260 3625 2331 Εἰρήνη,
3658 2259 3693 2329 ή
3720 2275 3815 2327 φε-

555 2350 693 2406 sima
726 2349 898 2414 lrene,
936 2350 1186 2420 paciﬁca,
1217 2351 1375 2419 juxta
1399 2354 1483 2405 sui
1511 2351 1749 2406 nominis
1774 2361 2013 2421 ctymon,
2036 2350 2131 2403 im-

2244 2353 2497 2423 mvdpw;
2528 2353 2927 2424 βασιλεύσασα,
2964 2355 3022 2407 ὲν
3053 2347 3087 2429 ᾗ
3118 2351 3257 2424 μετὰ
3286 2353 3396 2407 τῶν
3427 2351 3606 2408 ἄλλων
3631 2350 3813 2405 καλῶν

557 2443 831 2513 peratrix;
874 2444 928 2498 in
967 2458 1076 2513 qua
1112 2445 1419 2513 ltocprutter
1447 2444 1552 2497 alia
1592 2442 1923 2497 laudandum
1962 2442 2129 2505 venit,

2244 2444 2326 2497 καὶ
2358 2446 2391 2515 ἡ
2429 2444 2525 2498 τοῦ
2577 2446 2828 2517 μονάζειν
2871 2447 3036 2500 παντὶ
3077 2444 3156 2517 τῷ
3206 2444 3517 2515 βουλομένῳ
3568 2442 3815 2513 ήνέῳκτο

555 2535 700 2606 quod
768 2536 870 2591 sub
916 2552 979 2589 ea
1012 2536 1083 2590 sit
1133 2546 1317 2606 aperta
1363 2536 1528 2605 ianua
1596 2535 1904 2591 volentibus
1962 2535 2129 2587 vitam

2244 2538 2394 2609 θύρα,
2440 2541 2608 2595 πάλαι
2656 2539 2763 2593 ὑπὸ
2803 2540 3035 2604 ἀσεϐοῦς
3093 2537 3372 2609 βασιλείας
3425 2535 3813 2605 κεκλεισμένη,

560 2629 916 2683 monasticam
974 2628 1249 2699 amplecti,
1279 2638 1404 2682 ante
1439 2628 1538 2681 hac
1575 2627 1930 2696 regnantibus
1948 2625 2131 2695 impiis

2244 2631 2486 2704 καθάπερ
2502 2631 2609 2685 ὑπὸ
2639 2631 3055 2702 Ἐλληνιζούσης
3075 2630 3136 2683 τὸ
3158 2628 3583 2699 Χριστιανίζειν.
3601 2624 3816 2679 Ἐντεῦ-

560 2720 705 2775 baud
753 2721 937 2776 minus
969 2720 1155 2775 clausa
1185 2720 1287 2775 sub
1336 2720 1573 2774 ethnicis
1613 2728 1730 2776 erat
1766 2720 1831 2773 ad
1863 2718 2134 2773 Christia-

2244 2724 2327 2778 θεν
2360 2726 2392 2793 ή
2427 2725 2552 2794 περὶ
2583 2725 2733 2795 ἡμᾶς
2785 2725 2883 2795 μὲν
2936 2722 3226 2786 πανέστιος
3283 2720 3560 2789 ἀποταγὴ,
3608 2717 3708 2771 τοῦ
3764 2716 3819 2771 δὲ

561 2813 823 2868 nismum.
858 2810 1012 2867 Tunc
1040 2813 1292 2867 universa
1351 2823 1537 2868 nostra
1588 2812 1799 2868 familia
1849 2813 2132 2867 renuntia-

2244 2819 2603 2888 πανευφήμου
2639 2817 2852 2888 Πατρδς
2884 2818 2917 2887 ή
2952 2813 3089 2884 μετὰ
3130 2813 3228 2886 τὴν
3264 2813 3494 2884 ἡσυχίαν
3523 2808 3820 2882 ἡγεμονία,

561 2906 639 2959 vit
666 2905 864 2960 saccqu
890 2922 904 2959 ε
926 2914 1053 2959 tunc
1068 2904 1454 2960 celeberrimus
1467 2905 1627 2961 Pater
1645 2914 1829 2961 noster
1845 2915 1964 2974 post
1985 2907 2138 2976 quie-

2244 2909 2297 2960 ού
2328 2907 2649 2978 βουλομένου
2671 2907 2791 2977 μὲν,
2832 2904 2955 2959 οὐδὲ
2986 2902 3315 2975 ὀρεγομένου
3340 2902 3528 2973 ἄρχειν
3550 2899 3691 2968 (πῶς
3716 2899 3823 2970 γάρ

562 3007 671 3052 tem
702 2997 1014 3053 solitudinis
1053 2997 1294 3067 suscepit
1330 2999 1674 3068 prmlaturam
1705 3017 1718 3053 :
1748 2998 2011 3067 suscepit,
2051 2998 2136 3051 itt-

2244 2998 2308 3053 ἆν
2336 3002 2363 3053 ό
2394 3000 2492 3061 τὰς
2530 2998 2790 3069 μεγίστας
2820 2992 3006 3065 φυγὼν
3029 2993 3203 3065 ἀρχὰς
3233 2992 3415 3063 ἐφέσει
3447 2988 3557 3042 τῶν
3599 2987 3826 3057 ὑφειμέ-

564 3105 750 3161 quam,
780 3105 878 3144 nec
906 3090 1094 3146 volens
1123 3105 1217 3145 nec
1248 3091 1473 3160 cupiens
1507 3090 1800 3161 (quomodo
1849 3090 2015 3152 enim,
2043 3089 2138 3161 qui

2244 3107 2350 3144 νων
2380 3088 2655 3156 ἡλίσκετο)
2679 3085 2817 3139 ἀλλὰ
2848 3086 2909 3138 τὸ
2944 3084 3045 3155 μὲν
3067 3080 3467 3143 κατακλασθεὶς
3486 3078 3592 3133 ὑπὸ
3623 3077 3723 3130 τοῦ
3745 3078 3827 3132 ατο

568 3182 837 3237 tnaaimas
868 3180 1104 3253 fugerat,
1135 3181 1460 3251 dignitatum
1486 3182 1837 3236 minimarum
1866 3181 2138 3237 desiderio

2251 3201 2419 3255 ματος
2452 3184 2753 3253 (εἰρήσεται
2797 3181 2907 3251 γὰρ
2932 3182 2979 3235 τ’
3005 3179 3225 3251 ἀληθὲς,
3259 3178 3307 3229 εἱ
3345 3175 3439 3229 καὶ
3494 3172 3828 3245 τραχύτερος

569 3274 920 3340 tencretur?),
957 3276 1051 3329 sed
1083 3274 1282 3343 partim
1318 3273 1853 3345 consanguineorum
1889 3275 2138 3344 precibus

2245 3278 2275 3330 ό
2299 3274 2501 3344 λόγος),
2547 3272 2608 3325 τό
2660 3271 2717 3325 δὲ
2742 3272 2839 3325 καὶ¹
2882 3269 3108 3331 ἐλπίσας
3137 3267 3234 3338 τὴν
3268 3264 3440 3333 αὐτὴν
3493 3262 3669 3334 [σχειν
3695 3262 3829 3333 ἠσυ-

571 3366 850 3422 emollitus
898 3365 1097 3437 (dicam
1148 3365 1297 3419 enim
1329 3367 1476 3435 quod
1511 3381 1599 3421 res
1637 3378 1740 3431 est,
1771 3366 1870 3420 etsi
1901 3365 2063 3435 paulo
2092 3367 2138 3421 id

2250 3367 2393 3439 χξαν,
2439 3364 2541 3419 κᾶν
2582 3366 2648 3435 τῇ
2672 3364 2992 3435 ἡγεμονείᾳ,
3019 3361 3156 3430 ὅπερ
3181 3359 3280 3429 οὐχ
3308 3351 3421 3410 οἷόν
3443 3372 3526 3409 τε.
3559 3354 3698 3408 Οὐδὲ
3725 3351 3831 3421 γάρ

573 3458 959 3515 inconcinnius
992 3448 1290 3528 videatur),
1319 3458 1517 3528 partim
1552 3457 1856 3523 conﬁdens,
1885 3458 2031 3527 quod
2062 3458 2138 3513 vel

2252 3457 2497 3527 ζητήσας
2514 3450 2640 3526 εὗρε
2654 3456 2715 3508 τὸ
2731 3454 3089 3524 ἐλπιζόμενον
3110 3467 3125 3481 ·
3143 3447 3437 3504 κάντεῦθεν
3458 3446 3611 3516 αὐτῷ
3636 3447 3689 3498 oi
3708 3442 3833 3497 πολ-

576 3551 630 3605 in
663 3551 777 3620 ipsa
805 3549 1127 3621 praefectura
1160 3557 1343 3618 posset
1374 3546 1662 3617 pristinam
1718 3546 1957 3615 quietem
2014 3562 2145 3602 con-

576 3659 797 3701 servare
832 3660 847 3698 :
876 3643 968 3699 sed
1006 3644 1110 3699 hoc
1138 3656 1480 3712 nequaquam
1508 3650 1567 3694 ut
1592 3640 1842 3709 sperabat
1873 3639 2145 3707 obtinuit;

580 3738 758 3791 multa:
778 3735 924 3790 enim
957 3734 1285 3789 tentationes
1314 3732 1363 3787 ei
1414 3746 1480 3786 ex
1516 3732 1618 3786 hoc
1649 3731 1829 3801 capite
1886 3748 2151 3802 provene-

580 3838 707 3882 runt
740 3844 754 3881 :
785 3843 816 3883 a
842 3826 1039 3897 quibus
1068 3842 1197 3881 vero
1228 3835 1283 3882 et
1308 3841 1404 3897 per
1448 3839 1591 3895 quos
1617 3838 1696 3878 eae
1742 3823 1945 3879 fuerint
1974 3827 2155 3881 susci-

2253 3550 2337 3603 λοὶ
2368 3547 2701 3610 πνεύσαντες
2734 3542 3033 3616 πειρασμοί
3057 3556 3072 3572 ⁸
3100 3542 3159 3596 τὸ
3191 3540 3249 3595 δὲ
3279 3540 3370 3610 ὑφ’
3398 3532 3472 3592 ὧν
3504 3539 3598 3591 καὶ
3624 3535 3697 3590 δι’
3717 3532 3833 3597 οὓς,

2256 3641 2458 3711 ἀφίημι
2483 3639 2686 3707 λέγειν.
2714 3639 2854 3691 αἰδοῖ
2876 3636 2983 3690 τῶν
3009 3633 3346 3705 προσώπων,
3372 3630 3513 3701 πλὴν
3545 3629 3699 3682 ἕλκει
3724 3626 3838 3697 βίον

2259 3733 2515 3803 ὀδυνηρόν
2546 3747 2604 3783 τε
2632 3731 2726 3785 καὶ
2767 3728 3054 3799 ἀνώμαλον
3078 3767 3094 3794 ,
3128 3727 3225 3780 καὶ
3267 3724 3368 3795 τῆς
3415 3720 3626 3785 οἰκείας
3672 3719 3838 3785 ἱξεως

2264 3824 2613 3897 άναρμόδιον.

579 3930 723 3987 tam,
755 3936 1111 3992 personarum
1135 3930 1379 3991 respectu
1475 3918 1655 3974 dicere
1708 3920 2094 3988 prmtermitto:
2133 3922 2235 3978 hoc
2268 3929 2481 3977 tantum
2548 3915 2819 3987 signiﬁco,
2885 3914 3029 3986 quod
3063 3912 3230 3969 vitam
3305 3908 3569 3967 molestiis
3598 3906 3837 3977 plenam.

579 4032 611 4073 a
634 4032 843 4088 suoque
888 4017 1134 4071 instituto
1162 4024 1216 4069 et
1270 4014 1550 4085 proposito
1586 4013 1977 4070 alienissimam
2009 4016 2248 4073 duxerit.

650 4109 742 4165 2‘2.
783 4107 922 4175 Quid
947 4118 1129 4162 autem
1188 4104 1319 4161 fecit
1373 4105 1627 4176 generosi
1680 4105 1851 4160 animi
1904 4107 2148 4178 rectique

581 4201 799 4259 consilii
828 4199 954 4255 viri
1004 4198 1299 4269 Postquam
1332 4199 1399 4253 ad
1440 4197 1786 4267 praelaturam
1828 4210 2043 4269 raptum
2096 4215 2156 4256 se

581 4294 741 4358 vidit,
773 4308 951 4364 neque
994 4308 1114 4347 eam
1146 4291 1385 4360 eﬁ'ugere
1415 4291 1692 4361 (quamvis
1722 4292 1789 4346 de
1824 4292 1928 4348 hoc
1959 4293 2159 4363 smpius

582 4384 930 4451 deliberaret)
964 4383 1101 4439 citra
1141 4380 1445 4453 periculum
1466 4396 1663 4450 posse;
1694 4383 2156 4452 quemadmodum

584 4478 916 4549 gubernator
974 4475 1238 4546 prudens.
1293 4473 1349 4528 in
1410 4472 1592 4528 medio
1651 4472 2157 4543 circumstrepentis

585 4569 839 4642 procellae
868 4566 1227 4628 constitutus,
1255 4578 1475 4619 omnem
1506 4563 1676 4617 animi
1706 4573 1982 4633 torporem
2037 4580 2067 4618 a
2099 4577 2158 4618 se

585 4659 861 4724 excussit;
892 4666 947 4713 et
981 4656 1176 4711 utentis
1205 4655 1397 4711 oculos
1444 4670 1664 4709 sursum
1716 4655 2007 4721 attollens,
2072 4655 2158 4709 in-

2328 4108 2429 4181 κβ’.
2471 4107 2632 4163 Ἀλλὰ
2665 4106 2719 4160 τί
2751 4104 2896 4158 ποιεῖ
2928 4103 2957 4157 ό
2986 4104 3232 4170 γενναῖος
3275 4102 3484 4164 ἐκεῖνος
3519 4098 3705 4170 ,ὅντως
3744 4100 3840 4155 καὶ

2260 4204 2585 4267 εύούσουλος
2610 4218 2625 4266 ;
2670 4198 2894 4268 Ἐπειδὴ
2916 4195 3062 4265 ἑώρα
3090 4195 3283 4247 ἑαυτὸν
3313 4193 3595 4247 ἑαλωκότα
3614 4194 3684 4263 τῇ
3710 4209 3842 4264 προ.

2264 4297 2480 4367 στασίᾳ,
2518 4294 2615 4348 καὶ
2643 4291 2835 4360 φυγεῖν
2876 4286 3082 4354 ταύτην
3129 4284 3228 4337 οὐκ
3277 4283 3577 4346 ἀκίνδυνον,
3638 4283 3842 4354 καίπερ

2265 4386 2527 4447 πολλάκις
2583 4379 3033 4452 βουλευσάμενος,
3065 4367 3156 4426 οἷά
3216 4389 3303 4435 τις
3330 4370 3752 4440 οἰακοστρόφος.
3787 4373 3843 4424 ὲν

2266 4479 2419 4548 μέσῳ
2452 4474 2721 4534 κλύδωνος
2751 4467 3119 4539 περιζέοντος,
3154 4463 3212 4517 τὸ
3254 4461 3354 4531 τῆς
3396 4461 3575 4531 ψυχῆς
3610 4461 3846 4524 όκνῶδες

2264 4566 2719 4635 ἀποσεισάμενος,
2760 4561 2854 4614 καὶ
2906 4560 2969 4612 τὸ
3020 4557 3119 4626 τῆς
3148 4554 3386 4616 διανοίας
3428 4552 3584 4622 όμμα
3612 4552 3846 4621 ὑψιφρό-

2266 4677 2371 4724 νως
2396 4656 2705 4720 ἀνατείνας,
2740 4652 3018 4723 ἰχνηλατεῖ
3048 4647 3233 4701 λοιπὸν
3256 4645 3382 4706 τοὺς
3412 4643 3520 4697 τῶν
3552 4643 3843 4714 μακαρίων

585 4754 857 4825 vestigare
883 4752 1052 4823 ccepit
1072 4751 1313 4805 virorum
1350 4756 1671 4805 sanctorum
1705 4748 1869 4815 vitas,
1934 4763 2041 4803 non
2095 4763 2138 4801 at

2263 4752 2474 4821 ἀνδρῶν
2501 4751 2650 4821 βίους
2673 4764 2689 4778 ’
2722 4747 2784 4800 ού
2817 4744 2953 4815 πρὸς
3009 4741 3077 4795 τά
3138 4739 3383 4812 προσεχῆ
3417 4737 3845 4806 παραδείγματα

587 4844 828 4901 recentia
866 4842 1112 4913 exempla
1145 4841 1444 4911 respiciens
1484 4838 1625 4910 (hac
1653 4842 1798 4894 enim
1838 4839 2162 4909 plerumque

586 4938 819 4995 distorta
852 4934 1191 5005 confusaque
1224 4933 1395 5004 sunt),
1416 4935 1509 4987 scd
1542 4931 1609 4986 ad
1639 4931 1987 5002 archetypam
2031 4945 2163 5000 apo-

588 5030 796 5089 stolicte
829 5029 955 5084 vitae
985 5026 1300 5095 imaginem,
1330 5024 1477 5095 quod
1504 5022 1684 5078 facere
1720 5032 1934 5093 oportet
1970 5038 2166 5079 omnes

589 5136 686 5179 eos
717 5118 1082 5193 quiperfecta
1126 5116 1346 5172 virtutis
1381 5115 1741 5172 simulacrum
1770 5113 2082 5185 exprimere
2110 5116 2162 5169 in

591 5230 651 5271 se
693 5214 944 5283 cupiunt,
984 5220 1037 5266 et
1071 5211 1236 5264 vitam
1272 5210 1461 5263 volunt
1490 5207 1557 5262 ad
1588 5206 2003 5262 similitudinem
2065 5206 2168 5263 Pa-

592 5314 736 5361 trum
771 5314 939 5374 atque
971 5302 1039 5359 ad
1067 5301 1297 5358 salutem
1339 5299 1644 5355 instituere.

661 5398 757 5456 23.
778 5397 1025 5455 Primum
1054 5405 1234 5451 autem
1270 5394 1377 5451 hoc
1411 5390 1559 5456 fecit,
1594 5400 1649 5447 et
1692 5393 1913 5464 quidem
1971 5390 2165 5447 admo-

663 5532 827 5592 'Job.
860 5551 917 5602 ν,
951 5533 1058 5600 ιὸς
1089 5530 1354 5598 3:11.11.
1394 5529 1480 5585 16.

2263 4845 2498 4916 βλέπων,
2544 4842 2669 4896 ἐπεὶ
2714 4838 2846 4904 λοξὰ
2890 4838 2987 4892 καὶ
3031 4830 3440 4904 συγκεχυμένα,
3471 4828 3611 4899 πρὸς
3651 4827 3711 4880 δὲ
3748 4827 3848 4896 τὴν

2261 4936 2569 5006 ἀρχέτυπον
2621 4932 2814 4985 εἰκόνα
2865 4929 2969 4999 τῆς
3024 4920 3389 4992 άποστολικῆς
3424 4917 3574 4988 ζωῆς
3602 4919 3847 4973 ἀποσκοο

2266 5026 2381 5079 πῶν
2412 5023 2459 5094 (ὃ
2488 5022 2570 5075 δεῖ
2604 5021 2811 5083 πάντας
2840 5018 2966 5079 τοὺς
2996 5015 3094 5085 τῆς
3126 5011 3329 5082 ἀρετῆς
3368 5007 3624 5079 γραφέας
3648 5008 3844 5068 ποιεῖν,

2263 5116 2316 5169 εῐ
2335 5131 2398 5183 γε
2441 5113 2691 5185 μέλλοιεν
2734 5107 3129 5181 Πατροείκελον
3146 5104 3239 5157 καὶ
3283 5101 3552 5171 σωτήριον
3592 5098 3687 5151 τὸν
3722 5099 3849 5151 ἑαυ-

2268 5204 2379 5259 τῶν
2415 5204 2525 5275 βίον
2552 5199 3018 5274 ἀπεργάζεσθαι),
3054 5194 3270 5268 πρῶτον
3316 5191 3477 5246 τοῦτο
3530 5191 3718 5255 ποιεῖ,
3760 5186 3852 5242 καὶ

2271 5299 2392 5353 λίαν
2426 5296 2714 5359 νεανικῶς.

2352 5386 2462 5456 κγ’.
2493 5389 2585 5450 Εἰς
2615 5387 2713 5450 τὰς
2743 5383 2838 5438 τοῦ
2870 5380 3109 5455 μεγάλου
3140 5379 3235 5434 καὶ
3265 5379 3527 5452 Θεοφόρου
3568 5378 3852 5434 Βασιλείου

2100 5638 2345 5698 ΝΟΤᾹΣ.

664 5748 781 5822 (l3)
812 5744 998 5803 Graece
1028 5743 1272 5816 μιγάδες.
1314 5741 1544 5799 Sirlctus
1587 5738 1896 5811 cottjugatos
1951 5736 2128 5804 vertit,

2271 5731 2585 5805 μονασταῖς,
2620 5722 2923 5788 monachis,
2952 5736 3044 5776 eos
3067 5716 3305 5790 opponit.
