4018 6304
188 378 308 444 825

913 383 1192 448 ORATIO
1224 387 1434 448 Χίμο-
1461 384 1841 447 LAUDATIO
1881 387 1943 447 S.
1973 387 2342 448 PLATUNIS
2368 386 2743 448 IIEGUMEN
2753 386 2802 447 Ι.

3346 384 3452 449 826

189 491 529 564 νομοθεσίας
577 491 855 556 εἰσελθὼν,
885 494 958 558 ὡς
1009 496 1066 547 ὲν
1096 496 1431 565 παραδείσω,
1464 497 1558 550 καὶ
1591 493 1773 565 εὑρὼν

1880 495 2007 550 dum
2064 503 2304 551 strenue.
2363 496 2420 550 In
2464 496 2646 567 magni
2689 507 2854 567 atque
2887 494 3057 550 divini
3111 494 3296 548 Basilii
3345 495 3450 549 lte-

189 581 627 654 ἐναντιουμένην
653 587 717 656 τῇ
754 587 1012 658 μοναδικῇ
1043 589 1289 660 πολιτείᾳ
1311 587 1409 659 τὴν
1429 587 1777 658 ἀνθρωπίνην

189 679 522 747 συνήθειαν,
589 679 721 748 πρὸς
747 679 824 749 τῷ
875 677 970 730 τοῦ
1030 679 1237 748 θήλεως
1286 677 1411 748 ζώῳ
1452 677 1666 741 δούλαις
1710 679 1778 732 τὰ

188 770 450 826 κοινόϐια
464 771 830 842 διοικούμενα,
874 770 1166 824 κάντεῦθεν
1192 771 1392 834 πολλὰς
1409 771 1508 834 τὰς
1549 771 1776 836 ἀτοπίας

191 862 557 933 τικτομένας,
595 861 815 932 μείζους
843 861 898 914 δὲ
932 861 1029 925 τὰς
1054 860 1290 932 ψυχικὰς
1318 859 1519 931 ζημίας
1546 863 1776 930 ὑφιστα-

192 954 397 1022 μένας,
445 956 548 1025 ὅρα
603 954 655 1006 τί
705 955 1018 1024 ἐργάζεται.
1062 955 1466 1025 Ἐπερωτήσεσι
1514 954 1776 1025 πρότερον

191 1048 553 1118 χρησαμένος
595 1048 750 1116 παρά
786 1046 894 1100 τῶν
925 1043 983 1099 εὖ
1011 1047 1248 1109 εἰδότων,
1279 1046 1353 1110 ὡς
1386 1047 1450 1100 ἂν
1477 1048 1614 1118 μηδὲ
1643 1047 1779 1114 αὑτδ

189 1139 254 1190 τὸ
313 1138 482 1191 καλὸν
533 1139 890 1196 ἀϐασάνιστον
937 1138 1020 1209 εἴη
1048 1139 1166 1210 (τῆς
1198 1140 1307 1210 γὰρ
1380 1141 1776 1210 αὑταρεσκείας

188 1231 394 1302 πόρρω
427 1232 624 1294 νεύων,
658 1232 758 1285 οὑκ
793 1225 860 1301 ἦν
885 1248 960 1293 τι,
992 1230 1021 1284 ὃ
1047 1231 1122 1301 μὴ
1141 1230 1502 1301 συμϐουλίαις
1519 1232 1777 1304 διεπράτ-

189 1326 368 1387 τετο),
430 1325 745 1394 καινοτομεῖ
768 1325 866 1388 τὰς
889 1323 1149 1391 ἑκνόμους
1195 1322 1522 1393 παραδόσεις
1563 1325 1641 1387 ὡς
1689 1342 1778 1394 φι-

187 1415 470 1479 λοκάκους
497 1416 760 1486 αἱρέσεις,
800 1416 891 1468 καὶ
917 1416 1150 1484 καθιστᾷ
1183 1415 1242 1467 τὸ
1276 1415 1470 1468 ἑαυτοῦ
1501 1418 1774 1486 μοναστή·

192 1525 312 1578 ριον
351 1507 490 1578 ἄτερ
547 1507 769 1572 δούλων,
816 1507 919 1573 ἔξω
971 1505 1064 1559 τοῦ
1117 1506 1322 1575 θήλεως
1356 1502 1497 1569 ζώου
1529 1507 1652 1577 δίχα
1681 1509 1780 1578 ip.-

189 1597 440 1668 πορικῆς
474 1597 641 1666 ἄλλης
691 1597 977 1666 προσόδου,
1013 1595 1168 1648 ama
1215 1595 1497 1665 καπηλικά
1538 1596 1699 1668 κέρδη
1749 1599 1777 1650 ὁ

189 1690 358 1752 αὑτὸς
393 1689 534 1752 θεῖος
566 1689 845 1750 Βασίλειος
889 1687 1191 1756 ὀνομάζων,
1234 1689 1501 1754 φεσδκταῖα
1533 1689 1773 1757 εἴρηκεν.

191 1781 417 1834 Γίνεται
447 1779 503 1832 δὲ
533 1782 565 1850 ή
599 1779 938 1848 κατόρθωσις
967 1778 1066 1830 οὑκ
1091 1778 1352 1847 ἀμογητὶ,
1379 1777 1515 1832 ἀλλά
1546 1778 1655 1848 γάρ
1684 1778 1779 1832 καὶ

191 1868 313 1922 λίαν
369 1867 775 1938 περιστατικῶς
823 1869 887 1920 ἐκ
934 1867 1042 1919 τῶν
1093 1866 1545 1936 συνασκουμένων
1592 1865 1774 1937 ἀηθῶν

189 1961 386 2028 ὄντων,
415 1961 507 2014 καὶ
530 1962 595 2014 ἑκ
622 1960 730 2013 τῶν
754 1957 953 2021 ἔξωθεν
978 1957 1450 2029 ἀντιπραττόντων
1471 1956 1550 2028 τῷ
1584 1957 1775 2028 ἀγαθῷ

191 2053 413 2122 σκοπῷ,
444 2051 543 2104 οὑκ
578 2052 775 2120 ὀλίγων
799 2050 1173 2120 ὑπαρχόντων.
1205 2049 1314 2102 Καὶ
1346 2048 1406 2102 οὑ
1436 2048 1771 2118 θαυμαστόν⁸

191 2146 318 2198 ἐπεὶ
385 2144 526 2216 μηδὲ
584 2143 871 2215 συνήθειαν
917 2142 1213 2212 περικόψαι
1260 2141 1367 2194 τῶν
1419 2141 1632 2212 ῥᾴστων
1682 2142 1776 2194 καὶ

191 2238 466 2301 εὑπετῶν,
498 2237 635 2307 μηδέ
665 2253 717 2290 τι
768 2235 1133 2306 ἀνεπίφθονον
1164 2234 1274 2288 τῶν
1301 2230 1600 2295 ἐπαινετῶς
1623 2231 1775 2286 ἑλου-

194 2331 397 2400 μενων.
435 2329 560 2401 Ἀρ*
593 2325 686 2383 οῦν
715 2329 813 2400 οὑχ
847 2325 1304 2399 ὑπερανεστώσης
1328 2326 1566 2390 διανοίας
1595 2326 1771 2397 ἀπορ-

195 2422 432 2493 ραγῆναι
515 2421 844 2483 ἐπιϐλαϐοῦς
919 2417 1311 2491 παραδόσεως,
1384 2417 1476 2471 καὶ
1535 2414 1774 2469 τοιοῦτον

191 2515 482 2584 προθεῖναι
555 2514 747 2567 ἑαυτὸν
802 2511 1109 2580 ὑπόδειγμα
1151 2509 1314 2562 καλὸν
1358 2511 1471 2572 τοῖς
1509 2505 1776 2579 βουλομέ-

191 2623 303 2671 νοις
342 2607 420 2677 μὴ
450 2605 612 2676 μόνον
639 2605 890 2675 ὀνόματι,
920 2605 1058 2657 ἀλλὰ
1083 2604 1175 2658 καὶ
1197 2603 1483 2674 πράγματι
1499 2599 1772 2672 μονάζειν,

194 2697 288 2749 καὶ
315 2697 517 2749 οἰκεῖον
556 2693 636 2763 τῷ
669 2693 766 2764 βίῳ
801 2695 892 2747 καὶ
920 2694 982 2745 τὸ
1022 2694 1181 2763 ἔργον
1213 2693 1378 2762 ἔχειν.
1425 2691 1548 2754 Πῶς
1575 2692 1682 2759 γὰρ
1709 2689 1773 2742 ἂν

195 2787 471 2860 μοναστὴς
506 2786 796 2857 ἀληθινὸς,
827 2785 1192 2848 ὁδεσποτείας
1233 2784 1396 2854 φόϐον
1435 2783 1639 2848 δούλοις
1675 2784 1775 2835 ἐπ-

195 2881 612 2950 ανατεινόμενος
641 2895 656 2943 ;
688 2879 721 2949 ἢ
757 2879 875 2942 πῶς
915 2878 1240 2948 ἀγοήτευτος
1283 2877 1382 2946 τὴν
1428 2877 1620 2946 ὅρασιν
1653 2875 1681 2926 ό
1712 2876 1775 2927 ὲκ

195 2975 430 3046 θεωρίας
482 2973 577 3026 τοῦ
637 2971 883 3034 συνόντος
942 2970 1090 3040 αὑτῷ
1145 2968 1478 3040 ὑπουργικοῦ
1567 2968 1772 3037 θήλεως

195 3069 442 3138 ἀσκητὴς
479 3064 1028 3135 καθυπηρετοὺμενος
1058 3081 1072 3128 ;
1112 3066 1313 3131 ὅπουγε
1345 3063 1440 3115 καὶ
1458 3063 1650 3113 τούτου
1683 3063 1775 3112 ὲκ-

195 3161 281 3224 sb;
315 3161 601 3230 ὑπάρχων,
631 3158 710 3230 τῷ
743 3157 988 3228 ἐμφυλίῳ
1021 3157 1242 3226 πολέμῳ
1283 3155 1620 3225 συνϐἐϐηκεν
1651 3154 1771 3207 ἀλί-
1800 3193 1846 3254 c

199 3254 446 3307 σκεσθαι.
478 3251 693 3321 Ἥψατο
726 3248 1017 3321 τοιγαροῦν
1062 3251 1089 3303 ό
1138 3249 1298 3319 ζῆλος
1365 3249 1471 3302 τῶν
1518 3247 1772 3316 ἐγγύθεν,

198 3345 290 3397 καὶ
343 3343 647 3414 μετέλαϐον
707 3340 800 3394 τοῦ
841 3342 1051 3403 ἀγαθοῦ
1086 3342 1135 3393 οί
1179 3342 1416 3410 φιλόθεοι
1471 3342 1772 3413 πόρρωθεν,

197 3436 446 3498 κάκεῖνος
485 3433 544 3486 τὸ
561 3431 716 3496 κλέος
739 3432 1041 3496 διαιωνίζον
1079 3431 1446 3501 ἀπηνέγκατο.
1478 3433 1537 3484 ΕΞ
1578 3433 1634 3483 δὲ
1682 3435 1776 3486 καὶ

200 3529 352 3582 ἄλλον
385 3528 546 3598 ἔσχεν
572 3527 975 3595 συναγωνιστὴν
1000 3542 1058 3577 τε
1099 3525 1194 3577 καὶ
1234 3523 1604 3594 συλλήπτορα,
1632 3525 1776 3596 φημὶ

199 3621 262 3690 δὴ
292 3623 383 3672 τὸν
408 3619 585 3673 ταῦτα
621 3617 850 3684 λέγοντα
893 3616 987 3669 καὶ
1025 3616 1326 3686 γράφοντα,
1356 3615 1434 3682 τῷ
1472 3617 1645 3686 Πατρὶ
1677 3617 1776 3686 τὴν

203 3713 356 3780 χάριν
391 3710 652 3766 ἀνεκτέον
675 3723 691 3738 ’
721 3708 872 3764 παιδὶ
901 3711 1009 3780 γὰρ
1040 3710 1309 3780 προσήκει
1353 3709 1415 3762 τὸ
1454 3711 1630 3764 πάντα
1670 3728 1776 3763 πα-

201 3801 466 3873 τρὼζειν,
500 3804 598 3856 καὶ
641 3801 763 3857 ὅλον
820 3801 1012 3856 ἑαυτὸν
1065 3800 1398 3872 ἐμπαρέχειν
1454 3801 1533 3872 τῷ
1583 3803 1776 3873 γεννή⁹

203 3910 336 3964 τορι.

274 3987 370 4040 κδ’.
401 3986 640 4040 Ἔπειτα
669 3985 1007 4058 περιστέλλει
1037 3985 1231 4040 ἑαυτὸν
1275 3988 1338 4038 ἐκ
1381 3983 1491 4038 τῶν
1523 3987 1580 4039 ἐν
1622 3986 1777 4041 ἄστει

208 4078 470 4146 προόδων,
495 4078 562 4129 ὲκ
585 4076 870 4139 συνουσίας
902 4075 1355 4147 ἀγχιστευόντων,
1384 4078 1449 4130 ὲκ
1473 4077 1778 4147 συνδιατρι-

208 4169 304 4238 ϐἦς
341 4170 649 4242 ἀρχόντων,
675 4168 804 4222 εἴσω
829 4168 928 4239 τῆς
962 4171 1337 4239 πνευματικῆς
1373 4170 1544 4240 αὑλής
1590 4171 1779 4242 ἐρηρι-

210 4259 400 4329 σμένον
433 4259 576 4329 ἔχων
603 4258 694 4311 τὸν
713 4257 849 4312 πόδα
867 4274 881 4288 ⁸
911 4260 1192 4312 ἐπιστατεῖ
1216 4261 1325 4322 τοῖς
1343 4259 1578 4328 λογικοῖς
1608 4261 1778 4332 Θρέμ-

211 4367 360 4419 μασι,
391 4350 700 4420 διατρὲρων
747 4349 1098 4415 διδασκαλίας
1140 4353 1268 4424 πόα,
1327 4355 1422 4406 καὶ
1459 4355 1779 4423 ναματίζων

211 4440 565 4509 κατηχήσεως
624 4438 855 4508 ῥείθρῳο
883 4438 944 4504 ἐξ
985 4433 1047 4496 οῦ
1076 4440 1128 4494 τί
1160 4443 1413 4509 γίνεται;
1456 4442 1693 4498 Εὑθαλεῖ
1743 4446 1776 4516 ή

1878 586 2056 655 gulas,
2085 587 2234 642 velut
2280 589 2334 643 in
2364 589 2676 658 paradisum
2709 590 3012 658 ingressus,
3075 596 3128 642 et
3161 586 3449 642 inveniens

1878 682 2194 736 monasticae
2230 683 2632 738 conversationi
2663 682 2998 738 contrariam
3037 695 3159 737 esse
3221 695 3453 735 consue-

1877 771 2120 827 tudinem
2161 773 2476 836 humanam,
2510 789 2617 843 qtta
2646 773 2928 828 inductum
2962 782 3098 838 erat,
3135 783 3193 827 ut
3231 781 3453 842 propter

1878 864 2098 921 feminei
2131 868 2348 938 generis
2402 865 2660 920 animalia
2714 865 2930 920 ancilla
2990 865 3044 918 in
3100 864 3449 919 monasteriis

1879 956 2185 1013 habitarent
2218 958 2351 1030 (14),
2392 959 2536 1014 unde
2575 959 2744 1014 multa
2780 959 3172 1030 proveniebant
3240 958 3452 1011 incom-

1879 1051 2059 1115 moda,
2087 1060 2138 1106 et
2172 1051 2353 1120 plures
2368 1053 2545 1121 quoad
2573 1051 2824 1122 spiritum
2854 1051 3147 1115 molestiae,
3181 1049 3301 1104 vide
3318 1049 3450 1120 quid

1877 1141 2068 1211 egerit.
2100 1141 2313 1195 Auditis
2341 1141 2663 1209 peritiorum
2703 1140 3016 1206 sententiis,
3049 1147 3109 1194 ut
3162 1155 3229 1193 ne
3268 1138 3448 1209 ipsum

1877 1230 2097 1302 quidem
2133 1231 2338 1286 honuni
2367 1232 2657 1286 temerarie
2681 1239 2866 1302 ageret
2893 1233 3106 1302 (procul
3167 1231 3310 1286 enim
3360 1245 3451 1285 re-

1878 1333 2056 1376 motus
2087 1323 2154 1377 ab
2184 1322 2516 1392 arrogantia,
2548 1323 2685 1378 citra
2720 1322 3182 1377 consultationem
3215 1321 3452 1376 faciebat

1878 1417 2061 1488 nihil),
2089 1418 2322 1472 abscidit
2357 1417 2668 1489 illegitimas
2728 1415 3052 1471 traditiones
3084 1417 3233 1470 velut
3282 1415 3452 1485 pesti-

1877 1509 2020 1565 feras
2051 1511 2283 1564 haereses
2308 1549 2324 1575 ,
2356 1525 2626 1580 suumque
2687 1508 3078 1564 monasterium
3139 1507 3448 1563 habendum

1877 1602 2164 1658 constituit
2217 1601 2426 1671 absque
2456 1601 2766 1669 mancipiis,
2799 1601 3006 1672 absque
3035 1600 3250 1655 feminei
3284 1615 3449 1654 sex-us

1878 1692 2226 1756 animalibus,
2258 1692 2466 1762 absque
2503 1691 2652 1746 omni
2691 1691 2798 1745 alio
2837 1691 3162 1746 mercatorio
3187 1699 3448 1760 proventu

1879 1801 2003 1856 quae
2053 1786 2388 1855 cauponaria
2429 1784 2582 1840 lucra
2618 1783 2760 1838 idem
2807 1785 3026 1840 divinus
3074 1783 3310 1838 Basilius
3355 1797 3451 1850 ap-

1880 1880 2110 1950 pellans,
2146 1877 2398 1948 fugienda
2431 1892 2554 1932 esse
2583 1877 2738 1932 dixit.
2760 1876 2986 1930 inducta
3013 1889 3096 1930 est
3124 1883 3306 1930 autem
3333 1877 3450 1929 itare

1877 1971 2192 2026 rel'ormatio
2223 1969 2367 2024 haud
2403 1983 2534 2023 sane
2595 1967 2770 2033 lacile,
2840 1967 2935 2023 sed
2998 1982 3256 2037 perquam
3310 1981 3449 2034 a-gre

1878 2070 1991 2115 tum
2028 2069 2248 2130 propter
2286 2059 2664 2114 cohabitantes
2715 2059 3047 2127 inexpertos,
3078 2066 3190 2110 tum
3229 2068 3449 2126 propter

1875 2163 2130 2208 externos
2158 2153 2308 2205 bona!
2333 2151 2421 2204 isti
2445 2148 2734 2204 intentioni
2773 2157 3137 2218 repugnantes
3175 2147 3306 2216 :qui
3340 2161 3446 2201 non

1875 2252 2033 2297 erant
2083 2242 2264 2312 pauci.
2295 2240 2479 2308 Neque
2511 2240 2561 2295 id
2592 2255 2728 2295 sane
2785 2239 3018 2305 mirum;
3045 2238 3174 2310 quia
3226 2252 3333 2292 non
3364 2246 3449 2292 est

1877 2335 2036 2390 facile
2064 2344 2160 2389 aut
2217 2334 2528 2404 expeditum
2585 2331 3038 2386 consuetudinem
3086 2330 3446 2394 exscindere,

1876 2443 2052 2499 neque
2087 2425 2291 2481 invidia
2345 2434 2535 2480 carent
2586 2423 2832 2495 pra-clari
2886 2431 3132 2478 conatus.
3193 2421 3448 2492 Nunquid

1875 2519 2020 2574 enim
2057 2518 2327 2589 praecelsa;
2358 2517 2556 2572 mentis
2583 2526 2667 2571 est
2694 2515 2948 2570 recedere
2977 2530 3008 2569 a
3064 2515 3224 2578 nos-ia
3279 2513 3449 2568 tradi-

1878 2612 2045 2674 tione,
2077 2626 2244 2680 seque
2273 2611 2449 2679 ipsum
2491 2624 2691 2679 ponere
2740 2608 2795 2662 in
2855 2608 3165 2678 exemplum
3218 2607 3444 2672 bonum,

1875 2705 2074 2759 volenti
2110 2702 2351 2756 solitarie
2376 2701 2576 2764 vivere,
2596 2715 2701 2754 non
2721 2698 2899 2754 solum
2922 2697 3262 2762 nomine,sed
3285 2696 3445 2751 etiam

1877 2813 1956 2861 re,
1985 2806 2039 2850 et
2068 2793 2396 2865 professioni
2454 2806 2755 2862 congruum
2801 2804 2940 2859 Opus
2990 2789 3234 2843 habere?
3298 2787 3448 2854 Quo-

1877 2888 2040 2942 modo
2070 2894 2252 2939 autem
2287 2899 2413 2938 vere
2442 2881 2722 2938 solitarius
2749 2880 2876 2945 erit,
2907 2879 3001 2950 qui
3056 2877 3450 2934 dominationis

1876 2979 2162 3048 mancipiis
2198 2974 2430 3030 incutit?
2463 2972 2750 3040 Quomodo
2776 2981 2958 3028 castos
2987 2971 3205 3024 habebit
3260 2969 3452 3024 oculos

1876 3079 2086 3125 ascetes
2132 3068 2241 3129 ille,
2293 3066 2384 3136 qui
2428 3063 2672 3118 mulieris
2729 3062 2833 3117 sibi
2863 3059 3232 3116 cohabitantis
3279 3060 3452 3115 utitur

1878 3159 2229 3215 ministerio?
2261 3173 2385 3212 cum
2411 3156 2575 3210 etiam
2602 3152 2886 3222 contingat
2900 3151 3138 3221 aliquos,
3167 3160 3321 3204 extra
3348 3151 3450 3205 hoc

1877 3254 2167 3310 discrimen
2196 3251 2424 3321 positos,
2457 3247 2598 3316 capi.
2663 3245 2903 3301 Accensa
2952 3255 3190 3312 estergo
3240 3243 3454 3297 vicino-

1879 3361 1998 3399 rum
2030 3341 2324 3404 aamulatio,
2365 3351 2417 3394 et
2446 3340 2512 3392 ad
2541 3337 2757 3408 longius
2785 3335 2995 3405 positos
3050 3332 3141 3388 Dei
3175 3342 3451 3387 amatores

1879 3432 2216 3503 participatio
2234 3428 2358 3485 boui
2381 3427 2581 3483 inventi
2603 3425 2884 3497 pervenit;
2910 3425 3027 3496 ipse
3043 3439 3170 3479 vero
3190 3435 3446 3477 zelen-nam

1878 3526 1978 3581 sibi
2007 3523 2344 3592 comparavit
2373 3521 2624 3592 gloriam.
2662 3517 2818 3586 Quod
2847 3517 2893 3571 si
2920 3516 3087 3570 alium
3113 3515 3303 3570 habuit
3327 3529 3456 3570 con-

1877 3619 1984 3673 silii
2017 3626 2178 3686 atque
2209 3615 2410 3668 laboris
2449 3614 2684 3678 socium,
2734 3612 2913 3679 ipsum
2946 3611 3038 3679 qui
3084 3610 3198 3662 haec
3238 3607 3372 3663 dicit
3398 3617 3455 3663 et

1878 3709 2090 3772 scribit,
2123 3707 2301 3762 omnis
2335 3707 2402 3760 ad
2429 3704 2645 3758 Patrem
2697 3701 2977 3757 referenda
3010 3710 3092 3755 est
3120 3701 3290 3771 gratia
3326 3699 3454 3753 :de-

1878 3810 1964 3856 cet
1988 3801 2133 3855 enim
2177 3801 2347 3852 lilium
2384 3798 2440 3852 in
2482 3795 2737 3850 omnibus
2761 3793 3058 3849 assimilari
3093 3794 3253 3862 patri,
3285 3807 3454 3862 seque

1880 3900 2052 3948 totum
2084 3890 2427 3944 formandum
2471 3889 2682 3941 tradere
2716 3884 2966 3955 genitori.

1947 3985 2038 4039 24.
2069 3983 2265 4039 Postea
2293 3979 2656 4049 sequestravit
2682 3994 2741 4034 se
2762 3978 2832 4032 al)
2858 3978 3084 4032 urbanis
3113 3962 3458 4031 circuitioni-

1878 4076 2006 4142 bus,
2041 4094 2068 4129 a
2100 4075 2520 4131 conversatione
2548 4072 2908 4126 habitantium
2933 4069 3202 4132 civitates,
3229 4084 3260 4124 a
3294 4067 3457 4121 fami-

1881 4167 2112 4222 liaritate
2151 4167 2391 4219 virorum
2453 4163 2786 4233 principum,
2820 4161 2962 4214 intra
2992 4160 3327 4228 spiritualem
3359 4174 3458 4211 au-

1880 4261 1988 4314 lam
2027 4257 2194 4312 tlxum
2228 4257 2472 4310 retinens
2522 4255 2752 4322 pedem;
2794 4251 2884 4306 ubi
2929 4251 3179 4304 rationali
3209 4248 3446 4303 intende-

1881 4352 1974 4407 bat
2006 4349 2176 4422 gregi,
2225 4362 2453 4419 pascens
2495 4361 2618 4399 eum
2653 4343 2916 4398 doctrina:
2971 4342 3239 4412 gramine,
3272 4349 3325 4394 et
3357 4357 3457 4408 po-

1883 4455 2006 4500 tans
2065 4441 2290 4497 (lumine
2338 4438 2738 4494 instructiouis.
2787 4434 2940 4491 Unde
2992 4435 3196 4489 factum
3256 4442 3362 4495 est,
3402 4444 3461 4489 nt

210 4529 330 4595 Δία,
362 4530 519 4597 αὔξει
543 4530 606 4583 τὸ
635 4529 904 4599 ποίμνιον,
940 4529 1150 4598 γίνεται
1178 4533 1524 4605 περιϐόητον,
1558 4534 1777 4600 δοξάζε-

1883 4533 2118 4592 l'ecundo
2168 4533 2413 4603 germine
2452 4529 2780 4599 proliﬁcaret
2818 4528 2935 4594 Lia,
2989 4544 3116 4599 gres
3166 4535 3461 4597 augeretur

211 4638 296 4675 ται
320 4624 348 4676 ό
382 4623 537 4692 ἆγιος
569 4623 724 4686 Θεὸς,
751 4623 880 4694 παρ’
920 4617 982 4676 οῦ
1013 4626 1119 4678 πᾶν
1159 4625 1466 4696 ἀνθρώποις
1490 4629 1551 4681 τὸ
1584 4645 1783 4699 κατορ-

215 4710 492 4783 θούμενον.
535 4713 678 4766 Ἀλλ’
710 4709 822 4767 οἷόν
849 4731 914 4784 με
941 4715 998 4766 ὲν
1029 4715 1180 4785 μέσῳ
1221 4717 1330 4769 τῶν
1358 4718 1662 4788 εἰρημένων
1686 4719 1782 4773 λα-

216 4801 317 4858 θὼν
347 4805 546 4877 μικροῦ
565 4806 675 4858 δεῖν
704 4807 1053 4877 παρέδραμεν
1082 4809 1094 4862 l
1131 4809 1270 4879 Ἤδη
1295 4812 1653 4881 κρατησάσης
1683 4813 1780 4881 τῆς

216 4895 469 4960 εὐσεϐοῦς
501 4896 765 4968 Εἰρήνης,
795 4899 890 4952 καὶ
918 4897 1128 4952 πολλῶν
1156 4898 1331 4968 λόγων
1359 4899 1663 4971 βαλλόντων
1684 4905 1781 4958 καὶ

1882 4637 1937 4684 et
1964 4626 2199 4686 celebris
2232 4624 2404 4689 ﬁeret,
2448 4620 2589 4675 Deus
2634 4630 2838 4682 autem,
2877 4628 2936 4672 ut
2979 4629 3240 4681 sanctus,
3272 4616 3465 4670 lauda-

1883 4732 2060 4783 retur,
2094 4733 2123 4771 a
2158 4731 2268 4786 quo
2297 4713 2608 4768 hominibus
2627 4726 2786 4766 onine
2811 4711 3013 4765 bonum
3052 4713 3317 4780 provenit.
3351 4708 3460 4763 Sed

1883 4812 2045 4882 quale
2075 4809 2206 4864 illud
2246 4817 2329 4863 est
2361 4806 2505 4876 quod
2551 4805 2604 4858 in
2669 4803 2847 4858 medio
2883 4803 3238 4857 dicendorum
3283 4801 3461 4856 latens

1890 4917 2081 4976 parum
2114 4899 2290 4956 abfuit
2316 4898 2449 4968 quin
2484 4896 2840 4966 praeterirem.
2889 4892 3026 4948 Cum
3053 4893 3166 4962 jam
3211 4899 3466 4963 regnaret

1723 5063 1954 5122 NOTAE.

287 5205 394 5272 ut)
431 5205 634 5279 GrreceA
655 5214 736 5259 est
784 5206 921 5279 πρὸς
959 5206 1035 5277 τῷ
1078 5206 1392 5279 τοῦῗθήλεος
1422 5207 1546 5277 ζὼῳ
1575 5209 1781 5276 δούλοις

219 5272 306 5350 τὰ.
330 5275 572 5350 κοινόϐια
611 5272 1068 5350 διοικούμεναηοι
1110 5272 1265 5350 infra:
1298 5272 1532 5350 καθιστᾷ
1565 5281 1623 5332 τὸ
1653 5272 1781 5333 ὲαυξ

221 5343 308 5417 τοῦ
339 5349 702 5415 μοναστήριον
730 5343 831 5410 ἔξω
860 5346 950 5399 τοῦ
985 5346 1176 5416 θήλεος
1197 5346 1356 5412 ζώου,
1379 5343 1777 5417 (ιυειίδίι-Ιθιω,

224 5413 528 5483 longissime
568 5413 836 5470 aberrans
871 5433 897 5468 a
937 5413 1114 5472 mente
1169 5413 1430 5482 auctoris,
1468 5420 1546 5473 sic
1590 5413 1781 5474 Latine

229 5484 466 5540 reddidit.
516 5486 652 5542 Cum
710 5487 1022 5557 [entinarum
1087 5487 1315 5540 raenobia
1359 5487 1780 5557 gubernarentur

227 5567 256 5603 n
284 5557 434 5610 servis
459 5557 722 5616 maribus.
780 5567 832 5610 ct
890 5555 1050 5621 infra,
1104 5555 1374 5626 suumque
1407 5561 1779 5614 momrslerinm

228 5626 484 5680 constituit
533 5627 747 5680 remotis
807 5628 964 5681 servis
1005 5645 1066 5681 ac
1133 5629 1454 5682 mulieribus.
1518 5628 1780 5683 Existimo

231 5691 323 5770 levi
375 5697 716 5752 correctione
755 5697 868 5752 llcri
908 5712 1089 5770 posse,
1123 5707 1181 5752 ut
1229 5707 1282 5752 et
1335 5698 1575 5770 feminas
1604 5715 1779 5753 rente-

231 5768 362 5842 visse
405 5784 453 5842 n
521 5782 628 5822 suo
673 5768 1020 5842 monasterio
1057 5768 1683 5842 sanctusAinlelligatur,
1722 5777 1773 5822 et

236 5837 472 5892 animalia
507 5853 745 5908 quorum
764 5854 928 5894 causa
971 5838 1071 5893 illae
1104 5837 1527 5900 adhibebantur;
1556 5851 1603 5892 et
1632 5840 1768 5892 hanc

1884 5224 2006 5265 esse
2042 5217 2278 5262 mentem
2317 5204 2607 5276 genuinam
2641 5201 2902 5276 auctoris,
2928 5201 3041 5276 qui
3071 5201 3137 5254 de
3165 5199 3458 5276 mulierum

1883 5279 2152 5335 coenobiis
2186 5293 2285 5332 ncc
2319 5271 2588 5344 cogitavit
2612 5273 2829 5342 quidem
2868 5273 3142 5344 cumhinc
3169 5271 3461 5344 scriberet,

1886 5350 2089 5419 patebit
2115 5340 2494 5419 examinanti.
2534 5340 2674 5419 Ergo
2701 5344 2761 5419 τὸ
2808 5343 2901 5394 τοῦ
2935 5343 3127 5411 θήλεος
3175 5341 3311 5403 ζῶον
3375 5340 3462 5419 in_-

1883 5413 2067 5489 ielligo
2103 5418 2289 5472 feniini
2323 5431 2487 5489 sexus
2522 5413 2797 5489 animalia,
2832 5428 3052 5489 vaccas,
3094 5426 3247 5489 oves,
3283 5413 3462 5477 capel-

1883 5490 1964 5543 las
1991 5479 2045 5543 ἕι
2078 5505 2197 5559 qum
2220 5489 2380 5559 etiam
2404 5487 2456 5540 in
2479 5485 2822 5559 monasteriis
2849 5485 3070 5536 aluntur
3097 5479 3162 5533 ad
3195 5479 3455 5543 feturam,

1887 5555 2122 5629 itemque
2153 5559 2219 5612 ad
2262 5557 2416 5629 lactis
2457 5565 2510 5610 ct
2541 5555 2682 5609 casei
2719 5562 3061 5629 proventum
3091 5569 3103 5604 :
3135 5559 3298 5629 atque
3353 5564 3457 5615 pro

1886 5620 2113 5694 δοὺλοίς,
2149 5629 2267 5698 lego
2305 5625 2561 5698 δούλαις(
2589 5620 2942 5698 quodautem
2975 5620 3318 5698 διοικεῖνιιοιι
3343 5632 3456 5698 βυ-

1886 5698 1995 5752 lum
2027 5688 2348 5766 gubernare,
2373 5695 2466 5752 sed
2495 5688 2654 5766 etiam
2686 5693 2930 5747 habitare
2958 5689 3248 5766 significet.
3271 5688 3453 5757 palam

1880 5759 2300 5892 cstaﬁissimulo
2336 5759 2530 5823 extera
2567 5765 2654 5820 hic
2687 5772 3088 5833 consequenter
3111 5759 3296 5814 minus
3325 5770 3454 5828 apte

1880 5844 1972 5892 red
2015 5849 2106 5892 ita.

1880 5838 2106 5892 reddita.
