4018 6304
539 330 641 393 827

1720 337 1781 398 S.
1822 337 2210 398 TIIEODORI
2255 335 2598 398 STUDlT/E

3679 331 3793 395 898

545 445 886 518 pientissima
918 447 1091 512 irene,
1127 460 1180 504 et
1206 450 1349 505 circa
1372 452 1728 520 quaestionem
1753 454 1821 510 de
1850 469 2112 509 veneran-

2233 455 2564 526 Βαλλομένων
2601 454 2729 525 περὶ
2761 454 2859 524 τῆς
2902 454 3006 508 τῶν
3049 469 3266 508 σεπτων
3313 449 3537 507 εἰκόνων
3583 454 3794 508 ὑποθέ-

547 540 632 593 dis
685 539 1015 608 imaginibus
1072 541 1126 595 in
1176 554 1462 613 utramque
1509 555 1716 614 partem
1745 547 1910 600 multa
1946 546 2114 614 jacta-

545 638 762 693 rentur,
792 641 918 684 ante
951 632 1149 687 multos
1175 645 1227 687 et
1256 650 1378 688 Cum
1410 636 1598 704 paucis
1630 637 1796 692 libere
1828 638 2111 692 veritatem

541 723 862 792 prolitetnr;
893 738 1094 795 pugnat
1144 735 1407 794 quantum
1459 738 1638 797 potest
1686 737 1877 783 contra
1930 730 2114 785 lcono-

542 814 790 867 Inachus.
815 814 1079 878 Quamvis
1101 818 1246 869 enim
1292 833 1397 870 nun
1438 829 1580 871 esset
1619 818 1983 888 dogmaticus.
2018 821 2114 874 sed

544 904 775 972 simplici
806 917 1051 961 uteretur
1086 923 1376 972 sermone;
1403 925 1524 964 cum
1563 921 1739 964 tamen
1774 910 2001 966 habebat
2027 927 2117 966 cu-

543 995 756 1060 piosum
813 996 988 1062 (juxta
1046 999 1283 1053 nominis
1330 1001 1436 1060 sui,
1478 1015 1507 1053 a
1555 1000 1838 1056 latitudine
1891 1001 2112 1071 sumpti,

545 1089 952 1154 proprietatem)
993 1099 1047 1143 et
1098 1090 1440 1158 persuasioni
1524 1106 1779 1160 perquam
1837 1093 2113 1147 idoneum.

545 1178 714 1243 Cujus
742 1179 818 1230 rei
852 1189 1229 1246 argumentum
1249 1190 1360 1243 est,
1388 1180 1532 1249 quod
1566 1182 1618 1235 in
1650 1197 1711 1236 ea
1747 1198 1865 1251 qua:
1893 1185 1957 1236 ad
1990 1200 2118 1236 san-

543 1277 660 1322 ctos
715 1270 986 1337 apostolos
1024 1281 1208 1324 coacta
1261 1281 1342 1324 est
1390 1273 1601 1343 synodo
1643 1274 1791 1342 (15),
1826 1276 1893 1328 ab
1926 1289 1990 1328 eo
2024 1275 2115 1344 qui

544 1369 673 1414 tunc
706 1371 815 1415 crat
845 1363 1151 1430 patriarcha
1185 1365 1390 1419 electus
1423 1365 1536 1433 ipse
1554 1365 1644 1429 sit,
1673 1366 1766 1434 qui
1825 1378 2118 1435 poneretur

549 1453 601 1503 iu
641 1456 897 1506 cathedra
953 1455 1270 1523 metropolis
1321 1455 1565 1509 omnium
1628 1456 2029 1521 illustrissimre,
2067 1467 2120 1511 et

541 1544 687 1597 sicut
726 1554 882 1597 antea
916 1559 1024 1597 non
1060 1545 1315 1600 timuerat
1355 1547 1534 1602 minas
1569 1546 1866 1601 faventium
1902 1548 2115 1611 haeresi,

542 1637 623 1689 sic
651 1651 825 1704 neque
867 1645 996 1691 tunc
1016 1637 1332 1690 formidavit
1357 1639 1782 1708 prohibitionem
1809 1640 2119 1695 incursum—

542 1744 648 1796 que
687 1728 895 1783 ordinis
944 1731 1230 1793 militaris,
1266 1731 1487 1800 quando
1538 1733 1582 1786 is
1619 1733 1877 1800 impetum
1912 1733 2038 1790 fecit.
2063 1733 2116 1786 in

543 1835 798 1890 magmnn
820 1821 948 1875 Illud
975 1823 1254 1890 templum,
1275 1826 1483 1879 insanis
1515 1826 1848 1880 clamoribus
1887 1827 2118 1896 patriar-

541 1913 656 1966 chae
711 1913 1054 1982 obstrepens,
1092 1925 1146 1969 et
1202 1918 1674 1986 pscudusynodttm
1718 1919 1945 1973 laudans
1987 1919 2116 1973 olim

541 2008 801 2059 adversus
829 2007 1092 2075 imagines
1144 2008 1407 2062 habitam.
1446 2009 1614 2065 Paulo
1661 2021 1802 2080 post,
1851 2027 1974 2064 cum
2006 2011 2119 2065 dis-

541 2094 754 2147 solutus
806 2104 954 2148 esset
999 2105 1176 2151 cretus
1223 2098 1331 2161 ille,
1376 2114 1474 2167 pro
1529 2081 1758 2152 veritate
1792 2099 2115 2153 stabilienda

543 2185 804 2238 collectus
827 2227 841 2250 ,
869 2189 1042 2241 evasit
1065 2187 1405 2256 imperatrix,
1432 2189 1579 2244 velut
1610 2205 1639 2243 e
1660 2190 1847 2244 medio
1872 2191 2114 2254 leunum,

545 2273 709 2337 facta,
753 2287 813 2329 ut
853 2277 932 2330 sic
983 2278 1199 2347 loquar,
1241 2282 1386 2334 circa
1434 2282 1757 2350 sanguinem
1792 2291 2037 2352 martyr;
2067 2289 2120 2333 et

546 2368 884 2435 hugumenus
936 2380 1120 2424 noster
1171 2372 1536 2441 patriarcham
1594 2381 1848 2438 secutus,
1904 2381 2123 2442 propter

2218 561 2374 606 σεως,
2408 543 2846 614 παρρησιάζεται
2882 542 2988 614 πρὸ
3011 542 3118 595 τῶν
3159 541 3370 594 πολλῶν
3419 543 3512 594 καὶ
3548 544 3644 596 σὺν
3675 544 3792 595 61(-

2215 653 2332 703 γοις
2365 635 2459 704 τὴν
2486 636 2761 706 ἀλήθειαν,
2792 635 3022 704 μάχεται
3041 636 3154 696 τοῖς
3175 634 3624 703 είκονομαχοῦσιν
3653 634 3794 688 καθ-

2215 723 2340 776 ὄσον
2373 716 2484 774 οἷόν
2513 739 2593 788 τε,
2627 724 2748 774 ἐπεὶ
2780 722 2917 793 μηδὲ
2950 723 3278 792 δογματικδς
3307 718 3396 794 ἧν,
3431 723 3545 776 ἀλλ’
3575 725 3793 778 ἁπλοῦν

2219 811 2318 879 μὲν
2335 812 2425 865 τὸν
2439 812 2616 880 λόγον,
2634 812 2946 883 εὐρύχωρον
2962 813 3008 864 δ’
3023 814 3171 881 ὅμως
3189 830 3251 880 φε
3263 811 3402 883 ρωνύ
3412 811 3527 883 μως
3547 815 3639 866 καὶ
3662 831 3755 869 πει
3768 845 3790 855 -

2218 903 2377 974 θήνον
2394 903 2740 976 [ί.πειοανὸν]
2758 904 2914 973 ἔχων.
2935 904 3232 968 Ἀπόδειξις
3250 905 3359 958 τῶν
3384 907 3710 977 εἰρημένων,
3726 908 3792 960 τὸ

2217 999 2274 1049 ἐν
2305 996 2540 1067 καθέδρᾳ
2573 996 2958 1067 μητροπόλεως
2977 995 3084 1050 τῶν
3114 997 3431 1066 ἐπιφανῶν,
3463 999 3521 1050 ὲν
3545 1001 3610 1067 τῇ
3646 999 3791 1053 κατὰ

2215 1089 2344 1149 τοὺς
2391 1088 2578 1155 ἁγίους
2612 1087 2966 1150 Ἀποστόλους
3008 1089 3228 1160 συνόδῳ,
3251 1091 3402 1159 παρὰ
3423 1089 3788 1159 τοῦτηνικάδε

2218 1178 2639 1251 προεδρεύοντος
2667 1178 2785 1232 κατ’
2814 1177 3042 1248 ἐκλογὴν
3072 1179 3296 1248 τεθῆναι
3319 1180 3410 1233 τὸν
3439 1181 3626 1250 ἀνδρα,
3659 1181 3790 1234 οὔτε

2218 1269 2483 1339 πρότερον
2511 1268 2812 1338 πτοηθέντα
2849 1269 2947 1331 τὰς
2975 1269 3204 1332 ἀπειλὰς
3231 1270 3340 1322 τῶν
3373 1271 3788 1340 αίρετιζόντων,

2217 1355 2341 1410 οὕτε
2397 1356 2694 1426 τηνικαῦτα
2743 1355 3131 1428 ὑποπτήξαντα
3181 1359 3282 1429 τὴν
3335 1360 3650 1430 ἀποτροπὴν
3693 1365 3792 1417 καὶ

2218 1449 2517 1518 ἐπιδρομὴν
2552 1447 2643 1501 τοῦ
2692 1449 3081 1519 στρατιωτικοῦ
3124 1451 3418 1521 τάγματος,
3469 1451 3630 1522 ἡνίκα
3678 1453 3793 1524 ὥρ-

2222 1557 2395 1611 μησεν
2410 1541 2544 1611 πρὸς
2561 1542 2650 1593 τὸν
2668 1541 2843 1610 μέγαν
2870 1542 3028 1607 νεὼν,
3055 1543 3337 1597 καταϐοῶν
3377 1544 3470 1597 τοῦ
3496 1544 3790 1615 προέδρου,

2220 1633 2314 1686 καὶ
2345 1633 2550 1703 ἀνευφη
2561 1632 2678 1703 μῶν
2722 1635 2815 1687 τὸν
2842 1636 2984 1688 κατὰ
3011 1635 3120 1689 τῶν
3157 1637 3372 1690 σεπτῶν
3401 1638 3626 1690 εἰκόνων
3653 1637 3796 1706 ψευ-

2220 1724 2559 1793 δοσύλλογον.
2587 1726 2693 1778 Καὶ
2744 1726 2940 1796 μικρὸν
2981 1725 3227 1797 ὕστερον,
3260 1729 3420 1782 ὁπότε
3465 1728 3706 1783 διελύετο
3733 1732 3798 1783 τδ

2221 1819 2318 1886 τῆς
2348 1817 2603 1888 ἀληθείας
2626 1818 2919 1889 ἄθροισμα,
2950 1821 3046 1872 καὶ
3093 1821 3168 1884 ὼς
3205 1822 3268 1874 ὲκ
3297 1822 3463 1892 μέσου
3489 1821 3726 1876 λεόντων
3762 1825 3797 1892 ἡ

2221 1908 2504 1980 βασίλισσα
2519 1910 2764 1982 ὑπεξῄει,
2782 1912 2907 1965 ἄνευ
2937 1912 3190 1982 αἵματος,
3204 1913 3278 1975 ῶς
3297 1915 3498 1978 είπεϊν,
3521 1913 3800 1982 δειχθεῖσα

2223 2003 2453 2072 μάρτυς,
2487 2002 2582 2054 καὶ
2612 2003 2642 2054 ό
2666 2002 2935 2075 ἡμέτερος
2970 2004 3288 2075 καθηγητὴς
3304 2005 3380 2074 τῷ
3399 2008 3551 2078 ἀρχιε
3563 2009 3645 2078 ρεί
3667 2024 3798 2060 συν-

2219 2093 2509 2162 επόμενος,
2543 2093 2694 2147 οὐδὲν
2724 2094 2817 2147 ἐπὶ
2862 2097 2974 2158 τοῖς
3021 2095 3449 2168 τετολμημένοις
3496 2101 3796 2153 ἐδεδοίκει·

2221 2185 2414 2255 μικρὸν
2450 2185 2558 2257 γάρ
2583 2187 2698 2239 ἐστι
2721 2187 2782 2239 τὸ
2816 2188 2873 2240 ὲν
2901 2189 2968 2257 τῇ
2996 2187 3247 2242 Νικαέων
3281 2191 3482 2262 συνόδῳ
3511 2193 3576 2244 ἐκ
3607 2192 3800 2245 δευτέ-

2229 2293 2322 2347 ρου
2346 2277 2656 2349 εύρεθῆναι,
2686 2278 2774 2332 διὰ
2797 2278 2860 2331 τὸ
2891 2280 2955 2331 ἐκ
2987 2279 3154 2348 μέσου
3204 2282 3326 2335 τότε
3370 2282 3654 2352 γεγονέναι
3705 2284 3800 2340 τὸν

2230 2369 2481 2423 ἁτίθασον
2511 2371 2637 2424 λαὸν
2671 2373 2764 2423 καὶ
2792 2372 3124 2442 ἀτεράμονα.

544 2475 608 2513 ea
638 2477 758 2530 quae
797 2462 1013 2518 fuerant
1048 2466 1310 2520 audacter
1372 2468 1652 2537 designata
1694 2483 1801 2522 non
1859 2467 1960 2521 fuit
2017 2467 2374 2534 perterritus:
2408 2482 2644 2536 moxque
2676 2467 2927 2524 inventus
2954 2481 3039 2525 est
3101 2470 3157 2526 in
3193 2471 3430 2527 secunda
3458 2470 3675 2529 Niczena
3711 2491 3801 2545 sy-

548 2558 710 2621 nodo,
762 2557 886 2624 quia
940 2557 1204 2627 dissipata
1261 2569 1392 2614 tunc
1426 2559 1527 2614 fuit
1573 2560 1727 2630 plebs
1783 2559 1872 2615 illa
1913 2560 2248 2614 tumultuosa
2278 2567 2332 2614 et
2365 2559 2643 2630 pervicax.

614 2651 705 2706 ‘23.
737 2651 1030 2721 Postquam
1082 2654 1198 2708 haec
1246 2654 1325 2709 sic
1353 2665 1502 2724 gesta
1535 2666 1590 2710 et
1637 2655 1980 2709 orthodoxiae
2009 2662 2127 2707 tro-

549 2746 762 2813 phzenm
816 2756 1059 2800 erectum
1123 2744 1265 2811 fuit;
1295 2748 1361 2802 ad
1388 2764 1551 2803 suum
1613 2748 2010 2803 monasterium
2047 2763 2133 2800 re-

550 2840 710 2892 vertit
762 2839 953 2892 beatus
986 2879 1002 2904 ,
1046 2840 1364 2894 exercenda:
1418 2840 1723 2909 praelatum
1775 2854 2012 2894 vacans:
2043 2838 2132 2893 ubi

550 2931 840 3000 prolapsus
875 2931 929 2984 in
982 2932 1255 2994 morbum,
1299 2931 1391 3000 qui
1444 2931 1636 2986 mortis
1685 2930 1887 2986 indicia
1937 2946 2049 3002 prae
2075 2945 2135 2985 se

2297 2660 2396 2706 κε’.
2443 2653 2661 2726 Ἐπειδὴ
2687 2654 2745 2709 δὲ
2777 2655 2949 2710 ταῦτα
2976 2655 3119 2710 οὕτω
3148 2656 3242 2711 καὶ
3274 2657 3337 2711 τὸ
3365 2658 3463 2728 τῆς
3488 2658 3800 2728 όρθοδοξίσς

2226 2745 2486 2816 τρόπαιον
2536 2746 2863 2818 ἐκρατύνθη,
2903 2747 3181 2818 ἐπανῆκεν
3210 2750 3239 2801 ό
3269 2749 3459 2822 Πατὴρ
3489 2751 3570 2814 είς
3610 2751 3670 2804 τὸ
3719 2751 3801 2803 ol-

2229 2841 2375 2892 κείον
2408 2842 2837 2910 φροντιστήριον,
2870 2839 3128 2909 ἐχόμενος
3153 2841 3252 2912 τῆς
3303 2843 3633 2912 προστασίας
3657 2858 3673 2874 ·
3708 2840 3802 2894 καὶ

2235 2929 2454 2999 βληθεὶς
2483 2930 2643 2999 νόσῳ,
2669 2931 2983 2996 ἀπόγνωσιν
3019 2930 3166 2999 ζωῆς
3226 2931 3568 3004 ύποδηλούσῃ
3600 2933 3681 3005 τῷ
3708 2933 3798 2999 έρ-

554 3024 761 3076 l'erebat
799 3023 934 3092 (l6),
966 3022 1196 3077 acvelut
1227 3023 1503 3092 insperato
1555 3023 1777 3093 gavisus
1829 3023 2013 3086 lucro,
2053 3036 2130 3077 re-

2239 3021 2383 3090 μαίῳ
2439 3021 2540 3088 τῆς
2593 3021 2907 3090 ἐπιθυμίας,
2959 3021 3305 3091 μετατίθεται
3361 3023 3458 3094 τὴν
3510 3028 3686 3096 ἀρχην
3718 3025 3802 3094 ἐφ’

553 3115 770 3185 giiniuis
817 3128 957 3168 onus
984 3115 1037 3167 in
1082 3130 1183 3167 nos
1233 3114 1508 3180 transfert,
1542 3131 1640 3169 nec
1682 3116 1874 3184 dignos
1916 3115 2131 3182 quidem

555 3207 648 3275 qui
698 3207 766 3259 ab
803 3205 923 3274 ipso
971 3221 1305 3275 regerentur.
1366 3207 1574 3259 Invenit
1619 3220 1748 3275 ergo
1788 3205 2132 3274 concupitam

559 3299 948 3363 humilitatem,
982 3298 1192 3367 accepit
1227 3297 1473 3351 inducias
1500 3297 1900 3362 molestiarum,
1934 3298 2134 3352 libera-

559 3403 646 3446 tus
677 3403 760 3445 est
791 3407 820 3445 a
847 3391 1314 3445 circumdantibus
1338 3405 1397 3445 se
1423 3390 1823 3456 vexationibus,
1867 3390 2138 3460 apparuit-

557 3499 663 3553 que
691 3484 829 3537 idem
855 3483 947 3553 qui
971 3493 1123 3536 antea
1159 3498 1257 3537 nec
1276 3483 1549 3552 pecunia},
1583 3497 1681 3536 nec
1705 3484 2131 3553 possessionum,

561 3592 662 3630 nec
695 3577 1038 3645 negotiorum
1070 3585 1348 3645 appetens,
1378 3591 1500 3629 cum
1525 3575 1636 3644 jam
1665 3589 1770 3627 non
1814 3575 2036 3628 haberet
2056 3574 2136 3627 in-

559 3669 699 3722 vidia
734 3669 966 3735 amplius
999 3669 1346 3722 occasionem
1399 3667 1760 3722 obnubilandi
1809 3667 1991 3720 radius
2023 3666 2134 3720 vir-

563 3761 691 3810 tutis
726 3757 866 3824 ejus.
911 3753 1043 3808 Nam
1080 3764 1134 3808 et
1193 3755 1294 3808 viri
1329 3755 1463 3824 justi
1496 3765 1793 3818 tentantur,
1830 3764 1887 3805 ut
1913 3769 1977 3807 ex
2020 3754 2134 3822 ipsa

563 3849 831 3902 malorum
858 3846 1159 3901 tentatione
1192 3861 1328 3900 auro
1356 3846 1653 3901 similiores
1693 3844 1929 3899 evadant
1955 3845 2136 3915 quoad

563 3939 824 4001 animam,
863 3948 1117 4006 recteque
1144 3936 1455 3992 incedentes
1498 3951 1605 3990 non
1653 3935 2138 4000 labascant,etdi-

564 4043 720 4086 scant
745 4030 1007 4101 quidquid
1040 4045 1070 4085 a
1112 4044 1172 4085 se
1204 4030 1341 4085 bene
1371 4031 1579 4102 geritur
1609 4045 1730 4086 esse
1767 4045 1831 4085 ex
1866 4029 1993 4084 Deo.

2238 3113 2404 3182 ἡμᾶς,
2436 3113 2563 3173 τοὺς
2599 3111 2732 3182 μηδὲ
2759 3111 2851 3165 τοῦ
2888 3113 3148 3183 ἄρχεσθαι
3198 3114 3403 3178 ἀξίους.
3427 3114 3686 3185 Εὑρίσκει
3711 3111 3803 3169 οὖν

2236 3201 2336 3271 τὴν
2394 3200 2735 3270 ποθουμένην
2799 3199 3163 3264 ταπείνωσιν,
3208 3200 3471 3270 λαμϐάνει
3515 3201 3803 3272 ἁνακωχὴν

2236 3293 2346 3345 τῶν
2397 3293 2678 3362 λυπηρῶν,
2723 3291 2906 3345 λύεται
2952 3293 3060 3346 τῶν
3128 3293 3460 3364 συνεχόντων
3507 3295 3801 3366 ὲπηρειῶν,

2236 3387 2424 3454 ὀφθεὶς
2453 3380 2562 3448 οἷος
2586 3382 2654 3457 ἦν
2683 3387 2744 3438 τὸ
2765 3387 3055 3458 πρότερον,
3082 3388 3472 3459 ἀφιλάργυρος,
3517 3388 3808 3458 ἀφιλοκτή-

2243 3494 2378 3547 μων,
2426 3476 2886 3547 ἁφιλοπράγμων,
2928 3478 3027 3546 τῆς
3065 3477 3386 3548 δυσμενείας
3433 3479 3531 3530 οὐκ
3575 3478 3807 3547 ἐχούσης

2240 3569 2424 3641 χώραν
2451 3570 2532 3623 ἔτι
2554 3572 2835 3640 συννεφεῖν
2863 3570 2962 3640 τῆς
2985 3571 3194 3624 ἐκείνου
3221 3571 3420 3641 ἀρετῆς
3443 3569 3540 3640 τὴν
3570 3570 3765 3623 ἀκτῖνα
3790 3584 3805 3598 ⁸

2242 3663 2595 3732 πειράζονται
2627 3663 2737 3732 γὰρ
2766 3663 2862 3715 καὶ
2884 3661 3105 3727 δίκαιοι,
3136 3661 3212 3723 ὡς
3245 3662 3309 3715 ἂν
3343 3665 3407 3735 τῇ
3431 3661 3678 3732 πυρώσει
3702 3662 3808 3715 τῶν

2241 3755 2499 3824 λυπηρῶν
2553 3754 3019 3824 χρυσοειδὲστεροι
3065 3753 3165 3817 τὰς
3223 3752 3399 3822 ψυχὰς
3432 3751 3664 3821 γένοιντ’
3707 3754 3772 3807 ἂν

2243 3849 2341 3900 καὶ
2371 3847 2447 3917 μὴ
2488 3845 2958 3899 ύπολισθαίνουσιν
2994 3845 3421 3915 εὐθυποροῦντες
3443 3884 3459 3909 ,
3488 3844 3563 3909 ὡς
3601 3845 3668 3900 ἂν
3706 3847 3780 3915 μὰ

2245 3939 2389 3990 θοιεν
2445 3936 2598 4007 παρὰ
2643 3934 2778 3989 Θεοῦ
2823 3936 3005 3999 αὐτοῖς
3060 3929 3199 3989 εἶναι
3247 3935 3356 3988 πᾶν
3403 3933 3464 3987 τὸ
3508 3934 3803 4003 κατορθού-

2250 4045 2408 4101 μενον

2080 4189 2315 4246 NOTAE.

641 4345 749 4414 (l5)
787 4363 805 4398 ι
835 4343 992 4414 Anno
1021 4343 1054 4397 ϐ
1085 4341 1297 4411 imperii
1322 4342 1664 4414 Constantini
1708 4352 1759 4396 et
1803 4342 1986 4414 [renes
2006 4383 2020 4403 ,
2049 4340 2136 4394 die

572 4412 918 4484 "Augusti,
982 4415 1275 4484 indictione
1316 4414 1390 4484 9,7
1428 4429 1570 4467 anno
1617 4413 1818 4465 Christi
1875 4413 1997 4484 7785,
2028 4426 2137 4465 cm-

2244 4341 2346 4394 bus
2379 4340 2723 4394 laudantibus
2777 4338 3255 4410 pseudosynodum
3276 4377 3291 4401 ,
3317 4334 3553 4389 habitam
3580 4333 3683 4389 sub
3708 4336 3809 4390 Cu.

2245 4426 2530 4479 pronymo.
2568 4411 2705 4464 lluic
2735 4419 2913 4479 autem
2964 4409 3228 4477 principio
3260 4420 3498 4479 consona
3518 4415 3807 4479 suntque)

573 4499 662 4556 pta
695 4473 785 4538 illa
821 4473 1079 4556 synodus.
1115 4473 1641 4556 Sedscholariorum
1671 4491 1722 4556 et
1759 4473 2133 4556 exeuhjtbrunt
2164 4483 2216 4540 D
2242 4473 2546 4556 seqtu'intur
2586 4492 2812 4556 cmtera:
2859 4473 3174 4556 Cmptauea
3233 4477 3472 4556 synodus
3513 4474 3558 4556 ξ
3579 4473 3804 4556 Kalend.

573 4551 761 4625 cupita,
815 4551 1030 4607 nudatis
1094 4554 1308 4624 gladiis,
1363 4554 1630 4625 impetum
1690 4551 1743 4604 in
1792 4567 1888 4605 eos
1914 4552 2135 4625 iecere;

572 4619 909 4691 mortemque
942 4633 1049 4678 tam
1096 4619 1196 4692 ipsi
1239 4619 1592 4692 patriarchae,
1625 4636 1786 4690 quam
1825 4619 2142 4692 orthodoxis

573 4689 867 4764 episcopis,
925 4704 979 4748 et
1051 4689 1508 4747 monasteriorum
1567 4689 1874 4764 praepositis
1939 4689 2142 4764 inferre

574 4760 774 4820 minati
793 4768 952 4834 latuit.
981 4783 998 4814 ι
1037 4764 1107 4817 Ita
1145 4764 1538 4834 Theophanes;
1569 4763 1883 4834 Patriarcha
1912 4770 2030 4813 erat

574 4829 851 4897 'l‘arasiu's,
902 4835 950 4885 in
1008 4834 1167 4901 cujus
1217 4829 1336 4885 Vita
1377 4833 1448 4886 25
1500 4830 1805 4893 Februarii,
1863 4847 2017 4884 num.
2054 4829 2139 4901 17,

572 4907 760 4961 eadem
801 4903 964 4957 latius
1000 4900 1278 4957 dicuntur.
1323 4901 1699 4956 llallucinatus
1734 4911 1818 4954 est
1844 4911 2026 4954 autent
2057 4900 2143 4952 in-

575 4977 801 5042 signiter
829 4974 1085 5037 Sirletus,
1115 4974 1331 5039 quando
1365 4987 1462 5040 pro
1492 4971 1967 5042 Constantinopoli
2021 4984 2142 5042 quae

577 5041 1036 5115 hicﬁ'pqrpémht;
1082 5044 1188 5095 τῶν
1220 5042 1502 5115 emend-iv
1557 5042 1776 5115 dicitur,
1804 5041 1853 5094 id
1895 5050 1978 5095 est
2019 5041 2144 5093 illu-

577 5112 768 5168 striiun
799 5115 1014 5167 urbium
1060 5113 1396 5181 metropolis,
1439 5112 1595 5165 tinxit
1651 5114 1837 5164 urbem
1869 5119 2143 5178 metropo-

578 5183 1237 5252 litanamEpiphauorum
1264 5221 1280 5244 ,
1323 5183 1375 5234 in
1422 5197 1526 5249 qua
1565 5181 1802 5252 syucdus
1842 5187 2140 5252 convocata

578 5256 764 5309 fuerit.
797 5250 980 5321 Neque
1011 5254 1062 5305 in
1097 5261 1197 5307 hoc.
1231 5262 1436 5305 tantum
1479 5251 1842 5321 halluciuatus
1870 5259 1951 5301 est
1983 5250 2144 5302 nimis

582 5325 811 5377 festinus
848 5320 1114 5390 interpres
1141 5341 1154 5375 :
1186 5324 1261 5376 sel
1292 5321 1457 5375 semel
1487 5323 1587 5375 sibi
1623 5320 1952 5386 imaginatus
1984 5335 2146 5386 pseu-

581 5392 918 5463 dusynudum
973 5394 1235 5461 aliquam,
1274 5392 1326 5463 in
1382 5406 1487 5459 qua
1535 5406 1638 5463 non
1691 5390 2147 5463 ad__dicendu_me

580 5458 836 5517 cathedra
883 5458 1179 5516 honoriﬁce
1215 5458 1493 5523 invitatus,
1537 5461 1628 5514 sed
1661 5461 1725 5513 ad
1757 5458 2145 5526 disputandum

583 5533 747 5588 fuerit
803 5533 1097 5587 insolenter
1151 5541 1475 5602 provocatus
1524 5532 1716 5602 Plato;
1752 5538 2148 5602 consequenter

581 5605 650 5656 de
704 5601 928 5656 Platone
974 5603 1125 5665 dicit,
1151 5598 1166 5602 ’
1187 5603 1449 5656 adversus
1480 5600 1762 5670 praesidem
1800 5598 2144 5662 clamavisse,

585 5682 638 5726 et
673 5743 677 5744 ί
715 5672 1050 5744 vituperasse
1113 5674 1334 5744 impiam
1405 5672 1668 5744 synodum)
1697 5687 1709 5722 :
1735 5684 1876 5744 cum_
1920 5671 2147 5744 avsum-

591 5743 708 5807 μεῖν
739 5739 1005 5811 signiticet
1025 5739 1383 5812 contrarium,
1423 5743 1583 5811 idque
1605 5740 1817 5796 dicatur
1847 5739 1912 5795 de
1954 5741 2142 5796 militi-

2243 4542 2482 4613 Oi-tobr.,
2511 4550 2696 4602 indiet.
2751 4549 2836 4613 Η,
2887 4542 3032 4600 anno
3049 4547 3197 4610 787.,
3233 4542 3395 4600 desiit
3437 4545 3491 4598 5.
3522 4542 3596 4598 De
3622 4560 3686 4598 ea
3713 4546 3807 4598 .‘lli-

2243 4619 2391 4673 chael
2414 4619 2464 4670 in
2491 4617 2610 4671 Vita
2628 4618 2815 4671 Sancti
2840 4616 3108 4671 Theodori
3141 4635 3152 4670 :
3179 4635 3194 4664 ι
3221 4615 3607 4669 Cunveuerunt
3631 4630 3694 4666 ex
3717 4631 3808 4667 va-

2244 4689 2339 4742 riis
2373 4687 2558 4742 Patres
2597 4689 2819 4741 trecenti
2857 4702 3086 4741 numero
3128 4695 3181 4740 et
3211 4683 3808 4754 quinquagintginter

2243 4775 2381 4827 quos
2404 4759 2650 4811 adl'uitct
2695 4758 2884 4811 Plato:
2929 4775 2947 4806 ι
2973 4766 3027 4810 et
3067 4751 3379 4811 subscribit
3412 4754 3545 4822 ipse,
3590 4751 3808 4807 Πλάτων

2245 4827 2948 4898 ἡγούμενοςΣακουδιῶνρς.
2984 4828 3509 4898 Platohegumenus.
3533 4837 3629 4898 seu
3675 4838 3806 4898 pra:-

2248 4892 2477 4967 posit'ns,
2496 4897 2842 4967 Sacudironis.
2879 4896 2952 4951 De
2984 4898 3085 4967 hoc
3114 4892 3450 4949 monasterio
3479 4892 3581 4945 ista
3609 4892 3808 4967 haben-

2247 4963 2335 5020 iur
2367 4969 2417 5020 in
2441 4966 2558 5020 Vita
2578 4969 2634 5022 S.
2661 4966 2968 5020 Theodori:
2996 4983 3014 5017 ι
3044 4965 3180 5020 Cum
3219 4979 3409 5034 agrum
3433 4963 3724 5034 quemdam
3747 4977 3806 5034 ex

2247 5039 2360 5092 suis
2391 5038 2710 5108 Boscycium
2743 5038 2961 5090 nomine
2989 5039 3054 5108 ad
3095 5031 3306 5108 sacrant
3339 5031 3682 5108 mansionem
3716 5031 3809 5084 ab-

2245 5108 2501 5171 dicassct,
2526 5102 2616 5161 cui
2647 5109 3019 5162 etoratorium
3044 5107 3220 5160 inerat
3254 5102 3582 5158 Sacudiouis
3613 5115 3784 5170 cogno

2246 5190 2451 5238 mento.
2508 5178 2635 5232 illuc
2684 5191 2874 5231 omnes
2923 5191 3063 5246 quos
3113 5184 3239 5246 ante
3275 5174 3581 5246 retulimus,
3618 5185 3676 5224 se
3711 5187 3805 5224 una

2248 5246 2732 5318 recipientes,_l)eo
2782 5238 3046 5318 promissa
3080 5245 3383 5318 reddereet
3425 5238 3656 5318 implere
3687 5256 3804 5318 pru-

2248 5310 2532 5388 pcrabant.
2564 5336 2581 5367 ι
2610 5310 2948 5371 Describitur
2976 5317 3099 5370 dein
3126 5315 3413 5388 amoenitas
3459 5310 3562 5362 loci
3585 5311 3640 5363 in
3674 5311 3806 5388 olive

2250 5381 2391 5442 inter
2445 5391 2693 5449 arbores,
2722 5402 2914 5455 aquas,
2940 5395 2993 5441 et
3043 5400 3268 5454 campos
3325 5382 3418 5439 siti
3449 5399 3462 5435 :
3497 5392 3601 5433 nec
3627 5381 3808 5450 procul

2250 5459 2431 5512 videtu
2451 5475 2472 5510 r
2500 5457 2972 5526 Constantinopoli
3000 5455 3260 5509 abfuisse.

2319 5529 2429 5597 (16)
2463 5528 2516 5581 ln
2547 5528 2735 5581 eadem
2776 5525 2896 5579 Vita
2934 5527 3136 5581 dicitur
3159 5535 3423 5597 extrema
3475 5525 3580 5597 sibi
3613 5525 3805 5597 instare

2259 5593 2569 5662 simulasse,
2603 5611 2657 5652 et
2682 5599 2781 5668 sic,
2815 5595 3259 5668 conspit'autibus
3306 5594 3614 5667 suﬂ'ragiis,
3638 5593 3804 5650 Theo-

2253 5673 2446 5725 dorum
2479 5671 2708 5725 electum
2746 5667 2935 5724 luisse.
