4018 6304
227 341 336 405 829

947 467 1195 521 ΚΕΦΔΛ.
1228 469 1301 523 E'.

871 347 1151 410 ORATIO
1185 347 1288 408 ΧΙ.
1332 374 1397 384 -
1442 350 1820 410 LAUDATIO
1853 349 1914 409 S.
1960 345 2324 409 PLATONIS
2363 346 2791 409 IIEGUMENI.

3366 350 3471 412 830

2569 465 2723 521 CAP.
2759 464 2824 521 V.

727 559 858 625 Qua:
892 578 1080 630 passus
1106 563 1174 617 sit
1209 563 1366 617 Pluto
1387 565 1449 618 ab
1478 565 1839 632 reprehensum
1876 561 2214 618 Constantini
2231 571 2279 616 et
2313 561 2600 615 Tlteodotes
2637 563 2980 619 adulterium.

299 656 418 721 κε’.
450 651 509 704 Ὀ
535 651 636 722 μὲν
666 647 758 705 οῦν
772 655 871 722 τῆς
891 655 1250 726 καθηγήσεως
1270 658 1491 728 τρόπος,
1516 659 1614 728 ήδη
1629 658 1800 711 πεπέ-

1971 654 2060 708 26.
2095 654 2381 720 Quomodo
2417 655 2764 723 pradaturam
2790 656 3022 726 gesserit
3049 667 3276 714 sanctus
3322 656 3478 712 Plato

230 755 433 810 ρασται
454 756 468 770 ·
497 740 773 812 τρέψομαι
799 743 856 796 δὲ
881 744 1148 813 τὸνλόγον
1172 745 1262 798 ἐπὶ
1291 747 1353 798 τὸ
1370 747 1798 817 διαῦοητὸτερον.

242 831 387 885 Ἀλλ’
405 833 558 902 οίμοι
581 835 593 886 !
625 833 831 887 στένειν
849 835 1133 905 πάρεστιν,
1152 837 1456 909 ὁρμωμένῳ
1485 839 1584 907 μὲν
1608 838 1655 891 τ’
1668 840 1801 908 ἁλη-

231 922 301 990 θῆ
335 925 564 992 φρᾶσαι,
604 925 945 995 ἀναινομένῳ
970 926 1028 979 δὲ
1054 925 1152 996 τὴν
1191 926 1440 997 διήγησιν
1491 929 1666 997 φειδοῖ
1690 930 1802 982 τῶν

232 1013 595 1084 δεδρακότων.
630 1017 819 1084 Ὅμως
847 1016 970 1068 ἐπεὶ
990 1016 1063 1088 μή
1094 1012 1205 1070 οἷόν
1223 1034 1281 1070 τε
1295 1018 1469 1082 ἄλλως
1487 1037 1620 1088 φανε
1631 1020 1803 1090 ρῶσαι

231 1104 301 1156 τὰ
322 1104 594 1176 κρυϐῆναι
614 1107 691 1176 μὴ
707 1106 1006 1174 ὀφείλοντα,
1024 1109 1228 1180 καίπερ
1245 1109 1523 1185 πανταχοῦ
1545 1110 1803 1184 διαθρυλ-

234 1195 496 1265 λούμενα,
539 1197 633 1249 ἐπὶ
658 1198 758 1272 τὴν
795 1197 1029 1274 δήλωσιν
1060 1198 1351 1270 ἐλεύσομαι
1371 1216 1384 1230 ·
1413 1203 1475 1254 οὐ
1505 1202 1804 1273 θριαμϐεύ-

235 1302 314 1338 ειν
341 1288 470 1349 τοὺς
493 1269 796 1357 δράσαντας
828 1269 1168 1360 βουιλόμενος,
1194 1291 1318 1344 ὅσον
1357 1269 1800 1364 στηλογραιρῆσαι

233 1378 330 1438 τὴν
356 1378 558 1448 ἀρετὴν
581 1378 675 1432 τοῦ
691 1380 1050 1451 ἁειμάκαρος.
1083 1383 1230 1436 Οὐαί
1249 1398 1368 1447 σοι,
1389 1384 1588 1451 πόλις,
1615 1385 1798 1456 φησιν,

233 1464 305 1538 ἧς
323 1473 356 1522 o'
368 1471 654 1538 ϐασιλεύς
673 1486 789 1527 σου
808 1471 1093 1542 νεώτερός
1108 1473 1298 1538 ἐστιν,
1328 1475 1428 1546 τῆς
1453 1476 1675 1548 Γραφῆς
1697 1476 1801 1530 πά-

232 1562 322 1614 λαι
345 1561 444 1631 μὲν
461 1563 699 1634 ἀκήκοα,
719 1564 814 1617 νῦν
832 1566 887 1619 δὲ
908 1569 964 1618 ἐν
980 1567 1147 1637 πείρᾳ
1169 1567 1492 1639 γεγένημαι.
1515 1570 1802 1623 Κωνσταν-

233 1655 399 1715 τίνος,
435 1657 463 1706 ὁ
494 1657 594 1724 τῆς
638 1655 872 1726 Εἰρήνης
925 1657 1235 1728 ρἀαμνος,
1266 1649 1328 1711 οὗ
1368 1660 1399 1728 ή
1454 1659 1635 1721 πίστις
1703 1658 1802 1728 μὲν

234 1744 370 1814 ὀρθὴ
399 1747 462 1798 ἐκ
499 1747 774 1818 μητρικῆς
798 1748 1078 1813 εὐσεϐείας
1109 1750 1586 1821 ἐσφραγισμένη,ὁ
1616 1750 1727 1820 βίος
1745 1750 1799 1802 δὲ

237 1837 484 1908 σκαμόδς
513 1839 573 1903 ἐξ
603 1841 1071 1912 αύτοκρατορικῆς
1121 1841 1416 1907 ἀκολασίας
1444 1844 1798 1916 οἰστρηλατη-

239 1932 428 2001 μένος·
462 1932 587 2005 ἄρτι
617 1936 725 2004 γὰρ
759 1938 1037 2007 κρατήσας
1060 1938 1116 1990 ἐν
1143 1938 1409 2010 νεαζούσῃ
1429 1939 1637 2012 ήλικίᾳ,
1663 1941 1799 2011 ὁμοῦ

1900 747 2012 817 jam
2031 746 2262 801 dicendo
2285 747 2650 803 absolvimus:
2676 763 2846 816 quare
2871 747 2937 803 ad
2967 748 3020 804 id
3040 751 3184 819 quod
3204 750 3475 808 celebriua

1903 839 2009 895 fuit
2043 841 2347 895 orationem
2388 851 2798 898 convertamus.
2836 841 2942 898 Sed
2969 843 3058 900 hic
3083 858 3252 913 prope
3319 844 3476 898 adest

1905 940 1966 986 ut
1996 932 2376 1004 ingemiseam,
2413 935 2699 988 veritatem
2750 935 2971 1004 quidem
3032 935 3213 991 dicere
3280 950 3477 1007 aggre-

1902 1023 2078 1089 diens,
2111 1024 2317 1080 invitus
2347 1035 2526 1080 tamen
2561 1043 2674 1081 rem
2711 1036 2768 1082 ut
2797 1036 2917 1082 aeta
2951 1037 3035 1084 est
3060 1044 3311 1092 narrans,
3349 1029 3476 1081 dum

1904 1116 1972 1172 iis
2000 1116 2269 1186 parcitum
2301 1117 2459 1188 cupio
2492 1119 2582 1187 qui
2625 1119 2806 1187 ipsam
2837 1127 3087 1189 egerunt.
3129 1116 3361 1184 Quando
3397 1125 3481 1170 ta-

1903 1206 2325 1276 men,possibile
2354 1221 2460 1261 non
2497 1217 2581 1262 est
2604 1208 2770 1262 aliter
2803 1209 3156 1264 manifestare
3227 1222 3293 1263 ea
3355 1222 3478 1277 quae

1902 1295 2127 1351 minime
2164 1297 2425 1351 occultari
2461 1297 2681 1362 debent,
2719 1299 2978 1366 quoniam
3022 1299 3222 1368 ubique
3256 1298 3478 1368 vulgata

1897 1387 2009 1456 jam
2044 1395 2192 1449 sunt,
2224 1388 2483 1441 exordior
2545 1387 2660 1457 ipsa
2699 1389 2789 1444 hic
2821 1388 3168 1454 describere;
3200 1403 3308 1441 non
3334 1387 3479 1442 utiis

1903 1479 1993 1548 qui
2032 1478 2281 1548 impliciti
2322 1479 2472 1534 fuere
2501 1479 2778 1546 insultent,
2811 1481 2906 1537 sed
2968 1489 3028 1535 ut
3060 1479 3204 1536 beati
3227 1481 3480 1534 virtutem

1901 1570 2283 1640 depraedicem.
2328 1569 2417 1626 Vae
2449 1572 2564 1637 tibi,
2604 1581 2766 1637 terra,
2806 1574 2987 1644 inquit
3017 1573 3141 1640 ille,
3201 1573 3352 1641 cujus
3386 1589 3482 1626 rea:

1901 1679 2031 1732 puer
2061 1673 2135 1717 est
2167 1663 2188 1695 ⁸
2215 1665 2227 1717 ι
2270 1664 2415 1733 quod
2446 1673 2628 1718 autem
2661 1665 2789 1720 olim
2823 1680 2888 1720 ex
2918 1666 3221 1736 Scripturis
3272 1667 3478 1732 audivi,

1901 1769 2049 1809 nunc
2079 1756 2193 1823 ipsa
2229 1756 2398 1811 didici
2430 1756 2795 1826 experientia.
2837 1758 3254 1823 Constantinus,
3298 1757 3480 1814 lrenes

1903 1847 2182 1908 surculus,
2213 1848 2373 1916 cujus
2428 1857 2572 1902 recta
2601 1848 2822 1918 quidem
2854 1863 2920 1904 ex
2984 1859 3228 1904 materna
3278 1849 3480 1920 pietate

1903 1937 2036 1993 ﬁdes
2085 1937 2206 2004 fuit,
2271 1939 2382 1994 vita
2428 1949 2608 1993 autem
2643 1939 2956 2009 depravata,
3005 1948 3260 2011 tanquam
3309 1949 3480 1996 (nstro

237 2025 338 2092 μὲν
369 2024 467 2094 τῆς
503 2027 763 2096 μητρῴας
805 2027 987 2090 αἰδοῦς
1031 2029 1126 2081 καὶ
1175 2028 1422 2099 φυλακῆς
1469 2031 1794 2102 ἀφηνιάσας,

1904 2030 2286 2086 stimulabatur
2374 2032 2722 2101 imperatoria
2814 2033 3144 2099 insolentia,
3229 2049 3353 2088 cum
3423 2033 3479 2088 in

231 2115 370 2185 ὁμοῦ
410 2116 465 2169 δὲ
493 2118 601 2170 τῶν
625 2118 719 2171 τοῦ
755 2118 888 2172 Θεοῦ
940 2119 1120 2188 νόμων
1167 2120 1604 2192 ὑπερφρονήσας,
1637 2122 1800 2176 ἐκϐα-

230 2205 342 2258 λὼν
371 2205 470 2278 τὴν
515 2207 761 2277 νομίμως
803 2209 953 2279 αὐτῷ
992 2208 1356 2278 συναφθεῖσαν
1391 2214 1646 2279 γυναῖκα,
1683 2228 1801 2281 μοι-

229 2296 384 2366 χεύει
413 2300 554 2351 κατὰ
581 2299 672 2352 τὸν
718 2298 979 2369 Ἡρώδην.
1027 2301 1184 2356 Ἀλλὰ
1212 2302 1356 2368 τίνος
1380 2303 1567 2356 ἕνεκεν
1597 2305 1630 2375 ή
1661 2305 1802 2356 ιστο-

231 2392 358 2460 ρίας
395 2392 517 2445 Ὅτι
553 2392 647 2444 τοῦ
688 2393 1002 2462 Προδρόμου
1033 2394 1298 2466 ὁμόζηλος
1341 2397 1433 2450 καὶ
1461 2399 1489 2450 ὁ
1531 2397 1802 2467 ἡμέτερος

231 2482 555 2553 καθηγητὴς
599 2484 980 2554 πεφανέρωταί
1021 2503 1155 2551 πως,
1198 2487 1417 2540 πάντων
1451 2487 1636 2557 σχεδὸν
1674 2505 1802 2542 συν-

225 2574 498 2627 ελθόντων
523 2577 588 2644 τῇ
619 2576 953 2647 παρανομίᾳ,
981 2577 1160 2646 μόνος,
1193 2578 1269 2641 ὡς
1303 2580 1498 2642 είπεῖν,
1521 2572 1676 2642 οὗτος
1706 2579 1801 2632 σὺν

225 2663 344 2723 τοῖς
379 2661 573 2714 ἑαυτοῦ
603 2662 789 2714 παισὶν
813 2664 911 2716 εἴτ’
944 2665 1036 2718 οὖν
1063 2669 1344 2735 φοιτηταῖς
1368 2667 1658 2739 ἀκλόνητος
1688 2668 1804 2722 δια-

228 2754 432 2822 μένων,
492 2754 634 2824 ὑπὲρ
685 2747 744 2807 οὗ
794 2755 897 2809 ὅσα
936 2759 1030 2811 καὶ
1080 2758 1242 2828 ήλίκα
1279 2759 1346 2812 δι’
1377 2760 1498 2812 ὅλου
1552 2761 1708 2824 ἔτους
1732 2761 1800 2815 τὰ

223 2847 614 2917 ἀγωνίσματα,
634 2849 796 2902 ἀκοαὶ
820 2849 906 2903 ἐπ’
922 2851 1133 2916 ἀκοαῖς,
1163 2852 1385 2906 ἀπειλαὶ
1409 2854 1797 2920 ἐπ’-ἀπειλαῖς,

226 2939 536 3005 μαστίγων,
562 2939 809 3008 ὲξοριῶν,
841 2942 1334 3010 ἀκρωτηριασμῶν.

1903 2129 2060 2176 aetate
2107 2121 2402 2177 admodum
2469 2120 2701 2191 juvenili
2780 2137 3008 2193 regnare
3059 2123 3338 2193 coepisset,
3399 2124 3477 2178 si-

1907 2213 2020 2267 mul
2057 2222 2111 2267 et
2143 2222 2401 2268 maternae
2443 2214 2767 2269 reverentia:
2833 2215 3204 2282 custodiasque
3262 2213 3475 2268 frenum

1907 2307 2214 2371 excutiens,
2245 2315 2302 2362 et
2329 2306 2423 2361 Dei
2463 2307 2633 2377 legem
2666 2317 3049 2369 contemnens.
3079 2309 3302 2362 ductam
3337 2307 3478 2376 legi-

1907 2399 2058 2455 timis
2092 2400 2297 2469 nuptiis
2353 2399 2646 2470 coniugem
2683 2399 3018 2470 repudiavit,
3044 2411 3097 2454 et
3127 2399 3363 2456 Herodis
3397 2401 3482 2452 in-

1905 2503 2022 2548 star
2058 2496 2364 2549 moechatus
2397 2501 2482 2547 est
2530 2493 2670 2562 (l7).
2702 2491 2816 2548 Hoc
2845 2501 3027 2547 autem
3081 2508 3192 2562 quo
3237 2491 3482 2564 spectat?

1904 2582 2044 2649 Quia
2077 2585 2254 2640 zelum
2287 2583 2580 2639 Prodromi
2645 2585 2826 2655 palam
2870 2592 2956 2638 est
3017 2585 3266 2640 imitatus
3319 2584 3481 2639 Pater

1906 2690 2123 2742 noster;
2181 2691 2417 2744 cumque
2450 2673 2562 2730 fere
2624 2690 2816 2732 omnes
2873 2675 3149 2744 iniquitati
3205 2678 3482 2732 consenti-

1903 2777 2046 2833 rent,
2081 2768 2235 2823 solus
2262 2768 2403 2838 ipse,
2433 2778 2494 2822 ut
2519 2768 2603 2824 sic
2625 2768 2830 2833 dicam,
2853 2783 2976 2822 eum
3005 2768 3194 2838 pueris
3217 2768 3356 2831 suis,
3382 2781 3479 2823 seu

1905 2859 2081 2914 mavis
2138 2858 2284 2922 liliis,
2345 2859 2718 2914 inconcussus
2783 2858 3060 2929 perstitit:
3116 2860 3478 2928 quamobrem

1905 2966 2027 3019 quas
2059 2959 2112 3004 et
2142 2958 2350 3018 quanta
2386 2965 2493 3004 non
2530 2949 2755 3004 fuerunt
2784 2965 2880 3019 per
2913 2958 3087 3005 totum
3149 2965 3317 3004 unum
3384 2967 3482 3004 an-

226 3046 362 3083 num
423 3031 712 3087 subeunda
779 3034 1120 3087 certamina!
1197 3048 1450 3092 rumores
1507 3049 1674 3108 supra
1724 3054 2000 3105 rumores,
2041 3041 2202 3097 mina:
2227 3054 2392 3110 supra
2426 3039 3323 3108 minas,verberum,exsiliorum,
3358 3056 3481 3095 mu-

226 3126 573 3180 tilntinnum.

297 3218 406 3282 κζ’.
451 3217 540 3281 Ὠς
576 3217 632 3270 δὲ
660 3217 809 3271 οὐδὲν
835 3218 1082 3272 ἐντεῦθεν
1135 3220 1330 3289 ἠνύετο
1363 3220 1473 3275 τῶν
1502 3221 1801 3287 σπουδαζο-

1982 3217 2073 3274 27.
2112 3216 2246 3270 Cum
2279 3226 2460 3270 autem
2523 3216 2604 3272 sic
2634 3216 2949 3272 nullatenus
3007 3217 3276 3274 intentum
3316 3235 3478 3274 suum

226 3313 414 3380 μένων
443 3309 520 3380 τῷ
573 3310 834 3380 Καίσαρι.
863 3312 946 3380 ἐφ’
981 3313 1168 3382 ἕτερον
1195 3313 1406 3382 μέτεισι
1432 3314 1634 3384 τρόπον
1659 3331 1672 3344 ·
1705 3316 1801 3366 καὶ

1904 3317 2295 3376 assequeretur
2329 3307 2659 3376 imperator,
2695 3307 2764 3359 ad
2832 3306 2982 3361 aliud
3037 3321 3100 3363 se
3158 3309 3424 3362 convertit
3460 3327 3476 3363 :

223 3402 292 3473 ἦν
323 3404 390 3456 τὸ
430 3405 527 3473 μὲν
557 3404 742 3472 δρᾶμα
804 3405 948 3457 κατὰ
996 3408 1058 3457 τὸ
1104 3405 1360 3476 ᾀδόμενον
1402 3405 1605 3472 ἑτέρων
1630 3445 1644 3469 ,
1681 3407 1711 3473 ἡ
1743 3405 1801 3458 δὲ

220 3497 348 3565 χεὶρ
393 3495 806 3565 Ἀὃεσσαλὼμή
854 3494 1009 3547 τοῦτο
1054 3494 1454 3565 πρακτεύουσα.
1499 3496 1638 3550 Ἰστε
1677 3495 1804 3560 τοὺς

225 3586 740 3657 παραπεμφθέντας
767 3585 1114 3655 μονάζοντας,
1135 3587 1229 3639 καὶ
1249 3586 1317 3640 τὰ
1337 3586 1600 3641 σταλέντα
1619 3587 1801 3655 γράμ-

227 3697 402 3749 ματα.
435 3681 546 3732 Καὶ
591 3677 742 3738 τέλος
788 3677 972 3748 ἐπειδὴ
1014 3680 1106 3731 καὶ
1149 3679 1320 3732 ταῦτα
1365 3678 1510 3731 ἕωλα
1555 3677 1648 3730 καὶ
1675 3677 1803 3730 ἀϐέ-

224 3773 379 3840 ϐαια,
409 3769 502 3823 τοῦ
538 3770 747 3840 Πατρὸς
775 3770 840 3821 τὰ
869 3770 1054 3822 δέοντα
1079 3770 1532 3840 ἀντεπιφέροντος
1560 3769 1654 3822 καὶ
1677 3770 1803 3820 ἀντ-

226 3861 671 3927 επιστέλλοντος,
698 3862 730 3930 ἡ
763 3860 1101 3928 ἀνακάλυψις
1124 3863 1221 3930 τῆς
1240 3861 1528 3930 βασιλικῆς
1563 3860 1801 3930 μορφῆς,

226 3955 415 4007 οὐκέτι
457 3951 649 4024 χώραν
702 3953 913 4021 ἔχοντος
950 3951 1044 4004 τοῦ
1095 3953 1466 4023 προσωπείου,
1494 3952 1798 4021 φαίνεσθαι.

240 4045 437 4098 Ἀὗαλε
471 4045 540 4096 τὰ
590 4045 713 4097 τότε
775 4043 1114 4113 γεγενημένα
1151 4045 1300 4116 παρὰ
1347 4045 1453 4098 τῶν
1505 4043 1804 4097 σταλέντων

226 4137 318 4190 δύο
384 4136 735 4205 στρατηγῶν,
781 4134 855 4199 ὡς
885 4137 976 4188 ἐπὶ
1035 4137 1306 4207 πολεμίων
1347 4137 1509 4190 τινῶν
1544 4138 1679 4208 πρὸς
1712 4137 1802 4190 τὸν

228 4229 429 4281 ἄοπλον
469 4227 743 4298 μοναστὴν
790 4227 883 4279 τοῦ
916 4227 1169 4296 Χριστοῦ.
1212 4229 1308 4282 καὶ
1358 4229 1505 4298 μόνῳ
1556 4229 1633 4299 τῷ
1673 4228 1803 4299 θείῳ

228 4321 377 4389 vri-pq)
421 4318 818 4390 φραττὸμενον.
858 4318 1037 4388 ’Ἦρθη
1102 4322 1305 4390 ποιμὴν
1347 4322 1411 4373 ἐκ
1467 4321 1657 4391 μέσου,
1710 4323 1804 4375 καὶ

230 4411 630 4482 διεσκορπίσθη
660 4411 727 4464 τὰ
761 4412 1006 4483 πρίσατα
1041 4413 1146 4464 ἀπὸ
1187 4413 1285 4481 τῆς
1309 4414 1543 4484 ποίμνης
1568 4430 1582 4444 ’
1612 4415 1661 4467 οἱ
1703 4415 1804 4482 μὲν

231 4506 437 4576 ἐτύφθη
448 4523 569 4567 σαν,
590 4503 738 4557 ἄλλοι
755 4504 1226 4573 ύπερωρίσθησαν,
1251 4504 1430 4574 ἕτεροι
1447 4504 1800 4575 ἐδιώχθησαν,

1903 3409 1957 3454 ct
1983 3407 2098 3453 erat
2131 3399 2352 3466 quidem
2395 3399 2629 3452 aliorum
2665 3412 2802 3466 opus
2833 3415 2848 3465 ;
2877 3399 2971 3452 sed
2997 3399 3299 3454 secundum
3330 3400 3477 3454 illam

1903 3491 2413 3546 decantatissimam
2447 3490 2500 3544 in
2541 3489 2846 3560 Scripturis
2895 3491 3242 3561 tragtediam,
3282 3509 3480 3548 manus

1906 3581 2165 3636 Absalom
2197 3580 2432 3635 iaciebat
2464 3580 2672 3634 omnia.
2729 3579 2896 3635 Scitis
2942 3581 3250 3637 submissos
3307 3580 3478 3637 fuisse

1905 3673 2226 3735 monachos,
2265 3673 2420 3727 scitis
2474 3673 2686 3727 litteras
2739 3674 2992 3741 scriptas.
3043 3672 3292 3743 Cumque
3363 3675 3479 3730 haec

1903 3763 2066 3818 etiam
2093 3762 2276 3816 inania
2331 3772 2384 3815 et
2441 3761 2656 3814 intirma
2713 3775 2838 3815 esse
2893 3770 3205 3829 appareret,
3256 3758 3479 3814 Platone

1905 3854 2050 3922 quod
2082 3867 2295 3922 aequum
2330 3859 2450 3906 erat
2479 3860 2871 3907 manutenente
2894 3859 2950 3906 et
2979 3849 3325 3921 prtel'ereute,
3392 3867 3478 3905 re-

1905 3947 2117 4000 velatus
2151 3956 2233 4000 est
2260 3944 2476 3999 tandem
2505 3944 2622 4013 ipse
2659 3944 2979 4013 imperator,
3019 3945 3112 4013 qui
3151 3945 3254 3998 sub
3292 3959 3478 4012 perso-

1907 4054 1972 4091 na
2008 4039 2216 4092 diutius
2245 4037 2510 4091 occultari
2546 4052 2653 4089 non
2684 4044 2920 4105 poterat.
2959 4033 3079 4089 Vah
3108 4039 3120 4089 l
3161 4035 3231 4089 ob
3258 4051 3320 4091 ea
3345 4051 3467 4106 quae

1905 4137 2056 4200 gesta
2089 4145 2118 4182 a
2150 4128 2365 4181 duobus
2395 4127 2733 4181 exercituum
2764 4127 3020 4194 ducibus,
3056 4135 3316 4196 tanquam
3375 4129 3478 4182 ad-

1904 4236 2098 4275 versus
2152 4221 2337 4275 hostes
2391 4221 2658 4288 quosdam
2725 4219 2934 4284 missis,
2986 4230 3178 4274 contra
3227 4220 3473 4274 inerncm

1903 4316 2108 4370 Christi
2140 4315 2496 4377 monachum,
2533 4321 2590 4368 et
2620 4313 2734 4368 sola
2757 4313 2849 4367 Dei
2883 4314 2997 4382 lege
3025 4311 3334 4368 defensum.
3369 4312 3475 4367 Sn-

1906 4409 2085 4463 blntus
2126 4416 2210 4462 est
2245 4407 2311 4460 de
2337 4406 2515 4459 medio
2547 4415 2758 4474 pastor,
2781 4414 2836 4459 et
2864 4405 3126 4474 dispersa:
3157 4413 3287 4458 sunt
3343 4419 3475 4460 oves

1905 4501 2104 4573 gregis.
2145 4497 2210 4552 Et
2236 4498 2327 4552 alii
2360 4497 2576 4566 quidem
2600 4496 3054 4560 verberabantur,
3087 4496 3471 4566 relegabantur

232 4601 322 4648 καὶ
352 4597 480 4663 τόγε
519 4593 898 4663 ἐλεεινότερον,
923 4593 1200 4660 θέσπισμα
1231 4594 1506 4661 βασιλικὸν
1540 4595 1799 4665 ἀπροσδέ-

1908 4593 2026 4655 alii,
2055 4591 2238 4645 creteri
2302 4590 2738 4660 persecutionem
2776 4588 3161 4654 sustinebant;
3217 4590 3475 4658 quodque

232 4705 390 4751 κτους
421 4684 564 4740 εἶναι
601 4685 874 4754 πανταχοῦ
905 4687 1028 4748 τοὺς
1044 4684 1130 4736 διὰ
1160 4684 1362 4755 Κύριον
1390 4685 1800 4756 δεδιωγμένους

233 4781 324 4830 καὶ
359 4776 684 4847 ὑπήκουσαν
733 4791 793 4841 γε
831 4777 881 4827 οἱ
932 4777 1040 4828 τῶν
1085 4777 1320 4846 σεμνίων
1392 4783 1801 4850 προϊστάμενοι,

233 4871 325 4920 καὶ
367 4871 599 4929 σπάνιος
626 4869 653 4918 ὁ
679 4867 996 4937 ἀποτολμών
1032 4867 1372 4931 εἰσδέξασθαι
1400 4886 1414 4901 ο
1443 4871 1536 4922 καὶ
1568 4871 1803 4940 Χριστὸς

235 4960 546 5023 ἐκάθευδεν,
575 4958 643 5009 δι’
669 4956 760 5019 οὓς
799 4954 942 5010 οἶδεν
973 4958 1228 5026 τρόπους,
1280 4959 1587 5030 δοκιμάζων
1624 4962 1687 5014 τὰ
1722 4980 1804 5029 γι-

233 5053 493 5119 γνόμενα,
519 5050 629 5102 τῶν
661 5048 760 5118 μὲν
795 5049 1098 5118 βασανίζων
1147 5050 1238 5101 τὸν
1280 5051 1413 5119 πρὸς
1442 5052 1604 5104 αὑτὸν
1635 5051 1798 5109 πάθαν

236 5140 282 5190 εἰ
309 5142 645 5210 ἐπιμένοιεν,
676 5138 782 5190 τῶν
811 5139 864 5193 δὲ
895 5141 955 5192 τὸ
1010 5140 1378 5210 ἀπάνθρωπον
1431 5143 1799 5212 οἰκτιζόμενος

240 5232 480 5298 ἐνεγκεῖν
522 5233 604 5294 εἰς
650 5231 970 5300 μετάμελον.

307 5500 328 5531 ⁸
358 5498 538 5556 Eccie.
573 5515 629 5561 κ,
660 5497 741 5551 lb.

1907 4683 2212 4737 mirabilius
2251 4681 2374 4746 fuit,
2402 4680 2710 4736 Caesareum
2738 4681 2979 4736 edictum
3013 4689 3132 4734 erat
3161 4695 3228 4735 ne
3260 4681 3474 4749 uspiam

1906 4776 2301 4844 reciperentur,
2333 4773 2427 4842 qui
2458 4775 2586 4827 talia
2617 4774 2965 4843 patiebantur
3019 4781 3240 4842 propter
3288 4772 3473 4827 Domi-

1907 4881 2075 4930 num;
2107 4872 2163 4917 et
2200 4865 2378 4919 edicto
2402 4864 2480 4917 illi
2519 4865 2789 4932 parebant
2817 4863 3076 4933 praesides
3099 4865 3472 4917 monasterio-

1906 4971 2052 5018 rum,
2084 4956 2218 5009 adeo
2271 4957 2443 5010 utvix
2495 4958 2638 5010 ullus
2693 4957 3054 5018 inveniretur,
3101 4954 3194 5023 qui
3244 4955 3474 5008 auderet

1907 5048 2149 5122 praebere
2185 5057 2482 5117 receptum.
2517 5047 2770 5101 Christus
2810 5055 2989 5099 autem
3043 5044 3368 5110 dormiebat,
3403 5046 3475 5101 ob

1908 5149 2067 5193 notas
2102 5138 2203 5192 sibi
2239 5155 2436 5193 causas
2465 5156 2480 5205 ;
2509 5139 2706 5192 horum
2753 5137 2978 5205 quidem
3027 5136 3080 5189 in
3105 5151 3164 5190 se
3231 5137 3472 5204 probans

1907 5247 2176 5295 amorem,
2207 5248 2276 5284 ao
2308 5239 2454 5286 esset
2483 5238 2769 5294 constans,
2793 5228 3010 5283 illormn
3043 5242 3172 5282 vero
3201 5227 3474 5284 miserans

1908 5325 2387 5390 inhumanitatcm,
2441 5335 2497 5380 ut
2543 5339 2640 5379 eos
2702 5323 2770 5378 ad
2829 5321 3207 5393 paenitentiam
3274 5338 3478 5392 provo-

1911 5427 2076 5470 Cill'Cl.

1767 5585 1992 5644 ΝΟΤᾸΞ.

312 5705 739 5778 ἔὶῖΗῐυιιιιιςινίι
765 5700 1296 5778 sibiitionsiantinps
1348 5698 1623 5766 illegitimo
1696 5697 1946 5767 coniugio
2003 5701 2319 5761 Theodoten
2378 5705 2793 5777 cubiculariam,
2855 5721 3040 5763 mense
3074 5707 3342 5778 Augusto,
3380 5711 3467 5766 in-

245 5776 469 5832 dictione
498 5770 551 5840 3,
587 5793 674 5828 an.
715 5774 828 5829 795.
874 5775 1005 5828 Vide
1036 5770 1439 5836 Tlleophancm.
