4018 6304
554 321 656 389 831

1742 319 1806 382 S.
1837 317 2234 380 THEODORI
2273 318 2618 378 STUDITA‘J

3702 313 3807 376 832

624 438 714 494 28.
748 434 890 503 Quid
916 445 1097 492 autem
1117 435 1320 510 athleta
1347 433 1552 492 Christi
1577 434 1602 489 2
1635 432 1905 489 Avellitur
1935 443 2129 505 sponte

2301 441 2404 503 κη’.
2445 434 2510 485 Τί
2540 429 2632 486 οὖν
2668 434 2694 486 6
2729 430 2821 486 τοῦ
2852 429 3090 503 Χριστοῦ
3121 430 3808 503 ἀθλητήςςἋποτέμνεται

555 545 587 585 a
627 531 863 600 propriis
894 528 1179 590 membris,
1221 527 1485 595 solusque
1518 526 1948 596 derclinquitur,
2007 526 2127 579 ani-

555 637 698 678 mam
735 636 890 674 suam
918 635 1132 689 ponens
1170 634 1271 689 pro
1298 621 1495 674 ovibus
1526 619 1662 680 suis.
1723 618 1876 685 juxta
1948 617 2129 670 Evan-

554 713 781 784 gelium.
815 719 1002 780 utpote
1043 725 1169 764 vere
1216 721 1403 780 pastor
1433 711 1631 764 bonus.
1668 707 1920 762 Violenta
1966 724 2129 762 manu

554 804 623 858 ad
664 803 937 857 Caesarem
968 803 1186 857 ducitur
1219 820 1233 856 :
1273 804 1482 858 resistit
1513 804 1566 857 in
1625 801 1843 868 faciem,
1869 802 2130 856 audacter

556 897 711 962 dico,
741 896 888 950 velut
919 896 1057 950 alter
1092 896 1336 951 Joannes
1396 895 1598 950 Christi
1655 896 2009 964 prodromus,
2063 909 2130 948 eo

557 989 734 1045 solum
765 999 1015 1059 excepto,
1049 989 1198 1058 quod
1233 989 1323 1043 hic
1363 1003 1467 1042 suo
1506 989 1707 1057 ipsius,
1751 988 1866 1056 ipse
1897 986 2129 1041 alterius

555 1081 725 1137 ductu
751 1082 918 1136 venit.
1025 1081 1239 1136 virilem
1276 1081 1556 1134 animum!
1592 1079 1711 1132 Non
1741 1087 1826 1134 est
1864 1080 2130 1133 reveritus

558 1173 903 1243 maiestatem
954 1173 1196 1243 imperii,
1238 1187 1346 1226 non
1407 1171 1722 1225 formidavit
1776 1172 1975 1235 minas,
2025 1186 2130 1224 non

557 1276 642 1319 est
665 1265 944 1320 emollitus
968 1265 1270 1327 blanditiis,
1295 1263 1458 1332 idque
1490 1279 1613 1317 cum
1641 1277 1706 1317 ex
1735 1278 1835 1317 suo
1861 1263 2131 1334 sanguine

556 1364 703 1408 esset
729 1354 925 1408 mulier
958 1369 1080 1423 quae
1111 1352 1472 1406 llerodiadem
1530 1351 1803 1405 referebat
1842 1366 1856 1402 :
1895 1351 1986 1405 sed
2029 1351 2132 1403 im-

557 1449 882 1517 perterritus
915 1447 1312 1516 pronuntiavit,
1365 1454 1420 1499 et
1456 1461 1561 1497 non
1615 1445 1837 1498 erubuit
1905 1443 2128 1496 verbum

556 1537 824 1591 veritatis.
859 1535 1007 1589 Dixit
1045 1534 1357 1589 Praecursor
1401 1535 1614 1590 Domini
1650 1551 1662 1586 :
1711 1534 1833 1588 Non
1872 1534 1991 1587 licet
2039 1535 2131 1588 tibi

557 1627 744 1682 habere
771 1642 985 1680 uxorem
1017 1624 1250 1694 Philippi
1277 1627 1461 1696 fratris
1485 1629 1562 1680 tui
1601 1629 1622 1659 '
1659 1645 1671 1680 :
1721 1627 1924 1681 similia
1985 1627 2133 1682 illius

558 1719 806 1774 imitator
840 1718 997 1783 dixit,
1033 1716 1099 1771 ad
1126 1733 1250 1772 eum
1294 1719 1388 1789 qui
1417 1718 1654 1772 similem
1687 1734 1747 1773 se
1793 1716 1994 1772 Herodi
2054 1717 2131 1772 fe-

2230 525 2341 581 τῶν
2367 527 2586 580 οἰκείων
2633 522 2810 596 μελῶν
2844 524 3147 595 ἐθελοντὴς,
3189 524 3671 595 καταλιμπάνεται
3708 542 3807 591 μο-

2231 617 2468 681 νώτατος
2494 617 2592 688 τὴν
2619 616 2796 688 ψυχὴν
2831 616 2944 680 θεὶς
2974 615 3115 686 ὑπὲρ
3153 616 3262 668 τῶν
3320 615 3636 686 προϐάτων,
3669 616 3808 670 κατά

2228 711 2290 763 τὸ
2321 710 2672 778 Εὑαγγέλιον,
2699 710 2727 762 6
2749 710 2822 771 ὡς
2855 708 3070 778 ἀληθῶς
3127 707 3332 779 ποιμὴν
3364 708 3587 776 ἀγαθὸς,
3615 710 3810 776 ἀγεται

2229 801 2321 854 ἐπὶ
2346 802 2438 855 τὸν
2467 802 2723 871 Καίσαρα
2754 801 2861 854 ὑπὸ
2881 800 3107 872 βριαροῦ
3126 801 3333 872 χειρὸς,
3382 802 3630 872 είστήκει
3661 801 3803 854 κατά

2232 892 2540 959 πρόσωπον,
2583 893 2632 944 εί
2666 891 2758 944 καὶ
2788 891 3060 963 τολμηρὸν
3099 893 3293 954 εἰπεῖν,
3335 884 3448 944 οἷον
3488 891 3748 961 Ἰωάννης
3782 895 3810 946 6

2232 983 2546 1052 Πρόδρομος
2571 981 2667 1035 τοῦ
2697 982 2925 1052 Κυρίου,
2955 981 3094 1053 πλὴν
3111 983 3232 1035 ὅσον
3250 981 3279 1033 6
3304 982 3402 1052 μὲν
3427 983 3806 1051 αὑτοκίνητος,

2230 1075 2258 1126 ὁ
2293 1073 2350 1125 δὲ
2392 1075 2791 1144 ὲτεροκίνητος.
2830 1073 2894 1125 Ὢ
2945 1072 3040 1143 τῆς
3090 1073 3356 1145 ἀνδρικῆς
3405 1073 3676 1142 καρδίαςι
3712 1076 3810 1143 οὐχ

2233 1165 2541 1236 ὑπέπτηξεν
2580 1166 2657 1237 τῷ
2685 1166 2896 1237 κράτει,
2942 1167 3043 1220 οὐκ
3077 1166 3338 1219 ἐνέδωκεν
3363 1168 3482 1230 ταῖς
3533 1168 3785 1229 ἀπειλαῖς

2208 1253 2331 1322 ,οὐκ
2368 1252 2652 1324 ἐχαυνώθη
2714 1256 2834 1317 ταῖς
2872 1256 3243 1326 πειθανότησι,
3284 1256 3379 1308 καὶ
3425 1254 3602 1309 ταῦτα
3644 1257 3809 1326 οῦσης

2231 1346 2323 1414 ἀφ’
2355 1346 2588 1414 αἵματος
2631 1347 2731 1417 τῆς
2779 1351 2842 1417 τῇ
2895 1347 3183 1417 Ἡρωδιάδι
3238 1348 3661 1417 ὁμογνώμονας·
3694 1347 3811 1401 ἀλλ’

2232 1437 2496 1506 ἐφθέξατο
2524 1440 2789 1509 ἀτρέμας,
2825 1440 2942 1493 ἀλλ’
2970 1440 3320 1509 ὡμολόγησεν
3362 1439 3811 1509 ἀνεπαισχύντως

2234 1530 2326 1584 τὸν
2359 1531 2516 1598 λόγον
2539 1532 2636 1600 τῆς
2662 1532 2939 1602 ἀληθείας.
2971 1527 3136 1585 Εἶπεν
3167 1535 3192 1586 6
3215 1531 3308 1585 τοῦ
3341 1531 3542 1602 Κυρίου
3570 1533 3613 1584 Π
3624 1531 3809 1602 ρόδρο-

2237 1637 2356 1691 μος·
2393 1624 2512 1676 Οὺκ
2539 1623 2781 1688 ἔξεστίν
2805 1641 2902 1677 σοι
2921 1625 3085 1694 ἔχειν
3105 1624 3358 1694 γυναῖκα
3373 1625 3674 1678 Φιλίππου
3705 1622 3810 1676 τοῦ

2233 1717 2502 1787 ἀδελφοῦ
2518 1716 2829 1774 σου.Εἶπεν
2847 1723 2938 1773 καὶ
2951 1723 2977 1773 6
2992 1721 3181 1772 τούτου
3204 1719 3522 1790 μιμητὴςτά
3539 1716 3810 1787 ἐφάμιλλα

558 1819 728 1877 ccrat,
765 1812 941 1880 capite
973 1819 1154 1864 tamen
1177 1810 1422 1865 minutus
1452 1827 1559 1865 non
1591 1824 1676 1866 est
1708 1827 1723 1863 :
1765 1809 1942 1865 noluit
1987 1811 2130 1863 enim

2237 1811 2372 1881 πρὸς
2397 1813 2487 1865 τὸν
2522 1813 2763 1884 Ἡρώδου
2788 1814 2972 1883 ὅμοιον
2994 1831 3008 1844 ·
3045 1816 3141 1867 καὶ
3180 1814 3439 1882 τέμνεται
3469 1812 3569 1882 μὲν
3589 1813 3690 1881 τὴν
3717 1827 3811 1863 κε-

558 1893 880 1974 imperator.
930 1903 1391 1974 quemadmodum
1422 1903 1772 1973 praedixerat,
1829 1913 2129 1974 martyrem

560 1997 766 2062 facere,
790 2001 856 2050 ad
898 1997 1151 2050 ultimum
1185 2005 1460 2050 certamen
1490 1997 1767 2050 voluntate
1796 2006 2129 2064 promptum.

557 2088 942 2144 Coufessorem
979 2103 1157 2142 tamen
1201 2088 1405 2142 Christi
1473 2086 1618 2150 fecit,
1672 2088 1836 2141 etiam
1897 2088 2130 2152 nolens,

555 2183 802 2237 veritatis
829 2184 1173 2236 thesaurum.
1206 2191 1264 2235 ut
1321 2180 1628 2234 maleficum
1662 2179 1961 2244 hominem,
2001 2195 2133 2234 cou-

556 2275 787 2329 cludens
820 2273 1040 2338 cellula,
1082 2274 1375 2342 clavesque
1437 2288 1603 2342 supra
1655 2273 1835 2328 claves
1897 2287 2128 2341 ponens,

556 2376 609 2418 et
635 2365 833 2433 jubeus
867 2380 961 2434 per
995 2373 1289 2432 angustum
1328 2361 1575 2416 foramen
1598 2363 1782 2416 cibum
1817 2363 1864 2416 ei
1904 2362 2128 2430 praeberi

556 2458 638 2511 sic
668 2466 727 2509 ut
771 2472 801 2510 a
871 2456 1090 2510 nemine
1135 2456 1377 2526 conspici
1409 2464 1615 2526 posset,
1656 2470 1820 2524 quem
1878 2453 2132 2509 Christus

557 2550 896 2603 intuebatur.

624 2639 715 2694 ‘29.
750 2639 852 2703 Qui
878 2647 1057 2691 autem
1121 2637 1175 2690 in
1237 2637 1323 2692 his
1376 2637 1819 2706 cooperabantur
1874 2637 2078 2694 Caesari
2111 2682 2127 2706 ,

555 2741 711 2786 erant
745 2732 1146 2784 monachorum
1212 2729 1512 2799 praesides,
1563 2744 1801 2799 quorum
1866 2733 2130 2787 erubesco

557 2823 803 2895 proferre
837 2824 1083 2879 nomina.
1121 2822 1324 2880 Carccr
1373 2841 1527 2890 vero,
1562 2840 1595 2878 ο
1663 2840 1777 2879 rem
1827 2826 2081 2880 miseram
2113 2829 2125 2880 Ξ

556 2928 742 2968 carcer
775 2922 911 2975 erat,
941 2913 1255 2968 miserabile
1299 2915 1693 2970 monasterium
1738 2915 1911 2985 ipsius
1944 2917 2130 2984 palatii

555 3003 843 3058 Echccolla
877 3004 1309 3070 dietum,custos
1325 3007 1565 3062 carceris
1599 3007 1986 3072 admirandus,
2015 3008 2129 3075 ipse

553 3096 647 3164 qui
686 3095 930 3148 maachos
966 3106 1350 3151 coronaverat.
1387 3096 1502 3150 Heu
1539 3114 1625 3152 me
1661 3100 1672 3152 ί
1711 3100 2022 3153 exclamare
2046 3100 2127 3152 lu-
2158 3132 2203 3194 ο

555 3183 646 3238 bet
703 3200 829 3238 eum
873 3185 1170 3255 Propheta.
1217 3185 1382 3240 Periit
1426 3200 1639 3243 sanctus
1670 3190 1732 3243 de
1767 3199 1927 3256 terra,
1956 3199 2006 3244 et
2046 3207 2127 3243 re-

555 3286 670 3330 ctus
709 3279 763 3330 in
789 3277 1085 3331 hominibus
1117 3295 1220 3332 non
1252 3289 1328 3332 est
1362 3281 1427 3333 ¹⁰.
1460 3281 1599 3346 Quid
1635 3298 1781 3336 nunc
1819 3297 1945 3336 eum
1983 3298 2131 3336 com-

557 3383 859 3421 memorem
886 3406 900 3429 ,
934 3368 1028 3437 qui
1069 3378 1318 3424 sanctum
1349 3372 1774 3426 custodiendum
1806 3373 2029 3425 tradidit
2065 3374 2132 3424 il-

558 3459 836 3514 licitarum
905 3462 1222 3532 nuptiarum
1275 3465 1617 3519 conciliatori
1665 3463 1815 3534 (18);
1857 3473 1952 3519 aut
2005 3479 2128 3518 eum

557 3554 650 3621 qui
691 3555 893 3608 missus
923 3556 992 3608 ab
1046 3554 1378 3625 imperatore
1436 3560 1786 3627 praesumpsit
1845 3558 2128 3613 innoxium

552 3644 847 3714 judicare?
875 3645 1016 3710 Quid
1062 3645 1362 3715 Episcopus
1393 3646 1572 3702 dicam
1621 3663 1651 3702 a
1693 3649 1910 3703 Carsare
1969 3651 2132 3722 depu-

557 3744 723 3799 tatos,
760 3744 818 3789 ut
848 3736 968 3790 solo
1023 3738 1189 3790 verbo
1243 3738 1553 3792 consentire
1599 3739 1808 3808 justum
1868 3739 2128 3804 tacerent,

554 3841 791 3895 eumque
817 3842 847 3880 a
889 3842 1110 3881 carcere
1151 3828 1439 3882 liberatum
1498 3830 1837 3887 dimitterent
1861 3849 1949 3888 res
2003 3849 2131 3889 suas

557 3932 658 3986 pro
687 3917 917 3970 arbitrio
954 3918 1345 3973 administrare
1371 3920 1394 3972 ’ί
1429 3918 1571 3984 Quid
1592 3921 1832 3992 denique
1893 3923 2130 3978 subsan-

557 4018 752 4065 nantes
811 4009 858 4063 ei
921 4025 984 4063 ac
1050 4011 1400 4066 detrahentes
1471 4016 2131 4086 recenseam,sanguine

556 4102 878 4170 conjunctos
905 4113 961 4155 ct
994 4102 1221 4166 alienos,
1258 4103 1444 4158 habitu
1489 4105 1699 4161 similes
1730 4115 1784 4160 et
1813 4107 2128 4164 dissimiles.

555 4194 600 4250 Ο
653 4195 1080 4249 absurditatem!
1114 4205 1209 4250 aut
1243 4198 1428 4265 potius
1464 4197 1723 4267 iniuriam
1779 4198 1980 4254 factam
2037 4217 2130 4256 ve-

556 4286 742 4342 ritati!
782 4286 984 4342 Delirio
1021 4302 1348 4353 generosum
1399 4289 1579 4343 virum
1653 4291 1972 4359 arguebant,
2036 4292 2129 4362 qui

555 4378 889 4433 adulterium
929 4378 1185 4433 volebant
1231 4379 1546 4449 conjugium
1618 4380 1833 4436 videri:
1912 4398 2130 4453 sparge-

2235 1904 2409 1974 φαλὴν
2447 1905 2717 1975 οὐδαμῶς,
2751 1907 2832 1958 ὅτι
2865 1906 2998 1976 μηδὲ
3036 1905 3297 1975 ἠϐούλετο
3333 1907 3363 1958 6
3402 1906 3624 1974 Καῖσαρ
3657 1904 3810 1973 μάρ-

2232 2011 2372 2065 τυρα
2395 1996 2614 2050 τελέσαι
2648 1997 2736 2049 τὸν
2765 2001 2831 2068 τῇ
2864 1998 3180 2067 προαιρέσει
3209 1996 3541 2065 ἀθλήσαντα,
3569 1995 3645 2058 ὼς
3676 2011 3810 2064 προ-

2233 2085 2412 2140 λαϐὼν
2480 2089 2884 2158 ἀπεφθέγξατο,
2915 2089 3254 2160 ὁμολογητὴν
3318 2089 3374 2142 δὲ
3431 2086 3669 2159 Χριστοῦ
3718 2088 3811 2138 καὶ

2235 2180 2311 2250 μὴ
2345 2179 2665 2251 βουλόμενος
2686 2179 2969 2246 ἀπέδειξεν
2993 2219 3007 2244 ,
3033 2181 3326 2252 καθείρξας
3355 2184 3412 2233 ὲν
3434 2180 3664 2250 οίκίσκῳ
3702 2182 3810 2232 τινὶ

2232 2272 2308 2333 ὡς
2329 2271 2637 2342 κακοῦργον
2664 2273 2758 2327 τὸν
2789 2274 3060 2344 θησαυρὸν
3096 2274 3194 2343 τῆς
3221 2272 3501 2344 ἀληθείας,
3537 2272 3689 2336 κλεῖς
3715 2272 3808 2324 ἐπὶ

2232 2361 2407 2415 κλεισὶ
2434 2362 2678 2433 θέμενος,
2712 2366 2807 2419 καὶ
2835 2366 2899 2418 δι’
2948 2368 3088 2436 ὀπῆς
3117 2365 3215 2436 τὴν
3257 2366 3463 2435 τροφὴν
3489 2363 3808 2435 πορίζεσθαι

2233 2453 2595 2518 κεκελευκὼς,
2628 2455 2765 2526 πρὸς
2793 2457 2852 2508 τὸ
2883 2457 2978 2509 ὑπ’
3009 2458 3221 2518 οὐδενὸς
3243 2455 3471 2527 ὁρᾶσθαι
3501 2455 3610 2508 τῶν
3634 2455 3808 2508 ἀλλων

2233 2546 2489 2600 ἁπάντων
2521 2547 2613 2600 τὸν
2645 2547 2749 2599 ὑπὸ
2777 2549 2981 2619 Κυρίου
3011 2547 3307 2618 ὁρώμενον.

2302 2639 2404 2692 κθ’.
2441 2638 2549 2690 Καὶ⁵
2577 2639 2626 2691 οί
2653 2636 3066 2708 συναιρούμενοι
3095 2637 3176 2708 τῷ
3215 2636 3454 2708 Καίσαρι
3503 2635 3614 2688 τῶν
3643 2653 3808 2705 μονα-

2234 2731 2375 2784 στῶν
2406 2731 2459 2783 οἱ
2490 2729 2837 2800 προέχοντες,
2867 2723 2941 2781 ὧν
2980 2729 3346 2799 αἰσχυναίμην
3388 2728 3563 2780 εἰπεῖν
3604 2728 3675 2778 τὰ
3696 2727 3808 2778 ὀνό-

2235 2839 2382 2891 ματα
2409 2837 2422 2852 ⁸
2463 2822 2558 2874 καὶ
2598 2823 2631 2890 ὴ
2674 2819 2887 2890 εἱρκτὴ,
2918 2819 2977 2872 τὸ
3022 2818 3266 2889 σχέτλιον
3307 2821 3673 2888 μοναστήριον
3699 2817 3808 2868 τῶν

2233 2913 2522 2985 βασιλείων
2557 2913 2847 2983 Ἐχέκαλλα
2873 2911 2970 2981 (g),
3009 2913 3102 2965 καὶ
3131 2913 3160 2963 6
3191 2910 3506 2980 θαυμαστὸς
3526 2910 3808 2980 φρούραρ-

2232 3023 2326 3075 χος
2367 3008 2394 3058 6
2445 3006 2570 3069 τοὺς
2629 3004 3004 3075 μοιχωμένους
3058 3002 3563 3071 καταστεψάμενος.
3609 3002 3803 3070 Οίμοιί

2238 3101 2375 3169 μετά
2407 3102 2498 3153 τοῦ
2525 3103 2806 3170 προφήτου
2840 3100 3124 3170 βοήσομαι,
3154 3099 3235 3151 ὅτι
3276 3097 3335 3150 Ἀ
3351 3099 3628 3152 πόλωλεν
3655 3102 3689 3153 ὀ
3710 3100 3808 3151 εὑ-

2234 3191 2434 3257 λαϐἡς
2457 3192 2575 3244 ἀπὸ
2603 3189 2715 3256 τῆς
2749 3190 2880 3258 τῆς,
2923 3191 3020 3243 καὶ
3075 3193 3106 3243 ὁ
3136 3187 3438 3256 κατορθῶν
3475 3189 3544 3241 ἐν
3582 3190 3808 3258 ἀνθρὼ-

2234 3301 2369 3349 ποις
2402 3286 2511 3337 οὐκ
2539 3282 2730 3336 ἔστιν.
2756 3283 2822 3335 Τί
2854 3282 2962 3352 γάρ
2989 3281 3082 3334 καὶ
3111 3281 3253 3333 εἴπω
3294 3284 3384 3333 τὸν
3410 3281 3808 3349 παραδώσαντα

2233 3375 2322 3426 τὸν
2377 3373 2532 3440 ἀγιον
2586 3372 2664 3443 τῷ
2699 3373 3059 3443 μοιχοζεύκτῃ
3101 3374 3182 3435 εἰς
3230 3373 3290 3425 τὸ
3327 3372 3704 3442 φρουρηθῆναι
3731 3373 3805 3440 ςῆ

2234 3467 2325 3519 τὸν
2358 3469 2830 3538 προανακρίναντα
2865 3467 2923 3532 ἐξ
2946 3466 3247 3536 ἀποστολῆς
3280 3465 3374 3518 τοῦ
3424 3464 3688 3533 βασιλέως
3719 3468 3807 3518 τὶν

2234 3556 2523 3608 ἀνεύθυνον
2548 3574 2563 3621 ;
2592 3556 2624 3626 ἢ
2649 3557 2775 3619 τοὺς
2811 3556 2948 3625 μετά
2980 3556 3079 3624 τὴν
3111 3553 3338 3625 εἱρκτὴν
3377 3553 3807 3622 παραπεμφθέν-

2233 3664 2330 3709 τας
2355 3647 2489 3716 πρὸς
2513 3647 2606 3700 τοῦ
2637 3648 2916 3719 Καίσαρος
2965 3649 3221 3718 ίεράρχας
3271 3647 3350 3709 είς
3373 3645 3432 3697 τὸ
3474 3643 3618 3714 λόγῳ
3651 3645 3811 3714 μόνον

2236 3740 2528 3793 συνθέσθαι
2577 3741 2668 3792 τὸν
2707 3741 2951 3804 δίκαιον,
2981 3739 3081 3808 τῆς
3137 3754 3196 3790 τε
3245 3735 3493 3805 φυλακῆς
3518 3733 3612 3786 τοῦ
3650 3736 3808 3804 χάριν

2235 3831 2523 3900 ἀφεθῆναι,
2588 3833 2684 3884 καὶ
2741 3832 2958 3884 πάντων
2999 3829 3108 3881 τῶν
3154 3829 3372 3881 οίκείων
3422 3826 3806 3896 δεσπόζειν;ἢ

2232 3926 2358 3986 τοὺς
2390 3923 2588 3989 ἔξωθεν
2616 3921 2969 3984 σκώπτοντάς
3029 3937 3087 3973 τε
3115 3921 3211 3973 καὶ
3253 3918 3628 3988 διασύροντας,
3661 3918 3810 3986 ὁμαίο

2236 4018 2401 4088 μονάς
2425 4033 2483 4069 τε
2514 4016 2608 4069 καὶ
2638 4016 2735 4084 οὐχ
2762 4015 3085 4085 ὁμαίμονας,
3121 4015 3466 4083 ὁμοσχήμους
3488 4027 3549 4062 τε
3580 4010 3676 4063 καὶ
3693 4011 3807 4063 ἑτε-

2235 4111 2584 4180 ροσχήμους;
2626 4109 2692 4158 Ὢ
2708 4107 2805 4176 τῆς
2834 4105 3086 4168 ἀτοπίας,
3117 4104 3316 4174 μᾶλλον
3335 4105 3391 4157 δὲ
3421 4104 3518 4174 τῆς
3543 4101 3685 4155 κοιτά
3712 4103 3806 4169 τῆς

2232 4197 2491 4268 ἀληθείας
2554 4196 2924 4268 ὲξυὸρίσεωςί
2972 4197 3268 4249 ’Έκστασιν
3323 4196 3668 4264 κατηγόρουν
3716 4193 3805 4246 τοῦ

2231 4291 2482 4361 γενναίου
2516 4293 2564 4344 ul
2642 4289 3074 4359 μοιχαλλοίωτοι,
3118 4288 3417 4355 κενοδοξεῖν
3467 4287 3806 4358 ἐπεφήμιζεν

2233 4381 2325 4433 τὸν
2349 4381 2492 4450 ὑπὲρ
2523 4379 2761 4450 Χριστοῦ
2791 4378 2949 4446 δόξης
2972 4377 3443 4446 ὲναγωνιζόμενον
3472 4377 3521 4429 οί
3545 4377 3635 4430 διὰ
3659 4377 3718 4427 τὸ
3740 4379 3806 4428 τὰ

555 4470 685 4525 baut
715 4471 861 4523 inani
900 4471 1070 4540 gloria
1101 4471 1223 4526 duci
1253 4486 1348 4540 pro
1377 4470 1598 4526 Christo
1650 4473 2045 4538 decertantem,
2094 4474 2127 4528 ii

2236 4473 2371 4542 πρὸς
2411 4471 2702 4542 ἀρέσκειαν
2729 4469 2821 4523 τοῦ
2859 4469 3140 4540 Καίσαρος
3195 4468 3455 4538 πράττειν
3482 4485 3541 4522 τε
3581 4469 3675 4521 καὶ
3723 4469 3800 4519 λέ-

553 4563 646 4630 qui
671 4562 854 4615 studio
876 4561 1070 4630 agendi
1101 4562 1468 4631 loquendique
1489 4577 1552 4616 ex
1583 4563 1856 4618 voluntate
1902 4565 2130 4620 Caesaris

2234 4583 2352 4634 γειν
2380 4566 2480 4633 τῆς
2527 4563 2845 4625 δεσποτείας
2889 4562 3097 4632 Κυρίου
3148 4562 3528 4626 ἐκπίπτοντες.
3566 4563 3804 4631 Ἐφερεν

552 4653 867 4706 exciderant
929 4652 1143 4706 Domini
1176 4651 1260 4704 sui
1294 4652 1549 4722 imperio.
1591 4654 1870 4710 Sustinuit
1936 4658 2134 4713 nihilo-

555 4743 736 4798 minus
798 4743 1153 4798 inhumanam
1218 4745 1482 4814 temporis
1557 4745 1703 4800 illius
1757 4749 2128 4804 calamitatem

553 4834 760 4888 athleta
807 4834 1041 4899 Christi,
1074 4835 1250 4890 solam
1288 4836 1510 4891 intuens
1541 4837 1823 4892 veritatem
1878 4848 1934 4893 et
1969 4841 2128 4894 retri-

620 4971 642 5006 ⁹
678 4969 843 5026 Marc.
880 4985 954 5037 τι,
988 4969 1078 5025 18.
1155 4971 1198 5003 ⁸⁸
1239 4969 1401 5026 Micb.
1433 4971 1606 5036 “1,2.

2231 4659 2286 4711 δὲ
2313 4659 2462 4728 ὅμως
2491 4656 2588 4726 τὴν
2621 4654 2987 4724 ἀπάνθρωπον
3014 4652 3107 4705 τοῦ
3151 4652 3347 4724 καιροῦ
3397 4653 3570 4722 φορὰν
3621 4654 3648 4703 6
3679 4653 3808 4721 Χρι-

2233 4750 2360 4803 στοῦ
2386 4746 2751 4818 θεραπευτής,
2781 4747 2917 4816 πρὸς
2944 4746 3002 4797 ἓν
3049 4746 3212 4811 μόνον
3261 4745 3481 4798 σκοπῶν
3529 4746 3632 4814 τὴν
3675 4744 3804 4813 ἀλή-

2229 4840 2380 4893 θειαν
2411 4839 2506 4892 καί⁵
2529 4837 2627 4910 τὴν
2659 4838 2799 4908 ὑπὲρ
2833 4839 3001 4908 αὐτῆς
3027 4837 3381 4891 ἀνταπόδοσιν
3405 4851 3419 4867 ·
3448 4836 3542 4890 καί
3569 4853 3635 4906 γε
3653 4835 3800 4906 διῆλ-

2071 5096 2298 5153 NOTAE.

626 5235 700 5306 (θ)
743 5234 1003 5319 Δξὶτιςιιιιο
1035 5234 1256 5319 videtur
1279 5235 1773 5319 ἐνεκόλλαιρείδεο,
1803 5239 1947 5319 quod
1997 5239 2130 5319 ipqu

2232 5257 2322 5312 ego
2363 5257 2578 5313 quoque
2621 5244 2823 5319 credidi
2860 5245 3348 5319 substituendum:
3393 5261 3544 5319 nunc
3573 5259 3730 5312 vero,
3759 5246 3798 5299 si

549 5308 900 5387 placeatipsi
923 5308 1099 5387 postri
1130 5308 1384 5387 ecypphi
1416 5310 1717 5387 .scriptioni
1742 5308 2031 5387 inhaerere,
2072 5311 2162 5364 ubi
2191 5308 2446 5381 expres—se
2484 5308 2577 5382 per
2605 5316 2962 5387 tnajusculam
2997 5318 3230 5372 litteram
3262 5319 3430 5386 (quod
3454 5317 3595 5370 alias
3620 5308 3800 5367 rarilm

550 5388 602 5458 et
633 5378 780 5458 haud
811 5377 976 5430 dubie
1030 5377 1083 5458 in
1120 5377 1379 5458 ooriginali
1409 5378 1719 5458 ingenitum)
1771 5381 2168 5458 scribitur_vox
2200 5377 2636 5458 prbparoxvtona
2671 5377 2707 5451 ;’
2740 5386 2995 5440 fortassis
3051 5377 3283 5458 habebis
3305 5377 3601 5458 'proprium
3631 5388 3800 5455 ipsius

553 5445 814 5526 Palatini”
837 5447 1162 5526 monasterii
1197 5462 1418 5526 nomen,
1452 5445 1762 5526 “line/tecet“,
1787 5459 1856 5526 _et
1901 5445 2226 5505 concinnior
2253 5445 2358 5507 erit
2395 5456 2650 5524 periodus
2673 5445 2683 5451 ’
2705 5471 2797 5525 per
2826 5458 2927 5511 tria
2963 5459 3210 5513 membra
3237 5445 3559 5515 div'isa'sinc
3583 5445 3800 5526 expres-

550 5520 709 5571 sione
743 5516 980 5585 alicujus
1016 5517 1167 5571 verbi
1222 5517 1684 5586 subiutelligendo
1712 5521 1934 5585 ubique,
1966 5531 2103 5576 erat.

624 5656 1324 5781 (ί.8)..1.οςιιῃ1.ι.ψςεδὶιγῑει·
1354 5669 1404 5713 et
1482 5658 1740 5740 Ecclesiae
1803 5677 2144 5734 oeconomus,
2187 5663 2499 5725 illic-iturum
2571 5670 2885 5741 nuptiarum
2933 5669 3176 5728 initiator
3237 5669 3638 5728 ctconeiliator
3668 5681 3800 5723 con-

624 5744 680 5781 ιιι
711 5731 918 5781 dicitur
956 5744 1008 5781 ιιι
1088 5739 1157 5781 ita
1191 5733 1249 5781 δ.
1287 5728 1580 5781 Theodori.

546 5719 680 5800 iurgii
711 5719 925 5784 dicitur
956 5729 1008 5782 in
1041 5719 1157 5784 Vita
1191 5719 1249 5785 S.
1287 5728 1580 5785 Theodori.
