4018 6304
204 363 309 431 833

864 361 1144 426 ORATIO
1175 362 1283 424 XI.
1320 388 1377 398 -
1426 361 1805 424 LAUDATIO
1844 362 1904 423 S.
1945 359 2311 422 PLATONIS
2355 361 2785 428 HEGUMENI.

3327 364 3432 430 834

206 477 296 528 θεν
325 476 428 544 τὴν
485 472 728 528 κάκωσιν
754 475 828 537 ὡς
875 474 935 525 ἐν
979 471 1192 536 ἀδύτοις
1229 472 1655 542 ἀναπαυόμενος.
1700 464 1774 523 Οὖ

1881 469 2158 522 butionem
2177 469 2350 523 eidem
2373 472 2665 539 repositam
2688 487 2705 540 ;
2727 473 2910 544 itaque
2934 487 3208 531 aarumnos
3225 491 3287 532 os
3311 477 3434 534 illos

206 568 318 637 γὰρ
355 565 490 630 Θεὸς
517 566 579 619 τὸ
631 563 1085 636 σπουδαζόμενον,
1134 567 1247 617 ἐκεῖ
1293 563 1444 616 οὐδὲν
1497 563 1558 616 τὸ
1586 562 1752 616 νικῶν

207 652 300 704 τὸν
333 651 602 722 φιλόθεον.

280 827 346 880 λ’.
371 826 557 896 Βραχὺ
580 824 642 878 τὸ
671 822 896 896 ἐμμὲσῳ
928 825 1021 878 καὶ
1052 825 1084 895 ἡ
1123 823 1346 894 μοιχικὴ
1392 822 1657 894 βασιλεία,
1695 820 1773 893 μὴ

214 915 540 986 βουληθεῖσα
568 916 807 970 συνιέναι
836 914 931 969 τοῦ
959 915 1248 983 άγαθῦναι,
1272 917 1334 967 ἐκ
1355 918 1517 985 μέσου
1540 915 1770 984 γίνεται.

210 1008 285 1070 ὡς
316 1005 382 1060 ἂν
412 1006 635 1076 μάθοιεν
677 1008 771 1061 καὶ
823 1007 1061 1078 βασιλεῖς
1111 1007 1185 1076 μὴ
1213 1006 1372 1061 θείων
1389 1007 1567 1076 νόμων
1603 1007 1774 1077 ὑπερ-

210 1095 650 1166 άλλεσθαι,·μηδὲ
682 1096 1029 1169 παρανόμους
1059 1097 1133 1167 (h)
1161 1097 1432 1167 διωγμοὺς
1479 1097 1572 1150 καὶ
1603 1097 1774 1167 φυλα·

211 1189 315 1250 κὰς
341 1187 672 1256 ἐξυφαίνειν,
706 1189 812 1243 κᾶν
840 1189 981 1259 μέγα
1009 1191 1075 1259 τῇ
1107 1190 1396 1259 πορφυρίδι
1438 1190 1775 1260 ὑπεραίρων-

209 1295 334 1332 ται’
365 1280 460 1332 καὶ
497 1281 525 1331 6
561 1280 747 1344 πιστὸς
799 1279 894 1333 τοῦ
939 1282 1145 1351 Κυρίου
1197 1279 1527 1350 νομοφύλαξ,
1570 1281 1632 1333 τὸ
1673 1283 1772 1349 τῆς

208 1368 497 1437 ὁμολογίας
528 1368 780 1439 βραϐεῖον
831 1370 1260 1439 ἀναδησάμενος,
1316 1370 1516 1434 ἔξεισιν
1546 1370 1653 1423 ἀπὸ
1673 1371 1772 1441 τῆς

211 1459 464 1529 φυλακῆς
493 1459 570 1522 ὡς
597 1459 844 1530 νικητὴς,
873 1458 1042 1512 πολλὰ
1080 1461 1149 1513 τὰ
1181 1458 1434 1529 ἐγκώμια
1465 1459 1615 1529 παρὰ
1639 1459 1772 1511 πολ-

209 1549 318 1600 λῶν
340 1548 651 1618 δεχόμενος,
685 1547 1041 1618 ὑμνούμενος,
1071 1549 1525 1619 μακαριζόμενος,
1566 1566 1774 1620 μαρτυ-

211 1639 628 1709 ρολογούμενος,
680 1639 773 1692 καὶ
820 1640 949 1710 παρ’
989 1639 1166 1692 αὐτῶν
1197 1639 1304 1692 τῶν
1334 1639 1600 1710 πρότερον
1637 1655 1775 1691 σκω-

209 1731 452 1783 πτόντων
481 1746 542 1782 τε
595 1730 691 1782 καὶ
737 1730 1165 1801 κωμῳδούντων.
1195 1731 1403 1783 Ἴσασιν
1446 1731 1573 1800 γὰρ,
1609 1731 1772 1802 φησὶν

1871 559 1991 614 dies
2023 562 2309 631 transegit,
2340 563 2487 618 velut
2519 564 2566 618 si
2600 565 2654 619 in
2684 568 2857 622 sacris
2907 569 3092 638 templi
3130 569 3306 642 adytis
3345 589 3434 628 re-

1871 652 2182 719 quiei-isset.
2238 653 2340 720 Qui
2372 654 2514 709 enim
2545 656 2710 711 Deum
2745 673 2854 727 prte
2881 661 3057 715 oculis
3087 661 3282 726 habet,
3312 663 3435 733 ejus

1871 757 1999 813 erga
2034 744 2210 812 ipsum
2241 759 2482 801 amorem
2507 749 2639 802 nihil
2671 758 2850 818 potest
2873 767 3149 821 superare.

1943 835 2035 888 50.
2069 833 2225 889 Brevi
2253 839 2438 908 elapso
2472 849 2714 909 tempore
2744 843 3024 898 sublatum
3061 844 3127 900 de
3145 845 3325 901 medio
3351 855 3436 900 est

1874 926 2240 983 adulterinum
2268 929 2400 984 illud
2428 931 2713 1001 imperium
2746 934 2879 1004 (i9),
2943 937 3087 1004 quod
3142 937 3314 991 noluit
3350 937 3436 991 itt-

1873 1018 2114 1088 telligere
2151 1028 2209 1074 ut
2242 1021 2378 1076 bene
2404 1033 2622 1092 ageret;
2666 1034 2726 1079 ut
2781 1026 2945 1080 etiam
2988 1028 3089 1095 ipsi
3136 1044 3289 1099 reges
3345 1028 3432 1082 di-

1873 1121 2025 1164 scant
2064 1111 2277 1166 divinas
2312 1115 2453 1182 leges
2477 1131 2584 1170 non
2627 1118 2848 1181 violare,
2896 1135 3070 1188 neque
3094 1121 3289 1189 impias
3313 1135 3435 1190 per-

1875 1201 2186 1256 secutiones
2219 1212 2312 1256 aut
2340 1205 2682 1273 captivitates
2714 1208 2917 1271 moliri,
2960 1211 3311 1278 quantumvis
3364 1209 3435 1263 ob

1875 1306 2172 1360 purpuram
2203 1292 2562 1349 honorentur.
2602 1296 2788 1367 Itaque
2825 1299 3023 1354 divina:
3055 1302 3187 1371 legis
3245 1309 3435 1356 custos

1876 1379 2068 1448 ﬁdelis,
2102 1383 2469 1441 confessionis
2503 1390 2736 1458 egregiae
2784 1388 3095 1444 diademate
3125 1389 3434 1455 redimitus,

1877 1479 2132 1542 tanquam
2187 1475 2361 1529 victor
2405 1477 2575 1531 exivit
2606 1480 2671 1533 de
2696 1495 2946 1545 carcere;
2978 1481 3200 1536 multam
3233 1497 3262 1537 a
3295 1481 3437 1536 mul-

1878 1564 1945 1618 tis
1993 1564 2210 1618 Iaudem
2245 1565 2504 1630 referens,
2539 1570 2839 1640 beatusque
2872 1582 2927 1627 et
2950 1582 3158 1642 martyr
3220 1588 3432 1626 nuncu-

1876 1661 2051 1723 patus,
2083 1655 2245 1708 etiam
2276 1656 2345 1710 ab
2376 1657 2444 1712 iis
2476 1660 2567 1727 qui
2596 1660 2696 1728 ipsi
2729 1671 2888 1716 antea
2923 1664 3264 1718 insultabant
3313 1664 3437 1717 illu-

1876 1745 2203 1814 debantque.
2241 1745 2437 1802 Seiunt
2469 1750 2639 1816 enim,
2680 1753 2855 1821 inquit
2884 1752 3180 1819 Gregorius
3207 1754 3439 1808 Theolo-

207 1825 235 1875 6
255 1822 539 1891 Θεολόγος,
569 1821 870 1891 θαυμάζειν
906 1823 1100 1893 ἀνδρὸς
1125 1823 1329 1893 ἀρετὴν
1358 1823 1452 1876 καὶ
1497 1823 1769 1893 πολέμιοι,

1877 1852 1997 1906 gus,
2031 1836 2194 1891 etiam
2229 1837 2437 1894 inimici
2478 1819 3046 1898 adrnirariivirtutent
3102 1846 3203 1898 viri
3248 1844 3435 1910 fortis,

207 1913 286 1967 ὅτ’
320 1915 385 1967 ἂν
407 1913 499 1967 τοῦ
533 1912 707 1980 θυμοῦ
735 1912 993 1980 λήξαντος
1045 1913 1129 1982 ἐφ’
1160 1913 1360 1983 ἑαυτῆς
1388 1914 1420 1983 ἠ
1455 1912 1652 1982 πρᾶξις
1685 1911 1773 1963 δο·

206 2006 534 2076 κιμάζηται,
565 2006 614 2058 εί
642 2005 736 2058 καὶ
767 2005 1132 2074 ἑτερολέκτως
1159 2006 1275 2077 ἔχει
1301 2002 1479 2075 δεῦρο.
1509 2005 1620 2074 Τῆς
1663 2003 1772 2074 γὰρ

206 2097 529 2167 φερωνύμου
560 2098 796 2169 Είρήνης
847 2098 1007 2151 πάλιν
1046 2096 1418 2167 κρατησάσης,
1451 2095 1549 2149 καὶ
1578 2094 1645 2148 δι’
1685 2099 1772 2148 αί-

205 2184 328 2248 δοῦς
364 2186 704 2256 μαρτυρικοῦ
754 2185 1091 2256 ἐκϐαλούσης
1148 2202 1208 2238 τε
1262 2185 1358 2238 καὶ
1406 2183 1638 2255 ἐχούσης
1681 2184 1773 2236 τὸν

205 2276 397 2344 ἄνδρα,
430 2275 755 2348 παλιρροίας
787 2276 943 2346 δίκην
972 2277 1066 2330 καὶ
1095 2275 1151 2328 sf
1170 2292 1253 2340 τις
1289 2275 1483 2346 ἐχθρὸς
1506 2278 1587 2340 είς
1619 2274 1773 2345 φίλον

205 2368 299 2419 καὶ
329 2367 624 2437 ἐπαινέτην
655 2365 1036 2437 μετελήλυθεν,
1061 2365 1137 2429 ὡς
1167 2367 1258 2420 καὶ
1307 2365 1468 2418 αὐτὸν
1493 2366 1584 2420 τὸν
1614 2383 1776 2437 φρου-

209 2458 307 2526 pia
344 2459 650 2513 ἀντιϐολεῖν
675 2461 774 2530 τὴν
816 2460 1163 2532 συγχώρησιν
1197 2461 1336 2514 κατὰ
1373 2463 1476 2532 γῆς
1503 2462 1773 2534 ἐρριμμέ-

206 2569 294 2604 νον
317 2567 333 2581 ⁸
365 2553 571 2607 ἔπαθεν
609 2553 666 2607 δὲ
711 2552 880 2618 πάθος
927 2553 1129 2624 μᾶλλον
1170 2553 1199 2604 6
1227 2552 1552 2621 ἀναίσθητος
1603 2552 1769 2618 λίθος,

208 2645 240 2713 ἢ
263 2663 316 2698 τι
340 2645 527 2700 καινὸν
553 2646 759 2711 ἐκεῖνος
784 2648 842 2700 ἐν
878 2649 991 2710 τοῖς
1010 2646 1308 2718 ὁρωμένοις
1337 2662 1396 2700 τε
1419 2647 1512 2701 καὶ
1542 2645 1772 2715 λεγομέο

207 2755 341 2803 νοις.

273 2922 377 2977 λα’.
419 2923 642 2996 Ἐπειδὴ
672 2924 729 2978 δὲ
760 2925 1108 2997 ἐπανήκομεν
1135 2927 1200 2980 ὲκ
1228 2926 1650 2999 τῆςὺπερορίας
1678 2929 1772 2982 καὶ

206 3016 392 3085 ἡμεῖς,
413 3016 562 3072 ἄλλοι
595 3035 655 3072 τε
698 3019 1014 3090 ἀλλαχόθεν,
1034 3021 1286 3091 καθάπερ
1312 3019 1455 3084 τινὲς
1469 3021 1771 3092 ὑπόπτεροι

210 3108 622 3179 συντρέχοντες,
659 3110 996 3181 ἐθαυμάζετο
1041 3113 1140 3182 μὲν
1179 3113 1240 3166 τὸ
1269 3114 1453 3183 δρᾶμα
1481 3113 1631 3182 παρὰ
1658 3117 1770 3176 τοῖς
1801 3151 1839 3206 C

209 3198 483 3264 εὐσεϐέσι,
518 3201 822 3272 συνήπτετο
848 3202 906 3256 δὲ
935 3206 1001 3274 τῇ
1033 3205 1245 3275 κεφαλῇ
1274 3205 1340 3258 τὰ
1375 3205 1533 3276 μέλη,
1574 3205 1772 3273 ἐφθέγο

211 3305 334 3354 γετο
383 3290 441 3342 δὲ
486 3291 626 3360 τάχα
665 3292 962 3354 κάνταῦθα,
993 3296 1042 3346 εί
1082 3295 1177 3348 καὶ
1217 3294 1506 3366 τολμηρὸν,
1537 3296 1564 3347 ό
1600 3311 1771 3365 μεγα·

209 3379 584 3448 λοφωνότατος
623 3381 870 3445 Ἦσαῖας·
908 3379 1094 3452 Ἀρον
1144 3386 1352 3451 κύκλῳ
1391 3385 1531 3450 τοὺς
1555 3386 1772 3453 ὀφθαλ-

204 3472 358 3538 μούς
398 3486 538 3534 σου,
575 3471 673 3525 καί
737 3473 828 3527 ἴδε
875 3474 1226 3544 συνηγμένα
1282 3476 1352 3530 τὰ
1401 3475 1584 3529 τέκνα
1633 3490 1771 3540 σου,

209 3562 473 3628 ἣκουσιν
506 3561 729 3629 πάντες
772 3567 826 3618 οἱ
856 3568 975 3619 υἱοί
1002 3580 1118 3619 σου
1144 3569 1468 3634 μακρόθεν·
1505 3567 1624 3618 τότε
1655 3566 1772 3634 ὕψει

207 3656 300 3708 καὶ
351 3658 592 3726 χαρήσῃ,
627 3657 718 3708 καὶ
757 3656 1073 3729 φοϐηθήσῃ,
1110 3660 1204 3711 καὶ
1261 3658 1500 3728 ἐκστήσῃ
1541 3661 1607 3727 τῇ
1640 3674 1775 3726 καρο

207 3746 312 3818 δίᾳ.
361 3746 420 3800 '0
465 3749 565 3817 μὲν
593 3749 657 3820 δὴ
691 3747 900 3802 ταῦτα·
944 3749 1055 3816 ἐγὼ
1098 3749 1154 3802 δὲ
1204 3751 1380 3803 ἐκεῖνο
1420 3751 1656 3818 εἴποιμι,
1691 3749 1773 3802 ὅτι

208 3841 300 3892 καὶ
344 3840 374 3891 6
407 3840 670 3910 ίεράρχης
720 3841 917 3911 ᾐδέσθη
949 3841 1039 3894 τὸν
1068 3842 1256 3907 ἄνδρα,
1295 3842 1589 3911 ἀπολογίαν
1615 3859 1772 3911 ποιη-

210 3930 444 4002 σάμενος
475 3970 492 3992 ,
559 3933 655 3985 καὶ
700 3932 835 4003 πρὸς
890 3933 1084 3987 ἕνωσιν
1115 3934 1554 4004 ἐκκαλεσάμενος
1578 3951 1593 3966 ο
1621 3936 1654 4004 ἧ
1681 3935 1776 3987 καὶ

206 4021 450 4090 γέγονεν,
481 4020 680 4092 ἐκϐολῇ
703 4023 798 4076 τοῦ
834 4024 1275 4094 στεφανώσαντος
1329 4026 1424 4079 καὶ
1469 4028 1642 4095 φειδοῖ
1674 4027 1775 4096 τῆς

209 4114 548 4176 διαστάσεως
571 4130 586 4144 ο
613 4116 679 4184 ἢν
709 4116 791 4168 ὅτι
817 4117 1052 4186 μάλιστα
1081 4118 1302 4188 φεύγων
1339 4114 1406 4191 ἦν
1431 4121 1459 4172 6
1482 4119 1771 4190 μακάριος,

210 4206 312 4260 κᾶν
347 4207 508 4275 νίκης
539 4205 773 4258 ἔπαθλον
804 4208 942 4278 πρὸς
979 4208 1221 4274 ἅπαντας
1258 4211 1386 4274 τοὺς
1420 4210 1775 4273 συνελθόντας

206 4296 567 4366 ἀπηνέγκατο
593 4311 608 4326 ·
651 4295 703 4348 τί
732 4295 841 4367 γάρ
878 4297 1195 4366 φιλαίτατον
1223 4298 1351 4352 ἄλλο
1371 4297 1493 4369 Θεῷ
1521 4298 1776 4369 ὁμονοίας

207 4387 297 4440 καὶ
323 4386 601 4454 ἑνώσεως,
635 4387 803 4457 ἡνίκα
835 4388 869 4458 ἠ
902 4389 1098 4454 ἐνωσις
1135 4389 1212 4462 μὴ
1272 4389 1492 4460 ἐντολῆς
1536 4390 1671 4444 Θεοῦ
1699 4391 1776 4445 δι-

209 4477 414 4549 ίστησιν
434 4494 452 4545 ;

787 4590 1040 4647 ΚΕΦΔΛ.
1092 4595 1184 4661 ς’.

1873 1928 2093 1996 quando
2125 1929 2314 1983 sedato
2346 1929 2532 1986 furore
2564 1948 2653 1988 res
2703 1934 2757 1987 in
2820 1934 3018 2004 seipsis
3072 1936 3433 2000 aestimantur,

1874 2017 1972 2070 etsi
2003 2026 2233 2073 eatenus
2254 2019 2411 2073 aliter
2441 2021 2545 2075 sint
2581 2022 2768 2077 locuti.
2825 2022 2962 2078 Cum
3011 2025 3153 2077 enim
3213 2025 3436 2095 pacitica

1873 2107 2028 2164 lrene
2061 2110 2240 2164 denuo
2268 2115 2503 2181 cmpisse
2558 2114 2850 2183 imperaret
2897 2125 2949 2170 et
2978 2116 3234 2170 extollere
3273 2125 3438 2186 atque

1873 2202 2096 2255 charum
2117 2203 2317 2259 habere
2345 2206 2522 2258 virum
2555 2217 2774 2276 prapter
2805 2208 3166 2261 reverentiam
3230 2217 3433 2279 marty-

1874 2291 1968 2346 riei
1999 2292 2249 2359 decoris;
2295 2309 2558 2350 conversa
2593 2305 2722 2350 sunt
2759 2298 2966 2360 omnia,
3007 2311 3065 2352 ιιι
3087 2297 3225 2352 solet
3251 2298 3302 2351 in
3339 2298 3436 2352 flu-

1875 2382 2079 2436 minum
2134 2398 2361 2437 recursu
2398 2383 2549 2451 lieri;
2599 2394 2653 2439 et
2699 2385 2745 2440 si
2806 2387 2930 2455 quis
2969 2386 3224 2440 inimicus
3277 2397 3436 2442 antea

1873 2471 2070 2538 fuerat,
2100 2474 2152 2527 in
2188 2474 2426 2529 amicum
2458 2483 2514 2528 et
2537 2476 2872 2530 laudatorem
2909 2476 3219 2530 mutabatur
3253 2495 3266 2530 :
3299 2478 3437 2531 adeo

1874 2573 1933 2618 ut
1960 2564 2076 2633 ipse
2102 2563 2266 2618 etiam
2299 2574 2486 2620 custos
2519 2565 2758 2619 carceris
2790 2565 2936 2618 humi
2973 2574 3174 2620 stratus
3219 2567 3434 2620 veniam

1875 2662 2126 2721 posceret
2158 2667 2173 2704 :
2215 2649 2308 2705 sed
2346 2652 2483 2719 lapis
2513 2652 2850 2707 insensibilis
2892 2653 3143 2707 humana:
3171 2655 3437 2722 fragilitao

1875 2746 1944 2798 tis
1978 2758 2174 2812 passus
2199 2741 2392 2797 fuisset
2421 2741 2585 2797 citius
2621 2759 2786 2812 quam
2821 2744 2934 2813 ipse
2966 2758 3164 2798 novum
3201 2746 3436 2815 aliquem

1874 2844 2082 2889 motum
2136 2835 2190 2888 in
2226 2834 2293 2888 iis
2325 2849 2447 2904 qua:
2475 2832 2674 2887 ﬁebant
2695 2834 3145 2904 dicebanturque.

1942 2924 2338 2993 5|.Postquam
2369 2938 2497 2978 vero
2525 2925 2687 2978 etiam
2719 2940 2818 2979 nos
2847 2925 3169 2980 revertitnus
3192 2925 3261 2978 ab
3290 2925 3438 2980 exsi-

1873 3019 1966 3083 lio,
1997 3019 2087 3072 alii
2114 3018 2335 3071 aliunde
2365 3025 2758 3072 concurrentes
2809 3024 3068 3085 tanquam
3136 3015 3268 3084 pulli
3335 3017 3438 3070 sub

1873 3114 2008 3177 alas,
2060 3111 2433 3180 spectaculum
2468 3109 2804 3179 praebuimus
2858 3109 3077 3178 pietatis
3135 3108 3438 3163 cultoribus

1874 3206 2272 3260 admirandum.
2297 3201 2784 3272 Conjungebantur
2811 3201 2976 3270 capiti
3045 3216 3148 3255 suo
3195 3201 3436 3259 membra

1873 3297 2310 3362 audiebaturque
2359 3295 2488 3348 illud
2515 3293 3061 3358 exelamantislsaite,
3097 3295 3353 3349 audacter
3383 3297 3436 3349 in

1872 3403 1932 3440 re
1968 3384 2220 3456 praesenti
2265 3382 2731 3453 pronuntiandum
2764 3399 2776 3434 :
2808 3380 2944 3435 Leva
2978 3384 3030 3436 in
3070 3383 3288 3436 circuito
3323 3400 3440 3437 ocu-

1872 3479 1949 3532 los
2013 3489 2127 3530 tuos
2172 3485 2220 3529 et
2248 3474 2402 3536 ride;
2447 3489 2621 3528 omnes
2665 3473 2757 3526 isti
2809 3474 3108 3544 congregati
3154 3483 3309 3538 sunt;
3351 3491 3439 3529 vc-

1875 3577 2055 3622 ncrunt
2086 3568 2180 3621 tibi
2233 3567 2405 3620 sancti
2438 3566 2514 3618 tui
2563 3564 2626 3618 de
2660 3564 2813 3633 longe
2847 3566 2887 3596 “
2917 3584 2930 3619 :
2971 3574 3102 3619 tunc
3144 3564 3353 3621 videbis
3386 3576 3440 3622 et

1873 3660 2151 3730 gaudebis,
2223 3658 2577 3727 obstupesces
2610 3664 2664 3709 et
2713 3656 2977 3725 linqueris
2999 3658 3203 3711 animo.
3241 3656 3303 3711 Et
3326 3661 3445 3715 haec

1873 3751 2091 3820 quidem
2123 3749 2211 3803 ille
2245 3767 2258 3803 :
2294 3765 2395 3817 ego
2428 3760 2556 3801 vero
2585 3747 2749 3801 etiam
2800 3747 2903 3800 hoc
2953 3746 3236 3810 addidero,
3290 3749 3439 3817 qttod

1874 3841 2181 3912 patriarcha
2215 3838 2326 3910 (20)
2375 3839 2556 3892 virum
2596 3837 2862 3892 reveritus
2896 3837 2944 3891 ei
2974 3852 3032 3892 se
3074 3839 3439 3907 excusaverit,

1875 3934 2049 4003 ipsum
2083 3932 2147 3984 ad
2190 3931 2444 3984 unionem
2474 3930 2752 3994 imitans;
2807 3944 2931 3999 qua:
2997 3938 3050 3984 et
3081 3940 3266 3984 secuta
3333 3943 3439 3996 est,

1873 4026 2047 4095 ejecto
2075 4023 2144 4078 ab
2167 4023 2408 4077 Ecclesia
2428 4023 2519 4092 qui
2552 4023 2818 4077 mtecham
2855 4031 3227 4088 coronaverat,
3264 4023 3328 4076 ad
3354 4023 3440 4076 fu-

1875 4115 2128 4187 giendam
2153 4115 2509 4176 discordiam,
2539 4128 2568 4167 a
2610 4129 2716 4183 qua
2745 4113 3115 4167 alienissimus
3163 4123 3282 4168 erat
3316 4129 3444 4168 san-

1875 4217 2014 4274 ctus,
2045 4207 2296 4276 quamvis
2325 4196 2811 4260 victoriaélaudem
2828 4219 3010 4258 coram
3037 4213 3152 4259 toto
3177 4220 3442 4261 consessu

1875 4308 2176 4370 reportaret
2209 4317 2222 4352 :
2250 4297 2382 4351 nihil
2412 4297 2555 4351 enim
2590 4305 2696 4350 tam
2722 4296 2947 4351 charum
2985 4295 3094 4350 Deo
3141 4305 3227 4351 est
3276 4311 3441 4365 quam

1878 4391 2171 4450 concordia
2205 4397 2259 4444 et
2296 4389 2447 4456 unio,
2492 4389 2653 4444 modo
2687 4388 2780 4443 illa
2809 4389 2943 4442 unio
2973 4388 3219 4442 divinam
3267 4387 3441 4458 legem

1802 4478 1857 4538 D
1885 4497 1990 4537 non
2022 4479 2303 4536 dissolvat.

2507 4591 2658 4648 car.
2713 4552 2805 4646 vi.

446 4705 507 4762 S.
569 4705 816 4761 Platonis
876 4707 1100 4762 reclusio
1161 4707 1626 4780 Constantinopoli
1658 4725 1678 4764 :
1734 4709 2021 4782 Nicephori
2053 4709 2386 4781 imperatoris
2426 4716 2610 4763 contra
2643 4710 2879 4764 eumdem
2905 4711 3190 4780 asperitas.

268 4798 367 4871 λβ⁹.
411 4799 582 4854 ’Δλλὰ
602 4799 658 4852 τί
686 4799 756 4853 τὰ
787 4801 926 4871 μετὰ
945 4802 1154 4870 ταῦτα;
1198 4804 1262 4857 'H
1291 4805 1398 4860 ἀπὸ
1417 4805 1513 4858 τοῦ
1552 4805 1773 4877 πρώτου

204 4891 627 4964 φροντιστηρίου
654 4892 954 4962 μετάϐασις
989 4896 1152 4965 ἡμῶν
1191 4897 1282 4952 διὰ
1319 4898 1380 4950 τδ
1414 4897 1567 4962 ῖθνος
1597 4898 1661 4969 (i)
1695 4899 1775 4962 είς

270 4987 310 5019 ¹¹
344 4987 451 5042 lsa.
494 4999 649 5050 nix,
682 4983 768 5039 18.

1951 4809 2042 4864 32.
2076 4806 2214 4873 Quid
2254 4814 2434 4859 autem
2471 4813 2592 4873 post
2615 4805 2764 4860 ista?
2818 4804 3048 4875 Propter
3083 4806 3261 4876 gentis
3317 4805 3442 4860 bar-

1881 4899 2028 4954 barae
2062 4897 2433 4953 incursionem
2463 4894 2574 4967 (2|)
2604 4911 2670 4951 ex
2722 4897 2888 4967 priori
2955 4899 3289 4953 monasterio
3333 4897 3442 4953 mi-

1716 5074 1947 5131 NOTE.

270 5170 910 5244 (h)_Perpera_m_in_ms_.
967 5171 1374 5244 παρανομίαις’
1430 5169 1568 5227 forte
1592 5169 1774 5242 legend

1874 5188 1882 5225 ι
1919 5174 2038 5226 erat
2062 5170 2191 5240 παρ’
2213 5169 2441 5242 ἀνομίας
2468 5180 2682 5244 propter
2707 5172 3022 5240 iniustitias,
3049 5174 3256 5232 scilicet
3285 5189 3439 5232 exse-

203 5238 442 5309 quendas
469 5238 568 5295 aut
597 5238 982 5297 defendendas.

211 5311 330 5396 Βηςὶ)
371 5310 645 5396 Suspicor
659 5393 673 5396 Α
693 5309 889 5396 deesse
931 5313 1176 5396 aliquid:
1216 5312 1449 5381 ideoque
1466 5310 1640 5396 verti,
1680 5321 1892 5396 propter
1916 5311 2358 5396 gentisjarbarae
2384 5314 2792 5396 ninctt‘rst'onem.‘
2831 5311 3059 5396 §irlettis
3104 5314 3268 5369 vertit
3293 5317 3436 5388 genti

205 5377 344 5434 illius
369 5377 534 5436 causa
571 5397 591 5435 :
621 5379 715 5433 sed
756 5380 859 5436 hoc
885 5377 1041 5452 teque
1074 5377 1373 5438 obscurum
1401 5389 1504 5441 est,
1535 5377 1829 5449 quia’nihil
1874 5377 2128 5450 praecedit
2147 5382 2214 5436 ad
2255 5383 2399 5452 quod
2449 5383 2717 5440 referatur
2744 5384 2805 5438 τδ
2849 5383 3012 5438 illius.

271 5470 380 5542 (l9)
423 5472 589 5527 Anno
628 5471 734 5526 797
765 5475 1188 5544 comprehensus
1251 5482 1336 5530 est
1369 5473 1768 5529 Constantinus

205 5549 258 5593 et
277 5553 584 5614 e_x_ca:_catus
609 5581 624 5604 ,
650 5553 712 5614 et
738 5546 898 5610 paulo
929 5553 1049 5614 post
1077 5544 1404 5600 exstinctus.

275 5609 384 5678 (20)
415 5611 465 5685 l_s
499 5622 621 5666 erat
649 5607 944 5677 Tarasiusf
965 5615 1058 5685 qui
1080 5617 1256 5684 primo
1303 5615 1518 5685 fortiter
1552 5613 1769 5685 restite-

209 5687 325 5752 rat;
350 5682 445 5736 sed
476 5691 690 5752 postea,
718 5682 1060 5738 metuens'ne
1082 5682 1510 5748 Constantinus,
1541 5684 1769 5739 libidine

212 5747 421 5819 ardens,
454 5747 775 5823 religionem
806 5753 1163 5810 orthodoxam
1192 5762 1481 5821 everteret,
1514 5754 1771 5811 dissimu-

1876 5471 2021 5527 labat
2051 5490 2065 5538 ;

1876 5556 1994 5611 cap.
2035 5545 2064 5597 7

2145 5473 2340 5556 silicem
2374 5485 2554 5531 tamen
2589 5485 2843 5533 renuerat
2874 5491 3163 5532 coronare.
3194 5475 3435 5534 Consule

2092 5553 2594 5670 ὄίίέἓὲοςέηοτυιη
2633 5617 3021 5682 incursionem,
3065 5616 3132 5670 ad
3161 5625 3434 5671 monasteo

1876 5681 2016 5735 rium
2048 5682 2221 5737 Studii
2253 5685 2454 5739 dictum
2489 5688 2628 5740 intra
2664 5689 2850 5741 urbem
2876 5681 3210 5742 tranSierunt
3238 5704 3252 5742 :
3287 5687 3430 5743 sicut

1877 5752 1982 5808 late
2025 5753 2076 5807 in
2113 5752 2230 5807 Vita
2263 5754 2318 5809 S.
2363 5753 2636 5811 Theodori
2670 5757 2989 5826 explicatur.
