4018 6304
576 339 679 404 835

1737 344 1797 402 S.
1838 341 2218 402 TllEODORI
2276 345 2617 404 STUDIT/E

3681 345 3790 408 836

581 451 853 523 grsvimus
889 451 1233 523 Byzantium,
1288 452 1377 508 ubi
1448 452 1604 507 Pater
1648 463 1848 518 noster,
1906 456 2122 509 virtutis

2247 457 2282 506 τὸ
2321 457 2636 520 Βυζάντιον,
2673 456 2803 509 ἔνθα
2846 456 2943 526 τὴν
2992 456 3367 526 ἐγκλειστικὴν
3404 456 3581 527 ζωὴν,
3617 457 3704 511 διὰ
3723 459 3788 510 τὸ

581 544 1019 608 amantissimus,
1097 559 1167 599 ne
1226 553 1514 612 cogeretur
1566 558 1841 597 resumere
1894 544 2130 597 habenas

580 633 860 702 regiminis
877 674 894 701 ,
918 636 1078 689 vitam
1095 635 1360 690 reclusam
1379 634 1674 704 elegit.Sed
1701 636 1822 689 vide
1853 635 2132 688 humilita-

581 725 650 777 tis
688 739 916 778 summa;
953 725 1274 779 admirabile
1321 729 1599 780 inventum
1633 743 1648 778 :
1701 735 1759 779 ut
1799 725 1900 780 sub
1933 726 2132 795 duplici

581 816 810 882 imperio
841 829 950 869 non
983 825 1228 870 maneret
1275 815 1588 871 fraternitas
1618 816 1753 886 (22),
1813 817 2134 871 obedientiaa

575 904 706 973 jugo
731 905 961 974 subjecit
995 921 1113 961 sese
1146 908 1316 960 divini
1373 908 1614 960 imitator
1655 908 1908 976 exempli,
1972 907 2134 976 idque

581 1009 764 1046 coram
796 993 1022 1048 testibus
1069 994 1134 1047 ad
1169 995 1269 1048 hoc
1321 997 1679 1064 congregatis.
1737 994 1986 1063 Nunquid
2033 994 2134 1047 mi-

583 1086 751 1138 rabile
781 1094 864 1140 est
894 1085 1064 1139 (ilium
1099 1085 1204 1139 dici
1236 1102 1379 1150 eum,
1408 1087 1500 1155 qui
1541 1096 1689 1155 pater
1740 1097 1895 1140 antea
1962 1085 2134 1139 fuerat

583 1177 925 1245 appellatus;
959 1185 1012 1229 et
1043 1177 1259 1245 quidem
1321 1180 1436 1246 ejus
1471 1177 1661 1240 filium,
1719 1193 1878 1246 quem
1917 1177 2030 1245 ipse
2079 1177 2130 1230 in

585 1270 778 1337 spiritu
808 1269 1092 1338 genuerit?
1129 1269 1176 1322 ei
1211 1279 1390 1322 autem
1426 1269 1643 1337 subjici,
1680 1269 1772 1323 cui
1835 1278 1994 1322 antea
2030 1267 2132 1322 im-

581 1359 839 1428 perarat?
874 1359 1034 1426 idque
1083 1369 1205 1428 post
1227 1369 1373 1413 tanta
1405 1360 1700 1414 certamina
1749 1359 2042 1423 exantlata,
2080 1360 2132 1412 in

582 1451 778 1519 quibus
813 1451 895 1506 vel
946 1450 1120 1506 solum
1154 1452 1395 1505 modeste
1425 1466 1481 1505 se
1509 1465 1696 1521 gerere
1739 1449 1981 1504 suilicere
2043 1451 2135 1504 de-

587 1545 749 1598 hehat
779 1544 844 1598 ad
874 1543 1129 1599 laudem?
1163 1544 1308 1598 Fecit
1362 1545 1465 1599 hoc
1498 1544 1580 1598 vir
1634 1544 1722 1597 ille
1776 1541 2132 1603 admirabilis,

585 1647 695 1688 non
734 1635 986 1688 simulate
1015 1645 1109 1688 aut
1142 1635 1302 1688 modo
1330 1635 1563 1704 quodam
1597 1633 1920 1694 adulterino,
1955 1633 2131 1685 solum

585 1741 780 1780 nomen
813 1725 1126 1794 relinquens
1175 1725 1416 1792 praelato,
1487 1722 1583 1778 sed
1635 1721 1859 1776 omnino
1927 1721 2132 1786 integre

587 1818 898 1885 divineque.
938 1817 1038 1870 Ubi
1068 1815 1210 1869 enim
1246 1815 1519 1869 confessio
1542 1823 1646 1876 est,
1679 1813 1790 1866 illic
1847 1819 1901 1864 et
1966 1810 2135 1864 conli-

587 1907 769 1962 dentia
803 1915 884 1961 est
912 1923 928 1972 ;
960 1915 1016 1959 et
1050 1906 1142 1960 ubi
1182 1905 1526 1968 conﬁdentia,
1557 1905 1668 1959 illic
1695 1903 1985 1956 voluntatis
2038 1900 2135 1954 ab-

587 1998 822 2060 scissio;
847 2003 901 2050 et
925 1994 1013 2048 ubi
1042 1993 1337 2049 voluntatis
1366 1993 1649 2059 abscissio,
1684 1992 1756 2046 ibi
1780 2000 1861 2046 est
1885 1985 2138 2060 perfectio

589 2087 932 2142 obedientiae.
967 2085 1166 2140 Harum
1204 2083 1422 2138 laudum
1455 2093 1621 2138 testes
1687 2092 1836 2147 sunt,
1899 2096 2134 2149 quorum

590 2193 759 2233 causa
791 2176 993 2246 aliquid
1025 2177 1341 2247 postulavit.
1381 2175 1437 2229 Si
1465 2176 1606 2229 enim
1667 2189 1765 2243 pro
1820 2175 2002 2243 aliquo
2038 2174 2138 2228 sibi

591 2270 897 2340 propinquo
931 2269 1140 2333 orabat,
1175 2279 1228 2322 et
1258 2269 1530 2338 postulata
1562 2267 1902 2335 impetraret.
1935 2265 2139 2334 gaude-

589 2359 684 2416 bat
711 2375 769 2415 se
793 2374 855 2414 ea
886 2359 1186 2414 obtinuisse
1212 2377 1226 2414 :
1285 2360 1332 2413 si
1365 2373 1561 2427 rogans
1591 2373 1698 2412 non
1725 2369 2144 2422 consequeretur

597 2453 788 2523 petita,
826 2465 934 2504 non
960 2464 1098 2519 aegre
1133 2450 1336 2504 ferebat
1369 2450 1627 2519 petitione
1658 2464 1755 2503 sua
1801 2463 1860 2503 se
1908 2447 2143 2502 frustra-

594 2550 709 2596 tum
741 2559 757 2604 ;
793 2540 926 2594 nihil
956 2540 1103 2595 aliud
1141 2551 1390 2609 spectans
1431 2554 1592 2608 quam
1656 2539 1940 2593 utilitatem
1991 2539 2143 2591 labo-

595 2631 792 2695 rantis,
821 2646 928 2686 non
959 2639 1018 2686 ut
1045 2647 1199 2686 suam
1253 2631 1498 2700 impleret
1549 2631 1908 2684 voluntatem.
1964 2626 2149 2685 Liceat

597 2723 728 2778 mihi
761 2723 1066 2776 exclamare
1113 2721 1426 2790 praphetica
1479 2735 1608 2775 voce
1637 2739 1652 2776 :
1687 2720 1798 2774 Heu
1836 2719 1952 2773 me!
1978 2729 2145 2788 pater,

595 2827 756 2883 quare
769 2812 985 2881 genuisti
1005 2827 1084 2865 me
1103 2812 1144 2842 ¹¹
1165 2811 1187 2862 ?
1203 2825 1307 2864 non
1321 2810 1711 2865 verecundatus
1727 2819 1932 2879 patrem
1959 2823 2149 2864 vocare

598 2918 746 2968 eum,
779 2903 871 2972 qui
932 2918 1037 2957 non
1058 2918 1207 2957 eram
1237 2901 1432 2970 dignus
1457 2899 2149 2966 vocarifiliustuns.Quare

602 2993 668 3048 ad
708 2993 850 3048 hanc
885 2993 1199 3061 dignitatem
1225 2993 1461 3048 extulisti
1499 3007 1605 3058 me,
1633 2993 1725 3062 qui
1754 3007 1926 3060 neque
1966 3008 2150 3061 parere

2232 550 2330 611 τὰς
2357 551 2513 617 ἡνίας
2541 549 2616 618 μὴ
2655 549 2875 618 ὑπέχειν
2902 547 3002 618 τῆς
3035 549 3393 618 προστασίας,
3433 550 3461 600 6
3495 549 3790 618 φιλάρετος

2232 636 2390 706 ἡμῶν
2426 637 2614 706 Πατὴρ
2641 637 2964 701 ἀσπάζεται.
3013 637 3154 690 Ἀλλ’
3187 639 3290 706 ὅρα
3325 636 3556 690 κάνθάδε
3603 654 3785 705 παρα-

2231 725 2381 789 δόξου
2430 727 2758 796 πράγματος
2800 729 3135 798 ἐπιτήδευμα
3166 744 3180 758 ·
3209 730 3289 780 ὅτι
3332 728 3418 781 διὰ
3455 727 3659 795 πλῆθος
3691 746 3790 780 τα-

2232 811 2560 876 πεινώσεως,
2593 815 2683 866 καὶ
2715 815 2776 867 τὸ
2805 814 2879 885 μὴ
2920 818 2997 877 είς
3051 814 3144 867 δύο
3196 815 3367 885 ἀρχὰς
3398 815 3785 867 διαδλέπεσθαι

2231 904 2327 974 τὴν
2355 905 2707 976 ἀδελφότητα,
2738 906 2815 975 τῷ
2840 905 2989 975 ζυγῷ
3014 905 3112 974 τῆς
3135 905 3409 975 ὑποταγῆς
3429 905 3618 957 ἐαυτὸν
3653 906 3785 958 ὑπο-

2231 994 2441 1064 τίθησιν
2473 997 2501 1048 ό
2527 995 2856 1065 θεομίμητος
2881 1012 2895 1026 ·
2933 996 3205 1049 καὶτοῦτο
3237 996 3342 1046 ὑπὸ
3377 996 3634 1065 μάρτυσι,
3672 999 3787 1057 τοῖς

2233 1087 2312 1148 είς
2351 1087 2481 1139 αὐτὸ
2525 1086 2681 1140 τοῦτο
2745 1087 3173 1158 συνεληλυθόσιν.
3204 1083 3327 1156 Ἆρ’
3375 1086 3466 1140 οὖν
3526 1087 3585 1138 οὐ
3635 1089 3786 1152 ξένον

2233 1178 2416 1230 τέκνον
2444 1179 2774 1248 χρηματίσαι
2808 1179 2896 1231 τὸν
2925 1181 3051 1248 πρὶν
3071 1178 3280 1248 πατέρα
3304 1177 3395 1230 τοῦ
3417 1172 3585 1246 οὗπερ
3621 1195 3786 1232 πνευ-

2236 1270 2476 1337 ματικῶς
2503 1271 2749 1339 ἡνεγκεν,
2808 1270 2899 1321 καὶ
2933 1270 3291 1321 ὑποτακτικὸν
3324 1269 3383 1320 τὸ
3427 1268 3655 1337 ἀρχικὸν
3689 1270 3784 1321 τοῦ

2233 1352 2402 1428 οὗπερ
2428 1355 2628 1430 ἧρξεν;
2667 1361 2740 1430 μὴ
2767 1361 2847 1413 ὄτι
2875 1377 2936 1428 γε
2995 1359 3131 1428 μετὰ
3184 1359 3451 1411 τοσούτων
3495 1360 3785 1427 προδιηνυ-

2237 1453 2452 1519 σμένων
2488 1452 2682 1515 ἄθλων,
2704 1446 2782 1514 οἷς
2811 1452 2870 1503 τὸ
2900 1449 3208 1520 μετριάζειν
3253 1450 3410 1519 μόνον
3438 1451 3670 1520 ἀρκετὸν
3708 1456 3786 1514 εἰς

2235 1543 2470 1596 ἔπαινον.
2489 1544 2643 1596 Ἀλλά
2661 1543 2734 1612 τῷ
2751 1561 2810 1610 γε
2829 1545 3138 1611 ἀξιαγάστῳ
3151 1543 3388 1604 εὐπετῶς
3408 1541 3785 1609 κατώρθωται,

2237 1635 2334 1687 οὐκ
2365 1635 2709 1696 ἐπιπλάστως
2737 1651 2851 1697 πως
2924 1635 3015 1688 καὶ
3060 1634 3477 1703 νενοθευμένως,
3511 1633 3584 1694 ὡς
3619 1633 3788 1703 ὄνομα

2241 1726 2396 1795 μόνον
2441 1729 2786 1796 παραχωρεῖν
2837 1724 3125 1795 κρατοῦντι
3175 1724 3475 1793 πράγματι,
3523 1723 3658 1776 ἀλλὰ
3694 1725 3790 1778 καὶ

2235 1819 2353 1870 λίαν
2383 1816 2687 1887 εἰλικρινῶς
2713 1817 2805 1868 καὶ
2831 1814 3131 1886 θεοφρόνως
3151 1830 3166 1845 ⁸
3197 1810 3256 1868 οὗ
3287 1813 3394 1885 γὰρ
3416 1813 3787 1881 ἐξαγόρευσις,

2236 1908 2352 1959 ἐκεῖ
2404 1908 2495 1959 καὶ
2539 1906 2881 1975 πεποίθησις,
2915 1906 3007 1957 καὶ
3053 1900 3112 1958 οὗ
3145 1904 3484 1968 πεποίθησις,
3531 1905 3650 1955 ἐκεῖ
3697 1907 3792 1957 καὶ

2236 1995 2380 2064 κοπὴ
2408 1995 2730 2064 θελήματος,
2765 1996 2856 2047 καὶ
2882 1988 2941 2046 οὗ
2971 1995 3113 2064 κοπὴ
3160 1994 3481 2063 θελήματος,
3511 1995 3626 2046 ἐκεῖ
3658 1995 3792 2046 ύπο-

2236 2087 2407 2156 ταγῆς
2441 2086 2734 2149 τελείωσις.
2763 2087 3049 2155 Μάρτυρες
3082 2085 3138 2139 δέ
3186 2085 3292 2137 τῶν
3328 2083 3788 2155 κατορθώματων,

2238 2172 2312 2232 ὧν
2363 2179 2456 2231 καὶ
2501 2179 2567 2230 τὰ
2607 2179 2878 2248 αἰτήματα
2904 2193 2919 2206 ·
2957 2175 3224 2244 ἠντιϐόλει
3273 2176 3410 2246 ὑπὲρ
3454 2176 3548 2227 τοῦ
3596 2176 3791 2239 πέλας,

2242 2269 2335 2320 καὶ
2360 2268 2626 2338 ἐπιτυχὼν
2655 2268 2746 2321 τοῦ
2780 2266 3103 2336 αίτήματος,
3139 2264 3356 2335 ἔχαιρεν
3385 2266 3505 2317 ἀντὶ
3539 2263 3632 2315 τοῦ
3663 2265 3794 2317 ἁποο

2241 2362 2516 2425 λαύοντος,
2545 2361 2769 2426 ἐξαιτῶν
2795 2359 2892 2412 οὐκ
2912 2359 3291 2428 ἐπετύγχανεν,
3318 2358 3412 2411 καὶ
3433 2358 3792 2426 άπρακτήσας

2243 2455 2344 2505 οὐκ
2369 2453 2772 2521 ἐδυσχέραινενο
2804 2451 2938 2520 πρὸς
2965 2450 3022 2501 ἐν
3051 2451 3208 2519 μόνον
3254 2449 3572 2502 ἀποϐλέπων
3605 2448 3666 2500 τὸ
3698 2448 3791 2505 τοῦ

2246 2544 2544 2614 κάμνοντος
2564 2543 2859 2612 ὠφέλιμον,
2890 2542 2988 2610 οὐχ
3016 2542 3162 2605 ὃπως
3200 2540 3524 2594 ἐκτελέσειεν
3557 2539 3617 2592 τὸ
3670 2541 3797 2592 ἐαυ-

2244 2634 2336 2687 τοῦ
2366 2633 2594 2704 θέλημα.
2654 2633 2848 2702 Οἵμοι,
2919 2635 3111 2704 πάτερ,
3143 2635 3449 2704 προφητικῇ
3490 2636 3640 2703 φωνῇ
3667 2674 3685 2700 ,
3714 2633 3794 2696 ὡς

2245 2730 2379 2781 τίνα
2425 2745 2501 2796 με
2557 2727 2777 2792 ἔτεκες,
2811 2727 3015 2797 πατέρα
3037 2726 3219 2780 καλεῖν
3259 2725 3334 2794 μὴ
3371 2727 3792 2794 αἰσχυνόμενος,

2245 2821 2334 2871 τὸν
2370 2818 2502 2887 μηδὲ
2536 2819 2649 2869 υἱόν
2689 2833 2781 2870 σου
2811 2817 3169 2887 ὀνομάζεσθαι
3214 2817 3464 2881 ἐπάξιον;
3499 2819 3590 2869 καὶ
3625 2818 3709 2868 ἵνα
3741 2816 3792 2865 τί

2251 2925 2315 2978 με
2351 2911 2428 2971 είς
2450 2909 2568 2962 τόδε
2604 2908 2664 2961 τὸ
2697 2907 2912 2976 ἀξίωμα
2939 2907 3252 2974 προήγαγες
3286 2907 3375 2958 τὸν
3411 2907 3685 2966 ἀδυνάτως
3705 2905 3797 2955 καὶ

2247 2999 2340 3052 τοῦ
2370 2998 2628 3069 ἄρχεσθαι
2655 2997 2840 3067 ἔχοντα
2864 3013 2878 3061 ;
2903 2991 3057 3048 Οἶδεν
3078 2996 3207 3058 Θεὸς
3233 2997 3327 3049 καὶ
3357 2997 3389 3066 ἡ
3412 2996 3477 3065 σὴ
3501 2996 3625 3063 ἁγία
3654 2994 3800 3062 ψυχὴ

492 3336 497 3340 .
599 3262 904 3320 obedientla
978 3263 1150 3317 latura
1231 3262 1302 3316 sit
1387 3261 1669 3330 plusquam
1751 3260 1892 3312 vires
1940 3261 2150 3328 patienc

597 3095 718 3138 sum
748 3081 1016 3136 idoneus?
1051 3079 1211 3135 Novit
1242 3080 1384 3136 Deus
1416 3089 1468 3134 et
1496 3089 1683 3134 sancta
1712 3079 1893 3132 anima
1929 3086 2020 3132 tua
2044 3081 2144 3132 hu-

2247 3089 2337 3140 τὸν
2365 3089 2492 3157 περὶ
2513 3087 2701 3139 τούτου
2732 3085 2909 3151 λόγον,
2942 3087 3037 3136 καὶ
3065 3084 3139 3146 ὡς
3171 3085 3238 3137 τὰ
3286 3085 3426 3156 ὑπὲρ
3467 3083 3696 3152 δύναμιν
3723 3082 3800 3133 οἷο

594 3171 685 3244 jus
768 3173 845 3227 rei
910 3173 1198 3237 rationem,
1245 3181 1298 3226 et
1333 3171 1476 3242 quod
1537 3171 1776 3224 amicitia
1830 3185 1923 3224 seu
1970 3171 2146 3238 potius

2253 3196 2334 3232 σει
2365 3179 2533 3245 φιλία.
2567 3177 2664 3230 εἴτ’
2695 3173 2786 3230 οὖν
2812 3176 3042 3247 ὑπακοὴ,
3082 3176 3147 3228 ἵν’
3180 3176 3237 3229 ἐν
3282 3175 3474 3246 βραχεῖ
3520 3174 3662 3244 λόγῳ
3705 3172 3802 3243 τὴν

2251 3272 2547 3340 ἀπολογίαν
2577 3267 2806 3324 ἐνταῦθα
2830 3266 3036 3337 θείημι.

603 3363 714 3419 tur,
745 3363 805 3409 ut
835 3354 983 3410 brevi
1019 3352 1186 3408 verbo
1218 3358 1391 3406 totam
1449 3350 1537 3405 hic
1598 3349 2003 3405 excusationem
2059 3362 2154 3417 po-

674 3537 760 3591 35.
805 3533 910 3590 Sed
940 3533 1314 3590 revertendum
1350 3537 1435 3588 est
1487 3532 1556 3588 ad
1616 3533 1948 3603 propositam
1997 3533 2146 3589 nobis

2327 3530 2428 3601 λγ¹.
2476 3531 2614 3585 Ἀλλ’
2642 3531 2922 3584 ἐπανιτέον
2971 3529 3050 3592 εἰς
3091 3527 3149 3581 τδ
3194 3524 3569 3597 προκείμενον.
3614 3522 3808 3588 Ἐγκέο

605 3626 995 3683 narrationem.
1026 3623 1395 3679 Claudebatur
1434 3613 1590 3679 Pater
1621 3640 1635 3677 :
1665 3624 1801 3678 cella
1846 3633 2023 3678 autem
2057 3639 2146 3677 an-

2257 3625 2472 3677 κλειστο
2501 3626 2527 3678 6
2559 3622 2764 3694 Πατὴρ,
2810 3621 2902 3674 καὶ
2934 3621 2966 3690 ή
3000 3618 3272 3689 κάθειρξις
3317 3616 3684 3684 σμικροτάτη,
3719 3614 3809 3665 καὶ

607 3718 920 3788 gustissima
952 3725 1091 3779 erat,
1119 3724 1172 3770 et
1197 3716 1378 3769 atatis
1418 3724 1665 3784 tempore
1691 3715 1826 3767 adeo
1850 3714 2046 3776 calida,
2100 3725 2146 3769 ul

2259 3715 2506 3770 τοσοῦτον
2541 3716 2599 3767 ἐν
2627 3713 2776 3784 θέρει
2833 3711 3162 3779 θαλπομένη,
3195 3709 3267 3771 ὼς
3317 3707 3482 3775 ἄλλην
3513 3701 3652 3757 εἶναι
3681 3705 3812 3756 ταύ-

608 3808 778 3862 altera
809 3805 1139 3875 Babylonica
1168 3802 1359 3858 fornax
1387 3804 1680 3868 videretur,
1715 3814 1932 3874 propter
1955 3805 2146 3858 inflam-

2262 3823 2360 3876 την
2383 3806 2611 3874 κάμινον
2643 3803 2950 3870 Χαλδαῖκὴν
2984 3803 3046 3852 ἐκ
3064 3799 3163 3867 τῆς
3193 3797 3551 3866 ἐκπυρώσεως
3583 3794 3682 3863 τῆς
3717 3807 3810 3864 μοο

610 3898 903 3953 mationem
931 3897 1134 3966 plumbi
1167 3911 1276 3965 quo
1296 3896 1609 3966 tegebatur;
1641 3904 1851 3949 tantum
1881 3912 2009 3949 vero
2058 3898 2146 3951 ab-

2263 3895 2500 3964 λισδίνης
2536 3895 2766 3962 στέγης·
2794 3894 2822 3944 6
2845 3892 2900 3943 δὲ
2942 3888 3193 3942 τοσοῦτον
3237 3885 3495 3955 ἀπείχετο
3535 3886 3808 3948 ἀνιᾶσθαι,

608 3999 732 4045 erat
760 4001 818 4044 ut
854 4003 918 4043 eo
948 3987 1328 4052 oﬂ'enderetur,
1357 3994 1414 4040 ut
1439 4003 1468 4042 e
1513 3997 1700 4042 contra
1732 4001 1912 4042 oraret
1957 3989 2146 4043 instan-

2263 3988 2336 4048 ὡς
2365 3985 2530 4055 εὐχὴν
2568 3981 2843 4053 εὔχεσθαι,
2869 3975 3195 4050 τηλικαύτην
3229 3977 3375 4046 αὐτῷ
3398 3977 3700 4029 ἀνάπαυσιν
3735 3977 3812 4036 εἰς

611 4092 716 4146 ter,
752 4081 908 4135 talem
935 4080 1287 4149 imposterum
1310 4079 1414 4133 sibi
1447 4081 1650 4134 servari
1687 4082 1949 4148 requiem,
1979 4095 2146 4132 amori

2264 4077 2324 4128 τὸ
2356 4074 2545 4144 μέλλον
2577 4067 2953 4142 ταμιεύεσθαι,
2993 4068 3084 4122 τοῦ
3129 4066 3290 4119 πόθου
3330 4065 3422 4118 τὸν
3473 4066 3641 4117 κόπον
3687 4079 3812 4116 κου-

612 4173 814 4229 scilicet
870 4171 1106 4225 laborem
1143 4171 1476 4234 sublevante,
1529 4178 1581 4223 et
1609 4185 1704 4238 spe
1746 4172 1886 4223 bona
1936 4169 2146 4224 diliicul-

2267 4166 2530 4234 φίζοντος,
2559 4165 2653 4216 καὶ
2681 4163 2779 4231 τῆς
2810 4160 3022 4223 ἐλπίδος
3070 4155 3466 4228 εύμαριζούσης
3502 4153 3600 4224 τὴν
3629 4153 3815 4221 δυσχέ-

613 4275 778 4320 tatem
808 4271 1136 4317 extenuante
1162 4278 1176 4314 :
1209 4277 1271 4315 ex
1317 4261 1514 4330 quinns
1541 4259 1754 4315 duobus
1777 4261 2042 4330 capitibus
2060 4261 2146 4314 viri

2269 4274 2440 4327 Ρειανν
2473 4253 2532 4320 ἐξ
2562 4247 2636 4308 ὧν
2660 4258 2713 4307 αἱ
2740 4251 2970 4323 μεγάλαι
2989 4252 3180 4320 ἀρεταὶ
3198 4249 3291 4301 καὶ
3312 4246 3572 4299 πολιτεῖαι
3589 4245 3650 4296 τὸ
3678 4245 3815 4314 κρά-

620 4363 760 4409 ttttes
795 4353 1005 4407 eximia:
1034 4351 1204 4406 robur
1255 4351 1547 4421 accipiunt.
1604 4349 1801 4406 Verum
1829 4366 2004 4420 neque
2064 4352 2146 4406 ho:

2270 4367 2356 4415 τος
2377 4349 2606 4418 ἔχουσιν.
2626 4340 2746 4400 Οὐδ’
2769 4344 2910 4398 οὕτω
2938 4340 3098 4396 πάλιν
3118 4337 3284 4411 άρκού
3292 4354 3468 4408 μενος,
3487 4339 3514 4389 6
3534 4335 3817 4403 φιλόπονος

620 4444 918 4500 sufﬁciebat
949 4443 1064 4495 viro
1103 4443 1346 4496 laborum
1391 4443 1683 4511 appetenti,
1751 4443 1843 4497 sed
1904 4443 2141 4498 instante

2275 4443 2410 4496 ἀλλὰ
2444 4441 2582 4510 τόνῳ
2619 4439 2717 4508 μὲν
2746 4436 2864 4498 ταῖς
2887 4434 3071 4504 χερσὶν
3101 4428 3591 4501 ἐργαζόμενος,καὶ
3621 4427 3815 4494 πολλῆς

619 4535 945 4605 operabatur
970 4533 1220 4586 manibus
1245 4532 1375 4594 illis,
1407 4547 1473 4586 ex
1495 4533 1696 4601 quibus
1729 4533 1911 4586 multa:
1939 4534 2146 4589 virtute:

2271 4535 2547 4600 δυνάμεως
2570 4528 2697 4599 παρ’
2720 4528 2906 4587 αὑταῖς
2947 4522 3321 4594 ἐξερχομένης,
3366 4518 3721 4588 εὐτονώτερον
3765 4518 3819 4569 δὲ

622 4625 1004 4697 procedebant.
1033 4621 1333 4678 Instantius
1374 4632 1555 4676 autem
1604 4624 1937 4678 meditationi
1976 4624 2146 4680 divina

2273 4626 2338 4692 τῇ
2369 4621 2488 4690 θεία
2512 4619 2709 4689 μελέτῃ
2739 4615 3108 4684 ἐπειγόμενος,
3143 4612 3234 4664 καὶ
3260 4608 3544 4663 πυκτεύων
3571 4609 3706 4678 πρὸς
3731 4607 3820 4660 τὸν

621 4718 760 4772 dans
787 4730 1028 4786 operam,
1059 4723 1114 4769 et
1157 4713 1402 4784 quotidie
1436 4713 1696 4770 adversus
1727 4717 1935 4770 hostem
1987 4716 2173 4771 decer-

625 4820 745 4864 tans
778 4821 944 4877 seque
979 4806 1201 4860 utilitati
1229 4805 1481 4860 Fratrum
1519 4805 1815 4862 ferventius
1847 4817 2061 4877 aptans,
2083 4825 2174 4863 so-

626 4902 838 4957 labatur
871 4898 1501 4964 mmstum,delicientem
1557 4899 1876 4965 instruebat,
1936 4902 2176 4971 erigebat

628 4996 861 5062 lapsum,
937 4989 1168 5045 leniebat
1251 5000 1654 5060 exasperatum,
1708 5007 1873 5061 seque
1928 4995 2177 5063 patientis

627 5083 1004 5136 conformabat
1044 5080 1365 5147 conditioni,
1403 5082 1640 5151 optimus
1663 5084 1968 5137 animarum
2007 5087 2178 5140 medi-

627 5191 724 5227 cus
765 5183 820 5227 et
862 5172 1228 5227 curandarum
1263 5173 1578 5242 passionum
1635 5175 2017 5242 peritissimus.
2071 5175 2175 5230 Sed

631 5280 806 5334 neque
837 5266 937 5318 hoc
977 5264 1400 5333 praetermisero,
1459 5267 1716 5318 memoria
1749 5266 1934 5333 utique
1980 5268 2184 5336 dignis-

628 5356 857 5418 simum,
893 5354 1041 5424 quod
1072 5363 1320 5409 catenam
1354 5356 1584 5410 ferream
1639 5355 1772 5412 satis
1821 5358 2180 5426 ponderosam

705 5493 748 5523 ”
771 5491 967 5546 Jerem.
1000 5504 1085 5554 xv,
1116 5487 1198 5544 10.

2275 4713 2534 4778 πολέμιον
2549 4711 2824 4769 ἐκάστοτε,
2844 4705 3170 4775 θερμότερον
3191 4701 3247 4754 δέ
3265 4703 3399 4773 πρὸς
3427 4700 3524 4768 τὴν
3545 4699 3652 4750 τῶν
3674 4697 3819 4751 ἀδελ-

2277 4804 2391 4874 φῶν
2447 4802 2630 4874 χρείαν
2672 4797 3094 4868 παριστάμενος,
3119 4795 3212 4847 καὶ
3255 4793 3344 4845 τὸν
3386 4791 3483 4861 μέν
3507 4788 3820 4859 θεραπεύων

2278 4895 2632 4965 λυπούμενον,
2664 4891 2756 4944 τὸν
2784 4889 2840 4943 δέ
2863 4885 3202 4959 ψυχαγωγῶν
3235 4882 3574 4944 ἐκλείποντα,
3613 4882 3708 4932 καὶ
3732 4879 3824 4932 άλ-

2279 4988 2368 5041 λον
2394 4981 2707 5054 ἐπανορθῶν
2734 4979 3162 5041 καταπίπτοντα,
3201 4974 3292 5027 καὶ
3321 4975 3403 5026 ἐτε
3415 4989 3506 5041 ρον
3523 4971 3824 5038 γλυκαίνων

2283 5078 2722 5150 πικραινόμενον,
2750 5073 2843 5126 καὶ
2870 5073 2935 5141 τῇ
2955 5067 3047 5122 τοῦ
3081 5067 3375 5136 πάσχοντος
3421 5062 3531 5125 ἕξει
3580 5077 3826 5129 συμμορ-

2283 5171 2568 5241 φούμενος,
2593 5169 2623 5221 6
2661 5164 2940 5232 πολυειδὴς
2983 5162 3184 5222 ἐκεῖνος
3239 5157 3344 5209 τῶν
3386 5153 3570 5222 ψυχῶν
3628 5153 3824 5222 ἰατρὸς,

2283 5265 2377 5317 καὶ
2403 5258 2715 5331 θεραπεύων
2746 5257 2941 5324 ἄριστα
2963 5253 3086 5313 τοὺς
3109 5249 3432 5318 πάσχοντας.
3461 5243 3595 5296 Οὐδὲ
3657 5245 3829 5294 ἐκεῖνο

2287 5351 2688 5424 παραλείψομαι
2722 5342 3210 5414 ἀξιομνημόνευτον
3239 5337 3520 5405 τυγχάνον,
3539 5335 3622 5388 ὅτι
3645 5331 3830 5387 ἅλυσιν

2123 5576 2349 5635 ΝΟΤιΕ.

709 5697 822 5769 (22)
861 5694 1154 5752 Monachus
1191 5693 1256 5750 ad
1284 5693 1469 5751 decem
1498 5692 1772 5751 centurias
1793 5693 2178 5762 prepemodum
2221 5689 2536 5756 accessisse,
2566 5686 2730 5742 tradit
2755 5686 2940 5741 eadem
2972 5682 3108 5737 Vita.
