4018 6304
235 352 338 418 837

899 355 1178 416 ORATIO
1214 355 1319 414 XI.
1353 381 1416 390 —
1445 353 1822 414 LAUDATIO
1863 354 1922 411 S.
1967 352 2332 412 PLATONIS
2381 352 2807 415 HEGUMENI.

3353 357 3458 421 838

238 469 546 542 σιδηραίαν,
579 467 768 539 ἱκανὴν
797 469 872 541 τῷ
902 471 1080 542 βάρει,
1129 472 1208 542 τῷ
1260 470 1381 524 ποδὶ
1430 470 1692 540 περιθεὶς,
1717 472 1791 522 ἐν·

1900 468 2019 538 pedi
2079 469 2519 536 circumpouens,
2587 465 2640 519 in
2691 464 2783 519 tali
2853 462 3034 519 labore
3099 470 3461 535 perseverarit

236 565 520 633 εκαρτέρει
550 564 662 625 τοῖς
689 561 870 624 πόνοις
908 563 1026 632 (καὶ
1054 564 1113 616 τδ
1149 562 1390 626 κοπῶδες
1420 565 1563 627 ὅσον,
1585 563 1646 615 τὸ
1678 561 1795 631 μεθ’

235 653 436 722 ἐαυτῆς
479 651 789 715 καθεύδειν,
823 651 960 722 ὁμοῦ
1013 670 1073 706 τε
1107 653 1468 724 ἐγρηγορέναι
1508 652 1601 706 καὶ
1628 652 1797 722 ἐργά-

236 743 445 808 ζεσθαι,
489 747 720 815 συνορᾷν
761 744 968 809 ἔξεστιν
1012 745 1090 815 τῷ
1129 745 1432 815 ἀρτίφρονι)
1463 745 1562 797 οὐκ
1595 743 1798 796 ἐπιδει·

235 836 404 889 κτιῶν
437 835 534 906 τὴν
560 837 855 907 κάθειρξιν,
885 837 993 890 οὐδ’
1017 838 1078 890 ού
1114 838 1219 909 μὴν
1252 837 1432 907 αὒχῶν
1460 837 1558 908 τὴν
1600 835 1798 906 πρᾶξιν

235 927 312 991 ὡς
340 929 540 998 ἀρετῆς
569 931 949 1000 ἐργαστήριον,
979 930 1098 984 κατ’
1127 931 1333 984 ἐκεῖνόν
1379 946 1485 982 που
1531 928 1620 980 τὸν
1667 927 1796 981 Χεί-

239 1035 384 1088 ρωνα
416 1019 476 1071 τδ
511 1020 829 1074 Θετταλικὸν
863 1021 1056 1093 ἄντρον
1106 1021 1355 1074 οἰκοῦντα
1399 1019 1608 1089 (πόῤῥω
1631 1018 1739 1089 γὰρ
1767 1019 1796 1071 ὁ

234 1109 472 1180 ἀθλητὴς
498 1109 604 1176 ζτοῦ
655 1110 900 1181 πάθους)·
946 1110 1080 1165 ἀλλὰ
1120 1111 1217 1180 τὴν
1259 1110 1356 1178 μὲν
1389 1100 1693 1173 εὖτελίζων,
1721 1108 1797 1168 ὼς

235 1200 295 1252 οὐ
329 1199 648 1271 θεραπεύων
677 1201 840 1267 ἀξίως
863 1202 958 1272 τὴν
990 1202 1047 1254 δὲ
1093 1200 1306 1270 κρύψας
1342 1197 1509 1272 τέχνῃ
1547 1217 1798 1254 ταπεινο-

236 1291 534 1362 φροσύνης,
587 1293 678 1346 καὶ
737 1293 931 1363 μικροῦ
993 1293 1169 1347 λαθὼν
1224 1293 1490 1356 ἅπαντας,
1555 1294 1660 1355 ἕως
1707 1293 1795 1345 ὅτε

236 1383 520 1454 προελθὼν
559 1385 658 1454 τῆς
683 1384 875 1455 κέλλης
899 1384 986 1437 διὰ
1023 1384 1226 1456 Κύριον
1246 1427 1260 1451 ,
1291 1386 1554 1457 ἐγνώρισε
1595 1385 1689 1438 καὶ
1722 1383 1794 1454 μὴ

239 1472 582 1541 βουλόμενος.
635 1471 772 1543 Περὶ⁵
831 1472 928 1543 μὲν
976 1473 1180 1527 τούτων
1230 1475 1368 1541 ἅλις,
1403 1473 1678 1544 φιλοῦντος
1699 1472 1794 1526 τοῦ

237 1560 507 1631 ἀκροατοῦ
537 1561 598 1614 τὸ
632 1562 871 1632 μέτριον,
910 1565 1002 1617 καὶ
1024 1565 1121 1618 οὐκ
1155 1565 1514 1637 εὐποροῦντος
1538 1564 1633 1619 τοῦ
1661 1565 1798 1637 γρά-

239 1667 430 1719 φοντος
463 1651 745 1720 ἐξηγορεῖν
783 1651 1203 1724 πλουσιώτερον.

306 1741 401 1794 λδν.
448 1741 666 1813 Ἐπειδὴ
683 1742 738 1795 δὲ
759 1744 968 1797 ἅπεϐίω
993 1745 1021 1796 ὀ
1036 1745 1335 1809 τηνικαῦτα
1356 1744 1496 1808 θεῖος
1513 1743 1791 1815 πρόεδρος,

238 1833 480 1905 ζητεῖται
507 1832 686 1904 ψῆφος
706 1837 1225 1905 πατριαρχήσοντος,
1254 1837 1347 1889 καὶ
1374 1835 1440 1889 τὰ
1465 1835 1791 1906 ψηφίσματα

237 1925 329 1978 ἐπὶ
355 1924 583 1987 πολλοὺς
606 1925 656 1977 οἱ
688 1925 892 1988 πολλοὶ,
920 1925 995 1989 ὡς
1024 1926 1250 1987 ἕκαστος
1277 1923 1420 1997 εἶχεν
1435 1928 1577 1981 κατὰ
1607 1928 1790 1998 φιλίαν

234 2014 268 2083 ἢ
299 2013 596 2084 ἀλήθειαν
633 2013 874 2083 ζητεῖται
927 2013 1021 2067 καὶ
1065 2013 1211 2084 παρὰ
1254 2015 1347 2067 τοῦ
1399 2015 1644 2087 Πατρὸς,
1694 2017 1792 2087 οὐχ

236 2102 342 2155 ὐπδ
362 2102 469 2154 τῶν
517 2102 615 2172 τῆς
684 2101 977 2173 ἱερωσύνης
1018 2102 1175 2170 μόνον
1215 2103 1502 2173 ἐγκρίτων,
1537 2106 1652 2159 ἀλλ’
1690 2107 1789 2178 ἠδη

234 2195 330 2247 καί¹
355 2193 488 2264 πρὸς
511 2192 674 2245 αὐτοῦ
707 2191 799 2245 τοῦ
827 2192 1218 2262 βασιλεύοντος.
1251 2195 1313 2248 Τί
1331 2193 1424 2249 οὖν
1449 2197 1574 2262 ἔδει,
1597 2199 1642 2250 ὣ
1661 2200 1793 2269 πρὸς

234 2284 338 2352 τῆς
368 2283 624 2352 ἀληθείας
653 2283 824 2351 αὐτῆς
849 2301 862 2348 ;
897 2284 1016 2354 οὐχὶ
1038 2288 1128 2338 τὸν
1162 2287 1396 2340 τοσαῦτα
1420 2288 1557 2360 ὑπὲρ
1575 2289 1666 2343 τοῦ
1690 2307 1792 2342 κα-

233 2373 330 2427 λοῦ
373 2373 743 2440 ἐναθλήσαντα
774 2373 867 2427 καὶ
912 2375 1292 2444 ἡκριϐωμένου
1328 2376 1442 2446 βίου
1494 2381 1608 2442 τοῖς
1658 2383 1790 2434 πᾶσι

234 2465 400 2532 νόμον
435 2465 812 2536 προκείμενον,
844 2465 1084 2534 ἀψευδῶς
1099 2469 1272 2521 εἰπεῖν
1306 2469 1402 2540 τὴν
1445 2469 1668 2526 ἐνοῦσαν
1704 2472 1794 2526 αύ-

233 2558 313 2624 τῷ
336 2555 594 2621 διάθεσιν,
628 2555 762 2625 πρὸς
791 2556 852 2608 τὸ
903 2559 1055 2628 κοινῇ
1113 2559 1388 2630 συμφέρον
1447 2562 1789 2628 σκοποῦντα;

235 2648 333 2712 Οὐ,
359 2648 522 2716 φασὶν
546 2649 596 2701 οἰ
623 2648 690 2700 τὰ
713 2648 918 2700 ἐκείνου
941 2646 1278 2711 σκώπτοντες
1297 2668 1355 2704 τε
1385 2655 1478 2705 καὶ
1505 2653 1794 2722 διαγελῶν-

233 2754 346 2800 τες,
375 2737 488 2790 ἀλλ’
519 2737 553 2807 ἢ
581 2737 678 2806 τὴν
729 2737 949 2804 ἄγνοιαν
989 2738 1432 2810 προϐαλέσθαι,ἢ
1461 2746 1574 2805 τοῖς
1605 2744 1795 2816 ἐπιζη-

233 2829 436 2894 τήσασι
463 2826 861 2898 παραχωρῆσαι
893 2828 952 2879 τὸ
983 2827 1242 2898 ψήφισμα
1264 2845 1278 2859 σ
1310 2830 1457 2884 ἔστιν
1495 2833 1574 2897 δὲ,
1607 2834 1667 2886 τὸ
1697 2835 1793 2903 μὲν

235 2917 499 2988 πρότερον
522 2916 734 2986 ψεῦδος,
761 2918 819 2969 τὸ
846 2917 900 2971 δέ
924 2917 1174 2988 δεύτερον
1205 2921 1512 2991 ὑπόκρισις,
1563 2927 1653 2976 καὶ
1683 2927 1793 2995 ἀμ-

235 3010 442 3079 φότερα
466 3008 805 3061 ἀπόπτυστα.
840 3007 896 3061 '0
929 3009 1029 3079 μὲν
1061 3006 1154 3064 οῦν
1186 3012 1288 3082 τὴν
1317 3012 1496 3082 ψῆφον
1527 3015 1788 3071 ἔστειλενο

231 3102 292 3154 τὺ
341 3101 402 3154 δὲ
443 3099 526 3168 ἐφ’
557 3101 698 3168 ὅτῳ,
745 3101 903 3172 παρῶ
951 3101 1126 3170 λέγειν
1155 3119 1172 3135 ο
1223 3105 1531 3159 ἐπέστειλεν
1568 3108 1611 3161 δ’
1647 3109 1794 3178 ὅμως

232 3192 304 3254 ὡς
332 3191 439 3243 ὑπὸ
460 3189 578 3260 Θεῷ
610 3191 864 3262 μάρτυρι.
905 3193 1015 3245 Καὶ
1039 3193 1088 3245 οἱ
1155 3194 1251 3263 μὲν
1295 3197 1546 3265 ἀσμένως
1580 3197 1796 3263 ἐδέξαν-

231 3301 310 3348 το,
343 3283 446 3336 οὐκ
475 3277 573 3336 οἷδ’
616 3282 782 3354 ὁποίῳ
814 3283 998 3356 τρόπῳ
1029 3284 1421 3355 βεϐαιώσαντες
1444 3287 1504 3342 τδ
1524 3291 1758 3361 γράμμα
1777 3306 1792 3322 .

231 3380 259 3430 ὁ
292 3378 349 3431 δέ
381 3375 564 3430 λαϐὼν
609 3376 953 3443 ἀπεσείσατο,
1012 3378 1376 3447 μετακυλίσας
1412 3381 1487 3445 ὡς
1539 3385 1598 3437 ἐν
1644 3383 1793 3456 κύϐῳ

230 3468 328 3531 τὰς
360 3468 602 3538 ψήφους.

1904 566 2088 635 (quam
2120 575 2301 617 autem
2341 561 2630 615 molestum
2663 558 2827 613 fuerit
2857 574 2980 613 cum
3012 559 3278 627 ejusmodi
3335 564 3459 616 vin-

1901 656 2026 710 culo
2043 654 2303 718 dormire,
2321 654 2566 724 vigilare.
2581 651 2814 722 operari,
2836 652 2988 706 facile
3015 663 3236 722 apparet
3257 654 3459 709 intelli-

1902 748 2100 817 genti),
2139 747 2301 815 idque
2326 762 2434 800 non
2462 755 2520 800 ut
2546 745 2850 800 clausuram
2885 752 3204 808 ostentaret,
3249 755 3342 800 aut
3369 763 3460 800 ve-

1903 835 1980 890 lut
2003 835 2218 889 virtutis
2255 833 2520 888 oﬂicinam
2554 833 2805 902 jactaret,
2842 831 3117 898 quomodo
3149 830 3347 884 Chiron
3370 832 3458 885 ille

1903 938 2120 983 antrum
2187 926 2563 982 Thessalicum
2622 923 2871 978 habitans
2917 923 3095 990 (longe
3156 922 3300 975 enim
3331 922 3460 975 abe-

1902 1030 2052 1075 rata
2112 1018 2203 1073 tali
2266 1018 2444 1085 vitio),
2488 1015 2580 1071 sed
2636 1016 2889 1068 virtutem
2947 1014 3163 1083 quidem
3193 1023 3458 1067 extenua-

1902 1113 2014 1179 bat,
2059 1122 2118 1167 ut
2149 1113 2241 1182 qui
2274 1126 2392 1167 eam
2428 1126 2542 1165 non
2580 1117 2741 1179 prout
2772 1123 2867 1177 par
2893 1117 3009 1162 erat
3035 1109 3238 1161 coleret
3266 1125 3282 1174 ;
3312 1116 3458 1161 eate-

1901 1221 2026 1260 nam
2073 1220 2200 1259 vero
2228 1186 2598 1257 abscondebat
2627 1199 2916 1254 artificiosa
2943 1200 3271 1263 humilitate,
3321 1201 3455 1252 adeo

1902 1305 1962 1350 ut
2001 1294 2116 1350 fore
2149 1303 2377 1349 cunctos
2430 1291 2639 1356 lateret,
2683 1289 2866 1360 quoad
2925 1303 2956 1344 e
3010 1291 3150 1343 cella
3206 1304 3458 1358 egressus

1903 1397 2120 1454 propter
2153 1383 2438 1438 Dominum
2469 1399 2484 1448 ;
2521 1397 2641 1436 eam
2670 1381 2754 1434 vel
2795 1380 2997 1434 inritus
3027 1378 3304 1447 patefecit.
3353 1376 3459 1431 Ve-

1902 1491 2022 1531 rum
2079 1474 2143 1529 de
2175 1473 2258 1528 his
2291 1485 2438 1526 nunc
2477 1471 2633 1534 satis,
2677 1483 2803 1524 cum
2831 1477 2884 1521 et
2907 1465 3120 1520 auditor
3163 1465 3456 1518 mediocri-

1901 1575 2064 1620 tatem
2095 1571 2259 1626 amet,
2292 1569 2344 1615 et
2379 1561 2614 1630 scriptor
2653 1572 2761 1613 non
2795 1555 3036 1612 abundet
3082 1553 3342 1608 facultate
3368 1567 3456 1608 res

1901 1651 2179 1721 copiosius
2209 1648 2526 1703 enarrandi.

1973 1741 2060 1795 54.
2109 1739 2345 1809 Contigit
2373 1747 2550 1792 autem
2589 1752 2652 1791 ex
2681 1737 2782 1790 hac
2809 1736 2916 1789 vita
2960 1735 3192 1806 migrare
3212 1733 3451 1788 divinum

1819 1817 1866 1876 Β
1896 1830 2014 1900 ejus
2049 1829 2309 1899 temporis
2358 1827 2720 1899 patriarcliam
2743 1825 2878 1894 (93),
2909 1840 3145 1894 cumque
3177 1825 3244 1879 de
3274 1824 3456 1878 futuro

1897 1921 2131 1976 Praesule
2183 1921 2465 1974 sententiae
2490 1917 2911 1988 postularentur,
2941 1932 3121 1987 eaeque
3152 1916 3456 1970 divideren-

1899 2024 1987 2069 tur
2008 2014 2061 2067 in
2080 2011 2300 2075 multos,
2325 2010 2728 2080 proutquisque
2748 2008 2831 2063 vel
2852 2008 3146 2062 amicitiam
3165 2007 3243 2062 vel
3274 2021 3454 2060 veram

1899 2107 2150 2162 Ecclesiae
2171 2102 2448 2174 spectabat
2473 2102 2761 2158 utilitatem
2789 2101 3049 2170 requisita
3068 2109 3150 2155 est
3174 2101 3336 2154 etiam
3355 2098 3455 2152 Pa-

1898 2198 1995 2252 tris
2016 2197 2186 2251 nostri
2217 2195 2621 2258 sententia,nou
2635 2192 2810 2247 solum
2830 2191 2977 2245 abiis
2998 2188 3455 2260 quierautSacer-

1897 2287 2044 2342 dotio
2073 2286 2330 2354 insignes,
2362 2283 2454 2338 sed
2471 2283 2537 2337 ab
2572 2284 2689 2352 ipso
2722 2296 2937 2351 quoque
2964 2278 3298 2349 Imperatore
3321 2279 3454 2347 (ﬁt).

1897 2378 2136 2434 Obsecro
2149 2394 2242 2448 per
2256 2379 2534 2431 veritatem
2561 2374 2898 2445 ipsam,quid
2924 2373 3345 2441 oportebateum
3373 2371 3457 2424 fa-

1897 2473 2060 2527 cere?
2110 2469 2363 2540 Nunquid
2403 2468 2633 2524 debebat
2664 2467 2710 2521 is
2737 2466 2829 2537 qui
2867 2475 3012 2520 tauta
3040 2473 3156 2520 erat
3195 2480 3292 2534 pro
3349 2465 3459 2517 vir-

1899 2574 2014 2620 tute
2047 2578 2256 2634 passus,
2289 2571 2344 2617 et
2387 2562 2514 2615 vitae
2566 2559 2964 2630 probatissimae
3017 2558 3268 2628 exemplo
3312 2572 3455 2610 cun-

1898 2658 1999 2714 ctis
2030 2655 2376 2726 praelucebat,
2406 2654 2618 2708 sincere
2650 2652 2864 2706 edicere
2909 2651 3233 2705 sententiam
3296 2664 3454 2703 suam

1899 2749 2194 2818 spectando
2222 2747 2487 2817 publicam
2529 2743 2864 2798 utilitatem?
2905 2742 3143 2806 Minime,
3203 2741 3456 2810 inquiunt

1897 2840 2015 2907 ejus
2047 2837 2469 2892 subsannatores
2514 2833 2895 2901 irrisoresque,
2930 2832 3022 2886 sed
3079 2831 3160 2885 vel
3197 2831 3456 2900 ignoran-

1903 2931 2032 2983 tiam
2091 2936 2382 2997 praetexere
2436 2924 2642 2989 debuit,
2683 2932 2780 2978 aut
2832 2939 2891 2978 se
2952 2923 3453 2992 interrogantibus,

1900 3020 2224 3076 sententiam
2274 3018 2611 3088 permittere.
2643 3017 2711 3069 At
2745 3019 2980 3086 primum
3010 3017 3227 3082 quidem
3256 3013 3454 3087 falsum

1901 3112 2112 3175 fuisset,
2158 3110 2518 3164 adulatorium
2549 3107 2817 3172 alterum;
2859 3115 3149 3174 utrumque
3198 3119 3456 3174 respuen-

1899 3203 2050 3258 dum.
2082 3201 2228 3256 Misit
2259 3201 2422 3272 igitur
2457 3198 2773 3268 sull‘ragium
2802 3212 2962 3251 suum
2995 3196 3102 3265 (cui
3134 3195 3342 3260 datum,
3373 3197 3456 3249 di-

1901 3310 2023 3351 cere
2059 3291 2433 3361 supersedeo),
2468 3290 2818 3344 misitautem
2844 3287 2992 3342 velut
3026 3285 3136 3340 Deo
3164 3297 3297 3340 teste
3333 3304 3347 3339 :
3400 3295 3456 3340 et

1898 3383 2154 3455 Episcopi
2173 3381 2387 3452 quidem
2405 3386 2782 3448 susceperunt,
2814 3377 2998 3431 nescio
3026 3378 3299 3446 quomodo
3321 3392 3452 3430 con-

1900 3479 2179 3533 ﬁrmantes
2211 3473 2353 3544 quod
2421 3472 2755 3541 scripserat;
2795 3469 3092 3540 Imperator
3122 3485 3250 3525 vero
3306 3471 3453 3525 acci-

230 3563 386 3631 piens
438 3560 718 3631 suffragia,
749 3576 832 3625 ea,
877 3561 1021 3617 velut
1053 3563 1106 3618 in
1153 3565 1284 3620 alea:
1321 3565 1471 3632 ludo,
1525 3568 1795 3628 invert‘ens
1861 3571 2124 3628 excussit.
2162 3569 2261 3623 Ast
2324 3565 2477 3620 Plato
2503 3564 2802 3635 (quoniam,
2860 3571 3082 3632 urgente
3134 3563 3454 3617 necessitate

231 3655 473 3724 capitis,
529 3657 949 3726 unumquodque
999 3661 1364 3716 membrorum
1439 3673 1693 3731 praestare
1760 3667 1899 3723 solet
1965 3667 2108 3737 quod
2176 3665 2226 3717 iu
2291 3677 2350 3717 se
2404 3661 2527 3730 est)
2587 3659 2652 3714 ad
2690 3659 2981 3728 quemdam
3045 3660 3452 3714 monasticilta-

233 3747 379 3804 bitus
404 3747 607 3810 virum,
629 3746 858 3804 Caesaris
891 3758 1069 3804 autem
1088 3751 1650 3821 propiuquum,noctu
1702 3759 1949 3824 contulit,
1968 3756 2100 3812 nihil
2124 3753 2377 3809 dubitans
2408 3752 2554 3808 foras
2583 3751 2832 3822 progredi
2863 3761 3080 3822 propter
3107 3767 3450 3807 communem

234 3847 528 3902 utilitatem
560 3861 573 3897 :
619 3857 852 3910 cumque
883 3845 931 3896 ei
961 3859 1081 3911 quae
1136 3848 1512 3912 conveniebat,
1562 3851 1792 3906 dixisset
1820 3850 2106 3907 confestim
2140 3848 2360 3901 domum
2395 3843 2570 3898 rediit.

302 3937 396 3990 λε’.
438 3937 552 3990 Καὶ
585 3935 613 3987 ὁ
643 3937 737 4004 μὲν
767 3934 972 4005 (ἐπειδὴ
999 3937 1157 4007 χρεία
1188 3940 1429 4011 κεφαλῆς
1467 3948 1791 4016 προϊσταμέ-

1967 3945 2055 3999 '55.
2095 3941 2395 4010 imperator
2426 3951 2587 4008 porro
2618 3937 2721 3992 hoc
2750 3937 3074 4006 intelligens,
3117 3936 3300 3992 furere
3339 3954 3454 3995 co:-

233 4046 328 4099 νης
356 4029 590 4082 ἕκαστον
607 4024 715 4078 τῶν
750 4026 925 4093 μελῶν
947 4027 1005 4079 τὸ
1027 4028 1147 4081 καθ’
1168 4030 1328 4083 ἐαυτδ
1365 4033 1638 4099 εἰσοίσειν)
1664 4038 1791 4108 πρός

1896 4036 1995 4106 pit,
2020 4034 2406 4100 modicumque
2435 4037 2744 4092 cunctatus,
2771 4029 2942 4082 donec
2969 4029 3286 4098 perfecisset
3308 4032 3451 4099 quod

231 4137 352 4172 τινα
385 4119 496 4172 τῶν
518 4119 869 4187 ὀμοσχήμων,
893 4117 1152 4187 ἀγχιστέα
1176 4122 1230 4173 δὲ
1267 4122 1358 4175 τοῦ
1389 4125 1687 4196 Καίσαρος,
1720 4129 1791 4200 μὴ

1895 4127 2128 4190 volebat,
2167 4123 2292 4178 tulit
2320 4121 2603 4175 nobiscum
2639 4120 2853 4174 Patrem
2878 4131 3119 4175 nostrum
3156 4139 3169 4174 :
3201 4134 3254 4174 et
3299 4132 3451 4191 post-

233 4209 556 4278 εύλαϐηθεὶς
587 4207 684 4278 τὴν
703 4207 876 4273 ἔξοδον
897 4208 1059 4262 διὰτὸ
1082 4213 1232 4282 κοινῇ
1258 4216 1552 4284 συμφέρον,
1579 4218 1791 4289 νύκτωρ

1895 4233 2055 4287 quam
2082 4214 2268 4285 viginti
2302 4222 2542 4282 quatuor
2590 4211 2782 4266 diebus
2815 4211 2868 4264 in
2893 4211 3030 4266 bene
3063 4213 3271 4268 munita
3323 4229 3452 4269 cus-

232 4304 472 4364 ἇπεισιν,
504 4302 599 4354 καὶ
628 4300 998 4371 φθεγξάμενος
1023 4304 1091 4356 τὰ
1123 4305 1328 4372 είκότα,
1357 4308 1536 4360 οἴκαδε
1593 4309 1784 4363 θᾶττον

1895 4306 2035 4360 todia
2073 4304 2352 4358 habuisset
2385 4302 2630 4370 permisit
2687 4301 2860 4357 redire
2905 4303 2970 4356 ad
3031 4308 3444 4361 monasterium.

231 4395 532 4449 ἐπάνεισινο
562 4393 591 4444 ὁ
619 4390 676 4443 δὲ
717 4390 900 4459 μαθὼν
951 4392 1206 4466 ἐξεμάνη,
1256 4397 1348 4450 καὶ
1391 4398 1585 4469 μικρὸν
1611 4400 1784 4470 λωφή-

232 4497 326 4545 σας
355 4481 485 4535 ὅσον
526 4480 607 4542 είς
638 4479 809 4549 πέρας
848 4479 1076 4548 ἀγαγεῖν
1119 4483 1181 4537 τὸ
1231 4485 1671 4557 βεϐουλευμένον,
1706 4489 1787 4542 αἴ-

1883 4395 2018 4462 Quid
2055 4395 2247 4449 attinet
2272 4394 2475 4456 dicere,
2506 4403 2742 4463 quantas
2787 4393 2991 4449 Sancto
3019 4437 3033 4459 ,
3071 4397 3180 4451 imo
3212 4399 3313 4468 ipsi
3356 4417 3449 4454 ve-

1884 4484 2024 4538 ritati
2058 4483 2286 4552 injurias
2312 4482 2576 4547 intulerit,
2610 4484 2888 4537 iracundia
2916 4486 3450 4559 percitustotamque

231 4589 311 4642 ρει
339 4573 439 4626 σὺν
467 4572 600 4642 ἡμῖν
628 4570 718 4624 τὸν
752 4571 993 4641 Πατέρα,
1022 4574 1116 4626 καὶ
1142 4577 1313 4628 εἰκοσι
1341 4578 1475 4645 πρὸς
1504 4580 1788 4649 τέσσαρσιν

1895 4575 2225 4632 conturbans
2257 4575 2732 4641 communitatem,
2762 4575 2902 4629 alios
2937 4579 3249 4633 carceribus
3275 4581 3450 4635 inclu-

229 4662 466 4733 ἡμέραις
498 4661 727 4731 θέμενος
768 4662 826 4714 ἐν
867 4664 1060 4732 στερεᾷ
1104 4664 1339 4737 φυλακῇ,
1392 4671 1530 4722 οἴκοι
1567 4670 1791 4722 ἐπανελ-

232 4752 340 4806 θεῖν
361 4754 614 4822 ἀφίησιν.
642 4752 781 4806 Ὅσα
809 4754 917 4826 γὰρ
942 4755 1220 4826 ἐξύϐρισεν
1254 4759 1392 4812 κατὰ
1442 4759 1535 4812 τοῦ
1577 4761 1787 4831 ἀνδρὸς,

233 4843 427 4912 μᾶλλον
456 4845 512 4898 δὲ
542 4843 668 4897 κατ’
698 4844 866 4913 αὐτῆς
893 4847 988 4914 τῆς
1025 4846 1279 4916 ἀληθείας
1305 4848 1654 4919 θυμομαχῶν,
1696 4851 1790 4903 καὶ

230 4937 620 5006 συνταράσσων
641 4933 734 5004 τὴν
755 4935 1110 5006 ἀδελφότητα,
1130 4939 1221 4991 καὶ
1242 4941 1366 5001 τοὺς
1396 4941 1492 5008 μὲν
1520 4941 1786 5011 φρουρῶν,

228 5026 350 5088 τοὺς
383 5027 440 5079 δὲ
469 5026 646 5078 ’ἐλκων
697 5027 776 5088 είς
834 5029 1188 5098 κατηγορίας,
1223 5031 1269 5081 εί
1319 5031 1412 5082 καὶ
1443 5032 1700 5101 ῥίψασπις
1731 5035 1788 5084 ἐν

231 5119 357 5169 πᾶσι
391 5117 587 5186 γέγονε
630 5117 725 5170 κα)⁸
765 5117 1167 5185 ἀξιογέλαστος,
1207 5120 1258 5171 τί
1293 5121 1372 5174 δεῖ
1422 5123 1516 5175 καὶ
1572 5123 1785 5190 λέγειν;

230 5206 382 5259 ἅτινα
413 5207 740 5277 παρασκευὴ
775 5203 841 5278 ἦν
883 5208 983 5276 τῆς
1024 5211 1391 5282 τυρευομένης
1436 5213 1581 5282 αὑτῷ
1624 5231 1785 5284 πονη-

232 5296 346 5362 pia;
379 5299 472 5350 καὶ
492 5299 656 5350 οἱονεὶ
684 5299 1014 5368 προεισόδιος
1033 5302 1250 5370 ἀνομία,
1277 5304 1548 5371 παίδευμα
1567 5304 1621 5357 δὲ
1647 5305 1783 5356 κατὰ

228 5387 321 5457 τὴν
354 5388 566 5442 ἐκείνου
617 5389 952 5460 φληνάφειαν
999 5392 1098 5461 τῆς
1140 5392 1400 5462 δοκούσης
1434 5396 1780 5466 προπετείας.

1889 4667 2088 4729 dendo,
2131 4666 2267 4720 alios
2332 4665 2398 4720 ad
2452 4667 2810 4734 quaestionem
2862 4668 3171 4738 rapiendo?
3223 4687 3343 4725 cum
3394 4674 3446 4726 in

1891 4759 2141 4813 omnibus
2184 4757 2398 4812 tandem
2438 4759 2618 4814 victus
2642 4768 2696 4814 et
2726 4762 2836 4813 risu
2889 4761 3084 4832 dignus
3116 4769 3446 4834 apparuerit.

1894 4848 1997 4902 Sed
2029 4849 2140 4903 haec
2183 4849 2358 4902 solum
2391 4851 2645 4919 praaludia
2677 4853 2920 4920 qumdam
2957 4865 3111 4908 erant
3144 4856 3449 4926 iniquitatis

1891 4956 2053 5011 quam
2093 4941 2479 5005 meditabatur,
2517 4952 2570 4996 et
2594 4944 2739 4998 velut
2765 4946 3151 5013 prreamhulare
3190 4949 3445 5019 flagitium

1892 5045 1954 5082 ac
1982 5031 2346 5083 rudimentum
2377 5033 2701 5102 nugacitatis
2724 5043 2770 5085 cl
2816 5035 3447 5103 petulantitu.Intervallo

1892 5137 2128 5190 namque
2183 5123 2445 5190 temporis
2518 5125 2730 5178 modico
2799 5136 3019 5180 secutus
3095 5139 3177 5181 est
3231 5133 3448 5188 malitia}

1893 5220 2291 5267 consummat-.e
2343 5214 2584 5270 assultus
2618 5234 2629 5268 :
2662 5217 2821 5285 idque
2860 5230 3077 5287 propter
3124 5220 3444 5293 Josephum,

1894 5305 2044 5356 illum
2101 5304 2191 5372 qui
2265 5305 2507 5359 mmcltos
2587 5307 2980 5375 conjunxerat,
3055 5313 3254 5365 malum
3307 5316 3445 5368 intra

1893 5396 2097 5449 viscera
2131 5396 2364 5459 haerens,
2410 5406 2465 5451 et
2520 5397 2772 5451 Ecclesiae
2828 5401 3250 5457 turbamentum.
3294 5406 3449 5459 Post-

1789 5506 2019 5563 NOTAE.

231 5607 691 5731 Feﬁﬁugriliortuus
719 5620 800 5665 est
832 5612 889 5667 S.
939 5612 1198 5670 Tarasius
1260 5632 1403 5672 anno
1442 5617 1562 5686 806,
1595 5621 1681 5676 dic
1723 5622 1790 5675 '25

297 5749 408 5817 (24)
441 5748 489 5803 ls
509 5757 626 5804 erat
654 5750 1006 5821 Nicephorius,
1033 5755 1122 5824 qui
1147 5756 1297 5812 lrene
1321 5757 1792 5830 ejectaimperium

1896 5623 2205 5697 arripuerat
2254 5625 2590 5697 animum“);
2617 5625 2709 5694 qui
2742 5628 3013 5692 quomodo
3050 5645 3106 5683 se
3136 5636 3359 5697 gesserit
3393 5636 3443 5690 in

1904 5695 2238 5765 procuranda
2300 5693 2358 5748 S.
2397 5692 2686 5765 Nicepﬁliu'ri
2741 5697 2804 5747 mi
2868 5692 3288 5765 patriarcliatum
3337 5707 3445 5760 ele-

1902 5766 2080 5816 ctione
2136 5763 2255 5815 vide
2281 5765 2333 5816 in
2363 5763 2671 5833 liujus'Vila
2709 5766 2768 5820 15
2813 5763 2982 5820 Μαι-ιιι
3011 5785 3158 5825 ntun.
3189 5773 3275 5825 il.
