4018 6304
580 339 685 404 839

1751 326 1812 385 S.
1842 319 2236 384 THEODORI
2275 317 2621 380 ΞΤΗΒΙΤΑΞ

3686 311 3805 375 8ηίο

581 463 743 520 quam
774 445 941 511 enim,
962 441 1259 500 secundum
1282 439 1552 502 Canones,
1586 437 1655 492 ab
1674 437 1846 500 illius,
1875 445 2128 504 tanquam

2255 430 2446 500 ipaxbc
2467 429 2496 480 6
2523 427 2732 498 χρόνος,
2763 425 2857 478 καὶ
2888 426 2920 495 ἡ
2957 423 3054 494 τῆς
3094 420 3385 484 κακώσεως
3431 420 3694 489 ἐπιφορά,
3735 418 3804 473 τὸ

583 555 614 593 a
670 536 957 605 serpentis,
1018 529 1401 587 communione
1473 543 1575 583 nos
1631 526 2131 596 sequestravimus;

585 629 845 683 continuo
891 625 1179 680 adfuerunt
1235 638 1264 676 a
1307 621 1522 676 Caesare
1583 618 1764 683 mina,
1825 629 2032 686 nosque
2081 615 2132 669 in

581 731 827 776 extremo
854 717 1165 772 discrimine
1192 713 1432 768 vidimus
1471 709 1821 766 constitutos.

633 894 721 949 56.
740 891 843 959 Qui
857 891 1057 961 possim
1073 885 1467 942 multitudinem
1479 893 1746 939 terrorum
1761 881 2140 938 certaminum-

585 1001 714 1056 que,
739 983 893 1037 nobis
918 980 1111 1051 integri
1140 978 1301 1031 unius
1329 975 1456 1029 anni
1490 974 1664 1044 spatio
1687 974 1981 1036 illatorum,
2009 985 2141 1041 pau-

585 1078 665 1131 cis
681 1073 900 1145 syllabis
920 1066 1235 1137 complecti?
1253 1067 1505 1135 velquam
1530 1079 1669 1133 sape
1685 1061 1955 1124 accersiti,
1976 1074 2138 1130 quam

585 1180 727 1233 saepe
757 1163 945 1216 tentati
975 1162 1254 1224 fuerimus,
1280 1155 1574 1211 enarrare?
1599 1153 1779 1216 Novit,
1825 1154 1918 1222 qui
1948 1164 2140 1221 passus

585 1266 688 1317 est.
715 1256 916 1324 quique
941 1251 1166 1324 patienti
1184 1250 1458 1319 proximus
1485 1247 1673 1301 astitit.
1697 1244 1890 1298 Adfuit
1910 1244 2141 1312 denique

587 1348 835 1403 militaris
847 1347 1170 1415 phalanx,et
1195 1340 1579 1395 monasterium
1607 1338 1892 1408 diligenter
1907 1336 2142 1389 circum-

588 1439 828 1501 vallavit,
859 1435 996 1489 adeo
1029 1441 1089 1488 ut
1118 1446 1214 1485 nec
1240 1430 1454 1483 hiscere
1483 1426 1759 1494 cuiquam,
1801 1438 1901 1478 nec
1920 1422 2143 1477 omnino

587 1535 750 1594 caput
779 1523 974 1578 efferre
1029 1519 1456 1590 permitteretur.
1509 1515 1658 1568 Intus
1707 1514 1950 1577 timores,
2010 1511 2142 1565 faris

588 1625 823 1668 terrores
843 1611 1284 1681 proponebantur
1327 1621 1390 1661 ac
1438 1607 1630 1659 mime:
1684 1605 1904 1674 quinam
1960 1611 2139 1658 autem

588 1720 681 1759 eas
711 1708 1069 1772 proponerent
1099 1709 1321 1768 propter
1345 1696 1484 1750 sacri
1519 1695 1736 1750 habitus
1784 1696 2140 1750 reverentiam

2239 519 2296 572 δὲ
2325 519 2520 582 αίτιον,
2558 516 2753 585 Ἰωσὴφ
2784 517 2812 568 6
2844 513 3256 585 μοιχοζεύκτης,
3282 512 3344 565 τὸ
3369 510 3660 580 ὲγκόλπιον
3692 528 3806 563 κασ-

2240 610 2355 675 κδν,
2385 611 2414 664 6
2438 611 2536 680 τῆς
2571 609 2898 677 Ἐκκλησίας
2943 606 3212 674 τάραχος·
3251 597 3313 658 οὗ
3359 603 3569 672 ἐπειδὴ,
3606 602 3685 662 ὡς
3720 600 3806 654 ίδν

2243 700 2440 769 ὄφεως,
2477 698 2774 761 κανονικῶς
2800 698 2900 768 τὴν
2923 695 3205 749 κοινωνίαν
3230 691 3604 762 πεφεύγαμεν,
3636 695 3807 746 ἀπειρ-

2244 791 2332 844 λαὶ
2368 790 2519 861 παρὰ
2548 789 2645 842 τοῦ
2684 789 2960 860 Καίσαρος
2983 828 2998 849 ,
3038 787 3130 839 ἐπὶ
3166 783 3328 856 ξυροῦ
3360 787 3407 838 oi
3435 785 3798 853 ὲνιστάμενοτ.

2311 881 2416 946 λς’.
2447 881 2556 933 Kal.
2579 880 2696 941 πῶς
2723 878 2789 932 ἂν
2832 880 2889 931 ὲν
2939 877 3144 946 ὀλίγαις
3172 875 3457 938 συλλαϐαῖς
3499 875 3563 930 τὸ
3593 874 3805 947 πλῆθος

2239 969 2346 1024 τῶν
2368 967 2667 1039 τηνικαῦτα
2687 965 3070 1036 ὑπαρχθέντων
3089 966 3154 1018 δι’
3170 965 3291 1017 ὅλου
3317 963 3488 1024 ἔτους,
3508 974 3806 1029 (pompam;

2240 1077 2300 1114 τε
2331 1060 2424 1114 καὶ
2448 1059 2826 1128 ἁποστροφῶν,
2855 1056 3080 1124 ἀγώνων
3109 1071 3166 1107 τε
3215 1056 3309 1108 καὶ
3360 1051 3703 1123 πειρασμῶν,
3727 1049 3807 1102 δι·

2242 1151 2555 1220 ηγήσαιμις
2593 1144 2746 1201 Οἶδεν
2782 1146 2953 1199 ταῦτα
2984 1146 3013 1200 6
3063 1145 3272 1208 παθὼν,
3304 1142 3450 1198 καὶὸ
3493 1142 3656 1209 ὲγγὺς
3699 1137 3802 1192 τοῦ

2243 1241 2501 1303 παθόντος
2542 1240 2844 1309 ἱστάμενος.
2868 1239 3051 1302 Τέλος,
3085 1234 3444 1307 στρατιωτικὴ
3464 1232 3675 1302 φάλαγξ
3699 1232 3805 1300 τὴν

2247 1331 2414 1402 μονὴν
2469 1330 2654 1400 κύκλῳ
2700 1328 2956 1398 ἀσφαλῶς
3017 1327 3504 1397 περιστοιχήσασα.
3556 1324 3632 1386 ὡς
3665 1323 3805 1392 μηδὲ

2244 1424 2441 1495 γρῦξαι
2482 1423 2516 1495 ἢ
2549 1421 2824 1493 προκύψαι
2864 1418 2987 1472 τινά
3017 1418 3152 1480 ὅλως
3198 1413 3630 1487 παραχωροῦσα·
3671 1413 3808 1465 ἐσω-

2246 1515 2337 1570 θεν
2351 1515 2524 1586 φόϐοι,
2553 1513 2748 1578 ἔξωθεν
2779 1508 3257 1580 πτόησις,άπειλαὶ
3278 1507 3803 1578 παραπεμπόμεναι,

2245 1607 2340 1660 καὶ
2372 1608 2495 1669 τοὺς
2534 1603 3033 1675 παραπεμφθέντας
3060 1599 3260 1670 ἀφίημι
3293 1599 3472 1667 λέγειν
3519 1599 3657 1651 αἰδοῖ
3702 1595 3805 1648 τοῦ

2249 1700 2545 1767 σχήματος.
2576 1698 2680 1749 Φεῦ
2707 1694 2805 1765 τῆς
2832 1695 2926 1748 τοῦ
2974 1693 3169 1764 καιροῦ
3212 1692 3416 1763 φοράςι
3450 1690 3636 1752 Οὐδεὶς
3683 1701 3807 1759 σχεο

589 1796 766 1850 dicere
791 1791 1133 1862 supersedeo.
1177 1787 1220 1843 Ο
1272 1788 1628 1842 calamitatem
1679 1786 1825 1841 illius
1853 1787 2140 1856 temporis!

2255 1789 2332 1842 δὺν
2360 1787 2454 1842 τοῦ
2496 1786 2763 1859 ῥεύματος
2791 1785 3082 1856 άνώτερος,
3110 1785 3285 1846 οὐδεὶς
3321 1785 3350 1836 6
3388 1783 3456 1835 τά
3492 1781 3626 1850 ὀρθά
3660 1797 3806 1849 συμ-

590 1899 750 1939 nemo
779 1882 889 1937 fere
916 1881 1017 1934 fuit
1037 1879 1283 1948 superior
1329 1887 1462 1932 aestu
1489 1878 1579 1931 illo
1609 1887 1836 1932 cunctos
1867 1887 2147 1963 raptante;

593 1987 754 2029 nemo
800 1971 892 2041 qui
951 1980 1094 2024 recta
1125 1968 1395 2031 suaderet,
1436 1976 1527 2020 aut
1574 1981 1792 2021 causam
1847 1966 1940 2021 Dei
1982 1969 2151 2022 susti-

596 2072 768 2117 nerei.
828 2060 1036 2114 Bonum
1118 2073 1181 2112 ac
1238 2056 1392 2110 valde
1462 2055 1793 2109 conveniens
1863 2055 2151 2109 videbatur

596 2153 854 2207 omnibus
888 2150 941 2204 in
985 2149 1244 2217 dignitate
1300 2146 1634 2211 constitutis,
1677 2160 1781 2198 non
1822 2160 2147 2214 exasperare

598 2242 936 2297 iracundiam
979 2238 1292 2308 regnantis;
1325 2237 1454 2304 ipsis
1481 2238 1642 2290 etiam
1690 2238 1781 2304 qui
1815 2245 1971 2290 erant
1997 2235 2146 2303 ejus-

597 2333 717 2388 dem
745 2330 1025 2384 nobiscum
1062 2329 1298 2394 ordinis,
1324 2328 1466 2395 quod
1491 2343 1623 2381 sane
1645 2335 1759 2380 erat
1788 2326 2148 2381 miserabilius

599 2424 861 2490 Denique.
891 2430 951 2475 ut
978 2419 1298 2488 compendio
1327 2434 1435 2473 rem
1486 2418 1786 2479 absolvam,
1839 2432 1906 2471 ex
1967 2416 2147 2470 medio

597 2513 849 2570 Fratrum
883 2511 994 2580 (25)
1027 2525 1057 2564 e
1083 2518 1242 2563 noctu
1275 2509 1484 2578 rapitur
1534 2509 1703 2569 Plato,
1751 2517 1937 2577 raptus
1969 2506 2147 2561 inclu-

601 2609 746 2661 ditur
776 2602 1004 2660 carceri.
1061 2600 1260 2656 Secuta
1301 2611 1385 2654 est
1440 2601 1557 2654 dies
1612 2599 1804 2669 synodi
1869 2598 2150 2663 habendae,

599 2697 668 2752 ad
699 2711 863 2766 quam
901 2694 1045 2746 velut
1098 2691 1377 2746 maleficus
1405 2692 1669 2744 adductus
1711 2698 1793 2744 est
1831 2688 2008 2751 Pater,
2030 2703 2150 2743 cum

601 2788 775 2842 tribus
807 2801 836 2840 e
867 2785 1004 2846 suis,
1049 2799 1143 2852 per
1178 2797 1397 2836 manum
1441 2781 1748 2834 militarem.
1784 2777 2150 2834 Miserandum

601 2878 966 2951 spectaculum
994 2878 1007 2931 i
1041 2875 1222 2930 videre
1256 2888 1463 2936 senem,
1517 2880 1737 2941 propter
1810 2870 2153 2924 imbecillita-

2249 1879 2517 1932 δουλεύων
2537 1879 2631 1930 καὶ
2655 1875 2960 1945 ἑπαλείφων
2979 1877 3048 1929 τὰ
3070 1875 3214 1928 θείαο
3243 1872 3520 1943 ἀγαπητὸν
3538 1874 3585 1924 εί
3609 1871 3683 1942 μὴ
3707 1871 3808 1922 καὶ

2248 1971 2383 2024 πολὺ
2424 1969 2783 2039 cup-meam...
2814 1967 2891 2038 ιο)
2926 1967 3023 2037 τὴν
3055 1966 3222 2038 ὀργὴν
3251 1968 3363 2030 τοῖς
3390 1963 3670 2036 κρατοῦσι,
3708 1963 3808 2015 καὶ

2245 2061 2306 2114 τό
2324 2077 2386 2127 γε
2406 2061 2786 2129 ἐλεεινότερον,
2804 2060 2911 2112 τῶν
2935 2057 3237 2129 ὁμοταγῶν.
3267 2058 3463 2127 Πέρας,
3489 2057 3554 2110 Iv‘
3589 2057 3645 2107 ὲν
3676 2072 3808 2107 συν-

2243 2151 2393 2221 τόμῳ
2416 2152 2476 2204 τὸ
2509 2153 2615 2204 πάν
2651 2150 3006 2221 παραστήσω,
3022 2148 3244 2220 ἁρπαγὴ
3261 2151 3324 2202 ὲκ
3347 2149 3512 2218 μέσου
3534 2148 3631 2217 τῆς
3646 2145 3806 2200 ἁδελ-

2252 2245 2478 2312 φότητος
2512 2242 2824 2312 νυκτίωρος,
2859 2244 2956 2296 καὶ
2990 2241 3128 2312 μετὰ
3170 2242 3268 2308 τὴν
3303 2242 3557 2310 ἁρπαγὴν
3591 2239 3809 2307 κάθειρ-

2262 2332 2362 2397 ξις,
2399 2333 2493 2386 καὶ
2536 2333 2672 2401 μετὰ
2723 2331 3000 2400 κάθειρξιν
3049 2331 3267 2384 συνόδου
3313 2331 3514 2402 ἡμέρα,
3567 2331 3662 2382 καὶ⁵
3712 2330 3808 2382 ἐπὶ

2251 2424 2452 2492 ταύτης
2476 2424 2571 2476 σὺν
2600 2425 2780 2494 τρισὶν
2808 2422 2910 2475 ὑπὸ
2931 2425 3323 2492 στρατιωτικῆς
3341 2423 3520 2492 χειρὸς
3548 2423 3578 2474 6
3615 2421 3807 2490 Πατὴρ

2253 2516 2654 2585 παριστάμενος
2689 2515 2761 2575 ὡς
2801 2513 3126 2582 κακοῦργος.
3163 2512 3421 2565 Ἐλεεινδν
3474 2510 3673 2579 θέαμα,
3714 2511 3807 2576 γέ-

2256 2619 2416 2672 ροντα
2445 2604 2683 2673 φοράδην
2713 2601 2772 2665 ἐξ
2818 2603 3104 2664 ἀσθενείας
3156 2603 3419 2671 ἀγόμενον
3451 2601 3545 2653 σὺν
3576 2604 3641 2670 τῇ
3676 2600 3808 2652 ἀλύ-

2255 2707 2361 2755 σει,
2390 2693 2455 2762 ἢν
2484 2695 2540 2745 ὲν
2567 2693 2643 2762 τῷ
2668 2693 2786 2745 ποδὶ
2819 2693 3201 2761 καθηλωμένος
3247 2692 3564 2762 ἐπεφέρετο,
3594 2693 3683 2743 καὶ
3714 2689 3806 2756 ἀφ’

2253 2782 2441 2852 ἑτέρου
2466 2784 2546 2845 είς
2574 2784 2757 2853 ἕτερον
2780 2777 2928 2853 ὦμον
2954 2783 3141 2855 ὥσπερ
3171 2800 3224 2836 τι
3272 2781 3406 2850 ἄγος
3447 2780 3808 2852 μεταριπτού-

2256 2892 2435 2945 μενον.

604 2983 711 3028 tem
745 2971 986 3024 humeris
1062 2965 1485 3036 deportandum,
1539 2979 1663 3018 cum
1715 2978 1776 3016 ea
1835 2978 1939 3031 qua
1998 2963 2187 3032 pedem
2229 2964 2476 3022 induerat
2539 2978 2747 3034 catena,
2785 2969 3000 3033 adduci,
3063 2978 3223 3038 atque
3275 2968 3342 3022 ab
3377 2983 3483 3021 uno
3539 2966 3591 3020 in
3659 2964 3808 3020 aliud

601 3067 824 3118 dorsum
857 3059 1053 3128 trajici,
1087 3059 1231 3111 velut
1262 3057 1533 3126 piaculum
1565 3054 1856 3124 quoddam.

675 3152 764 3205 3'7.
797 3151 899 3215 Ah,
936 3148 1041 3203 ab!
1102 3148 1337 3201 haeccine
1389 3144 1630 3214 synodici
1690 3144 1898 3198 ordinis
1953 3142 2150 3197 forma'

2335 3141 2434 3206 λζ’.
2475 3143 2622 3205 Aleti,
2669 3142 2951 3213 συνοδικῆς
3013 3143 3264 3207 εὐταξίας
3309 3144 3679 3207 κατάστασιςί
3711 3144 3809 3197 oio!

606 3242 710 3297 hoc
737 3241 1004 3310 judicium
1037 3238 1248 3307 imperii
1281 3235 1621 3288 Christiani?
1652 3232 1708 3286 In
1748 3249 1876 3302 quo,
1910 3232 2156 3298 obsecro,

607 3332 724 3386 haec
754 3331 1065 3399 discrepant
1100 3330 1167 3381 ab
1207 3328 1298 3390 iis,
1349 3341 1467 3394 qua:
1495 3326 1622 3379 olim
1659 3334 1778 3377 acta
1815 3324 2154 3377 latrocinan-

606 3425 740 3478 tium
769 3419 1142 3477 conciliabulis
1172 3426 1267 3471 aut
1319 3418 1476 3470 aliter
1509 3415 1576 3470 ad
1640 3416 1862 3470 hairesis
1918 3425 2156 3469 tutamen

607 3511 1032 3581 imperitantium
1060 3509 1083 3561 ‘I
1122 3506 1187 3562 Ut
1217 3515 1418 3570 autem,
1474 3505 1621 3559 velut
1659 3504 1865 3558 ludicra
1892 3504 2159 3573 quaedam,

608 3603 878 3663 omittam,
905 3614 1025 3669 quae
1053 3597 1269 3652 interim
1301 3605 1448 3666 gesta
1475 3604 1620 3658 sunt,
1658 3603 1712 3648 et
1741 3594 1981 3648 historiae
2011 3610 2160 3646 inen-

608 3709 789 3748 suram
832 3708 935 3762 per
971 3706 1028 3745 se
1069 3689 1289 3758 implere
1319 3694 1570 3757 possunt,
1618 3686 1870 3740 exsilium
1919 3685 2161 3738 decerni-

609 3792 718 3843 tur.
751 3791 800 3834 et
834 3783 883 3833 in
916 3795 1021 3833 una
1053 3778 1468 3832 suburbicarum
1507 3775 1804 3828 insularum
1842 3773 1952 3844 (26)
2003 3772 2162 3826 Pater

610 3881 794 3927 noster
824 3867 1430 3933 circumscribitur;uti
1464 3867 1625 3920 etiam
1673 3864 1839 3918 frater
1900 3880 2053 3917 meus
2108 3865 2159 3915 in

610 3965 767 4018 aliam
793 3963 993 4032 pariter
1046 3959 1587 4019 aarumnosissimam,
1607 3956 1696 4009 ubi
1729 3956 1794 4010 ad
1821 3953 2160 4009 incommoda

609 4053 786 4107 cxtiilii
824 4052 998 4121 ipsius
1029 4048 1266 4105 carceris
1298 4048 1593 4102 firmissimi
1629 4045 1958 4100 accedebant
1992 4059 2160 4112 angu-

611 4145 749 4200 stia.
781 4144 824 4199 0
855 4158 1035 4198 rerum
1067 4141 1526 4198 vicissitudinem!
1585 4134 1874 4193 saeculares
1912 4136 2161 4189 homines

613 4234 834 4288 fuerunt
867 4231 1149 4287 monachis
1181 4229 1548 4289 humaniores.
1575 4237 1628 4282 et
1648 4228 1740 4295 qui
1774 4242 1885 4280 rem
1910 4226 2163 4278 audivere

613 4334 722 4379 non
751 4325 1133 4378 dubitaverunt
1165 4321 1231 4375 de
1258 4321 1390 4390 ipsis
1448 4318 1723 4388 iudicibus
1759 4331 1966 4385 aequam
2023 4313 2164 4370 ferre

615 4417 939 4471 sententiam
959 4433 988 4483 ,ε
1024 4413 1307 4469 tnanifeSta
1340 4412 1486 4464 enim
1511 4409 1704 4479 judicii
1733 4408 1994 4477 iniquitas
2025 4414 2160 4460 erat.

2262 3233 2653 3302 Χριστιανικῆς
2685 3232 2958 3302 βασιλείας
3010 3233 3314 3303 ὑπόληψιςι
3365 3234 3428 3284 Τί
3475 3234 3646 3286 ταῦτα
3702 3234 3809 3286 τῶν

2259 3324 2428 3377 πάλαι
2460 3323 2765 3393 λῃστρικῶς
2799 3324 3296 3395 συνεδρευόντων,ῆ
3325 3325 3498 3387 άλλως
3523 3326 3808 3396 αἱρετικῶς

2262 3414 2690 3483 βασιλευσάντων
2717 3416 3132 3485 ὲλλειπέστερα;
3170 3418 3295 3478 Καὶ,
3333 3418 3417 3470 ἵνα
3457 3416 3644 3486 ῶσπερ
3688 3419 3809 3471 τινὰ

2261 3505 2480 3558 παιδιάν
2513 3505 2580 3559 τά
2611 3507 2668 3558 ὲν
2709 3506 2856 3575 μέσῳ
2901 3507 3332 3576 παραδράμοιμι,
3369 3508 3608 3578 πληροῦν
3655 3509 3811 3563 δυνά·

2263 3614 2394 3666 μενα
2429 3597 2748 3664 συγγραφῆς
2793 3597 3009 3665 μέτρον,
3062 3595 3322 3666 κυροῦται
3354 3597 3554 3666 ἐξορίᾳ,
3590 3600 3683 3650 καὶ
3719 3615 3811 3650 πει

2262 3687 2553 3757 ριορίξεται
2581 3689 2608 3739 6
2637 3689 2822 3757 Πατὴρ
2847 3689 2904 3739 ὲν
2922 3689 3018 3756 μιᾷ
3034 3687 3139 3738 τῶν
3160 3687 3292 3754 πρὸς
3315 3685 3390 3756 τῷ
3440 3688 3592 3740 ἄστει
3609 3690 3806 3756 νήσων.

2261 3775 2444 3846 ῶσπερ
2479 3778 2573 3830 καὶ
2597 3780 2624 3830 6
2664 3778 2931 3848 ἡμέτερος
2992 3778 3219 3846 ἀδελφὸς
3257 3781 3315 3831 ὲν
3356 3779 3518 3850 ἑτέρᾳ
3557 3780 3809 3850 δυσχερε-

2262 3868 2452 3936 στάτῃ,
2526 3869 2661 3937 μετὰ
2714 3869 2808 3921 τοῦ
2867 3868 3224 3939 περιορισμοῦ
3283 3867 3377 3921 καὶ
3427 3870 3527 3939 τῆς
3569 3869 3808 3938 φυλακῆς

2263 3957 2525 4026 κραταιᾶς
2567 3956 2753 4026 οὔσης.
2786 3958 2849 4009 Ὦ
2904 3961 3001 4026 τῆς
3041 3957 3150 4010 τῶν
3215 3958 3555 4026 πραγμάτων
3605 3960 3802 4027 φορᾶςί

2261 4048 2380 4099 Τῶν
2412 4050 2689 4117 μοναστῶν
2709 4051 2756 4101 ol
2779 4050 2998 4118 μιγάδες
3017 4050 3507 4121 φιλανθρωπότεροι
3539 4053 3803 4119 γεγόνασι,

2262 4138 2355 4190 καὶ
2387 4138 2493 4189 τῶν
2525 4139 2724 4208 κριτῶν
2755 4142 2802 4191 oi
2835 4141 3105 4210 ἀκροαταὶ
3135 4142 3314 4210 κρίσιν
3343 4141 3561 4194 δικαίαν
3586 4141 3804 4206 ἐξοίσειν

2261 4227 2360 4281 οὐκ
2379 4229 2667 4282 ὲδεδίεισαν
2688 4248 2702 4264 ο
2752 4233 3013 4301 πρόδηλον
3028 4232 3133 4300 γάρ
3149 4227 3214 4301 ἦν
3234 4231 3293 4283 τὸ
3310 4233 3801 4304 παρανομούμενον.

2275 4319 2499 4389 ’Δφίημι
2531 4322 2591 4373 τὸ
2623 4321 2871 4390 βαλανίον
2918 4326 3112 4386 ἐκεῖνο,
3145 4325 3231 4391 ὲφ³
3364 4327 3392 4377 6
3454 4325 3671 4394 κρατῶν
3724 4325 3803 4378 διά

2265 4407 2540 4475 φάλαγγος
2565 4412 2955 4481 στρατιωτικῆς
2973 4413 3036 4464 ὲκ
3058 4412 3154 4480 τῆς
3173 4413 3337 4483 μονῆς
3358 4413 3615 4481 ἀθροίσας
3636 4415 3804 4466 πᾶσαν

613 4505 880 4561 Praetereo
913 4506 1161 4560 balneum
1194 4502 1345 4566 illud,
1381 4502 1434 4555 in
1462 4515 1570 4569 quo
1599 4499 1692 4569 qui
1751 4497 1947 4552 clausit
1999 4507 2150 4551 totan:

2268 4499 2363 4567 τὴν
2394 4500 2750 4570 ἀδελφότητα,
2807 4506 2896 4555 καὶ⁵
2961 4504 3295 4572 πειρώμενος
3354 4504 3662 4557 ύποκλίνειν
3718 4504 3802 4556 ἱνα

616 4596 1030 4660 fraternitatem,
1057 4610 1123 4649 ex
1167 4593 1498 4648 monasterio
1544 4607 1706 4644 manu
1760 4588 1980 4643 militari
2057 4587 2150 4642 col-

2267 4587 2492 4642 ἕκαστον
2534 4593 2667 4658 πρὸς
2708 4594 2768 4646 τὸ
2805 4594 2954 4662 σφῶν
2995 4593 3250 4663 -Θέλημα,
3293 4595 3661 4665 ἀπετύγχανεν
3705 4596 3802 4648 τῶν

619 4689 810 4742 lcetam
831 4688 1160 4754 tentavitque
1192 4684 1258 4738 ad
1280 4699 1432 4738 suam
1463 4683 1788 4737 voluntatem
1815 4695 2150 4750 unumquem-

2267 4680 2517 4745 ἐλπίδων,
2552 4683 2736 4752 ᾑσθεὶς
2762 4685 2856 4738 τοῦ
2897 4687 3098 4739 οἰκείου
3125 4689 3357 4757 κράτους
3387 4691 3802 4760 κραταιοτέρους

616 4795 722 4848 que
751 4778 1022 4847 sigillatim
1059 4777 1343 4840 inclinare,
1402 4791 1494 4843 spe
1527 4789 1623 4828 sua
1676 4773 1916 4838 excidit;
1976 4773 2150 4825 sensit-

2266 4765 2406 4822 εἶναι
2441 4773 2565 4835 τοὺς
2610 4772 2688 4842 τῷ
2737 4775 2865 4845 Θείῳ
2895 4776 3044 4847 νόμῳ
3068 4778 3532 4848 ὲπερειδομένους.
3570 4777 3800 4850 Παρίημι

617 4885 724 4940 que
774 4878 1040 4938 potestate
1071 4883 1169 4922 sua
1203 4866 1534 4936 potentiores
1571 4881 1712 4926 esse,
1742 4864 1939 4934 quibus
1971 4864 2052 4918 lex
2078 4864 2148 4916 De

2265 4858 2362 4922 τὰς
2391 4861 2446 4912 ὲν
2476 4865 2585 4924 τοῖς
2604 4865 2841 4934 σεμνίοις
2862 4866 3125 4932 φυλακάς,
3155 4869 3249 4921 καὶ
3278 4869 3402 4932 τοὺς
3439 4872 3801 4940 φρουράρχους

618 4973 727 5029 pra:
757 4957 928 5011 oculis
953 4964 1057 5010 est.
1103 4953 1368 5007 Praetereo
1423 4966 1667 5005 carceres
1716 4949 1766 5002 in
1819 4948 2150 5001 monasterii:

2271 4950 2622 5020 ἡγουμένους,
2663 4955 2831 5009 πλείω
2865 4959 2983 5030 ,τῶν
3047 4961 3431 5030 ἐπιταγμάτων
3485 4962 3660 5026 ἐνίους
3715 4982 3801 5016 κα-

617 5051 935 5106 constitutos
971 5060 1261 5115 eorumque
1294 5044 1547 5099 custodes
1596 5041 1935 5113 Hegumenos
1990 5041 2150 5110 ipsos,

2271 5039 2496 5106 κοῦντας
2551 5047 2675 5108 τοὺς
2731 5049 3174 5121 καθειργμένους.
3235 5054 3590 5123 Παραδραμεϊ
3631 5073 3718 5125 μοι
3742 5054 3800 5108 τά

2101 5173 2334 5229 NOTAE.

680 5281 755 5361 ,ω
779 5279 913 5332 Cum
952 5267 2350 5361 ίηιεειιιειξεξιῑξξςειξξιξξῐ,ιξῆδεξεηὲἱῖιλῖςῗείεξιειξδ
2385 5270 2786 5361 ξέῖιςιεν.ι.ίτιυει
2811 5281 3080 5361 scarum
3105 5290 3292 5361 ηρειτο
3314 5284 3476 5361 verba
3497 5286 3676 5361 aliqua
3720 5290 3798 5344 de-

617 5338 806 5414 ἷυίξέεν
829 5362 949 5416 fl“at
975 5338 1462 5412 μετἐοηὶεοιηηηι
1491 5341 1892 5408 interpretando
1919 5338 2160 5406 supple“
2189 5352 2202 5398 ἱ
2257 5338 2342 5392 hic
2385 5344 2515 5396 nihil
2545 5338 2704 5413 addo',
2734 5338 3096 5404 satis'habcns
3124 5353 3389 5406 defectum
3427 5338 3707 5411 indic—asse.

688 5465 799 5536 (“25)
845 5461 1070 5536 Sirletus
1092 5468 1254 5536 totam
1291 5455 1677 5536 fraternitatem
1714 5462 1919 5524 raptam
1955 5453 2011 5504 in
2050 5466 2170 5530 car-

616 5522 795 5590 cerein
825 5531 1033 5591 scribit,
1054 5529 1195 5598 quod
1217 5543 1340 5598 curn
1364 5527 1550 5598 Graeco
1591 5522 1870 5598 textunon
1897 5522 2169 5598 convenit,

617 5607 708 5726 ιιΒὶ
741 5617 998 5670 expresse
1024 5590 1270 5669 ponitur,
1320 5594 1539 5666 ἁρπαγὴ
1593 5597 1655 5647 ὲκ
1688 5594 1852 5664 μέσου
1890 5590 2172 5660 ramea-

621 5693 656 5726 ω
693 5688 870 5726 ante;

621 5688 870 5743 φοτητος.

2281 5523 2292 5534 _
2349 5456 2460 5538 (ﬂii)
2495 5458 2549 5511 lu
2591 5461 2786 5538 Vita
2820 5463 3324 5538 Theodori,dicitur
3353 5466 3438 5538 hic
3465 5468 3728 5538 relegatus
3750 5471 3796 5524 in

2279 5529 2508 5609 insulani
2566 5534 2878 5609 quamdam,
2911 5549 2974 5609 ex
3030 5535 3096 5609 iis
3120 5550 3239 5609 quae
3271 5537 3529 5609 progima:
3566 5529 3686 5593 s'unt
3711 5541 3798 5609 By-

2279 5602 2458 5678 aantio
2484 5617 2493 5649 :
2523 5602 2705 5678 eadem
2752 5605 2993 5678 pmnajn
3047 5602 3351 5678 Josepbutn
3371 5604 3592 5660 fratrem
3618 5619 3669 5662 et
3699 5602 3799 5664 Pl'a-

2279 5673 2456 5719 tonem
2524 5672 2818 5735 sapientem
2902 5672 3632 5744 decretafhaudquaquam
3711 5692 3797 5730 una
