4018 6304
175 379 272 445 841

853 377 1131 439 ORATIO
1173 378 1276 437 Χῐ.
1305 403 1370 414 ·-
1402 374 1780 436 LAUDATIO
1820 374 1879 432 S.
1923 371 2287 433 PLATONIS
2331 373 2760 434 IIEGUMENI.

3305 371 3409 436 842

181 491 509 560 μετέπειτα,
540 490 699 559 ἡνίκα
747 491 1040 558 ἀπαγωγαὶ
1100 491 1192 542 καὶ
1251 491 1585 559 μεταγωγαὶ,
1621 488 1744 540 διω-

1868 487 2007 540 ’ὶιυΙὮ
2076 487 2238 540 etiam
2273 501 2433 556 quam
2459 487 2783 556 jussi-crant
2821 484 2959 539 mala
2987 486 3210 542 inclusis
3271 488 3412 542 infe-

176 582 311 651 γμοὶ
346 580 442 633 καὶ
469 581 778 649 ἐξετασμοὶ,
830 581 1189 651 διαχωρισμοί
1231 598 1287 632 τε
1320 575 1386 633 αὖ
1439 580 1533 633 καὶ
1562 579 1749 647 ἀφορι-

177 675 325 743 σμοὶ,
353 675 580 728 ἀπειλαί
614 691 671 726 τε
698 675 792 726 καὶ
817 675 997 744 ὀργαὶ,
1027 674 1320 744 ἐρωτήσεις
1372 691 1432 726 τε
1505 674 1598 726 καὶ
1626 674 1751 724 ἀντ-

178 767 534 838 αποκρίσεις,
578 767 673 820 καὶ
701 768 728 819 6
757 767 814 818 ὲν
841 768 991 837 πάσῃ
1015 770 1082 837 τῇ
1116 767 1268 818 πόλει
1293 765 1658 834 κωδωνισμὸς,
1676 766 1749 834 μή

175 857 257 919 τίς
306 874 414 910 που
440 855 736 928 κρύπτοιτο
765 855 939 908 λαθὼν
968 856 1076 908 τῶν
1124 855 1388 923 ἀδελφῶν,
1421 854 1496 917 ὡς
1545 855 1638 908 καὶ
1674 856 1751 917 εἰς

175 949 316 1011 ὀπὰς
372 949 475 1019 τῆς
539 951 639 1018 γῆς
693 949 801 1002 δέει
851 947 963 1001 τῶν
1024 947 1264 1001 διωκτῶν
1315 963 1437 1000 τινα
1482 945 1753 1016 διασωθῆ-

177 1055 288 1091 ναι.

249 1295 356 1366 λη’.
389 1293 499 1348 Καὶ
532 1293 703 1346 ταῦτα
734 1293 874 1363 ὑπὲρ
917 1294 1094 1358 τίνος;
1123 1294 1312 1360 (Πάλιν
1362 1294 1470 1364 γὰρ
1509 1295 1750 1363 ἀναλαμ-

180 1387 365 1440 ϐάνειν
403 1384 664 1452 ἐκπλήξει
701 1383 761 1436 τὸ
793 1384 976 1452 δρᾶμα
997 1385 1558 1454 περιπονούμαι.)”1να
1583 1389 1610 1439 6
1633 1403 1752 1438 στε-

180 1479 442 1549 φανώσας
489 1478 615 1539 τοὺς
672 1475 1042 1545 μοιχωμένους
1083 1476 1234 1546 παρὰ
1291 1476 1351 1529 τὸ
1399 1477 1748 1543 Εύαγγὲλιον,

181 1572 327 1622 κατὰ
359 1567 637 1621 ἀντίθεσιν
674 1567 768 1619 τοῦ
805 1566 1139 1637 Προδρὸμου,
1172 1567 1247 1628 ὡς
1294 1568 1602 1636 οἰκονομίαν
1641 1584 1746 1619 σω-

183 1662 371 1730 τήριον
395 1660 462 1728 τῇ
511 1655 810 1728 Ἐκκλησία
831 1658 1145 1726 πεποιηκὼς
1163 1655 1389 1724 ἀθωωθῇ
1416 1659 1716 1727 ἱερουργεῖν
1732 1671 1746 1686 ⁸

183 1751 278 1802 καὶ
308 1749 359 1802 οἱ
391 1747 584 1800 τοῦτον
611 1748 684 1818 μὴ
721 1747 1071 1817 προσιέμενοι
1104 1746 1496 1814 εύαγγελικῶς,
1530 1748 1751 1818 ἕκνομοι

184 1842 278 1894 καὶ
309 1839 739 1911 ήλλοτριωμένοι
766 1839 776 1890 2
809 1839 872 1892 Ὠ
896 1838 1122 1891 διώκτου
1160 1836 1380 1908 πικροῦ,
1423 1839 1748 1908 Χριστιανοῦ
1786 1819 1823 1871 Β

186 1929 563 1999 προσηγορίαν
590 1927 823 1997 ἔχοντος,
865 1929 958 1980 καὶ
1007 1926 1242 1998 Χριστοῦ
1277 1928 1472 1996 νόμους
1503 1945 1749 1980 καταπα-

183 2021 395 2073 τεῖσθαι
435 2020 688 2084 Ceo-110;!
726 2019 789 2071 Τί
817 2019 959 2071 οὓτω
990 2018 1262 2088 μέμηνας,
1305 2018 1632 2088 βαρυκάρδιε
1660 2020 1752 2071 καὶ

185 2111 555 2179 ἀπηνέστατε,
604 2109 699 2160 σὺν
740 2107 817 2178 τῷ
882 2109 1171 2179 ὁμοτρόπῳ
1215 2124 1306 2159 σου
1358 2106 1612 2177 σκύμνῳς
1643 2108 1754 2162 Ούκ

185 2202 453 2255 οῐσοα”ὅτι
487 2201 622 2270 πρὸς
652 2200 954 2270 ἀηττήτους
1008 2200 1205 2269 νόμους
1266 2199 1399 2252 Θεοῦ
1431 2201 1756 2272 παραστήσῃ

185 2292 279 2355 cii;
331 2292 510 2354 οὐδεὶς
563 2291 996 2362 βασιλευσάντων
1080 2292 1367 2358 νενίκηκε;
1414 2290 1489 2362 μὴ
1530 2292 1611 2343 ὅτι
1694 2307 1756 2358 γε

187 2384 282 2435 καὶ
341 2383 732 2454 προσκρούσας
781 2382 964 2444 αὐτοῖς
1025 2381 1100 2443 ὡς
1138 2383 1223 2444 σὺ,
1275 2381 1585 2452 περιφανῶς
1651 2383 1756 2436 ἀπ-

189 2490 381 2527 ιυλετο.

261 2757 365 2810 λο’.
414 2754 560 2808 Ἀλλ’
589 2753 634 2805 ὅ)
663 2755 674 2805 l
707 2753 823 2818 πῶς
860 2756 1107 2826 ἀπήγετο
1130 2757 1157 2809 6
1176 2754 1270 2808 τοῦ
1298 2753 1431 2807 Θεοῦ
1471 2753 1761 2826 θεράπων;

193 2849 281 2898 ἐπ’
313 2845 479 2898 αὐτὸν
505 2843 616 2912 γὰρ
664 2844 947 2914 ἑπανίημι.
995 2845 1184 2915 Πάλιν¹
1215 2843 1632 2915 μεθοριζόμενος
1673 2847 1764 2895 καὶ

195 2941 359 2992 πάλιν
386 2935 768 3005 διασπώμενος
803 2938 908 2990 ὑπὸ
932 2936 1076 2990 δυοῖν
1109 2934 1168 2989 τε
1215 2936 1651 3005 σκηριπτόμενος
1675 2935 1762 2987 διὰ

195 3034 254 3084 τὸ
286 3032 363 3101 μὴ
409 3029 616 3098 ἰσχύειν
648 3028 728 3081 ἔτι
781 3029 1116 3098 προϐαίνειν,
1167 3028 1451 3096 ἑλκόμενος
1478 3027 1546 3080 αὖ
1578 3044 1637 3078 τε
1674 3026 1766 3079 καὶ

1855 587 2054 630 remes.
2113 576 2379 630 Przetcreo
2414 592 2535 645 quae
2569 583 2754 644 postea
2802 573 2943 628 facta
2997 585 3146 638 sunt,
3191 579 3411 646 quando

1854 665 1998 719 aliud
2029 667 2160 720 nihil
2193 667 2382 720 audire
2409 675 2525 720 erat
2574 680 2737 734 quam
2796 665 3174 730 abductiones,
3227 666 3412 720 tradu-

1854 756 2082 819 ctioncs,
2117 757 2545 825 persecutiones,
2578 757 2924 826 qua-stiones,
2996 756 3412 825 disjunctiones,

1855 848 2232 917 relegationes,
2267 854 2461 914 minas,
2491 849 2722 913 furores,
2771 848 3238 917 investigationes;
3271 857 3415 903 tota-

1854 952 1961 1007 que
1986 939 2118 993 urbe
2140 947 2540 1009 perstrepentes
2557 939 3029 1007 proclamationes;
3053 939 3259 1008 nequis
3287 938 3416 992 Fra-

1853 1039 1995 1082 trum
2038 1031 2248 1097 uspiam
2277 1029 2447 1085 latens
2477 1030 2944 1094 absconderetur;
2978 1030 3113 1082 adeo
3150 1040 3208 1082 ιιι
3244 1031 3296 1082 in
3322 1044 3417 1083 ea-

1853 1122 2034 1176 vernis
2061 1130 2235 1186 terrae,
2270 1133 2682 1192 persecutorum
2717 1131 2886 1186 metu,
2921 1123 3150 1176 salutem
3179 1123 3414 1191 quaesie-

1856 1212 1964 1264 rint
1992 1212 2182 1280 aliqui.

1923 1304 2011 1356 58.
2043 1303 2164 1357 Haec
2185 1311 2362 1358 autem
2378 1304 2557 1358 omnia
2580 1319 2685 1374 qua
2711 1305 2778 1359 de
2796 1320 2963 1362 causa
2988 1309 3011 1360 ?
3040 1308 3252 1378 (iterum
3270 1307 3414 1363 enim

1853 1409 1962 1463 pra:
1993 1394 2345 1449 admiratione
2390 1410 2552 1465 cogor
2602 1411 2713 1449 rem
2760 1401 3074 1466 exponere.)
3121 1399 3191 1454 Ut
3221 1414 3416 1467 nempe

1855 1483 1900 1537 is
1937 1484 2028 1551 qni
2074 1484 2349 1538 adulteros
2416 1494 2771 1539 coronaverat
2807 1494 2997 1539 contra
3062 1485 3412 1555 Evangelinm

1852 1583 1904 1626 et
1937 1586 2126 1628 c0ntra
2151 1574 2515 1630 PHBCUI'SOI'lS
2564 1577 2894 1646 exemplum,
2929 1587 3188 1646 tanquam
3224 1577 3415 1632 Eccle-

1853 1662 1945 1718 siae
1987 1663 2102 1715 utili
2133 1663 2459 1719 discretione
2490 1680 2640 1730 usus,
2680 1665 2898 1732 impune
2933 1666 3104 1720 sacris
3151 1680 3407 1734 operare-

1855 1763 1983 1807 tur:
2018 1755 2220 1823 quique
2249 1754 2425 1819 illum,
2492 1755 2819 1826 evangelicis
2870 1755 3153 1824 praeceptis
3201 1757 3414 1809 obtem-

1854 1854 2125 1913 perantes,
2179 1861 2286 1899 non
2353 1845 2714 1909 admitterent,
2754 1846 2904 1913 impii
2931 1860 2962 1898 a
2992 1845 3211 1916 Deoque
3239 1847 3403 1900 alieni

1855 1935 2222 1999 crederentur,
2269 1933 2312 1989 Ο
2367 1935 2564 1989 divinae
2601 1936 2735 2006 legis
2783 1937 3320 2004 praevaricationem!
3382 1951 3416 1990 ο

1856 2025 2110 2078 acerbum
2144 2036 2573 2094 persecutorem,
2635 2026 2726 2094 qui
2755 2040 2953 2080 nomen
2986 2027 3280 2082 Christiani
3343 2024 3418 2079 fe-

1856 2132 2002 2180 rens,
2054 2117 2256 2174 Christi
2291 2120 2434 2188 leges
2492 2120 2824 2175 conculcare
2881 2121 3202 2191 satagebat!
3272 2120 3416 2186 Quid

1858 2219 2007 2262 tanto
2053 2209 2235 2264 furore
2288 2212 2424 2279 agis,
2456 2225 2487 2264 o
2533 2212 2718 2279 gravis
2766 2212 2932 2266 corde
2963 2220 3015 2264 et
3049 2212 3419 2266 inclementis-

1859 2316 2015 2365 sume,
2045 2316 2148 2354 una
2179 2316 2298 2354 cum
2333 2301 2492 2355 simili
2527 2301 2620 2354 tibi
2653 2302 2833 2356 catulo
2862 2302 2976 2374 (2'7)
3003 2303 3049 2356 ἲ·
3077 2301 3260 2358 Nescit
3289 2306 3416 2374 quia

1861 2390 2058 2443 bellum
2111 2391 2207 2444 tibi
2235 2398 2317 2443 est
2358 2391 2617 2445 adversus
2651 2391 3047 2460 insuperabiles
3114 2393 3206 2447 Dei
3249 2394 3415 2462 leges,

1860 2490 2043 2535 contra
2120 2496 2254 2548 quas
2318 2489 2440 2534 ante
2488 2489 2539 2535 te
2599 2481 2983 2549 imperantium
3045 2497 3204 2538 nemo
3260 2484 3421 2539 victo-

1861 2574 1994 2626 riam
2049 2573 2317 2627 obtinuit?
2369 2573 2615 2642 quinimo
2645 2575 2986 2643 quiscunque
3037 2577 3136 2638 eis,
3193 2578 3270 2630 uti
3336 2586 3417 2643 tu,

1863 2664 2091 2727 restitit,
2131 2663 2322 2719 incidit
2345 2663 2396 2718 in
2424 2663 2768 2718 manifestum
2791 2665 3036 2718 exitium.

1933 2754 2020 2808 59.
2053 2755 2156 2808 Sed
2198 2757 2265 2808 o!
2303 2771 2408 2824 qua
2441 2756 2651 2810 ratione
2695 2754 2960 2810 abductus
3006 2765 3089 2811 est
3129 2756 3217 2810 Dei
3249 2755 3421 2812 famu-

1866 2842 2083 2897 lus?ad
2137 2843 2288 2897 illum
2322 2844 2467 2897 enim
2522 2844 2813 2897 revertitur
2867 2844 3061 2898 oratio.
3097 2842 3309 2900 Rursus
3329 2849 3425 2900 "re-

1866 2931 2092 2999 legatus,
2160 2948 2350 2988 rursus
2397 2934 2692 2988 distractus
2744 2948 2771 2987 a
2829 2935 3004 2999 nobis,
3039 2945 3092 2989 et
3132 2948 3162 2987 a
3212 2935 3424 2991 duobus

1870 3020 2182 3075 bominibus
2219 3031 2542 3090 protrusus;
2584 3037 2649 3077 eo
2702 3025 2847 3092 quod
2906 3025 3138 3093 amplius
3175 3028 3426 3096 progredi

198 3122 657 3193 πρισυρὸμενος,
689 3121 782 3173 καὶ
812 3120 1007 3189 θρῆνον
1029 3119 1272 3187 ἐμποιῶν
1288 3119 1386 3187 τῆς
1414 3118 1598 3171 ἀδίκου
1626 3117 1765 3184 πρά-

1871 3111 2135 3179 neqniret,
2190 3113 2510 3166 trahebatur
2555 3115 2772 3178 iterum,
2797 3115 3244 3187 raptabaturque,
3281 3125 3334 3170 et
3361 3118 3426 3170 ad

199 3215 332 3277 ξεως
402 3212 501 3264 καὶ
555 3212 735 3273 αὐτοῖς
799 3211 910 3272 τοῖς
970 3209 1308 3278 ἀναισθήτοις
1359 3207 1546 3271 λίθοις.
1579 3208 1766 3260 Βοὰτω

195 3305 372 3358 ταῦτα
401 3305 430 3356 6
455 3303 552 3354 τοῦ
585 3301 905 3372 περιϐοήτου
944 3300 1219 3370 μάρτυρος
1242 3301 1540 3369 Μὰμαντος
1557 3301 1732 3368 χῶρος
1750 3316 1764 3330 ο

197 3393 467 3462 γραφέτω
496 3391 732 3459 ταύταή
788 3391 1170 3461 φρουρήσασα,
1207 3391 1346 3460 μετὰ
1396 3390 1494 3459 τὴν
1545 3389 1767 3457 πρώτην

197 3484 292 3537 τοῦ
319 3480 558 3549 ἀδελφοῦ
591 3482 850 3551 φρουρὰν,
882 3481 973 3532 τὸν
1035 3481 1137 3548 τῆς
1191 3481 1475 3542 εὐσεϐείας
1531 3480 1768 3548 φρουρὸν

197 3575 346 3638 ὀξεῖα
381 3576 572 3643 νῆσος.
602 3571 707 3624 Φεῦ
730 3573 828 3640 τῆς
862 3572 1164 3641 ἁναλγήτου
1217 3571 1461 3641 καρδίας,
1509 3571 1636 3635 τῶν,
1671 3571 1771 3623 οὐκ

198 3662 293 3717 οἷδ’
314 3667 472 3727 ὅπως
501 3664 792 3733 εὐπρεπῶς
837 3664 1069 3733 εἴποιμι,
1100 3650 1576 3733 στρατιομονάχων
1601 3661 1772 3729 φυλά-

200 3759 346 3810 κωνῑ
390 3756 620 3809 Ἐθεντο
656 3755 744 3807 τὸν
783 3756 987 3809 δίκαιον
1035 3755 1330 3825 μονώτατοι
1375 3756 1449 3817 ὡς
1491 3756 1547 3806 ἐν
1587 3755 1772 3821 λάκκῳ

200 3849 511 3915 κατωτάτω
545 3846 602 3897 ἐν
627 3863 729 3897 τινι
763 3846 946 3915 κέλλῃ,
991 3845 1398 3915 τετρυχωμένον
1436 3845 1537 3914 ήδη
1572 3844 1647 3913 τῷ
1675 3845 1772 3913 γή-

202 3957 284 4007 ρει
318 3940 414 3991 καὶ
451 3939 522 4007 τῇ
557 3935 695 4005 νόσῳ
745 3936 1066 4005 βαλλόμενον
1090 3953 1102 3966 ·
1129 3937 1316 3988 εἴασαν
1356 3935 1443 4003 ὑφ’
1480 3935 1561 3987 ἑνὶ
1581 3935 1770 4004 δούλῳ,

200 4033 248 4084 οἱ
284 4029 467 4082 δοῦλοι
495 4027 604 4080 τῶν
649 4029 796 4081 κάτω
848 4029 943 4080 καὶ
1018 4027 1111 4079 τοῦ
1157 4028 1452 4098 Καίσαρος,
1497 4027 1584 4080 τὸν
1631 4027 1774 4079 ὅσιον

201 4120 349 4184 ἅπαξ
375 4123 442 4190 τῇ
481 4119 661 4188 ἡμέρᾳ
688 4118 719 4188 ἢ
751 4118 831 4180 δὶς
856 4117 1261 4188 ὑπηρετεῖσθαι.
1300 4117 1596 4170 Ἠντιϐόλει
1630 4120 1657 4169 6
1685 4116 1774 4184 γέ-

203 4229 310 4281 ρων
344 4210 814 4282 μετακομίζεσθαι
845 4211 981 4281 πρὸς
1007 4212 1310 4277 ἀναγκαίαν
1350 4209 1537 4279 χρείαν
1555 4208 1648 4261 τοῦ
1673 4207 1775 4260 σώ-

205 4319 370 4370 ματος
397 4299 507 4374 [τι]
540 4301 636 4352 καὶ
661 4302 688 4352 6
713 4300 979 4370 δυσμενὴς
1001 4299 1291 4361 ὠνείδιζεν·
1317 4299 1458 4368 ᾔτει,
1485 4299 1591 4349 τῶν
1636 4295 1778 4348 κατὰ

203 4393 300 4463 τὴν
319 4392 616 4445 ἀσθένειαν
641 4390 980 4459 ἐπιτηδείων,
1008 4389 1100 4443 καὶ
1115 4391 1142 4442 6
1157 4391 1451 4458 δύστροπος
1472 4389 1591 4440 κατ’
1610 4385 1775 4440 αὑτοῦ

1870 3202 2142 3270 planctum
2176 3218 2271 3270 pro
2322 3204 2639 3273 indignitate
2677 3204 2935 3261 facinoris
2985 3209 3236 3262 movebat
3282 3210 3430 3277 ipsos

1869 3292 2030 3343 etiam
2069 3291 2412 3346 insensibiles
2460 3293 2686 3360 lapides.
2738 3293 2985 3349 Testetur
3033 3295 3148 3350 hate
3203 3297 3431 3367 insignis

1871 3379 2121 3452 Martyris
2154 3381 2442 3437 Mamantis
2497 3383 2706 3454 Regio;
2748 3387 2971 3449 scribat,
3000 3401 3122 3456 quae
3170 3398 3294 3456 post
3321 3392 3430 3458 pri-

1870 3487 2012 3524 mam
2041 3471 2226 3527 fratris
2255 3475 2356 3528 mei
2389 3476 2692 3528 custodiam
2747 3477 3026 3530 custodem
3062 3479 3281 3546 pietatis
3320 3482 3433 3533 vin-

1871 3573 2016 3615 ctum
2049 3562 2255 3627 habuit,
2295 3564 2524 3632 abrupta
2547 3565 2746 3618 insula.
2786 3564 2896 3618 Vah
2937 3568 3163 3622 immitia
3193 3582 3431 3639 pectora,

1873 3655 2338 3711 monachorumne
2373 3657 2570 3720 dicam,
2609 3674 2675 3712 an
2721 3659 2992 3725 militum,
3040 3662 3239 3730 quibus
3281 3679 3433 3719 com-

1872 3747 2040 3802 missa
2102 3747 2287 3802 Sancti
2342 3751 2589 3804 custodia
2633 3751 2976 3807 fuit?solum
3016 3771 3162 3822 eum,
3196 3759 3342 3814 velut
3380 3761 3435 3815 in

1873 3839 1991 3894 lacu
2032 3840 2296 3904 inferiori,
2328 3852 2632 3910 posuerunt
2663 3843 2716 3896 in
2747 3845 2880 3899 cella
2914 3849 3169 3916 quadam,
3198 3851 3309 3921 jam
3352 3869 3440 3908 se-

1876 3931 1965 3983 nio
1999 3931 2305 3986 confectum
2346 3943 2400 3987 et
2438 3933 2631 3988 morbo
2661 3946 2976 4004 gravatum;
3009 3941 3191 4010 ibique
3215 3958 3246 3997 a
3289 3959 3438 3996 man-

1875 4025 2019 4093 cipio
2051 4039 2179 4089 uno,
2207 4024 2308 4094 ipsi
2338 4025 2610 4094 mancipia
2643 4029 2828 4082 mundi
2872 4030 3232 4100 Caesarisque,
3268 4034 3434 4088 facie-

1876 4115 2007 4168 bant
2057 4115 2105 4168 ei
2161 4115 2457 4169 ministrari
2515 4117 2681 4170 semel
2715 4128 2809 4171 aut
2849 4119 2930 4171 bis
2980 4119 3032 4172 in
3061 4122 3168 4175 die.
3198 4122 3438 4193 Rogabat

1877 4219 2038 4258 senex
2066 4203 2246 4256 afferri
2299 4204 2401 4258 sibi
2452 4206 2729 4275 quidpiam
2762 4207 2828 4261 ad
2869 4210 3114 4278 corporis
3146 4215 3438 4269 necessita-

1877 4305 2004 4358 tem,
2065 4302 2119 4347 et
2173 4294 2372 4349 efferus
2431 4297 2520 4350 ille
2573 4298 2675 4352 hoc
2705 4298 2752 4352 ei
2783 4301 3144 4368 exprobrabat
3177 4322 3189 4357 :
3222 4307 3438 4370 petebat

1879 4385 2078 4454 aliquid
2127 4386 2316 4440 morbo
2369 4399 2775 4457 congruum,et
2824 4391 3025 4444 Ostium
3057 4394 3105 4446 ei
3154 4394 3438 4450 claudebat

204 4484 298 4552 τὴν
337 4483 520 4553 θύραν
545 4479 753 4531 ἔκλειεν
779 4496 792 4512 ο
820 4479 914 4530 καὶ
937 4479 1112 4531 ταῦτα
1137 4480 1525 4548 ὑφιστάμενος,
1550 4476 1768 4546 ἁνεξάρ-

1879 4478 2180 4531 barbarus:
2215 4488 2268 4531 et
2299 4478 2412 4533 haec
2445 4480 2718 4535 sustinens
2752 4490 2992 4545 sanctus,
3023 4483 3212 4538 firmus
3256 4486 3308 4538 in
3339 4503 3437 4540 sua

205 4592 360 4644 νητος
383 4577 491 4643 τῆς
520 4571 693 4640 καλῆς
722 4570 1026 4639 ὁμολογίας,
1061 4565 1128 4639 ἦς
1157 4570 1508 4638 ὡμολόγησεν
1547 4567 1776 4618 ἐνώπιον

207 4667 341 4719 Θεοῦ
397 4666 497 4717 καὶ
549 4660 871 4728 ἀνθρώπων.
913 4660 1128 4729 Ἐπειδὴ
1177 4660 1232 4712 δὲ
1289 4661 1352 4711 ἐκ
1395 4659 1493 4727 τῆς
1524 4657 1776 4728 τοιαύτης

208 4756 552 4827 καθείρξεως
595 4751 976 4822 νοσηλεύεσθαι
1026 4751 1189 4804 αὐτὸν
1247 4750 1590 4804 ὲπιθανάτιον
1639 4749 1778 4817 ἀκή-

209 4869 330 4902 κοεν
361 4853 391 4903 6
429 4850 675 4916 Καῖσαρ,
707 4845 932 4913 μετάγει
961 4845 1018 4896 ὲν
1048 4842 1123 4912 τῷ
1156 4842 1433 4910 Βυζαντίῳ
1485 4839 1780 4908 μαλαχθεὶς

209 4942 305 5011 τὴν
332 4940 655 5010 ἀτεράμονα
693 4937 939 5006 καρδίαν,
979 4939 1071 4986 καὶ
1103 4933 1341 5001 ἐνεγκὼν
1373 4930 1782 5001 παρασκευάζε-

211 5050 321 5097 ται,
350 5027 693 5100 ἐπανορθοῦν
721 5027 877 5098 δῆθεν
911 5028 972 5078 τὸ
998 5025 1182 5087 κακῶς
1215 5023 1604 5092 γεγενημένον.
1645 5021 1780 5072 Ἀλλ’

1882 4567 2246 4630 confessione,
2287 4583 2449 4636 quam
2478 4571 2762 4624 confessus
2806 4578 2888 4624 est
2917 4586 3099 4624 coram
3127 4572 3233 4627 Deo
3262 4583 3314 4627 et
3341 4575 3436 4628 ho-

1884 4656 2122 4710 minibus
2179 4672 2460 4725 nunquam
2488 4659 2772 4727 abnegavit
2802 4659 3101 4713 veritatem.
3147 4661 3437 4732 Postquam

1884 4763 2010 4801 vero
2042 4748 2305 4801 intellexit
2357 4749 2654 4816 Imperator
2692 4750 2825 4817 (‘28),
2865 4764 2928 4803 ex
2960 4751 3225 4818 ejusmodi
3259 4764 3440 4809 custo-

1885 4840 1971 4892 dia
2021 4852 2285 4906 aegrotare
2333 4841 2504 4903 illum,
2535 4851 2588 4892 et
2615 4842 2831 4909 quidem
2868 4857 3039 4910 usque
3072 4845 3137 4896 ad
3172 4855 3396 4897 mmtem
3427 4863 3438 4904 ;

1888 4931 2124 4982 emollita
2197 4931 2442 4982 nonnihil
2491 4931 2656 4984 animi
2722 4932 3442 5004 inclementia,Byzantium

1888 5019 2167 5074 Platonem
2207 5022 2503 5088 transtulit,
2546 5031 2598 5076 et
2648 5039 2902 5093 reparare
2932 5026 3105 5080 voluit
3130 5027 3274 5093 quod
3309 5029 3446 5079 male

1743 5217 1970 5275 NOTAS.

221 5404 488 5459 utrosque
540 5383 787 5459 custodia
844 5380 1068 5442 includi,
1104 5377 1194 5431 sed
1242 5375 1784 5459 siiiguloslsenrsim,

316 5444 380 5515 ut
397 5444 636 5513 Imutuus
657 5455 734 5507 eis
765 5462 1017 5516 aspectus
1043 5455 1346 5522 negaretur,
1381 5444 1523 5522 quod
1569 5444 1787 5494 unicum

221 5516 304 5587 est
339 5535 391 5584 in
449 5537 677 5581 carcere
733 5523 1009 5575 solatium.
1079 5516 1444 5592 _'l‘he.ophan_es
1477 5516 1549 5564 ait
1605 5526 1793 5592 nicnse

223 5581 485 5656 ianuarin
549 5592 843 5647 indictione
888 5587 1129 5645 secunda
1198 5581 1528 5637 inexsilium
1583 5581 1793 5649 pulsos,

227 5689 367 5724 anno
406 5667 536 5723 809.
1273 5723 1285 5736 ἱ

296 5741 410 5806 (9.7)
453 5737 557 5788 Vix
600 5730 791 5806 dubito
822 5724 1173 5806 quinlos‘eph
1208 5719 1795 5806 QLconounusLIurba;

232 5789 574 5866 ruinrclausa.
599 5789 950 5866 intelligatur.
973 5789 1203 5849 Sirle'tns
1226 5793 1423 5846 leonem
1452 5790 1630 5854 vertit,
1655 5789 1797 5857 quod

584 5916 850 5975 PATROL.
895 5910 1010 5969 Gn.
1059 5906 1267 5967 XCIX.

1899 5376 2019 5429 aliis
2047 5377 2385 5429 occasionem
2436 5377 2579 5431 dedit
2634 5377 3100 5447 Leonemproprio
3131 5381 3348 5435 nomine
3377 5383 3457 5434 sic

1901 5447 2248 5512 appellatum,
2313 5447 2562 5500 fortassis
2625 5449 2943 5510 Isauricum,
2975 5450 3133 5515 cujus
3183 5465 3362 5504 mores
3403 5452 3456 5503 in

1901 5516 2016 5586 hoe
2034 5516 2338 5586 imitaretur
2367 5515 2721 5584 Nicephorius,
2769 5517 3119 5586 intelligendi.

1971 5584 2083 5648 (ΞΒ)
2124 5583 2171 5636 ls
2201 5592 2281 5637 est
2309 5585 2364 5637 S.
2415 5586 2752 5652 Nicephorus
2813 5583 3260 5652 praenominatus.
3304 5587 3461 5652 cnjns

1900 5662 1963 5727 et
1987 5654 2216 5727 aliorth
2253 5653 2451 5727 factum
2496 5655 2751 5727 relinquit
2783 5655 2982 5720 iudicio
3016 5656 3111 5715 Dei
3146 5659 3372 5713 Michael
3409 5657 3462 5708 in

1905 5721 2027 5777 Vita
2063 5722 2118 5777 δ.
2147 5721 2432 5778 Theodori.

2961 5898 3039 5953 27
