4018 6304
610 365 713 429 843

1808 364 1864 420 S.
1898 363 2285 425 THEODORI
2316 367 2657 429 STUDlTrE

3757 383 3871 445 844

612 481 796 544 egerat
826 490 837 525 :
872 471 965 526 scd
997 470 1255 540 quoniam
1311 483 1501 538 parum
1544 478 1689 522 recta
1719 469 2018 523 intentione
2042 470 2176 523 fcre-

2283 476 2467 543 ἐπειδὴ
2495 477 2595 528 οῦκ
2624 477 2731 529 ἀπὸ
2761 478 2926 546 ὀρθῆς
2963 480 3185 549 γνώμης
3227 483 3255 532 ό
3320 485 3537 547 σκοπὸς,
3592 488 3722 540 οὐδὲ
3781 493 3871 553 εἰς

615 568 791 625 batur,
845 564 910 617 ad
953 563 1113 616 linem
1157 575 1264 615 non
1308 561 1559 628 perduxit
1612 561 1755 628 quod
1799 570 2173 629 proposuerat.

614 656 747 708 Nam
812 655 987 722 ipsum
1028 652 1270 721 quidem,
1313 651 1622 719 arrogantia
1675 651 1975 716 sublatum,
2036 651 2177 704 haud

613 747 705 797 diu
740 752 862 812 post
884 743 1103 795 robusta
1137 742 1229 795 Dei
1274 756 1470 794 manus
1490 741 1553 794 ad
1590 741 2061 810 Scythasexpulit,
2101 751 2180 795 at-

612 852 719 903 que
747 849 870 888 cum
920 843 1033 886 toto
1083 846 1185 888 suo
1228 832 1468 886 exercitu
1511 832 1745 900 perdidit
1771 832 1919 899 (29);
1955 833 2180 886 horren-

613 926 742 979 dum
761 924 1065 991 exemplum
1085 932 1416 991 narratuque
1448 922 1689 976 terribile
1710 923 1982 979 secuturis
2013 938 2179 993 gene-

615 1017 918 1069 rationibus
970 1024 1216 1068 statnens
1271 1012 1663 1067 inevitabilium
1696 1013 2029 1082 iudiciorum
2068 1029 2181 1068 suae

619 1104 1037 1175 sapientissime
1105 1103 1477 1173 providentiae.
1537 1103 1803 1157 Sanctum
1856 1118 1982 1157 vero
2031 1104 2180 1173 gregi

617 1215 719 1253 suo
752 1198 972 1266 pr0prio
1007 1197 1303 1250 restituens
1326 1205 1487 1249 natus
1512 1195 1600 1264 pie
1633 1204 1763 1249 tunc
1794 1194 2180 1264 imperantium

617 1304 740 1343 cum
773 1289 874 1342 sibi
908 1302 1005 1356 pro
1047 1285 1377 1341 Conlessore
1410 1286 1596 1339 haberi
1634 1286 1901 1355 probavit.

684 1378 774 1432 40.
809 1377 922 1432 lloc
973 1387 1154 1431 autem
1204 1377 1480 1447 quomodo
1527 1377 1887 1432 accidit?nec
1925 1378 2069 1432 enim
2098 1370 2183 1431 di-

616 1486 781 1541 gnum
834 1477 915 1524 est
958 1468 1222 1537 praeteriri
1280 1469 1520 1523 silentio.
1551 1469 1753 1523 Eorum
1802 1484 1932 1523 cura
1962 1471 2051 1539 qui
2081 1483 2181 1523 no-

618 1573 794 1618 strum
822 1558 1016 1630 agendi
1043 1559 1288 1624 modum,
1310 1559 1495 1614 animo
1520 1561 1780 1615 benevolo
1810 1561 2180 1631 nobisquam-

618 1652 701 1706 vis
757 1650 1054 1716 contrario,
1095 1649 1494 1718 improbabant,
1550 1653 1824 1705 sublatum
1853 1652 2183 1706 estemedio

618 1746 960 1809 scandalum,
1000 1752 1219 1814 propter
1269 1743 1417 1811 quod
1450 1758 1480 1795 a
1514 1741 1831 1797 Patriarcha
1894 1742 2035 1798 facta
2068 1752 2184 1797 erat

618 1852 799 1894 secess
822 1852 855 1890 o
880 1853 895 1902 ;
924 1836 1280 1890 intercessere
1336 1842 1557 1889 orantes
1599 1832 1876 1903 Principes
1905 1852 1919 1899 ;
1952 1835 2182 1888 sanctis-
2212 1830 2253 1883 Β

618 1931 790 1985 simus
818 1926 1131 1981 Patriarcha
1159 1926 1462 1990 excusavit,
1491 1926 1673 1980 omnia
1711 1942 1777 1980 ex
1799 1927 2031 1994 quadam
2058 1927 2179 1996 epi-

615 2020 704 2074 kia
745 2027 961 2088 propter
994 2015 1381 2087 Imperatorem
1406 2015 1547 2069 facta
1594 2014 1783 2070 fuisse.
1820 2014 2053 2070 Secutus
2100 2027 2185 2070 est

618 2124 952 2178 congreSsns
1003 2115 1058 2161 et
1113 2106 1482 2161 reconciliatio
1535 2122 1657 2159 cum
1713 2106 1861 2160 dicto
1904 2105 2181 2161 Praesule:

616 2200 746 2267 quia
777 2198 885 2253 Deo
917 2197 1053 2251 nihil
1082 2206 1167 2252 est
1190 2196 1409 2251 charius
1432 2196 1577 2249 bono
1607 2198 1756 2265 pacis
1773 2206 1827 2251 et
1855 2199 2183 2263 concordiae,

617 2292 834 2358 quando
866 2290 955 2344 illa
983 2287 1275 2344 concordia
1308 2302 1413 2342 non
1452 2297 1536 2343 est
1566 2288 1648 2343 vel
1675 2289 2011 2343 dissonantia
2038 2306 2068 2344 a
2087 2306 2179 2344 ve-

618 2398 677 2435 ra
707 2382 831 2446 lide,
856 2381 941 2434 vel
960 2380 1128 2439 divini
1151 2379 1393 2434 mandati
1427 2381 1815 2450 transgressio,
1842 2381 2184 2450 autdenique

619 2472 846 2527 canonis
874 2472 1108 2541 alicujus
1154 2470 1440 2540 abrogatio
1467 2488 1481 2537 ;
1513 2472 1727 2540 qualem
1772 2472 1938 2538 illam,
1978 2474 2044 2527 de
2074 2489 2181 2543 qua

620 2578 765 2616 nunc
819 2563 1055 2631 agimus,
1113 2576 1221 2615 non
1278 2561 1468 2624 fuisse,
1500 2572 1764 2631 quantum
1822 2566 2045 2632 quidem
2082 2581 2182 2619 nos

618 2651 831 2715 attinet,
860 2659 1004 2718 putet
1035 2664 1224 2704 sanam
1271 2660 1504 2704 mentem
1555 2652 1875 2707 habentibus
1909 2670 1923 2706 :
1957 2667 2078 2708 cum
2117 2669 2181 2709 ea

617 2758 739 2812 qua:
775 2744 990 2797 interim
1018 2752 1167 2813 gesta
1199 2752 1357 2797 erant
1385 2742 1779 2808 dimiserimus,
1815 2754 2071 2814 tanquam
2108 2746 2182 2801 si-

618 2835 767 2888 milia
818 2836 884 2889 iis
925 2850 1045 2904 quae
1089 2836 1217 2889 olim
1264 2835 1366 2891 sub
1402 2834 1600 2890 divinis
1636 2835 1888 2893 Patribus
1910 2838 2177 2904 accidere,

2280 566 2450 636 πέρας
2472 566 2715 637 ἀγειτὴν
2744 571 3019 641 πρόθεσιν.
3074 572 3176 624 Τὸν
3228 576 3325 642 μὲν
3370 577 3497 644 γάρ,
3560 579 3656 631 ἐπὶ
3721 581 3868 632 πολὺ

2284 658 2715 727 μετεωρισθέντα
2770 663 2839 730 τῇ
2898 664 3147 733 ἀπονοίᾳ,
3192 667 3224 733 ἡ
3269 667 3501 734 κραταιᾶ
3571 670 3698 738 χεὶρ
3765 672 3868 723 τοῦ

2280 747 2412 800 Θεοῦ
2464 750 2543 811 εἰς
2594 750 2805 814 Σκύθας
2856 753 3209 817 ἐκτοπίσασα,
3276 758 3454 809 ἐκεῖσε
3512 764 3870 831 πανστρατεὶ

2282 837 2500 903 ὤλεσεν,
2536 840 2779 910 διήγημα
2807 844 3037 913 φοϐερὸν
3085 847 3177 898 καὶ
3209 846 3427 917 λάλημα
3466 852 3701 919 φρικτὸν
3737 857 3865 915 ταῖς

2286 930 2578 998 μετέπειτα
2596 935 2811 997 γενεαῖς
2847 937 3132 1004 κριμάτων
3176 939 3483 1004 ἀνεςίκτων
3504 941 3607 1008 τῆς
3654 942 3864 997 ἐαυτοῦ

2286 1021 2603 1091 σοφωτάτης
2619 1025 2927 1092 οἰκονομίας
2945 1027 3310 1097 ἐγκαταλείψει
3319 1046 3406 1081 σα·
3426 1030 3516 1082 τὺν
3536 1031 3593 1083 δὲ
3610 1032 3710 1083 σὺν
3726 1033 3865 1101 ἡμῖν

2285 1110 2425 1181 ῥοπὴ
2463 1112 2569 1164 τῶν
2608 1115 2907 1184 τηνικαῦτα
2956 1118 3196 1181 εὐσεϐῶς
3258 1120 3724 1188 βασιλευσάντων,
3778 1127 3863 1188 εἰς

2282 1200 2379 1269 τὴν
2409 1203 2613 1256 οἰκείαν
2638 1206 2797 1258 πάλιν
2842 1211 3076 1278 ποίμνην
3126 1212 3659 1283 ἀποκαταστήσασα,
3725 1217 3863 1285 ὁμο.

2282 1291 2520 1362 λογητὴν
2553 1294 2762 1359 ἑαυτοῖς
2795 1297 2864 1367 (k)
2899 1299 3299 1356 ἀναδείκνυσιν.

2356 1383 2430 1453 μ’.
2460 1386 2571 1437 Καί⁸
2612 1386 2770 1439 τοῦτο
2802 1389 2957 1455 πῶς;
3005 1391 3126 1444 οὐδὲ
3165 1394 3272 1463 γὰρ
3312 1395 3643 1465 παραλιπεῖν
3677 1398 3858 1462 ἄξιον.

2282 1473 2526 1543 Φροντίδι
2552 1475 2662 1529 τῶν
2690 1477 3139 1548 ἐπισκηπτόντων
3167 1482 3235 1535 τά
3263 1485 3383 1538 καθ’
3406 1488 3571 1556 ἡμᾶς,
3591 1488 3859 1550 εὐνοῖκῶς

2282 1581 2343 1616 τε
2384 1564 2416 1635 ἢ
2454 1567 2546 1619 καὶ
2574 1568 2886 1635 ἀντιθέτως,
2921 1572 3064 1641 ἤρθη
3105 1575 3169 1626 ἐκ
3205 1576 3372 1644 μέσου
3421 1577 3483 1630 τὸ
3532 1580 3855 1645 σκάνδαλον,

2282 1656 2349 1709 δι’
2384 1651 2445 1711 οῦ
2470 1660 2623 1730 καὶὴ
2674 1661 2908 1732 διαφορά
2950 1664 3086 1734 πρὸς
3130 1666 3220 1718 τὸν
3253 1670 3611 1739 ίεραρχοῦντα
3643 1688 3657 1701 ·
3691 1673 3856 1724 ἐδυσ-

2286 1749 2515 1820 ώπησαν
2575 1755 2623 1805 οί
2659 1755 3007 1825 κρατοῦντες,
3061 1760 3439 1830 ἀπελογήσατο
3467 1765 3494 1817 ό
3545 1764 3857 1831 άγιώτατος

2283 1845 2627 1916 πατριάρχης
2661 1848 2838 1902 πάντα
2872 1849 2942 1902 τὰ
2967 1852 3304 1921 γεγενημένα
3334 1854 3392 1919 ἐξ
3430 1854 3763 1918 ἐπιεικείαις
3788 1856 3854 1926 (Ι)

2284 1929 2423 1986 εἶναι
2474 1936 2565 1988 τοῦ
2618 1936 3052 2006 βασιλεύσαντος.
3098 1943 3413 2012 Τηνικαῦτα
3469 1950 3501 2017 ή
3574 1949 3853 2019 σύμϐασς,

2284 2026 2379 2077 καὶ
2416 2026 2449 2093 ή
2486 2026 2619 2096 πρὸς
2650 2029 2812 2082 αὑτὸν
2836 2030 3155 2099 ἀφοσίωσις,
3198 2035 3280 2087 ὅτι
3330 2037 3465 2106 μηδέ
3529 2039 3683 2107 φίλον
3733 2040 3856 2110 Θεῷ

2284 2115 2410 2168 ἄλλο
2442 2132 2494 2167 τι
2523 2116 2597 2179 ὡς
2622 2117 2679 2169 τὸ
2702 2119 2799 2187 τῆς
2830 2122 3052 2190 εἰρήνης
3094 2123 3191 2176 καὶ
3228 2126 3478 2195 ὁμονοίας
3497 2129 3683 2194 καλὸν,
3713 2133 3855 2184 ἐπὰν

2286 2208 2319 2276 ὴ
2356 2207 2576 2275 ὁμόνοια
2615 2209 2675 2261 οὐ
2714 2209 2980 2279 διαφωνία
3013 2215 3272 2279 πίστεως,
3314 2219 3435 2271 οὐδὲ
3463 2222 3684 2293 ἐντολῆς
3716 2223 3854 2275 Θεοῦ

2288 2298 2621 2368 παράϐασις,
2648 2301 2759 2354 οὐδ’
2792 2305 2855 2355 οὐ
2908 2306 3014 2374 μὴν
3030 2308 3250 2372 κανόνος
3270 2309 3546 2382 ἀθέτησις,
3565 2314 3641 2378 ὡς
3658 2316 3689 2384 ή
3708 2334 3853 2384 παρ-

2287 2390 2421 2444 οῦσα
2445 2390 2734 2458 δέδεικται,
2760 2395 2882 2448 ὅσον
2908 2398 2968 2449 τὸ
2999 2400 3120 2451 καθ’
3150 2403 3316 2469 ἡμᾶς,
3346 2407 3460 2466 τοῖς
3494 2405 3618 2458 νοῦν
3642 2407 3849 2475 έχουσι,

2288 2480 2354 2533 τὰ
2391 2481 2478 2534 διὰ
2538 2483 2706 2551 μέσου
2760 2486 2972 2556 χαίρειν
3021 2490 3305 2555 ἐάσαντας,
3334 2493 3406 2554 ὡς
3431 2494 3712 2564 ὁμότροπα
3740 2501 3853 2559 τοῖς

2290 2568 2459 2622 πάλαι
2488 2572 2581 2622 ἐπ)⁸
2606 2573 2714 2625 τῶν
2738 2567 3013 2646 θεοφόρων
3048 2578 3304 2649 Πατέρων
3334 2584 3731 2653 συμϐεϐηκόσι,
3762 2589 3857 2640 καὶ

2289 2659 2549 2725 ὡσαύτως
2577 2666 2937 2737 οἰκονομικῶς
2969 2672 3428 2742 παρεωραθὲῐσιν,
3466 2677 3670 2745 μᾶλλον
3690 2680 3749 2732 δὲ
3778 2680 3853 2743 ὡς

2286 2750 2384 2840 τῆς
2438 2753 2642 2807 τούτων
2697 2759 2961 2828 ἀκριϐοῦς
3020 2763 3320 2830 ἐξετάσεως
3367 2768 3425 2820 ἐν
3470 2768 3549 2838 τῷ
3601 2771 3850 2840 μέλλοντι

2286 2839 2442 2893 αἰῶνι
2473 2842 2550 2910 τῷ
2570 2843 2852 2917 ἀδεκάστῳ
2873 2854 3031 2922 κριτῇ
3064 2859 3497 2927 ταμιευομένοις.

618 2934 673 2978 et
700 2924 954 2980 similiter
982 2940 1078 2994 per
1109 2925 1345 2995 epikiam
1378 2924 1527 2981 fuere
1547 2927 1931 2996 dissimulata;
1993 2938 2087 2985 aut
2130 2928 2310 2996 potius
2371 2931 2513 2985 velut
2574 2948 2809 3003 quorum
2856 2944 3164 2999 accuratior
3205 2924 3477 3004 discussio
3533 2948 3849 3021 incorrupto

613 3017 781 3089 judici
812 3026 1121 3074 reservetur
1146 3018 1199 3073 in
1233 3021 1491 3074 saeculum
1520 3020 1786 3074 futurum.

1197 3173 1424 3231 CAPUT
1474 3175 1586 3231 Vll.

2870 3189 3116 3245 ΚΕΦΔΛ.
3170 3194 3241 3245 Ζ’.

1420 3288 1700 3345 Extremus
1767 3295 1938 3348 sancti
1988 3292 2228 3350 Platonis
2294 3295 2536 3362 morbus,
2575 3306 2623 3349 et
2679 3299 2797 3365 pius
2869 3300 3062 3355 obitus.

685 3430 773 3483 4|.
808 3428 937 3484 Post
969 3427 1084 3481 haec
1119 3440 1225 3481 non
1264 3428 1499 3498 amplius
1540 3432 1785 3488 inclusus
1832 3434 1966 3488 vixit
2004 3434 2180 3499 Pater,

2358 3441 2469 3505 μα’.
2486 3434 2551 3488 Τί
2578 3435 2643 3488 τά
2668 3435 2804 3505 μετὰ
2822 3397 3026 3503 ταῦτα;
3069 3440 3263 3494 Οὐκέτι
3290 3445 3318 3496 ὁ
3351 3446 3539 3518 Πατὴρ
3570 3450 3846 3517 ἐγκεκλει.

616 3537 788 3592 ncque
846 3520 993 3575 enim
1041 3519 1188 3574 vires
1237 3532 1393 3575 erant
1449 3524 1528 3578 vel
1562 3525 1629 3579 ad
1681 3528 1784 3581 hoc
1814 3536 1871 3581 ut
1898 3529 2180 3596 corporeis

616 3612 1039 3667 necessitatibus
1075 3611 1275 3667 faceret
1334 3628 1432 3682 per
1488 3630 1548 3669 se
1601 3619 1776 3671 satis:
1838 3621 1933 3673 sed
1985 3626 2180 3688 partim

613 3704 813 3759 lectulo
872 3700 1242 3768 recumbens,
1310 3704 1590 3760 solabatur
1645 3722 1765 3763 sese
1820 3710 2183 3764 retributione

614 3795 1017 3866 praeteritorum
1051 3810 1277 3850 suorum
1309 3798 1673 3853 asceticorum
1712 3806 1767 3855 et
1798 3801 2179 3856 athleticorum

614 3888 906 3951 laborum;
934 3888 1134 3953 partim
1158 3886 1210 3940 in
1243 3887 1399 3941 sedili
1433 3890 1908 3958 requiescens,aut
1933 3892 2181 3949 Psalmos

613 3976 901 4031 Davidicos
935 3977 1197 4032 vocaliter
1247 3978 1531 4045 recitabat,
1567 3992 1663 4035 aut
1710 3986 2019 4039 mentaliter
2059 4002 2181 4055 pre-

611 4067 842 4122 cabatur
864 4065 1055 4131 Deum,
1090 4075 1185 4120 aut
1213 4067 1420 4137 aliquid
1452 4069 1765 4123 conferebat
1787 4071 1852 4124 ad
1886 4074 2176 4127 utilitatem

612 4157 999 4220 fraternitatis,
1046 4158 1409 4224 consulendo,
1450 4160 1812 4227 adhortando,
1833 4161 2176 4228 instruendo,

612 4250 967 4317 consolando,
991 4251 1291 4306 secundum
1335 4262 1615 4320 paternam
1643 4268 1796 4307 suam
1831 4254 2167 4308 benevolam-

613 4357 720 4412 que
744 4343 1202 4399 consuetudinem
1232 4361 1245 4394 :
1282 4358 1391 4397 non
1424 4352 1606 4399 autem
1634 4355 1846 4414 poterat
1873 4348 2056 4415 Operis
2079 4348 2177 4401 ali-

613 4435 743 4504 quid
776 4434 977 4497 l'acere,
1017 4443 1111 4488 aut
1146 4449 1286 4503 genu
1312 4434 1661 4497 llectere,aut
1692 4435 1917 4491 lectioni
1947 4452 2165 4501 vacare,

618 4524 727 4577 nisi
751 4532 1019 4592 quantum
1050 4523 1117 4577 ad
1144 4523 1245 4577 hoc
1271 4525 1575 4579 conducere
1597 4536 1806 4593 poterat
1824 4541 1989 4597 opera
2012 4542 2179 4596 prope

617 4630 743 4669 eum
809 4616 1037 4685 legentis
1096 4615 1353 4673 ministri.
1387 4614 1491 4671 Sed
1535 4617 1588 4671 in
1632 4617 1718 4671 his
1753 4618 2180 4673 contristabatur

620 4706 1049 4779 angebaturqne,
1083 4709 1241 4777 quasi
1296 4708 1535 4762 animam
1580 4709 1926 4779 perdidisset,
1950 4711 2077 4780 quia
2111 4711 2177 4765 ab

614 4799 895 4853 exercitiis
925 4799 1310 4869 spiritualibus
1334 4814 1573 4863 cessare,
1605 4810 1659 4854 et
1689 4816 1719 4854 a
1740 4801 2019 4857 laboribus
2050 4816 2175 4856 cor-

612 4886 892 4956 poralibus
918 4902 1115 4943 vacare
1148 4904 1205 4943 se
1228 4888 1467 4943 videbat.
1520 4888 1577 4943 Si
1626 4890 1847 4959 quando
1895 4906 2024 4946 vero
2069 4892 2176 4946 cibi

612 4978 816 5046 aliquid
844 4980 1096 5033 sumebat
1125 4993 1292 5034 causa
1330 4980 1527 5043 morbi,
1558 4990 1651 5034 aut
1691 4980 1911 5037 lavacro
1954 4992 2176 5051 prOpter

614 5068 985 5122 obedientiam
1020 5070 1294 5134 utebatur,
1325 5070 1433 5124 Deo
1477 5071 1696 5139 quidem
1724 5072 1919 5141 agebat
1949 5074 2176 5142 gratias,

607 5160 828 5214 dolebat
881 5168 1063 5215 tamen
1115 5171 1332 5232 propter
1372 5162 1612 5215 laxatum
1645 5161 1766 5216 vita:
1794 5162 1997 5230 prioris
2030 5164 2175 5231 rigo-

609 5268 745 5308 rem.
779 5253 1145 5324 Dignissimus
1167 5270 1299 5309 sane
1334 5254 1513 5318 laude,
1551 5254 1646 5324 qui
1694 5255 1982 5324 pulchrum
2016 5271 2175 5311 suum

607 5346 845 5400 stadium
882 5359 945 5399 ac
989 5360 1110 5401 vere
1134 5345 1366 5401 solarem
1411 5358 1632 5398 cursum
1667 5344 1920 5411 absolvit,
1951 5344 2021 5399 ab
2045 5345 2174 5399 obe-

2284 3527 2491 3597 σμένος
2520 3567 2536 3591 ,
2592 3528 2675 3580 ὅτι
2725 3527 2863 3599 μηδέ
2905 3530 3059 3599 ἰσχὺς
3086 3532 3233 3602 αὐτῷ
3258 3536 3351 3586 καὶ
3368 3536 3466 3605 τὴν
3481 3538 3574 3591 τοῦ
3598 3542 3846 3612 σώματος

2280 3615 2586 3684 ἀναγκαίαν
2615 3618 2803 3687 χρείαν
2825 3620 2929 3685 κάξ
2953 3621 3117 3675 αὑτοῦ
3142 3625 3433 3679 ποιεῖσθαι·
3468 3628 3604 3683 ἀλλά
3637 3634 3715 3701 πῆ
3749 3638 3842 3705 μὲν

2283 3708 2375 3759 ἐπὶ
2397 3707 2581 3777 κλίνης
2607 3713 3022 3779 κατακείμενος,
3047 3716 3446 3773 ἀναδόσεσιτῶν
3467 3722 3842 3791 προλαϐόντων

2280 3797 2590 3867 ἀσκητικῶν
2615 3802 2707 3853 καὶ
2722 3802 3029 3874 ἀθλητικῶν
3050 3807 3213 3860 αὑτοῦ
3228 3810 3423 3865 πόνωψ
3440 3813 3513 3883 πῆ
3530 3814 3587 3867 δὲ
3608 3816 3704 3869 ἐπὶ
3715 3819 3839 3870 καθ-

2282 3890 2531 3958 ισματίου
2558 3893 2993 3965 ἀναπαυόμενος,
3022 3900 3113 3950 καὶ
3129 3899 3215 3952 διά
3232 3902 3481 3974 γλώσσης
3494 3906 3563 3960 τά
3573 3907 3666 3960 τοῦ
3682 3910 3839 3963 Δαυίδ

2279 3978 2666 4070 φθεγγόμενος,
2691 3986 2783 4037 καὶ
2820 3988 2960 4040 κατά
2978 3990 3104 4042 νοῦν
3137 3990 3216 4060 τῷ
3246 3993 3364 4063 Θεῷ
3384 4000 3835 4070 προσευχόμενος,

2282 4069 2380 4122 ὅσα
2396 4086 2454 4122 τε
2469 4070 2604 4124 ἄλλα
2618 4074 2695 4135 είς
2709 4073 2958 4144 βοήθειαν
2970 4078 3069 4147 τῆς
3082 4080 3437 4153 ἀδελφότητος
3455 4069 3835 4157 πνεισιρέρων,

2288 4160 2666 4231 συμϐουλίαις,
2729 4165 3087 4236 ὑπομνήσεσι,
3127 4171 3457 4239 νουθεσίαις,
3501 4180 3839 4249 παρακλήσε-

2281 4267 2385 4316 σιν,
2417 4252 2557 4307 κατά
2590 4254 2689 4324 τὴν
2710 4255 3091 4324 προλαϐοῦσαν
3139 4260 3288 4329 αυτῷ
3330 4265 3606 4335 πατρικὴν
3637 4270 3731 4321 καὶ
3753 4270 3836 4321 εὑ-

2282 4344 2467 4414 νοῖκήν
2500 4345 2807 4414 συνήθειαν,
2842 4348 2994 4402 οὔπω
3026 4349 3225 4421 ἰσχύων
3254 4351 3333 4405 ἔτι
3359 4355 3708 4425 ἐργάζεσθαι,
3738 4361 3834 4412 οὐδ’

2285 4434 2345 4485 οὑ
2377 4437 2485 4503 μὴν
2514 4438 2642 4503 γόνυ
2671 4438 2873 4503 κλῖναι,
2926 4440 3040 4493 οῦτ’
3071 4438 3138 4497 αὖ
3161 4446 3519 4516 ἐπισκήπτειν
3538 4450 3834 4518 ἀναγνώσε-

2284 4540 2387 4589 σιν,
2419 4526 2452 4594 ῆ
2500 4525 2622 4578 ὅσον
2687 4527 2752 4579 ἐκ
2779 4528 2876 4581 τοῦ
2914 4532 3498 4600 παραναγινώσκοντος
3547 4538 3831 4608 ὑπηρέτου.

2284 4616 2392 4668 Καὶ
2422 4610 2490 4686 ἦν
2519 4617 2575 4669 ἐν
2602 4618 2813 4680 τούτοις
2832 4620 3280 4693 συλλυπούμενος
3303 4625 3397 4678 καὶ
3414 4627 3831 4699 σκυθρωπάζων,

2282 4705 2357 4768 ὡς
2389 4706 2488 4776 ήδη
2520 4708 2887 4773 ἀπολωλεκὼς
2903 4710 3002 4781 τὴν
3018 4712 3218 4783 ψυχὴν,
3245 4714 3335 4767 διά
3350 4732 3410 4768 τε
3438 4716 3537 4787 τὴν
3559 4718 3832 4789 άδράνειαν

2282 4797 2389 4849 τῶν
2438 4799 2825 4868 πνευματικῶν
2866 4800 3239 4873 λειτουργιῶν,
3295 4807 3388 4859 καὶ
3438 4808 3537 4879 τὴν
3572 4810 3831 4879 ἀπραξίαν

2282 4888 2390 4939 τῶν
2431 4889 2761 4958 σωματικῶν
2798 4892 3068 4961 ἐργασιῶν
3091 4910 3106 4924 ο
3139 4894 3193 4947 εί
3220 4896 3323 4948 πού
3360 4914 3414 4949 τι
3455 4898 3546 4950 καὶ
3576 4900 3832 4970 μετελάμ-

2284 4979 2413 5032 ϐανε
2474 4981 2671 5051 βρῶμα
2723 4984 3056 5054 κατάλληλον
3110 4990 3175 5059 τῇ
3253 4990 3414 5060 νόσῳ,
3448 4992 3600 5062 ἢκαὶ
3638 4992 3832 5063 λουτρῷ

2279 5071 2403 5123 καθ’
2446 5072 2692 5143 ὑπακοὴν
2746 5077 3106 5144 κεχρημένος,
3150 5081 3468 5150 ηὑχαρίστει
3504 5082 3603 5151 μὲν
3631 5083 3711 5153 τῷ
3737 5086 3833 5137 Κυ-

2284 5162 2408 5231 ρίῳ,
2445 5163 2634 5231 ἠνιᾶτο
2671 5163 2728 5216 δὲ
2772 5164 2860 5217 διὰ
2892 5165 2988 5236 τὴν
3031 5167 3236 5223 ἄνεσιν.
3286 5171 3423 5225 Ἀλλ’
3461 5174 3631 5238 ὅντως
3684 5177 3831 5229 καλὸν

2281 5251 2496 5304 δίαυλον
2527 5254 2620 5305 καὶ
2649 5254 2873 5325 ἡλιακὸν
2897 5256 3097 5328 δρόμον
3115 5262 3143 5313 ὁ
3169 5261 3525 5333 πανεύφημος
3544 5265 3829 5329 τετέλεκε-ι,

2284 5346 2345 5398 τὸ
2380 5346 2444 5415 δὴ
2478 5345 2799 5415 λεγόμενον,
2840 5351 2901 5416 ἐξ
2941 5354 3187 5425 ὑπακοῆς
3221 5356 3505 5422 ἀνατείλας
3532 5362 3628 5415 καὶ
3655 5364 3733 5424 εἰς
3752 5361 3832 5413 ὐπ-

2110 5476 2346 5538 ΝΟΤΛΕ.

676 5598 748 5667 (k)
790 5596 1063 5665 Scriptum
1084 5603 1203 5649 erat
1234 5591 1446 5656 ἐαυτοῦ,
1478 5589 1617 5661 quod
1645 5590 2028 5660 corrigendum
2058 5594 2281 5651 credidi.

2390 5600 2454 5667 (l)
2493 5599 2624 5657 Item
2651 5606 2921 5677 ἐπιρείας,
2947 5610 3092 5678 quod
3135 5609 3272 5663 nihil
3294 5609 3599 5677 signiﬁcat.

675 5716 790 5786 (29)
824 5715 1010 5771 Caesus
1039 5729 1069 5768 a
1099 5712 1349 5783 Bulgaris
1380 5710 1716 5780 Nicephorns
1752 5710 1886 5781 imp.
1922 5710 1990 5769 26
2028 5713 2153 5770 Julii
2196 5729 2341 5773 anno
2368 5718 2491 5785 8H,
2525 5721 2612 5776 cui
2645 5726 2911 5781 successit
2946 5725 3170 5782 Michael
3200 5727 3580 5798 Curopalates.
