4018 6304
166 370 269 442 845

820 377 1098 439 ORATIO
1136 378 1241 438 XI.
1278 404 1345 415 —
1384 375 1762 438 LAUDATIO
1801 377 1860 436 S.
1894 376 2265 436 PLATOle
2306 376 2734 438 IIEGUMENI.

3282 372 3388 436 846

160 489 326 560 ακοὴν
366 488 701 559 καταλήξαςο
728 491 794 558 τῇ
811 487 1147 557 δωδεκαταίᾳ
1164 487 1271 556 γὰρ
1297 486 1403 537 τῶν
1417 484 1574 554 ὡρῶν
1595 487 1727 554 ήμε-

1844 482 2028 535 lientia
2088 482 2337 537 videlicet
2392 483 2689 552 incipiens,
2720 490 2774 536 et
2803 480 2857 535 in
2890 479 3203 535 obedientia
3240 483 3391 535 desi-

161 584 281 653 ρινῇ
340 582 577 653 περιόδῳ
640 580 923 650 ἰσάριθμον
970 579 1060 631 τὸν
1104 578 1214 631 τῶν
1242 577 1379 630 ἐτῶν
1406 577 1606 629 κύκλον
1639 578 1722 644 ἐφ’

160 676 375 744 ἑκάστῳ
406 673 578 741 ἀγῶνι
606 669 894 741 διηνυκὼς,
919 671 1000 732 εἰς
1023 669 1170 740 ζωὴν
1216 667 1433 722 αἰώνιον
1462 667 1725 736 ἀδιαδόχῳ

160 767 301 833 φωτὶ
327 762 722 817 ἀναϐεϐίωκεν.
767 761 1013 831 Ἀρὶθμει
1063 762 1187 824 τοὺς
1230 760 1469 829 ἀγῶνας,
1511 760 1606 811 καὶ
1637 760 1727 810 εὑ-

162 858 351 925 ρήσεις
385 856 511 917 τοὺς
569 856 817 925 χρόνους,
878 853 1026 905 ὀκτὼ
1080 852 1217 922 πρὸς
1271 850 1720 920 τεσσαράκοντα·

161 947 395 1017 πρόσθες
413 946 549 1008 τοὺς
578 945 683 1015 πρὸ
710 944 808 1013 τῆς
840 940 1562 1013 ἀπταγῆςδισδυοκαιδεκα,
1590 939 1725 1008 πρὸς

162 1038 344 1100 ἄλλοις
370 1036 632 1105 τέσσαρσι
659 1036 767 1089 τῶν
807 1032 1081 1103 διωγμῶν,
1115 1033 1210 1084 καὶ
1248 1030 1395 1101 τρισὶ
1425 1030 1522 1099 τῆς
1562 1031 1727 1083 ἀσθε-

163 1128 330 1191 νείας,
362 1126 458 1180 καὶ
485 1127 738 1197 εὑρήσεις
767 1125 846 1195 τῷ
881 1121 1225 1194 ὀγδοηκοστῷ
1269 1121 1380 1174 ἔτει
1426 1121 1566 1191 πλὴν
1612 1120 1729 1183 ἐνὸς

164 1220 282 1272 τελε
293 1218 544 1291 ιούμενον
573 1219 665 1273 τὸν
688 1218 954 1288 ἀοίδιμον.

240 1484 353 1555 μβ’.
397 1484 536 1537 Ἀλλ’
566 1483 637 1537 ib!
681 1484 793 1548 πῶς
821 1484 1085 1555 ἀδακρυτὶ
1113 1485 1174 1537 τὸ
1196 1484 1385 1537 τούτου
1408 1484 1732 1555 διηγήσαιμι

165 1577 316 1641 τέλος
338 1596 352 1643 ;
384 1578 599 1630 Ἐκειτο
628 1577 656 1627 ὁ
680 1576 876 1646 γέρων,
896 1576 1083 1645 ὥσπερ
1099 1595 1150 1630 τι
1168 1580 1335 1646 γέρας
1356 1578 1557 1646 τίμιον,
1585 1579 1732 1646 ἡτοι-

174 1668 452 1736 μασμένος
485 1666 583 1736 τὴν
622 1666 798 1735 ψυχὴν
826 1666 960 1737 πρὸς
984 1666 1081 1736 τὴν
1111 1665 1307 1731 ἔξοδον,
1344 1666 1437 1719 καὶ
1487 1665 1672 1735 κύκλῳ
1701 1668 1734 1736 ή

171 1757 469 1826 ἀδελφότης
502 1757 860 1826 περιχυθεῖσα
884 1757 1063 1828 ἐξῄτει
1087 1756 1193 1808 τῶν
1224 1755 1387 1825 ἱερῶν
1415 1757 1735 1827 προσευχῶν

1827 588 1995 638 nens;
2037 587 2159 627 cum
2193 574 2338 627 enim
2382 574 2579 627 diurno
2632 574 2889 627 horarum
2936 571 3223 626 duodecim
3281 573 3389 625 cir-

1825 662 1949 715 culo
1970 675 2152 729 parem
2188 675 2456 715 annorum
2494 662 2775 731 periodum
2818 662 2870 714 in
2901 676 3234 730 unoquoque
3270 676 3391 715 cer-

1826 753 2027 806 tamine
2050 752 2527 823 (30)explevisset,
2554 754 2619 808 ad
2641 764 2896 808 aeternam
2916 754 3104 818 vitam,
3132 762 3392 823 perpetuo

1828 842 2032 898 lumine
2082 844 2386 909 fruiturus,
2421 846 2725 914 emigravit.
2774 844 3012 898 Numera
3057 845 3382 908 certamina,

1826 946 1881 993 et
1915 938 2155 993 invenies
2177 954 2351 994 annos
2381 940 2735 1009 quadraginta
2756 950 2897 994 octo.
2928 938 3073 993 Tum
3096 954 3272 993 annos
3305 940 3390 993 bis

1830 1030 2121 1085 duodecim
2151 1032 2287 1099 (5i),
2313 1040 2437 1084 ante
2452 1031 2981 1087 abrenuntiationem
3017 1030 3201 1087 saeculi
3222 1040 3393 1092 actos,

1824 1121 1992 1190 junge
2018 1121 2141 1177 aliis
2169 1132 2404 1192 quatuor
2433 1123 2610 1187 annis,
2632 1138 2772 1191 quos
2806 1124 2857 1176 in
2884 1122 3390 1191 persecutionibus;

1828 1221 1882 1266 et
1907 1212 2102 1276 tribus,
2143 1227 2284 1282 quos
2331 1213 2386 1267 in
2454 1212 2772 1266 infirmitate
2817 1214 3057 1267 traduxit
3105 1212 3339 1267 Sanctus
3378 1232 3392 1266 :

1829 1313 1883 1358 et
1916 1303 2179 1367 invenies,
2210 1303 2384 1356 virum
2415 1302 2777 1357 venerabilem
2819 1303 3028 1358 obiisse
3058 1318 3201 1357 anno
3220 1304 3395 1357 artatis

1831 1392 1974 1447 unde
2001 1392 2334 1461 octogesimo
2364 1391 2496 1462 (32).

1899 1484 1989 1537 42.
2034 1484 2139 1538 Sed
2174 1486 2448 1552 quomodo
2499 1483 2618 1538 sine
2666 1483 2923 1553 lacrymis
2972 1496 3201 1539 mortem
3251 1484 3399 1537 illius

1833 1572 2106 1629 narrabo?
2130 1570 2354 1627 Jacebat
2381 1587 2569 1638 senex,
2605 1572 2816 1627 habens
2870 1573 3109 1626 animam
3151 1585 3398 1641 paratam

1833 1663 1900 1719 ad
1960 1677 2284 1733 egressum,
2355 1664 2504 1716 velut
2569 1663 2897 1716 honoratum
2963 1661 3236 1729 quoddam
3306 1676 3400 1715 xe-

1837 1760 1987 1813 nium
2024 1758 2177 1829 (53);
2212 1766 2267 1812 et
2307 1757 2513 1811 circum
2544 1754 2717 1810 aliusa
2756 1754 3071 1809 fraternitas
3104 1755 3317 1813 orabat.
3343 1760 3403 1807 ut

169 1823 335 1901 αὐτοδ
393 1823 591 1902 λαϐεῖν
632 1823 693 1902 τὸ
741 1823 1059 1918 δῶρονοτκαὶ
1105 1823 1334 1919 ἐπείπερ
1378 1823 1474 1902 ἕνα
1503 1823 1732 1904 ἕκαστον

1844 1865 2043 1904 munus
2093 1850 2400 1903 orationum
2452 1848 2569 1918 ejus
2612 1856 2914 1902 mereretur
2944 1848 3211 1915 accipere.
3242 1843 3400 1899 Post-

169 1938 472 2008 ηὑλόγησεν
515 1939 611 1991 καὶ
664 1940 1070 2007 κατησπάσατο,
1100 1942 1317 1994 ἄπεισιν
1359 1942 1613 2014 καὶπρὸς
1641 1945 1732 1997 τὸν

168 2027 359 2092 τάφον,
395 2026 455 2096 ὃν
481 2028 545 2078 ἐκ
568 2026 732 2079 πόθου
769 2028 950 2096 ἐζήτει
982 2026 1149 2080 πάλαι
1206 2028 1523 2096 θεάσασθαι,
1551 2031 1597 2083 εἰ
1640 2032 1735 2084 καὶ

167 2117 267 2169 οὐκ
297 2118 668 2185 ἐπετύγχανεν
700 2115 793 2169 τοῦ
840 2118 1200 2185 καταθυμίου,
1236 2122 1378 2188 κοπῇ
1436 2120 1527 2172 τοῦ
1578 2121 1737 2189 θελή-

174 2225 341 2277 ματος
366 2224 381 2236 ·
412 2209 473 2260 ὃν
532 2207 675 2267 ἰδὼν,
712 2207 883 2277 ἐχάρη
949 2206 1090 2270 λίαν,
1144 2208 1635 2280 ἀνθωμολογήσατο
1658 2211 1737 2280 τῷ

171 2299 383 2368 Κυρίῳ,
399 2300 497 2351 ἐπε
507 2298 644 2352 ιπών
663 2315 676 2329 ο
697 2300 857 2366 Αὕτη
874 2299 910 2365 ἡ
930 2299 1271 2353 κατάπαυσί
1276 2320 1307 2365 ς
1318 2320 1436 2370 μου
1451 2304 1534 2367 εὶς
1554 2301 1739 2356 αἰῶνα

170 2390 418 2456 αἰῶνος·
454 2391 838 2460 μεθηρμόσατο
887 2394 981 2443 καὶ
1009 2392 1107 2461 τὴν
1142 2392 1325 2462 φωνὴν
1361 2394 1597 2475 ἐκείνην·
1636 2396 1737 2449 Θέ-

172 2484 338 2548 .ιημα
371 2478 492 2533 τῶν
544 2482 934 2550 φοϐουμένων
976 2483 1164 2536 αὐτὸν
1213 2483 1452 2547 ποιήσει
1501 2486 1737 2553 Κύριος.

184 2569 473 2640 Ἐκίνησεν
493 2572 589 2624 καὶ
619 2573 727 2624 τῶν
754 2574 857 2637 ἔξω
906 2572 1032 2627 οὐχ’
1047 2574 1282 2642 ὀλίγους,
1307 2575 1356 2627 οἳ
1396 2576 1489 2629 καὶ
1534 2575 1608 2646 μὴ
1651 2576 1742 2629 εὑ-

172 2658 506 2731 λαδηθὲντες
533 2664 625 2715 τὸν
657 2664 846 2735 καιρὸν
872 2660 961 2734 (ἦν
990 2665 1098 2734 γὰρ
1132 2665 1237 2718 τῶν
1271 2667 1433 2735 ἱερῶν
1474 2667 1742 2737 νηστειῶν

175 2753 471 2825 περίοδος),
494 2755 830 2825 συνέδραμον
871 2757 1221 2826 μοναδικοιτε
1256 2759 1347 2811 καὶ
1377 2759 1742 2829 μιγάδες,ηὐ-

174 2842 509 2915 λογήθησαν,
538 2845 893 2917 ὑπέστρεψεν,
927 2848 1333 2917 ἐφοδιασθέντες
1352 2850 1515 2901 καλὸν
1532 2850 1744 2915 ἐῳόδιον

174 2936 274 3005 τὴν
311 2938 528 2991 ἐκείνου
563 2939 723 3007 ἁγίαν
748 2940 1071 3011 παράθεσιν.
1099 2941 1207 2994 Καί
1227 2958 1289 3007 γε
1324 2941 1486 3004 αὐτὸς
1513 2942 1541 2993 ὁ
1585 2943 1747 3010 ἁγιώ-

176 3042 341 3088 τατος
376 3028 727 3100 πατριάρχης
757 3031 953 3100 παρεὶς
983 3030 1285 3101 ἐξῃτήσατο
1312 3031 1499 3101 εὐχὴν,
1524 3032 1618 3084 καὶ⁸
1646 3032 1743 3085 λα-

1837 1954 1999 2007 quam
2034 1937 2199 2007 igitur
2225 1937 2523 2006 unicuique
2552 1936 2833 2006 sigillatim
2855 1936 3132 1990 benedixit
3152 1942 3205 1988 et
3236 1949 3403 1989 oscu-

1838 2028 1983 2082 latus
2010 2036 2113 2093 est,
2138 2028 2273 2081 abiit
2310 2028 2375 2082 ad
2449 2028 2786 2097 sepulcrum,
2854 2028 2999 2098 quod
3053 2027 3236 2081 videre
3287 2026 3398 2095 jam

1840 2119 2046 2188 pridem
2114 2120 2369 2173 ardenter
2417 2118 2811 2188 concupierat,
2841 2117 3092 2188 quamvis
3148 2126 3275 2170 voto
3303 2132 3406 2171 suo

1842 2210 2141 2265 frustratus
2190 2210 2389 2276 fuerit,
2420 2210 2549 2279 quia
2596 2224 2937 2279 praepropera
2989 2218 3108 2273 erat
3153 2209 3275 2263 talis
3306 2224 3405 2262 vo-

1843 2298 2045 2353 luntas.
2068 2300 2202 2353 Illud
2222 2310 2402 2354 autem
2423 2314 2547 2353 cum
2574 2300 2818 2363 vidisset,
2857 2299 3077 2370 gavisus
3117 2308 3199 2353 est
3227 2298 3402 2361 valde,

1842 2400 1898 2444 et
1949 2390 2223 2444 benedixit
2287 2390 2599 2453 Dominum,
2649 2390 2904 2459 inquiens
2962 2408 2976 2445 :
3022 2390 3151 2444 [huc
3200 2392 3405 2457 requies

1843 2497 1958 2535 mea
1990 2483 2046 2535 in
2074 2482 2324 2535 swculum
2344 2483 2527 2536 swculi
2547 2484 2607 2537 ".
2643 2481 2847 2537 Deinde
2865 2483 3023 2537 istam
3059 2497 3277 2552 quoque
3308 2496 3405 2535 vo—

1844 2590 1961 2631 cem
1993 2575 2306 2644 subjunxit:
2347 2574 2675 2629 Voluntatem
2701 2575 2997 2629 timentium
3026 2592 3080 2628 se
3105 2576 3265 2643 faciet
3299 2575 3376 2628 Do

1845 2667 2017 2720 minus
2042 2668 2108 2721 ιι.
2143 2666 2333 2720 Traxit
2366 2667 2529 2720 etiam
2574 2667 2641 2720 ad
2669 2681 2727 2720 se
2756 2676 3106 2722 externorum
3135 2682 3241 2721 non
3272 2680 3381 2735 pan

1847 2773 1943 2812 cos
1969 2774 1983 2810 :
2012 2757 2103 2826 qui
2140 2758 2287 2813 nulla
2343 2758 2526 2813 habita
2569 2759 2781 2813 ratione
2821 2758 3078 2828 temporis
3137 2758 3410 2827 (verteba-

1848 2856 1939 2901 tur
1962 2849 2105 2902 euim
2152 2850 2295 2902 sacri
2348 2848 2540 2919 jejuuii
2597 2850 2857 2918 circulus)
2898 2848 3258 2904 accurrebant
3296 2860 3409 2905 tam

1850 2930 2102 2993 monachi
2136 2955 2296 3008 quam
2332 2942 2640 3006 saeculares,
2676 2941 3160 3011 benediCtioneque
3185 2951 3405 3011 accepta

1852 3029 2260 3084 revertebantur
2330 3032 2581 3085 instructi
2637 3031 2703 3086 ad
2763 3032 2865 3087 iter
2916 3033 3123 3103 optimo
3185 3034 3407 3098 viatico,

176 3114 287 3169 ϐὼν
311 3119 624 3186 ⁴ἠσπάσατο.
653 3120 874 3188 Γέγονέν
903 3122 1013 3191 τεή
1038 3122 1153 3193 ὥρα
1171 3121 1375 3193 ἐκείνη,
1400 3123 1582 3192 πάσης
1614 3124 1741 3176 ὑπο-

1852 3130 2053 3177 sanctze
2109 3123 2316 3177 scilicet
2373 3123 2728 3192 depositionis
2759 3126 3021 3179 memoria
3068 3126 3407 3195 (3i).Quin-

177 3208 479 3277 νοουμένης
503 3210 761 3281 διαφορᾶς
781 3211 1154 3282 ἀλεξητήριον,
1188 3214 1295 3266 τῶν
1332 3214 1458 3284 πρὶν
1486 3214 1743 3285 λυπηρῶν

176 3299 426 3353 ἐκποδὼν
456 3305 861 3371 γεγενημένων.
911 3304 1135 3357 Πάντων
1179 3300 1271 3359 οὖν
1305 3306 1745 3376 ὑπεμνημάτισε,

178 3393 348 3444 πᾶσιν
380 3392 752 3462 ὑπερηύξατο,
788 3395 991 3447 ἅπασιν
1013 3396 1257 3465 ἀφίησιν,
1280 3397 1594 3467 ἐχθράνασι,
1625 3398 1749 3452 διώ-

179 3480 322 3544 ξασι,
363 3482 698 3554 λυπήσασιν,
734 3486 763 3537 δ
792 3486 868 3549 ὡς
902 3485 1116 3555 ἀληθῶς
1149 3486 1243 3540 τοῦ
1291 3487 1427 3541 Θεοῦ
1464 3488 1749 3560 ἄνθρωπος

177 3576 268 3625 καὶ
298 3575 537 3646 Χριστὸν
564 3577 668 3627 κᾶν
695 3575 771 3645 τῷ
798 3575 1010 3645 θανάτῳ
1049 3578 1403 3646 μιμούμενος.

1850 3212 1960 3265 imo
2007 3213 2386 3267 sanctissimus
2417 3214 2724 3281 patriarcha
2764 3215 2937 3270 adfuit
2960 3216 3101 3286 (’55),
3134 3227 3322 3287 petens
3351 3229 3410 3275 ut

1850 3313 2030 3358 oraret
2060 3318 2156 3373 pro
2190 3319 2286 3369 se;
2317 3319 2491 3373 eoque
2512 3304 2822 3373 impetrato,
2854 3309 3133 3362 osculatus
3160 3317 3243 3363 est
3258 3325 3406 3364 eum.

1850 3395 2039 3466 Itaque
2084 3396 2215 3450 hora
2266 3396 2356 3450 illa
2395 3397 2649 3451 omnibus
2697 3399 3124 3466 suspicantibus,
3157 3400 3407 3454 alieniori

1851 3487 1998 3557 ipsos
2031 3487 2098 3541 ab
2150 3487 2376 3541 invicem
2428 3501 2548 3541 esse
2586 3486 2790 3552 animo,
2827 3486 2968 3542 facta
3003 3487 3106 3543 fuit
3136 3489 3190 3543 in
3228 3505 3410 3543 reme-

1850 3578 2022 3639 dium,
2054 3576 2240 3647 procul
2272 3576 2529 3629 submota
2555 3591 2897 3646 qutecunque
2934 3586 3092 3632 antea
3128 3579 3413 3633 exstiterat

177 3666 535 3735 aegritudine.
594 3663 836 3735 Denique
871 3682 1065 3720 omnes
1107 3668 1412 3732 admonuit,
1445 3667 1624 3721 oravit
1680 3682 1780 3737 pro
1848 3665 2127 3730 omnibus,
2181 3665 2437 3719 omnibus
2488 3666 2712 3735 ignovit,
2771 3682 3007 3736 quorum
3063 3668 3409 3733 inimicitias.

177 3761 625 3833 persecutiones,
689 3762 970 3816 molestias
1011 3764 1228 3824 tulerat,
1272 3771 1458 3829 utpote
1496 3777 1622 3816 vere
1650 3761 1733 3813 vir
1771 3760 1886 3824 Dei,
1923 3769 1977 3813 et
2004 3758 2282 3813 Christum
2318 3759 2481 3813 etiam
2520 3760 2573 3812 in
2601 3770 2779 3814 morte
2808 3761 3055 3816 imitans.

250 3861 366 3924 μγ’.
405 3851 634 3921 Ἐπειδὴ
663 3851 718 3904 δέ
757 3852 853 3904 καὶ
881 3851 1147 3922 διαθήκην
1188 3852 1296 3904 ἔδει
1335 3851 1638 3913 διαθέσθαι,
1668 3851 1754 3914 τίς

178 3945 354 4016 αὖτης
407 3945 475 3996 Ἢ
509 3942 785 4013 ὀρθὸδοξος
830 3944 1032 4005 πίστις,
1067 3944 1160 3995 καὶ
1186 3944 1218 4014 ή
1246 3944 1475 4013 νόμιμος
1492 3942 1751 4004 πολιτεία,

179 4033 267 4099 αἷς
297 4038 623 4101 συνέζησεν,
658 4036 751 4088 καὶ
800 4034 921 4104 μεθ’
960 4028 1034 4087 ὧν
1082 4035 1431 4106 ἀπεδήμησεν
1462 4051 1478 4067 ·
1503 4035 1662 4088 τοῦτο
1695 4037 1754 4088 δὲ

180 4132 407 4183 κάκεῖνο
454 4128 755 4197 διανέμειν,
808 4129 867 4182 οὐ
902 4128 1038 4198 πρὸς
1088 4128 1252 4182 αὐτοῦ
1290 4129 1390 4199 (ὅτι
1426 4129 1547 4199 μηδ’
1580 4130 1746 4197 αὐτῆς

179 4219 573 4289 τῆςέπωμεδος
597 4214 664 4287 ἦν
699 4219 902 4288 κύριος)
929 4218 1329 4273 διατάττεσθαι.
1366 4219 1583 4287 Ἀμέλει
1610 4222 1747 4289 ἐρω-

179 4310 370 4381 τηθεὶς
403 4307 544 4377 πρὸς
573 4306 704 4376 ἐμοῦ
734 4307 826 4359 τοῦ
847 4307 1099 4374 ὲ>.εεινοῦ,
1120 4308 1191 4378 μή
1210 4325 1261 4360 τι
1289 4307 1462 4377 ἔχοιεν
1489 4307 1751 4378 παριστά-

185 4416 346 4471 μενον
372 4415 386 4427 ’
424 4400 491 4468 τῇ
524 4397 625 4466 μὲν
664 4396 806 4466 χειρὶ
830 4396 1104 4468 ἁψάμενος
1166 4397 1259 4452 τοῦ
1316 4399 1553 4468 ἱματίου,
1590 4398 1751 4453 τοῦτο

261 4520 303 4551 ¹²
336 4516 485 4575 Psal.
521 4530 710 4582 cxxxt,
744 4516 828 4572 Μ.
910 4517 952 4550 ¹⁸
987 4515 1132 4572 Psal.
1162 4530 1340 4582 cxuv,
1371 4517 1459 4576 l9.

1918 3851 2008 3905 45.
2045 3848 2315 3916 Quoniam
2356 3865 2486 3905 vero
2524 3850 2770 3919 oportuit
2816 3852 2979 3905 etiam
3023 3862 3409 3910 testamentum

1850 3944 2012 3998 condi
2049 3963 2059 3997 :
2092 3944 2388 4013 quodnam,
2432 3958 2639 4013 quaeso,
2692 3945 2951 4013 reliquit?
2984 3945 3171 4002 Fidem
3231 3950 3415 4003 ortho-

1850 4036 2049 4088 doxam
2075 4046 2127 4089 et
2153 4038 2630 4090 conversationem
2657 4037 2985 4106 regularem,
3019 4039 3071 4092 in
3098 4040 3299 4109 quibus
3330 4042 3411 4096 vi-

1854 4127 1932 4180 xit
1960 4135 2013 4179 et
2048 4142 2169 4181 cum
2200 4128 2399 4197 quibus
2424 4129 2561 4181 obiit
2590 4147 2603 4183 :
2638 4129 2742 4183 hoc
2774 4140 2955 4185 autem
2990 4130 3069 4185 vel
3097 4132 3227 4186 illud
3284 4133 3411 4189 dis-

1854 4217 2124 4271 stribueré
2151 4219 2215 4270 ad
2253 4218 2405 4271 illum
2448 4233 2554 4271 non
2611 4220 2936 4287 pertinebat,
2984 4236 3109 4275 cum
3141 4228 3316 4292 neqUe
3348 4225 3417 4278 de

1856 4308 1973 4376 ipso
1997 4308 2159 4376 pallio
2181 4317 2363 4375 posset
2405 4317 2463 4362 ut
2506 4308 2766 4363 dominus
2793 4311 3003 4365 testari.
3043 4310 3285 4367 Tandem
3322 4329 3416 4367 ro-

1855 4410 2014 4470 gatus
2046 4416 2075 4454 a
2104 4416 2189 4455 tne
2229 4400 2547 4466 miserabili,
2579 4416 2706 4455 num
2728 4402 2857 4471 quid
2883 4404 3107 4460 haberet
3139 4420 3416 4462 commcn-

1685 4656 1914 4714 ΝΟΤᾸΞ.

252 4880 366 4957 (39)
398 4874 791 4957 Primum_sub
836 4872 1248 4957 obedientiansf:
1290 4872 1610 4957 Thepctisti,
1668 4892 1751 4933 se-
1782 4879 1827 4935 ι)
1853 4876 2250 4957 exprimeretur
2297 4876 2431 4957 ejus.
2452 4892 2572 4957 quae
2619 4877 2673 4957 in
2697 4877 2887 4957 Graeco
2924 4877 3093 4932 estad
3124 4891 3316 4957 vocum
3342 4878 3421 4933 si-

182 4944 426 5003 cundum
461 4947 517 5000 in
561 4945 825 5016 regimine
857 4944 1173 5016 monasterii
1201 4945 1609 5016 _Symbolorum,
1638 4960 1749 5001 ter-

183 5023 316 5074 tium
352 5020 408 5072 in
447 5015 808 5087 gubernando
838 5014 1169 5087 monasterio
1195 5013 1550 5082 sacudionis,
1578 5032 1748 5087 quar~

183 5100 296 5144 tum
326 5083 811 5152 Constantinopoli
840 5084 891 5137 in
916 5083 1239 5138 reclusione.

253 5158 577 5241 §3I)Graecc
591 5153 1047 5241 §ic_§oouai§sxat,
1084 5154 1185 5235 ξω
1205 5156 1375 5241 prima
1407 5154 1609 5241 syllaba
1629 5154 1748 5241 Sir-

182 5222 271 5284 leti
328 5222 530 5283 oculos
591 5222 746 5287 fugit,
780 5232 837 5277 ut
886 5224 1159 5276 duodecim
1205 5222 1463 5288 verteret,
1493 5233 1546 5279 et
1581 5233 1749 5279 totam

182 5296 569 5366 chronologiae
594 5294 858 5366 rationem
886 5293 1142 5366 turbavit.

252 5368 370 5437 (I52)
412 5362 491 5420 Ei
552 5363 657 5416 hac
706 5364 815 5437 vita
870 5363 1109 5417 excessit
1160 5363 1541 5437 sanctissimus
1582 5362 1756 5437 Plato,

184 5433 798 5507 octogesimum_a:tatis
839 5447 1061 5507 annun1__
1091 5449 1202 5487 uno
1241 5435 1420 5507 minus
1457 5448 1645 5507 agens,
1679 5434 1761 5486 vir

185 5502 439 5579 pluribus
500 5502 826 5579 perfunctus
872 5502 1172 5579 laboribus,
1215 5505 1444 5579 egregiis
1496 5503 1758 5557 virtutum

184 5569 344 5633 editis
376 5569 757 5629 documentis.
792 5570 866 5625 Ita
894 5571 950 5625 S.
985 5569 1269 5626 Theodori
1300 5569 1443 5636 Vita,

255 5650 370 5717 (55)
397 5646 596 5717 Graece
622 5640 844 5717 Exsuoé
872 5642 1071 5717 γέρων,
1096 5641 1285 5711 ὥσπερ
1311 5659 1362 5695 τι
1384 5648 1550 5717 γέρας
1574 5642 1755 5717 τίμιον

186 5710 603 5788 ἡτοιμασμένος
652 5711 749 5780 τὴν
782 5710 1096 5788 ψυχήνσ-ρεῐ
1125 5710 1304 5788 autem
1338 5710 1528 5781 γέρας,
1565 5710 1753 5788 decus,

190 5781 506 5858 praet'nium,
551 5795 654 5853 pro
708 5796 817 5851 quo
868 5781 1132 5838 vertimus
1178 5782 1414 5852 xenium,
1447 5789 1505 5836 ut
1538 5782 1758 5853 propius

1856 4946 2215 5001 militudinem
2275 4946 2561 5001 allusionis
2622 4948 3123 5016 elegantia;quam
3179 4946 3417 5002 Sirlettts

1855 5017 2106 5086 neglexit,
2136 5017 2264 5070 dum
2292 5018 2363 5070 ita
2395 5017 2574 5080 vertit,
2622 5034 2640 5067 ι
2667 5016 2891 5071 Jacebat
2926 5032 3091 5072 senex
3139 5016 3229 5071 ille
3264 5018 3422 5073 senio

1856 5087 2146 5140 admodum
2177 5087 2459 5140 honorato.
2487 5104 2505 5136 ›

1925 5156 2037 5224 (54)
2056 5155 2239 5210 Graece
2256 5155 2575 5223 simpliciter
2590 5163 2671 5209 est
2696 5172 2712 5204 t
2733 5164 2919 5208 sancta
2942 5154 3061 5223 ejus
3078 5154 3370 5224 depositio.
3397 5175 3416 5207 ι

1855 5226 2176 5294 παράθεσις.
2211 5224 2479 5287 Sirletus,
2515 5226 3013 5277 commendationem
3058 5227 3217 5279 vertit
3254 5244 3266 5278 :
3317 5242 3423 5294 pu-

1854 5295 1965 5348 tavi
2003 5296 2170 5349 menti
2201 5297 2441 5349 auctoris
2468 5294 2691 5363 propius
2722 5309 3071 5349 accessuram
3120 5298 3423 5364 paraphra-

1856 5380 1983 5420 Slm.

1926 5434 2038 5501 (55)
2068 5430 2188 5486 Vita
2210 5432 2267 5486 S.
2287 5431 2559 5485 Theodori
2590 5449 2605 5485 :
2638 5451 2656 5482 ι
2685 5431 2740 5485 In
2770 5447 2835 5485 eo
2864 5424 3024 5485 etiam
3047 5431 3417 5485 abundantem

1855 5503 2164 5571 patriarcha
2204 5502 2488 5556 charitatis
2524 5516 2634 5555 suae
2652 5504 2757 5555 vim
2785 5502 3061 5570 animique
3098 5509 3241 5554 recte
3268 5515 3422 5553 eom-

1856 5572 2016 5642 positi
2064 5572 2337 5642 specimen
2362 5571 2621 5642 exhibuit.
2657 5571 3252 5642 Accurrens__ipsemet
3290 5583 3418 5621 cum

1856 5639 2117 5697 universo
2172 5640 2314 5693 clero
2338 5641 2402 5694 ad
2428 5643 2839 5704 monasterium,
2867 5639 3197 5694 moribundo
3226 5645 3419 5691 sancto

1866 5713 2059 5771 astitit,
2113 5718 2258 5764 totus
2315 5710 2369 5763 in
2395 5710 2800 5773 illnmtlelixus,
2825 5710 3072 5765 metnbra
3093 5707 3211 5775 ejus
3236 5707 3420 5761 omnia

1865 5780 2253 5852 complectens,
2285 5781 2631 5851 suaviterque
2673 5780 2889 5851 singula
2920 5780 3267 5837 deosculans.
3301 5792 3322 5828 ο
