  <div class='ocr_page' id='page_1' title='image "/cluster/home/n/w/nwhite01/storage/ocr_20150623/99/pst.000005714063/476.png"; bbox 0 0 4018 6304; ppageno 0'>
   <div class='ocr_carea' id='block_1_1' title="bbox 185 371 290 437">
    <p class='ocr_par' dir='ltr' id='par_1_1' title="bbox 185 371 290 437">
     <span class='ocr_line' id='line_1_1' title="bbox 185 371 290 437; baseline 0.01 -1"><span class='ocrx_word' id='word_1_1' title='bbox 185 371 290 437; x_wconf 73' lang='grc'><strong>849</strong></span> 
     </span>
    </p>
   </div>
   <div class='ocr_carea' id='block_1_2' title="bbox 827 375 2822 474">
    <p class='ocr_par' dir='ltr' id='par_1_2' title="bbox 827 375 2822 474">
     <span class='ocr_line' id='line_1_2' title="bbox 827 375 2822 474; baseline 0.007 -40"><span class='ocrx_word' id='word_1_2' title='bbox 827 375 1110 436; x_wconf 84' lang='lat' dir='ltr'><strong>ORATIO</strong></span> <span class='ocrx_word' id='word_1_3' title='bbox 1147 377 1285 438; x_wconf 81' lang='lat' dir='ltr'>XII.</span> <span class='ocrx_word' id='word_1_4' title='bbox 1319 403 1389 413; x_wconf 87' lang='grc'><strong>·--</strong></span> <span class='ocrx_word' id='word_1_5' title='bbox 1413 379 1796 442; x_wconf 81' lang='lat' dir='ltr'><strong>LAUDATIO</strong></span> <span class='ocrx_word' id='word_1_6' title='bbox 1827 382 1886 442; x_wconf 93' lang='lat' dir='ltr'><strong>S.</strong></span> <span class='ocrx_word' id='word_1_7' title='bbox 1929 381 2242 442; x_wconf 84' lang='lat' dir='ltr'><strong>ARSENII</strong></span> <span class='ocrx_word' id='word_1_8' title='bbox 2280 385 2822 474; x_wconf 55' lang='lat' dir='ltr'><strong>ANACHQRETXE.</strong></span> 
     </span>
    </p>
   </div>
   <div class='ocr_carea' id='block_1_3' title="bbox 3323 393 3426 456">
    <p class='ocr_par' dir='ltr' id='par_1_3' title="bbox 3323 393 3426 456">
     <span class='ocr_line' id='line_1_3' title="bbox 3323 393 3426 456; baseline 0 -1"><span class='ocrx_word' id='word_1_9' title='bbox 3323 393 3426 456; x_wconf 82' lang='grc'><strong>850</strong></span> 
     </span>
    </p>
   </div>
   <div class='ocr_carea' id='block_1_4' title="bbox 183 477 1775 564">
    <p class='ocr_par' dir='ltr' id='par_1_4' title="bbox 183 477 1758 555">
     <span class='ocr_line' id='line_1_4' title="bbox 183 477 1758 555; baseline 0.001 -17"><span class='ocrx_word' id='word_1_10' title='bbox 183 487 294 553; x_wconf 83' lang='grc' dir='ltr'>γάρ</span> <span class='ocrx_word' id='word_1_11' title='bbox 328 499 421 534; x_wconf 85' lang='grc' dir='ltr'><strong>σου</strong></span> <span class='ocrx_word' id='word_1_12' title='bbox 462 481 690 551; x_wconf 82' lang='grc' dir='ltr'>ποίμνια</span> <span class='ocrx_word' id='word_1_13' title='bbox 744 482 940 547; x_wconf 83' lang='grc' dir='ltr'>πάντα,</span> <span class='ocrx_word' id='word_1_14' title='bbox 982 477 1057 537; x_wconf 84' lang='grc' dir='ltr'>ὧν</span> <span class='ocrx_word' id='word_1_15' title='bbox 1106 485 1247 538; x_wconf 77' lang='grc' dir='ltr'>εἰσιν</span> <span class='ocrx_word' id='word_1_16' title='bbox 1283 486 1658 555; x_wconf 79' lang='grc' dir='ltr'><strong>καθηγεμόνες</strong></span> <span class='ocrx_word' id='word_1_17' title='bbox 1689 489 1758 540; x_wconf 83' lang='grc' dir='ltr'><strong>τὰ</strong></span> 
     </span>
    </p>
   </div>
   <div class='ocr_carea' id='block_1_5' title="bbox 1855 477 3427 564">
    <p class='ocr_par' dir='ltr' id='par_1_5' title="bbox 1857 492 3427 564">
     <span class='ocr_line' id='line_1_5' title="bbox 1857 492 3427 564; baseline 0.005 -19"><span class='ocrx_word' id='word_1_18' title='bbox 1857 492 2000 561; x_wconf 83' lang='lat' dir='ltr'><strong>apud</strong></span> <span class='ocrx_word' id='word_1_19' title='bbox 2061 493 2229 546; x_wconf 90' lang='lat' dir='ltr'><strong>Deum</strong></span> <span class='ocrx_word' id='word_1_20' title='bbox 2271 503 2324 546; x_wconf 90' lang='lat' dir='ltr'><strong>te</strong></span> <span class='ocrx_word' id='word_1_21' title='bbox 2354 492 2616 546; x_wconf 78' lang='lat' dir='ltr'><strong>habentes</strong></span> <span class='ocrx_word' id='word_1_22' title='bbox 2657 502 2972 560; x_wconf 88' lang='lat' dir='ltr'><strong>patronum,</strong></span> <span class='ocrx_word' id='word_1_23' title='bbox 3007 509 3427 564; x_wconf 87' lang='lat' dir='ltr'><strong>permancamus</strong></span> 
     </span>
    </p>
   </div>
   <div class='ocr_carea' id='block_1_6' title="bbox 181 572 1760 649">
    <p class='ocr_par' dir='ltr' id='par_1_6' title="bbox 181 572 1760 649">
     <span class='ocr_line' id='line_1_6' title="bbox 181 572 1760 649; baseline 0.003 -21"><span class='ocrx_word' id='word_1_24' title='bbox 181 575 254 628; x_wconf 87' lang='grc' dir='ltr'><strong>σά</strong></span> <span class='ocrx_word' id='word_1_25' title='bbox 285 574 475 637; x_wconf 86' lang='grc' dir='ltr'>τέκνα,</span> <span class='ocrx_word' id='word_1_26' title='bbox 517 573 609 625; x_wconf 80' lang='grc' dir='ltr'><strong>καὶ</strong></span> <span class='ocrx_word' id='word_1_27' title='bbox 639 572 704 625; x_wconf 85' lang='grc' dir='ltr'><strong>ἐκ</strong></span> <span class='ocrx_word' id='word_1_28' title='bbox 736 573 940 626; x_wconf 88' lang='grc' dir='ltr'>τέκνων</span> <span class='ocrx_word' id='word_1_29' title='bbox 969 575 1167 642; x_wconf 78' lang='grc' dir='ltr'>ἔγγονα</span> <span class='ocrx_word' id='word_1_30' title='bbox 1189 592 1203 608; x_wconf 92' lang='grc'><strong>·</strong></span> <span class='ocrx_word' id='word_1_31' title='bbox 1229 576 1304 640; x_wconf 84' lang='grc' dir='ltr'>ὡς</span> <span class='ocrx_word' id='word_1_32' title='bbox 1353 576 1420 630; x_wconf 87' lang='grc' dir='ltr'>ἂν</span> <span class='ocrx_word' id='word_1_33' title='bbox 1447 579 1660 649; x_wconf 79' lang='grc' dir='ltr'>ἔχοντές</span> <span class='ocrx_word' id='word_1_34' title='bbox 1701 597 1760 633; x_wconf 93' lang='grc' dir='ltr'><strong>σε</strong></span> 
     </span>
    </p>
   </div>
   <div class='ocr_carea' id='block_1_7' title="bbox 177 661 1762 743">
    <p class='ocr_par' dir='ltr' id='par_1_7' title="bbox 177 661 1762 743">
     <span class='ocr_line' id='line_1_7' title="bbox 177 661 1762 743; baseline 0.003 -24"><span class='ocrx_word' id='word_1_35' title='bbox 177 667 425 727; x_wconf 73' lang='grc' dir='ltr'>ἅπαντες</span> <span class='ocrx_word' id='word_1_36' title='bbox 464 664 547 727; x_wconf 88' lang='grc' dir='ltr'><strong>είς</strong></span> <span class='ocrx_word' id='word_1_37' title='bbox 592 661 728 717; x_wconf 83' lang='grc' dir='ltr'>Θεὸν</span> <span class='ocrx_word' id='word_1_38' title='bbox 752 665 844 717; x_wconf 82' lang='grc' dir='ltr'><strong>καὶ</strong></span> <span class='ocrx_word' id='word_1_39' title='bbox 872 665 1007 737; x_wconf 74' lang='grc' dir='ltr'>πρὸς</span> <span class='ocrx_word' id='word_1_40' title='bbox 1031 665 1163 719; x_wconf 81' lang='grc' dir='ltr'>Θεὸν</span> <span class='ocrx_word' id='word_1_41' title='bbox 1191 670 1588 740; x_wconf 82' lang='grc' dir='ltr'>προασπιστὴν,</span> <span class='ocrx_word' id='word_1_42' title='bbox 1617 672 1762 743; x_wconf 85' lang='grc' dir='ltr'>ἀπή-</span> 
     </span>
    </p>
   </div>
   <div class='ocr_carea' id='block_1_8' title="bbox 181 757 1759 832">
    <p class='ocr_par' dir='ltr' id='par_1_8' title="bbox 181 757 1759 832">
     <span class='ocr_line' id='line_1_8' title="bbox 181 757 1759 832; baseline 0.005 -22"><span class='ocrx_word' id='word_1_43' title='bbox 181 775 378 828; x_wconf 86' lang='grc' dir='ltr'>μαντοι</span> <span class='ocrx_word' id='word_1_44' title='bbox 415 757 768 827; x_wconf 84' lang='grc' dir='ltr'>διαμένοιμεν</span> <span class='ocrx_word' id='word_1_45' title='bbox 837 758 1090 827; x_wconf 80' lang='grc' dir='ltr'><strong>ἀοράτων</strong></span> <span class='ocrx_word' id='word_1_46' title='bbox 1143 776 1202 811; x_wconf 91' lang='grc' dir='ltr'><strong>τε</strong></span> <span class='ocrx_word' id='word_1_47' title='bbox 1287 760 1382 814; x_wconf 82' lang='grc' dir='ltr'><strong>καὶ</strong></span> <span class='ocrx_word' id='word_1_48' title='bbox 1460 762 1759 832; x_wconf 69' lang='grc' dir='ltr'>ὁρωμένων</span> 
     </span>
    </p>
   </div>
   <div class='ocr_carea' id='block_1_9' title="bbox 175 849 1756 922">
    <p class='ocr_par' dir='ltr' id='par_1_9' title="bbox 175 849 1756 922">
     <span class='ocr_line' id='line_1_9' title="bbox 175 849 1756 922; baseline 0.003 -18"><span class='ocrx_word' id='word_1_49' title='bbox 175 849 416 921; x_wconf 81' lang='grc' dir='ltr'>ἐχθρῶν,</span> <span class='ocrx_word' id='word_1_50' title='bbox 451 849 620 920; x_wconf 84' lang='grc' dir='ltr'>μηδὲν</span> <span class='ocrx_word' id='word_1_51' title='bbox 649 849 896 918; x_wconf 80' lang='grc' dir='ltr'>ὑφιέντες</span> <span class='ocrx_word' id='word_1_52' title='bbox 915 849 1002 904; x_wconf 78' lang='grc' dir='ltr'><strong>διὰ</strong></span> <span class='ocrx_word' id='word_1_53' title='bbox 1028 850 1192 920; x_wconf 79' lang='grc' dir='ltr'>φόϐον</span> <span class='ocrx_word' id='word_1_54' title='bbox 1227 851 1326 922; x_wconf 84' lang='grc' dir='ltr'>τῆς</span> <span class='ocrx_word' id='word_1_55' title='bbox 1357 851 1640 922; x_wconf 82' lang='grc' dir='ltr'>ὀρθοδόξου</span> <span class='ocrx_word' id='word_1_56' title='bbox 1666 857 1756 909; x_wconf 88' lang='grc' dir='ltr'>πί-</span> 
     </span>
    </p>
   </div>
   <div class='ocr_carea' id='block_1_10' title="bbox 177 936 1758 1015">
    <p class='ocr_par' dir='ltr' id='par_1_10' title="bbox 177 936 1758 1015">
     <span class='ocr_line' id='line_1_10' title="bbox 177 936 1758 1015; baseline 0.003 -20"><span class='ocrx_word' id='word_1_57' title='bbox 177 959 374 1007; x_wconf 84' lang='grc' dir='ltr'>στεως,</span> <span class='ocrx_word' id='word_1_58' title='bbox 435 941 558 1012; x_wconf 85' lang='grc' dir='ltr'>μηδ’</span> <span class='ocrx_word' id='word_1_59' title='bbox 589 936 657 995; x_wconf 79' lang='grc' dir='ltr'><strong>αὖ</strong></span> <span class='ocrx_word' id='word_1_60' title='bbox 702 941 1059 1012; x_wconf 68' lang='grc' dir='ltr'><strong>ἐκφερόμενοι</strong></span> <span class='ocrx_word' id='word_1_61' title='bbox 1131 942 1241 996; x_wconf 86' lang='grc' dir='ltr'>τῶν</span> <span class='ocrx_word' id='word_1_62' title='bbox 1298 942 1460 1000; x_wconf 89' lang='grc' dir='ltr'>θείων</span> <span class='ocrx_word' id='word_1_63' title='bbox 1505 945 1758 1015; x_wconf 77' lang='grc' dir='ltr'><strong>ἐντολῶν,</strong></span> 
     </span>
    </p>
   </div>
   <div class='ocr_carea' id='block_1_11' title="bbox 177 1030 1758 1108">
    <p class='ocr_par' dir='ltr' id='par_1_11' title="bbox 177 1030 1758 1108">
     <span class='ocr_line' id='line_1_11' title="bbox 177 1030 1758 1108; baseline 0.003 -22"><span class='ocrx_word' id='word_1_64' title='bbox 177 1035 310 1104; x_wconf 85' lang='grc' dir='ltr'>μήτ’</span> <span class='ocrx_word' id='word_1_65' title='bbox 337 1030 407 1088; x_wconf 80' lang='grc' dir='ltr'>αὖ</span> <span class='ocrx_word' id='word_1_66' title='bbox 434 1033 607 1107; x_wconf 81' lang='grc' dir='ltr'><strong>θύραν</strong></span> <span class='ocrx_word' id='word_1_67' title='bbox 638 1034 947 1101; x_wconf 88' lang='grc' dir='ltr'>ἀνοίγοντες</span> <span class='ocrx_word' id='word_1_68' title='bbox 995 1031 1296 1105; x_wconf 78' lang='grc' dir='ltr'>ἀπροσεξίᾳ</span> <span class='ocrx_word' id='word_1_69' title='bbox 1341 1039 1454 1101; x_wconf 85' lang='grc' dir='ltr'>τοϊς</span> <span class='ocrx_word' id='word_1_70' title='bbox 1491 1037 1758 1108; x_wconf 80' lang='grc' dir='ltr'><strong>ὀλεθρίοις</strong></span> 
     </span>
    </p>
   </div>
   <div class='ocr_carea' id='block_1_12' title="bbox 172 1121 1751 1198">
    <p class='ocr_par' dir='ltr' id='par_1_12' title="bbox 172 1121 1751 1198">
     <span class='ocr_line' id='line_1_12' title="bbox 172 1121 1751 1198; baseline 0.002 -21"><span class='ocrx_word' id='word_1_71' title='bbox 172 1124 432 1186; x_wconf 71' lang='grc' dir='ltr'>πάθεσιν,</span> <span class='ocrx_word' id='word_1_72' title='bbox 481 1123 622 1194; x_wconf 83' lang='grc' dir='ltr'>μήτε</span> <span class='ocrx_word' id='word_1_73' title='bbox 665 1122 771 1192; x_wconf 81' lang='grc' dir='ltr'>μὴν</span> <span class='ocrx_word' id='word_1_74' title='bbox 802 1121 1295 1194; x_wconf 81' lang='grc' dir='ltr'>κατολιγωροῦντες</span> <span class='ocrx_word' id='word_1_75' title='bbox 1326 1126 1426 1196; x_wconf 83' lang='grc' dir='ltr'>τῆς</span> <span class='ocrx_word' id='word_1_76' title='bbox 1446 1127 1751 1198; x_wconf 81' lang='grc' dir='ltr'>ἀσκήσεως,</span> 
     </span>
    </p>
   </div>
   <div class='ocr_carea' id='block_1_13' title="bbox 173 1206 1752 1285">
    <p class='ocr_par' dir='ltr' id='par_1_13' title="bbox 173 1206 1752 1285">
     <span class='ocr_line' id='line_1_13' title="bbox 173 1206 1752 1285; baseline 0.001 -19"><span class='ocrx_word' id='word_1_77' title='bbox 173 1214 234 1266; x_wconf 88' lang='grc' dir='ltr'><strong>ἐν</strong></span> <span class='ocrx_word' id='word_1_78' title='bbox 256 1211 483 1284; x_wconf 78' lang='grc' dir='ltr'><strong>Χριστῷ</strong></span> <span class='ocrx_word' id='word_1_79' title='bbox 518 1210 692 1282; x_wconf 87' lang='grc' dir='ltr'><strong>Ἰησοῦ</strong></span> <span class='ocrx_word' id='word_1_80' title='bbox 725 1210 803 1280; x_wconf 84' lang='grc' dir='ltr'><strong>τῷ</strong></span> <span class='ocrx_word' id='word_1_81' title='bbox 849 1210 1040 1282; x_wconf 80' lang='grc' dir='ltr'>Κυρίῳ</span> <span class='ocrx_word' id='word_1_82' title='bbox 1070 1211 1247 1282; x_wconf 83' lang='grc' dir='ltr'>ήμῶν,</span> <span class='ocrx_word' id='word_1_83' title='bbox 1290 1206 1334 1281; x_wconf 82' lang='grc' dir='ltr'>ᾧ</span> <span class='ocrx_word' id='word_1_84' title='bbox 1367 1216 1400 1284; x_wconf 88' lang='grc' dir='ltr'><strong>ή</strong></span> <span class='ocrx_word' id='word_1_85' title='bbox 1443 1214 1569 1279; x_wconf 82' lang='grc' dir='ltr'><strong>δόξα</strong></span> <span class='ocrx_word' id='word_1_86' title='bbox 1595 1217 1689 1268; x_wconf 76' lang='grc' dir='ltr'>καὶ</span> <span class='ocrx_word' id='word_1_87' title='bbox 1719 1216 1752 1285; x_wconf 81' lang='grc' dir='ltr'>ἡ</span> 
     </span>
    </p>
   </div>
   <div class='ocr_carea' id='block_1_14' title="bbox 171 1301 1749 1375">
    <p class='ocr_par' dir='ltr' id='par_1_14' title="bbox 171 1301 1749 1375">
     <span class='ocr_line' id='line_1_14' title="bbox 171 1301 1749 1375; baseline 0 -19"><span class='ocrx_word' id='word_1_88' title='bbox 171 1305 311 1374; x_wconf 83' lang='grc' dir='ltr'>τιμὴ</span> <span class='ocrx_word' id='word_1_89' title='bbox 340 1304 438 1357; x_wconf 78' lang='grc' dir='ltr'>καὶ</span> <span class='ocrx_word' id='word_1_90' title='bbox 464 1303 527 1356; x_wconf 80' lang='grc' dir='ltr'>τὸ</span> <span class='ocrx_word' id='word_1_91' title='bbox 575 1301 797 1374; x_wconf 83' lang='grc' dir='ltr'>κράτος,</span> <span class='ocrx_word' id='word_1_92' title='bbox 841 1302 940 1355; x_wconf 81' lang='grc' dir='ltr'>σὺν</span> <span class='ocrx_word' id='word_1_93' title='bbox 990 1301 1069 1372; x_wconf 84' lang='grc' dir='ltr'>τῷ</span> <span class='ocrx_word' id='word_1_94' title='bbox 1116 1305 1518 1375; x_wconf 84' lang='grc' dir='ltr'>παντοκράτορι</span> <span class='ocrx_word' id='word_1_95' title='bbox 1555 1305 1749 1375; x_wconf 76' lang='grc' dir='ltr'>Πατρὶ,</span> 
     </span>
    </p>
   </div>
   <div class='ocr_carea' id='block_1_15' title="bbox 172 1392 1747 1464">
    <p class='ocr_par' dir='ltr' id='par_1_15' title="bbox 172 1392 1747 1464">
     <span class='ocr_line' id='line_1_15' title="bbox 172 1392 1747 1464; baseline 0.001 -17"><span class='ocrx_word' id='word_1_96' title='bbox 172 1395 270 1450; x_wconf 80' lang='grc' dir='ltr'><strong>καὶ</strong></span> <span class='ocrx_word' id='word_1_97' title='bbox 302 1393 381 1464; x_wconf 81' lang='grc' dir='ltr'>τῷ</span> <span class='ocrx_word' id='word_1_98' title='bbox 420 1392 672 1464; x_wconf 78' lang='grc' dir='ltr'>ζωοποιῷ</span> <span class='ocrx_word' id='word_1_99' title='bbox 687 1393 784 1446; x_wconf 79' lang='grc' dir='ltr'><strong>καὶ</strong></span> <span class='ocrx_word' id='word_1_100' title='bbox 811 1392 1059 1463; x_wconf 81' lang='grc' dir='ltr'>παναγίῳ</span> <span class='ocrx_word' id='word_1_101' title='bbox 1091 1394 1390 1464; x_wconf 83' lang='grc' dir='ltr'>Πνεύματι,</span> <span class='ocrx_word' id='word_1_102' title='bbox 1414 1394 1508 1448; x_wconf 82' lang='grc' dir='ltr'>νῦν</span> <span class='ocrx_word' id='word_1_103' title='bbox 1525 1397 1616 1448; x_wconf 76' lang='grc' dir='ltr'><strong>καὶ</strong></span> <span class='ocrx_word' id='word_1_104' title='bbox 1641 1396 1747 1462; x_wconf 77' lang='grc' dir='ltr'>ἀεὶ,</span> 
     </span>
    </p>
   </div>
   <div class='ocr_carea' id='block_1_16' title="bbox 173 1484 1407 1556">
    <p class='ocr_par' dir='ltr' id='par_1_16' title="bbox 173 1484 1407 1556">
     <span class='ocr_line' id='line_1_16' title="bbox 173 1484 1407 1556; baseline -0.002 -14"><span class='ocrx_word' id='word_1_105' title='bbox 173 1488 273 1543; x_wconf 76' lang='grc' dir='ltr'><strong>καὶ</strong></span> <span class='ocrx_word' id='word_1_106' title='bbox 303 1491 383 1553; x_wconf 85' lang='grc' dir='ltr'><strong>είς</strong></span> <span class='ocrx_word' id='word_1_107' title='bbox 419 1489 550 1553; x_wconf 81' lang='grc' dir='ltr'>τοὺς</span> <span class='ocrx_word' id='word_1_108' title='bbox 572 1486 774 1549; x_wconf 86' lang='grc' dir='ltr'>αίῶνας</span> <span class='ocrx_word' id='word_1_109' title='bbox 798 1484 908 1538; x_wconf 83' lang='grc' dir='ltr'>τῶν</span> <span class='ocrx_word' id='word_1_110' title='bbox 937 1485 1170 1539; x_wconf 85' lang='grc' dir='ltr'>αίώνων.</span> <span class='ocrx_word' id='word_1_111' title='bbox 1216 1485 1407 1556; x_wconf 82' lang='grc' dir='ltr'>Ἀμήν.</span> 
     </span>
    </p>
   </div>
   <div class='ocr_carea' id='block_1_17' title="bbox 1859 583 3428 653">
    <p class='ocr_par' dir='ltr' id='par_1_17' title="bbox 1859 583 3428 653">
     <span class='ocr_line' id='line_1_17' title="bbox 1859 583 3428 653; baseline 0.008 -18"><span class='ocrx_word' id='word_1_112' title='bbox 1859 583 2129 637; x_wconf 86' lang='lat' dir='ltr'><strong>immunes</strong></span> <span class='ocrx_word' id='word_1_113' title='bbox 2151 583 2220 637; x_wconf 89' lang='lat' dir='ltr'><strong>ab</strong></span> <span class='ocrx_word' id='word_1_114' title='bbox 2246 583 2498 637; x_wconf 75' lang='lat' dir='ltr'><strong>hostibus</strong></span> <span class='ocrx_word' id='word_1_115' title='bbox 2519 583 2829 639; x_wconf 87' lang='lat' dir='ltr'><strong>visibilibus</strong></span> <span class='ocrx_word' id='word_1_116' title='bbox 2854 595 2907 640; x_wconf 90' lang='lat' dir='ltr'><strong>et</strong></span> <span class='ocrx_word' id='word_1_117' title='bbox 2940 586 3325 653; x_wconf 88' lang='lat' dir='ltr'><strong>invisibilibus,</strong></span> <span class='ocrx_word' id='word_1_118' title='bbox 3361 605 3428 648; x_wconf 80' lang='lat' dir='ltr'><strong>ne</strong></span> 
     </span>
    </p>
   </div>
   <div class='ocr_carea' id='block_1_18' title="bbox 1855 674 3426 750">
    <p class='ocr_par' dir='ltr' id='par_1_18' title="bbox 1855 674 3426 750">
     <span class='ocr_line' id='line_1_18' title="bbox 1855 674 3426 750; baseline 0.006 -24"><span class='ocrx_word' id='word_1_119' title='bbox 1855 688 1952 742; x_wconf 88' lang='lat' dir='ltr'><strong>per</strong></span> <span class='ocrx_word' id='word_1_120' title='bbox 1984 674 2234 728; x_wconf 79' lang='lat' dir='ltr'><strong>timorem</strong></span> <span class='ocrx_word' id='word_1_121' title='bbox 2267 675 2603 730; x_wconf 86' lang='lat' dir='ltr'><strong>declinemus</strong></span> <span class='ocrx_word' id='word_1_122' title='bbox 2641 689 2670 729; x_wconf 82' lang='lat' dir='ltr'><strong>a</strong></span> <span class='ocrx_word' id='word_1_123' title='bbox 2714 691 2840 731; x_wconf 85' lang='lat' dir='ltr'><strong>vera</strong></span> <span class='ocrx_word' id='word_1_124' title='bbox 2877 677 2979 733; x_wconf 84' lang='lat' dir='ltr'><strong>ﬁde</strong></span> <span class='ocrx_word' id='word_1_125' title='bbox 3013 679 3066 733; x_wconf 93' lang='lat' dir='ltr'><strong>in</strong></span> <span class='ocrx_word' id='word_1_126' title='bbox 3099 681 3308 750; x_wconf 89' lang='lat' dir='ltr'><strong>aliquo,</strong></span> <span class='ocrx_word' id='word_1_127' title='bbox 3341 681 3426 736; x_wconf 85' lang='lat' dir='ltr'><strong>vel</strong></span> 
     </span>
    </p>
   </div>
   <div class='ocr_carea' id='block_1_19' title="bbox 1853 764 3423 842">
    <p class='ocr_par' dir='ltr' id='par_1_19' title="bbox 1853 764 3423 842">
     <span class='ocr_line' id='line_1_19' title="bbox 1853 764 3423 842; baseline 0.004 -22"><span class='ocrx_word' id='word_1_128' title='bbox 1853 764 2146 821; x_wconf 80' lang='lat' dir='ltr'><strong>ell‘eramur</strong></span> <span class='ocrx_word' id='word_1_129' title='bbox 2197 776 2350 820; x_wconf 80' lang='lat' dir='ltr'><strong>extra</strong></span> <span class='ocrx_word' id='word_1_130' title='bbox 2402 765 2493 822; x_wconf 89' lang='lat' dir='ltr'><strong>Dei</strong></span> <span class='ocrx_word' id='word_1_131' title='bbox 2549 777 2858 837; x_wconf 57' lang='lat' dir='ltr'><strong>praecepta;</strong></span> <span class='ocrx_word' id='word_1_132' title='bbox 2891 785 2958 824; x_wconf 90' lang='lat' dir='ltr'><strong>ne</strong></span> <span class='ocrx_word' id='word_1_133' title='bbox 3003 786 3099 840; x_wconf 89' lang='lat' dir='ltr'><strong>per</strong></span> <span class='ocrx_word' id='word_1_134' title='bbox 3149 773 3423 842; x_wconf 87' lang='lat' dir='ltr'><strong>ignaviam</strong></span> 
     </span>
    </p>
   </div>
   <div class='ocr_carea' id='block_1_20' title="bbox 1855 857 3425 934">
    <p class='ocr_par' dir='ltr' id='par_1_20' title="bbox 1855 857 3425 934">
     <span class='ocr_line' id='line_1_20' title="bbox 1855 857 3425 934; baseline 0.005 -22"><span class='ocrx_word' id='word_1_135' title='bbox 1855 857 2412 927; x_wconf 86' lang='lat' dir='ltr'><strong>aperiamusjanuam</strong></span> <span class='ocrx_word' id='word_1_136' title='bbox 2466 860 2647 928; x_wconf 81' lang='lat' dir='ltr'><strong>pravis</strong></span> <span class='ocrx_word' id='word_1_137' title='bbox 2700 860 3028 929; x_wconf 72' lang='lat' dir='ltr'><strong>affectibus;</strong></span> <span class='ocrx_word' id='word_1_138' title='bbox 3072 879 3140 918; x_wconf 91' lang='lat' dir='ltr'><strong>ne</strong></span> <span class='ocrx_word' id='word_1_139' title='bbox 3186 865 3425 934; x_wconf 87' lang='lat' dir='ltr'><strong>denique</strong></span> 
     </span>
    </p>
   </div>
   <div class='ocr_carea' id='block_1_21' title="bbox 1859 948 3425 1022">
    <p class='ocr_par' dir='ltr' id='par_1_21' title="bbox 1859 948 3425 1022">
     <span class='ocr_line' id='line_1_21' title="bbox 1859 948 3425 1022; baseline 0.006 -20"><span class='ocrx_word' id='word_1_140' title='bbox 1859 948 2174 1004; x_wconf 78' lang='lat' dir='ltr'><strong>deﬁciamus</strong></span> <span class='ocrx_word' id='word_1_141' title='bbox 2229 949 2283 1004; x_wconf 91' lang='lat' dir='ltr'><strong>in</strong></span> <span class='ocrx_word' id='word_1_142' title='bbox 2339 951 2732 1006; x_wconf 81' lang='lat' dir='ltr'><strong>exercitatione</strong></span> <span class='ocrx_word' id='word_1_143' title='bbox 2774 954 3074 1022; x_wconf 90' lang='lat' dir='ltr'><strong>proposita,</strong></span> <span class='ocrx_word' id='word_1_144' title='bbox 3111 954 3164 1008; x_wconf 93' lang='lat' dir='ltr'><strong>in</strong></span> <span class='ocrx_word' id='word_1_145' title='bbox 3201 954 3425 1011; x_wconf 86' lang='lat' dir='ltr'><strong>Christo</strong></span> 
     </span>
    </p>
   </div>
   <div class='ocr_carea' id='block_1_22' title="bbox 1854 1037 3424 1115">
    <p class='ocr_par' dir='ltr' id='par_1_22' title="bbox 1854 1037 3424 1115">
     <span class='ocr_line' id='line_1_22' title="bbox 1854 1037 3424 1115; baseline 0.003 -21"><span class='ocrx_word' id='word_1_146' title='bbox 1854 1037 1986 1097; x_wconf 86' lang='lat' dir='ltr'><strong>Jesu</strong></span> <span class='ocrx_word' id='word_1_147' title='bbox 2033 1039 2263 1096; x_wconf 89' lang='lat' dir='ltr'><strong>Domino</strong></span> <span class='ocrx_word' id='word_1_148' title='bbox 2303 1051 2511 1107; x_wconf 89' lang='lat' dir='ltr'><strong>nostro,</strong></span> <span class='ocrx_word' id='word_1_149' title='bbox 2544 1042 2631 1096; x_wconf 92' lang='lat' dir='ltr'><strong>cui</strong></span> <span class='ocrx_word' id='word_1_150' title='bbox 2686 1053 2770 1098; x_wconf 86' lang='lat' dir='ltr'><strong>est</strong></span> <span class='ocrx_word' id='word_1_151' title='bbox 2821 1045 3015 1112; x_wconf 85' lang='lat' dir='ltr'><strong>gloria,</strong></span> <span class='ocrx_word' id='word_1_152' title='bbox 3049 1045 3227 1098; x_wconf 86' lang='lat' dir='ltr'><strong>honor</strong></span> <span class='ocrx_word' id='word_1_153' title='bbox 3249 1055 3303 1099; x_wconf 87' lang='lat' dir='ltr'><strong>et</strong></span> <span class='ocrx_word' id='word_1_154' title='bbox 3325 1061 3424 1115; x_wconf 89' lang='lat' dir='ltr'><strong>po-</strong></span> 
     </span>
    </p>
   </div>
   <div class='ocr_carea' id='block_1_23' title="bbox 1857 1134 3426 1206">
    <p class='ocr_par' dir='ltr' id='par_1_23' title="bbox 1857 1134 3426 1206">
     <span class='ocr_line' id='line_1_23' title="bbox 1857 1134 3426 1206; baseline 0.003 -19"><span class='ocrx_word' id='word_1_155' title='bbox 1857 1141 2043 1198; x_wconf 86' lang='lat' dir='ltr'><strong>testas,</strong></span> <span class='ocrx_word' id='word_1_156' title='bbox 2099 1149 2222 1188; x_wconf 91' lang='lat' dir='ltr'><strong>cum</strong></span> <span class='ocrx_word' id='word_1_157' title='bbox 2287 1134 2447 1189; x_wconf 87' lang='lat' dir='ltr'><strong>Patre</strong></span> <span class='ocrx_word' id='word_1_158' title='bbox 2488 1136 2850 1206; x_wconf 88' lang='lat' dir='ltr'><strong>omnipotenti</strong></span> <span class='ocrx_word' id='word_1_159' title='bbox 2908 1144 3071 1205; x_wconf 89' lang='lat' dir='ltr'><strong>atque</strong></span> <span class='ocrx_word' id='word_1_160' title='bbox 3127 1137 3344 1191; x_wconf 82' lang='lat' dir='ltr'><strong>vivitico</strong></span> <span class='ocrx_word' id='word_1_161' title='bbox 3371 1147 3426 1192; x_wconf 85' lang='lat' dir='ltr'><strong>et</strong></span> 
     </span>
    </p>
   </div>
   <div class='ocr_carea' id='block_1_24' title="bbox 1853 1224 3423 1297">
    <p class='ocr_par' dir='ltr' id='par_1_24' title="bbox 1853 1224 3423 1297">
     <span class='ocr_line' id='line_1_24' title="bbox 1853 1224 3423 1297; baseline 0.002 -18"><span class='ocrx_word' id='word_1_162' title='bbox 1853 1225 2205 1280; x_wconf 88' lang='lat' dir='ltr'><strong>sanctissimo</strong></span> <span class='ocrx_word' id='word_1_163' title='bbox 2231 1224 2461 1295; x_wconf 86' lang='lat' dir='ltr'><strong>Spiritu,</strong></span> <span class='ocrx_word' id='word_1_164' title='bbox 2489 1242 2656 1294; x_wconf 90' lang='lat' dir='ltr'><strong>nunc,</strong></span> <span class='ocrx_word' id='word_1_165' title='bbox 2690 1235 2744 1282; x_wconf 89' lang='lat' dir='ltr'><strong>et</strong></span> <span class='ocrx_word' id='word_1_166' title='bbox 2773 1241 3015 1297; x_wconf 87' lang='lat' dir='ltr'><strong>semper,</strong></span> <span class='ocrx_word' id='word_1_167' title='bbox 3045 1235 3097 1282; x_wconf 90' lang='lat' dir='ltr'><strong>et</strong></span> <span class='ocrx_word' id='word_1_168' title='bbox 3129 1226 3182 1280; x_wconf 91' lang='lat' dir='ltr'><strong>in</strong></span> <span class='ocrx_word' id='word_1_169' title='bbox 3218 1229 3423 1283; x_wconf 71' lang='lat' dir='ltr'><strong>sarcula</strong></span> 
     </span>
    </p>
   </div>
   <div class='ocr_carea' id='block_1_25' title="bbox 1851 1316 2438 1374">
    <p class='ocr_par' dir='ltr' id='par_1_25' title="bbox 1851 1316 2438 1374">
     <span class='ocr_line' id='line_1_25' title="bbox 1851 1316 2438 1374; baseline -0.002 -2"><span class='ocrx_word' id='word_1_170' title='bbox 1851 1316 2203 1372; x_wconf 69' lang='lat' dir='ltr'><strong>saeculorum.</strong></span> <span class='ocrx_word' id='word_1_171' title='bbox 2242 1317 2438 1374; x_wconf 82' lang='lat' dir='ltr'><strong>Amen.</strong></span> 
     </span>
    </p>
   </div>
   <div class='ocr_carea' id='block_1_26' title="bbox 1709 1745 1848 1809">
    <p class='ocr_par' dir='ltr' id='par_1_26' title="bbox 1709 1745 1848 1809">
     <span class='ocr_line' id='line_1_26' title="bbox 1709 1745 1848 1809; baseline 0.007 -1"><span class='ocrx_word' id='word_1_172' title='bbox 1709 1745 1848 1809; x_wconf 80' lang='grc' dir='ltr'><strong>ΧΠ.</strong></span> 
     </span>
    </p>
   </div>
   <div class='ocr_carea' id='block_1_27' title="bbox 1047 1915 2678 1999">
    <p class='ocr_par' dir='ltr' id='par_1_27' title="bbox 1047 1915 2678 1999">
     <span class='ocr_line' id='line_1_27' title="bbox 1047 1915 2678 1999; baseline -0.001 -20"><span class='ocrx_word' id='word_1_173' title='bbox 1047 1916 1458 1980; x_wconf 85' lang='lat' dir='ltr'><strong>LAUDATIO</strong></span> <span class='ocrx_word' id='word_1_174' title='bbox 1501 1918 1562 1980; x_wconf 94' lang='lat' dir='ltr'><strong>S.</strong></span> <span class='ocrx_word' id='word_1_175' title='bbox 1610 1915 1929 1979; x_wconf 82' lang='lat' dir='ltr'><strong>ARSENII</strong></span> <span class='ocrx_word' id='word_1_176' title='bbox 1974 1915 2564 1978; x_wconf 71' lang='lat' dir='ltr'><strong>ANACHORET/E.</strong></span> <span class='ocrx_word' id='word_1_177' title='bbox 2663 1985 2678 1999; x_wconf 35' lang='grc' dir='ltr'><strong>ι</strong></span> 
     </span>
    </p>
   </div>
   <div class='ocr_carea' id='block_1_28' title="bbox 175 2076 3419 2153">
    <p class='ocr_par' dir='ltr' id='par_1_28' title="bbox 175 2076 3419 2153">
     <span class='ocr_line' id='line_1_28' title="bbox 175 2076 3419 2153; baseline 0.001 -18"><span class='ocrx_word' id='word_1_178' title='bbox 175 2082 260 2136; x_wconf 75' lang='lat' dir='ltr'><strong>Ea:</strong></span> <span class='ocrx_word' id='word_1_179' title='bbox 296 2090 594 2153; x_wconf 73' lang='lat' dir='ltr'><strong>pervetusto</strong></span> <span class='ocrx_word' id='word_1_180' title='bbox 618 2078 792 2134; x_wconf 78' lang='lat' dir='ltr'><strong>codice</strong></span> <span class='ocrx_word' id='word_1_181' title='bbox 823 2076 970 2135; x_wconf 83' lang='lat' dir='ltr'><strong>Petri</strong></span> <span class='ocrx_word' id='word_1_182' title='bbox 1003 2076 1280 2153; x_wconf 58' lang='lat' dir='ltr'><strong>Seguierii,</strong></span> <span class='ocrx_word' id='word_1_183' title='bbox 1317 2078 1566 2132; x_wconf 74' lang='lat' dir='ltr'><strong>Francia:</strong></span> <span class='ocrx_word' id='word_1_184' title='bbox 1605 2078 1934 2153; x_wconf 55' lang='lat' dir='ltr'><strong>cancellarii,</strong></span> <span class='ocrx_word' id='word_1_185' title='bbox 1971 2080 2115 2153; x_wconf 64' lang='lat' dir='ltr'><strong>varie</strong></span> <span class='ocrx_word' id='word_1_186' title='bbox 2148 2078 2374 2153; x_wconf 48' lang='lat' dir='ltr'><strong>collato,</strong></span> <span class='ocrx_word' id='word_1_187' title='bbox 2394 2078 2693 2153; x_wconf 51' lang='lat' dir='ltr'><strong>interprete</strong></span> <span class='ocrx_word' id='word_1_188' title='bbox 2728 2081 2937 2137; x_wconf 80' lang='lat' dir='ltr'><strong>Joanne</strong></span> <span class='ocrx_word' id='word_1_189' title='bbox 2974 2081 3154 2140; x_wconf 85' lang='lat' dir='ltr'><strong>Pinio.</strong></span> <span class='ocrx_word' id='word_1_190' title='bbox 3191 2082 3419 2140; x_wconf 80' lang='lat' dir='ltr'><strong>Ediderc</strong></span> 
     </span>
    </p>
   </div>
   <div class='ocr_carea' id='block_1_29' title="bbox 1190 2147 2442 2212">
    <p class='ocr_par' dir='ltr' id='par_1_29' title="bbox 1190 2147 2442 2212">
     <span class='ocr_line' id='line_1_29' title="bbox 1190 2147 2442 2212; baseline -0.002 -9"><span class='ocrx_word' id='word_1_191' title='bbox 1190 2150 1576 2205; x_wconf 73' lang='lat' dir='ltr'><strong>BOLLANDIANI.</strong></span> <span class='ocrx_word' id='word_1_192' title='bbox 1607 2148 1727 2203; x_wconf 81' lang='lat' dir='ltr'><strong>Act.</strong></span> <span class='ocrx_word' id='word_1_193' title='bbox 1759 2147 1947 2204; x_wconf 86' lang='lat' dir='ltr'><strong>Sanct.</strong></span> <span class='ocrx_word' id='word_1_194' title='bbox 1991 2149 2099 2203; x_wconf 82' lang='lat' dir='ltr'><strong>.lul.</strong></span> <span class='ocrx_word' id='word_1_195' title='bbox 2128 2157 2166 2203; x_wconf 92' lang='lat' dir='ltr'><strong>t.</strong></span> <span class='ocrx_word' id='word_1_196' title='bbox 2197 2147 2287 2212; x_wconf 82' lang='grc' dir='ltr'><strong>ιν,</strong></span> <span class='ocrx_word' id='word_1_197' title='bbox 2316 2149 2442 2204; x_wconf 82' lang='grc'><strong>617.</strong></span> 
     </span>
    </p>
   </div>
   <div class='ocr_carea' id='block_1_30' title="bbox 759 2558 1161 2616">
    <p class='ocr_par' dir='ltr' id='par_1_30' title="bbox 759 2558 1161 2616">
     <span class='ocr_line' id='line_1_30' title="bbox 759 2558 1161 2616; baseline 0.01 -4"><span class='ocrx_word' id='word_1_198' title='bbox 759 2558 1161 2616; x_wconf 82' lang='grc' dir='ltr'><strong>ΠΡΟΟΙΜΙΟΝ.</strong></span> 
     </span>
    </p>
   </div>
   <div class='ocr_carea' id='block_1_31' title="bbox 245 2653 1751 2726">
    <p class='ocr_par' dir='ltr' id='par_1_31' title="bbox 245 2653 1751 2726">
     <span class='ocr_line' id='line_1_31' title="bbox 245 2653 1751 2726; baseline -0.004 -14"><span class='ocrx_word' id='word_1_199' title='bbox 245 2657 316 2713; x_wconf 85' lang='grc' dir='ltr'><strong>α’.</strong></span> <span class='ocrx_word' id='word_1_200' title='bbox 357 2654 563 2726; x_wconf 78' lang='grc' dir='ltr'>Ἀστὴρ</span> <span class='ocrx_word' id='word_1_201' title='bbox 594 2655 856 2725; x_wconf 71' lang='grc' dir='ltr'>ἀειφανής</span> <span class='ocrx_word' id='word_1_202' title='bbox 884 2656 1036 2726; x_wconf 80' lang='grc' dir='ltr'>ἡμῖν,</span> <span class='ocrx_word' id='word_1_203' title='bbox 1064 2657 1163 2708; x_wconf 81' lang='grc' dir='ltr'><strong>οὐκ</strong></span> <span class='ocrx_word' id='word_1_204' title='bbox 1189 2656 1248 2708; x_wconf 89' lang='grc' dir='ltr'><strong>ἐν</strong></span> <span class='ocrx_word' id='word_1_205' title='bbox 1274 2653 1351 2724; x_wconf 79' lang='grc' dir='ltr'>τῷ</span> <span class='ocrx_word' id='word_1_206' title='bbox 1377 2654 1624 2724; x_wconf 76' lang='grc' dir='ltr'>ζωδιακῷ</span> <span class='ocrx_word' id='word_1_207' title='bbox 1655 2653 1751 2708; x_wconf 83' lang='grc' dir='ltr'><strong>κύ-</strong></span> 
     </span>
    </p>
   </div>
   <div class='ocr_carea' id='block_1_32' title="bbox 179 2746 1749 2819">
    <p class='ocr_par' dir='ltr' id='par_1_32' title="bbox 179 2746 1749 2819">
     <span class='ocr_line' id='line_1_32' title="bbox 179 2746 1749 2819; baseline -0.003 -16"><span class='ocrx_word' id='word_1_208' title='bbox 179 2752 291 2819; x_wconf 83' lang='grc' dir='ltr'>κλῳ</span> <span class='ocrx_word' id='word_1_209' title='bbox 324 2748 832 2819; x_wconf 83' lang='grc' dir='ltr'>κατηριθμημένος,</span> <span class='ocrx_word' id='word_1_210' title='bbox 863 2749 978 2803; x_wconf 85' lang='grc' dir='ltr'>ἀλλ’</span> <span class='ocrx_word' id='word_1_211' title='bbox 1007 2752 1066 2802; x_wconf 88' lang='grc' dir='ltr'><strong>ἐν</strong></span> <span class='ocrx_word' id='word_1_212' title='bbox 1111 2747 1191 2819; x_wconf 33' lang='grc' dir='ltr'><strong>τῷ,</strong></span> <span class='ocrx_word' id='word_1_213' title='bbox 1213 2746 1314 2816; x_wconf 81' lang='grc' dir='ltr'>τῆς</span> <span class='ocrx_word' id='word_1_214' title='bbox 1345 2746 1548 2816; x_wconf 86' lang='grc' dir='ltr'>ἀρετῆς</span> <span class='ocrx_word' id='word_1_215' title='bbox 1583 2746 1749 2814; x_wconf 83' lang='grc' dir='ltr'>οὖρα-</span> 
     </span>
    </p>
   </div>
   <div class='ocr_carea' id='block_1_33' title="bbox 179 2835 1753 2913">
    <p class='ocr_par' dir='ltr' id='par_1_33' title="bbox 179 2835 1753 2913">
     <span class='ocr_line' id='line_1_33' title="bbox 179 2835 1753 2913; baseline -0.003 -19"><span class='ocrx_word' id='word_1_216' title='bbox 179 2842 252 2913; x_wconf 84' lang='grc' dir='ltr'><strong>νῷ</strong></span> <span class='ocrx_word' id='word_1_217' title='bbox 277 2840 694 2910; x_wconf 83' lang='grc' dir='ltr'>ἐστηριγμένος,</span> <span class='ocrx_word' id='word_1_218' title='bbox 725 2839 811 2894; x_wconf 85' lang='grc' dir='ltr'>διὰ</span> <span class='ocrx_word' id='word_1_219' title='bbox 839 2839 938 2909; x_wconf 86' lang='grc' dir='ltr'>τῆς</span> <span class='ocrx_word' id='word_1_220' title='bbox 966 2840 1181 2910; x_wconf 82' lang='grc' dir='ltr'>ἐτησίου</span> <span class='ocrx_word' id='word_1_221' title='bbox 1210 2835 1375 2891; x_wconf 84' lang='grc' dir='ltr'>αὐτοῦ</span> <span class='ocrx_word' id='word_1_222' title='bbox 1409 2840 1627 2907; x_wconf 81' lang='grc' dir='ltr'>μνήμης</span> <span class='ocrx_word' id='word_1_223' title='bbox 1658 2839 1753 2903; x_wconf 85' lang='grc' dir='ltr'>σή-</span> 
     </span>
    </p>
   </div>
   <div class='ocr_carea' id='block_1_34' title="bbox 182 2931 1751 3005">
    <p class='ocr_par' dir='ltr' id='par_1_34' title="bbox 182 2931 1751 3005">
     <span class='ocr_line' id='line_1_34' title="bbox 182 2931 1751 3005; baseline -0.003 -19"><span class='ocrx_word' id='word_1_224' title='bbox 182 2951 347 3005; x_wconf 82' lang='grc' dir='ltr'>μερον</span> <span class='ocrx_word' id='word_1_225' title='bbox 418 2931 724 2985; x_wconf 78' lang='grc' dir='ltr'>ἀνατέλλων</span> <span class='ocrx_word' id='word_1_226' title='bbox 760 2971 775 2995; x_wconf 95' lang='grc'><strong>,</strong></span> <span class='ocrx_word' id='word_1_227' title='bbox 835 2932 976 3000; x_wconf 78' lang='grc' dir='ltr'>φωτὶ</span> <span class='ocrx_word' id='word_1_228' title='bbox 1029 2931 1321 3000; x_wconf 78' lang='grc' dir='ltr'>ἀῦλωτάτῳ</span> <span class='ocrx_word' id='word_1_229' title='bbox 1384 2931 1751 2999; x_wconf 84' lang='grc' dir='ltr'>μαρμαρυγὰς</span> 
     </span>
    </p>
   </div>
   <div class='ocr_carea' id='block_1_35' title="bbox 180 3019 1745 3095">
    <p class='ocr_par' dir='ltr' id='par_1_35' title="bbox 180 3019 1745 3095">
     <span class='ocr_line' id='line_1_35' title="bbox 180 3019 1745 3095; baseline -0.004 -19"><span class='ocrx_word' id='word_1_230' title='bbox 180 3023 615 3095; x_wconf 78' lang='grc' dir='ltr'>ὑπιρλάμπρους</span> <span class='ocrx_word' id='word_1_231' title='bbox 643 3021 1014 3090; x_wconf 87' lang='grc' dir='ltr'>ἀγαθοεργίας</span> <span class='ocrx_word' id='word_1_232' title='bbox 1042 3022 1306 3091; x_wconf 78' lang='grc' dir='ltr'><strong>ἐπαφίησι</strong></span> <span class='ocrx_word' id='word_1_233' title='bbox 1333 3023 1400 3092; x_wconf 79' lang='grc' dir='ltr'>τῇ</span> <span class='ocrx_word' id='word_1_234' title='bbox 1435 3019 1745 3090; x_wconf 79' lang='grc' dir='ltr'>οίκουμένῃ.</span> 
     </span>
    </p>
   </div>
   <div class='ocr_carea' id='block_1_36' title="bbox 178 3106 1750 3183">
    <p class='ocr_par' dir='ltr' id='par_1_36' title="bbox 178 3106 1750 3183">
     <span class='ocr_line' id='line_1_36' title="bbox 178 3106 1750 3183; baseline -0.001 -17"><span class='ocrx_word' id='word_1_235' title='bbox 178 3115 272 3175; x_wconf 88' lang='grc' dir='ltr'>Τίς</span> <span class='ocrx_word' id='word_1_236' title='bbox 304 3113 364 3166; x_wconf 85' lang='grc' dir='ltr'>δέ</span> <span class='ocrx_word' id='word_1_237' title='bbox 401 3115 551 3166; x_wconf 83' lang='grc' dir='ltr'>ἐστιν</span> <span class='ocrx_word' id='word_1_238' title='bbox 587 3107 763 3176; x_wconf 74' lang='grc' dir='ltr'>οὗτος,</span> <span class='ocrx_word' id='word_1_239' title='bbox 796 3106 842 3166; x_wconf 82' lang='grc' dir='ltr'><strong>ὦ</strong></span> <span class='ocrx_word' id='word_1_240' title='bbox 881 3112 1130 3182; x_wconf 83' lang='grc' dir='ltr'>φιλάγιον</span> <span class='ocrx_word' id='word_1_241' title='bbox 1160 3113 1466 3183; x_wconf 87' lang='grc' dir='ltr'>ἀθροισμα;</span> <span class='ocrx_word' id='word_1_242' title='bbox 1506 3111 1564 3164; x_wconf 85' lang='grc' dir='ltr'>Ὀ</span> <span class='ocrx_word' id='word_1_243' title='bbox 1595 3111 1750 3178; x_wconf 80' lang='grc' dir='ltr'>ἰσάγ-</span> 
     </span>
    </p>
   </div>
   <div class='ocr_carea' id='block_1_37' title="bbox 178 3203 1751 3276">
    <p class='ocr_par' dir='ltr' id='par_1_37' title="bbox 178 3203 1751 3276">
     <span class='ocr_line' id='line_1_37' title="bbox 178 3203 1751 3276; baseline -0.001 -19"><span class='ocrx_word' id='word_1_244' title='bbox 178 3205 332 3274; x_wconf 81' lang='grc' dir='ltr'>γελος</span> <span class='ocrx_word' id='word_1_245' title='bbox 365 3204 666 3275; x_wconf 81' lang='grc' dir='ltr'>Ἀρσένιος,</span> <span class='ocrx_word' id='word_1_246' title='bbox 695 3205 724 3256; x_wconf 88' lang='grc' dir='ltr'><strong>ό</strong></span> <span class='ocrx_word' id='word_1_247' title='bbox 751 3203 850 3274; x_wconf 79' lang='grc' dir='ltr'>τὴν</span> <span class='ocrx_word' id='word_1_248' title='bbox 878 3205 1079 3275; x_wconf 78' lang='grc' dir='ltr'>ἀρετὴν</span> <span class='ocrx_word' id='word_1_249' title='bbox 1111 3204 1420 3276; x_wconf 83' lang='grc' dir='ltr'>ἀπρόσιτος,</span> <span class='ocrx_word' id='word_1_250' title='bbox 1452 3204 1514 3256; x_wconf 84' lang='grc' dir='ltr'>τὸ</span> <span class='ocrx_word' id='word_1_251' title='bbox 1539 3206 1636 3272; x_wconf 83' lang='grc' dir='ltr'>τῆς</span> <span class='ocrx_word' id='word_1_252' title='bbox 1657 3220 1751 3256; x_wconf 83' lang='grc' dir='ltr'>τα-</span> 
     </span>
    </p>
   </div>
   <div class='ocr_carea' id='block_1_38' title="bbox 179 3292 1750 3369">
    <p class='ocr_par' dir='ltr' id='par_1_38' title="bbox 179 3292 1750 3369">
     <span class='ocr_line' id='line_1_38' title="bbox 179 3292 1750 3369; baseline -0.004 -18"><span class='ocrx_word' id='word_1_253' title='bbox 179 3298 494 3360; x_wconf 81' lang='grc' dir='ltr'>πεινὼσεως</span> <span class='ocrx_word' id='word_1_254' title='bbox 527 3295 682 3366; x_wconf 78' lang='grc' dir='ltr'>ὕψος,</span> <span class='ocrx_word' id='word_1_255' title='bbox 709 3296 770 3348; x_wconf 87' lang='grc' dir='ltr'>τὸ</span> <span class='ocrx_word' id='word_1_256' title='bbox 797 3295 896 3365; x_wconf 87' lang='grc' dir='ltr'><strong>τῆς</strong></span> <span class='ocrx_word' id='word_1_257' title='bbox 926 3295 1268 3362; x_wconf 80' lang='grc' dir='ltr'>κατανύξεως</span> <span class='ocrx_word' id='word_1_258' title='bbox 1297 3296 1530 3369; x_wconf 78' lang='grc' dir='ltr'>ῥεῖθρον,</span> <span class='ocrx_word' id='word_1_259' title='bbox 1562 3292 1623 3350; x_wconf 72' lang='grc' dir='ltr'>οὗ</span> <span class='ocrx_word' id='word_1_260' title='bbox 1658 3295 1750 3348; x_wconf 79' lang='grc' dir='ltr'>καὶ</span> 
     </span>
    </p>
   </div>
   <div class='ocr_carea' id='block_1_39' title="bbox 178 3386 1746 3462">
    <p class='ocr_par' dir='ltr' id='par_1_39' title="bbox 178 3386 1746 3462">
     <span class='ocr_line' id='line_1_39' title="bbox 178 3386 1746 3462; baseline -0.003 -19"><span class='ocrx_word' id='word_1_261' title='bbox 178 3392 212 3462; x_wconf 67' lang='grc' dir='ltr'><strong>ἡ</strong></span> <span class='ocrx_word' id='word_1_262' title='bbox 245 3391 435 3460; x_wconf 82' lang='grc' dir='ltr'>μνήμη</span> <span class='ocrx_word' id='word_1_263' title='bbox 464 3389 599 3460; x_wconf 90' lang='grc' dir='ltr'>μόνη</span> <span class='ocrx_word' id='word_1_264' title='bbox 631 3388 976 3459; x_wconf 83' lang='grc' dir='ltr'>παράκλησίς</span> <span class='ocrx_word' id='word_1_265' title='bbox 994 3390 1142 3442; x_wconf 87' lang='grc' dir='ltr'>ἐστιν</span> <span class='ocrx_word' id='word_1_266' title='bbox 1165 3390 1245 3452; x_wconf 80' lang='grc' dir='ltr'><strong>είς</strong></span> <span class='ocrx_word' id='word_1_267' title='bbox 1267 3389 1464 3459; x_wconf 85' lang='grc' dir='ltr'>ἀρετῆς</span> <span class='ocrx_word' id='word_1_268' title='bbox 1491 3386 1746 3440; x_wconf 84' lang='grc' dir='ltr'>ἐπίδοσιν.</span> 
     </span>
    </p>
   </div>
   <div class='ocr_carea' id='block_1_40' title="bbox 181 3479 1751 3552">
    <p class='ocr_par' dir='ltr' id='par_1_40' title="bbox 181 3479 1751 3552">
     <span class='ocr_line' id='line_1_40' title="bbox 181 3479 1751 3552; baseline -0.003 -17"><span class='ocrx_word' id='word_1_269' title='bbox 181 3482 287 3536; x_wconf 76' lang='grc' dir='ltr'>Καί</span> <span class='ocrx_word' id='word_1_270' title='bbox 321 3498 412 3552; x_wconf 86' lang='grc' dir='ltr'><strong>μοι</strong></span> <span class='ocrx_word' id='word_1_271' title='bbox 438 3480 739 3549; x_wconf 76' lang='grc' dir='ltr'>θαυμάζειν</span> <span class='ocrx_word' id='word_1_272' title='bbox 761 3479 969 3550; x_wconf 85' lang='grc' dir='ltr'>ἐπίησι,</span> <span class='ocrx_word' id='word_1_273' title='bbox 994 3481 1112 3543; x_wconf 85' lang='grc' dir='ltr'>πῶς</span> <span class='ocrx_word' id='word_1_274' title='bbox 1132 3481 1241 3533; x_wconf 85' lang='grc' dir='ltr'>τῶν</span> <span class='ocrx_word' id='word_1_275' title='bbox 1262 3480 1436 3534; x_wconf 82' lang='grc' dir='ltr'>ἀλλων</span> <span class='ocrx_word' id='word_1_276' title='bbox 1467 3479 1751 3549; x_wconf 84' lang='grc' dir='ltr'>μακαρίων</span> 
     </span>
    </p>
   </div>
   <div class='ocr_carea' id='block_1_41' title="bbox 178 3566 1750 3639">
    <p class='ocr_par' dir='ltr' id='par_1_41' title="bbox 178 3566 1750 3639">
     <span class='ocr_line' id='line_1_41' title="bbox 178 3566 1750 3639; baseline 0 -19"><span class='ocrx_word' id='word_1_277' title='bbox 178 3568 410 3638; x_wconf 84' lang='grc' dir='ltr'>ἀνδρῶν,</span> <span class='ocrx_word' id='word_1_278' title='bbox 447 3567 602 3633; x_wconf 82' lang='grc' dir='ltr'>παρὰ</span> <span class='ocrx_word' id='word_1_279' title='bbox 638 3566 744 3618; x_wconf 84' lang='grc' dir='ltr'>τῶν</span> <span class='ocrx_word' id='word_1_280' title='bbox 777 3568 916 3620; x_wconf 74' lang='grc' dir='ltr'>κατὰ</span> <span class='ocrx_word' id='word_1_281' title='bbox 945 3569 1135 3638; x_wconf 80' lang='grc' dir='ltr'>καιρὸν</span> <span class='ocrx_word' id='word_1_282' title='bbox 1174 3569 1272 3639; x_wconf 86' lang='grc' dir='ltr'><strong>τῆς</strong></span> <span class='ocrx_word' id='word_1_283' title='bbox 1300 3568 1504 3638; x_wconf 82' lang='grc' dir='ltr'>ἀρετῆς</span> <span class='ocrx_word' id='word_1_284' title='bbox 1531 3569 1750 3624; x_wconf 90' lang='grc' dir='ltr'>ἐπαινε-</span> 
     </span>
    </p>
   </div>
   <div class='ocr_carea' id='block_1_42' title="bbox 179 3656 1748 3729">
    <p class='ocr_par' dir='ltr' id='par_1_42' title="bbox 179 3656 1748 3729">
     <span class='ocr_line' id='line_1_42' title="bbox 179 3656 1748 3729; baseline 0 -18"><span class='ocrx_word' id='word_1_285' title='bbox 179 3659 304 3721; x_wconf 85' lang='grc' dir='ltr'>τῶν,</span> <span class='ocrx_word' id='word_1_286' title='bbox 337 3659 449 3711; x_wconf 85' lang='grc' dir='ltr'>τῶν</span> <span class='ocrx_word' id='word_1_287' title='bbox 481 3656 613 3726; x_wconf 79' lang='grc' dir='ltr'>βίων</span> <span class='ocrx_word' id='word_1_288' title='bbox 641 3657 1168 3729; x_wconf 87' lang='grc' dir='ltr'>ἀναγεγραμμένων,</span> <span class='ocrx_word' id='word_1_289' title='bbox 1211 3660 1304 3713; x_wconf 72' lang='grc' dir='ltr'><strong>καὶ</strong></span> <span class='ocrx_word' id='word_1_290' title='bbox 1339 3662 1460 3721; x_wconf 83' lang='grc' dir='ltr'>ταῖς</span> <span class='ocrx_word' id='word_1_291' title='bbox 1502 3661 1613 3712; x_wconf 85' lang='grc' dir='ltr'>τῶν</span> <span class='ocrx_word' id='word_1_292' title='bbox 1653 3661 1748 3726; x_wconf 89' lang='grc' dir='ltr'>ἐγ-</span> 
     </span>
    </p>
   </div>
   <div class='ocr_carea' id='block_1_43' title="bbox 181 3747 1750 3822">
    <p class='ocr_par' dir='ltr' id='par_1_43' title="bbox 181 3747 1750 3822">
     <span class='ocr_line' id='line_1_43' title="bbox 181 3747 1750 3822; baseline 0 -19"><span class='ocrx_word' id='word_1_293' title='bbox 181 3751 403 3819; x_wconf 88' lang='grc' dir='ltr'>κωμίων</span> <span class='ocrx_word' id='word_1_294' title='bbox 451 3747 626 3818; x_wconf 84' lang='grc' dir='ltr'>βολίσι</span> <span class='ocrx_word' id='word_1_295' title='bbox 676 3751 1219 3820; x_wconf 85' lang='grc' dir='ltr'>καταστραπτόντων,</span> <span class='ocrx_word' id='word_1_296' title='bbox 1249 3751 1406 3804; x_wconf 74' lang='grc' dir='ltr'>τοῦδε</span> <span class='ocrx_word' id='word_1_297' title='bbox 1451 3751 1545 3804; x_wconf 82' lang='grc' dir='ltr'><strong>τοῦ</strong></span> <span class='ocrx_word' id='word_1_298' title='bbox 1593 3767 1750 3822; x_wconf 89' lang='grc' dir='ltr'>τρισ-</span> 
     </span>
    </p>
   </div>
   <div class='ocr_carea' id='block_1_44' title="bbox 2447 2561 2829 2621">
    <p class='ocr_par' dir='ltr' id='par_1_44' title="bbox 2447 2561 2829 2621">
     <span class='ocr_line' id='line_1_44' title="bbox 2447 2561 2829 2621; baseline 0.01 -4"><span class='ocrx_word' id='word_1_299' title='bbox 2447 2561 2713 2619; x_wconf 81' lang='lat' dir='ltr'><strong>PROLOG</strong></span> <span class='ocrx_word' id='word_1_300' title='bbox 2725 2563 2829 2621; x_wconf 92' lang='lat' dir='ltr'><strong>US.</strong></span> 
     </span>
    </p>
   </div>
   <div class='ocr_carea' id='block_1_45' title="bbox 1923 2654 3421 2727">
    <p class='ocr_par' dir='ltr' id='par_1_45' title="bbox 1923 2654 3421 2727">
     <span class='ocr_line' id='line_1_45' title="bbox 1923 2654 3421 2727; baseline -0.001 -17"><span class='ocrx_word' id='word_1_301' title='bbox 1923 2657 1975 2710; x_wconf 73' lang='grc' dir='ltr'>ί.</span> <span class='ocrx_word' id='word_1_302' title='bbox 2020 2656 2184 2711; x_wconf 85' lang='lat' dir='ltr'><strong>Stella</strong></span> <span class='ocrx_word' id='word_1_303' title='bbox 2217 2663 2476 2726; x_wconf 90' lang='lat' dir='ltr'><strong>perpetuo</strong></span> <span class='ocrx_word' id='word_1_304' title='bbox 2511 2655 2672 2712; x_wconf 84' lang='lat' dir='ltr'><strong>nobis</strong></span> <span class='ocrx_word' id='word_1_305' title='bbox 2718 2671 3008 2727; x_wconf 87' lang='lat' dir='ltr'><strong>apparens,</strong></span> <span class='ocrx_word' id='word_1_306' title='bbox 3057 2671 3165 2711; x_wconf 89' lang='lat' dir='ltr'><strong>non</strong></span> <span class='ocrx_word' id='word_1_307' title='bbox 3200 2654 3421 2710; x_wconf 76' lang='lat' dir='ltr'><strong>zodiaca</strong></span> 
     </span>
    </p>
   </div>
   <div class='ocr_carea' id='block_1_46' title="bbox 1850 2747 3423 2816">
    <p class='ocr_par' dir='ltr' id='par_1_46' title="bbox 1850 2747 3423 2816">
     <span class='ocr_line' id='line_1_46' title="bbox 1850 2747 3423 2816; baseline 0 -15"><span class='ocrx_word' id='word_1_308' title='bbox 1850 2748 2056 2803; x_wconf 79' lang='lat' dir='ltr'><strong>circulo</strong></span> <span class='ocrx_word' id='word_1_309' title='bbox 2073 2757 2451 2812; x_wconf 91' lang='lat' dir='ltr'><strong>annumerata,</strong></span> <span class='ocrx_word' id='word_1_310' title='bbox 2473 2747 2564 2802; x_wconf 92' lang='lat' dir='ltr'><strong>sed</strong></span> <span class='ocrx_word' id='word_1_311' title='bbox 2585 2747 2639 2801; x_wconf 90' lang='lat' dir='ltr'><strong>in</strong></span> <span class='ocrx_word' id='word_1_312' title='bbox 2659 2749 2878 2804; x_wconf 83' lang='lat' dir='ltr'><strong>virtutis</strong></span> <span class='ocrx_word' id='word_1_313' title='bbox 2903 2749 3045 2805; x_wconf 68' lang='lat' dir='ltr'><strong>(telo</strong></span> <span class='ocrx_word' id='word_1_314' title='bbox 3066 2748 3303 2811; x_wconf 83' lang='lat' dir='ltr'><strong>ﬁrmata,</strong></span> <span class='ocrx_word' id='word_1_315' title='bbox 3328 2763 3423 2816; x_wconf 88' lang='lat' dir='ltr'><strong>per</strong></span> 
     </span>
    </p>
   </div>
   <div class='ocr_carea' id='block_1_47' title="bbox 1851 2838 3424 2903">
    <p class='ocr_par' dir='ltr' id='par_1_47' title="bbox 1851 2838 3424 2903">
     <span class='ocr_line' id='line_1_47' title="bbox 1851 2838 3424 2903; baseline 0.001 -11"><span class='ocrx_word' id='word_1_316' title='bbox 1851 2838 2281 2893; x_wconf 89' lang='lat' dir='ltr'><strong>anniversariam</strong></span> <span class='ocrx_word' id='word_1_317' title='bbox 2347 2852 2502 2892; x_wconf 89' lang='lat' dir='ltr'><strong>suam</strong></span> <span class='ocrx_word' id='word_1_318' title='bbox 2548 2839 2871 2894; x_wconf 84' lang='lat' dir='ltr'><strong>memoriam</strong></span> <span class='ocrx_word' id='word_1_319' title='bbox 2933 2840 3092 2894; x_wconf 87' lang='lat' dir='ltr'><strong>hodie</strong></span> <span class='ocrx_word' id='word_1_320' title='bbox 3150 2841 3424 2903; x_wconf 84' lang='lat' dir='ltr'><strong>exoriens,</strong></span> 
     </span>
    </p>
   </div>
   <div class='ocr_carea' id='block_1_48' title="bbox 1851 2929 3423 3005">
    <p class='ocr_par' dir='ltr' id='par_1_48' title="bbox 1851 2929 3423 3005">
     <span class='ocr_line' id='line_1_48' title="bbox 1851 2929 3423 3005; baseline 0.001 -22"><span class='ocrx_word' id='word_1_321' title='bbox 1851 2930 2320 3005; x_wconf 85' lang='lat' dir='ltr'><strong>splendidissimas</strong></span> <span class='ocrx_word' id='word_1_322' title='bbox 2348 2929 2614 2983; x_wconf 88' lang='lat' dir='ltr'><strong>bonorum</strong></span> <span class='ocrx_word' id='word_1_323' title='bbox 2641 2944 2867 2999; x_wconf 90' lang='lat' dir='ltr'><strong>operum</strong></span> <span class='ocrx_word' id='word_1_324' title='bbox 2890 2932 3301 2986; x_wconf 87' lang='lat' dir='ltr'><strong>coruscationes</strong></span> <span class='ocrx_word' id='word_1_325' title='bbox 3327 2932 3423 2985; x_wconf 84' lang='lat' dir='ltr'><strong>de-</strong></span> 
     </span>
    </p>
   </div>
   <div class='ocr_carea' id='block_1_49' title="bbox 1854 3019 3424 3090">
    <p class='ocr_par' dir='ltr' id='par_1_49' title="bbox 1854 3019 3424 3090">
     <span class='ocr_line' id='line_1_49' title="bbox 1854 3019 3424 3090; baseline 0.001 -18"><span class='ocrx_word' id='word_1_326' title='bbox 1854 3019 2192 3075; x_wconf 69' lang='lat' dir='ltr'><strong>lrecatissitna</strong></span> <span class='ocrx_word' id='word_1_327' title='bbox 2215 3019 2333 3074; x_wconf 87' lang='lat' dir='ltr'><strong>luce</strong></span> <span class='ocrx_word' id='word_1_328' title='bbox 2361 3019 2606 3073; x_wconf 87' lang='lat' dir='ltr'><strong>immittit</strong></span> <span class='ocrx_word' id='word_1_329' title='bbox 2627 3021 2746 3076; x_wconf 88' lang='lat' dir='ltr'><strong>orbi</strong></span> <span class='ocrx_word' id='word_1_330' title='bbox 2776 3030 3066 3076; x_wconf 82' lang='lat' dir='ltr'><strong>terrarum.</strong></span> <span class='ocrx_word' id='word_1_331' title='bbox 3092 3022 3424 3090; x_wconf 73' lang='lat' dir='ltr'><strong>Atquzenam</strong></span> 
     </span>
    </p>
   </div>
   <div class='ocr_carea' id='block_1_50' title="bbox 1854 3110 3426 3173">
    <p class='ocr_par' dir='ltr' id='par_1_50' title="bbox 1854 3110 3426 3173">
     <span class='ocr_line' id='line_1_50' title="bbox 1854 3110 3426 3173; baseline 0.002 -9"><span class='ocrx_word' id='word_1_332' title='bbox 1854 3112 1943 3165; x_wconf 89' lang='lat' dir='ltr'><strong>illa</strong></span> <span class='ocrx_word' id='word_1_333' title='bbox 1983 3121 2086 3173; x_wconf 88' lang='lat' dir='ltr'><strong>est,</strong></span> <span class='ocrx_word' id='word_1_334' title='bbox 2119 3127 2152 3164; x_wconf 90' lang='grc' dir='ltr'><strong>ο</strong></span> <span class='ocrx_word' id='word_1_335' title='bbox 2192 3110 2498 3166; x_wconf 85' lang='lat' dir='ltr'><strong>sanctitatis</strong></span> <span class='ocrx_word' id='word_1_336' title='bbox 2539 3121 2787 3166; x_wconf 87' lang='lat' dir='ltr'><strong>amantes</strong></span> <span class='ocrx_word' id='word_1_337' title='bbox 2820 3113 3134 3167; x_wconf 87' lang='lat' dir='ltr'><strong>auditores?</strong></span> <span class='ocrx_word' id='word_1_338' title='bbox 3164 3114 3426 3168; x_wconf 83' lang='lat' dir='ltr'><strong>Arsenins</strong></span> 
     </span>
    </p>
   </div>
   <div class='ocr_carea' id='block_1_51' title="bbox 1851 3201 3426 3272">
    <p class='ocr_par' dir='ltr' id='par_1_51' title="bbox 1851 3201 3426 3272">
     <span class='ocr_line' id='line_1_51' title="bbox 1851 3201 3426 3272; baseline 0 -16"><span class='ocrx_word' id='word_1_339' title='bbox 1851 3211 1952 3264; x_wconf 87' lang='lat' dir='ltr'><strong>est,</strong></span> <span class='ocrx_word' id='word_1_340' title='bbox 1984 3201 2188 3272; x_wconf 77' lang='lat' dir='ltr'><strong>angelis</strong></span> <span class='ocrx_word' id='word_1_341' title='bbox 2227 3217 2344 3271; x_wconf 89' lang='lat' dir='ltr'><strong>par,</strong></span> <span class='ocrx_word' id='word_1_342' title='bbox 2383 3202 2582 3255; x_wconf 89' lang='lat' dir='ltr'><strong>virtute</strong></span> <span class='ocrx_word' id='word_1_343' title='bbox 2623 3203 2959 3266; x_wconf 87' lang='lat' dir='ltr'><strong>inaccessus,</strong></span> <span class='ocrx_word' id='word_1_344' title='bbox 2985 3202 3308 3258; x_wconf 86' lang='lat' dir='ltr'><strong>humilitatis</strong></span> <span class='ocrx_word' id='word_1_345' title='bbox 3349 3205 3426 3256; x_wconf 89' lang='lat' dir='ltr'><strong>al-</strong></span> 
     </span>
    </p>
   </div>
   <div class='ocr_carea' id='block_1_52' title="bbox 1853 3291 3425 3362">
    <p class='ocr_par' dir='ltr' id='par_1_52' title="bbox 1853 3291 3425 3362">
     <span class='ocr_line' id='line_1_52' title="bbox 1853 3291 3425 3362; baseline -0.001 -17"><span class='ocrx_word' id='word_1_346' title='bbox 1853 3293 2048 3356; x_wconf 81' lang='lat' dir='ltr'><strong>titudo,</strong></span> <span class='ocrx_word' id='word_1_347' title='bbox 2079 3295 2328 3347; x_wconf 76' lang='lat' dir='ltr'><strong>ascetieae</strong></span> <span class='ocrx_word' id='word_1_348' title='bbox 2354 3291 2656 3360; x_wconf 67' lang='lat' dir='ltr'><strong>disciplinae</strong></span> <span class='ocrx_word' id='word_1_349' title='bbox 2675 3293 2869 3362; x_wconf 85' lang='lat' dir='ltr'><strong>gloria,</strong></span> <span class='ocrx_word' id='word_1_350' title='bbox 2900 3293 3210 3348; x_wconf 88' lang='lat' dir='ltr'><strong>solitudinis</strong></span> <span class='ocrx_word' id='word_1_351' title='bbox 3238 3294 3425 3354; x_wconf 85' lang='lat' dir='ltr'><strong>robur,</strong></span> 
     </span>
    </p>
   </div>
   <div class='ocr_carea' id='block_1_53' title="bbox 1853 3380 3427 3452">
    <p class='ocr_par' dir='ltr' id='par_1_53' title="bbox 1853 3380 3427 3452">
     <span class='ocr_line' id='line_1_53' title="bbox 1853 3380 3427 3452; baseline 0 -16"><span class='ocrx_word' id='word_1_352' title='bbox 1853 3383 2290 3452; x_wconf 85' lang='lat' dir='ltr'><strong>compunctionis</strong></span> <span class='ocrx_word' id='word_1_353' title='bbox 2334 3380 2635 3448; x_wconf 83' lang='lat' dir='ltr'><strong>ﬂuentum;</strong></span> <span class='ocrx_word' id='word_1_354' title='bbox 2677 3383 2834 3451; x_wconf 87' lang='lat' dir='ltr'><strong>cujus</strong></span> <span class='ocrx_word' id='word_1_355' title='bbox 2869 3382 2952 3437; x_wconf 89' lang='lat' dir='ltr'><strong>vel</strong></span> <span class='ocrx_word' id='word_1_356' title='bbox 3002 3383 3116 3438; x_wconf 90' lang='lat' dir='ltr'><strong>sola</strong></span> <span class='ocrx_word' id='word_1_357' title='bbox 3164 3384 3427 3437; x_wconf 89' lang='lat' dir='ltr'><strong>memoria</strong></span> 
     </span>
    </p>
   </div>
   <div class='ocr_carea' id='block_1_54' title="bbox 1852 3473 3427 3544">
    <p class='ocr_par' dir='ltr' id='par_1_54' title="bbox 1852 3473 3427 3544">
     <span class='ocr_line' id='line_1_54' title="bbox 1852 3473 3427 3544; baseline -0.001 -16"><span class='ocrx_word' id='word_1_358' title='bbox 1852 3476 1916 3528; x_wconf 88' lang='lat' dir='ltr'><strong>ad</strong></span> <span class='ocrx_word' id='word_1_359' title='bbox 1942 3489 2287 3544; x_wconf 82' lang='lat' dir='ltr'><strong>progressum</strong></span> <span class='ocrx_word' id='word_1_360' title='bbox 2321 3473 2374 3527; x_wconf 93' lang='lat' dir='ltr'><strong>in</strong></span> <span class='ocrx_word' id='word_1_361' title='bbox 2408 3474 2607 3528; x_wconf 89' lang='lat' dir='ltr'><strong>virtute</strong></span> <span class='ocrx_word' id='word_1_362' title='bbox 2637 3475 3048 3528; x_wconf 80' lang='lat' dir='ltr'><strong>incitamentum</strong></span> <span class='ocrx_word' id='word_1_363' title='bbox 3080 3483 3181 3528; x_wconf 88' lang='lat' dir='ltr'><strong>est.</strong></span> <span class='ocrx_word' id='word_1_364' title='bbox 3211 3476 3276 3528; x_wconf 87' lang='lat' dir='ltr'><strong>Et</strong></span> <span class='ocrx_word' id='word_1_365' title='bbox 3297 3489 3427 3528; x_wconf 86' lang='lat' dir='ltr'><strong>vero</strong></span> 
     </span>
    </p>
   </div>
   <div class='ocr_carea' id='block_1_55' title="bbox 1852 3568 3428 3638">
    <p class='ocr_par' dir='ltr' id='par_1_55' title="bbox 1852 3568 3428 3638">
     <span class='ocr_line' id='line_1_55' title="bbox 1852 3568 3428 3638; baseline 0.001 -17"><span class='ocrx_word' id='word_1_366' title='bbox 1852 3570 2037 3623; x_wconf 90' lang='lat' dir='ltr'><strong>mirari</strong></span> <span class='ocrx_word' id='word_1_367' title='bbox 2078 3570 2245 3634; x_wconf 89' lang='lat' dir='ltr'><strong>subit,</strong></span> <span class='ocrx_word' id='word_1_368' title='bbox 2277 3569 2407 3636; x_wconf 88' lang='lat' dir='ltr'><strong>quid</strong></span> <span class='ocrx_word' id='word_1_369' title='bbox 2439 3569 2530 3636; x_wconf 88' lang='lat' dir='ltr'><strong>sit,</strong></span> <span class='ocrx_word' id='word_1_370' title='bbox 2559 3568 2727 3638; x_wconf 87' lang='lat' dir='ltr'><strong>quod.</strong></span> <span class='ocrx_word' id='word_1_371' title='bbox 2761 3579 3048 3638; x_wconf 85' lang='lat' dir='ltr'><strong>postquam</strong></span> <span class='ocrx_word' id='word_1_372' title='bbox 3082 3569 3309 3624; x_wconf 78' lang='lat' dir='ltr'><strong>aliorum</strong></span> <span class='ocrx_word' id='word_1_373' title='bbox 3347 3571 3428 3623; x_wconf 74' lang='lat' dir='ltr'><strong>vi-</strong></span> 
     </span>
    </p>
   </div>
   <div class='ocr_carea' id='block_1_56' title="bbox 1851 3659 3439 3723">
    <p class='ocr_par' dir='ltr' id='par_1_56' title="bbox 1851 3659 3439 3723">
     <span class='ocr_line' id='line_1_56' title="bbox 1851 3659 3439 3723; baseline 0.003 -13"><span class='ocrx_word' id='word_1_374' title='bbox 1851 3672 2035 3712; x_wconf 88' lang='lat' dir='ltr'><strong>rorum</strong></span> <span class='ocrx_word' id='word_1_375' title='bbox 2072 3659 2375 3722; x_wconf 82' lang='lat' dir='ltr'><strong>beatorum,</strong></span> <span class='ocrx_word' id='word_1_376' title='bbox 2417 3660 2636 3714; x_wconf 87' lang='lat' dir='ltr'><strong>virtutis</strong></span> <span class='ocrx_word' id='word_1_377' title='bbox 2671 3674 2838 3713; x_wconf 88' lang='lat' dir='ltr'><strong>causa</strong></span> <span class='ocrx_word' id='word_1_378' title='bbox 2886 3660 3261 3723; x_wconf 87' lang='lat' dir='ltr'><strong>laudabilium,</strong></span> <span class='ocrx_word' id='word_1_379' title='bbox 3309 3661 3439 3723; x_wconf 13' lang='lat' dir='ltr'><strong>vitae,</strong></span> 
     </span>
    </p>
   </div>
   <div class='ocr_carea' id='block_1_57' title="bbox 1853 3750 3426 3821">
    <p class='ocr_par' dir='ltr' id='par_1_57' title="bbox 1853 3750 3426 3821">
     <span class='ocr_line' id='line_1_57' title="bbox 1853 3750 3426 3821; baseline 0 -16"><span class='ocrx_word' id='word_1_380' title='bbox 1853 3752 2173 3820; x_wconf 71' lang='lat' dir='ltr'><strong>conscriptae</strong></span> <span class='ocrx_word' id='word_1_381' title='bbox 2229 3760 2380 3815; x_wconf 91' lang='lat' dir='ltr'><strong>sunt,</strong></span> <span class='ocrx_word' id='word_1_382' title='bbox 2451 3752 2848 3820; x_wconf 63' lang='lat' dir='ltr'><strong>praeconiorum</strong></span> <span class='ocrx_word' id='word_1_383' title='bbox 2909 3752 3078 3806; x_wconf 89' lang='lat' dir='ltr'><strong>radiis</strong></span> <span class='ocrx_word' id='word_1_384' title='bbox 3143 3750 3426 3821; x_wconf 82' lang='lat' dir='ltr'><strong>fulgentes,</strong></span> 
     </span>
    </p>
   </div>
   <div class='ocr_carea' id='block_1_58' title="bbox 182 3838 1775 3911">
    <p class='ocr_par' dir='ltr' id='par_1_58' title="bbox 182 3838 1744 3911">
     <span class='ocr_line' id='line_1_58' title="bbox 182 3838 1744 3911; baseline 0.001 -19"><span class='ocrx_word' id='word_1_385' title='bbox 182 3841 430 3909; x_wconf 82' lang='grc' dir='ltr'>μάκαρος</span> <span class='ocrx_word' id='word_1_386' title='bbox 473 3841 503 3892; x_wconf 83' lang='grc' dir='ltr'><em>ὁ</em></span> <span class='ocrx_word' id='word_1_387' title='bbox 549 3838 662 3907; x_wconf 83' lang='grc' dir='ltr'>βίος</span> <span class='ocrx_word' id='word_1_388' title='bbox 692 3840 1042 3910; x_wconf 89' lang='grc' dir='ltr'>ἀνιστόρητος</span> <span class='ocrx_word' id='word_1_389' title='bbox 1065 3841 1244 3911; x_wconf 81' lang='grc' dir='ltr'>είάθη,</span> <span class='ocrx_word' id='word_1_390' title='bbox 1288 3841 1427 3911; x_wconf 83' lang='grc' dir='ltr'>πλὴν</span> <span class='ocrx_word' id='word_1_391' title='bbox 1457 3841 1582 3894; x_wconf 84' lang='grc' dir='ltr'>ὅσον</span> <span class='ocrx_word' id='word_1_392' title='bbox 1611 3858 1744 3894; x_wconf 87' lang='grc' dir='ltr'>σπο-</span> 
     </span>
    </p>
   </div>
   <div class='ocr_carea' id='block_1_59' title="bbox 1855 3838 3428 3911">
    <p class='ocr_par' dir='ltr' id='par_1_59' title="bbox 1855 3841 3428 3911">
     <span class='ocr_line' id='line_1_59' title="bbox 1855 3841 3428 3911; baseline 0.001 -16"><span class='ocrx_word' id='word_1_393' title='bbox 1855 3842 1999 3896; x_wconf 89' lang='lat' dir='ltr'><strong>nulla</strong></span> <span class='ocrx_word' id='word_1_394' title='bbox 2026 3843 2094 3896; x_wconf 91' lang='lat' dir='ltr'><strong>de</strong></span> <span class='ocrx_word' id='word_1_395' title='bbox 2131 3842 2430 3896; x_wconf 86' lang='lat' dir='ltr'><strong>beatissimi</strong></span> <span class='ocrx_word' id='word_1_396' title='bbox 2456 3842 2683 3909; x_wconf 86' lang='lat' dir='ltr'><strong>hujusce</strong></span> <span class='ocrx_word' id='word_1_397' title='bbox 2718 3843 2827 3894; x_wconf 88' lang='lat' dir='ltr'><strong>vita</strong></span> <span class='ocrx_word' id='word_1_398' title='bbox 2863 3841 2929 3896; x_wconf 89' lang='lat' dir='ltr'><strong>ad</strong></span> <span class='ocrx_word' id='word_1_399' title='bbox 2965 3851 3213 3911; x_wconf 91' lang='lat' dir='ltr'><strong>posteros</strong></span> <span class='ocrx_word' id='word_1_400' title='bbox 3252 3852 3428 3897; x_wconf 84' lang='lat' dir='ltr'><strong>trans-</strong></span> 
     </span>
    </p>
   </div>
   <div class='ocr_carea' id='block_1_60' title="bbox 181 3933 1745 4006">
    <p class='ocr_par' dir='ltr' id='par_1_60' title="bbox 181 3933 1745 4006">
     <span class='ocr_line' id='line_1_60' title="bbox 181 3933 1745 4006; baseline 0.001 -19"><span class='ocrx_word' id='word_1_401' title='bbox 181 3933 344 4004; x_wconf 81' lang='grc' dir='ltr'>ράδην</span> <span class='ocrx_word' id='word_1_402' title='bbox 402 3933 560 4004; x_wconf 85' lang='grc' dir='ltr'><strong>παρά</strong></span> <span class='ocrx_word' id='word_1_403' title='bbox 613 3950 776 3987; x_wconf 88' lang='grc' dir='ltr'>τινων</span> <span class='ocrx_word' id='word_1_404' title='bbox 835 3933 998 3988; x_wconf 84' lang='grc' dir='ltr'>ὁσίων</span> <span class='ocrx_word' id='word_1_405' title='bbox 1047 3935 1304 4006; x_wconf 88' lang='grc' dir='ltr'>Πατέρων</span> <span class='ocrx_word' id='word_1_406' title='bbox 1359 3934 1745 4004; x_wconf 85' lang='grc' dir='ltr'>δεδηλωμένος,</span> 
     </span>
    </p>
   </div>
   <div class='ocr_carea' id='block_1_61' title="bbox 178 4026 1750 4098">
    <p class='ocr_par' dir='ltr' id='par_1_61' title="bbox 178 4026 1750 4098">
     <span class='ocr_line' id='line_1_61' title="bbox 178 4026 1750 4098; baseline 0.001 -19"><span class='ocrx_word' id='word_1_407' title='bbox 178 4027 378 4098; x_wconf 88' lang='grc' dir='ltr'>καίπερ</span> <span class='ocrx_word' id='word_1_408' title='bbox 410 4026 491 4098; x_wconf 82' lang='grc' dir='ltr'>μὴ</span> <span class='ocrx_word' id='word_1_409' title='bbox 517 4027 1086 4095; x_wconf 84' lang='grc' dir='ltr'>ἐναπολιμπανόμενος</span> <span class='ocrx_word' id='word_1_410' title='bbox 1110 4027 1210 4095; x_wconf 81' lang='grc' dir='ltr'>τῆς</span> <span class='ocrx_word' id='word_1_411' title='bbox 1245 4027 1499 4098; x_wconf 78' lang='grc' dir='ltr'>ἐναρέτου</span> <span class='ocrx_word' id='word_1_412' title='bbox 1528 4027 1750 4082; x_wconf 84' lang='grc' dir='ltr'>ἐκείνων</span> 
     </span>
    </p>
   </div>
   <div class='ocr_carea' id='block_1_62' title="bbox 178 4117 1752 4189">
    <p class='ocr_par' dir='ltr' id='par_1_62' title="bbox 178 4117 1752 4189">
     <span class='ocr_line' id='line_1_62' title="bbox 178 4117 1752 4189; baseline -0.002 -16"><span class='ocrx_word' id='word_1_413' title='bbox 178 4118 616 4189; x_wconf 82' lang='grc' dir='ltr'>λαμπροφορίας,</span> <span class='ocrx_word' id='word_1_414' title='bbox 648 4119 729 4171; x_wconf 86' lang='grc' dir='ltr'><strong>ὅτι</strong></span> <span class='ocrx_word' id='word_1_415' title='bbox 762 4118 835 4187; x_wconf 81' lang='grc' dir='ltr'>μὴ</span> <span class='ocrx_word' id='word_1_416' title='bbox 869 4118 962 4170; x_wconf 77' lang='grc' dir='ltr'><strong>καὶ</strong></span> <span class='ocrx_word' id='word_1_417' title='bbox 991 4117 1188 4186; x_wconf 79' lang='grc' dir='ltr'>μᾶλλον</span> <span class='ocrx_word' id='word_1_418' title='bbox 1214 4118 1323 4170; x_wconf 86' lang='grc' dir='ltr'>τῶν</span> <span class='ocrx_word' id='word_1_419' title='bbox 1351 4119 1562 4172; x_wconf 86' lang='grc' dir='ltr'><strong>πολλῶν</strong></span> <span class='ocrx_word' id='word_1_420' title='bbox 1587 4119 1752 4188; x_wconf 82' lang='grc' dir='ltr'>ὑπερ-</span> 
     </span>
    </p>
   </div>
   <div class='ocr_carea' id='block_1_63' title="bbox 178 4207 1750 4280">
    <p class='ocr_par' dir='ltr' id='par_1_63' title="bbox 178 4207 1750 4280">
     <span class='ocr_line' id='line_1_63' title="bbox 178 4207 1750 4280; baseline 0.001 -19"><span class='ocrx_word' id='word_1_421' title='bbox 178 4210 408 4280; x_wconf 81' lang='grc' dir='ltr'>λάμπων</span> <span class='ocrx_word' id='word_1_422' title='bbox 439 4210 564 4272; x_wconf 82' lang='grc' dir='ltr'>ταῖς</span> <span class='ocrx_word' id='word_1_423' title='bbox 592 4209 792 4276; x_wconf 79' lang='grc' dir='ltr'>αὐγαῖς</span> <span class='ocrx_word' id='word_1_424' title='bbox 818 4209 928 4261; x_wconf 85' lang='grc' dir='ltr'>τῶν</span> <span class='ocrx_word' id='word_1_425' title='bbox 958 4208 1118 4262; x_wconf 86' lang='grc' dir='ltr'>θείων</span> <span class='ocrx_word' id='word_1_426' title='bbox 1139 4207 1302 4261; x_wconf 81' lang='grc' dir='ltr'>αὐτοῦ</span> <span class='ocrx_word' id='word_1_427' title='bbox 1328 4208 1750 4279; x_wconf 82' lang='grc' dir='ltr'>ἀνδραγαθημά-</span> 
     </span>
    </p>
   </div>
   <div class='ocr_carea' id='block_1_64' title="bbox 177 4316 303 4353">
    <p class='ocr_par' dir='ltr' id='par_1_64' title="bbox 177 4316 303 4353">
     <span class='ocr_line' id='line_1_64' title="bbox 177 4316 303 4353; baseline 0.008 -1"><span class='ocrx_word' id='word_1_428' title='bbox 177 4316 303 4353; x_wconf 85' lang='grc' dir='ltr'>των.</span> 
     </span>
    </p>
   </div>
   <div class='ocr_carea' id='block_1_65' title="bbox 247 4388 1750 4463">
    <p class='ocr_par' dir='ltr' id='par_1_65' title="bbox 247 4388 1750 4463">
     <span class='ocr_line' id='line_1_65' title="bbox 247 4388 1750 4463; baseline -0.004 -18"><span class='ocrx_word' id='word_1_429' title='bbox 247 4390 311 4460; x_wconf 86' lang='grc' dir='ltr'><strong>β’.</strong></span> <span class='ocrx_word' id='word_1_430' title='bbox 343 4391 410 4445; x_wconf 90' lang='grc' dir='ltr'>Τί</span> <span class='ocrx_word' id='word_1_431' title='bbox 443 4390 574 4455; x_wconf 79' lang='grc' dir='ltr'>οὗν;</span> <span class='ocrx_word' id='word_1_432' title='bbox 603 4388 1068 4461; x_wconf 76' lang='grc' dir='ltr'>Συνδιαμείψομεν</span> <span class='ocrx_word' id='word_1_433' title='bbox 1095 4393 1193 4446; x_wconf 61' lang='grc' dir='ltr'><strong>καὶ⁹</strong></span> <span class='ocrx_word' id='word_1_434' title='bbox 1220 4395 1382 4463; x_wconf 79' lang='grc' dir='ltr'>ἡμεῖς</span> <span class='ocrx_word' id='word_1_435' title='bbox 1409 4395 1522 4455; x_wconf 85' lang='grc' dir='ltr'>τοῖς</span> <span class='ocrx_word' id='word_1_436' title='bbox 1546 4391 1750 4462; x_wconf 64' lang='grc' dir='ltr'>προλας</span> 
     </span>
    </p>
   </div>
   <div class='ocr_carea' id='block_1_66' title="bbox 179 4480 1752 4554">
    <p class='ocr_par' dir='ltr' id='par_1_66' title="bbox 179 4480 1752 4554">
     <span class='ocr_line' id='line_1_66' title="bbox 179 4480 1752 4554; baseline -0.001 -20"><span class='ocrx_word' id='word_1_437' title='bbox 179 4481 324 4534; x_wconf 77' lang='grc' dir='ltr'>δοῦσι</span> <span class='ocrx_word' id='word_1_438' title='bbox 352 4483 450 4536; x_wconf 83' lang='grc' dir='ltr'>τὸν</span> <span class='ocrx_word' id='word_1_439' title='bbox 483 4481 694 4551; x_wconf 88' lang='grc' dir='ltr'>χρόνον,</span> <span class='ocrx_word' id='word_1_440' title='bbox 729 4480 826 4534; x_wconf 74' lang='grc' dir='ltr'><strong>καὶ</strong></span> <span class='ocrx_word' id='word_1_441' title='bbox 856 4483 1074 4552; x_wconf 75' lang='grc' dir='ltr'>οἴσομεν</span> <span class='ocrx_word' id='word_1_442' title='bbox 1117 4482 1433 4554; x_wconf 83' lang='grc' dir='ltr'>τηλικοῦτον</span> <span class='ocrx_word' id='word_1_443' title='bbox 1480 4483 1752 4552; x_wconf 74' lang='grc' dir='ltr'>θησαυρὸν</span> 
     </span>
    </p>
   </div>
   <div class='ocr_carea' id='block_1_67' title="bbox 179 4572 1750 4644">
    <p class='ocr_par' dir='ltr' id='par_1_67' title="bbox 179 4572 1750 4644">
     <span class='ocr_line' id='line_1_67' title="bbox 179 4572 1750 4644; baseline 0 -18"><span class='ocrx_word' id='word_1_444' title='bbox 179 4573 280 4626; x_wconf 80' lang='grc' dir='ltr'><strong>ὐπὸ</strong></span> <span class='ocrx_word' id='word_1_445' title='bbox 303 4574 402 4644; x_wconf 82' lang='grc' dir='ltr'><strong>τῆς</strong></span> <span class='ocrx_word' id='word_1_446' title='bbox 424 4574 589 4643; x_wconf 82' lang='grc' dir='ltr'>σιγῆς</span> <span class='ocrx_word' id='word_1_447' title='bbox 620 4572 1026 4639; x_wconf 80' lang='grc' dir='ltr'>καλύπτεσθαι;</span> <span class='ocrx_word' id='word_1_448' title='bbox 1057 4575 1334 4644; x_wconf 75' lang='grc' dir='ltr'>Οὑμενοῧν</span> <span class='ocrx_word' id='word_1_449' title='bbox 1360 4592 1373 4605; x_wconf 76' lang='grc' dir='ltr'><strong>ο</strong></span> <span class='ocrx_word' id='word_1_450' title='bbox 1401 4574 1533 4626; x_wconf 79' lang='grc' dir='ltr'>ἀλλὰ</span> <span class='ocrx_word' id='word_1_451' title='bbox 1564 4574 1750 4626; x_wconf 86' lang='grc' dir='ltr'>πειθό-</span> 
     </span>
    </p>
   </div>
   <div class='ocr_carea' id='block_1_68' title="bbox 182 4661 1753 4733">
    <p class='ocr_par' dir='ltr' id='par_1_68' title="bbox 182 4661 1753 4733">
     <span class='ocr_line' id='line_1_68' title="bbox 182 4661 1753 4733; baseline -0.001 -18"><span class='ocrx_word' id='word_1_452' title='bbox 182 4676 324 4728; x_wconf 80' lang='grc' dir='ltr'>μενοι</span> <span class='ocrx_word' id='word_1_453' title='bbox 358 4664 472 4726; x_wconf 80' lang='grc' dir='ltr'>τοῐς</span> <span class='ocrx_word' id='word_1_454' title='bbox 503 4663 602 4715; x_wconf 77' lang='grc' dir='ltr'>ἐπὶ</span> <span class='ocrx_word' id='word_1_455' title='bbox 631 4661 787 4713; x_wconf 84' lang='grc' dir='ltr'>τοῦτο</span> <span class='ocrx_word' id='word_1_456' title='bbox 819 4664 1213 4732; x_wconf 83' lang='grc' dir='ltr'>παρορμήσασι</span> <span class='ocrx_word' id='word_1_457' title='bbox 1241 4663 1539 4733; x_wconf 87' lang='grc' dir='ltr'>Πατρὰσιν,</span> <span class='ocrx_word' id='word_1_458' title='bbox 1572 4663 1621 4715; x_wconf 89' lang='grc' dir='ltr'><strong>εί</strong></span> <span class='ocrx_word' id='word_1_459' title='bbox 1658 4662 1753 4714; x_wconf 80' lang='grc' dir='ltr'>καὶ</span> 
     </span>
    </p>
   </div>
   <div class='ocr_carea' id='block_1_69' title="bbox 179 4750 1752 4820">
    <p class='ocr_par' dir='ltr' id='par_1_69' title="bbox 179 4750 1752 4820">
     <span class='ocr_line' id='line_1_69' title="bbox 179 4750 1752 4820; baseline 0 -16"><span class='ocrx_word' id='word_1_460' title='bbox 179 4751 390 4820; x_wconf 80' lang='grc' dir='ltr'>ἄμοιροι</span> <span class='ocrx_word' id='word_1_461' title='bbox 414 4750 513 4804; x_wconf 82' lang='grc' dir='ltr'><strong>τοῦ</strong></span> <span class='ocrx_word' id='word_1_462' title='bbox 541 4750 910 4819; x_wconf 85' lang='grc' dir='ltr'>προσήκοντος</span> <span class='ocrx_word' id='word_1_463' title='bbox 937 4750 1120 4817; x_wconf 84' lang='grc' dir='ltr'>λόγου,</span> <span class='ocrx_word' id='word_1_464' title='bbox 1141 4752 1432 4820; x_wconf 74' lang='grc' dir='ltr'>ἠλπικότες</span> <span class='ocrx_word' id='word_1_465' title='bbox 1451 4769 1509 4806; x_wconf 89' lang='grc' dir='ltr'><strong>τε</strong></span> <span class='ocrx_word' id='word_1_466' title='bbox 1541 4752 1752 4806; x_wconf 83' lang='grc' dir='ltr'>ἐπίκου-</span> 
     </span>
    </p>
   </div>
   <div class='ocr_carea' id='block_1_70' title="bbox 183 4839 1752 4912">
    <p class='ocr_par' dir='ltr' id='par_1_70' title="bbox 183 4839 1752 4912">
     <span class='ocr_line' id='line_1_70' title="bbox 183 4839 1752 4912; baseline 0 -18"><span class='ocrx_word' id='word_1_467' title='bbox 183 4855 270 4908; x_wconf 82' lang='grc' dir='ltr'><strong>ρον</strong></span> <span class='ocrx_word' id='word_1_468' title='bbox 293 4841 552 4908; x_wconf 79' lang='grc' dir='ltr'>δέξασθαι</span> <span class='ocrx_word' id='word_1_469' title='bbox 601 4839 695 4892; x_wconf 84' lang='grc' dir='ltr'><strong>τοῦ</strong></span> <span class='ocrx_word' id='word_1_470' title='bbox 729 4841 1130 4912; x_wconf 83' lang='grc' dir='ltr'>ἐγχειρήματος</span> <span class='ocrx_word' id='word_1_471' title='bbox 1161 4843 1324 4895; x_wconf 83' lang='grc' dir='ltr'>αὑτὸν</span> <span class='ocrx_word' id='word_1_472' title='bbox 1365 4844 1457 4896; x_wconf 69' lang='grc' dir='ltr'>τὸν</span> <span class='ocrx_word' id='word_1_473' title='bbox 1503 4846 1582 4905; x_wconf 72' lang='grc' dir='ltr'>εἰς</span> <span class='ocrx_word' id='word_1_474' title='bbox 1617 4843 1752 4894; x_wconf 81' lang='grc' dir='ltr'>ὑπό-</span> 
     </span>
    </p>
   </div>
   <div class='ocr_carea' id='block_1_71' title="bbox 182 4931 1750 5004">
    <p class='ocr_par' dir='ltr' id='par_1_71' title="bbox 182 4931 1750 5004">
     <span class='ocr_line' id='line_1_71' title="bbox 182 4931 1750 5004; baseline 0.001 -21"><span class='ocrx_word' id='word_1_475' title='bbox 182 4932 322 4986; x_wconf 86' lang='grc' dir='ltr'>θεσιν</span> <span class='ocrx_word' id='word_1_476' title='bbox 347 4934 440 4987; x_wconf 81' lang='grc' dir='ltr'>τοῦ</span> <span class='ocrx_word' id='word_1_477' title='bbox 475 4932 596 5002; x_wconf 79' lang='grc' dir='ltr'>βίου</span> <span class='ocrx_word' id='word_1_478' title='bbox 623 4931 1007 5002; x_wconf 86' lang='grc' dir='ltr'>προκείμενον,</span> <span class='ocrx_word' id='word_1_479' title='bbox 1044 4933 1401 5004; x_wconf 81' lang='grc' dir='ltr'>ἀπαρξόμεθα</span> <span class='ocrx_word' id='word_1_480' title='bbox 1427 4933 1521 4986; x_wconf 79' lang='grc' dir='ltr'><strong>τοῦ</strong></span> <span class='ocrx_word' id='word_1_481' title='bbox 1553 4934 1750 5002; x_wconf 84' lang='grc' dir='ltr'>λέγειν,</span> 
     </span>
    </p>
   </div>
   <div class='ocr_carea' id='block_1_72' title="bbox 181 5022 1753 5094">
    <p class='ocr_par' dir='ltr' id='par_1_72' title="bbox 181 5022 1753 5094">
     <span class='ocr_line' id='line_1_72' title="bbox 181 5022 1753 5094; baseline 0.002 -20"><span class='ocrx_word' id='word_1_482' title='bbox 181 5023 323 5075; x_wconf 79' lang='grc' dir='ltr'>οὐδὲν</span> <span class='ocrx_word' id='word_1_483' title='bbox 351 5022 794 5090; x_wconf 79' lang='grc' dir='ltr'>ξενοδεκτοῦντες</span> <span class='ocrx_word' id='word_1_484' title='bbox 820 5023 970 5094; x_wconf 80' lang='grc' dir='ltr'><strong>παρά</strong></span> <span class='ocrx_word' id='word_1_485' title='bbox 990 5023 1050 5076; x_wconf 83' lang='grc' dir='ltr'>τὸ</span> <span class='ocrx_word' id='word_1_486' title='bbox 1082 5023 1300 5094; x_wconf 81' lang='grc' dir='ltr'>ἀληθὲς,</span> <span class='ocrx_word' id='word_1_487' title='bbox 1331 5025 1430 5077; x_wconf 82' lang='grc' dir='ltr'><strong>ὅσα</strong></span> <span class='ocrx_word' id='word_1_488' title='bbox 1463 5025 1519 5078; x_wconf 85' lang='grc' dir='ltr'>δὲ</span> <span class='ocrx_word' id='word_1_489' title='bbox 1547 5026 1613 5076; x_wconf 85' lang='grc' dir='ltr'><strong>ἐκ</strong></span> <span class='ocrx_word' id='word_1_490' title='bbox 1643 5024 1753 5077; x_wconf 84' lang='grc' dir='ltr'><strong>τῶν</strong></span> 
     </span>
    </p>
   </div>
   <div class='ocr_carea' id='block_1_73' title="bbox 182 5114 1747 5186">
    <p class='ocr_par' dir='ltr' id='par_1_73' title="bbox 182 5114 1747 5186">
     <span class='ocr_line' id='line_1_73' title="bbox 182 5114 1747 5186; baseline 0.001 -21"><span class='ocrx_word' id='word_1_491' title='bbox 182 5117 302 5184; x_wconf 77' lang='grc' dir='ltr'>περὶ</span> <span class='ocrx_word' id='word_1_492' title='bbox 335 5115 503 5169; x_wconf 77' lang='grc' dir='ltr'>αὑτοῦ</span> <span class='ocrx_word' id='word_1_493' title='bbox 535 5114 1034 5184; x_wconf 84' lang='grc' dir='ltr'>περικεκομμένως</span> <span class='ocrx_word' id='word_1_494' title='bbox 1079 5117 1385 5186; x_wconf 80' lang='grc' dir='ltr'>εἰρημένων</span> <span class='ocrx_word' id='word_1_495' title='bbox 1412 5115 1747 5185; x_wconf 84' lang='grc' dir='ltr'>ἀναλεγόμε-</span> 
     </span>
    </p>
   </div>
   <div class='ocr_carea' id='block_1_74' title="bbox 1854 3933 3427 4003">
    <p class='ocr_par' dir='ltr' id='par_1_74' title="bbox 1854 3933 3427 4003">
     <span class='ocr_line' id='line_1_74' title="bbox 1854 3933 3427 4003; baseline 0.003 -15"><span class='ocrx_word' id='word_1_496' title='bbox 1854 3935 1975 3990; x_wconf 91' lang='lat' dir='ltr'><strong>ierit</strong></span> <span class='ocrx_word' id='word_1_497' title='bbox 1995 3934 2241 3998; x_wconf 87' lang='lat' dir='ltr'><strong>historia,</strong></span> <span class='ocrx_word' id='word_1_498' title='bbox 2269 3941 2463 4001; x_wconf 69' lang='lat' dir='ltr'><strong>praeter</strong></span> <span class='ocrx_word' id='word_1_499' title='bbox 2491 3948 2634 3996; x_wconf 90' lang='lat' dir='ltr'><strong>eam,</strong></span> <span class='ocrx_word' id='word_1_500' title='bbox 2662 3948 2784 4002; x_wconf 63' lang='lat' dir='ltr'><strong>quae</strong></span> <span class='ocrx_word' id='word_1_501' title='bbox 2810 3947 2837 3986; x_wconf 89' lang='lat' dir='ltr'><strong>a</strong></span> <span class='ocrx_word' id='word_1_502' title='bbox 2864 3933 3192 4003; x_wconf 88' lang='lat' dir='ltr'><strong>quibusdam</strong></span> <span class='ocrx_word' id='word_1_503' title='bbox 3221 3938 3427 3992; x_wconf 88' lang='lat' dir='ltr'><strong>sanctis</strong></span> 
     </span>
    </p>
   </div>
   <div class='ocr_carea' id='block_1_75' title="bbox 1852 4023 3428 4093">
    <p class='ocr_par' dir='ltr' id='par_1_75' title="bbox 1852 4023 3428 4093">
     <span class='ocr_line' id='line_1_75' title="bbox 1852 4023 3428 4093; baseline 0.001 -14"><span class='ocrx_word' id='word_1_504' title='bbox 1852 4025 2103 4081; x_wconf 88' lang='lat' dir='ltr'><strong>Patribus</strong></span> <span class='ocrx_word' id='word_1_505' title='bbox 2133 4023 2367 4091; x_wconf 80' lang='lat' dir='ltr'><strong>Sparsim</strong></span> <span class='ocrx_word' id='word_1_506' title='bbox 2399 4024 2655 4084; x_wconf 88' lang='lat' dir='ltr'><strong>indicata,</strong></span> <span class='ocrx_word' id='word_1_507' title='bbox 2693 4024 2912 4091; x_wconf 78' lang='lat' dir='ltr'><strong>insigni,</strong></span> <span class='ocrx_word' id='word_1_508' title='bbox 2955 4039 3061 4093; x_wconf 89' lang='lat' dir='ltr'><strong>qua</strong></span> <span class='ocrx_word' id='word_1_509' title='bbox 3089 4024 3309 4093; x_wconf 90' lang='lat' dir='ltr'><strong>pollent,</strong></span> <span class='ocrx_word' id='word_1_510' title='bbox 3341 4042 3428 4081; x_wconf 85' lang='lat' dir='ltr'><strong>res</strong></span> 
     </span>
    </p>
   </div>
   <div class='ocr_carea' id='block_1_76' title="bbox 1851 4113 3429 4181">
    <p class='ocr_par' dir='ltr' id='par_1_76' title="bbox 1851 4113 3429 4181">
     <span class='ocr_line' id='line_1_76' title="bbox 1851 4113 3429 4181; baseline 0 -9"><span class='ocrx_word' id='word_1_511' title='bbox 1851 4116 2160 4172; x_wconf 88' lang='lat' dir='ltr'><strong>illustrandi</strong></span> <span class='ocrx_word' id='word_1_512' title='bbox 2185 4115 2460 4178; x_wconf 84' lang='lat' dir='ltr'><strong>facultate,</strong></span> <span class='ocrx_word' id='word_1_513' title='bbox 2489 4129 2594 4168; x_wconf 92' lang='lat' dir='ltr'><strong>non</strong></span> <span class='ocrx_word' id='word_1_514' title='bbox 2623 4113 2846 4168; x_wconf 85' lang='lat' dir='ltr'><strong>inferior</strong></span> <span class='ocrx_word' id='word_1_515' title='bbox 2867 4125 2971 4181; x_wconf 92' lang='lat' dir='ltr'><strong>est,</strong></span> <span class='ocrx_word' id='word_1_516' title='bbox 3003 4115 3112 4170; x_wconf 93' lang='lat' dir='ltr'><strong>imo</strong></span> <span class='ocrx_word' id='word_1_517' title='bbox 3133 4131 3262 4170; x_wconf 89' lang='lat' dir='ltr'><strong>vero</strong></span> <span class='ocrx_word' id='word_1_518' title='bbox 3288 4119 3429 4172; x_wconf 88' lang='lat' dir='ltr'><strong>mul-</strong></span> 
     </span>
    </p>
   </div>
   <div class='ocr_carea' id='block_1_77' title="bbox 1853 4205 3427 4277">
    <p class='ocr_par' dir='ltr' id='par_1_77' title="bbox 1853 4205 3427 4277">
     <span class='ocr_line' id='line_1_77' title="bbox 1853 4205 3427 4277; baseline 0.001 -14"><span class='ocrx_word' id='word_1_519' title='bbox 1853 4211 1924 4264; x_wconf 88' lang='lat' dir='ltr'><strong>tis</strong></span> <span class='ocrx_word' id='word_1_520' title='bbox 1979 4208 2162 4277; x_wconf 91' lang='lat' dir='ltr'><strong>potius</strong></span> <span class='ocrx_word' id='word_1_521' title='bbox 2217 4206 2340 4260; x_wconf 90' lang='lat' dir='ltr'><strong>aliis</strong></span> <span class='ocrx_word' id='word_1_522' title='bbox 2390 4205 2671 4275; x_wconf 62' lang='lat' dir='ltr'><strong>prmiulget</strong></span> <span class='ocrx_word' id='word_1_523' title='bbox 2724 4206 2794 4260; x_wconf 92' lang='lat' dir='ltr'><strong>ob</strong></span> <span class='ocrx_word' id='word_1_524' title='bbox 2845 4207 3058 4262; x_wconf 85' lang='lat' dir='ltr'><strong>divinos</strong></span> <span class='ocrx_word' id='word_1_525' title='bbox 3109 4209 3322 4263; x_wconf 86' lang='lat' dir='ltr'><strong>Arsenii</strong></span> <span class='ocrx_word' id='word_1_526' title='bbox 3363 4224 3427 4264; x_wconf 91' lang='lat' dir='ltr'><strong>ac</strong></span> 
     </span>
    </p>
   </div>
   <div class='ocr_carea' id='block_1_78' title="bbox 1853 4299 2805 4370">
    <p class='ocr_par' dir='ltr' id='par_1_78' title="bbox 1853 4299 2805 4370">
     <span class='ocr_line' id='line_1_78' title="bbox 1853 4299 2805 4370; baseline -0.001 -14"><span class='ocrx_word' id='word_1_527' title='bbox 1853 4302 2126 4356; x_wconf 87' lang='lat' dir='ltr'><strong>masculos</strong></span> <span class='ocrx_word' id='word_1_528' title='bbox 2155 4311 2434 4370; x_wconf 89' lang='lat' dir='ltr'><strong>gestorum</strong></span> <span class='ocrx_word' id='word_1_529' title='bbox 2470 4299 2805 4368; x_wconf 87' lang='lat' dir='ltr'><strong>splendores.</strong></span> 
     </span>
    </p>
   </div>
   <div class='ocr_carea' id='block_1_79' title="bbox 1921 4393 3428 4465">
    <p class='ocr_par' dir='ltr' id='par_1_79' title="bbox 1921 4393 3428 4465">
     <span class='ocr_line' id='line_1_79' title="bbox 1921 4393 3428 4465; baseline 0.001 -16"><span class='ocrx_word' id='word_1_530' title='bbox 1921 4397 1975 4449; x_wconf 74' lang='grc'><strong>2.</strong></span> <span class='ocrx_word' id='word_1_531' title='bbox 2003 4395 2144 4462; x_wconf 88' lang='lat' dir='ltr'><strong>Quid</strong></span> <span class='ocrx_word' id='word_1_532' title='bbox 2166 4395 2370 4465; x_wconf 82' lang='lat' dir='ltr'><strong>igitur?</strong></span> <span class='ocrx_word' id='word_1_533' title='bbox 2391 4397 2467 4447; x_wconf 83' lang='lat' dir='ltr'><strong>An</strong></span> <span class='ocrx_word' id='word_1_534' title='bbox 2494 4410 2596 4449; x_wconf 89' lang='lat' dir='ltr'><strong>nos</strong></span> <span class='ocrx_word' id='word_1_535' title='bbox 2622 4395 2786 4448; x_wconf 87' lang='lat' dir='ltr'><strong>etiam</strong></span> <span class='ocrx_word' id='word_1_536' title='bbox 2810 4409 2932 4448; x_wconf 91' lang='lat' dir='ltr'><strong>cum</strong></span> <span class='ocrx_word' id='word_1_537' title='bbox 2959 4393 3044 4458; x_wconf 91' lang='lat' dir='ltr'><strong>iis,</strong></span> <span class='ocrx_word' id='word_1_538' title='bbox 3072 4395 3164 4463; x_wconf 92' lang='lat' dir='ltr'><strong>qui</strong></span> <span class='ocrx_word' id='word_1_539' title='bbox 3186 4404 3428 4463; x_wconf 76' lang='lat' dir='ltr'><strong>tempore</strong></span> 
     </span>
    </p>
   </div>
   <div class='ocr_carea' id='block_1_80' title="bbox 1852 4486 3429 4556">
    <p class='ocr_par' dir='ltr' id='par_1_80' title="bbox 1852 4486 3429 4556">
     <span class='ocr_line' id='line_1_80' title="bbox 1852 4486 3429 4556; baseline -0.001 -17"><span class='ocrx_word' id='word_1_540' title='bbox 1852 4495 2267 4556; x_wconf 65' lang='lat' dir='ltr'><strong>prmeesserunt,</strong></span> <span class='ocrx_word' id='word_1_541' title='bbox 2300 4486 2765 4541; x_wconf 87' lang='lat' dir='ltr'><strong>commutabimus</strong></span> <span class='ocrx_word' id='word_1_542' title='bbox 2794 4487 2940 4540; x_wconf 84' lang='lat' dir='ltr'><strong>vices</strong></span> <span class='ocrx_word' id='word_1_543' title='bbox 2967 4494 3287 4554; x_wconf 89' lang='lat' dir='ltr'><strong>tantumque</strong></span> <span class='ocrx_word' id='word_1_544' title='bbox 3317 4486 3429 4538; x_wconf 85' lang='lat' dir='ltr'><strong>the-</strong></span> 
     </span>
    </p>
   </div>
   <div class='ocr_carea' id='block_1_81' title="bbox 1853 4576 3429 4646">
    <p class='ocr_par' dir='ltr' id='par_1_81' title="bbox 1853 4576 3429 4646">
     <span class='ocr_line' id='line_1_81' title="bbox 1853 4576 3429 4646; baseline -0.002 -13"><span class='ocrx_word' id='word_1_545' title='bbox 1853 4593 2075 4633; x_wconf 87' lang='lat' dir='ltr'><strong>saurum</strong></span> <span class='ocrx_word' id='word_1_546' title='bbox 2130 4579 2400 4646; x_wconf 89' lang='lat' dir='ltr'><strong>patiemur</strong></span> <span class='ocrx_word' id='word_1_547' title='bbox 2447 4577 2548 4631; x_wconf 91' lang='lat' dir='ltr'><strong>sub</strong></span> <span class='ocrx_word' id='word_1_548' title='bbox 2605 4577 2824 4631; x_wconf 89' lang='lat' dir='ltr'><strong>silentio</strong></span> <span class='ocrx_word' id='word_1_549' title='bbox 2872 4576 3169 4630; x_wconf 79' lang='lat' dir='ltr'><strong>abscondi?</strong></span> <span class='ocrx_word' id='word_1_550' title='bbox 3211 4576 3429 4644; x_wconf 86' lang='lat' dir='ltr'><strong>Nequa-</strong></span> 
     </span>
    </p>
   </div>
   <div class='ocr_carea' id='block_1_82' title="bbox 1854 4668 3427 4743">
    <p class='ocr_par' dir='ltr' id='par_1_82' title="bbox 1854 4668 3427 4743">
     <span class='ocr_line' id='line_1_82' title="bbox 1854 4668 3427 4743; baseline -0.005 -16"><span class='ocrx_word' id='word_1_551' title='bbox 1854 4689 2018 4743; x_wconf 89' lang='lat' dir='ltr'><strong>quam</strong></span> <span class='ocrx_word' id='word_1_552' title='bbox 2048 4692 2061 4726; x_wconf 85' lang='lat'>:</span> <span class='ocrx_word' id='word_1_553' title='bbox 2098 4685 2150 4727; x_wconf 87' lang='lat' dir='ltr'><strong>at</strong></span> <span class='ocrx_word' id='word_1_554' title='bbox 2173 4672 2394 4726; x_wconf 87' lang='lat' dir='ltr'><strong>Patrum</strong></span> <span class='ocrx_word' id='word_1_555' title='bbox 2428 4671 2675 4740; x_wconf 80' lang='lat' dir='ltr'><strong>exemplo</strong></span> <span class='ocrx_word' id='word_1_556' title='bbox 2707 4669 2932 4733; x_wconf 87' lang='lat' dir='ltr'><strong>incitati,</strong></span> <span class='ocrx_word' id='word_1_557' title='bbox 2972 4668 3192 4730; x_wconf 83' lang='lat' dir='ltr'><strong>tametsi</strong></span> <span class='ocrx_word' id='word_1_558' title='bbox 3225 4683 3427 4722; x_wconf 90' lang='lat' dir='ltr'><strong>conve-</strong></span> 
     </span>
    </p>
   </div>
   <div class='ocr_carea' id='block_1_83' title="bbox 1853 4759 3427 4829">
    <p class='ocr_par' dir='ltr' id='par_1_83' title="bbox 1853 4759 3427 4829">
     <span class='ocr_line' id='line_1_83' title="bbox 1853 4759 3427 4829; baseline -0.002 -13"><span class='ocrx_word' id='word_1_559' title='bbox 1853 4763 2035 4816; x_wconf 89' lang='lat' dir='ltr'><strong>niente</strong></span> <span class='ocrx_word' id='word_1_560' title='bbox 2057 4762 2302 4815; x_wconf 87' lang='lat' dir='ltr'><strong>oratione</strong></span> <span class='ocrx_word' id='word_1_561' title='bbox 2318 4760 2556 4814; x_wconf 85' lang='lat' dir='ltr'><strong>destituti</strong></span> <span class='ocrx_word' id='word_1_562' title='bbox 2581 4776 2595 4826; x_wconf 91' lang='lat'><strong>;</strong></span> <span class='ocrx_word' id='word_1_563' title='bbox 2628 4760 2879 4829; x_wconf 87' lang='lat' dir='ltr'><strong>lretique,</strong></span> <span class='ocrx_word' id='word_1_564' title='bbox 2908 4759 3111 4812; x_wconf 74' lang='lat' dir='ltr'><strong>auxilio</strong></span> <span class='ocrx_word' id='word_1_565' title='bbox 3142 4768 3427 4813; x_wconf 88' lang='lat' dir='ltr'><strong>venturum</strong></span> 
     </span>
    </p>
   </div>
   <div class='ocr_carea' id='block_1_84' title="bbox 1854 4851 3416 4922">
    <p class='ocr_par' dir='ltr' id='par_1_84' title="bbox 1854 4851 3416 4922">
     <span class='ocr_line' id='line_1_84' title="bbox 1854 4851 3416 4922; baseline -0.001 -17"><span class='ocrx_word' id='word_1_566' title='bbox 1854 4853 2103 4920; x_wconf 72' lang='lat' dir='ltr'><strong>praesenti</strong></span> <span class='ocrx_word' id='word_1_567' title='bbox 2133 4853 2353 4907; x_wconf 85' lang='lat' dir='ltr'><strong>conatui</strong></span> <span class='ocrx_word' id='word_1_568' title='bbox 2379 4853 2527 4907; x_wconf 87' lang='lat' dir='ltr'><strong>illum</strong></span> <span class='ocrx_word' id='word_1_569' title='bbox 2563 4853 2762 4922; x_wconf 89' lang='lat' dir='ltr'><strong>ipsum,</strong></span> <span class='ocrx_word' id='word_1_570' title='bbox 2797 4851 2955 4921; x_wconf 86' lang='lat' dir='ltr'><strong>cujus</strong></span> <span class='ocrx_word' id='word_1_571' title='bbox 2987 4851 3145 4906; x_wconf 86' lang='lat' dir='ltr'><strong>nobis</strong></span> <span class='ocrx_word' id='word_1_572' title='bbox 3177 4852 3416 4922; x_wconf 83' lang='lat' dir='ltr'><strong>pmposi-</strong></span> 
     </span>
    </p>
   </div>
   <div class='ocr_carea' id='block_1_85' title="bbox 1855 4938 3427 5010">
    <p class='ocr_par' dir='ltr' id='par_1_85' title="bbox 1855 4938 3427 5010">
     <span class='ocr_line' id='line_1_85' title="bbox 1855 4938 3427 5010; baseline 0.001 -17"><span class='ocrx_word' id='word_1_573' title='bbox 1855 4949 1969 4994; x_wconf 89' lang='lat' dir='ltr'><strong>tum</strong></span> <span class='ocrx_word' id='word_1_574' title='bbox 1994 4952 2078 4994; x_wconf 86' lang='lat' dir='ltr'><strong>est</strong></span> <span class='ocrx_word' id='word_1_575' title='bbox 2103 4942 2227 4994; x_wconf 66' lang='lat' dir='ltr'><strong>vitae</strong></span> <span class='ocrx_word' id='word_1_576' title='bbox 2243 4952 2643 5010; x_wconf 88' lang='lat' dir='ltr'><strong>argumentum,</strong></span> <span class='ocrx_word' id='word_1_577' title='bbox 2666 4939 2877 4993; x_wconf 86' lang='lat' dir='ltr'><strong>dicendi</strong></span> <span class='ocrx_word' id='word_1_578' title='bbox 2905 4941 3116 4994; x_wconf 85' lang='lat' dir='ltr'><strong>initium</strong></span> <span class='ocrx_word' id='word_1_579' title='bbox 3143 4938 3427 5005; x_wconf 80' lang='lat' dir='ltr'><strong>faciemus,</strong></span> 
     </span>
    </p>
   </div>
   <div class='ocr_carea' id='block_1_86' title="bbox 1855 5032 3427 5103">
    <p class='ocr_par' dir='ltr' id='par_1_86' title="bbox 1855 5032 3427 5103">
     <span class='ocr_line' id='line_1_86' title="bbox 1855 5032 3427 5103; baseline 0.001 -17"><span class='ocrx_word' id='word_1_580' title='bbox 1855 5033 1988 5086; x_wconf 89' lang='lat' dir='ltr'><strong>nihil</strong></span> <span class='ocrx_word' id='word_1_581' title='bbox 2019 5033 2360 5101; x_wconf 84' lang='lat' dir='ltr'><strong>peregrinum</strong></span> <span class='ocrx_word' id='word_1_582' title='bbox 2388 5042 2441 5087; x_wconf 89' lang='lat' dir='ltr'><strong>et</strong></span> <span class='ocrx_word' id='word_1_583' title='bbox 2471 5049 2501 5086; x_wconf 89' lang='lat' dir='ltr'><strong>a</strong></span> <span class='ocrx_word' id='word_1_584' title='bbox 2530 5047 2655 5086; x_wconf 90' lang='lat' dir='ltr'><strong>vero</strong></span> <span class='ocrx_word' id='word_1_585' title='bbox 2679 5032 2915 5086; x_wconf 88' lang='lat' dir='ltr'><strong>alienum</strong></span> <span class='ocrx_word' id='word_1_586' title='bbox 2948 5033 3300 5103; x_wconf 89' lang='lat' dir='ltr'><strong>adoptantes;</strong></span> <span class='ocrx_word' id='word_1_587' title='bbox 3333 5034 3427 5088; x_wconf 87' lang='lat' dir='ltr'><strong>sed</strong></span> 
     </span>
    </p>
   </div>
   <div class='ocr_carea' id='block_1_87' title="bbox 1855 5123 3429 5193">
    <p class='ocr_par' dir='ltr' id='par_1_87' title="bbox 1855 5123 3429 5193">
     <span class='ocr_line' id='line_1_87' title="bbox 1855 5123 3429 5193; baseline 0.001 -18"><span class='ocrx_word' id='word_1_588' title='bbox 1855 5137 2195 5191; x_wconf 61' lang='lat' dir='ltr'><strong>quaecunque</strong></span> <span class='ocrx_word' id='word_1_589' title='bbox 2240 5123 2623 5192; x_wconf 87' lang='lat' dir='ltr'><strong>compendiose</strong></span> <span class='ocrx_word' id='word_1_590' title='bbox 2650 5123 2717 5178; x_wconf 88' lang='lat' dir='ltr'><strong>de</strong></span> <span class='ocrx_word' id='word_1_591' title='bbox 2749 5123 2870 5193; x_wconf 88' lang='lat' dir='ltr'><strong>ipso</strong></span> <span class='ocrx_word' id='word_1_592' title='bbox 2909 5123 3053 5179; x_wconf 87' lang='lat' dir='ltr'><strong>dicta</strong></span> <span class='ocrx_word' id='word_1_593' title='bbox 3086 5133 3234 5187; x_wconf 87' lang='lat' dir='ltr'><strong>sunt,</strong></span> <span class='ocrx_word' id='word_1_594' title='bbox 3273 5124 3429 5178; x_wconf 88' lang='lat' dir='ltr'><strong>colli-</strong></span> 
     </span>
    </p>
   </div>
   <div class='ocr_carea' id='block_1_88' title="bbox 182 5205 1775 5300">
    <p class='ocr_par' dir='ltr' id='par_1_88' title="bbox 182 5205 1736 5279">
     <span class='ocr_line' id='line_1_88' title="bbox 182 5205 1736 5279; baseline 0.003 -23"><span class='ocrx_word' id='word_1_595' title='bbox 182 5221 275 5268; x_wconf 89' lang='grc' dir='ltr'>νοι,</span> <span class='ocrx_word' id='word_1_596' title='bbox 305 5209 352 5259; x_wconf 83' lang='grc' dir='ltr'><strong>εί</strong></span> <span class='ocrx_word' id='word_1_597' title='bbox 385 5208 480 5261; x_wconf 81' lang='grc' dir='ltr'><strong>καὶ</strong></span> <span class='ocrx_word' id='word_1_598' title='bbox 526 5205 617 5260; x_wconf 82' lang='grc' dir='ltr'>διά</span> <span class='ocrx_word' id='word_1_599' title='bbox 671 5206 923 5276; x_wconf 67' lang='grc' dir='ltr'>ἀρῥάφου</span> <span class='ocrx_word' id='word_1_600' title='bbox 954 5206 1280 5277; x_wconf 85' lang='grc' dir='ltr'>διηγήσεως,</span> <span class='ocrx_word' id='word_1_601' title='bbox 1319 5211 1397 5272; x_wconf 88' lang='grc' dir='ltr'>εἰς</span> <span class='ocrx_word' id='word_1_602' title='bbox 1445 5209 1736 5279; x_wconf 70' lang='grc' dir='ltr'>ὑπόμνησυ</span> 
     </span>
    </p>
   </div>
   <div class='ocr_carea' id='block_1_89' title="bbox 1855 5205 3433 5300">
    <p class='ocr_par' dir='ltr' id='par_1_89' title="bbox 1858 5213 3433 5282">
     <span class='ocr_line' id='line_1_89' title="bbox 1858 5213 3433 5282; baseline 0.003 -16"><span class='ocrx_word' id='word_1_603' title='bbox 1858 5223 2064 5282; x_wconf 84' lang='lat' dir='ltr'><strong>gentes,</strong></span> <span class='ocrx_word' id='word_1_604' title='bbox 2097 5221 2150 5266; x_wconf 91' lang='lat' dir='ltr'><strong>et</strong></span> <span class='ocrx_word' id='word_1_605' title='bbox 2179 5213 2392 5268; x_wconf 88' lang='lat' dir='ltr'><strong>etiamsi</strong></span> <span class='ocrx_word' id='word_1_606' title='bbox 2428 5215 2738 5269; x_wconf 87' lang='lat' dir='ltr'><strong>narratione</strong></span> <span class='ocrx_word' id='word_1_607' title='bbox 2764 5230 2868 5268; x_wconf 92' lang='lat' dir='ltr'><strong>non</strong></span> <span class='ocrx_word' id='word_1_608' title='bbox 2893 5216 3200 5269; x_wconf 68' lang='lat' dir='ltr'><strong>cohaerente</strong></span> <span class='ocrx_word' id='word_1_609' title='bbox 3231 5215 3285 5267; x_wconf 95' lang='lat' dir='ltr'><strong>in</strong></span> <span class='ocrx_word' id='word_1_610' title='bbox 3313 5229 3433 5270; x_wconf 88' lang='lat' dir='ltr'><strong>me-</strong></span> 
     </span>
    </p>
   </div>
   <div class='ocr_carea' id='block_1_90' title="bbox 183 5298 1775 5374">
    <p class='ocr_par' dir='ltr' id='par_1_90' title="bbox 183 5298 1754 5370">
     <span class='ocr_line' id='line_1_90' title="bbox 183 5298 1754 5370; baseline 0.004 -20"><span class='ocrx_word' id='word_1_611' title='bbox 183 5299 451 5368; x_wconf 80' lang='grc' dir='ltr'>φέροντες,</span> <span class='ocrx_word' id='word_1_612' title='bbox 507 5300 604 5353; x_wconf 73' lang='grc' dir='ltr'><strong>καὶ¹</strong></span> <span class='ocrx_word' id='word_1_613' title='bbox 652 5298 831 5354; x_wconf 82' lang='grc' dir='ltr'>ταῦτα</span> <span class='ocrx_word' id='word_1_614' title='bbox 877 5301 1042 5352; x_wconf 76' lang='grc' dir='ltr'>οἱονεὶ</span> <span class='ocrx_word' id='word_1_615' title='bbox 1088 5304 1523 5370; x_wconf 79' lang='grc' dir='ltr'>συνυφαίνοντες,</span> <span class='ocrx_word' id='word_1_616' title='bbox 1557 5305 1650 5356; x_wconf 72' lang='grc' dir='ltr'>καὶ</span> <span class='ocrx_word' id='word_1_617' title='bbox 1690 5304 1754 5357; x_wconf 82' lang='grc' dir='ltr'><strong>ἐκ</strong></span> 
     </span>
    </p>
   </div>
   <div class='ocr_carea' id='block_1_91' title="bbox 1855 5298 3434 5374">
    <p class='ocr_par' dir='ltr' id='par_1_91' title="bbox 1860 5305 3434 5374">
     <span class='ocr_line' id='line_1_91' title="bbox 1860 5305 3434 5374; baseline 0.001 -15"><span class='ocrx_word' id='word_1_618' title='bbox 1860 5305 2087 5359; x_wconf 90' lang='lat' dir='ltr'><strong>moriam</strong></span> <span class='ocrx_word' id='word_1_619' title='bbox 2125 5314 2460 5368; x_wconf 78' lang='lat' dir='ltr'><strong>revocantes,</strong></span> <span class='ocrx_word' id='word_1_620' title='bbox 2491 5317 2654 5374; x_wconf 87' lang='lat' dir='ltr'><strong>atque</strong></span> <span class='ocrx_word' id='word_1_621' title='bbox 2696 5307 2811 5360; x_wconf 70' lang='lat' dir='ltr'><strong>haec</strong></span> <span class='ocrx_word' id='word_1_622' title='bbox 2851 5306 3258 5374; x_wconf 88' lang='lat' dir='ltr'><strong>quodammodo</strong></span> <span class='ocrx_word' id='word_1_623' title='bbox 3301 5322 3434 5360; x_wconf 88' lang='lat' dir='ltr'><strong>con-</strong></span> 
     </span>
    </p>
   </div>
   <div class='ocr_carea' id='block_1_92' title="bbox 180 5390 1752 5464">
    <p class='ocr_par' dir='ltr' id='par_1_92' title="bbox 180 5390 1752 5464">
     <span class='ocr_line' id='line_1_92' title="bbox 180 5390 1752 5464; baseline 0.004 -24"><span class='ocrx_word' id='word_1_624' title='bbox 180 5390 379 5443; x_wconf 76' lang='grc' dir='ltr'>τούτων</span> <span class='ocrx_word' id='word_1_625' title='bbox 406 5393 531 5455; x_wconf 76' lang='grc' dir='ltr'>ταῖς</span> <span class='ocrx_word' id='word_1_626' title='bbox 564 5390 882 5456; x_wconf 82' lang='grc' dir='ltr'>ἀκολούθοις</span> <span class='ocrx_word' id='word_1_627' title='bbox 908 5392 1138 5455; x_wconf 82' lang='grc' dir='ltr'>ἐννοίαις</span> <span class='ocrx_word' id='word_1_628' title='bbox 1175 5392 1286 5444; x_wconf 79' lang='grc' dir='ltr'>ἔσθ’</span> <span class='ocrx_word' id='word_1_629' title='bbox 1312 5395 1398 5445; x_wconf 79' lang='grc' dir='ltr'>ὅτε</span> <span class='ocrx_word' id='word_1_630' title='bbox 1433 5394 1752 5464; x_wconf 81' lang='grc' dir='ltr'>προσθήκην</span> 
     </span>
    </p>
   </div>
   <div class='ocr_carea' id='block_1_93' title="bbox 185 5481 1749 5554">
    <p class='ocr_par' dir='ltr' id='par_1_93' title="bbox 185 5481 1749 5554">
     <span class='ocr_line' id='line_1_93' title="bbox 185 5481 1749 5554; baseline 0.004 -24"><span class='ocrx_word' id='word_1_631' title='bbox 185 5481 486 5550; x_wconf 76' lang='grc' dir='ltr'>ποιούμενοι</span> <span class='ocrx_word' id='word_1_632' title='bbox 518 5482 642 5536; x_wconf 89' lang='grc' dir='ltr'>καθ’</span> <span class='ocrx_word' id='word_1_633' title='bbox 665 5482 884 5552; x_wconf 81' lang='grc' dir='ltr'>εἱρμὸν,</span> <span class='ocrx_word' id='word_1_634' title='bbox 909 5484 1284 5554; x_wconf 84' lang='grc' dir='ltr'>πειρασόμεθα</span> <span class='ocrx_word' id='word_1_635' title='bbox 1304 5483 1395 5536; x_wconf 82' lang='grc' dir='ltr'>τὸν</span> <span class='ocrx_word' id='word_1_636' title='bbox 1424 5484 1537 5553; x_wconf 87' lang='grc' dir='ltr'>βίον</span> <span class='ocrx_word' id='word_1_637' title='bbox 1569 5484 1749 5554; x_wconf 86' lang='grc' dir='ltr'>ἀπαρ-</span> 
     </span>
    </p>
   </div>
   <div class='ocr_carea' id='block_1_94' title="bbox 181 5569 1750 5648">
    <p class='ocr_par' dir='ltr' id='par_1_94' title="bbox 181 5569 1750 5648">
     <span class='ocr_line' id='line_1_94' title="bbox 181 5569 1750 5648; baseline 0.007 -31"><span class='ocrx_word' id='word_1_638' title='bbox 181 5569 446 5636; x_wconf 81' lang='grc' dir='ltr'>τέσασθαι,</span> <span class='ocrx_word' id='word_1_639' title='bbox 500 5573 928 5643; x_wconf 85' lang='grc' dir='ltr'>ἀφουσιούμενοι</span> <span class='ocrx_word' id='word_1_640' title='bbox 991 5575 1084 5627; x_wconf 78' lang='grc' dir='ltr'>τὸν</span> <span class='ocrx_word' id='word_1_641' title='bbox 1144 5574 1327 5642; x_wconf 85' lang='grc' dir='ltr'>πόθον,</span> <span class='ocrx_word' id='word_1_642' title='bbox 1376 5576 1433 5630; x_wconf 83' lang='grc' dir='ltr'>ὃν</span> <span class='ocrx_word' id='word_1_643' title='bbox 1479 5577 1606 5648; x_wconf 77' lang='grc' dir='ltr'>περὶ</span> <span class='ocrx_word' id='word_1_644' title='bbox 1659 5577 1750 5628; x_wconf 80' lang='grc' dir='ltr'><strong>τοῦ</strong></span> 
     </span>
    </p>
   </div>
   <div class='ocr_carea' id='block_1_95' title="bbox 186 5663 1214 5738">
    <p class='ocr_par' dir='ltr' id='par_1_95' title="bbox 186 5663 1214 5738">
     <span class='ocr_line' id='line_1_95' title="bbox 186 5663 1214 5738; baseline 0.01 -30"><span class='ocrx_word' id='word_1_645' title='bbox 186 5663 548 5734; x_wconf 67' lang='grc' dir='ltr'>παμμάχοιρος</span> <span class='ocrx_word' id='word_1_646' title='bbox 583 5665 802 5736; x_wconf 77' lang='grc' dir='ltr'>ἔχουσιν</span> <span class='ocrx_word' id='word_1_647' title='bbox 834 5667 882 5718; x_wconf 78' lang='lat' dir='ltr'><strong>ot</strong></span> <span class='ocrx_word' id='word_1_648' title='bbox 917 5666 1214 5738; x_wconf 77' lang='grc' dir='ltr'>φιλάρετοι.</span> 
     </span>
    </p>
   </div>
   <div class='ocr_carea' id='block_1_96' title="bbox 1860 5395 3433 5464">
    <p class='ocr_par' dir='ltr' id='par_1_96' title="bbox 1860 5395 3433 5464">
     <span class='ocr_line' id='line_1_96' title="bbox 1860 5395 3433 5464; baseline -0.001 -16"><span class='ocrx_word' id='word_1_649' title='bbox 1860 5403 2120 5459; x_wconf 80' lang='lat' dir='ltr'><strong>texentes,</strong></span> <span class='ocrx_word' id='word_1_650' title='bbox 2142 5395 2352 5464; x_wconf 82' lang='lat' dir='ltr'><strong>adjecto</strong></span> <span class='ocrx_word' id='word_1_651' title='bbox 2382 5395 2565 5458; x_wconf 85' lang='lat' dir='ltr'><strong>etiam,</strong></span> <span class='ocrx_word' id='word_1_652' title='bbox 2591 5396 2680 5448; x_wconf 92' lang='lat' dir='ltr'><strong>ubi</strong></span> <span class='ocrx_word' id='word_1_653' title='bbox 2705 5411 2791 5449; x_wconf 90' lang='lat' dir='ltr'><strong>res</strong></span> <span class='ocrx_word' id='word_1_654' title='bbox 2817 5395 2971 5458; x_wconf 79' lang='lat' dir='ltr'><strong>feret,</strong></span> <span class='ocrx_word' id='word_1_655' title='bbox 2995 5411 3060 5449; x_wconf 77' lang='lat' dir='ltr'><strong>cx</strong></span> <span class='ocrx_word' id='word_1_656' title='bbox 3085 5395 3433 5464; x_wconf 85' lang='lat' dir='ltr'><strong>cogitationi-</strong></span> 
     </span>
    </p>
   </div>
   <div class='ocr_carea' id='block_1_97' title="bbox 1856 5485 3436 5553">
    <p class='ocr_par' dir='ltr' id='par_1_97' title="bbox 1856 5485 3436 5553">
     <span class='ocr_line' id='line_1_97' title="bbox 1856 5485 3436 5553; baseline 0 -14"><span class='ocrx_word' id='word_1_657' title='bbox 1856 5486 1958 5539; x_wconf 84' lang='lat' dir='ltr'><strong>bus</strong></span> <span class='ocrx_word' id='word_1_658' title='bbox 2010 5486 2134 5540; x_wconf 83' lang='lat' dir='ltr'><strong>inde</strong></span> <span class='ocrx_word' id='word_1_659' title='bbox 2191 5489 2655 5553; x_wconf 78' lang='lat' dir='ltr'><strong>consequentibus</strong></span> <span class='ocrx_word' id='word_1_660' title='bbox 2711 5485 3118 5549; x_wconf 86' lang='lat' dir='ltr'><strong>additamento,</strong></span> <span class='ocrx_word' id='word_1_661' title='bbox 3177 5500 3286 5553; x_wconf 91' lang='lat' dir='ltr'><strong>quo</strong></span> <span class='ocrx_word' id='word_1_662' title='bbox 3347 5501 3436 5539; x_wconf 86' lang='lat' dir='ltr'><strong>res</strong></span> 
     </span>
    </p>
   </div>
   <div class='ocr_carea' id='block_1_98' title="bbox 1854 5575 3433 5643">
    <p class='ocr_par' dir='ltr' id='par_1_98' title="bbox 1854 5575 3433 5643">
     <span class='ocr_line' id='line_1_98' title="bbox 1854 5575 3433 5643; baseline -0.003 -13"><span class='ocrx_word' id='word_1_663' title='bbox 1854 5577 2183 5640; x_wconf 75' lang='lat' dir='ltr'><strong>cohmreant,</strong></span> <span class='ocrx_word' id='word_1_664' title='bbox 2207 5576 2371 5630; x_wconf 75' lang='lat' dir='ltr'><strong>vitam</strong></span> <span class='ocrx_word' id='word_1_665' title='bbox 2395 5577 2676 5631; x_wconf 87' lang='lat' dir='ltr'><strong>absolvere</strong></span> <span class='ocrx_word' id='word_1_666' title='bbox 2700 5577 3039 5638; x_wconf 86' lang='lat' dir='ltr'><strong>conabimur,</strong></span> <span class='ocrx_word' id='word_1_667' title='bbox 3066 5575 3433 5643; x_wconf 77' lang='lat' dir='ltr'><strong>gratiﬁcantes</strong></span> 
     </span>
    </p>
   </div>
   <div class='ocr_carea' id='block_1_99' title="bbox 1857 5666 3434 5737">
    <p class='ocr_par' dir='ltr' id='par_1_99' title="bbox 1857 5666 3434 5737">
     <span class='ocr_line' id='line_1_99' title="bbox 1857 5666 3434 5737; baseline -0.001 -19"><span class='ocrx_word' id='word_1_668' title='bbox 1857 5667 2149 5730; x_wconf 79' lang='lat' dir='ltr'><strong>desiderio,</strong></span> <span class='ocrx_word' id='word_1_669' title='bbox 2207 5682 2317 5735; x_wconf 89' lang='lat' dir='ltr'><strong>quo</strong></span> <span class='ocrx_word' id='word_1_670' title='bbox 2368 5683 2494 5737; x_wconf 84' lang='lat' dir='ltr'><strong>erga</strong></span> <span class='ocrx_word' id='word_1_671' title='bbox 2556 5666 2929 5723; x_wconf 84' lang='lat' dir='ltr'><strong>beatissimum</strong></span> <span class='ocrx_word' id='word_1_672' title='bbox 2982 5666 3125 5722; x_wconf 89' lang='lat' dir='ltr'><strong>hunc</strong></span> <span class='ocrx_word' id='word_1_673' title='bbox 3185 5673 3434 5720; x_wconf 87' lang='lat' dir='ltr'><strong>tenentur</strong></span> 
     </span>
    </p>
   </div>
   <div class='ocr_carea' id='block_1_100' title="bbox 1860 5759 2377 5814">
    <p class='ocr_par' dir='ltr' id='par_1_100' title="bbox 1860 5759 2377 5814">
     <span class='ocr_line' id='line_1_100' title="bbox 1860 5759 2377 5814; baseline 0.004 -4"><span class='ocrx_word' id='word_1_674' title='bbox 1860 5759 2075 5814; x_wconf 82' lang='lat' dir='ltr'><strong>virtutis</strong></span> <span class='ocrx_word' id='word_1_675' title='bbox 2112 5768 2377 5814; x_wconf 83' lang='lat' dir='ltr'><strong>amantes.</strong></span> 
     </span>
    </p>
   </div>
  </div>
