4018 6304
552 352 657 418 851
1752 365 1811 425 S.
1848 364 2139 425 THEODC

2276 366 2417 426 STU
2427 365 2623 425 ῡΙΤίΕ
3725 357 3845 421 852

1086 471 1315 529 CAPUT
1355 472 1648 532 PRIMUM.
2172 490 2212 542 Α
2669 476 2673 527 ἶ

2172 490 2212 542 Α
2669 474 3065 528 ΚΕΦᾹΛΑΙΟΝ
3096 474 3391 532 ΠΡΩΤΟΝ.

559 586 745 642 Sancti
774 589 974 658 patria,
1004 590 1246 659 natales;
1277 593 1383 646 vita
1414 592 1687 648 saecularis
1713 606 1831 646 cum
1880 593 2125 715 soli/tario
2182 591 2358 731 divifno
2390 593 2595 645 monitu
2646 601 3008 658 commutata;
3038 594 3266 663 insignes
3296 594 3351 647 in
3382 608 3445 647 ea
3470 604 3793 661 progressus
3818 606 3841 651 ,-

1987 678 2237 717 iommum
2302 679 2425 731 τινα.

1987 678 2237 717 ιοηιιιιιιηε
2277 678 2425 732 luga.

632 774 688 829 5.
716 772 899 830 Genus
936 772 1174 841 Arsenii,
1212 784 1271 830 ut
1299 774 1477 831 dicam
1521 777 1573 832 id
1618 778 1763 848 quod
1816 792 1903 833 res
1947 787 2051 840 est,
2088 784 2141 831 et

2309 776 2565 843 γ’..Γένος
2590 776 2691 847 μὲν
2718 776 3015 847 Ἀρσενίου,
3035 776 3266 846 τάληθὲς
3284 776 3481 841 εἰπεῖν,
3496 774 3594 828 καὶ
3614 774 3680 827 ού
3699 773 3847 827 σπά-

564 867 807 922 atlinium
870 868 1182 935 multitudo,
1239 868 1407 924 virtus
1459 868 1594 935 fuit;
1649 870 1880 941 ejusque
1927 869 2141 924 incendi

2248 887 2340 922 νιοι
2366 871 2414 921 οἱ
2449 870 2787 940 μετέχοντες,
2815 872 2847 941 ἡ
2884 869 3052 940 ἀρετή
3079 886 3093 900 ·
3124 870 3215 921 καὶ
3241 869 3303 920 τὸ
3335 864 3548 920 ἐκεῖθεν
3581 867 3835 932 κατάγε-

567 959 761 1015 studiis
791 973 856 1014 ac
888 959 1137 1031 insigniri
1177 961 1617 1027 characteribus;
1655 961 1910 1031 quoniam
1953 976 2079 1014 vero
2111 976 2141 1014 a

2251 961 2363 1013 σθαι
2391 962 2485 1014 καὶ
2508 960 3009 1032 χαρακτηρίζεσθαι
3027 973 3041 988 ⁸
3078 960 3265 1030 ἐπειδὴ
3292 960 3349 1012 δὲ
3381 959 3442 1012 τὸ
3474 958 3570 1026 ἀφ’
3599 958 3838 1026 αϊμασιν

567 1050 830 1120 sanguine
850 1051 900 1106 id
924 1061 1176 1121 repetunt
1195 1052 1392 1107 eruditi
1411 1071 1426 1119 ;
1445 1054 1618 1124 patria
1636 1055 1684 1109 ei
1710 1054 1811 1107 fuit
1834 1053 2139 1117 civitatum,

2249 1055 2351 1115 τοῖς
2380 1049 2735 1120 φιλοπαθέσιν
2782 1050 3141 1122 ὲπιζητείται·
3186 1052 3220 1121 ὴ
3254 1050 3446 1121 πρώτη
3505 1049 3618 1102 τῶν
3654 1049 3836 1101 ὑπου-

566 1155 690 1209 quaa
724 1142 828 1197 sub
858 1142 998 1197 ctelo
1037 1152 1186 1209 sunt,
1222 1144 1493 1213 princeps,
1536 1143 1733 1207 lloma,
1777 1144 2022 1213 inquam,
2056 1157 2144 1197 ce-

2253 1143 2445 1213 ρανίων
2507 1142 2716 1195 πόλεων
2773 1142 2948 1213 τούτῳ
2999 1143 3219 1214 πατρὶς,
3262 1143 3484 1214 Ῥώμην
3528 1142 3679 1211 λέγω
3726 1142 3840 1212 τὴν

569 1229 859 1286 leberrima
900 1248 931 1286 a
960 1247 1068 1301 qua
1093 1244 1518 1304 cognomentum
1557 1244 1885 1304 acceperunt
1916 1233 2017 1296 illi,
2054 1232 2145 1301 qui

2252 1235 2568 1306 περιϐόητον
2588 1251 2600 1264 '
2628 1234 2722 1304 ἀφ’
2746 1229 2814 1304 ἦς
2838 1235 2939 1305 τὴν
2970 1236 3349 1307 προσηγορίαν
3376 1237 3427 1289 οί
3458 1236 3519 1289 τὸ
3547 1233 3839 1305 βασιλικὸν

571 1321 785 1390 imperii
818 1332 1089 1392 sceptrum
1120 1313 1504 1381 moderantur.
1552 1326 1818 1381 Surculus
1859 1325 1959 1379 fuit
1994 1326 2148 1379 nobi-

2251 1326 2525 1396 σκῆπτρον
2557 1326 2880 1396 κατέχοντες
2914 1323 3265 1397 ἑξειλήφασιν
3288 1343 3301 1357 ο
3354 1326 3595 1395 εὐγενῶν
3627 1342 3838 1394 γεννη-

570 1411 703 1464 lium
728 1422 1034 1481 parentum,
1064 1416 1369 1487 opibusque
1391 1434 1455 1473 ac
1477 1419 1686 1488 reliquo
1712 1418 1835 1471 vitae
1860 1416 2149 1486 splendore

2253 1417 2418 1486 τὸρων
2455 1416 2725 1487 στέλεχος,
2758 1416 2973 1486 πλούτῳ
3005 1434 3065 1470 τε
3118 1415 3413 1488 κομώντων
3443 1417 3537 1471 καὶ
3568 1420 3633 1487 τῇ
3664 1416 3840 1487 λοιπῇ

571 1502 903 1558 ﬂorentium.
955 1504 1180 1560 Familia
1221 1507 1393 1577 ipsius
1431 1507 1500 1562 ad
1552 1510 1655 1562 hoc
1710 1523 1881 1577 usque
1934 1517 2147 1577 tempus

2250 1509 2340 1562 τοῦ
2377 1509 2490 1578 βίου
2526 1509 2889 1579 περιφανείᾳο
2923 1504 2984 1563 οῦ
3019 1510 3173 1562 ἑστία
3206 1508 3366 1579 μέχρι
3405 1508 3500 1562 τοῦ
3529 1508 3625 1562 νῦν
3664 1509 3837 1579 περί-

574 1593 783 1664 integra
813 1610 919 1650 non
945 1608 1195 1667 superest
1221 1601 1483 1669 (quonam
1513 1598 1658 1653 enim
1695 1609 1853 1669 pacto
1889 1608 1966 1654 tot
1990 1598 2150 1653 annis

2253 1618 2400 1653 εστιν
2444 1602 2543 1671 οὐχ
2584 1600 2910 1671 ὁλόκληρος’
2943 1602 3061 1665 πῶς
3104 1602 3212 1671 γάρ
3256 1602 3321 1655 ἂν
3373 1602 3467 1654 καὶ
3502 1601 3840 1654 διεσέσωστο

574 1696 783 1742 servata
813 1687 977 1743 fuerit
996 1688 1041 1758 ἲ)
1068 1690 1161 1745 sed
1189 1690 1439 1761 vestigia,
1469 1690 1561 1745 tali
1586 1691 1958 1759 magnitudine
1981 1690 2153 1745 excel-

2250 1689 2523 1753 τοσούτοις
2556 1689 2768 1757 ἔτεσινξ
2812 1690 2935 1760 ἴχνη
2962 1691 3018 1744 δὲ
3048 1692 3141 1744 καὶ
3175 1691 3416 1763 τοσούτῳ
3457 1690 3681 1762 μεγέθει
3711 1690 3836 1743 δια-

575 1778 763 1843 lentia,
821 1779 1006 1836 divisit
1066 1781 1466 1838 habitatoribus
1518 1783 1665 1837 velut
1722 1782 1775 1837 in
1831 1782 1994 1837 cellas
2052 1782 2151 1835 tri-

2254 1783 2507 1853 φέροντα,
2555 1783 2629 1846 ώς
2661 1785 2719 1834 ὲν
2747 1782 3091 1854 τριακοσίαις
3132 1783 3349 1847 κέλλαις
3390 1782 3673 1854 διαιροῦσα
3719 1786 3841 1846 τοῖς

576 1872 726 1938 ginta
764 1872 899 1943 (57).
930 1874 1107 1943 Atque
1139 1874 1245 1929 hoc
1285 1874 1504 1939 sulIicit,
1536 1884 1594 1929 ut
1620 1874 1955 1938 ostendatur,
1986 1888 2150 1943 quam

2255 1876 2555 1944 οἰκήτορσι.
2598 1872 2985 1944 Ἐξαρκοῦντος
3014 1875 3205 1928 τούτου
3230 1875 3585 1946 ὲπιδηλῶσαι,
3613 1875 3736 1936 ὅσος
3765 1870 3842 1945 ἦν

578 1965 809 2019 illustris
831 1979 893 2018 ac
918 1966 1283 2035 undequaque
1307 1966 1497 2021 beatus
1524 1965 1691 2021 fuerit
1713 1967 1791 2019 vir
1820 1966 1920 2020 iste
1948 1981 2150 2021 memo-

2254 1966 2560 2036 περιφανὴς
2606 1966 2700 2019 καὶ
2763 1964 3057 2029 πολύολὸος
3086 1968 3114 2019 ὁ
3158 1966 3435 2035 ἀοίδιμος·
3487 1965 3731 2028 τοιοῦτός
3774 1982 3840 2017 τε

579 2056 801 2122 rabilis;
824 2070 1059 2127 cumque
1089 2067 1267 2113 tantus
1288 2066 1452 2121 esset,
1477 2057 1723 2113 doctrina
1756 2057 1920 2112 altius
1946 2057 2154 2112 emine-

2255 2058 2352 2122 ὢν,
2385 2058 2598 2128 ὑπῆρχε
2634 2058 2729 2110 καὶ
2753 2060 2819 2129 τῇ
2852 2058 3133 2111 παιδεύσει
3173 2059 3503 2129 ὑπέρτερος,
3542 2056 3842 2127 Ἑλληνικῇ

580 2146 691 2213 bat,
714 2146 900 2202 Graeca
925 2164 987 2203 ac
1005 2146 1250 2203 Romana
1271 2149 1470 2219 pariter
1494 2149 1756 2218 sapientia
1780 2149 2151 2204 admirandus.

1836 2149 2151 2204 Imirandus.
2255 2168 2313 2203 τε
2350 2149 2443 2202 καὶ
2476 2150 2761 2219 Ῥωμαϊκῇ
2792 2150 2957 2221 σοφίᾳ
2988 2148 3423 2219 θαυμαζόμενος.

650 2238 702 2291 4.
737 2237 868 2308 Ejus
909 2238 1091 2309 itaque
1125 2239 1267 2293 fama
1296 2243 1363 2293 ad
1396 2255 1555 2295 aures
1603 2249 1730 2294 tunc
1767 2240 1942 2293 delata
1974 2241 2155 2309 magni

2324 2242 2387 2296 δ’.
2435 2241 2588 2294 Ἐπεὶ
2629 2236 2722 2295 οῦν
2753 2241 2811 2293 τὸ
2852 2241 3155 2313 τηνικαῦτα
3199 2241 3460 2311 Θεοδοσίῳ
3493 2240 3570 2311 τῷ
3613 2239 3846 2310 μεγάλῳ

582 2328 874 2385 Theodosii
910 2331 1278 2399 imperatoris,
1328 2331 1619 2400 quaerentis
1660 2331 1819 2385 talem
1872 2331 1995 2385 tiliis
2042 2331 2158 2385 suis

2261 2332 2595 2403 βασιλεύοντι
2620 2332 2924 2404 ἐξηκούσθη
2954 2334 3023 2387 τὰ
3052 2333 3181 2403 περὶ
3208 2332 3395 2395 αὐτοῦ,
3425 2332 3676 2402 ζητοῦντι
3704 2348 3843 2383 παι-

584 2422 819 2476 Arcadio
844 2432 900 2476 et
938 2420 1179 2476 Honorio
1205 2424 1529 2493 magiStrum
1576 2423 1872 2491 praeﬁcere,
1903 2422 1999 2492 qui
2042 2437 2159 2476 ma-

2260 2424 2455 2492 δευτὴν
2478 2424 2718 2477 τοιοῦτον
2746 2425 3036 2494 ἐπιστῆσαι
3077 2425 3213 2487 υἱοῖς
3239 2423 3405 2478 αὑτοῦ
3446 2423 3718 2493 Ἀρκαδίῳ
3742 2422 3846 2474 καὶ

581 2512 701 2580 jore
728 2528 840 2582 pra:
864 2513 1121 2567 omnibus
1148 2513 1200 2567 id
1236 2527 1416 2583 operae
1444 2513 1618 2583 pretio
1647 2513 1865 2579 faceret,
1897 2514 2161 2570 Arsenius

2272 2516 2519 2584 Ὠνορίῳ,
2560 2515 2616 2578 ὃς
2658 2516 2742 2585 εἴη
2770 2515 3227 2586 προύργιέστερος
3267 2516 3545 2569 ἁπάντων·
3578 2514 3773 2581 ἄγεται
3817 2515 3847 2565 ὁ

586 2606 764 2660 accitu
811 2606 1155 2676 imperatoris
1211 2606 1530 2675 Byzantium
1577 2606 1873 2673 contendit,
1919 2616 1973 2662 et
2005 2622 2162 2662 assu-

2274 2607 2550 2677 Ἀρσένιος
2583 2609 2650 2675 τῇ
2682 2606 2777 2659 τοῦ
2806 2606 3134 2678 κρατοῦντος
3168 2608 3309 2678 ῥοπῇ
3339 2607 3398 2659 ὲν
3428 2604 3508 2675 τῷ
3537 2604 3844 2673 Βυζαντίῳ,

589 2713 745 2753 mens
791 2698 980 2754 ambos
1032 2714 1250 2767 pueros,
1290 2700 1534 2754 moribus
1572 2714 1635 2753 ac
1676 2699 1977 2769 disciplinis
2011 2700 2161 2769 ipsos

2263 2700 2357 2751 καὶ
2387 2696 2719 2769 παραλαϐὼν
2741 2698 3085 2769 ἀμφοτέρους
3111 2697 3238 2761 τοὺς
3266 2696 3482 2761 παῖδας,
3512 2696 3712 2766 ἀνῆγεν
3745 2696 3847 2748 αὺρ

589 2787 927 2854 informavit,
958 2796 1017 2841 ut
1048 2788 1281 2858 optimos
1303 2803 1398 2843 eos
1430 2803 1552 2843 esse
1576 2789 1891 2843 ostenderet
1933 2789 1986 2843 in
2013 2798 2163 2845 utra-

2264 2791 2391 2851 τοὺς
2424 2789 2482 2840 έν
2505 2804 2563 2840 τε
2590 2788 2775 2858 ἧθεσιν
2798 2790 2891 2842 καὶ
2912 2786 3302 2858 παιδεύμασιν,
3338 2788 3593 2859 ἀρίστους
3618 2785 3846 2841 ἀποδει-

591 2895 699 2948 que
729 2877 1002 2933 facultate.
1030 2878 1109 2932 Ad
1137 2877 1609 2947 quadragesimum
1646 2894 1818 2947 usque
1844 2880 2019 2934 aetatis
2048 2894 2159 2935 sua:

2262 2880 2394 2941 κνὺς
2451 2876 2861 2947 ἀμφοτέρωθεν.
2914 2878 3093 2947 Μέχρι
3140 2878 3199 2931 δὲ
3241 2877 3337 2930 τοῦ
3388 2874 3845 2947 τεσσαρακοστοῦ

591 2987 797 3025 annum
832 2971 886 3024 in
927 2971 1050 3024 aula
1097 2969 1317 3025 assidue
1342 2979 1595 3024 versatus
1620 2978 1703 3023 est
1735 2970 1920 3039 (57");
1958 2970 2162 3039 Deique

2265 2969 2416 3032 ἔτους
2447 2971 2545 3039 τῆς
2578 2966 2792 3039 ἡλικίας
2839 2966 3007 3020 αὐτοῦ
3050 2969 3107 3019 ὲν
3137 2966 3216 3036 τῷ
3258 2965 3506 3035 παλατίῳ
3544 2962 3845 3033 διηνυκὼς,

594 3063 846 3117 timorem
886 3062 939 3116 in
974 3074 1153 3116 mente
1204 3060 1429 3124 habens,
1464 3060 1750 3131 ingemuit,
1799 3071 1853 3115 et
1883 3061 2167 3116 invocabat

2266 3061 2363 3114 καὶ
2386 3061 2478 3113 τὸν
2506 3060 2672 3128 φόϐον
2696 3059 2791 3113 τοῦ
2816 3057 2951 3111 Θεοῦ
2978 3058 3122 3113 κατά
3141 3058 3380 3112 διάνοιαν
3403 3056 3561 3126 ἔχων,
3586 3056 3848 3118 ἐστέναξε

595 3153 763 3207 Deum
801 3168 924 3208 cum
960 3152 1215 3224 lacrymis
1244 3152 1470 3208 dicens:
1506 3152 1751 3218 Domine,
1784 3154 2009 3209 ostende
2034 3154 2164 3208 mihi

2268 3153 2362 3205 καὶ
2392 3152 2692 3221 παρεκάλει
2716 3151 2805 3204 τὸν
2830 3151 2961 3204 Θεὸν
2991 3150 3131 3220 μετά
3155 3148 3403 3220 δακρύων
3429 3149 3602 3215 λέγων
3624 3162 3639 3177 ·
3668 3148 3847 3217 Κύριε

595 3247 759 3312 viam,
793 3246 845 3299 in
874 3260 979 3314 qua
1019 3246 1204 3301 salvus
1250 3245 1397 3300 ﬁam.
1440 3247 1505 3300 Et
1542 3260 1688 3310 vero,
1734 3246 1862 3301 dum
1901 3246 1987 3300 die
2014 3251 2169 3316 'qua-

2268 3242 2535 3313 ὁδήγησόν
2570 3258 2659 3313 με,
2691 3240 2808 3303 πῶς
2840 3238 3019 3293 σωθῶ.
3040 3240 3151 3292 Καὶ
3179 3240 3245 3309 δὴ
3268 3240 3325 3292 ἐν
3362 3241 3461 3310 μιᾷ
3494 3240 3647 3304 ὄντος
3677 3238 3848 3293 αὑτοῦ

594 3340 718 3393 dam
748 3340 800 3393 in
826 3340 949 3393 aula
980 3348 1141 3404 esset,
1190 3338 1399 3393 audivit
1442 3339 1680 3394 divinam
1723 3352 1935 3401 vocem,
1970 3353 2091 3406 qua:
2120 3337 2169 3391 ei

2269 3336 2328 3387 ὲν
2356 3332 2435 3403 τῷ
2465 3330 2733 3401 παλατὶῳ,
2762 3328 2949 3382 ἀκούει
2980 3328 3131 3392 θείας
3158 3330 3362 3398 φωνῆς,
3387 3328 3652 3397 λεγούσης
3673 3329 3844 3397 αὐτῷ·

596 3432 799 3486 diceret
834 3449 847 3485 :
888 3431 1103 3495 Arseni,
1143 3431 1188 3487 si
1230 3430 1416 3486 salvus
1444 3443 1565 3487 esse
1596 3429 1700 3498 vis,
1744 3428 1866 3499 fuge
1898 3428 2168 3491 homines,

2284 3423 2548 3494 Ἀρσένιε,
2580 3422 2629 3476 εί
2653 3421 2827 3483 θέλεις
2848 3419 3115 3491 σωθῆναι,
3151 3419 3321 3489 φεῦγε
3350 3419 3478 3483 τοὺς
3499 3419 3849 3491 ἀνθρώπους,

596 3530 653 3576 et
680 3521 978 3575 salvaberis
1014 3521 1146 3591 (38).

1014 3521 1146 3591 (38).
2274 3517 2368 3571 καὶ
2396 3517 2566 3589 σώσῃ.

671 3611 723 3665 5.
753 3612 878 3666 Ηςεο
903 3610 1084 3679 itaque
1110 3611 1200 3665 ubi
1237 3610 1475 3666 audisset
1512 3607 1798 3674 Arsenius,
1818 3608 1930 3678 iam
1963 3608 2171 3678 pridem

2345 3623 2408 3670 ε’.
2437 3614 2656 3667 Τούτων
2685 3606 2779 3667 οῦν
2816 3612 3058 3675 ἀκούσας
3088 3612 3116 3663 ὁ
3150 3606 3448 3680 Ἀρσένιος,
3484 3602 3581 3656 καὶ
3616 3604 3850 3657 ἐπιπολὺ

598 3703 784 3756 divino
822 3701 1094 3757 desiderio
1132 3702 1431 3767 saueiatus,
1467 3703 1617 3758 omni
1667 3717 1790 3759 mox
1824 3701 2063 3757 humana
2111 3717 2176 3756 ac

2274 3709 2352 3781 τῷ
2394 3708 2523 3777 θείῳ
2552 3705 2702 3775 πόθῳ
2743 3705 2993 3775 τρωθεὶς,
3022 3704 3203 3772 πάσης
3229 3697 3391 3760 εὐθὺς
3429 3697 3850 3766 καταφρονήσας

600 3794 803 3848 caduca
838 3794 1008 3863 gloria
1057 3802 1395 3863 contempta;
1429 3796 1826 3865 splendoreque
1867 3809 1931 3848 ac
1968 3794 2176 3849 deliciis

2276 3798 2623 3872 ἀνθρωπίνης
2668 3798 2762 3849 καὶ
2788 3795 3125 3866 προσκαίρου
3172 3791 3454 3856 αἰνέσεως,
3485 3787 3579 3842 καὶ
3610 3804 3851 3860 περιφα-

600 3886 870 3953 corporis,
898 3884 1157 3954 omnique
1182 3885 1285 3937 alia
1318 3884 1541 3940 honoris
1572 3885 1898 3955 appetentia,
1929 3884 2177 3954 aulisque

2278 3894 2448 3958 νείας,
2478 3888 2691 3963 τρυφῆς
2722 3905 2783 3940 τε
2816 3885 3134 3956 σωματικῆς
3157 3884 3251 3937 καὶ
3279 3884 3458 3951 πάσης
3490 3879 3661 3950 ἄλλης
3700 3878 3850 3949 φιλο-

606 3978 999 4045 imperatorum
1033 3991 1129 4046 pro
1175 3976 1348 4031 nihilo
1378 3977 1599 4047 putatis,
1634 3977 1769 4031 nihil
1800 3977 2052 4045 cuiquam
2098 3975 2179 4028 ιο.

2278 3984 2475 4050 δοξίας,
2507 3982 2601 4035 καὶ
2658 3978 2965 4051 βασιλείους
3024 3974 3192 4036 αὐλὰς
3230 3974 3311 4035 εἰς
3350 3972 3503 4025 οὐδὲν
3540 3970 3850 4039 διαλογισᾶ-

603 4079 763 4123 cutus
814 4068 1198 4123 Alexandriam
1248 4069 1507 4140 navigat;
1553 4068 1785 4138 indeque
1832 4068 2079 4137 pervenit
2124 4068 2177 4121 in

2284 4093 2473 4146 μενος,
2538 4072 2728 4144 μηδενὶ
2785 4071 2951 4142 μηδὲν
3017 4063 3256 4137 εἰρηκὼς
3304 4061 3571 4117 ἀποπλέει
3614 4062 3710 4115 ἐπὶ
3753 4062 3853 4129 τὴν

604 4161 839 4227 Scelim;
870 4170 924 4215 et
961 4160 1244 4216 ecclesiam
1281 4162 1559 4231 ingressus
1592 4162 1820 4216 clericos
1852 4160 1997 4231 (38*)
2024 4175 2179 4215 acce-

2295 4166 2726 4234 Ἀλεξάνδρειαν,
2777 4159 3033 4215 κάκεῖθεν
3084 4158 3303 4227 ἔρχεται
3357 4153 3437 4215 εἰς
3472 4150 3707 4220 Σκῆτιν·
3757 4149 3852 4203 καὶ

606 4251 710 4313 dit,
739 4251 930 4306 dicens
964 4270 977 4305 :
1016 4250 1117 4306 Per
1150 4250 1466 4318 Dominum,
1500 4253 1662 4308 facile
1696 4267 1783 4308 me
1827 4254 2173 4315 monachum,

2285 4220 2621 4314 είσελθὼνιὲν
2650 4220 2725 4326 τῇ,
2743 4251 3026 4321 ἐκκλησία,
3057 4220 3419 4318 προσέρχεται
3443 4248 3553 4307 τοῖς
3577 4243 3851 4313 κληρικοῖς

608 4356 673 4395 ac
710 4343 850 4395 viam
887 4342 1018 4396 mihi
1041 4344 1331 4408 osumdite,
1371 4344 1460 4399 ubi
1487 4345 1667 4400 salvus
1699 4345 1846 4399 liam.
1885 4342 1965 4397 Illi
1995 4354 2175 4398 autem

2286 4353 2458 4419 λέγων
2482 4368 2495 4382 ·
2542 4348 2639 4401 Διὰ
2677 4346 2769 4399 τὸν
2802 4344 3028 4415 Κύριον,
3058 4338 3323 4408 ποιήσατέ
3368 4354 3435 4406 με
3480 4334 3735 4404 μοναχὸν,
3760 4333 3851 4383 καὶ

614 4433 717 4486 viri
767 4432 1103 4489 nobilitatem
1151 4451 1215 4489 ex
1248 4436 1517 4502 moribus,
1564 4446 1619 4491 et
1655 4436 1803 4490 vultu
1841 4447 1895 4491 et
1941 4436 2181 4505 alloquio

2285 4439 2589 4510 ὀδηγήσατέ
2621 4452 2687 4506 με
2722 4432 2838 4495 πῶς
2870 4428 3048 4483 σωθῶ.
3091 4429 3155 4481 Oi
3200 4427 3259 4479 δὲ
3300 4428 3402 4493 τὴν
3434 4424 3717 4491 εὐγένειαν
3760 4419 3850 4473 τοῦ

610 4524 1001 4593 coniectantes,
1044 4529 1361 4596 qumehaut
1402 4542 1468 4582 ex
1510 4543 1597 4592 eo,
1639 4528 1890 4598 quisnam
1933 4538 1987 4583 et
2027 4530 2183 4597 cujus

2290 4532 2479 4601 ἀνδρὸς
2512 4531 2577 4582 ὲκ
2606 4527 2697 4580 τοῦ
2729 4524 2916 4596 ἧθους,
2973 4521 3069 4575 καὶ
3122 4519 3217 4571 τοῦ
3266 4516 3585 4587 προσώπου,
3628 4514 3722 4566 καὶ
3758 4510 3853 4580 τῆς

610 4624 775 4671 esset.
813 4614 864 4671 Is
898 4633 1022 4671 cum
1069 4618 1246 4687 primo
1278 4619 1560 4684 abnueret,
1603 4619 1916 4688 diceretque
1958 4636 1971 4672 :
2008 4619 2185 4673 Homo

2293 4622 2579 4691 συντυχίας
2604 4617 2999 4688 στοχασάμενοι
3023 4612 3285 4681 ἐξήταζον
3312 4608 3493 4673 αὑτὸν,
3528 4606 3615 4669 τίς
3652 4607 3735 4675 εἴη
3767 4605 3857 4656 καὶ

612 4724 732 4763 sum
764 4709 1081 4779 peregrinus
1107 4719 1158 4764 et
1190 4710 1455 4780 ahjectus,
1486 4711 1577 4781 qui
1608 4712 1791 4767 salvus
1823 4712 1935 4766 ﬁeri
1967 4728 2182 4781 quaero;

2292 4714 2476 4767 πόθεν.
2520 4708 2881 4781 ’Δρνουμένου
2914 4706 2970 4759 δὲ
2998 4703 3161 4757 αὑτοῦ
3196 4703 3264 4754 τὰ
3296 4700 3509 4770 πρῶτα,
3551 4699 3648 4751 καὶ
3676 4697 3854 4763 λέγον-

612 4798 698 4854 vix
732 4800 947 4857 tandem
981 4800 1030 4857 ei
1069 4803 1397 4871 persuadere
1426 4813 1720 4873 potuerunt
1754 4814 1831 4871 ut,
1871 4819 1993 4875 quae
2020 4804 2085 4859 ad
2128 4819 2188 4860 se

2292 4822 2415 4869 τος,
2438 4794 2519 4859 ὅτι
2554 4798 2876 4873 Ἄνθρωπός
2904 4797 3019 4867 είμι
3048 4794 3198 4863 ξένος
3225 4792 3318 4848 καὶ
3339 4788 3593 4851 ταπεινὸς
3624 4786 3858 4857 σωθῆναι

2120 5010 2353 5069 ΝΟΤιΕ.

688 5218 803 5292 (37)
846 5218 1070 5292 Videtur
1093 5230 1282 5276 auctor
1313 5222 1446 5275 nihil
1476 5223 1620 5277 aliud
1661 5223 1818 5286 velle.
1844 5236 2005 5291 quam
2033 5221 2190 5290 stipi-
2292 5237 2414 5292 cap.
2458 5220 2533 5292 A27,
2593 5234 2767 5292 pag.”
2789 5216 2915 5281 565,
2942 5228 3111 5292 Δηιιιιλ.
3157 5208 3241 5292 2..
3267 5198 3863 5292 ρξιηίιξονξςξξιξῃνξξω

617 5278 726 5346 tem
761 5278 980 5366 familiae
1012 5292 1185 5366 sancti
1239 5295 1557 5366 primaevqu
1586 5296 1644 5366 in
1675 5278 1875 5363 plures.
1889 5304 2073 5361 postea
2102 5278 2191 5366 ἕει-
2293 5278 2469 5366 sat-icti
2497 5278 2769 5366 Bogumili
2788 5278 3028 5366 erem‘iue
3056 5278 3861 5366 Cama_ldltlettsis3119911}:-

618 5378 741 5418 mos
795 5360 1031 5414 divisum
1090 5351 1298 5427 fuisse;
1355 5378 1486 5419 usus
1542 5365 1650 5425 hic,
1675 5351 1971 5431 'quantum
2009 5363 2192 5431 suspi-
2295 5361 2454 5417 moll
2488 5351 2658 5424 Junii,
2694 5374 2817 5427 pag.
2850 5355 2976 5419 356,
3024 5368 3175 5409 num.
3214 5351 3303 5413 56,
3346 5358 3625 5431 secessum
3662 5356 3861 5431 crusta

617 5449 734 5504 cor,
762 5432 847 5485 vel
886 5431 1070 5501 phrasi
1129 5425 1291 5487 istius
1324 5434 1601 5504 temporis,
1649 5425 1738 5488 vei
1778 5433 2044 5503 partemia
2074 5425 2188 5487 tum
2293 5449 2539 5488 eremqu
2581 5425 2994 5504 Dobrovensenr
3040 5430 3258 5504 .narrat,
3304 5425 3861 5504 fteltqltg‘lttusgnsftl}:

619 5489 841 5557 usit-ala.
886 5489 901 5501 ’
1436 5489 1451 5504 ’
1587 5489 1601 5502 ’
1778 5489 1797 5503 ⁸
2296 5512 2416 5557 ctus
2451 5516 2639 5556 vocem
2685 5500 2893 5568 lapsam
2944 5494 3210 5568 divinitus
3251 5489 3316 5543 ad
3363 5489 3655 5568 arseuium
3691 5489 3741 5568 in
3771 5498 3863 5568 sua

692 5553 837 5644 ὧν)
870 5572 1171 5641 Διηνεκῶς·
1204 5574 1437 5629 subaudi
1472 5575 1675 5644 ἔμεινε,
1707 5572 1781 5626 ών
1824 5574 1911 5628 vel
1957 5573 2093 5644 quid
2119 5574 2192 5626 si-

2296 5553 2908 5627 vo—cationeiaudivisset
2939 5585 2951 5619 :
2985 5563 3182 5619 Arseni
3206 5558 3473 5615 tumultus
3503 5554 3651 5625 fuge.
3685 5561 3737 5607 ει
3760 5553 3860 5605 δ³¹’

624 5644 771 5716 mile.
792 5641 955 5716 _Apud
996 5644 1323 5716 Cotelerium
1353 5641 1653 5716 legqi'Ett
1691 5644 1766 5697 ὢν
1805 5645 1864 5697 ἐν
1890 5641 2182 5714 τῴπαλα-

1691 5644 1766 5697 ὢν
1805 5645 1864 5697 ἐν
1890 5641 2182 5714 τῴίπαλα-
2289 5644 2590 5716 veheris.)
2695 5712 2706 5716 _
2777 5710 2788 5716 _
2921 5707 2933 5716 .
3193 5702 3243 5716 ..

624 5693 1757 5785 τί..θέλῇῑειίξωέιᾱιέ“ε;ιέῑυε’,ῖραῑάεεοῖ·
1810 5693 1855 5697 ’⁷
2301 5693 2630 5785 *δέει-ιτα
2660 5710 2889 5785 clericos
2899 5705 3159 5785 jutellige
3193 5702 3287 5785 1m;
3302 5696 3635 5781 monachos.
3667 5693 3856 5752 Exem-

697 5771 810 5853 ias)
857 5783 987 5839 Vide
1017 5782 1166 5841 Vitas
1193 5786 1415 5843 Patrum
1445 5771 1589 5858 apud
1611 5785 1971 5856 Rosweydum
2004 5785 2102 5841 lib.
2132 5801 2183 5851 v,
2288 5771 2378 5855 pla
2412 5771 2504 5841 dat
2532 5783 2771 5855 Congius
2806 5782 2862 5838 iu
2890 5771 3159 5835 Glouario
3190 5771 3400 5829 Latino.
