4018 6304
194 317 302 378 853

803 317 1083 378 ORATIO
1120 321 1258 380 XII.
1283 342 1348 356 ’-
1392 324 1773 382 I.AUDATIO
1813 327 1874 385 S.
1914 328 2223 386 AllSENII
2275 329 2816 395 ANACIIORET/E.

3346 335 3452 397 854

194 429 398 498 ζητῶν,
451 427 611 499 μόγις
658 426 1000 499 ἠδυνήθησαν
1046 430 1234 481 πεῖσαι
1278 429 1461 494 αὑτὸν,
1503 431 1772 502 θαρῤἦσαι

1888 436 2213 501 spectabant,
2255 437 2586 492 conﬁdenter
2621 439 2686 493 iis
2716 448 3031 508 exponeret.
3080 442 3212 509 Quae
3249 443 3446 503 edocti.

194 523 383 583 αὐτοῖς
423 521 494 572 τά
527 520 650 574 καθ’
693 520 902 573 ἑαυτόν.
958 519 1065 570 Καὶ
1115 519 1399 588 μαθόντες,
1443 515 1597 573 εἷπον
1638 522 1773 589 πρὸς

195 611 459 680 ἀλλήλους
488 625 502 639 ⁸
537 609 631 672 Τίς
662 611 768 679 ἄρα
795 610 964 671 ἐστὶν,
990 610 1018 660 ὁ
1050 609 1280 677 ὀφείλων
1309 610 1498 665 τοῦτον
1528 613 1770 684 παραλα-

191 702 318 752 δεῖν
345 702 438 752 καὶ
463 700 727 770 ὁδηγῆσαι
767 701 846 761 εἰς
879 697 978 769 τὴν
1014 699 1308 769 μοναδικὴν
1334 701 1608 755 πολιτείαν
1638 721 1650 733 ·
1684 705 1775 757 καὶ

189 789 262 857 δὴ
298 788 744 858 βουλευσαμένων
770 787 972 850 αὐτῶν,
999 789 1236 840 συνεῖδον
1265 790 1591 856 ἀπενεγκεῖν
1614 792 1773 845 αὑτὸν

192 880 278 949 τῷ
321 880 465 949 ἁϐὁᾷ
514 879 731 950 Ἰωάννῃ
783 877 860 948 τῷ
901 877 1142 946 Κολοῦᾠ.
1183 879 1292 931 Καὶ
1325 880 1581 944 λαϐόντες
1611 882 1776 935 αὑτὸν

198 973 324 1040 μεθ’
367 971 598 1036 ἑαυτῶν,
628 969 868 1040 ἀπῆλθον
902 969 1039 1040 πρὸς
1069 968 1158 1020 τὸν
1196 969 1445 1038 γέροντα.
1493 972 1605 1025 Καὶ
1638 972 1777 1041 μετά

193 1066 262 1115 τὸ
294 1063 515 1132 ποιῆσαι
548 1063 744 1126 αὐτοὺς
778 1061 965 1131 εὐχὴν,
998 1059 1265 1130 ἐλάλησαν
1301 1061 1450 1132 αύτῷ
1484 1062 1613 1132 περὶ
1646 1063 1770 1134 Ἀρ-

199 1155 411 1209 σενίου.

274 1254 351 1315 ς’,
392 1247 502 1300 Καὶ
524 1247 581 1298 ἐν
607 1245 684 1315 τῷ
715 1247 1097 1314 συντυγχάνειν
1124 1245 1340 1310 αὐτοὺς,
1368 1245 1777 1316 καταλαϐούσης

194 1338 303 1407 τῆς
357 1338 586 1406 ἐννάτης
639 1336 808 1406 ὥρας,
841 1335 989 1404 λέγει
1023 1338 1134 1399 τοῖς
1163 1337 1443 1406 κληρικοῖς
1489 1340 1517 1390 ὀ
1562 1338 1772 1408 γέρων·

195 1427 391 1486 Δεῦτε,
417 1428 732 1496 ποιήσωμεν
758 1427 998 1496 ἀγάπην,
1023 1428 1116 1480 καὶ
1140 1427 1200 1478 τὸ
1225 1425 1436 1495 θέλημα
1457 1426 1547 1478 τοῦ
1574 1426 1776 1496 Κυρίου

197 1518 469 1587 γενέσθω.
499 1519 611 1571 Καὶ
642 1517 926 1581 καθεσθεὶς
961 1521 988 1572 ὁ
1017 1519 1191 1580 ἀ66ᾶς
1225 1518 1478 1587 Ἰωάννης
1514 1517 1650 1586 μετά
1670 1517 1778 1570 τῶν

198 1610 508 1679 κληρικῶν,
556 1610 791 1678 ἤρξαντο
829 1609 1048 1673 ἐσθίειν,
1077 1609 1335 1671 ἐάσαντες
1368 1608 1458 1660 τὸν
1504 1609 1778 1677 Ἀρσένιον

201 1701 520 1770 ἱστάμενον.
555 1699 875 1754 Ῥίπτειοῦν
904 1699 1161 1769 παξαμάν
1190 1699 1266 1762 είς
1296 1699 1395 1768 τὴν
1419 1699 1523 1769 γῆν
1555 1701 1582 1751 ὁ
1606 1699 1778 1762 ἀόὄᾶς

1879 525 2018 579 alter
2051 526 2202 582 alteri
2234 529 2492 583 dicebant
2521 548 2531 582 :
2568 528 2830 596 Quisnam
2861 541 2963 598 est,
2993 533 3089 602 qui
3119 534 3275 588 debet
3311 535 3453 590 hunc

1876 615 2148 684 excipere,
2177 627 2230 671 et
2257 619 2561 673 conducere
2592 621 2658 675 ad
2698 622 3056 676 monasticam
3102 623 3452 678 institutum?

1877 705 1962 771 Et,
1996 708 2129 764 inito
2157 710 2407 775 consilio,
2436 712 2614 766 visum
2643 722 2726 768 est
2755 714 3024 770 abducere
3051 717 3225 784 ipsum
3254 717 3317 768 ad
3351 717 3450 770 ab-

1875 797 2052 851 batem
2083 798 2344 853 Joannem
2379 800 2643 856 Colobum
2677 804 2808 873 ('59).
2849 805 2913 857 Et
2951 815 3294 860 assumenlcs
3325 821 3448 860 eum

1877 903 2088 953 secum,
2141 891 2392 944 abierunt
2440 892 2506 946 ad
2553 907 2768 960 senem;
2809 898 3152 967 peractisque
3200 898 3450 966 precibus

1877 977 2042 1034 locuti
2079 994 2201 1034 cum
2241 980 2332 1036 illo
2357 989 2486 1037 sunt
2511 982 2576 1037 de
2599 982 2852 1038 Arsenio.

1951 1243 2003 1297 6.
2040 1242 2286 1313 Cumque
2321 1245 2461 1300 inter
2494 1247 2911 1318 colloquendum
2950 1249 3060 1319 jam
3102 1264 3243 1304 nona
3284 1249 3450 1306 adve-

1881 1337 2049 1392 nisset
2083 1339 2234 1403 liora,
2260 1337 2391 1394 dicit
2418 1340 2631 1396 clericis
2672 1358 2836 1398 senex
2873 1361 2890 1399 ;
2931 1344 3153 1408 Adeste,
3184 1343 3451 1398 faciamus

1878 1444 2083 1498 agapen
2141 1431 2275 1500 (40),
2332 1439 2386 1486 et
2433 1432 2687 1488 voluntas
2734 1433 2826 1488 Dei
2881 1434 2996 1488 flat.
3043 1435 3453 1503 Considensque

1877 1519 2113 1575 Joannes
2145 1521 2312 1575 abbas
2366 1537 2486 1576 cum
2523 1523 2763 1590 clericis,
2809 1533 3095 1594 coeperunt
3142 1525 3447 1590 comedere,

1877 1611 2117 1665 sitientes
2167 1610 2456 1665 Arseniqu
2522 1621 2685 1667 stare.
2753 1613 2979 1683 Projicit
3045 1615 3229 1685 itaque
3284 1630 3450 1684 paxa-

1881 1716 2004 1754 man
2039 1700 2147 1770 (4|)
2179 1701 2228 1754 in
2266 1711 2464 1755 terrain
2501 1704 2668 1757 abbas
2691 1703 2952 1770 Joannes,
2978 1707 3160 1775 aitque
3181 1707 3410 1761 Arsenio
3437 1722 3450 1759 :

211 1766 495 1862 Ἰωάννης,
524 1792 620 1845 καὶ
653 1791 801 1860 λέγει
827 1790 904 1860 τῷ
939 1766 1197 1860 Ἀρσενίῳ
1222 1806 1235 1820 ·
1267 1766 1437 1856 Φάγε,
1462 1766 1554 1842 ἐὰν
1598 1789 1776 1860 θέλῃς.

1888 1790 2134 1854 Comede,
2159 1792 2204 1845 si
2239 1792 2392 1846 velis.
2427 1792 2518 1846 Ille
2541 1804 2720 1848 autem
2753 1794 3021 1849 inclinans
3047 1811 3105 1848 se
3139 1795 3191 1848 in
3227 1803 3449 1860 terram,

210 1883 278 1938 '0
303 1882 358 1937 δὲ
381 1884 570 1946 κλίνας
603 1884 793 1936 ἐαυτὸν
818 1883 910 1934 ἐπὶ
937 1883 1037 1952 τὴν
1065 1883 1188 1951 γῆν,
1223 1881 1433 1951 ἀπῆλθε
1461 1882 1780 1951 περιπατῶν

199 1976 330 2035 ταῖς
358 1976 518 2045 χερσὶ
553 1975 650 2028 καὶ
677 1977 788 2038 τοῖς
821 1975 1000 2038 ποσὶν,
1034 1975 1167 2026 ὅπου
1191 1968 1258 2043 ἦν
1292 1976 1319 2027 ὁ
1353 1973 1612 2042 παξαμάς
1633 1991 1645 2004 ·
1688 1973 1781 2026 καὶ

200 2067 411 2135 ἔφαγεν
440 2065 626 2130 αὑτὸν,
657 2067 730 2128 ὡς
763 2067 939 2118 ἔκειτο
970 2067 1050 2128 εἰς
1079 2065 1177 2134 τὴν
1206 2067 1328 2134 γῆν.
1358 2064 1467 2117 Καὶ
1497 2064 1619 2115 ἰδὼν
1644 2065 1672 2115 ὁ
1695 2064 1783 2132 γέο

205 2175 342 2227 ρων,
365 2158 512 2226 λέγει
546 2160 660 2220 τοῖς
688 2158 935 2226 ἀδελφοῖς
954 2174 968 2186 ο
1014 2157 1283 2224 Ὑπάγετε
1314 2155 1455 2224 μετὰ
1477 2155 1667 2219 καλοῦ,
1691 2156 1783 2207 καὶ

201 2249 436 2314 εὔξασθε
471 2250 612 2322 ὑπὲρ
641 2251 826 2321 ἡμῶν⁸
854 2249 1028 2314 οὕτως
1068 2250 1175 2320 γάρ
1208 2249 1526 2316 γινώσκετε,
1569 2250 1650 2301 ὅτι
1700 2249 1783 2301 δό-

203 2360 376 2412 κιμον
412 2344 524 2413 ἔχει
553 2347 776 2414 ποιῆσαι
803 2344 1058 2414 μοναχόν.
1105 2341 1422 2412 Ἦρώτησαν
1453 2337 1545 2394 οὖν
1569 2342 1619 2393 οἱ
1651 2341 1782 2412 κλη-

207 2435 357 2503 ριιιο)Ι
409 2435 502 2487 τὸν
551 2435 823 2505 Ἀρσένιον
847 2435 969 2487 καθ’
1020 2434 1268 2497 ἑαυτοὺς,
1304 2433 1558 2501 λέγοντες
1600 2433 1777 2503 αὐτῷ·

209 2526 448 2590 Ποίησον
490 2526 736 2594 ἀγάπην,
763 2525 980 2591 ἀδελφέ,
1006 2525 1097 2578 διὰ
1129 2525 1220 2577 τὸν
1263 2525 1489 2595 Κύριον,
1525 2525 1620 2579 καὶ
1663 2525 1783 2578 είπέ

203 2619 366 2685 ἡμῖν,
419 2617 574 2668 ποῖον
605 2614 863 2684 λογισμὸν
917 2614 1074 2682 ἔσχες
1125 2611 1320 2666 ἐσθίων
1362 2613 1453 2666 τὸν
1494 2613 1780 2682 παξαμάν;

206 2708 326 2762 Καὶ
357 2707 507 2775 λέγει
549 2707 764 2768 αὐτοῖς·
808 2705 1172 2773 Ἐλογισάμην
1226 2703 1361 2774 πρὸς
1401 2704 1657 2773 ἐμαυτὸν,
1703 2706 1784 2757 ὅτι

217 2802 309 2863 Ὠς
338 2799 462 2853 κυνί
487 2816 570 2851 σοι
601 2797 828 2868 ἔρριψαν
851 2795 943 2849 τὸν
971 2797 1232 2866 ἀρτον,ὼς
1261 2795 1405 2848 κύων
1434 2798 1574 2864 φάγε
1601 2798 1783 2851 αὐτόν.

207 2893 321 2946 Καὶ
369 2889 634 2954 ἐδόξασαν
669 2889 762 2942 τὸν
800 2888 954 2941 Θεόν.
1005 2888 1208 2956 Χρόνον
1237 2882 1331 2941 οὖν
1377 2889 1558 2955 ὀλίγον
1599 2891 1786 2959 μείνας

211 2984 354 3050 μετά
384 2980 479 3035 τοῦ
509 2979 655 3034 ἀόσᾶ
692 2980 940 3033 Ἰωάννου
963 2979 992 3032 ὁ
1021 2979 1311 3049 Ἀρσένιος,
1337 2980 1431 3032 καὶ
1458 2981 1644 3049 μαθὼν
1677 2984 1784 3035 πᾶ-

1881 1882 2050 1936 abivit
2112 1881 2260 1944 illuc,
2321 1884 2609 1939 ambulans
2654 1885 2906 1940 manibus
2957 1885 3314 1954 pedibusque,
3360 1886 3451 1940 ubi

1881 1981 1998 2026 erat
2042 1987 2332 2040 paxamas;
2381 1982 2432 2026 et
2484 1973 2535 2026 in
2576 1982 2743 2039 terra,
2784 1983 2944 2043 prout
2988 1976 3220 2042 jacebat,
3275 1976 3452 2043 ipsum

1881 2062 2135 2115 comedit.
2164 2063 2339 2131 Atque
2379 2063 2482 2117 hoc
2510 2065 2856 2132 conspicatus
2886 2079 3068 2128 senex,
3100 2066 3232 2118 dicit
3271 2065 3454 2118 fratri-

1881 2150 1984 2204 bus
2009 2169 2022 2204 :
2059 2151 2214 2206 Abite
2243 2167 2362 2206 cum
2388 2154 2551 2217 bono,
2587 2162 2641 2208 et
2664 2165 2816 2208 orate
2841 2171 2939 2225 pro
2963 2157 3121 2210 nobis
3147 2174 3160 2210 :
3205 2156 3276 2210 ita
3307 2156 3453 2210 enim

1883 2244 2085 2309 scietis,
2109 2244 2247 2311 quod
2267 2245 2528 2313 probatus
2550 2246 2638 2308 sit,
2669 2255 2726 2299 ut
2752 2247 2844 2300 fiat
2867 2248 3186 2302 monachus.
3217 2247 3452 2302 Interro-

1883 2346 2078 2404 garunt
2123 2336 2302 2403 itaque
2343 2337 2528 2391 clerici
2573 2338 2712 2392 inter
2754 2353 2814 2392 se
2864 2339 3176 2402 Arsenium,
3212 2339 3455 2394 dicentes

1883 2429 1957 2482 illi
1989 2445 2000 2478 :
2030 2426 2136 2481 Fac
2161 2443 2387 2496 agapen,
2415 2427 2602 2490 frater,
2630 2442 2725 2497 per
2747 2428 3068 2492 Dominum;
3091 2439 3144 2482 et
3166 2429 3252 2483 dic
3275 2428 3455 2492 nobis,

1881 2518 2076 2588 ecquid
2123 2518 2468 2587 cogitationis
2525 2518 2820 2584 habueris,
2875 2519 3094 2588 quando
3135 2518 3457 2573 comedebas

1884 2608 2189 2678 paxaman?
2219 2608 2430 2673 Quibus
2460 2608 2572 2672 ille,
2610 2608 2952 2680 Cogitabam,
2975 2609 3175 2678 inquit,
3204 2623 3411 2662 mecum
3440 2625 3453 2660 :

1884 2716 2044 2771 quem
2086 2699 2182 2753 tibi
2223 2708 2480 2768 tanquam
2547 2702 2670 2754 cani
2707 2701 3048 2770 proiecerunt
3097 2715 3312 2766 panem,
3361 2714 3458 2754 co-

1886 2792 2038 2845 mede
2061 2790 2212 2843 illum
2265 2799 2528 2854 tanquam
2557 2789 2730 2843 cauis.
2767 2789 2831 2843 Et
2859 2789 3234 2860 gloriﬁcabant
3266 2789 3454 2842 Deum.

1885 2880 2093 2950 Exiguo
2121 2880 2282 2949 igitur
2308 2889 2547 2948 tempore
2570 2879 2832 2934 Arsenius
2855 2895 2979 2935 cum
3007 2881 3203 2934 abbate
3245 2877 3461 2934 Joanne

1885 2983 2154 3040 versatus,
2187 2989 2517 3043 omnemque
2547 2974 2860 3029 monasticae
2889 2975 3012 3028 vita:
3039 2973 3300 3027 rationem
3330 2972 3460 3026 edo-

210 3090 312 3126 σαν
335 3072 435 3143 τὴν
465 3071 766 3143 μοναχικὴν
794 3071 1148 3134 κατάστασιν,
1179 3070 1423 3142 ἀπελύθη
1463 3072 1590 3144 παρ’
1619 3073 1784 3128 αὑτοῦ

1888 3078 2027 3131 ctus,
2065 3066 2314 3122 discessit
2349 3067 2416 3120 ab
2443 3081 2530 3130 eo,
2561 3075 2619 3120 ut
2663 3066 2940 3120 secederet
2978 3063 3190 3133 sibique
3227 3063 3329 3118 soli
3363 3077 3462 3117 va-

207 3164 469 3218 ἀπελθεϊν
495 3163 589 3216 καὶ
616 3164 833 3217 καθίσαι
863 3161 1006 3216 κατὰ
1039 3161 1204 3232 μόνας
1229 3179 1242 3194 ·
1271 3164 1365 3217 καὶ
1387 3163 1601 3232 ἔμεινεν
1640 3167 1788 3235 ἀγω-

209 3255 495 3324 νιζόμενος
520 3255 579 3305 ἐν
602 3252 814 3324 Κυρίῳ,
842 3252 984 3306 ὥστε
1013 3253 1240 3316 πολλοὺς
1267 3256 1375 3307 τῶν
1397 3255 1538 3310 κατά
1556 3256 1647 3309 τὸν
1670 3275 1789 3310 και-

214 3346 308 3416 ρὸν
335 3347 547 3398 ἐκεῖνον
583 3345 834 3416 μεγάλων
861 3343 1133 3414 γερόντων
1177 3345 1480 3415 ὑπερϐῆναι
1534 3349 1646 3410 τοῖς
1693 3349 1786 3400 πό-

211 3454 347 3502 νοις,
381 3439 449 3506 τῇ
484 3452 544 3488 τε
591 3436 876 3507 καρτερίᾳ,
909 3435 1003 3488 καὶ
1032 3436 1098 3504 τῇ
1134 3434 1377 3504 ὑπομονῇ
1413 3435 1522 3488 τῶν
1557 3433 1787 3505 ἀσκητι-

213 3526 326 3579 κῶν
367 3525 621 3593 ἀγώνων.
670 3525 1057 3594 ’Δναχωρήσας
1107 3520 1199 3577 οὖν
1243 3525 1301 3577 ἐν
1328 3525 1404 3594 τῷ
1426 3529 1775 3599 ﬁrmam:th

213 3619 337 3690 βίῳ,
374 3619 539 3672 πάλιν
570 3617 768 3687 ηῦξατο
795 3615 873 3685 τῷ
896 3614 1015 3685 Θεῷ
1037 3615 1210 3683 λέγων
1231 3633 1244 3647 ο
1290 3616 1482 3684 Κύριε,
1516 3619 1782 3691 ὀδήγησὸν

217 3725 308 3779 με,
331 3708 454 3772 πῶς
478 3707 664 3761 σωθῶ·
699 3708 794 3759 καὶ
818 3706 1018 3776 ἢκουσε
1045 3704 1230 3774 φωνῆς
1260 3704 1553 3776 λεγούσηςο
1594 3709 1784 3777 Ἀρσέ-

213 3799 525 3871 νιε,φεῦγε,
551 3798 756 3866 σιώπα,
781 3797 1051 3868 ἡσύχαζεο
1085 3797 1244 3852 αὑταὶ
1263 3798 1371 3867 γάρ
1397 3800 1533 3852 εἰσιν
1560 3803 1616 3854 al
1641 3803 1787 3871 ῥίζαι

213 3889 312 3962 τῆς
332 3890 778 3960 ἀναμαρτησίας.

1892 3168 2059 3216 caret.
2090 3159 2152 3213 Et
2183 3157 2564 3228 perseveravit,
2603 3172 2700 3226 pro
2732 3157 2872 3211 virili
2909 3155 3243 3210 contendens
3275 3155 3328 3208 in
3360 3154 3464 3207 Do-

1893 3254 2043 3306 mino
2070 3266 2244 3321 usque
2275 3251 2432 3315 adeo,
2459 3259 2518 3304 ut
2558 3265 2783 3319 magnos
2817 3249 2867 3303 id
2903 3248 3164 3318 temporis
3195 3262 3354 3302 senes
3383 3245 3462 3299 la-

1891 3347 2138 3411 boribus,
2178 3344 2507 3404 constantia,
2551 3356 2613 3398 ac
2675 3341 3039 3396 certaminum
3102 3339 3465 3394 asceticorum

1891 3437 2178 3492 tolerantia
2260 3443 2561 3505 superaret.
2636 3436 2928 3503 Postquam
2992 3431 3059 3487 ad
3126 3430 3464 3501 hesycliasti-

1893 3544 2012 3585 cam
2055 3529 2164 3596 (42)
2213 3529 2377 3581 vitam
2430 3527 2771 3592 secessisset,
2816 3527 3007 3579 iterum
3048 3523 3226 3578 oravit
3273 3521 3464 3585 Deum,

1888 3622 2121 3677 dicens:
2160 3617 2405 3680 Domine,
2459 3615 2600 3669 viam
2641 3615 2899 3679 ostende,
2953 3614 3043 3668 ubi
3092 3615 3276 3668 salvus
3319 3612 3462 3675 liam,

1896 3713 1959 3766 Et
2003 3709 2209 3764 audivit
2248 3722 2462 3782 vocem,
2519 3706 2786 3762 dicentem
2825 3723 2837 3759 :
2885 3704 3103 3769 Arseni,
3134 3704 3278 3773 fuge.
3323 3711 3465 3769 tace,

1896 3803 2117 3874 quiesce
2149 3821 2160 3854 :
2191 3816 2314 3855 nam
2361 3800 2446 3853 lue
2488 3809 2616 3853 sunt
2661 3797 2892 3862 radices,
2934 3797 3133 3867 quibus
3176 3811 3208 3853 a
3247 3805 3470 3866 peccato

1901 3894 2162 3952 immunis
2193 3893 2290 3948 ﬁas
2318 3889 2453 3962 (43).

287 4117 400 4187 (59)
433 4115 974 4193 ,Ιοσηιιεξμϐοιοιιυε
1037 4117 1115 4188 (in
1180 4117 1593 4193 appe_n(_lice_ad
1652 4032 1992 4182 VitffTﬁd
2030 4136 2298 4193 pauperes
2335 4122 2684 4193 potissimum
2735 4120 3158 4193 adhibebantur.
3196 4118 3268 4193 D_e
3294 4119 3469 4193 p_rima

221 4188 452 4241 Patrum
479 4203 602 4256 pag.
641 4187 746 4241 904
794 4202 886 4255 per
919 4187 1197 4257 apoCopen

220 4340 465 4402 staturas,
500 4330 632 4402 etc.)
668 4325 769 4381 fuit
796 4326 934 4402 inter
967 4328 1336 4402 anachoretas
1372 4329 1795 4402 celeberrimus;

221 4399 478 4468 idemque
505 4395 758 4461 fortasse,
790 4397 891 4468 qui
911 4397 964 4449 in
990 4396 1369 4468 Martyrologio
1402 4397 1617 4464 Coptica
1651 4395 1797 4458 tonio

225 4465 398 4536 tertio'
414 4465 616 4529 Martii,
657 4482 782 4536 pag.
800 4467 904 4520 692
934 4465 1154 4536 notatur
1186 4467 1289 4536 his,
1302 4469 1481 4536 verbis
1508 4490 1519 4523 :
1559 4490 1577 4521 ι
1602 4470 1796 4529 Obitus

221 4535 452 4592 Joannis
479 4534 938 4606 parviereinitzea
969 4534 1243 4606 Cerardus
1274 4534 1500 4592 Vossius
1532 4539 1794 4595 Borclilo-

225 4608 370 4679 nius,
405 4604 736 4677 praepositus
755 4604 1114 4679 Tungrensis,
1144 4607 1284 4679 inter
1337 4608 1792 4679 Apopluhegmata

224 4673 474 4743 Patrum,
524 4673 650 4730 cum
690 4673 1164 4744 sancto'prraem
1196 4675 1333 4744 Syro
1373 4673 1631 4733 Coloniaz'
1648 4683 1791 4735 edita

223 4760 367 4816 anno
414 4745 581 4812 1605,
632 4745 920 4816 pag.§07,
960 4744 1425 4816 Colobios__legit;
1472 4748 1651 4816 inepte
1698 4752 1792 4805 ad-

224 4814 356 4882 dens
392 4834 410 4872 :
463 4835 482 4869 ι
532 4813 914 4871 νθτῖεἱωὶιίιει·
960 4814 1049 4870 hic
1081 4813 1602 4882 iutelligiJoannem
1632 4817 1792 4875 Colo-

224 4881 414 4951 bitam,
462 4894 519 4940 et
569 4885 706 4940 alias
758 4883 1094 4954 Calybitam,
1154 4881 1435 4954 eremitam
1487 4885 1791 4944 Romanum

227 4955 434 5028 (potius
466 4954 822 5028 CPolitanum
851 4953 873 5014 ξ
921 4953 1133 5028 v_i_de_si§_
1165 4953 1630 5028 Commetttarium
1667 4959 1791 5028 ejus

226 5027 482 5091 praevium
513 5025 602 5079 die
636 5024 702 5078 15
733 5022 1001 5087 Januarii,

229 5092 613 5167 Aiartyrolqgio
663 5091 1017 5167 Roman0,15
1040 5091 1311 5167 Januarii.
1371 5114 1389 5147 ι
1452 5095 1570 5167 Mox
1609 5106 1788 5153 tamen

227 5162 448 5220 alteri'us
495 5162 723 5219 Joannis
767 5164 1009 5217 eremitaa
1055 5162 1294 5232 Egyptii
1352 5165 1621 5232 meminit,
1683 5183 1793 5221 non

229 5234 558 5291 sullicienter
586 5236 907 5303 instructus,
944 5242 1002 5303 ut
1026 5233 1240 5303 aliquid
1264 5233 1410 5288 circa
1446 5235 1598 5289 illum
1629 5237 1793 5292 abso-

228 5305 395 5359 Squte
443 5304 801 5373 determinet.
835 5302 909 5356 De
941 5302 1161 5373 Joanne
1204 5302 1410 5359 Colobo
1458 5306 1671 5373 plenius
1712 5309 1794 5361 iu-

229 5377 358 5443 strui
399 5375 608 5443 poteris
658 5389 725 5427 ex
761 5371 1155 5443 VitisiPatruLn
1196 5374 1361 5428 variis
1413 5371 1588 5439 locis;
1632 5376 1794 5431 Cote-

232 5436 548 5568 Ιιρῖίοὲῧυο
577 5445 614 5507 I,
644 5458 676 5496 a
701 5459 824 5513 pag.
851 5442 976 5507 468,
1008 5459 1072 5496 ac
1097 5440 1442 5498 Tillemontio
1486 5436 1635 5500 tomo
1665 5447 1732 5512 X,
1767 5462 1794 5499 a

299 5529 345 5568 ξζ.
487 5552 502 5565 ο

233 5522 345 5580 pag.
374 5522 502 5568 427.

298 5583 409 5651 (10)
451 5584 660 5651 Agape,
693 5581 879 5636 Graace
897 5582 1108 5650 ἀγάπη,
1141 5582 1405 5652 accipitur
1437 5585 1519 5637 vel
1553 5600 1650 5654 pro
1699 5601 1794 5641 ex-

237 5655 591 5724 traordinaria
621 5654 913 5724 refectione
954 5654 1009 5705 in
1043 5654 1424 5716 monasteriis;
1456 5656 1538 5724 vel
1581 5671 1678 5724 pro
1703 5672 1793 5710 so-

238 5715 395 5778 lemni
424 5723 675 5782 convivio
700 5739 714 5790 ;
751 5725 831 5780 vel
855 5739 954 5795 pro
984 5738 1141 5779 caena
1168 5724 1235 5779 ad
1277 5715 1441 5794 quam
1470 5715 1789 5796 Christiani,

1277 4188 1438 4255 olob;
1475 4189 1660 4249 Graece
1692 4197 1800 4248 Ko-

219 4259 396 4322 λοϐὸς,
452 4268 646 4324 estque
678 4257 794 4326 iliic
841 4267 1054 4319 curtus,
1097 4273 1320 4326 parvus,
1361 4274 1558 4324 nanus,
1616 4264 1800 4321 brevis

1088 5023 1165 5091 2),
1201 5023 1360 5104 cuius
1391 5029 1592 5108 metitio
1614 5023 1713 5108 Alit'
1735 5029 1788 5084 in
1823 5052 1868 5108 ι)

1897 4188 2293 4263 signiﬁca—tione
2333 4188 2556 4263 consule
2581 4191 2846 4263 Cangium
2875 4207 2889 4255 ;
2942 4195 3005 4263 de
3035 4190 3283 4263 secunda
3304 4188 3466 4263 Cote-

1899 4259 2093 4320 lci-ium
2128 4263 2181 4315 in
2215 4263 2359 4314 notis
2394 4262 2498 4315 col.
2537 4261 2676 4326 80!;
2721 4262 2785 4315 de
2834 4259 2994 4313 tertia
3032 4259 3381 4313 Ciacconium
3412 4262 3466 4315 in

1899 4335 2044 4390 notis
2069 4332 2134 4386 ad
2162 4332 2485 4386 Cassianum
2516 4346 2637 4400 pag.
2669 4329 2792 4385 669.
2834 4328 2933 4383 Hic
2964 4344 3091 4382 vero
3109 4343 3216 4383 non
3254 4328 3365 4400 scio
3396 4345 3464 4385 an

1896 4407 2019 4474 plus
2075 4401 2282 4474 aliquid
2345 4399 2700 4470 signiﬁcetur,
2765 4413 2930 4469 quam
2983 4413 3139 4453 caena
3187 4399 3466 4454 ordinaria

1897 4473 2316 4528 monachorum.

1967 4543 2078 4612 (41)
2123 4541 2213 4612 Illa
2237 4555 2337 4593 vox
2366 4539 2514 4593 varie
2546 4538 2846 4612 scribitur;
2884 4537 3159 4612 nimirum_
3181 4553 3462 4605 paxamas,

1897 4606 2262 4682 ραξταήιαιίοη,
2299 4609 2769 4682 ραωξηιαιὶοιιε-(ξο
2823 4623 2929 4676 qua
2976 4606 3466 4682 fuseﬂosvveydus

1895 4676 1949 4736 in
1981 4681 2321 4737 Onomastico
2357 4679 2424 4732 ad
2456 4677 2603 4731 Vitas
2657 4676 2768 4731 PP.
2808 4693 2837 4730 a
2869 4693 2992 4746 pag.
3027 4677 3204 4740 10.45;
3246 4676 3465 4735 brevius

1895 4753 1952 4806 in
2002 4751 2272 4807 Glossario
2309 4747 2521 4801 Latino.
2550 4747 2828 4816 Signiﬁcat
2892 4762 3019 4800 vero
3055 4761 3246 4815 panem
3279 4750 3465 4803 subci-

1897 4822 2183 4883 nericium,
2233 4827 2329 4872 aut
2386 4829 2661 4888 recoctum
2695 4833 2792 4871 seu
2850 4816 3243 4888 bis._coctum:
3301 4835 3465 4887 quem

1895 4890 1966 4945 ita
2015 4891 2341 4958 appellatum
2389 4887 2613 4958 quidam
2656 4888 2847 4940 volunt
2890 4884 3192 4940 a'Paxamo
3227 4884 3464 4956 quodam

1895 4960 2233 5028 cupediario.

1967 5029 2080 5099 με)
2120 5029 2174 5081 Id
2231 5037 2317 5083 est

1897 5096 2144 5155 Gratcum
2194 5096 2556 5168 ἡσύχαστικὸς
2592 5096 2878 5168 dilucidari
2915 5105 3092 5168 potest
3136 5113 3200 5168 ex
3235 5109 3467 5151 annota-

1896 5171 1968 5223 tis
1993 5170 2060 5222 ad
2099 5165 2262 5237 caput
2294 5165 2329 5220 1
2360 5166 2494 5221 Vita:
2522 5167 2693 5221 sancti
2722 5165 2975 5236 Stephani
3018 5165 3258 5221 Sabaita:
3281 5169 3367 5222 die
3402 5171 3467 5224 15

1895 5238 2046 5294 Julii.
2078 5253 2200 5294 pag.
2235 5237 2360 5291 554.

1930 5239 2046 5302 ulii,
2078 5253 2200 5302 pag.
2235 5239 2360 5291 554.

1968 5254 2546 5378 ξῗέ)βὲξίι‹ᾒῗιέἰυοοε
2574 5305 2768 5378 Junior
2789 5305 3212 5378 tbaumaturgus
3237 5306 3465 5373 deloco,

1899 5375 1990 5433 ubi
2018 5375 2217 5447 sacpius
2253 5393 2283 5429 a
2330 5378 2575 5447 pluribus
2624 5375 3092 5444 interpellabatur,
3123 5393 3245 5447 cum
3285 5393 3467 5432 secre-

1899 5450 2019 5503 tiori
2076 5446 2461 5502 eommtttando
2521 5446 2984 5515 TheophyLactum
3048 5446 3358 5505 consulens.
3414 5448 3468 5500 id

1896 5519 2149 5582 responsi
2181 5518 2301 5570 tulit
2329 5519 2494 5586 (tonio
2521 5513 2762 5569 secundo
2782 5513 3091 5586 Februarii,
3127 5531 3245 5583 pag.
3282 5517 3407 5584 194)
3449 5533 3462 5568 :

1911 5607 1929 5639 ι
1976 5583 2489 5655 Τειιθηύυηι,’‹ιυοι1
2530 5586 2735 5655 optime
2781 5583 3003 5655 haberet
3043 5585 3254 5638 Arsenii
3287 5583 3468 5639 conisi-

1902 5660 2033 5713 lium
2072 5679 2082 5711 :
2113 5659 2160 5711 is
2189 5658 2333 5711 enim
2368 5653 2570 5723 iugere
2597 5655 2674 5707 ait
2717 5653 2964 5723 homines
3001 5665 3054 5708 et
3098 5655 3317 5708 salvari.
3358 5655 3464 5708 lte-

1901 5745 2132 5800 rumque
2162 5746 2173 5783 :
2204 5726 2370 5798 Fuge,
2409 5722 2544 5791 tace,
2576 5729 2818 5794 quiesce.
2857 5741 2874 5774 ι
2904 5722 3100 5795 lnspici
3132 5724 3300 5780 etiam
3335 5738 3462 5796 pos-

2365 5026 2660 5097 quietam,
2708 5025 3076 5097 taciturnam,
3135 5025 3464 5083 solitariam.
