4018 6304
175 332 285 398 857

775 344 1055 409 ORATIO
1095 353 1227 412 ΧΠ.
1261 383 1328 392 -
1361 359 1741 422 LAUDATIO
1782 368 1843 428 S.
1885 371 2194 431 ARSENII
2255 375 2797 439 ANACI'IORET/E.

3319 382 3434 443 .858

175 460 308 549 pay,
324 443 571 556 ἀνιὲῳξεν
602 448 958 556 δι’ἀρσένιος,
993 457 1226 526 νομίζων
1254 462 1333 514 ὅτι
1377 466 1405 516 ὁ
1433 466 1739 540 διακονητὴς

1856 479 2099 533 nonnulli
2133 497 2161 534 e
2189 483 2433 550 patrihus
2465 488 2578 556 (50)
2622 486 2872 556 foresque
2921 486 3157 556 pulsanti
3207 492 3420 556 aperuit

173 533 351 586 αὐτοῦ
386 537 534 588 ἐστι’
567 538 660 590 καὶ
696 539 768 602 ὡς
795 537 933 594 εἶδεν
961 546 1122 600 αὑτὸν
1155 549 1340 621 ἕτερον
1373 553 1525 617 ὄντα,

172 627 278 677 ἐπὶ
321 628 632 695 πρόσωπον.
689 631 745 684 Ὀ
786 634 840 685 δὲ
879 634 1023 702 λέγει
1073 639 1220 708 αὐτῷ
1245 658 1257 671 ·
1305 644 1560 712 Ἀνάστα,
1587 649 1751 714 ἅόϐἄ,

171 716 270 767 ἵνα
303 734 362 768 σε
391 719 746 790 ἀσπάσωμαι.
778 724 920 796 Ἔφη
952 723 1045 780 οὖν
1070 731 1098 780 ὁ
1126 730 1337 801 γέρων·
1388 737 1500 788 Οὐκ
1538 740 1750 808 ἐγείρο-

173 824 306 874 μαι,
329 809 424 861 ἐὰν
453 812 527 879 μὴ
550 813 929 887 ἀναχωρήσῃς.
951 817 1056 871 Καὶ
1082 821 1174 874 ἐπὶ
1199 824 1331 877 πολὺ
1356 830 1749 900 παρακληθεὶς,

169 900 283 950 οὐκ
321 900 540 970 ἀνέστη,
569 903 674 966 ἕως
694 906 1037 977 ἀνεχώρησεν
1060 912 1281 985 ἐκεῖνοί.
1310 917 1442 987 Οὐχ,
1473 919 1548 980 ὼς
1574 923 1639 974 ἄν
1668 940 1750 986 τις

168 990 418 1087 οἰηθείη,
463 995 757 1064 παραλύων
787 1000 878 1052 τὸν
909 1003 1105 1073 δεσμὸν
1132 1009 1247 1077 ⁸τῆς
1284 1012 1523 1083 ἀγάπης,
1563 1011 1629 1087 ἧς
1667 1018 1751 1070 ὅτι

169 1082 274 1134 καὶ
290 1082 537 1222 ίμάλιστα
561 1087 796 1159 ἐραστὴς
817 1093 922 1164 εἴη,
955 1095 1072 1147 ἀλλ’
1103 1098 1188 1152 ἴνα
1219 1100 1294 1171 μὴ
1334 1082 1616 1177 διακοπείι]
1651 1108 1748 1178 τῆς

170 1189 277 1222 κοε
311 1191 515 1222 ττονοε.

170 1189 277 1241 κρε
290 1189 515 1238 ιττονος.

245 1354 302 1406 ι’.
349 1355 504 1408 Ἐπεὶ
533 1357 624 1410 καί
650 1377 793 1423 τινες
830 1363 1053 1432 ἀδελφοὶ
1089 1367 1373 1436 μέλλοντες
1403 1373 1632 1442 ὑπάγειν
1667 1379 1746 1441 εἰς

165 1446 420 1540 Θηϐαΐδα
448 1448 540 1540 ,διὰ
577 1453 820 1522 μινάρια,
851 1454 1066 1523 λέγουσι
1092 1461 1224 1528 πρὸς
1251 1465 1474 1529 ἑαυτούς
1495 1487 1506 1499 ·
1535 1470 1613 1523 Δι’
1637 1475 1736 1540 ἀφο

165 1537 629 1632 ορμῇἱεῖιειιιμεν
675 1544 770 1596 καὶ
805 1545 896 1598 τὸν
933 1548 1104 1602 essay
1148 1553 1436 1621 Ἀρσένιον.
1485 1537 1744 1632 Εἰσῆλθεν

165 1628 194 1678 ὁ
225 1628 408 1690 ἀϐϐἄς
452 1629 818 1703 Ἀλέξανδρος,
851 1637 947 1689 καὶ
982 1638 1132 1706 λέγει
1164 1645 1242 1713 τῷ
1270 1647 1484 1717 γέροντι
1506 1668 1520 1682 ’
1567 1628 1743 1707 viast-

1559 558 1754 611 ἔπεσεν
1855 569 2133 635 Arsenius,
2199 575 2506 630 ministrmn
2565 595 2724 632 suum
2785 596 2904 634 esse
2963 590 3144 646 ratus;
3187 597 3426 650 eumque

1854 659 2020 713 alium
2053 677 2174 716 esse
2219 665 2348 718 dum
2405 679 2672 732 cerneret,
2726 669 2953 738 procidit
3008 673 3059 723 in
3108 671 3322 724 faciem.
3382 672 3430 725 Is

1853 765 1981 805 vero
2006 753 2136 806 dicit
2187 755 2285 822 ipsi
2321 773 2334 808 :
2399 759 2592 827 Surge,
2649 769 2820 827 pater,
2860 770 2917 812 ut
2957 772 3007 814 te
3038 761 3289 814 salutem.
3325 761 3432 815 Re-

1850 843 2034 909 posuit
2064 842 2242 898 Senex
2268 864 2282 898 :
2309 845 2426 899 Non
2455 864 2695 918 surgam,
2732 851 2834 903 nisi
2872 851 3214 904 discesseris.
3252 852 3421 906 Cum-

1850 946 1957 999 que
1982 932 2072 985 diu
2104 932 2149 987 is
2178 934 2485 1000 institisset,
2520 954 2626 991 non
2655 940 2920 1000 surrexit,
2961 941 3134 996 donec
3166 944 3428 996 recessis-

1849 1034 1953 1079 set.
2005 1025 2116 1080 Nec
2155 1028 2279 1096 quis
2319 1039 2471 1097 putet
2516 1031 2718 1084 vinculi
2758 1033 3068 1096 charitatis,
3120 1034 3279 1103 cujus
3310 1039 3429 1088 erat

1848 1115 2279 1175 amantissimus.
2332 1118 2604 1173 solutione
2648 1120 2700 1173 id
2750 1119 2996 1180 factum;
3051 1138 3238 1176 verum
3274 1133 3330 1176 ut
3360 1140 3427 1179 ne

1847 1203 1933 1257 vel
1973 1206 2245 1260 tantillum
2280 1221 2308 1259 a
2343 1207 2691 1276 perfectionis
2733 1211 3125 1265 exercitatione
3178 1228 3431 1268 avocare-

1848 1303 1957 1349 llll‘.

1916 1385 2002 1438 10.
2047 1384 2264 1441 Fratres
2314 1387 2484 1456 aliqui
2518 1387 2630 1456 (5|)
2673 1389 2725 1440 in
2788 1388 3062 1444 Thebaida
3121 1392 3422 1461 profecturi

1845 1476 1911 1528 ad
1950 1478 2310 1544 comparanda
2359 1478 2440 1532 fila
2480 1478 2617 1531 linea
2651 1478 2804 1548 (52),
2839 1481 3096 1535 dixerunt
3138 1481 3280 1536 inter
3314 1500 3372 1537 se
3412 1501 3422 1534 :

1845 1563 1956 1617 Hac
1986 1565 2150 1618 etiam
2179 1567 2581 1634 opportunitate
2624 1569 2905 1622 videamus
2959 1571 3210 1625 abbatem
3258 1573 3421 1627 Arse-

1845 1653 1993 1706 nium
2023 1655 2156 1722 (55).
2192 1654 2416 1710 Intravit
2476 1659 2661 1724 itaque
2713 1659 2882 1712 abbas
2926 1657 3371 1732 Alexandcr(54)
3397 1702 3412 1726 ,

167 1717 262 1810 ιροὶ
292 1717 404 1810 ἀπὸ
440 1719 848 1792 Ἀλεξανδρείας
880 1727 1125 1793 ἐλθόντες
1148 1733 1362 1790 Οέλουσε
1390 1757 1449 1792 σε
1487 1742 1633 1798 ἰδεῖν.
1683 1748 1739 1800 '0

1841 1750 1894 1796 et
1922 1744 2055 1796 dicit
2089 1746 2213 1798 Seni
2240 1763 2254 1798 :
2292 1745 2504 1800 Fratres
2532 1748 2858 1802 Alexandria
2918 1751 3195 1806 venientes
3225 1754 3415 1810 volunt

161 1807 221 1909 se
267 1807 450 1909 γέρων
501 1811 604 1881 ἔφη
629 1831 641 1845 ο
679 1813 796 1867 Ἐπ’
825 1819 957 1871 αὐτὸ
985 1820 1139 1874 τοῦτο
1165 1825 1357 1894 ἧκασις
1401 1831 1506 1883 Καὶ
1553 1835 1737 1902 μαθὼν

1843 1844 1892 1888 te
1922 1834 2123 1888 videre.
2156 1835 2253 1891 Cui
2281 1837 2454 1890 Senex
2484 1855 2496 1890 :
2533 1837 2613 1890 An
2648 1846 2869 1906 propter
2899 1839 3001 1895 hoc
3043 1843 3218 1909 ipsum
3256 1859 3417 1898 vene-

164 1898 250 1950 δτι
288 1901 371 1962 εἰς
405 1901 647 1971 Θηὸαἲδα
702 1907 1023 1976 ὑπάγουσιν,
1068 1907 1214 1982 λέγει
1265 1918 1293 1970 ὁ
1337 1898 1738 1990 γέρωνονφύσει

163 1991 524 2085 Δβλέπονσι
558 1995 619 2048 τὸ
645 1998 936 2068 πρόσωπον
975 2004 1271 2073 Ἀρσενίου,
1297 2009 1377 2064 ὅτι
1412 2013 1481 2065 δι’
1511 2017 1610 2085 ἐμὲ
1639 2021 1739 2071 οὐκ

161 2075 354 2149 ἦλθον.
404 2083 739 2140 Ἀνάπαυσον
769 2085 861 2142 οὖν
906 2093 1120 2159 αὐτοὺς,
1155 2099 1246 2150 καὶ
1274 2075 1632 2160 ἀπόλυσον-ἐν
1662 2111 1739 2161 εξ-

167 2174 332 2242 ρήνῃ,
361 2175 532 2228 εἰπὼν
564 2178 761 2242 αὐτοῖς,
797 2182 877 2234 ὅτι
917 2183 973 2236 '0
997 2185 1171 2256 γέρων
1225 2191 1284 2242 οὐ
1317 2190 1538 2249 δύναται
1567 2199 1740 2252 ἀπαν-

162 2261 352 2355 τῆσαι.
384 2264 604 2318 ’Δλλοτε
652 2268 812 2322 πάλιν
862 2267 1024 2342 ἦλθον
1071 2278 1205 2348 πρὸς
1255 2282 1420 2337 αὑτὸν
1461 2287 1736 2355 γέροντες,

165 2352 339 2405 πολλὰ
373 2358 783 2425 παρεκάλεσαν,
818 2362 903 2415 ἵνα
933 2366 1262 2436 συντύχωσιν
1287 2373 1432 2444 αὐτῷ
1450 2391 1464 2405 ο
1493 2352 1584 2429 καὶ
1601 2352 1739 2450 ’παρζ

163 2445 399 2497 εκάλουν
428 2449 608 2513 αὑτὸν,
640 2452 812 2504 εἰπεῖν
847 2454 1028 2517 αὐτοῖς
1053 2457 1209 2526 λόγον
1253 2462 1347 2514 ἐπὶ
1381 2464 1490 2517 τῶν
1530 2445 1738 2539 ἡσυχα-

164 2534 394 2600 ζόντων,
427 2539 520 2590 καὶ
546 2539 737 2608 μηδενὶ
767 2543 1151 2602 ἀπαντώντων.
1186 2551 1350 2619 Λέγει
1377 2550 1470 2609 οὖν
1499 2534 1680 2622 αὗτοῒξ
1709 2563 1738 2614 ὁ

372 2645 397 2722 Ἀ
419 2628 590 2682 Ὅταν
611 2634 642 2699 ἡ
679 2632 948 2701 παρθένος
977 2637 1034 2688 ὲν
1059 2637 1136 2706 τῷ
1161 2640 1295 2712 οἴκῳ
1319 2643 1413 2696 τοῦ
1444 2648 1648 2718 πατρὸς
1678 2646 1735 2722 ᾖ,

164 2718 351 2809 πολλοὶ
377 2718 622 2772 Θέλουσιν
653 2724 822 2794 αὐτὴν
863 2728 1263 2799 μνηστευθῆναι
1285 2749 1300 2765 ο
1341 2736 1476 2788 ἐπὰν
1512 2738 1568 2791 δὲ
1598 2718 1734 2809 1:96-

164 2807 315 2879 έλοῃ,
341 2811 440 2878 οὐχ
469 2810 640 2874 οὕτως
664 2813 774 2883 ἔχει
796 2817 983 2885 τιμὴν,
1014 2819 1101 2871 ὅτε
1135 2817 1197 2892 ἦν
1230 2827 1605 2899 κεκρυμμένη.
1629 2807 1736 2881 ὀῦ-

163 2916 241 2952 τω
280 2902 378 2954 καὶ
410 2901 482 2954 τὰ
533 2903 630 2973 τῆς
673 2905 882 2976 ψυχῆς·
929 2910 1096 2963 ἀπότε
1136 2923 1158 2952 ο
1216 2915 1621 2985 δημοσιεύεται,
1675 2925 1734 2975 οὐ

165 2993 330 3046 πᾶσιν
358 2994 614 3063 ἀρέσκειν
637 2995 854 3051 δύναται
875 3015 889 3029 °
917 3001 1111 3072 μέτρον
1139 2999 1232 3057 οὖν
1261 3009 1391 3076 ἡμῖν
1416 3010 1733 3064 ὑποδείκνυ⁹

1839 1927 2004 1978 runt?
2042 1928 2103 1980 Et
2143 1928 2403 1992 edoctus,
2444 1928 2592 1997 quod
2643 1930 2694 1982 in
2738 1928 3011 1985 Thebaida
3055 1934 3416 1998 discederent,

1837 2014 1969 2068 dicit
2002 2015 2177 2069 Senex
2222 2034 2233 2070 :
2271 2016 2406 2071 Vere
2440 2018 2580 2070 haud
2623 2020 2889 2087 aspicient
2922 2020 3127 2073 vultum
3156 2023 3371 2075 Arsenii
3398 2040 3414 2088 ;

1838 2105 1963 2174 quia
1999 2105 2101 2160 mei
2128 2122 2292 2161 causa
2335 2124 2440 2162 non
2488 2117 2772 2161 venerunt.
2810 2108 2992 2164 Reﬁce
3019 2127 3150 2182 ergo
3178 2113 3324 2179 illos,
3351 2129 3416 2169 ac

1837 2196 2048 2250 dimitte
2090 2197 2142 2250 in
2175 2213 2326 2266 pace,
2357 2199 2542 2253 dicens
2577 2199 2681 2253 illis
2709 2219 2722 2253 :
2747 2199 2919 2254 Senex
2947 2217 3050 2254 non
3087 2214 3262 2271 potest
3319 2220 3412 2258 oc-

1828 2299 2058 2338 'currere
2099 2281 2232 2353 (55).
2284 2286 2434 2340 Alias
2499 2287 2695 2340 iterum
2772 2300 3126 2344 accesserunt
3175 2293 3241 2344 ad
3289 2309 3415 2347 eum

1838 2390 2021 2439 senes,
2055 2377 2347 2445 multisque
2381 2377 2680 2442 instabant,
2715 2387 2775 2432 ut
2804 2379 3249 2448 colloquerentur
3281 2398 3411 2436 cum

1838 2464 1931 2519 illo
1955 2465 2102 2534 (56);
2130 2477 2182 2520 et
2221 2468 2500 2538 rogabant,
2534 2469 2812 2536 utaliquid
2853 2472 3125 2525 sermonis
3149 2472 3252 2525 sibi
3288 2488 3414 2542 pro-

1838 2554 2002 2610 ferret
2027 2556 2093 2610 de
2131 2557 2390 2612 solitariis
2445 2558 2739 2622 conclusis,
2774 2575 2839 2614 ac
2891 2561 3166 2614 neminem
3214 2563 3415 2616 admit-

1838 2649 2074 2702 tentibus
2103 2643 2236 2718 (57).
2265 2647 2403 2702 Tum
2441 2649 2618 2703 Senex
2657 2668 2670 2704 :
2703 2650 2957 2716 Quandiu
2993 2653 3146 2720 virgo
3177 2652 3326 2721 degit
3357 2656 3410 2706 itt

1837 2740 2000 2794 domo
2035 2740 2221 2808 patris,
2265 2741 2418 2794 multi
2469 2742 2662 2796 volunt
2709 2744 2890 2812 sponsi
2931 2745 3049 2812 ejus
3084 2744 3200 2796 ﬁeri
3235 2763 3249 2799 :
3285 2761 3409 2799 cum

1836 2845 1967 2884 vero
2005 2831 2269 2900 prodierit
2298 2831 2447 2900 (58),
2498 2847 2607 2886 non
2665 2832 2825 2888 habet
2891 2833 3053 2888 istum
3123 2834 3409 2895 honorem,

1837 2938 1997 2992 quem
2049 2922 2300 2986 habebat,
2345 2923 2564 2991 quando
2618 2922 2817 2976 latebat
2855 2923 3202 2978 abscondita.
3237 2922 3325 2976 Sic
3353 2939 3413 2977 se

1840 3015 2037 3069 habent
2067 3030 2154 3068 res
2186 3015 2421 3068 animae:
2469 3030 2534 3068 ex
2561 3030 2671 3083 quo
2699 3016 2984 3084 vulgantur
3019 3033 3032 3068 :
3086 3030 3193 3067 non
3231 3017 3410 3068 omni—

166 3100 254 3136 ται
277 3084 516 3138 ἐνταῦθα
547 3087 644 3155 τῆς
666 3088 801 3158 πρὸς
828 3091 952 3152 τοὺς
976 3091 1234 3160 ἀδελφοὺς
1262 3098 1618 3166 ἀπαντήσεως
1636 3118 1648 3130 ·
1672 3103 1731 3153 οὐ

1840 3106 1938 3159 bus
1970 3105 2181 3174 placere
2211 3114 2458 3174 possunt.
2484 3103 2676 3158 Modus
2706 3103 2892 3174 itaque
2922 3104 3079 3157 nobis
3115 3104 3202 3159 hic
3227 3115 3411 3158 osten-

166 3175 274 3246 γὰρ
305 3177 540 3229 πάντοτε
569 3178 806 3242 πάντως,
839 3181 925 3234 ἵνα
950 3183 1025 3252 μὴ
1059 3185 1119 3236 τὸ
1145 3186 1417 3257 πάρεργον
1446 3190 1538 3241 τοῦ
1567 3190 1728 3260 ἔργου

1839 3200 1979 3255 ditur
2027 3211 2290 3251 occursus
2335 3195 2612 3248 fratrum:
2663 3208 2837 3264 neque
2894 3193 3036 3248 enim
3087 3194 3313 3247 omnino
3362 3198 3408 3248 is

168 3266 582 3336 προτιμώμενοι
636 3266 939 3340 ζημιοῦμεν
991 3272 1216 3336 ἑαυτοὺς
1270 3276 1345 3344 μὴ
1401 3277 1729 3347 αἰσθανόμε-

166 3371 282 3406 νοι·
347 3357 464 3410 ἀλλ’
508 3352 624 3412 οἷον
677 3361 768 3413 καὶ
826 3360 1003 3429 τοῦτο,
1050 3364 1282 3418 ἐνταῦθα
1323 3365 1514 3436 ὄφελον
1554 3386 1729 3439 παρα·

169 3443 486 3516 ζευχθῆναι.

241 3713 330 3767 ια’.
375 3714 630 3782 ’Δδελφὸς
674 3733 758 3779 τις
809 3716 975 3769 ἐλθὼν
1029 3718 1108 3780 εἰς
1160 3717 1377 3788 Σκῆτιν,
1432 3719 1730 3790 παρεκάλει

168 3804 292 3866 τοὺς
347 3806 666 3877 κληρικοὺς,
716 3807 922 3875 λέγων’
956 3810 1243 3878 Συντυχεῖν
1288 3809 1427 3862 θέλω
1473 3811 1550 3880 τῷ
1591 3811 1732 3882 ἀὸὅᾷ

183 3896 458 3969 ’Λρσενίῳ.
503 3895 673 3953 Εἶπον
716 3895 808 3953 οὗν
838 3900 1007 3970 αὐτῷ’
1048 3899 1350 3952 Ἀναπαύου
1390 3901 1607 3970 μικρὸν,
1642 3903 1733 3954 καὶ

172 3984 606 4054 βλέπειςάῠτόνο
639 3994 668 4045 ὁ
698 3992 754 4046 δὲ
781 3991 918 4061 ἔφη·
961 3995 1036 4045 Οὐ
1081 3991 1311 4062 γεύομαί
1335 4008 1500 4056 τινος,
1528 3992 1623 4046 ἐὰν
1657 3992 1732 4062 μὴ

1829 3306 2042 3358 semper
2099 3290 2277 3342 locum
2328 3287 2526 3351 habet;
2581 3301 2668 3348 ne,
2708 3285 2850 3355 quod
2895 3284 3261 3339 accessorium
3325 3292 3409 3338 est

1827 3382 1995 3451 operi,
2050 3380 2203 3449 operi
2255 3379 2357 3447 ipsi
2397 3375 2784 3440 anteferentes,
2836 3375 3096 3428 damnum
3145 3373 3269 3425 inde
3301 3386 3402 3424 no—

1827 3467 2159 3536 bismetipsis
2236 3465 2439 3520 sensim
2495 3464 2616 3519 sine
2668 3479 2830 3519 sensu
2895 3461 3226 3516 inferamus.
3277 3457 3405 3522 Sed,

1827 3560 2130 3630 cujusmodi
2193 3574 2282 3614 res
2324 3558 2416 3611 illa
2472 3557 2588 3621 sit,
2659 3555 2747 3610 hic
2807 3556 3101 3624 adiungere
3191 3547 3406 3620 profue-

1831 3661 1991 3774 ωλι.
2024 3715 2214 3771 Frater
2258 3714 2478 3785 aliquis,
2532 3712 2624 3781 qui
2657 3710 2712 3762 in
2764 3703 2946 3761 Scetin
2981 3713 3223 3767 venerat,
3252 3717 3409 3770 roga-

1841 3811 1931 3865 bat
1979 3810 2206 3865 clericos
2247 3809 2433 3863 dicens
2468 3823 2481 3858 :
2524 3801 2775 3870 Colloqui
2833 3799 2995 3868 cupio
3050 3812 3173 3852 cum
3210 3795 3410 3847 abbate

1837 3901 2087 3956 Arsenio.
2128 3896 2226 3952 Cui
2271 3899 2496 3952 dixere:
2550 3893 2852 3961 ltequiesce
2894 3888 3195 3958 paululum,
3231 3893 3284 3938 et
3324 3883 3410 3950 ip-

1841 4007 1962 4047 sum
2011 3989 2239 4044 videbis.
2303 3984 2400 4040 Hie
2443 3998 2589 4048 vero,
2635 3997 2743 4036 non
2814 3978 3065 4049 gustabo,
3117 3974 3211 4039 ait,
3247 3970 3408 4041 quid-

1457 4216 1690 4273 VARIAS
1747 4210 2156 4272 LECTlONES.

242 4316 265 4345 ο
297 4308 393 4377 ἀφ’
419 4308 532 4363 ὅτε.

1661 4391 1887 4449 NOTAE.

238 4489 349 4569 (50)
390 4488 609 4558 Legunt
657 4487 760 4568 Vit.
801 4487 910 4543 PP.
944 4488 1161 4570 libant,
1205 4487 1517 4611 pag..528':
1558 4486 1738 4540 «Cum

238 4558 442 4611 ndam..
483 4575 551 4611 ex
584 4557 848 4611 fratrtbus
875 4559 1203 4611 adremsset.
1238 4578 1258 4610 ι
1313 4556 1586 4611 ltstortola
1625 4558 1738 4609 haec

177 4556 442 4635 quidam"
474 4556 551 4613 ex
576 4557 848 4635 fratribus
875 4556 1258 4635 adegisset.)
1289 4556 1586 4635 llistoriola
1618 4558 1740 4635 haec

179 4628 589 4751 eapud
636 4627 873 4683 Coteler.
920 4627 1047 4695 568,
1102 4643 1279 4698 usque
1323 4628 1390 4682 ad
1441 4627 1737 4681 recessisset

241 4765 352 4857 Ψ.)
372 4765 982 4857 Effi'liflliff’ﬁ‘ih.
994 4780 1151 4857 1’93:
1192 4765 1298 4857 e90
1343 4785 1356 4820 ³
1402 4783 1420 4818 ⁸
1449 4763 1737 4819 Referebat
1766 4798 1816 4857 υ

179 4833 341 4903 abbas
371 4835 565 4890 Daniel
589 4838 854 4903 quosdam
883 4833 1116 4898 fratres,
1139 4854 1157 4888 ι
1188 4845 1296 4890 etc.

392 4901 672 4975 Λινάριον,
697 4907 864 4960 linunt
893 4921 911 4960 :
937 4906 1175 4975 λινάρια,
1205 4907 1340 4958 retia
1368 4905 1450 4958 vel
1479 4903 1571 4972 ﬁla
1596 4901 1735 4955 linea

182 4970 415 5043 [Gallice
458 4970 670 5043 ﬁléts)..
713 4975 950 5031 Coteler.
1009 4970 1078 5030 id'
1115 4970 1276 5031 vertit
1315 4970 1487 5042 ﬁlumi
1518 4975 1732 5025 lineam.

192 5039 293 5095 Vit.
327 5039 576 5116 PPflib.
606 5039 694 5116 tu,
738 5062 872 5116 pag.
896 5046 1021 5116 528,
1058 5045 1259 5109 linum;
1305 5039 1390 5116 uti?
1416 5043 1602 5116 etlib.
1638 5058 1731 5105 vtt,

182 5124 295 5183 cap,
324 5115 413 5179 54,
455 5127 616 5194 num.
647 5115 703 5168 2.
738 5113 894 5184 Apud
928 5115 1149 5195 Surium
1181 5131 1334 5168 num.
1373 5113 1461 5178 l6,
1495 5113 1730 5182 legitur:

189 5197 206 5229 ι
232 5178 454 5240 Propter
481 5182 702 5240 ahauod
731 5199 891 5240 suum
921 5194 1218 5240 negotium.
1255 5205 1274 5237 ι

248 5198 702 5305 rroptenanguoa
731 5199 891 5265 suum
921 5198 1218 5253 negouum.
1255 5205 1274 5237 ι

248 5248 367 5323 (55)
407 5252 512 5307 Vit.
596 5252 660 5308 P.
695 5254 780 5310 lnc
805 5256 1012 5308 addunt
1045 5272 1059 5309 :
1095 5271 1113 5305 ι
1141 5254 1389 5323 Cumque
1412 5252 1479 5306 ad
1512 5250 1736 5320 spelun-

185 5329 298 5391 cam
316 5322 443 5391 ejus
479 5325 870 5391 pervenissent.
909 5343 928 5376 ι

251 5387 366 5458 (5ιῖ
392 5387 630 5447 Coteler.
658 5395 822 5449 etiam
852 5393 1154 5449 Alexander
1178 5393 1232 5448 in
1272 5391 1384 5446 Vit.
1411 5389 1526 5445 PP.
1560 5389 1738 5460 signa-

192 5461 272 5508 tur
305 5460 512 5513 Daniel.

249 5471 272 5508 I‘
305 5471 512 5515 Daniel.

253 5527 369 5602 (55)_
396 5530 590 5602 Ditl‘ert
605 5530 1003 5602 aliquantulum
1024 5531 1259 5602 Coteler.
1279 5532 1348 5585 At
1382 5529 1484 5585 Vit.
1500 5530 1612 5585 PP.
1639 5530 1738 5602 ad-

193 5589 318 5649 dunt
342 5589 498 5655 hanc
532 5589 832 5658 clausulam
867 5621 880 5658 :
913 5621 932 5654 ι
963 5601 1045 5656 Me
1068 5601 1318 5670 permitte
1357 5604 1552 5657 cmlum
1592 5601 1740 5669 aspi-

353 5678 405 5723 et
427 5670 644 5728 dimitte
667 5688 761 5731 eos
790 5674 966 5732 redire
1001 5692 1013 5728 :
1045 5669 1168 5728 nam
1205 5669 1401 5728 faciem
1429 5685 1604 5729 meant
1631 5689 1739 5730 nou

346 5752 457 5794 unt.
496 5759 516 5794 ο

227 5745 457 5797 tuebunt.
496 5759 516 5794 ι

1915 4481 2008 4550 56)
2046 4480 2276 4534 Additur
2305 4477 2446 4546 apud
2471 4475 2710 4533 Coteler.
2733 4492 2856 4548 pag.
2882 4475 2986 4532 372
3017 4493 3031 4529 :
3060 4493 3078 4526 ι
3104 4473 3197 4529 llle
3222 4484 3411 4531 autem

1843 4550 2382 4625 ροιεὲῐηλψετιείι-ι.
2532 4615 2544 4625 .
2679 4615 2712 4625 ..
3048 4613 3060 4625 -

1915 4619 2025 4690 (57)
2066 4614 2451 4690 llésychastica
2494 4615 2603 4690 vita
2647 4615 2850 4690 silentii
2885 4614 3264 4690 tenacissima,
3297 4629 3410 4668 non

1842 4683 2130 4741 ita'ta'men
2169 4683 2245 4750 ut,
2279 4687 2553 4756 proximis
2592 4687 2784 4740 saltem
2822 4694 2942 4752 post
2979 4683 3411 4756 huncisanctum

1841 4757 2078 4817 sacculis,
2109 4753 2407 4826 discipulos
2431 4763 2484 4808 et
2508 4755 2646 4810 alios
2673 4767 3038 4826 quoscunque
3067 4753 3412 4826 exhortatio:

1843 4829 1929 4881 nis
1962 4826 2042 4880 vel
2071 4822 2323 4896 colloquii
2360 4839 2526 4880 causa
2552 4822 3219 4896 accedentesexcluderet
3255 4822 3410 4875 ontni

1844 4905 2120 4964 tempore;
2151 4888 2418 4949 ut'videre
2456 4905 2542 4948 est
2574 4896 2625 4946 in
2651 4892 2929 4964 annotatis
2954 4891 3027 4964 ad
3060 4888 3238 4964 Vitam
3277 4905 3412 4943 san-

1841 4965 1916 5019 cti
1953 4960 2219 5030 Stephani
2255 4965 2491 5018 Sabaitae
2529 4963 2787 5030 superius
2818 4960 3085 5028 allegatis.
3119 4961 3277 5013 Certe
3310 4974 3415 5010 au-

1844 5033 2150 5108 (ξιον-νίκη
2208 5050 2362 5108 num.
2424 5033 2644 5108 184_de
2691 5032 3066 5108 _i_sto_san‘c_to.
3099 5038 3410 5108 memorate

1848 5122 1865 5154 ι
1898 5104 2152 5172 Quinque
2191 5104 2386 5174 deinde
2429 5103 2588 5156 annis
2621 5100 2910 5174 solitarius
2941 5098 3413 5174 Christ_o_va.cavit

1841 5164 2157 5296 ἕὴξύχαᾶεν)
2188 5175 2241 5227 in
2268 5172 2426 5233 cella,
2451 5187 2558 5225 non
2584 5171 2772 5224 exiens
2808 5183 3044 5238 upquam
3079 5167 3183 5247 nisi
3214 5164 3412 5219 diebus

1886 5245 2066 5296 abbati
2125 5251 2179 5296 et
2212 5242 2534 5296 Dominicis.
2581 5239 2728 5294 cellae
2769 5239 2932 5292 fronti
2968 5252 3060 5296 per
3095 5236 3148 5288 td
3195 5245 3412 5296 tempus

1886 5236 2066 5315 abbati
2125 5236 2179 5297 et
2212 5242 2534 5315 Dominicis,
2581 5239 2728 5315 cellae
2769 5236 2932 5315 fronti
2966 5236 3148 5315 pernici
3195 5245 3412 5315 tempus

1843 5313 2156 5384 inscribens
2188 5330 2202 5367 :
2235 5311 2504 5384 Ignoscite
2537 5325 2632 5384 per
2674 5307 2962 5384 Dominum
2993 5305 3171 5384 _mihi,_
3193 5305 3408 5384 domini

1841 5381 2061 5450 Patres,
2118 5375 2295 5450 neque
2350 5381 2480 5450 mihi
2536 5375 2933 5450 quisquam_in
2993 5375 3410 5450 Itesychastetio

1841 5461 1994 5507 extra
2033 5443 2331 5505 Sabba'tum
2363 5458 2416 5502 et
2444 5443 2781 5502 Dominicam
2823 5445 2893 5499 sit
2925 5443 3210 5497 molestus.
3247 5459 3265 5492 ι

1915 5520 2027 5588 (58)
2080 5521 2318 5592 Coteler.
2378 5535 2498 5588 pag.
2550 5517 2698 5592 572:
2735 5535 2752 5566 ι
2783 5514 3096 5592 (ὶιιιηλνετο
3123 5509 3406 5592 maritum

1845 5581 2135 5658 acceperit,
2185 5581 2524 5661 nequaquam
2557 5587 2736 5654 placet
2773 5581 3009 5661 cunctis,
3047 5581 3137 5636 sed
3167 5581 3245 5635 illi
3277 5581 3406 5649 qui-

1845 5653 2496 5728 dem—contemnunt;alii
2535 5653 2665 5714 vero
2701 5653 3014 5730 praedicant.
3051 5669 3069 5702 ι
