4018 6304
571 328 679 391 859

1701 329 1763 389 S.
1796 328 2185 390 THEODORI
2237 327 2581 388 STUDITAE

3705 327 3814 389 860

570 458 733 510 quam
772 441 817 497 si
862 457 968 495 non
1008 456 1131 497 cum
1188 442 1307 513 ipso
1335 442 1641 497 collocutus
1683 440 1857 497 fuero.
1888 443 2153 498 Miserum

2268 443 2403 512 ιύτῷ
2444 441 2764 510 ἁπαντήσω.
2809 438 3105 509 Ἐπεμψαν
3153 433 3246 491 οῦν
3290 437 3430 507 μετὰ
3467 436 3561 491 τοῦ
3603 438 3839 509 ἀδελφοῦ

573 534 737 602 igitur
780 531 1012 603 aliquem
1067 549 1191 587 cum
1232 534 1421 598 fratre,
1473 534 1564 603 qui
1628 534 1806 603 ipsum
1850 534 1916 589 ad
1956 535 2151 589 cellam

572 628 815 688 duceret,
851 626 977 692 quia
1009 626 1167 694 longe
1210 625 1469 678 distabat.
1514 625 1581 678 Et
1611 626 1827 694 pulsato
1878 626 2039 689 ostio,
2073 626 2154 679 in-

574 716 747 784 gressi
800 726 959 782 sunt;
1011 718 1357 785 salutatoque
1390 716 1551 780 Sene,
1584 716 1843 771 sederunt
1896 718 1950 771 in
1986 718 2153 771 silen-

576 808 674 859 tio.
708 806 852 860 Dixit
888 808 1071 877 itaque
1109 808 1197 860 ille
1230 808 1473 861 ecclesiae
1497 807 1665 861 frater
1698 826 1710 861 :
1746 808 1923 877 Surgo
1973 810 2155 863 disce-

577 895 669 959 do,
702 907 853 951 orate
889 913 986 966 pro
1019 912 1121 951 me.
1152 900 1217 951 At
1241 897 1404 950 frater
1427 899 1768 967 peregrinus,
1799 914 1905 952 non
1938 899 2154 953 inventa

578 1001 701 1039 cum
726 985 865 1041 Seue
887 989 1227 1056 colloquendi
1261 989 1528 1054 libertate,
1571 990 1706 1043 dixit
1740 988 1895 1042 fratri
1928 1009 1941 1044 :
1983 988 2155 1043 Venio

578 1085 632 1129 et
664 1091 765 1143 ego
800 1088 993 1130 tecum.
1023 1076 1087 1130 Et
1113 1080 1315 1145 egressi
1344 1086 1473 1132 sunt
1508 1078 1691 1131 simul.
1726 1078 1958 1148 Rogavit
1993 1092 2155 1146 porro

582 1164 761 1231 ipsum
812 1166 1133 1234 peregrinus
1183 1165 1414 1221 dicens:
1470 1166 1585 1221 Duc
1647 1184 1733 1223 me
1785 1169 1852 1222 ad
1903 1169 2155 1224 abbatem

582 1254 824 1323 Moysen,
884 1272 949 1309 ex
1008 1258 1312 1312 latronibus
1347 1273 1673 1314 conversum
1704 1260 1835 1330 (59).
1872 1261 1951 1315 Ad
1994 1277 2155 1330 quem

583 1355 867 1412 postquam
920 1348 1232 1412 venissent,
1275 1351 1517 1420 suscepit
1555 1352 1728 1418 ipsum
1778 1368 1901 1405 cum
1935 1354 2157 1422 gaudio,

581 1442 636 1486 et
692 1436 947 1489 exhibitis
993 1437 1379 1507 hospitalitatis
1425 1441 1615 1495 ofliciis
1670 1445 1896 1498 dimisit.
1937 1443 2073 1498 Tum
2114 1448 2157 1500 is

582 1527 675 1587 qui
712 1527 879 1579 alimn
915 1529 1163 1592 duxerat,
1216 1533 1293 1586 sic
1325 1533 1445 1587 infit
1479 1552 1492 1587 :
1552 1532 1709 1599 Ecce,
1755 1537 1950 1589 adduxi
2003 1546 2052 1590 te
2093 1538 2158 1591 ad

586 1616 920 1690 [Arseuimn]
986 1623 1313 1676 monachum
1371 1634 1711 1690 extraneum,
1771 1638 1825 1681 et
1884 1629 1949 1682 ad
1998 1628 2157 1699 :‘Egy-

586 1708 755 1775 ptiutu
786 1728 799 1762 :
836 1719 954 1763 uter
996 1714 1164 1780 magis
1197 1714 1399 1782 placuit
1447 1716 1576 1769 tibi?
1615 1717 1713 1771 Cui
1745 1718 1909 1771 frater
1946 1739 1957 1773 :
1990 1719 2160 1791 Egy-

586 1800 729 1867 ptius
756 1801 953 1867 placuit
982 1804 1110 1857 mihi
1150 1804 1371 1859 Patrum
1404 1806 1625 1877 aliquis,
1654 1810 1739 1864 his
1771 1813 1994 1876 auditis,
2031 1827 2158 1867 ora-

587 1891 661 1943 vit
691 1890 880 1955 Deum,
908 1892 1094 1947 dicens
1128 1914 1139 1946 :
1173 1896 1419 1962 Domine,
1456 1914 1567 1951 rem
1600 1899 1742 1954 hanc
1763 1902 2156 1958 mihiostende.

586 1978 690 2034 Iste
720 1984 863 2036 enim
927 1984 1063 2054 fugit
1106 1996 1324 2054 propter
1360 2004 1561 2041 nomen
1619 1997 1791 2051 tuum,
1827 1992 1917 2045 ille
1946 2007 2073 2047 vero
2104 1995 2156 2047 in

585 2073 745 2127 ulnas
771 2076 967 2144 accipit
1022 2087 1237 2145 propter
1269 2094 1463 2132 nomen
1507 2092 1681 2135 tuum.
1729 2081 1793 2134 Et
1822 2093 2054 2137 ostensa:
2082 2085 2157 2139 illi

585 2174 715 2218 sunt
752 2168 867 2219 iluze
899 2183 1063 2221 naves
1111 2185 1318 2237 magna‘
1355 2187 1369 2234 ;
1424 2179 1477 2223 et
1512 2172 1564 2224 in
1603 2188 1711 2226 una
1763 2173 1980 2241 quidem
2023 2191 2158 2229 con-

587 2255 880 2323 templatur
907 2258 1157 2310 abbatem
1188 2258 1475 2311 Arseuium
1504 2270 1558 2313 et
1602 2262 1855 2330 spiritum
1884 2261 1977 2315 Dei
2010 2265 2159 2317 navi-

586 2357 775 2413 gantes
804 2348 854 2400 in
882 2348 1091 2416 quiete;
1122 2358 1176 2401 et
1204 2349 1370 2403 abbas
1402 2350 1613 2421 Moyses
1652 2363 1707 2406 et
1732 2356 1909 2422 angeli
1939 2354 2030 2408 Dei
2064 2372 2160 2410 na-

587 2438 846 2506 vigabant
875 2441 925 2492 in
959 2440 1149 2501 altera,
1196 2440 1441 2494 favorum
1481 2445 1658 2500 mellis
1686 2448 1979 2515 particulas
2012 2448 2063 2502 in
2096 2465 2160 2504 os

586 2528 707 2595 ejus
739 2532 1039 2581 inserentes
1070 2530 1200 2597 (60).
1247 2531 1336 2585 Sic
1389 2534 1475 2587 ille
1505 2537 1765 2591 secedens
1796 2539 2036 2592 virorum
2066 2556 2160 2595 ac-

586 2618 762 2671 cessui
810 2618 1124 2692 indulgebat
1172 2622 1615 2691 aliquantulum;
1685 2629 1973 2683 mulierum
2032 2647 2161 2688 vero

589 2725 656 2762 ne
685 2710 762 2761 vel
794 2712 1063 2764 tantillum
1111 2713 1331 2782 quidem
1368 2733 1379 2767 :
1418 2724 1562 2772 totus
1594 2720 1793 2788 quippe
1833 2733 1951 2775 erat
1981 2738 2157 2792 asper,

588 2812 642 2854 et
676 2818 704 2854 a
744 2801 995 2858 liberiore
1023 2819 1275 2860 sermone
1302 2807 1538 2875 alienus,
1580 2825 1767 2866 amore
1798 2811 1891 2867 Dei
1925 2828 2159 2885 occupa-

590 2893 771 2946 batur.

663 2986 750 3037 12.
794 2985 983 3041 Mulier
1038 2990 1224 3060 itaque
1279 2992 1527 3062 quaedam
1589 2996 1864 3051 senatoria
1918 2997 2160 3054 Romana

2254 534 2603 602 καταστῆσαι
2658 530 2838 595 αὑτὸν,
2874 531 2957 582 ὅτι
3009 528 3227 599 μακρὰν
3266 524 3334 598 ἦν
3363 530 3396 595 ἠ
3433 528 3600 582 κέλλα
3631 531 3803 583 αὐτοῦ
3827 548 3839 561 ·

2254 626 2348 678 καὶ
2371 625 2702 695 κρούσαντες
2724 623 2823 692 τὴν
2868 622 3059 692 θύραν,
3088 621 3355 690 εἰσῆλθονο
3384 622 3479 675 καὶ
3507 622 3838 691 ἀσπασάμε-

2255 735 2336 771 νοι
2378 716 2471 767 τὸν
2521 715 2752 787 γέροντα
2794 714 3059 767 ἐκάθισαν
3112 713 3446 775 σιωπῶντες.
3480 709 3648 766 Εἷπεν
3688 711 3782 767 οὖν
3812 720 3840 768 6

2256 810 2483 877 ἁδελφὸς
2520 812 2548 863 6
2587 808 2688 875 τῆς
2724 807 3053 876 ἐκκλησίας’
3098 805 3435 875 Ἐγείρομαι,
3488 807 3709 875 ὑπάγω,
3744 807 3833 859 εὕ-

2258 902 2419 967 ξασθε
2470 902 2610 972 ὑπὲρ
2644 900 2801 969 ἐμοῦ.
2846 900 2903 953 '0
2946 899 3005 953 δέ
3052 898 3199 962 ξένος
3239 898 3487 964 ἀδελφὸς,
3530 899 3606 969 μὴ
3660 898 3835 967 εὑρὼν

2257 991 2571 1064 παρρησίαν
2628 990 2765 1061 πρὸς
2814 990 2906 1043 τὸν
2952 990 3219 1059 γέροντα,
3270 984 3425 1041 εἶπεν
3472 988 3550 1056 τῷ
3588 990 3830 1060 ἀδελφῷ·

2261 1084 2533 1153 Ἔρχομαι
2575 1082 2729 1151 κάγὼ
2768 1083 2905 1153 μετά
2936 1082 3052 1137 σοῦ.
3083 1084 3191 1136 Kal
3223 1080 3447 1149 ἐξῆλθον
3490 1083 3650 1152 ὁμοῦ.
3689 1085 3833 1153 Παρ-

2258 1177 2519 1230 εκὰλεσεν
2548 1176 2639 1229 οὖν
2666 1175 2850 1237 αὐτὸν,
2882 1175 3055 1243 λέγων
3078 1190 3092 1205 ο
3136 1174 3281 1227 Λάϐε
3323 1192 3390 1243 με
3434 1176 3529 1229 καὶ
3568 1176 3709 1244 πρὸς
3746 1176 3833 1227 τὸν

2256 1268 2432 1323 ἀόὁᾶν
2458 1268 2664 1337 Μωσῆν
2690 1266 2784 1322 τὸν
2834 1266 2941 1321 ἀπὸ
2962 1265 3196 1337 λῃστῶν.
3229 1266 3340 1319 Kal
3369 1266 3635 1320 ἐλθόντων
3658 1267 3833 1320 αὐτῶν

2259 1361 2398 1430 πρὸς
2424 1361 2609 1424 αὑτὸν,
2641 1358 2859 1424 ἐδέξατο
2887 1358 3051 1411 αὐτὸν
3085 1358 3223 1427 μετὰ
3256 1360 3452 1427 χαρᾶς,
3484 1359 3582 1411 καὶ
3618 1358 3829 1427 φιλοξε-

2259 1451 2461 1513 νίσειςι1
2506 1452 2795 1505 ἀπέλυσεν.
2844 1452 2951 1503 Kal
2982 1450 3130 1518 λέγει
3170 1452 3199 1503 6
3242 1450 3483 1517 ἐνεγκὼν
3530 1449 3624 1503 τὸν
3652 1450 3832 1519 ἕτερον

2261 1544 2488 1611 ἀδελφός
2512 1561 2526 1575 θ
2573 1543 2704 1596 Ἰδοὺ
2730 1543 3021 1609 ἀπήνεγκα
3050 1558 3110 1594 σε
3136 1542 3272 1611 πρὸς
3303 1541 3394 1594 τὸν
3430 1540 3640 1605 ξενικὸν
3672 1556 3831 1610 μονα-

2262 1634 2354 1706 χδν
2388 1636 2483 1687 καὶ
2521 1634 2657 1704 πρὸς
2685 1633 2775 1685 τὸν
2808 1633 3106 1699 Αἰγύπτιον
3129 1648 3144 1663 ⁶
3190 1632 3274 1694 τίς
3303 1631 3367 1685 ἐκ
3395 1632 3505 1684 τῶν
3535 1632 3630 1685 δύο
3671 1631 3830 1701 ἤρεσέ

2263 1743 2385 1792 σοι;
2438 1727 2600 1792 Λέγει
2644 1726 2672 1778 6
2725 1723 2987 1791 ἁδελφόςο
3048 1723 3108 1777 '0
3158 1722 3456 1789 Αἰγύπτιος
3503 1722 3669 1793 ἧρεσέ
3721 1740 3825 1791 μοι.

2275 1817 2542 1880 Ἀκούσας
2556 1816 2612 1869 δέ
2635 1833 2718 1878 τις
2741 1814 2851 1868 τῶν
2878 1815 3139 1885 Πατέρων
3158 1813 3352 1877 ταῦτα,
3374 1813 3577 1883 ηὓξατο
3595 1813 3673 1883 τῷ
3694 1813 3829 1883 Θεῷ,

2262 1906 2437 1973 λέγων
2458 1922 2471 1935 ·
2502 1903 2696 1972 Κύριε,
2726 1904 2899 1968 δεῖξόν
2949 1919 3039 1973 μοι
3084 1901 3147 1955 τὸ
3187 1902 3421 1971 πρᾶγμα
3452 1902 3640 1955 τοῦτο·
3670 1904 3747 1955 ὅτι
3774 1904 3832 1965 ὃς

2267 1999 2365 2067 μὲν
2389 1996 2581 2065 φεύγει
2605 1996 2694 2048 διὰ
2722 1995 2783 2048 τὸ
2806 1995 2978 2063 δνομά
3012 2011 3127 2056 σου,
3150 1993 3208 2055 ὃς
3229 1994 3287 2046 δὲ
3314 1993 3727 2061 ἐναγκαλίζεται
3747 1995 3834 2048 διὰ

2262 2084 2323 2136 τὸ
2354 2083 2524 2153 ὄνομα
2552 2101 2668 2136 σου.
2697 2082 2806 2137 Kal
2836 2081 3048 2151 ἐδείχθη
3081 2081 3229 2150 αὑτῷ
3259 2080 3353 2134 δύο
3384 2081 3546 2134 πλοῖα
3584 2083 3795 2152 μεγάλα
3816 2102 3828 2115 ·

2265 2175 2358 2228 καὶ
2396 2176 2589 2244 θεωρεῖ
2615 2174 2705 2227 τὸν
2745 2173 2919 2227 ἀόὀᾶν
2953 2172 3227 2241 Ἀρσένιον
3255 2173 3349 2226 καὶ
3391 2173 3452 2224 τὸ
3485 2173 3710 2241 Πνεῦμα
3740 2174 3831 2227 τοῦ

2263 2264 2398 2318 Θεοῦ
2441 2266 2695 2327 πλέοντες
2726 2265 2783 2317 ἐν
2813 2264 3017 2333 ἠσυχίᾳ
3057 2264 3135 2326 είς
3167 2263 3225 2315 ἒν
3259 2274 3283 2303 ο
3319 2266 3413 2317 καὶ
3448 2266 3475 2316 6
3501 2264 3677 2327 ἀὸὁᾶς
3708 2266 3831 2319 Μω-

2266 2359 2365 2425 σῆς
2386 2357 2479 2409 καὶ
2509 2358 2558 2408 οί
2609 2355 2828 2423 ἄγγελοι
2871 2353 2964 2407 τοῦ
3004 2354 3140 2407 Θεοῦ
3186 2355 3438 2418 πλέοντες
3472 2357 3551 2417 εἰς
3579 2355 3640 2409 ἓν
3667 2356 3709 2420 ί,
3737 2360 3831 2411 καὶ

2263 2445 2541 2515 ἐψώμιζον
2574 2444 2932 2515 μελικηρίδας
2958 2460 2971 2473 ·
2999 2443 3141 2497 οὕτω
3169 2444 3225 2497 δέ
3267 2444 3567 2513 ὑποχωρῶν
3600 2446 3698 2509 τὰς
3723 2449 3828 2501 τῶν

2264 2537 2471 2606 ἀνδρῶν
2514 2537 2733 2606 ὁμιλίας
2779 2537 3035 2601 ἐνεδίδου,
3079 2537 3177 2598 τὰς
3201 2536 3310 2589 τῶν
3344 2536 3623 2603 γυναικῶν
3659 2538 3833 2591 ὁτιοῦν

2265 2628 2549 2699 οῦδαμῶς³
2587 2627 2785 2698 δριμὺς
2827 2629 2937 2696 γὰρ
2967 2623 3034 2697 ἦν
3071 2627 3191 2690 ὅλος
3239 2626 3333 2681 καὶ
3363 2627 3830 2700 ἀπαρρησίαστος.

2268 2718 2549 2790 ἐρωτικῶς
2572 2719 2707 2790 πρὸς
2741 2718 2874 2772 Θεὸν
2907 2718 3271 2789 διακείμενος.

2341 2988 2426 3058 ιβ’.
2455 2989 2710 3042 Ἐλθοῦσα
2739 2987 3029 3059 τοιγαροῦν
3057 2990 3135 3053 είς
3160 2989 3249 3043 τὸν
3282 2990 3550 3043 Κάνωπον
3587 2988 3839 3053 Ἀλεξαν-

590 3075 869 3146 Canopum
922 3080 1258 3137 Alexandria:
1317 3085 1551 3151 devenit,
1594 3087 1746 3144 dives
1811 3090 1965 3144 valde
2003 3107 2065 3145 ac
2098 3094 2163 3145 ti-

2269 3082 2453 3151 δρείας
2492 3082 2590 3151 μιὰ
2628 3082 2962 3152 συγκλητικὴ
2988 3082 3094 3135 ἀπὸ
3120 3082 3337 3151 Ῥώμης
3364 3081 3594 3133 πλουσία
3614 3082 3839 3150 σφόδρα,

594 3183 746 3222 mens
792 3168 981 3235 Deum,
1007 3182 1253 3227 sanctum
1290 3175 1581 3230 Arsenium
1618 3178 1801 3233 videre
1830 3182 2163 3238 desiderans.

595 3254 818 3327 Excepit
872 3260 1018 3313 illam
1086 3260 1420 3331 Theophilus
1477 3258 1953 3338 archiepiscopus;
2007 3288 2166 3340 quem

594 3351 825 3415 rogavit,
882 3352 1232 3420 persuaderet
1284 3355 1434 3421 Seni,
1489 3367 1547 3411 ut
1610 3375 1668 3414 se
1718 3362 2047 3420 admitteret.
2108 3365 2172 3418 Et

597 3452 883 3511 postquam
918 3445 981 3497 ad
1007 3461 1130 3499 eum
1162 3448 1400 3503 venisset
1457 3452 1926 3523 archiepiscopus,
1965 3459 2173 3526 rogavit

599 3544 658 3587 ut
704 3550 822 3589 eam
880 3537 1213 3594 admitteret.
1274 3539 1453 3597 Senex
1515 3561 1641 3599 vero
1689 3547 2019 3616 colloquium
2073 3551 2171 3619 ipsi

594 3626 890 3681 recusavit.
921 3628 1134 3693 Quibus
1161 3632 1323 3686 rebus
1349 3636 1397 3687 ei
1430 3635 1785 3702 denuntiatis,
1819 3639 1974 3707 jubet
2000 3642 2172 3695 sterni

595 3713 840 3783 jumenta
873 3733 992 3782 sua,
1029 3720 1214 3775 dicens
1244 3741 1255 3775 :
1293 3722 1526 3779 Confido
1564 3726 1674 3781 Deo
1729 3728 1847 3783 fore
1880 3741 1937 3785 ut
1961 3732 2173 3787 videam

600 3806 776 3875 ipsum
813 3824 827 3861 :
880 3824 1057 3878 neque
1102 3813 1245 3866 enim
1303 3815 1423 3869 veni
1465 3816 1647 3870 visura
1690 3819 1965 3876 hominem
1999 3823 2177 3892 (multi

598 3900 743 3952 enim
777 3899 1026 3956 homines
1041 3914 1167 3957 sunt
1208 3904 1260 3957 in
1302 3907 1519 3962 civitate
1547 3913 1782 3979 nostra),
1820 3913 1915 3967 sed
1943 3916 2177 3983 prophe-

602 3997 712 4043 tatn
750 3991 933 4045 visura
986 3994 1128 4047 veni.
1160 3993 1338 4065 thue
1367 3998 1434 4052 ad
1470 4001 1663 4054 cellam
1699 4000 1857 4057 Senis
1897 4006 2175 4073 pervenit;

600 4090 750 4135 extra
785 4083 955 4147 illam,
990 4084 1099 4140 Deo
1154 4086 1228 4141 ita
1261 4089 1605 4159 disponente,
1652 4094 1882 4149 vacabat
1948 4095 2120 4151 Senex
2155 4116 2169 4154 :

602 4188 762 4240 quem
787 4176 1127 4243 conspicata,
1155 4180 1389 4247 procidit
1410 4182 1476 4235 ad
1508 4184 1672 4253 pedes
1706 4185 1855 4255 ejus;
1893 4190 2176 4259 erexitque

603 4264 749 4318 illam
786 4282 911 4320 cum
942 4268 1023 4322 ira
1059 4282 1108 4333 ε,
1148 4271 1233 4325 his
1275 4271 1438 4327 dictis
1484 4274 1535 4327 in
1586 4291 1707 4330 eam
1758 4278 2046 4337 intendens
2077 4301 2090 4336 :
2120 4282 2179 4338 Si

603 4356 796 4409 faciem
853 4373 1028 4412 meam
1057 4360 1243 4416 videre
1303 4362 1415 4429 vis;
1455 4379 1544 4429 en,
1585 4367 1724 4421 vide.
1770 4369 1861 4423 Illa
1912 4388 2039 4426 vero
2071 4390 2181 4442 pra:

2273 3172 2365 3224 καὶ
2401 3170 2710 3240 φοϐουμένη
2740 3171 2831 3223 τὸν
2860 3171 3014 3236 Θεὸν,
3054 3170 3295 3224 ποθοῦσα
3362 3170 3488 3222 ἰδεῖν
3512 3171 3697 3234 αὐτὸν,
3738 3172 3843 3223 67:-

2269 3264 2488 3328 εδέξατο
2513 3263 2679 3333 αὐτὴν
2700 3265 2729 3315 6
2754 3264 3011 3333 Θεόφιλος
3038 3267 3067 3318 6
3094 3264 3545 3334 ἀρχιεπίσκοπος,
3574 3266 3673 3318 καὶ
3703 3282 3841 3337 παρ-

2274 3356 2532 3410 εκάλεσεν
2564 3355 2727 3408 αὑτὸν
2754 3355 2841 3409 ἴνα
2878 3355 3041 3427 πείσῃ
3069 3356 3162 3410 τὸν
3190 3356 3421 3427 γέροντα
3449 3356 3707 3422 δέξασθαι
3741 3358 3844 3409 αύ-

2275 3449 2393 3518 τήν.
2427 3448 2538 3500 Καὶ
2572 3446 2741 3499 ἐλθὼν
2773 3448 2802 3499 6
2847 3448 3278 3518 ἀρχιεπίσκοπος
3308 3446 3445 3518 πρὸς
3480 3448 3664 3511 αὑτὸν,
3703 3463 3845 3516 παρ-

2277 3539 2462 3593 εκάλει
2489 3538 2745 3603 δέξασθαι
2774 3538 2965 3608 αὑτήν.
3014 3538 3073 3591 Ὀ
3112 3538 3168 3592 δὲ
3211 3538 3388 3607 γέρων
3430 3537 3490 3590 ού
3522 3535 3847 3601 κατεδέξατο

2272 3632 2603 3700 ἀπαντῆσαι.
2640 3630 2729 3693 Ὠς
2768 3624 2862 3683 οῦν
2903 3628 3181 3698 ἀνηγγέλη
3230 3628 3367 3699 αὐτῇ
3397 3625 3594 3694 ταῦτα,
3636 3628 3845 3680 κελεύει

2276 3721 2584 3791 στρωθῆναι
2626 3721 2695 3775 τὰ
2746 3723 2920 3791 κτήνη
2963 3722 3153 3788 αὐτῆς,
3184 3720 3454 3788 λέγουσα·
3492 3718 3741 3773 Πιστεύω
3768 3720 3847 3789 τῷ

2273 3810 2393 3881 Θεῷ
2426 3812 2555 3864 ἰδεῖν
2589 3812 2749 3865 αὐτόν
2770 3827 2785 3841 ⁶
2817 3812 2879 3864 ού
2908 3812 3015 3881 γὰρ
3040 3812 3328 3882 ἄνθρωπον
3349 3806 3512 3881 ἦλθον
3548 3810 3675 3863 ίδεῖν
3694 3828 3709 3843 ο
3739 3812 3847 3863 sia‘:

2274 3902 2384 3971 γὰρ
2426 3903 2519 3955 καὶ
2566 3904 2623 3955 ἐν
2658 3904 2723 3972 τῇ
2770 3902 2922 3955 πόλει
2961 3902 3119 3973 ἡμῶν
3150 3902 3335 3957 πολλοὶ
3364 3901 3642 3972 ἄνθρωποι
3664 3921 3677 3933 ·
3714 3902 3847 3956 ἀλλὰ

2282 3993 2569 4063 προφήτην
2596 3988 2759 4062 ἦλθον
2790 3993 2938 4044 ίδεῖν.
2964 3991 3073 4045 Καὶ
3102 3992 3178 4054 ὡς
3208 3991 3409 4061 ἔφθασε
3440 3992 3570 4063 περὶ
3598 3991 3698 4061 τὴν
3729 3992 3847 4044 κέλ-

2280 4080 2380 4133 λαν
2406 4081 2501 4134 τοῦ
2533 4084 2807 4152 γέροντος,
2836 4084 2957 4136 κατ’
2983 4084 3296 4153 οἰκονομίαν
3338 4082 3473 4135 Θεοῦ
3510 4083 3847 4153 ηὑιιαίρησεν

2281 4174 2384 4238 ἔξω
2428 4177 2527 4245 τῆς
2574 4174 2771 4244 κέλλης
2813 4176 2842 4227 6
2874 4175 3083 4246 γέρωνο
3111 4175 3206 4228 καὶ
3238 4174 3417 4227 ίδοῦσα
3450 4175 3637 4237 αὑτὸν,
3685 4191 3847 4243 προσο

2285 4266 2447 4319 έπεσε
2474 4268 2584 4329 τοῖς
2610 4250 2782 4318 ποσὶν’
2803 4265 2989 4329 αὑτοῦ,
3022 4268 3114 4318 καὶ
3152 4266 3374 4335 ἤγειρεν
3403 4265 3572 4336 αὐτὴν
3607 4266 3729 4335 μετ’
3755 4266 3845 4333 δρ-

2286 4358 2407 4425 γῆς,
2446 4356 2541 4409 καὶ
2582 4356 2883 4424 προσέσχεν
2933 4356 3070 4425 αὐτῇ
3127 4356 3333 4424 λέγων·
3369 4357 3431 4408 El
3463 4356 3525 4407 τὸ
3555 4355 3846 4425 πρόσωπόν

604 4446 928 4499 verecundia
976 4446 1173 4502 faciem
1230 4450 1407 4519 ipsius
1460 4454 1823 4524 contemplata
1872 4472 1979 4510 non
2043 4458 2164 4513 fuit.

2277 4463 2377 4515 μου
2416 4446 2589 4507 θέλεις
2623 4446 2769 4509 ίδεῖν,
2806 4445 2937 4505 ἰδοῦ,
2973 4444 3155 4513 βλέπε.
3204 4444 3268 4497 Ἦ
3313 4444 3371 4497 δὲ
3418 4444 3529 4497 ἀπὸ
3577 4445 3845 4514 αίσχύνης

603 4534 740 4589 Tum
776 4537 1010 4594 Sanetus
1039 4558 1051 4594 :
1088 4538 1277 4597 Nonne
1307 4558 1475 4612 Opera
1513 4562 1631 4601 mea
1664 4548 1907 4603 audisti?
1938 4549 2172 4605 Necesse

600 4638 720 4681 erat
769 4630 858 4684 illa
922 4632 1292 4687 considerare.
1346 4634 1633 4700 Quomodo
1690 4649 1874 4693 autem
1918 4650 2024 4693 tam
2058 4657 2173 4694 ma-

604 4738 762 4791 gnam
789 4722 1188 4791 navigationem
1217 4724 1501 4783 instituere
1527 4743 1659 4784 ausa
1688 4731 1792 4785 es?
1821 4732 1899 4785 An
1927 4730 2169 4803 ignoras,

602 4813 749 4881 quod
786 4815 983 4869 mulier
1012 4817 1113 4883 sis,
1152 4826 1203 4871 et
1232 4818 1377 4887 quod
1397 4835 1671 4891 nunquam
1702 4823 1901 4878 debeas
1920 4826 2173 4894 prodire?

604 4902 744 4958 Num
778 4904 916 4960 forte
945 4906 1048 4962 huc
1086 4908 1302 4972 venisti,
1335 4917 1398 4964 ut
1426 4911 1589 4967 abeas
1632 4914 1882 4978 Romam,
1920 4926 1975 4969 et
2022 4916 2172 4970 dicas

608 4997 968 5054 mulieribus:
1027 4999 1145 5055 Vidi
1184 5001 1511 5068 Arsenium;
1566 5018 1631 5058 ac
1682 5005 1922 5073 pervium
1965 5005 2171 5060 faciant

609 5104 760 5145 mare
788 5091 1043 5147 mulieres
1078 5092 1145 5145 ad
1181 5109 1263 5148 me
1304 5094 1669 5149 ventilantes?
1709 5094 2005 5165 Respondit
2039 5097 2126 5151 illa
2155 5115 2168 5151 :

610 5180 667 5235 Si
704 5182 933 5236 Domino
963 5183 1247 5252 placuerit,
1282 5184 1556 5240 neminem
1589 5186 1695 5243 huc
1734 5189 1918 5243 venire
1950 5188 2176 5257 permit-

2278 4537 2339 4588 οὐ
2370 4535 2665 4605 κατενόησε
2695 4534 2756 4586 τὸ
2795 4534 3085 4604 πρόσωπον
3120 4532 3308 4588 αὑτοῦ.
3344 4533 3453 4585 Kal
3484 4533 3636 4600 λέγει
3662 4535 3797 4602 αὐτῇ
3826 4548 3842 4561 ⁸

2250 4700 2251 4703 η
2278 4628 2390 4680 Οὐκ
2410 4626 2648 4695 ἡκούσας
2672 4624 2740 4678 τὰ
2763 4623 2897 4695 έργα
2921 4642 3022 4694 μου
3046 4640 3061 4689 ;
3081 4606 3506 4693 Ταῦτα⁶βλέπειν
3532 4624 3839 4690 ἀναγκαῖον.

2279 4725 2403 4787 Πῶς
2429 4723 2486 4776 δέ
2522 4723 2617 4776 καὶ
2646 4722 2949 4791 ἐτόλμησας
2971 4721 3194 4789 ποιῆσαι
3221 4722 3474 4773 τοσοῦτον
3506 4718 3677 4772 πλοῦν
3699 4734 3713 4783 ;
3736 4716 3844 4770 Οὔκ

2277 4812 2442 4879 οἶδας,
2480 4816 2563 4867 ὃτι
2608 4814 2745 4885 γυνὴ
2778 4808 2847 4877 εἴ,
2885 4811 2981 4864 καὶ
3018 4811 3118 4863 οὐκ
3159 4810 3397 4889 ὀφείλεις
3443 4806 3840 4879 προσέρχεσθαι

2276 4906 2531 4972 πώποτε;
2559 4906 2591 4975 ἦ
2634 4906 2721 4958 ἴνα
2751 4902 2993 4975 ἀπέλθῃς
3020 4902 3100 4965 εἰς
3136 4900 3379 4971 Ῥώμην,
3411 4900 3507 4954 καὶ
3534 4899 3698 4969 εῐπῃς
3728 4897 3842 4955 ταῖς

2275 4999 2540 5068 γυναιξὶν,
2562 4999 2644 5051 ὅτι
2691 4996 2944 5067 Ἑώρακα
2984 4995 3281 5066 Ἀρσένιον,
3311 4996 3406 5048 καὶ
3435 4993 3721 5063 ποιήσουσι
3748 4988 3843 5057 τὴν

2277 5092 2554 5145 θάλασσαν
2601 5090 2741 5154 ὁδὸν,
2780 5086 3057 5156 γυναικῶν
3103 5085 3415 5157 ἐρχομένων
3449 5084 3589 5155 πρός
3624 5098 3734 5152 με;
3779 5077 3843 5131 Ἦ

2277 5184 2334 5237 δὲ
2378 5176 2564 5235 εἶπενο
2620 5181 2745 5234 Ἐὰν
2793 5180 2923 5251 θέλῃ
2964 5178 3188 5249 Κύριος,
3218 5178 3318 5232 οὐκ
3348 5176 3472 5247 ἀφῶ
3516 5193 3641 5230 τινα
3672 5173 3842 5228 ἐλθεῖν

1913 5295 2144 5351 VARle
2184 5290 2561 5349 LECTIONES

681 5396 710 5460 ξ
746 5384 851 5460 Vit.
881 5383 994 5460 PP.
1053 5404 1070 5436 ι
1114 5384 1249 5440 Cum
1286 5384 1673 5453 festinatione;
1731 5402 1857 5444 cum
1909 5389 2297 5460 indignatione.
2343 5406 2361 5439 ι
2437 5384 2469 5426 ἀ
2500 5384 2673 5441 Cotel.
2706 5384 3110 5455 φιλοφρονήσας
3136 5380 3354 5445 αὐτούς.

620 5457 637 5494 ί
672 5456 843 5511 Cotcl.
882 5456 1001 5507 ἕνα.

3453 5392 3477 5421 ο
3507 5380 3687 5437 Cotel.
3726 5380 3834 5433 lvd.

2110 5567 2346 5627 NOTAS.

681 5667 793 5741 (59)
837 5668 907 5720 De
948 5667 1130 5792 Mogse
1170 5687 1197 5726 ο
1240 5668 1450 5725 latrone
1498 5682 1763 5725 converso
1810 5667 1917 5738 agit
1967 5666 2169 5725 Comm.

681 5754 765 5792 av.
798 5754 951 5792 num.
982 5739 1017 5791 Ξ
1058 5775 1072 5791 .

607 5736 951 5805 m’amnum.
982 5736 1072 5792 38.

2352 5663 2463 5731 (60)
2504 5661 2611 5716 Res
2638 5662 2755 5716 haec
2786 5668 2933 5731 gesta
2961 5657 3295 5731 narraturi"
3338 5655 3439 5711 Vit.
3478 5653 3714 5731 I’_P_._lib.
3745 5663 3836 5715 vn,

2280 5726 2398 5805 cap.
2437 5726 2520 5798 l8,
2555 5749 2705 5788 num.
2740 5726 2812 5799 ἓξ
2836 5740 2889 5788 et
2919 5730 3062 5801 apud
3093 5728 3329 5786 Coteler.
3357 5742 3483 5797 pag.
3515 5726 3640 5783 568.
