4018 6304
219 350 322 417 861
835 351 1117 411 ORATIO
1152 351 1290 411 XII.
1321 378 1388 388 --
1424 350 1804 412 LAUDATIO
1842 350 1902 410 S.
1941 350 2255 409 ARSENII
2291 349 2834 411 ANACHORETEE.
3367 358 3475 422 862

217 436 324 494 ὧδε
350 456 362 469 ·
384 439 498 492 ἀλλ’
537 437 699 508 εὔχου
733 439 871 508 ὑπὲρ
904 438 1061 508 ἐμοῦ,
1095 440 1188 490 καὶ
1220 439 1524 508 μνημόνευέ
1553 457 1653 508 μου
1682 439 1791 490 δια-

1906 446 2034 489 tam.
2067 438 2164 491 Ast
2219 453 2313 491 ora
2346 453 2443 506 pro
2477 454 2584 504 me,
2635 454 2957 508 semperque
3000 442 3108 496 mei
3149 446 3473 503 memoriam

219 531 447 591 παντός.
494 531 555 582 '0
593 530 649 581 δέ
682 532 1020 598 ἀποκριθεὶς,
1057 528 1210 584 εἶπεν
1250 533 1406 600 αὐτῇ.
1443 529 1685 599 Εύχομαι
1717 529 1791 597 τῷ

1900 527 2059 582 habe.
2110 529 2214 593 Qui
2249 530 2604 599 respondens,
2641 531 2776 583 dixit
2811 533 2926 584 illi:
2972 532 3157 588 Orabo
3186 534 3377 601 Deum,
3411 549 3473 594 ut

217 624 362 692 Θεῷ,
396 623 485 675 ἵνα
527 621 817 691 ἐξαλειφθῇ
856 622 917 674 τὸ
952 623 1294 693 μνημόσυνόν
1326 639 1417 674 σου
1451 623 1515 674 ἐκ
1543 622 1640 689 τῆς
1678 622 1795 673 δια-

217 717 373 776 νοξας
415 732 538 784 μου.
578 713 765 766 Ταῦτα
792 713 1088 777 ἀκούσασα,
1125 715 1350 782 ἐξῆλθεν
1389 712 1793 783 τεταραγμένη.

219 809 336 859 Καὶ
362 807 437 869 ὡς
463 801 628 875 ἦλθεν
655 805 736 867 είς
757 803 854 873 τὴν
879 805 1053 869 πόλιν,
1076 806 1181 858 ἀπὸ
1213 805 1385 874 λύπης
1409 803 1565 857 ἔϐαλε
1596 805 1796 873 πυρέτ-

217 916 357 950 τειν.
389 899 498 949 Ka‘t
527 896 805 967 ἀνηγγέλη
832 895 910 965 τῷ
937 896 1115 966 πάπᾳ,
1165 897 1247 948 ὅτι
1283 895 1517 948 ἀσθενεῖ.
1564 896 1675 948 Kal
1704 895 1792 948 ἐλ-

217 989 337 1040 θὼν
367 989 506 1056 πρὸς
545 986 741 1056 αὐτὴν,
770 986 1068 1054 παρεκάλει
1099 985 1290 1053 μαθεῖν
1314 985 1366 1036 τί
1399 987 1567 1045 ἐστιν,
1597 984 1626 1036 6
1657 984 1790 1052 ἔχει.

227 1080 296 1130 'H
327 1080 383 1132 δὲ
407 1075 562 1130 εἶπεν
594 1076 743 1146 αύτῷ
760 1093 773 1107 ·
800 1072 924 1128 Εἴθε
951 1076 1023 1146 μὴ
1052 1076 1339 1145 ἀπήντησα
1364 1070 1466 1128 ὦδε
1492 1092 1506 1108 ·
1535 1072 1662 1126 εἶπα
1688 1075 1793 1144 γάρ

213 1170 302 1238 τῷ
334 1170 591 1238 γέροντι·
643 1167 964 1236 Μνημόνευέ
1016 1183 1156 1234 μου·
1192 1166 1287 1217 καὶ
1344 1163 1467 1218 εἶπέ
1517 1183 1644 1235 μοι,
1710 1166 1794 1217 ὅτι

217 1257 474 1326 Εὖχομαι
507 1255 586 1324 τῷ
611 1254 749 1323 Θεῷ,
787 1254 872 1306 ἵνα
903 1252 1193 1322 ἐξαλειφθῇ
1221 1253 1283 1304 τὸ
1316 1251 1662 1321 μνημόσυνόν
1698 1266 1791 1301 σου

218 1350 290 1400 ἐκ
344 1347 445 1414 τῆς
483 1344 723 1406 διανοίας
777 1360 898 1413 μου.
932 1343 1041 1396 Kal.
1085 1343 1192 1396 ίδοὺ
1222 1341 1333 1409 ἐγὼ
1360 1339 1686 1409 ἀποθνήσκω
1728 1341 1792 1390 ἐκ

213 1437 321 1504 τῆς
358 1435 556 1503 λύπης.
601 1435 709 1486 Kal
743 1433 892 1500 λέγει
931 1434 1068 1503 αὐτῇ
1111 1435 1139 1485 6
1176 1430 1621 1502 ἀρχιεπίσκοπος.
1677 1429 1791 1481 Οὐκ

215 1523 369 1587 οἶδας
396 1526 478 1578 ὃτι
515 1524 652 1593 γυνὴ
681 1519 751 1589 εἶ,
779 1526 871 1577 καὶ
899 1525 926 1575 6
955 1522 1144 1592 ἐχθρὸς
1167 1520 1407 1582 διάϐολος
1442 1519 1530 1571 διά
1558 1517 1666 1570 τῶν
1690 1534 1789 1584 γυ-

215 1617 428 1669 ναικῶν
458 1615 687 1684 πολεμεῖ
732 1616 858 1676 τοὺς
889 1614 1110 1681 ἀγίους;
1150 1612 1259 1665 Kal.
1294 1611 1379 1664 διὰ
1402 1609 1560 1661 τοῦτο
1586 1603 1735 1661 εἶπεν
1763 1608 1791 1660 6

215 1709 405 1776 γέρων
425 1723 438 1736 ·
489 1707 618 1774 περὶ
647 1707 752 1775 γὰρ
779 1707 876 1774 τῆς
901 1705 1077 1774 ψυχῆς
1104 1722 1195 1756 σου
1234 1703 1451 1772 εὔχεται
1477 1701 1787 1763 διαπαντός.

1896 621 2157 674 memoria
2211 622 2285 673 tui
2352 621 2595 674 deleatur
2623 640 2688 676 ex
2727 625 2910 677 animo
2967 640 3108 679 meo.
3167 625 3291 682 Haec
3342 646 3467 684 cum

1896 710 2177 774 audiisset,
2208 713 2377 765 exivit
2403 714 2750 766 conturbata.
2797 715 2971 783 Atque
3003 726 3058 768 ut
3088 720 3337 785 pervertit
3373 722 3466 775 ~ad

1896 799 2195 863 civitatem,
2242 817 2351 869 prae
2401 802 2615 855 tristitia
2663 804 2716 856 in
2770 804 2962 857 febrim
2998 807 3229 862 incidit:
3264 825 3465 863 renun-

1898 888 2205 958 tiatumque
2250 902 2331 946 est
2363 907 2512 961 papa:
2536 893 2666 963 (6i),
2694 896 2835 964 quod
2860 907 3183 965 aegrotaret;
3223 901 3315 969 qui
3342 917 3462 954 eam

1895 981 2156 1038 accedens
2225 984 2447 1050 rogabat
2513 986 2798 1041 certiorem
2828 1003 2885 1042 se
2914 990 3082 1053 reddi,
3129 1006 3238 1060 quo
3276 994 3466 1048 morbo

1901 1069 2191 1126 laboraret.
2276 1073 2520 1144 Subjecit
2564 1075 2700 1130 illa:
2760 1075 2972 1132 Utinam
3033 1097 3308 1149 nunquam
3359 1084 3466 1138 huc

1894 1162 2197 1217 venissem!
2228 1166 2338 1219 dixi
2368 1168 2568 1221 etenim
2604 1167 2732 1222 Seni
2761 1187 2776 1226 :
2809 1170 3125 1226 Memoriam
3159 1173 3264 1227 mei
3301 1174 3462 1241 habe,

1893 1263 1946 1306 et
1976 1255 2256 1324 respondit
2284 1276 2296 1310 :
2346 1253 2522 1312 Orabo
2560 1256 2754 1323 Deum,
2785 1269 2842 1313 ut
2884 1263 3145 1316 memoria
3179 1266 3252 1317 tui
3282 1264 3462 1318 delea-

1891 1351 1979 1395 tur
2041 1358 2109 1397 ex
2159 1344 2339 1399 animo
2382 1362 2521 1400 meo.
2572 1345 2638 1400 Et
2681 1363 2804 1402 ecce
2831 1350 3031 1404 morior
3058 1366 3157 1421 ego
3197 1368 3305 1421 prae
3365 1353 3463 1407 tri-

1889 1433 2059 1497 stitia,
2099 1432 2334 1487 Rursum
2384 1438 2826 1506 archiepiscopus
2864 1458 2878 1493 :
2937 1439 3051 1494 Non
3098 1445 3261 1506 nosti,
3316 1445 3462 1513 quod

1890 1523 2087 1576 mulier
2144 1523 2241 1587 sis,
2283 1534 2336 1578 ct
2380 1526 2524 1593 quod
2577 1527 2750 1582 hostis
2799 1530 3051 1586 diabolus
3079 1547 3172 1600 per
3202 1535 3460 1590 mulieres

1891 1613 2166 1684 impugnet
2227 1619 2481 1671 sanctos!
2519 1618 2688 1687 idque
2732 1620 2853 1674 ideo
2883 1621 3019 1676 dixit
3060 1623 3233 1678 Senex
3272 1643 3286 1677 :
3332 1640 3459 1680 nam

1891 1718 1988 1771 pro
2037 1705 2219 1758 anima
2265 1716 2354 1760 tua
2381 1707 2601 1762 assidue
2648 1720 2789 1763 orat.
2819 1710 2884 1763 Et
2929 1712 3007 1766 sic
3037 1728 3192 1767 mens
3226 1713 3345 1781 ejus
3377 1729 3461 1769 re-

217 1771 334 1851 Kal
361 1797 534 1859 οὕτως
557 1771 896 1867 ἐθεραπεύθη
916 1771 949 1847 ’ὁ
971 1771 1227 1864 λογισμὸς
1258 1771 1446 1862 αὐτῆς,
1470 1793 1564 1845 καὶ
1583 1789 1791 1860 ἀπῆλθε

1895 1805 2074 1849 creata
2107 1805 2222 1864 est;
2252 1808 2304 1850 et
2333 1813 2458 1853 cum
2489 1801 2686 1870 gaudio
2715 1801 2962 1857 discessit
2990 1802 3054 1856 ad
3081 1771 3296 1873 propria
3319 1805 3456 1873 (62).

223 1890 366 1958 μετά
396 1889 574 1957 χαρᾶς
613 1889 693 1949 είς
731 1888 798 1938 τὰ
830 1886 955 1941 ἴδια.
1009 1887 1073 1938 'H
1111 1887 1208 1955 μὲν
1235 1880 1328 1938 οὖν
1368 1884 1588 1955 ἡσυχία,
1637 1884 1792 1955 καὶὴ

217 1980 532 2050 ἀπάντησις
559 1978 782 2049 τοιαύτη
809 1977 902 2030 τοῦ
951 1975 1254 2044 Ἀρσενίου.

823 2089 1072 2142 ΚΕΦΑΛ.
1115 2087 1189 2140 Β’.

1895 1882 1962 1940 Ει
2034 1887 2159 1942 talis
2225 1891 2442 1959 quidem
2505 1892 2718 1946 Arsenii
2770 1907 3019 1949 secessus
3071 1902 3126 1949 et
3182 1909 3448 1951 occursus

1895 1975 2018 2032 fuit.

2506 2091 2731 2149 CAPUT
2769 2093 2832 2149 ll.

239 2207 456 2260 Donum
489 2203 744 2257 orationis
774 2209 820 2254 et
852 2203 1236 2272 lacrymarum;
1273 2201 1485 2281 vigiliae,
1528 2201 1860 2281 documenta,
1904 2201 2055 2281 labor
2083 2219 2377 2281 manuumi
2419 2208 2783 2276 mortiﬁcatio,
2822 2218 3140 2278 paupertas;
3172 2210 3460 2281 disciputo-

1181 2288 1296 2322 rum
1330 2272 1591 2337 dimissio,
1623 2281 1672 2324 et
1714 2270 2003 2337 adniissio;
2029 2275 2222 2326 reditus
2249 2277 2302 2327 in
2334 2275 2523 2331 Troen.

294 2398 386 2460 ιγ’.
423 2389 602 2458 Εύχῆς
634 2386 689 2438 δὲ
720 2386 812 2438 κα)¹
839 2385 1332 2456 ταπεινοφροσύνης
1361 2386 1547 2454 χάρισι
1579 2385 1661 2448 τίς
1695 2387 1779 2438 οὓ-

219 2502 330 2546 τως
369 2482 745 2548 ἐκεκόσμητο;
800 2479 911 2531 Καί
964 2495 1049 2540 τις
1100 2479 1199 2547 μὲν
1250 2478 1458 2549 μάρτυς
1501 2481 1528 2530 6
1565 2479 1790 2546 ἀδελφὸς

221 2579 454 2638 ἐκεῖνος,
485 2574 513 2623 6
546 2569 872 2640 παραϐαλὼν
893 2570 950 2622 ὲν
979 2569 1055 2639 τῷ
1091 2569 1284 2638 κελλίῳ
1313 2568 1406 2622 τοῦ
1438 2569 1708 2638 γέροντος,
1733 2570 1791 2633 ὃς

223 2664 482 2737 προσχὼν
516 2662 602 2714 διὰ
627 2662 720 2730 τῆς
749 2661 960 2731 θυρίδος
1000 2660 1165 2725 ἔνδον,
1205 2660 1400 2727 θεωρεῖ
1443 2661 1531 2712 τὸν
1563 2660 1793 2729 γέροντα

221 2759 344 2810 ελον
378 2756 452 2816 ὡς
485 2753 612 2822 πῦρ.
647 2747 750 2804 Ἦν
783 2753 875 2804 xal
906 2752 1053 2817 ἄξιος
1077 2753 1104 2803 6
1124 2751 1355 2818 ’ἁδελφὸς
1382 2750 1475 2803 τοῦ
1508 2751 1649 2802 ἰδεῖν.
1684 2752 1795 2804 Kal

223 2851 295 2911 ὡς
330 2847 614 2916 ἔκρουσεν,
651 2843 872 2914 ἐξῆλθεν
919 2845 947 2895 6
982 2844 1158 2912 γέρων
1182 2859 1195 2872 ⁸
1231 2843 1324 2894 καὶ
1370 2841 1491 2894 ἰδὼν
1521 2841 1612 2893 τὸν
1645 2841 1796 2894 ἀδελ-

222 2939 323 3005 φὸν
386 2935 681 3005 ἔκθαμϐον,
733 2934 880 3003 λέγει
930 2933 1105 3005 αύτῷ·
1169 2934 1354 3001 Ἔχεις
1404 2931 1601 3001 πολλὴν
1644 2931 1793 3001 ὥραν

1956 2386 2048 2442 13.
2087 2387 2206 2442 Jam
2232 2405 2359 2445 vero
2384 2392 2507 2461 quis
2535 2393 2796 2451 orationis
2814 2402 2867 2450 et
2891 2395 3214 2452 humilitatis
3241 2397 3457 2454 dotibus

1894 2477 2145 2530 ornatior
2180 2478 2271 2531 illo
2329 2481 2574 2535 exstitit?
2618 2483 2785 2552 Cujus
2833 2485 3050 2553 quidem
3085 2488 3160 2541 rei
3193 2490 3346 2543 testis
3376 2499 3459 2545 est

1893 2566 2057 2621 frater
2113 2568 2222 2632 ille,
2258 2570 2349 2636 qui
2392 2571 2459 2625 ad
2509 2573 2700 2626 cellam
2753 2575 2902 2628 senis
2940 2575 3240 2647 digressus,
3273 2589 3326 2633 et
3356 2581 3458 2633 ob-

1897 2671 2117 2711 servans
2147 2673 2243 2726 per
2270 2658 2562 2715 fenestram
2593 2677 2674 2724 ea,
2711 2678 2832 2732 qua:
2877 2665 3079 2719 ﬁebant
3116 2666 3289 2726 intus.
3312 2669 3460 2725 videt

1895 2759 2076 2798 senem
2127 2754 2322 2812 totum,
2378 2749 2534 2816 quasi
2590 2749 2768 2820 ignem
2828 2751 2905 2821 (et
2956 2767 3088 2807 sane
3117 2755 3316 2824 dignus
3341 2767 3459 2812 erat

1895 2833 2062 2889 frater
2105 2838 2207 2891 ista
2234 2839 2460 2908 videre).
2517 2840 2691 2895 Simul
2723 2851 2887 2908 atque
2912 2845 2957 2898 is
2988 2846 3244 2913 pulsavit,
3275 2863 3460 2916 egres-

1895 2942 1988 2981 sus
2011 2937 2094 2982 est
2120 2944 2306 2991 senex,
2341 2931 2640 3001 vidensque
2679 2931 2901 2987 fratrem
2940 2944 3162 3002 stupore
3194 2938 3456 3003 defixum,

223 3028 476 3098 κρούων;
527 3026 619 3097 Μή
661 3027 714 3078 τί
748 3042 877 3077 ποτε
908 3022 1047 3088 εἶδες
1091 3018 1226 3089 ὦδε;
1267 3023 1375 3076 Καὶ
1411 3020 1590 3075 εἶπεν·
1636 3018 1788 3092 Οὐχί.

1893 3019 2020 3073 dicit
2048 3023 2096 3074 ei
2135 3037 2148 3072 :
2184 3020 2266 3073 An
2301 3036 2330 3074 a
2375 3023 2547 3075 multo
2600 3031 2838 3091 tempore
2891 3025 3151 3093 pulsasti?
3190 3027 3458 3084 Numnam

223 3120 334 3173 Kal.
384 3117 629 3186 λαλήσας
669 3116 834 3184 αὐτῷ,
862 3115 1150 3168 ἀπέλυσεν.
1209 3116 1305 3177 Τὶς
1337 3115 1394 3166 δὲ
1427 3117 1455 3166 6
1488 3113 1675 3175 εἰπὼν,
1715 3115 1793 3165 ὅτι

222 3209 416 3278 ὥσπερ
457 3206 630 3268 οὐδεὶς
670 3205 762 3258 τοῦ
809 3206 1068 3257 παλατίου
1113 3206 1299 3275 ἐφόρει
1348 3205 1592 3274 βελτίονα
1630 3204 1793 3257 αὑτοῦ

223 3299 430 3368 ἐσθῆτα
480 3298 538 3349 ἐν
582 3299 690 3358 τοῖς
723 3296 1012 3366 βασιλείοις
1042 3296 1262 3364 διάγων,
1296 3295 1466 3355 οὕτως
1493 3296 1611 3346 οὐδὲ
1644 3297 1700 3346 ἐν
1728 3298 1792 3365 τῇ

224 3390 495 3460 ἐκκλησίᾳ
534 3390 634 3458 τῆς
681 3388 929 3456 Σκήτεως
960 3385 1391 3454 προσερχόμενος
1415 3383 1795 3449 εὐτελεστέραν

225 3480 388 3532 αὑτοῦ
422 3479 582 3541 ἄλλος
616 3478 901 3548 ὲφόρησεν.
937 3476 1066 3528 Ὅτε
1093 3477 1188 3528 καὶ¹
1215 3475 1369 3543 ἐδόθη
1402 3473 1532 3525 ποτὲ
1559 3474 1638 3534 εἰς
1663 3473 1796 3541 Σκῆ-

223 3588 306 3624 τιν
339 3571 480 3641 πρὸς
513 3571 669 3636 ὀλίγα
703 3568 933 3637 ίσχάδια,
968 3567 1064 3619 καὶ
1100 3565 1174 3628 ὠς
1208 3565 1370 3635 μηδὲν
1405 3563 1532 3617 ὄντα
1560 3565 1659 3617 οὑκ
1687 3565 1794 3616 ἀπ-

226 3662 466 3713 έστειλεν
497 3659 576 3729 τῷ
617 3656 895 3728 Ἀρσενίῳ,
924 3657 999 3718 ὡς
1023 3657 1110 3709 ἵνα
1145 3655 1220 3726 μὴ
1254 3655 1411 3724 ὓϐριν
1444 3655 1609 3728 πάθῃ.
1647 3654 1705 3707 '0
1739 3657 1794 3710 δὲ

224 3755 404 3820 γέρων
439 3750 676 3810 ἀκούσας
695 3790 710 3812 ,
745 3747 842 3799 οὐκ
873 3742 1034 3817 ἦλθεν
1065 3749 1142 3809 είς
1174 3746 1273 3818 τὴν
1303 3746 1539 3811 σύναξιν,
1584 3745 1755 3812 λέγων
1775 3762 1790 3777 ⁸

238 3835 568 3908 Ἥφορίσατέ
605 3854 693 3904 μοι
723 3834 816 3888 τοῦ
862 3832 936 3902 μὴ
963 3832 1143 3885 δοῦναί
1185 3850 1272 3902 μοι
1295 3833 1396 3900 τὴν
1426 3832 1694 3899 εὐλογίαν,
1728 3833 1793 3901 ἢν

227 3928 471 3997 ἐπεμψεν
493 3930 521 3979 6
547 3926 677 3987 Θεὸς
700 3927 810 3986 τοῖς
847 3923 1114 3990 ἀδελφοῖς,
1151 3925 1214 3993 ἢν
1247 3921 1346 3975 οὐκ
1372 3923 1489 3992 είμὶ
1520 3922 1665 3987 ἄξιος
1697 3922 1793 3974 λα-

227 4019 360 4070 ϐεῖν.
394 4020 504 4071 Καὶ
533 4019 770 4089 ηκουσαν
799 4017 1016 4077 πάντες,
1050 4013 1145 4065 καὶ
1187 4012 1547 4082 ὠφελήθησαν
1592 4013 1671 4074 είς
1694 4012 1794 4083 τὴν

226 4110 553 4160 ταπείνωσιν
610 4107 701 4159 τοῦ
758 4105 1032 4174 γέροντος,
1101 4105 1211 4156 Kal.
1260 4102 1512 4156 ἀπελθὼν
1571 4104 1599 4154 6
1662 4121 1792 4172 πρεε-

228 4196 487 4268 σὸύτερός
543 4196 748 4264 ἤγαγεν
795 4195 954 4248 αὑτὸν
997 4195 1076 4256 είς
1116 4193 1214 4263 τὴν
1259 4191 1476 4256 σύναξιν
1517 4193 1652 4262 μετὰ
1691 4211 1790 4262 χα-

228 4288 345 4356 ρᾶς.

297 4461 377 4515 ιδ’.
412 4461 489 4514 Τὸ
517 4461 574 4513 δὲ
612 4459 873 4532 διερωτᾷν
903 4460 1086 4524 αὑτὸν,
1124 4463 1216 4515 καὶ
1248 4463 1322 4534 μὴ
1362 4467 1589 4534 στοιχεῖν
1619 4465 1679 4516 έν
1715 4464 1791 4535 τῷ

235 4551 346 4620 ίδίῳ
377 4551 589 4620 σκοπῷ,
621 4553 679 4603 ού
708 4551 1088 4614 ταπεινώσεως
1110 4556 1305 4621 ἕργον;
1337 4556 1540 4625 καίπερ
1571 4557 1791 4623 γνώσει,

232 4642 324 4692 καὶ
352 4644 570 4694 συνέσει
613 4643 703 4693 καὶ
731 4644 891 4712 σοφίᾳ
922 4643 1408 4712 κατηγλαῖσμένος.
1433 4647 1622 4701 Τοίνυν
1657 4667 1792 4701 πυν-

232 4729 527 4802 θανόμενον
556 4733 715 4785 αὐτόν
740 4734 867 4785 ποτέ
890 4751 1009 4786 τινα
1033 4734 1329 4799 Αἰγύπτιον
1355 4738 1482 4806 περὶ
1509 4740 1616 4791 τῶν
1649 4740 1794 4792 ίδίων

233 4818 524 4892 λογισμῶν,
576 4821 699 4874 ίδὼν
743 4823 902 4874 αὑτὸν
941 4822 1125 4892 ἕτερος
1163 4827 1270 4878 τῶν
1304 4827 1566 4895 ἀδελφῶν,
1603 4825 1789 4881 εἶπεν·

243 4909 408 4971 ’Δὸϐᾶ
447 4913 714 4985 Ἀρσένιε,
757 4915 873 4978 πῶς
919 4915 1186 4985 τοσαύτην
1227 4919 1509 4972 παίδευσιν
1556 4921 1793 4990 Ῥωμαῖ-

1895 3109 2098 3177 aliquid
2133 3109 2218 3164 hic
2249 3111 2474 3165 vidisti?
2516 3110 2619 3177 Qui
2649 3114 2785 3166 dixit
2816 3132 2830 3167 :
2863 3113 3240 3186 Nequaquam.
3269 3117 3335 3172 Et
3372 3119 3458 3187 ip-

1894 3214 2014 3252 sum
2065 3200 2351 3264 allocutus,
2411 3202 2625 3256 dimisit
2673 3204 2914 3272 (65-64).
2972 3207 3096 3262 Fuit
3151 3211 3243 3277 qui
3299 3211 3458 3276 dixit,

1893 3288 2057 3357 quod,
2089 3289 2229 3341 sicut
2261 3305 2418 3343 nemo
2447 3291 2500 3344 in
2541 3293 2739 3361 palatio
2770 3304 3004 3364 gestaret
3037 3298 3458 3364 splendidiorem

1894 3389 2120 3445 vestem,
2157 3397 2321 3449 quam
2353 3383 2491 3450 ipse.
2529 3386 2750 3452 quando
2779 3386 3007 3454 degebat
3039 3390 3090 3442 in
3135 3391 3253 3443 aula
3297 3392 3462 3460 impe-

1893 3474 2123 3539 ratoris;
2151 3475 2230 3528 sic
2263 3491 2424 3529 nemo
2457 3492 2566 3545 pra:
2613 3479 2729 3546 ipso
2764 3479 2906 3533 alius
2939 3483 3162 3549 gestarit
3189 3483 3458 3548 viliorem,

1892 3572 2175 3630 postquam
2199 3565 2263 3617 ad
2296 3573 2498 3619 emtum
2542 3565 2781 3621 Sceticos
2811 3570 3136 3624 accessisset
3161 3572 3270 3640 (65)
3322 3574 3460 3628 Cum

1891 3653 2180 3721 aliquando
2209 3654 2261 3707 in
2294 3655 2436 3709 Sceti
2469 3656 2713 3724 paucula:
2742 3657 2935 3711 caricae
2967 3659 3447 3728 distribuerentur;

1890 3757 1983 3798 eas
2040 3753 2297 3812 tanquam
2351 3761 2435 3799 res
2486 3745 2642 3798 nihili
2688 3747 2915 3800 Arsenio
2947 3762 3050 3801 non
3084 3749 3365 3815 miserunt,
3401 3764 3460 3806 ut

1892 3849 1960 3888 ne
2017 3833 2212 3900 injuria
2257 3834 2578 3889 afficeretur.
2617 3836 2736 3901 Quo
2794 3837 3002 3904 audito,
3061 3853 3168 3892 non
3219 3843 3362 3895 venit
3390 3845 3459 3898 ad

1891 3925 2173 3979 collectam
2235 3941 2421 3992 senex,
2476 3926 2707 3980 dicens:
2764 3925 3102 3997 Segregastis
3163 3946 3286 3996 me,
3349 3949 3458 3989 non

1891 4015 2070 4068 dando
2109 4015 2238 4068 mihi
2288 4016 2556 4084 eulogiam
2593 4016 2726 4084 (66),
2781 4032 2943 4084 quam
2985 4018 3134 4072 misit
3165 4018 3308 4074 Deus
3341 4020 3456 4076 fra-

1892 4104 2106 4168 tribus;
2148 4119 2308 4171 quam
2344 4119 2451 4157 non
2485 4118 2606 4157 sum
2645 4105 2846 4174 dignus
2875 4107 3144 4175 accipere.
3177 4107 3242 4162 Et
3275 4111 3461 4165 audie-

1892 4203 2021 4247 runt
2053 4209 2264 4256 omnes,
2294 4193 2655 4262 aadiﬁcatique
2697 4204 2824 4251 sunt
2868 4196 2921 4249 in
2953 4195 3262 4251 humilitate
3287 4202 3457 4257 senis.

1893 4286 1960 4339 Et
1998 4286 2186 4341 abiens
2217 4285 2498 4355 presbyter
2527 4284 2639 4357 (67)
2666 4288 2825 4342 duxit
2863 4289 3039 4359 ipsum
3073 4289 3140 4344 ad
3174 4292 3458 4349 collectam

1822 4375 1863 4428 D
1892 4392 2016 4430 cum
2043 4377 2257 4446 gaudio.

1967 4468 2052 4519 Η.
2095 4469 2173 4521 Ad
2224 4469 2358 4535 haec,
2422 4470 2566 4538 quod
2631 4471 2988 4540 interrogaret
3039 4471 3195 4537 alios,
3248 4489 3460 4544 suoque

1888 4557 2205 4626 neutiquam
2235 4558 2503 4612 arbitratu
2530 4559 2874 4626 procederet,
2915 4575 3093 4614 nonne
3132 4561 3458 4619 humilitatis

1894 4656 1976 4700 est
2002 4647 2181 4714 opus?
2224 4648 2437 4701 tametsi
2471 4648 2686 4710 notitia,
2723 4648 3075 4717 intelligentia
3102 4663 3169 4703 ac
3192 4651 3458 4719 sapientia

1895 4737 2283 4792 ornatissimus
2310 4736 2469 4792 foret.
2526 4737 2661 4791 Dum
2717 4738 2902 4806 itaque
2938 4739 3176 4805 quodam
3215 4750 3459 4809 tempore

1893 4826 2208 4896 Egyptium
2273 4830 2510 4898 aliquem
2573 4837 2987 4896 percontaretur
3010 4829 3077 4883 de
3122 4831 3462 4898 cegitationi-

1891 4919 1993 4974 bus
2019 4919 2158 4983 suis,
2187 4921 2327 4977 alius
2352 4922 2571 4991 quidam
2603 4922 2833 4975 fratrum
2879 4921 3057 4990 ipsum
3085 4923 3458 4992 conspicatus,

1730 5051 1966 5107 ΝΟΤᾹΞ.

300 5159 411 5235 (61)
448 5161 544 5235 Ἰξῷ
565 5160 842 5235 πάπᾳ.]ιο
863 5172 1086 5220 vocatus
1108 5165 1209 5235 fuit
1225 5167 1532 5235 patriarcha
1557 5168 1789 5221 Alexan-

233 5225 450 5305 drinus._
479 5225 708 5305 V'idesis'
734 5231 1062 5305 Glossarium
1101 5225 1342 5289 Graecum
1386 5237 1599 5305 Cangii.
1630 5237 1789 5291 Cote-

234 5292 537 5376 lerl.MII_ab§_l_
572 5300 936 5376 rqi-jtaxa_pltp
976 5304 1216 5374 Θεοφίλῳ
1247 5306 1322 5374 τῷ
1354 5292 1784 5376 ἀρχιέπισκόπῳ.

303 5365 441 5444 (62)-
475 5369 582 5423 Vit.
621 5365 756 5444 ’I‘P.
786 5365 924 5444 _li'b.'_
954 5386 1036 5434 ιιι,
1083 5365 1204 5442 pag:
1254 5365 1479 5439 5ll,'8t
1517 5376 1685 5431 libell.
1729 5365 1786 5444 ὲ,

239 5448 383 5510 ιιιιιιιΣ
413 5439 441 5510 7
473 5458 486 5493 :
522 5440 1010 5510 etapudhCoteler.
1043 5439 1177 5510 pag:
1198 5445 1320 5498 560.

302 5503 507 5575 (65-65)
555 5503 663 5560 Vit.
701 5506 816 5562 PP.
859 5510 954 5563 lib.
988 5503 1242 5574 vflibell.
1288 5515 1372 5580 18,
1410 5529 1561 5568 ιιιιω.
1597 5514 1650 5579 t,
1674 5514 1781 5570 Co-

239 5571 383 5627 teler.
415 5593 534 5632 naa.
575 5577 699 5632 560.

261 5578 383 5627 eler.
415 5593 534 5631 naa.
575 5578 699 5631 560.

308 5593 383 5627 er.
415 5593 534 5645 pag.
575 5593 699 5632 sou.

305 5642 437 5722 (65)Δ
473 5647 578 5722 [ξι.
623 5646 762 5722 _PP.
799 5646 1048 5722 lib.__|_l_|,
1097 5666 1220 5722 pag.
1271 5653 1396 5721 506,
1454 5653 1621 5709 libell.
1683 5655 1777 5722 15,

240 5721 382 5769 num.
407 5715 460 5787 6,
483 5717 720 5774 Coteler.
754 5733 873 5790 pag.
904 5718 1025 5773 355.

1967 5170 2078 5241 (66)
2119 5173 2405 5241 Εύλογίαν.
2437 5171 2536 5228 llic
2559 5171 2796 5241 intellige
2815 5171 3053 5227 edulium
3084 5171 3458 5231 benedictione

1895 5243 2197 5297 sacerdotis
2245 5253 2648 5308 consecratum,
2686 5244 2831 5310 quod
2882 5253 3002 5310 post
3052 5241 3244 5296 Missas
3295 5245 3458 5300 alicui

1894 5311 2022 5365 dare
2077 5313 2159 5366 vel
2208 5314 2602 5374 transmittere,
2639 5321 2757 5366 erat
2794 5313 3009 5375 signum
3052 5314 3458 5369 communionis

1892 5390 1944 5434 et
1972 5383 2281 5450 charitatis,
2314 5383 2390 5435 uti
2427 5382 2630 5437 videsis
2659 5382 2802 5451 apud
2835 5380 3193 5451 Rosweydum
3221 5382 3275 5436 in
3310 5382 3458 5438 Ono-

1892 5464 2135 5505 ηιαδιιεο.

1960 5522 2072 5590 (67)
2111 5521 2347 5577 Cotelcr.
2381 5538 2503 5589 pag.
2534 5521 2638 5573 356
2675 5519 2866 5590 addit:
2909 5539 2926 5569 ι
2961 5519 3183 5575 Caricas
3219 5522 3269 5574 ei
3297 5522 3455 5576 detu-

1889 5589 1978 5657 lit;
2010 5610 2026 5640 ι
2049 5599 2102 5644 et
2135 5592 2238 5645 Vit.
2265 5590 2373 5644 PP.
2400 5592 2493 5644 lib.
2522 5606 2573 5656 v,
2595 5589 2759 5647 libell.
2790 5590 2877 5656 55,
2905 5606 3055 5644 ιιιιιιι.
3077 5591 3142 5646 8:
3171 5611 3187 5644 ι
3213 5590 3454 5648 Portavit

1886 5661 1933 5715 ei
1967 5661 2031 5717 de
2058 5663 2255 5718 caricis
2293 5661 2420 5716 illis.
2452 5683 2467 5712 ιι
