4018 6304
567 369 676 432 863

1760 365 1826 423 S.
1868 360 2259 422 THEODORI
2309 356 2652 418 ΞΤΠΒΙΤίΕ

3697 355 3806 420 864

565 479 741 534 dixit:
797 473 945 530 Abba
993 475 1208 541 Arseni,
1248 475 1525 545 quomodo
1553 483 1634 540 tu,
1671 474 1764 543 qui
1797 481 1948 527 tanta
1975 471 2124 526 vales

2231 466 2325 538 κήν
2354 469 2447 520 καὶ
2484 467 2803 540 Ἑλληνικὴν
2846 467 3227 537 ἐπιστάμενος,
3259 467 3446 521 τοῦτον
3475 467 3567 520 τὸν
3611 469 3804 538 ἀγροῖ-

564 571 868 626 eruditione
902 571 1140 623 Romana
1186 587 1249 624 ac
1272 570 1480 632 Grmca,
1516 578 1783 638 agrestem
1816 569 1976 622 istum
2011 581 2125 634 per-

565 663 812 718 contaris
864 663 929 715 de
980 663 1085 715 tuis
1113 661 1575 729 c0gitationibus?
1609 658 1710 714 Cui
1743 659 1930 711 beatus
1967 673 1981 710 :
2013 657 2122 711 Ro-

567 771 782 810 manam
826 754 1046 823 quidem
1080 764 1133 806 et
1161 753 1400 806 Grmcam
1444 753 1785 821 disciplinam
1815 750 1926 821 (68)
1958 751 2079 804 novi
2108 767 2122 815 ;

566 847 913 915 alphabetum
954 862 1082 899 vero
1107 845 1274 914 hujus
1318 847 1546 914 agrestis
1585 844 1812 899 necdum
1840 843 2024 898 didici.
2065 842 2128 896 Et

563 954 692 990 vero
714 938 967 1006 quidnam
997 948 1219 991 sanctus
1246 937 1516 1006 significat
1556 936 1659 990 hac
1695 935 1786 988 re?
1813 933 1986 1000 Quod,
2023 933 2127 988 nisi

563 1031 685 1097 quis
717 1045 809 1098 per
859 1045 1040 1081 veram
1089 1029 1445 1082 humilitatem
1495 1038 1619 1082 ante
1651 1028 1832 1082 omnia
1874 1027 2127 1095 alphabe-

563 1131 676 1174 tum
708 1121 899 1181 discat,
934 1121 985 1172 in
1017 1121 1270 1173 secundis
1311 1135 1516 1188 ponens
1560 1131 1817 1188 tanquam
1855 1118 1905 1172 in
1945 1133 2128 1172 acces-

563 1210 712 1264 sorio
764 1223 978 1262 omnem
1028 1208 1357 1261 mundanam
1410 1207 1730 1275 sapientiam
1760 1248 1774 1272 ,
1832 1207 2043 1261 etiamsi
2076 1207 2126 1259 in

564 1300 710 1354 omni
751 1300 1077 1354 exercitatus
1115 1300 1278 1352 fuerit
1308 1300 1616 1368 disciplina,
1657 1314 1840 1352 revera
1891 1298 2044 1352 rudis
2075 1307 2129 1352 et

565 1390 971 1445 indoctissimus
1002 1389 1093 1444 sit.
1127 1389 1324 1442 lterum
1358 1389 1540 1457 itaque
1582 1389 1932 1457 interrogavit
1959 1405 2081 1442 eum
2111 1407 2124 1442 :

561 1481 846 1546 Quomodo
873 1498 967 1536 nos
994 1497 1056 1535 ex
1083 1490 1228 1535 tanta
1255 1481 1559 1536 eruditione
1581 1489 1635 1535 et
1679 1481 1963 1549 sapientia,
1995 1480 2126 1533 nihil

562 1569 740 1642 [boni]
776 1571 1076 1637 habemus;
1136 1569 1374 1642 IEgypIii
1414 1583 1591 1625 autem
1635 1571 1720 1624 isti
1754 1579 1930 1624 tantas
1954 1571 2130 1639 possi-

561 1663 690 1716 dent
729 1663 996 1716 virtutes?
1053 1663 1364 1732 Respondet
1438 1661 1699 1716 Arsenius
1734 1679 1745 1714 :
1795 1660 1903 1715 Nos
1946 1677 2009 1715 ex
2042 1677 2131 1716 sa-

563 1755 762 1822 pientia
826 1754 1010 1808 mundi
1068 1755 1203 1808 nihil
1271 1755 1581 1808 habemus:
1631 1762 1713 1806 ast
1784 1753 1856 1806 illi
1894 1751 2126 1824 IEgyptii

560 1854 614 1899 et
657 1847 834 1900 idiota:
886 1859 956 1900 ex
1014 1844 1131 1900 suis
1179 1845 1456 1900 laboribus
1516 1853 1902 1912 compararunt
1962 1847 2131 1899 virtu-

559 1938 640 1985 tes
666 1931 801 2001 (69).

637 2023 722 2076 15.
761 2023 960 2076 Praeter
1002 2021 1382 2084 humilitatem,
1430 2037 1633 2091 pernox
1662 2025 1824 2078 etiam
1853 2032 1971 2078 erat
1999 2039 2126 2079 san—

561 2124 704 2176 ctus,
737 2123 979 2167 sant-tam
1005 2113 1210 2182 jugiter
1239 2112 1535 2182 lacrymam
1568 2129 1722 2168 suam
1751 2114 2085 2183 profundens
2112 2131 2126 2167 :

561 2203 712 2259 omni
761 2204 960 2272 quippe
1000 2212 1241 2271 tempore
1295 2203 1422 2257 vita:
1444 2218 1583 2268 sum,
1613 2219 1723 2274 quo
1757 2205 1823 2259 ad
1850 2220 1986 2273 opus
2010 2220 2130 2258 ma-

563 2310 735 2348 nuum
766 2295 1007 2356 sedebat,
1040 2309 1280 2361 pannum
1317 2295 1570 2364 gestabat
1618 2296 1672 2349 in
1704 2297 1826 2351 sinu
1860 2297 2130 2367 lacryma-

565 2403 683 2440 rum
712 2403 900 2452 causa,
935 2401 999 2439 ex
1026 2385 1204 2441 oculis
1245 2386 1364 2456 ejus
1392 2388 1702 2442 cadentium
1740 2389 1875 2457 (70).
1906 2390 1984 2442 Ad
2016 2390 2129 2444 haec

565 2481 740 2533 inerat
765 2479 866 2546 ipsi
906 2478 1212 2546 vigiliarum
1250 2482 1422 2546 gratia
1474 2493 1640 2548 supra
1672 2495 1834 2548 quam
1870 2480 1975 2533 dici
2009 2496 2128 2549 pns-

564 2568 656 2623 sit.
689 2567 993 2636 Aliquando
1027 2567 1191 2636 igitur
1219 2567 1430 2620 vocavit
1460 2563 1575 2637 (71)
1606 2567 1855 2622 abbatem
1889 2569 2129 2622 Alexan—

564 2660 720 2713 drum
778 2673 843 2713 ac
895 2657 1127 2722 Zoilum,
1183 2658 1487 2725 discipulos
1549 2674 1698 2722 suos,
1736 2675 1903 2729 seque
1954 2661 2128 2728 ipsum

566 2747 878 2813 humilians,
914 2748 1092 2802 dixit:
1137 2746 1585 2816 Quandoquidem
1632 2748 1907 2804 daemones
1953 2750 2130 2817 impu-

563 2849 731 2909 guant
757 2854 862 2903 me,
910 2853 974 2894 ac
1008 2838 1194 2893 nescio
1219 2854 1286 2893 an
1327 2839 1381 2893 in
1416 2853 1609 2894 somno
1641 2841 1772 2895 mihi
1796 2842 2128 2910 subrepant;

565 2941 776 2982 noctem
813 2930 952 2984 hanc
1008 2929 1224 2998 vigilate
1276 2943 1513 2991 mecum,
1553 2939 1607 2984 et
1652 2931 1962 2994 observate,
1999 2947 2128 2985 num

564 3019 619 3072 in
649 3018 928 3087 pervigilio
948 3018 1257 3071 dormitem.
1293 3018 1459 3086 Igitur
1486 3032 1515 3071 a
1554 3019 1861 3084 vespertino
1893 3027 2132 3083 tempore

566 3108 824 3162 sederunt
876 3108 1056 3173 taciti,
1097 3122 1236 3161 unus
1266 3122 1294 3160 a
1338 3107 1542 3160 dextris
1590 3107 1755 3169 illius,
1782 3108 1917 3162 alter
1945 3123 1974 3161 a
2000 3109 2131 3162 sini-
2160 3138 2200 3192 ο

565 3198 692 3250 stris
726 3215 739 3251 :
798 3206 851 3252 et
889 3197 1023 3251 dixit
1068 3207 1326 3266 uterque:
1371 3195 1483 3252 Nos
1513 3198 1893 3262 dormivimus,
1922 3205 1976 3250 et
2004 3212 2130 3252 sur-

566 3289 830 3353 reximus,
891 3304 1063 3358 neque
1121 3289 1395 3344 sensimus
1440 3305 1563 3344 eum
1621 3291 1944 3345 nictantem.
1979 3290 2132 3345 Mane

571 3388 750 3431 autem
779 3376 943 3443 (Deos
979 3378 1126 3430 novit
1159 3389 1335 3432 utrum
1369 3380 1484 3447 ipse
1513 3380 1805 3444 simularit,
1836 3395 1945 3448 quo
1986 3392 2134 3448 puta-

568 3483 771 3531 remus,
795 3468 968 3536 ipsum
985 3468 1402 3531 dorntituriisse,
1423 3485 1516 3524 seu
1537 3485 1603 3522 an
1624 3471 1883 3525 naturalis
1907 3486 2131 3524 somnus

569 3573 696 3611 vere
743 3559 793 3610 ei
831 3558 1155 3625 obrepserit)
1198 3568 1279 3612 ter
1317 3561 1482 3623 (lavit,
1520 3575 1583 3613 ac
1617 3576 1738 3614 mox
1769 3562 2023 3625 surrexit,
2052 3561 2132 3615 di-

566 3661 741 3702 oens:
796 3647 1146 3701 Dormiturivi
1193 3650 1335 3702 enim
1394 3666 1541 3705 vero.
1603 3651 1666 3705 Et
1711 3656 2126 3721 respondimus:

565 3737 678 3792 Nos
709 3741 1001 3793 nescimus.
1036 3738 1301 3793 Catterum
1334 3751 1547 3794 noctem
1575 3741 1688 3811 (72)
1720 3751 1888 3796 totam
1923 3744 2127 3798 transi-

567 3830 726 3897 gebat
784 3831 909 3900 vigil
936 3848 950 3896 ;
1001 3840 1054 3883 et
1087 3832 1315 3899 quando
1347 3848 1527 3897 mane,
1556 3844 1748 3887 natura
1779 3835 1848 3887 ita
1885 3847 2127 3904 cogente,

570 3918 814 3972 veniebat
858 3919 1212 3981 dormiturus,
1258 3920 1470 3973 dicebat
1522 3936 1714 3975 somno
1756 3940 1769 3975 :
1829 3922 2127 3988 Adesdum,

567 4023 722 4062 serve
749 4023 980 4077 nequam
1009 4025 1023 4073 ;
1057 4009 1286 4077 adjuva;
1319 4011 1609 4078 somnique
1661 4012 1882 4080 paulum
1942 4029 2129 4081 carpe-

569 4099 680 4162 bat,
713 4099 931 4161 sedens,
953 4110 1007 4152 et
1027 4101 1208 4152 statim
1241 4101 1659 4169 expergeliebat.
1690 4100 1922 4171 Vespere
1950 4115 2128 4157 autem

570 4189 954 4253 Sabbatorum,
1001 4197 1284 4258 postquam
1310 4190 1420 4257 (73)
1455 4190 1800 4246 illncescebat
1829 4192 2127 4258 Dominica,

567 4277 882 4332 demittebat
937 4278 1106 4331 solem
1169 4289 1286 4346 post
1344 4293 1422 4343 se,
1473 4289 1529 4333 et
1576 4283 1898 4336 extendebat
1937 4298 2130 4337 manus

567 4382 698 4420 suas
727 4367 779 4418 itt
806 4367 1007 4420 ocelqu
1039 4381 1225 4430 orans,
1257 4368 1430 4420 donec
1462 4369 1653 4423 iterum
1688 4373 1769 4424 sol
1795 4370 1988 4425 faciem
2010 4371 2129 4439 ejus

2225 576 2318 610 κον
2348 558 2477 626 περὶ
2502 557 2610 610 τῶν
2653 558 2762 611 σῶν
2790 561 2998 630 ἐρωτᾷς
3020 559 3293 628 λογισμῶν
3315 576 3330 625 ;
3355 560 3463 611 Καὶ
3483 559 3513 610 ό
3535 561 3806 628 μακάριος

2225 649 2328 718 ἔφη
2352 665 2366 679 ⁸
2395 650 2512 718 Τὴν
2545 651 2641 719 μὲν
2680 650 2997 720 Ῥωμαϊκὴν
3027 650 3125 703 καὶ
3167 649 3489 719 Ἑλληνικὴν
3520 649 3806 701 παίδευσιν

2226 737 2475 806 ἵσταμαι,
2499 736 2589 788 τὸν
2612 737 2668 789 δὲ
2693 737 3000 807 ἀλφάὅητον
3021 736 3115 789 τοῦ
3145 738 3402 806 ἀγροίκου
3431 738 3626 790 τούτου
3651 736 3806 789 οῦπω

2229 826 2542 894 μεμάθηκα.
2574 825 2640 877 Τί
2703 825 2853 895 δηλοί
2912 827 2940 878 ὁ
2973 825 3124 892 ἅγιος
3181 828 3237 877 ἐν
3284 826 3492 894 τούτῳ;
3531 825 3654 877 Ὀτι
3701 826 3806 877 κᾶν

2227 919 2405 969 πᾶσαν
2447 917 2727 969 παίδευσιν
2851 935 2936 979 τις
2968 916 3306 987 ἐξησκηκὼς,
3348 919 3423 987 μὴ
3451 917 3550 987 τὴν
3589 916 3678 970 διά
3707 934 3804 970 τα·-

2228 1008 2534 1071 πεινὼσεως
2572 1007 2804 1078 ἀληθοῦς
2831 1009 3145 1079 ἀλφάὖητον
3177 1009 3236 1061 ἐν
3263 1008 3500 1080 πρώτοις
3535 1009 3718 1078 μάθοι,
3746 1009 3804 1059 ἐν

2234 1095 2472 1167 δευτέρῳ
2501 1098 2672 1158 τιθεὶς
2691 1099 2767 1161 ὼς
2788 1103 2845 1152 ἐν
2875 1101 3138 1170 παρέργῳ
3169 1101 3349 1154 πᾶσαν
3382 1099 3576 1167 σοφίαν
3611 1116 3804 1168 κοσμι-

2228 1187 2352 1256 κὴν,
2379 1189 2701 1252 ἀπαίδευτός
2733 1192 2849 1244 ἐστι
2877 1191 2955 1260 τῷ
2981 1191 3113 1254 ὄντι,
3141 1191 3232 1244 καὶ
3259 1190 3657 1260 ἀμαθέστατος.
3694 1191 3804 1243 ne-

2227 1277 2313 1330 λιν
2345 1275 2436 1331 οὖν
2463 1280 2815 1350 ἐπηρώτησεν
2839 1283 3019 1335 αὐτόν·
3059 1282 3181 1343 Πῶς
3203 1284 3364 1351 ἡμεῖς
3392 1280 3501 1335 ἀπὺ
3531 1282 3803 1351 τοσαύτης

2230 1370 2560 1434 παιδεύσεως
2616 1372 2710 1423 καὶ
2759 1372 2951 1439 σοφίας
3001 1373 3152 1426 οὐδὲν
3199 1373 3434 1444 ἔχομεν,
3463 1367 3611 1428 οὗτοι
3649 1373 3706 1426 δέ
3752 1374 3800 1424 oi

2229 1461 2513 1528 Αἰγύπτιοι
2541 1462 2808 1525 τοσαύτας
2837 1463 3035 1532 ἀρετάς
3062 1464 3352 1532 κέκτηνται
3376 1482 3389 1531 ;
3414 1464 3579 1532 Λέγει
3603 1463 3750 1533 αὐτῷ
3772 1466 3802 1516 ό

2242 1552 2514 1622 Ἀρσένιος
2534 1569 2548 1582 ·
2592 1553 2784 1622 Ἡμεῖς
2816 1555 2923 1606 ἀπὸ
2953 1555 3052 1623 τῆς
3092 1555 3184 1607 τοῦ
3217 1555 3425 1625 κόσμου
3463 1555 3802 1614 παιδεύσεως

2229 1644 2382 1696 οὐδὲν
2410 1645 2606 1713 ἔχομεν
2627 1661 2641 1675 ·
2675 1638 2819 1698 οὗτοι
2846 1645 2903 1697 δέ
2930 1647 2979 1698 ot
3015 1647 3301 1713 Αἰγύπτιοι
3336 1648 3432 1700 καὶ
3457 1646 3666 1701 ἰδιῶται
3695 1647 3803 1699 ἀπὺ

2234 1733 2380 1786 ἰδίων
2409 1735 2594 1786 κόπων
2623 1734 2924 1802 ἐκτήσαντο
2952 1737 3050 1799 τάς
3073 1737 3293 1806 ἀρετάς.

2303 2015 2385 2068 ιε’.
2420 2016 2562 2083 Πρὸς
2605 2015 2662 2069 δέ
2701 2016 2798 2088 τὴν
2829 2018 3351 2089 ταπεινοφροσύνην,
3386 2020 3477 2073 καὶ
3506 2019 3806 2072 εὐκατάνυ-

2229 2123 2356 2170 κτος
2397 2103 2466 2176 ἦν
2496 2109 2525 2160 ό
2554 2107 2726 2175 ἅγιος,
2755 2108 3004 2178 προχέων
3051 2109 3290 2174 ἀεννάως
3319 2110 3380 2163 τὸ
3412 2110 3557 2180 ἱερὸν
3593 2111 3804 2162 ἐκείνου

2227 2194 2462 2265 δάκρυον
2486 2211 2499 2225 ο
2532 2194 2652 2248 ὅλον
2685 2196 2793 2266 γὰρ
2833 2196 2924 2249 τὸν
2947 2198 3135 2267 χρόνον
3173 2198 3270 2268 τῆς
3296 2197 3442 2268 ζωῆς
3473 2197 3639 2254 αὐτοῦ
3674 2199 3805 2251 καθ-

2229 2286 2484 2356 εζόμενος
2510 2288 2592 2350 είς
2619 2287 2683 2340 τὸ
2711 2287 3024 2358 ἐρχόμενον,
3053 2290 3219 2360 ῥάκος
3250 2284 3395 2360 εἶχεν
3426 2291 3484 2343 ἐν
3505 2291 3584 2360 τῷ
3614 2291 3801 2359 κόλπῳ

2230 2377 2388 2446 χάριν
2414 2376 2522 2430 τῶν
2551 2377 2821 2446 δακρύων,
2845 2379 2955 2432 τῶν
2979 2381 3288 2434 πιπτόντων
3330 2381 3437 2434 ἀπὸ
3462 2381 3574 2434 τῶν
3610 2381 3808 2449 ὀφθαλ-

2234 2469 2349 2535 μῶν
2375 2467 2561 2521 αὑτοῦ.
2607 2470 2822 2538 Προσῆν
2855 2469 3091 2547 δέαύτῷ
3134 2474 3227 2524 καὶ
3265 2471 3327 2524 τὸ
3355 2473 3455 2542 τῆς
3495 2473 3806 2543 ἀγρυπνίας

2232 2559 2477 2626 χάρισμα
2514 2552 2828 2628 ὑπερφυῶς.
2865 2561 3000 2611 Ποτὲ
3042 2560 3135 2615 οῦν
3179 2562 3402 2614 ἐκάλεσε
3425 2565 3516 2614 τόν
3541 2580 3600 2614 τε
3633 2563 3805 2616 ἀὸὂᾶν

2245 2647 2587 2718 Ἀλέξανδρον
2627 2653 2718 2702 καὶ
2762 2649 2983 2715 Ζώῐλον,
3019 2652 3145 2714 τοὺς
3195 2653 3441 2722 μαθητὰς
3483 2654 3673 2717 αὑτοῦ,
3710 2656 3806 2708 καὶ

2231 2740 2502 2792 ταπεινῶν
2536 2741 2749 2806 ἑαυτὸν,
2775 2741 2998 2811 εἴρηκεν
3021 2758 3032 2769 ·
3079 2744 3299 2815 Ἐπειδὴ
3328 2746 3376 2798 οἱ
3413 2745 3667 2814 δαίμονες
3708 2765 3806 2800 πο-

2231 2832 2454 2900 λεμοῦσί
2487 2849 2577 2900 με,
2603 2834 2696 2885 καὶ
2729 2835 2829 2887 ούκ
2875 2829 2992 2887 οἴδα
3025 2837 3071 2888 εἰ
3103 2836 3391 2890 κλέπτουσί
3426 2855 3492 2907 με
3523 2839 3581 2892 ὲν
3625 2839 3798 2909 ὕπνῳ,

2231 2922 2329 2991 τὴν
2350 2922 2516 2974 νύκτα
2539 2923 2740 2993 ταύτην
2766 2924 3062 2978 κοπιάσατε
3089 2928 3205 2995 μετ’
3230 2928 3387 2994 ἐμοῦ,
3409 2928 3502 2981 καὶ
3533 2930 3806 2998 τηρήσατέ

2235 3030 2324 3082 με,
2356 3016 2405 3066 εί
2429 3014 2672 3079 νυστάξω
2701 3016 2760 3067 ἐν
2789 3018 2854 3086 τῇ
2888 3017 3185 3088 ἀγρυπνίᾳ.
3215 3020 3326 3091 Kal.
3353 3020 3612 3073 ἐκάθισαν
3646 3016 3726 3084 εἷς
3745 3023 3809 3074 ἐκ

2232 3102 2420 3166 δεξιῶν
2445 3104 2632 3170 αὑτοῦ,
2665 3107 2758 3158 καὶ
2796 3101 2882 3170 εἷς
2918 3107 2977 3174 ἐξ
3019 3108 3315 3178 εὐωνύμων
3353 3110 3515 3163 αὐτοῦ
3561 3110 3671 3164 ἀπὸ
3710 3112 3807 3180 ὀψὲ

2233 3194 2645 3261 σιωπὴσαντες,
2702 3197 2796 3249 καὶ
2859 3193 3010 3251 εἷπον
3061 3199 3400 3270 ἀμφότεροι,
3457 3202 3539 3254 ὅτι
3618 3203 3809 3271 Ἡμεῖς

2232 3283 2636 3357 ἐκοιμήθημεν,
2689 3286 2783 3338 καὶ
2825 3289 3153 3359 ἀνέστημεν,
3189 3292 3284 3343 καὶ
3319 3293 3419 3344 ούκ
3459 3293 3809 3364 ᾐσθάνθημεν

2231 3374 2392 3426 αὑτὸν
2429 3375 2791 3440 νυστάξαντα,
2829 3378 2924 3429 καὶ
2952 3380 3045 3432 ἐπὶ
3068 3379 3147 3449 τῷ
3175 3380 3341 3448 πρωῒ,
3374 3384 3401 3434 ό
3429 3382 3560 3445 Θεὸς
3594 3379 3734 3436 οῐδεν
3768 3387 3801 3456 ἢ

2231 3464 2311 3515 ὅτι
2341 3464 2432 3531 ἀφ’
2459 3464 2648 3517 ἐαυτοῦ
2695 3466 2967 3536 ἐποίησεν,
3005 3468 3093 3520 ἵνα
3135 3472 3418 3540 νοήσωμεν
3461 3472 3540 3524 ὅτι
3583 3474 3810 3526 ἐνύστα-

2235 3552 2344 3616 ξεν,
2373 3553 2405 3623 ἢ
2443 3554 2526 3606 ὅτι
2561 3556 2680 3608 κατ’
2721 3557 2980 3627 ἀλήθειαν
3027 3561 3058 3628 ἡ
3091 3561 3254 3628 φύσις
3299 3562 3393 3615 τοῦ
3424 3561 3594 3616 ὕπνου
3624 3561 3805 3636 ἦλθεν,

2233 3640 2466 3709 ὲκύσησε
2523 3646 2671 3711 τρεῖς
2731 3645 2918 3709 πνοὰς,
2975 3648 3069 3700 καὶ
3121 3649 3283 3712 εὐθὺς
3331 3650 3551 3721 ἀνέστη,
3591 3653 3803 3722 λέγων’

2243 3728 2571 3796 Ἐνύσταξα,
2611 3735 2722 3788 ναί.
2758 3736 2868 3788 Καὶ
2889 3738 3286 3809 ἀπεκρίθημενο
3324 3741 3511 3813 Ἡμεῖς
3543 3745 3645 3798 οὐκ
3673 3748 3808 3800 οἴδα·

2234 3840 2354 3892 μεν.
2396 3824 2540 3893 Πλὴν
2577 3825 2706 3894 ὃλην
2748 3828 2848 3896 τὴν
2887 3830 3056 3882 νύκτα
3098 3831 3322 3885 διετέλει
3356 3835 3677 3902 ἀγρυπνῶν,
3714 3840 3805 3892 καὶ

2229 3917 2316 3968 ὅτε
2346 3909 2476 3984 ἦλθε
2511 3913 2587 3984 τῷ
2622 3917 2764 3986 πρωϊ
2793 3919 2878 3970 διὰ
2909 3921 3009 3988 τὴν
3035 3921 3195 3988 φύσιν
3230 3924 3582 3994 καθευδῆσαι,
3621 3929 3805 3997 ἔλεγεν

2230 4004 2305 4072 τῷ
2340 4003 2514 4074 ὖπνῳ·
2566 4005 2755 4075 Δεῦρο,
2803 4010 2941 4061 κακὲ
2962 4010 3136 4077 δοῦλε,
3177 4014 3539 4084 ὑπούργησον·
3582 4021 3674 4071 καὶ
3703 4021 3804 4088 ἦρ⁸

2231 4097 2365 4160 παξε
2392 4098 2585 4167 μικρὸν
2611 4099 2993 4168 καθεζόμενος,
3021 4104 3114 4156 καὶ
3140 4104 3342 4167 εὐθέως
3367 4107 3620 4175 ἠγείρετο
3681 4112 3803 4180 ὐψέ

2230 4186 2544 4253 Σαϐϐάτων,
2573 4190 2993 4260 ἐπιφωσκούσης
3043 4194 3322 4264 Κυριακῆς
3354 4195 3480 4264 ἦφιε
3527 4198 3618 4249 τὸν
3655 4199 3802 4268 ἥλιον

2229 4277 2404 4330 ὀπίσω
2433 4277 2618 4342 αὑτοῦ,
2669 4281 2764 4331 καὶ
2809 4280 2978 4335 ἔτεινε
3020 4283 3117 4347 τὰς
3165 4286 3351 4355 χεῖρας
3390 4286 3553 4340 αὐτοῦ
3599 4291 3677 4351 εἰς
3715 4292 3802 4345 τὸν

2228 4371 2455 4440 οὐρανὸν
2502 4372 2809 4440 εὐχόμενος,
2860 4373 2964 4437 ἕως
3017 4370 3076 4429 οὗ
3130 4377 3291 4430 πάλιν
3337 4379 3366 4430 ό
3422 4379 3576 4448 ἥλιος
3631 4380 3798 4451 Elap-

567 4458 960 4522 collustraret;
1007 4467 1061 4511 et
1104 4458 1200 4524 sic,
1238 4460 1383 4527 quod
1412 4469 1529 4516 erat
1569 4462 1862 4531 reliquum,
1896 4463 2129 4517 sedendo

2234 4460 2333 4528 ψεν
2372 4462 2451 4523 είς
2479 4461 2541 4513 τὸ
2570 4462 2861 4531 πρόσωπον
2889 4465 3076 4530 αὑτοῦ,
3117 4467 3211 4521 καὶ
3243 4466 3386 4522 οὓτω
3413 4469 3602 4524 λοιπὸν
3636 4473 3798 4526 ἐκαθ-

567 4548 895 4604 insumebat.

637 4663 728 4718 16.
770 4661 1003 4718 Eﬂ’atum
1056 4673 1239 4719 autem
1295 4665 1400 4720 hoc
1451 4666 1609 4722 beato
1653 4679 1772 4724 erat
1822 4669 2124 4726 familiare:

563 4755 716 4823 quod
744 4754 860 4825 (74)
894 4755 1162 4811 sulliceret
1187 4758 1457 4813 monacho
1483 4774 1578 4828 per
1593 4776 1754 4815 unam
1786 4763 1974 4817 horam
2000 4765 2127 4818 dor-

565 4847 722 4908 mire,
753 4847 914 4900 modo
941 4847 1136 4915 pugilis
1161 4849 1206 4903 is
1231 4864 1430 4904 nomen
1459 4861 1782 4907 mereretur.
1811 4854 1887 4908 Ac
1909 4856 2087 4909 denuo
2112 4877 2124 4911 :

563 4938 865 4994 Monachus
909 4941 1231 5011 peregrinus
1258 4941 1372 5011 (75)
1419 4942 1473 4996 in
1512 4945 1734 5013 regione
1772 4946 1970 5013 aliena,
1995 4951 2127 5004 nulli

637 5121 752 5194 (68)
802 5120 910 5177 Vit.
944 5121 1055 5194 PP.
1088 5122 1184 5194 lib.
1208 5136 1262 5186 v,
1295 5122 1462 5179 libell.
1495 5125 1583 5192 l5,
1614 5142 1771 5182 num.
1796 5127 1854 5194 7,
1883 5130 2127 5188 addunt:

569 5211 591 5244 ι
622 5192 897 5256 Quantum
923 5193 988 5245 ad
1021 5191 1304 5247 saeculum.
1337 5211 1356 5244 ι
1525 5197 1530 5202 ’

635 5262 748 5331 (69)
801 5261 906 5322 Vit,
939 5260 1055 5316 PP.
1089 5262 1185 5314 lib.
1225 5277 1277 5326 v,
1311 5262 1477 5318 libell.
1510 5264 1599 5330 10,
1647 5279 1801 5319 num.
1834 5266 1868 5321 5
1907 5281 2132 5324 narrant

565 5347 629 5385 ea
650 5332 1197 5406 _d__ii_tisse_t_abbat_em
1219 5331 1535 5406 Evagrium.
1561 5353 1581 5385 ι
1612 5333 1844 5406 Coteler.
1879 5352 1999 5406 pag.
2027 5341 2132 5392 353

565 5410 620 5454 et
649 5400 797 5454 354:
834 5420 852 5452 ι
881 5401 1029 5455 Dixit
1064 5400 1263 5469 aliquis
1306 5403 1463 5457 beato
1510 5405 1740 5459 Arsenio
1769 5423 1781 5459 :
1817 5400 2131 5470 Quo'modn

567 5487 686 5532 IIOS,
723 5490 740 5520 ι
775 5481 880 5523 CIC.

637 5539 752 5609 (70)
803 5541 909 5593 Vit.
955 5537 1072 5592 PP.
1113 5539 1206 5592 lib.
1236 5555 1288 5601 v,
1323 5541 1485 5596 libell.
1517 5544 1570 5607 3,
1606 5560 1755 5597 num.
1802 5546 1850 5597 l.
1883 5547 2099 5599 Coteler

564 5625 690 5677 pag.
736 5610 862 5683 510.
909 5609 986 5683 De
1036 5609 1190 5683 (lctus
1234 5611 1565 5667 abundantia
1612 5615 1666 5668 in
1713 5613 1916 5668 Comm.
1962 5631 2116 5683 prter.

565 5694 718 5733 tium.
753 5681 853 5741 45;
892 5689 944 5733 et
975 5678 1114 5733 infra
1149 5695 1296 5733 num.
1327 5683 1416 5734 25.

636 5749 747 5820 (Ἠ)
788 5751 913 5806 llam
943 5769 960 5803 ι
1002 5749 1244 5805 narravit
1292 5752 1456 5808 abbas
1491 5751 1679 5808 Daniel
1716 5772 1733 5804 ι
1786 5754 1925 5823 apud
1964 5753 2118 5809 Cote-

2235 4551 2405 4613 έζετο.

2306 4668 2403 4731 ις’.
2436 4670 2620 4738 Φέρων
2644 4669 2700 4722 δὲ
2719 4665 2786 4740 ἦν
2808 4670 2896 4724 διά
2925 4670 3175 4742 γλώσσης
3200 4673 3229 4725 ὁ
3269 4674 3537 4744 μακάριος
3561 4676 3655 4730 κα)⁵
3675 4677 3794 4730 τοῦ-

2233 4775 2292 4811 το
2315 4773 2329 4787 °
2355 4760 2437 4811 ὅτι
2461 4759 2691 4828 ἀρκετὸν
2715 4760 2792 4829 τῷ
2819 4761 3056 4831 μοναχῷ,
3083 4763 3171 4815 ἵνα
3195 4765 3453 4834 κοιμᾶται
3480 4766 3606 4834 μίαν
3629 4766 3793 4838 ὥραν,

2236 4847 2330 4899 ἐάν
2359 4847 2506 4898 ἐστιν
2537 4849 2864 4918 ἀγωνιστής.
2904 4851 3015 4904 Καὶ
3051 4851 3215 4905 πάλιν
3240 4894 3254 4918 ,
3295 4854 3377 4906 ὅτι
3433 4855 3594 4919 Ξένος
3639 4874 3798 4927 μονα-

2237 4937 2328 5007 χὸς
2355 4941 2435 5002 εἰς
2467 4939 2756 5008 ἀλλοτρίαν
2789 4939 2974 5011 χώραν
3017 4943 3182 5013 μηδὲν
3209 4945 3507 5014 μεσαζέτω,
3537 4947 3628 5000 καὶ
3667 4950 3796 5002 ἀνα-

2069 5041 2300 5104 ΝΟΤΑῧ.

2234 5141 2332 5194 ler.
2364 5155 2488 5260 pag.
2521 5141 2646 5194 3'71.

2251 5278 2264 5292 ‘
2306 5209 2420 5292 (7‘)_
2458 5211 2696 5292 doteler.
2734 5226 2880 5292 .pag.
2917 5211 3021 5292 35:6
3051 5230 3065 5267 :
3094 5228 3114 5263 ι
3147 5211 3356 5271 Retulit
3402 5217 3571 5275 abbas
3609 5219 3794 5292 Daniel

2235 5278 2530 5350 deabhate
2557 5278 2807 5350 Arsenio,
2834 5278 2983 5350 quod
3022 5293 3236 5336 noctem
3275 5295 3464 5350 totam,
3497 5307 3514 5340 ι
3545 5299 3649 5344 etc.
3695 5291 3792 5346 Vit.

2237 5346 2346 5398 PP.
2391 5348 2486 5401 lib.
2523 5364 2576 5410 ν,
2613 5349 2777 5405 libell.
2816 5346 2874 5416 4,
2906 5366 3057 5404 num.
3086 5351 3121 5403 2
3151 5355 3311 5408 etiam
3355 5346 3559 5412 Danieli
3602 5377 3795 5414 narru-

2233 5419 2434 5471 tionem
2476 5418 2746 5471 tribuunt.

2746 5489 2911 5567 libell.
3023 5493 3233 5567 n_t_tm_.
3254 5492 3486 5567 Cotelcr.
3514 5513 3638 5567 pag.
3669 5499 3791 5554 556.

2301 5556 2412 5623 (74)
2464 5555 2567 5608 Vit.
2603 5557 2722 5611 PP.
2759 5561 2913 5622 ibid.,
2944 5562 3110 5616 libell.
3151 5563 3237 5622 10.
3265 5579 3414 5617 ηιιιη.
3445 5565 3496 5617 6.

2300 5625 2574 5748 (75Ξ55νίι.
2603 5627 2714 5683 PP.
2760 5630 2915 5695 ibid.,
2958 5632 3128 5686 libell.
3170 5633 3256 5700 Η,
3289 5650 3443 5689 num.
3492 5635 3515 5689 Ι
3557 5636 3792 5696 Cotclcr.

2227 5709 2502 5764 pag.oob.
