4018 6304
188 366 296 432 865

825 360 1102 423 ORATIO
1140 361 1275 420 ΧΠ.
1305 382 1370 392 -
1405 351 1781 416 LAUDATIO
1819 350 1882 411 S.
1909 348 2220 408 ARSE‘NII
2275 347 2815 408 ANACHORET/E.

3350 347 3456 411 866

192 479 455 532 παύεται.
481 475 594 529 Καὶ
618 474 779 528 πάλιν
800 470 979 525 εἶπεν*
1017 470 1140 523 Ἐάν
1163 469 1253 520 τὸν
1277 467 1406 519 Θεὸν
1429 467 1772 535 ζητήσωμεν,

1881 473 1937 512 se
1967 457 2184 524 negotio
2216 456 2450 508 medimn
2506 456 2836 526 interponat,
2873 461 2927 507 et
2965 452 3183 521 quietus
3233 455 3357 508 erit.
3393 456 3458 511 Et

192 568 502 636 φανήσεται
536 565 690 632 ἡμῖν,
726 563 818 614 καὶ
853 560 948 613 ἐὰν
978 558 1139 610 αὑτὸν
1166 558 1552 625 κατάσχωμεν,
1595 572 1770 624 παρα-

193 659 354 729 μένει
385 658 541 725 ἡμῖν.
572 652 868 723 Είργάζετο
909 651 964 703 δὲ
1004 650 1097 702 καὶ
1139 651 1261 710 ταῖς
1300 648 1484 717 χερσὶν
1519 647 1546 699 6
1586 643 1774 715 ’Λρσέ-

190 768 332 810 νιος,
374 744 718 813 ἀποστολικῷ
760 744 1073 812 καυχήματι
1115 740 1539 810 σεμνυνόμενος·
1576 735 1772 789 ἕπλεκε

191 840 310 908 γὰρ
340 838 440 905 τὴν
474 836 682 904 σειρὰν,
715 834 810 886 καὶ
835 833 1104 903 ἓρῤαπτεν
1133 831 1237 893 ἓως
1267 829 1413 901 ὥρας
1450 829 1644 895 ’ἐκτης-
1677 825 1773 879 καὶ

191 930 258 980 τὸ
292 927 358 998 δὴ
387 924 720 996 θαυμαστὸν,
762 924 844 976 ὅτι
882 925 929 974 εί
963 921 1038 992 μὴ
1073 922 1220 987 ἅπαξ
1264 921 1356 973 τοῦ
1397 918 1646 971 ἐνιαυτοῦ
1675 917 1774 970 οὐκ

193 1017 476 1085 ῆλλασσεν
514 1013 626 1067 τῶν
660 1014 828 1084 βαῖων
853 1014 914 1065 τὸ
941 1012 1106 1083 ὕδωρ,
1135 1013 1335 1082 μᾶλλον
1367 1011 1424 1064 δὲ
1454 1009 1770 1080 προσετίθη.

194 1107 314 1159 Καὶ
345 1103 690 1174 παρεκάλουν
710 1102 876 1156 αὐτόν
900 1119 1040 1164 τινες
1061 1103 1168 1154 τῶν
1196 1100 1472 1170 Πατέρων,
1501 1101 1772 1166 λέγοντες·

194 1197 303 1250 Διὰ
355 1196 410 1248 τί
440 1197 546 1249 οὐκ
576 1196 865 1256 ἀλλάσσεις
893 1194 1001 1245 τῶν
1045 1193 1212 1261 βαῖων
1239 1193 1300 1244 τὸ
1327 1192 1469 1263 ὓδωρ
1495 1210 1508 1258 ;
1540 1194 1620 1245 ὅτι
1639 1192 1772 1254 ὄζει.

197 1288 317 1339 Καὶ
339 1286 524 1352 ἔλεγεν
545 1285 726 1346 αὐτοῖς
753 1298 766 1312 ⁸
815 1283 960 1334 Ἀντὶ
980 1280 1088 1333 τῶν
1118 1280 1477 1349 θυμιαμάτων
1503 1282 1528 1320 ε
1553 1278 1776 1332 καὶτῶν

201 1376 419 1446 μύρων,
456 1368 530 1428 ὧν
561 1374 852 1442 ἀπήλαυσα
875 1373 934 1425 ὲν
967 1370 1043 1441 τῷ
1067 1371 1275 1440 κόσμῳ,
1302 1371 1458 1440 χρεία
1484 1369 1778 1424 ἀπολαύειν

202 1484 272 1537 με
294 1468 399 1536 τῆς
422 1466 684 1528 δυσωδίας
704 1464 906 1532 ταύτης
925 1480 938 1492 ·
954 1454 1024 1515 ὀὐ
1050 1461 1124 1531 μὴ
1147 1464 1292 1531 παρῇ
1318 1463 1408 1514 καὶ
1431 1461 1489 1513 τὺ
1515 1461 1777 1530 ἐγκρατὲς

200 1562 263 1612 ἐν
323 1559 404 1627 τῷ
447 1556 674 1625 τοιούτῳ
718 1555 924 1625 σκοπῷ,
979 1555 1092 1607 ἀλλ’
1141 1553 1459 1616 ὑποπιάζων
1503 1552 1562 1605 τὸ
1595 1554 1775 1621 σῶμα,

203 1645 574 1711 ὲδουλαγώγει
597 1642 808 1705 ἑαυτὸν,
831 1643 904 1704 ὡς
930 1643 1148 1711 ἄριστος
1168 1641 1543 1711 πωλοδάμνης,
1563 1642 1779 1709 φεύγων

207 1738 309 1806 μὲν
342 1735 434 1787 τὸν
464 1734 646 1806 κόρον,
675 1734 750 1796 ὠς
780 1733 1042 1804 ὑϐριστὴν
1100 1733 1297 1786 πῶλον.
1328 1731 1439 1802 Τῆς
1471 1730 1688 1802 ὀπώρας
1723 1731 1779 1782 δὲ

1880 549 2078 602 iterum
2106 545 2278 600 dixit:
2325 547 2379 598 Si
2411 545 2576 599 Deum
2605 547 2716 615 (7G)
2747 547 3184 615 qttaasiverimus,
3223 563 3456 616 appare-

1878 639 1956 692 bit
1987 638 2144 692 nobis
2175 654 2188 690 :
2236 645 2292 691 et
2339 638 2382 690 si
2416 653 2538 690 eum
2593 640 2945 703 tenuerimus,
2985 639 3325 707 permanebit
3357 655 3456 692 no~

1878 730 2114 783 biscum.
2146 726 2400 782 Manibus
2422 729 2583 781 etiam
2611 728 2872 782 ArSenius
2907 728 3208 794 laborabat,
3245 731 3449 797 gloria-

1880 821 2027 876 tione
2091 821 2388 891 apostolica
2462 821 2861 874 condecoratus
2899 839 2912 874 :
2946 821 3211 889 plectebat
3255 822 3453 891 quippe

1878 923 1934 968 et
1956 913 2259 967 consuebat
2289 927 2463 982 usque
2503 913 2568 965 ad
2604 912 2795 965 horam
2830 921 3040 966 sextam
3077 931 3091 966 :
3125 924 3287 982 atque
3317 914 3449 966 illud

1881 1003 2151 1068 mirabile,
2187 1004 2332 1072 quod
2377 1017 2486 1056 non
2519 1013 2753 1056 mutaret
2783 1019 2978 1073 aquam
3015 1004 3315 1073 palmarum
3347 1004 3452 1056 nisi

1881 1095 2046 1149 semel
2097 1095 2149 1146 in
2194 1107 2362 1158 anno,
2397 1093 2488 1147 sed
2535 1095 2714 1162 potius
2759 1095 2919 1147 aliam
2969 1096 3242 1163 adjiceret.
3281 1096 3453 1163 Roga-

1893 1184 2134 1253 bantque
2180 1199 2304 1237 eum
2341 1185 2558 1252 quidam
2589 1199 2620 1238 e
2654 1185 2921 1252 patribus,
2956 1185 3194 1239 dicentes
3230 1203 3242 1238 :
3278 1185 3455 1249 Quare

1881 1291 1990 1329 non
2014 1285 2192 1330 mutas
2216 1291 2413 1344 aquam
2455 1277 2799 1345 palmarum?
2833 1278 2960 1345 quia
3007 1277 3156 1331 fetet.
3203 1277 3454 1346 Dixitque

1883 1367 1990 1421 illis
2025 1385 2038 1420 :
2090 1368 2192 1420 Pro
2221 1369 2562 1433 sullimentis,
2602 1376 2654 1422 et
2705 1372 3018 1436 unguentis,
3044 1369 3244 1437 quibus
3275 1371 3325 1423 in
3358 1385 3455 1424 sae-

1883 1459 2007 1513 culo
2052 1459 2293 1524 fruebar,
2349 1469 2562 1528 oportet
2614 1475 2699 1513 me
2749 1461 2827 1513 uti
2883 1460 2986 1514 isto
3030 1458 3219 1515 fetore.
3270 1461 3456 1530 Neque

1885 1551 2293 1617 temperantiam
2348 1551 2400 1603 in
2449 1551 2550 1605 hac
2579 1567 2637 1604 re
2684 1550 2786 1605 sibi
2821 1553 3154 1619 protiositam
3201 1553 3451 1616 habebat,

1885 1643 1976 1695 sed
2001 1643 2272 1710 castigans
2303 1657 2520 1710 corpus,
2552 1642 2604 1694 in
2637 1643 2956 1695 servitutem
2990 1644 3118 1696 illud
3155 1645 3326 1713 ipsum
3367 1661 3452 1696 re-

1886 1731 2122 1797 digebat,
2159 1742 2413 1801 tanquam
2465 1735 2706 1802 Optimus
2747 1736 2870 1802 equi
2923 1736 3200 1799 domitor;
3240 1736 3453 1805 fugiens

202 1833 394 1901 πάντη
424 1831 763 1901 ἀπεχόμενος
795 1826 882 1898 ἦν.
911 1831 1087 1883 Μόνον
1116 1829 1192 1890 ὡς
1223 1829 1473 1898 ἤκουσεν,
1501 1830 1583 1880 ὅτι
1605 1827 1780 1879 ἐτέλε-

1882 1825 2208 1888 satietatem,
2254 1841 2359 1877 non
2400 1840 2557 1879 secus
2585 1841 2647 1879 ac
2686 1827 3003 1879 insolentem
3052 1827 3276 1893 pullum.
3312 1827 3451 1881 Fru-

206 1942 302 1977 σεν
335 1926 364 1964 ιι
395 1923 502 1976 πᾶν
529 1923 774 1991 γέννημα
807 1922 1049 1989 ὀπώρας,
1079 1921 1264 1987 ἔλεγεν
1292 1921 1381 1988 ἀφ’
1415 1918 1607 1970 ἑαυτοῦ
1629 1935 1643 1948 ·
1673 1918 1776 1970 Φέ-

205 2015 333 2084 ρετέ
361 2030 454 2084 μοι
477 2028 491 2042 ·
527 2011 621 2065 καὶ
642 2009 860 2077 ἐγεύετο
891 2009 1036 2072 ἅπαξ
1069 2008 1178 2062 ἀπὸ
1205 2009 1424 2061 πάντων
1451 2007 1665 2077 μικρδν,
1692 2007 1780 2058 εὐ-

206 2104 487 2175 χαριστῶν
553 2102 632 2172 τῷ
695 2101 831 2170 Θεῷ.
893 2101 1085 2168 Ἔλεγε
1148 2101 1205 2153 δὲ
1263 2101 1291 2153 6
1351 2099 1525 2160 ἁϐϐἄς
1581 2098 1779 2168 Δανιὴλ

207 2199 342 2267 περὶ
413 2195 580 2248 αὑτοῦ
607 2235 622 2258 ,
653 2195 734 2246 ὅτι
777 2192 1022 2245 Τοσαῦτα
1056 2192 1150 2260 ἔτη
1197 2191 1410 2260 ἔμεινεν
1447 2191 1566 2260 μεθ’
1601 2189 1776 2259 ἡμῶν,

211 2289 375 2356 μόνον
422 2285 609 2339 θαλλὶν
661 2284 806 2336 σίτου
850 2283 1140 2352 ἐποιοῦμεν
1175 2280 1324 2350 αὐτῷ
1369 2280 1462 2333 τοῦ
1507 2278 1778 2341 ἐνιαυτοῦ,

208 2380 306 2430 καὶ
345 2380 436 2431 ὅτε
472 2374 850 2450 παρεϐάλομεν
887 2374 1020 2444 πρὸς
1060 2372 1246 2440 αὑτὸν,
1290 2373 1350 2437 ἐξ
1392 2371 1554 2425 αὑτοῦ
1597 2371 1782 2440 ἡσθίοο

215 2484 332 2536 μεν.

286 2642 374 2706 ιζ’.
427 2641 590 2694 Ἀλλά
625 2642 733 2710 γὰρ
783 2640 876 2692 καὶ
923 2640 1185 2709 ἀκτήμων
1234 2635 1302 2710 ἦν
1349 2641 1377 2693 6
1425 2639 1718 2708 Ἀρσένιος,
1754 2640 1782 2691 6

214 2734 384 2796 ὅντως
415 2735 472 2783 ἐν
503 2731 726 2798 ἀγαθοῖς
750 2729 1021 2793 πλούσιος.
1053 2730 1322 2800 Ἔχρῃζον
1348 2727 1442 2783 οὖν
1463 2732 1782 2798 πράγματος

215 2819 320 2880 ἓως
354 2819 472 2879 ἑνὸς
507 2816 690 2868 λικνοῦ
732 2817 774 2881 ί,
810 2819 902 2868 καὶ
954 2817 1030 2886 μὴ
1078 2816 1234 2886 ἔχων,
1276 2818 1439 2870 πόθεν
1490 2819 1779 2887 ἀγοράσαι,

217 2911 378 2965 ἔλαϐε
426 2911 578 2980 παρά
613 2927 755 2973 τινος
802 2911 1044 2982 ἀγάπην,
1083 2913 1177 2965 καὶ
1224 2908 1412 2965 εἶπεν·
1463 2913 1783 2983 Εὐχαριστῶ

221 3020 323 3068 σοι,
355 3001 554 3070 Κύριε,
585 3001 932 3071 ὃτιὴξίωσάς
978 3021 1046 3074 με
1095 3004 1277 3057 λαϐεῖν
1327 3005 1544 3075 ἀγάπην
1589 3005 1678 3058 διά
1724 3005 1783 3058 τὸ

220 3092 390 3161 ὄνομά
427 3109 542 3145 σου.
571 3084 695 3145 Οἶον
725 3091 778 3144 δὲ
807 3093 900 3168 καὶ
927 3092 986 3144 τὸ
1015 3093 1187 3163 παρὸν
1217 3094 1480 3157 ἀπαθείας
1506 3093 1580 3148 ὢν
1615 3097 1781 3165 ἀκρο-

219 3184 388 3251 τάτης
438 3181 679 3234 λεκτέον.
708 3177 879 3234 Ἦλθε
927 3178 1018 3235 οὖν
1069 3201 1198 3236 ποτε
1239 3185 1375 3254 πρὸς
1420 3184 1582 3237 αὑτὸν
1624 3203 1782 3254 μαγι-
1808 3151 1852 3213 C

225 3273 495 3341 στριανὸς,
522 3273 702 3342 φέρων
731 3273 877 3344 αὐτῷ
904 3273 1167 3345 διαθήκην
1203 3274 1568 3342 συγκλητικοῦ
1599 3276 1783 3343 αὑτοῦ,

223 3362 278 3425 ὃς
353 3365 648 3417 κατέλιπεν
701 3365 848 3434 αὐτῷ
901 3365 1266 3436 κληρονομίαν
1317 3367 1513 3437 πολλὴν
1562 3369 1784 3438 σφόδρα.

223 3456 330 3507 Καὶ
354 3457 538 3509 λαϐὼν
584 3457 752 3528 αὐτὴν
791 3457 981 3528 ἤθελεν
1007 3460 1210 3529 σχίσαι.
1247 3460 1448 3513 Ἐπεσε
1479 3460 1536 3513 δὲ
1565 3463 1592 3514 6
1626 3477 1787 3529 μαγιο

228 3547 476 3617 στριανὸς
524 3550 604 3610 εἰς
630 3550 758 3609 τοὺς
798 3544 965 3613 πῦδας
992 3551 1155 3604 αὑτοῦ
1193 3550 1367 3619 λέγων
1390 3567 1405 3582 ⁶
1435 3551 1638 3620 Δέομαί
1672 3570 1786 3619 σου,

1877 1915 2057 1970 ctibus
2085 1915 2196 1984 (77)
2231 1916 2457 1970 omnino
2496 1917 2824 1981 abstinebat,
2867 1926 3226 1988 praeterquam
3282 1920 3452 1988 quod,

1881 2006 1972 2058 ubi
2037 2007 2307 2068 audierat,
2375 2021 2535 2062 omne
2583 2007 2862 2063 fructuum
2913 2024 3081 2079 genus
3106 2010 3452 2075 maturuisse,

1878 2111 1942 2150 ex
1971 2111 2031 2150 se
2055 2095 2258 2151 diceret
2288 2116 2300 2150 :
2353 2098 2554 2153 Alferte
2602 2101 2757 2153 mihi.
2792 2101 2854 2154 Et
2891 2102 3059 2155 semel
3091 2117 3156 2154 ex
3193 2102 3453 2156 omnibus

1880 2188 2153 2242 modicum
2192 2190 2319 2257 quid
2352 2191 2626 2258 gustabat,
2658 2193 2863 2261 gratias
2907 2207 3073 2263 agens
3117 2193 3244 2248 Deo.
3273 2194 3457 2248 Abbas

1883 2279 2066 2333 Daniel
2105 2281 2169 2333 de
2196 2282 2312 2349 ipso
2338 2283 2520 2335 retulit
2550 2300 2564 2334 :
2597 2281 2887 2339 Totannos
2917 2286 3114 2340 mansit
3140 2286 3452 2351 nobiscum,

1879 2377 1935 2423 et
1959 2368 2175 2422 unicum
2216 2370 2409 2424 thallin
2447 2371 2558 2440 (78)
2615 2373 2874 2428 frumenti
2906 2376 3195 2442 quotannis
3221 2375 3321 2444 ipsi
3357 2375 3456 2427 da-

1881 2460 2130 2516 bamus:
2211 2471 2265 2516 et
2327 2465 2546 2532 quando
2607 2466 3070 2522 eonveniebamus
3134 2467 3335 2536 ipsum,
3392 2483 3456 2520 ex

1881 2552 2069 2604 eodem
2101 2553 2459 2608 comedimus.

1955 2643 2045 2696 1⁸7.
2080 2642 2145 2696 Et
2183 2660 2309 2697 vero
2368 2661 2682 2714 quanquam
2732 2646 2863 2700 nihil
2915 2648 3171 2704 Arsenius
3208 2649 3456 2718 posside-

1883 2733 1994 2794 bat,
2040 2750 2166 2789 vere
2208 2746 2386 2790 tamen
2436 2738 2593 2791 bouis
2633 2737 2967 2792 abundabat.
3007 2739 3176 2793 Tanta
3225 2756 3346 2792 cum
3380 2741 3458 2792 la-

1883 2825 2100 2880 boraret
2153 2826 2265 2897 (79)
2319 2844 2498 2882 rerum
2551 2829 2754 2897 inopia,
2817 2841 2874 2883 ut
2925 2829 3005 2884 vel
3061 2845 3165 2884 una
3227 2831 3456 2885 interula

1882 2919 2024 2973 linea
2052 2921 2164 2988 (80)
2200 2922 2482 2991 indigeret,
2520 2939 2695 2994 neque
2725 2924 2947 2978 haberet
2980 2925 3123 2977 unde
3155 2939 3272 2977 eam
3306 2938 3456 2977 etne-

1882 3020 2007 3076 ret;
2064 3013 2274 3082 accepit
2333 3016 2401 3068 ab
2440 3015 2622 3083 aliquo
2678 3017 3101 3084 eleemosynam,
3162 3015 3454 3084 dixitque:

1883 3101 2097 3156 Gratias
2150 3105 2247 3158 tibi
2294 3120 2416 3173 ago,
2470 3106 2716 3170 Domine,
2769 3115 2914 3175 quod
2975 3106 3229 3174 dignatus
3270 3121 3352 3158 me
3379 3107 3458 3160 sis

1882 3195 2223 3264 eleemosyna
2271 3209 2494 3265 propter
2561 3213 2757 3252 nomen
2807 3208 2978 3252 tuum.
3051 3197 3205 3251 Nunc
3276 3207 3454 3250 autem

1881 3282 2025 3352 quod
2067 3283 2134 3338 ad
2173 3284 2622 3340 sublimissimam
2677 3287 2843 3341 animi
2872 3303 2900 3341 a
2941 3287 3445 3356 perturbationibus

1882 3374 2034 3430 liberi
2079 3375 2464 3442 perfectionem
2522 3380 2847 3447 pervenerit.
2904 3378 3066 3432 modo
3120 3379 3320 3448 pariter
3363 3380 3451 3431 di-

1883 3464 2138 3520 cendum.
2183 3466 2341 3522 Venit
2372 3471 2483 3539 (81)
2519 3471 2585 3524 ad
2627 3485 2751 3524 cum
2786 3470 3081 3538 aliquando
3144 3472 3457 3540 magistris-

1885 3571 1989 3611 nus
2028 3558 2162 3628 (82),
2211 3562 2459 3617 deferens
2505 3564 2553 3616 ei
2605 3571 2990 3617 testamentum
3062 3563 3164 3616 viri
3224 3563 3456 3631 alicujus

231 3635 304 3706 μὴ
334 3637 527 3709 σχίσῃς
561 3635 748 3708 αὐτὴν,
786 3638 862 3708 μὴ
909 3637 1218 3710 δεξάμενος.
1262 3641 1404 3712 Πρὸς
1446 3640 1652 3703 τούτοις
1692 3643 1780 3695 καὶ

1895 3650 2154 3705 senatorii
2194 3653 2425 3719 ordinis,
2470 3654 2684 3724 cognati
2715 3654 2858 3724 ejus,
2899 3654 2992 3725 qui
3029 3654 3321 3724 reliquerat
3355 3655 3456 3725 ipsi

1451 3751 1688 3808 vitam
1744 3754 2149 3818 LECTIONES.
2749 3759 2753 3763 ’

308 3840 334 3879 ⁸
356 3838 594 3895 Coteler.
625 3837 955 3911 ἀρωμάτων.
1027 3841 1056 3882 ιι
1083 3840 1255 3898 Cotel.
1289 3840 1571 3914 ἐτελέσθη.
1655 3846 1671 3884 ί
1706 3843 1877 3902 λίνου.

1731 3956 1778 4011 Ν
1783 3958 1965 4015 ΟΤᾸΞ.

298 4043 431 4116 (76)_
454 4042 826 4116 Ἔπλεκεγὰρ
852 4045 949 4116 τῂν
989 4045 1196 4115 σειράν.
1237 4044 1342 4098 Vit.
1376 4043 1489 4099 PP.
1527 4046 1683 4113 ibid.,
1717 4048 1787 4102 li-

235 4111 356 4168 bell.
393 4111 667 4184 Inuum:
708 4111 741 4168 5
778 4111 845 4166 ι’(
886 4111 1138 4170 Faciebat
1180 4117 1432 4184 plectatn.
1469 4134 1488 4166 ι
1550 4111 1783 4174 Coteler.

236 4197 355 4256 pag.
402 4182 509 4236 357
537 4199 604 4256 :_«
638 4180 872 4256 Plectam
931 4186 1163 4256 texebat.
1181 4180 1217 4236 ⁷»
1259 4184 1372 4256 Vox
1409 4185 1615 4252 plecla,
1667 4203 1787 4256 quze

236 4200 296 4249 pa
341 4221 355 4235 .
403 4200 504 4236 om
537 4200 549 4234 :
587 4201 604 4231 ι
639 4200 872 4236 rteCtam
931 4200 1163 4238 texebat.
1200 4204 1217 4236 ι
1267 4200 1372 4238 vox
1409 4200 1615 4252 ptecta,
1667 4203 1787 4256 quze

236 4200 500 4331 vitietura
533 4250 721 4331 Graeco
745 4251 1020 4331 ίπλεκτὸν,
1054 4255 1238 4331 πλέκω
1269 4255 1466 4322 quippe
1491 4265 1791 4331 cst,nccto,

237 4321 488 4392 contexo)
544 4319 766 4372 formari
819 4336 1010 4392 posse,
1059 4319 1298 4377 habenai
1335 4319 1462 4376 sunt
1503 4338 1532 4377 e
1582 4319 1794 4392 palma,

237 4389 422 4456 junco,
469 4389 666 4460 ’sparto
710 4399 802 4441 aut
843 4390 1006 4460 simili
1051 4407 1108 4444 re
1154 4401 1438 4455 contextae,
1491 4407 1553 4446 ex
1582 4389 1794 4460 quibus

241 4469 456 4524 sponte,
505 4458 765 4517 canistra,
824 4459 1038 4530 aliaque
1085 4461 1348 4529 ejusmodi
1407 4458 1792 4517 conficiuntur.

240 4525 343 4579 Has
366 4528 608 4585 Αἰιινυιίί
639 4527 826 4585 σειρὰς
855 4539 1068 4584 vorant.
1100 4533 1284 4585 Adisis
1321 4531 1600 4585 lloswowdi
1637 4543 1792 4585 notas

240 4543 343 4579 nas
366 4543 608 4598 mgyptu
639 4543 826 4597 cupa;
855 4543 1068 4584 vni-aut.
1100 4543 1284 4585 AdtSis
1321 4543 1600 4601 ttosWeydt
1637 4543 1795 4588 notas

239 4594 290 4647 in
324 4596 466 4651 hunc
507 4599 709 4650 locum.
746 4595 968 4665 Hispani
997 4600 1312 4667 hujustnodi
1351 4601 1588 4655 habenas
1617 4604 1796 4655 nomi-

241 4673 369 4747 naut
432 4666 671 4735 pleytas,
727 4657 1006 4747 aliqua:
1063 4657 1126 4723 ex
1182 4672 1255 4747 iis
1307 4671 1672 4747 coniiciuntur
1718 4673 1792 4747 .li-
1826 4657 1870 4716 D

241 4734 432 4797 scellae,
475 4734 610 4798 etc.,
645 4751 809 4789 seras.
849 4734 984 4791 Vide
1015 4749 1169 4794 notas
1199 4739 1472 4792 Ciacconii
1504 4741 1556 4793 in
1581 4741 1794 4794 Cassia-

243 4816 393 4874 num,
443 4820 570 4874 pag.
616 4803 739 4857 687.
790 4805 948 4860 Locis
988 4822 1154 4874 supra
1205 4808 1292 4861 hic
1344 4807 1524 4864 citatis
1561 4809 1796 4863 refertur

244 4869 716 4944 factqm’pr'aasens
749 4890 936 4944 errore
973 4869 1185 4931 abbatis
1215 4877 1469 4930 Danielis.

312 4940 419 5012 (Π)
456 4940 745 5012 γδΟπὼρας.
795 4943 897 4997 Vit.
931 4945 1044 4998 PP.
1081 4947 1232 5009 ibid.,
1274 4946 1436 5000 libell.
1468 4945 1523 5006 4,
1557 4961 1708 4999 ntlm.
1739 4946 1795 5010 6,

246 5017 297 5060 et
323 5011 566 5085 Coteler;
587 5011 838 5085 pag.557
868 5023 1086 5085 vertunt
1114 5032 1407 5085 pomorum.
1442 5015 1665 5069 Factum
1695 5017 1797 5071 hoc

248 5091 497 5135 narrasse
535 5081 833 5144 Dauielem,
872 5081 1129 5138 habemus
1162 5086 1424 5138 indidem.

314 5147 420 5216 (78)
462 5149 661 5202 Θαλλὶν
686 5151 832 5202 σίτου
875 5151 975 5206 Vit.
1008 5152 1118 5207 PP.
1150 5154 1280 5206 ibid.
1311 5168 1461 5205 num.
1490 5153 1522 5204 4
1549 5171 1561 5205 :
1602 5172 1619 5203 ι
1652 5152 1800 5206 Men-

248 5229 423 5269 suram
453 5234 675 5286 parvam
711 5222 904 5273 victus.
936 5241 954 5271 ι
990 5222 1222 5276 Coteler.
1266 5242 1283 5274 ι
1324 5221 1497 5274 Unum
1528 5223 1796 5285 thallium,

249 5297 551 5359 mensuram
604 5287 884 5342 frumenti.
917 5308 935 5340 ι
989 5294 1140 5359 Apud
1194 5292 1410 5345 Surium
1473 5308 1619 5344 num.
1682 5293 1797 5346 18:

253 5368 269 5428 ι
300 5351 565 5428 Thallium
599 5375 610 5409 :
644 5368 859 5426 Oportet
893 5351 1050 5414 enim'
1087 5362 1169 5415 his
1212 5363 1287 5414 uti
1329 5361 1519 5428 patriis
1569 5363 1802 5414 nomini-

248 5418 366 5501 btts.
398 5444 414 5474 ι
461 5418 714 5501 Mensura
754 5429 935 5501 itaque
977 5432 1090 5483 haec
1126 5441 1240 5484 erat
1285 5418 1425 5497 apud
1458 5429 1736 5498 Aigyptios
1771 5445 1802 5484 e

251 5490 391 5570 loliis
427 5497 656 5570 palmeis
691 5490 969 5570 confecta;
1018 5510 1176 5569 prout
1207 5490 1479 5567 colligitur
1520 5490 1801 5570 ci'ety’mo

252 5562 603 5637 ηοιιιίιιις,Α‹Ιο
632 5581 742 5634 quo
766 5562 1032 5637 Cangittsi
1071 5579 1124 5624 et
1148 5562 1376 5625 inl'et'iu's
1403 5570 1491 5623 hic
1518 5562 1799 5634 numfl'l;

263 5622 339 5677 ubi
377 5645 473 5686 vox
493 5622 721 5688 θαλλία.

324 5697 428 5765 (79)
481 5703 583 5758 Vit.
620 5704 737 5759 PP.
769 5707 861 5764 lib.
896 5725 948 5775 v,
982 5708 1148 5764 libell.
1187 5708 1239 5773 6,
1275 5725 1425 5763 num.
1457 5711 1509 5772 3,
1546 5717 1598 5762 ct
1640 5708 1800 5763 Cote-

260 5759 352 5818 ler.
385 5759 506 5842 pag.
541 5775 666 5829 357.

1964 4049 2078 4126 (_80l
2118 4051 2298 4126 Λίνον,
2332 4055 2476 4124 quod
2522 4057 2814 4119 substituo,
2865 4057 3007 4112 inter
3046 4056 3152 4111 alia
3190 4056 3458 4126 signiﬁcat

1892 4121 2211 4196 carbasume
2246 4121 2537 4196 Nos—acum,
2562 4128 2838 4196 Cotelerio
2867 4141 2986 4196 pag.
3034 4127 3138 4180 557
3181 4121 3266 4181 hic
3296 4128 3457 4182 intel-

1892 4190 2111 4254 ligimus
2155 4207 2267 4246 rem
2320 4194 2556 4250 amnem.
2607 4196 2709 4249 Vit.
2760 4190 2880 4250 PP.
2924 4190 3036 4249 rem
3078 4197 3232 4265 plane
3276 4198 3457 4251 diver-

1896 4274 2012 4334 sam
2051 4272 2275 4334 ponunt
2341 4265 2435 4318 lib.
2491 4281 2559 4329 ν,
2616 4266 2779 4318 libell.
2831 4266 2900 4329 6,
2950 4281 3102 4334 num.
3153 4267 3186 4319 4
3217 4283 3230 4318 :
3262 4284 3279 4314 ι
3312 4265 3458 4334 Opus

1897 4325 2099 4404 habuit
2123 4331 2178 4404 in
2222 4325 2555 4388 necessitate
2574 4350 2670 4388 sua
2702 4325 2969 4404 usque-ad
3002 4325 3162 4388 hnam
3195 4325 3452 4404 siliquam

1898 4352 2088 4383 uauuu
2123 4352 2176 4384 tn
2222 4352 2542 4388 necessitate
2574 4352 2670 4388 sua
2702 4352 2765 4387 tts
2807 4352 2872 4387 ue
2899 4352 2964 4387 au
3002 4352 3162 4388 unam
3195 4352 3452 4404 smquatn

1895 4401 2101 4476 nummi
2127 4401 2214 4468 (de
2244 4418 2349 4470 qua
2379 4404 2617 4476 Cangius
2648 4406 2702 4476 in
2734 4352 2908 4476 ϐίίοερ.
2938 4401 3085 4476 Lat.)
3108 4413 3160 4456 et
3192 4419 3312 4457 cum
3348 4423 3455 4459 non

1899 4472 2186 4544 inveniret,
2221 4473 2431 4544 accepit
2464 4488 2494 4526 a
2520 4474 2754 4544 quodam
2794 4474 2937 4544 velut
2972 4475 3394 4544 eleemosyuam.
3432 4495 3451 4525 ι

1900 4533 2065 4612 Vetus
2095 4533 2572 4612 interpres-legerit
2594 4543 2697 4605 ἓως
2721 4544 2884 4611 νόμου
2909 4541 3047 4605 ἑνός,
3080 4533 3302 4612 quando
3321 4546 3457 4597 seri-

1898 4606 2006 4673 psit
2057 4626 2073 4657 ι
2106 4606 2275 4681 usque
2319 4611 2394 4681 ad_
2428 4606 2589 4665 tinam
2641 4606 2892 4681 siliquam
2945 4606 3172 4664 nummi.
3205 4630 3224 4662 ι
3272 4611 3454 4666 Codex

1899 4685 2078 4744 noster
2107 4679 2172 4731 de
2202 4679 2338 4734 Vitis
2372 4679 2589 4734 Patrum
2614 4679 3088 4744 menibranaeeus,
3124 4681 3315 4734 litteris
3350 4699 3454 4735 un-

1899 4745 2129 4817 cialibus
2165 4763 2258 4801 seu
2285 4749 2564 4817 quadratis
2603 4751 2741 4804 forte
2786 4766 2814 4804 a
2863 4751 3008 4803 mille
3038 4753 3253 4805 circiter
3295 4753 3456 4805 annis

1901 4814 2167 4888 scriptus,
2225 4814 2326 4871 sub
2380 4823 2599 4874 nomine
2657 4819 2875 4873 Caesar-ii
2928 4834 3056 4888 ep.,
3119 4835 3181 4873 ac
3239 4829 3457 4874 notatus

1901 4882 1945 4958 0_
1977 4884 2074 4958 Ms.
2105 4885 2192 4949 10,
2231 4888 2355 4956 legit
2385 4907 2396 4940 :
2431 4906 2448 4937 ι
2475 4888 2621 4958 Opus
2656 4889 2839 4942 habuit
2868 4889 2920 4942 in
2957 4882 3210 4942 cessitate
3245 4890 3456 4955 (neces-

1903 4953 2081 5026 sitate)
2108 4970 2206 5026 sua
2233 4953 2407 5026 usque
2440 4959 2505 5011 ad
2523 4953 2703 5012 ‘unam
2739 4960 2991 5026 siliquam
3023 4953 3297 5010 nummos.
3329 4976 3347 5008 ι

1976 5023 2085 5092 (81)
2127 5025 2228 5079 Ista
2263 5023 2553 5080 narrantur
2594 5029 2646 5082 in
2696 5028 2794 5080 Vit.
2847 5023 2962 5080 PP.
3009 5026 3364 5088 ibid.,‘libe|l.
3398 5026 3451 5092 6,

1901 5094 2142 5167 nlltniqﬁ,
2162 5104 2238 5167 _et
2262 5098 2403 5163 apud
2427 5097 2658 5151 Coteler.
2691 5113 2815 5167 pag.
2837 5096 2940 5151 562
2969 5111 3032 5148 ex
3066 5111 3161 5167 ore
3195 5094 3451 5167 Danielis.

1975 5163 2105 5236 (82L
2125 5165 2559 5236 Μαγιστριανός,
2599 5163 2972 5236 ιιιαρἱῐιὶαηιιι
3011 5165 3453 5236 vrelrmagisleria-

1903 5248 2020 5284 nus.
2069 5232 2236 5285 Erant
2284 5232 2356 5287 illi
2395 5251 2457 5288 ex
2505 5232 2932 5290 ofﬁciovmilitize
2964 5232 3229 5301 palatium,
3273 5234 3364 5301 qui
3400 5245 3454 5289 et

1905 5311 2108 5371 agenles
2138 5304 2190 5354 in
2232 5304 2401 5357 rebus.
2437 5303 2590 5356 Varia
2636 5307 2700 5357 de
2733 5306 2796 5357 iis
2831 5304 3044 5371 collegit
3089 5303 3455 5370 llosvweyilus

1904 5373 1956 5425 in
1982 5370 2352 5443 Onomastico.
2385 5373 2591 5443 Cangio
2620 5384 2702 5426 est
2731 5370 3234 5443 ofﬁcialisftagistri
3266 5373 3454 5443 officio-

1905 5457 2020 5492 runt
2051 5455 2068 5492 :
2095 5439 2152 5492 In
2204 5441 2421 5495 (Iodicis
2466 5439 2812 5504 regularum,
2863 5443 2930 5494 ab
2977 5439 3258 5494 llolﬂenio
3302 5441 3454 5503 editi,

1904 5519 2056 5579 parte
2090 5525 2148 5571 ιι,
2176 5525 2304 5580 pag.
2349 5512 2472 5574 477,
2523 5506 2867 5571 Critnlaicus,
2917 5510 3054 5562 idem
3088 5510 3289 5580 factum
3328 5525 3460 5580 nar-

1906 5577 2033 5633 i'ans
2068 5597 2080 5631 :
2119 5597 2135 5628 ι
2175 5577 2352 5644 Venit,
2385 5581 2579 5649 inquit,
2621 5582 2838 5650 quidam
2874 5580 3054 5643 homo,
3089 5577 3462 5650 nomiuellla-

1907 5653 2191 5718 gistratus,
2222 5668 2240 5700 ι
2293 5647 2652 5718 ineptissime
2680 5664 2890 5719 ponens
2937 5663 3136 5703 nomen
3179 5647 3466 5718 appellati-

1906 5733 2030 5771 vum
2059 5733 2159 5787 pro
2192 5720 2408 5775 nomine
2435 5721 2669 5789 proprio.
