4018 6304
554 336 656 403 867

1782 329 1839 387 S.
1868 323 2272 388 THEODORI
2314 322 2664 385 STUDlT/E

3723 326 3839 389 868

556 450 923 505 haereditatem
956 445 1110 501 valde
1141 458 1391 515 magnam
1429 460 1443 499 :
1486 452 1775 513 postquam
1814 443 1863 496 id
1890 442 2130 510 accepis-

2241 438 2570 508 διακριτικὸς
2612 435 2954 506 ύπῆρχεν,εῐ
3007 452 3139 488 ποτε
3180 436 3343 507 ᾕρετό
3372 453 3474 499 τις.
3513 438 3837 510 Πυθομένου

555 553 661 602 sel.
712 541 884 593 voluit
917 538 1187 593 scindere.
1229 536 1468 591 Procidit
1520 544 1702 589 autem
1750 534 2137 604 magistr-ianus

556 633 622 685 ad
660 632 822 700 pedes
846 629 986 697 ejus,
1013 629 1197 681 dicens
1220 625 1358 679 :Oro
1385 636 1456 687 te,
1481 639 1549 678 ne
1578 622 1799 678 scindas
1837 623 1967 675 illud
1998 622 2135 691 (85),

554 723 600 777 si
648 723 935 775 admittere
981 734 1224 773 recusas.
1269 717 1537 771 Prmtcrea
1572 715 1920 770 discernendi
1962 713 2137 767 facul-

555 822 667 867 tate
705 812 966 882 pollebat,
996 811 1040 864 si
1075 810 1198 879 quis
1238 824 1363 862 eum
1403 808 1780 877 interrogaret.
1813 805 2138 861 Sciscitante

554 905 721 974 igitur
754 905 949 957 abbate
983 902 1158 956 Marco
1189 902 1324 970 (84),
1362 910 1415 954 et
1446 900 1660 954 dicente
1700 917 1712 951 :
1748 899 1903 952 Anne
1931 898 2135 951 bonum

555 1007 658 1057 est,
684 997 921 1065 aliquem
956 995 1090 1047 nihil
1129 994 1329 1048 habere
1352 993 1527 1047 solatii
1552 993 1605 1045 in
1622 991 1755 1045 cella
1780 990 1902 1044 sua?
1927 988 2137 1042 Etenim

555 1088 664 1141 vidi
717 1087 939 1140 fratrem
1003 1085 1203 1139 habere
1237 1097 1402 1152 parva
1453 1082 1625 1145 olera,
1674 1096 1852 1150 eaque
1882 1080 2133 1134 evellere.

552 1177 655 1232 Cui
708 1193 918 1232 senex:
974 1176 1183 1229 Bonum
1224 1175 1505 1228 enimvero
1557 1185 1682 1228 est:
1731 1187 1920 1226 verum
1974 1180 2135 1239 prout

556 1270 796 1323 hominis
849 1268 1013 1322 fuerit
1066 1268 1323 1321 allectio:
1384 1267 1587 1321 etenim
1643 1268 1687 1321 si
1737 1282 1846 1320 non
1884 1266 2138 1319 habuerit

556 1360 725 1413 robur
766 1360 816 1412 in
859 1360 955 1412 tali
993 1360 1151 1412 modo
1195 1359 1412 1428 agendi,
1462 1359 1658 1413 iterum
1691 1358 1961 1429 plantabit
2000 1358 2130 1412 alia.

554 1452 704 1504 Alias
765 1466 983 1505 rursum
1071 1466 1235 1505 senex
1312 1452 1451 1505 dixit
1520 1451 1705 1505 abbati
1780 1451 2134 1505 Alexandro:

554 1544 783 1609 Quando
842 1543 1138 1597 abscideris
1183 1544 1425 1611 palmeos
1458 1553 1579 1598 tuos
1632 1559 1815 1597 ramos
1843 1542 1976 1612 (85),
2017 1539 2137 1597 veni

555 1646 617 1689 ut
652 1651 865 1689 mecum
917 1634 1197 1688 comedas.
1233 1635 1415 1689 Abbas
1445 1645 1623 1690 autem
1658 1635 1966 1690 Alexander
1994 1636 2137 1689 lente

556 1727 841 1780 laborabat
888 1740 952 1779 ac
1007 1726 1299 1778 moderate.
1359 1725 1532 1795 thue
1562 1724 1737 1779 adfuit
1768 1738 2004 1795 tempus,
2040 1728 2136 1780 ha—

557 1819 675 1873 buit
704 1819 1000 1872 etiamnum
1040 1818 1282 1885 palmeos
1326 1834 1507 1874 ramos
1536 1836 1550 1873 :
1590 1818 1886 1888 volensque
1915 1820 2129 1874 obtem-

557 1924 749 1977 perare
788 1908 1024 1962 sermoni
1059 1908 1237 1970 Senis,
1284 1910 1580 1976 permansit
1621 1924 1791 1979 usque
1843 1910 1971 1963 dum
2017 1927 2128 1965 rem

562 2010 725 2055 totam
771 2002 1111 2069 explevisset.
1164 2002 1345 2055 Abbas
1379 2000 1560 2069 itaque
1596 2002 1864 2056 Arsenius
1898 2011 1958 2057 ut
2000 2004 2132 2056 vidit

556 2104 683 2143 eum
756 2104 936 2143 moras
1010 2088 1248 2151 trahere,
1315 2090 1562 2157 cogitans
1620 2089 1665 2143 si
1720 2089 1859 2143 forte
1911 2092 2133 2145 haberet

558 2181 817 2249 hospites,
849 2180 1216 2234 manducavit.
1257 2180 1357 2235 Ast
1407 2180 1712 2234 Alexander
1755 2180 1845 2235 tibi
1877 2181 2128 2245 absolvit,

554 2288 779 2341 vespere
827 2274 1006 2327 rediit.
1052 2273 1151 2327 Cui
1205 2288 1411 2328 senex:
1458 2275 1541 2326 An
1574 2274 1814 2342 hospites
1854 2272 2134 2329 habuisti?

557 2361 696 2417 Ille:
746 2362 1117 2432 Nequaquam,
1161 2363 1357 2431 inquit.
1406 2359 1542 2413 Tum
1589 2376 1796 2415 senex:
1853 2360 1968 2413 Cur
2024 2376 2131 2413 non

556 2454 795 2507 venisti?
839 2454 1180 2523 Respondet:
1250 2452 1387 2517 Quia
1444 2452 1629 2506 dixisti
1687 2451 1841 2515 mihi,
1901 2450 2130 2516 Quando

556 2542 855 2596 abscideris
888 2552 1011 2595 tuos
1055 2556 1259 2607 ramos,
1288 2542 1443 2595 veni:
1477 2551 1530 2595 et
1570 2542 1867 2596 observans
1903 2542 2125 2594 manda-

2234 526 2328 583 οὖν
2376 528 2471 582 τοῦ
2518 529 2662 582 assa
2696 529 2925 597 Μάρκου
2959 529 3052 582 καὶ
3080 530 3367 597 λέγοντος’
3410 530 3593 584 Καλὸν
3638 532 3703 585 τὸ
3756 536 3837 603 μὴ

2236 624 2381 693 ἔχειν
2404 607 2529 676 ’mai
2556 624 2903 694 παράκλησιν
2935 625 2993 675 ἐν
3019 623 3096 694 τῷ
3130 625 3327 694 κελλίῳ
3354 625 3555 690 αὐτοῦς
3589 626 3685 678 καὶ
3715 628 3830 696 γὰρ

2237 714 2381 769 εἶδον
2419 715 2647 784 ἀδελφὸν
2688 716 2880 785 ἔχοντα
2921 717 3095 785 μικρὰ
3118 716 3325 786 λάχανα
3369 718 3465 770 καὶ
3498 718 3830 790 ἐκριςοῦντα

2237 808 2400 861 αὐτὰ.
2447 803 2616 861 Εἶπεν
2656 810 2685 861 ὀ
2716 808 2924 878 γέρωνο
2952 808 3129 862 Καλὸν
3161 809 3259 878 μέν
3293 811 3439 861 ἐστιν
3461 825 3475 837 '
3509 809 3647 864 ἀλλά
3693 811 3835 882 πρὸς

2235 899 2336 969 τὴν
2361 900 2471 965 ἓξιν
2499 899 2595 953 τοῦ
2618 900 2909 971 ἀνθρώπου
2934 919 2949 932 ·
2980 902 3076 953 ἐὰν
3101 900 3211 970 γὰρ
3241 902 3315 972 μὴ
3347 901 3445 971 ἔχῃ
3486 902 3642 973 ἰσχὺν
3671 905 3727 956 ἐν
3750 905 3831 972 τῷ

2238 992 2463 1059 τοιούτῳ
2497 993 2706 1061 τρόπῳ,
2740 992 2905 1045 πάλιν
2936 992 3157 1060 φυτεύει
3186 993 3343 1047 ἀλλα.
3375 992 3603 1048 Ἀλλοτε
3654 996 3820 1049 πάλιν

2239 1080 2392 1135 εἶπεν
2433 1084 2461 1134 ὁ
2485 1082 2662 1151 γέρων
2691 1082 2768 1151 τῷ
2790 1082 2934 1151 ἀϐὅᾷ
2963 1082 3322 1152 Ἀλεξάνδρῳ·
3349 1082 3471 1135 ”Οτ’
3493 1084 3560 1137 ἀν
3598 1084 3827 1153 ἀποσχί-

2240 1188 2340 1243 σῃς
2372 1172 2439 1224 τὰ
2466 1172 2657 1224 θαλλία
2690 1178 2704 1222 i
2738 1189 2851 1236 σου,
2884 1172 3043 1242 δεῦρο
3073 1173 3268 1241 γεῦσαι
3298 1173 3415 1242 μετ’
3445 1173 3602 1243 ἐμοῦ.
3650 1176 3708 1227 '0
3732 1171 3827 1227 οὖν

2238 1265 2413 1326 ἁδϐᾶς
2459 1264 2807 1335 Ἀλέξανδρος
2836 1264 3056 1335 ὁμαλῶς
3086 1265 3373 1337 εἰργάζετο
3409 1267 3504 1319 καὶ
3538 1268 3825 1332 ἐπιεικῶς,

2239 1357 2332 1409 καὶ
2359 1356 2434 1418 ὡς
2469 1356 2754 1424 γεγόνασιν
2785 1358 2819 1427 ἡ
2848 1356 2985 1427 ὥρα,
3010 1357 3197 1428 ἀκμὴν
3226 1351 3339 1426 εἶχε
3370 1357 3586 1423 θαλλεα,
3620 1361 3715 1413 καὶ
3736 1361 3826 1413 θέ-

2241 1448 2348 1501 λων
2383 1450 2619 1519 τηρῆσαι
2651 1447 2743 1501 τὸν
2773 1448 2929 1515 λόγον
2973 1449 3068 1501 τοῦ
3110 1450 3384 1519 γέροντος,
3412 1450 3665 1520 ἀνέμεινε
3690 1452 3827 1521 πλη-

2243 1540 2413 1610 ρῶσαι
2448 1541 2606 1593 αὐτά.
2653 1540 2712 1592 ’0
2760 1537 2853 1593 οὖν
2897 1540 3071 1603 assa;
3114 1541 3393 1611 Ἀρσὲνιος
3436 1542 3511 1605 ὡς
3553 1540 3691 1597 εἶδεν
3738 1545 3823 1595 ὅτι

2240 1632 2505 1703 ἑχρὸνισε,
2538 1631 2894 1701 λογισάμενος
2928 1632 3137 1702 μήποτε
3172 1632 3357 1698 ξένους
3390 1632 3568 1702 ἔσχεν,
3596 1636 3825 1703 ἐγεύσα-

2240 1742 2319 1780 το.
2367 1724 2425 1776 Ὀ
2468 1724 2523 1775 δὲ
2578 1721 2947 1794 ’Δλέξανδρος,
2993 1724 3068 1786 ὡς
3128 1724 3391 1789 ἐτέλεσεν,
3441 1726 3537 1795 ὀψὲ
3585 1726 3816 1794 ἀπῆλθε·

2238 1816 2332 1869 καὶ
2365 1815 2512 1882 λέγει
2547 1815 2695 1885 αύτῷ
2732 1816 2761 1865 ὁ
2807 1818 3020 1885 γέρων⁶
3056 1815 3249 1879 Ξένους
3276 1817 3466 1887 ἔσχες;
3501 1817 3608 1871 Kal
3638 1818 3818 1885 λέγει·

2238 1906 2392 1976 Οὐχί.
2428 1904 2592 1959 Εἶπον
2624 1905 2717 1960 οὖν
2743 1906 2892 1976 αύτῷ
2911 1922 2924 1935 ⁸
2954 1907 3079 1969 Πῶς
3106 1907 3205 1961 οὐκ
3227 1904 3390 1978 ἦλθες
3415 1927 3429 1975 ;
3472 1909 3530 1962 ’0
3562 1909 3619 1961 δὲ
3645 1909 3818 1975 λέγει’

2239 1998 2362 2050 Ὅτι
2413 1994 2565 2061 εἶπές
2612 2013 2726 2067 μοι·
2768 1997 2886 2049 Ὀτ’
2918 1998 2983 2051 ἂν
3033 1999 3339 2071 ἀποσχίσῃς
3378 2000 3448 2052 τά
3486 1999 3674 2053 θαλλία
3700 2018 3817 2063 σου.

2238 2088 2380 2151 ἐλθὲ,
2413 2090 2508 2140 xal
2539 2089 2722 2159 τηρῶν
2752 2106 2844 2141 σου
2884 2090 2972 2143 τὸν
3004 2090 3183 2158 λόγον,
3215 2092 3315 2143 οὐκ
3352 2087 3541 2162 ἦλθον,
3576 2092 3658 2144 ὅτι
3693 2092 3820 2163 ἄρτι

2238 2180 2553 2249 ὲπλήρωσα.
2590 2181 2697 2233 Kal
2741 2179 3052 2251 ἐθαύμαζεν
3098 2183 3125 2234 ὁ
3161 2182 3340 2253 γέρων
3387 2184 3486 2252 τὴν
3528 2183 3820 2253 ἀκρίϐειαν

2245 2268 2430 2333 αὑτοῦ,
2462 2268 2557 2321 καὶ
2580 2269 2729 2336 λέγει
2753 2270 2929 2338 αὐτῷ·
2965 2271 3289 2342 Ταχυτέρως
3320 2273 3579 2338 κατάλυε,
3614 2274 3700 2327 ἵνα
3726 2278 3820 2328 καὶ

2239 2360 2340 2429 τὴν
2382 2360 2600 2425 σύναξὶν
2644 2378 2736 2412 σου
2771 2361 2937 2431 βάλῃς
2974 2362 3020 2429 lt,
3059 2364 3273 2418 καὶτοῦ
3297 2364 3487 2428 ὕδατός
3530 2382 3624 2418 σου
3649 2383 3818 2436 μετα-

2236 2450 2541 2521 λαμϐάνῃςο
2570 2453 2619 2504 ει
2652 2452 2709 2505 δὲ
2756 2454 2923 2524 μήγε,
2957 2455 3169 2525 ταχέως
3223 2456 3335 2527 ἔχει
3385 2458 3447 2509 τὸ
3495 2458 3656 2527 σῶμά
3714 2475 3810 2511 σου

2230 2542 2548 2611 ἀσθενῆσαι.

559 2644 671 2687 ιυιη
712 2642 860 2686 tuum
909 2631 1117 2703 [citius]
1152 2647 1257 2686 non
1289 2634 1413 2687 veni
1446 2652 1461 2688 :
1500 2635 1661 2690 modo
1685 2636 1830 2688 enim
1877 2635 2116 2689 laborem
2158 2637 2444 2704 complevi.
2490 2637 2555 2691 Et
2620 2638 2851 2697 miratus
2917 2651 3001 2697 est
3027 2658 3191 2697 senex
3227 2642 3642 2699 accurationem
3669 2646 3813 2716 ejus,

555 2733 613 2777 et
640 2724 770 2778 dicit
814 2724 906 2779 ei:
948 2723 1110 2778 Ocius
1147 2724 1347 2779 diverte
1376 2726 1512 2795 (86),
1541 2740 1597 2781 ut
1638 2727 1868 2797 synaxin
1895 2726 2007 2797 (87)
2033 2725 2326 2795 persolvas,
2383 2738 2438 2783 et
2492 2745 2689 2800 aquam
2715 2741 2862 2786 tuam
2900 2733 3009 2803 (88)
3043 2748 3269 2788 sumas:
3301 2732 3387 2787 sin
3456 2735 3663 2800 minus,
3706 2748 3819 2792 sta-

556 2814 655 2869 tim
680 2831 878 2881 corpus
905 2824 1054 2870 tuum
1093 2816 1292 2871 incidet
1319 2817 1372 2870 in
1402 2818 1789 2874 infirmitatem.

632 2910 717 2965 t8.
762 2910 876 2965 Non
964 2911 1253 2966 verebatur
1328 2910 1519 2965 beatus
1592 2912 1826 2981 quodam
1894 2920 2137 2982 tempore

557 3001 831 3056 humiliari
879 3017 1060 3055 coram
1129 3000 1409 3070 discipulis
1475 3000 1611 3055 suis.
1659 3000 1794 3055 Dum
1844 3001 2138 3071 aliquando

562 3094 825 3148 resideret
852 3093 904 3146 in
942 3093 1292 3146 inferioribus
1331 3092 1579 3162 partibus
1627 3093 1681 3133 ί*
1714 3103 1768 3148 et
1788 3095 2134 3155 turbaretur,

559 3182 735 3233 visum
764 3190 845 3233 est
868 3180 913 3233 ei
944 3181 1135 3233 cellam
1168 3182 1510 3250 relinquere;
1561 3182 1694 3235 nihil
1724 3198 1789 3237 ex
1816 3183 1902 3235 illa
1945 3198 2128 3236 secum

561 3268 750 3323 fcrenti
785 3269 1209 3340 :profectusque
1244 3281 1326 3326 est
1353 3272 1418 3325 ad
1445 3273 1740 3340 discipulos
1768 3288 1897 3327 suos
1931 3273 2133 3327 Phara-

560 3360 703 3413 nitas
753 3359 1116 3413 Alexandrum
1164 3375 1227 3413 ac
1279 3359 1513 3414 Zoilum.
1555 3360 1699 3414 Dixit
1734 3376 1863 3431 ergo
1894 3363 2132 3416 Alexan-

559 3450 696 3503 dro:
738 3450 928 3518 Surge,
962 3462 1015 3503 et
1048 3450 1261 3520 naviga.
1294 3450 1360 3504 Et
1404 3466 1608 3506 morem
1646 3454 1831 3521 gessit.
1878 3456 1954 3507 Ac
1983 3453 2133 3507 Zoilo

560 3537 745 3591 dixit:
792 3536 919 3591 Veni
986 3554 1194 3592 niecum
1248 3553 1419 3607 usque
1458 3538 1525 3591 ad
1576 3538 1796 3602 flumen,
1849 3550 1899 3593 et
1951 3554 2133 3608 quaere

562 3628 692 3683 Inibi
720 3644 933 3692 navem,
966 3644 1085 3698 qua:
1123 3630 1504 3698 Alexandriam
1543 3646 1731 3685 versus
1772 3631 1888 3685 vela
1935 3630 2125 3685 faciat:

562 3717 750 3785 sicque
782 3726 836 3770 tu
874 3717 941 3771 ad
984 3718 1207 3774 fratrem
1268 3714 1418 3774 tuum
1472 3718 1684 3789 naviga.
1720 3718 1902 3775 Zoilus
1952 3730 2132 3775 autem

2310 2912 2402 2977 ιη’.
2444 2908 2557 2961 Ούκ
2602 2909 2770 2962 ἐδεῖτο
2817 2911 2873 2962 δὲ
2903 2912 3294 2968 ταπεινοῦσθαι
3338 2915 3516 2985 καιρῷ
3555 2933 3662 2970 τινι
3706 2919 3820 2980 τοῖς

2239 3000 2430 3052 ἑαυτοῦ
2492 3001 2760 3071 μαθηταῖς
2806 3002 2835 3054 ὁ
2914 3004 3179 3076 μακάριος
3228 3006 3595 3078 καθεζομένου
3650 3008 3819 3061 αὐτοῦ

2239 3105 2366 3140 ποτε
2414 3089 2473 3140 ἐν
2518 3091 2629 3152 τοῖς
2694 3091 2843 3144 κάτω
2882 3094 3094 3163 μέρεσι,
3126 3099 3220 3148 καὶ
3253 3096 3598 3167 ὀχλουμένου,
3640 3099 3822 3165 ἔδοξεν

2238 3180 2387 3248 αὐτῷ
2419 3180 2738 3235 καταλιπεῖν
2769 3183 2827 3236 τὸ
2860 3184 3090 3252 κελλίον,
3134 3188 3300 3257 μηδὲν
3331 3186 3391 3253 ἐξ
3417 3190 3581 3243 αὑτοῦ
3617 3190 3817 3245 λαϐών.

2239 3272 2347 3323 Kal
2382 3272 2653 3343 ἐπορεύθη
2699 3273 2835 3345 πρὸς
2864 3277 2989 3339 τοὺς
3014 3278 3209 3331 ἑαυτοῦ
3239 3279 3512 3351 μαθητὰς,
3549 3284 3677 3347 τοὺς
3715 3285 3820 3336 Φα-

2242 3363 2489 3434 ρανίτας,
2532 3364 2885 3437 Ἀλέξανδρον
2916 3369 3010 3422 καὶ
3040 3369 3262 3425 Ζώῖλον.
3297 3367 3464 3426 Εἶπεν
3497 3371 3594 3428 οὖν
3630 3374 3817 3441 Ἀλεξ-

2241 3455 2448 3526 ἀνδρῳ·
2488 3458 2740 3523 Ἀνάστα,
2773 3462 3129 3518 ἀνάπλευσον.
3168 3466 3276 3519 Kal
3314 3467 3571 3537 ἐποίησεν
3622 3469 3813 3531 οὕτως.

2241 3549 2350 3601 Kal
2377 3550 2455 3619 τῷ
2484 3550 2673 3621 Ζωΐλῳ
2707 3550 2859 3608 εἶπεν
2881 3572 2896 3588 ο
2934 3556 3105 3628 Δεῦρο
3135 3561 3254 3628 μετ’
3282 3561 3414 3630 ἐμοῦ
3453 3562 3561 3621 ἕως
3588 3562 3684 3613 τοῦ
3718 3579 3818 3613 πο-

2236 3641 2432 3710 ταμοῦ,
2455 3644 2550 3698 καὶ
2579 3646 2817 3718 ζήτησον
2847 3667 2938 3718 μοι
2962 3650 3145 3704 πλοῖον
3168 3651 3260 3703 ἐπὶ
3288 3652 3387 3721 τὴν
3405 3652 3819 3724 Ἀλεξάνδρειαν

2242 3732 2530 3790 ἁναπλὲον.
2565 3738 2674 3791 Kal
2715 3739 2888 3804 οὓτως
2932 3742 3026 3796 καὶ
3074 3742 3140 3794 σὺ
3182 3742 3521 3798 ἀνάπλευσον
3553 3743 3689 3815 πρὸς
3726 3746 3818 3797 τὸν

1857 3859 2094 3919 VARle
2131 3867 2534 3929 LECTIONES.

641 3972 683 4011 i‘
717 3970 823 4025 Vit.
887 3970 1004 4025 PP.
1070 3971 1165 4026 lib.
1196 3986 1249 4039 v,
1279 3971 1445 4028 libell.
1501 3973 1590 4041 l5,
1654 3989 1805 4031 num.
1853 3976 1910 4043 9,
1954 3978 2163 4033 addunt
2193 3980 2439 4052 .Egypti.

2522 3998 2535 4035 ι
2576 3986 2649 4041 al.
2688 3988 2836 4058 βαΐα.
2914 3990 2939 4029 ιι
2970 3992 3040 4045 al.
3078 3995 3238 4063 ποιῇς
3275 3992 3591 4064 ἀταράχως.

2083 4091 2311 4151 NOTE.

629 4201 742 4273 (83)
782 4201 1045 4273 Subditur
1075 4202 1128 4256 in
1164 4202 1272 4257 Vit.
1318 4203 1431 4258 PP.
1473 4224 1491 4255 ι
1523 4205 1657 4271 Quia
1698 4205 1969 4259 incidetur
1994 4204 2127 4259 mihi

558 4283 740 4340 caput.
778 4272 844 4325 Et
874 4273 1005 4325 dicit
1032 4274 1082 4327 ei
1118 4274 1286 4344 abhas
1313 4275 1575 4329 Arsenius
1608 4293 1619 4327 :
1654 4274 1765 4343 Ego
1794 4276 1949 4344 prius
1982 4291 2128 4328 mor-

562 4353 685 4395 tuus
722 4357 865 4404 sum,
898 4358 1061 4410 quam
1102 4344 1221 4407 ille;
1277 4343 1391 4411 ipse
1443 4353 1624 4397 autem
1669 4343 1830 4398 modo
1873 4353 2125 4399 mortuus

2238 4224 2375 4278 opus
2419 4212 2533 4293 jam
2589 4214 2661 4270 ita
2715 4216 3055 4293 impleverat,
3094 4231 3167 4293 ut
3211 4236 3319 4276 non
3373 4223 3565 4279 fuisset
3609 4229 3814 4281 reditu-

2238 4294 2332 4335 rus
2390 4290 2497 4361 nisi
2552 4297 2838 4361 postquam
2901 4290 3031 4345 illud
3093 4291 3450 4361 iniplevisset.
3511 4294 3811 4353 Cotelerius

2235 4363 2361 4422 pag.
2390 4352 2494 4430 {559
2523 4352 2861 4430 vertit—solve
2896 4361 3148 4427 (addens,
3172 4352 3313 4430 'quid
3345 4363 3393 4416 vi
3427 4364 3579 4417 verbi
3608 4352 3811 4421 διαλύώ

553 4412 1694 4512 εξξλέξξιηοξηοηιξιξς.¹ηεηὶεξξί;ε.ἱιὲετξτάθιπξξ.;ἓι
1714 4415 1937 4512 tertii"
1954 4423 2131 4512 15:52:
2160 4417 2209 4475 υ
2237 4412 2750 4512 ξεξξῑεηξξξιηιξοε·ιεξμν),
2773 4412 3450 4512 idemmlle'dééiiubd
3467 4412 3808 4512 's'ét'véiv’dh'ﬁ?

553 4489 835 4555 mentum;
898 4480 1031 4555 n_ihi_l
1087 4482 1382 4555 accipiens.
1419 4500 1436 4533 ι
1500 4481 1662 4555 Hunc
1714 4484 1893 4539 locum
1954 4486 2126 4555 tangit

553 4550 882 4622 biographus
932 4550 1071 4622 infra
1116 4566 1268 4606 num.
1313 4552 1383 4605 26
1428 4553 1532 4607 sub
1566 4554 1765 4622 finem;
1813 4564 1875 4610 ut
1920 4550 2121 4609 miru'm

554 4619 627 4673 sit
653 4620 741 4673 hic
779 4619 976 4673 omitti.

621 4689 985 4765 (Qtleemne
1011 4690 1111 4765 ille
1135 4689 1366 4756 Marcus,
1395 4693 1489 4762 qui
1532 4707 1878 4765 suprainum.
1915 4696 1946 4749 7
1980 4697 2118 4765 (not.

552 4758 684 4830 45)?
738 4759 811 4813 De
854 4758 1456 4834 _sancto_honionymo_,
1503 4758 1773 4818 monacho
1820 4766 1873 4818 in
1911 4758 2119 4834 Scethi,

551 4844 675 4884 cum
713 4830 919 4898 epocha
963 4830 1088 4883 anni
1138 4830 1359 4885 circiter
1388 4831 1513 4894 400,
1553 4842 1733 4887 artum
1770 4836 1859 4889 die
1903 4837 1935 4889 5
1970 4830 2120 4891 Mar;

553 4900 635 4961 tii,
668 4915 789 4969 pag.
828 4898 966 4974 561;
1002 4901 1092 4954 ubl
1122 4902 1263 4974 et_de
1293 4902 1505 4974 duobus
1540 4903 1662 4959 aliis
1702 4919 1825 4974 pag.
1857 4904 1979 4959 568.
2006 4908 2121 4962 Cie-

551 4979 727 5042 _teru_i_n
762 4969 1045 5042 res‘hicua
1088 4970 1355 5042 scriptore
1403 4972 1538 5026 Vita:
1570 4969 1855 5042 expressa,
1888 4976 2120 5032 habetur

550 5039 605 5093 in
658 5036 761 5091 Vit.
794 5036 908 5092 PI’.
950 5039 1043 5093 lib.
1078 5056 1130 5104 v,
1167 5036 1335 5095 libell.
1371 5042 1457 5109 10,
1505 5036 1659 5097 ιιιιῐηξ
1692 5042 1758 5110 7;
1786 5036 1931 5115 apud
1960 5047 2121 5102 Cote-

550 5108 649 5162 ler.
686 5124 805 5162 nae.
848 5110 974 5162 358.

570 5123 649 5163 er.
686 5124 805 5163 ΒΜ.
848 5123 974 5162 ὒῧδ.

623 5150 1034 5254 (εὲῖδύίὶῖνὶίρ.
1066 5180 1358 5254 palmulas.
1395 5181 1574 5254 Qalta
1603 5183 1836 5254 simplici
1868 5185 1899 5237 λ
1929 5188 2119 5243 scribit

549 5246 814 5322 caligius.
844 5251 987 5322 quod
1022 5269 1039 5299 ι
1068 5246 1126 5303 in
1169 5250 1391 5322 Lexico,
1425 5252 1623 5322 inquit,
1656 5246 1755 5309 Ms.
1782 5256 2114 5321 Nicomedis,

549 5318 847 5439 ςτῧάφύλλα
885 5321 993 5371 τῶν
1038 5321 1317 5389 φοινῖκων,
1366 5318 1858 5392 folia—palmarum.
1893 5343 1911 5375 υ
1955 5318 2114 5383 Plura

551 5402 565 5439 l
615 5404 624 5436 t
671 5403 775 5439 rm.

551 5402 775 5440 ιυιυιιιη.

622 5457 733 5523 (86)
783 5456 913 5510 γὶιίε
944 5456 1051 5512 PP.
1091 5461 1184 5513 lib.
1224 5474 1276 5521 ν,
1321 5462 1486 5516 libell.
1520 5463 1605 5528 Η,
1649 5480 1800 5519 num.
1835 5468 1858 5519 1
1896 5486 1909 5521 :
1944 5486 1961 5518 ι
1992 5468 2113 5523 Dis-

544 5525 769 5595 jungere
796 5527 1085 5597 (interpres
1118 5531 1304 5599 legerit
1331 5525 1620 5598 καταλύου)
1651 5536 1719 5589 ab
1743 5552 1907 5605 Opere
1934 5547 2057 5604 tuo;
2088 5558 2109 5591 ι

548 5597 641 5669 sed
685 5614 705 5669 ι
736 5597 929 5669 inscite
973 5608 1025 5651 et
1058 5602 1238 5653 alieno
1278 5602 1435 5669 plane
1463 5618 1652 5667 sensu,
1689 5622 1705 5655 ι
1742 5606 1919 5669 inquit
1967 5621 2113 5664 recte

548 5624 641 5648 acu
688 5624 703 5645 x
736 5624 929 5651 unum:
973 5624 1025 5651 cr.
1058 5624 1238 5653 attcttu
1278 5624 1435 5669 plant:
1463 5624 1652 5667 sensu,
1689 5624 1705 5655 ι
1743 5624 1919 5675 inqutt
1967 5624 2112 5664 l‘CClc

548 5664 852 5741 fiotelerius
900 5668 950 5720 in
992 5671 1133 5723 notis
1164 5671 1268 5724 col.
1296 5672 1396 5724 799
1423 5690 1436 5725 :
1465 5675 1742 5741 quomodo
1771 5678 1914 5731 enim
1952 5698 1969 5729 ι
1999 5679 2112 5734 dis-

546 5734 699 5806 jungi
745 5737 812 5793 ab
860 5752 1042 5810 opere,
1075 5760 1091 5790 ι
1145 5756 1239 5797 seu
1289 5755 1429 5812 Opus
1475 5734 1687 5801 mittere
1715 5746 1968 5818 iubetur,
2017 5752 2111 5820 qui

2235 4488 2506 4558 jejunium
2551 4488 3017 4572 indicét'potius;
3065 4501 3116 4554 id
3147 4488 3374 4570 quodin
3412 4506 3665 4572 proximo
3690 4488 3805 4569 ea;

2233 4577 2251 4642 ς
2285 4576 2481 4642 aquam
2511 4573 2656 4617 tuam
2678 4583 2883 4642 sumas.
2912 4569 3147 4639 allaque
3167 4569 3452 4641 prwplacct
3477 4575 3750 4640 «diverte;
3782 4598 3801 4627 ι

2228 4629 2336 4712 hoc
2376 4635 2522 4685 enim
2566 4637 2820 4712 καταλύω
2852 4629 2952 4712 per
2987 4629 3128 4694 se'et
3159 4629 3211 4695 vi
3243 4629 3395 4712 vocis
3432 4644 3721 4712 significat,
3739 4629 3807 4700 ἐι

2224 4699 2461 4780 cohaeret
2495 4717 2626 4781 eum
2672 4699 2948 4781 adjunctis
2980 4729 2992 4763 :
3027 4712 3185 4779 quasi
3218 4711 3372 4765 dicas
3402 4730 3414 4765 :
3444 4699 3588 4768 inutro
3624 4724 3674 4768 te
3711 4699 3803 4770 'reé

2222 4778 2366 4851 cipe,
2415 4778 2649 4851 quiesce
2675 4778 2994 4851 paululum,
3034 4778 3091 4833 nt
3139 4784 3368 4850 synaxin
3417 4797 3513 4837 seu
3569 4784 3804 4840 ofﬁcium

2222 4844 2421 4919 recites
2451 4844 2525 4908 (et
2558 4845 3003 4919 quidemtprout
3037 4844 3195 4903 habet
3222 4851 3324 4905 alia
3364 4851 3528 4907 lectio
3558 4857 3625 4907 ad
3659 4872 3802 4908 mar-

2223 4916 2401 4988 ginem
2459 4919 2651 4995 textus
2686 4916 2827 4995 apud
2877 4918 3205 4995 Coteleriinn
3257 4925 3800 4995 notataatapizmg,

2221 4984 2333 5058 sine
2358 4984 2793 5058 perturbatione),
2825 4996 2879 5040 et
2909 4989 3104 5042 deinde
3138 4988 3333 5044 famem
3364 4992 3552 5056 pellas,
3590 4984 3802 5049 refincias

2222 5056 2398 5125 vires,
2466 5056 2732 5107 smuendo
2771 5072 2970 5125 aquam
3034 5069 3211 5123 tuam;
3270 5062 3367 5113 Sin
3422 5064 3627 5125 minus,
3692 5075 3797 5119 etc.

2289 5118 2402 5199 (8_7)
2444 5125 2685 5199 _Synaxis
2717 5118 2915 5199 praeter
2962 5128 3066 5181 alia
3104 5118 3377 5199 significat
3427 5118 3665 5186 ofliciuin
3712 5152 3803 5186 ee-

2220 5188 2623 5270 clesia'sticunth,
2661 5188 2732 5270 uti
2764 5197 2967 5270 videsis
2998 5188 3438 5270 apnilvflangium
3486 5204 3541 5255 in
3581 5202 3800 5256 (ἐΙοεδαο

2220 5260 2298 5311 rio
2321 5259 2539 5317 Latino.
2573 5264 2880 5336 Cotelerius
2925 5259 3047 5336 pag:
3082 5269 3184 5324 559
3213 5286 3224 5321 :
3261 5259 3431 5335 (Quo
3467 5282 3523 5325 et
3547 5272 3796 5327 ()lliciuin

2219 5337 2371 5408 tuum
2403 5335 2619 5408 reciteS.
2656 5354 2672 5385 ι
2727 5334 2826 5387 Vit.
2866 5336 2977 5389 PP.
3001 5334 3131 5393 loco
3162 5334 3404 5408 proxime
3432 5341 3601 5394 citato
3631 5362 3643 5394 :
3678 5362 3696 5392 ι
3732 5342 3797 5397 Ut

2216 5410 2270 5452 et
2295 5402 2660 5458 ministerium
2698 5408 2960 5473 psallendi
3007 5402 3192 5462 facias.
3228 5428 3244 5459 ι
3283 5408 3459 5463 Malim
3493 5430 3511 5460 ι
3544 5412 3792 5465 Ollicimn

2216 5480 2369 5547 tuum
2416 5474 2664 5547 perlicias
2705 5479 2786 5529 vel
2826 5480 3049 5541 recites;
3087 5498 3103 5529 ι
3141 5480 3268 5547 quid
3303 5480 3447 5532 enim
3495 5481 3583 5535 hic
3629 5485 3793 5535 mini-

2216 5542 2444 5596 sterium
2496 5545 2786 5612 psallendi,
2836 5557 2944 5601 etc.
2993 5565 3115 5601 cum
3149 5542 3321 5603 vacuo
3364 5553 3693 5613 ventriculo.
3739 5562 3794 5607 et

2216 5624 2428 5692 sumina
2466 5615 2767 5692 debilitate,
2808 5616 3044 5672 indicata
3074 5635 3165 5688 per
3211 5620 3269 5671 τὸ
3296 5618 3390 5674 Sin
3418 5622 3611 5687 minus,
3659 5634 3791 5692 etc.,

2214 5682 2371 5752 quod
2400 5684 2684 5752 sequitur?

2292 5750 2405 5821 (88)
2444 5750 2563 5810 Non
2595 5757 2777 5826 utique
2814 5774 3005 5828 aquam
3053 5774 3296 5832 meram;
3336 5776 3459 5833 quae
3498 5762 3633 5820 nihil
3661 5778 3790 5836 pro-
