4018 6304
184 393 290 455 869

857 385 1138 447 ORATIO
1180 384 1314 443 XII.
1351 406 1416 417 ··-
1456 375 1834 439 LAUDATIO
1860 376 1920 435 S.
1961 375 2271 435 ARSENII
2316 373 2859 435 ANACIIORET/E.

3334 366 3442 430 870

186 502 417 571 ἀδελφόν
446 515 571 552 σου.
606 496 665 551 Ὀ
691 498 747 551 δὲ
776 496 972 559 Ζὼῐλος
1028 496 1122 547 ἐπὶ
1153 493 1232 562 τῷ
1270 491 1413 560 λόγῳ
1453 486 1766 558 ταραχθεὶς,

1881 484 1959 537 his
1996 484 2158 540 dictis
2183 486 2452 550 turbatus,
2483 486 2689 539 tacuit:
2719 494 2882 554 atque
2911 482 2985 537 ita
3014 481 3153 537 alter
3175 481 3243 537 ab
3267 484 3444 537 altero

189 594 491 662 ἐσιώπησε,
551 590 645 642 καὶ
700 588 872 650 οὕτως
931 584 1306 655 ἐχωρίσθησαν
1362 583 1456 636 ἀπ’
1499 580 1761 649 ἀλλήλων.

189 682 480 753 Κατῆλθεν
523 676 618 733 οὖν
665 682 693 732 6
733 680 910 748 γέρων
944 676 1038 729 ἐπὶ
1074 675 1144 727 τὰ
1177 676 1319 745 μέρη
1358 673 1636 740 Θηὸαἲδος,
1672 672 1767 725 καὶ

188 774 495 844 ἠσθένησεν
542 770 856 842 ἀρρωστίαν
887 767 1151 836 μεγάλην.
1186 767 1249 819 Οἱ
1277 765 1333 818 δὲ
1360 763 1549 817 τούτου
1583 764 1766 816 διακο-

190 865 354 933 νηταὶ
387 858 544 915 εἷπον
570 861 708 931 πρὸς
743 858 1006 928 ἀλλήλους
1030 875 1043 889 ·
1075 858 1167 928 Μὴ
1198 856 1310 927 ἀρά
1343 873 1428 918 τις
1456 854 1613 925 ἡμῶν
1642 852 1765 906 ἐλύ-

189 973 335 1027 πησε
389 954 484 1010 τὸν
538 953 797 1024 γέροντα,
845 951 941 1005 καὶ
993 950 1081 1004 διὰ
1129 949 1290 1004 τοῦτο
1344 946 1618 1019 ἐχωρίσθη
1672 944 1766 1014 ἀφ’

188 1047 351 1118 ἡμῶν
377 1061 393 1112 ;
429 1046 541 1099 Kal
565 1046 665 1113 οὐχ
704 1038 864 1113 εὖρον
888 1043 946 1094 ἐν
970 1042 1181 1104 ἑαυτοῖς
1214 1038 1387 1092 οὐδέν.
1427 1036 1682 1106 ’Υγιάνας
1709 1038 1766 1091 δὲ

188 1139 220 1190 6
246 1138 430 1206 γέρων
458 1131 642 1188 εἶπεν*
670 1133 1015 1202 Πορεύσομαι
1040 1130 1179 1201 πρὸς
1206 1131 1332 1192 τοὺς
1361 1129 1604 1197 πατέρας
1641 1144 1764 1197 μου.

193 1230 310 1281 Kal
336 1226 511 1289 οὕτως
541 1224 886 1287 ἀναπλεύσας
916 1219 1081 1292 ἦλθεν
1124 1224 1202 1286 είς
1234 1222 1334 1291 τὴν
1362 1220 1597 1289 Πέτραν,
1632 1220 1767 1274 ὃπου

192 1315 336 1390 ἦσαν
358 1321 407 1372 οἱ
433 1317 673 1389 μαθηταὶ
696 1315 889 1370 αὐτοῦ.
922 1316 1111 1378 Ὄντος
1139 1313 1197 1367 δὲ
1227 1311 1392 1367 αὑτοῦ
1424 1310 1649 1381 πλησίον
1674 1308 1766 1362 τοῦ

194 1409 471 1479 ποταμοῦ,
520 1408 783 1478 παιδίσκη
817 1423 901 1470 τις
936 1406 1262 1460 Αίθιόπισσα
1304 1402 1552 1465 ἐλθοῦσα,
1591 1401 1769 1470 ἥψατο

198 1500 465 1571 μηλωτῆς
504 1498 693 1553 αὑτοῦ.
726 1484 786 1552 ’ὁ
818 1499 875 1552 δὲ
902 1497 1081 1567 γέρων
1121 1495 1452 1564 ἐπετίμησεν
1497 1492 1656 1561 αὐτῇ,
1704 1491 1767 1542 Ἦ

194 1588 292 1646 οὖν
320 1589 578 1659 παιδίσκη
602 1590 750 1657 λέγει
774 1588 947 1659 αὐτῷ·
973 1588 1038 1643 El
1071 1585 1301 1657 μοναχὸς
1327 1580 1395 1646 εἴ,
1432 1581 1662 1651 πορεύου
1691 1583 1770 1643 εἰς

192 1683 259 1736 τὸ
289 1682 436 1753 ὅρος.
480 1681 539 1734 Ὀ
566 1681 621 1734 δὲ
648 1682 829 1751 γέρων
860 1681 953 1733 ἐπὶ
982 1678 1060 1748 τῷ
1095 1679 1238 1748 λόγῳ
1270 1673 1613 1742 κατανυγεὶς,
1652 1673 1771 1726 ἕλε-

1871 574 2105 643 sejuucti
2131 586 2278 630 sunt.
2311 576 2594 630 Descendit
2625 576 2789 645 igitur
2808 590 2973 630 senex
3009 574 3064 629 in
3092 583 3276 644 partes
3297 574 3445 628 Tlte-

1871 669 2046 725 baidis
2097 669 2233 738 (89),
2288 670 2545 738 gravique
2599 668 2917 723 inﬁrmitate
2996 675 3283 736 correptus
3336 676 3443 720 est.

1872 761 2098 817 Ministri
2125 769 2305 815 autem
2349 759 2468 830 ejus
2508 760 2766 814 dixerunt
2799 760 2941 813 inter
2974 773 3076 814 se:
3122 759 3203 811 An
3249 759 3450 828 aliquis

1871 863 2117 909 nostrum
2154 851 2502 907 contrismvit
2542 867 2749 916 senem,
2782 866 2959 919 eaque
2989 851 3056 905 de
3082 865 3247 905 causa
3285 866 3313 904 a
3342 865 3444 904 no-

1871 946 1955 1000 bis
2001 944 2277 1008 sejunctus
2314 946 2435 999 est?
2461 944 2527 998 Et
2557 959 2663 997 non
2700 944 3021 997 invenerunt
3066 942 3362 1011 quidquam
3396 941 3450 995 in

1871 1050 1930 1090 se
1981 1037 2173 1104 culpae.
2217 1033 2448 1089 Sauitati
2494 1045 2676 1089 autem
2718 1033 3003 1088 restitutus
3040 1047 3227 1095 senex,
3261 1032 3444 1086 dixit:

1878 1125 1969 1181 Ibo
2005 1126 2071 1181 ad
2116 1134 2299 1195 patres
2330 1141 2521 1191 meos;
2551 1135 2603 1180 et
2636 1125 2716 1180 sic
2755 1124 2880 1178 navi
2925 1132 3173 1179 revectus
3210 1125 3356 1177 venit
3392 1122 3446 1176 in

1870 1216 2088 1273 Petram
2116 1216 2251 1287 (90),
2283 1217 2375 1273 ubi
2427 1224 2584 1271 erant
2620 1215 2872 1285 discipuli
2927 1213 3069 1283 ejus.
3126 1212 3260 1265 Cum
3318 1227 3448 1265 vero

1871 1322 2040 1376 prope
2086 1306 2309 1361 ﬂuvium
2362 1317 2525 1369 esset,
2569 1306 2747 1373 puella
2811 1306 3058 1375 quaedam
3109 1303 3444 1371 Ethiopissa

1872 1398 2137 1453 accedens
2195 1400 2369 1469 tetigit
2406 1397 2639 1451 meloten
2675 1396 2784 1468 (91)
2816 1397 3010 1464 ipsius.
3058 1396 3127 1447 At
3158 1410 3323 1448 senex
3360 1395 3444 1447 in—

1872 1489 2111 1557 crepavit
2152 1503 2292 1543 eam.
2343 1488 2527 1543 Puella
2557 1503 2689 1543 vero
2714 1489 2850 1543 dixit
2880 1488 2955 1542 illi
2988 1506 3001 1541 :
3060 1487 3116 1542 Si
3147 1486 3447 1539 monachus

1872 1592 1952 1642 08,
1998 1579 2130 1632 vade
2158 1579 2224 1632 ad
2270 1588 2532 1633 montem.
2580 1576 2754 1632 Senex
2788 1588 2969 1631 autem
3012 1590 3263 1631 sermone
3296 1589 3446 1627 00111-

1876 1678 2129 1739 punctus,
2169 1670 2381 1729 dicebat
2410 1670 2551 1725 intra
2579 1684 2637 1724 se
2666 1687 2679 1725 :
2707 1670 2925 1730 Arseni,
2963 1668 3009 1723 si
3034 1668 3336 1721 monachus
3364 1682 3444 1729 es,

194 1791 295 1841 γεν
325 1776 383 1825 ἐν
419 1771 625 1842 ἑαυτῷ·
667 1772 931 1840 Ἀρσένιε,
968 1771 1016 1822 εί
1066 1768 1294 1840 μοναχδς
1323 1765 1392 1830 εί,
1418 1766 1649 1835 πορεύου
1691 1766 1772 1828 εἰς

1881 1761 2013 1815 vade
2057 1760 2123 1815 ad
2168 1770 2427 1816 montem.
2485 1761 2695 1815 Interea
2744 1770 3040 1815 occurrunt
3069 1759 3117 1813 ei
3146 1758 3451 1812 Alexander

194 1826 259 1918 τὸ
290 1866 415 1933 ὅρος
440 1881 455 1895 ο
489 1826 586 1916 καί
614 1862 707 1915 ἐπὶ
732 1826 891 1916 τοῦτο
918 1826 1239 1931 ἀπήντησαν
1269 1826 1417 1928 αὑτῷ
1438 1860 1464 1911 ὃ
1491 1826 1551 1910 τε
1595 1826 1776 1923 ’Δλέξζ

1881 1857 1934 1904 et
1985 1848 2203 1912 Zoilus;
2256 1865 2491 1918 cumque
2553 1850 2914 1919 procidissent
2969 1849 3035 1903 ad
3096 1850 3260 1918 pedes
3309 1848 3448 1914 eius,

196 1957 395 2027 ανδρος
419 1955 513 2008 xal
541 1954 761 2017 Ζώῖλος,
788 1954 882 2007 καὶ
905 1951 1276 2005 ἐπιπεσόντων
1303 1948 1484 2002 αὐτῶν
1508 1951 1620 2011 τοῖς
1649 1948 1775 2000 ποσὶ

196 2046 392 2108 αὑτοῦ,
425 2045 649 2116 ἔρριψεν
690 2044 876 2097 ἑαυτὸν
908 2044 938 2096 6
975 2042 1192 2113 Γέρων·
1220 2041 1312 2094 καὶ
1346 2039 1619 2095 ἔκλαυσαν
1666 2040 1775 2107 ἀμ-

197 2137 442 2206 φότεροι.
476 2132 641 2187 Εἶπεν
663 2135 719 2187 δὲ
748 2135 775 2186 6
802 2133 981 2202 γέρων
1001 2147 1015 2161 °
1044 2132 1157 2184 Οὐκ
1186 2130 1481 2199 ἠκούσατε,
1506 2132 1587 2183 ὅτι
1614 2130 1779 2184 ἀσθε-

197 2227 281 2279 νῶ
305 2243 320 2291 ;
348 2226 459 2280 Kal
498 2220 654 2277 εἷπον
686 2222 832 2292 αὐτῷ
854 2238 867 2252 ·
896 2222 1022 2276 Ναί.
1056 2222 1167 2275 Kal
1194 2222 1340 2291 λέγει
1378 2225 1405 2275 6
1435 2223 1638 2294 Γέρωνο
1668 2223 1781 2275 Kal

198 2317 292 2371 διὰ
347 2316 400 2368 τί
450 2315 552 2367 οὐκ
611 2313 802 2382 ἤλθετε
854 2312 983 2364 ἰδεῖν
1036 2330 1141 2383 με;
1174 2314 1285 2366 Kal
1343 2313 1490 2381 λέγει
1536 2314 1565 2366 6
1610 2313 1782 2377 ἀ66ἄς

213 2406 571 2476 Ἀλέξανδρος
591 2421 604 2435 ⁸
636 2404 755 2457 ’Ὁτι
792 2404 820 2456 6
852 2403 1128 2473 χωρισμός
1155 2421 1246 2457 σου
1280 2405 1372 2472 ἀφ’
1406 2405 1563 2474 ἡμῶν
1590 2405 1649 2458 οὐ
1685 2406 1783 2473 γέ-

202 2516 329 2567 γονε
361 2495 610 2558 πιθανὸς,
642 2496 735 2548 καὶ
766 2494 953 2546 πολλοὶ
980 2495 1082 2548 οὐκ
1104 2494 1487 2566 ὠφελήθησαν,
1513 2496 1781 2563 λέγοντες*

204 2590 330 2642 Ὅτι
357 2588 406 2640 εί
435 2571 526 2657 μὴ’
548 2588 904 2655 παρήκουσαν
939 2585 1033 2639 τοῦ
1065 2586 1335 2656 γέροντος,
1368 2587 1467 2640 οὐκ
1501 2586 1566 2640 ἂν
1592 2588 1786 2657 ἐχωρί-

209 2680 312 2750 σθη
347 2678 446 2732 ἀπ’
489 2675 691 2731 αὐτῶν.
744 2676 853 2728 Kal
905 2675 1053 2743 λέγει
1108 2677 1321 2736 αὐτοῖς·
1372 2676 1542 2743 Κάγὼ
1580 2676 1783 2744 ἔγνων·

205 2772 372 2826 πάλιν
417 2764 515 2822 οὖν
563 2767 847 2838 μέλλουσιν
885 2767 1064 2834 λέγειν
1102 2768 1154 2819 οἱ
1199 2767 1515 2836 ἄνθρωποι·
1557 2769 1677 2821 Ὅτι
1714 2769 1788 2839 μὴ

206 2861 451 2933 εὑροῦσα
491 2862 525 2930 ἡ
569 2860 866 2929 περιστερά
905 2859 1212 2914 ἀνάπαυσιν
1253 2862 1365 2923 τοῖς
1407 2860 1566 2913 ποσὶν
1597 2862 1789 2931 αὐτῆς,

206 2952 545 3023 ἀνέστρεψεν
572 2952 705 3022 πρὸς
749 2952 869 3005 Νῶε
922 2952 1001 3013 είς
1046 2950 1145 3020 τὴν
1188 2950 1439 3005 κιϐωτόν.
1483 2954 1592 3006 Kal
1621 2954 1791 3016 οὓτως

209 3043 701 3115 ἐθεραπεύθησαν,
742 3043 839 3096 καὶ
884 3043 1105 3113 ἔμειναν
1151 3044 1268 3113 μετ’
1298 3042 1509 3096 αὐτοῢι
1552 3044 1656 3108 ἕως
1693 3047 1793 3114 τῆς

210 3136 475 3205 τελευτῆς
511 3135 702 3189 αὑτοῦ.

844 3245 1094 3300 ΚΕΦᾹΛ.
1121 3247 1195 3299 Γ’.

1879 1941 2106 2009 projecit
2148 1956 2206 1996 se
2250 1941 2413 1994 etiam
2484 1957 2698 1996 senex:
2748 1950 2803 1995 et
2848 1941 3115 1996 ﬂeverunt
3170 1942 3446 2009 utrinque.

1878 2032 2025 2085 Dixit
2066 2048 2270 2088 senex:
2316 2031 2430 2085 Non
2476 2032 2734 2098 attdistis,
2766 2034 2910 2103 quod
2945 2034 3307 2103 azgrotarem?
3346 2032 3451 2085 Rc-

1879 2124 2256 2192 sponderunt:
2299 2123 2374 2179 Ita
2409 2134 2512 2179 est.
2558 2125 2795 2181 Rursum
2831 2140 2997 2179 senex
3031 2142 3045 2177 :
3094 2124 3160 2178 Et
3198 2140 3298 2179 cur
3344 2140 3451 2177 non

1880 2217 2106 2269 venistis
2147 2231 2235 2270 me
2280 2217 2558 2269 invisum?
2606 2217 2671 2270 Et
2719 2217 2857 2270 dixit
2888 2217 3057 2271 abbas
3098 2217 3448 2271 Alexander:

1884 2304 2167 2375 Separatio
2220 2308 2293 2360 tui
2328 2323 2357 2361 a
2395 2307 2549 2361 nobis
2596 2307 2890 2377 approbata
2954 2308 3096 2361 haud
3152 2306 3295 2373 fuit;
3343 2309 3454 2361 imo

1882 2398 2069 2452 multis
2103 2413 2207 2451 nou
2265 2398 2489 2467 profuit,
2527 2400 2834 2455 dicentibus
2869 2418 2881 2454 :
2937 2399 3050 2454 Nisi
3082 2401 3454 2456 inobedientes

1886 2488 2118 2544 fuissent
2145 2492 2280 2554 seni,
2310 2505 2415 2544 non
2449 2492 2635 2561 utique
2674 2508 2794 2547 sese
2822 2493 2891 2547 ab
2943 2494 3076 2562 ipsis
3104 2494 3455 2561 sejunxisset.

1887 2582 2042 2637 Tunc
2065 2584 2155 2638 ille
2191 2600 2205 2638 :
2238 2583 2302 2637 Et
2332 2600 2432 2655 ego
2471 2585 2521 2639 id
2555 2587 2703 2644 novi.
2736 2586 2931 2641 Iterum
2959 2602 3088 2655 ergo
3110 2588 3305 2642 dicturi
3329 2597 3456 2641 sunt

1889 2675 2137 2730 homines
2171 2693 2184 2730 :
2213 2675 2473 2730 Columba
2508 2693 2614 2731 non
2641 2678 2920 2732 inveniens
2955 2679 3194 2748 requiem
3228 2680 3455 2748 pedibus

1890 2768 2028 2830 suis,
2068 2782 2284 2822 reversa
2326 2777 2411 2821 est
2466 2767 2533 2821 ad
2582 2767 2694 2824 Noe
2745 2768 2801 2822 in
2851 2784 3056 2824 arcam.
3089 2768 3156 2823 Et
3185 2770 3263 2824 sic
3286 2771 3458 2823 curati

1892 2869 2040 2923 sunt,
2097 2869 2532 2930 manseruntque
2584 2877 2709 2916 cum
2758 2876 2824 2916 eo
2880 2877 3056 2932 usque
3104 2862 3171 2917 ad
3230 2871 3459 2916 mortem

1896 2966 2085 3021 Ipsms.

2540 3241 2691 3297 CAP.
2736 3240 2820 3296 Ill.

213 3356 526 3413 Fraudium
550 3357 827 3421 damonis,
859 3366 909 3411 et
942 3372 1261 3411 arcanorum
1290 3357 1698 3426 perspicientia;
1726 3361 1961 3425 morbus,
1991 3363 2142 3424 visio,
2176 3376 2305 3413 cura
2355 3358 2632 3413 vilissima:
2664 3357 2983 3426 sepulturw;
3009 3370 3149 3410 mors
3172 3372 3191 3420 ;
3211 3357 3468 3413 habitudo

1343 3428 1603 3496 corporis,
1632 3431 1877 3496 periocha
1916 3435 2058 3498 eitw,
2093 3431 2341 3500 elogium.

289 3521 381 3576 ιϐ’.
412 3520 584 3576 Πάλιν
613 3519 775 3573 ἄλλου
808 3519 1137 3591 πυθομένου,
1160 3521 1256 3574 καὶ
1282 3521 1534 3589 λέγοντος
1569 3522 1646 3593 τῷ
1668 3526 1725 3577 Ἀ
1737 3542 1790 3595 ρ-

217 3615 419 3683 σενίῳο
455 3614 518 3665 υἱ
560 3612 815 3681 λογισμοί
851 3629 951 3683 μου
986 3612 1227 3665 θλίϐουσί
1270 3630 1358 3683 με,
1389 3613 1672 3681 λέγοντες*
1721 3616 1793 3669 Οὐ

215 3705 448 3758 δύνασαι
477 3702 790 3771 νηστεῦσαι,
817 3703 937 3757 οὐδὲ
964 3702 1316 3773 ἐργάζεσθαι,
1343 3703 1443 3758 κᾶν
1466 3706 1794 3758 ἐπισκέπτου

217 3796 610 3857 ἀσθενοῦντας,
642 3795 739 3847 καὶ
773 3794 930 3846 τοῦτο
959 3795 1015 3847 δὲ
1048 3796 1237 3862 ἀγάπη
1273 3796 1440 3848 ἐστίν.
1481 3795 1648 3858 Εἰδὼς
1681 3796 1737 3849 δὲ
1767 3797 1795 3849 6

218 3889 404 3958 γέρων
434 3887 537 3947 τὰς
563 3883 852 3954 πονηρίας.
880 3884 975 3936 καὶ
1000 3886 1125 3947 τοὺς
1157 3885 1343 3947 δόλους
1370 3885 1478 3937 τῶν
1504 3886 1793 3956 δαιμόνων,

219 3978 371 4046 λέγει
424 3975 505 4045 τῷ
550 3975 762 4044 ἀδελφῷ
788 3993 800 4005 ·
848 3975 1087 4044 ”Υπαγε,
1120 3976 1282 4045 φάγε,
1326 3975 1435 4039 πίε,
1471 3978 1668 4048 κοιμῶ,
1704 3980 1799 4031 καὶ

222 4070 300 4141 μὴ
339 4067 556 4139 ἐργάσῃ
575 4082 589 4097 ο
630 4066 791 4135 μόνον
813 4066 906 4118 τοῦ
932 4066 1141 4121 κελλίου
1166 4084 1259 4120 σου
1286 4068 1360 4139 μὴ
1388 4068 1631 4139 ἀποστῇς
1651 4086 1664 4099 ³
1697 4070 1798 4141 ἤδη

220 4162 334 4230 γὰρ
360 4162 447 4214 ὅτι
471 4161 504 4228 ἠ
533 4156 778 4229 ὑπομονὴ
801 4156 896 4210 τοῦ
928 4158 1140 4211 κελλίου
1164 4160 1320 4229 φέρει
1342 4158 1434 4210 τὸν
1464 4157 1693 4227 μοναγὺν
1721 4161 1800 4219 είς

220 4253 324 4323 τὴν
346 4250 508 4316 τάξιν
536 4248 724 4305 αὐτοῦ.
757 4250 871 4304 Οὐκ
900 4250 1313 4321 ἀπελιμπάνετο
1348 4249 1405 4302 δὲ
1433 4248 1527 4302 τοῦ
1564 4250 1799 4321 διορατι-

1963 3528 2048 3582 19.
2085 3527 2219 3582 Dum
2279 3541 2471 3580 rursus
2529 3525 2671 3580 alius
2735 3523 3096 3591 interrogaret
3150 3537 3216 3576 ac
3260 3523 3464 3577 diceret

1892 3620 2169 3676 Arseuio:
2229 3619 2603 3689 Cogitationes
2666 3631 2795 3671 mea:
2856 3614 3099 3684 amigunt
3131 3630 3235 3677 me,
3266 3630 3463 3682 suggc-

1892 3722 2108 3766 rentes:
2141 3711 2255 3765 Non
2292 3713 2440 3765 vales
2461 3710 2732 3779 jejunare,
2763 3724 2863 3763 nec
2890 3707 3140 3777 operari;
3173 3708 3360 3762 saltem
3385 3708 3469 3759 in-

1895 3803 2078 3857 ﬁrmos
2112 3802 2311 3867 visita;
2345 3811 2509 3870 atque
2545 3803 2646 3853 hoc
2672 3809 2821 3854 certe
2871 3799 3112 3853 Charitas
3141 3808 3247 3853 est.
3289 3799 3468 3854 Senex

1896 3893 2076 3962 itaque
2125 3901 2270 3946 artes
2314 3892 2581 3961 dolosque
2601 3890 2865 3944 daemonis
2915 3901 3197 3959 perspecta
3233 3892 3466 3955 habens,

1895 3984 2032 4039 dixit
2086 3983 2283 4038 fratri:
2332 3984 2498 4046 Vade,
2550 3984 2796 4044 comede,
2842 3983 2986 4044 bibe,
3025 3984 3221 4048 dormi,
3273 3992 3327 4036 et
3359 3998 3468 4037 non

1895 4090 2121 4144 Operare
2150 4092 2162 4129 :
2194 4076 2355 4129 modo
2377 4091 2405 4128 a
2439 4076 2571 4129 cella
2599 4084 2687 4127 tua
2710 4090 2774 4127 ne
2797 4074 3029 4128 desistas
3062 4092 3074 4128 :
3110 4083 3266 4127 norat
3296 4074 3473 4137 enim,

1896 4165 2168 4233 patientiae
2208 4165 2261 4218 in
2308 4164 2438 4219 cella
2477 4163 2866 4218 exercitatione
2912 4162 3238 4216 monaclmm
3289 4161 3342 4215 in
3376 4176 3470 4213 or-

1896 4252 2078 4306 dinem
2129 4267 2290 4308 suum
2322 4252 2491 4323 redigi
2518 4253 2655 4324 (92).
2683 4249 2869 4322 Neque
2894 4250 3297 4308 destituebatur
3330 4249 3467 4306 cha-

1492 4384 1732 4441 VARh-E
1774 4385 2185 4446 LECTIONES.

1737 4525 1968 4585 NO'NE.

302 4458 323 4500 ι
348 4455 591 4513 Coteler.
620 4455 807 4526 ἔμεινε
837 4454 956 4525 μετ’
981 4455 1185 4512 αὐτῶν.

227 4620 432 4676 fuisset
454 4614 522 4670 ad
545 4615 892 4671 eximendam
924 4613 1121 4671 famem
1148 4625 1203 4671 et
1226 4612 1612 4671 restaurandas
1634 4615 1802 4679 vires,

224 4691 319 4746 sed
367 4697 542 4760 tuam,
583 4701 692 4760 qua
734 4686 1075 4760 vesci_soles,
1106 4701 1266 4756 pane,
1301 4685 1508 4746 herbis,
1554 4694 1649 4738 aut
1683 4686 1806 4760 aliis
1903 4685 1968 4760 pa

222 4755 529 4816 esculentis
584 4754 902 4823 bujusmodi
954 4754 1297 4818 concoctam,
1359 4769 1526 4823 sume,
1556 4756 1805 4823 icomede

221 4833 356 4897 (non
393 4825 603 4897 dicitur
628 4825 759 4886 bibe,
786 4824 934 4891 quod
967 4823 1025 4897 fit
1058 4825 1113 4877 in
1149 4841 1289 4894 aqua
1312 4822 1514 4897 mera).
1548 4822 1639 4877 Sic
1665 4824 1805 4877 dici-

224 4895 336 4963 ιυτ,
380 4896 665 4967 jusculum
716 4910 954 4957 sumere.
993 4895 1090 4967 lac
1136 4895 1445 4959 comedere.
1491 4908 1805 4963 quanquam

222 4964 601 5039 panis’_in_eis.
617 4974 929 5039 maceratus
961 4964 1054 5039 sit.

1903 4619 2235 4688 quadrupes.
2268 4618 2451 4688 Itaque
2478 4618 2769 4674 Ciaconius
2795 4620 2849 4674 in
2882 4617 3026 4675 notis
3051 4620 3116 4675 ad
3147 4619 3471 4678 Cassianum

1975 4705 2029 4811 (ζ.
2058 4689 2153 4742 681
2188 4699 2571 4769 rectecensct,
2600 4703 2761 4770 posse
2790 4689 2965 4758 accipi
3012 4706 3111 4758 pro
3144 4706 3476 4760 quacunque

1996 4760 2063 4811 le.
2118 4757 2487 4811 Dctermmate
2541 4768 2705 4811 etiam
2769 4761 2911 4811 sumi
2961 4770 3143 4811 potest
3184 4776 3283 4811 nro
3336 4764 3474 4811 uelle

1907 4757 2063 4830 pelle.
2118 4757 2487 4830 Determinate
2541 4757 2705 4830 etiam
2769 4757 2926 4814 sumi
2961 4757 3143 4828 potest
3164 4757 3283 4828 ’pro
3336 4757 3474 4830 pelle

1906 4829 2149 4897 caprina.
2208 4828 2506 4882 Cassianus
2558 4828 2771 4894 librat,
2827 4830 3006 4897 capite
3053 4831 3107 4892 8,
3157 4831 3224 4884 de
3275 4828 3475 4885 inclute

1907 4900 2301 4951 monachorum
2328 4897 2705 4967 A‘Zgyptiorum
2732 4912 2920 4963 agens,
2958 4901 3038 4952 sic
3071 4900 3296 4955 scribit:
3328 4920 3344 4951 ι
3379 4899 3475 4954 Ul-

1908 4968 2074 5038 timus
2105 4976 2188 5020 est
2233 4968 2447 5021 habitus
2491 4983 2682 5021 eorum
2729 4969 2883 5038 pellis
2918 4970 3165 5036 caprina,
3198 4986 3321 5038 quae
3362 4986 3477 5024 mc-

298 5011 941 5110 ⁷Ιῖἰῖ)
962 5011 1337 5110 Ἆίξπαηιίνὶφ,
1358 5049 1465 5088 ηοη
1496 5033 1797 5110 Thebaidis,
1827 5011 1881 5070 D
1908 5011 2697 5110 Ῑὸῖὲζγὲΐρὲᾗιῖ
2910 5011 3476 5110 his"p't'iiia‘ﬁlihg'ilis

222 5101 548 5162 monuimus
598 5101 652 5154 in
708 5101 1095 5157 Commentario
1132 5105 1348 5171 prmvio,
1396 5119 1546 5157 num.
1589 5105 1677 5158 55.
1725 5104 1798 5158 Ea

220 5190 373 5239 vero,
408 5189 533 5243 qua:
561 5171 648 5225 hic
678 5182 992 5243 narrantur,
1024 5173 1187 5243 habes
1220 5174 1272 5227 in
1317 5173 1453 5227 Vitis
1484 5172 1595 5243 PP.
1623 5173 1717 5227 lib.
1745 5189 1800 5239 v,

222 5246 394 5300 libell.
427 5240 523 5304 '15,
559 5255 711 5294 num.
745 5240 799 5311 9,
838 5244 979 5310 apud
1016 5242 1253 5297 Coteler.
1287 5259 1316 5297 a
1350 5259 1470 5311 pag.
1509 5242 1632 5296 565.

294 5314 413 5382 (90)
459 5311 712 5382 lntellige
744 5310 1181 5382 PetramgTroes,
1224 5313 1290 5382 de
1331 5310 1441 5381 qua
1477 5327 1661 5381 supra.
1695 5311 1805 5366 Su—

294 5327 413 5382 (υυ)
459 5327 712 5431 ιηιειιιξε
744 5327 956 5364 retram
1005 5327 1181 5377 troes,
1224 5327 1290 5366 ue
1331 5328 1436 5381 qua
1477 5327 1661 5381 supra.
1695 5327 1804 5366 διι-

219 5385 341 5438 rius
396 5397 557 5435 num.
603 5381 636 5433 2
679 5420 693 5441 ,
752 5390 910 5435 vocat
957 5380 1173 5436 Petram
1228 5380 1494 5435 Stromes.
1556 5382 1804 5450 Apogra-

260 5456 393 5506 hum
435 5450 753 5504 Medicasum
795 5452 935 5520 regis
974 5451 1219 5505 Francia:
1265 5450 1405 5505 infra
1449 5451 1677 5505 citatum
1708 5453 1804 5504 ha-

258 5531 315 5575 et
352 5519 680 5590 Στρώμνης,
716 5520 812 5590 sed
858 5519 1087 5589 Scriptio
1118 5521 1218 5574 sibi
1255 5536 1363 5574 non
1394 5530 1610 5574 constat
1639 5541 1651 5575 :
1679 5536 1801 5574 nam

222 5601 277 5645 et
335 5588 585 5660 Τρῶμην
618 5588 802 5660 paulo
858 5588 985 5660 post
1032 5592 1148 5659 lego
1198 5591 1251 5643 in
1304 5590 1611 5660 accusandi
1650 5605 1800 5644 casu.

224 5657 434 5715 Neutra
474 5657 669 5726 placet.
712 5657 822 5711 Vit.
858 5657 974 5712 PP.
1014 5657 1213 5713 ibidem
1253 5676 1404 5713 mtm.
1436 5660 1524 5721 10,
1574 5659 1800 5715 Trohen.

299 5730 418 5797 (9|)
459 5728 715 5797 Μελωτή,
760 5729 943 5782 maiore
970 5731 1053 5784 vel
1096 5731 1331 5791 melotes,
1371 5729 1526 5797 pellis
1556 5730 1740 5790 ovina,
1773 5746 1801 5783 a

233 5796 428 5854 Graeco
487 5796 680 5869 μῆλον,
732 5798 860 5863 uvis,
913 5801 1008 5854 sed
1062 5804 1114 5853 et
1162 5799 1546 5868 quodcumque
1601 5800 1802 5854 animal

1906 5107 1961 5161 in
1998 5114 2229 5172 utroque
2266 5105 2554 5160 Clossario.

1980 5175 2093 5243 (92)
2147 5174 2253 5228 Vit.
2300 5175 2413 5229 PP.
2465 5176 2557 5229 lib.
2591 5191 2646 5239 v,
2698 5174 2870 5230 libell.
2904 5175 2954 5243 7,
3008 5193 3161 5233 num.
3211 5179 3278 5231 27
3326 5179 3479 5234 hisce

1907 5245 2111 5300 addunt
2140 5246 2206 5298 de
2255 5247 2524 5299 monacho
2567 5247 2716 5299 isto:
2756 5265 2772 5295 ι
2804 5245 2905 5311 Qui
2950 5262 3074 5301 cum
3114 5248 3333 5304 fecisset
3366 5258 3478 5303 tres

1905 5318 2041 5377 dies,
2072 5316 2392 5369 exuediatus
2422 5324 2525 5373 est.
2562 5324 2615 5369 et
2638 5316 2920 5370 inveniens
2948 5332 3148 5384 paucas
3180 5320 3476 5385 palmulas,

1906 5386 2066 5458 scidit
2114 5400 2209 5438 eas
2241 5394 2330 5458 :ret
2381 5385 2577 5458 iterum
2635 5386 2687 5437 in
2740 5386 2983 5458 crastino
3032 5390 3201 5458 coepit
3240 5390 3477 5456 plectam

1906 5454 2087 5508 facere
2123 5470 2188 5507 ex
2236 5457 2334 5509 eis.
2386 5454 2488 5519 Qui
2539 5470 2662 5507 cum
2693 5456 2977 5517 csurisset,
3014 5454 3155 5510 dixit
3193 5454 3336 5511 intra
3376 5473 3434 5511 se
3462 5500 3476 5512 .

1906 5524 2064 5595 Ecce
2094 5525 2213 5577 alite
2266 5540 2455 5593 pauca:
2510 5533 2638 5578 sunt
2700 5526 2920 5593 palmae;
2975 5528 3187 5595 explico
3240 5544 3366 5593 eas;
3424 5538 3479 5582 et

1905 5593 2194 5663 manduco.
2227 5595 2290 5647 Et
2319 5610 2441 5647 cum
2468 5595 2909 5663 perexpendisset
2938 5593 3057 5660 eas,
3078 5595 3215 5649 dixit
3241 5597 3471 5651 iterum:

1905 5662 2049 5734 Lego
2081 5679 2293 5731 parum,
2326 5665 2405 5717 sic
2437 5662 2731 5718 manduco.
2763 5665 2828 5717 Et
2857 5679 2981 5717 cum
3018 5667 3257 5734 legisset,
3293 5668 3471 5720 dixit:

1905 5730 2095 5784 Dicam
2143 5734 2449 5801 aliquantos
2488 5735 2749 5801 psalmos,
2791 5745 2845 5788 et
2875 5734 2989 5801 jam
3039 5730 3268 5790 securus
3320 5750 3476 5788 man-

1903 5801 2064 5857 duco.
2098 5801 2160 5855 Et
2192 5804 2264 5857 ita
2296 5805 2555 5871 paulatim
2601 5804 2940 5873 proﬁciebat,
2966 5803 3082 5861 Deo
3122 5817 3469 5873 coeperante,
