4018 6304
585 362 688 429 871

1771 361 1833 419 S.
1857 358 2246 418 THEODORI
2297 356 2643 419 STUDITA-l

3719 350 3829 410 87?.

587 479 809 532 ristnate
858 469 1233 542 perspiciendi
1292 483 1491 523 arcana
1541 469 1624 521 vir
1679 468 1930 531 celebris,
1969 466 2147 520 divina

2255 467 2350 520 κοῦ
2379 468 2732 537 χαρίσματος,
2760 462 3011 531 ἔμπλεως
3039 460 3112 514 ὣν
3144 463 3173 513 ὁ
3196 460 3434 529 ἀοίδιμος
3476 460 3630 521 θείας
3664 462 3822 530 κάρι-

583 569 756 641 gratia
808 562 1290 618 cumulatissimus.
1365 560 1598 614 Sedente
1638 559 1748 628 (93)
1800 574 1866 613 eo
1905 560 1957 612 in
1988 560 2146 621 cella,

583 661 731 714 venit
758 672 881 715 vox.
931 655 1116 709 dicens
1173 652 1272 721 ipsi
1312 670 1325 705 :
1372 651 1665 713 Adesdum,
1720 649 2003 703 ostendam
2055 649 2149 702 tibi

584 765 745 819 opera
779 747 1079 802 hominum.
1108 745 1456 812 Surgensque
1486 743 1680 807 exivit;
1709 756 1943 810 eumque
1976 751 2151 795 trans-

583 844 706 897 tulit
737 843 788 893 in
831 839 1005 893 locum
1041 836 1294 904 aliquem,
1344 843 1397 887 et
1438 834 1676 887 ostendit
1722 832 1773 886 ei
1814 830 2148 899 Ethiopem,

584 933 921 989 scindentem
977 929 1156 997 ligna,
1214 936 1373 995 atque
1419 926 1469 977 in
1510 939 1763 994 magnum
1815 922 2016 977 fascem
2063 921 2150 975 illa

584 1030 1041 1080 coaeervantem:
1099 1031 1261 1087 quem
1316 1016 1555 1068 tentabat
1622 1023 1861 1083 portare,
1900 1012 1994 1067 sed
2043 1027 2149 1065 non

584 1122 829 1185 poterat;
878 1122 930 1165 et
980 1125 1074 1178 pro
1129 1124 1193 1163 eo
1242 1116 1299 1160 ut
1348 1109 1585 1161 demeret
1626 1122 1692 1160 ex
1729 1121 1795 1159 eo
1828 1105 2148 1174 quidquam,

587 1207 783 1259 iterum
836 1201 1121 1255 discedens
1160 1199 1438 1252 scindebat
1462 1198 1626 1265 ligna,
1661 1204 1715 1249 et
1745 1195 1876 1248 fasci
1918 1209 2153 1261 appone-

586 1298 697 1350 bat.
727 1295 791 1346 Et
818 1303 1099 1361 postquam
1131 1289 1351 1357 paulum
1384 1288 1756 1357 processisset,
1790 1286 2026 1339 ostendit
2051 1284 2150 1353 ipsi

587 1385 896 1455 quemdam,
943 1382 1034 1450 qui
1070 1381 1135 1432 ad
1180 1380 1358 1433 lacum
1402 1380 1602 1439 stabat,
1645 1376 2034 1443 hauriebatque
2064 1390 2148 1428 vcx

586 1493 652 1531 eo
690 1489 909 1543 aquam,
950 1481 1003 1525 et
1040 1470 1399 1524 transferebat
1428 1470 1479 1521 in
1524 1483 1617 1521 vas
1644 1477 1924 1535 pertusum
1954 1484 1967 1531 ;
2004 1468 2147 1532 quod

584 1582 704 1621 eam
758 1562 1085 1618 ell'undebat.
1155 1559 1220 1612 Et
1268 1560 1445 1612 denuo
1502 1558 1634 1611 dicit
1689 1557 1738 1609 ei
1779 1574 1794 1605 :
1852 1556 2145 1617 Adesdum,

586 1657 865 1713 ostendam
911 1654 1004 1707 tibi
1044 1649 1257 1724 [aliud].
1311 1651 1374 1701 Et
1415 1647 1813 1714 contemplatur
1865 1648 2146 1714 templum,

588 1768 651 1805 ac
699 1752 833 1805 duos
880 1748 1047 1809 viros,
1090 1745 1179 1814 qui
1223 1742 1379 1812 cquis
1412 1741 1738 1803 insidebant,
1785 1749 1839 1792 et
1864 1739 2150 1807 portabant

2252 576 2362 620 τος.
2391 558 2712 627 Καθημένου
2741 552 2833 609 οὖν
2855 553 3019 607 αὐτοῦ
3043 557 3122 617 εἰς
3148 554 3206 605 τὸ
3234 552 3461 615 κελλίον,
3490 548 3621 620 ἦλθε
3646 555 3823 621 φωνὴ,

2253 647 2486 711 λέγουσα
2513 644 2689 713 αὐτῷ·
2725 644 2913 714 Δεῦρο,
2954 642 3115 708 δείξω
3172 659 3253 693 σοι
3298 642 3366 694 τά
3408 640 3545 711 ἔργα
3586 641 3696 693 τῶν
3731 644 3827 694 ἀν-

2256 737 2508 807 θρώπων,
2535 738 2628 791 καὶ
2652 737 2890 799 ἀναστὰς
2917 734 3159 805 ἐξῆλθεν,
3196 736 3289 787 καὶ
3320 736 3632 804 ἀπήνεγκεν
3658 735 3826 788 αὑτὸν

2255 831 2331 891 εἰς
2360 828 2526 880 τόπον
2559 828 2700 890 τινὰ,
2738 826 2832 879 καὶ⁵
2858 826 3055 889 ἔδειξεν
3087 824 3237 893 αὐτῴ
3272 825 3519 887 Αίθίοπα,
3552 826 3825 877 κόπτοντα

2257 919 2408 983 ξύλα,
2437 917 2811 972 καὶ-ποιοῦντα
2840 916 3056 985 φορτίον
3081 915 3242 985 μέγα·
3267 915 3523 985 ὲπείραζε
3544 915 3602 967 δὲ
3628 915 3825 983 βαστά-

2257 1027 2346 1063 σαι
2375 1011 2525 1072 αὐτὸ,
2553 1011 2645 1063 καὶ
2676 1011 2776 1062 οὐκ
2812 1008 3062 1078 ἠδύνατο,
3090 1009 3183 1060 καὶ
3210 1008 3332 1061 ἀντὶ
3360 1007 3452 1059 τοῦ
3485 1003 3615 1076 ἆραι
3644 1008 3702 1071 ἐξ
3727 1009 3823 1061 αύ-

2255 1104 2368 1166 τοῦ,
2404 1104 2653 1157 ἀπελθὼν
2686 1103 2844 1155 πάλιν
2878 1102 3075 1154 ἔκοπτε
3105 1100 3257 1165 ξύλα,
3296 1101 3387 1153 καὶ
3417 1099 3713 1169 προσετὶθη
3744 1100 3821 1168 τῷ

2257 1195 2481 1265 φορτίῳ.
2510 1195 2618 1248 Kal.
2650 1193 2856 1263 προϐὰς
2881 1193 3079 1260 ὀλίγον,
3106 1192 3305 1257 ἔδειξεν
3330 1192 3478 1259 αὐτῷ
3506 1207 3627 1243 τινα
3668 1191 3818 1243 iota-

2259 1301 2416 1352 μενον
2443 1284 2536 1334 ἐπὶ
2556 1283 2779 1346 λάκκου,
2806 1282 2898 1333 καὶ
2925 1280 3218 1335 ἀντλοῦντα
3247 1281 3390 1351 ὕδωρ
3420 1280 3477 1347 ἐξ
3508 1278 3697 1342 αὑτοῦ,
3726 1281 3821 1332 καὶ

2258 1374 2662 1445 μεταῦἀλλοντα
2699 1375 2777 1436 εἱς
2819 1372 3113 1441 δεξαμένην
3147 1373 3582 1441 τετρυπημένην,
3636 1371 3732 1422 καὶ
3759 1370 3821 1421 το

2254 1468 2386 1521 αὐτὸ
2418 1468 2562 1537 ὕδωρ
2598 1468 2914 1536 ἐκχέουσαν.
2953 1464 3061 1517 Καὶ
3101 1463 3261 1515 πάλιν
3292 1463 3437 1531 λέγει
3471 1464 3620 1532 αύτῷ
3642 1479 3656 1494 ·
3685 1463 3819 1515 Δεύ-

2256 1576 2339 1629 ρο,
2397 1558 2555 1620 δείξω
2608 1571 2726 1608 σοι·
2781 1556 2873 1607 καὶ
2922 1553 3118 1623 θεωρεί
3164 1554 3306 1622 ἱερὸν
3355 1553 3581 1606 καὶδύο
3618 1553 3819 1623 ἄνδρας

2254 1651 2593 1720 καθημένους
2626 1649 2832 1710 ἵπποις,
2867 1647 2962 1698 καὶ
2995 1644 3361 1713 βαστάζοντας
3387 1644 3543 1710 ξύλον
3574 1645 3819 1711 πλαγίως

2254 1739 2350 1791 ’ένα
2400 1738 2538 1790 κατὰ
2576 1737 2668 1789 τοῦ
2715 1736 2850 1798 ἑνός.
2880 1734 3107 1788 Ἥθελον
3154 1734 3210 1786 δὲ
3250 1733 3338 1787 διὰ
3381 1736 3476 1803 τῆς
3512 1733 3683 1800 πύλης
3724 1732 3818 1785 τοῦ

588 1844 791 1910 lignum
829 1839 1043 1903 oblique
1092 1849 1232 1888 unus
1288 1842 1404 1900 post
1438 1832 1624 1884 alium.
1670 1828 1934 1883 Volebant
1966 1839 2146 1883 autem

2251 1829 2395 1900 ἱεροῦ
2428 1828 2709 1889 εἰσελθεῖν,
2749 1827 2843 1879 καὶ
2891 1828 2993 1880 οὐκ
3041 1825 3327 1896 ἠδύναντο,
3362 1825 3449 1877 διὰ
3484 1823 3545 1876 τὸ
3588 1824 3727 1875 εἶναι
3755 1824 3820 1874 τὸ

587 1947 685 2002 per
724 1929 906 1997 templi
944 1927 1167 1995 januam
1216 1923 1445 1993 ingredi,
1484 1930 1537 1976 et
1568 1936 1678 1974 non
1716 1921 1990 1983 valebant,
2019 1921 2147 1989 quia

588 2025 789 2093 lignum
823 2034 1010 2073 eorum
1045 2026 1161 2071 erat
1187 2016 1512 2083 obliquum;
1546 2028 1643 2069 nec
1672 2013 1882 2067 dimisit
1913 2028 1971 2067 se
2006 2027 2148 2065 unus

588 2122 709 2183 post
734 2113 920 2174 alium,
959 2118 1016 2162 ut
1045 2117 1282 2177 portaret
1331 2106 1533 2172 lignum
1574 2105 1625 2158 in
1662 2114 1908 2169 rectum;
1940 2113 1992 2158 et
2026 2104 2147 2157 ideo

587 2211 907 2259 manserunt
948 2212 1098 2255 extra
1139 2207 1373 2267 portam.
1420 2196 1485 2250 Et
1555 2196 1937 2251 sciscitabatur
1985 2195 2148 2249 Arse—

587 2297 733 2357 nius.
768 2293 1025 2363 quidnam
1057 2291 1172 2344 hazc
1200 2290 1300 2342 sibi
1329 2288 1543 2341 vellent.
1576 2285 1896 2355 Dictumque
1924 2295 2007 2340 est
2034 2287 2143 2340 illi:

587 2386 651 2440 lli
704 2395 849 2446 sunt.
908 2382 1102 2452 inquit,
1135 2381 1227 2451 qui
1273 2387 1494 2450 portant
1527 2378 1729 2447 lignum
1766 2378 1991 2446 justitia:
2025 2392 2145 2429 cum

588 2478 863 2547 superbia,
911 2484 965 2529 et
1015 2489 1122 2527 non
1165 2474 1500 2527 demiserunt
1543 2486 1601 2525 se
1636 2471 1704 2524 ad
1788 2469 2145 2524 incedendum

587 2584 684 2638 per
740 2569 881 2620 viam
941 2566 1198 2619 humilem
1248 2563 1496 2617 Christi:
1549 2562 1669 2615 ideo
1730 2569 1948 2613 manent
1995 2573 2145 2613 extra

586 2675 812 2730 regnum
848 2658 958 2711 Dei.
985 2656 1087 2722 Qui
1115 2670 1243 2709 vero
1266 2655 1407 2720 ligna
1439 2651 1657 2711 scindit,
1708 2652 1869 2705 homo
1913 2660 1992 2703 est
2030 2665 2149 2717 pec-

588 2751 723 2803 catis
772 2754 1021 2808 onustus,
1088 2745 1181 2813 qui
1239 2744 1360 2797 loco
1388 2742 1715 2812 paenitentiae
1770 2741 1872 2793 alia
1909 2740 2149 2808 adjicere

587 2854 694 2892 non
722 2847 903 2892 cessat
979 2836 1073 2891 Ille
1132 2844 1334 2896 autem,
1384 2834 1477 2903 qui
1516 2847 1712 2899 aquam
1747 2832 1948 2895 haurit,
1986 2831 2148 2883 homo

585 2939 690 2993 est,
721 2930 812 2997 qui
878 2942 1039 2997 opera
1092 2927 1307 2995 quidem
1362 2926 1501 2979 bona
1559 2924 1723 2989 facit;
1760 2923 1853 2978 sed
1887 2922 2143 2992 quoniam

588 3022 728 3073 mala
760 3019 1002 3087 quzedam
1032 3032 1153 3071 cum
1182 3017 1246 3069 iis
1270 3016 1450 3081 habet,
1489 3016 1541 3068 in
1571 3030 1636 3069 eo
1665 3016 1806 3069 bona
1829 3016 1992 3069 etiam
2019 3028 2142 3081 per-

2249 1921 2406 1986 ξύλον
2431 1920 2608 1973 αὐτῶν
2632 1919 2855 1985 πλάγιον
2881 1934 2893 1948 ⁸
2928 1919 3027 1973 οὐκ
3053 1919 3380 1973 ἐταπείνωσε
3410 1917 3465 1970 δὲ
3490 1915 3651 1968 αὐτὸν
3681 1916 3708 1967 ὁ
3736 1907 3817 1976 εἷς

2251 2009 2425 2061 ὀπίσω
2475 2007 2568 2061 τοῦ
2620 2008 2779 2060 ἄλλου
2816 2008 3035 2074 ἐνέγκαι
3066 2011 3124 2061 τὸ
3159 2008 3314 2072 ξύλον
3351 2008 3436 2060 ἐπ’
3468 2007 3682 2067 εὐθείας
3724 2005 3819 2057 καὶ

2247 2099 2334 2151 διὰ
2380 2098 2539 2151 τοῦτο
2582 2097 2804 2165 ἔμειναν
2838 2098 2943 2163 ἔξω
2991 2098 3091 2165 τῆς
3116 2100 3311 2168 πύλης.
3359 2097 3617 2151 Ἐπύθετο
3655 2094 3748 2150 οὖν
3788 2099 3817 2148 6

2261 2191 2530 2261 Ἀρσένιος
2551 2190 2600 2241 τί
2689 2188 2859 2240 ταῦτα
2884 2205 2897 2252 ;
2924 2190 3031 2241 Καὶ
3060 2189 3257 2259 ὲρῤἐθη
3288 2188 3433 2259 αύτῷ
3453 2206 3467 2221 ·
3496 2184 3655 2242 Οὗτοί
3686 2189 3814 2247 εἰσι,

2249 2279 2434 2348 φησιν,
2482 2279 2842 2347 βαστάζοντες
2878 2279 3031 2343 ξύλον
3070 2280 3414 2349 δικαιοσύνης
3458 2282 3595 2349 μετά
3639 2279 3817 2347 ὑπερ-

2249 2371 2503 2442 ηφανίας,
2536 2373 2629 2425 καὶ
2658 2371 2758 2423 ούκ
2793 2370 3235 2442 ἐταπεινώθησαν
3278 2370 3373 2425 τοῦ
3419 2371 3743 2441 πορευθῆναι
3776 2380 3811 2399 π·

2248 2467 2313 2533 τῇ
2348 2466 2577 2534 ταπεινῇ
2618 2462 2721 2533 ὀδῷ
2750 2460 2844 2515 τοῦ
2878 2463 3137 2532 Χριστοῦ,
3182 2464 3262 2517 διὸ
3296 2464 3545 2531 μένουσιν
3581 2463 3685 2528 ἔξω
3712 2464 3815 2532 τῆς

2250 2556 2525 2626 βασιλείας
2547 2556 2639 2609 τοῦ
2669 2556 2803 2610 Θεοῦ
2869 2559 2897 2610 6
2921 2558 2977 2611 δὲ
3007 2557 3075 2609 τὰ
3106 2556 3237 2622 ξύλα
3262 2558 3497 2621 κόπτων,
3530 2558 3815 2626 ἄνθρωπός

2248 2650 2366 2700 ἐστι
2417 2650 2474 2700 ὲν
2526 2649 2826 2718 ἁμαρτίαις
2886 2649 3337 2718 πεφορτισμένος,
3388 2650 3481 2702 καὶ
3536 2650 3656 2702 ἀντὶ
3716 2649 3815 2701 τοῦ

2252 2740 2607 2807 μετανοῆσαι,
2657 2740 2820 2810 ἕτερα
2863 2738 3169 2811 προστιθῶν
3197 2739 3258 2792 ού
3287 2739 3517 2793 παύεται
3549 2748 3599 2792 ιι.
3653 2740 3757 2792 Καὶ
3786 2743 3815 2793 6

2247 2829 2308 2881 τὸ
2362 2828 2501 2898 ὕδωρ
2547 2830 2782 2893 ἀντλῶν,
2842 2831 3125 2902 ἄνθρωπός
3176 2830 3290 2883 ἐστι
3340 2830 3478 2883 καλὰ
3528 2830 3629 2898 μὲν
3676 2830 3817 2901 ἔργα

2248 2921 2439 2984 ποιῶν,
2468 2921 2581 2974 ἀλλ’
2617 2922 2803 2993 ἐπειδὴ
2835 2925 2930 2976 σύν
2965 2924 3146 2986 αὐτοῖς
3178 2923 3287 2993 ἔχει
3321 2925 3445 2978 τινὰ
3474 2923 3707 2993 πονηρὰ,
3753 2924 3814 2975 ἐν

2247 3015 2420 3083 τούτῳ
2470 3012 2719 3066 ἀπώλεσε
2754 3017 2847 3067 καὶ
2883 3015 2949 3067 τὰ
2982 3017 3209 3087 χρηστά.
3239 3016 3411 3086 Χρεία
3455 3014 3550 3069 οὖν
3598 3016 3813 3087 νήψεως

587 3110 741 3162 didit.
782 3107 1064 3176 Vigilantia
1098 3107 1259 3175 igitur
1292 3106 1494 3159 homini
1526 3120 1665 3174 opus
1698 3114 1781 3159 est
1805 3104 1857 3157 iu
1893 3104 2145 3172 operibus

2251 3105 2327 3174 τῷ
2356 3105 2626 3176 ἀνθρώπῳ
2675 3109 2754 3169 είς
2781 3108 2847 3160 τὰ
2874 3106 3013 3177 ἔργα
3044 3107 3231 3172 αὐτοῦ,
3274 3108 3360 3161 ἴνα
3413 3106 3489 3178 μὴ
3539 3109 3620 3173 εἰς
3660 3111 3814 3163 κενὸν

588 3200 724 3262 suis,
754 3208 811 3251 ut
840 3214 946 3251 non
979 3199 1032 3251 in
1068 3212 1262 3250 vanum
1295 3198 1515 3250 laboret.

656 3292 747 3344 ‘20.
770 3288 879 3344 Hoc
901 3305 1113 3359 quoque
1132 3289 1199 3343 de
1230 3289 1345 3357 ipso
1372 3296 1622 3341 narratur
1648 3302 1661 3338 :
1686 3285 1823 3341 Dum
1854 3284 2148 3355 aliquando

590 3382 643 3435 iu
691 3381 836 3434 Sceti
886 3387 1196 3449 aegrotaret,
1247 3377 1521 3447 profectus
1553 3377 1834 3447 presbyter
1864 3377 1986 3430 tulit
2023 3390 2147 3430 eum

588 3472 654 3525 ad
690 3472 996 3534 ecclesiam,
1043 3482 1097 3525 et
1146 3470 1328 3538 posuit
1364 3470 1416 3522 in
1453 3478 1622 3523 strato
1649 3469 1783 3539 (94),
1816 3481 2149 3536 parvumque

587 3564 817 3618 cervical
863 3563 929 3615 ad
966 3571 1125 3627 caput
1160 3561 1299 3628 ejus.
1345 3558 1497 3614 Unus
1538 3574 1567 3612 e
1615 3560 1859 3621 senibus,
1894 3573 2018 3612 cum
2059 3572 2151 3611 ve-

588 3653 779 3716 nisset,
823 3662 880 3706 ut
905 3655 1075 3722 ipsum
1113 3651 1331 3713 viseret,
1384 3659 1437 3703 et
1462 3650 1685 3703 vidisset
1712 3664 1835 3703 eum
1872 3648 1924 3701 in
1955 3657 2146 3710 strato,

587 3745 900 3803 scandalum
957 3759 1150 3814 passus
1206 3752 1307 3807 est.
1343 3742 1528 3797 dicens
1563 3758 1577 3795 :
1630 3740 1848 3795 Hiccine
1875 3750 1957 3794 est
1980 3740 2149 3795 abbas

588 3836 884 3898 Arsenius,
938 3845 989 3888 et
1041 3835 1144 3886 hoc
1186 3833 1345 3887 modo
1394 3831 1701 3887 recumbit?
1774 3830 1969 3885 Senior
2023 3845 2154 3885 vero

587 3927 821 3994 stnnpsit
861 3940 983 3977 eum
1029 3940 1091 3977 ac
1123 3924 1255 3976 dixit
1287 3943 1300 3977 :
1334 3922 1553 3990 Ecquod
1588 3932 1704 3976 erat
1742 3937 1876 3991 opus
1910 3930 2064 3976 tuum
2098 3921 2150 3975 in

588 4032 724 4085 pago
759 4014 889 4067 tuo?
942 4013 1246 4081 Respondet
1280 4027 1441 4065 senex
1472 4028 1483 4061 :
1540 4008 1731 4064 Pastor
1767 4011 1948 4064 ovium
1977 4024 2149 4064 eram.

588 4108 759 4163 Instat
826 4105 1147 4177 presbyter:
1201 4104 1320 4170 Quo
1360 4112 1517 4174 pacto
1552 4102 1736 4170 igitur,
1768 4101 1962 4171 inquit,
1987 4102 2150 4155 vitam

2252 3198 2514 3265 κοπιάσῃ.

2322 3293 2391 3339 κ’.
2425 3286 2793 3357 Διηγούμενον
2825 3290 2881 3342 δέ
2913 3292 3026 3344 ἐστι
3054 3291 3327 3346 καὶτοῦτο
3356 3293 3483 3363 περὶ
3510 3292 3699 3346 αὐτοῦ⁸
3728 3295 3813 3347 ὅτι

2248 3376 2642 3446 ἀσθενήσαντος
2701 3378 2865 3430 αὑτοῦ
2926 3396 3052 3433 ποτε
3107 3383 3187 3444 είς
3227 3384 3445 3451 Σκῆτιν,
3491 3384 3735 3452 ἀπῆλθεν
3785 3387 3814 3437 6

2251 3487 2353 3539 πρε
2365 3469 2643 3540 σϐύτερος,
2667 3469 2759 3521 καὶ
2784 3470 3010 3539 ἤνεγκεν
3031 3472 3191 3525 αὐτὸν
3216 3474 3347 3542 πρὸς
3374 3474 3471 3544 τὴν
3492 3475 3811 3545 ἐκκλησίαν,

2250 3564 2343 3613 καὶ
2374 3560 2567 3629 έθηκεν
2591 3561 2752 3613 αὐτὸν
2781 3564 2859 3625 εἰς
2888 3562 3197 3634 χαλάδριον,
3238 3566 3331 3618 καὶ
3359 3566 3553 3637 μικρὸν
3576 3584 3817 3639 προσκε-

2250 3653 2476 3720 φάλαιον
2514 3655 2649 3725 πρὸς
2675 3658 2739 3724 τῇ
2768 3657 2978 3726 κεφαλῇ
3010 3656 3198 3711 αὑτοῦ.
3235 3659 3344 3713 Καὶ
3372 3654 3453 3724 εἷς
3479 3661 3588 3714 τῶν
3622 3664 3816 3733 γερόν-

2248 3759 2355 3796 των
2393 3744 2561 3797 ἐλθὼν
2604 3747 2683 3809 είς
2719 3747 3005 3817 ἐπίσκεψιν
3047 3748 3232 3816 αὐτοῦ,
3268 3749 3390 3803 ἰδὼν
3431 3752 3590 3806 αὑτὸν
3634 3756 3715 3817 είς
3756 3755 3818 3808 τὸ

2250 3832 2557 3903 χαλάδριον,
2586 3837 3002 3909 ὲσκανδαλίσθη,
3024 3839 3199 3907 λέγων
3224 3857 3238 3871 ’
3280 3837 3447 3906 Οὗτός
3480 3846 3569 3897 ὲστ
3581 3863 3629 3897 ιν
3660 3846 3688 3897 6
3717 3845 3819 3899 ἁδ-

2249 3923 2350 3986 6ἀς
2393 3924 2684 3991 ’Δρσένιος,
2735 3928 2830 3981 καὶ
2871 3931 2948 3992 εἰς
2981 3929 3155 3984 ταῦτα
3190 3932 3503 3999 ἀνάκειταη
3537 3935 3733 3989 Λαϐὼν
3758 3937 3817 3988 δὲ

2248 4016 2411 4068 αὑτὸν
2460 4017 2488 4068 6
2540 4016 2928 4087 πρεσϐύτερος,
2976 4020 3124 4088 λέγει
3158 4024 3307 4094 αὐτῷ
3328 4041 3341 4057 ο
3378 4026 3442 4077 Τί
3467 4022 3533 4094 ἦν
3564 4026 3627 4077 τὸ
3657 4026 3817 4098 ἔργον

2253 4120 2344 4156 σου
2385 4105 2443 4157 ὲν
2485 4107 2549 4175 τῇ
2585 4104 2749 4178 κώμῃ
2783 4121 2915 4172 σου;
2947 4108 3107 4176 Λέγει
3136 4111 3165 4163 6
3204 4112 3409 4182 γέρων·
3444 4114 3652 4185 Ποιμὴν
3683 4132 3816 4185 προ-

1860 4257 2094 4314 νΑΙὶΙιΕ
2144 4258 2547 4317 LECTIONES.

659 4406 693 4429 ἰ
719 4397 963 4477 (Ζοιίξιοιιι
984 4397 1092 4477 τοῦ⁵
1112 4395 1508 4476 διορθώσασθαι
1534 4399 1761 4463 ἑαυτοὺς
1794 4401 1886 4453 καὶ
1913 4399 2265 4472 πορευθῆναι,
2290 4410 2394 4457 etc.
2472 4410 2497 4437 η
2537 4400 2767 4457 Coteler.
2796 4402 2963 4468 ἄλλας
3032 4406 3264 4476 ἀνομίας
3315 4407 3595 4477 προστιθεῖ
3630 4372 3815 4466 ὲπάνίι)

587 4468 693 4522 τῶν
722 4467 1005 4539 ἁμαρτιῶν
1034 4467 1222 4521 αὑτοῦ.

2076 4600 2297 4658 ΝΟΤΛΕ.

583 4717 756 4786 donec
784 4711 995 4786 veniret
1024 4711 1089 4765 ad
1115 4712 1359 4786 ordinem
1390 4728 1569 4786 suum.
1596 4713 1662 4768 Et
1687 4729 1807 4770 cum
1839 4716 2140 4786 accepisset

585 4785 832 4840 tlduciam
890 4781 1152 4837 adversus
1208 4785 1561 4851 cogitationes
1619 4788 1832 4847 malas,
1889 4781 2141 4841 vincebat

582 4872 695 4910 eas.
732 4873 749 4904 ›
794 4852 1122 4917 Cotelcrius,
1172 4868 1292 4922 pag.
1330 4854 1456 4919 555,
1489 4855 1580 4907 illa
1635 4870 1739 4908 non
1770 4856 1898 4925 legit
1945 4859 2002 4910 in
2040 4872 2140 4911 suo

584 4936 753 4980 textu.

654 4994 769 5061 (95)
811 4992 1165 5046 Prmmittitur
1218 4992 1269 5045 iu
1309 4992 1415 5045 Vit.
1459 4992 1569 5045 PP.
1616 4993 1709 5046 lib.
1746 5010 1798 5055 v,
1850 4994 2137 5059 libcl|.18,

582 5062 801 5133 minue
827 5081 892 5133 :Ac
933 5063 1073 5117 Dixit
1105 5062 1271 5133 abbas
1315 5063 1519 5129 Daniel,
1568 5064 1659 5130 qui
1692 5074 1806 5116 erat
1840 5065 2138 5133 discipulus

584 5132 795 5187 abbatis
838 5131 1088 5195 Arscnii;
1120 5132 1243 5197 quia
1292 5134 1531 5185 narravit
1578 5136 1623 5185 ei
1656 5134 1824 5186 abbas
1854 5131 2137 5198 Arsenius,

582 5214 853 5273 tauquant
878 5204 953 5273 ,de
994 5201 1101 5254 alio
1149 5204 1333 5267 aliquo
1366 5203 1552 5255 dicens
1591 5210 1742 5269 (puto
1769 5215 1968 5262 tamen,
1999 5208 2139 5273 quod

581 5275 649 5326 de
690 5287 752 5324 co
805 5270 1128 5335 dicebatur).
1171 5288 1187 5318 ι
1238 5274 1367 5334 Quae
1416 5274 1596 5325 itidem
1651 5288 1713 5323 es
1764 5288 1857 5325 ore
1907 5270 2140 5330 Danielis

583 5343 887 5397 referuntur
913 5342 1051 5405 apud
1082 5340 1312 5393 Coteler.
1348 5357 1469 5410 pag.
1494 5343 1615 5395 564.
1652 5342 1707 5394 lu
1732 5344 1917 5395 codice
1954 5355 2140 5397 nostro

581 5411 995 5481 membrauaceo
1024 5410 1066 5481 Ω
1111 5411 1313 5481 ms._5.
1344 5413 1469 5464 olim
1506 5412 1718 5479 collegii
1763 5414 1930 5464 nostri
1966 5414 2141 5481 lngo!-

580 5479 892 5543 stadiensis,
945 5479 1036 5548 qui
1071 5480 1135 5533 ad
1165 5479 1365 5533 calcem
1413 5482 1697 5533 inchoatus
1731 5490 1949 5534 notatur
1995 5479 2139 5537 anno

579 5550 706 5611 829,
768 5549 1040 5602 habetur:
1105 5568 1121 5599 ι
1160 5549 1353 5604 Beatus
1417 5550 1677 5604 ArScuius
1724 5550 2013 5617 referebat,
2072 5570 2139 5608 eo

582 5619 749 5685 quod,
792 5620 1004 5689 dum_in
1038 5622 1250 5688 propria
1297 5620 1429 5673 cella
1480 5621 1725 5673 residuos
1756 5622 1918 5683 viros,
1962 5641 1977 5669 ι
2008 5634 2136 5689 elc.,

586 5689 656 5741 ibi
689 5698 804 5741 est:
848 5706 865 5737 ‹
906 5687 1047 5743 Vidit
1090 5687 1215 5745 ante
1266 5700 1474 5759 portam
1520 5689 1752 5746 civitatis
1799 5691 1936 5746 duos
1985 5687 2179 5761 juveé-

580 5771 696 5827 nes,
731 5774 750 5808 ι
782 5766 886 5812 etc.

2318 4717 2427 4786 (94)
2462 4719 2760 4793 Χαλάδριον
2799 4734 2856 4777 et
2897 4724 3207 4793 χαράδριον,
3260 4738 3449 4793 malta.

3497 4732 3680 4801 pellis.
3732 4743 3816 4793 vel

2244 4788 2420 4842 lectus

2500 4791 2697 4863 ellibus
2722 4791 3004 4863 instratus.
3044 4791 3373 4854 Videnotas
3406 4791 3678 4856 Col-elerii'
3699 4811 3803 4863 col.

2244 4859 2423 4955 39.9mm
2454 4859 2696 4955 Glogsar.
2730 4860 2901 4955 Graec.
2930 4862 3139 4945 Cang'ii.
3164 4866 3321 4922 Certe
3344 4872 3486 4955 apud
3506 4859 3816 4953 utrumque

2243 4942 2281 5015 ξι.
2302 4928 2508 4981 Joanne
2546 4929 2830 5015 Qeoiiictra
2862 4928 3188 5015 exprimitur
3205 4952 3298 5007 per
3329 4928 3473 4994 κώεα
3506 4942 3556 4995 ἰη
3581 4928 3819 5015 δεξειυέιῦ

2246 5004 2307 5060 ti,
2343 5012 2505 5067 quem
2544 5004 2734 5063 citant,
2764 5004 3065 5069 versiculo;

2313 5112 2582 5183 Illi-fu;er
2609 5112 2917 5178 Ἀρσένιὼ·
2964 5133 3051 5180 τις
3098 5117 3238 5170 ἰδὼν
3266 5120 3363 5173 ἐπὶ
3396 5121 3616 5177 κώεσιν
3647 5128 3811 5183 ὄντα.

2327 5181 2660 5248 i'iluperubal
2686 5183 2960 5237 Arsenium
3003 5188 3215 5257 aliquis,
3242 5191 3416 5244 videns
3447 5209 3563 5245 eum
3585 5213 3698 5249 esse
3726 5181 3815 5251 an;

3409 5260 3523 5332 [per
3550 5268 3808 5332 pellibus.

2243 5362 2313 5446 ab.
2340 5362 2479 5423 κῶος
2517 5372 2599 5417 est
2640 5365 2819 5446 lpcllis_
2852 5368 3067 5446 agn_in_a_
3082 5371 3160 5424 vel
3192 5372 3349 5446 ovina
3381 5415 3408 5446 ,Α
3445 5384 3499 5427 et
3531 5377 3731 5446 quippe
3764 5381 3815 5434 ni

2245 5432 2479 5512 aliorum
2510 5432 2914 5512 quadrupedtmi
2937 5440 3137 5512 ?_I_(G)o;
3170 5444 3331 5495 etiam
3367 5432 3643 5512 signili'cat'
3667 5432 3817 5501 Istra;

2246 5501 2453 5583 gulu‘ni.
2511 5505 2565 5554 In
2606 5501 2920 5583 apographo
2969 5501 3224 5583 Medica-0
3263 5501 3702 5577 registraucize
3732 5528 3818 5573 est

2247 5570 2458 5643 εὐτελές
2498 5589 2547 5643 τι
2575 5570 2839 5641 στρῶμαῖ
2866 5578 3005 5643 apud
3038 5578 3255 5632 Surium
3282 5570 3430 5634 niim.
3459 5583 3520 5636 9-1
3548 5586 3653 5638 vile
3676 5570 3817 5642 slra;

2251 5640 2452 5713 gntum.
2500 5640 2668 5713 Porro
2702 5640 2981 5699 historiam
3015 5648 3155 5704 hanc
3202 5665 3599 5709 commemorat
3626 5640 3818 5713 laudao

2253 5717 2338 5762 tus
2363 5706 2622 5777 Coteler.,
2658 5727 2782 5782 pag.
2812 5714 2935 5769 567.
