4018 6304
179 331 287 390 873

810 326 1087 386 ORATIO
1124 326 1262 385 ΧΠ.
1303 350 1371 360 -
1406 325 1784 387 LAUDATIO
1817 327 1875 385 S.
1936 325 2246 386 ARSENII
2289 323 2827 383 ANACIIORET/E.

3325 321 3426 381 874

178 436 364 488 ϐάτων
407 438 573 506 ήμην.
625 423 736 488 Καὶ
788 437 935 503 λέγει
972 437 1000 488 6
1031 435 1432 505 πρεσϐύτερος’
1474 435 1596 499 Πῶς
1629 431 1742 496 οὖν,

1861 436 2132 491 traduxisti
2159 439 2171 490 l
2208 434 2305 490 llic
2330 449 2476 499 vero,
2498 434 2552 486 In
2581 434 2763 488 labore
2793 431 2986 495 multo,
3020 432 3116 497 ait,
3136 440 3190 487 et
3225 448 3425 485 terum-

180 526 340 594 φησὶ,
373 525 557 596 διῆγες
588 527 680 578 τὸν
709 525 820 594 βίον
856 542 983 592 dou;
1027 525 1084 578 ὐ
1131 527 1189 578 δέ
1235 543 1399 594 φησιν
1420 542 1432 555 ·
1480 525 1566 578 Ἐν
1600 527 1752 595 κόπῳ

180 615 387 684 πολλῷ,
417 617 511 666 καί
536 613 738 683 μόχθῳ.
767 615 873 666 Καὶ
893 612 1037 680 λέγει
1063 612 1237 682 αὐτῷ·
1267 613 1375 665 Καὶ
1403 612 1517 675 πῶς
1543 612 1752 679 διάγεις

179 706 390 776 ἀρτίως
436 707 494 756 ὲν
537 705 616 774 τῷ
646 704 840 774 κελλίῳ
873 721 964 757 σου
990 721 1004 769 ;
1049 705 1106 757 '0
1133 705 1189 757 δὲ
1221 704 1323 775 ἔφη
1345 721 1358 733 ·
1390 704 1581 767 Καλῶς
1619 705 1750 758 ἁνα-

181 797 453 866 παύομαι.
510 797 617 849 Καὶ
656 796 801 864 λέγει
844 795 993 866 αὐτῷ
1034 798 1062 850 ὁ
1093 795 1490 866 πρεσϐύτερος’
1529 795 1753 859 Βλέπεις

180 889 372 942 τοῦτον
400 888 490 940 τὸν
519 887 692 941 ἀόδᾶν
730 888 1033 958 Ἀρσὲνιονς
1065 887 1247 958 πατὴρ
1283 887 1545 957 βασιλέων
1573 887 1755 956 ὑπῆρ-

183 997 280 1048 χεν
329 981 386 1030 ἒν
434 977 510 1048 τῷ
554 978 777 1048 κόσμῳ,
827 979 919 1031 καὶ
968 978 1124 1048 χίλιοι
1172 978 1348 1031 δοῦλοι
1401 976 1754 1048 σηρικοφόροι

185 1066 464 1136 παρέσταν
495 1068 589 1135 (m)
613 1066 760 1136 αὑτῷ
782 1082 794 1094 °
830 1067 1102 1137 πολύτιμα
1137 1067 1192 1120 δὲ
1225 1068 1520 1138 στρώματα
1545 1066 1754 1121 ὑποκά-

185 1176 264 1213 τω
294 1159 462 1212 αὐτοῦ
489 1156 556 1229 ἦν
584 1175 597 1189 ⁸
649 1159 711 1212 σὺ
745 1159 802 1212 δὲ
848 1159 1049 1230 ποιμὴν
1081 1158 1174 1224 ὢν,
1208 1160 1305 1229 οὐχ
1337 1154 1503 1228 εἶχες,
1547 1159 1613 1229 ἢν
1660 1158 1756 1212 νῦν

189 1249 355 1318 ἔχεις,
387 1252 720 1305 ἀνάπαυσινο
745 1245 1019 1315 καὶ.οὗτος
1047 1252 1144 1319 τὴν
1170 1251 1399 1322 τρυφὴν,
1430 1251 1497 1321 ἢν
1527 1245 1672 1320 εἶχεν
1698 1252 1755 1303 ὲν

189 1343 268 1414 τῷ
315 1343 528 1414 κόσμῳ,
571 1338 673 1397 ὦδε
725 1344 824 1397 οὐκ
869 1343 1002 1412 ἔχει.
1049 1342 1178 1395 Ἰδοὺ
1225 1338 1338 1407 οὖν,
1382 1343 1444 1395 σὺ
1487 1343 1585 1413 μὲν
1629 1342 1757 1395 ἀνα·

195 1436 364 1505 παύῃ,
424 1435 677 1496 κάκεῖνος
736 1434 996 1487 θλίϐεται.
1048 1435 1106 1487 '0
1156 1433 1212 1486 δὲ
1262 1433 1501 1496 ἀκούσας
1560 1433 1755 1498 ταῦτα,

195 1525 498 1601 κατηνύγη.
535 1525 632 1578 καὶ
680 1524 837 1578 ἕὸαλε
889 1525 1196 1594 μετάνοιαν,
1225 1524 1427 1593 λέγων·
1461 1526 1758 1595 Συγχωρη-

199 1615 290 1668 σόν
320 1632 430 1686 μοι,
462 1615 631 1676 ἀὸϐᾶ,
676 1617 992 1686 ἡμάρτηκα,
1025 1617 1106 1670 ὅτι
1153 1608 1309 1679 οὗτος
1357 1610 1521 1686 ἦλθεν
1563 1617 1642 1679 εἰς
1669 1615 1758 1668 x6-

200 1722 322 1770 πον,
363 1705 518 1776 κάγὼ
563 1707 646 1769 εἰς
685 1707 1020 1762 ἀνάπαυσιν·
1055 1709 1149 1760 καὶ
1179 1706 1478 1778 ὠφεληθεὶς
1521 1707 1548 1760 6
1581 1707 1758 1776 γέρων

199 1798 532 1869 ἀνεχώρησε.

267 1894 374 1942 κα’.
403 1889 591 1959 Τούτῳ
618 1887 697 1957 τῷ
726 1889 981 1960 μακαρίῳ
1010 1887 1318 1956 ἐπέστησαν
1348 1887 1396 1940 οἱ
1421 1886 1670 1955 δαίμονες
1699 1887 1758 1939 ἐν

196 1978 272 2047 τῷ
326 1978 540 2046 κελλεῳ,
599 1977 873 2042 θλιϐόντες
909 1977 1088 2033 αὐτόν.
1141 1977 1557 2048 Παραλαὸόντες
1603 1975 1660 2029 δὲ
1709 1976 1759 2029 οἱ

199 2064 570 2125 διακονοῦντες
621 2065 788 2132 αὐτῷ,
839 2066 932 2118 καὶ
975 2066 1195 2128 στάντες
1245 2063 1348 2130 ἔξω
1393 2067 1491 2136 τῆς
1543 2064 1758 2131 κέλλας,

199 2154 437 2223 ἤκουσαν
469 2153 634 2207 αὑτοῦ
663 2154 888 2224 βοῶντος
916 2157 1050 2226 πρὸς
1075 2156 1165 2210 τὸν
1196 2157 1328 2210 Θεὸν
1349 2157 1442 2210 καὶ
1477 2153 1757 2224 λέγοντοςέ

209 2246 267 2299 '0
304 2246 435 2310 θεός
479 2263 600 2316 μου,
647 2246 719 2317 μὴ
765 2248 1136 2319 ὲγκαταλίπῃς
1177 2265 1244 2319 με
1271 2263 1284 2277 ·
1343 2248 1492 2301 οὐδὲν
1535 2248 1762 2318 ἐποίησα

196 2336 426 2392 ἐνώπιόν
461 2357 554 2393 σου
586 2339 788 2407 ἀγαθόν
814 2358 828 2372 ·
860 2339 993 2394 ἀλλὰ
1023 2340 1109 2403 δός
1138 2339 1392 2409 μοικατά
1413 2339 1510 2408 τὴν
1532 2339 1762 2410 χρηστό-

194 2431 340 2500 τητα
383 2449 476 2484 σου
509 2431 692 2501 βαλεῖν
722 2432 917 2503 ἀρχήν.
956 2430 1266 2498 Πυθομένου
1304 2430 1360 2484 δὲ
1386 2430 1546 2483 αὑτὸν
1573 2429 1760 2500 ἐτέρου

195 2520 427 2592 ἀδελφοῦ
460 2522 692 2576 ἀκοῦσαι
730 2522 887 2591 λόγον
913 2520 1201 2591 ὠφελείας,
1251 2515 1404 2574 εἶπεν
1435 2521 1583 2591 αὐτῷ
1611 2521 1638 2572 6
1665 2521 1761 2588 γέ-

196 2628 340 2682 ρωνο
372 2613 513 2683 Ὅση
570 2612 815 2682 δύναμις,
851 2612 1135 2680 ἀγώνισαι,
1177 2614 1264 2668 ἵνα
1298 2616 1330 2686 ἡ
1361 2613 1507 2668 ἔνδον
1553 2630 1650 2667 σου
1674 2614 1764 2684 ἐρ-

190 2702 362 2770 γασία
391 2703 534 2757 κατὰ
562 2703 695 2757 Θεὸν
716 2700 772 2777 ᾖ,
799 2705 891 2757 καὶ
914 2705 1157 2775 νικήσεις
1175 2705 1241 2758 τὰ
1269 2706 1375 2770 ἔξω
1401 2705 1764 2776 πάθη.Διηνε-

189 2794 308 2858 κῶς
334 2789 427 2848 οὖν
455 2796 512 2847 ὲν
553 2796 766 2860 πολλοῖς
796 2796 969 2850 ἔτεσιν
997 2799 1024 2851 6
1056 2798 1340 2868 Μακάριος
1382 2798 1507 2858 τοὺς
1537 2798 1764 2867 ἀσκητι-

189 2887 324 2950 κοὺς
348 2886 512 2941 αὐτοῦ
543 2887 779 2956 ἀγῶνας.
805 2889 896 2942 καὶ
926 2889 1207 2953 ἀνάπλεως
1237 2889 1312 2943 ὢν
1347 2890 1544 2953 παντὸς
1570 2907 1765 2960 κατορ-

189 2977 468 3048 θώματος.
492 2980 615 3032 ἐπε)¹
641 2979 928 3050 ἐνέστηκεν
953 2979 981 3032 6
1009 2980 1106 3050 τῆς
1136 2979 1519 3050 μεταστάσεως
1551 2979 1761 3051 καιρὸς,

187 3068 499 3138 παρῃνήνει
524 3067 602 3138 (η)
633 3069 743 3130 τοῖς
773 3071 1034 3138 μαθηταῖς
1056 3068 1218 3122 αὑτοῦ
1250 3069 1456 3138 λέγων·
1489 3071 1579 3141 Μὴ
1605 3087 1764 3141 φρον-

1856 543 1943 582 na.
1996 527 2134 582 Tum
2167 528 2304 583 alter
2341 541 2573 582 rursus:
2615 525 2679 577 Et
2729 525 2821 594 qui
2874 539 3020 578 nunc
3061 524 3212 592 dcgis
3247 524 3299 576 in
3334 532 3425 576 tua

1856 619 2023 676 cella?
2082 619 2422 688 Respondit:
2480 616 2777 672 Commode
2821 615 3068 684 quiesco.
3114 613 3180 667 Et
3228 613 3422 666 iterum

1856 714 2136 783 presbyter
2170 730 2182 765 :
2243 711 2400 765 Vides
2430 709 2681 764 abbatem
2728 706 2874 761 hunc
2901 704 3235 760 Arsenium?
3265 703 3425 756 Pater

1856 806 2244 873 imperatorum
2276 811 2393 856 erat
2421 801 2473 854 in
2505 798 2723 863 saeculo,
2755 805 2810 851 et
2842 796 2987 851 mille
3013 795 3202 849 famuli
3235 793 3425 849 sericis

1857 895 2028 950 induti
2084 893 2334 949 astabant
2393 892 2473 955 ei,
2527 891 2762 960 pretiosa
2816 888 2980 942 etiam
3032 895 3208 943 strata
3268 893 3427 939 erant

1857 985 2042 1040 subter
2067 983 2224 1052 ipso:
2259 990 2313 1036 tu
2346 995 2475 1036 vero
2499 984 2603 1034 non
2640 978 2874 1034 habuisti
2909 991 3098 1046 pastor
3131 974 3425 1037 exsistens,

1857 1090 2018 1144 quam
2059 1088 2207 1128 nunc
2240 1073 2425 1136 babes,
2461 1071 2700 1140 requiem
2728 1088 2740 1124 :
2770 1069 2863 1124 sed
2888 1069 2977 1122 ille
3007 1067 3254 1130 delicias,
3288 1079 3431 1134 quas

1860 1162 2048 1218 habuit
2099 1163 2152 1215 in
2178 1161 2400 1221 saeculo,
2455 1158 2543 1214 hic
2597 1173 2704 1212 non
2739 1157 2921 1212 habet.
2953 1154 3085 1210 Vide
3127 1154 3334 1223 igitur;
3372 1163 3430 1208 tu

1858 1253 2024 1323 quieti
2065 1251 2348 1316 indulges;
2395 1250 2484 1304 ille
2529 1264 2658 1304 vero
2690 1248 2997 1302 afﬂictatur.
3033 1245 3245 1312 Quibus
3275 1245 3432 1298 audi-

1861 1346 1950 1411 tis,
2008 1352 2367 1413 compunctus
2415 1349 2520 1406 est,
2553 1355 2615 1396 ac
2645 1354 2872 1410 corpore
2924 1338 3184 1392 inclinato
3213 1336 3425 1390 veniam

1860 1436 2011 1508 petiit
2060 1435 2285 1491 dicens:
2317 1434 2540 1504 ignosce
2588 1431 2756 1496 mihi,
2817 1430 2978 1495 abba,
3023 1427 3265 1498 peccavi.
3332 1426 3429 1480 llic

1860 1530 2005 1584 venit
2039 1527 2106 1583 ad
2135 1527 2395 1590 laborem,
2423 1535 2476 1579 et
2499 1538 2600 1594 ego
2631 1521 2696 1577 ad
2720 1521 2986 1592 requiem.
3011 1520 3075 1574 Et
3101 1535 3224 1574 cum
3246 1519 3424 1572 fructu

1861 1633 2026 1674 senex
2056 1617 2327 1675 discessit.

1927 1884 2016 1939 2L
2062 1882 2288 1937 Beatum
2339 1882 2451 1950 (95)
2497 1883 2662 1936 istum
2710 1878 3002 1950 aliquando
3043 1877 3098 1930 in
3141 1875 3277 1929 cella
3330 1888 3427 1942 ag-

1859 1974 2032 2044 gressi
2065 1983 2193 2030 sunt
2225 1974 2518 2034 dremoncs,
2559 1972 2855 2037 amigcntes
2895 1983 3041 2023 eum.
3095 1965 3429 2020 Accedentes

1860 2076 2041 2122 autem
2063 2065 2156 2138 qui
2179 2066 2558 2122 ministrabant
2586 2064 2778 2134 ipsi,et
2805 2069 3008 2117 stantes
3034 2068 3186 2114 extra
3210 2057 3426 2129 cellam,

1861 2158 2152 2212 audierunt
2189 2156 2366 2226 ipsum
2416 2155 2740 2211 clamantem
2786 2154 2854 2207 ad
2900 2150 3093 2213 Deum,
3147 2164 3213 2203 ac
3243 2147 3430 2201 dicen-

1862 2255 2010 2302 tem:
2040 2245 2083 2302 Ο
2144 2246 2218 2300 ιιιί
2262 2247 2423 2309 Deus,
2488 2259 2557 2299 ne
2588 2243 2934 2312 derelinquas
2975 2255 3096 2304 me;
3134 2237 3270 2292 nihil
3300 2234 3429 2290 boni

1861 2339 1917 2392 in
1967 2346 2259 2408 conspectu
2295 2346 2390 2391 tuo
2421 2336 2504 2404 egi
2538 2353 2550 2389 :
2594 2335 2686 2390 sed
2715 2333 2782 2388 da
2822 2332 2952 2387 mibi
2999 2337 3220 2401 propter
3276 2325 3427 2382 beni-

1862 2428 2118 2498 gnitatem
2179 2437 2364 2489 tuam,
2415 2433 2475 2480 ut
2526 2424 2727 2494 jaciam
2791 2421 3224 2477 fundamentum.
3291 2417 3428 2470 Dum

1861 2527 2042 2574 autem
2070 2516 2180 2586 (96)
2207 2514 2347 2569 alius
2376 2512 2544 2568 frater
2574 2512 2933 2581 interrogaret
2966 2507 3168 2577 ipsum,
3205 2513 3262 2556 ut
3299 2501 3428 2555 boni

1862 2607 2063 2679 aliquid
2117 2623 2184 2662 ex
2240 2607 2357 2677 ipso
2402 2605 2636 2670 audiret,
2683 2602 2821 2656 dixit
2843 2616 3005 2656 senex
3050 2618 3063 2652 :
3124 2593 3428 2654 Contende.

1861 2709 2124 2772 quantum
2156 2706 2327 2768 potes,
2377 2704 2436 2752 ut
2480 2696 2691 2750 interna
2722 2693 2966 2763 Operatio
3007 2701 3097 2743 tua
3138 2688 3428 2743 sitsccun-

1862 2794 1990 2848 dum
2051 2790 2243 2854 Deum,
2305 2797 2360 2844 et
2411 2796 2662 2842 externas
2704 2784 3062 2855 appetitiones
3119 2775 3425 2848 superabis.

1863 2882 2157 2953 Postquam
2181 2881 2364 2950 itaque
2392 2878 2583 2934 beatus
2609 2876 2829 2933 assidue
2858 2874 3092 2930 ascetica
3123 2885 3220 2926 sua
3246 2878 3422 2924 certa.

1864 2975 2010 3030 mina
2033 2989 2134 3045 per
2161 2973 2360 3028 multos
2387 2984 2562 3026 annos
2593 2969 2925 3024 exantlasset
2967 2965 3103 3034 (97),
3139 2961 3287 3015 omni
3314 2960 3426 3011 vir-

1865 3075 1977 3122 tute
2028 3065 2141 3136 jam
2181 3063 2394 3134 plenus,
2443 3061 2780 3129 instaretque
2820 3067 3033 3126 tempus
3087 3052 3429 3122 migrationis

187 3157 378 3228 τίσητε
410 3159 584 3210 ποιεῖν
618 3158 836 3226 ἀγάπας
872 3167 898 3195 ο
930 3161 1070 3232 ὑπὲρ
1104 3159 1235 3230 ἐμοῦ
1257 3177 1271 3193 ο
1324 3159 1436 3228 ἐγὼ
1484 3161 1592 3232 γὰρ
1634 3161 1758 3215 εἴτι

1867 3161 2006 3232 ejus,
2039 3161 2360 3215 hortabatur
2393 3156 2689 3224 discipulos
2725 3169 2878 3218 suos,
2909 3152 3134 3206 dicens:
3167 3147 3244 3203 Ne
3274 3147 3426 3203 solli-

187 3249 426 3318 ἐποίησα
457 3249 684 3320 ἐμαυτῷ
711 3260 759 3317 P,
790 3249 989 3321 ταύτην
1019 3251 1126 3321 ἔχω
1168 3251 1368 3321 εὑρεῖν.
1419 3252 1761 3322 Ἐταράχθη-

187 3359 292 3394 σαν
320 3337 414 3394 οὖν
442 3343 488 3394 oi
517 3342 777 3412 μαθηταὶ,
809 3341 1139 3406 ἀκούσαντες
1165 3342 1354 3397 ταῦτα·
1381 3343 1474 3396 καὶ
1496 3343 1642 3411 λέγει
1669 3345 1762 3396 αὖ·

181 3435 333 3496 θεοῖς’
361 3431 528 3488 Οὔπω
553 3428 683 3504 ἦλθε
709 3434 742 3502 ἠ
773 3432 890 3502 ὥρα
913 3451 926 3465 ο
961 3433 1049 3488 ὅτε
1078 3434 1133 3486 δὲ
1160 3433 1396 3504 ἔρχεται,
1428 3434 1571 3503 λέγω
1597 3436 1724 3504 ὑμῖν
1747 3452 1758 3464 ο

186 3524 447 3595 κριθῆναι
480 3524 536 3578 δὲ
567 3524 677 3594 ἔχω
710 3525 826 3595 μεθ’
850 3525 1002 3594 ὑμῶν
1032 3526 1127 3579 ἐπὶ
1154 3527 1245 3581 τοῦ
1277 3526 1517 3598 βήματος
1558 3534 1632 3596 (ο)
1668 3527 1762 3581 τοῦ

183 3615 456 3688 Χριστοῦ,
495 3617 590 3670 ἐὰν
632 3615 838 3686 δώσητε
867 3617 928 3670 τὸ
954 3617 1202 3687 λείψανόν
1235 3619 1337 3688 μού
1383 3636 1509 3674 τινι.
1549 3620 1612 3673 Ti
1645 3615 1757 3683 οὖν,

185 3709 350 3778 φησὶ,
389 3712 715 3777 ποιήσομεν;
764 3709 844 3761 ὅτι
873 3708 974 3761 οὐκ
1003 3709 1220 3779 οἴδαμεν
1262 3709 1600 3778 ἐνταφιάσαι.
1655 3711 1762 3763 Καὶ

183 3798 344 3865 λέγει
369 3795 554 3860 αὐτοῖς
584 3798 613 3850 6
633 3798 845 3869 Γέρωνο
879 3799 993 3853 Οὐκ
1019 3798 1195 3853 οἴδατε
1235 3798 1415 3869 βαλεῖν
1446 3801 1675 3872 σχοινίον
1707 3811 1756 3867 (ι,

185 3890 285 3942 καὶ
317 3883 453 3960 ἆραι
483 3905 550 3959 με
573 3889 651 3953 εἰς
677 3889 737 3943 τὸ
761 3889 916 3960 δροςς
946 3885 1113 3955 Οὗτος
1132 3891 1187 3946 δὲ
1208 3887 1274 3964 ἦν
1297 3892 1326 3945 6
1353 3893 1508 3961 λόγος
1541 3892 1634 3947 τοῦ
1667 3893 1764 3946 [‘5'-

187 3998 417 4050 ροντοςο
492 3982 758 4052 ’Δρσένιε,
807 3983 886 4037 διὸ
943 3984 1194 4054 ὲξῆλθεςς
1264 3985 1422 4040 τοῦτο
1478 3990 1760 4058 σημαῖνον.

197 4070 492 4142 Ἐπειπερ,
526 4073 660 4143 φησι
692 4073 810 4143 Θεῷ
835 4077 1067 4129 συνεῖναι
1101 4076 1293 4129 σαυτὸν
1317 4075 1574 4146 προέθου,
1599 4075 1762 4130 ἁκλό-

1862 3255 1955 3310 citi
1981 3254 2115 3326 (98),
2151 3262 2210 3307 ut
2234 3266 2436 3322 agapas
2459 3250 2568 3320 (99)
2601 3248 2812 3304 faetatis
2849 3262 2946 3318 pro
2990 3261 3076 3300 tne
3105 3264 3118 3299 :
3149 3257 3275 3297 nam
3307 3255 3428 3312 ego.

1861 3345 2128 3416 siquidem
2153 3344 2282 3398 mihi
2314 3342 2440 3407 feci,
2469 3341 2612 3396 illam
2633 3340 2926 3396 inveniam.
2951 3337 3178 3391 Turbati
3199 3348 3329 3404 ergo
3351 3332 3430 3405 (l)

1863 3445 1991 3493 sunt
2020 3435 2292 3506 discipuli,
2334 3435 2448 3489 haec
2485 3431 2801 3497 audientes;
2845 3438 2899 3484 et
2931 3428 3069 3483 dixit
3099 3428 3206 3482 illis
3237 3442 3250 3480 :
3278 3421 3430 3478 Non-

1863 3530 1993 3583 dum
2021 3529 2167 3583 venit
2191 3531 2357 3593 hora;
2387 3524 2604 3595 quando
2635 3532 2815 3577 autem
2845 3521 3074 3584 venerit,
3109 3519 3289 3574 dicam
3328 3532 3429 3570 vo-

1868 3623 1974 3677 bis.
2028 3619 2299 3675 Judicium
2340 3618 2486 3672 enim
2535 3615 2816 3670 vobiscum
2859 3613 3045 3669 subire
3089 3611 3262 3666 debeo
3305 3618 3433 3663 ante

1870 3711 2107 3767 tribunal
2177 3708 2400 3774 Christi,
2475 3707 2521 3764 si
2593 3707 2846 3776 cuiquam
2916 3703 3170 3760 dederitis
3230 3715 3433 3770 corpus

1869 3817 2048 3860 meum
2102 3801 2199 3873 (2).
2233 3801 2498 3869 Quidnam
2546 3815 2696 3871 ergo,
2783 3795 3054 3868 inquiunt,
3120 3788 3430 3847 faciemus?

1868 3897 1997 3966 quia
2039 3894 2315 3949 nescimus
2338 3894 2414 3963 (5)
2446 3893 2576 3947 illud
2600 3890 2848 3961 sepelire.
2875 3888 2935 3944 Et
2956 3888 3086 3943 dicit
3115 3886 3194 3942 eis
3224 3898 3388 3941 senex
3417 3900 3429 3934 :

1867 3986 1984 4041 Non
2031 3985 2205 4040 nostis
2255 3985 2470 4039 mittere
2520 3982 2726 4046 funem,
2755 3990 2810 4036 et
2842 3980 3032 4036 tollere
3081 3993 3166 4033 me
3196 3976 3251 4031 in
3286 3989 3435 4029 mon-

1873 4076 2021 4132 tem?
2070 4075 2203 4130 Illud
2254 4084 2432 4129 autem
2478 4073 2788 4143 frequenter
2837 4071 3174 4140 usurpabat:
3213 4065 3433 4127 Arseni,

1483 4216 1717 4272 νΑιιΙΑῑ
1778 4213 2178 4272 LECTIONES.

263 4359 294 4391 ο
318 4349 396 4405 al.
423 4350 663 4422 ἀγάπην.
737 4361 764 4400 ι’
787 4352 1001 4408 additur
1035 4355 1173 4423 apud
1199 4353 1371 4407 Cotel.
1408 4355 1648 4426 ἀγάπην.
1723 4366 1749 4406 ει
1773 4355 2011 4412 Cotelcr.
2043 4357 2123 4419 ei;
2160 4355 2251 4408 τὸν
2282 4355 2418 4406 πόδα
2451 4371 2574 4422 μου,
2604 4354 2658 4404 in
2679 4352 2862 4421 pedem
2898 4365 3086 4403 meum.

1702 4506 1935 4563 NOT/E.

261 4642 363 4780 ἕνη)
404 4642 689 4709 Παρὲσταν
717 4657 812 4711 per
841 4658 1110 4713 syncopen
1141 4658 1238 4712 pro
1269 4643 1637 4714 παρέστησαν.
1691 4644 1857 4698 Paulo
1897 4654 2019 4710 post
2063 4647 2298 4700 occurrit
2335 4647 2642 4716 ἐπέστησαν
2685 4647 2890 4714 absque
2922 4660 3171 4716 synmpe.

286 4711 340 4780 η)
374 4713 706 4780 Παρηνήνει,
744 4728 840 4780 pro
870 4729 977 4780 quo
1006 4714 1275 4769 substitue
1306 4713 1537 4780 παρῄνει
1567 4732 1581 4767 :
1615 4730 1643 4767 a
1679 4715 1960 4780 παραινέω
2005 4715 2130 4780 nisi,
2172 4732 2321 4770 more
2345 4717 2548 4772 Graecis
2579 4716 2708 4771 alibi
2755 4718 2889 4771 satis
2928 4715 3164 4769 familiar

286 4711 340 4781 η)
367 4713 709 4784 μαρηνήνει,
744 4728 851 4784 pro,
870 4711 977 4783 quo
1006 4711 1275 4784 substitue
1306 4711 1537 4784 παρῄνει
1567 4732 1581 4767 :
1615 4730 1643 4767 a
1679 4715 1960 4783 παραινέω
2005 4715 2130 4780 nisi,
2172 4732 2321 4770 more
2345 4711 2548 4772 Graecis
2579 4716 2708 4771 alibi
2755 4711 2889 4771 satis
2928 4711 3205 4781 familiari,
3235 4723 3430 4769 auctor

192 4795 326 4836 usus
359 4781 526 4854 fuerit
557 4781 1007 4854 anadiplosi,'seu
1036 4781 1462 4854 reduplicatione
1493 4784 1738 4854 secunda:
1762 4781 2000 4854 syllabae.

231 4854 336 4921 _(o)
367 4850 608 4905 Coteler.
648 4851 772 4906 Ἐπὶ
800 4854 891 4913 τοῦ
920 4852 1160 4923 βήματος
1176 4850 1280 4906 τοῦ
1316 4853 1547 4922 φοϐεροῦ
1607 4853 1700 4925 (al.
1739 4850 1996 4924 Χριστοῦ)
2030 4874 2042 4911 :
2088 4865 2210 4910 ante
2251 4857 2575 4911 tremendum
2610 4856 2867 4910 tribunal.

266 4959 541 5088 ἓθὸὲόζίι.
570 4961 684 5019 PP.
716 4963 810 5019 lib.
834 4980 886 5031 v,
916 4965 1080 5022 libell.
1120 4967 1207 5032 15,
1254 4983 1408 5024 num.
1433 4967 1504 5021 5:
1536 4967 1767 5032 Coteler,

197 5043 316 5099 pag.
354 5043 483 5088 555.

267 5102 384 5167 (96)
436 5099 542 5171 Vit.
582 5098 695 5171 PP.
730 5102 883 5167 ibid.,
919 5105 1085 5160 libell.
1116 5107 1201 5171 11,
1235 5123 1384 5161 num.
1424 5108 1474 5160 1.

268 5173 384 5239 (97)
439 5170 935 5246 Ἐξαντλησᾲμενος
988 5170 1194 5241 addidi,
1245 5192 1354 5245 quo
1392 5177 1543 5230 ﬁeret
1590 5176 1768 5246 perfe-

198 5249 329 5318 ctus‘
348 5256 589 5318 sensns_;
643 5240 747 5295 nisi
787 5243 923 5298 forte
972 5260 1070 5314 pro
1121 5240 1383 5316 διηνεκῶς
1421 5240 1766 5301 scribendum

199 5309 267 5360 sit
299 5309 623 5377 διενεγκών.

267 5379 379 5448 (98)
430 5381 495 5434 1η
537 5378 643 5434 Vit.
688 5379 795 5434 PP.
848 5381 941 5435 lib.
975 5400 1029 5444 ν,
1071 5383 1238 5439 libell.
1288 5385 1374 5449 10,
1414 5403 1562 5440 num.
1610 5388 1662 5448 9,
1714 5399 1766 5442 et

199 5449 342 5568 apud
405 5451 646 5506 Coteler.
681 5466 802 5519 pag.
852 5451 954 5508 569
1009 5467 1265 5509 narratur
1302 5472 1367 5509 ex
1421 5472 1516 5511 ore
1569 5457 1766 5512 Danie-

269 5589 378 5653 (99)
427 5589 812 5664 ’Ayzi'ttag,_hic
837 5591 1071 5661 intellige
1101 5593 1490 5664 eleemosynas,
1524 5596 1777 5651 refectio-

329 5675 656 5734 paupei'uttt.
704 5659 832 5714 Vide
865 5659 1155 5734 utrumque
1196 5659 1524 5719 Glossarium
1559 5668 1773 5734 Cangii.

203 5665 295 5734 nes
329 5675 656 5740 pauperum.
705 5665 832 5714 Vide
865 5673 1155 5728 utrumque
1196 5665 1524 5719 Glossarium
1559 5668 1768 5734 Cangii.

215 5719 314 5778 Vit.
380 5729 499 5784 PP.
561 5729 654 5782 ltb.
689 5744 770 5793 ιιι,
828 5747 974 5785 num.
1013 5732 1134 5796 165,
1197 5749 1314 5804 pag.
1367 5734 1470 5788 521
1534 5737 1768 5792 habent;

527 5823 795 5884 PATROL.
839 5823 957 5884 Gn.
995 5824 1204 5887 XCIX.

1883 4987 1901 5016 ι
1959 4967 2127 5023 Nemo
2190 4986 2354 5039 super
2417 4986 2502 5024 me
2569 4969 2729 5024 faciat
2800 4969 3157 5031 charitatem,
3221 4967 3324 5021 nisi
3380 4968 3431 5021 in

1874 5039 1986 5160 ξιιῖιίι
2040 5041 2353 5094 oblatione:
2407 5056 2508 5111 ego
2555 5042 2600 5095 si
2652 5040 2752 5094 feci
2809 5040 3164 5103 charitatem,
3213 5039 3432 5092 invenio

1874 5123 1885 5160 I
1935 5125 2040 5160 am.
2078 5129 2095 5159 ι

1873 5123 2040 5162 Illam.
2078 5129 2095 5159 ι

1943 5179 2019 5247 (1)
2050 5178 2105 5232 1η
2146 5179 2249 5233 Vit.
2279 5180 2389 5233 PP.
2425 5181 2516 5235 lib.
2552 5195 2636 5242 Ill,
2676 5195 2828 5232 num.
2870 5177 2987 5241 165,
3018 5193 3137 5246 pag.
3167 5176 3270 5230 525
3299 5194 3434 5247 prte-

1873 5250 2150 5302 mlttitur:
2191 5270 2207 5300 ι
2254 5250 2513 5305 Turbatis
2555 5258 2734 5302 autem
2777 5247 3093 5317 discipulis.
3123 5247 3280 5317 quasi
3316 5249 3430 5317 jam

1873 5326 2112 5388 tempore
2143 5322 2554 5388 propinquante.
2597 5337 2614 5367 ι
2669 5318 2732 5372 Ει
2766 5319 2856 5371 lib.
2896 5333 2942 5379 ν,
2978 5316 3138 5371 libell.
3167 5316 3251 5377 15,
3279 5316 3428 5371 num.

1871 5387 1944 5440 9:
1988 5387 2006 5438 ι
2047 5390 2148 5452 Qui
2189 5406 2309 5442 cum
2360 5387 2697 5449 moreretur,
2760 5387 2956 5441 turbati
3017 5396 3144 5440 sunt
3193 5387 3365 5440 valde.
3407 5409 3426 5438 ι

1882 5458 2139 5538 (ὶριειρνη
2182 5474 2300 5528 pag.
2331 5459 2454 5525 369,
2487 5459 2763 5530 μέλλοντος
2785 5458 3040 5528 τελευτᾷν
3085 5473 3099 5508 :

1884 5538 2082 5581 rtturus
2117 5539 2266 5583 88881.

1955 5599 2030 5668 (2)
2085 5598 2184 5651 γει.
2222 5599 2332 5651 PP.
2375 5618 2392 5649 ι
2433 5598 2487 5651 Si
2535 5597 2888 5668 permiseritis
2913 5596 3167 5665 cuiquam
3199 5594 3267 5650 de
3309 5609 3432 5650 cor-

1883 5682 2013 5737 pore
2044 5685 2162 5721 meo
2191 5669 2390 5734 aliquid
2424 5669 2619 5721 facere.
2656 5686 2673 5718 ι

1954 5739 2028 5808 (5)
2081 5739 2178 5791 Vit.
2210 5739 2315 5794 PP.
2362 5758 2378 5788 ‹
2414 5738 2680 5794 Mortuum
2711 5736 2906 5792 vestire
2934 5735 3012 5788 vcl
3037 5734 3279 5803 sepelire.
3331 5752 3347 5783 ι

2955 5829 3032 5888 23

3161 5457 3292 5509 Cum
3321 5474 3432 5509 mo-
