4018 6304
146 389 260 450 877

792 384 1072 445 ORATIO
1104 385 1238 444 XII.
1277 410 1344 420 —
1379 379 1758 445 LAUDATIO
1795 379 1854 438 S.
1902 379 2215 438 ARSENII
2256 372 2797 440 ANACHORETE.

3315 372 3413 436 878

150 511 326 548 κοντα
359 493 526 547 πέντε
551 509 564 524 ο
599 493 851 564 ἐποίησεν
895 494 952 548 δὲ
989 495 1068 557 είς
1101 496 1160 547 τὸ
1195 495 1452 548 παλάτιον
1496 492 1590 546 τοῦ
1636 490 1734 560 τῆς

1838 489 2110 556 quintum.
2136 487 2333 543 Mansit
2366 503 2526 558 porro
2562 485 2614 539 in
2637 485 2839 554 palatio
2866 482 3214 553 imperatoris
3238 481 3413 538 Theo-

153 586 315 649 θείας
347 585 572 656 μνήμης
602 584 880 638 Θεοδοσίου
910 584 1004 638 τοῦ
1034 584 1270 654 μεγάλου
1296 585 1398 646 ἕως
1421 584 1514 637 τοῦ
1543 599 1735 635 τεσσα-

154 675 430 746 ρακοστοῦ
475 675 632 740 ἔτους
661 676 760 746 τῆς
789 675 952 730 αὑτοῦ
980 677 1218 746 ἡλικίας,
1249 678 1343 729 καί
1383 679 1440 729 ἐν
1471 678 1536 746 τῇ
1570 675 1735 744 Σκῆτι

153 769 257 838 ἔτη
283 774 356 838 μ’,
385 769 480 821 καὶ
506 767 638 821 δὲιια
673 767 750 831 εἰς
781 767 973 838 Τρώην
1004 770 1100 838 τῆς
1127 767 1236 821 ἄνω
1262 767 1579 828 Βαϐυλῶνος
1606 785 1736 820 κατ-

156 860 346 912 έναντι
379 860 686 929 Μέμφεως’
718 858 812 912 καὶ
853 859 946 929 ἔτη
993 865 1040 927 γ’
1084 861 1163 922 είς
1199 860 1288 912 τὸν
1332 859 1599 912 Κάνωπον
1636 859 1736 927 τῆς

169 950 604 1022 Ἀλεξανδρείας,
659 952 752 1004 καὶ
789 951 921 1005 ἄλλα
971 950 1064 1003 δύο
1109 950 1202 1020 ἐτη
1251 946 1413 1021 ἦλθεν
1449 950 1609 1003 πάλιν
1655 951 1734 1013 είς

157 1043 382 1114 Τρώην,
413 1046 506 1097 καὶ
539 1046 656 1096 ἐκεῖ
681 1043 968 1113 ἐκοιμήθη,
1001 1042 1224 1106 τελέσας
1252 1055 1279 1082 ιι
1318 1046 1376 1096 ὲν
1420 1045 1612 1116 εἰρήνῃ
1641 1043 1735 1096 καὶ

159 1134 317 1204 φόϐῳ
339 1133 474 1187 Θεοῦ
498 1133 589 1187 τὸν
609 1134 805 1204 δρόμον
829 1133 992 1186 αὑτοῦ
1016 1149 1028 1161 ⁸
1052 1134 1132 1187 ὅτι
1156 1131 1223 1205 ἦν
1247 1134 1383 1206 ἀνὴρ
1409 1136 1612 1203 ἀγαθὸς
1641 1135 1735 1189 καὶ⁸

160 1226 378 1298 πλήρης
408 1224 722 1295 Πνεύματος
757 1224 932 1292 ἁγίου,
965 1225 1058 1278 καὶ
1081 1227 1336 1290 πίστεως.
1375 1227 1645 1280 Κατέλιπε
1676 1224 1732 1279 δέ

165 1335 260 1387 μοι
289 1317 382 1370 τὸν
421 1317 627 1386 χιτῶνα
668 1317 833 1376 αὐτοῦ
863 1316 956 1370 τὸν
991 1317 1333 1388 δερματινδν,
1367 1321 1459 1374 καὶ
1495 1320 1733 1389 τρίχινον

160 1411 390 1478 κὰμισιν
415 1408 629 1474 λευκὸν,
661 1408 751 1461 καὶ
783 1408 1036 1462 σανδάλια
1065 1410 1340 1463 σεὸἐννινα
1365 1420 1413 1474 ν,
1446 1412 1536 1464 καὶ
1567 1410 1676 1478 ἐγὼ
1705 1413 1733 1463 ό

163 1497 377 1560 ἀνάξιος
405 1496 638 1566 ὲφόρεσα
665 1494 824 1561 αὐτὰ,
856 1497 1002 1559 ὅπως
1030 1497 1328 1568 εὐλογηθῶ.
1362 1497 1531 1551 Τοῦτο
1561 1499 1620 1551 τὸ
1645 1500 1734 1552 πιέ⁵

166 1605 265 1658 ρας
293 1588 384 1641 τοῦ
414 1588 532 1657 βίου
572 1587 665 1641 τοῦ
697 1589 984 1658 Μακαρίου
1026 1589 1321 1659 ’Ᾱρσενίου,
1351 1590 1425 1652 ὡς
1451 1592 1507 1643 ὲν
1532 1589 1734 1658 ὀλίγοις

155 1681 218 1733 δὲ
257 1680 608 1750 διηγημένον,
642 1680 702 1733 οὐ
733 1680 872 1732 κατὰ
911 1680 972 1732 τὸ
1003 1680 1208 1750 πλῆθος
1249 1681 1357 1735 τῶν
1391 1682 1734 1751 ἀξιαγάστων

156 1772 327 1825 αὐτοῦ
365 1773 703 1844 πρακτικῶν,
732 1771 868 1825 ἀλλὰ
898 1773 1040 1827 κατὰ
1068 1773 1128 1825 τὸ
1155 1773 1356 1843 φθᾶσαι
1389 1774 1733 1846 βραχυμερὲς

153 1865 346 1934 γραφῇ
403 1863 777 1933 παραδοθῆναι
835 1863 988 1934 παρά
1049 1865 1158 1917 τῶν
1217 1864 1377 1917 ὁσίων
1433 1867 1720 1935 γερόντων.

164 1956 363 2025 Ἡμεῖς
387 1955 444 2008 δὲ
467 1956 563 2009 καὶ
587 1956 653 2008 τὰ
681 1956 809 2022 περὶ
829 1955 1037 2010 ἑαυτῶν
1063 1955 1354 2026 ληψόμενοι
1377 1967 1424 2021 ι,
1453 1959 1552 2012 οὐκ
1570 1961 1726 2032 ὀκνή-

150 2065 329 2117 σομεν
366 2048 542 2118 τόλμῃ
563 2047 836 2119 χρώμενοι
862 2048 1160 2118 προσθῆναί
1185 2065 1237 2102 τι
1261 2051 1372 2113 τοῖς
1392 2053 1726 2122 εἰρημένοις,

145 2140 262 2210 τῆς
302 2137 399 2206 μὲν
439 2136 850 2206 πενιχρολογίας
889 2136 1046 2207 ήμῶν
1078 2137 1330 2208 δήλωσιν,
1359 2138 1454 2193 τοῦ
1492 2139 1549 2192 δὲ
1592 2142 1730 2205 πρὸς

142 2232 253 2284 τὸν
284 2231 475 2298 ’Δγιον
514 2229 678 2282 πόθου
703 2226 1121 2300 ἀποπλήρωσιν.

232 2491 329 2547 κδ’.
376 2493 475 2556 Τίς
525 2489 680 2562 λόγος
740 2494 992 2567 δυνηθείη
1057 2500 1258 2569 φράσαι
1307 2500 1401 2553 τοῦ
1445 2502 1732 2554 πανολσίου

145 2584 372 2647 τούτου,
413 2584 508 2638 καὶ
545 2583 916 2654 τρισμάκαρος
945 2589 1237 2642 ὁσιωτάτου
1273 2590 1464 2660 ἀνδρὸς
1498 2591 1564 2644 τὰ
1604 2609 1734 2644 κατ-

143 2676 460 2748 ορθώματα
485 2676 846 2744 διηγήσασθαι
871 2696 884 2742 ;
926 2677 961 2733 θ.
990 2680 1050 2731 οὑ
1077 2680 1235 2748 μόνον
1258 2683 1290 2751 ή
1318 2681 1438 2734 καθ’
1466 2684 1614 2752 ἡμᾶς
1651 2700 1739 2751 γε-

146 2771 259 2822 νεᾶ
288 2766 581 2836 θαυμάζει,
615 2765 709 2819 καὶ
733 2770 988 2838 πειρᾶται
1013 2769 1110 2832 τὰς
1137 2770 1326 2822 τούτου
1358 2771 1653 2841 ἀθλητικὰς
1680 2777 1738 2827 ὲν

146 2860 398 2929 ἀσκήσει
451 2859 794 2926 παλαίστρας
827 2860 1167 2930 ζηλοτυπῶν,
1198 2862 1333 2914 ἀλλὰ
1362 2864 1454 2916 καὶ
1483 2865 1530 2916 οἱ
1570 2866 1738 2935 ἀκρέο

151 2968 325 3022 μονες
369 2949 464 3003 καὶ
504 2954 789 3021 κορυφαῖοι
830 2952 935 3004 τῶν
979 2952 1148 3020 ἁγίων
1190 2953 1433 3024 ἀρχαίων
1478 2957 1738 3028 Πατέρων

145 3045 256 3114 τὴν
295 3040 391 3095 τοῦ
425 3042 766 3111 ὲμηνύσαντο
808 3043 1081 3097 πολιτείαν
1103 3061 1116 3076 ·
1145 3044 1289 3113 λέγω
1333 3046 1396 3117 δὴ
1429 3049 1520 3101 τὸν
1562 3051 1735 3118 μέγαν

1841 3059 2228 3121 expresserunt
2309 3049 2432 3102 vita:
2504 3047 2878 3100 institutum:

151 3135 461 3206 Εὑθύμιον,
488 3137 547 3199 ὃς
586 3137 767 3188 πᾶσαν
796 3137 1029 3208 σπουδήν
1066 3139 1299 3193 ἐποιεῖτο
1328 3140 1520 3194 τούτου
1560 3147 1741 3213 μιμεῖ-

152 3228 290 3281 σθαι
327 3227 426 3289 τὰς
453 3227 676 3296 ἀρετὰς,
701 3226 799 3292 τήν
825 3243 882 3279 τε
915 3228 1142 3298 ἡσυχίαν
1167 3230 1352 3292 αὐτοῦ,
1385 3233 1478 3284 καὶ
1507 3235 1736 3304 σιωπὴν,

153 3321 254 3374 καὶ
285 3318 813 3389 ταπεινοφροσύνην,
846 3319 906 3372 τὸ
927 3320 1019 3373 τοῦ
1048 3321 1353 3390 ὲνδώματος
1383 3324 1613 3388 εὐτελὲς,
1649 3328 1741 3377 καὶ

151 3414 258 3484 τὴν
291 3412 404 3465 τῶν
442 3411 748 3480 βρωμάτων
771 3413 1003 3482 ἁποχὴν,
1037 3416 1128 3465 καὶ
1156 3414 1254 3482 τήν
1281 3415 1360 3475 είς
1397 3415 1574 3469 πάντα
1606 3434 1740 3485 καρ-

154 3505 354 3575 τερίαν
384 3502 448 3555 τὸ
485 3501 665 3570 ἐαυτῷ
700 3504 1008 3573 προσέχειν,
1039 3505 1178 3556 κατὰ
1206 3505 1267 3557 τὸ
1295 3505 1386 3557 ὑπ’
1411 3508 1621 3558 ἐκείνου
1656 3508 1744 3558 λε-

155 3595 420 3664 γόμενον·
465 3593 733 3663 Ἀρσένιε,
773 3594 852 3647 διὸ
900 3593 1159 3662 ὲξῆλθες;
1215 3597 1439 3664 Ἐζήλου
1477 3598 1533 3651 δὲ
1580 3598 1743 3651 αὑτοῦ

161 3688 259 3739 καὶ
290 3686 395 3755 τὴν
428 3684 748 3749 κατάνυξιν,
789 3688 880 3737 καὶ
914 3686 980 3738 τὰ
1007 3687 1238 3757 δάκρυα,
1280 3690 1372 3740 καὶ
1415 3689 1511 3751 τὰς
1550 3690 1748 3743 παννύ-

161 3794 292 3846 χους
318 3777 656 3846 ἀγρυπνίας,
691 3775 750 3827 τὺ
784 3775 1082 3846 φιλέρημόν
1113 3796 1168 3831 τε
1199 3781 1289 3831 καὶ
1328 3780 1620 3847 μιτόδοξον,
1656 3783 1748 3834 καὶ

1837 580 1977 633 dosii
2032 580 2212 650 magni
2267 580 2466 634 divina:
2520 577 2798 632 memoria:
2857 592 3033 646 usque
3083 578 3149 630 ad
3209 591 3412 630 annum

1837 683 1950 724 sua:
1998 671 2171 725 aetatis
2244 668 2723 740 quadragesimum
2758 667 2877 736 (9):
2921 672 2975 722 tn
3041 665 3186 722 Sceti
3244 681 3414 720 annos

1837 761 2196 833 quadraginta
2224 779 2236 815 :
2283 761 2337 815 in
2379 760 2523 815 Troe
2553 775 2681 814 vero
2707 759 3013 828 superioris
3041 759 3154 828 (10)
3189 757 3416 827 Babylo-

1838 853 1923 907 nis
1956 869 2147 910 versus
2175 853 2490 924 Memphim,
2543 867 2718 915 annos
2747 852 2931 906 decem
2956 868 2968 904 :
3006 859 3119 905 tres
3147 851 3202 904 in
3230 850 3383 904 Cano
3401 879 3416 888 ιι

1839 961 1906 1013 po
1938 945 2048 1014 (11)
2087 945 2431 1000 Alexandriae
2466 964 2479 999 :
2527 953 2582 999 et
2620 943 2843 1012 reliquis
2883 942 3100 996 duobus
3133 941 3296 995 annis
3329 956 3416 994 re-

1836 1039 1937 1092 diit
1979 1037 2031 1091 in
2084 1039 2310 1104 Troen;
2373 1037 2558 1106 ibique
2607 1034 2960 1100 obdormivit,
3019 1047 3418 1088 consummatis

1836 1145 2057 1185 cursum
2089 1145 2248 1185 suum
2279 1130 2331 1184 in
2361 1143 2490 1198 pace
2530 1143 2593 1181 ac
2621 1128 2813 1182 timore
2839 1126 2930 1180 Dei
2963 1143 2977 1179 :
3010 1125 3138 1195 quia
3170 1131 3290 1177 erat
3333 1123 3416 1176 vir

1836 1223 2009 1278 bonus
2069 1235 2124 1277 et
2168 1223 2364 1291 plenus
2414 1221 2618 1291 Spiritu
2668 1228 2859 1274 sancto
2907 1226 2963 1273 et
3013 1217 3138 1273 fide.
3176 1215 3417 1285 Reliquit

1835 1325 2016 1369 autem
2049 1314 2180 1367 mihi
2214 1315 2496 1383 pelliceam
2520 1327 2676 1367 suam
2712 1311 2980 1376 tunicam,
3008 1310 3301 1379 albamque
3324 1325 3416 1363 ca-

1834 1407 2050 1462 misiam
2086 1406 2197 1477 (12)
2225 1406 2524 1472 cilicinam,
2548 1421 2651 1461 nec
2681 1420 2790 1459 non
2828 1403 3097 1468 sandalia,
3130 1418 3160 1458 e
3190 1403 3406 1473 palant-

1834 1500 1883 1554 la
1915 1498 2183 1554 confecta.
2221 1499 2284 1551 Et
2316 1513 2415 1569 ego
2461 1498 2714 1568 indignus
2745 1497 2834 1551 illa
2872 1496 3078 1568 gestavi
3101 1535 3116 1560 ,
3153 1504 3213 1550 ut
3249 1496 3414 1550 bene-

1835 1593 2047 1648 dicerer
2094 1591 2226 1661 (l3).
2286 1589 2384 1644 Hic
2441 1590 2565 1644 vitaz-
2608 1590 2824 1644 Arsenii
2880 1589 3187 1653 transitus;
3224 1587 3413 1657 paucis

1836 1685 2054 1755 quidem
2102 1683 2404 1752 expositus,
2459 1696 2569 1735 non
2619 1691 2799 1736 autem
2850 1689 3013 1751 prout
3043 1695 3248 1744 rerum,
3277 1694 3416 1748 quas

1837 1776 2021 1844 gessit,
2067 1774 2428 1829 admiratione
2462 1773 2751 1842 dignarum
2786 1771 3088 1825 multitudo
3127 1771 3412 1841 exigebat;

1833 1866 1926 1921 sed
1972 1873 2134 1934 prout
2171 1863 2470 1918 secundum
2525 1873 2708 1926 tenue,
2752 1862 2897 1930 quod
2932 1859 3230 1928 praecessit,
3268 1872 3414 1913 com-

1829 1959 2086 2028 pendium
2130 1972 2160 2011 a
2215 1955 2418 2011 sanctis
2473 1953 2696 2008 senibus
2745 1951 2948 2021 scripto
3005 1949 3394 2004 commendatae.

1831 2056 1978 2105 sunt.
2013 2046 2124 2101 Nos
2157 2061 2308 2109 vero,
2342 2052 2461 2115 post
2493 2044 2608 2097 haec
2630 2041 2695 2095 ab
2727 2041 2860 2110 ipsis
2880 2049 3126 2109 accepta,
3161 2053 3268 2092 non
3298 2051 3418 2108 gra-

1832 2141 2083 2196 vahimur
2129 2138 2331 2192 audere
2355 2135 2584 2204 aliquid,
2617 2141 2670 2188 et
2702 2134 2998 2201 adjungere
3027 2132 3119 2193 iis,
3151 2144 3273 2200 quae.
3294 2129 3412 2199 jam

1836 2230 1979 2285 dicta
2009 2236 2155 2292 sunt,
2194 2236 2302 2280 tam
2341 2235 2399 2279 ut
2430 2225 2753 2279 ostendatur
2801 2221 3072 2276 sermonis
3103 2221 3280 2276 nostri
3322 2236 3418 2290 pe-

1839 2321 2021 2385 nuria,
2077 2333 2239 2388 quam
2288 2325 2349 2370 ut
2392 2330 2661 2386 propensa
2719 2314 2774 2368 in
2832 2321 3086 2369 sanctum
3153 2313 3414 2366 voluntas

1839 2414 2140 2480 expleatur.

1909 2504 1999 2558 9.4.
2044 2502 2301 2569 Quaenam
2374 2498 2795 2554 fortunatissimi
2869 2496 3066 2561 hujus,
3113 2493 3415 2549 beatissimi

1841 2609 1906 2650 ac
1943 2593 2275 2648 sanctissimi
2303 2591 2400 2644 viri
2436 2598 2582 2644 recte
2615 2588 2771 2642 factis
2799 2586 3143 2642 recensendis
3168 2600 3263 2654 par
3289 2599 3411 2638 esse

1844 2688 2015 2757 possit
2046 2684 2263 2740 oratio?
2286 2682 2417 2750 Qum
2457 2697 2561 2736 non
2602 2690 2811 2734 tantum
2835 2688 2966 2733 aetas
2994 2687 3178 2733 nostra
3211 2677 3418 2730 adrui--

1844 2788 2017 2840 ratur,
2052 2785 2106 2830 et
2141 2775 2382 2830 armulari
2424 2782 2654 2829 conatur
2692 2770 2969 2826 exantlata
3001 2769 3068 2822 ab
3098 2769 3194 2821 illo
3227 2767 3416 2822 solita:

1844 2871 1939 2924 riae
1981 2869 2105 2923 vitae
2151 2868 2471 2927 certamina,
2522 2864 2614 2918 sed
2643 2864 2996 2930 antiquorum
3036 2875 3258 2928 quoque
3286 2874 3417 2913 san-

1844 2971 2056 3017 ctorum
2111 2958 2332 3012 Patrum
2389 2957 2658 3026 primores
2732 2969 2794 3007 ac
2862 2951 3136 3022 principes
3191 2950 3419 3019 hujusce

2961 3059 3219 3114 magnum
3297 3043 3421 3096 dico

1848 3142 2223 3212 Euthymium,
2251 3141 2340 3210 qui
2369 3155 2586 3209 operam
2619 3139 2764 3192 dedit
2798 3135 3114 3196 maximam,
3153 3145 3211 3188 ut
3245 3134 3420 3202 ipsius

1845 3238 2075 3290 virtutes
2117 3233 2457 3295 imitaretur;
2515 3242 2790 3286 secesSum
2839 3229 3047 3298 ipsius,
3101 3229 3416 3290 silentium,

1846 3327 2244 3387 humilitatem,
2291 3325 2516 3377 vestitus
2571 3324 2830 3376 vilitatem
2860 3361 2874 3386 ,
2940 3321 3185 3373 ciborum
3238 3321 3410 3387 absti-

1847 3415 2109 3474 nentiam,
2177 3413 2531 3481 vigilantiam,
2570 3427 2675 3480 qua
2715 3411 2767 3463 in
2798 3408 3052 3462 omnibus
3092 3408 3195 3462 sibi
3247 3417 3428 3462 attcn~.

1840 3505 2021 3565 debat,
2054 3504 2205 3572 juxta
2243 3501 2313 3566 id,
2344 3501 2487 3570 quod
2520 3503 2586 3554 ab
2629 3503 2745 3568 ipso
2784 3499 2986 3553 dictum
3038 3507 3121 3552 est
3153 3516 3165 3550 :
3205 3497 3420 3560 Arseni,

1842 3613 1940 3651 cur
1980 3594 2226 3667 [saeculo]
2258 3595 2454 3650 existi?
2505 3594 2581 3648 Ad
2638 3594 2785 3656 haec,
2841 3591 3090 3646 aemulari
3141 3592 3422 3659 satagebat

1844 3691 2014 3759 ipsius
2061 3689 2540 3757 compunctionem
2571 3727 2585 3749 ,
2637 3687 2934 3755 lacrymas,
2984 3683 3423 3753 pervigilationes

1847 3792 2158 3844 nocturnas,
2201 3795 2440 3835 amorem
2494 3777 2843 3840 solitudinis,
2896 3776 3078 3830 odium
3132 3773 3317 3844 gloria:
3369 3784 3420 3825 et

1485 3914 1714 3969 VARI/ﬁ
1761 3913 2161 3970 LECTIONES.

230 4035 259 4064 υ
288 4030 362 4082 al.
397 4026 719 4087 τελειώσας.
796 4035 820 4060 ν
853 4026 918 4078 al.
958 4028 1223 4091 σεΰένινα,
1257 4029 1551 4083 σεῦεννίνπ.

1633 4040 1655 4066 ι
1692 4031 1998 4101 λαϐόμενοι.

1685 4145 1913 4199 ΝΟΤΛΞ.

235 4261 314 4327 (9)
352 4261 596 4317 Coteler.
635 4273 755 4328 pag.
785 4258 906 4323 571,
944 4275 1105 4311 annos
1137 4259 1511 4326 quadraginta,
1551 4271 1604 4312 ιιι
1646 4261 1740 4313 ali-

1852 4263 2067 4323 rucrat,
2141 4261 2314 4314 insula
2378 4259 2639 4315 Metanma
2705 4269 2992 4314 vocaretur
3046 4277 3059 4314 :

3112 4260 3426 4330 inducuque

167 4330 218 4384 bi
245 4327 707 4401 observavimus;
743 4331 944 4401 addens
971 4347 981 4382 :
1030 4348 1047 4379 ‹
1087 4327 1244 4381 Pater
1271 4328 1446 4383 factus
1477 4331 1744 4384 divinissi-
1781 4333 1823 4387 Ι)
1853 4343 2099 4384 sanctum
2135 4328 2512 4401 Hieronymum
2543 4341 2595 4384 et
2627 4331 2986 4384 Athanasium
3031 4327 3423 4399 presbyterum,

170 4416 388 4456 morum
424 4399 644 4453 Arcadii
673 4407 725 4451 et
753 4397 996 4453 Honorii.
1037 4420 1054 4450 ι

239 4471 354 4540 (10)
427 4471 530 4524 Vit.
593 4465 708 4540 PP.
737 4469 839 4540 |_ih.
874 4487 926 4532 v,
960 4469 1124 4524 libell.
1178 4472 1264 4536 15,
1317 4485 1466 4525 ηιιιη.
1503 4472 1587 4524 10.
1629 4491 1645 4522 ι
1692 4472 1748 4525 In

172 4537 464 4610 loco,'qui
500 4537 708 4612 dicitur
735 4537 951 4612 'I_‘rohe_n
997 4555 1158 4612 supra
1196 4543 1570 4612 Babyloniam.
1613 4562 1628 4588 ι
1664 4541 1750 4595 lu.

174 4608 400 4682 te_rpres_
434 4613 490 4682 in
521 4609 713 4682 Cragi
759 4608 946 4682 legerit
982 4608 1287 4682 εεςΤρὼην
1310 4608 1412 4682 τὴν
1443 4612 1554 4664 ἀνω
1581 4611 1753 4663 316i)-

174 4676 359 4749 λῶνος,
389 4681 478 4736 vel
521 4681 601 4742 εἰς
659 4676 852 4747 Τριὶνην
897 4678 1008 4731 ἄνω
1053 4676 1152 4749 τῆς
1203 4676 1535 4742 Βαϐυλῶνος.
1572 4682 1631 4733 Et
1675 4682 1754 4735 sic

177 4748 413 4821 intellige
445 4757 657 4821 textum
699 4757 942 4821 nostrum
978 4765 990 4801 :
1021 4748 1197 4821 neque
1242 4751 1386 4805 enim
1436 4753 1551 4821 duae
1583 4751 1753 4821 Baby-

176 4817 322 4874 lones
351 4819 586 4876 fuerunt
625 4817 678 4890 in
719 4815 952 4890 Egypto
982 4856 998 4882 ,
1033 4815 1118 4890 uti
1144 4835 1242 4890 nec
1271 4822 1390 4874 duae
1437 4815 1750 4890 Memphes':

179 4896 228 4940 et
255 4890 421 4945 simili
454 4893 603 4945 haud
636 4889 798 4942 dubie
828 4887 1006 4944 sensu
1039 4889 1090 4942 in
1138 4887 1318 4944 Fastis
1349 4891 1517 4941 sacris
1538 4887 1752 4943 Ait/rio-

181 4960 326 5022 picis,
361 4976 391 5014 a
423 4960 568 5015 Jobo
605 4957 831 5012 Ludolto
862 4959 913 5011 in
952 4958 1192 5013 Historia
1241 4959 1549 5026 xEthiopica
1572 4963 1751 5022 editis,

184 5039 299 5096 pag.
337 5031 444 5084 425
488 5029 812 5097 intelligitur
846 5027 1174 5085 Ptolomaeus
1215 5040 1420 5098 martyr
1461 5045 1491 5082 e
1518 5027 1753 5098 Memphi

186 5099 485 5164 superiore.
509 5098 586 5152 De
607 5100 727 5152 istis
755 5099 967 5152 duabus
994 5101 1218 5154 urbibus
1240 5101 1444 5153 dictum
1473 5101 1522 5151 in
1550 5100 1752 5152 Comm.

185 5180 336 5244 prter.
374 5172 553 5244 Adde,
605 5168 692 5222 hic
744 5167 1015 5244 designari
1057 5168 1381 5239 Babylonem
1433 5171 1756 5244 novam,ad

191 5233 361 5291 Nilum
423 5239 680 5300 ﬂuvium,
734 5233 920 5306 postea
946 5233 1216 5302 dirutam;
1272 5254 1338 5292 ex
1385 5239 1541 5306 cujus
1584 5239 1758 5292 ruinis

191 5306 413 5362 excitata
447 5309 552 5362 fuit
585 5308 639 5360 in
679 5307 891 5362 viciuiis
926 5309 1054 5361 urbs
1089 5309 1305 5371 Cairus,
1335 5312 1502 5362 totius
1536 5307 1754 5378 (Egypti

192 5387 376 5452 caput;
410 5394 440 5430 a
494 5393 606 5452 qua
657 5379 922 5452 tantisper
956 5379 1163 5432 distant
1205 5381 1318 5448 ejus
1376 5383 1589 5441 rudera,
1641 5396 1759 5447 qua:

195 5447 484 5500 etiamnum
520 5447 694 5500 videri
723 5448 996 5501 dicuntur.

235 5514 364 5586 ~(H)
401 5518 476 5571 De
527 5532 743 5587 canopo
782 5535 942 5586 supra
974 5537 986 5571 :
1024 5519 1221 5584 quibus
1255 5519 1375 5573 addi
1432 5528 1655 5587 possunt
1693 5535 1756 5574 ex

196 5585 560 5657 notationibus
610 5585 810 5640 Valesii
837 5585 902 5641 ad
932 5588 1128 5641 librum
1165 5604 1220 5642 ιιι
1245 5585 1757 5641 Historiis-ecclesia-

199 5658 334 5705 uicae
385 5657 703 5726 Sozoincni,
770 5673 894 5726 pag.
951 5658 1068 5720 117,
1128 5675 1246 5726 quae
1277 5661 1436 5712 habet
1470 5659 1752 5724 deinsigni

203 5729 516 5779 monasterio
549 5725 992 5779 TabennenSium
1027 5745 1040 5778 :
1070 5725 1273 5794 etquo
1305 5729 1525 5788 factum,
1564 5738 1621 5778 ut
1651 5729 1753 5779 Ca-

205 5796 381 5854 ιιοριιδ,
439 5810 561 5860 qua:
620 5803 778 5845 antea
820 5795 889 5844 ob
944 5797 1127 5844 lux-um
1179 5805 1230 5847 et
1278 5796 1496 5846 delicias
1532 5796 1748 5850 infamis

1851 4403 1918 4455 de
1982 4417 2047 4455 eo
2109 4404 2422 4468 loquentes;
2491 4402 2581 4468 qui
2641 4411 2950 4469 postremus
3019 4401 3217 4454 ibidem
3272 4415 3420 4455 vocat

1859 4490 1877 4523 ι
1942 4470 2306 4533 Μοιειηαιοιιι,
2359 4471 2735 4523 suburbanum
2791 4471 3040 4523 maxima:
3089 4471 3239 4524 urbis
3301 4472 3426 4527 Alc-

1855 4542 2114 4602 xandriae,
2146 4542 2289 4610 quod
2326 4541 2456 4610 olim
2488 4539 2740 4608 Canopus
2770 4541 3083 4593 vocabatur.
3125 4559 3142 4591 ι

1924 4610 2035 4678 (12.)
2078 4609 2317 4682 Κάμισιν
2345 4609 2577 4682 (Ζίοιειεις.
2614 4610 2889 4682 Καμιάσιν,
2918 4620 3109 4682 estque
3138 4610 3424 4674 subucula,

1854 4681 1995 4734 linea
2056 4680 2306 4751 interula,
2382 4679 2680 4751 indusium,
2709 4679 3113 4751 _lintea_sindon
3154 4699 3167 4734 :
3223 4682 3288 4734 de
3318 4699 3425 4751 qua

1854 4766 1985 4804 voce
2053 4750 2287 4817 Caugius
2340 4758 2395 4802 et
2443 4747 3201 4819 OnomasticumiRosweydi.
3268 4747 3428 4804 Vocis

1853 4830 2068 4890 etymon
2115 4820 2278 4873 tradit
2327 4832 2557 4890 sanctus,
2597 4819 2832 4871 Isidorus
2864 4818 3199 4887 llispalensis
3246 4821 3339 4875 lib.
3376 4839 3427 4874 Ix

1859 4889 2134 4959 Originum
2165 4907 2178 4954 ;
2228 4899 2454 4942 stratum
2479 4889 2645 4960 enim__
2677 4890 2762 4960 vel
2798 4889 3004 4960 lectius
3037 4907 3188 4942 canta
3230 4891 3427 4960 Hispa-

1857 4956 1981 5014 nico
2017 4961 2276 5014 idiomate
2322 4969 2567 5012 vocatur.
2606 4956 2840 5010 Camisia
2895 4959 3064 5012 Gallis
3097 4956 3344 5014 chemise.
3375 4962 3428 5012 In

1857 5030 2124 5097 liturgicis
2177 5038 2259 5082 est
2303 5030 2539 5083 exterior
2588 5028 2758 5083 vestis
2813 5029 2934 5082 alba
2974 5030 3329 5098 clericorum,
3376 5034 3429 5084 in

1857 5101 2086 5154 ecclesia
2119 5100 2320 5167 gestari
2348 5097 2529 5154 solita.

1931 5171 2042 5239 (l5)
2090 5169 2390 5222 Iconismus
2452 5169 2669 5233 sancti,
2728 5169 2839 5222 sive
2899 5169 3134 5225 exterior
3184 5173 3430 5238 corporis

1859 5240 2084 5308 species,
2115 5241 2182 5293 ab
2212 5249 2435 5292 auctore
2466 5239 2596 5294 Vitae
2627 5243 3036 5294 accuratissime.
3079 5240 3165 5294 hic
3191 5242 3432 5293 delinea-

1862 5318 1934 5369 ta,
1979 5319 2233 5362 narratur
2279 5311 2419 5374 apud
2460 5311 2695 5363 Coteler.
2735 5325 2855 5377 pag.
2895 5312 2990 5363 571
3031 5310 3126 5361 :in
3177 5310 3280 5362 l’it.
3312 5309 3427 5362 PP.

1860 5380 1954 5431 lib.
2001 5395 2051 5442 v,
2088 5379 2249 5431 libell.
2293 5379 2375 5442 iii,
2432 5393 2582 5432 num.
2617 5381 2728 5431 1ος
2786 5381 2979 5432 ibidem
3032 5381 3194 5431 etiam
3253 5381 3431 5433 brevis

1863 5450 1974 5502 hzec
2032 5451 2154 5502 vitze
2198 5449 2471 5515 periocha.
2523 5450 2705 5504 Codex
2757 5451 3432 5517 noster,lngolsladiensis

1864 5520 2018 5587 plane
2048 5521 2342 5587 singularis
2365 5529 2468 5581 est,
2500 5522 2624 5571 dum
2645 5520 2775 5570 dicit
2806 5537 2818 5571 :
2852 5539 2869 5570 ι
2906 5519 3132 5571 Moritur
3163 5535 3428 5572 annorum

1864 5599 2079 5642 centum
2114 5605 2216 5653 xv;
2259 5609 2275 5639 ι
2325 5598 2377 5640 at
2419 5587 2578 5643 facile
2609 5590 2809 5642 alicubi
2840 5605 2902 5642 ex
2937 5603 3036 5641 xcv
3073 5590 3214 5658 (qua:
3269 5589 3432 5658 lectio

1865 5675 1929 5711 ex
1964 5660 2076 5712 Vita
2117 5671 2321 5719 nostra,
2393 5659 2526 5711 Vitis
2577 5659 2689 5712 PP.
2748 5674 2810 5710 ac
2851 5657 3123 5711 Cotelerio
3169 5657 3430 5726 probatur

1860 5743 1978 5779 esse
2009 5729 2263 5796 genuina)
2296 5729 2516 5782 formari
2585 5730 2755 5794 potuit
2800 5743 2919 5790 cxv,
2979 5731 3304 5795 transposita
3339 5729 3428 5776 tit-

1860 5804 1967 5846 tera
2007 5813 2055 5846 Χ.
