4018 6304
594 386 700 448 879
1791 385 1851 441 S.
1905 383 2296 445 THEODORI
2329 386 2673 446 STUDITE

3748 392 3862 451 880

592 501 890 565 societatis,
927 499 1262 554 alacritatem
1295 514 1358 554 ac
1400 498 1803 555 contentionem
1838 501 1892 554 in
1927 500 2154 568 orando,
2189 540 2198 564 Α

2300 503 2676 574 .ισοσύντυχον,
2727 506 2787 558 τὸ
2839 507 2914 571 είς
2964 509 3273 579 προσευχὴν
3310 506 3592 578 πρόθυμόν
3641 524 3703 560 τε
3765 510 3865 560 καὶ

590 593 1124 648 commiserationem
1189 605 1254 646 ac
1301 589 1713 646 discretionem.
1770 588 1930 645 Omni
1985 591 2169 660 itaque

2300 591 2507 660 ῠτονον,
2570 594 2691 647 τότε
2741 595 3028 666 συμπαθὲς
3076 596 3168 650 καὶ
3204 597 3563 666 διακριτικὸν.
3628 597 3864 666 Ἐπειδὴ

593 685 774 741 studio
816 684 937 740 vitae
984 685 1156 755 ipsius
1202 685 1517 740 institutum
1553 683 1817 749 imitatus,
1861 684 2166 754 gratiarum

2301 684 2447 737 οίνυν
2478 684 2631 759 πάσῃ
2677 687 2879 758 σπουδῇ
2934 689 3056 758 τὴν,
3084 688 3291 741 ἐκείνου
3335 687 3654 758 ἐμιμήσατο
3702 687 3864 741 πολι-

592 775 777 839 etiam,
805 776 1006 847 quibus
1056 776 1146 831 ille
1175 785 1292 831 erat
1324 776 1603 845 praeditus,
1633 778 1836 832 donum
1873 777 2165 832 fruendum

2303 774 2435 842 είαν,
2467 776 2692 830 καὶτῶν
2713 777 2908 848 ἐκείνῳ
2930 778 3242 849 προσόντων
3268 778 3626 850 χαρισμάτων
3647 777 3861 848 ἠξιώθη

594 869 824 939 accepit,
888 868 1218 925 sanctissimi
1291 868 1532 938 Spiritus
1580 870 2162 934 communicationem,

2300 888 2328 925 ν
2365 871 2663 926 ἀπολαύσει
2714 873 2966 942 γενέσθαι
3001 873 3100 942 τῆς
3131 890 3189 925 τε
3237 870 3331 924 τοῦ
3367 869 3643 937 παναγίου
3678 868 3864 921 Πνεῦ-

594 959 762 1014 divini
790 960 1013 1017 luminis
1034 960 1451 1016 illustrationem
1478 975 1542 1016 ac
1568 960 1797 1030 gratiam
1830 961 2167 1031 perspicien-

2300 979 2452 1026 ιατος
2503 964 2846 1034 μεταδοσίας,
2869 965 2963 1018 καὶ
3008 966 3109 1035 τῆς
3158 963 3252 1017 τοῦ
3279 961 3424 1014 θείου
3449 960 3629 1030 φωτὸς
3655 959 3864 1029 ἐλλάμ-

597 1050 649 1104 di
677 1065 901 1106 arcana.

2300 1054 2446 1122 μεως,
2478 1055 2572 1108 καὶ
2603 1054 2696 1109 τοῦ
2728 1055 3035 1127 διορατικοῦ
3068 1056 3425 1127 χαρίσματος.

2045 1187 2408 1247 EPILOGUS.

668 1300 760 1354 25.
793 1298 836 1354 Ο
859 1300 1133 1355 beatorum
1179 1298 1496 1354 beatissime
1530 1299 1744 1362 Arseni,
1766 1313 1964 1370 purum
2007 1298 2186 1369 Spiri—

2367 1309 2463 1356 κε’.
2499 1298 2567 1354 Ὠ
2607 1302 2894 1372 μακαρίων
2945 1301 3328 1372 μακαριώτατε
3371 1301 3638 1371 Ἀρσένιε,
3672 1303 3738 1355 τὸ
3769 1319 3871 1355 κα-

603 1404 690 1448 tus
746 1393 1176 1462 receptaculum-
1216 1392 1415 1461 Ecquis
1455 1405 1634 1446 sermo
1692 1403 1780 1447 tua
1832 1403 1978 1448 recte
2037 1403 2188 1464 gesta

2300 1393 2462 1463 θαρὺν
2495 1393 2587 1446 τοῦ
2617 1392 2930 1462 Πνεύματος
2960 1393 3326 1460 καταγώγιον.
3380 1392 3477 1454 Τίς
3514 1391 3683 1458 ἀξίως
3729 1393 3870 1461 ἐφη-

604 1484 781 1555 dignis
808 1485 1097 1554 praeconiis
1142 1484 1408 1538 extollat?
1450 1485 1620 1551 Quale
1667 1488 1885 1543 virtutis
1920 1502 2091 1557 genus
2122 1489 2176 1542 in

2300 1487 2454 1538 νεῖται
2488 1485 2561 1556 (q)
2612 1485 2771 1553 λόγος
2810 1484 2918 1536 τῶν
2947 1483 3055 1537 σῶν
3094 1483 3537 1554 κατορθωμάτων
3566 1500 3580 1548 ;
3616 1485 3775 1536 ποῖον
3811 1483 3871 1536 δέ

607 1587 657 1632 te
712 1579 949 1648 primum
993 1577 1261 1632 laudabo?
1292 1579 1375 1632 An
1423 1593 1698 1634 secessum
1747 1596 1776 1632 a
1823 1579 2061 1634 szeculo?
2115 1577 2180 1633 Et

2300 1573 2425 1641 εἶδος
2458 1577 2660 1649 ἀρετῆς
2688 1575 2903 1646 πρῶτον
2933 1578 2990 1629 ἐν
3019 1576 3104 1628 σοὶ
3137 1575 3500 1644 ἐπαινέσομαι
3525 1591 3540 1640 ;
3569 1575 3870 1644 ἀναχώρη-

607 1667 861 1736 quisnam
900 1668 972 1720 ita
1009 1667 1158 1720 dicto
1203 1666 1388 1722 divino
1418 1668 1669 1733 audiens,
1711 1669 1875 1723 citius
1916 1669 2180 1723 mundum

2300 1684 2369 1719 ςιν
2402 1639 2649 1738 ᾴόέμουξ
2686 1639 2781 1720 καῖ
2815 1667 2899 1730 τίς
2935 1664 3108 1729 οὕτως
3138 1639 3464 1735 ἐπακηκοὼς
3498 1639 3873 1736 φωνῆς-*θείας

607 1756 828 1825 reliquit
855 1756 1215 1810 universum?
1239 1755 1321 1810 Ad
1346 1756 1565 1811 modum
1601 1757 1896 1826 locumque
1928 1756 2186 1811 salutaris

609 1846 818 1914 requiei
885 1847 1130 1900 cucurrit
1190 1846 1464 1900 Abraham
1529 1847 1880 1914 patriarcha,
1942 1857 1996 1905 at
2063 1859 2187 1900 cum

612 1949 784 1989 uxore
814 1944 869 1989 et
916 1945 1226 2005 apparatu;
1278 1946 1336 1990 tu
1395 1951 1522 1990 vero
1561 1945 1669 1989 tam
1717 1938 1867 1991 solus
1897 1951 2060 2004 quam
2094 1935 2187 2005 qui

613 2029 866 2089 maxime,
900 2027 1104 2097 absque
1144 2035 1404 2097 apparatu
1449 2043 1511 2082 ac
1543 2029 1706 2082 rebus
1755 2027 2066 2097 superliuis,
2102 2042 2190 2082 so-

612 2119 720 2172 lam
777 2118 980 2173 Christi
1030 2135 1249 2174 crucem
1299 2118 1353 2172 in
1411 2119 1650 2174 humeris
1717 2120 1897 2174 ferens
1944 2135 2188 2174 eremum

613 2209 914 2265 indoluisti.
974 2209 1347 2280 Imperatoriae
1407 2220 1458 2266 te
1512 2211 1648 2265 aula:
1707 2227 1815 2264 non
1875 2219 2190 2278 traxerunt;

613 2300 944 2371 dignitatum
1003 2303 1188 2372 apices
1241 2317 1349 2356 non
1396 2301 1768 2356 detinuerunt.
1812 2299 2032 2368 Quanto
2079 2303 2192 2358 haec

617 2395 739 2460 plus
789 2393 1232 2450 admirabilitatis
1289 2394 1508 2460 habent,
1567 2409 1734 2464 quam
1778 2406 1929 2464 gesta
1973 2396 2186 2466 ipsius!

621 2485 682 2539 Et
700 2487 825 2556 quis
858 2487 926 2540 ab
951 2486 1377 2557 appetitionibus
1406 2495 1562 2541 extra
1594 2487 1854 2542 saeculum
1892 2505 1991 2544 nec
2026 2505 2136 2544 non
2163 2504 2192 2542 a

618 2584 960 2628 terrenarum
1007 2575 1428 2644 impressionum
1478 2574 1825 2634 lineamentis
1873 2590 2193 2640 conversus,

621 2667 712 2720 tali
740 2681 864 2731 cum
900 2667 1006 2720 Deo
1033 2666 1378 2736 colloquendi
1407 2665 1614 2720 honore
1658 2667 1888 2721 donatus
1914 2667 2057 2721 fuit?
2087 2667 2196 2723 Ma-

619 2773 762 2826 gnus
813 2756 902 2812 ille
963 2754 1173 2826 Moyses
1239 2766 1478 2810 montem
1534 2753 1664 2809 Sina
1719 2756 1991 2821 ascendit;
2041 2767 2098 2811 at
2137 2765 2193 2811 tu

622 2862 861 2918 quoque,
925 2857 1188 2918 occupata
1243 2847 1511 2903 orationis
1570 2847 1848 2912 columna,
1914 2863 2039 2902 cum
2087 2849 2194 2903 Deo

622 2938 868 3008 quotidie
912 2940 1166 2994 versandi
1207 2939 1469 2993 honorem
1521 2939 1799 3009 accepisti.
1836 2939 1986 2994 Illius
2011 2940 2194 2995 vultus

625 3030 792 3099 gloria
846 3031 1040 3084 exinde
1086 3031 1453 3085 coruscabat:
1514 3039 1570 3084 tu
1623 3041 1804 3085 autem
1848 3048 2027 3088 nonne
2052 3041 2195 3088 totus

628 3121 766 3190 ignis
788 3121 1090 3191 apparuisti
1127 3121 1328 3175 videnti
1367 3120 1461 3174 te?
1489 3123 1544 3190 (ο
1569 3121 1954 3190 miraculum!)
1987 3121 2196 3174 oratio-

629 3211 713 3264 nis
747 3210 813 3264 ad
863 3208 1033 3264 Deum
1071 3217 1329 3264 contactu
1362 3209 1416 3264 in
1449 3208 1723 3265 ﬂammam
1781 3213 1976 3264 mutari
2011 3212 2196 3275 visus;

628 3313 813 3371 tuque,
848 3303 936 3357 cui
968 3318 1052 3369 res
1091 3302 1624 3368 communicabatur,
1662 3304 1763 3367 rei,
1797 3320 1920 3374 qua:
1951 3318 2200 3359 commu—

631 3395 915 3450 nicabatur
947 3395 1274 3462 consimilis,
1318 3397 1543 3466 angelus
1578 3413 1699 3453 eras
1725 3398 1847 3467 igne
1877 3398 2096 3462 ardens,
2125 3405 2197 3462 et,

631 3487 677 3543 si
710 3503 813 3541 non
871 3488 1130 3542 audacius
1187 3503 1350 3557 quam
1399 3503 1494 3556 par
1527 3497 1631 3555 est,
1675 3488 1924 3557 eloquar,
1971 3489 2199 3557 gloriam

634 3578 923 3633 Mosaicam
954 3593 1366 3648 supergressus.
1404 3576 1524 3633 Jam
1561 3594 1690 3632 vero
1727 3579 1856 3647 quid
1880 3579 2046 3631 statio
2074 3593 2200 3647 pcr-

635 3686 738 3724 nox
768 3689 781 3724 :
812 3669 925 3724 Nox
976 3671 1120 3723 sicut
1171 3669 1286 3723 dies
1333 3669 1635 3724 illuminata
1690 3668 1790 3723 fuit
1840 3668 2200 3731 orationibus,

634 3760 1096 3828 quemadmodum
1154 3760 1374 3816 divinus
1433 3758 1604 3816 David
1665 3761 1926 3816 cecinit‘.
1985 3759 2077 3814 Sol
2110 3760 2204 3814 tibi

637 3855 815 3907 oranti
877 3861 1086 3918 astans,
1135 3854 1236 3908 soli
1271 3863 1323 3909 te
1360 3855 1594 3920 remisit,
1629 3854 1952 3909 circularem
1982 3867 2204 3908 cursum

640 3959 924 4014 peragens.
960 3943 1003 3998 Ο
1043 3945 1145 4009 sol,
1204 3946 1306 3998 soli
1357 3947 1712 4014 intelligentia
1755 3946 1981 4015 praedito
2015 3961 2206 4001 revera

637 4035 832 4089 animle
868 4036 881 4088 ι
940 4033 1092 4088 Mens
1127 4041 1217 4088 tua
1251 4034 1456 4088 lumine
1489 4048 1799 4104 praegnans,
1828 4034 2020 4102 purius
2043 4048 2205 4102 quam

638 4129 847 4183 solares
903 4128 1040 4181 radii
1079 4128 1130 4180 in
1162 4128 1362 4181 coelum
1405 4126 1624 4181 demisit
1663 4125 2026 4197 cogitationes
2065 4137 2205 4191 tuas,

638 4215 809 4272 caelos
839 4217 990 4286 ipsos
1024 4218 1498 4272 transcendentes.

2287 1760 2546 1814 κατέλιπε
2582 1761 2773 1814 θᾶττον
2809 1760 3014 1830 κόσμον
3045 1760 3200 1824 ὃλον;
3236 1759 3378 1829 Πρὸς
3410 1758 3501 1811 τὸν
3531 1759 3741 1828 τρόπον
3775 1760 3874 1811 καὶ

2286 1856 2378 1910 τὸν
2411 1857 2575 1909 τόπον
2601 1857 2698 1927 τῆς
2733 1854 3111 1926 σωτηριώδους
3142 1854 3548 1918 καταπαύσεως
3577 1856 3868 1926 προσδρα-

2292 1947 2405 2018 μὼν
2428 1948 2685 2018 Ἀδραάμ
2720 1948 2748 2000 ὁ
2793 1947 3161 2018 πατριάρχης,
3189 1946 3326 2000 ἀλλά
3371 1946 3470 1999 σὺν
3511 1947 3737 2015 γυναικὶ
3773 1945 3874 1998 καὶ

2289 2044 2604 2113 ἀποσκευῇ·
2641 2043 2703 2094 σὺ
2749 2042 2805 2094 δὲ
2863 2039 3173 2109 μονώτατος
3214 2041 3308 2093 καὶ
3356 2040 3587 2103 ἄσκευος
3632 2043 3730 2092 καὶ
3765 2041 3873 2094 ἀπ-

2289 2138 2519 2207 έριττος,
2554 2133 2714 2202 μόνον
2744 2132 2837 2188 τοῦ
2870 2133 3107 2203 Χριστοῦ
3140 2132 3232 2186 τὸν
3273 2131 3501 2200 σταυρὸν
3556 2132 3873 2202 ἐπωμάδιον

2291 2231 2475 2298 φέρων
2498 2225 2762 2297 ηὑλίσθης
2788 2228 2845 2280 ἐν
2872 2230 2936 2298 τῇ
2968 2227 3182 2298 ἐρήμῳ.
3222 2225 3492 2279 Βασίλειοί
3523 2243 3582 2279 σε
3611 2225 3778 2280 αὐλαὶ
3809 2225 3873 2277 οὐ

2291 2320 2676 2383 καθείλκυσαν,
2721 2319 2988 2389 ὑπεροχαὶ
3041 2319 3370 2391 ἀξιωμάτων
3413 2317 3475 2370 οὐ
3523 2319 3873 2387 περικράτη-

2294 2435 2416 2470 σαν.
2444 2419 2610 2469 Ὅσον
2636 2415 2809 2468 ταῦτα
2833 2415 3045 2468 ἐκείνου
3077 2413 3501 2484 θαυμασιώτερα
3531 2414 3874 2483 προσέτυχεν

2292 2507 2576 2579 ἐργασίαν.
2605 2508 2704 2570 Τίς
2734 2506 2906 2568 οὕτως
2939 2505 3271 2577 συστραφεὶς
3300 2505 3405 2557 τῶν
3432 2504 3741 2574 αίσθὴσεων
3768 2501 3874 2566 ἔξω

2295 2602 2526 2672 κόσμου,
2577 2601 2805 2655 καὶτῶν
2841 2600 2994 2654 κάτω
3039 2598 3462 2669 φαντασιὼντων
3501 2598 3874 2669 χαρακτήρων

2295 2694 2607 2764 γενόμενος,
2636 2693 2756 2761 Θεῷ
2800 2691 3131 2762 συλλαλῆσαι
3157 2691 3416 2760 ἡξίωταις
3457 2689 3667 2760 Μωσῆς
3705 2693 3734 2742 ὁ
3772 2690 3873 2760 μὲ·

2295 2807 2399 2858 γας
2423 2786 2679 2857 ἀναχθεὶς
2713 2787 2772 2837 ἐν
2794 2782 2871 2854 τῷ
2905 2783 3100 2854 Σιναίῳ
3126 2800 3139 2814 ·
3173 2783 3308 2837 ἀλλά
3351 2784 3444 2837 καὶ
3478 2785 3542 2835 σὺ
3570 2784 3630 2836 ἐν
3657 2782 3737 2854 τῷ
3775 2783 3875 2851 τῆς

2299 2877 2610 2950 προσευχῆς
2657 2873 2838 2944 στύλῳ
2865 2871 3121 2941 ἐφθακὼς
3157 2872 3364 2940 ὁμιλεῖν
3392 2871 3510 2941 Θεῷ
3541 2871 3696 2942 ἠξίου
3740 2872 3875 2924 ἐκά-

2223 2981 2265 3039 c
2300 2986 2474 3022 στοτε.
2519 2969 2786 3030 Κάκεῖνος
2830 2966 2892 3018 τὸ
2930 2964 3223 3036 πρόσωπον
3265 2962 3512 3016 ἐντεῦθεν
3543 2963 3669 3034 δόξῃ
3712 2979 3876 3032 περιτ

2298 3064 2581 3132 ἡστραπτο
2599 3077 2611 3090 ·
2641 3061 2704 3113 σὺ
2733 3059 2792 3112 δέ
2824 3059 2923 3129 οὐχ
2945 3057 3064 3121 ὂλος
3093 3055 3206 3127 πῦρ
3228 3055 3306 3126 τῷ
3332 3055 3532 3128 δρῶντι
3559 3055 3872 3114 tactum-co;

2299 3151 2343 3204 ὣ
2378 3153 2472 3204 τοῦ
2505 3151 2784 3221 θαύματος
2808 3167 2821 3182 ·
2855 3153 2922 3222 τῇ
2955 3150 3023 3204 δι’
3057 3149 3223 3220 εὐχῆς
3271 3150 3409 3220 πρὸς
3439 3147 3571 3201 Θεὸν
3607 3145 3877 3214 συναςρείᾳ

2301 3242 2434 3312 φλὸξ
2459 3242 2834 3312 δεικνύμενος,
2874 3242 3134 3311 ἐφόμοιος
3183 3241 3257 3294 ὣν
3301 3241 3395 3293 τοῦ
3443 3240 3809 3311 μετεχομένου
3849 3239 3875 3290 ὁ

2306 3336 2571 3406 μετέχων,
2606 3334 2836 3402 ἄγγελος
2873 3331 3309 3402 πυριφλεγέθων,
3341 3330 3433 3383 καὶ
3459 3334 3507 3384 εί
3544 3331 3620 3400 μὴ
3669 3331 3876 3399 τολμη-

2307 3429 2414 3497 ρῶς
2472 3427 2668 3492 εἰπεῖν,
2707 3424 2805 3495 τῆς
2838 3425 3138 3492 Μωσαῖκῆς
3170 3421 3327 3490 δόξης
3373 3420 3875 3491 ὑπερφερέστερος.

2305 3519 2367 3574 Τί
2408 3520 2463 3573 δὲ
2501 3521 2534 3590 ἡ
2572 3518 2760 3580 στάσις
2789 3517 2822 3587 ἡ
2852 3515 3160 3584 πάννυχος;
3197 3513 3230 3583 ἡ
3261 3511 3358 3575 νὺξ
3402 3513 3476 3573 ὡς
3516 3513 3704 3584 ὴμὲρα
3757 3513 3880 3571 ταῖς

2305 3615 2637 3684 προσευχαῖς
2667 3612 3029 3680 ἐπεφὼτιστο,
3053 3608 3126 3670 ὡς
3153 3608 3181 3659 ό
3211 3604 3355 3667 θεῖος
3380 3603 3543 3656 Δασὶδ
3572 3604 3878 3674 ἐμελογρά-

2307 3721 2498 3774 φησεν.
2532 3703 2723 3765 Ἥλιός
2757 3719 2814 3754 σε
2854 3697 3142 3771 παρεστῶν
3165 3699 3232 3768 τῇ
3265 3695 3397 3765 εὐχῇ
3419 3693 3559 3764 ἡλίῳ
3588 3693 3879 3762 παρέπεμ-

2307 3813 2432 3860 πεν,
2469 3795 2570 3865 τὴν
2601 3792 2869 3862 κυκλικὴν
2901 3789 3242 3861 περιδρομὴν
3273 3786 3617 3855 ποιούμενος.
3657 3779 3727 3835 Ὠ
3761 3784 3881 3852 ἡλιε

2310 3888 2404 3940 καὶ
2436 3884 2530 3938 τοῦ
2562 3885 2731 3945 ὅντως
2771 3883 2962 3954 νοητοῦ
2990 3879 3140 3952 ἡλίου
3171 3877 3466 3949 ἐφάμιλλεο
3497 3876 3531 3946 ἡ
3555 3874 3765 3928 διάνοιά
3787 3890 3879 3924 σου

2311 3976 2488 4045 φωτὸς
2534 3974 2792 4043 ἐγκύμων
2825 3974 3148 4043 ὑπάρχουσα
3171 3968 3412 4037 ἡλιακῶν
3444 3965 3679 4022 ἀκτίνων
3715 3965 3881 4017 καθι-

2314 4065 2570 4136 ρώτερον,
2616 4065 2743 4126 τοὺς
2773 4062 3068 4131 λογισμοὺς
3113 4064 3191 4124 εἰς
3224 4058 3452 4129 οὐρανὸν
3485 4057 3621 4127 ῆφίη
3650 4058 3742 4126 (r),
3789 4058 3882 4106 καὶ

2312 4157 2456 4229 ὑπὲρ
2481 4157 2608 4220 τοὺς
2637 4155 2902 4224 οὐρανοὺς
2923 4152 3342 4223 ἀνατρέχοντας.

707 4306 800 4362 26.
840 4309 922 4362 An
983 4309 1295 4363 solitudinis
1370 4306 1770 4377 iucunditatem
1861 4307 2198 4378 praedicabo?

2386 4315 2499 4381 κς’.
2542 4314 2799 4385 Ἡσυχίας
2828 4311 3197 4384 τερπνότητα;
3226 4307 3321 4362 καὶ
3341 4307 3424 4372 τίς
3451 4325 3544 4360 σου
3568 4309 3747 4378 ᾣπται
3769 4308 3882 4376 φιλ-

641 4400 845 4471 Ecquis
891 4413 943 4456 te
975 4403 1226 4471 apparuit
1252 4400 1564 4456 solitudinis
1588 4399 1881 4462 amantior,
1916 4400 1983 4454 ab
2017 4401 2211 4454 huma-

645 4491 729 4546 nis
754 4490 1077 4546 tumultibus
1106 4490 1410 4556 recedente,
1437 4497 1491 4544 et
1520 4488 1576 4543 in
1608 4488 1783 4544 solum
1817 4487 1990 4542 Deum
2020 4489 2206 4543 eleva-

644 4583 741 4636 to?
767 4581 1123 4653 Pythagoram
1155 4579 1538 4650 philosophum
1573 4594 1696 4635 cum
1733 4579 1950 4635 nemine
1987 4579 2207 4649 quidem

646 4671 772 4735 alio,
835 4683 891 4725 at
944 4686 1066 4726 cum
1099 4671 1274 4726 bobus
1325 4678 1504 4724 tamen
1547 4679 1600 4724 et
1630 4670 1823 4724 avibus
1875 4669 2208 4723 collocutum

646 4763 845 4824 ferunt,
876 4776 941 4816 ex
970 4776 1158 4815 amore
1206 4759 1406 4830 quietis
1436 4778 1450 4815 :
1495 4767 1553 4813 tu
1600 4774 1728 4814 vero
1764 4760 1838 4823 id,
1885 4759 2030 4828 quod
2065 4759 2116 4812 in
2147 4774 2198 4812 ec

2315 4772 2374 4823 τὸ
2407 4770 2730 4839 ἀφιλόσοφον
2771 4768 3091 4837 διήλλεγξας
3128 4766 3204 4828 ὡς
3245 4761 3700 4834 σμικροπρεπές,

649 4849 750 4904 fuit
794 4866 824 4904 a
861 4850 1203 4920 philosophia
1251 4849 1515 4912 alienum,
1560 4857 1819 4917 tanquam
1876 4864 2068 4918 parum
2119 4850 2210 4904 de-

647 4957 798 5004 cens,
849 4941 1247 5012 redarguendo,
1275 4939 1508 4996 docuisti
1537 4940 1892 5011 hesychasten
1925 4941 1980 4994 in
2014 4941 2210 4996 solitu-

647 5032 774 5085 dine
831 5031 1045 5101 degere,
1105 5047 1173 5087 ne
1228 5046 1415 5086 vocem
1469 5031 1688 5100 quidem
1750 5030 1930 5085 avium
1987 5033 2211 5086 audien—

652 5129 753 5174 tem
785 5121 915 5191 (Η).
975 5120 1080 5177 Cor
1133 5130 1284 5176 tuum
1331 5136 1530 5191 purum
1588 5122 1725 5176 mari
1765 5120 2035 5190 profunda
2067 5132 2211 5176 tran-

729 5235 743 5266 ⁸
775 5234 916 5291 Psal.
952 5252 1214 5300 cxxxvm,
1244 5235 1332 5290 12.

2312 4406 2686 4477 ησυχώτερος,
2723 4404 2832 4456 τῶν
2885 4399 3238 4470 ἀνθρωπίνων
3292 4398 3538 4466 θορύϐων
3578 4398 3882 4467 ἀφιστάμε-

2313 4515 2422 4561 νος.
2458 4497 2549 4550 καὶ
2585 4495 2721 4565 πρὸς
2743 4494 2875 4547 Θεὸν
2905 4492 3065 4563 μόνον
3108 4488 3610 4561 μετεωριζόμενοςς
3644 4487 3883 4555 Πυθαγὸ-

2317 4605 2414 4659 ραν
2445 4588 2581 4656 φασὶ
2621 4587 2713 4639 τὸν
2756 4585 3044 4653 φιλόσοφον
3081 4581 3228 4653 ἄλλῳ
3268 4580 3367 4651 μὲν
3404 4579 3603 4643 οὐδενὶ,
3639 4579 3789 4649 βουσὶ
3829 4578 3882 4629 δὲ

2315 4680 2411 4732 καὶ
2444 4678 2651 4748 ὀρνέοις
2684 4677 3004 4746 προσλαλεῖν
3033 4673 3262 4745 ἡσυχίας
3301 4672 3467 4743 ἔρωτι
3490 4685 3504 4698 ·
3548 4672 3613 4723 σὺ
3645 4671 3704 4723 δὲ
3734 4669 3878 4723 τοῦδε

3753 4760 3879 4829 μηδὲ

2318 4862 2500 4932 φωνῆς
2559 4863 2760 4933 ὀρνέων
2813 4859 3073 4913 ἐπαΐοντα
3129 4858 3219 4912 τὸν
3274 4855 3588 4927 ἡσυχαστὴν
3640 4853 3877 4922 ἡρεμεῖν.

2320 4957 2534 5010 Ἔοικέν
2563 4973 2656 5009 σου
2689 4959 2722 5027 ἡ
2749 4954 2961 5024 καθαρά
2982 4951 3178 5023 καρδία
3203 4949 3429 5017 πελάγει
3456 4944 3881 5016 κατεστορεσμέο

2319 5066 2393 5117 νῳ
2425 5048 2635 5119 γαλήνῃ
2667 5047 2880 5118 βαθείᾳ,
2910 5046 3099 5116 πόρρω
3140 5041 3247 5096 τῶν
3281 5041 3380 5109 τῆς
3411 5037 3680 5107 πονηρίας
3732 5051 3881 5087 πνευ-

2320 5142 2504 5210 μάτων
2532 5139 2874 5210 βαλλομένων
2911 5135 3167 5205 ἐπιπνοίᾳ
3208 5131 3303 5187 τοῦ
3340 5129 3606 5197 παναγίου
3641 5125 3880 5196 Πνεὺμαο

2151 5324 2385 5382 NOTAE.

724 5450 798 5519 (ql
840 5450 1192 5520 Ἦπιηνεῖται.
1229 5449 1304 5504 ita
1334 5450 1702 5520 apographum
1732 5457 2002 5520 nostrum.
2033 5444 2198 5520 _Vocel

2300 5458 2410 5496 .anc
2440 5456 2544 5495 non
2580 5437 2794 5492 invenio
2831 5454 2842 5489 :
2898 5433 3032 5499 Quid
3074 5432 3119 5485 si
3143 5428 3349 5485 scribas
3392 5425 3746 5520 ἐιξυμγεῖταιῖί

727 5521 797 5589 (τ)
838 5519 1020 5586 Ἥφίηι
1059 5521 1124 5573 ab
1155 5519 1380 5589 ἀφίημί
1410 5536 1507 5586 pro
1541 5521 1675 5589 ἀφίη
1705 5536 1718 5584 ;

1774 5496 2237 5602 ρῖ-ξεῇο-είιίοέιοξο
2270 5528 2377 5581 qua
2433 5509 2796 5578 componitur,
2861 5496 3149 5571 augmento
3198 5499 3486 5582 temporali.
3539 5497 3625 5548 hic
3653 5497 3705 5548 in
3741 5496 3879 5547 initio

1774 5591 1775 5594 η
1807 5590 1816 5602 .
1976 5587 2005 5602 ι·
2060 5584 2079 5602 ι
2258 5587 2320 5602 ,κ
2348 5598 2413 5602 κ--
2451 5583 2497 5602 2..
2536 5581 2767 5602 |:--_....--.
2799 5577 3040 5602 P-.....nn‘
3075 5586 3174 5602 non
3228 5569 3327 5602 ιιι.
3353 5585 3365 5595 -
3400 5567 3487 5602 nlu
3523 5566 3741 5602 unrlnnn
3787 5566 3879 5602 lum

657 5566 1122 5658 ail‘ir'c’taiz—
1759 5566 2416 5641 (geniti-di"institutiones
2451 5583 2503 5662 in
2535 5566 2770 5648 linguam
2786 5566 3042 5631 Graecam
3075 5586 3194 5640 pag.
3228 5569 3365 5622 HS:
3400 5567 3490 5619 ubi
3523 5566 3742 5619 verbum
3786 5566 3879 5617 hoc

661 5676 805 5715 nunc
827 5661 1008 5728 augeri
1039 5657 1096 5713 in
1132 5661 1305 5727 initio,
1340 5657 1486 5714 nunc
1514 5661 1566 5713 in
1594 5660 1792 5723 medii),
1825 5673 1968 5710 nunc
1996 5657 2249 5722 utrinque
2299 5657 2556 5720 reperies.

727 5752 839 5824 (l4)
871 5751 1072 5824 Alludit
1105 5754 1168 5824 ad
1205 5754 1356 5813 illud.
1389 5755 1532 5824 quod
1567 5753 1630 5806 de
1662 5767 1792 5824 voce
1831 5750 2054 5824 avicula!
2089 5764 2217 5824 nar-
2324 5746 2454 5824 sint,
2506 5742 2732 5813 quilibet
2784 5755 2881 5809 per
2934 5752 2992 5794 sc
3049 5749 3112 5790 ex
3161 5731 3322 5786 dictis
3371 5728 3681 5798 perspicere
3740 5735 3876 5793 pote°

659 5823 798 5877 ravit
835 5837 983 5875 nunt.
1028 5821 1079 5876 8.
1133 5823 1248 5877 Alia
1300 5820 1738 5893 hic'sequcntia,
1788 5838 1894 5891 quo
1938 5820 2214 5875 referenda

2327 5818 2415 5869 rit.
