4018 6304
126 351 248 418 881

763 347 1044 412 ORATIO
1079 347 1220 409 XII.
1258 371 1329 384 -
1367 345 1750 409 LAUDATIO
1782 346 1845 408 S.
1907 347 2220 408 ARSENII
2255 343 2800 406 ANACHORET/E.

3302 342 3409 406 882

124 480 260 529 τος,
316 463 376 514 έν
426 452 472 529 ᾧ
515 460 580 515 τὸ
636 460 802 515 πλοῦν
846 458 1203 528 διαπεράνας,
1236 460 1318 522 είς
1357 458 1449 511 τὸν
1487 458 1738 528 ἀκύμονα

1849 458 2112 531 quillitate
2137 459 2313 514 strato
2350 456 2528 514 simile
2559 455 2679 523 fuit,
2709 453 2996 525 spiritibus
3025 453 3249 512 malitiae
3281 472 3410 528 pro-

127 553 352 626 λιμένα
376 552 479 622 τῆς
507 552 619 608 ἀνω
647 551 925 622 βασιλείας
952 550 1321 616 κατέπαυσας.
1354 552 1729 622 Ταπεινοφρο-

131 646 323 716 σύνης
353 644 519 716 ῦψος;
552 646 645 699 καὶ
668 645 750 709 τίς
774 645 945 709 οῦτως
965 646 1254 702 έταπείνου
1279 646 1469 701 ἑαυτὸν
1495 648 1553 700 έν
1579 648 1733 701 εύτε-

125 737 272 810 λείᾳ
305 737 570 809 ὲσθῆτος;
612 736 710 802 Τίς
750 735 925 803 οῦτως
963 738 1034 794 τὰ
1064 740 1256 812 πρῶτα
1294 740 1432 811 ἔχων
1477 741 1535 793 έν
1576 739 1732 810 βασι-

129 826 332 892 λεῦσι,
381 827 474 880 καὶ
522 826 691 891 πολὺς
733 829 790 881 έν
837 828 1139 895 παιδεύσει,
1190 828 1422 894 ὕστατος
1467 829 1622 902 ὤφθη
1674 832 1735 886 έν

129 919 474 991 ἀποκρύψει
512 918 796 988 εὐγενείας
833 937 894 974 τε
924 922 1020 975 καὶ
1052 921 1246 991 σοφίας
1291 923 1390 994 τῆς
1423 923 1735 996 ἀπολλυμέ-

131 1030 244 1083 νης
272 1027 289 1042 ⁸
349 1013 376 1065 ό
421 1011 870 1084 χρυσοστόλιστος
914 1012 1328 1085 πενιχροφόρος,
1371 1015 1400 1067 ὁ
1428 1013 1736 1084 πολύσοφος

133 1108 617 1180 ἀγροικιζόμενος
639 1123 655 1138 ο
699 1108 728 1161 ό
761 1107 1241 1176 πολυμαθέστατος
1292 1105 1736 1177 μαθητευόμενος

133 1203 271 1264 ταῖς
310 1201 648 1271 ἐρωτήσεσιν
679 1196 820 1270 [καὶ]
849 1201 968 1261 ταῖς
999 1197 1340 1270 έκμαθήσεσι
1362 1197 1737 1266 προσπσθείας

134 1292 489 1365 νεκρότητα,
514 1291 610 1345 καὶ
633 1290 880 1362 παρῆκες
901 1290 1073 1360 έτέρφ
1102 1290 1281 1344 πλέων
1305 1291 1467 1360 ἔχειν.
1499 1292 1571 1344 Τὸ
1600 1290 1738 1361 πρὸς

137 1385 277 1446 τοὺς
316 1381 754 1452 ἁγχιστεύαντας
779 1381 1100 1447 αἱσθέσθαι;
1141 1380 1422 1435 Ἐντεῦθέν
1454 1398 1537 1435 σοι
1562 1383 1624 1435 τὸ
1652 1381 1740 1436 λέ-

137 1492 270 1544 γειν
294 1491 311 1506 ⁸
357 1473 500 1542 Ἐγὼ
549 1474 656 1546 πρὸ
685 1473 898 1528 ἐκείνου
928 1473 1222 1538 ἀπέθανον,
1257 1473 1334 1543 τῷ
1368 1474 1739 1547 προαιρετικῷ

138 1567 361 1638 δηλαδὴ
419 1565 638 1637 θανάτῳ
693 1563 790 1619 τοῦ
838 1563 1072 1635 φυσικοῦ
1128 1564 1557 1637 προτεθνηκότος
1618 1582 1736 1621 σου.

153 1658 459 1712 Ἐντεῦθεν
480 1659 540 1711 τὸ
570 1656 835 1729 μακάριόν
863 1673 956 1710 σου
983 1655 1331 1727 ἐπίφθεγμα·
1372 1657 1637 1727 Ἀρσένιε,
1659 1657 1741 1712 διὸ

140 1749 382 1820 ἐξῆλθες
401 1765 415 1780 ·
447 1749 475 1802 δ
506 1749 694 1820 ᾄδουσι
742 1746 896 1818 χοροὶ
927 1747 1233 1818 μοναστῶν,
1271 1750 1529 1820 φέροντες
1559 1765 1738 1818 σωτη-

1838 551 1928 606 cul
1990 550 2180 619 ejectis
2238 550 2422 604 amatu
2512 548 2750 617 Spiritus
2817 548 3192 605 sanctissimi:
3250 551 3412 622 cuius

1837 642 2097 713 auspiciis
2148 641 2548 713 navigationem
2641 654 2921 704 emensus,
2997 642 3053 695 in
3111 642 3414 712 tranquillo

1838 737 2061 806 superni
2115 734 2268 806 regni
2346 743 2506 804 portu
2565 732 2901 802 requievisti.
2956 733 3040 787 An
3087 733 3413 790 humilitatis

1840 827 2184 883 altitudinem
2215 828 2474 896 eloquar?
2501 825 2703 896 Ecquis
2742 825 2884 882 adeo
2938 825 3179 896 seipsum
3213 826 3414 898 abiecit

1841 919 1899 976 in
1955 919 2162 974 vilitate
2206 920 2440 976 vestitus
2462 919 2485 972 ἲ
2509 917 2644 985 Quis
2679 917 2916 989 primum
2944 917 3086 988 apud
3113 918 3410 987 imperato-

1841 1025 1930 1066 res
1957 1011 2132 1065 locum
2167 1019 2380 1077 tenens,
2429 1011 2710 1080 multaque
2741 1009 3010 1079 sapientia
3055 1009 3415 1080 conspicuus,

1841 1104 1979 1159 adeo
2013 1105 2262 1173 apparuit
2311 1113 2659 1173 postremus,
2705 1101 3046 1158 occultando
3075 1101 3416 1158 nobilitatem

1842 1213 1908 1254 ac
1967 1197 2312 1268 sapientiam,
2363 1212 2486 1267 quas
2517 1197 2676 1268 peril.
2709 1197 2815 1264 Qui
2868 1209 3036 1252 aurea
3094 1193 3415 1250 induebaris

1841 1289 2003 1352 stola,
2031 1290 2423 1359 pauperculum
2453 1289 2564 1346 fers
2596 1289 2880 1358 habitum;
2921 1289 3016 1360 qui
3044 1303 3170 1344 eras
3200 1286 3418 1358 sapien-

1844 1381 2112 1448 tissimus,
2159 1382 2224 1438 lls
2274 1382 2428 1438 rudis
2471 1390 2526 1438 et
2574 1382 2848 1454 agrestis;
2885 1382 2979 1452 qui
3007 1395 3130 1437 eras
3163 1380 3422 1451 magister

1842 1461 2152 1544 disciplinis
2220 1473 2666 1540 excultissimus,
2759 1472 3286 1543 interrogationibus
3357 1485 3423 1525 ac

1845 1566 2150 1637 disciplinis
2189 1567 2668 1624 mortiﬁcationem
2727 1566 2897 1623 discis
2938 1565 3314 1630 aﬂ'ectionum,
3365 1575 3422 1619 et

1846 1666 2089 1732 potiores
2117 1660 2274 1715 alteri
2316 1669 2501 1731 partes
2547 1658 2896 1715 concessisti.
2921 1658 3098 1721 Anne,
3133 1671 3264 1728 erga
3296 1670 3424 1726 pro-

1847 1752 2089 1821 pinquos
2128 1751 2406 1820 quomodo
2445 1749 2673 1804 affectus
2723 1747 2919 1812 fueris.
2973 1747 3247 1818 eloquar?
3289 1747 3427 1802 Illuc

141 1843 274 1914 ρίας
336 1842 587 1909 ἑφόδιονο
634 1841 909 1912 ἁμαρτίας
962 1841 1072 1911 γάρ
1117 1843 1266 1896 ἐστιν
1320 1842 1605 1913 ἐμπόδιον,
1645 1844 1744 1915 τὴν

1853 1851 2006 1897 tuum
2073 1850 2222 1897 certe
2249 1840 2470 1896 ell‘atum
2516 1840 2670 1911 (15):
2737 1837 2850 1910 Ego
2906 1847 3034 1894 ante
3069 1838 3248 1908 ipsum
3277 1851 3427 1891 mor-

139 1934 361 1997 αίτίαν,
381 1933 450 1986 δι’
471 1931 539 2004 ἣν
557 1933 761 2003 κόσμου
780 1934 1193 2004 έπερῤάγημεν,
1209 1934 1746 2006 έπαναμιμνήσκειν,

143 2025 242 2079 καὶ
277 2025 423 2095 πρὸς
460 2025 628 2096 μηδὲν
664 2025 854 2096 suos;
881 2023 1010 2095 περὶ
1035 2023 1189 2078 τοῦδε
1215 2025 1379 2095 μόνου
1415 2026 1744 2096 φροντίζειν.

1855 1944 1981 1990 tuus
2034 1950 2155 1990 sum
2191 1952 2206 1988 :
2247 1934 2560 1991 voluntaria
2601 1931 2856 1988 videlicet
2903 1939 3083 1987 morte
3122 1929 3428 1985 naturalem

1857 2038 1906 2083 te
1937 2033 2315 2096 prmvertente.
2351 2022 2490 2077 Hinc
2529 2023 2750 2078 beatum
2781 2033 2934 2076 tuum
2966 2022 3171 2076 dictum
3202 2039 3215 2075 :
3247 2023 3418 2076 Arse-

143 2117 224 2184 ni,
281 2132 458 2186 quare
527 2115 908 2182 existi?Quod
955 2116 1252 2172 concinunt
1309 2117 1463 2173 chori
1512 2120 1930 2185 monachorum,
1999 2116 2236 2171 ferentes
2293 2115 2552 2170 viaticum
2623 2114 2838 2170 salutis.
2885 2113 3175 2170 Peccatum
3230 2115 3431 2183 quippe

144 2210 389 2279 impedit
439 2225 619 2266 causae
677 2220 896 2280 propter
944 2225 1106 2280 quam
1140 2226 1172 2265 a
1206 2211 1412 2268 mundo
1440 2213 1618 2268 avulsi
1676 2229 1892 2281 sumus,
1959 2209 2391 2276 reminiscentia,
2449 2209 2708 2280 nullaque
2731 2210 2835 2264 alia
2860 2224 3026 2282 quam
3087 2209 3155 2266 de
3181 2209 3284 2266 hoc
3313 2209 3430 2265 solo

150 2317 313 2358 cura.

217 2393 332 2458 κζ’.
373 2393 442 2446 Τί
473 2392 529 2446 δὲ
553 2394 586 2462 ἡ
610 2392 934 2461 ἀγαλλίασις
964 2395 1067 2466 τῆς
1096 2395 1244 2460 θείας
1266 2397 1630 2464 κατανύξεως,
1652 2417 1747 2471 με·

146 2485 283 2556 λέτη
317 2484 560 2538 θανάτου
590 2484 872 2554 διηνεκὴς.
907 2486 1151 2551 ἀεννὰως
1181 2488 1553 2557 πελαγίζουσα
1589 2493 1646 2545 έν
1674 2494 1741 2564 τῇ

153 2576 384 2648 καθαρᾷ
415 2576 612 2647 καρδίᾳ
641 2593 757 2640 σου,
787 2576 848 2643 ἐξ
875 2573 943 2648 ἧς
990 2580 1060 2635 τὰ
1106 2581 1303 2652 ῥεῖθρα
1334 2582 1445 2636 τῶν
1484 2583 1739 2655 δακρύων

153 2668 499 2730 ἀνελλειπῶς
531 2668 834 2739 προχέοντα
859 2672 1066 2743 πυρσόν
1101 2690 1184 2727 σοι
1209 2673 1384 2743 ἀνῆψε
1416 2674 1567 2741 θείας
1599 2677 1740 2746 ἁγα-

157 2759 420 2832 πήσεως;
477 2759 556 2830 Τῇ
600 2761 923 2834 σωφροσύνῃ
978 2762 1230 2835 δεύτερον
1269 2764 1469 2837 Ἰωσὴφ
1515 2768 1741 2834 εἰκότως

157 2851 497 2921 καλέσαιμι·
534 2849 669 2904 ἀλλά
711 2853 806 2906 καὶ
845 2854 906 2907 τὸ
933 2855 1029 2926 τῆς
1059 2854 1246 2924 θήλεος
1285 2856 1626 2926 μνημόσυνον
1664 2860 1745 2922 εἰς

161 2942 310 2995 ἅπαν
337 2939 578 3010 ἐξαίρων
608 2940 668 3007 ἐξ
697 2943 864 3013 ἁγνῆς
912 2944 1141 3016 καρδίας
1204 2962 1320 3000 σου.
1356 2947 1415 3001 '0
1449 2949 1616 3011 δντως
1645 2950 1744 3002 Φε-

1920 2395 2012 2451 27.
2031 2393 2150 2450 1am
2173 2407 2308 2450 vero
2344 2393 2477 2464 quid
2503 2391 2803 2448 exsultatio
2831 2388 3029 2446 divinae
3054 2389 3435 2458 compunctio—

1847 2488 1956 2557 nis,
1986 2504 2049 2544 ac
2081 2486 2364 2542 meditatio
2397 2485 2588 2540 mortis
2631 2483 2875 2546 assidua,
2901 2482 3108 2554 iugiter
3142 2480 3430 2538 exundans

1845 2579 1902 2634 in
1926 2593 2066 2648 puro
2089 2577 2252 2633 corde
2281 2586 2398 2643 tuo,
2429 2591 2460 2631 e
2490 2590 2600 2645 quo
2636 2575 3001 2645 lacrymarum
3043 2567 3247 2629 ﬂuenta
3278 2573 3431 2629 inde-

1847 2669 2097 2726 sinenter
2141 2667 2523 2740 promanantia
2569 2667 2848 2721 ﬂammam
2901 2666 3005 2720 sibi
3061 2664 3433 2722 accenderunt

1846 2757 2046 2814 divina:
2096 2757 2452 2815 dilectionis?
2497 2755 2840 2813 Verecundia
2900 2756 3132 2811 alterum
3185 2767 3237 2811 te
3276 2740 3434 2812 lose-

1850 2852 2018 2924 phum
2078 2854 2276 2906 merito
2310 2850 2729 2922 appellaverim;
2762 2849 2856 2905 sed
2899 2849 3046 2902 enim
3076 2847 3292 2904 femina
3319 2864 3435 2904 me-

1852 2945 2083 3000 moriam
2119 2960 2185 2998 ex
2231 2954 2384 2999 casto
2411 2943 2578 2997 corde
2611 2951 2706 2997 tuo
2737 2940 2965 2995 omnino
2992 2940 3236 2996 delevisti
3259 2957 3275 3008 ;
3298 2955 3434 2996 con-

163 3031 419 3103 ρὼνυμος
446 3033 622 3104 ἄρσην
649 3034 740 3106 (ε),
778 3036 877 3088 καὶ
902 3035 1054 3088 οὐδὲν
1086 3035 1448 3110 θηλυπρεπῶς
1484 3039 1743 3111 ἐπιφερό-

1849 3038 2099 3090 veniente
2150 3035 2224 3089 rei
2273 3034 2671 3105 significatione
2711 3031 2898 3088 terens
2939 3048 3137 3088 nomen
3167 3033 3268 3088 viri
3301 3071 3317 3098 ,
3348 3035 3433 3087 ni-

164 3142 347 3192 μενος.
379 3125 462 3195 Τῇ
493 3126 793 3198 ἐγκρατείᾳ
817 3129 884 3183 τὰ
910 3129 1056 3201 πάθη
1084 3132 1408 3203 πτερνίζων,
1434 3134 1526 3187 τὸν
1550 3151 1746 3205 πατρι-

1848 3128 2032 3197 hilque
2105 3125 2402 3182 eﬂeminati
2470 3140 2581 3196 pra:
2643 3134 2708 3180 .te
2766 3121 2971 3180 ferens.
3052 3123 3432 3196 Temperantia

163 3215 341 3288 ἀρχην
383 3218 582 3272 Ἰακὼό
615 3221 918 3292 ἐζηλὼσας,
956 3223 1152 3278 ἐσθίων
1196 3226 1284 3280 διὰ
1311 3226 1373 3280 τὸ
1397 3226 1518 3298 ζῇν,
1546 3227 1608 3281 οὐ
1638 3227 1744 3291 ζῶν

1849 3239 2042 3296 pravas
2069 3225 2238 3280 animi
2281 3225 2724 3295 perturbationes
2769 3223 3015 3288 calcans,
3054 3223 3429 3293 patriarcham

163 3310 252 3364 ὃιά
281 3311 342 3363 τὸ
364 3311 605 3365 ἐσθίειν·
697 3313 804 3384 γὰρ
837 3315 951 3380 τοῖς
981 3316 1087 3382 ἔξω
1113 3316 1256 3387 λόγῳ
1290 3317 1749 3387 πεφιλοσόφηται,

163 3403 324 3458 τοῦτό
355 3422 444 3459 σοι
476 3405 623 3477 ἔργῳ
654 3407 912 3460 ἑκάστοτε
941 3407 1319 3480 ἐπεπλήρωτο.
1362 3410 1442 3481 Τῇ
1470 3410 1750 3483 ἀγρυπνίᾳ

165 3495 239 3561 ὡς
300 3499 601 3568 ἀσώματος
652 3498 979 3565 διετέλεσας,
1012 3501 1277 3569 κοιμίζων
1332 3503 1460 3568 τοὺς
1511 3503 1751 3573 ἀστέρας

167 3589 285 3651 ταῖς
317 3587 710 3659 ἐγρηγόρσεσι,
737 3591 1125 3660 παραπέμπων
1152 3593 1251 3664 τὴν
1273 3591 1443 3648 νύκτα
1472 3596 1594 3660 ταῖς
1623 3596 1748 3647 επι-

170 3677 418 3749 κλήσεσι,
451 3680 634 3747 πάσης
659 3680 860 3750 ἀρετῆς
894 3681 1199 3747 ἀνάπλεως,
1228 3683 1430 3747 παντὸς
1473 3684 1751 3754 κατορθώ-

174 3787 341 3839 ματος
392 3772 636 3844 ὲραστὴς
692 3771 1104 3846 ἀκριϐέστατος.
1145 3771 1215 3830 '0
1244 3776 1470 3848 φωστὴρ
1516 3777 1617 3847 τῆς
1659 3777 1752 3830 ὑπ’

171 3861 400 3930 οὐρανὸν
451 3861 836 3932 φωτεινότατε.
879 3858 950 3916 '0
995 3865 1170 3937 ἀστὴρ
1215 3865 1538 3938 ἡσυχαστῶν
1582 3867 1754 3935 αύγο-

172 3947 445 4002 ειδέστατε
465 3965 479 3979 ·
496 3945 567 4003 '0
591 3950 747 4015 κλέος
774 3953 1054 4022 μοναστῶν
1078 3954 1539 4010 πολυευκτότατον
1554 3971 1568 3986 ·
1591 3953 1752 4024 Εὖγε,

173 4036 392 4108 ἄγγελε,
438 4041 674 4111 ὲπίγειε,
715 4043 984 4108 ἀπαθείας
1023 4045 1350 4117 ὼραιότησιν
1379 4048 1751 4119 έπτερωμένε.

178 4124 335 4200 Εὖγε,
373 4135 588 4204 ἀρετῶν
636 4135 954 4206 παράδεισε,
998 4139 1198 4200 παντὸς
1240 4139 1441 4210 ὡραίου
1479 4138 1758 4210 κατορθώ-

183 4239 344 4291 ματος
397 4228 802 4296 πεφυτευμένε.
839 4229 1223 4299 Εὗγε,οὐρανὲ
1270 4231 1597 4298 κατάστερε,
1637 4247 1756 4283 ποι-

182 4316 345 4383 κίλοις
375 4320 632 4375 κάλλεσι.
655 4320 1144 4392 ..δεδιουργημένε
1183 4323 1269 4390 ἐφ’
1301 4320 1426 4391 ὕψει
1460 4321 1555 4375 τοῦ
1587 4323 1758 4378 καθα-

183 4409 421 4475 ρωτάτου
455 4410 574 4481 βίου
595 4449 609 4462 .
629 4448 643 4463 .
662 4447 678 4463 .
695 4448 710 4463 .

1847 3314 2019 3373 Iacob
2069 3318 2359 3373 aemulatus
2409 3331 2493 3383 es;
2525 3315 2818 3372 comedens
2838 3323 2897 3370 ut
2920 3314 3132 3370 viveres
3161 3354 3177 3379 ,
3215 3329 3325 3370 non
3353 3316 3435 3370 vi-

1849 3424 2002 3473 vens,
2037 3418 2096 3463 ut
2137 3409 2475 3465 comederes.
2524 3406 2681 3475 Quod
2724 3408 2872 3462 enim
2922 3407 2991 3462 ab
3024 3407 3272 3463 externis
3307 3407 3432 3477 phi-

1850 3502 2199 3572 losophatum
2245 3499 2350 3557 fuit
2377 3500 2563 3569 verbo,
2611 3500 2745 3556 illud
2791 3499 2889 3556 ahs
2921 3509 2971 3555 te
3004 3499 3206 3570 passim
3238 3501 3435 3571 imple-

1852 3605 1966 3650 tum
1997 3609 2184 3664 opere.
2219 3594 2348 3649 Sine
2395 3609 2590 3651 somno
2631 3591 2985 3664 perdurasti;
3027 3609 3134 3648 non
3179 3607 3339 3649 secus
3371 3609 3436 3650 ac

1852 3685 1902 3741 si
1963 3683 2166 3741 fuisses
2229 3685 2620 3754 incorporeus;
2677 3683 2868 3738 stellas
2924 3683 3147 3753 sapiens
3201 3683 3431 3753 vigiliis,

1853 3787 2180 3846 noctemque
2248 3778 2560 3848 transigens
2625 3776 3088 3840 invocationibus,
3149 3777 3301 3831 omni
3331 3762 3434 3830 vir-

1855 3877 1970 3924 tute
1995 3869 2213 3938 plenus,
2262 3879 2317 3924 et
2371 3869 2816 3926 studiosissimus
2880 3867 3062 3924 omnis
3109 3869 3241 3924 recti
3272 3865 3433 3923 oiﬂcii

1855 3971 2091 4013 amator.
2154 3957 2198 4014 Ο
2253 3960 2523 4016 luminare
2579 3960 2778 4024 omnis,
2852 3974 2973 4029 quae
3027 3958 3131 4014 sub
3159 3957 3299 4014 caelo
3330 3965 3434 4021 est,

1855 4058 2016 4106 terrm
2065 4051 2496 4108 lucidissimumi
2555 4051 2600 4108 Ο
2661 4053 2816 4108 stella
2848 4051 3296 4124 hesychastarum
3332 4049 3438 4103 ful-

1857 4141 2171 4211 gidissima!
2235 4157 2268 4196 ο
2313 4144 2480 4199 decus
2546 4144 2944 4201 monachorum
2997 4143 3431 4213 Optatissimum.

1858 4231 2006 4298 Euge
2055 4233 2329 4289 terrestris
2364 4234 2573 4306 angele,
2607 4235 2817 4290 alarum
2858 4251 2890 4291 a
2922 4233 3104 4305 pravis
3154 4231 3438 4302 appetitio-

1859 4324 2022 4379 nibus
2073 4323 2420 4381 immunitum
2463 4336 2806 4383 venustatem
2847 4326 3054 4382 indute.
3085 4323 3235 4394 Euge
3263 4324 3437 4378 virtu-

1785 4397 1830 4453 Ῑ)
1860 4421 1978 4468 tum
2020 4416 2292 4485 paradise,
2341 4417 2495 4473 omni
2527 4429 2744 4474 maturo
2759 4419 3065 4475 honestatis
3095 4417 3274 4472 l'ructu
3303 4429 3437 4470 con-

184 4500 297 4554 sito.
344 4501 493 4574 Euge
526 4503 799 4558 stellatum
833 4503 1054 4568 malum,
1083 4503 1230 4558 varia
1295 4504 1788 4573 pulchritudine....
1829 4504 2151 4562 fabricatum
2199 4524 2362 4580 super
2418 4509 2635 4580 fastigio
2691 4511 2999 4582 purissimae
3043 4509 3165 4565 vita:
3223 4507 3434 4580 (16)....

183 4603 365 4646 uetera
412 4595 808 4650 desiderantur.

1689 4711 1921 4768 ΝΟΤᾸΒ.

255 4823 320 4895 (ι)
353 4826 590 4899 ’Δρσηνο
619 4823 697 4880 lta
737 4826 823 4881 hic
852 4824 1057 4880 mutavi
1087 4825 1410 4881 mendosum
1441 4825 1612 4896 ᾶρεις.
1647 4825 1744 4881 Vid

1849 4837 2028 4898 lymon
2060 4829 2114 4884 in
2145 4827 2351 4888 Comm.
2381 4829 2593 4900 praevio,
2628 4842 2777 4882 num.
2814 4826 2868 4880 ἰ.

255 4937 363 5008 (l5)
395 4938 614 4996 Dictum
651 4938 784 4995 illud
816 4939 898 4993 vel
925 4949 1136 5008 auctor,
1164 4939 1248 4992 vel
1278 4938 1472 5008 aliquis
1500 4940 1761 4994 transcri-

191 5014 303 5078 plor
334 5007 686 5078 pretermisit
710 5014 764 5064 in
800 5017 947 5063 textu
977 5007 1110 5062 Vita:
1137 5025 1287 5070 num,
1322 5007 1426 5074 l7,
1462 5010 1554 5062 sed
1586 5009 1762 5062 aliun-

192 5076 252 5126 de
275 5076 396 5149 illud
427 5081 678 5136 eruimus
701 5123 714 5146 ,
762 5089 822 5132 ut
859 5087 1004 5149 patet
1041 5094 1108 5133 ex
1141 5079 1416 5133 annotatis
1447 5077 1514 5132 ad
1547 5094 1666 5147 cap.
1699 5080 1755 5133 τὶ.

259 5148 366 5216 (l6)
401 5151 457 5205 Si
484 5149 765 5221 epilogum
795 5148 1052 5205 conferas
1102 5163 1225 5204 cum
1266 5150 1511 5220 prologo,
1543 5164 1648 5203 non
1680 5149 1761 5203 vi-

1870 4942 2066 4998 dentur
2094 4942 2182 4997 hic
2233 4942 2336 4999 nisi
2394 4941 2624 5011 paucula
2680 4935 3028 4994 desiderari:
3068 4947 3255 5011 neque
3294 4932 3436 4986 enim

1868 5013 2182 5068 verosimile
2213 5022 2318 5076 est,
2352 5002 2500 5083 quod
2538 5016 2730 5066 auctor
2757 5023 2926 5079 parvo
2963 5005 3124 5075 capiti
3149 5002 3440 5074 adjungerc

1865 5083 2100 5139 voluerit
2124 5084 2356 5139 caudam
2373 5082 2674 5151 majorem.
