4018 6304
601 344 707 407 883
1758 348 1818 408 S.
1860 348 2164 409 THEODO

2296 345 2639 408 ΞΤΗΒΙΤιἘ

1230 483 1337 544 DE
1365 484 1785 559 SEQUENTE
1829 488 2341 551 LAUDATIONE
2403 487 2746 550 FUNEBRI
2794 486 3194 552 MONITUM.

1598 675 1752 740 (Asc.
1798 673 1927 739 MAI,
1957 674 2210 729 Bibliotlt.
2238 688 2388 761 κοξκ,
2430 678 2469 724 t.
2503 685 2577 733 Vl,
2601 685 2657 739 ιι.
2692 669 2839 740 565.)

667 863 892 919 Matrem
923 880 1074 920 suam
1107 864 1483 923 'l‘heoctistam
1524 884 1786 938 supremo
1834 870 2024 926 morbo
2070 870 2404 925 laborantem
2440 878 2754 940 peramaute
2803 870 3000 939 piaque
3028 870 3264 941 epistola
3306 872 3626 927 consolatus
3658 871 3840 928 fuerat

596 952 936 1017 Theodorus,
968 968 1093 1023 qua
1118 964 1201 1009 est
1226 954 1347 1009 libri
1384 956 1585 1025 prioris
1609 966 1786 1011 sexta.
1818 955 1962 1012 idem
1991 972 2117 1012 mox
2143 959 2468 1013 exstinctam
2512 958 2726 1013 funebri
2755 959 3005 1012 oratiouna
3046 966 3370 1028 prosecutus
3400 970 3501 1025 est,
3529 968 3586 1015 et
3614 961 3837 1031 quidem

598 1040 819 1110 insigni,
858 1055 1022 1109 quam
1056 1053 1364 1097 memorant
1417 1043 1525 1098 duo
1564 1044 1874 1114 biographi,
1908 1057 2097 1099 noster
2126 1059 2247 1116 cap.
2275 1044 2333 1108 2,
2364 1054 2417 1098 et
2450 1042 2871 1098 Sirmoudianus
2921 1059 2971 1113 p.
3008 1044 3062 1099 5.
3090 1042 3209 1099 Jam
3252 1060 3383 1100 vero
3417 1061 3545 1102 cum
3594 1047 3652 1102 in
3683 1059 3843 1103 cata-

596 1128 719 1198 logo
748 1128 1016 1196 impresso
1051 1128 1300 1183 codicum
1329 1145 1464 1184 mss.
1492 1130 1833 1187 bibliotheca
1856 1133 2032 1202 Regia
2050 1130 2401 1195 Parisiensis,
2439 1139 2478 1184 t.
2511 1130 2579 1192 ll,
2610 1146 2661 1200 p.
2689 1129 2816 1194 558,
2844 1130 3095 1201 legissem
3131 1133 3335 1187 servari
3370 1133 3423 1187 in
3455 1135 3648 1189 codice
3695 1134 3832 1189 1491

596 1214 739 1269 hanc
772 1213 1000 1269 Studita
1040 1216 1343 1270 oratimiem
1372 1216 1437 1271 de
1470 1228 1645 1272 matre
1678 1234 1799 1287 sua,
1822 1234 2051 1288 eamque
2083 1220 2325 1274 nondum
2361 1218 2562 1273 editam
2588 1218 2827 1272 viderem
2846 1261 2860 1284 ,
2885 1218 3030 1288 justa
3060 1219 3193 1275 mihi
3222 1221 3491 1291 cupiditas
3510 1223 3701 1278 oborta
3728 1235 3838 1287 est,

596 1301 1039 1372 quandoquidem
1078 1304 1358 1372 complura
1396 1304 1501 1357 alia
1536 1303 1763 1361 Studita
1797 1308 1998 1375 scripta
2029 1308 2329 1373 edideram,
2363 1308 2467 1361 hoc
2492 1307 2861 1376 epitaphicum
2903 1308 3103 1376 pariter
3133 1309 3187 1362 in
3226 1308 3401 1363 lucem
3432 1312 3785 1379 protrahendi
3822 1332 3836 1367 ;

595 1389 797 1443 etenim
841 1400 1046 1444 sancta
1085 1388 1303 1444 femina
1341 1390 1646 1445 encomium
1687 1407 1715 1445 a
1748 1402 1935 1447 sancto
1968 1393 2075 1447 lilio
2098 1395 2411 1457 recitatum,
2443 1409 2604 1463 quem
2640 1409 2747 1447 nou
2776 1393 3041 1449 delectet?
3075 1394 3275 1463 Rogavi
3307 1396 3471 1465 igitur
3494 1412 3593 1467 per
3626 1398 3841 1453 litteras

594 1476 774 1530 virum
805 1477 1043 1546 equestri
1094 1477 1357 1547 dignitate
1404 1488 1683 1543 ornatum,
1710 1489 1872 1548 atque
1914 1480 2073 1534 editis
2103 1481 2258 1536 libris
2279 1482 2667 1547 clarissimum,
2708 1480 2953 1549 mihique
2982 1482 3185 1550 jamdiu
3233 1484 3468 1537 amicitia
3496 1484 3837 1551 devinctum,

595 1561 823 1617 Paulum
852 1564 1170 1627 Drachium,
1204 1574 1262 1618 ut
1296 1565 1611 1633 praedictam
1645 1565 1874 1621 Studita
1903 1566 2360 1634 lucubrationem,
2403 1570 2504 1622 mei
2537 1585 2700 1623 causa
2734 1584 2798 1622 ex
2834 1567 3135 1625 Parisiensi
3196 1571 3381 1625 codice
3419 1573 3841 1628 exscribendam

599 1660 819 1705 curaret
858 1668 873 1718 ;
910 1653 1051 1719 quod
1119 1651 1209 1705 ille
1259 1667 1355 1719 per
1400 1653 1672 1722 egregium
1729 1654 2115 1724 calligraphum
2178 1654 2504 1728 Sypsomum
2564 1671 2698 1725 pure
2743 1656 3122 1727 eleganterque
3161 1659 3554 1714 conﬁciendum
3618 1664 3839 1731 sategit.

595 1737 765 1807 Igitur
808 1736 998 1792 Graco
1051 1747 1277 1807 accepto
1334 1740 1650 1808 exemplari,
1698 1740 1920 1793 latinam
1974 1740 2261 1798 confestim
2312 1744 2727 1797 translationem
2763 1744 2956 1813 adjeci,
2997 1754 3057 1799 ut
3107 1745 3229 1815 pius
3275 1747 3363 1802 hic
3392 1747 3843 1804 Commentarios

594 1824 846 1892 plurimis
871 1826 1063 1895 prosit.
1102 1824 1217 1877 Erit
1254 1827 1417 1895 igitur
1451 1827 1554 1881 hoc
1586 1829 1650 1881 de
1676 1826 1988 1883 Theoctism
2041 1830 2303 1899 scriptum
2339 1830 2745 1899 adjuugendum
2786 1830 2882 1893 illi,
2918 1830 3064 1899 quod
3091 1831 3156 1885 de
3186 1830 3413 1887 Platone
3434 1875 3448 1898 ,
3478 1834 3843 1904 pientissima

593 1911 836 1981 ejusdem
887 1912 1104 1966 femina
1155 1912 1343 1979 fratre,
1376 1929 1478 1968 suo
1511 1930 1704 1983 nempe
1731 1917 2024 1980 avunculo,
2049 1924 2103 1971 et
2130 1917 2183 1971 in
2209 1918 2552 1987 spiritalibus
2576 1916 2762 1982 Patre,
2796 1917 2938 1971 idem
2970 1918 3184 1972 Studita
3212 1922 3477 1987 exaravit,
3508 1931 3563 1978 et
3613 1921 3841 1978 Bollan-

595 1999 739 2054 diani
773 2000 825 2054 in
850 2000 1027 2071 primo
1062 2000 1260 2069 Aprilis
1289 2001 1566 2056 volumine
1593 2002 1840 2072 Append.
1877 2019 1931 2073 p.
1962 2003 2154 2071 46-54,
2185 2020 2251 2059 ex
2285 2003 2553 2058 Vaticano
2601 2005 2792 2059 codice
2815 2004 3023 2074 jamdiu
3062 2008 3401 2077 evulgarunt.

1298 2108 1440 2164 XIII.

596 2201 781 2256 Sancti
814 2202 995 2258 Patris
1014 2204 1181 2255 nostri
1222 2213 1271 2255 et
1297 2203 1609 2272 confessoris
1636 2202 1892 2258 Theodori
1917 2204 2162 2262 Cateclw-

931 2275 1003 2327 sis
1030 2272 1262 2342 funebris
1297 2274 1350 2325 in
1397 2284 1616 2328 matrem
1652 2290 1825 2330 suam.

662 2437 713 2488 l.
745 2433 982 2504 Tempus
1010 2434 1194 2503 exigit,
1224 2448 1256 2487 ο
1280 2432 1371 2487 lilii
1395 2448 1458 2487 ac
1489 2431 1700 2495 fratres,
1739 2442 1797 2486 ut
1828 2433 2164 2503 inexspecta-

594 2538 703 2582 tam
734 2526 977 2581 notitiam
1010 2526 1189 2580 obitus
1218 2525 1431 2594 inclyta
1454 2524 1757 2577 communis
1784 2522 1958 2578 Patris
1989 2523 2163 2578 nostri

592 2619 801 2676 sororis
832 2617 1163 2672 nunticmus.
1198 2614 1321 2670 [lae
1348 2615 1491 2670 enim
1525 2622 1810 2684 postquam
1843 2614 1997 2684 juxta
2028 2630 2164 2685 pra-

593 2714 799 2769 ﬁnitam
831 2712 1094 2770 creatoris
1141 2711 1235 2766 Dei
1268 2712 1602 2766 voluntatem
1636 2718 1904 2781 prasente
1932 2712 2041 2765 vita
2065 2711 2160 2765 de-

594 2805 779 2860 functa
817 2804 939 2870 fuit,
970 2805 1035 2859 ad
1084 2803 1546 2873 supermundialia
1586 2818 1645 2857 se
1678 2803 1985 2869 transtulit,
2019 2802 2163 2856 haud

595 2899 798 2953 luctum
844 2896 1006 2953 nobis
1071 2895 1469 2964 ineptissimum
1524 2894 1861 2963 relinquens,
1916 2904 1976 2949 ut
2028 2894 2165 2949 forte

595 2991 793 3060 aliquis
834 2988 1198 3051 existimabit,
1236 2986 1326 3040 sed
1363 2985 1603 3037 latitiam
1645 2984 1848 3053 potius,
1894 2984 1963 3037 ob
2017 2983 2164 3052 ejus-

593 3082 717 3136 dem
749 3080 957 3149 plenam
991 3093 1087 3149 spe
1120 3077 1517 3147 migrationem.
1563 3074 1736 3129 Vultis
1781 3074 1924 3129 enim
1954 3074 2163 3128 narrari

595 3191 625 3228 a
658 3189 743 3227 me
768 3172 920 3227 vobis
945 3172 1170 3241 aliisque
1197 3169 1284 3224 hic
1313 3168 1676 3240 praesentibus
1702 3168 2162 3239 (quandoquidem

598 3265 738 3330 haud
768 3263 1004 3328 tacendi,
1042 3261 1134 3317 sed
1169 3262 1425 3330 loquendi
1462 3271 1673 3330 tempus
1704 3270 1820 3326 est,
1869 3268 2029 3329 prout
2073 3260 2162 3314 illa

597 3329 931 3424 praescriptio
966 3347 1143 3422 jubet.‘
1172 3329 1281 3405 INe
1310 3352 1492 3405 laudes
1514 3329 1775 3404 hominem
1815 3361 1935 3404 ante
1964 3350 2161 3404 obitum

2196 2122 2243 2177 Α

3004 2114 3103 2167 II".

2270 2203 2381 2257 Τοῦ
2421 2203 3051 2278 ὀονίουᾘατρὸςχτ’ψῷν¹
3074 2205 3170 2257 καὶ
3202 2207 3576 2278 ὁμολογητοῦ
3614 2211 3841 2264 Θειὸὡσ

2327 2291 2442 2397 ρὲυ
2470 2271 2808 2342 κατήχησις
2839 2271 3150 2343 ἐπιτάφιος
3177 2271 3263 2341 si};
3310 2271 3425 2345 τὴὶι
3451 2271 3682 2334 ’ἑαυτοῦ
3721 2302 3842 2351 μη-

2342 2362 2362 2396 τ
2403 2361 2495 2397 οα.

2342 2361 2495 2409 τερα.

2336 2435 2404 2486 α’.
2451 2435 2718 2500 Ἤνεγκεν
2749 2434 2776 2487 ὁ
2807 2433 3029 2504 καιρὸς,
3061 2427 3106 2487 ὦ
3131 2436 3293 2489 τέκνα
3325 2437 3419 2489 καὶ
3452 2438 3696 2509 ἀδελφοὶ,
3732 2443 3839 2510 ἀγ-

2265 2524 2449 2592 γελίαν
2481 2526 2608 2596 ὑμῖν
2652 2528 2974 2595 ἀναγγεῖλαι
3007 2527 3436 2598 ἀπροσδόκητον,
3468 2530 3591 2599 ῆτις
3622 2533 3771 2585 ἐστὶν
3810 2538 3841 2587 ό

2266 2616 2492 2680 θάνατος
2541 2618 2642 2689 τῆς
2689 2620 2932 2690 ἀοιδίμου
2976 2621 3208 2692 ἀδελφῆς
3248 2621 3337 2676 τοῦ
3383 2624 3562 2677 κοινοῦ
3623 2626 3838 2695 Πατρὸς

2265 2710 2422 2780 ήμῶν
2448 2712 2561 2782 (1)σ
2607 2708 2748 2780 αὕτη
2784 2713 2893 2782 γὰρ
2926 2715 2990 2783 τῇ
3024 2713 3306 2785 ὡρισμένῃ
3349 2713 3513 2787 βουλῇ
3557 2714 3656 2769 τοῦ
3698 2716 3838 2780 ζωο-

2265 2800 2501 2853 πλάστου
2525 2799 2661 2853 Θεοῦ
2691 2800 3128 2874 λειτουργήσασα
3151 2802 3231 2875 τῷ
3259 2806 3483 2874 παρόντι
3517 2806 3642 2878 βίῳ,
3673 2823 3839 2878 μετα-

2265 2890 2577 2962 κεχώρηκεν
2610 2892 2689 2955 είς
2716 2892 2784 2946 τὰ
2812 2891 3156 2964 ὑπερκόσμια
3178 2912 3190 2925 ·
3218 2894 3278 2947 οὐ
3299 2895 3482 2967 λύπην
3513 2898 3646 2966 ἡμῖν
3666 2915 3839 2952 κατα-

2264 2978 2496 3035 λιποῦσα
2536 2982 2823 3053 ἀλόγιστον
2846 3023 2860 3047 ,
2892 2984 2969 3047 ὡς
2999 2985 3063 3038 ἄν
3096 3001 3180 3048 τις
3206 2987 3415 3058 οἰηθείη
3440 3026 3455 3051 ,
3489 2990 3626 3042 ἀλλὰ
3654 2989 3839 3060 χαρὰν

2266 3075 2636 3144 ὲμποιήσασει,
2671 3077 2759 3129 διὰ
2785 3077 2884 3145 τῆς
2907 3078 3224 3133 εὑελπίστου
3255 3081 3427 3151 αὐτῆς
3456 3083 3835 3152 μετασάσεως.

2266 3168 2455 3221 Θέλετε
2475 3168 2581 3237 γὰρ
2603 3168 2951 3239 διηγήσωμαι
2979 3172 3107 3241 ὑμῖν
3130 3170 3317 3243 ὥσπερ
3339 3174 3433 3226 καὶ
3456 3176 3569 3237 τοῖς
3599 3174 3839 3228 ἐνταῦθα

2266 3259 2476 3327 (ἐπειδὴ
2509 3261 2701 3328 καιρὸς
2733 3260 2791 3312 οὐ
2835 3261 2927 3312 τοῦ
2956 3263 3135 3332 σιγᾷν,
3166 3264 3303 3317 ἀλλὰ
3333 3264 3427 3319 τοῦ
3448 3251 3658 3334 λαλεῖν,
3693 3268 3840 3322 κατὰ

2264 3348 2365 3419 τὴν
2396 3347 2723 3402 κελεύουσαν
2753 3350 3005 3422 ἐντολήνο
3038 3352 3133 3420 Μὴ
3168 3354 3493 3423 ἐπαινέσῃς
3514 3357 3707 3426 ἄνδρα
3726 3359 3840 3425 ἕως

596 3442 756 3513 ejus),
788 3442 968 3504 vultis,
1009 3441 1252 3509 inquam,
1302 3442 1512 3495 narrari
1574 3440 1837 3510 quidquid
1889 3440 2041 3494 beata
2074 3441 2168 3509 illa

2271 3439 2381 3509 τῆς
2407 3440 2622 3505 ἐξόδου
2660 3442 2867 3512 αὐτοῦ)
2895 3444 2995 3496 ὅσα
3021 3444 3277 3515 ἐποίησεν
3309 3448 3341 3516 ή
3378 3449 3623 3518 μακαρία
3648 3451 3837 3521 ἐκείνη

599 3534 804 3598 anima,
838 3533 1012 3588 adhuc
1068 3532 1121 3587 in
1176 3546 1340 3588 carne
1408 3546 1651 3596 versans,
1712 3532 1837 3586 boni
1885 3533 2167 3602 sanctique

2272 3530 2351 3582 ἔτι
2397 3533 2453 3584 ὲν
2482 3533 2646 3603 σαρκὶ
2687 3528 2820 3585 οὖσα
2860 3533 3002 3587 καλά
3033 3550 3093 3586 τε
3130 3535 3226 3588 καὶ
3270 3536 3394 3588 ὅσια
3419 3577 3432 3601 ,
3465 3539 3559 3589 καὶ
3597 3539 3694 3605 τῆς
3726 3540 3842 3593 τῶν

600 3626 788 3695 egerit,
815 3635 869 3681 et
892 3626 1130 3681 caelestis
1178 3624 1329 3694 regni
1366 3623 1589 3693 pramio
1620 3624 1787 3693 digni.
1821 3623 1963 3695 Ergo
1994 3622 2170 3680 favete

601 3718 853 3783 auribus,
899 3717 993 3771 filii
1030 3718 1157 3780 mei,
1184 3717 1312 3769 dum
1352 3730 1454 3785 ego
1479 3717 1666 3784 procul
1703 3718 1851 3770 omni
1885 3717 2169 3773 mendacio

604 3810 972 3864 narrationem
1005 3808 1284 3863 instituam
1314 3826 1325 3860 :
1353 3808 1566 3877 eritque
1602 3808 1752 3861 vobis
1773 3806 1985 3861 femina
2009 3808 2169 3876 hujus

601 3901 818 3967 notitia,
850 3901 1199 3956 catecheseos
1244 3912 1352 3952 non
1407 3895 1617 3950 inutilis
1684 3898 1892 3963 instar,
1944 3899 2054 3953 imo
2115 3908 2171 3955 et

600 3991 757 4046 valde
788 3990 1061 4061 proﬁcua.

674 4082 725 4138 2.
776 4082 968 4139 Utrum
1021 4098 1082 4137 ea
1123 4084 1340 4153 quidem
1375 4098 1403 4137 a
1438 4082 1753 4154 parentibus
1798 4080 2013 4135 initium
2059 4079 2170 4135 vir-

606 4173 754 4238 tutis,
799 4172 942 4228 sicut
1001 4181 1057 4227 et
1111 4174 1253 4240 vita,
1292 4174 1618 4243 sumpserit,
1672 4172 1851 4227 dicere
1908 4185 2168 4252 nequeo:

605 4264 902 4332 praesertim
955 4266 1083 4334 quia
1121 4281 1228 4320 non
1263 4283 1351 4321 res
1376 4277 1501 4321 ante
1525 4283 1633 4333 me,
1662 4266 1753 4321 sed
1788 4271 1912 4334 post
1961 4279 2047 4319 me
2076 4278 2172 4317 ua-

606 4369 739 4422 tum,
773 4366 954 4428 gestas
992 4358 1311 4414 scribendas
1344 4359 1589 4429 suscepi;
1632 4367 1793 4426 atque
1823 4356 1889 4410 ab
1921 4370 1987 4410 eo
2034 4365 2170 4410 tem-

603 4462 755 4517 pore,
786 4463 898 4517 quo
930 4450 1050 4518 ipsa
1082 4450 1215 4504 recti
1271 4453 1531 4519 pravique
1575 4450 1958 4506 discretionem
2021 4462 2173 4502 asse-

602 4548 727 4594 cuta
778 4538 904 4594 fttit.
934 4537 1173 4595 Pueritia
1208 4542 1369 4611 igitur
1402 4552 1564 4612 atque
1605 4540 1971 4596 adolescentia
2003 4541 2172 4593 omis-

603 4634 700 4696 sis,
758 4648 823 4688 ex
874 4634 1110 4705 conjugii
1157 4635 1276 4703 ejus
1329 4646 1570 4705 tempore
1605 4636 1860 4690 narrandi
1889 4633 2171 4689 exordium

601 4726 907 4796 capiamus.
940 4725 1007 4780 Et
1046 4728 1298 4796 quamvis
1342 4726 1642 4782 conformis
1676 4727 1800 4781 huic
1825 4734 2022 4781 nostra
2052 4738 2177 4795 pro-

2270 3621 2515 3690 οὐρανῶν
2550 3622 2825 3692 βασιλείας
2861 3624 3099 3690 ὲπὰξια;
3132 3625 3254 3679 θέτε
3297 3625 3362 3698 δὴ
3406 3624 3498 3680 οὖν
3531 3645 3635 3691 τις
3664 3631 3841 3695 ἀκοὰς

2270 3712 2447 3784 ὑμῶν,
2491 3714 2655 3766 τέκνα
2689 3732 2791 3784 μου
2811 3755 2825 3779 ,
2857 3715 3010 3784 κάγὼ
3042 3717 3396 3789 ὑφηγήσομαι
3425 3720 3575 3788 ὑμῖν,
3607 3719 3715 3785 ἔξω
3742 3721 3841 3775 τοῦ

2268 3804 2495 3873 ψεύδους
2534 3805 2817 3869 παντελῶς
2850 3809 3170 3878 φερόμενος,
3196 3809 3290 3862 καὶ
3314 3812 3610 3882 γενήσεται
3644 3812 3776 3882 ὑμῖν
3807 3814 3842 3883 ή

2268 3898 2398 3969 περὶ
2437 3898 2642 3967 ταύτης
2683 3899 2991 3967 ἀπαγγελία
3014 3941 3029 3965 ,
3072 3902 3189 3955 ἀντὶ
3234 3906 3590 3973 κατηχήσεως
3619 3904 3700 3976 (Ξ)
3737 3905 3842 3957 οὐκ

2269 3990 2547 4061 ἀνόνητος,
2579 3991 2657 4053 ὡς
2689 3986 2863 4061 οἶμαι,
2898 3991 3036 4045 ἀλλὰ
3067 3994 3159 4045 καὶ
3195 3994 3336 4063 μάλα
3364 3995 3662 4067 ὠφέλιμος.

2342 4078 2413 4150 β’.
2462 4081 2555 4134 Ἐκ
2609 4081 2813 4150 γονέων
2865 4080 2964 4151 μὲν
3006 4076 3209 4151 ἦρχθαι
3254 4084 3424 4154 αὐτῆς
3468 4084 3569 4156 τήν
3613 4087 3841 4157 ἀρετὴν,

2270 4172 2459 4243 ὥσπερ
2486 4173 2581 4225 καὶ
2615 4173 2704 4225 τὸν
2733 4173 2877 4243 βίον,
2913 4173 3013 4225 οὐκ
3044 4172 3152 4244 ἔχω
3194 4173 3373 4243 λέγειν
3395 4190 3409 4205 ⁸
3453 4178 3575 4229 ἐπεὶ
3608 4178 3744 4247 μηδὲ
3773 4180 3845 4232 τὰ

2272 4265 2378 4333 πρὸ
2408 4263 2563 4333 ἐμοῦ,
2602 4264 2738 4318 ἀλλὰ
2766 4265 2835 4317 τὰ
2867 4265 2984 4335 μετ’
3013 4267 3115 4336 ἐμὲ
3149 4267 3434 4338 προῆγμαι
3465 4272 3805 4340 συγγράφειν
3826 4288 3840 4301 ·

2272 4358 2364 4409 καὶ
2401 4356 2550 4420 ἐξότε
2600 4360 2797 4427 πεῖραν
2826 4358 3077 4428 εἰληφυῖα
3115 4354 3183 4429 ἦν
3227 4361 3327 4428 τῆς
3366 4360 3711 4428 διαγνώσεως
3746 4364 3844 4416 τοῦ

2272 4446 2436 4500 καλοῦ
2467 4449 2559 4501 καὶ
2581 4449 2656 4519 μὴ
2678 4448 2850 4511 οὓτως
2875 4451 3108 4520 ἔχοντος.
3146 4452 3264 4506 Ἵνα
3290 4448 3382 4506 οὖν
3400 4453 3468 4505 τὰ
3492 4453 3593 4522 τῆς
3620 4454 3844 4525 πρώτης

2271 4539 2365 4592 καὶ
2429 4538 2687 4611 δευτέρας
2751 4540 3194 4612 μεθηλικιώσεως
3242 4544 3527 4615 παρῶμεν,
3584 4545 3694 4598 ἀπὸ
3745 4547 3843 4598 τοῦ

2272 4630 2465 4700 και,ροῦ
2506 4629 2607 4699 τῆς
2648 4631 3005 4702 συμϐιώσεως
3042 4632 3337 4704 ἀρξώμεθα
3362 4635 3461 4703 τῆς
3497 4637 3840 4706 διηγήσεως·

2275 4721 2368 4775 καί
2394 4724 2440 4773 εί
2473 4721 2547 4791 μὴ
2572 4723 2789 4786 οίκείως
2817 4725 2949 4795 ήμῖν
2979 4723 3090 4795 ἔχει
3111 4725 3139 4777 ὁ
3162 4726 3424 4795 κοσμικδς
3455 4725 3571 4795 βίος
3591 4728 3689 4796 τῆς
3713 4728 3843 4780 καλ-

603 4819 824 4874 fessioni
858 4834 964 4873 non
992 4828 1076 4874 est
1104 4820 1378 4875 mundana
1414 4820 1642 4890 egregia
1674 4819 1914 4891 parentis
1970 4826 2168 4873 nostra

2271 4811 2564 4883 λιμήτορος
2588 4852 2603 4879 ,
2638 4815 2788 4885 ὅμως
2819 4818 2883 4869 ὲκ
2910 4817 3009 4885 τῆς
3036 4817 3207 4887 ἀρχῆς
3235 4816 3297 4869 τὸ
3325 4817 3479 4880 τέλος
3510 4818 3840 4888 κατίδωμεν,

602 4910 734 4974 vita,
759 4919 935 4964 tamen
975 4925 1043 4964 ex
1082 4911 1352 4980 principio
1394 4912 1552 4965 linem
1588 4912 1987 4982 prospeximus,
2020 4910 2161 4965 ideo-

602 5018 709 5072 que
744 5003 891 5057 illam
924 5003 1050 5058 vita
1093 5012 1299 5072 partem
1332 5007 1642 5059 necessario
1683 5014 2020 5060 connectam.
2049 5001 2175 5058 Fuit

603 5112 732 5165 ergo
759 5094 904 5149 illius
931 5094 1109 5164 prima
1139 5095 1335 5160 \‘il‘lus,
1364 5093 1531 5150 Deum
1557 5097 1736 5151 colere
1766 5111 1829 5151 ac
1855 5094 2172 5151 medullitus

602 5186 859 5240 adamare
891 5204 904 5239 :
936 5187 1009 5240 ita
1044 5195 1121 5250 ut,
1158 5180 1469 5257 quanquam
1490 5188 1610 5241 viro
1640 5188 1691 5242 in
1718 5188 2027 5259 conjugium
2060 5196 2173 5241 tra-

601 5276 755 5337 dita,
806 5274 979 5329 nihilo
1036 5283 1213 5329 tamen
1276 5277 1457 5331 minus
1526 5278 1826 5332 eniteretur
1897 5277 2173 5332 meliorem

602 5365 780 5433 quoad
834 5363 951 5419 fieri
1004 5374 1219 5435 poterat
1284 5367 1406 5421 vita
1450 5382 1669 5421 cursum
1715 5369 1932 5423 sectari.
1973 5367 2176 5434 Quam-

602 5455 788 5509 obrem
833 5470 956 5509 cum
999 5455 1233 5525 primum
1269 5473 1370 5513 nos
1412 5458 1644 5527 peperit,
1675 5474 1777 5513 non
1824 5474 1977 5529 aque
2015 5468 2180 5529 atque

674 5566 691 5595 ⁸
726 5562 894 5620 Eccli.
924 5582 1001 5632 χι,
1034 5566 1123 5623 30.

669 5683 749 5754 (ι)
798 5683 1077 5738 Platonem
1112 5684 1261 5749 dicit,
1301 5699 1575 5743 summum
1606 5686 1921 5744 monastica
1950 5684 2178 5742 familia

602 5754 886 5824 praesidem
920 5763 1044 5811 ante
1081 5754 1449 5811 Theodorum.

2272 4905 2587 4971 ἀναγκαίως
2652 4906 2839 4959 τοῦτον
2900 4907 3298 4979 προσθήσομαι.
3359 4906 3609 4980 Ἐκείνης
3664 4909 3843 4962 τοίνυν

2273 4997 2490 5067 πρῶτον
2545 4999 2899 5069 κατόρθωμα,
2952 5000 3014 5052 τὺ
3058 5001 3149 5053 τὸν
3198 5002 3331 5054 Θεὸν
3375 4999 3708 5072 σεϐασθῆναι
3747 5002 3842 5055 καὶ

2274 5089 2557 5159 ἀγαπῆσαι
2609 5089 2671 5154 ἐξ
2710 5090 3036 5161 ὁλοκλήρου·
3087 5091 3225 5145 ὥστε
3272 5094 3321 5146 εί
3368 5092 3623 5165 συνήφθη
3664 5092 3839 5163 ἀνδρὶ,

2274 5180 2388 5234 ἀλλ’
2436 5180 2563 5251 ὃλην
2606 5182 2805 5251 ἑαυτὴν
2854 5183 3104 5247 ἐδιάζετο
3153 5187 3252 5247 τῆς
3300 5184 3609 5253 κρείττονος
3649 5185 3842 5255 μοίρας

2274 5272 2559 5341 γενέσθαι·
2594 5273 2683 5339 διὰ
2710 5273 2869 5327 τοῦτο
2910 5275 3218 5345 γεννήσασα
3248 5277 3396 5346 ἡμᾶς
3434 5274 3670 5348 πρώτως
3691 5316 3707 5341 ,
3745 5277 3841 5329 οὐκ

2274 5361 2395 5417 εἷπε
2429 5366 2489 5418 τὸ
2518 5368 2637 5429 ταῖς
2671 5367 2854 5430 ἄλλαις
2900 5368 3168 5435 γυναιξὶν,
3216 5363 3304 5421 οἷα
3352 5369 3560 5423 ἐκεῖναι
3606 5368 3701 5422 ἐπὶ
3736 5370 3843 5432 τοὶς

2274 5458 2545 5525 νεογόνοις
2591 5456 2815 5511 εἰώθασι
2856 5457 2994 5511 κατὰ
3025 5457 3344 5531 δαιμονικὴν
3376 5459 3597 5530 κίνησιν
3646 5458 3842 5530 κεΧΡῆ·

2351 5683 2429 5753 (2)
2470 5680 2808 5739 Catechesim
2849 5681 3068 5753 proprie
3101 5682 3337 5753 appellat
3370 5683 3510 5737 hanc
3540 5684 3840 5738 orationem

2279 5751 2440 5811 etiam
2468 5754 2800 5826 biograpbus
2832 5751 3017 5810 noster
3045 5751 3149 5809 loc.
3191 5751 3286 5807 cit.
