4018 6304
158 396 276 459 885

705 395 988 456 ORATIO
1009 394 1183 459 XIII.
1207 420 1279 431 —
1313 395 1695 455 LAUDATIO
1749 394 2135 457 FUNEBRIS
2187 390 2266 457 IN
2305 395 2624 456 MATREM
2662 395 2894 458 SUAM.

3310 396 3414 457 886

161 505 294 556 σθαι
333 500 722 572 κλῃδονισμοίς
767 501 862 556 καὶ
891 501 1276 572 περι¹ἀμμασιν
1304 501 1401 556 καὶ
1433 501 1623 566 ἄλλαις
1652 520 1738 556 τι-

1845 504 1963 559 aliae
2008 503 2264 560 mulieres
2315 506 2496 560 locuta
2526 512 2638 570 est;
2673 519 2846 574 neque
2885 510 2946 558 ut
2987 501 3093 558 illae
3127 516 3185 558 se
3226 503 3416 573 gessit.

159 597 249 648 o‘tv
281 593 520 663 ἐπῳδαῖς
551 594 632 656 εἷς
664 610 723 645 τε
763 594 892 657 τοὺς
936 593 1159 662 δίφρους
1202 593 1300 645 καὶ
1332 593 1457 657 τοὺς
1492 594 1740 647 κοιτωνί-

158 703 331 750 σκους
357 726 372 749 ,
421 685 822 755 περιτραχήλιά
859 701 919 737 τε
957 683 1250 754 βάλλουσαι
1295 685 1390 738 καὶ
1429 684 1740 753 περίαπτα,

159 778 283 832 ἀλλ’
317 779 541 848 ⁴Ιιριιιεῖτο
571 777 728 846 μόνον
765 779 830 846 τῇ
865 776 1118 847 σφραγῖδι
1141 775 1237 830 τοῦ
1277 775 1546 839 ζωοποιοῦ
1580 793 1742 830 σταυ⁸

161 868 264 941 ροῦ
296 867 633 938 τετειχίσθαι
670 869 816 938 ἡμᾶς
838 910 852 931 ,
900 869 1030 920 ἀντὶ
1057 867 1224 921 ὅπλου
1254 867 1401 932 τινὸς
1425 868 1518 921 καὶ
1544 866 1742 938 θυρεοῦ

156 962 535 1031 ἀμαχωτάτου
560 957 719 1012 τοῦτο
749 957 1165 1030 προϐαλλομένη
1189 974 1202 990 ο
1243 959 1330 1012 διὰ
1357 958 1514 1012 τοῦτο
1553 958 1744 1013 πασῶν

150 1052 264 1107 τῶν
317 1051 495 1105 ἄλλων
539 1052 813 1120 γυναικῶν
859 1051 1281 1121 προσκυνουσῶν
1313 1052 1408 1105 καὶ
1436 1053 1744 1106 ἀπανιστα-

157 1147 344 1215 μένων
377 1143 437 1208 ὲξ
459 1142 629 1213 αὐτῆς
653 1142 830 1211 ὅψεως
855 1146 921 1215 τῇ
951 1143 1240 1214 αὐτουργῷ
1266 1144 1362 1196 καὶ
1394 1145 1745 1217 μυσταγωγῷ

152 1240 250 1291 καὶ
294 1236 606 1307 διδασκάλῳ
654 1235 762 1288 τῶν
801 1235 1084 1301 τοιούτων,
1126 1236 1260 1305 μόνη
1292 1235 1390 1288 οὐκ
1425 1236 1672 1306 ἠνείχετο
1708 1239 1742 1307 ἡ

154 1329 410 1398 ἡμετέρα
444 1329 654 1398 μήτηρ,
685 1327 807 1381 οὔτε
856 1327 1100 1398 κεφαλὴν
1132 1326 1311 1381 κλῖναι
1338 1326 1586 1390 πώποτε,
1619 1327 1744 1382 οὔτε

157 1421 560 1492 προσδραμεῖν,
597 1413 705 1471 οῦδ*
733 1413 800 1470 αὖ
839 1420 1132 1487 μετασχεῖν
1174 1417 1273 1487 τῆς
1303 1417 1591 1489 γοητείαςο
1619 1419 1745 1473 καί·

152 1530 260 1583 περ
309 1511 422 1565 ὑπὸ
476 1510 586 1562 τῶν
637 1508 976 1578 τελουμένων
1025 1508 1398 1579 ἀπειλουμένη
1450 1510 1746 1574 πολλάκις·

153 1605 272 1658 ἀλλ’
315 1603 511 1668 ὅντως,
553 1602 751 1669 Ψυχαὶ
784 1601 1030 1654 δικαίων
1050 1601 1119 1654 ἐν
1154 1600 1306 1668 χειρὶ
1341 1599 1511 1665 Θεοῦ,
1556 1601 1748 1658 καὶού

149 1695 233 1765 μὴ
257 1694 488 1763 ἅψηται
520 1691 719 1746 αὐτῶν
733 1692 1012 1758 ,ϐάσανος
1039 1708 1053 1721 ·
1105 1691 1216 1745 Καὶ
1257 1693 1290 1745 ό
1325 1691 1625 1758 πεποιθὼς
1652 1694 1752 1750 ἐπὶ

153 1784 491 1855 [demant-3c
516 1783 653 1853 ὄρος
681 1783 853 1850 Σιὼν,
886 1784 958 1847 ὡς
984 1783 1050 1836 τὰ
1080 1782 1252 1851 Λόγιά
1287 1799 1470 1854 φησιν.

224 1972 296 2033 γ’.
338 1962 624 2037 Δεύτερον,
660 1964 754 2019 τοῦ
791 1965 936 2019 θείου
980 1964 1149 2018 πόθου
1175 1960 1432 2030 αὔξοντος
1463 1965 1635 2035 αὑτῆς
1676 1965 1734 2018 ὲν

153 2057 218 2124 τῇ
253 2055 476 2126 καρδίᾳ,
511 2055 699 2126 ἐπειδὴ
733 2052 802 2128 ἦν
832 2056 1198 2125 ἀγράμματος
1225 2057 1285 2120 ἐξ
1307 2055 1572 2127 ὀρφανίας
1603 2058 1736 2125 ἀγο-

157 2147 297 2216 μένη
322 2185 338 2210 ,
386 2147 768 2217 γραμματίζει
803 2147 1000 2218 ἑαυτὴν
1031 2150 1064 2218 ἡ
1111 2147 1249 2219 σοφὴ
1293 2147 1388 2200 καὶ
1425 2147 1694 2212 συνετίζει
1717 2189 1733 2216 ,

156 2239 248 2290 καὶ
277 2237 339 2290 τὸ
370 2238 685 2309 Ψαλτηριον
713 2238 1068 2309 ἁποστηθίζει
1100 2238 1362 2292 κάλλιστά
1384 2255 1444 2291 τε
1477 2238 1573 2293 καὶ
1611 2255 1732 2292 συν-

155 2329 450 2398 τομώτατα
469 2344 484 2359 °
504 2330 597 2381 καὶ
621 2328 780 2382 τοῦτο
809 2327 924 2391 πῶς
944 2345 959 2395 ;
981 2329 1083 2382 οὑκ
1108 2329 1164 2382 ἐν
1187 2329 1374 2400 ἡμέρᾳ.
1404 2326 1739 2399 σχολάζουσα

155 2424 220 2491 τῇ
256 2420 461 2494 μελέτῃ
481 2462 495 2485 ,
527 2421 603 2482 ὡς
634 2421 699 2474 ἂν
729 2420 804 2492 μὴ
834 2421 926 2473 τὸν
951 2420 1120 2493 ἄνδρα
1159 2419 1555 2492 παραλυπήσῃ,
1587 2419 1620 2490 ἢ
1646 2417 1739 2472 τὸν

156 2511 305 2564 οἶκον
358 2510 753 2582 ὑπελαττώσῃ,
808 2512 947 2566 ἀλλὰ
993 2513 1101 2583 πρὸ
1145 2511 1315 2566 ὕπνου
1360 2528 1420 2564 τε
1470 2512 1566 2565 καὶ
1616 2510 1739 2581 μεθ’

158 2606 348 2664 ὕπνον.
383 2603 829 2675 φωταγωγούσης
860 2603 1130 2673 καγδήλης
1155 2603 1436 2672 κάμνουσα
1463 2603 1620 2671 τόνῳ,
1645 2599 1738 2654 τοῦ

158 2698 219 2748 ἐκ
241 2696 350 2748 τῶν
376 2696 576 2767 χειρῶν
605 2694 766 2766 ἔργον
795 2695 899 2748 οὑκ
925 2694 1151 2764 ἠμέλει·
1174 2693 1312 2748 ἀλλὰ
1338 2693 1414 2764 πῆ
1446 2693 1544 2763 μὲν
1565 2691 1739 2759 τούτῳ

159 2787 527 2858 προσέχουσα,
567 2786 644 2857 πῆ
671 2787 729 2840 δὲ
758 2788 819 2839 τὸ
837 2786 1024 2855 ἕτερον
1045 2782 1183 2849 εἶδος
1219 2784 1736 2856 μεταχειριζομένη,

158 2883 250 2933 καὶ
281 2882 376 2934 τὸν
417 2876 568 2934 οἷκον
607 2877 760 2950 ηὑξει
782 2917 798 2942 ,
833 2880 926 2932 καὶ
973 2880 1084 2931 τῶν
1126 2877 1463 2949 μαθημάτων
1496 2879 1739 2948 ἐπελαμ-

159 2972 381 3027 6ἀνετοο
435 2973 622 3025 ἔκτοτε
670 2971 850 3025 τοίνυν
899 2971 1000 3024 οὑκ
1051 2970 1331 3025 ἐπαύσατο
1357 2969 1623 3041 ὁμιλοῦσα
1661 2969 1740 3041 τῷ

159 3062 284 3134 θείῳ
311 3061 478 3116 Δαυῒδ
517 3061 731 3133 ἡμέραν
760 3060 820 3126 ἐξ
844 3062 1081 3132 ⁴ἡμέρας,
1113 3061 1210 3114 καὶ
1237 3061 1358 3123 ταῖς
1395 3061 1570 3123 θείαις
1612 3059 1741 3112 ἀνα-

159 3155 389 3222 γνώσεσι
443 3155 784 3227 προσέχουσα
803 3171 816 3186 ·
849 3155 1060 3207 ὲκείθέν
1085 3171 1146 3207 τε
1169 3152 1437 3232 καιομένη
1463 3153 1561 3222 τὴν
1598 3167 1739 3222 καρ-

1844 610 1967 664 quae
2000 609 2197 650 recens
2238 594 2405 662 uatis,
2434 595 2708 650 diabolico
2752 595 3010 665 impulsu,
3042 593 3333 650 claviculas
3362 605 3417 649 et

1845 687 2108 758 ligaturas
2142 694 2306 756 atque
2353 687 2458 740 alia
2491 686 2765 758 praestigia
2793 687 2860 741 ad
2887 685 3107 742 sellulas
3136 694 3189 741 et
3213 685 3418 741 cubilia

1843 783 2122 847 adhibent,
2151 792 2374 851 torques
2405 783 2568 836 etiam
2603 790 2658 835 et
2701 779 2941 834 amuleta
2978 779 3133 835 collis
3161 778 3416 848 injicien-

1844 883 1962 942 tes;
1994 876 2088 930 sed
2142 876 2273 931 satis
2330 876 2380 930 ei
2436 885 2555 931 erat
2597 876 2854 931 salutaris
2900 875 3083 930 crucis
3127 875 3284 946 signo
3319 888 3420 928 nos

1843 968 2208 1034 communire,
2257 977 2423 1036 atque
2455 970 2557 1024 hac
2604 970 2758 1038 quasi
2789 978 3064 1023 armatura
3107 975 3162 1024 et
3193 969 3421 1036 inexpus

1844 1060 2046 1131 gnabili
2079 1069 2237 1116 scuto
2292 1069 2595 1132 protegere.
2622 1062 2809 1131 Itaque
2849 1076 2976 1115 cum
3032 1061 3150 1115 alite
3206 1059 3419 1114 feminae

1844 1149 2247 1204 venerabundte
2298 1159 2649 1222 assurgerent
2694 1160 2987 1221 conspecta
3037 1148 3281 1220 qualibet
3322 1163 3422 1202 au-

1845 1237 2012 1295 ctrice
2047 1248 2102 1294 et
2131 1239 2427 1294 initiatrice
2472 1255 2536 1295 ac
2585 1240 2843 1311 magistra
2867 1239 3178 1310 hujusmodi
3209 1238 3420 1309 praesti-

1846 1331 2085 1403 giorum,
2137 1332 2252 1387 sola
2285 1340 2461 1388 mater
2498 1341 2711 1399 nostra,
2744 1347 2920 1403 neque
2948 1339 3113 1402 caput
3135 1330 3221 1387 bis
3259 1330 3421 1386 incli-

1847 1438 1999 1490 nare,
2031 1438 2206 1494 neque
2256 1439 2350 1480 eas
2401 1425 2678 1489 invocare,
2716 1440 2893 1494 neque
2920 1425 3191 1480 ullatenus
3225 1438 3420 1492 super-

1847 1516 2095 1572 stitiones
2121 1518 2448 1588 participare
2475 1533 2636 1588 passa
2669 1530 2785 1584 est;
2839 1532 2981 1587 saepe
3026 1516 3153 1572 licet
3180 1517 3247 1570 ab
3274 1516 3420 1570 illius

1850 1608 2206 1682 professionis
2261 1611 2480 1666 feminis
2533 1611 2709 1667 minas
2769 1619 3011 1681 experta.
3075 1608 3180 1665 Sed
3231 1624 3423 1680 reapse

1845 1699 2122 1768 justorum
2154 1699 2350 1754 anima:
2398 1700 2451 1754 in
2480 1713 2646 1753 manu
2697 1699 2787 1753 Dei
2837 1708 2964 1753 sunt
2991 1740 3004 1758 ,
3040 1713 3214 1768 neque
3239 1706 3424 1766 tanget

1852 1803 1948 1844 eos
1971 1796 2301 1842 tormentum
2346 1790 2389 1842 ².
2422 1787 2489 1841 Ει
2515 1790 2604 1859 qui
2655 1786 2872 1857 conﬁdit
2902 1789 2955 1841 in
2984 1787 3239 1849 Domino,
3286 1787 3422 1840 sicut

1767 1877 1808 1932 Β
1837 1894 1984 1933 mons
2019 1877 2147 1933 Sion
2178 1879 2285 1942 ’,ιιι
2319 1877 2614 1949 Scripturae
2643 1878 2816 1932 aiunt.

1908 1966 1963 2020 ’5.
1990 1966 2254 2021 Ροειιιῐηο
2275 1966 2460 2021 divino
2485 1981 2672 2021 amore
2697 1967 2751 2020 in
2777 1966 2896 2035 ejus
2931 1966 3094 2020 corde
3123 1973 3421 2028 crescente,

1838 2055 1964 2126 quia
2010 2056 2127 2110 sine
2176 2056 2516 2120 litteratura,
2569 2064 2630 2110 ut
2671 2055 2937 2125 orpliana,
2992 2054 3178 2108 relicta
3223 2053 3419 2114 fuerat,

1838 2142 1954 2214 ipsa
1983 2143 2180 2200 litteris
2204 2155 2376 2200 semet
2399 2144 2672 2214 sapienter
2706 2144 2904 2199 imbuit
2941 2145 3331 2215 instruxitquc,
3367 2152 3423 2198 et

1840 2231 2157 2300 psalterium
2222 2233 2436 2303 egregie
2501 2231 2941 2302 brevissimoque
3005 2241 3247 2300 tempore
3307 2247 3418 2285 me-

1839 2319 2029 2372 moriae
2082 2319 2377 2373 mandavit.
2443 2319 2501 2373 ld
2559 2326 2742 2374 autem
2792 2319 3106 2387 quomodo?
3153 2317 3417 2387 Equidem

1839 2405 1984 2461 haud
2015 2407 2251 2461 interdiu
2275 2407 2402 2461 huic
2427 2407 2770 2477 occupationi
2808 2422 3029 2470 vacans,
3059 2421 3126 2462 ne
3160 2407 3279 2461 viro
3306 2423 3424 2464 mo—

1841 2494 2058 2551 lestiam
2108 2506 2352 2566 crearet,
2392 2507 2487 2552 aut
2534 2497 2802 2552 minorem
2857 2497 3039 2552 domui
3087 2512 3274 2552 curam
3315 2496 3421 2550 im-

1840 2587 2124 2655 penderet,
2161 2587 2254 2642 sed
2280 2598 2402 2641 ante
2427 2596 2482 2642 et
2511 2596 2631 2656 post
2655 2601 2928 2653 somnum,
2947 2586 3171 2641 ardente
3200 2587 3430 2640 lucerna.

1840 2679 2030 2735 sedulo
2080 2680 2376 2735 lucubrans
2401 2720 2416 2742 ,
2469 2695 2557 2736 res
2593 2696 2713 2750 qua
2739 2690 2896 2736 erant
2936 2682 2988 2734 in
3029 2680 3280 2735 manibus
3312 2695 3419 2734 non

1840 2770 2181 2841 negligebat,
2242 2770 2335 2825 sed
2382 2771 2544 2826 modo
2590 2771 2717 2826 huic
2755 2772 2915 2826 modo
2957 2770 3110 2825 alteri
3141 2785 3287 2824 cura:
3334 2769 3423 2824 in-

1844 2867 1990 2913 tenta
2019 2896 2035 2920 .
2067 2868 2120 2914 et
2149 2860 2371 2914 domum
2401 2876 2456 2914 re
2488 2860 2741 2916 familiari
2785 2862 3037 2930 augebat,
3069 2870 3123 2916 et
3150 2861 3418 2916 doctrinis

1840 2949 2006 3004 simul
2051 2951 2295 3005 animum
2347 2952 2655 3008 excolebat.
2711 2953 2890 3023 Atque
2941 2969 3006 3009 ex
3039 2968 3104 3008 eo
3156 2953 3418 3007 nimirum

1842 3047 2086 3111 tempore
2156 3058 2440 3112 nunquam
2496 3042 2704 3098 destitit
2759 3060 2881 3098 cum
2927 3043 3125 3097 Davide
3172 3045 3416 3107 versari,

1841 3127 2041 3184 divinis
2070 3130 2315 3200 quotidie
2347 3133 2671 3189 lectionibus
2695 3148 2915 3204 operam
2949 3149 3177 3190 navans.
3208 3135 3418 3201 Quibus

158 3220 270 3300 ῦίαν
290 3287 304 3310 ,
335 3248 433 3300 καὶ
474 3220 702 3318 πρὸς-τὸ
734 3245 931 3316 μέλλον
965 3220 1185 3314 ἀγαθὸν,
1213 3220 1612 3315 ἀναλάμπούσα
1633 3282 1648 3306 ,
1680 3220 1735 3295 τί

1840 3234 1936 3274 eor
1995 3220 2242 3286 incensa,
2276 3239 2342 3279 ac
2373 3223 2541 3279 futuri
2573 3224 2700 3280 boni
2737 3239 2835 3294 spe
2868 3224 3251 3292 exardescens,
3286 3225 3414 3295 quid

159 3342 297 3392 ποιεί
324 3340 421 3392 καὶ
453 3338 506 3390 τί
552 3337 849 3409 ἐργάζεται
884 3339 917 3407 ἡ
951 3336 1266 3406 θαυμασία;
1303 3333 1739 3404 ἀποκοσμήσασα

159 3432 352 3500 ἑαυτὴν
395 3431 507 3483 τῶν
557 3429 828 3500 ματαίων,
869 3429 962 3482 καὶ
993 3428 1066 3492 ὡς
1098 3425 1423 3498 χηρευτικόν
1459 3443 1513 3479 τι
1549 3425 1736 3495 σχῆμα

161 3521 507 3576 ἀναλαϐοῦσα
526 3561 541 3587 ,
574 3519 748 3584 οὓτως
775 3523 855 3584 είς
886 3520 1192 3590 ὑπόδειγμα
1239 3518 1406 3572 καλὸν
1444 3517 1740 3590 προύκειτο

159 3617 276 3678 ταῖς
301 3614 624 3687 γνωρίμοις,
652 3615 792 3683 μήτε
822 3613 1100 3682 ὀμνύουσα
1129 3611 1190 3664 τὸ
1215 3611 1471 3672 καθόλου,
1515 3611 1638 3682 μηδ’
1668 3604 1736 3663 αὖ

160 3706 483 3778 ψευδομένη,
520 3706 658 3777 μήτε
691 3705 760 3758 τὰ
793 3703 966 3757 πολλὰ
993 3701 1404 3774 κρεοφαγοῦσα,
1430 3703 1488 3755 έν
1512 3700 1591 3770 τῷ
1626 3700 1732 3772 μά-

161 3797 312 3851 λιστα
341 3796 894 3869 τεσσαρακοστίζειν·
931 3795 1068 3848 ἀλλὰ
1095 3797 1192 3848 καὶ
1242 3794 1296 3847 εῐ
1335 3809 1465 3847 ποτε
1501 3795 1582 3856 είς
1649 3794 1735 3846 εὑ-

162 3889 324 3958 ωχίαν
369 3889 735 3962 προύκαλεῖτο
756 3887 1020 3957 γαμικὴν,
1049 3885 1422 3948 λανθανόντως
1465 3884 1736 3954 ὑπεξῆγεν

165 3980 359 4050 ἑαυτὴν
383 3980 632 4052 μηδόλως
665 3981 945 4049 ἁπτομένη
972 3978 1174 4050 κρεῶν,
1215 3977 1351 4049 μηδὲ
1377 3977 1437 4030 τὸ
1461 3976 1615 4047 ὄμμα
1649 3975 1734 4028 αῐ-

169 4083 328 4140 ρουσα
359 4075 441 4135 είς
468 4072 542 4126 τὰ
572 4072 841 4142 θυμελικὰ
873 4073 1130 4139 παίγνια·
1157 4071 1380 4141 καὶγὰρ
1406 4065 1474 4140 ἦν
1503 4070 1736 4139 σώφρων

165 4161 207 4212 εί
234 4163 324 4216 καί
348 4181 428 4227 τις
462 4163 626 4234 ἄλλη,
658 4162 755 4215 ’ἐνα
795 4163 963 4231 ἄνδρα
993 4163 1310 4234 γνωρίσασα
1337 4199 1352 4226 ,
1378 4161 1475 4213 καὶ
1501 4161 1600 4230 τὴν
1634 4159 1736 4228 ψυ-

165 4254 258 4324 Χῆν
293 4257 432 4326 μετὰ
481 4254 582 4327 τὴν
623 4255 905 4326 ἀποταγην
935 4255 1191 4309 τοσοῦτον
1225 4255 1306 4317 είς
1336 4252 1505 4324 ἄκρον
1532 4251 1734 4320 ἁγνεύ-

167 4361 317 4410 σασα,
365 4346 441 4412 ὡς
491 4347 586 4401 καὶ
637 4347 799 4417 μέχρι
843 4345 1106 4418 λογισμοῦ
1150 4346 1536 4417 τυραννήσεως
1574 4345 1733 4417 ἀκρι-

165 4434 428 4492 σεύεσθαι.

227 4528 287 4582 δ’.
328 4528 424 4593 Τίς
459 4529 557 4584 οὖν
595 4529 813 4598 ἐκείνην
858 4528 1051 4581 ἔλαθεν
1097 4526 1454 4598 μεσονυκτίου
1503 4527 1729 4599 καιρός;

1840 3312 2172 3382 aggreditur,
2205 3316 2400 3383 quidve
2436 3316 2549 3387 agit
2574 3317 2916 3373 admirabilis
2944 3316 3144 3372 femina
3180 3317 3203 3372 ?
3249 3316 3418 3374 Vanis

1840 3403 1945 3456 sibi
2030 3403 2289 3459 detractis
2365 3406 2754 3472 ornamentis,
2812 3417 2866 3462 et
2926 3408 3126 3462 viduali
3180 3412 3414 3477 quodam

1840 3492 2046 3547 amictu
2078 3505 2382 3565 assumpto,
2441 3498 2764 3567 praeclarum
2809 3507 2982 3553 semet
3021 3492 3300 3566 exemplar
3331 3498 3414 3551 fa-

1841 3583 2149 3641 miliaribus
2200 3586 2520 3655 praebebat:
2586 3605 2765 3660 neque
2811 3588 3032 3656 iurabat
3125 3605 3366 3659 unquam
3395 3633 3412 3655 ,

1841 3689 2016 3745 neque
2044 3676 2427 3740 mentiebatur,
2456 3693 2634 3748 neque
2657 3680 2915 3734 carnibus
2944 3679 3268 3749 plerumque
3292 3695 3411 3735 ves-

1837 3767 2105 3832 cebatur,
2161 3769 2616 3839 quadragesima“
2668 3772 2969 3843 praesertim
3001 3779 3266 3840 tempore.
3309 3770 3415 3827 Sed

1838 3870 1894 3916 et
1937 3861 1984 3917 si
2041 3862 2262 3931 quando
2315 3862 2382 3916 ad
2426 3865 2669 3934 nuptiale
2710 3863 3019 3919 convivium
3057 3873 3412 3930 evocaretur,

1840 3952 2251 4007 dissimulanter
2305 3968 2364 4008 se
2413 3955 2773 4019 continebat,
2835 3954 3051 4010 intactis
3113 3955 3413 4022 carnibus,

1837 4043 2137 4113 oculosque
2187 4045 2255 4099 ad
2307 4045 2627 4117 tliymelicos
2653 4047 2807 4102 lusus
2848 4046 3071 4101 minime
3106 4046 3409 4101 attollens:

1837 4144 1956 4191 erat
1995 4136 2142 4191 enim
2185 4151 2309 4190 cum
2364 4137 2560 4205 primis
2599 4137 2817 4208 pudica,
2877 4152 3046 4192 unum
3093 4137 3270 4192 virum
3319 4152 3414 4207 ag-

1837 4241 2072 4283 noscens
2097 4269 2115 4293 ,
2151 4226 2504 4298 animumque
2534 4244 2694 4284 suum
2731 4239 2853 4299 post
2903 4230 3166 4285 consortii
3209 4245 3413 4286 renun-

1836 4321 2120 4378 tiationem
2153 4323 2410 4392 usquead
2445 4338 2716 4378 summam
2748 4324 3139 4394 cogitationum
3166 4325 3410 4396 ipsarum

1836 4413 2248 4485 castigationem
2283 4414 2680 4482 purificaverat.

1911 4527 1964 4581 4.
2019 4525 2176 4592 Quod
2222 4542 2350 4594 ergo
2395 4526 2544 4581 illam
2590 4527 2779 4581 mediae
2815 4527 2990 4584 noctis
3036 4537 3250 4599 tempus
3272 4546 3410 4600 pra:-

166 4619 340 4692 ὲπειδὴ
363 4623 526 4695 ἔργον
570 4621 632 4674 τὸ
660 4595 843 4689 λόγιον
887 4595 1126 4692 ἐπλήρου
1147 4636 1160 4649 ·
1190 4595 1614 4674 Ιιῖιιπονύκτιοινο⁷
1633 4620 1730 4684 ἐξ·

1840 4619 2026 4673 teriit?
2075 4617 2150 4672 Re
2186 4633 2317 4671 sane
2352 4633 2477 4673 vera
2501 4633 2716 4673 sacrum
2742 4617 2960 4673 eﬂatum
2986 4621 3362 4690 complebatur
3395 4664 3404 4674 .

165 4715 465 4783 εγειρόμην
509 4712 619 4768 τοῦ
666 4711 1159 4784 ἐξομολογεῖσθαι
1201 4729 1301 4767 σοι
1351 4711 1449 4764 ἐπὶ
1489 4711 1562 4766 τὰ
1606 4712 1731 4781 κρί-

163 4819 307 4867 ματα
332 4805 443 4874 τῆς
476 4805 871 4873 δικαιοσύνης
902 4819 1049 4859 σου⁸
1081 4805 1166 4867 τίς
1193 4803 1250 4856 δὲ
1277 4803 1474 4875 ὄρθρου
1511 4803 1730 4875 ὲξέγερ⁹

169 4910 276 4959 ang;
324 4896 404 4960 τίς
447 4897 506 4950 δὲ
553 4896 748 4966 ἑτέρας
798 4895 1163 4968 διωρισμένης
1211 4895 1563 4965 εὐχαριστίας
1609 4894 1729 4966 ὥρα

167 4986 558 5055 παρελείπετος
617 4987 918 5058 οὑδαμῶς’
965 4986 1103 5041 ἀλλὰ
1151 4987 1244 5040 καὶ
1301 4987 1400 5055 τῆς
1452 4989 1728 5057 οἰκουρίας

169 5068 485 5152 ἃντεχομὲνη
512 5081 634 5134 λίαν
655 5121 669 5145 ,
701 5085 799 5136 καὶ
822 5081 896 5142 ὡς
925 5080 1026 5132 οὑκ
1058 5078 1123 5132 ἄν
1150 5096 1234 5140 τις
1261 5078 1369 5132 τῶν
1404 5079 1728 5146 φιλοπόνων,

169 5165 562 5241 πλουσιωτέραν
587 5170 686 5237 τὴν
713 5171 769 5220 ὲν
799 5171 911 5230 τοῖς
941 5168 1165 5236 ἀγαθοῖς
1194 5166 1374 5237 ἔργοις
1407 5168 1730 5221 είσεποιεῖτο

167 5258 413 5326 ἐπίδοσιν,
475 5261 816 5333 ρυθμίζουσα
849 5259 929 5330 τῷ
959 5260 1082 5313 καθ’
1111 5261 1311 5328 ἑαυτὴν
1344 5259 1725 5329 ὑποδείγματι,

168 5350 367 5404 καὶτὸν
409 5353 702 5424 ὁμόζυγον,
739 5352 833 5405 καὶ
870 5352 1065 5416 παῖδας
1095 5395 1109 5416 ,
1165 5353 1263 5404 καὶ
1309 5352 1724 5422 θεραπαινίδας·

166 5441 248 5492 τὸν
272 5444 387 5511 μὲν,
420 5446 557 5515 μετὰ
578 5444 688 5499 τῶν
709 5445 886 5500 ἄλλων
915 5445 1008 5498 καὶ
1037 5445 1120 5507 είς
1147 5444 1455 5512 ὑπόμνησιν
1480 5446 1724 5513 φέρουσα

166 5531 251 5584 τοῦ
273 5534 556 5593 θανατικοῦ
589 5536 875 5609 χωρισμοῦ
897 5552 909 5565 ·
946 5537 1039 5590 καὶ
1069 5537 1160 5590 διὰ
1188 5534 1348 5588 τοῦτο
1391 5535 1724 5604 συμϐουλεύ-

167 5638 291 5677 ουσα
333 5630 427 5682 καὶ
469 5625 870 5702 παρακαλοῦσα
897 5627 996 5698 τὴν
1023 5626 1116 5680 ἀπ’
1147 5625 1393 5695 ἀλλήλων
1427 5625 1684 5697 στέρησιν
1704 5643 1717 5657 ·

171 5713 253 5762 καὶ
292 5716 468 5784 μέντοι
527 5717 739 5771 πείθει·
791 5714 886 5770 καὶ
955 5715 1191 5768 πείσασα
1241 5713 1334 5765 ἐπὶ
1383 5715 1510 5783 μιᾶς
1558 5717 1719 5785 εὐνῆς

1833 4709 2010 4764 Media
2071 4717 2219 4762 nocte
2270 4707 2546 4777 surgebam
2593 4707 2662 4760 ad
2714 4709 3068 4777 conﬁtendum
3114 4711 3210 4762 tibi
3253 4727 3408 4778 super

1823 4800 2035 4870 judicia
2084 4799 2485 4868 justiﬁcationis
2515 4808 2621 4854 tum
2653 4801 2695 4854 ".
2746 4799 2878 4865 Quae
2931 4813 3110 4857 autem
3143 4805 3404 4857 matutina

1833 4893 2233 4956 consurrectio,
2271 4907 2519 4960 quaenam
2547 4892 2650 4944 alia
2683 4892 2942 4961 praeﬁnita
2973 4895 3268 4963 gratiarum
3298 4895 3406 4949 Deo

1836 4983 2172 5053 agendarum
2213 4984 2346 5035 hora
2372 4983 2933 5052 praztermittebatur?
2969 4985 3128 5041 Nulla
3155 5002 3401 5056 prorsus.

1835 5072 1938 5128 Sed
1963 5083 2016 5129 et
2040 5073 2234 5127 domus
2257 5074 2520 5127 custodiae
2572 5089 2900 5143 magnOpere
2929 5075 3109 5130 dedita
3129 5119 3144 5143 ,
3193 5092 3303 5147 prae
3335 5079 3406 5130 la-

1833 5164 2055 5219 borioso
2110 5164 2373 5231 quolibet,
2422 5164 2643 5220 uberius
2672 5166 2940 5219 bonorum
2969 5183 3189 5236 operum
3220 5184 3407 5223 exem-

1831 5259 1920 5326 plo
1973 5257 2194 5327 proprio
2259 5259 2656 5312 incrementum
2713 5258 2979 5315 etliciebat
3034 5264 3089 5317 in
3139 5263 3294 5325 viro,
3345 5262 3402 5319 in

1831 5351 2035 5415 liberis,
2077 5352 2127 5403 in
2159 5352 2392 5406 ancillis.
2447 5350 2513 5404 Et
2538 5351 2612 5405 illi
2644 5352 2861 5421 quidem
2893 5395 2908 5419 ,
2938 5365 3138 5422 praeter
3170 5364 3400 5416 cmtera.

1829 5440 2069 5495 futuram
2104 5458 2319 5511 quoque
2349 5443 2538 5498 mortis
2568 5457 2732 5497 causa
2762 5446 3161 5513 separationem
3192 5446 3247 5500 in
3290 5463 3406 5503 me-

1830 5532 2062 5586 moriam
2102 5532 2432 5598 revocabat;
2483 5533 2709 5602 ideoque
2733 5534 3063 5592 admonebat
3106 5547 3159 5591 et
3199 5536 3403 5592 adhor-

1829 5626 2081 5689 tabatur,
2138 5634 2196 5678 ut
2245 5624 2473 5680 invicem
2525 5625 2906 5681 abstinerent:
2967 5643 3134 5699 quam
3187 5643 3299 5682 rem
3350 5630 3400 5683 ei

1827 5715 2097 5784 persuasit
2130 5716 2180 5771 in
2211 5725 2414 5771 tantum
2443 5757 2456 5782 ,
2493 5726 2548 5772 ut
2579 5734 2686 5772 uno
2723 5718 2919 5774 lectulo
2957 5727 3171 5776 utentes
3197 5760 3209 5786 ,
3240 5720 3396 5788 quin-

228 5827 244 5856 ³
283 5825 404 5897 Sap.
437 5848 515 5899 nr,
555 5834 600 5887 Ι.
683 5833 702 5864 ³
742 5829 886 5887 Psal.
921 5845 1102 5895 cxxxv,
1137 5829 1181 5882 Ι.
1263 5828 1281 5860 ³
1322 5827 1464 5882 Psal.
1505 5845 1714 5895 cxvm,
1758 5829 1844 5882 6‘2.
