4018 6304
579 382 680 446 887

1756 364 1811 424 S.
1853 354 2244 420 THEODORI
2286 352 2632 416 STUDITAS

3705 353 3822 414 888

581 490 822 564 quennio
861 499 914 545 et
940 489 1080 543 ultra
1131 486 1268 538 inter
1310 497 1368 536 se
1403 497 1508 533 non
1555 477 1938 548 cognoverint;
1999 473 2138 542 quod

2265 467 2383 531 Diei;
2413 467 2572 520 πέντε
2602 465 2684 518 Ere
2696 465 2831 535 σινή
2859 463 2952 518 καὶ
2979 464 3140 536 πρὸς,
3156 463 3254 517 οὐκ
3283 462 3528 532 ἔγνωσαν
3560 465 3821 530 ἑαυτοὺς,

581 593 666 639 est
697 581 1017 637 admirabile
1046 594 1109 633 ac
1132 589 1339 630 rarum.
1372 571 1473 639 Qui
1500 570 1644 625 enim
1677 568 1817 622 fierit
1843 566 2048 636 possit,
2086 574 2142 616 nt

585 675 726 750 ignis
754 671 1024 741 adjacenti
1055 667 1272 739 stipula:
1310 678 1418 718 non
1443 661 1840 722 admisceatur,
1903 654 2010 710 nisi
2045 655 2145 750 hoc

587 745 724 819 forte
787 761 1202 833 supranaturale
1255 756 1410 812 fuit?
1467 752 1624 820 Quod
1669 751 1714 806 si
1759 748 2012 813 Boosus,
2050 745 2144 814 qui

585 854 1056 911 condormientem
1090 850 1323 904 Rntbam
1397 860 1505 900 una
1555 851 1715 897 nocte
1746 839 1966 908 reliquit
2008 838 2146 891 inta-

583 955 750 1012 ctam,
776 945 1050 1008 laudatur,
1082 940 1271 1013 quidni
1318 946 1546 1007 uterque
1596 947 1792 1003 parens
1829 943 1981 984 meus
2035 943 2145 981 me-

583 1038 745 1092 ritam
777 1036 1152 1106 temperantiae
1181 1031 1409 1103 gloriam
1442 1027 1641 1082 referat
1664 1025 1686 1078 ?
1706 1023 1834 1078 Esto
1859 1021 2020 1092 igitur
2046 1020 2148 1074 hoc

581 1129 868 1182 amborum
925 1125 1273 1182 encomium:
1326 1119 1525 1174 etenim
1576 1116 1678 1169 hac
1727 1115 1777 1167 in
1801 1127 1860 1166 re
1915 1124 2019 1164 non
2046 1109 2148 1162 imo

583 1217 800 1286 proprie
848 1225 1002 1285 pater
1065 1227 1221 1268 meus
1276 1207 1490 1264 laudem
1548 1205 1739 1258 matris
1786 1195 2146 1286 participahit.

582 1284 703 1360 llam
732 1284 864 1359 vero
895 1304 1095 1358 liberos
1125 1299 1434 1371 plenissima
1461 1295 1676 1349 virtutis
1705 1290 1902 1346 femina
1937 1284 2150 1341 monitis

582 1405 640 1450 et
689 1393 1164 1450 adhortationibus
1219 1390 1517 1445 erudiebat.
1575 1384 1641 1438 Et
1678 1382 1840 1438 modo
1896 1377 2148 1434 rationali

583 1485 736 1555 virga
759 1483 1090 1554 percutiens,
1118 1481 1279 1534 modo
1307 1478 1594 1534 sedulitate
1613 1473 1905 1532 deducens,
1926 1482 2147 1538 urgens,

585 1590 652 1632 ac
678 1575 984 1646 provehens
1021 1572 1086 1628 ad
1147 1569 1493 1642 perfectiora.
1531 1566 1671 1632 Quid
1708 1562 1871 1618 inde?
1902 1560 2149 1616 Filiolam

585 1666 842 1722 roborant
867 1663 1119 1734 stupendi
1153 1661 1344 1715 matris
1376 1673 1579 1724 mores,
1619 1672 1740 1726 qua;
1767 1669 1869 1710 nec
1915 1653 2059 1708 illam
2084 1650 2150 1705 ad

586 1757 825 1811 virorum
844 1763 1194 1824 conspectum
1220 1751 1546 1815 adducebat,
1567 1763 1664 1803 nec
1679 1746 1910 1802 feminea
1929 1743 2151 1798 monilia

585 1846 914 1902 ctdextralia
944 1857 1354 1915 purpureasque
1384 1851 1561 1896 vestes
1591 1837 1764 1894 eidem
1788 1833 2102 1890 ostendebat
2126 1849 2140 1899 ;

584 1938 678 1994 sed
704 1939 770 1991 ad
805 1937 1056 2006 pietatem
1099 1936 1280 2004 potius
1295 1949 1420 2004 erga
1457 1931 1625 1986 Deum
1654 1927 1980 1998 impellebat,
2016 1933 2071 1979 et
2094 1925 2147 1977 in

584 2029 761 2084 sacris
792 2028 1013 2083 Litteris
1054 2027 1354 2090 erudiebat,
1385 2037 1648 2095 pauperes
1705 2018 1940 2088 hospitio
1998 2017 2147 2071 excio

586 2134 714 2189 pere
741 2118 987 2180 docebat,
1022 2117 1153 2186 quin
1185 2118 1348 2172 etiam
1405 2115 1743 2184 leprosorum
1793 2111 1973 2164 ulcera
2022 2123 2150 2178 pro-

593 2211 730 2282 priis
798 2211 1054 2264 manibus
1092 2209 1317 2279 cogebat
1365 2207 1694 2273 abstergere.
1748 2201 2028 2257 Postremo
2082 2199 2148 2253 ad

587 2303 758 2357 Deum
787 2303 1146 2371 caelestesque
1179 2298 1607 2370 pulchritudines
1644 2311 1709 2349 ex
1744 2294 1827 2348 his
1882 2292 2033 2346 humi
2063 2307 2150 2346 re-

589 2392 840 2461 pentibus
867 2402 1101 2446 mentem
1134 2389 1322 2460 pnella:
1341 2387 1694 2452 transferens,
1719 2383 1828 2438 Deo
1844 2390 2146 2438 consecrat.

589 2481 655 2536 Et
682 2481 858 2537 lautos
909 2482 1126 2550 quidem
1173 2481 1276 2534 hoc
1319 2479 1536 2548 optimae
1590 2475 1930 2530 educationis
1987 2489 2150 2543 argu-

589 2579 833 2624 mentum
909 2571 1330 2624 commentarios
1402 2568 1534 2622 milii
1591 2565 1996 2636 suppeditaret;
2057 2563 2150 2617 sed

590 2676 658 2714 ne
700 2677 862 2732 quem
917 2662 1163 2717 satietate
1217 2677 1456 2724 onerem,
1487 2660 1576 2713 hic
1619 2656 2031 2712 sistam.Unum
2074 2663 2152 2708 ta-

592 2765 739 2819 men,
771 2751 918 2821 quod
959 2761 1106 2805 recte
1164 2750 1378 2805 reticeri
1438 2749 1641 2817 nequit,
1687 2746 1936 2816 adjiciam
1964 2763 1978 2798 :
2009 2744 2152 2813 quod

593 2839 850 2894 nimirum
915 2840 1175 2910 quotidie,
1235 2848 1520 2908 pestqnam
1568 2852 1627 2890 se
1683 2835 1837 2889 liberi
1895 2835 1951 2887 in
2003 2834 2156 2888 lectis

591 2940 1032 3003 composuerant,
1070 2932 1208 2985 haud
1244 2941 1367 2985 ante
1395 2932 1509 2999 ipsa
1544 2929 1787 2983 cubitum
1828 2929 1959 2989 ibat.
1991 2941 2152 2996 quam

591 3025 977 3095 superveniens
993 3025 1172 3078 crucis
1194 3027 1348 3094 signo
1369 3023 1566 3077 membr
1581 3037 1611 3075 a
1632 3021 1844 3075 illorum
1871 3021 2153 3087 signasseu

593 3113 916 3184 Rursusque
943 3128 1068 3168 cum
1125 3120 1431 3182 surgerent,
1463 3124 1606 3180 saepe
1651 3123 1751 3163 nos
1802 3106 2157 3162 exstimulans

592 3211 756 3273 atque
785 3205 1193 3274 expergiscens.
1220 3204 1285 3256 ad
1311 3217 1497 3271 preces
1527 3198 1882 3268 compellebat
1911 3214 1924 3249 :
1955 3197 2161 3249 scilicet

595 3308 651 3350 ut
681 3311 787 3350 non
817 3297 932 3364 ipsa
965 3306 1194 3358 tantum,
1219 3294 1312 3349 sed
1345 3303 1398 3348 et
1435 3292 1550 3356 lilii,
1589 3290 1682 3344 Dei
1713 3287 1939 3343 servitio
1971 3302 2168 3341 assue-

593 3393 825 3440 soerent.

661 3478 718 3532 5.
750 3479 862 3547 Age
908 3491 1035 3530 vero
1084 3476 1150 3529 de
1199 3475 1420 3532 famulis
1483 3474 1902 3543 famulabusque
1964 3472 2167 3527 multus

595 3569 730 3622 mihi
777 3583 960 3626 sermo
1014 3567 1336 3632 oboriretur,
1377 3568 1420 3623 si
1451 3581 1726 3637 exponore
1780 3565 1995 3630 vellem,
2031 3579 2170 3634 quo-

599 3661 760 3714 modo
791 3660 913 3714 illos
946 3661 1047 3714 sibi
1077 3660 1414 3714 conciliaret.
1451 3659 1638 3720 aleret,
1669 3665 1900 3727 potaret,
1925 3656 2168 3720 vestiret,

597 3760 864 3821 quantum
919 3767 1081 3805 nemo
1133 3752 1274 3806 alius
1304 3752 1387 3806 vel
1441 3750 1927 3806 clementissimus.
1967 3750 2165 3817 Neque,

599 3851 657 3897 ut
691 3843 767 3906 lit,
783 3843 940 3912 panis
955 3850 1166 3896 tantum
1212 3853 1262 3898 et
1290 3842 1402 3896 vini
1427 3857 1489 3895 ac
1515 3841 1652 3896 lardi
1684 3840 1938 3894 diurnum
1965 3838 2166 3892 victum

598 3936 1010 4006 suppeditabat;
1047 3936 1140 3990 sed
1183 3951 1326 4006 saepe
1353 3944 1404 3990 et
1463 3935 1796 3991 solemnibus
1852 3934 2170 4003 plerumque

606 4030 816 4093 diebus,
848 4039 1063 4084 recente
1109 4045 1275 4084 carne
1327 4028 1619 4090 nutriebat,
1651 4025 1911 4095 piscibus,
1942 4034 1993 4078 et
2049 4023 2169 4077 alti-

605 4121 773 4186 libus,
802 4131 857 4174 et
883 4123 1184 4175 mulsorum
1244 4119 1714 4188 propinationibus
1765 4117 1929 4186 ;quia
1979 4130 2170 4182 nempe

606 4213 748 4266 haud
779 4214 891 4280 ipsa
921 4211 1033 4265 sola
1067 4210 1151 4264 his
1186 4209 1288 4262 frui
1343 4209 1575 4263 volebat.
1625 4208 1816 4262 Nonne
1847 4207 1963 4261 haec
1994 4205 2172 4259 dilau-

605 4303 783 4356 danda
819 4311 946 4357 sunt
972 4313 1024 4357 et
1055 4304 1222 4357 rara?
1253 4317 1432 4356 nonne
1464 4299 1764 4371 peculiares
1799 4308 2001 4353 sancta:
2031 4299 2176 4350 illius

607 4396 802 4455 animze
851 4396 1262 4464 praerogativae?
1317 4393 1495 4449 Credo
1545 4393 1797 4464 equidem
1837 4393 1888 4445 id
1921 4392 2053 4444 milii
2087 4406 2175 4444 as-

2243 557 2305 610 τδ
2332 555 2764 628 παραδοξότατόν
2791 572 2850 608 τε
2877 555 2972 608 καὶ
3015 553 3342 625 δυσεύρητον
3365 570 3380 585 ·
3430 554 3550 618 πῶς
3599 555 3708 624 γάρ
3746 555 3826 625 ἂν

2247 648 2340 701 καὶ
2366 648 2466 717 οὐχ
2488 645 2798 717 ὁμιλήσειεν
2829 645 2891 697 τὸ
2916 643 3027 714 πῦρ
3055 647 3123 716 τῇ
3159 643 3538 716 παρακειμένῃ
3560 645 3820 719 καλάμῃ.

2245 739 2298 791 ει
2339 739 2413 810 μή
2445 738 2739 809 ὑπερφυῶς
2775 739 2889 790 ἐστι
2922 736 2984 790 τδ
3026 737 3343 808 γινόμενον;
3387 739 3482 791 καὶ
3510 740 3560 791 εί
3605 740 3633 791 ό
3680 738 3826 800 Βοδζ

2247 828 2346 900 τὴν
2383 828 2538 881 Ῥοὺθ
2573 829 2739 891 ἐάσας
2771 828 3047 896 ἀνέπαφον
3082 828 3607 899 συγκαθευδήσασαν
3629 831 3688 882 ἐν
3716 833 3826 900 μιᾷ

2248 919 2404 970 νυκτὶ
2451 921 2789 984 ἐπαινεῖται,
2824 917 2940 981 πῶς
2967 918 3068 971 οὐκ
3112 918 3409 988 ἀμφότεροι
3450 919 3678 980 εἰκότως
3718 935 3828 971 σω-

2249 1011 2520 1081 φροσύνης
2551 1012 2961 1079 ἀπενέγκωνται
2990 1011 3142 1068 κλέος
3162 1027 3177 1074 ;
3195 1010 3334 1063 Ἀλλ’
3366 1012 3506 1063 ἐστω
3531 1012 3632 1080 μὲν
3659 1009 3826 1064 τοῦτο

2247 1104 2361 1155 τοῖν
2409 1103 2552 1156 δυοῖν
2601 1105 2908 1173 ἐγκώμιον·
2961 1103 3378 1174 παραπολαύσει
3423 1103 3532 1175 γάρ
3581 1101 3828 1157 ἐνταῦθα

2248 1193 2347 1245 οὐκ
2381 1193 2624 1263 ἀκαίρως
2666 1194 2760 1245 καὶ
2785 1194 2814 1244 ὀ
2847 1195 3135 1262 γεννήσας,
3168 1192 3260 1246 τοῦ
3289 1194 3385 1263 τῆς
3413 1193 3679 1263 τεκούσης
3717 1194 3826 1246 ἐπ-

2251 1283 2422 1338 αίνου.
2456 1283 2538 1335 Τά
2569 1283 2625 1336 δὲ
2652 1276 2816 1337 τέκνα
2850 1285 2882 1354 ή
2914 1285 3219 1355 πανάρετος
3266 1284 3511 1338 παιδεύει
3541 1287 3603 1338 ἐν
3631 1283 3826 1337 νουθε·

2253 1374 2396 1437 σίαις
2461 1374 2556 1427 καὶ
2607 1375 3032 1444 παραινέσεσιν,
3094 1375 3172 1445 πῆ
3226 1375 3326 1444 μὲν
3385 1375 3565 1446 ῥάϐδῳ
3621 1373 3823 1446 λογικῇ

2253 1466 2569 1535 πλήσσουσα
2587 1505 2604 1532 ,
2632 1465 2708 1535 πῆ
2733 1465 2790 1518 δὲ
2816 1464 3084 1537 ἐμμελείᾳ
3111 1466 3320 1535 ἀγουσα
3345 1467 3438 1519 καὶ
3466 1466 3826 1536 προσάγουσα

2252 1556 2347 1612 καὶ
2375 1556 2615 1624 αῦξουσα
2657 1558 2740 1620 είς
2784 1556 2854 1610 τὰ
2900 1557 3222 1628 τελεώτερα.
3243 1557 3330 1624 Ἐξ
3359 1552 3420 1612 οῦ
3467 1558 3522 1611 τί
3568 1556 3823 1626 γίνεται;

2253 1652 2568 1722 καταρτίζει
2595 1652 2656 1707 τὸ
2701 1653 2990 1724 θυγάτριον
3030 1655 3125 1708 καὶ⁵
3170 1655 3200 1707 ό
3236 1655 3435 1725 τρόπος
3467 1653 3823 1723 θαυμαστός·

2254 1744 2378 1798 οὗτε
2409 1747 2488 1810 είς
2521 1747 2644 1816 δψιν
2679 1747 2923 1819 ἀρῤένων
2952 1747 3228 1819 φέρουσα,
3270 1746 3393 1800 οῦτε
3424 1746 3491 1802 τά
3521 1747 3828 1816 γυναικικὰ

2254 1836 2528 1907 ἐμπλόκια
2559 1837 2654 1891 καὶ
2686 1838 2965 1908 περιδέξια
3010 1837 3106 1892 καὶ
3162 1838 3548 1908 περιπόρφυρα
3598 1837 3825 1892 ὑποδει-

2256 1925 2492 1980 κνύουσα
2514 1943 2527 1958 ο
2563 1927 2700 1996 πρὸς
2732 1927 2788 1980 δὲ
2816 1926 3124 1980 θεοσέϐειαν
3155 1928 3452 1994 ἀνάγουσα,
3485 1925 3578 1978 καὶ
3603 1929 3672 1978 τὰ
3699 1926 3829 1997 ιερά

2255 2020 2558 2092 γράμματα
2588 2019 3006 2084 ἐκπαιδεύουσα,
3055 2021 3149 2074 καὶ
3181 2022 3306 2084 τοὺς
3335 2021 3584 2090 πτωχοὺς
3630 2020 3828 2073 ὑποδέο

2255 2112 2447 2182 χεσθαι
2491 2112 2887 2166 ἐκδιδάσκουσα
2911 2152 2926 2175 ,
2958 2113 3056 2166 καὶ
3083 2111 3193 2164 τῶν
3230 2111 3418 2165 λωσῶν
3448 2111 3518 2164 τά
3560 2111 3695 2180 ἕλκη
3729 2113 3828 2164 ἐκ·

2259 2204 2559 2273 μάσσεσθαι
2602 2204 2934 2274 αὑτοχείρως
2978 2205 3473 2272 ὑπαναγκάζουσα·
3516 2205 3607 2258 καὶ
3635 2205 3825 2266 τέλος,

2257 2296 2336 2357 είς
2380 2294 2513 2348 Θεὸν
2543 2295 2636 2349 καὶ
2663 2296 2730 2348 τά
2773 2294 3069 2366 ἐπουράνια
3109 2296 3282 2367 κάλλη
3315 2297 3422 2350 ἀπὸ
3466 2295 3572 2348 τῶν
3611 2293 3826 2348 ἐνθένδε

2258 2387 2616 2457 χαμαιζήλων
2643 2386 2736 2440 τὸν
2780 2386 2903 2440 νοῦν
2948 2386 3042 2439 τοῦ
3091 2387 3279 2457 κορίου
3318 2389 3662 2458 μετάγουσα,
3704 2385 3828 2455 Θεῷ

2257 2477 2598 2548 ἀνατίθησιν.
2637 2476 2802 2530 Ἀλλά
2836 2477 3006 2532 πολλά
3051 2495 3117 2549 με
3146 2478 3325 2547 λέγειν
3357 2480 3390 2548 ή
3428 2477 3685 2538 ὑπόθεσις
3721 2476 3828 2546 τῆς

2259 2571 2549 2640 καλλίστης
2601 2571 2772 2635 αὐτῆς
2825 2572 3211 2644 παιδοτροφίας
3262 2571 3631 2640 ὑπομνήματα
3683 2585 3829 2640 παρα

2259 2661 2514 2732 εχομένη.
2562 2663 2648 2716 διὰ
2691 2663 2782 2716 τὸν
2838 2663 2996 2734 κόρον
3043 2662 3275 2716 ἐνταῦθα
3316 2663 3526 2731 στήτω·
3574 2661 3602 2714 δ
3652 2661 3708 2712 δέ
3755 2678 3828 2730 με

2261 2754 2582 2807 καταλιπεῖν
2604 2754 2664 2808 οὐ
2687 2755 2870 2819 καλὸν,
2898 2755 3054 2808 τοῦτο
3089 2753 3416 2824 προσθείηνο
3448 2753 3531 2806 ὅτι
3563 2753 3828 2804 ἑκάστοτε

2266 2847 2404 2914 μετὰ
2432 2847 2491 2900 τὸ
2524 2847 2853 2918 καθευδῆσαι
2885 2849 3012 2909 τοὺς
3045 2847 3269 2909 παῖδας,
3297 2847 3359 2899 οὐ
3391 2846 3608 2906 πάντως
3631 2839 3700 2913 ἦν
3729 2845 3826 2897 αῦ-

2261 2939 2360 3008 τὴν
2390 2939 2776 3009 κοιτασθῆναι,
2811 2939 2938 3007 πρὶν
2970 2937 3036 2991 ἂν
3068 2936 3339 2990 ἀπιοῦσαν
3369 2934 3722 3005 σημειοῦσθαι
3760 2935 3832 2988 τὰ

2267 3030 2416 3099 σφῶν
2453 3031 2590 3099 μέλη
2629 3032 2695 3100 τῇ
2745 3028 2840 3082 τοῦ
2892 3029 3124 3100 σταυροῦ
3179 3027 3469 3099 σφραγῖδι’
3505 3021 3625 3079 εἷτα
3666 3025 3833 3079 πάλιν

2269 3123 2404 3191 μετά
2433 3123 2529 3192 τὴν
2561 3123 2778 3190 ἔγερσιν
2804 3121 2878 3185 ὼς
2903 3122 2995 3174 ἐπὶ
3027 3122 3087 3175 τὸ
3117 3122 3250 3174 πολὺ
3277 3121 3577 3175 νύσσουσαν
3611 3120 3706 3174 xui
3731 3120 3835 3188 ἀφ-

2268 3216 2542 3269 υπνοῦσαν
2569 3216 2717 3284 ἡμᾶς
2742 3217 2836 3268 καὶ
2859 3216 2993 3286 πρὸς
3024 3215 3330 3287 προσευχὴν
3352 3214 3835 3287 προτρεπομένην,

2270 3305 2356 3354 ἵνα
2404 3303 2478 3373 μὴ
2529 3303 2690 3372 μόνον
2734 3303 2947 3374 ἐκείνη,
2977 3304 3114 3358 ἀλλά
3143 3306 3237 3358 καὶ
3266 3304 3334 3358 τά
3361 3305 3527 3358 τέκνα
3573 3304 3693 3376 Θεῷ
3733 3303 3835 3357 λα-

2267 3410 2359 3462 τρε
2371 3393 2481 3446 ύειν
2512 3393 2891 3449 παιδεύωνται.

2340 3484 2403 3538 ε’.
2452 3486 2516 3536 ’Ἃ
2551 3485 2609 3537 δὲ
2636 3486 2765 3557 περὶ
2797 3486 3000 3540 δούλων
3030 3487 3122 3538 καὶ
3146 3486 3422 3550 δουλίδων,
3455 3487 3625 3549 πολὺς
3671 3488 3701 3540 ό
3744 3486 3836 3540 λό-

2269 3590 2386 3642 γος,
2439 3573 2749 3646 βουλομένῳ
2798 3592 2888 3648 μοι
2932 3574 3180 3645 φράζειν,
3213 3576 3312 3628 ὅσα
3341 3576 3522 3642 ἐκείνη
3557 3576 3833 3646 ὼμήρετο.

2269 3667 2585 3738 διέτρεφεν,
2635 3669 2911 3733 ἐπότιζεν,
2962 3669 3331 3734 ὲνεδίδυσκεν,
3365 3669 3439 3730 ὡς
3477 3667 3653 3732 οὐδεὶς
3698 3668 3837 3723 πολὺ

2269 3757 2376 3809 τῶν
2405 3755 2602 3822 ἀλλων,
2633 3759 2728 3810 καὶ
2750 3760 2797 3810 εἰ
2824 3759 2944 3812 λίαν
2971 3759 3369 3839 φιλανθρώπων
3388 3777 3402 3792 ο
3429 3760 3526 3830 οὐχ
3545 3761 3621 3822 ὼς
3649 3760 3838 3830 ἔτυχεν

2269 3850 2416 3919 ἄρτῳ
2451 3852 2544 3902 καὶ
2577 3851 2704 3919 οϊνῳ
2742 3851 2833 3904 καὶ
2863 3850 3042 3921 λάρδῳ
3089 3850 3428 3921 δεξιουμένη,
3461 3853 3523 3904 τὸ
3549 3855 3837 3924 ἐφημερή-

2271 3957 2382 3993 σιον
2410 3943 2738 4012 σιτηρέσιον,
2771 3942 2908 3995 ἀλλά
2934 3942 3217 4013 πολλαχῶς
3250 3943 3343 3995 καὶ
3372 3944 3429 3995 ἐν
3455 3943 3838 4012 ἐορταστικαῖς

2266 4033 2524 4105 ἡμέραις,
2560 4034 2656 4086 καὶ
2691 4034 2987 4104 προσφάτῳ
3015 4034 3167 4105 κρέει
3192 4032 3577 4104 διατρέφουσα,
3608 4034 3756 4104 δψοις
3777 4051 3837 4088 τε

2270 4128 2366 4179 καὶ
2394 4126 2601 4197 ὀρνέοις
2651 4126 2746 4179 καὶ
2775 4126 3194 4196 καρυκευτικοῖς
3240 4125 3612 4194 προπόμασιν,
3645 4127 3703 4177 οὐ
3739 4125 3836 4194 φέ-

2277 4235 2444 4288 ρουσα
2467 4220 2564 4288 τὴν
2596 4218 2703 4271 τῶν
2751 4215 3016 4271 τοιούτων
3066 4216 3364 4287 μετάληψιν
3394 4217 3477 4285 ἐφ’
3509 4200 3708 4285 ἐαυτῆς
3742 4217 3837 4286 μό-

2276 4327 2370 4380 νης
2405 4310 2720 4379 ἱσταμένην.
2747 4303 2873 4378 'Ap’
2902 4309 3002 4362 οὐκ
3049 4307 3311 4360 ἐπαινετά
3352 4307 3524 4361 ταῦτα
3561 4308 3655 4360 καὶ
3700 4307 3836 4371 ξενί-

2277 4403 2461 4466 ζοντα,
2489 4401 2584 4452 καὶ
2627 4400 2725 4467 τῆς
2753 4399 2910 4466 ἁγίας
2953 4397 3130 4465 ψυχῆς
3163 4395 3377 4462 ἐκείνης
3405 4395 3835 4464 προτερήματα;

608 4487 913 4540 scntiemini
985 4496 1254 4555 quotquot
1311 4487 1534 4540 auditis.
1598 4484 1701 4538 Sed
1762 4485 1894 4536 illud
1954 4497 2159 4552 quoqut

2279 4497 2591 4565 συμφήσετε
2624 4489 2720 4545 οἶδ’
2745 4495 2827 4545 ὅτι
2858 4494 2906 4544 oi
2939 4490 3332 4560 ὲνωτιξόμενοι.
3375 4489 3516 4540 Ἀλλ’
3543 4490 3732 4558 ἔμοιγε
3780 4486 3837 4545 εὖ

609 4585 753 4630 recte
783 4592 868 4630 me
901 4576 1175 4631 dicturum
1208 4587 1360 4646 puto,
1408 4577 1552 4645 quod
1592 4577 1756 4630 etiam
1791 4573 2167 4635 minitabatur,

609 4670 935 4738 corrigebat,
989 4677 1044 4723 et
1102 4670 1375 4738 prteeipue
1427 4667 1744 4722 domesticis
1803 4664 1970 4735 (quod
2025 4663 2171 4716 haud

611 4761 726 4815 scio
759 4769 941 4814 utrum
972 4761 1100 4814 vitio
1127 4773 1193 4812 an
1231 4759 1378 4813 laudi
1409 4759 1638 4822 vertam)
1675 4757 1863 4826 alapas
1895 4753 2164 4822 impinge-

611 4853 722 4916 bat,
772 4851 1094 4920 obiurgabat
1122 4864 1216 4904 eos
1248 4861 1295 4904 et
1334 4849 1656 4903 verberabat
1691 4867 1703 4901 :
1755 4848 1883 4917 quia
1917 4845 2032 4899 haec
2078 4844 2175 4897 ho-

613 4941 839 4996 nestatis
863 4941 1120 4995 docenda:
1151 4957 1333 5004 causa,
1375 4956 1403 4994 a
1436 4939 1595 4994 furtis
1649 4936 2007 5001 absterrendi,
2041 4936 2175 4989 alia-

614 5047 846 5103 rumque
879 5032 1141 5087 virtutum
1185 5033 1365 5087 studio
1407 5032 1640 5097 liebant;
1692 5029 1918 5099 ejusque
1952 5030 2178 5082 rectitu-

612 5130 759 5185 dinis
783 5146 974 5185 amans
1013 5132 1230 5185 animus
1273 5130 1556 5184 iracundia
1604 5129 2016 5200 percellebatur,
2051 5144 2174 5183 cum

613 5232 667 5277 et
693 5223 894 5293 alioqui
954 5224 1086 5278 satis
1147 5223 1398 5277 irritabili
1465 5231 1660 5276 natura
1717 5233 1885 5285 esset,
1935 5223 2050 5275 zelo
2085 5220 2176 5275 Dei

616 5329 759 5383 saepe
787 5323 1131 5382 compuncta.
1169 5311 1366 5367 Verum
1399 5312 1587 5367 eadem
1623 5323 1741 5382 post
1775 5311 2178 5366 verberationcs

617 5409 930 5463 cubiculum
985 5422 1145 5462 suum
1201 5405 1466 5476 ingressa,
1516 5406 1617 5460 sibi
1651 5421 1814 5475 genas
1844 5405 2090 5473 pulsans,
2127 5414 2180 5456 et

619 5500 825 5556 utinam
864 5497 1090 5552 doleas!
1141 5497 1242 5551 sibi
1276 5497 1483 5562 dicens,
1511 5506 1673 5566 atque
1706 5496 1771 5550 ad
1807 5495 2179 5564 paenitentiam

623 5591 838 5656 inﬂexa,
864 5596 1059 5645 vocata
1089 5589 1154 5643 ad
1186 5603 1243 5642 se
1270 5603 1391 5657 qua:
1415 5589 1761 5657 vapulaverat
1787 5587 2009 5648 famula,
2045 5585 2181 5641 ﬂexo

621 5697 761 5751 genu
797 5681 1012 5737 veniam
1055 5680 1292 5750 petebat.
1344 5681 1388 5733 Ο
1415 5689 1658 5735 sanctam
1707 5679 2177 5749 resipiscentiam!

623 5775 775 5830 Certe
806 5775 853 5831 si
887 5775 1025 5832 forte
1070 5775 1270 5845 aliquis
1320 5773 1500 5845 priora
1552 5772 1962 5842 vituperaverit,
1992 5773 2036 5828 is
2068 5773 2183 5828 haec

2280 4587 2344 4640 ἂν
2384 4588 2496 4655 ἔχοι
2539 4585 2676 4654 πρὸς
2721 4583 2928 4645 τούτοις
2965 4583 3171 4648 εἰπεῖν,
3209 4583 3289 4634 ὅτι
3332 4581 3424 4634 καὶ
3459 4581 3708 4650 ἠπείλει,
3749 4582 3838 4635 καὶ

2278 4677 2626 4746 ὴσφαλίζετο,
2649 4674 2743 4727 καὶ
2775 4674 3005 4744 μάλιστα
3035 4675 3142 4736 τοῖς
3165 4671 3394 4740 ἐγγύθεν
3425 4672 3544 4741 (οὸκ
3578 4666 3676 4726 οἶδ’
3705 4674 3733 4726 ὃ
3767 4690 3836 4734 τι.

2282 4770 2340 4820 ἐν
2370 4768 2522 4837 μέρει
2555 4766 2724 4835 ψόγου
2758 4766 2790 4834 ἢ
2828 4764 3050 4817 ἐπαίνου
3085 4761 3347 4833 θήσομαι)
3369 4763 3428 4814 τὸ
3455 4762 3550 4814 καὶ
3578 4763 3838 4833 ἐρῤἀπιζε

2282 4861 2378 4912 καὶ
2426 4859 2707 4928 ἐφύϐριζε,
2752 4858 2846 4912 καὶ
2889 4857 3229 4927 προσέτυπτε
3260 4854 3348 4908 διὰ
3374 4854 3434 4906 τὸ
3465 4853 3606 4922 ὑπὲρ
3633 4870 3839 4924 σωφρο·

2284 4951 2447 5020 σύνης
2474 4950 2568 5004 καὶ
2618 4950 2885 5011 ἀκλοπίας
2933 4949 3028 5002 καὶ⁸
3058 4947 3223 5015 ἀλλης
3252 4945 3457 5016 ἀρετῆς
3485 4946 3662 5000 ταῦτα
3703 4948 3842 5015 γίνε-

2285 5039 2438 5102 σθαι,
2483 5041 2573 5092 καὶ
2616 5039 2694 5109 τῷ
2749 5038 2904 5108 θυμῴ
2957 5037 3258 5104 ἐπλήσσετο
3301 5037 3335 5106 ή
3387 5036 3839 5107 σπουδαιόψυχος.

2285 5131 2470 5203 ἐπειδὴ
2499 5133 2590 5186 καὶ
2619 5149 2832 5200 φυσεως
2853 5127 2920 5200 ἦν
2950 5130 3229 5199 ὀξυτέρας,
3259 5127 3408 5198 ζήλῳ
3428 5129 3563 5181 Θεοῦ
3588 5129 3658 5182 τά
3685 5131 3843 5182 πολλὰ

2284 5225 2742 5295 τιτρωσκομένης.
2766 5224 3009 5293 Ἐκείνης
3041 5221 3096 5275 δέ
3141 5222 3286 5275 ἐστιν
3317 5222 3378 5274 τὸ
3424 5221 3561 5290 μετὰ
3605 5223 3668 5274 τὸ
3699 5239 3840 5274 τετυ-

2287 5317 2446 5385 φέναι
2478 5317 2866 5385 εἰσερχομένης
2900 5316 2978 5377 εἰς
3006 5314 3096 5366 τὸν
3129 5312 3498 5377 κοιτωνίσκον,
3531 5312 3625 5365 καὶ
3655 5312 3844 5384 ἑαυτῆς

2287 5409 2722 5477 ἀντιτυπτούσης
2753 5409 2850 5470 τάς
2878 5408 3136 5478 παρειὰς,
3163 5405 3228 5459 El
3259 5405 3501 5472 πονοίης,
3538 5406 3709 5476 ἐαυτῇ
3733 5407 3844 5459 ἐπι-

2289 5495 2574 5566 λεγούσης.
2606 5497 2714 5548 κάκ
2740 5496 2930 5548 τούτου
2967 5494 3411 5564 ἀνακοπτομένης
3440 5494 3577 5562 πρὸς
3615 5497 3846 5564 μετάμε-

2288 5588 2400 5655 λον,
2452 5589 2546 5641 καὶ
2590 5589 2688 5657 τὴν
2733 5589 3028 5656 τυφθεῖσαν
3057 5587 3539 5658 προσκαλουμένης
3570 5588 3666 5640 καὶ
3696 5604 3846 5656 γονυ-

2291 5679 2583 5749 πετούσης,
2619 5681 2711 5733 καὶ
2744 5679 3128 5749 ἐξαιτουμένης
3164 5678 3532 5749 συγχώρησιν.
3560 5676 3671 5730 Καὶ
3692 5677 3738 5729 ὣ
3761 5678 3848 5742 τῆς

2293 5771 2518 5841 εὖαγοῦς
2552 5772 3012 5837 ἐπανακλήσεωςῑ
3046 5771 3146 5827 κᾶν
3189 5771 3296 5842 γάρ
3335 5770 3396 5824 τὸ
3437 5770 3706 5842 πρότερον
3742 5770 3848 5838 δοίη
