4018 6304
164 341 281 403 889

746 337 1030 402 ORATIO
1058 335 1233 399 XIII.
1262 362 1333 376 -
1373 338 1754 401 LAUDATIO
1790 340 2181 404 FUNEBRIS
2241 345 2324 406 IN
2358 347 2679 409 MATREM
2708 350 2938 414 SUAM.

3345 355 3447 418 890

168 469 260 516 τις
289 451 793 525 κατηγορούμενον,
813 451 1030 521 ἀλλάτε
1056 452 1118 506 τδ
1143 451 1396 523 δεύτερον
1426 452 1747 524 παραδόξως

1863 457 2170 512 mirabiliter
2199 459 2341 515 facta
2363 461 2640 531 posterius
2687 464 3118 520 commendabit.
3152 465 3244 523 Sic
3274 472 3445 525 metui

170 547 489 619 γινόμενον,
527 549 556 600 ὁ
585 545 749 609 αύτδς
772 545 1113 600 ἐπαινέσειεν
1135 560 1150 576 ·
1180 544 1305 598 ὅθεν
1336 545 1432 598 καὶ
1468 544 1756 616 κεράσασα

166 638 250 710 τῷ
299 638 454 710 φόὸῳ
503 639 599 694 τὸν
647 637 827 704 ἐλεον,
879 638 976 693 καὶ
1023 635 1349 709 στέργεσθαι
1391 638 1525 709 παρ’
1572 638 1757 693 αὐτῶν

167 731 541 802 ἐγνωρίζετο,
571 731 667 786 καὶ
717 733 975 803 φρουρεῖν
1003 730 1176 794 αὐτὰς
1207 729 1345 802 πρὸς
1378 730 1758 802 σωφρονισμὸν

167 823 533 878 ὑπεδείκνυτο
549 839 562 853 ο
578 823 672 877 καὶ
711 821 1054 892 ἐκατέρωθεν
1078 823 1140 876 τὸ
1160 822 1452 894 κράτιστον
1471 823 1756 893 ἐκέκτητο.

179 917 502 986 Ἀγάπησιν
525 916 583 969 δέ
610 915 764 986 παρὰ
790 914 903 968 τῶν
918 913 1364 983 γειτνιαζουσῶν,
1382 913 1756 986 ἐλεημοσύνην

165 1010 224 1063 δὲ
253 1010 400 1081 πρὸς
427 1008 554 1072 τοὺς
583 1007 806 1073 ἐνδεεῖς,
836 1007 924 1072 τίς
953 1005 1292 1078 ὑπερέϐαλεν
1320 1005 1570 1077 ἐκείνην;
1605 1005 1758 1076 έχου-

170 1119 274 1156 σαν
326 1101 394 1155 τὺ
444 1101 544 1172 μὲν
585 1101 652 1154 ἐκ
708 1097 805 1154 τοῦ
846 1097 1304 1171 συμμτριάζειν,
1360 1098 1598 1169 μάλιστα
1633 1101 1757 1162 ταῖς

168 1191 632 1264 ύποδεεστέραις·
664 1191 725 1245 τὸ
744 1190 803 1247 δέ
833 1193 898 1245 ἐκ
922 1190 1017 1246 τοῦ
1056 1191 1198 1260 ἄγαν
1234 1190 1617 1262 συμπαθούσα,
1650 1190 1756 1245 κᾶν

169 1287 298 1340 ὅσον
325 1285 392 1340 τὸ
424 1284 644 1355 δαψιλὲς
683 1285 784 1355 τῆς
828 1283 1173 1355 προθέσεως,
1199 1282 1300 1337 ούκ
1331 1283 1420 1338 εῐα
1457 1281 1758 1355 προφαίνεο

169 1377 299 1432 σθαι
318 1378 356 1448 ἡ
393 1377 682 1448 μετριότης
709 1375 809 1446 τῆς
836 1374 1146 1446 ὑπάρξεως.
1191 1374 1338 1447 Πλὴν
1365 1373 1638 1448 μάρτυρες
1657 1374 1758 1445 τῆς

169 1465 442 1538 ἀληθείας
469 1465 518 1518 οί
543 1465 730 1518 πολλοὶ
751 1463 849 1518 καὶ
871 1463 1130 1545 πολλάκις
1148 1463 1246 1519 καὶ
1275 1463 1757 1534 ἀποτεταγμένως,

169 1557 409 1629 ὀρφανοί
440 1573 501 1610 τε
529 1557 622 1610 καὶ
652 1555 844 1627 χῆραι,
862 1555 1004 1623 ξένοι
1035 1571 1096 1609 τε
1120 1556 1214 1609 καὶ
1243 1554 1589 1626 αὐτόχθονες,
1607 1572 1758 1609 νοσε-

173 1653 256 1724 ροί
287 1669 350 1707 τε
377 1652 470 1706 καὶ
497 1651 776 1724 γέροντες,
799 1650 894 1704 καὶ
919 1650 969 1703 oi
999 1649 1098 1718 τῆς
1122 1649 1273 1721 ίερᾶς
1293 1650 1452 1703 νόσου
1474 1649 1753 1722 λαχόντες,

173 1743 330 1815 παρά
372 1743 475 1815 τῆς
505 1741 894 1813 πτωχοτρόφου
940 1740 1124 1805 δεξιᾶς
1155 1740 1604 1812 θεραπευόμενοι.
1645 1745 1756 1798 Καὶ⁵

1859 548 2300 606 misericordiam
2361 551 2696 619 admiscens,
2754 564 2808 612 et
2876 556 2946 611 ab
2990 557 3208 613 ancillis
3259 559 3442 629 palam

1857 641 2166 709 amabatnr,
2236 651 2292 698 et
2350 643 2568 699 illarum
2632 661 2692 702 se
2749 649 3030 704 custodire
3094 650 3442 706 honestatem

1859 734 2240 792 monstrabat:
2289 742 2344 789 et
2370 749 2485 789 rem
2523 743 2814 808 utramque
2845 740 3107 809 optimam
3139 743 3442 801 obtinebat.

1857 823 1976 879 Jam
2008 841 2196 881 amore
2239 841 2366 897 erga
2419 830 2869 898 circumstantes,
2899 841 2952 886 et
2996 834 3346 906 eleemosyna
3373 836 3441 890 ad

1857 933 2080 990 egenos,
2129 920 2256 991 quis
2307 937 2428 976 eam
2474 922 2795 994 superavit?
2845 923 2910 979 Et
2943 940 3100 980 amor
3122 927 3341 997 quidem
3373 943 3440 982 ex

1857 1007 1982 1076 ejus
2035 1009 2414 1066 moderatione
2467 1013 2784 1081 apparebat,
2829 1017 3138 1083 praesertim
3194 1030 3326 1085 erga
3359 1015 3444 1070 in-

1860 1099 2127 1157 firmiores
2159 1120 2174 1157 :
2206 1101 2582 1158 misericordia
2614 1114 2798 1158 autem
2831 1120 2898 1160 ex
2929 1107 3048 1174 ejus
3079 1106 3252 1161 nimia
3292 1123 3445 1163 com-

1855 1189 2166 1260 passione:
2227 1207 2547 1262 quanquam
2601 1194 2901 1251 voluntatis
2963 1196 3128 1266 hujus
3178 1198 3434 1264 cupiam,

1856 1279 2178 1336 facultatum
2231 1291 2545 1338 nostrarum
2599 1284 2953 1342 mediocritas
3004 1287 3265 1358 effulgere
3324 1307 3435 1346 non

1857 1373 2092 1430 sinebat.
2150 1373 2256 1428 Sed
2300 1382 2481 1429 tamen
2529 1383 2700 1430 testes
2753 1377 3000 1434 veritatis
3031 1389 3162 1434 sunt
3193 1380 3348 1435 multi
3382 1390 3440 1436 et

1857 1478 2237 1534 saepenumero
2256 1474 2311 1520 et
2335 1467 2558 1521 statutis
2579 1467 2812 1532 vicibus,
2869 1470 3100 1539 orphani
3147 1487 3211 1527 ac
3242 1473 3436 1538 viduae,

1858 1555 2130 1626 peregrini
2179 1565 2234 1611 et
2275 1556 2571 1625 indigenae,
2613 1559 2802 1628 :egroti
2855 1576 2920 1616 ac
2963 1577 3144 1631 senes,
3192 1572 3247 1618 et
3283 1580 3440 1620 sacro

1858 1649 2050 1704 morbo
2081 1649 2338 1719 correpti,
2370 1651 2465 1719 qui
2499 1650 2619 1721 ejus
2670 1653 2886 1708 nutrice
2934 1668 3238 1724 pauperum
3270 1673 3434 1712 manu

1857 1739 2029 1810 adjuti
2082 1740 2324 1796 fuerunt.
2381 1743 2557 1813 Atque
2597 1744 2702 1800 hoc
2735 1746 2902 1801 etiam
2935 1747 3210 1804 excellens
3263 1750 3316 1803 in
3364 1765 3430 1804 ea

170 1839 306 1907 γοῦν
337 1838 436 1892 καὶ
468 1822 832 1906 τοῦτοάὐτῆς
881 1837 942 1890 τὸ
994 1835 1292 1904 ἐξαίρετον,
1339 1835 1402 1890 τὸ
1441 1836 1754 1890 σύνδειπνον

1863 1832 1986 1900 fuit,
2033 1833 2177 1903 quod
2232 1809 2518 1890 convivam
2568 1837 2621 1891 in
2677 1853 2867 1892 mensa
2918 1837 3119 1894 habere
3153 1840 3438 1896 Christum

175 1931 270 1984 καὶ
300 1923 683 2000 ὁμοτράπεζον
719 1926 809 1979 τὸν
840 1926 1077 1998 Χριστὸν
1118 1925 1284 1997 ἐχειν,
1321 1927 1485 1997 ἡνίκα
1521 1927 1760 1998 μάλιστα

175 2023 362 2094 παρῆν
391 2019 585 2091 καιρὸς
629 2018 722 2074 τοῦ
771 2019 1073 2090 ἑορτάζειν.
1119 2018 1306 2073 Ταῦτα
1343 2019 1404 2072 οὑ
1451 2021 1627 2091 μικρὰ
1668 2037 1758 2090 μοι

175 2115 576 2185 καταφαίνεται
603 2116 717 2178 τοίς
771 2112 1135 2184 προληφθεῐσι
1165 2113 1242 2183 τῷ
1270 2113 1434 2184 γάμῳ
1477 2113 1614 2183 πρὸς
1651 2130 1757 2166 σω-

173 2208 375 2280 τηρίας
406 2206 706 2277 ἐφόδιον,εί
735 2205 831 2259 καὶ
860 2204 941 2258 ἐτι
961 2204 1142 2257 λέγειν
1180 2204 1279 2258 ούκ
1308 2203 1506 2275 ἔχομεν
1538 2203 1760 2276 μείζονα

179 2319 245 2354 πε
253 2303 309 2373 ρὶ
340 2301 444 2372 τῆς
480 2299 621 2369 εύφη
631 2316 728 2368 μου
738 2299 930 2368 μένης.

247 2394 328 2459 ς’.
373 2391 682 2462 Τοιγαροῦν
710 2390 900 2460 ἐπειδὴ
931 2389 1164 2460 ἤνεγκεν
1209 2389 1237 2440 ὁ
1280 2386 1474 2458 καιρὸς
1519 2387 1619 2457 τὴν
1665 2385 1757 2440 τοῦ

183 2486 478 2554 μοναδικοῦ
507 2486 789 2555 σχήματος
833 2481 1153 2551 ἀνάκλησιν,
1181 2479 1266 2543 τίς
1296 2480 1404 2551 πρὸ
1437 2481 1656 2549 ἐκείνης
1677 2521 1692 2542 ,
1723 2480 1756 2550 ἢ

182 2577 478 2644 ὑπεδέξατο
511 2575 637 2637 τοὺς
667 2571 906 2643 Χριστοῦ
937 2571 1320 2641 θεραπευτὰς.
1361 2571 1394 2643 ἢ
1443 2569 1758 2642 ἐξενοδόχη-

185 2688 295 2734 σεν,
342 2669 376 2740 ἢ
419 2667 829 2739 ἐθεράπευσεν,
891 2663 1128 2735 μάλιστα
1162 2661 1257 2715 καὶ
1305 2663 1368 2714 ἐκ
1417 2663 1511 2715 τοῦ
1557 2662 1758 2716 οἰκείου

183 2758 414 2827 ἁδελφοῦ
447 2755 813 2826 συνελκομένη
838 2771 853 2820 ;
881 2753 1048 2808 Ὅθεν
1071 2753 1156 2808 ἴνα
1183 2753 1250 2807 τὰ
1283 2752 1453 2806 πολλά
1482 2755 1756 2824 συντέμω,

184 2853 259 2914 εἰς
289 2851 457 2904 πόθον
496 2847 728 2901 ἐλθοῦσα
755 2847 855 2917 τῆς
881 2846 1192 2917 ἀσκητικῆς
1237 2845 1406 2916 ζωῆς,
1451 2845 1630 2900 πείθει
1668 2846 1759 2899 τόν

184 2940 374 3013 ἀνδρα,
423 2937 716 3010 συμπείθει
763 2938 891 3000 τοὺς
921 2936 1116 2999 παῖδας
1157 2935 1382 2998 πολλαῖς
1414 2935 1760 3005 ἐπιμελείαις

185 3031 276 3083 καὶ
302 3028 612 3091 νουθεσίαις
650 3027 747 3081 καλ⁸
777 3026 1159 3096 ὑποσχέσεσιν,
1193 3024 1390 3079 ἔπειτα
1420 3025 1547 3089 τοὺς
1575 3026 1630 3092 ἐξ
1669 3027 1759 3078 ἀν-

1862 1925 2172 1994 (pauperem
2209 1925 2472 1996 aliquem)
2513 1928 2816 1998 praesertim
2871 1936 3118 1998 tempore
3175 1931 3439 1987 solemni-

1863 2016 2011 2081 tatis,
2039 2017 2198 2072 solita
2238 2016 2363 2072 fuit.
2405 2018 2530 2074 Haec
2559 2019 2706 2073 haud
2738 2020 2877 2073 levia
2914 2020 3048 2074 mihi
3087 2021 3346 2076 videntur
3379 2023 3434 2077 in

1860 2107 1928 2162 iis
1964 2107 2053 2176 qui
2091 2109 2388 2178 nuptialem
2423 2118 2626 2166 statum
2662 2111 2728 2165 ad
2759 2110 2955 2166 salutis
3002 2111 3261 2166 viaticum
3297 2128 3439 2182 pra:-

1860 2206 2253 2267 sumpserunt;
2305 2199 2518 2254 etiamsi
2562 2198 2705 2254 forte
2745 2200 2954 2271 majora
2988 2201 3097 2256 alia
3125 2201 3195 2256 de
3219 2202 3322 2258 hac
3348 2205 3441 2258 be-

1860 2290 2072 2345 nedicta
2101 2290 2300 2344 femina
2331 2291 2514 2346 dicere
2552 2308 2657 2346 non
2703 2292 3056 2348 haberemus.

1931 2382 1984 2437 6.
2015 2383 2378 2449 Quamobrem
2431 2393 2721 2453 postquam
2772 2385 2928 2455 lapsu
2959 2396 3266 2456 temporum
3319 2401 3441 2442 mo-

1859 2474 2104 2530 nachalis
2155 2476 2375 2532 habitus
2427 2477 2714 2531 restitutus
2771 2475 2896 2541 fuit,
2961 2479 3086 2547 quis
3132 2486 3257 2532 ante
3284 2478 3437 2534 illam

1859 2565 2064 2621 Christi
2123 2565 2358 2623 famulos
2420 2567 2964 2638 suscepit,liospitio
3016 2568 3152 2624 fovit
3182 2569 3441 2642 curisque

1859 2657 2073 2722 refecit,
2125 2675 2154 2714 a
2201 2659 2372 2715 fratre
2423 2661 2727 2729 prasertim
2784 2662 2850 2715 ad
2897 2662 2948 2715 id
2986 2662 3248 2718 inducta?
3282 2662 3441 2720 Unde

1858 2751 2046 2815 etiam,
2073 2761 2134 2807 ut
2161 2753 2330 2807 multa
2359 2753 2684 2823 compendio
2725 2754 3094 2824 intercipiam,
3147 2756 3267 2811 viro
3304 2772 3435 2813 sua-

1858 2843 1972 2907 det,
2008 2843 2194 2900 liberis
2229 2847 2433 2915 pariter
2473 2846 2778 2901 consuadct
2826 2847 2977 2902 curis
3011 2848 3219 2913 multis,
3261 2851 3440 2903 moni-

1859 2938 1929 2993 tis
1958 2952 2022 2992 ac
2062 2939 2546 3008 promissionibus,
2603 2955 2732 2993 mox
2787 2940 2953 2995 etiam
2987 2942 3089 2997 viri
3123 2943 3385 2997 fratribus
3419 2963 3435 2999 :

1859 3039 1912 3084 et
1936 3031 2046 3099 jam
2081 3031 2246 3086 rebus
2288 3032 2426 3086 bene
2452 3031 2794 3101 compositis,
2834 3033 2998 3088 domo
3028 3035 3307 3104 egreditur
3338 3050 3440 3105 po-

184 3123 307 3192 δρδς
337 3120 600 3190 ἀδελφούς
623 3137 638 3153 ο
673 3122 767 3172 καὶ
791 3121 861 3173 τά
894 3119 1072 3172 πάντα
1096 3117 1162 3171 εὖ
1190 3116 1505 3188 διαθεμένη.
1539 3118 1758 3189 ἐξέρχε-

1863 3124 2048 3192 pulum
2111 3123 2380 3193 integrum
2439 3122 2551 3177 Deo
2611 3122 2883 3188 offerens,
2944 3134 3182 3193 quatuor
3243 3141 3440 3196 nempe

183 3231 271 3267 ται
311 3213 414 3285 τῆς
458 3214 656 3275 οἰκίας,
687 3211 861 3280 δῆμον
910 3211 1033 3264 ὅλον
1060 3208 1140 3279 τῷ
1167 3207 1289 3279 Θεῷ
1318 3209 1755 3279 παραστήσασα’

186 3305 419 3376 τέτταρα
470 3303 569 3374 μὲν
613 3300 684 3356 τὰ
728 3302 898 3355 τέκνα
931 3301 1036 3372 (3),
1089 3302 1242 3370 τρεῖς
1287 3303 1414 3364 τοὺς
1462 3301 1519 3368 ἐξ
1567 3302 1760 3371 ἀνδρὸς

185 3397 446 3468 ἀδελφοὺς
473 3396 573 3468 (4),
601 3397 695 3449 καὶ
731 3394 851 3466 μεθ’
900 3395 1101 3464 ἑαυτῆς
1133 3395 1235 3466 τὴν
1266 3395 1532 3466 κεφαλήν.
1569 3395 1634 3446 Ὢ
1660 3393 1758 3462 τῆς

187 3491 497 3560 θαυμασίας
527 3487 916 3558 καινοτομίαςι
945 3487 991 3541 ὢ
1015 3487 1115 3557 τῆς
1150 3488 1450 3560 παραδόξου
1482 3488 1758 3557 μεταστά-

190 3584 349 3646 σεωςι
369 3583 543 3638 Τοῦτο
573 3581 777 3648 ἐξένισε
809 3580 909 3652 μέν
939 3579 1079 3635 κατά
1109 3581 1208 3650 τὴν
1233 3581 1447 3651 ἡμέραν
1473 3579 1572 3650 τὴν
1605 3580 1758 3648 βασι-

190 3672 323 3735 λίδα,
351 3672 615 3744 ἐξέπληξε
645 3672 702 3726 δὲ
733 3671 834 3734 τὰς
868 3669 1228 3739 συγγενίδας,
1257 3669 1546 3740 ἐθάμϐησε
1572 3668 1629 3722 δὲ
1658 3669 1759 3732 τὰς

189 3763 531 3834 γνωρίμους,
574 3760 866 3825 κατένυξεν
916 3760 972 3814 δὲ
1017 3760 1079 3813 ού
1123 3763 1281 3825 μόνον
1326 3762 1454 3824 τοὺς
1480 3760 1756 3828 ὁρῶντας,

191 3852 320 3906 ἁ).λά
343 3855 436 3906 καὶ
459 3854 780 3916 ἀκούοντας,
813 3853 895 3906 ὅτι
937 3853 1173 3920 συζυγία
1219 3852 1298 3904 ἐτι
1341 3851 1755 3923 μεσηλικιοῦσα,

192 3947 609 4017 αὑταρκουμὲνη
639 3963 699 4000 τε
729 3947 870 4000 κατά
897 3945 989 3999 τὸν
1021 3945 1156 4016 βίον,
1190 3942 1461 4013 ἀξιώματι
1492 3942 1758 4014 βασιλικῴ

195 4037 283 4090 καὶ
315 4037 656 4110 ταμιευτικῷ
698 4035 982 4107 τιμωμένη
1008 4077 1023 4101 ,
1058 4037 1187 4100 τοὺς
1235 4034 1430 4098 παῖδας
1460 4033 1759 4103 ἡλικιώτας

193 4127 384 4196 ἔχουσα
405 4169 421 4195 ,
467 4128 567 4197 οὐχ
607 4125 795 4196 εἴλχθη
834 4127 930 4196 μὲν
961 4124 1040 4196 τῷ
1069 4125 1271 4178 τούτων
1300 4125 1509 4207 ιρίλτρῳ
1531 4167 1547 4191 ,
1579 4125 1641 4178 οὐ
1679 4124 1758 4194 τῷ

197 4219 504 4272 καταλιπεῖν
527 4217 772 4288 διάδοχον
803 4217 897 4271 τοῦ
926 4219 1138 4286 γένους,
1180 4217 1302 4270 οὐδὲ
1333 4217 1410 4288 τῷ
1437 4218 1631 4286 αἵματι
1659 4217 1757 4287 τῆς

195 4310 527 4380 ἀγχιστείας,
556 4309 616 4364 οὖ
631 4328 681 4364 τε
712 4313 777 4382 τῇ
814 4312 911 4381 τῆς
936 4311 1113 4374 οἰκίας
1145 4311 1621 4381 ἀποστερήσει,ού
1651 4309 1758 4380 μὴν

195 4401 306 4454 οῦδὲ
329 4405 395 4475 τῇ
428 4403 530 4473 τῆς
558 4402 854 4473 θεραπείας
881 4401 1234 4473 ἀλλοτριώσει
1263 4418 1276 4431 ο
1298 4402 1410 4454 ἀλλ’
1435 4401 1624 4473 ἔρριψε
1659 4401 1758 4471 μὲν

1864 3215 2025 3276 lilios,
2063 3224 2173 3269 tres
2197 3215 2296 3268 viri
2325 3215 2408 3269 sui
2443 3213 2661 3278 fratres,
2693 3229 2995 3285 secumque
3027 3216 3206 3284 ipsum
3234 3218 3432 3272 domus

1861 3314 2044 3375 caput.
2088 3305 2134 3360 Ο
2165 3305 2432 3360 mirabilis
2473 3306 2683 3360 novitas
2704 3306 2716 3359 l
2737 3321 2770 3360 ο
2802 3306 3179 3376 inexspectata
3206 3322 3440 3364 conver-

1862 3400 1977 3455 sio!
2021 3399 2076 3453 ld
2109 3414 2242 3454 sane
2289 3401 2635 3471 peregrinum
2696 3408 2826 3454 tunc
2883 3399 3064 3454 visum
3094 3409 3178 3455 est
3211 3402 3437 3472 reginae,

1862 3503 2084 3562 stupore
2113 3491 2292 3548 aﬂecit
2313 3494 2773 3564 consanguineas,
2812 3504 2969 3549 notas
2994 3496 3221 3564 quasvis
3256 3497 3436 3552 admi-

1861 3582 2071 3636 ratione
2101 3583 2403 3652 suspendit,
2437 3583 2753 3651 compnnxit
2794 3581 3029 3649 denique
3071 3599 3176 3638 non
3208 3600 3439 3640 cernen-

1863 3684 1943 3729 tes
1965 3682 2175 3727 tantutn
2204 3674 2297 3727 sed
2330 3682 2383 3727 et
2415 3673 2736 3738 audientes;
2771 3675 2916 3743 quod
2949 3690 3145 3744 nempe
3179 3677 3438 3745 conjugio

1860 3767 2097 3821 medium
2131 3765 2314 3820 adhuc
2343 3780 2566 3820 cursum
2612 3773 2857 3831 tenente,
2902 3766 3017 3835 ipsa
3069 3767 3231 3821 rebus
3264 3768 3331 3822 ad
3355 3769 3435 3822 vi-

1862 3868 1969 3914 tam
2021 3857 2153 3913 satis
2213 3858 2514 3922 instructa,
2569 3859 2831 3929 dignitate
2879 3858 3088 3923 aulica,
3142 3861 3436 3928 quaestoria

1860 3948 2071 4004 scilicet
2096 3947 2332 4015 fulgens,
2368 3948 2513 4003 filios
2565 3948 2773 4003 habens
2818 3957 2977 4003 aetate
3012 3949 3290 4016 florentes,
3327 3968 3435 4006 non

1861 4039 2054 4094 fuisset
2088 4039 2284 4095 horum
2313 4056 2504 4096 amore
2536 4050 2832 4106 commota,
2870 4056 2975 4096 ηυιι
3003 4041 3276 4099 desiderio
3304 4059 3440 4099 snc-

1859 4146 2133 4187 cessarem
2198 4133 2386 4204 stirpis
2435 4133 2802 4203 relinquendi,
2855 4148 2960 4185 non
2999 4137 3443 4205 consanguineo-

1860 4240 1980 4278 rum
2005 4223 2220 4289 aﬂ'ectu,
2255 4240 2433 4295 neque
2457 4228 2650 4281 domus
2681 4227 3056 4291 derelictione,
3102 4242 3282 4296 neque
3320 4243 3441 4282 ser-

1861 4332 2055 4372 vorum
2109 4317 2495 4385 destitutione;
2551 4319 2644 4375 sed
2694 4319 2835 4390 regis
2889 4334 3079 4375 omnes
3113 4320 3442 4389 projecissct

1861 4408 2120 4473 honores,
2158 4409 2282 4464 vita:
2317 4410 2540 4465 delicias
2573 4411 2863 4476 calcasset,
2915 4427 3085 4481 seque
3121 4410 3302 4481 gladio
3327 4411 3443 4478 spi-

195 4493 285 4556 τὰς
315 4496 376 4549 ἐκ
415 4494 682 4567 βασιλέων
710 4492 876 4564 τιμὰς
897 4533 911 4558 ,
943 4495 1294 4566 κατεπάτησε
1330 4493 1387 4547 δὲ
1415 4493 1482 4547 τὰ
1512 4494 1604 4546 τοῦ
1643 4492 1756 4564 βίου

1869 4499 2006 4554 ritus
2065 4514 2096 4554 a
2148 4500 2460 4554 carnalibus
2512 4502 3004 4557 consuetudinibus
3059 4501 3442 4570 praecidisset,

202 4589 420 4657 τερπνὰ,
449 4588 667 4658 διέκοψέ
691 4605 752 4641 τε
780 4590 846 4660 τῇ
883 4589 977 4641 τοῦ
1009 4587 1320 4658 πνεύματος
1359 4588 1604 4658 μαχαίρᾳ
1631 4590 1760 4640 ἐαυ-

207 4678 296 4748 τὴν
331 4681 393 4733 ἐκ
427 4680 542 4735 τῶν
573 4680 850 4748 σαρκικῶν
881 4679 1136 4749 σχέσεων,
1172 4679 1265 4732 καὶ
1294 4679 1363 4731 τά
1392 4679 1619 4743 δόξαντα
1646 4677 1763 4748 Θεῷ

203 4770 441 4844 πέπραχε
475 4771 919 4843 μεγαλοσούλως.
963 4774 1026 4824 Ὢ
1052 4773 1148 4842 τῆς
1181 4771 1549 4842 Ἀδραμιαίας
1584 4769 1764 4840 ψυχῆς

200 4863 268 4924 ὡς
295 4864 511 4936 ἀληθῶς
530 4865 627 4920 καὶ
653 4865 1101 4938 ἀνδρειόφρονοςι
1130 4865 1370 4929 Εἰκότως
1397 4865 1462 4919 ἄν
1495 4881 1578 4927 τις
1597 4863 1764 4934 αὐτὴν

205 4955 330 5017 μετὰ
358 4958 456 5028 τῆς
485 4957 890 5028 Μακκαϐαἷκῆς
921 4957 1152 5028 ἀρίστης
1187 4957 1394 5030 μητρὸς
1430 4955 1765 5021 συντάξειενν

203 5041 428 5100 θύσασαν
456 5051 524 5120 τῇ
553 5049 827 5119 ἀσκητικῇ
860 5049 1089 5118 ἀθλήσει
1120 5050 1217 5113 τὰς
1251 5049 1446 5111 ὠδίνας
1466 5064 1480 5078 ⁸
1505 5049 1598 5101 καὶ
1630 5049 1769 5117 μετά

206 5134 393 5209 Ἀννης
434 5141 539 5210 τῆς
573 5140 996 5211 Σαμουηλίτιδος
1020 5181 1034 5203 ,
1067 5141 1165 5211 οὐχ
1194 5142 1291 5194 ’ἐνα
1317 5143 1408 5193 τὸν
1438 5141 1496 5205 ἐξ
1527 5142 1768 5208 ἐπαγγεο

204 5221 333 5291 λίας,
365 5231 478 5285 ἀλλ’
510 5232 631 5286 ὅλον
679 5231 771 5285 τὸν
812 5232 1024 5304 καρπὸν
1055 5233 1223 5303 αὐτῆς
1266 5232 1651 5302 ἀφιερώσασαν
1689 5233 1770 5303 τῷ

209 5317 401 5393 Κυρίῳ.
453 5325 773 5395 Χαρίσομαι
807 5324 864 5377 δέ
894 5325 1025 5394 ύμῖν
1057 5326 1171 5388 τοῖς
1203 5324 1501 5394 ἀκροαταῖς
1535 5325 1675 5393 τάχα
1714 5342 1768 5379 τι

208 5408 507 5486 ὁσιώτερον,
539 5417 635 5470 καὶ
662 5417 755 5470 τὸν
781 5417 880 5486 τῆς
913 5417 1193 5480 ἐκϐάσεως
1231 5417 1401 5486 αὐτῆς
1442 5416 1642 5485 τρόπον
1689 5416 1766 5468 δι-

207 5505 562 5578 ηγησάμενος.
595 5509 720 5563 Ἐπὶ
739 5509 849 5579 γὰρ
865 5510 929 5579 τῇ
947 5507 1226 5580 ὡρισμένῃ
1243 5511 1344 5579 την
1363 5507 1540 5560 οἰκίαν
1557 5506 1772 5573 ἐξαλλά-

243 5639 347 5716 '_(3)
386 5639 609 5716 Nempe
643 5641 965 5716 Theodorus
989 5681 1004 5707 ,
1029 5641 1318 5716 rJosephus
1363 5651 1554 5716 postea
1611 5642 1762 5716 arch.

213 5702 429 5836 ἕως)ωὲ
466 5702 844 5795 ,Ευιιιγιηίυεη
900 5721 953 5768 et
992 5702 1114 5768 'Iilia
1176 5702 1321 5780 una,
1368 5702 1438 5768 'de
1485 5726 1593 5778 (tua
1653 5711 1764 5783 iam

269 5794 374 5835 ιτηο
430 5794 524 5839 ult.

1867 4589 1962 4643 Dei
1988 4588 2244 4658 placitum
2288 4590 2637 4660 magnanima
2675 4606 2799 4644 cum
2831 4594 3119 4645 voluntate
3152 4596 3442 4644 exsecuta.

1867 4679 1910 4735 Ο
1937 4681 2270 4734 Abramitica
2308 4696 2435 4735 vere
2462 4681 2642 4736 anima
2673 4692 2835 4751 atque
2870 4683 3079 4737 virilis!
3123 4680 3314 4736 Merito
3345 4680 3447 4734 ali-

1865 4772 1989 4841 quis
2023 4787 2146 4827 cum
2195 4771 2628 4828 Machaltarornm
2677 4775 3061 4830 strenuissima
3091 4785 3265 4830 matre
3302 4775 3445 4832 hanc

1868 4866 2363 4932 connumeraverit,
2431 4881 2553 4935 qua:
2615 4867 2856 4920 ascetico
2904 4866 3191 4920 certamini
3247 4878 3442 4935 partus

1871 4969 2003 5008 suos
2034 4955 2269 5009 hostiam
2296 4956 2498 5026 objecit
2527 4976 2540 5012 :
2572 4956 2811 5024 itemque
2837 4973 2962 5010 cum
2986 4958 3144 5010 Anna
3178 4955 3444 5011 Samueli-

1871 5046 2002 5110 tide,
2043 5047 2172 5116 quia
2203 5063 2309 5101 non
2346 5064 2516 5102 unum
2545 5064 2608 5102 ex
2638 5058 2783 5112 voto,
2816 5047 2908 5102 sed
2945 5048 3270 5103 universum
3301 5050 3438 5102 uteri

1869 5138 1953 5191 sui
1986 5135 2222 5192 fructum
2277 5139 2502 5193 Domino
2539 5141 2900 5194 consecravit.
2954 5137 3061 5193 Sed
3096 5140 3444 5208 gratiﬁcabor

1873 5230 2028 5283 vobis
2062 5230 2404 5287 auditoribus
2453 5226 2630 5285 adhuc
2659 5231 2866 5300 aliquid
2893 5231 3129 5286 fortasse
3174 5233 3441 5294 sanctius,

1871 5321 2172 5376 discessum
2228 5322 2346 5390 ejus
2389 5323 2717 5377 enarraudo.
2769 5320 2902 5376 Nam
2949 5323 3171 5376 delinito
3201 5332 3445 5392 tempore

1874 5413 2036 5465 domo
2063 5413 2174 5481 jam
2207 5414 2492 5478 decedens,
2523 5430 2617 5468 ceu
2645 5414 2690 5468 si
2720 5413 2913 5468 festum
2949 5415 3094 5468 diem
3136 5423 3340 5483 ageret,
3371 5417 3438 5470 ad

1878 5518 1936 5558 se
1967 5517 2156 5558 omnes
2190 5507 2514 5562 convocavit
2570 5506 2797 5560 allincs:
2830 5520 3064 5575 quorum
3101 5503 3198 5558 viri
3225 5506 3444 5575 quidem

1949 5641 2024 5709 (4)
2070 5640 2122 5693 In
2156 5640 2265 5693 vita
2300 5639 2571 5697 Theodori
2601 5656 2725 5711 cap.
2758 5641 2809 5703 5,
2842 5641 2898 5694 in
2930 5637 3448 5712 interp.__lat._a<,aa't)t-

1879 5706 2102 5778 μαι-ἰιηι
2137 5711 2304 5765 tribus
2348 5714 2613 5765 sororibus
2653 5706 2864 5777 corrige
2901 5727 3020 5762 rum
3065 5706 3231 5762 tribus
3257 5706 3446 5778 Ῑνάινί-

1879 5783 1992 5846 bus,
2027 5781 2113 5837 ubi
2144 5781 2256 5849 jam
2296 5798 2402 5838 non
2438 5784 2594 5837 fuerit
2626 5783 2990 5836 emendatum.
