4018 6304
578 335 673 400 891

1770 338 1828 396 S.
1863 339 2258 400 THEODORI
2298 343 2644 403 STUDITAZ

3727 347 3848 409 89:7.

577 446 856 511 dolebant,
882 442 1094 505 feminae
1124 444 1292 498 etiam
1323 443 1633 514 plorabant,
1665 446 2022 516 peregrinum
2055 448 2145 500 hoc

2259 448 2415 512 ξασα,
2469 450 2546 513 ὡς
2595 445 2706 504 οἷον
2751 450 2959 518 ἄγουσα
3021 451 3348 522 ἑορτάσιμον
3397 453 3636 523 ἡμέραν,
3689 456 3848 509 οὕτω

577 536 823 590 videntes
870 535 1242 604 spectaculum
1292 535 1580 591 voluntarii
1610 536 1916 604 discessus;
1967 551 2035 591 ac
2069 552 2154 592 re-

575 635 831 698 putantes
897 628 1139 699 mysterii
1195 628 1646 698 magnitudinem,
1694 644 1808 683 rem
1863 628 2155 698 praeconiis

576 719 934 775 extollebant;
962 717 1098 775 Nam
1143 721 1362 790 utrique
1407 721 1800 786 observabant,
1857 721 2153 789 patremfa-

579 810 760 866 milias
781 811 1071 881 domojam
1106 822 1397 868 exeuntem
1419 853 1434 879 ,
1466 823 1694 867 matrem
1726 823 1905 868 autem
1939 829 2154 883 parum-

577 918 675 972 per
729 904 1139 969 subsistentem,
1203 921 1331 960 mox
1387 906 1452 960 ad
1484 906 1811 960 asceterium
1869 915 2154 961 transeun-

581 1003 711 1057 tem,
743 1003 868 1062 post
895 995 1223 1049 divenditam
1270 997 1494 1050 domum
1527 997 1874 1066 pretiumque
1900 998 2149 1066 pauperi-

579 1084 678 1137 bus
726 1085 1097 1140 distributum.
1168 1086 1291 1141 Haec
1353 1097 1483 1142 sunt
1564 1088 1753 1142 matris
1822 1098 2026 1144 nostra:
2096 1090 2149 1142 in

579 1177 854 1230 mundana
883 1179 988 1230 vita
1019 1177 1300 1244 facinora;
1333 1188 1495 1248 atque
1523 1179 1638 1234 haec
1672 1180 1924 1247 exposui,
1957 1189 2016 1234 ut
2042 1198 2148 1235 non

577 1279 675 1319 vos
707 1269 828 1328 soli,
861 1268 954 1321 sed
995 1277 1048 1322 et
1081 1270 1125 1322 si
1151 1270 1242 1338 qui
1280 1271 1333 1322 in
1360 1269 1607 1324 saeculari
1648 1273 1848 1323 mundo
1881 1285 2151 1340 cognove-

581 1356 709 1418 rint,
739 1356 974 1411 habeant
1004 1374 1113 1426 quo
1137 1361 1400 1428 juventur
1430 1360 1814 1428 pulcherrimis
1843 1361 1928 1415 his
1961 1377 2151 1416 narra-

581 1442 841 1511 tionibus,
865 1456 918 1500 et
948 1445 1058 1501 Deo
1088 1448 1300 1502 laudem
1329 1448 1586 1503 tribuant.

657 1719 707 1771 7.
750 1717 856 1772 Sed
909 1719 1086 1789 agesis
1119 1720 1325 1790 reliqua
1360 1738 1790 1794 persequamur,
1848 1727 1898 1780 in
1949 1731 2148 1798 quibus

2260 539 2657 606 προσκαλεῖται
2685 539 2813 604 τοὺς
2842 539 2937 594 τοῦ
2968 542 3160 609 γένους
3187 542 3458 607 ἅπαντας·
3507 545 3604 597 καὶ
3636 545 3689 597 οἰ
3731 548 3846 616 μέν

2260 630 2479 700 ῆλγουν,
2509 633 2566 685 αἰ
2612 631 2670 684 δέ
2711 630 2991 704 ἐθρήνουν,
3025 631 3175 700 ξένον
3200 651 3253 687 τι
3284 635 3488 705 ὁρῶσαι
3519 636 3703 705 θέαμα
3739 637 3846 691 τὸν

2259 719 2497 774 ἐθελοντί
2528 721 2824 792 χωρισμὸν,
2858 724 2952 777 καὶ
2980 726 3039 777 ἐν
3071 725 3288 788 ἑαυταῖς
3319 726 3714 796 δοκιμάζουσαι
3735 728 3844 782 τοῦ

2262 812 2563 881 μυστηρίου
2598 813 2660 864 τδ
2692 812 2944 883 μέγεθος,
2983 813 3254 884 άνύμνουν
3283 817 3345 869 τὸ
3378 817 3695 886 γινόμενον·
3737 820 3845 872 καὶ

2258 903 2365 974 γὰρ
2394 902 2580 973 ἐώρων
2607 905 2929 976 ἀμφότεροι,
2959 905 3054 959 τὸν
3102 906 3202 977 μὲν
3231 907 3443 972 ἐξιόντα
3485 909 3588 977 τῆς
3630 910 3842 974 οἰκίας,

2258 992 2354 1062 τὴν
2380 992 2436 1044 δὲ
2459 993 2593 1063 πρὸς
2619 1001 2816 1066 μικρὸν
2846 997 3237 1067 ἐπιμένουσαν,
3258 997 3374 1052 εἶτα
3399 1000 3670 1054 ἀπιοῦσαν
3697 1003 3843 1073 πρὸς

2257 1083 2318 1136 τὸ
2351 1086 2705 1155 ἀσκητήριον,
2735 1088 2831 1140 καὶ
2862 1090 3032 1158 αὐτὴν
3065 1091 3164 1161 τὴν
3193 1092 3372 1145 οἰκίαν
3401 1094 3842 1164 ἀπεμπωληθεῖ-

2258 1192 2358 1229 σαν
2385 1177 2480 1229 καὶ
2500 1177 2922 1248 διανεμηθεῖσαν
2940 1182 3054 1244 τοῖς
3081 1182 3337 1238 ἐνδεέσιν.
3359 1183 3547 1238 Ταῦτά
3572 1186 3711 1239 εἰσιν
3733 1187 3844 1256 τῆς

2257 1267 2533 1337 ἡμετέρας
2566 1269 2776 1338 μητρὸς
2798 1271 2894 1340 τῆς
2914 1273 3183 1343 κοσμικῆς
3205 1273 3444 1342 βιώσεως
3465 1277 3534 1329 τά
3559 1278 3837 1348 ἐπίσημα,

2256 1359 2350 1410 καὶ
2377 1358 2551 1412 ταῦτα
2576 1359 2813 1430 διῆλθον,
2838 1362 2936 1432 οὐχ
2967 1363 3054 1414 ἵνα
3083 1363 3246 1432 μόνον
3276 1365 3463 1435 ὑμεῖς,
3497 1366 3610 1419 ἀλλ’
3649 1370 3700 1420 εί
3733 1370 3835 1420 καί

2254 1465 2400 1513 τινες
2425 1451 2532 1504 τῶν
2564 1453 2621 1504 ἐν
2643 1451 2720 1523 τῷ
2760 1454 2950 1524 κόσμῳ
2977 1455 3259 1522 φθάσωσιν
3288 1458 3596 1522 ἐπανιέναι,
3630 1459 3835 1529 ἔχωσιν

2255 1541 2582 1612 ὠφελεῖσθαι
2607 1547 2719 1609 τοῖς
2738 1545 3048 1611 καλλίστοις
3074 1548 3410 1623 διηγήμασιν
3441 1551 3560 1622 Θεῷ
3589 1553 3836 1625 ἀνθομοο

2255 1634 2413 1701 λογού
2422 1653 2591 1704 μενοι.

2325 1724 2390 1788 ζ’.
2415 1724 2585 1795 Δεῦρο
2609 1726 2673 1796 δὴ
2707 1726 2912 1792 λοιπὸν,
2933 1728 3042 1781 τῶν
3067 1727 3193 1801 ἑξῆς
3220 1730 3499 1816 ἐχώμεθα,
3517 1733 3654 1802 πρὸς
3671 1733 3708 1787 ἃ
3733 1738 3840 1805 μά-

583 1808 854 1877 praecipue
908 1811 1237 1880 pr0prieqne
1293 1827 1474 1867 sermo
1530 1826 1715 1869 noster
1754 1817 2088 1884 versabitur,
2121 1835 2145 1873 ο

2253 1819 2408 1871 λιστα
2441 1820 2535 1871 καὶ
2564 1821 2782 1884 οἰκείως
2827 1824 2959 1892 ἡμῖν
2988 1823 3098 1890 ἕξει
3139 1825 3168 1876 ό
3200 1825 3356 1893 λόγος
3383 1865 3398 1890 ,
3445 1810 3831 1898 ἠγαπημένοι.

580 1897 779 1952 dilecti.
829 1897 1114 1953 Pulchram
1147 1899 1278 1956 facit
1308 1903 1688 1968 mutationem,
1733 1906 2034 1975 angelicum
2070 1909 2153 1961 iu-

580 1990 751 2043 duens
802 1990 1046 2044 habitum
1078 1992 1430 2048 ornatissima
1476 1993 1676 2048 femina
1712 2013 1725 2048 :
1764 1997 2054 2052 multorum
2089 2015 2152 2053 eo

585 2077 724 2136 facto
787 2078 1057 2150 lacrymas
1111 2081 1289 2147 elicit,
1345 2082 1437 2150 qui
1497 2084 1585 2138 illa
1645 2086 1732 2141 die
1785 2089 1956 2142 vocati
2020 2103 2154 2142 con-

578 2178 877 2235 venerant,
934 2169 1020 2222 vel
1055 2170 1214 2224 etiam
1251 2181 1446 2240 sponte
1480 2187 1915 2243 concurrerant,
1948 2186 2008 2232 ut
2051 2179 2154 2234 hoc

578 2261 952 2314 tantummodo
999 2272 1307 2330 spectarent
1348 2265 1669 2335 mysterium
1723 2269 1927 2338 peragi.
2012 2269 2153 2323 Ade-

579 2364 766 2405 ramus
795 2359 847 2404 et
911 2367 1014 2406 nos
1043 2368 1167 2407 cum
1212 2355 1459 2423 genitore
1505 2360 1782 2412 communi
1820 2397 1836 2424 ,
1881 2359 2154 2414 festumne

578 2442 754 2495 acturi
784 2457 852 2495 an
885 2443 1146 2512 ploraturi
1171 2445 1194 2498 Ἰ
1223 2455 1451 2502 matrem
1478 2452 1807 2514 amittentes,
1843 2467 2017 2522 neque
2038 2453 2148 2521 jam

577 2527 905 2583 confidentia
958 2531 1116 2585 solita
1153 2547 1270 2586 eam
1311 2535 1651 2603 alloquentes
1699 2548 1792 2592 aut
1866 2540 2148 2608 adeuntes,

578 2615 672 2666 sed
704 2615 770 2668 de
802 2615 975 2684 ipsius
1001 2617 1245 2674 discessu
1269 2623 1569 2691 cogitantes
1595 2635 1794 2680 maesto
1819 2643 1940 2680 cum
1965 2630 2148 2684 corde.

577 2698 711 2754 Nam
745 2718 868 2756 cum
921 2712 975 2757 et
1007 2720 1108 2760 nos
1134 2707 1234 2775 ipsi
1261 2719 1381 2777 post
1411 2721 1616 2764 certum
1666 2715 1924 2783 temporis
1988 2716 2153 2772 inter-

585 2792 788 2845 vallum
863 2795 1063 2848 abituri
1123 2797 1189 2850 ad
1257 2798 1651 2866 professionem
1713 2818 1961 2860 essemus
2025 2824 2147 2862 cum

577 2884 852 2953 genitore,
898 2900 998 2955 ego
1022 2888 1240 2956 quidem
1297 2900 1478 2959 utpote
1505 2908 1568 2946 ex
1603 2894 1829 2950 imberbi
1860 2905 2014 2954 aetate
2040 2899 2148 2968 jam

576 2975 632 3027 in
661 2975 835 3029 virum
892 2979 1282 3047 progrediens,
1335 2981 1524 3038 dolens
1573 2985 1760 3054 utique
1807 3002 2151 3056 mcerensquc

573 3080 770 3131 eram;
821 3068 1008 3136 quidni
1069 3071 1267 3124 enim?
1323 3073 1580 3128 Attamen
1633 3092 1758 3130 cum
1851 3079 2146 3147 gratiarum

575 3157 812 3222 actione,
845 3159 986 3215 hanc
1040 3162 1354 3216 maestitiam
1413 3164 1672 3219 ferebam.
1740 3168 1847 3222 Sed
1913 3171 2145 3224 duorum

571 3246 800 3303 fratrum
827 3266 967 3305 unus
1015 3251 1301 3306 admodum
1330 3255 1674 3324 adolescens,
1724 3260 1905 3313 statim
1952 3276 2016 3316 ac
2069 3262 2151 3315 af-

572 3338 674 3393 fuit
726 3340 999 3397 discessus
1034 3342 1165 3397 hora
1197 3385 1211 3409 ,
1268 3354 1321 3398 et
1344 3356 1680 3414 postremum
1745 3351 1862 3413 vale
1902 3351 2016 3421 jam
2067 3355 2151 3407 di-

570 3430 817 3496 cebatur,
869 3442 924 3486 et
973 3435 1418 3503 compellationes
1445 3438 1804 3510 ploratusque
1851 3453 2010 3512 atque
2036 3459 2152 3498 am.

571 3524 768 3595 plexus
818 3521 1059 3588 fiebant;
1121 3525 1253 3590 ille,
1316 3526 1536 3598 inquam
1570 3571 1583 3596 ,
1638 3531 1704 3584 ad
1751 3533 1940 3586 matris
1970 3533 2148 3588 simnu

568 3619 869 3673 convolans
916 3616 1349 3687 inseparabiliter
1403 3622 1678 3688 haerebat,
1728 3626 1885 3692 quasi
1940 3627 2146 3680 vitulus

568 3712 778 3783 sejungi
828 3728 888 3768 se
919 3729 1156 3768 renuens
1178 3753 1194 3777 ,
1248 3715 1582 3784 rogabatque
1614 3725 1670 3769 ut
1701 3733 1992 3788 parumper
2024 3735 2145 3776 cum

567 3813 743 3858 matre
773 3814 1051 3869 maneret;
1116 3813 1227 3858 tum
1274 3805 1391 3876 ejus
1445 3818 1630 3876 postea
1680 3809 2008 3866 voluntatem
2057 3829 2150 3866 ex-

566 3893 837 3962 pleturum
888 3909 946 3948 se
1005 3894 1391 3964 promittebat.
1457 3897 1594 3951 Num
1654 3899 1818 3970 igitur
1877 3917 1972 3957 cor
2019 3905 2148 3958 ada-

569 3983 876 4038 mantiuum
907 3984 1173 4038 mollitum
1217 3995 1345 4050 est,
1392 3998 1487 4042 aut
1513 3991 1792 4056 concidit,
1850 4003 1943 4047 aut
1987 3996 2143 4063 pueri

569 4075 863 4144 ploratibus
900 4075 1128 4129 fractum
1160 4077 1285 4130 est?
1324 4077 1544 4133 Minime
1573 4083 1834 4149 gentium.
1872 4083 2139 4149 Quidnam

569 4179 698 4220 vero
745 4176 936 4222 sancte
982 4167 1309 4236 respondit?
1363 4170 1500 4224 Cum
1536 4174 1770 4240 quadam
1807 4177 1987 4232 vultus
2018 4187 2139 4232 tor-

568 4257 737 4312 vitate
766 4297 780 4321 ,
831 4258 1280 4326 potentissimum
1318 4270 1689 4316 maternorum
1721 4265 1988 4321 viscerum
2024 4270 2142 4324 vin-

568 4362 695 4402 cens
727 4345 983 4400 affectum
1012 4363 1025 4400 :
1056 4345 1174 4402 Nisi
1208 4361 1416 4418 sponte,
1441 4353 1638 4422 inquit,
1666 4353 1760 4417 fili,
1794 4356 2018 4426 abieris,
2045 4376 2142 4429 ego

568 4446 622 4493 te
654 4453 817 4491 manu
854 4439 1076 4508 propria
1109 4441 1159 4492 in
1186 4441 1365 4495 navim
1391 4443 1687 4513 imponam.
1743 4446 1922 4503 Cessit
1958 4451 2140 4520 itaque

2268 1911 2602 1966 ’Δλλοιοῦται
2624 1914 2724 1984 τὴν
2752 1914 2922 1984 καλὴν
2938 1915 3242 1984 ἀλλοίωσιν,
3260 1917 3320 1970 τὸ
3339 1919 3625 1987 ἰσάγγελον
3643 1921 3834 1991 σχῆμα

2258 2005 2759 2077 μεταμφιασαμένη
2793 2009 2825 2078 ή
2857 2009 3227 2080 πιιρίκοσμος⁸
3275 2013 3414 2063 κινεῖ
3455 2011 3591 2079 γοῦν
3619 2012 3834 2064 πολλῶν

2252 2095 2461 2165 δάκρυα
2524 2097 2618 2149 ἐπὶ
2669 2097 2746 2169 τῷ
2793 2101 3144 2170 γεγενημένῳ
3200 2101 3633 2171 συνεληλυθότων
3683 2106 3834 2157 κατά

2253 2183 2352 2252 τὴν
2393 2184 2633 2255 ἡμέραν,
2669 2186 2819 2240 ἔστιν
2847 2181 2922 2242 ὧν
2954 2191 3048 2243 καὶ
3079 2190 3332 2260 άκλήτως
3356 2233 3370 2257 ,
3417 2191 3503 2246 ἵνα
3542 2194 3636 2246 καὶ
3666 2195 3834 2264 μόνον

2254 2274 2558 2328 θεάσωνται
2607 2277 2669 2330 τὸ
2717 2279 3017 2350 μυστήριον
3049 2281 3408 2352 τελούμενον
3463 2285 3719 2355 παρῆμεν
3769 2286 3832 2340 δὲ

2253 2363 2347 2416 καὶ
2385 2365 2546 2435 ἡμεῖς
2577 2367 2676 2420 σὺν
2707 2367 2784 2437 τῷ
2819 2365 2983 2439 κοινῷ
3020 2371 3229 2442 Πατρί,
3283 2374 3334 2427 τί
3364 2375 3458 2428 καὶ
3491 2375 3600 2442 φῶ,
3635 2375 3833 2444 ἑορτά-

2255 2470 2439 2518 σοντες
2467 2457 2500 2526 ἢ
2536 2455 2933 2528 θρηνήσοντεςς
2985 2463 3084 2533 τήν
3109 2481 3169 2516 τε
3203 2465 3417 2536 μητέρα
3450 2465 3829 2535 ἀποϐεϐληκό-

2252 2562 2364 2610 τες,
2389 2546 2574 2602 οὐκέτι
2608 2551 2747 2619 μετά
2776 2554 2877 2622 τῆς
2914 2553 3088 2624 αὐτῆς
3128 2557 3460 2627 παρρησίας,
3498 2556 3622 2609 οὔτε
3650 2575 3827 2628 προσ-

2251 2637 2586 2707 ομιλοῦντες,
2623 2641 2746 2696 οὔτε
2776 2645 3094 2712 προσιόντες
3119 2685 3134 2710 ,
3175 2647 3265 2698 τόν
3292 2663 3353 2699 τε
3387 2647 3482 2700 ἀπ’
3516 2649 3688 2718 αὐτῆς
3720 2669 3830 2720 χω-

2253 2729 2447 2799 ρισμὸν
2479 2732 2875 2804 ἐπινοούμενοι,
2907 2738 2999 2789 καὶ
3027 2735 3536 2808 καρδιαλγούμενοι.
3575 2742 3685 2793 Καὶ
3717 2744 3830 2813 γὰρ

2256 2823 2561 2890 μελλόντων
2590 2827 2747 2896 ἡμῶν
2776 2829 2918 2897 μετά
2941 2829 3040 2898 τὴν
3076 2829 3468 2899 συμπλήρωσιν
3496 2830 3593 2885 τοῦ
3631 2833 3827 2902 καιροῦ

2251 2915 2509 2985 ἀπαίρειν
2559 2918 2698 2987 πρὸς
2744 2919 2805 2970 τὸ
2851 2919 2948 2972 καὶ
2997 2919 3142 2989 ἡμᾶς
3176 2918 3496 2990 τελεσθῆναι
3545 2922 3682 2992 μετά
3731 2923 3830 2976 τοῦ

2252 3009 2596 3078 γεννήτορος,
2627 3008 2800 3076 ἔγωγε
2829 3010 2926 3078 μὲν
2947 3009 3021 3073 ὡς
3044 3010 3139 3064 ἀτε
3167 3011 3225 3075 ἐξ
3259 3013 3521 3080 ἀγενείων
3548 3016 3626 3077 εἰς
3653 3015 3830 3079 ἄνδρα

2252 3099 2442 3162 τελῶν,
2488 3100 2751 3168 ἀλγεινῶς
2789 3103 2886 3171 μὲν
2922 3104 3015 3156 καὶ
3056 3105 3335 3175 ὀδυνηρῶς
3373 3103 3534 3175 (πῶς
3565 3107 3676 3177 γὰρ
3710 3106 3822 3176 οῦ),

2254 3192 2394 3260 πλὴν
2428 3192 2620 3262 ἔφερον
2661 3193 2776 3263 μετ’
2804 3195 3153 3265 εὐχαριστίας
3195 3196 3256 3249 τὺ
3295 3196 3466 3261 πάθος
3487 3214 3501 3229 ·
3533 3202 3644 3252 τοῖν
3677 3199 3827 3252 δυοῖν

2254 3282 2310 3334 δὲ
2343 3283 2611 3352 ἀδελφοῖν,
2663 3287 2692 3339 ό
2759 3286 2944 3356 ἔτερος
3011 3288 3206 3360 κομιδῇ
3241 3289 3360 3350 νέος
3385 3288 3460 3342 ὢν
3488 3291 3599 3359 (5),
3630 3291 3822 3361 ἐπειδὴ

2256 3371 2441 3442 παρῆν
2478 3375 2509 3442 ἡ
2538 3372 2637 3444 τῆς
2671 3375 2933 3445 ἐκδημίας
2964 3377 3149 3447 ἡμέρα
3171 3418 3186 3443 ,
3214 3378 3347 3431 οἵτε
3377 3380 3640 3450 ἐξιτήριοι
3672 3379 3826 3445 λόγοι

2253 3464 2348 3516 καὶ
2376 3467 2842 3537 προπεμπτήριοι,
2863 3463 2922 3520 αἵ
2946 3484 3006 3520 τε
3029 3467 3378 3539 ἀνακλήσεις,
3395 3471 3457 3522 αῖ
3481 3487 3540 3522 τε
3565 3471 3824 3539 οἰμωγαὶ,

2252 3554 2395 3606 αἵτε
2431 3556 2782 3626 περιπλοκαὶ,
2816 3559 3548 3629 ἐπέτρεχεν,εἰσεκολποῦτο,
3585 3560 3826 3612 δυσαποο

2254 3645 2510 3709 σπάστως
2547 3641 2659 3715 εἶχε
2707 3651 2804 3717 τῆς
2844 3650 3049 3719 μητρὸς
3073 3689 3089 3713 ,
3135 3649 3339 3702 ὡσανεὶ
3389 3651 3686 3719 μοσχάριον
3719 3651 3825 3722 τὴν

2250 3733 2521 3797 διάζευξιν
2552 3735 3013 3806 ἀπαναινόμενον,
3045 3738 3231 3810 ἐξῄτει
3258 3738 3338 3792 ἔτι
3364 3740 3646 3810 ἐπιμένειν
3686 3741 3825 3810 πρὸς

2251 3825 2424 3896 βραχὺ
2453 3830 2519 3897 τῇ
2552 3824 2859 3899 μητρὶ,εῐθ’
2888 3831 3116 3903 ὕστερον
3145 3832 3389 3905 πληροῦν
3418 3834 3586 3905 αὐτῆς
3613 3833 3674 3886 τὸ
3698 3833 3822 3904 βού-

2248 3918 2424 3987 λευμα
2466 3917 2938 3992 ἐπήγγελτο.⁷Αρ’
2984 3919 3078 3977 οὖν
3117 3923 3568 3995 κατεμαλακίσθη
3607 3926 3639 3995 ἡ
3685 3925 3819 3979 ἀδα-

2249 4009 2478 4080 μαντίνη
2512 4011 2707 4079 καρδία
2752 4014 2934 4085 ἐκείνη
2958 4055 2974 4081 ,
3009 4015 3042 4086 ἢ
3080 4016 3401 4083 συνέπεσεν,
3438 4018 3472 4089 ἢ
3511 4017 3817 4074 ωνὼκλασε

2245 4101 2358 4161 τοῖς
2387 4099 2481 4152 τοῦ
2517 4100 2711 4164 παιδὸς
2755 4103 3305 4174 κλαυθμυρίσμασιν;
3353 4107 3650 4177 οὐμενοῦν
3705 4107 3816 4160 ἀλλ’

2243 4185 2355 4244 οἷον
2390 4193 2450 4245 τὸ
2483 4194 2631 4247 ὅσιον
2652 4194 2851 4283 ἀὐτῆς
2891 4196 3239 4268 ἐπίφθεγμα;
3283 4199 3423 4267 μετά
3445 4216 3589 4263 τινος
3625 4198 3815 4269 ἐμϐρι-

2245 4282 2369 4345 θοῦς
2389 4283 2556 4347 ἕξεως
2574 4282 3044 4355 ὑπερνικήσαντος
3070 4288 3179 4340 τῶν
3198 4287 3466 4358 μητρῴων
3494 4291 3814 4360 σπλάγχνων

2241 4375 2301 4427 τὸ
2329 4377 2813 4445 τυραννικώτατον,
2843 4378 2905 4430 Εί
2943 4378 3017 4447 μὴ
3041 4377 3201 4442 ἐκὼν,
3223 4373 3466 4449 φησίν,ὦ
3487 4381 3676 4434 τέκνον
3705 4384 3810 4434 ἀπ-

2241 4466 2416 4528 έλθοις
2440 4507 2454 4533 ,
2487 4467 2596 4535 ἐγώ
2647 4485 2705 4520 σε
2740 4471 2806 4538 τῇ
2857 4467 2947 4537 νηῒ
2989 4469 3268 4540 αὐτοχειρὶ
3303 4470 3669 4542 ἐπιϐαλοῦμαι
3699 4472 3805 4542 (6)·

569 4545 722 4598 puer,
749 4539 803 4584 et
831 4544 1081 4585 seorsum
1115 4531 1490 4590 discessimus.
1520 4537 1612 4591 Illa
1641 4548 1822 4592 autem
1849 4580 1864 4605 ,
1894 4549 1953 4594 ut
1981 4553 2132 4611 puto,

569 4640 662 4647 ._.._
714 4625 964 4647 ---!J_I-__
1026 4634 1288 4647 __‘__-__.
1407 4646 1448 4647 ,,
1492 4634 1501 4642 -
1713 4634 1725 4647 1
1835 4635 1846 4645 η
1897 4644 1905 4647 _

2252 4555 2378 4622 εἶξεν
2413 4531 2505 4612 οὖν
2528 4531 2720 4622 όπαῖς,
2749 4531 2841 4612 καὶ
2869 4531 3160 4631 διέστημεν
3184 4531 3480 4647 ἀμφότεροι
3499 4580 3514 4595 ·
3557 4531 3802 4634 κάκείνη,

567 4640 663 4694 par
709 4625 967 4694 quiddam
1025 4634 1294 4696 patrasset
1324 4669 1339 4695 ,
1395 4646 1457 4683 ac
1490 4634 1543 4685 in
1585 4634 1944 4704 quadraginta
1995 4653 2138 4690 mar—

568 4725 744 4787 tyrum
788 4719 1057 4787 supplicio
1080 4729 1268 4775 sancta
1300 4731 1502 4786 mater,
1535 4740 1656 4793 qua:
1687 4726 1953 4781 celebrem
1986 4728 2135 4782 illum

566 4808 860 4878 spirantem
902 4810 1081 4866 adhuc
1121 4811 1291 4868 filium
1322 4831 1481 4871 suum
1517 4818 1569 4872 in
1627 4819 1928 4888 plaustrum
1972 4824 2134 4878 attol-

565 4899 683 4953 lens
719 4899 1000 4968 imposuit.

641 4984 691 5041 8.
753 4986 894 5054 Quid
925 5005 1056 5044 vero
1084 4996 1317 5061 postea?
1368 4995 1601 5066 Optabat
1633 5000 1893 5068 praeclara
1932 5003 2133 5058 femina

563 5078 668 5134 sub
699 5080 1007 5135 obedientia
1040 5087 1214 5153 magis
1242 5085 1425 5142 vivere
1448 5126 1464 5152 ,
1499 5090 1644 5157 quod
1667 5101 1721 5145 et
1750 5107 1966 5162 aequum
1995 5106 2131 5150 erat.

567 5169 673 5224 Sed
702 5171 832 5239 quia
883 5187 949 5226 ex
984 5178 1255 5244 praterito
1309 5189 1610 5247 temporum
1668 5183 1904 5250 turbine,
1957 5201 2134 5256 neque

563 5264 959 5319 monasterium
991 5267 1168 5323 adhuc
1199 5279 1316 5324 erat
1351 5281 1764 5342 constructum,
1803 5292 1978 5347 neque
2015 5296 2132 5335 mo-

2238 4646 2310 4709 ὡς
2340 4646 2501 4713 δοκῶ,
2552 4648 2853 4718 ἐφάμιλλόν
2893 4668 2946 4704 τι
2995 4653 3094 4723 τῆς
3137 4654 3231 4707 ἐπὶ
3253 4646 3353 4707 τοῦ
3386 4654 3494 4707 τῶν
3531 4656 3805 4729 Τεσσαρά-

2239 4752 2406 4788 κοντα
2439 4737 2734 4808 μαρτύρων
2760 4739 2925 4807 ἁγίας
2967 4744 3176 4813 μητρὸς
3204 4743 3469 4813 ᾀδομένου
3499 4746 3594 4797 ἐπὶ
3623 4748 3691 4817 τῇ
3715 4747 3805 4817 τῆς

2247 4828 2462 4898 ἀμάξης
2489 4829 2584 4882 τοῦ
2613 4830 2692 4885 ἔτι
2719 4833 3046 4902 ἐμπνέοντος
3067 4835 3267 4889 οἰκείου
3293 4836 3410 4890 υίοῦ
3443 4837 3601 4892 ἀίσσει
3625 4856 3685 4892 τε
3719 4841 3806 4893 καὶ

2237 4919 2499 4984 ὲπιθέσει,
2533 4921 2844 4985 ἐξετέλεσεν
2867 4926 2965 4994 (7).

2314 5015 2385 5078 η’.
2438 5009 2599 5063 Ἀλλά
2627 5011 2678 5062 τί
2714 5013 2783 5064 τὰ
2820 5013 2983 5083 ἐξῆς;
3027 5015 3243 5069 Ἐπόθει
3283 5017 3468 5071 τοίνυν
3511 5017 3546 5087 ἡ
3591 5020 3804 5087 γενναία

2239 5101 2502 5172 ἄρχεσθαι
2536 5103 2738 5171 μᾶλλον
2757 5143 2773 5168 ,
2801 5103 2990 5175 ῶσπερ
3019 5108 3115 5160 καὶ
3150 5102 3218 5177 ἦν
3253 5109 3463 5163 δίκαιον
3481 5129 3494 5142 ·
3537 5112 3724 5183 ἐπειδὴ
3750 5113 3801 5165 δὲ

2239 5196 2304 5246 ἐκ
2342 5194 2442 5263 τῆς
2485 5197 2614 5266 πρὶν
2644 5196 2962 5266 διειλήσεως
2982 5239 2997 5263 ,
3024 5198 3149 5253 οὔτε
3186 5205 3548 5274 μοναστήριον
3577 5200 3646 5274 ἦν
3682 5222 3800 5258 συν·

2243 5286 2565 5355 ιστάμενον,
2621 5288 2730 5341 οὐδ’
2783 5289 2854 5342 αὖ
2899 5289 3045 5361 ψυχὴ
3102 5292 3482 5363 ἐπιστημόνως
3532 5294 3797 5368 δυναμένη

636 5378 730 5478 (5A).
752 5379 1245 5478 Erathic‘lnomine
1272 5383 1618 5456 Euthymius,
1651 5391 1719 5446 de
1756 5406 1866 5461 quo
1902 5391 2040 5448 infra
2076 5395 2131 5450 in
2234 5400 2463 5478 creavit,
2497 5411 2723 5478 ut__post
2752 5405 2988 5478 dicetur.
3033 5409 3354 5478 lmpositnra
3401 5421 3580 5467 autem
3613 5414 3797 5470 fuisset

565 5446 914 5521 adnot._pag.
944 5465 1059 5521 seq.

2235 5470 2286 5546 in
2323 5473 2500 5546 nav_im
2538 5470 2852 5546 Theoctista
2880 5476 3070 5546 tilium,
3099 5470 3225 5546 quia
3256 5483 3652 5537 transeundum
3685 5495 3797 5540 erat

639 5519 730 5611 (6),
759 5519 1085 5611 sa‘pctprum
1115 5520 1266 5611 facta
1298 5524 1651 5611 admiremur,
1695 5530 1786 5599 qui
1822 5534 2002 5587 omnia
2042 5537 2129 5611 pio
2233 5519 2385 5611 iiii};
2872 5519 3231 5603 sé'cﬁiluiﬁff;

566 5588 767 5683 meritis
1009 5602 1272 5683 egerunt}
1301 5588 1746 5683 quanquammoii
1773 5616 1925 5683 teque
1943 5588 2124 5683 omnia
2229 5588 3012 5683 {fuijfviﬁ‘iiiéliiif

566 5660 768 5742 imitari
794 5660 1081 5742 debemus}.
1102 5660 1263 5742 (ζει-ιε
1299 5660 1662 5742 adolescentis
1700 5660 1975 5742 Euth'ymii
2015 5690 2121 5731 non

566 5731 699 5785 satis
738 5729 955 5784 firmum
988 5732 1222 5813 religiosi
1251 5729 2122 5813 institutisuscipiendi'proposi;

569 5811 680 5855 tum
735 5815 858 5855 mox
913 5801 1388 5873 matri—fratrique
1433 5801 1850 5866 sollicita-dinem
1879 5801 2119 5879 'gravem

2299 5680 2643 5754 (7)_r_l:lx§tant
2682 5680 3065 5754 pulcherrimas
3094 5687 3161 5740 de
3207 5688 3290 5744 his
3326 5705 3393 5745 xi.
3427 5689 3552 5744 MM.
3587 5693 3787 5751 oratio-

2225 5765 2320 5806 nes
2351 5751 2448 5805 SS.
2487 5750 2696 5820 Basilii,
2721 5764 2770 5809 et
2802 5753 2963 5826 Greg.
2997 5753 3244 5828 Nysseni.
