4018 6304
209 342 313 407 893

740 344 1024 408 ORATIO
1048 346 1219 406 XIII.
1252 372 1323 384 --
1370 347 1758 409 LAUDATIO
1808 349 2198 412 FUNEBRIS
2230 350 2314 412 IN
2373 349 2697 411 MATREM
2722 349 2954 411 SUAM.

3357 350 3460 412 894

209 452 541 524 ἀφηγεῖσθαι
573 451 684 506 τῶν
717 453 950 515 πολλῶν,
978 455 1042 506 ἐκ
1063 454 1252 508 τούτου
1281 454 1528 525 βιάζεται
1553 455 1659 510 ὑπὸ
1691 455 1785 510 τοῦ

1890 459 2052 515 nialis
2117 460 2301 515 aderat
2365 475 2486 529 mia:
2539 459 2833 529 prudenter
2876 467 3199 514 eaeterarum
3256 469 3458 514 emtum

208 544 442 616 ἀδελφοῦ
472 543 845 612 κελλιωτικῶς
891 546 968 616 (8)
1010 545 1205 614 βιῶσαι
1239 546 1380 617 μετὰ
1409 547 1509 618 τῆς
1540 564 1784 618 προκαρ-

211 638 401 708 θείσης
437 636 766 710 θυγατρίδος
807 639 899 692 καὶ
947 639 1142 709 ἑτέρας
1190 640 1523 709 συγγενίδας.
1568 644 1645 712 Ζῇ
1685 641 1784 712 μὲν

208 729 412 786 αὐτίκα
434 731 859 803 ὑπομονητικῶς
879 745 894 761 °
921 730 988 804 ζῇ
1008 732 1065 786 δὲ
1087 732 1382 805 ὀδυνηρῶςο
1409 732 1524 798 πῶς
1550 735 1660 804 γὰρ
1685 733 1780 802 οὕς

208 823 302 877 τὸν
329 822 783 895 χειραγωγοῦντα
817 825 892 895 μὴ
942 825 1261 896 κεκτημένη
1283 868 1298 892 ,
1351 826 1448 882 κα)⁸
1480 826 1581 890 τάς
1630 828 1783 880 άντι-

206 915 562 987 πραττούσας
602 915 682 988 τῷ
707 917 954 973 εὐσεϐεῖν
981 917 1353 989 ὲφευραμένη.
1376 919 1473 972 καὶ
1502 917 1780 980 τοσοῦτον,

203 1003 351 1058 ὥστε
379 1005 476 1060 καὶ
499 1004 594 1059 τοῦ
630 1005 880 1076 σεμνείου
907 1004 1265 1077 έξορίζεσθαι.
1307 1006 1577 1078 Αἰδοῦμαι
1607 1007 1784 1060 εἰπεῖν

203 1095 353 1166 ὑπὲρ
382 1095 526 1160 τίνος
564 1096 660 1150 καὶ
687 1095 777 1149 διὰ
804 1095 948 1158 τίνος
970 1136 986 1160 ,
1023 1097 1196 1163 φειδοῖ
1234 1096 1346 1150 τῶν
1375 1096 1744 1167 ἀκροωμένων
1764 1111 1781 1126 ⁶

203 1188 362 1258 ὅμως
395 1187 553 1258 φέρει
593 1187 735 1258 ὑπὲρ
762 1186 857 1240 τοῦ
889 1186 1057 1240 καλοῦ
1095 1188 1382 1259 πάσχουσα
1414 1190 1508 1242 καὶ
1545 1189 1632 1242 διά
1671 1189 1784 1242 Κύ-

207 1296 329 1349 ριον
356 1279 728 1350 πελαζομένη.
763 1279 872 1332 Καὶ
899 1279 998 1332 οὑκ
1031 1274 1129 1332 οἶδ’
1160 1280 1311 1344 ὅπως
1339 1279 1663 1348 άπαγγείλω
1685 1278 1783 1342 τὰς

203 1371 551 1442 ἐπαλλήλους
591 1372 860 1442 ἐπιφοράς
891 1372 985 1425 καὶ
1013 1372 1342 1442 μεταγωγὰς
1380 1371 1482 1441 τῆς
1513 1370 1658 1441 ζωῆς
1687 1369 1785 1424 αὑ-

199 1463 328 1532 τῆς,
365 1462 459 1515 καὶ
494 1461 594 1525 τάς
623 1462 1002 1532 ὲπισυμϐἁσας
1046 1463 1201 1531 ἡμῖν,
1245 1462 1308 1514 ἐκ
1333 1478 1392 1515 τε
1429 1459 1777 1529 συγγενείας,

200 1555 272 1608 ἐκ
295 1570 354 1606 τε
388 1553 666 1624 βασιλείας
693 1553 899 1623 θλίψεις
932 1555 1024 1606 καὶ
1055 1553 1247 1618 ὀδύνας
1282 1554 1377 1608 καὶ
1408 1553 1780 1625 περιστάσεις·

200 1644 266 1697 τὸ
299 1643 356 1695 δὲ
389 1642 758 1711 συναγόμενον
795 1638 898 1712 ἦν,
957 1643 990 1712 ή
1020 1642 1395 1713 θρυλλουμένη
1433 1643 1648 1713 μοιχεία
1688 1640 1783 1696 τοῦ

201 1735 636 1804 αὐτοκράτορος,
665 1734 806 1806 ὑπὲρ
827 1729 896 1805 ἦς
924 1737 1100 1789 καὶτὸ
1123 1738 1356 1806 πάσχειν
1386 1732 1452 1807 ἦν
1475 1737 1611 1806 αὑτῇ
1635 1734 1779 1806 [cod.

199 1830 392 1903 αὐτῇ.
413 1831 572 1884 Ἐπεὶ
611 1830 667 1883 δὲ
695 1830 790 1883 τοῦ
821 1829 1204 1900 οίκουμενικοῦ
1234 1830 1584 1899 τολμήματος
1613 1828 1782 1896 ἐμνή-

200 1922 366 1992 σθην,
404 1924 516 1976 ῐστε
551 1917 664 1976 οἷον
692 1922 949 1992 ὀδυνηρὸν
976 1921 1198 1985 ἐλαϐεν,
1227 1921 1393 1990 ἡνίκα
1441 1919 1587 1991 ἑώρα
1636 1920 1783 1988 ἡμᾶς

199 2018 268 2071 ἐκ
297 2015 396 2070 τοῦ
432 2017 806 2087 μοναστηρίου
833 2013 1268 2087 ἁρπαζομένους,
1290 2011 1618 2065 συνελθοῦσα
1643 2011 1786 2064 κατὰ

198 2108 305 2178 τὴν
341 2108 526 2179 ὥραν·
559 2108 700 2162 ἀλλὰ
743 2111 791 2160 εἰ
823 2107 1004 2160 καὶτὸ
1035 2107 1259 2176 θρηνεῖν
1305 2101 1372 2176 ἦν
1411 2105 1548 2175 αὐτῇ
1595 2121 1780 2175 μονουο

203 2201 348 2273 μένῃ
383 2201 620 2270 μάλιστα
644 2200 703 2264 ἐξ
729 2199 909 2269 ἡμῶν,
929 2199 1030 2251 οὑκ
1049 2199 1456 2268 ἠγανάκτησεν,
1479 2199 1539 2251 οὑ
1564 2198 1784 2268 προΐετο

204 2292 367 2362 ῥῆμα
418 2291 633 2360 άγενὲς,
664 2290 784 2343 οὐδὲ
822 2286 1019 2361 ἔρρηξε
1046 2289 1138 2342 τὸν
1171 2289 1394 2360 χιτῶνα,
1421 2288 1521 2342 οὑκ
1553 2285 1785 2356 ἠλάλαξε

201 2385 319 2446 τοῖς
349 2384 646 2445 κωκυτοῖςο
681 2381 816 2447 ἀλλ’,
835 2382 1052 2444 ’Δπιτε,
1083 2382 1266 2452 φησὶν,
1286 2374 1329 2435 ὧ
1359 2380 1546 2443 παῖδες
1570 2379 1664 2433 καὶ
1681 2378 1786 2432 σώ-

203 2474 391 2539 ζοισθε
423 2475 482 2528 ὲν
513 2473 723 2545 Κυρίῳ,
753 2474 998 2544 ὅπουπερ
1029 2474 1096 2527 ἂν
1149 2473 1476 2542 άπάγοισθε,
1505 2473 1600 2525 καὶ
1626 2471 1787 2526 ὁποῖά

202 2569 324 2621 ποτ’
364 2565 430 2620 ἂν
463 2566 815 2630 πάθοιτε,διά
840 2567 1005 2636 νόμον
1029 2566 1194 2620 αὑτοῦ
1219 2566 1378 2619 τοῦτο
1404 2565 1783 2637 προελόμενοι*

201 2658 416 2727 ἀγαθὸν
459 2659 569 2728 γὰρ
600 2659 729 2728 ὑμῖν
762 2658 790 2711 ὃ
822 2677 874 2713 τι
902 2661 968 2714 ἂν
997 2661 1092 2714 καὶ
1124 2658 1456 2729 ὑποσταίητε
1489 2657 1660 2711 δεινὸν
1691 2657 1788 2727 μέ-

204 2767 298 2819 χρι
347 2751 443 2804 καὶ
487 2748 741 2817 αἵματος,
778 2748 809 2818 ἢ
859 2748 1238 2820 προσήκασθαι
1273 2748 1363 2801 τὸν
1396 2746 1783 2818 μοιχεύσαντα,

211 2841 309 2893 καὶ⁵
339 2840 429 2892 διὰ
462 2837 625 2892 τοῦτο
659 2839 950 2908 προδοῦναι
993 2839 1092 2908 τὴν
1132 2837 1415 2908 ἀλήθειαν.
1441 2839 1504 2889 Ὢ
1536 2836 1636 2904 τῆς
1672 2833 1786 2886 τολ-

210 2933 393 3002 μηρᾶς
409 2931 502 2983 καὶ
532 2929 784 2998 γενναίας
804 2930 1016 3001 ψυχῆςί
1052 2928 1214 2992 εὑθὺς
1237 2929 1297 2981 οὑ
1322 2927 1652 2991 κατέπεσεν,
1681 2924 1787 2978 ὧσ-

211 3038 319 3090 περ
344 3017 416 3091 ἦν
452 3020 621 3085 εἰκὸς,
650 3019 1084 3090 χθαμαλωτέρας
1119 3021 1212 3072 καὶ
1254 3006 1519 3088 ἀνάνδρου
1555 3015 1783 3068 παθεῖν’

208 3112 345 3165 άλλά
374 3110 465 3177 τίς
494 3111 920 3182 συνεξεδήμησε,
958 3110 1415 3181 συνωδοιπόρησε,
1451 3109 1785 3181 συνέθραυσε

208 3205 268 3256 τὸ
293 3203 660 3257 άπαλώτατον
692 3204 941 3274 σαρκίον,
986 3205 1052 3273 τῇ
1096 3201 1192 3256 τοῦ
1237 3202 1394 3272 ὅρους
1445 3202 1781 3275 ὑπερϐάσει·

210 3298 332 3351 οὑδὲ
363 3297 461 3352 τὸν
497 3297 781 3371 πρόθυμον
815 3297 1201 3368 συνοδοιπόρον
1234 3297 1547 3366 εὑραμένη·
1583 3296 1668 3362 αἳ,
1707 3293 1786 3359 αἳ,

211 3389 330 3454 πῶς
371 3389 634 3459 γεγόνασι
679 3391 878 3452 πάντες
903 3389 994 3442 τοῦ
1022 3388 1217 3458 καιροῦ
1264 3388 1786 3458 άπανθρωπότεροι;

213 3479 304 3530 καὶ
335 3477 544 3547 μᾶλλόν
573 3495 719 3541 τινες
757 3479 853 3530 καὶ
880 3476 1452 3545 προσεπεμὸαίνοντες
1489 3476 1582 3528 καὶ
1620 3491 1790 3546 προσ-

211 3571 570 3634 ονειδίζοντες
598 3569 708 3623 τῶν
739 3569 1089 3639 ὑποχειρίων,
1119 3567 1195 3631 ὡς
1225 3567 1586 3639 πληρωθῆναι
1612 3568 1673 3620 τὸ
1698 3568 1790 3621 εὑ-

212 3661 528 3731 αγγελικὸν,
555 3663 640 3715 ὅτι
684 3660 910 3728 Ἐ’χθροί
945 3659 1051 3714 τοῦ
1085 3661 1404 3729 ἀνθρώπου
1434 3663 1486 3714 οί
1509 3659 1790 3714 οίκειακοί

200 3754 434 3819 ,αὐτοῦ’
475 3752 678 3821 ἔφθασε
716 3750 848 3822 γοῦν
887 3752 1033 3823 ἡμᾶς
1070 3751 1164 3805 καὶ
1202 3750 1555 3813 αἰκισθέντας
1603 3750 1637 3820 ἠ
1681 3766 1782 3820 μα·

217 3845 400 3918 καρία.

284 4006 347 4060 θ’.
388 4005 503 4058 Καὶ
539 4005 613 4076 μή
645 4020 730 4068 τις
776 4004 834 4057 ὲν
876 4002 1011 4074 τῷδε
1055 4001 1340 4073 λογίσηται
1374 4001 1600 4066 ἑαυτοὺς
1644 4001 1792 4073 ἡμᾶς

216 4097 606 4167 ἐγκωμιάζειν,
650 4097 752 4149 οὑκ
807 4095 1032 4164 ἔχοντάς
1078 4112 1130 4148 τι
1176 4093 1287 4147 τῶν
1342 4093 1788 4164 ἐπαινουμένωνο

216 4188 363 4241 ἄλλοι
397 4189 510 4261 γὰρ
548 4188 646 4258 οὐχ
680 4189 840 4257 ἡμεῖς
871 4189 922 4239 oi.
955 4186 1361 4258 ἀνδρισάμενοι,
1400 4186 1495 4238 καὶ
1525 4184 1603 4255 τῷ
1630 4182 1793 4254 κοινῷ

224 4279 397 4350 Ilath
429 4279 806 4349 ὲπιγραπτέον
840 4283 901 4330 τὸ
929 4277 1264 4347 κατόρθωμα
1281 4275 1355 4346 (9)
1377 4294 1391 4308 ⁸
1413 4277 1502 4329 ἵνα
1524 4276 1581 4329 δὲ
1609 4292 1793 4347 παρα-

219 4374 506 4441 στήσωμεν
538 4371 628 4423 τὺν
653 4371 751 4438 τῆς
767 4369 1164 4439 ἐπαινουμένης
1184 4367 1393 4436 ἀγῶνα,
1418 4367 1788 4437 ὲνεπέσαμεν,

222 4457 525 4528 σύγγνωτε,
559 4462 636 4522 είς
665 4459 792 4520 τοὺς
825 4459 952 4529 περὶ
985 4459 1094 4510 τῶν
1132 4458 1415 4528 ἡμετέρων
1439 4457 1662 4511 ἐκείνων
1701 4457 1791 4510 λό-

217 4566 372 4618 γους,
405 4554 482 4617 ὡς
526 4553 586 4604 οὐ
624 4550 1033 4622 βεϐουλήμεθα·
1076 4551 1232 4613 ἀλλὰ,
1278 4551 1476 4618 Μέγας
1518 4553 1550 4604 ό
1576 4552 1792 4617 Κύριος

220 4642 400 4712 ἡμῶν,
433 4646 532 4700 καί
559 4644 794 4714 μεγάλη
825 4644 861 4710 ἠ
882 4642 1060 4712 ίσχὺς
1088 4643 1295 4697 αὐτοῦ.
1329 4643 1418 4706 Ὠς
1454 4644 1637 4713 ἐκείνη
1668 4641 1791 4694 λαν-

221 4733 483 4802 θανόντως
544 4737 797 4808 ὑπεισῄει
862 4735 922 4788 ὲν
975 4736 1054 4805 τῷ
1111 4735 1358 4805 φρουρίῳ
1415 4734 1510 4797 τὰς
1577 4733 1792 4801 πληγὰς

220 4828 413 4896 ὁρῶσα,
445 4831 542 4884 καὶ
572 4829 773 4892 ταύτας
804 4829 1180 4897 ὑπαλείφουσα
1206 4868 1220 4891 ,
1256 4827 1352 4880 καὶ
1377 4824 1455 4896 τῷ
1481 4824 1600 4895 Θεῷ
1633 4824 1792 4889 δόξαν

220 4919 309 4971 καὶ
335 4915 482 4975 αἶνον
514 4923 574 4974 ὲν
600 4921 679 4991 τῷ
711 4921 778 4974 δι’
808 4921 1028 4990 ἐντολὴν
1062 4917 1226 4971 αὑτοῦ
1256 4917 1428 4972 ταῦτα
1459 4916 1787 4985 ὑφίστασθαι

220 5010 284 5062 τὰ
313 5011 480 5084 αὐτῆς
513 5013 719 5082 ἔγγονα
745 5013 1180 5084 άναπέμπουσα·
1217 5008 1389 5071 οὕτως
1423 5009 1570 5080 ἡμᾶς
1607 5008 1788 5060 εὐκτι-

221 5099 325 5164 κῶς
348 5105 442 5156 καὶ
471 5103 901 5175 κλαυθμυρικῶς
929 5103 1025 5157 καὶ
1055 5101 1372 5173 περιχαρῶς
1393 5100 1453 5152 ὲν
1479 5097 1787 5170 μεταιχμίῳ

219 5190 322 5244 τῶν
349 5193 443 5248 δὺο
465 5195 678 5261 παθῶν,
709 5197 775 5250 ικ
803 5195 913 5250 τῶν
945 5197 1122 5250 ἐκεῖσε
1149 5193 1286 5266 πρὸς
1309 5190 1380 5246 τὰ
1409 5190 1667 5245 ἐπέκεινα
1689 5194 1788 5262 τῆς

287 5389 309 5422 ⁵
345 5392 532 5450 Matth.
571 5413 623 5460 ι,
656 5397 744 5452 36.
821 5399 842 5429 ⁸
880 5395 1026 5451 Psal.
1058 5413 1238 5461 cxcvr,
1273 5396 1326 5451 5.

287 5564 361 5633 (8)
398 5570 664 5628 Ccllulani
694 5587 791 5629 seu
832 5573 1060 5630 celliotte
1087 5571 1344 5630 monachi
1381 5581 1478 5626 aut
1519 5571 1790 5627 moniales

223 5643 366 5715 “ita
393 5644 794 5715 pinnasterium
839 5643 893 5715 in
933 5644 1086 5715 cellis
1119 5644 1452 5715 habitantes.
1492 5641 1561 5696 de
1589 5642 1789 5711 quibus

225 5709 356 5784 satis
385 5709 625 5781 Cangius
666 5714 720 5768 in
752 5712 974 5784 Lexico,
1008 5714 1190 5772 citatis
1221 5713 1425 5770 Graecis
1448 5709 1786 5778 auctoribus,

225 5782 270 5823 τί
299 5787 594 5842 Ρτεδεγιίηι
629 5785 850 5840 Allatio.

1884 565 2072 623 regere
2121 559 2303 622 posset
2333 592 2349 617 ,
2405 558 2694 620 propterea
2744 565 2774 604 a
2811 547 2976 604 fratre
2994 549 3217 620 cogitur
3241 549 3462 605 cellula-

1885 660 2081 699 norum
2112 659 2264 699 more
2289 643 2470 698 vivere
2496 684 2512 709 ,
2571 657 2696 698 cum
2746 642 2855 698 filia
2907 642 3021 712 jam
3059 651 3216 697 antea
3263 651 3458 708 tonsa,

1885 736 2100 806 aliaque
2148 744 2400 808 cognata.
2457 734 2765 805 Statimque
2818 735 3110 803 patientem
3158 734 3326 788 vitam
3367 749 3462 789 ex-

1886 835 2039 899 perta
2072 835 2159 882 est
2187 868 2204 894 ,
2243 826 2661 896 necessarioque
2695 824 2905 880 tristem
2934 866 2951 891 ,
2986 823 3113 896 quia
3144 833 3198 879 et
3226 825 3457 895 spiritali

1884 920 2024 974 duce
2049 919 2291 982 carebat,
2326 918 2373 972 ei
2407 917 2673 987 quasdam
2707 924 2865 970 nacta
2896 924 2980 971 est
3023 914 3240 970 sodales
3271 915 3459 984 pietati

1883 1012 2142 1066 adversas
2177 1049 2194 1076 ,
2249 1009 2303 1064 in
2341 1017 2551 1062 tantum
2585 1017 2641 1062 ut
2667 1007 2828 1061 etiam
2887 1021 3046 1061 sacro
3075 1006 3166 1060 illo
3208 1007 3328 1060 loco
3367 1022 3462 1060 ex-

1884 1103 2205 1173 pelleretur.
2224 1100 2335 1155 Cur
2352 1110 2532 1154 autem
2557 1099 2640 1153 vel
2664 1098 2823 1168 cujus
2846 1113 3035 1168 Opera,
3062 1098 3230 1167 pudet
3255 1098 3459 1163 dicere,

1886 1201 1944 1247 ut
1972 1191 2310 1247 audientium
2360 1190 2590 1244 auribus
2649 1203 2890 1258 parcam.
2950 1189 3198 1241 Attamen
3247 1187 3462 1242 virtutis

1884 1300 2050 1341 causa
2075 1325 2092 1350 ,
2145 1292 2198 1339 et
2223 1291 2445 1353 propter
2475 1282 2762 1335 Dominum
2816 1279 3016 1333 afﬂicta
3043 1320 3056 1343 ,
3116 1279 3381 1348 patienter
3404 1293 3463 1332 se

1885 1377 2125 1448 gerebat.
2182 1373 2291 1431 Nec
2319 1392 2429 1446 quo
2461 1383 2618 1443 pacto
2657 1374 2878 1428 recitem
2931 1373 3046 1428 scio
3079 1372 3215 1426 alias
3243 1387 3306 1423 ex
3339 1370 3463 1424 aliis

1884 1471 2011 1524 vitae
2037 1469 2154 1537 ejus
2187 1469 2528 1523 calamitates
2557 1474 2611 1519 et
2643 1465 2788 1518 vices
2814 1504 2829 1527 ,
2864 1473 3186 1530 nostrasque
3215 1462 3463 1516 affinibus

1884 1572 1936 1615 et
1961 1561 2029 1614 ab
2053 1560 2279 1628 imperio
2298 1571 2608 1628 pressuras,
2633 1554 2977 1618 afllietioues,
3000 1562 3054 1607 et
3080 1552 3460 1608 adversitates.

1888 1653 2110 1707 Summa
2143 1651 2216 1704 rei
2251 1649 2372 1714 fuit,
2408 1646 2683 1701 famosum
2717 1644 3066 1714 imperatoris
3096 1645 3461 1710 adulterium,

1887 1743 2033 1812 quod
2088 1743 2246 1796 matri
2279 1756 2498 1810 quoque
2528 1747 2730 1793 nostra:
2774 1753 2940 1791 causa
2986 1736 3197 1790 doloris
3228 1736 3460 1790 exstitit.

1889 1831 2042 1887 Nunc
2073 1848 2199 1902 quia
2228 1832 2508 1902 publicum
2539 1829 2755 1884 facinus
2784 1828 3208 1882 commemoravi
3245 1869 3260 1892 ,
3297 1827 3464 1896 probe

1893 1925 2045 1981 scitis
2103 1939 2269 1993 quam
2317 1937 2461 1992 aegre
2518 1921 2606 1974 illa
2661 1919 2865 1983 tulerit,
2917 1933 3039 1971 cum
3093 1933 3195 1971 nos
3237 1917 3304 1972 de
3343 1933 3462 1972 mo-

1891 2019 2130 2074 nasterio
2189 2017 2496 2070 abstractos
2559 2014 2712 2077 vidit,
2781 2013 2982 2083 quippe
3031 2027 3152 2080 quae
3202 2012 3265 2064 ad
3313 2011 3460 2064 illam

1889 2114 2080 2166 horam
2127 2115 2476 2164 convenerat.
2545 2106 2650 2160 Sed
2684 2106 2933 2173 quamvis
2991 2104 3044 2156 in
3102 2103 3249 2156 luctu
3306 2113 3460 2164 erat,

1889 2204 2143 2260 sodalitio
2186 2200 2487 2272 praesertim
2534 2209 2727 2252 nostro
2768 2197 3002 2267 Spoliata
3035 2238 3048 2262 ,
3103 2210 3211 2248 non
3239 2204 3321 2248 cst
3375 2195 3462 2247 iu-

1887 2300 2127 2370 dignata,
2165 2311 2340 2366 neque
2367 2293 2682 2348 indecorum
2709 2292 3009 2361 quidquam
3046 2290 3225 2343 locuta
3249 2327 3263 2352 ,
3292 2303 3465 2357 neque

1890 2391 2129 2445 tunicam
2164 2387 2347 2450 scidit,
2383 2399 2560 2454 neque
2594 2383 2865 2439 clamores
2892 2381 3150 2449 lugubres
3188 2378 3409 2433 sustulit
3446 2395 3462 2444 ;

1888 2485 1980 2538 sed
2013 2483 2171 2537 Abite
2201 2521 2216 2548 ,
2254 2479 2430 2549 inquit
2452 2519 2466 2543 ,
2497 2478 2591 2532 filii
2621 2518 2639 2544 ,
2667 2486 2721 2532 et
2748 2476 2800 2530 in
2832 2475 3063 2529 Domino
3098 2473 3231 2528 salvi
3260 2482 3461 2534 eSIote,

1889 2589 2216 2646 quocunque
2275 2571 2494 2625 demum
2523 2569 2796 2623 ducemini
2828 2608 2842 2632 ,
2889 2576 2945 2621 et
2973 2566 3228 2634 quaelibet
3273 2578 3467 2634 perpe-

1891 2665 2142 2727 ttemiui,
2205 2659 2648 2730 quandoquidem
2708 2657 2841 2727 legis
2898 2655 3047 2710 illius
3106 2655 3276 2724 gratia
3339 2667 3466 2722 pro-

1891 2756 2126 2826 positum
2185 2752 2287 2806 hoc
2323 2749 2667 2820 suscepistis.
2726 2747 2924 2802 Melius
2977 2747 3122 2800 enim
3164 2743 3321 2800 vobis
3359 2751 3464 2805 est,

1889 2862 2052 2918 grave
2113 2844 2388 2913 quodlibet
2419 2857 2592 2911 usque
2615 2841 2680 2896 ad
2710 2841 3037 2912 sanguinem
3072 2840 3182 2909 pati
3217 2877 3234 2902 ,
3299 2851 3465 2907 quam

1889 2940 2200 2996 adulterum
2254 2939 2306 2991 in
2361 2935 2802 2990 communionem
2839 2933 3147 2994 admittere,
3195 2940 3360 3000 atque
3392 2929 3466 2982 ita

1890 3033 2175 3086 veritatem
2204 3029 2456 3098 prodere.
2488 3025 2531 3081 Ο
2572 3025 2840 3095 intrepida
2866 3025 3048 3078 anima
3081 3033 3134 3077 et
3161 3035 3421 3093 generosa
3449 3021 3462 3074 !

1893 3123 1968 3177 lbi
2010 3121 2232 3175 minime
2285 3119 2566 3182 concidit,
2625 3132 2723 3172 ceu
2773 3132 2869 3186 par
2904 3113 3098 3168 fuisset
3156 3112 3469 3180 contingere

1893 3215 2091 3269 infimae
2128 3212 2292 3266 alicui
2319 3220 2374 3265 et
2403 3209 2610 3264 enervi.
2647 3208 2789 3274 Quid
2822 3221 2950 3261 vero
2979 3205 3002 3258 ?
3028 3202 3326 3258 Nobiscum
3356 3202 3467 3255 dis-

1891 3305 2073 3369 cessit,
2125 3302 2410 3356 uobiscum
2452 3301 2556 3354 iter
2603 3298 2862 3368 suscepit,
2919 3296 3214 3349 delicatum
3259 3291 3469 3346 attrivit

1892 3397 2278 3467 corpusculum
2310 3395 2362 3448 in
2385 3392 2586 3447 montis
2607 3406 2859 3452 ascensu,
2887 3390 3093 3442 nullum
3114 3386 3346 3439 alacrem
3370 3383 3470 3436 via:

1892 3491 2144 3546 comitem
2178 3495 2356 3542 nacta.
2393 3484 2507 3538 Heu
2535 3485 2548 3538 ί
2589 3485 2688 3537 heu
2718 3484 2732 3536 l
2782 3481 3056 3550 quomodo
3088 3492 3278 3532 omnes
3306 3490 3468 3531 occa-

1893 3581 2142 3637 sionibus
2202 3579 2338 3632 fiunt
2393 3575 2720 3630 inhumani!
2777 3572 2919 3640 Quin
2972 3581 3026 3626 et
3082 3568 3332 3623 nonnulli
3388 3567 3470 3619 iu-

1893 3671 2165 3725 sultabant
2183 3679 2239 3724 et
2261 3667 2716 3722 conviciabantur
2738 3667 2831 3736 qui
2854 3667 3067 3719 fuerant
3092 3662 3160 3716 de
3175 3660 3467 3723 famulitio,

1895 3773 1954 3816 ut
1984 3762 2365 3831 evangelicum
2389 3759 2522 3813 illud
2550 3759 2920 3827 compleretur
2955 3775 2968 3811 :
3003 3753 3217 3808 Inimici
3240 3750 3468 3805 hominis

1893 3855 2167 3908 domestici
2198 3853 2311 3923 ejus
2343 3853 2386 3904 ‘.
2439 3849 2626 3921 Itaque
2655 3851 2720 3905 ad
2753 3866 2852 3905 nos
2883 3850 2937 3904 in
2965 3845 3302 3903 cruciatibus
3335 3857 3472 3914 quo-

1894 3963 2002 4019 que
2045 3948 2252 4017 positos
2281 3948 2438 4003 beata
2474 3948 2591 4002 haec
2621 3943 2951 4000 adventavit.

1967 4042 2020 4097 9.
2065 4039 2235 4094 Nemo
2274 4053 2480 4104 autem,
2514 4054 2721 4109 quaeso,
2754 4045 2965 4105 reputet
2997 4040 3213 4088 nosmet
3241 4031 3392 4100 ipsos
3442 4045 3470 4082 a

1895 4132 2056 4186 nobis
2089 4132 2409 4200 praedicari,
2441 4132 2536 4202 qui
2593 4146 2783 4186 revera
2825 4129 3028 4182 nullam
3061 4137 3269 4196 partem
3309 4122 3477 4191 hujus

1895 4223 2072 4278 laudis
2102 4225 2440 4294 attingimus.
2498 4222 2706 4293 Quippe
2729 4223 2820 4276 alii
2856 4262 2870 4285 ,
2922 4236 3029 4273 nou
3062 4235 3198 4282 nos,
3253 4228 3478 4272 strenue

1895 4323 2140 4382 egerunt,
2202 4322 2255 4366 et
2302 4313 2582 4366 communi
2640 4312 2821 4380 potius
2866 4310 3013 4361 Patri
3047 4323 3133 4361 res
3163 4307 3299 4360 bene
3325 4315 3476 4374 gesta

1898 4400 2156 4453 vertenda
2206 4408 2306 4454 est.
2365 4398 2632 4468 Ignoscite
2696 4410 2920 4460 autem,
2972 4397 3016 4449 si
3046 4394 3176 4448 dum
3244 4393 3480 4446 laudatae

1825 4510 1869 4565 υ
1898 4487 2112 4543 femina:
2167 4497 2442 4541 certamen
2478 4486 2807 4556 exponimus
2829 4525 2844 4549 ,
2875 4485 3027 4538 inviti
3061 4487 3111 4535 in
3140 4496 3323 4535 rerum
3359 4478 3479 4531 illa-

1896 4594 2016 4631 rum
2049 4578 2417 4632 narrationem
2446 4577 2759 4631 incidimus.
2809 4574 2912 4628 Sed
2956 4573 3176 4642 Magnus
3214 4569 3476 4623 Dominus

1895 4677 2090 4730 noster,
2121 4675 2170 4717 et
2220 4681 2410 4732 magna
2460 4664 2624 4717 virtus
2658 4663 2772 4732 ejus
2805 4663 2824 4693 ⁶
2863 4664 2876 4716 l
2908 4660 3000 4716 Illa
3034 4660 3218 4729 itaque
3242 4659 3386 4713 clam
3419 4656 3474 4710 in

1894 4753 2195 4807 custodiam
2228 4753 2494 4821 ingressa,
2525 4751 2656 4805 visis
2690 4750 2863 4820 plagis
2889 4763 3096 4819 easque
3131 4746 3380 4800 osculata
3423 4755 3480 4798 et

1894 4845 2256 4898 medicamine
2281 4859 2488 4913 ungeus
2517 4883 2532 4908 ,
2596 4841 2707 4898 Deo
2743 4841 2971 4912 gloriam
3023 4840 3352 4910 laudemque
3379 4839 3479 4891 ob-

1896 4938 2040 5002 tulit,
2093 4937 2220 5006 quia
2292 4937 2386 4990 filii
2447 4937 2530 4991 sui
2598 4945 2820 5006 propter
2857 4931 3106 5003 ejusdem
3145 4933 3316 5004 legem
3349 4929 3478 4984 talia

1893 5034 2232 5096 paterentur.
2275 5025 2366 5078 Sic
2391 5024 2481 5078 illa
2517 5039 2622 5078 nos
2651 5039 2775 5078 cum
2808 5022 3063 5093 precibus
3085 5061 3100 5086 ,
3135 5021 3430 5091 gemitibus
3459 5061 3475 5084 ,

1895 5113 2169 5181 simulque
2193 5113 2486 5178 hilaritate,
2514 5112 2655 5165 inter
2680 5112 2777 5165 has
2797 5111 2935 5164 duas
2965 5109 3133 5163 animi
3157 5108 3475 5179 passiones,

1898 5201 1968 5256 ab
2001 5201 2092 5256 illo
2159 5201 2278 5255 loco
2318 5200 2384 5253 ad
2437 5201 2694 5256 ulteriora
2747 5200 3017 5256 abductos
3060 5197 3330 5254 comitatis
3378 5197 3476 5251 ad-

1968 5569 2045 5640 (9)
2084 5566 2202 5640 Ipse
2230 5566 2557 5640 Theodorus
2579 5575 2789 5640 patrem
2831 5581 2991 5640 suum
3026 5564 3474 5640 spiritalem_Pla-

1899 5635 2082 5696 tonent
2110 5635 2176 5692 ad
2209 5635 2595 5692 constantiam—
2620 5639 2672 5692 in
2718 5635 3074 5698 adversitatc,
3106 5635 3341 5704 exempli
3378 5651 3476 5689 cte-

1899 5712 2031 5765 teris
2077 5707 2349 5780 praebendi
2388 5723 2579 5780 causa,
2627 5722 2956 5780 magnopere
3005 5707 3259 5764 hortatus
3291 5704 3470 5762 fuerat

1902 5777 2089 5834 Evist.’
2118 5777 2214 5832 lib.
2247 5793 2285 5844 ι,
2318 5777 2341 5832 l
2372 5787 2428 5834 et
2460 5778 2514 5832 ξ’...
