4018 6304
246 335 346 397 891

800 337 1085 399 ORATIO
1117 342 1290 401 ΧΠῘ.
1329 369 1391 377 -
1435 343 1821 404 LAUDATIO

1935 341 2239 402 *NEBRIS
2285 343 2362 401 ΙΝ
2419 340 2738 401 ΜΑΤΒΕΜ
2774 341 3002 403 SUAM.

3409 346 3513 406 898

247 445 353 496 τῶν
382 443 641 497 δουλίδων
659 441 754 496 τοῦ
784 446 1067 515 φρουρέως
1101 447 1329 518 ὑπέστη,
1357 450 1451 502 καὶ
1482 449 1582 502 ὃσα
1612 450 1826 504 ὲταλαι·

1935 450 1998 503 ι·ἰι
2053 464 2212 518 passa
2269 464 2298 502 a
2342 448 2586 502 custodis
2616 447 2866 510 ancillis,
2925 459 3128 516 quanta
3166 448 3219 502 in
3260 453 3511 520 angustia

248 536 478 606 πωρήθη
514 534 658 588 κατά
701 535 801 606 τὴν
848 536 948 606 τῆς
1003 537 1148 606 ζωῆς
1192 537 1478 609 ἀφορμὴν,
1531 540 1626 594 καὶ
1663 541 1826 611 ἀρτον

246 627 443 697 ὀδύνης
475 628 734 682 ἐσθίουσα
768 629 862 680 καὶ
893 627 1047 699 πόμα
1079 630 1311 695 θλίψεως
1343 633 1572 686 πίνουσα
1593 649 1608 664 θ
1645 635 1739 686 καὶ
1763 633 1822 685 ού

246 721 339 774 τοῦ
371 721 636 792 παρόντος
681 721 875 792 καιροῦ
907 722 976 774 τά
1026 723 1277 793 τηνικάδε
1311 725 1690 794 τετολμημένα
1732 725 1826 778 καὶ

247 815 592 882 γεγενημένα
631 812 1040 883 διασημαίνεινο
1090 813 1230 867 ἀλλά
1277 816 1668 888 συγχωρείσθω
1712 820 1826 880 τοῖς

248 904 588 972 δεδρακόσιν,
635 905 665 957 ὃ
693 922 746 957 τι
791 907 886 958 καὶ
925 907 1304 976 πεπράκασινο
1336 908 1478 962 οὕτω
1504 909 1614 981 γὰρ
1653 911 1825 962 εἰπεῖν

249 994 655 1066 ἁρμοδιώτερον
678 1037 693 1061 ,
724 998 771 1049 εί
807 999 900 1050 καὶ
935 997 1202 1068 κρίμασιν
1245 993 1326 1062 οἷς
1357 1001 1754 1072 παρεχώρησεν
1792 1001 1824 1072 ἢ

250 1087 628 1159 ᾡκονόμησεν,
673 1088 760 1141 ἵνα
791 1088 1132 1157 ὲγκόπτηται
1162 1091 1329 1143 κακία
1350 1133 1364 1157 ,
1395 1092 1488 1144 καὶ
1518 1092 1592 1163 μὴ
1621 1093 1701 1156 είς
1733 1093 1828 1144 νό-

256 1197 358 1251 μον
404 1181 626 1250 ἒρχεται
669 1180 729 1234 τὸ
762 1181 1276 1251 παρανομούμενον,
1307 1183 1441 1247 Θεὸς
1469 1185 1559 1237 τὸν
1588 1185 1828 1254 διωγμὸν

250 1273 650 1326 ἀνεκαλέσατο·
686 1273 782 1326 καὶ
807 1273 916 1344 γὰρ
939 1275 1288 1344 ὲπανήκομεν
1307 1278 1354 1328 oi
1380 1277 1828 1348 ὺπερορισθὲντες

251 1367 350 1419 καὶ
395 1365 920 1435 διασκορπισθέντεςι
940 1367 1018 1430 είς
1062 1367 1289 1431 ταυτὸν,
1339 1367 1416 1432 ὡς
1465 1370 1598 1431 ῐστε,
1649 1370 1829 1433 δεξιᾶς

251 1457 510 1527 τυχόντες
535 1457 634 1525 τῆς
671 1457 1076 1521 ἑπανελεύσεως
1112 1459 1264 1526 παρά
1290 1461 1386 1529 τῆς
1417 1460 1744 1530 κρατούσης.

325 1601 414 1648 ια’.
469 1594 630 1646 Ἀλλὰ
667 1594 712 1646 τί
745 1594 825 1648 ἔτι
865 1598 931 1667 τῇ
974 1595 1278 1668 θεοτιμήτῳ
1334 1597 1503 1668 μητρὶ
1535 1597 1670 1668 πρὸς
1717 1614 1829 1661 τοις

251 1686 566 1757 εἰρημένοις
597 1688 990 1758 προσθείημεν,
1023 1689 1118 1742 καὶ
1149 1687 1201 1742 τί
1228 1689 1698 1759 προσερεισόμεθα
1728 1690 1828 1760 άρ-

252 1776 612 1848 μώιὼτερονξς
635 1773 704 1829 Ὠ
731 1778 983 1849 δακρύων
1008 1777 1206 1847 ὀχετοὶ,
1232 1779 1346 1832 ὅσοι
1383 1781 1446 1832 ὲκ
1472 1779 1580 1832 τῶν
1611 1779 1827 1848 ἐκείνης

248 1868 549 1940 ὀφθαλμῶν
577 1871 788 1933 ἀενάως
812 1869 1135 1940 προεχέοντο
1159 1871 1248 1924 διὰ
1276 1872 1367 1924 τὸν
1397 1872 1585 1944 ἄνδρα,
1604 1873 1692 1926 διὰ
1716 1872 1824 1925 τῶν

249 1961 460 2015 παίδων
489 1960 580 2014 τὸν
614 1962 1028 2035 σφαλερώτερον
1059 1963 1196 2031 (14),
1229 1963 1320 2016 διὰ
1351 1964 1410 2017 τὸ
1446 1963 1825 2034 ποίμνιον,διὰ

247 2051 379 2114 τοὺς
401 2052 826 2117 ὀλισθαίνοντας,
846 2053 934 2104 διὰ
958 2053 1046 2106 τὸν
1075 2053 1197 2106 καθ’
1229 2053 1458 2106 ἕκαστον
1486 2055 1788 2125 στηριγμόν
1809 2055 1821 2108 ί

249 2140 442 2210 ἐπειδὴ
471 2141 547 2204 ὼς
584 2142 768 2212 μήτηρ
815 2143 1161 2213 πνευματικὴ
1203 2143 1263 2195 τὸ
1298 2144 1466 2197 ἐλεεῖν
1515 2139 1694 2216 εἶχεν·
1734 2146 1828 2200 καὶ

245 2232 324 2294 ὼς
345 2232 550 2303 ἀδελφὴ
574 2233 713 2301 ὑπὲρ
738 2233 981 2301 ἀδελφῶν
1003 2235 1144 2289 κατά
1167 2235 1372 2307 Κύριον
1394 2237 1480 2289 ἀεὶ
1501 2236 1824 2308 ἠγωνίζετο,

247 2325 354 2379 κᾶν
415 2325 476 2377 ού
539 2325 890 2394 συνῳκίζετο.
949 2327 1013 2378 Ὤ
1087 2327 1266 2398 ψυχῆς
1325 2328 1669 2400 οίκτίρμονος
1734 2330 1828 2384 καὶ

247 2417 544 2488 ὲλεήμονος
597 2416 866 2478 ὲπίδοσιςί
919 2419 1013 2472 καὶ
1055 2413 1102 2472 ὦ
1150 2421 1475 2490 σπλάγχνων
1521 2419 1827 2491 συμπαθῶν

248 2507 511 2569 κένωσις,
560 2505 622 2558 ού
671 2506 945 2578 φερόντων
996 2507 1092 2579 τὴν
1141 2507 1253 2562 τῶν
1305 2508 1640 2580 προσιόντων
1702 2508 1824 2562 στέ-

249 2600 458 2652 νωσινῑ
531 2599 669 2652 ῶστε
729 2600 822 2652 καὶ
874 2599 1092 2654 δέεσθαι
1141 2601 1311 2670 αὐτὴν
1359 2601 1499 2672 ὑπὲρ
1557 2601 1668 2654 τῶν
1713 2601 1830 2656 δεο-

251 2691 452 2761 μένων,
488 2691 582 2744 καὶ
611 2689 952 2753 δανείζεσθαι
979 2691 1117 2762 ὑπὲρ
1149 2691 1246 2745 τοῦ
1305 2692 1532 2746 δανείων
1584 2691 1829 2746 ἀπαλλά-

249 2782 377 2848 ξαι’
407 2783 505 2836 καὶ
557 2784 768 2852 χαίρειν
826 2784 920 2835 καὶ
962 2783 1157 2853 ἑαυτὴν
1214 2784 1479 2855 πρίασθαι
1526 2784 1667 2855 ὑπὲρ
1728 2784 1830 2854 τῆς

249 2876 456 2946 ἑτέρων
487 2873 942 2945 ἀπολυτρώσεως,
962 2875 1540 2945 τραπεζοποιουμενην
1570 2875 1639 2929 αὖ
1678 2877 1829 2929 πλει-

249 2967 443 3029 στάκις
472 2969 917 3036 χριστομιμήτως
947 3005 965 3030 ,
1000 2967 1095 3021 καὶ
1128 2967 1226 3030 τὰς
1257 2965 1556 3035 πενομένας
1619 2983 1826 3034 συγκα-

246 3057 544 3128 λουμένην,
574 3057 667 3111 καὶ
691 3060 808 3122 ταῖς
843 3058 1000 3121 ἰδίαις
1046 3058 1233 3128 χερσὶν
1267 3057 1669 3128 ὑπηρετοῦσαν,
1696 3057 1828 3110 διότι

1935 541 2097 594 fuerit
2126 543 2270 610 quod
2311 541 2504 594 attinet
2545 540 2610 594 ad
2645 539 2765 592 vitae
2804 540 3281 595 sustentationem.
3315 556 3509 611 panem

1929 632 2135 686 doloris
2190 631 2502 695 comedens,
2552 637 2606 684 et
2641 630 2866 684 calicem
2899 629 3090 684 bibens
3123 632 3510 686 tribulationis.

1932 723 2035 776 Sed
2068 738 2174 776 non
2205 734 2287 776 est
2329 722 2488 791 hujus
2524 722 2784 791 temporis
2815 721 2998 775 omnia
3053 737 3175 791 quae
3211 731 3339 776 tunc
3380 737 3512 776 ausa

1929 824 1983 870 et
2009 822 2125 869 aeta
2168 813 2390 868 fuerunt
2438 814 2766 884 signiﬁcare.
2827 812 3184 882 lgnoscamus
3243 815 3509 867 malorum

1930 909 2245 973 auctoribus
2277 907 2539 977 quidquid
2572 915 2819 976 egerunt.
2857 905 2950 960 Sic
2991 908 3136 961 enim
3165 907 3345 962 dicere
3375 921 3513 960 con-

1931 1001 2245 1055 venientius
2279 1010 2403 1067 est;
2437 1000 2884 1069 quandoquidem
2924 999 3146 1069 iudiciis
3218 999 3334 1054 suis
3387 1013 3514 1068 per-

1929 1093 2211 1148 missionis
2252 1101 2345 1146 aut
2401 1091 2774 1161 providentiae,
2811 1101 2871 1144 ut
2921 1091 3126 1144 malum
3163 1090 3520 1161 abrumpere-

1931 1195 2040 1248 tur,
2071 1194 2126 1238 et
2155 1200 2223 1237 ne
2252 1185 2334 1238 lex
2360 1184 2509 1237 ileret
2537 1183 2682 1253 quod
2705 1193 2825 1236 erat
2857 1183 3221 1252 illegitimum,
3259 1197 3518 1251 persecu-

1931 1279 2134 1333 tionem
2173 1277 2316 1331 Deus
2351 1275 2603 1331 sedavit:
2647 1291 2774 1329 nam
2807 1284 2861 1329 et
2912 1275 3154 1337 exsules,
3199 1274 3401 1329 reversi
3425 1289 3520 1329 su-

1932 1385 2091 1435 mus;
2125 1377 2178 1422 et
2219 1367 2479 1437 dispersi,
2523 1366 2706 1420 denuo
2754 1368 3149 1429 convenimus;
3181 1364 3414 1426 felicem,
3460 1373 3520 1418 ut

1930 1461 2100 1522 scitis,
2140 1458 2375 1516 reditum
2402 1459 2501 1512 abs
2567 1466 2826 1526 regnante
2859 1455 3088 1510 Domina
3145 1456 3440 1510 consecuti.

2001 1597 2090 1652 il.
2118 1597 2229 1667 Age
2255 1611 2384 1650 vero
2410 1595 2534 1666 quid
2593 1595 2773 1648 adhuc
2826 1593 3146 1647 venerandae
3177 1592 3368 1647 matris
3397 1591 3516 1644 lan-

1931 1691 2092 1746 dibus
2125 1691 2408 1753 addemus.
2441 1697 2533 1742 aut
2555 1687 2686 1757 quid
2711 1685 3125 1741 conrenientius
3169 1682 3517 1737 attexemus?

1931 1784 1974 1840 0
2008 1785 2370 1853 lacrymarum
2398 1780 2578 1846 rivuli,
2605 1787 2951 1850 quotquotex
2982 1779 3101 1845 ejus
3115 1777 3287 1829 oculis
3312 1791 3519 1844 peren-

1929 1875 2068 1928 niter
2133 1874 2438 1937 ﬂuxerunt,
2504 1879 2724 1940 propter
2767 1870 2967 1931 virum,
3021 1876 3240 1935 propter
3288 1881 3456 1919 unum
3487 1880 3517 1917 e

1930 1966 2056 2021 [iliis
2099 1965 2309 2021 lubrico
2352 1963 2525 2034 magis
2588 1962 2914 2024 obnoxium,
2965 1969 3188 2030 propter
3255 1957 3518 2012 Ecclesia:

1928 2071 2166 2128 gregem,
2198 2064 2416 2126 propter
2450 2055 2631 2125 lapsos
2666 2093 2681 2118 ,
2709 2055 2837 2109 dum
2879 2051 3123 2121 singulos
3153 2049 3391 2104 solidare
3420 2064 3515 2103 co-

1930 2160 2088 2205 natur
2121 2150 2134 2203 !
2168 2147 2416 2218 Namque
2449 2158 2506 2202 ut
2536 2147 2799 2217 spiritalis
2832 2154 3024 2207 mater,
3057 2145 3296 2196 clemens
3348 2151 3507 2206 erat;

1931 2250 1988 2296 ut
2017 2255 2192 2305 soror,
2235 2254 2333 2309 pro
2379 2238 2637 2293 fratribus
2667 2239 2721 2292 in
2774 2236 3005 2291 Domino
3059 2248 3336 2302 nunquam
3398 2248 3508 2287 non

1929 2331 2184 2394 sollicita,
2209 2329 2421 2384 etiamsi
2456 2327 2866 2384 contubernalis
2920 2341 3026 2380 non
3058 2337 3225 2384 esset.
3254 2321 3298 2377 0
3327 2323 3508 2376 anima

1930 2420 2316 2477 misericordia:
2346 2427 2397 2474 et
2425 2419 2784 2491 eleemosynze
2814 2433 3030 2486 semper
3063 2421 3283 2490 parata!
3317 2416 3360 2472 0
3403 2415 3512 2470 vis-
3541 2436 3547 2441 ·

1929 2528 2116 2568 oerum
2149 2511 2513 2580 benignorum
2555 2509 2728 2565 eﬂ'usa
2763 2512 3023 2576 cliaritas,
3057 2527 3180 2580 qua:
3233 2510 3506 2566 neminem

1929 2603 2270 2660 accedentem
2319 2604 2590 2671 angustiis
2645 2603 2766 2672 angi
2826 2603 3038 2657 sinebat
3074 2606 3191 2658 lita
3228 2611 3287 2656 ut
3327 2610 3508 2672 egeret

1930 2697 2047 2765 ipsa
2075 2710 2175 2764 pro
2206 2694 2596 2764 indigentibus,
2656 2709 2939 2746 versuram
2975 2692 3179 2748 faceret
3221 2708 3319 2762 pro
3365 2692 3508 2745 redi-

1930 2785 2140 2840 mendis
2169 2785 2401 2839 aliorum
2441 2783 2702 2843 versuris.
2739 2786 2961 2855 gestiret
2997 2783 3232 2854 denique
3278 2783 3506 2852 pretium

1929 2891 2028 2946 pro
2053 2875 2281 2929 aliorum
2345 2875 2716 2943 redemptione
2749 2875 3059 2944 persolvere
3083 2916 3098 2938 ,
3142 2873 3508 2943 trapeziticam

1930 2965 2096 3020 etiam
2128 2966 2427 3037 saepissime
2467 2967 2664 3020 Christi
2700 2966 3004 3022 imitatione
3041 2981 3328 3020 exercens.
3364 2966 3509 3020 Pau-

1932 3060 2152 3129 peribus
2179 3075 2398 3131 quoque
2433 3058 2652 3114 feminis
2683 3059 2748 3114 ad
2794 3074 2854 3115 se
2920 3059 3233 3115 convocatis
3275 3059 3511 3127 propriis

248 3151 392 3220 ἔρως
430 3143 500 3218 ἦν
530 3147 689 3218 αὐτῇ,
719 3148 780 3201 τὸ
803 3149 900 3219 τῆς
948 3147 1317 3218 φιλοπτωχίας
1349 3145 1604 3217 δώρημα.
1660 3147 1724 3200 Ὢ
1752 3147 1827 3200 τί-

1936 3153 2191 3207 manibus
2239 3151 2634 3218 ministrabat;
2677 3167 2910 3222 namque
2978 3151 3033 3205 in
3087 3151 3300 3205 deliciis
3320 3149 3370 3202 ei
3411 3147 3512 3201 fuit

250 3247 382 3318 μίου
407 3245 674 3315 στόματος
693 3245 792 3314 τῆς
819 3246 883 3298 ἐκ
914 3245 1073 3299 θείων
1101 3244 1297 3313 λογίων
1318 3244 1511 3298 ἀενάου
1539 3243 1834 3314 ἐκμελετή-

249 3355 414 3402 σεως,
448 3340 541 3392 καὶ
575 3337 991 3406 ἀπαραλείπτου
1029 3338 1192 3408 μέχρι
1225 3338 1457 3392 θανάτου
1487 3337 1826 3405 διαλειτουρ-

247 3431 472 3501 γὴσεως
507 3429 519 3482 ι
553 3430 616 3481 Ὦ
649 3429 848 3496 τιμίων
887 3428 1063 3481 ποδῶν
1094 3427 1559 3498 ἀποσφυρώσεως,
1617 3428 1680 3480 ἐκ
1734 3425 1832 3496 τῆς

249 3522 611 3590 ἐπευκτικῆς
642 3519 777 3588 πρὸς
801 3519 934 3572 Θεὸν
960 3518 1244 3573 ἀνενδότου
1273 3518 1489 3587 πήξεώς
1514 3536 1570 3572 τε
1613 3517 1708 3572 καὶ
1733 3536 1835 3572 πα-

251 3613 598 3685 ραστάσεωςί
635 3613 698 3664 Ὢ
721 3610 781 3664 ού
818 3612 977 3682 μόνον
1003 3611 1316 3682 ὲσπερινῆς,
1357 3611 1494 3668 ἀλλὰ
1523 3613 1618 3665 καὶ
1647 3611 1834 3682 όρθρι-

251 3707 348 3776 γῆς
376 3705 471 3757 καὶ
501 3703 897 3774 μεσονυκτινῆς
923 3704 1088 3756 ὁσίων
1117 3705 1314 3773 χειρῶν
1354 3705 1492 3774 πρὸς
1550 3703 1682 3756 Θεὸν
1733 3706 1833 3756 £1:-

251 3797 467 3865 άρσεως
492 3795 584 3845 καὶ
613 3793 927 3860 διανυτικῆς
951 3792 1060 3843 τῶν
1099 3793 1433 3862 αἰτηθέντων
1463 3793 1791 3858 ἑπιτεύξεως
1817 3793 1829 3845 !

253 3884 413 3940 κα¹ιῶ
445 3883 777 3955 νυκτερινῶν
826 3883 1089 3941 ἐνυπνίων
1143 3884 1569 3954 διασαφήσεωςί
1641 3884 1832 3953 ἐπειδὴ

253 3976 393 4047 πρὸς
419 3975 487 4028 τά
523 3975 912 4046 παριστάμενα
934 3975 1173 4047 λυπηρὰ,
1202 3976 1463 4039 πολλάκις
1498 3977 1634 4047 αὐτῇ
1700 3975 1833 4040 Θεὸς

253 4071 316 4124 τὸ
340 4068 534 4139 μέλλον
559 4069 1004 4140 προμεμήνυκεν,
1033 4069 1525 4140 παραμυθούμενος
1547 4071 1646 4136 τὴν
1666 4068 1832 4123 αὑτοῦ

255 4161 612 4231 θεράπαιναν.
658 4161 722 4213 Ὢ
748 4164 845 4231 τῆς
882 4162 974 4214 τοῦ
1003 4161 1123 4214 ὅλου
1157 4162 1408 4232 σώματος
1462 4163 1522 4228 ἐξ
1549 4164 1834 4234 ἀσκήσεως

256 4251 623 4320 παραλύσεως
651 4252 664 4304 l
697 4252 792 4303 καὶ
820 4251 864 4303 ῶ
885 4252 1136 4314 εὐτελοῦς
1171 4253 1265 4306 καὶ
1296 4254 1536 4306 άθάλπου
1569 4257 1624 4306 ὲν
1653 4253 1832 4323 καιρῷ

255 4339 460 4408 κρύους
491 4341 754 4401 ἐνδύσεως
782 4339 795 4390 ι
831 4340 923 4392 καὶ
944 4339 989 4392 ῶ
1025 4342 1316 4412 στρωμνῆς
1345 4342 1605 4413 διαξήρου
1643 4343 1830 4412 στενῆς

255 4449 314 4485 τε
351 4432 447 4485 καὶ
479 4431 730 4500 κολοδῆς,
764 4432 857 4483 καὶ
882 4431 1162 4502 ψυχούσης
1192 4433 1560 4496 ἁνακλίσεωςί
1626 4433 1669 4486 ὢ
1731 4436 1831 4503 τῆς

1934 3260 2058 3314 erga
2092 3244 2280 3308 inopes
2322 3243 2626 3313 benignitas
2659 3243 3011 3314 largitasque.
3063 3242 3109 3296 0
3141 3242 3507 3296 venerandum

1935 3351 2018 3401 os,
2056 3334 2201 3406 quod
2239 3334 2423 3388 divina
2477 3333 2694 3405 eloquia
2753 3349 2970 3404 semper
3016 3334 3406 3398 meditabatur,
3458 3344 3511 3385 et

1937 3426 2313 3481 incessabilem
2366 3442 2541 3496 usque
2577 3427 2644 3482 ad
2698 3436 2928 3482 mortem
2980 3425 3255 3496 liturgiam
3290 3423 3459 3480 obivit
3496 3425 3509 3476 ι

1935 3515 1979 3572 0
2015 3517 2448 3572 venerandorum
2489 3517 2686 3585 pedum
2737 3516 2804 3570 ad
2857 3516 3245 3570 ambulandum
3312 3513 3514 3567 indesi-

1937 3617 2126 3662 nenter
2154 3607 2221 3662 ad
2253 3606 2420 3662 Deum
2449 3607 2680 3662 malleoli
2717 3605 2856 3660 [irini
2888 3621 3102 3676 semper
3129 3615 3299 3674 atque
3349 3620 3512 3674 para-

1938 3697 1974 3750 ti
2005 3700 2017 3751 !
2051 3697 2093 3751 0
2115 3712 2224 3751 non
2252 3713 2475 3767 vespere
2505 3707 2712 3753 tantum
2735 3697 2829 3752 sed
2860 3707 2913 3751 et
2937 3713 3096 3751 mane
3124 3707 3176 3750 et
3206 3707 3367 3753 nocte
3409 3713 3511 3750 mc-

1934 3791 2020 3842 dia
2057 3799 2368 3842 sanctarum
2404 3804 2664 3842 manuum
2697 3788 2763 3842 ad
2801 3789 2968 3842 Deum
2996 3789 3246 3852 elevatio,
3279 3799 3332 3842 et
3360 3800 3508 3844 certa

1933 3879 2329 3949 postulatorum
2362 3881 2668 3950 impetratio
2702 3878 2783 3935 ΞΟ
2822 3889 3212 3936 nocturnorum
3276 3885 3514 3936 somnio-

1936 3987 2055 4025 rum
2087 3972 2442 4026 revelatinncs
2470 3973 2482 4025 !
2517 3971 2728 4027 Etenim
2761 3974 2831 4027 ob
2861 3975 3284 4028 circumstantes
3319 3975 3512 4029 moles-

1938 4064 2040 4118 tias
2101 4079 2241 4131 saape
2308 4063 2448 4118 Deus
2509 4063 2690 4118 futura
2731 4067 3208 4134 prannonstrarit,
3251 4064 3511 4120 famulam

1934 4170 2086 4210 suam
2144 4155 2457 4209 consolans.
2502 4153 2547 4210 0
2581 4155 2748 4211 totius
2798 4157 3047 4227 corporis
3096 4159 3166 4212 ob
3220 4161 3512 4213 aseeticam

1934 4249 2100 4302 vitam
2135 4250 2445 4314 dissolutio,
2487 4252 2720 4322 vilisque
2769 4262 2822 4307 et
2857 4254 2998 4307 male
3042 4254 3110 4306 ab
3153 4254 3384 4309 hiberno
3415 4253 3512 4308 fri-

1933 4355 2064 4408 gore
2119 4351 2406 4412 protegens
2454 4345 2623 4398 vestis
2660 4346 2671 4397 ι
2719 4341 2762 4398 0
2792 4344 2986 4399 lectule
3031 4345 3241 4415 rigide,
3286 4354 3516 4412 anguste

1933 4445 2215 4504 curteque,
2270 4435 2557 4505 [rigidique
2617 4435 2966 4491 discubitus!
3001 4436 3044 4491 0
3072 4437 3386 4491 indill'erens
3445 4448 3500 4491 et

254 4523 448 4592 ἀφίλου
473 4522 568 4576 καὶ
598 4521 967 4575 ἀσυνδυάστου
1006 4523 1139 4592 πρὸς
1190 4526 1370 4578 πᾶσαν
1433 4523 1553 4592 ὄψιν
1602 4525 1828 4596 ἄρρενος

1937 4526 2353 4582 inconeiliabilis
2379 4541 2506 4596 erga
2541 4526 2834 4596 cujuslibet
2890 4527 2990 4580 viri
3037 4537 3313 4596 aspectqu
3346 4530 3511 4582 animi

255 4614 577 4678 διαθέσεωςι
610 4616 703 4666 καὶ
733 4611 778 4666 ῶ
807 4613 904 4682 τῆς
930 4613 1192 4683 ἐπιμόνου
1227 4618 1320 4668 καὶ
1376 4617 1680 4688 τεταμένης
1731 4618 1830 4670 αύ-

258 4703 360 4774 τῆς
389 4705 526 4776 πρὸς
550 4704 683 4757 Θεὸν
716 4704 1023 4774 μονώσεως.
1049 4705 1146 4758 Διά
1179 4706 1336 4758 τοῦτο
1372 4708 1594 4777 γάρκαὶ
1625 4709 1826 4778 ἀκηδίᾳ

257 4797 588 4862 παλαίοντα,
621 4797 717 4849 καὶ
752 4798 890 4867 μήτε
917 4799 1062 4868 ἡμᾶς
1093 4798 1222 4868 ὀρᾷν
1251 4796 1448 4867 ἔχουσα
1481 4800 1823 4870 συχνότερον,

262 4890 400 4961 μήτε
438 4891 599 4944 ἀλλον
631 4889 722 4942 τὸν
757 4889 1141 4960 πνευματικῶς
1184 4889 1578 4957 ύπαλείφοντα,
1635 4893 1834 4961 ἡττᾶτο

261 4982 558 5053 ποιουμένη
589 4982 687 5044 τάς
718 4998 870 5044 τινας
894 4982 1155 5052 προόδους
1185 4982 1279 5035 καὶ
1305 4982 1615 5051 ἀποδημίας
1649 5001 1660 5013 ο
1695 4985 1832 5038 ἀλλὰ

260 5071 360 5122 κάν
411 5071 588 5141 τούτῳ
626 5071 719 5124 τὸν
780 5074 979 5126 κανόνα
1031 5073 1372 5140 φυλάττουσα
1425 5074 1833 5143 ἀπαράλειπτον

258 5163 618 5217 ἀπεδείκνυτο
637 5178 653 5195 ο
696 5162 741 5216 ῶ
768 5164 1055 5235 φιλεργίας
1083 5165 1492 5236 ἀνυπερϐλήτου
1530 5165 1744 5236 νύκτωρ
1774 5183 1833 5218 τε

258 5254 352 5306 καὶ
380 5254 502 5323 μεθ’
534 5255 750 5324 ἡμέραν
776 5253 1161 5318 διακοπὼσεως
1189 5257 1200 5308 !
1235 5256 1328 5308 καὶ
1348 5255 1392 5307 ῶ
1421 5257 1698 5310 δακτύλων
1739 5257 1833 5310 τοῦ

257 5346 587 5416 ἐργαστικοῦ
612 5347 1108 5416 ἀποσκληρώσεως.
1131 5348 1223 5398 καὶ
1251 5347 1327 5410 είς
1364 5347 1569 5416 βύρσης
1603 5349 1834 5419 σκληρό-

255 5455 390 5511 τητα
417 5440 885 5511 μεταποιηθείσης
935 5440 1033 5510 τῆς
1067 5440 1299 5509 φυσικῆς
1348 5440 1688 5510 άπαλότητος
1716 5458 1727 5470 ·
1761 5441 1834 5512 μὴ

325 5672 440 5747 (μ)
484 5671 745 5747 Intelligit
783 5671 1158 5747 Bulliymium,
1182 5693 1340 5747 quem
1371 5679 1435 5732 ad
1466 5681 1829 5734 constantiam

253 5744 443 5797 multis
496 5744 679 5797 verbis
741 5744 1033 5798 roborabat
1085 5744 1211 5814 ipse
1264 5749 1581 5802 Theodorus
1642 5750 1735 5802 lib.
1782 5767 1828 5814 ι,

1942 4618 2156 4672 habitus
2183 4617 2195 4670 ί
2231 4619 2270 4670 0
2300 4626 2558 4671 constans
2588 4625 2641 4671 et
2673 4618 2834 4670 enixa
2860 4618 3033 4687 ipsius
3062 4633 3186 4673 cum
3244 4618 3353 4674 Deo
3385 4621 3514 4673 soli-

1940 4711 2068 4763 tudo
2097 4711 2109 4762 !
2144 4708 2324 4776 Quare
2358 4719 2412 4763 et
2446 4725 2568 4764 cum
2601 4709 2781 4764 tristia
2813 4709 3162 4777 conﬂictans,
3199 4727 3373 4779 neque
3415 4727 3514 4767 nos

1939 4819 2082 4870 saepe
2122 4805 2362 4872 aspicere
2396 4809 2606 4871 valens,
2644 4819 2820 4873 neque
2873 4806 3040 4859 alium
3062 4808 3154 4874 qui
3197 4806 3516 4875 spiritaliter

1944 4906 2232 4958 recrearet,
2271 4895 2492 4948 maerori
2548 4895 2768 4959 cedens,
2820 4897 3164 4966 egressiones
3221 4899 3432 4965 aliquas
3463 4911 3514 4952 et

1941 4989 2405 5059 peregrinationes
2440 4987 2670 5043 faciebat
2704 5008 2717 5044 :
2753 5000 3124 5046 verumtamen
3161 4992 3213 5044 in
3256 4992 3340 5044 bis
3383 4993 3515 5059 ipsis

1941 5081 2238 5133 solemnem
2288 5094 2510 5147 precum
2549 5080 2793 5134 ordinem
2825 5092 3081 5136 accurate
3125 5085 3415 5139 observare
3456 5100 3514 5137 se.

1940 5168 2371 5222 demonstrabat.
2398 5169 2441 5224 Ο
2475 5169 2653 5223 diurni
2705 5172 3066 5241 nocturnique
3118 5171 3319 5227 laboris
3363 5189 3511 5227 sum-

1943 5276 2063 5314 mus
2093 5261 2280 5314 amor!
2310 5258 2353 5314 0
2384 5260 2677 5330 digitorum
2701 5278 2762 5316 ex
2800 5281 2962 5332 opere
2999 5265 3245 5329 durities,
3270 5277 3322 5320 et
3357 5277 3515 5321 natu-

1943 5351 2072 5404 ralis
2100 5351 2402 5404 teneritudo
2433 5352 2485 5405 in
2523 5355 2653 5406 corii
2677 5357 3025 5424 asperitatem
3063 5374 3324 5412 conversa
3349 5360 3362 5411 ί
3387 5362 3514 5430 quia

1943 5441 2191 5494 videlicet
2224 5456 2328 5494 non
2359 5457 2456 5510 pro
2475 5459 2532 5499 sc
2556 5455 2791 5511 tantum,
2825 5447 2901 5514 (id
2929 5449 3074 5502 enim
3106 5452 3330 5505 minime
3352 5468 3515 5506 cura-

1939 5679 2168 5751 cpisl._jlr
2198 5700 2210 5734 :
2239 5677 2488 5747 άνδρίζου
2519 5679 2614 5735 οὖν
2641 5681 2732 5733 καὶ
2759 5680 2941 5744 αὐτὸς.
2970 5681 3165 5751 ἀδελφὲ
3191 5681 3320 5749 κύρι
3350 5678 3521 5734 Εὐθύ-

1941 5767 2030 5816 μιε
2060 5769 2071 5803 :
2110 5748 2346 5803 Viriliter
2375 5765 2468 5816 age
2498 5765 2544 5806 et
2582 5762 2660 5813 tu,
2683 5753 2889 5805 domine
2917 5752 3084 5817 frater
3111 5748 3380 5818 Eumymi,
3413 5761 3514 5806 etc.
