4018 6304
553 367 662 431 899

1737 369 1799 429 S.
1831 366 2222 428 THEODORI
2268 366 2615 429 STUDI‘I‘AS

3689 353 3795 416 900

554 477 692 546 bat),
719 475 812 533 sed
840 491 938 548 pro
971 476 1138 532 totius
1169 475 1281 532 fere
1312 477 1548 532 eoenobii
1573 477 1910 534 indumentis
1936 491 2117 548 opera-

2229 477 2310 529 ὅτι
2342 477 2477 544 πρὸς
2505 478 2566 531 τὸ
2610 475 2810 546 ἑαυτὴν
2865 472 3128 544 ἐπαρκεῖν
3184 466 3561 542 ἐργαζομένης
3613 464 3794 535 (τοῦτο

553 567 735 634 batur,
773 575 831 621 ut
860 582 956 622 vos
984 567 1258 623 auditores
1287 568 1464 623 scitis.

625 837 712 890 12.
750 836 1051 904 Singularis
1081 834 1282 905 quippe
1332 834 1384 889 in
1417 834 1518 891 hoc
1567 834 1765 890 femina
1794 835 1896 891 fuit
1927 847 2118 908 prater

552 936 741 982 cetera
786 967 800 991 ,
854 928 924 980 ita
965 936 1023 980 ut
1073 926 1119 982 si
1150 942 1254 996 qua
1295 926 1348 980 in
1389 941 1444 980 re
1511 926 1832 996 reprehendi
1865 937 1922 981 ut
1955 928 2118 982 homo

553 1024 746 1084 potest,
773 1014 897 1068 hinc
920 1029 1048 1068 ansa
1099 1013 1408 1082 arripiatur,
1431 1022 1591 1082 atque
1617 1029 1682 1067 ex
1717 1015 1921 1084 reliquo
1965 1014 2115 1084 ejus-

550 1104 670 1158 dem
699 1121 826 1174 erga
857 1105 1106 1158 virtutem
1145 1104 1356 1159 fervore
1385 1123 1400 1166 ;
1455 1120 1563 1173 quo
1610 1104 1768 1160 fiebat
1798 1107 2118 1176 plerumque

550 1197 841 1252 vehemens
867 1206 920 1250 et
948 1197 1110 1250 nimia
1139 1212 1266 1266 erga
1302 1197 1479 1251 socias
1503 1213 1751 1252 asceseos
1784 1215 1847 1253 ac
1873 1200 2116 1254 subditas

549 1288 808 1343 exactrix.
856 1287 968 1342 lmo
1000 1297 1053 1342 et
1094 1288 1372 1344 iracundia
1416 1292 1846 1345 succendebatur
1873 1291 1926 1344 in
1971 1291 2116 1346 defe-

548 1380 724 1434 ctibus
770 1379 885 1433 sive
932 1396 1193 1448 operum,
1232 1383 1346 1436 sive
1400 1383 1846 1451 psalmodiarum,
1901 1385 2013 1439 sive
2047 1385 2114 1439 ad

547 1470 717 1525 officia
750 1473 1090 1528 assiduitatis
1124 1490 1137 1538 ;
1171 1489 1403 1543 raroque
1452 1475 1504 1528 iu
1551 1475 1635 1529 his
1665 1490 1690 1526 a
1720 1476 1971 1544 quapiam
2022 1491 2114 1530 su—

555 1565 846 1631 perabatur
878 1604 892 1629 ,
931 1566 1296 1634 socordesque
1357 1567 1616 1633 urgebat,
1648 1575 1700 1619 et
1727 1567 1896 1636 alapis
1949 1567 2110 1621 etiam

547 1655 969 1724 inobsequentes
1014 1657 1284 1726 pulsabat.
1323 1656 1425 1710 Sed
1464 1667 1640 1711 tamen
1677 1658 1756 1711 sic
1806 1658 1969 1712 etiam
2000 1674 2114 1712 ma-

546 1746 626 1814 gis
667 1747 1012 1815 diligebatur,
1046 1763 1207 1816 quam
1240 1747 1314 1800 illi
1344 1745 1435 1816 qui
1469 1748 1587 1815 plus
1619 1746 1785 1800 nimio
1829 1747 2112 1815 indulgen-

2220 569 2326 637 γὰρ
2361 569 2586 638 μηδενὸς
2616 569 2774 636 λόγου
2803 567 2943 636 πρὸς
2967 564 3186 634 αὐτῆς),
3223 562 3357 616 ἀλλὰ
3389 560 3485 614 καὶ
3531 560 3670 628 πρὸς
3729 560 3795 610 τὸ

2217 659 2336 712 ὅλον
2361 660 2624 714 κοινόὸιον
2666 658 2850 729 σχεδὸν
2883 656 3233 719 ἐνδιδύσκειν,
3267 653 3343 716 ὡς
3369 648 3686 713 ἐπίστασθε,
3739 651 3792 702 o!

2217 751 2511 815 ἀκούοντες
2535 761 2551 819 ί
2562 753 2579 805 l
2593 752 2668 819 5).

2291 844 2376 913 ιβ’·
2408 844 2518 895 Καὶ
2553 843 2660 912 γὰρ
2692 842 2816 910 ξένη
2841 858 2926 902 τις
2955 838 3063 892 τῶν
3096 832 3370 904 γυναικῶν
3390 833 3446 884 ὲν
3474 833 3650 902 τούτῳ
3674 830 3791 899 ὦφ-

2219 931 2284 1001 θη
2339 932 2475 1000 μετά
2497 931 2604 983 τῶν
2639 931 2811 984 ἀλλων
2831 945 2846 959 ο
2878 929 3018 982 ὥστε
3073 923 3167 978 καὶ
3191 923 3243 975 ετ
3267 940 3319 975 τι
3369 921 3445 983 ὼς
3503 920 3792 989 ἄνθρωπον

2218 1023 2385 1093 αὐτὴν
2410 1023 2523 1076 ἔστι
2564 1023 2890 1092 μωμείσθαι,
2921 1017 3168 1072 ἐντεῦθεν
3194 1014 3294 1077 τάς
3327 1014 3582 1083 ἀφορμὰς
3612 1029 3790 1081 προσ-

2218 1117 2377 1179 εῖναι,
2447 1114 2540 1167 καὶ
2565 1115 2627 1166 ἐκ
2651 1115 2748 1182 τῆς
2784 1112 2946 1181 ἀλλης
2976 1108 3148 1176 αὐτῆς
3185 1105 3311 1176 περὶ
3343 1104 3412 1157 τὰ
3465 1103 3608 1157 καλὰ
3665 1102 3795 1173 θερ-

2220 1205 2472 1275 μότητος,
2507 1203 2826 1273 ἐπιτατικὴν
2853 1202 2930 1264 ὡς
2966 1200 3036 1253 τά
3069 1196 3240 1251 πολλὰ
3280 1195 3448 1248 οῦσαν
3500 1194 3792 1264 ἀκριϐολοε

2216 1298 2489 1368 γουμένην
2516 1297 2650 1368 πρὸς
2681 1296 2777 1360 τὰς
2807 1292 3251 1361 συνασκουμένας
3276 1288 3622 1358 ὑποχειρίους
3642 1324 3658 1349 ,
3697 1287 3793 1339 καί

2218 1387 2569 1457 θυμουμένην
2598 1385 2742 1437 ἔστιν
2768 1384 2855 1436 ὅτε
2895 1383 2952 1435 ἐν
3010 1382 3129 1442 ταῖς
3167 1378 3472 1448 ἐλλείψεσιν
3521 1376 3632 1429 εἴτε
3680 1375 3791 1427 τῶν

2215 1476 2412 1546 ἔργων,
2449 1476 2558 1528 εἴτε
2584 1474 2690 1527 τῶν
2719 1470 3068 1542 ψαλμῳδιῶν,
3091 1471 3197 1521 εἴτε
3216 1468 3326 1521 τῶν
3357 1465 3781 1537 παραστάσεων·

2214 1568 2287 1630 ὠς
2314 1568 2405 1619 καὶ
2436 1566 2730 1636 νικηθῆναι
2756 1565 2924 1633 αὐτὴν
2958 1562 3018 1614 οὐ
3046 1559 3326 1622 πολλάκις,
3374 1556 3587 1626 ὼθῆσαί
3616 1572 3676 1607 τε
3700 1573 3791 1606 νυ-

2215 1658 2538 1720 σταζούσας,
2568 1655 2601 1726 ἦ
2633 1656 2727 1708 καὶ
2761 1655 2984 1724 ῥαπίσαι
3032 1649 3396 1720 ἀνηκοοῦσας.
3465 1647 3660 1725 Ἀλλά.
3693 1649 3790 1699 καὶ

2215 1748 2311 1800 εἴθ’
2338 1749 2507 1812 οὕτως
2535 1742 2648 1817 εἶχε
2684 1747 2743 1800 τὸ
2772 1744 3088 1813 ἀγαπᾶσθαι
3124 1743 3326 1812 μᾶλλον
3347 1739 3487 1810 ὑπὲρ
3520 1740 3650 1802 τοὺς
3669 1738 3791 1790 λίαν

544 1843 625 1890 tes
665 1845 837 1902 sunt;
891 1837 1016 1906 quia
1081 1853 1187 1890 non
1241 1837 1342 1890 nisi
1405 1838 1535 1890 recti
1564 1837 1796 1906 bonique
1831 1852 2014 1891 amore
2044 1838 2108 1892 iis

2217 1813 2620 1910 ὑμαλωτάτους,
2649 1839 2738 1891 διὰ
2769 1839 2829 1890 τὺ
2862 1840 2920 1904 ἐξ
2946 1836 3151 1905 ἀγαθοῦ
3179 1835 3348 1904 αὐτὴν
3371 1831 3795 1900 κινεῖσθαιπρδς

542 1928 785 1980 motibus
823 1927 1246 1996 percellebatur:
1273 1927 1509 1995 alioquin
1541 1942 1763 1996 prorsus
1801 1927 1869 1980 ab
1909 1926 1993 1980 his
2019 1927 2112 1981 ab-

542 2018 788 2081 b0rrens,
822 2025 874 2071 et
908 2017 1135 2071 subesse
1164 2017 1283 2071 aliis
1313 2016 1611 2085 deposcens
1642 2035 1653 2068 :
1686 2017 1899 2070 interim
1941 2015 2107 2070 Deum

541 2109 645 2164 sibi
682 2108 1086 2163 misericordem
1120 2107 1436 2176 implorans,
1465 2107 1603 2161 sicut
1631 2123 1730 2161 nos
1760 2108 1880 2162 aliis
1909 2109 2113 2177 pariter

540 2202 932 2258 condonamus.
985 2199 1194 2270 Reapse
1237 2209 1359 2270 post
1397 2198 1609 2254 Patrem
1637 2200 1988 2271 (Platonem)
2019 2216 2114 2255 cu-

541 2293 717 2349 stodia
762 2293 1051 2357 inclusum,
1086 2292 1221 2346 adeo
1261 2292 1393 2346 mihi
1436 2293 1505 2346 ob
1544 2307 1699 2346 suam
1753 2293 2114 2346 humilitatem

544 2385 785 2456 subjecta
822 2395 958 2448 erat,
987 2400 1151 2453 seque
1176 2384 1229 2437 in
1263 2384 1585 2450 obsequium
1622 2382 1940 2446 tradiderat,
1975 2395 2034 2438 ut
2063 2394 2116 2439 et

545 2475 803 2532 famulam
830 2491 887 2530 se
919 2475 1233 2543 appellaret,
1264 2483 1319 2527 et
1341 2474 1573 2542 indignis
1607 2473 1832 2541 pedibus
1859 2475 1994 2528 meis
2019 2474 2117 2528 ad-

550 2567 894 2628 volveretur,
951 2573 1004 2619 et
1045 2564 1225 2618 cordis
1270 2578 1467 2617 arcana
1514 2563 1642 2616 mihi
1691 2562 2033 2631 patefaceret,
2065 2572 2120 2618 et

552 2659 863 2712 nullatenus
914 2672 944 2711 a
998 2657 1132 2710 meis
1179 2656 1506 2726 praescriptis
1539 2656 1860 2710 discederet.
1908 2655 2120 2712 Pudore

548 2749 714 2816 igitur
744 2751 904 2801 miser
928 2761 1028 2818 ego
1059 2747 1593 2817 sull‘umlur,quutics
1621 2758 1812 2815 reputo
1843 2749 2118 2818 quomodo

549 2840 639 2894 illa
698 2851 808 2894 me‘
845 2840 1126 2893 dominum
1192 2849 1508 2908 patremque
1550 2838 1877 2902 nominaret,
1903 2849 1955 2893 et
1980 2854 2118 2908 quo-

548 2933 708 2988 modo
739 2947 823 2986 me
862 2932 1087 2995 coleret,
1116 2945 1358 2985 amorem
1392 2930 1575 2983 timori
1622 2928 1931 2984 admiscens
1957 2970 1970 2993 ,
2025 2945 2119 2984 ne-

547 3040 654 3095 qne
678 3033 737 3079 ut
775 3034 966 3088 mater,
991 3024 1083 3078 sed
1118 3033 1172 3076 ut
1218 3024 1322 3076 lilia
1361 3037 1566 3076 morem
1604 3033 1838 3090 gereret.

615 3115 704 3168 13.
743 3113 1009 3168 Praeterea
1060 3115 1142 3168 lex
1177 3114 1250 3167 illi
1309 3113 1389 3165 vel
1413 3113 1568 3167 limes
1607 3113 1952 3167 continentia
1995 3111 2115 3178 fuit,
2146 3145 2187 3202 ο

542 3222 819 3278 nunquam
849 3207 1131 3261 comedere
1158 3206 1223 3259 ad
1259 3207 1558 3260 satietatem
1595 3204 1720 3258 :sed
1755 3211 1932 3258 tamen
1959 3205 2114 3259 cibo-

545 3313 661 3350 rum
698 3297 1019 3367 qualitatem
1083 3311 1332 3352 coercere
1384 3312 1477 3367 per
1521 3295 1881 3351 obedientiam
1927 3297 1974 3351 ei
2006 3312 2114 3351 non

542 3388 898 3452 licebat;etsi
934 3389 986 3442 in
1025 3388 1126 3443 hoc
1175 3403 1501 3458 magnOpere
1550 3389 1905 3457 repugnabat,
1944 3403 2116 3459 neque

541 3480 890 3534 exaudiebat.
962 3478 1138 3534 Semel
1181 3481 1362 3549 itaque
1413 3483 1464 3534 in
1535 3481 1623 3534 die
1664 3481 1980 3534 vescebatur
2013 3521 2028 3546 ,
2063 3491 2118 3536 et

541 3570 760 3638 quidem
803 3570 944 3624 circa
1004 3571 1138 3625 solis
1174 3583 1427 3624 occasum
1470 3571 1790 3640 plerumque
1828 3611 1842 3634 ,
1895 3587 2116 3626 sumens

544 3669 758 3714 tenuem
790 3671 844 3714 et
892 3661 1191 3728 simplicem
1242 3661 1356 3715 sine
1393 3661 1511 3714 oleo
1545 3661 1778 3730 vinoque
1816 3663 2025 3716 cibum.
2053 3661 2118 3715 Et

544 3751 813 3818 siquando
852 3752 1005 3806 statis
1022 3751 1213 3806 diebus
1239 3753 1503 3821 jejunium
1530 3755 1834 3820 omittebat,
1862 3772 1965 3808 non
1988 3771 2117 3810 sane

547 3845 612 3898 ad
650 3844 1020 3913 repletionem,
1075 3844 1165 3898 sed
1212 3860 1400 3912 parum
1466 3846 1595 3914 quid
1639 3846 1890 3916 brevique
1947 3848 2118 3916 degu-

544 3945 740 4000 stans,
785 3939 910 3990 satis
944 3937 992 3990 ei
1062 3945 1198 3989 erat.
1265 3934 1546 4006 Religiosae
1605 3953 1736 3991 vero
1789 3941 2122 4008 paupertatis

544 4026 932 4081 demonstratio
960 4039 1092 4090 erat,
1122 4028 1263 4096 quod
1291 4027 1422 4080 nihil
1459 4029 1680 4083 omnino
1716 4029 1972 4094 habebat,
2008 4046 2114 4083 non

548 4117 826 4182 famulam,
866 4135 970 4172 non
1025 4136 1217 4173 aurum
1262 4130 1634 4190 argentumve,
1681 4136 1851 4190 neque
1899 4121 2122 4175 munda-

547 4225 676 4263 num
697 4210 920 4279 aliquid.
959 4213 1051 4265 sed
1093 4211 1409 4266 vestimenta
1442 4214 1678 4273 cilicina,
1706 4223 1758 4267 et
1791 4214 2119 4283 paupercula

545 4304 654 4357 duo
681 4311 1005 4372 tegumenta.
1036 4302 1160 4358 Haec
1189 4306 1379 4358 mortis
1408 4321 1570 4359 causa
1593 4307 1722 4358 tnihi
1749 4317 1802 4359 et
1830 4306 1980 4361 fratri
2014 4309 2118 4361 lar-

545 4397 653 4468 gita
675 4436 689 4460 ,
711 4398 920 4451 caeteris
949 4398 1238 4464 sepultura:
1259 4399 1566 4460 reservatis,
1595 4397 1674 4450 sic
1701 4399 1838 4450 nuda
1867 4400 2119 4453 substan-

2210 1929 2401 1993 ταῦτα,
2428 1930 2522 1982 καὶ
2553 1929 2781 1983 πάντοτε
2804 1926 3254 1994 ἀπογινώσκουσα
3295 1925 3387 1977 καὶ
3406 1921 3640 1991 ζητοῦσα
3658 1921 3793 1972 ὑποο

2211 2022 2503 2076 τάσσεσθαι
2529 2039 2542 2052 ·
2578 2022 2673 2075 καὶ
2703 2019 2894 2090 μέντοι
2957 2018 3045 2070 διά
3075 2016 3235 2070 τοῦτο
3288 2016 3378 2068 τὸν
3426 2014 3558 2066 Θεὸν
3620 2012 3794 2064 ῑλεου-

2216 2114 2373 2182 μένην
2410 2113 2486 2174 ὡς
2539 2113 2701 2181 ἡμεῖς
2763 2107 2918 2163 αὐτοὶ
2979 2107 3079 2170 τὰς
3141 2105 3515 2175 συγχωρήσεις
3567 2101 3806 2162 εἰκότως·

2213 2204 2542 2273 ἐποιούμεθα
2563 2221 2575 2233 ·
2609 2203 2701 2256 καὶ
2726 2202 2834 2272 γαρ
2866 2201 3001 2270 μετὰ
3028 2199 3125 2270 τὴν
3139 2197 3417 2270 κάθειρξιν
3443 2195 3537 2248 τοῦ
3576 2193 3794 2263 [Ἰατρὸς

2214 2297 2462 2350 τοσοῦτον
2497 2297 2740 2364 ὑπετάγη
2783 2311 2883 2363 μου
2919 2295 2986 2363 τῇ
3018 2291 3347 2344 ταπεινώσει
3382 2289 3475 2341 καὶ
3538 2285 3794 2339 ἐπιδέδω-

2217 2407 2312 2442 κεν
2347 2392 2426 2451 εἰς
2453 2387 2725 2456 ὑπακοὴν,
2758 2387 2900 2440 ὥστε
2933 2386 3027 2437 καὶ
3051 2370 3254 2450 ’δούλην
3281 2381 3477 2448 ἑαυτὴν
3503 2377 3794 2447 ὀνομάζειν

2218 2481 2311 2534 καὶ
2342 2479 2449 2530 τῶν
2480 2477 2717 2542 ἀναξίων
2733 2492 2832 2545 μου
2858 2475 3033 2527 ποδῶν
3065 2464 3794 2541 ἐφάπτεσθαι,ἐξαγορεύειν

2219 2590 2276 2626 τε
2311 2572 2378 2625 τά
2418 2572 2636 2642 κρυπτά
2666 2569 2767 2639 τῆς
2803 2568 3053 2639 καρδίας,
3084 2569 3176 2619 καὶ
3204 2567 3285 2626 εἰς
3339 2565 3446 2616 πᾶν
3482 2561 3666 2614 ὁτιοῦν
3715 2563 3792 2631 μὴ

2218 2663 2535 2716 ἀντιτείνειν
2579 2662 2687 2714 τῶν
2734 2660 3142 2729 ἐπιταγμάτων.
3181 2655 3374 2718 Αἰδοῦς
3423 2654 3607 2708 τοίνυν
3654 2655 3794 2720 πλη-

2222 2756 2419 2828 ροῦμαι
2451 2755 2626 2824 ἔγωγε
2657 2757 2685 2807 ὁ
2719 2753 2884 2815 τάλας
2908 2751 3098 2814 ὁσάκις
3136 2751 3199 2803 ἂν
3232 2749 3327 2802 καὶ
3379 2746 3795 2814 ἀναλογίσωμαι

2218 2851 2364 2911 ὅπως
2401 2850 2458 2901 τέ
2482 2865 2547 2918 με
2573 2846 2819 2916 ὠνόμαζε
2853 2845 3039 2916 κύριον
3075 2843 3170 2896 καὶ
3209 2841 3448 2911 Πατέρα,
3505 2837 3600 2892 καὶ
3646 2838 3796 2898 ὅπως

2220 2941 2442 2995 ἐσέϐετο
2472 2941 2791 3011 συμμίξασα
2821 2939 2898 3010 τῷ
2927 2937 3076 3007 φόϐῳ
3111 2936 3200 2988 τὸν
3235 2932 3420 2999 πόθον,
3453 2931 3548 2985 καὶ
3573 2930 3672 3000 οὐχ
3718 2927 3794 2990 ὡς

2224 3033 2429 3102 μήτηρ.
2471 3031 2584 3084 ἀλλ’
2611 3031 2684 3093 ὡς
2716 3031 2902 3083 τέκνον
2938 3024 3331 3098 πειθαρχοῦσα.

2294 3130 2380 3189 ιγ’.
2411 3123 2552 3192 Πρὸς
2579 3121 2751 3174 ταῦτα
2787 3119 3112 3190 ἐγκρατείας
3144 3119 3238 3188 μὲν
3265 3118 3409 3186 ὅρον,
3465 3111 3528 3166 τδ
3580 3112 3655 3184 μὴ
3715 3114 3796 3173 εἰς

2219 3216 2378 3286 κόρον
2410 3218 2606 3281 φαγεῖν
2640 3211 2784 3283 εἶχεν
2808 3231 2820 3244 ·
2850 3215 2948 3281 τὴν
2973 3213 3027 3265 δὲ
3060 3214 3319 3280 ποιότητα
3343 3211 3450 3263 τῶν
3482 3209 3796 3280 βρωμάτων

2218 3308 2551 3376 συστείλαιή
2589 3305 2832 3376 ὑποταγὴ
2865 3306 2962 3357 οῦκ
3029 3306 3115 3356 εία
3140 3342 3154 3366 ,
3193 3304 3393 3371 καίπερ
3462 3299 3791 3369 προσκειμέ-

2215 3422 2314 3473 νην
2344 3404 2437 3456 ἐπ¹ι
2463 3400 2619 3456 τοῦτο
2651 3400 2893 3471 σφοδρῶς
2916 3439 2930 3461 ,
2965 3398 3057 3451 καὶ
3088 3398 3161 3467 μὴ
3208 3393 3657 3461 εἱσακουομένην.
3683 3386 3793 3442 Ἦν

2215 3493 2396 3547 τοίνυν
2438 3491 2816 3562 μονοσιτοῦσα,
2855 3489 2950 3542 καὶ
2989 3487 3126 3558 πρὸς
3155 3484 3305 3538 δύσιν
3330 3481 3422 3535 τοῦ
3455 3483 3604 3552 ἡλίου
3627 3481 3700 3544 ὡς
3725 3482 3795 3532 τά

2219 3586 2409 3648 πολλὰ,
2449 3582 3110 3655 μεταλαμϐάνουσαλιτήν
3141 3596 3260 3631 τινα
3291 3578 3382 3630 καὶ
3412 3576 3645 3644 σχέδιον,
3705 3575 3795 3626 ἀν-

2217 3676 2394 3728 έλαίον
2431 3693 2489 3728 τε
2513 3675 2606 3728 καλ⁴
2625 3676 2802 3729 ἄοινον
2827 3674 2923 3745 τὴν
2951 3672 3158 3743 τροφήν
3187 3685 3200 3699 ·
3234 3668 3339 3721 κᾶν
3373 3666 3536 3718 ὁπότε
3567 3665 3624 3718 δέ
3656 3681 3790 3717 κατ-

2217 3768 2371 3820 έλυεν
2405 3771 2463 3820 ἐν
2528 3769 2647 3828 ταῖς
2674 3767 3010 3836 ὡρισμέναις
3043 3763 3299 3834 ἡμέραις,
3336 3759 3396 3812 οὐ
3463 3758 3602 3809 κατὰ
3660 3756 3795 3824 πλη·

2221 3860 2446 3930 σμονὴν,
2482 3857 2540 3924 ἐξ
2569 3859 2747 3926 ὀλίγου
2770 3859 2825 3910 δὲ
2869 3857 2966 3910 καὶ
3015 3857 3156 3909 κατά
3196 3853 3391 3925 μικρὸν
3439 3849 3791 3918 λαμϐάνουσα

2218 3952 2484 4019 ἠρκεῖτοο
2534 3948 2921 4019 ἀκτημοσύνης
2955 3948 3011 4000 δὲ
3040 3948 3258 4015 δεῖγμα,
3311 3945 3372 3996 τὸ
3426 3941 3594 4011 μηδὲν
3648 3941 3792 4008 ἔχειν

2220 4038 2407 4105 αὐτὴν,
2452 4039 2585 4105 μήτε
2618 4035 2993 4105 θεραπαινίδα,
3028 4037 3162 4103 μήτε
3193 4033 3417 4104 χρυσίον
3446 4071 3460 4094 ,
3522 4028 3660 4098 μήτε
3691 4029 3787 4096 ἀρο

2220 4129 2428 4196 γῦριον,
2468 4127 2602 4196 μήτε
2633 4144 2682 4178 τι
2710 4127 2804 4178 τοῦ
2837 4127 3030 4188 αἰῶνος
3064 4124 3276 4190 τούτου,
3311 4123 3343 4193 ἢ
3388 4121 3548 4193 μόνον
3578 4119 3648 4172 τά
3671 4120 3787 4188 τρί-

2220 4236 2347 4289 χινα
2406 4219 2569 4289 ῥάκια
2625 4217 2659 4271 ἃ
2719 4216 3116 4288 περιϐέϐλητο,
3165 4215 3259 4268 καὶ
3287 4215 3355 4267 τὰ
3409 4213 3502 4266 δύο
3559 4211 3790 4280 πενιχρᾶ

2223 4313 2588 4381 σκεπάσματα
2623 4309 2756 4379 (16).
2801 4307 3016 4378 Ἀμέλει
3066 4305 3247 4359 τοίνυν
3304 4307 3389 4359 ὅτε
3430 4301 3784 4358 ἀπετελεύτα,

2222 4403 2344 4473 ἐμοί
2371 4421 2428 4456 τε
2457 4401 2653 4473 καὶτῷ
2682 4399 2895 4468 ἀδελφῷ
2950 4397 3270 4467 διανείμασα
3331 4397 3524 4458 ταῦτα.
3590 4393 3685 4446 καὶ
3730 4393 3788 4442 τὸ

546 4489 636 4543 tiis
668 4497 719 4541 et
750 4488 936 4542 mundi
986 4489 1283 4554 affectibus,
1311 4490 1429 4543 laeta
1486 4499 1743 4557 tanquam
1801 4490 1865 4541 ad
1896 4492 2111 4559 propria

2217 4494 2402 4546 λοιπὸν
2439 4497 2516 4556 εἰς
2543 4491 2906 4561 ἐνταφιασμὸν
2970 4489 3183 4559 ἔχουσα,
3225 4487 3396 4551 οὕτως
3459 4487 3643 4556 γυμνὴ
3699 4488 3787 4538 καὶ

545 4576 898 4646 proficiscens
956 4578 1118 4632 rebus
1172 4579 1421 4633 humanis
1472 4580 1725 4644 excessit,
1767 4579 1903 4636 bene
1957 4584 2114 4638 nobis

547 4669 943 4739 salubriterque
999 4681 1248 4740 precata,
1307 4684 1597 4740 prmseutes
1639 4691 1853 4744 quoque
1923 4690 2115 4731 omnes

547 4763 726 4815 crucis
777 4763 1021 4832 symbolo
1078 4765 1333 4833 signans;
1369 4781 1489 4819 nam
1536 4767 1694 4821 multi
1753 4769 1956 4823 inventi
1989 4778 2116 4823 sunt

548 4855 620 4910 ibi
652 4855 866 4921 fratres,
899 4855 1014 4924 ejus
1038 4856 1243 4911 obitum
1268 4859 1584 4927 spectaturi.

620 5121 704 5173 Η.
739 5118 865 5181 Sed.
892 5135 925 5174 ο
957 5119 1262 5174 veneranda
1293 5129 1346 5174 et
1399 5119 1861 5173 desideratissima
1919 5129 2109 5182 mater,

546 5211 613 5267 ad
640 5221 691 5266 te
719 5213 864 5266 enim
898 5227 1203 5266 sermonem
1262 5223 1542 5277 converto,
1577 5213 1752 5266 dulcis
1780 5211 1911 5265 mihi
1939 5228 2026 5266 res
2062 5222 2116 5266 et

620 5435 730 5503 (15)
773 5435 824 5488 ld
872 5434 1103 5488 allirniat
1132 5433 1455 5488 Theodorus
1489 5434 1652 5488 etiam
1689 5435 1740 5487 in
1778 5434 2004 5503 epistola
2040 5435 2106 5489 ad

548 5515 798 5564 matrem,
827 5505 919 5558 lib.
953 5521 1011 5566 11,
1042 5505 1093 5557 6.

618 5575 731 5642 (l6)
770 5575 972 5629 Confer
1000 5574 1310 5644 praedictam
1345 5572 1614 5629 Theodori
1645 5573 1708 5626 ad
1741 5583 1964 5627 matrem
1993 5575 2111 5644 epi-

550 5649 767 5698 stolam.

623 5715 735 5782 (l'i)
773 5716 974 5768 Auctor
1009 5714 1281 5768 chronica:
1320 5727 1618 5782 synopseos
1652 5712 1786 5766 \‘itre
1839 5715 2110 5769 'l‘heodori

557 5786 609 5836 in
645 5785 878 5837 editione
919 5784 1195 5837 Sirtnondi
1239 5787 1304 5836 ad
1339 5799 1426 5834 an.
1465 5783 1589 5844 795,
1630 5794 1777 5847 putat
1823 5783 2110 5837 coistolam

2222 4588 2342 4648 ταῖς
2376 4584 2530 4648 ὕλαις
2554 4585 2648 4638 καὶ
2674 4585 2792 4646 ταῖς
2822 4582 2918 4635 τοῦ
2951 4582 3157 4650 κόσμου
3186 4578 3603 4650 προσπαθείαις,
3668 4577 3786 4646 χαί-

2225 4692 2392 4745 ρουσα
2446 4677 2540 4727 καὶ
2570 4674 2646 4737 ὡς
2678 4673 2813 4744 πρὸς
2855 4672 2923 4725 τά
2965 4673 3071 4724 ἴδια
3121 4669 3397 4740 χωροῦσα,
3430 4666 3785 4736 ἀπεδήμησεν

2217 4765 2283 4818 ἐκ
2310 4765 2416 4818 τῶν
2451 4765 2683 4828 ἐνθένδε,
2718 4763 3163 4832 ἐπιφθεγξαμένη
3191 4764 3321 4832 ἡμῖν
3375 4760 3638 4830 εὑκτήρια
3694 4757 3784 4808 καὶ

2217 4853 2482 4922 σωτήρια,
2508 4854 2601 4904 καὶ
2629 4852 3143 4932 κατασφραγίσασξ
3170 4852 3398 4903 ἕκαστον
3487 4848 3597 4900 τῶν
3651 4863 3785 4915 παρ·

2220 4942 2543 5010 ισταμένων,
2585 4941 2779 5009 ἐπειδὴ
2823 4943 2914 4993 καὶ
2947 4941 3133 4993 πολλοὶ
3158 4940 3264 4994 τῶν
3298 4939 3541 5008 ἀδελφῶν
3567 4939 3787 5008 εὑρέθη-

2217 5050 2318 5085 σαν
2346 5033 2609 5101 θεώμενοι
2634 5033 2732 5102 τὴν
2765 5032 3022 5101 κοίμησιν
3048 5033 3182 5100 (17).

2297 5125 2376 5178 ιδ’.
2450 5123 2660 5178 unus
2721 5124 2900 5194 μῆτερ
2963 5123 3236 5193 σεϐασμία
3295 5122 3386 5175 καὶ
3449 5120 3784 5190 πολυπόθητε

2225 5219 2382 5290 (πρὸς
2405 5219 2463 5271 σὲ
2487 5221 2594 5291 γάρ
2622 5220 2736 5287 εἰμι
2754 5218 3238 5287 ἐπιστρεφόμενος,
3266 5217 3325 5267 τὸ
3361 5213 3531 5281 γλυκύ
3565 5230 3655 5284 μοι
3694 5214 3786 5266 καὶ

2214 5439 2279 5494 ad
2327 5448 2555 5492 matrem
2605 5437 2861 5505 scriptam
2905 5433 3074 5489 fuisse
3107 5445 3232 5505 alite
3280 5448 3444 5505 suam
3488 5430 3780 5505 profectiog

2217 5525 2336 5562 nem
2379 5510 2430 5562 in
2476 5501 2731 5562 exsiliuni
2785 5505 2850 5558 ad
2888 5505 3074 5558 urbem
3127 5501 3603 5565 Thessalonicam;
3643 5502 3777 5563 quod

2215 5581 2258 5633 si
2302 5580 2372 5632 ita
2401 5594 2458 5631 se
2491 5579 2735 5641 haberet,
2768 5575 3080 5629 Theoctista
3117 5588 3335 5643 quoque
3371 5587 3466 5639 per
3492 5572 3540 5623 id
3570 5580 3780 5643 tempus

2216 5650 2478 5712 nbiisset;
2539 5647 2677 5716 quod
2733 5662 2762 5699 a
2820 5645 3047 5716 veritate
3109 5647 3281 5716 plane
3317 5643 3594 5716 abhorret.
3652 5643 3777 5692 Nam

2216 5711 2526 5773 Theoctista
2559 5711 2748 5771 comes
2789 5715 2940 5769 illius
2973 5715 3184 5768 itineris
3214 5712 3322 5765 lilio
3357 5711 3482 5763 fuit.
