4018 6304
207 360 308 428 901

762 361 1041 424 ORATIO
1065 363 1238 428 XIII.
1269 393 1338 404 ·-
1362 371 1744 434 LAUDATIO
1781 377 2168 439 FUNEBRIS
2196 378 2280 438 IN
2316 377 2637 439 MATREM
2671 377 2898 439 SUAM.

3347 381 3455 444 902

204 478 436 544 πρᾶγμα
461 475 558 528 καὶ
581 474 772 548 ὄνομα,
803 484 866 534 τὸ
917 483 1151 552 ποθητόν
1209 502 1301 554 μοι
1353 486 1447 538 καὶ
1494 486 1759 558 ἐράσμιον

1884 505 2082 557 nomen,
2104 491 2481 548 desiderabilis
2505 490 2870 560 amabilisque
2899 498 3250 560 conspectus,
3277 503 3456 546 mater

203 566 469 639 θεώρημα
492 608 508 634 ,
541 569 575 637 ὴ
607 571 993 640 μητρότεκνος,
1028 573 1228 643 μᾶλλον
1260 573 1317 627 δὲ
1357 573 1629 640 διτοτόκος
1667 593 1770 646 μου

200 659 488 731 διμήτηρ),
521 656 624 712 ποῦ
653 676 783 715 ποτε
827 664 974 733 ἡμᾶς
1030 663 1426 729 ἀπολέλοιπαςς
1484 665 1586 719 ποῦ
1642 683 1774 720 ποτε

204 755 677 822 μετακεχώρηκας
706 770 721 819 ;
758 753 835 823 πῆ
863 754 919 808 δὲ
951 755 1329 826 μεθωρίσθης;
1376 757 1451 827 πῆ
1503 757 1557 810 δὲ
1582 757 1678 811 καὶ
1715 758 1774 811 ὲν

200 843 382 906 ποίοις
410 844 596 906 τόποις
623 845 875 916 ὲναυλίξῃ
902 862 916 909 ;
950 847 1010 899 ὲν
1043 846 1224 910 ποίαις
1248 846 1503 901 ὲπαύλεσι
1562 865 1775 920 συγχωο

203 934 414 1004 ριάζεις
436 950 456 998 ;
484 935 752 1007 ὁπηλίκας
787 939 1174 1004 κατοπτεύεις;
1215 939 1317 994 Τὸν
1373 941 1483 1012 γὰρ
1537 940 1775 1011 ἄρχοντα

199 1024 301 1078 τοῦ
331 1026 494 1096 ἀέρος
526 1026 716 1081 τούτου
735 1028 794 1082 εὖ
817 1024 932 1083 οἶδα
947 1031 1009 1082 ὲκ
1026 1032 1134 1084 τῶν
1155 1031 1374 1099 ἀγαθῶν
1400 1049 1492 1085 σου
1523 1032 1775 1103 πράξεων

201 1119 677 1189 ὐπερνικήσασαν,
715 1122 889 1174 ἐκεῖσε
923 1117 1062 1174 εἶναι
1091 1122 1218 1176 ἔνθα
1246 1123 1456 1193 ἀπέδρα
1478 1123 1633 1194 ὀδύνη
1681 1123 1774 1176 λύ-

201 1226 285 1279 πη
320 1211 414 1262 καὶ.
447 1212 748 1281 στεναγμὸς
775 1256 788 1278 ,
851 1212 980 1266 ἔνθα
1006 1214 1115 1267 τῶν
1156 1214 1330 1283 ἁγίων
1375 1215 1593 1269 πάντων
1626 1216 1777 1269 ἐστὶν

199 1301 653 1371 εὐφραινομένων
693 1304 727 1375 ἡ
777 1304 1073 1370 κατοικία,
1107 1306 1235 1360 ἔνθα
1293 1301 1427 1377 ἦχος
1473 1309 1568 1361 καὶ
1618 1308 1778 1378 χορὸς

199 1391 572 1462 ἑορταζόντων
606 1396 702 1448 καὶ
731 1395 1151 1467 ἀγαλλιωμένων
1179 1438 1196 1464 ,
1227 1398 1354 1453 ἔνθα
1377 1400 1472 1453 καὶ
1503 1401 1553 1452 oi.
1605 1401 1777 1454 κοινοὶ

199 1484 367 1552 ἡμῶν
392 1483 612 1555 ἀδελφοὶ
646 1486 739 1550 οὒς
800 1488 892 1540 καὶ
921 1489 1200 1560 ὲπόθησας
1248 1492 1343 1544 καὶ
1397 1496 1777 1560 συγκοινωνεῖν

202 1574 329 1645 ἥρω
357 1592 371 1606 ·
407 1576 533 1646 ἀρτι
575 1576 681 1647 γὰρ
706 1577 776 1631 τὰ
827 1579 1094 1648 ἰδιώματα
1137 1583 1234 1652 τῆς
1271 1583 1473 1652 σαρκὸς
1531 1583 1779 1653 παρόντα

200 1664 476 1736 διαφορὰν
512 1667 790 1722 ποιοῦνται
813 1671 912 1739 τῆς
953 1671 1328 1741 συμϐιώσεως.
1365 1675 1456 1744 Μὴ
1479 1674 1543 1746 δὴ
1588 1675 1779 1729 ἐπιλά-

202 1756 275 1828 θῃ
295 1757 329 1828 ή
339 1757 458 1824 μῶν
472 1758 582 1811 τῶν
604 1759 711 1811 σῶν
741 1760 1034 1830 ἐλαχίστων
1059 1763 1264 1818 τέκνων
1284 1781 1298 1797 ·
1327 1765 1425 1838 μὴ,
1448 1767 1772 1838 παρακαλῶ·

1880 577 2044 634 simul
2083 589 2156 635 et~
2191 580 2322 644 ﬁlia,
2373 594 2495 650 quae
2548 580 2633 635 bis
2665 594 2750 634 me
2779 579 3056 650 peperisti,
3086 580 3168 634 bis
3200 583 3452 650 genitrix,

1879 667 2103 723 ubinam
2138 685 2238 724 nos
2275 670 2543 740 reliquisti
2570 671 2593 724 3
2620 685 2857 740 quonam
2901 677 2959 725 tu
3007 670 3457 741 migrasti?quos

1882 761 1936 815 in
2003 761 2138 817 ﬁnes
2198 762 2461 818 translata
2490 763 2804 832 es?quaave
2830 763 2945 817 loca
3013 779 3156 818 nunc
3211 765 3456 820 habitas?

1881 850 2081 921 quibus
2112 850 2166 905 in
2207 852 2430 907 sedibus
2467 851 3015 922 diversaris‘lquales
3067 869 3215 908 nunc
3270 863 3459 908 contu-

1883 942 2132 998 bernales
2161 953 2374 1013 spectas
2402 945 2428 998 2
2453 943 2587 998 Nam
2611 943 2910 1012 principem
2941 944 3158 1012 quidem
3184 945 3326 1000 aeris
3358 945 3462 998 huc

1879 1034 1970 1105 jus
1998 1043 2146 1090 certo
2179 1035 2293 1090 scio
2325 1043 2378 1089 te
2410 1036 2566 1090 bonis
2604 1036 2714 1090 tuis
2739 1035 2999 1104 operibus
3028 1036 3316 1102 devicisse,
3348 1036 3452 1089 ibi-

1882 1141 1989 1195 que
2017 1134 2068 1179 te
2096 1139 2217 1180 esse
2270 1124 2410 1179 unde
2458 1125 2611 1179 dolor
2653 1133 2706 1179 et
2740 1140 2941 1179 maeror
2971 1134 3024 1179 et
3051 1124 3232 1180 luctus
3286 1140 3448 1179 exsu-

1884 1214 1996 1268 lant
2024 1231 2037 1268 :
2076 1213 2163 1270 ubi
2195 1224 2503 1271 sanctorum
2561 1215 2805 1268 omnium
2864 1215 3134 1269 incolatus
3163 1224 3245 1270 est
3273 1215 3459 1270 beato-

1885 1321 2004 1360 rum
2037 1326 2049 1360 :
2079 1307 2172 1361 ubi
2205 1308 2464 1378 strepitus
2522 1306 2838 1377 chorusque
2871 1306 3348 1361 solemnizantium
3385 1316 3462 1362 at-

1883 1412 1991 1467 que
2041 1398 2336 1453 laetantium
2367 1408 2448 1454 est
2480 1417 2493 1453 :
2525 1398 2614 1452 ubi
2668 1398 2836 1452 nostri
2895 1413 3212 1454 communes
3243 1397 3455 1462 fratres,

1884 1502 2024 1557 quos
2042 1497 2095 1542 et
2124 1489 2315 1542 amasti
2340 1497 2391 1541 et
2418 1495 2701 1541 consortes
2736 1487 2934 1542 habere
2955 1487 3249 1557 exoptasti.
3304 1487 3459 1541 Nunc

1885 1580 2028 1634 enim
2070 1588 2362 1648 praesentes
2409 1579 2589 1634 adhuc
2619 1581 2801 1634 carnis
2839 1581 3196 1650 proprietates
3264 1579 3461 1635 discri-

1884 1687 2008 1728 men
2036 1673 2318 1741 convictus
2346 1671 2606 1726 elIiciunt.
2640 1670 2825 1741 Neque
2852 1671 2956 1726 mei
3006 1671 3348 1727 obliviscaris
3397 1673 3461 1725 ﬁ-

1885 1763 2079 1817 liorum
2105 1771 2318 1817 tuorum
2346 1763 2552 1817 minimi
2579 1782 2592 1817 :
2620 1778 2708 1826 ne,
2747 1763 2987 1832 inquam,
3015 1777 3114 1817 oro
3144 1778 3456 1833 quaesoque,

201 1849 307 1920 μὴ,
332 1849 620 1916 ἀντιϐολῶ,
655 1851 728 1922 μὴ
752 1853 983 1925 ἐπιλήσῃ
1011 1854 1105 1908 τοῦ
1140 1858 1391 1927 ποιμνίου
1424 1876 1516 1912 σου
1548 1859 1641 1912 τοῦ
1692 1878 1780 1930 μι-

1884 1853 2063 1924 pusilli
2093 1853 2270 1923 gregis
2300 1854 2379 1907 tui
2410 1868 2597 1908 curam
2623 1853 2844 1907 omittas
2873 1867 3048 1923 neque
3079 1853 3280 1924 magni.
3345 1851 3450 1906 Sed

200 1941 346 2014 κροῦ
379 1959 438 1995 τε
469 1944 562 1995 καὶ
589 1942 682 1995 τοῦ
712 1944 947 2013 μεγάλου
969 1961 983 1976 θ
1041 1946 1175 2000 ἀλλά
1227 1950 1538 2020 παρῤησίας
1584 1951 1778 2021 τυχοῦ-

199 2051 295 2098 σα,
351 2034 595 2088 πιστεύω
622 2034 665 2087 δ’
712 2036 793 2089 ὃτι
845 2037 942 2091 καὶ
991 2039 1418 2111 ὲπιτετύχηκας,
1490 2041 1648 2112 στῆθι
1685 2044 1781 2096 καὶ

201 2124 360 2178 ἱλεοῦ
389 2126 483 2178 καὶ
531 2125 816 2190 ὲξιλὰσκου
885 2129 1187 2200 προσεύχου
1218 2131 1313 2184 καὶ
1341 2131 1644 2203 ὑπερεύχω
1689 2134 1781 2187 καὶ

199 2217 416 2287 μᾶλλον
446 2215 573 2288 ἄρτι
597 2218 1016 2289 ὲκτενεστέρως,
1050 2221 1479 2288 παιδαγωγοῦσα
1509 2223 1603 2277 καὶ
1656 2241 1783 2294 στη-

201 2308 444 2378 ρίςουσα
471 2307 565 2360 καὶ
593 2305 907 2377 φρουροῦσα
944 2326 1011 2378 με
1044 2309 1134 2361 τὸν
1162 2310 1394 2363 δείλαιον
1439 2312 1544 2364 ἀπὸ
1614 2313 1778 2382 φόϐου

199 2397 617 2468 ἀμαρτητικοῦ,
657 2398 764 2451 ἀπὸ
796 2398 982 2467 βέλους
1008 2401 1314 2470 πετομένου
1366 2402 1616 2472 ἀνομίας,
1673 2403 1782 2457 ἀπὸ

197 2489 390 2558 πάσης
429 2488 600 2556 ἀλλης
629 2489 893 2558 ἐπηρείας
921 2491 1241 2562 δαιμονικῆς
1260 2509 1274 2524 ·
1304 2494 1666 2564 ποιμαίνουσα
1686 2495 1783 2549 καὶ

200 2580 710 2650 συμποιμαίνουσα,
733 2581 1000 2636 νύσσουσα
1023 2583 1117 2635 καὶ
1141 2589 1783 2657 προσυπομιμνήσκουσα

194 2671 291 2726 διὰ
319 2671 562 2742 ψυχικῆς
593 2672 885 2737 ἐντεύξεως
905 2689 918 2704 ·
947 2675 1385 2747 ὲπισκεπτομένη
1419 2694 1478 2730 τε
1505 2678 1600 2730 καὶ
1621 2679 1783 2730 ἐπαν-

198 2763 516 2835 ορθουμένη
578 2764 861 2830 ἑκάστοτε,
889 2767 982 2819 καὶ
1015 2767 1264 2838 θεωμένη
1295 2768 1413 2831 πῶς
1458 2769 1778 2839 ἀνίσταμαι,

200 2856 324 2919 πῶς
347 2854 819 2928 κεκίνημαιψυχῇ
863 2875 922 2910 τε
972 2858 1066 2911 καὶ
1109 2857 1344 2929 σώματι,
1404 2861 1490 2913 ἵνα
1544 2861 1783 2932 παντοίῳ

200 2945 349 3015 λόγῳ
373 2944 587 3016 ῥυθμού
597 2962 756 3015 μενος
788 2947 881 2999 καὶ
905 2947 1393 3017 καταρτιζόμενος,
1422 2948 1562 3001 κατά
1587 2951 1786 3002 σκοπόν

201 3054 262 3090 τε
294 3037 505 3107 βαίνων
535 3037 635 3105 τῆς
664 3037 944 3108 ἀληθείας,
976 3037 1166 3107 φθάσω
1212 3039 1531 3110 εὐαρεστεῖν
1564 3039 1682 3110 Θεῷ
1703 3039 1789 3096 διὰ

203 3131 303 3199 τῆς
335 3126 555 3195 ἀγαθῆς
573 3129 921 3198 ἀφηγήσεως,
957 3129 1050 3181 καὶ
1070 3127 1218 3198 τύχω
1250 3129 1385 3200 μετὰ
1404 3130 1494 3183 τὸν
1516 3130 1640 3201 τῇδε
1679 3130 1790 3200 βίον

204 3219 304 3271 σὺν
329 3221 446 3281 τοῖς
481 3217 769 3286 ἑπομένοις
795 3236 884 3288 μοι
912 3220 1015 3272 ὑπὸ
1040 3221 1138 3290 τὴν
1164 3222 1369 3291 σκέπην
1393 3239 1485 3274 σου
1511 3217 1672 3288 εἷναι,
1702 3223 1795 3276 καὶ

206 3311 629 3380 συμμετασχεῖν
658 3327 750 3363 σου
786 3309 861 3372 ὡς
895 3310 1083 3364 τέκνον
1117 3311 1403 3382 ἐλάχιστον
1459 3314 1556 3382 τῆς
1605 3316 1670 3368 ὲκ
1708 3315 1794 3368 δε·-

1888 1945 2230 2002 securitatem
2295 1945 2510 2013 adepta,
2539 1945 2704 1998 credo
2767 1944 2913 1999 enim
2967 1951 3018 1998 to
3071 1943 3160 1998 illa
3204 1943 3455 2014 petitam,

1882 2037 2088 2098 adesto,
2135 2034 2374 2104 indulge,
2435 2035 2751 2104 propitiare.
2816 2031 2923 2088 Ora
2972 2042 3025 2088 et
3079 2048 3245 2089 exora
3312 2048 3457 2086 nunc

1882 2130 2114 2182 maxime
2142 2126 2382 2193 enixius;
2410 2125 2602 2196 dirige,
2634 2128 2809 2190 lirtna,
2843 2125 3056 2180 custodi
3088 2139 3175 2180 me
3197 2125 3456 2180 miserum

1881 2235 1910 2274 a
1951 2218 2205 2289 peccandi
2255 2219 2516 2288 periculo,
2546 2234 2577 2274 a
2609 2219 2715 2274 telo
2762 2220 2974 2275 volante
3035 2219 3360 2290 iniquitatis,
3389 2219 3458 2272 ab

1883 2311 2030 2363 omni
2064 2309 2272 2378 reliquo
2326 2308 2527 2363 diaboli
2577 2319 2923 2364 nocumentu.
2957 2309 3126 2364 Pasce
3163 2323 3270 2374 me,
3301 2323 3456 2363 com-

1885 2414 2065 2468 pasce,
2112 2414 2265 2469 urge,
2292 2415 2601 2465 commone,
2657 2400 2890 2469 spiritali
2941 2400 3225 2470 praesentia
3278 2399 3454 2459 visita.

1884 2489 2095 2559 corrige
2141 2491 2194 2542 itt
2227 2489 2480 2558 singulis,
2512 2497 2676 2557 atque
2726 2488 2954 2543 observa
3006 2487 3280 2558 quomodo
3335 2503 3458 2541 sur-

1885 2594 2028 2648 gam,
2057 2581 2332 2649 quomodo
2356 2580 2571 2643 cubem,
2603 2580 2880 2648 quomodo
2911 2593 3142 2648 corpore
3167 2579 3459 2647 animoque

1885 2685 2228 2724 commovear
2257 2687 2271 2722 :
2301 2678 2358 2722 ut
2405 2669 2735 2723 omnimodis
2787 2669 3028 2724 directus
3080 2678 3134 2723 et
3163 2669 3455 2739 perfectus,

1886 2778 1950 2817 ex
1979 2776 2170 2816 norma
2204 2760 2445 2815 veritatis
2477 2760 2753 2824 incedens,
2795 2759 2903 2814 Dco
2926 2759 3136 2827 placere
3172 2760 3315 2815 bono
3339 2761 3460 2814 vitae

1887 2854 2104 2908 tramite
2127 2868 2317 2922 queam
2348 2870 2362 2918 ;
2392 2861 2580 2922 etpost
2599 2853 2736 2905 lianc
2758 2853 2920 2904 vitam
2949 2851 3228 2920 impetrem
3256 2862 3310 2905 ut
3336 2868 3457 2906 eum

1889 2944 2114 3000 asseclis
2164 2944 2299 2999 meis
2355 2943 2456 3000 sub
2508 2954 2600 2997 tuo
2649 2943 2952 3013 patrocinio
3001 2943 3122 2998 liam
3155 2987 3170 3010 ,
3200 2954 3251 2998 et
3315 2945 3460 2999 ﬁlius

1891 3038 2151 3090 minimus
2181 3047 2356 3090 tecum
2383 3036 2581 3090 sortiar
2617 3036 2670 3088 in
2701 3035 2924 3089 dextera
2971 3033 3174 3090 Christi
3211 3035 3304 3089 Dei
3342 3051 3463 3088 nos-

1894 3129 1962 3183 tri
1983 3128 2300 3184 consistere.
2333 3128 2460 3182 Haec
2511 3141 2619 3193 me,
2660 3141 2693 3180 ο
2740 3126 2856 3191 lilii,
2883 3127 3062 3196 el0qui
3093 3127 3291 3181 veritas
3337 3142 3462 3181 coe-

1900 3223 1996 3292 git,
2036 3221 2300 3275 vobismet
2322 3221 2528 3275 scilicet
2568 3219 2692 3274 talia
2741 3217 2943 3274 cursim
2978 3234 3231 3289 perorare
3269 3235 3353 3273 tne
3374 3218 3465 3289 ju-

1902 3313 2172 3368 bentibus.

207 3403 336 3469 ξιῶν
367 3403 614 3475 Χριστοῦ
657 3403 752 3456 τοῦ
809 3403 945 3456 Θεοῦ
1016 3405 1172 3476 ἡμῶν
1240 3408 1655 3477 παραστάσεως.
1710 3408 1895 3464 Ταῦτά
1934 3426 2025 3479 με,
2092 3408 2281 3474 τέκνα,
2349 3407 2661 3478 ἠνάγκασεν
2707 3407 2740 3478 ἡ
2790 3405 3014 3477 ἀλήθεια
3068 3403 3460 3476 διηγήσαστθαι

209 3499 306 3551 καὶ
356 3496 512 3567 ύμῖν,
557 3495 709 3568 παρά
762 3496 945 3568 ρεῦσιν
988 3499 1056 3553 τὰ
1101 3499 1322 3554 τοιαῦτα
1357 3499 1685 3555 κελεύουσιν.
