  <div class='ocr_page' id='page_1' title='image "/cluster/home/n/w/nwhite01/storage/ocr_20150623/99/pst.000005714063/503.png"; bbox 0 0 4018 6304; ppageno 0'>
   <div class='ocr_carea' id='block_1_1' title="bbox 583 368 687 429">
    <p class='ocr_par' dir='ltr' id='par_1_1' title="bbox 583 368 687 429">
     <span class='ocr_line' id='line_1_1' title="bbox 583 368 687 429; baseline -0.019 0"><span class='ocrx_word' id='word_1_1' title='bbox 583 368 687 429; x_wconf 83' lang='grc'><strong>903</strong></span> 
     </span>
    </p>
   </div>
   <div class='ocr_carea' id='block_1_2' title="bbox 678 511 1720 540">
    <p class='ocr_par' dir='ltr' id='par_1_2' title="bbox 678 511 1720 540">
     <span class='ocr_line' id='line_1_2' title="bbox 678 511 1720 524; baseline -0.001 -1"><span class='ocrx_word' id='word_1_2' title='bbox 678 511 1720 524; x_wconf 48' lang='lat' dir='ltr'><strong>nm</strong></span> 
     </span>
     <span class='ocr_line' id='line_1_3' title="bbox 695 526 1720 540; baseline 0.001 -2"><span class='ocrx_word' id='word_1_3' title='bbox 695 526 1126 538; x_wconf 47' lang='lat' dir='ltr'><strong>&quot;—w</strong></span> <span class='ocrx_word' id='word_1_4' title='bbox 1146 528 1720 540; x_wconf 72' lang='lat'><strong>_—_—-.——_</strong></span> 
     </span>
    </p>
   </div>
   <div class='ocr_carea' id='block_1_3' title="bbox 1721 527 2028 540">
    <p class='ocr_par' dir='ltr' id='par_1_3' title="bbox 1721 527 2028 540">
     <span class='ocr_line' id='line_1_4' title="bbox 1721 527 2028 540; baseline 0.003 -2"><span class='ocrx_word' id='word_1_5' title='bbox 1721 527 2028 540; x_wconf 54' lang='grc'><strong>*-</strong></span> 
     </span>
    </p>
   </div>
   <div class='ocr_carea' id='block_1_4' title="bbox 1762 362 2621 426">
    <p class='ocr_par' dir='ltr' id='par_1_4' title="bbox 1762 362 2621 426">
     <span class='ocr_line' id='line_1_5' title="bbox 1762 362 2621 426; baseline -0.003 -3"><span class='ocrx_word' id='word_1_6' title='bbox 1762 368 1820 426; x_wconf 92' lang='lat' dir='ltr'><strong>S.</strong></span> <span class='ocrx_word' id='word_1_7' title='bbox 1858 362 2250 423; x_wconf 84' lang='lat' dir='ltr'><strong>THEODORI</strong></span> <span class='ocrx_word' id='word_1_8' title='bbox 2276 362 2621 424; x_wconf 65' lang='lat' dir='ltr'><strong>STUDITAS</strong></span> 
     </span>
    </p>
   </div>
   <div class='ocr_carea' id='block_1_5' title="bbox 3709 353 3817 416">
    <p class='ocr_par' dir='ltr' id='par_1_5' title="bbox 3709 353 3817 416">
     <span class='ocr_line' id='line_1_6' title="bbox 3709 353 3817 416; baseline -0.028 0"><span class='ocrx_word' id='word_1_9' title='bbox 3709 353 3817 416; x_wconf 68' lang='lat'><strong>904</strong></span> 
     </span>
    </p>
   </div>
   <div class='ocr_carea' id='block_1_6' title="bbox 781 506 3794 540">
    <p class='ocr_par' dir='ltr' id='par_1_6' title="bbox 781 506 3794 540">
     <span class='ocr_line' id='line_1_7' title="bbox 781 506 3794 540; baseline -0.001 -5"><span class='ocrx_word' id='word_1_10' title='bbox 781 506 3794 540; x_wconf 61' lang='lat' dir='ltr'><strong>mw</strong></span> <span class='ocrx_word' id='word_1_11' title='bbox 1721 523 3456 540; x_wconf 73' lang='lat'><strong>———.—_—-—</strong></span> 
     </span>
    </p>
   </div>
   <div class='ocr_carea' id='block_1_7' title="bbox 1663 651 2718 806">
    <p class='ocr_par' dir='ltr' id='par_1_7' title="bbox 1663 651 2718 806">
     <span class='ocr_line' id='line_1_8' title="bbox 1663 651 2718 806; baseline -0.005 -1"><span class='ocrx_word' id='word_1_12' title='bbox 1663 651 2718 806; x_wconf 66' lang='lat' dir='ltr'><strong>EPISTOLfE.</strong></span> 
     </span>
    </p>
   </div>
   <div class='ocr_carea' id='block_1_8' title="bbox 1911 877 2473 951">
    <p class='ocr_par' dir='ltr' id='par_1_8' title="bbox 1911 877 2473 951">
     <span class='ocr_line' id='line_1_9' title="bbox 1911 877 2473 951; baseline -0.007 -15"><span class='ocrx_word' id='word_1_13' title='bbox 1911 878 2199 951; x_wconf 66' lang='lat' dir='ltr'><strong>(SIBMOND.</strong></span> <span class='ocrx_word' id='word_1_14' title='bbox 2228 892 2283 949; x_wconf 91' lang='lat' dir='ltr'><strong>p.</strong></span> <span class='ocrx_word' id='word_1_15' title='bbox 2321 877 2473 949; x_wconf 77' lang='grc'><strong>177.)</strong></span> 
     </span>
    </p>
   </div>
   <div class='ocr_carea' id='block_1_9' title="bbox 2153 1023 2227 1037">
    <p class='ocr_par' dir='ltr' id='par_1_9' title="bbox 2153 1023 2227 1037">
     <span class='ocr_line' id='line_1_10' title="bbox 2153 1023 2227 1037; baseline -0.014 0"><span class='ocrx_word' id='word_1_16' title='bbox 2153 1023 2227 1037; x_wconf 69' lang='lat'>—</span> 
     </span>
    </p>
   </div>
   <div class='ocr_carea' id='block_1_10' title="bbox 1417 1105 2957 1167">
    <p class='ocr_par' dir='ltr' id='par_1_10' title="bbox 1417 1105 2957 1167">
     <span class='ocr_line' id='line_1_11' title="bbox 1417 1105 2957 1167; baseline -0.007 0"><span class='ocrx_word' id='word_1_17' title='bbox 1417 1114 1555 1167; x_wconf 80' lang='grc' dir='ltr'><strong>ΤΟΥ</strong></span> <span class='ocrx_word' id='word_1_18' title='bbox 1584 1112 1784 1166; x_wconf 77' lang='grc' dir='ltr'>ΟΣΙΟΥ</span> <span class='ocrx_word' id='word_1_19' title='bbox 1813 1113 2084 1166; x_wconf 82' lang='grc' dir='ltr'><strong>ΠΑΤΡΟΣ</strong></span> <span class='ocrx_word' id='word_1_20' title='bbox 2108 1110 2303 1164; x_wconf 78' lang='grc' dir='ltr'><strong>ΗΜοΝ</strong></span> <span class='ocrx_word' id='word_1_21' title='bbox 2334 1108 2455 1162; x_wconf 78' lang='grc' dir='ltr'><strong>ΚΑΙ</strong></span> <span class='ocrx_word' id='word_1_22' title='bbox 2490 1105 2957 1162; x_wconf 82' lang='grc' dir='ltr'><strong>οΜΟΛΟΓΠΤΟΥ</strong></span> 
     </span>
    </p>
   </div>
   <div class='ocr_carea' id='block_1_11' title="bbox 1084 1225 3298 1324">
    <p class='ocr_par' dir='ltr' id='par_1_11' title="bbox 1084 1225 3298 1324">
     <span class='ocr_line' id='line_1_12' title="bbox 1084 1225 3298 1324; baseline -0.005 0"><span class='ocrx_word' id='word_1_23' title='bbox 1084 1235 1678 1324; x_wconf 85' lang='grc' dir='ltr'><strong>ΘΕΟΔΩΡΟΥ</strong></span> <span class='ocrx_word' id='word_1_24' title='bbox 1716 1232 2416 1321; x_wconf 84' lang='grc' dir='ltr'><strong>ΗΓΟΥΜΕΝΟΥ</strong></span> <span class='ocrx_word' id='word_1_25' title='bbox 2456 1231 2683 1318; x_wconf 86' lang='grc' dir='ltr'><strong>ΤΩΝ</strong></span> <span class='ocrx_word' id='word_1_26' title='bbox 2740 1225 3298 1316; x_wconf 88' lang='grc' dir='ltr'><strong>ΣΤΟΥΔΙΟΥ</strong></span> 
     </span>
    </p>
   </div>
   <div class='ocr_carea' id='block_1_12' title="bbox 1617 1383 2748 1520">
    <p class='ocr_par' dir='ltr' id='par_1_12' title="bbox 1617 1383 2748 1520">
     <span class='ocr_line' id='line_1_13' title="bbox 1617 1383 2748 1520; baseline -0.011 0"><span class='ocrx_word' id='word_1_27' title='bbox 1617 1383 2748 1520; x_wconf 87' lang='grc' dir='ltr'><strong>ΕΠΙΣΤΟΛΑΙ.</strong></span> 
     </span>
    </p>
   </div>
   <div class='ocr_carea' id='block_1_13' title="bbox 1721 1695 2664 1784">
    <p class='ocr_par' dir='ltr' id='par_1_13' title="bbox 1721 1695 2664 1784">
     <span class='ocr_line' id='line_1_14' title="bbox 1721 1695 2664 1784; baseline 0.002 -5"><span class='ocrx_word' id='word_1_28' title='bbox 1721 1696 2156 1783; x_wconf 87' lang='grc' dir='ltr'>ΒΙΒΛΙΟΝ</span> <span class='ocrx_word' id='word_1_29' title='bbox 2209 1695 2664 1784; x_wconf 82' lang='grc' dir='ltr'><strong>ΠΡΩΤΟΝ</strong></span> 
     </span>
    </p>
   </div>
   <div class='ocr_carea' id='block_1_14' title="bbox 688 1823 3757 1891">
    <p class='ocr_par' dir='ltr' id='par_1_14' title="bbox 688 1823 3757 1891">
     <span class='ocr_line' id='line_1_15' title="bbox 688 1823 3757 1891; baseline -0.004 -3"><span class='ocrx_word' id='word_1_30' title='bbox 688 1832 786 1889; x_wconf 82' lang='grc' dir='ltr'><strong>ΕΚ</strong></span> <span class='ocrx_word' id='word_1_31' title='bbox 815 1839 947 1890; x_wconf 82' lang='grc' dir='ltr'><strong>ΤΩΝ</strong></span> <span class='ocrx_word' id='word_1_32' title='bbox 971 1837 1328 1891; x_wconf 70' lang='grc' dir='ltr'><strong>ΔμΦΟΡΩΝ</strong></span> <span class='ocrx_word' id='word_1_33' title='bbox 1349 1837 1589 1890; x_wconf 79' lang='grc' dir='ltr'><strong>ΑΥΤΟΥ</strong></span> <span class='ocrx_word' id='word_1_34' title='bbox 1612 1837 2011 1890; x_wconf 77' lang='grc' dir='ltr'><strong>ΕΠΙΣῚῸΛΩΝ</strong></span> <span class='ocrx_word' id='word_1_35' title='bbox 2029 1837 2332 1891; x_wconf 79' lang='grc' dir='ltr'><strong>ΕΚΛΟΓΗ</strong></span> <span class='ocrx_word' id='word_1_36' title='bbox 2358 1833 2499 1889; x_wconf 80' lang='grc' dir='ltr'><strong>ΤΗΣ</strong></span> <span class='ocrx_word' id='word_1_37' title='bbox 2527 1835 2817 1888; x_wconf 82' lang='grc' dir='ltr'><strong>ΠΡΩΤΗΣ</strong></span> <span class='ocrx_word' id='word_1_38' title='bbox 2854 1835 2984 1886; x_wconf 82' lang='grc' dir='ltr'><strong>ΚΑΙ</strong></span> <span class='ocrx_word' id='word_1_39' title='bbox 3007 1829 3393 1886; x_wconf 77' lang='grc' dir='ltr'><strong>ΔΕΥΤΕΡΑΣ</strong></span> <span class='ocrx_word' id='word_1_40' title='bbox 3421 1823 3757 1882; x_wconf 78' lang='grc' dir='ltr'><strong>ΕΞΟΡΙΛΣ.</strong></span> 
     </span>
    </p>
   </div>
   <div class='ocr_carea' id='block_1_15' title="bbox 1363 2062 3024 2128">
    <p class='ocr_par' dir='ltr' id='par_1_15' title="bbox 1363 2062 3024 2128">
     <span class='ocr_line' id='line_1_16' title="bbox 1363 2062 3024 2128; baseline -0.001 -3"><span class='ocrx_word' id='word_1_41' title='bbox 1363 2065 1643 2126; x_wconf 72' lang='lat' dir='ltr'><strong>SANC&#39;I‘I</strong></span> <span class='ocrx_word' id='word_1_42' title='bbox 1695 2067 1977 2128; x_wconf 75' lang='lat' dir='ltr'><strong>PATRIS</strong></span> <span class='ocrx_word' id='word_1_43' title='bbox 2006 2065 2296 2127; x_wconf 80' lang='lat' dir='ltr'><strong>NOSTRI</strong></span> <span class='ocrx_word' id='word_1_44' title='bbox 2340 2067 2442 2128; x_wconf 89' lang='lat' dir='ltr'><strong>ET</strong></span> <span class='ocrx_word' id='word_1_45' title='bbox 2481 2062 3024 2128; x_wconf 76' lang='lat' dir='ltr'><strong>CONFESSORIS</strong></span> 
     </span>
    </p>
   </div>
   <div class='ocr_carea' id='block_1_16' title="bbox 1062 2217 3317 2319">
    <p class='ocr_par' dir='ltr' id='par_1_16' title="bbox 1062 2217 3317 2319">
     <span class='ocr_line' id='line_1_17' title="bbox 1062 2217 3317 2319; baseline 0.004 -10"><span class='ocrx_word' id='word_1_46' title='bbox 1062 2222 1686 2316; x_wconf 82' lang='lat' dir='ltr'><strong>THEODORI</strong></span> <span class='ocrx_word' id='word_1_47' title='bbox 1766 2223 2441 2316; x_wconf 65' lang='lat' dir='ltr'><strong>PREPOSITI</strong></span> <span class='ocrx_word' id='word_1_48' title='bbox 2492 2217 3317 2319; x_wconf 55' lang='lat' dir='ltr'><strong>S&#39;I‘UDITARUM.</strong></span> 
     </span>
    </p>
   </div>
   <div class='ocr_carea' id='block_1_17' title="bbox 1667 2422 2731 2551">
    <p class='ocr_par' dir='ltr' id='par_1_17' title="bbox 1667 2422 2731 2551">
     <span class='ocr_line' id='line_1_18' title="bbox 1667 2422 2731 2551; baseline -0.005 -3"><span class='ocrx_word' id='word_1_49' title='bbox 1667 2422 2731 2551; x_wconf 68' lang='lat' dir='ltr'><strong>EPISTOLfE.</strong></span> 
     </span>
    </p>
   </div>
   <div class='ocr_carea' id='block_1_18' title="bbox 1732 2753 2649 2843">
    <p class='ocr_par' dir='ltr' id='par_1_18' title="bbox 1732 2753 2649 2843">
     <span class='ocr_line' id='line_1_19' title="bbox 1732 2753 2649 2843; baseline -0.002 -1"><span class='ocrx_word' id='word_1_50' title='bbox 1732 2755 2083 2843; x_wconf 79' lang='lat' dir='ltr'><strong>LIBER</strong></span> <span class='ocrx_word' id='word_1_51' title='bbox 2195 2753 2649 2843; x_wconf 78' lang='lat' dir='ltr'><strong>PRIMUS</strong></span> 
     </span>
    </p>
   </div>
   <div class='ocr_carea' id='block_1_19' title="bbox 587 2912 3820 3055">
    <p class='ocr_par' dir='ltr' id='par_1_19' title="bbox 587 2912 3820 3055">
     <span class='ocr_line' id='line_1_20' title="bbox 587 2912 3820 3055; baseline -0.004 -75"><span class='ocrx_word' id='word_1_52' title='bbox 587 2920 689 2980; x_wconf 76' lang='lat' dir='ltr'><strong>EX</strong></span> <span class='ocrx_word' id='word_1_53' title='bbox 718 2922 1071 2982; x_wconf 75' lang='lat' dir='ltr'><strong>DIVERSIS</strong></span> <span class='ocrx_word' id='word_1_54' title='bbox 1103 2925 1280 2983; x_wconf 80' lang='lat' dir='ltr'><strong>EJUS</strong></span> <span class='ocrx_word' id='word_1_55' title='bbox 1330 2926 1724 2984; x_wconf 80' lang='lat' dir='ltr'><strong>EPISTOLIS</strong></span> <span class='ocrx_word' id='word_1_56' title='bbox 1762 2926 2468 3055; x_wconf 42' lang='lat' dir='ltr'><strong>QUED.§%R§£%;§§ZTA</strong></span> <span class='ocrx_word' id='word_1_57' title='bbox 2527 2923 2612 2979; x_wconf 81' lang='grc' dir='ltr'><strong>ΙΝ</strong></span> <span class='ocrx_word' id='word_1_58' title='bbox 2667 2920 2909 2976; x_wconf 73' lang='lat' dir='ltr'><strong><em>PRIMO</em></strong></span> <span class='ocrx_word' id='word_1_59' title='bbox 2960 2919 3053 2974; x_wconf 76' lang='lat' dir='ltr'><strong>ET</strong></span> <span class='ocrx_word' id='word_1_60' title='bbox 3107 2914 3452 2974; x_wconf 85' lang='lat' dir='ltr'><strong>SECUNDO</strong></span> <span class='ocrx_word' id='word_1_61' title='bbox 3507 2912 3820 2970; x_wconf 79' lang='lat' dir='ltr'><strong>EXSILIO</strong></span> 
     </span>
    </p>
   </div>
   <div class='ocr_carea' id='block_1_20' title="bbox 2158 3139 2223 3149">
    <p class='ocr_par' dir='ltr' id='par_1_20' title="bbox 2158 3139 2223 3149">
     <span class='ocr_line' id='line_1_21' title="bbox 2158 3139 2223 3149; baseline -0.015 0"><span class='ocrx_word' id='word_1_62' title='bbox 2158 3139 2223 3149; x_wconf 76' lang='grc'><strong>...-</strong></span> 
     </span>
    </p>
   </div>
   <div class='ocr_carea' id='block_1_21' title="bbox 797 3213 1892 3290">
    <p class='ocr_par' dir='ltr' id='par_1_21' title="bbox 797 3213 1892 3290">
     <span class='ocr_line' id='line_1_22' title="bbox 797 3213 1892 3290; baseline 0.005 -22"><span class='ocrx_word' id='word_1_63' title='bbox 797 3213 876 3268; x_wconf 75' lang='lat' dir='ltr'><strong>A&#39;.</strong></span> <span class='ocrx_word' id='word_1_64' title='bbox 905 3244 972 3255; x_wconf 92' lang='lat'>—</span> <span class='ocrx_word' id='word_1_65' title='bbox 998 3213 1265 3270; x_wconf 65' lang='grc' dir='ltr'><strong>Πλάτωνι</strong></span> <span class='ocrx_word' id='word_1_66' title='bbox 1293 3219 1670 3287; x_wconf 72' lang='grc' dir='ltr'>πνευματικῷ</span> <span class='ocrx_word' id='word_1_67' title='bbox 1695 3225 1892 3290; x_wconf 80' lang='grc' dir='ltr'>πατρί.</span> 
     </span>
    </p>
   </div>
   <div class='ocr_carea' id='block_1_22' title="bbox 2587 3217 3482 3287">
    <p class='ocr_par' dir='ltr' id='par_1_22' title="bbox 2587 3217 3482 3287">
     <span class='ocr_line' id='line_1_23' title="bbox 2587 3217 3482 3287; baseline -0.007 -13"><span class='ocrx_word' id='word_1_68' title='bbox 2587 3224 2625 3274; x_wconf 87' lang='grc' dir='ltr'><strong>Ι.</strong></span> <span class='ocrx_word' id='word_1_69' title='bbox 2661 3251 2731 3261; x_wconf 89' lang='lat'><strong><em>—</em></strong></span> <span class='ocrx_word' id='word_1_70' title='bbox 2761 3219 2973 3273; x_wconf 77' lang='lat' dir='ltr'><strong>Platoni</strong></span> <span class='ocrx_word' id='word_1_71' title='bbox 3013 3219 3156 3287; x_wconf 75' lang='lat' dir='ltr'><strong>patri</strong></span> <span class='ocrx_word' id='word_1_72' title='bbox 3194 3217 3482 3285; x_wconf 73' lang='lat' dir='ltr'><strong>spirituali.</strong></span> 
     </span>
    </p>
   </div>
   <div class='ocr_carea' id='block_1_23' title="bbox 585 3328 3826 3461">
    <p class='ocr_par' dir='ltr' id='par_1_23' title="bbox 585 3328 3826 3461">
     <span class='ocr_line' id='line_1_24' title="bbox 585 3328 3826 3461; baseline -0.001 -82"><span class='ocrx_word' id='word_1_73' title='bbox 585 3329 874 3380; x_wconf 80' lang='lat' dir='ltr'><strong>Theodorus</strong></span> <span class='ocrx_word' id='word_1_74' title='bbox 897 3330 1042 3379; x_wconf 81' lang='lat' dir='ltr'><strong>exsul</strong></span> <span class='ocrx_word' id='word_1_75' title='bbox 1070 3329 1352 3392; x_wconf 88' lang='lat' dir='ltr'><strong>Platonem,</strong></span> <span class='ocrx_word' id='word_1_76' title='bbox 1379 3334 1456 3382; x_wconf 75' lang='lat' dir='ltr'><strong>vel</strong></span> <span class='ocrx_word' id='word_1_77' title='bbox 1481 3337 1647 3396; x_wconf 83' lang='lat' dir='ltr'><strong>potius</strong></span> <span class='ocrx_word' id='word_1_78' title='bbox 1671 3337 2004 3461; x_wconf 49' lang='lat' dir='ltr'><strong>subtl’laltoqi;</strong></span> <span class='ocrx_word' id='word_1_79' title='bbox 2030 3353 2258 3411; x_wconf 76' lang='lat' dir='ltr'><strong>persona,</strong></span> <span class='ocrx_word' id='word_1_80' title='bbox 2281 3337 2541 3448; x_wconf 48' lang='lat' dir='ltr'><strong>mosgghos</strong></span> <span class='ocrx_word' id='word_1_81' title='bbox 2558 3349 2674 3460; x_wconf 54' lang='lat' dir='ltr'><strong>silqs</strong></span> <span class='ocrx_word' id='word_1_82' title='bbox 2695 3335 2937 3395; x_wconf 74' lang='lat' dir='ltr'><strong>hortatur,</strong></span> <span class='ocrx_word' id='word_1_83' title='bbox 2963 3347 3030 3383; x_wconf 82' lang='lat' dir='ltr'><strong>ne</strong></span> <span class='ocrx_word' id='word_1_84' title='bbox 3059 3328 3350 3395; x_wconf 81' lang='lat' dir='ltr'><strong>Imperatori</strong></span> <span class='ocrx_word' id='word_1_85' title='bbox 3370 3333 3597 3380; x_wconf 87' lang='lat' dir='ltr'><strong>adultero</strong></span> <span class='ocrx_word' id='word_1_86' title='bbox 3618 3343 3826 3379; x_wconf 66' lang='lat' dir='ltr'><strong>consen-</strong></span> 
     </span>
     <span class='ocr_line' id='line_1_25' title="bbox 1783 3411 2621 3457; baseline -0.004 -9"><span class='ocrx_word' id='word_1_87' title='bbox 1783 3412 1861 3448; x_wconf 77' lang='lat' dir='ltr'><strong>ian</strong></span> <span class='ocrx_word' id='word_1_88' title='bbox 1891 3435 1902 3446; x_wconf 94' lang='lat'>.</span> <span class='ocrx_word' id='word_1_89' title='bbox 2007 3413 2205 3450; x_wconf 77' lang='lat' dir='ltr'><strong>aramus</strong></span> <span class='ocrx_word' id='word_1_90' title='bbox 2248 3414 2325 3450; x_wconf 89' lang='lat' dir='ltr'><strong>an.</strong></span> <span class='ocrx_word' id='word_1_91' title='bbox 2456 3436 2468 3457; x_wconf 90' lang='lat'><strong>,</strong></span> <span class='ocrx_word' id='word_1_92' title='bbox 2491 3411 2543 3446; x_wconf 89' lang='lat' dir='ltr'><strong>n.</strong></span> <span class='ocrx_word' id='word_1_93' title='bbox 2611 3433 2621 3445; x_wconf 93' lang='lat'><em>.</em></span> 
     </span>
    </p>
   </div>
   <div class='ocr_carea' id='block_1_24' title="bbox 1783 3411 2621 3457">
    <p class='ocr_par' dir='ltr' id='par_1_24' title="bbox 1783 3411 2621 3457">
     <span class='ocr_line' id='line_1_26' title="bbox 1783 3411 2621 3457; baseline -0.004 -9"><span class='ocrx_word' id='word_1_94' title='bbox 1783 3411 1902 3450; x_wconf 77' lang='lat' dir='ltr'><strong>iant.</strong></span> <span class='ocrx_word' id='word_1_95' title='bbox 1945 3411 2205 3457; x_wconf 68' lang='grc' dir='ltr'>ωλι-οπως</span> <span class='ocrx_word' id='word_1_96' title='bbox 2248 3414 2325 3450; x_wconf 89' lang='lat' dir='ltr'><strong>an.</strong></span> <span class='ocrx_word' id='word_1_97' title='bbox 2360 3411 2468 3457; x_wconf 72' lang='grc' dir='ltr'><strong>Ἰδσ,</strong></span> <span class='ocrx_word' id='word_1_98' title='bbox 2491 3411 2543 3446; x_wconf 89' lang='lat' dir='ltr'><strong>n.</strong></span> <span class='ocrx_word' id='word_1_99' title='bbox 2577 3411 2621 3445; x_wconf 70' lang='grc' dir='ltr'><strong>-Ιν,</strong></span> 
     </span>
    </p>
   </div>
   <div class='ocr_carea' id='block_1_25' title="bbox 655 3495 2228 3575">
    <p class='ocr_par' dir='ltr' id='par_1_25' title="bbox 655 3495 2228 3575">
     <span class='ocr_line' id='line_1_27' title="bbox 655 3495 2228 3575; baseline 0.013 -24"><span class='ocrx_word' id='word_1_100' title='bbox 655 3495 866 3565; x_wconf 78' lang='lat' dir='ltr'><strong>Quibus</strong></span> <span class='ocrx_word' id='word_1_101' title='bbox 937 3500 1118 3556; x_wconf 83' lang='lat' dir='ltr'><strong>verbis</strong></span> <span class='ocrx_word' id='word_1_102' title='bbox 1171 3510 1223 3557; x_wconf 89' lang='lat' dir='ltr'><strong>te</strong></span> <span class='ocrx_word' id='word_1_103' title='bbox 1261 3503 1548 3559; x_wconf 82' lang='lat' dir='ltr'><strong>aﬂ&#39;abimur</strong></span> <span class='ocrx_word' id='word_1_104' title='bbox 1573 3544 1588 3570; x_wconf 89' lang='lat'><strong>,</strong></span> <span class='ocrx_word' id='word_1_105' title='bbox 1634 3506 1793 3563; x_wconf 81' lang='lat' dir='ltr'><strong>Pater</strong></span> <span class='ocrx_word' id='word_1_106' title='bbox 1832 3510 2162 3575; x_wconf 80' lang='lat' dir='ltr'><strong>dulcissime,</strong></span> <span class='ocrx_word' id='word_1_107' title='bbox 2195 3517 2228 3572; x_wconf 76' lang='grc' dir='ltr'><strong><em>Α</em></strong></span> 
     </span>
    </p>
   </div>
   <div class='ocr_carea' id='block_1_26' title="bbox 2261 3495 3826 3575">
    <p class='ocr_par' dir='ltr' id='par_1_26' title="bbox 2341 3496 3826 3575">
     <span class='ocr_line' id='line_1_28' title="bbox 2341 3496 3826 3575; baseline -0.009 -14"><span class='ocrx_word' id='word_1_108' title='bbox 2341 3509 2405 3562; x_wconf 83' lang='grc' dir='ltr'><strong>Τί</strong></span> <span class='ocrx_word' id='word_1_109' title='bbox 2440 3525 2545 3571; x_wconf 90' lang='grc' dir='ltr'>σοι,</span> <span class='ocrx_word' id='word_1_110' title='bbox 2595 3499 2640 3559; x_wconf 78' lang='grc' dir='ltr'><strong>ὦ</strong></span> <span class='ocrx_word' id='word_1_111' title='bbox 2682 3506 2866 3575; x_wconf 78' lang='grc' dir='ltr'>Πάτερ</span> <span class='ocrx_word' id='word_1_112' title='bbox 2893 3504 3196 3573; x_wconf 83' lang='grc' dir='ltr'>γλυκύτατε</span> <span class='ocrx_word' id='word_1_113' title='bbox 3230 3502 3410 3572; x_wconf 81' lang='grc' dir='ltr'>ἡμῶν,</span> <span class='ocrx_word' id='word_1_114' title='bbox 3436 3496 3826 3570; x_wconf 79' lang='grc' dir='ltr'>προσφθεγξὼ-</span> 
     </span>
    </p>
   </div>
   <div class='ocr_carea' id='block_1_27' title="bbox 587 3589 2155 3672">
    <p class='ocr_par' dir='ltr' id='par_1_27' title="bbox 587 3589 2155 3672">
     <span class='ocr_line' id='line_1_29' title="bbox 587 3589 2155 3672; baseline 0.008 -26"><span class='ocrx_word' id='word_1_115' title='bbox 587 3589 792 3646; x_wconf 82' lang='lat' dir='ltr'><strong>sanctis</strong></span> <span class='ocrx_word' id='word_1_116' title='bbox 824 3590 1127 3648; x_wconf 79' lang='lat' dir='ltr'><strong>visceribus</strong></span> <span class='ocrx_word' id='word_1_117' title='bbox 1171 3595 1281 3650; x_wconf 92' lang='lat' dir='ltr'><strong>luis</strong></span> <span class='ocrx_word' id='word_1_118' title='bbox 1311 3606 1529 3666; x_wconf 86' lang='lat' dir='ltr'><strong>propter</strong></span> <span class='ocrx_word' id='word_1_119' title='bbox 1570 3597 1735 3653; x_wconf 90' lang='lat' dir='ltr'><strong>Deum</strong></span> <span class='ocrx_word' id='word_1_120' title='bbox 1777 3603 1994 3656; x_wconf 80' lang='lat' dir='ltr'><strong>orbati?</strong></span> <span class='ocrx_word' id='word_1_121' title='bbox 2024 3605 2155 3672; x_wconf 90' lang='lat' dir='ltr'><strong>quid</strong></span> 
     </span>
    </p>
   </div>
   <div class='ocr_carea' id='block_1_28' title="bbox 589 3683 2158 3758">
    <p class='ocr_par' dir='ltr' id='par_1_28' title="bbox 589 3683 2158 3758">
     <span class='ocr_line' id='line_1_30' title="bbox 589 3683 2158 3758; baseline 0.01 -24"><span class='ocrx_word' id='word_1_122' title='bbox 589 3683 696 3735; x_wconf 67' lang='lat' dir='ltr'><strong>laeti</strong></span> <span class='ocrx_word' id='word_1_123' title='bbox 745 3683 1088 3750; x_wconf 88' lang='lat' dir='ltr'><strong>autjucundi</strong></span> <span class='ocrx_word' id='word_1_124' title='bbox 1141 3685 1467 3756; x_wconf 81' lang='lat' dir='ltr'><strong>loquemur?</strong></span> <span class='ocrx_word' id='word_1_125' title='bbox 1500 3687 1686 3758; x_wconf 85' lang='lat' dir='ltr'><strong>Neque</strong></span> <span class='ocrx_word' id='word_1_126' title='bbox 1729 3694 1873 3746; x_wconf 91' lang='lat' dir='ltr'><strong>enim</strong></span> <span class='ocrx_word' id='word_1_127' title='bbox 1912 3694 2158 3750; x_wconf 90' lang='lat' dir='ltr'><strong>luctuosa</strong></span> 
     </span>
    </p>
   </div>
   <div class='ocr_carea' id='block_1_29' title="bbox 590 3772 2155 3850">
    <p class='ocr_par' dir='ltr' id='par_1_29' title="bbox 590 3772 2155 3850">
     <span class='ocr_line' id='line_1_31' title="bbox 590 3772 2155 3850; baseline 0.008 -23"><span class='ocrx_word' id='word_1_128' title='bbox 590 3783 644 3827; x_wconf 87' lang='lat' dir='ltr'><strong>et</strong></span> <span class='ocrx_word' id='word_1_129' title='bbox 684 3772 885 3835; x_wconf 87' lang='lat' dir='ltr'><strong>tristia,</strong></span> <span class='ocrx_word' id='word_1_130' title='bbox 919 3776 1074 3843; x_wconf 85' lang='lat' dir='ltr'><strong>quasi</strong></span> <span class='ocrx_word' id='word_1_131' title='bbox 1101 3778 1295 3830; x_wconf 84' lang='lat' dir='ltr'><strong>acerbe</strong></span> <span class='ocrx_word' id='word_1_132' title='bbox 1319 3775 1556 3834; x_wconf 81' lang='lat' dir='ltr'><strong>ferentes</strong></span> <span class='ocrx_word' id='word_1_133' title='bbox 1599 3781 1700 3835; x_wconf 87' lang='lat' dir='ltr'><strong>hoc</strong></span> <span class='ocrx_word' id='word_1_134' title='bbox 1729 3785 1872 3850; x_wconf 93' lang='lat' dir='ltr'><strong>quod</strong></span> <span class='ocrx_word' id='word_1_135' title='bbox 1907 3787 2155 3840; x_wconf 84' lang='lat' dir='ltr'><strong>exsilium</strong></span> 
     </span>
    </p>
   </div>
   <div class='ocr_carea' id='block_1_30' title="bbox 591 3862 2159 3944">
    <p class='ocr_par' dir='ltr' id='par_1_30' title="bbox 591 3862 2159 3944">
     <span class='ocr_line' id='line_1_32' title="bbox 591 3862 2159 3944; baseline 0.007 -27"><span class='ocrx_word' id='word_1_136' title='bbox 591 3862 971 3929; x_wconf 74' lang='lat' dir='ltr'><strong>existimatur;</strong></span> <span class='ocrx_word' id='word_1_137' title='bbox 1022 3865 1167 3930; x_wconf 90' lang='lat' dir='ltr'><strong>quod</strong></span> <span class='ocrx_word' id='word_1_138' title='bbox 1217 3881 1314 3920; x_wconf 87' lang='lat' dir='ltr'><strong>nos</strong></span> <span class='ocrx_word' id='word_1_139' title='bbox 1351 3883 1378 3920; x_wconf 90' lang='lat' dir='ltr'><strong>a</strong></span> <span class='ocrx_word' id='word_1_140' title='bbox 1416 3878 1467 3922; x_wconf 88' lang='lat' dir='ltr'><strong>te</strong></span> <span class='ocrx_word' id='word_1_141' title='bbox 1500 3870 1793 3927; x_wconf 88' lang='lat' dir='ltr'><strong>didicimus</strong></span> <span class='ocrx_word' id='word_1_142' title='bbox 1843 3889 1948 3927; x_wconf 92' lang='lat' dir='ltr'><strong>non</strong></span> <span class='ocrx_word' id='word_1_143' title='bbox 1991 3891 2159 3944; x_wconf 77' lang='lat' dir='ltr'><strong>agno-</strong></span> 
     </span>
    </p>
   </div>
   <div class='ocr_carea' id='block_1_31' title="bbox 589 3956 2156 4024">
    <p class='ocr_par' dir='ltr' id='par_1_31' title="bbox 589 3956 2156 4024">
     <span class='ocr_line' id='line_1_33' title="bbox 589 3956 2156 4024; baseline 0.007 -16"><span class='ocrx_word' id='word_1_144' title='bbox 589 3968 762 4015; x_wconf 88' lang='lat' dir='ltr'><strong>scere.</strong></span> <span class='ocrx_word' id='word_1_145' title='bbox 804 3964 864 4009; x_wconf 90' lang='lat' dir='ltr'><strong>ut</strong></span> <span class='ocrx_word' id='word_1_146' title='bbox 909 3956 1002 4024; x_wconf 86' lang='lat' dir='ltr'><strong>qui</strong></span> <span class='ocrx_word' id='word_1_147' title='bbox 1047 3956 1237 4011; x_wconf 70' lang='lat' dir='ltr'><strong>incola:</strong></span> <span class='ocrx_word' id='word_1_148' title='bbox 1286 3959 1456 4013; x_wconf 87' lang='lat' dir='ltr'><strong>simus</strong></span> <span class='ocrx_word' id='word_1_149' title='bbox 1495 3963 1760 4016; x_wconf 69' lang='lat' dir='ltr'><strong>universae</strong></span> <span class='ocrx_word' id='word_1_150' title='bbox 1829 3972 1987 4018; x_wconf 83' lang='lat' dir='ltr'><strong>terrae</strong></span> <span class='ocrx_word' id='word_1_151' title='bbox 2017 3982 2031 4019; x_wconf 89' lang='lat'><strong>:</strong></span> <span class='ocrx_word' id='word_1_152' title='bbox 2063 3965 2156 4019; x_wconf 89' lang='lat' dir='ltr'><strong>sed</strong></span> 
     </span>
    </p>
   </div>
   <div class='ocr_carea' id='block_1_32' title="bbox 591 4043 2159 4122">
    <p class='ocr_par' dir='ltr' id='par_1_32' title="bbox 591 4043 2159 4122">
     <span class='ocr_line' id='line_1_34' title="bbox 591 4043 2159 4122; baseline 0.008 -26"><span class='ocrx_word' id='word_1_153' title='bbox 591 4043 722 4098; x_wconf 92' lang='lat' dir='ltr'><strong>illud</strong></span> <span class='ocrx_word' id='word_1_154' title='bbox 770 4044 968 4108; x_wconf 93' lang='lat' dir='ltr'><strong>solum,</strong></span> <span class='ocrx_word' id='word_1_155' title='bbox 1013 4061 1122 4111; x_wconf 87' lang='lat' dir='ltr'><strong>quo</strong></span> <span class='ocrx_word' id='word_1_156' title='bbox 1166 4047 1292 4115; x_wconf 87' lang='lat' dir='ltr'><strong>quis</strong></span> <span class='ocrx_word' id='word_1_157' title='bbox 1338 4063 1364 4101; x_wconf 89' lang='lat' dir='ltr'><strong>a</strong></span> <span class='ocrx_word' id='word_1_158' title='bbox 1421 4049 1528 4102; x_wconf 82' lang='lat' dir='ltr'><strong>Deo</strong></span> <span class='ocrx_word' id='word_1_159' title='bbox 1573 4064 1668 4116; x_wconf 87' lang='lat' dir='ltr'><strong>per</strong></span> <span class='ocrx_word' id='word_1_160' title='bbox 1712 4051 2001 4120; x_wconf 83' lang='lat' dir='ltr'><strong>cujuslibet</strong></span> <span class='ocrx_word' id='word_1_161' title='bbox 2041 4054 2159 4122; x_wconf 86' lang='lat' dir='ltr'><strong>ejus</strong></span> 
     </span>
    </p>
   </div>
   <div class='ocr_carea' id='block_1_33' title="bbox 590 4133 2160 4210">
    <p class='ocr_par' dir='ltr' id='par_1_33' title="bbox 590 4133 2160 4210">
     <span class='ocr_line' id='line_1_35' title="bbox 590 4133 2160 4210; baseline 0.004 -23"><span class='ocrx_word' id='word_1_162' title='bbox 590 4133 831 4187; x_wconf 86' lang='lat' dir='ltr'><strong>mandati</strong></span> <span class='ocrx_word' id='word_1_163' title='bbox 875 4135 1377 4202; x_wconf 68' lang='lat' dir='ltr'><strong>praevaricationem</strong></span> <span class='ocrx_word' id='word_1_164' title='bbox 1429 4137 1652 4201; x_wconf 80' lang='lat' dir='ltr'><strong>excidit,</strong></span> <span class='ocrx_word' id='word_1_165' title='bbox 1682 4138 1950 4208; x_wconf 83' lang='lat' dir='ltr'><strong>longeque</strong></span> <span class='ocrx_word' id='word_1_166' title='bbox 1991 4141 2160 4210; x_wconf 89' lang='lat' dir='ltr'><strong>proji-</strong></span> 
     </span>
    </p>
   </div>
   <div class='ocr_carea' id='block_1_34' title="bbox 591 4220 2160 4300">
    <p class='ocr_par' dir='ltr' id='par_1_34' title="bbox 591 4220 2160 4300">
     <span class='ocr_line' id='line_1_36' title="bbox 591 4220 2160 4300; baseline 0.006 -24"><span class='ocrx_word' id='word_1_167' title='bbox 591 4225 754 4276; x_wconf 88' lang='lat' dir='ltr'><strong>citur.</strong></span> <span class='ocrx_word' id='word_1_168' title='bbox 788 4220 1128 4292; x_wconf 89' lang='lat' dir='ltr'><strong>Quapropter</strong></span> <span class='ocrx_word' id='word_1_169' title='bbox 1161 4226 1460 4293; x_wconf 77' lang='lat' dir='ltr'><strong>gaudemus</strong></span> <span class='ocrx_word' id='word_1_170' title='bbox 1488 4240 1618 4280; x_wconf 88' lang='lat' dir='ltr'><strong>sane</strong></span> <span class='ocrx_word' id='word_1_171' title='bbox 1646 4235 1700 4281; x_wconf 88' lang='lat' dir='ltr'><strong>et</strong></span> <span class='ocrx_word' id='word_1_172' title='bbox 1720 4227 1986 4292; x_wconf 70' lang='lat' dir='ltr'><strong>laetamur,</strong></span> <span class='ocrx_word' id='word_1_173' title='bbox 2012 4230 2160 4300; x_wconf 87' lang='lat' dir='ltr'><strong>quod</strong></span> 
     </span>
    </p>
   </div>
   <div class='ocr_carea' id='block_1_35' title="bbox 591 4311 2158 4381">
    <p class='ocr_par' dir='ltr' id='par_1_35' title="bbox 591 4311 2158 4381">
     <span class='ocr_line' id='line_1_37' title="bbox 591 4311 2158 4381; baseline 0.006 -19"><span class='ocrx_word' id='word_1_174' title='bbox 591 4312 841 4380; x_wconf 84' lang='lat' dir='ltr'><strong>quamvis</strong></span> <span class='ocrx_word' id='word_1_175' title='bbox 877 4311 1083 4381; x_wconf 80' lang='lat' dir='ltr'><strong>indigni</strong></span> <span class='ocrx_word' id='word_1_176' title='bbox 1107 4313 1246 4367; x_wconf 63' lang='lat' dir='ltr'><strong>caelo</strong></span> <span class='ocrx_word' id='word_1_177' title='bbox 1277 4323 1329 4367; x_wconf 93' lang='lat' dir='ltr'><strong>et</strong></span> <span class='ocrx_word' id='word_1_178' title='bbox 1360 4324 1502 4367; x_wconf 84' lang='lat' dir='ltr'><strong>terra</strong></span> <span class='ocrx_word' id='word_1_179' title='bbox 1535 4315 1728 4379; x_wconf 87' lang='lat' dir='ltr'><strong>simus,</strong></span> <span class='ocrx_word' id='word_1_180' title='bbox 1763 4327 1939 4371; x_wconf 90' lang='lat' dir='ltr'><strong>tecum</strong></span> <span class='ocrx_word' id='word_1_181' title='bbox 1978 4327 2158 4373; x_wconf 84' lang='lat' dir='ltr'><strong>tamen</strong></span> 
     </span>
    </p>
   </div>
   <div class='ocr_carea' id='block_1_36' title="bbox 592 4404 2161 4477">
    <p class='ocr_par' dir='ltr' id='par_1_36' title="bbox 592 4404 2161 4477">
     <span class='ocr_line' id='line_1_38' title="bbox 592 4404 2161 4477; baseline 0.005 -22"><span class='ocrx_word' id='word_1_182' title='bbox 592 4410 783 4455; x_wconf 89' lang='lat' dir='ltr'><strong>sancto</strong></span> <span class='ocrx_word' id='word_1_183' title='bbox 832 4411 986 4469; x_wconf 83' lang='lat' dir='ltr'><strong>patre</strong></span> <span class='ocrx_word' id='word_1_184' title='bbox 1029 4411 1218 4456; x_wconf 91' lang='lat' dir='ltr'><strong>nostro</strong></span> <span class='ocrx_word' id='word_1_185' title='bbox 1259 4404 1411 4474; x_wconf 79' lang='lat' dir='ltr'><strong>digni</strong></span> <span class='ocrx_word' id='word_1_186' title='bbox 1466 4405 1631 4459; x_wconf 85' lang='lat' dir='ltr'><strong>habiti</strong></span> <span class='ocrx_word' id='word_1_187' title='bbox 1674 4423 1887 4468; x_wconf 88' lang='lat' dir='ltr'><strong>sumus,</strong></span> <span class='ocrx_word' id='word_1_188' title='bbox 1928 4409 2020 4477; x_wconf 91' lang='lat' dir='ltr'><strong>qui</strong></span> <span class='ocrx_word' id='word_1_189' title='bbox 2064 4424 2161 4477; x_wconf 89' lang='lat' dir='ltr'><strong>pro</strong></span> 
     </span>
    </p>
   </div>
   <div class='ocr_carea' id='block_1_37' title="bbox 591 4492 2159 4567">
    <p class='ocr_par' dir='ltr' id='par_1_37' title="bbox 591 4492 2159 4567">
     <span class='ocr_line' id='line_1_39' title="bbox 591 4492 2159 4567; baseline 0.006 -21"><span class='ocrx_word' id='word_1_190' title='bbox 591 4494 710 4563; x_wconf 85' lang='lat' dir='ltr'><strong>ejus</strong></span> <span class='ocrx_word' id='word_1_191' title='bbox 759 4492 1017 4547; x_wconf 86' lang='lat' dir='ltr'><strong>mandato</strong></span> <span class='ocrx_word' id='word_1_192' title='bbox 1071 4494 1184 4548; x_wconf 75' lang='lat' dir='ltr'><strong>lnec</strong></span> <span class='ocrx_word' id='word_1_193' title='bbox 1232 4505 1560 4564; x_wconf 88' lang='lat' dir='ltr'><strong>pateremur,</strong></span> <span class='ocrx_word' id='word_1_194' title='bbox 1607 4509 1806 4567; x_wconf 90' lang='lat' dir='ltr'><strong>tuaque</strong></span> <span class='ocrx_word' id='word_1_195' title='bbox 1857 4502 2159 4554; x_wconf 87' lang='lat' dir='ltr'><strong>secundum</strong></span> 
     </span>
    </p>
   </div>
   <div class='ocr_carea' id='block_1_38' title="bbox 591 4585 2158 4658">
    <p class='ocr_par' dir='ltr' id='par_1_38' title="bbox 591 4585 2158 4658">
     <span class='ocr_line' id='line_1_40' title="bbox 591 4585 2158 4658; baseline 0.004 -20"><span class='ocrx_word' id='word_1_196' title='bbox 591 4599 816 4638; x_wconf 84' lang='lat' dir='ltr'><strong>carnem</strong></span> <span class='ocrx_word' id='word_1_197' title='bbox 856 4585 1250 4638; x_wconf 82' lang='lat' dir='ltr'><strong>consuetudine</strong></span> <span class='ocrx_word' id='word_1_198' title='bbox 1279 4587 1640 4653; x_wconf 85' lang='lat' dir='ltr'><strong>privaremur.</strong></span> <span class='ocrx_word' id='word_1_199' title='bbox 1675 4588 1980 4658; x_wconf 69' lang='lat' dir='ltr'><strong>Canternqui</strong></span> <span class='ocrx_word' id='word_1_200' title='bbox 2014 4592 2158 4646; x_wconf 89' lang='lat' dir='ltr'><strong>enim</strong></span> 
     </span>
    </p>
   </div>
   <div class='ocr_carea' id='block_1_39' title="bbox 594 4675 2158 4743">
    <p class='ocr_par' dir='ltr' id='par_1_39' title="bbox 594 4675 2158 4743">
     <span class='ocr_line' id='line_1_41' title="bbox 594 4675 2158 4743; baseline 0.004 -15"><span class='ocrx_word' id='word_1_201' title='bbox 594 4675 874 4728; x_wconf 87' lang='lat' dir='ltr'><strong>nobiscum</strong></span> <span class='ocrx_word' id='word_1_202' title='bbox 899 4689 1116 4743; x_wconf 87' lang='lat' dir='ltr'><strong>semper</strong></span> <span class='ocrx_word' id='word_1_203' title='bbox 1138 4689 1216 4738; x_wconf 89' lang='lat' dir='ltr'><strong>es,</strong></span> <span class='ocrx_word' id='word_1_204' title='bbox 1243 4685 1415 4743; x_wconf 86' lang='lat' dir='ltr'><strong>pater,</strong></span> <span class='ocrx_word' id='word_1_205' title='bbox 1449 4676 1501 4728; x_wconf 93' lang='lat' dir='ltr'><strong>in</strong></span> <span class='ocrx_word' id='word_1_206' title='bbox 1524 4679 1697 4732; x_wconf 91' lang='lat' dir='ltr'><strong>oculis</strong></span> <span class='ocrx_word' id='word_1_207' title='bbox 1722 4689 1775 4732; x_wconf 91' lang='lat' dir='ltr'><strong>et</strong></span> <span class='ocrx_word' id='word_1_208' title='bbox 1800 4695 1894 4732; x_wconf 90' lang='lat' dir='ltr'><strong>ore</strong></span> <span class='ocrx_word' id='word_1_209' title='bbox 1917 4681 2158 4734; x_wconf 81' lang='lat' dir='ltr'><strong>omnium</strong></span> 
     </span>
    </p>
   </div>
   <div class='ocr_carea' id='block_1_40' title="bbox 592 4765 2160 4837">
    <p class='ocr_par' dir='ltr' id='par_1_40' title="bbox 592 4765 2160 4837">
     <span class='ocr_line' id='line_1_42' title="bbox 592 4765 2160 4837; baseline 0.003 -17"><span class='ocrx_word' id='word_1_210' title='bbox 592 4776 864 4820; x_wconf 90' lang='lat' dir='ltr'><strong>nostrum.</strong></span> <span class='ocrx_word' id='word_1_211' title='bbox 896 4765 961 4819; x_wconf 84' lang='lat' dir='ltr'><strong>Et</strong></span> <span class='ocrx_word' id='word_1_212' title='bbox 992 4765 1086 4834; x_wconf 90' lang='lat' dir='ltr'><strong>qui</strong></span> <span class='ocrx_word' id='word_1_213' title='bbox 1140 4766 1293 4820; x_wconf 87' lang='lat' dir='ltr'><strong>aliter</strong></span> <span class='ocrx_word' id='word_1_214' title='bbox 1329 4767 1511 4822; x_wconf 83' lang='lat' dir='ltr'><strong>vivere</strong></span> <span class='ocrx_word' id='word_1_215' title='bbox 1558 4770 1851 4837; x_wconf 88' lang='lat' dir='ltr'><strong>possimus,</strong></span> <span class='ocrx_word' id='word_1_216' title='bbox 1895 4771 1999 4823; x_wconf 82' lang='lat' dir='ltr'><strong>nisi</strong></span> <span class='ocrx_word' id='word_1_217' title='bbox 2038 4786 2066 4823; x_wconf 89' lang='lat' dir='ltr'><strong>a</strong></span> <span class='ocrx_word' id='word_1_218' title='bbox 2111 4781 2160 4825; x_wconf 87' lang='lat' dir='ltr'><strong>te</strong></span> 
     </span>
    </p>
   </div>
   <div class='ocr_carea' id='block_1_41' title="bbox 591 4853 2234 4929">
    <p class='ocr_par' dir='ltr' id='par_1_41' title="bbox 591 4853 2234 4929">
     <span class='ocr_line' id='line_1_43' title="bbox 591 4853 2234 4929; baseline 0.002 -18"><span class='ocrx_word' id='word_1_219' title='bbox 591 4866 908 4911; x_wconf 87' lang='lat' dir='ltr'><strong>sanctarum</strong></span> <span class='ocrx_word' id='word_1_220' title='bbox 963 4871 1182 4925; x_wconf 84' lang='lat' dir='ltr'><strong>precum</strong></span> <span class='ocrx_word' id='word_1_221' title='bbox 1220 4858 1469 4926; x_wconf 71' lang='lat' dir='ltr'><strong>praesidio</strong></span> <span class='ocrx_word' id='word_1_222' title='bbox 1516 4867 1794 4929; x_wconf 81' lang='lat' dir='ltr'><strong>tegamur,</strong></span> <span class='ocrx_word' id='word_1_223' title='bbox 1842 4870 1895 4914; x_wconf 90' lang='lat' dir='ltr'><strong>et</strong></span> <span class='ocrx_word' id='word_1_224' title='bbox 1938 4876 1968 4914; x_wconf 91' lang='lat' dir='ltr'><strong>a</strong></span> <span class='ocrx_word' id='word_1_225' title='bbox 2015 4861 2158 4915; x_wconf 89' lang='lat' dir='ltr'><strong>malo</strong></span> <span class='ocrx_word' id='word_1_226' title='bbox 2194 4853 2234 4905; x_wconf 79' lang='grc' dir='ltr'><strong>Β</strong></span> 
     </span>
    </p>
   </div>
   <div class='ocr_carea' id='block_1_42' title="bbox 591 4947 2156 5022">
    <p class='ocr_par' dir='ltr' id='par_1_42' title="bbox 591 4947 2156 5022">
     <span class='ocr_line' id='line_1_44' title="bbox 591 4947 2156 5022; baseline 0.004 -22"><span class='ocrx_word' id='word_1_227' title='bbox 591 4961 872 5001; x_wconf 75' lang='lat' dir='ltr'><strong>servemur</strong></span> <span class='ocrx_word' id='word_1_228' title='bbox 911 4947 1156 5001; x_wconf 78' lang='lat' dir='ltr'><strong>innoxii?</strong></span> <span class='ocrx_word' id='word_1_229' title='bbox 1199 4947 1459 5004; x_wconf 84' lang='lat' dir='ltr'><strong>Seursum</strong></span> <span class='ocrx_word' id='word_1_230' title='bbox 1495 4950 1738 5019; x_wconf 85' lang='lat' dir='ltr'><strong>abjuncti</strong></span> <span class='ocrx_word' id='word_1_231' title='bbox 1783 4965 1846 5004; x_wconf 87' lang='lat' dir='ltr'><strong>ac</strong></span> <span class='ocrx_word' id='word_1_232' title='bbox 1888 4954 2156 5022; x_wconf 79' lang='lat' dir='ltr'><strong>segregati</strong></span> 
     </span>
    </p>
   </div>
   <div class='ocr_carea' id='block_1_43' title="bbox 592 5038 2159 5115">
    <p class='ocr_par' dir='ltr' id='par_1_43' title="bbox 592 5038 2159 5115">
     <span class='ocr_line' id='line_1_45' title="bbox 592 5038 2159 5115; baseline 0.003 -21"><span class='ocrx_word' id='word_1_233' title='bbox 592 5040 789 5109; x_wconf 79' lang='lat' dir='ltr'><strong>singuli</strong></span> <span class='ocrx_word' id='word_1_234' title='bbox 837 5038 1083 5105; x_wconf 82' lang='lat' dir='ltr'><strong>fuimus;</strong></span> <span class='ocrx_word' id='word_1_235' title='bbox 1131 5042 1266 5096; x_wconf 81' lang='lat' dir='ltr'><strong>salvi</strong></span> <span class='ocrx_word' id='word_1_236' title='bbox 1307 5051 1488 5097; x_wconf 90' lang='lat' dir='ltr'><strong>tamen</strong></span> <span class='ocrx_word' id='word_1_237' title='bbox 1521 5057 1711 5098; x_wconf 90' lang='lat' dir='ltr'><strong>omnes</strong></span> <span class='ocrx_word' id='word_1_238' title='bbox 1763 5053 1926 5113; x_wconf 92' lang='lat' dir='ltr'><strong>atque</strong></span> <span class='ocrx_word' id='word_1_239' title='bbox 1959 5046 2159 5115; x_wconf 77' lang='lat' dir='ltr'><strong>integri</strong></span> 
     </span>
    </p>
   </div>
   <div class='ocr_carea' id='block_1_44' title="bbox 592 5132 2156 5207">
    <p class='ocr_par' dir='ltr' id='par_1_44' title="bbox 592 5132 2156 5207">
     <span class='ocr_line' id='line_1_46' title="bbox 592 5132 2156 5207; baseline 0.006 -24"><span class='ocrx_word' id='word_1_240' title='bbox 592 5145 657 5183; x_wconf 89' lang='lat' dir='ltr'><strong>ac</strong></span> <span class='ocrx_word' id='word_1_241' title='bbox 724 5132 947 5186; x_wconf 82' lang='lat' dir='ltr'><strong>stabiles</strong></span> <span class='ocrx_word' id='word_1_242' title='bbox 1010 5136 1433 5200; x_wconf 89' lang='lat' dir='ltr'><strong>permansimus.</strong></span> <span class='ocrx_word' id='word_1_243' title='bbox 1495 5135 1562 5189; x_wconf 86' lang='lat' dir='ltr'><strong>Et</strong></span> <span class='ocrx_word' id='word_1_244' title='bbox 1616 5152 1932 5205; x_wconf 90' lang='lat' dir='ltr'><strong>quanquam</strong></span> <span class='ocrx_word' id='word_1_245' title='bbox 1995 5154 2156 5207; x_wconf 85' lang='lat' dir='ltr'><strong>parva</strong></span> 
     </span>
    </p>
   </div>
   <div class='ocr_carea' id='block_1_45' title="bbox 596 5221 2163 5295">
    <p class='ocr_par' dir='ltr' id='par_1_45' title="bbox 596 5221 2163 5295">
     <span class='ocr_line' id='line_1_47' title="bbox 596 5221 2163 5295; baseline 0.007 -23"><span class='ocrx_word' id='word_1_246' title='bbox 596 5221 847 5288; x_wconf 72' lang='lat' dir='ltr'><strong>(praedam</strong></span> <span class='ocrx_word' id='word_1_247' title='bbox 895 5221 1240 5277; x_wconf 90' lang='lat' dir='ltr'><strong>incommoda</strong></span> <span class='ocrx_word' id='word_1_248' title='bbox 1279 5225 1338 5278; x_wconf 90' lang='lat' dir='ltr'><strong>in</strong></span> <span class='ocrx_word' id='word_1_249' title='bbox 1373 5225 1457 5279; x_wconf 75' lang='lat' dir='ltr'><strong>via</strong></span> <span class='ocrx_word' id='word_1_250' title='bbox 1505 5227 1855 5295; x_wconf 89' lang='lat' dir='ltr'><strong>pertulimus,</strong></span> <span class='ocrx_word' id='word_1_251' title='bbox 1888 5230 2163 5283; x_wconf 83' lang='lat' dir='ltr'><strong>nonnullis</strong></span> 
     </span>
    </p>
   </div>
   <div class='ocr_carea' id='block_1_46' title="bbox 597 5314 2164 5384">
    <p class='ocr_par' dir='ltr' id='par_1_46' title="bbox 597 5314 2164 5384">
     <span class='ocr_line' id='line_1_48' title="bbox 597 5314 2164 5384; baseline 0.008 -22"><span class='ocrx_word' id='word_1_252' title='bbox 597 5323 847 5377; x_wconf 86' lang='lat' dir='ltr'><strong>nostrum</strong></span> <span class='ocrx_word' id='word_1_253' title='bbox 904 5314 1067 5366; x_wconf 85' lang='lat' dir='ltr'><strong>etiam</strong></span> <span class='ocrx_word' id='word_1_254' title='bbox 1125 5317 1311 5370; x_wconf 91' lang='lat' dir='ltr'><strong>morbo</strong></span> <span class='ocrx_word' id='word_1_255' title='bbox 1366 5316 1609 5384; x_wconf 80' lang='lat' dir='ltr'><strong>allectis;</strong></span> <span class='ocrx_word' id='word_1_256' title='bbox 1675 5320 1762 5374; x_wconf 92' lang='lat' dir='ltr'><strong>ille</strong></span> <span class='ocrx_word' id='word_1_257' title='bbox 1813 5321 2164 5375; x_wconf 86' lang='lat' dir='ltr'><strong>nihilominus</strong></span> 
     </span>
    </p>
   </div>
   <div class='ocr_carea' id='block_1_47' title="bbox 603 5403 2158 5484">
    <p class='ocr_par' dir='ltr' id='par_1_47' title="bbox 603 5403 2158 5484">
     <span class='ocr_line' id='line_1_49' title="bbox 603 5403 2158 5484; baseline 0.008 -30"><span class='ocrx_word' id='word_1_258' title='bbox 603 5404 694 5470; x_wconf 88' lang='lat' dir='ltr'><strong>qui</strong></span> <span class='ocrx_word' id='word_1_259' title='bbox 731 5403 912 5458; x_wconf 80' lang='lat' dir='ltr'><strong>dixit:</strong></span> <span class='ocrx_word' id='word_1_260' title='bbox 944 5405 1201 5474; x_wconf 77' lang='lat' dir='ltr'><strong>Respicite</strong></span> <span class='ocrx_word' id='word_1_261' title='bbox 1251 5409 1489 5462; x_wconf 79' lang='lat' dir='ltr'><strong>volatilia</strong></span> <span class='ocrx_word' id='word_1_262' title='bbox 1532 5412 1666 5475; x_wconf 69' lang='lat' dir='ltr'><strong>cali,</strong></span> <span class='ocrx_word' id='word_1_263' title='bbox 1711 5422 1760 5465; x_wconf 76' lang='lat' dir='ltr'><strong>et</strong></span> <span class='ocrx_word' id='word_1_264' title='bbox 1803 5413 1919 5466; x_wconf 78' lang='lat' dir='ltr'><strong>lilia</strong></span> <span class='ocrx_word' id='word_1_265' title='bbox 1970 5414 2158 5484; x_wconf 80' lang='lat' dir='ltr'><strong>agri‘;</strong></span> 
     </span>
    </p>
   </div>
   <div class='ocr_carea' id='block_1_48' title="bbox 601 5494 2162 5566">
    <p class='ocr_par' dir='ltr' id='par_1_48' title="bbox 601 5494 2162 5566">
     <span class='ocr_line' id='line_1_50' title="bbox 601 5494 2162 5566; baseline 0.008 -21"><span class='ocrx_word' id='word_1_266' title='bbox 601 5494 695 5562; x_wconf 92' lang='lat' dir='ltr'><strong>qui</strong></span> <span class='ocrx_word' id='word_1_267' title='bbox 731 5495 954 5548; x_wconf 86' lang='lat' dir='ltr'><strong>minime</strong></span> <span class='ocrx_word' id='word_1_268' title='bbox 987 5496 1121 5551; x_wconf 81' lang='lat' dir='ltr'><strong>fallit</strong></span> <span class='ocrx_word' id='word_1_269' title='bbox 1160 5499 1212 5551; x_wconf 92' lang='lat' dir='ltr'><strong>in</strong></span> <span class='ocrx_word' id='word_1_270' title='bbox 1248 5501 1532 5566; x_wconf 80' lang='lat' dir='ltr'><strong>promissis</strong></span> <span class='ocrx_word' id='word_1_271' title='bbox 1564 5505 1697 5562; x_wconf 86' lang='lat' dir='ltr'><strong>suis,</strong></span> <span class='ocrx_word' id='word_1_272' title='bbox 1734 5504 2033 5558; x_wconf 87' lang='lat' dir='ltr'><strong>incolumes</strong></span> <span class='ocrx_word' id='word_1_273' title='bbox 2064 5519 2162 5558; x_wconf 90' lang='lat' dir='ltr'><strong>nos</strong></span> 
     </span>
    </p>
   </div>
   <div class='ocr_carea' id='block_1_49' title="bbox 596 5585 2159 5667">
    <p class='ocr_par' dir='ltr' id='par_1_49' title="bbox 596 5585 2159 5667">
     <span class='ocr_line' id='line_1_51' title="bbox 596 5585 2159 5667; baseline 0.005 -29"><span class='ocrx_word' id='word_1_274' title='bbox 596 5585 813 5639; x_wconf 85' lang='lat' dir='ltr'><strong>tandem</strong></span> <span class='ocrx_word' id='word_1_275' title='bbox 857 5600 1050 5655; x_wconf 66' lang='lat' dir='ltr'><strong>praeter</strong></span> <span class='ocrx_word' id='word_1_276' title='bbox 1078 5605 1228 5658; x_wconf 89' lang='lat' dir='ltr'><strong>spem</strong></span> <span class='ocrx_word' id='word_1_277' title='bbox 1259 5602 1497 5647; x_wconf 87' lang='lat' dir='ltr'><strong>nostram</strong></span> <span class='ocrx_word' id='word_1_278' title='bbox 1527 5592 1632 5648; x_wconf 88' lang='lat' dir='ltr'><strong>huc</strong></span> <span class='ocrx_word' id='word_1_279' title='bbox 1663 5591 2159 5667; x_wconf 86' lang='lat' dir='ltr'><strong>[Thessalonicam]</strong></span> 
     </span>
    </p>
   </div>
   <div class='ocr_carea' id='block_1_50' title="bbox 668 5726 1231 5794">
    <p class='ocr_par' dir='ltr' id='par_1_50' title="bbox 668 5726 1231 5794">
     <span class='ocr_line' id='line_1_52' title="bbox 668 5726 1231 5794; baseline 0 -14"><span class='ocrx_word' id='word_1_280' title='bbox 668 5729 679 5757; x_wconf 71' lang='grc'>¹</span> <span class='ocrx_word' id='word_1_281' title='bbox 707 5726 892 5781; x_wconf 79' lang='lat' dir='ltr'><strong>Matth.</strong></span> <span class='ocrx_word' id='word_1_282' title='bbox 926 5743 997 5790; x_wconf 68' lang='grc' dir='ltr'><strong>γι,</strong></span> <span class='ocrx_word' id='word_1_283' title='bbox 1031 5727 1118 5794; x_wconf 69' lang='lat'><strong>~20,</strong></span> <span class='ocrx_word' id='word_1_284' title='bbox 1143 5728 1231 5782; x_wconf 76' lang='lat'><strong>‘28.</strong></span> 
     </span>
    </p>
   </div>
   <div class='ocr_carea' id='block_1_51' title="bbox 2271 3591 3826 3672">
    <p class='ocr_par' dir='ltr' id='par_1_51' title="bbox 2271 3591 3826 3672">
     <span class='ocr_line' id='line_1_53' title="bbox 2271 3591 3826 3672; baseline -0.008 -18"><span class='ocrx_word' id='word_1_285' title='bbox 2271 3601 2432 3672; x_wconf 85' lang='grc' dir='ltr'>μεθα,</span> <span class='ocrx_word' id='word_1_286' title='bbox 2478 3602 2527 3653; x_wconf 91' lang='grc' dir='ltr'>οἱ</span> <span class='ocrx_word' id='word_1_287' title='bbox 2576 3598 3075 3670; x_wconf 77' lang='grc' dir='ltr'><strong>ἀπορφανισθέντες</strong></span> <span class='ocrx_word' id='word_1_288' title='bbox 3105 3595 3194 3648; x_wconf 81' lang='grc' dir='ltr'><strong>διὰ</strong></span> <span class='ocrx_word' id='word_1_289' title='bbox 3236 3595 3371 3647; x_wconf 80' lang='grc' dir='ltr'>Θεὸν</span> <span class='ocrx_word' id='word_1_290' title='bbox 3409 3593 3516 3646; x_wconf 72' lang='grc' dir='ltr'><strong>ἀπὸ</strong></span> <span class='ocrx_word' id='word_1_291' title='bbox 3564 3593 3675 3644; x_wconf 80' lang='grc' dir='ltr'><strong>τῶν</strong></span> <span class='ocrx_word' id='word_1_292' title='bbox 3720 3591 3826 3642; x_wconf 81' lang='grc' dir='ltr'>σῶν</span> 
     </span>
    </p>
   </div>
   <div class='ocr_carea' id='block_1_52' title="bbox 2259 3682 3826 3760">
    <p class='ocr_par' dir='ltr' id='par_1_52' title="bbox 2259 3682 3826 3760">
     <span class='ocr_line' id='line_1_54' title="bbox 2259 3682 3826 3760; baseline -0.008 -14"><span class='ocrx_word' id='word_1_293' title='bbox 2259 3694 2429 3760; x_wconf 79' lang='grc' dir='ltr'>ἁγίων</span> <span class='ocrx_word' id='word_1_294' title='bbox 2478 3692 2842 3760; x_wconf 77' lang='grc' dir='ltr'>σπλάγχνωνς</span> <span class='ocrx_word' id='word_1_295' title='bbox 2878 3692 3029 3741; x_wconf 79' lang='grc' dir='ltr'>ποῖον</span> <span class='ocrx_word' id='word_1_296' title='bbox 3061 3688 3118 3739; x_wconf 79' lang='grc' dir='ltr'><strong>δὲ</strong></span> <span class='ocrx_word' id='word_1_297' title='bbox 3159 3685 3488 3756; x_wconf 80' lang='grc' dir='ltr'>προσηνὲςῆ</span> <span class='ocrx_word' id='word_1_298' title='bbox 3533 3682 3826 3754; x_wconf 71' lang='grc' dir='ltr'>περιχαρὲς</span> 
     </span>
    </p>
   </div>
   <div class='ocr_carea' id='block_1_53' title="bbox 2259 3773 3825 3851">
    <p class='ocr_par' dir='ltr' id='par_1_53' title="bbox 2259 3773 3825 3851">
     <span class='ocr_line' id='line_1_55' title="bbox 2259 3773 3825 3851; baseline -0.006 -17"><span class='ocrx_word' id='word_1_299' title='bbox 2259 3784 2485 3851; x_wconf 80' lang='grc' dir='ltr'>λέξομεν</span> <span class='ocrx_word' id='word_1_300' title='bbox 2514 3799 2528 3845; x_wconf 89' lang='grc'>;</span> <span class='ocrx_word' id='word_1_301' title='bbox 2563 3780 2682 3832; x_wconf 74' lang='grc' dir='ltr'><strong>οὐδὲ</strong></span> <span class='ocrx_word' id='word_1_302' title='bbox 2717 3779 2825 3848; x_wconf 83' lang='grc' dir='ltr'>γὰρ</span> <span class='ocrx_word' id='word_1_303' title='bbox 2856 3777 3111 3847; x_wconf 73' lang='grc' dir='ltr'>ὸδυρτικὰ</span> <span class='ocrx_word' id='word_1_304' title='bbox 3130 3777 3223 3828; x_wconf 74' lang='grc' dir='ltr'><strong>καὶ</strong></span> <span class='ocrx_word' id='word_1_305' title='bbox 3253 3775 3500 3845; x_wconf 77' lang='grc' dir='ltr'>θλιὸερὰ,</span> <span class='ocrx_word' id='word_1_306' title='bbox 3537 3773 3825 3844; x_wconf 79' lang='grc' dir='ltr'>δυσχεραί-</span> 
     </span>
    </p>
   </div>
   <div class='ocr_carea' id='block_1_54' title="bbox 2257 3864 3826 3941">
    <p class='ocr_par' dir='ltr' id='par_1_54' title="bbox 2257 3864 3826 3941">
     <span class='ocr_line' id='line_1_56' title="bbox 2257 3864 3826 3941; baseline -0.008 -15"><span class='ocrx_word' id='word_1_307' title='bbox 2257 3890 2440 3935; x_wconf 88' lang='grc' dir='ltr'>νοντες</span> <span class='ocrx_word' id='word_1_308' title='bbox 2491 3871 2588 3941; x_wconf 81' lang='grc' dir='ltr'>τὴν</span> <span class='ocrx_word' id='word_1_309' title='bbox 2623 3869 2959 3939; x_wconf 82' lang='grc' dir='ltr'>δοκουμένην</span> <span class='ocrx_word' id='word_1_310' title='bbox 2991 3867 3234 3937; x_wconf 79' lang='grc' dir='ltr'>ὲξορίαν·</span> <span class='ocrx_word' id='word_1_311' title='bbox 3271 3867 3338 3937; x_wconf 79' lang='grc' dir='ltr'>ἢν</span> <span class='ocrx_word' id='word_1_312' title='bbox 3369 3867 3528 3936; x_wconf 76' lang='grc' dir='ltr'>ἡμεῖς</span> <span class='ocrx_word' id='word_1_313' title='bbox 3571 3865 3631 3917; x_wconf 84' lang='grc' dir='ltr'>οὐ</span> <span class='ocrx_word' id='word_1_314' title='bbox 3672 3864 3826 3931; x_wconf 77' lang='grc' dir='ltr'>γινώ-</span> 
     </span>
    </p>
   </div>
   <div class='ocr_carea' id='block_1_55' title="bbox 2261 3956 3824 4031">
    <p class='ocr_par' dir='ltr' id='par_1_55' title="bbox 2261 3956 3824 4031">
     <span class='ocr_line' id='line_1_57' title="bbox 2261 3956 3824 4031; baseline -0.006 -15"><span class='ocrx_word' id='word_1_315' title='bbox 2261 3980 2410 4016; x_wconf 82' lang='grc' dir='ltr'>σκειν</span> <span class='ocrx_word' id='word_1_316' title='bbox 2441 3960 2800 4031; x_wconf 78' lang='grc' dir='ltr'>δεδιδὰγμεθα</span> <span class='ocrx_word' id='word_1_317' title='bbox 2835 3958 2939 4014; x_wconf 83' lang='grc' dir='ltr'><strong>ὑπὸ</strong></span> <span class='ocrx_word' id='word_1_318' title='bbox 2971 3958 3085 4011; x_wconf 73' lang='grc' dir='ltr'>σοῦ’</span> <span class='ocrx_word' id='word_1_319' title='bbox 3119 3957 3261 4010; x_wconf 81' lang='grc' dir='ltr'>κατὰ</span> <span class='ocrx_word' id='word_1_320' title='bbox 3281 3957 3342 4009; x_wconf 81' lang='grc' dir='ltr'>τὸ</span> <span class='ocrx_word' id='word_1_321' title='bbox 3365 3956 3664 4024; x_wconf 76' lang='grc' dir='ltr'><strong>παροίκους</strong></span> <span class='ocrx_word' id='word_1_322' title='bbox 3683 3956 3824 4025; x_wconf 74' lang='grc' dir='ltr'>ἡμᾶς</span> 
     </span>
    </p>
   </div>
   <div class='ocr_carea' id='block_1_56' title="bbox 2259 4046 3822 4123">
    <p class='ocr_par' dir='ltr' id='par_1_56' title="bbox 2259 4046 3822 4123">
     <span class='ocr_line' id='line_1_58' title="bbox 2259 4046 3822 4123; baseline -0.005 -16"><span class='ocrx_word' id='word_1_323' title='bbox 2259 4050 2399 4108; x_wconf 78' lang='grc' dir='ltr'>εἶναι</span> <span class='ocrx_word' id='word_1_324' title='bbox 2440 4057 2619 4123; x_wconf 80' lang='grc' dir='ltr'><strong>πάσης</strong></span> <span class='ocrx_word' id='word_1_325' title='bbox 2646 4057 2743 4122; x_wconf 82' lang='grc' dir='ltr'>τῆς</span> <span class='ocrx_word' id='word_1_326' title='bbox 2770 4052 2895 4122; x_wconf 76' lang='grc' dir='ltr'><strong>γῆς’</strong></span> <span class='ocrx_word' id='word_1_327' title='bbox 2926 4052 2959 4122; x_wconf 80' lang='grc' dir='ltr'>ἢ</span> <span class='ocrx_word' id='word_1_328' title='bbox 2985 4050 3150 4121; x_wconf 81' lang='grc' dir='ltr'>μόνην</span> <span class='ocrx_word' id='word_1_329' title='bbox 3187 4048 3284 4117; x_wconf 79' lang='grc' dir='ltr'>τὴν</span> <span class='ocrx_word' id='word_1_330' title='bbox 3315 4048 3419 4101; x_wconf 73' lang='grc' dir='ltr'><strong>ἀπὸ</strong></span> <span class='ocrx_word' id='word_1_331' title='bbox 3443 4047 3578 4100; x_wconf 83' lang='grc' dir='ltr'><strong>Θεοῦ</strong></span> <span class='ocrx_word' id='word_1_332' title='bbox 3613 4047 3698 4100; x_wconf 77' lang='grc' dir='ltr'>διὰ</span> <span class='ocrx_word' id='word_1_333' title='bbox 3727 4046 3822 4113; x_wconf 73' lang='grc' dir='ltr'>τῆς</span> 
     </span>
    </p>
   </div>
   <div class='ocr_carea' id='block_1_57' title="bbox 2259 4139 3823 4219">
    <p class='ocr_par' dir='ltr' id='par_1_57' title="bbox 2259 4139 3823 4219">
     <span class='ocr_line' id='line_1_59' title="bbox 2259 4139 3823 4219; baseline -0.007 -18"><span class='ocrx_word' id='word_1_334' title='bbox 2259 4148 2627 4219; x_wconf 74' lang='grc' dir='ltr'>παραϐάσεως</span> <span class='ocrx_word' id='word_1_335' title='bbox 2660 4146 2758 4216; x_wconf 83' lang='grc' dir='ltr'>τῆς</span> <span class='ocrx_word' id='word_1_336' title='bbox 2787 4144 3078 4199; x_wconf 82' lang='grc' dir='ltr'>ὁποιασοῦν</span> <span class='ocrx_word' id='word_1_337' title='bbox 3108 4142 3328 4212; x_wconf 78' lang='grc' dir='ltr'><strong>ἐντολῆς</strong></span> <span class='ocrx_word' id='word_1_338' title='bbox 3359 4139 3524 4195; x_wconf 77' lang='grc' dir='ltr'>αὑτοῦ</span> <span class='ocrx_word' id='word_1_339' title='bbox 3556 4139 3823 4192; x_wconf 77' lang='grc' dir='ltr'>ἔκπτωσιν</span> 
     </span>
    </p>
   </div>
   <div class='ocr_carea' id='block_1_58' title="bbox 2261 4231 3820 4309">
    <p class='ocr_par' dir='ltr' id='par_1_58' title="bbox 2261 4231 3820 4309">
     <span class='ocr_line' id='line_1_60' title="bbox 2261 4231 3820 4309; baseline -0.008 -16"><span class='ocrx_word' id='word_1_340' title='bbox 2261 4242 2356 4293; x_wconf 77' lang='grc' dir='ltr'>καὶ</span> <span class='ocrx_word' id='word_1_341' title='bbox 2401 4239 2619 4309; x_wconf 79' lang='grc' dir='ltr'>μακρὰν</span> <span class='ocrx_word' id='word_1_342' title='bbox 2661 4238 2996 4308; x_wconf 80' lang='grc' dir='ltr'>ἁπορῤιφήν.</span> <span class='ocrx_word' id='word_1_343' title='bbox 3029 4234 3118 4287; x_wconf 79' lang='grc' dir='ltr'><strong>Διὸ</strong></span> <span class='ocrx_word' id='word_1_344' title='bbox 3163 4233 3431 4304; x_wconf 84' lang='grc' dir='ltr'>χαίρομεν</span> <span class='ocrx_word' id='word_1_345' title='bbox 3474 4231 3567 4284; x_wconf 71' lang='grc' dir='ltr'>καὶ</span> <span class='ocrx_word' id='word_1_346' title='bbox 3603 4231 3820 4299; x_wconf 76' lang='grc' dir='ltr'>εὐφραι-</span> 
     </span>
    </p>
   </div>
   <div class='ocr_carea' id='block_1_59' title="bbox 2261 4319 3821 4401">
    <p class='ocr_par' dir='ltr' id='par_1_59' title="bbox 2261 4319 3821 4401">
     <span class='ocr_line' id='line_1_61' title="bbox 2261 4319 3821 4401; baseline -0.008 -16"><span class='ocrx_word' id='word_1_347' title='bbox 2261 4331 2484 4401; x_wconf 85' lang='grc' dir='ltr'>νόμεθα,</span> <span class='ocrx_word' id='word_1_348' title='bbox 2527 4332 2608 4383; x_wconf 83' lang='grc' dir='ltr'>ὅτι</span> <span class='ocrx_word' id='word_1_349' title='bbox 2639 4329 2743 4382; x_wconf 77' lang='grc' dir='ltr'>κᾶν</span> <span class='ocrx_word' id='word_1_350' title='bbox 2766 4329 2975 4391; x_wconf 77' lang='grc' dir='ltr'><strong>ἀνάξιοί</strong></span> <span class='ocrx_word' id='word_1_351' title='bbox 3010 4328 3176 4393; x_wconf 78' lang='grc' dir='ltr'>ἐσμεν</span> <span class='ocrx_word' id='word_1_352' title='bbox 3209 4323 3304 4376; x_wconf 82' lang='grc' dir='ltr'>τοῦ</span> <span class='ocrx_word' id='word_1_353' title='bbox 3331 4320 3564 4394; x_wconf 80' lang='grc' dir='ltr'>οὐρανοῦ</span> <span class='ocrx_word' id='word_1_354' title='bbox 3605 4319 3821 4388; x_wconf 73' lang='grc' dir='ltr'>καὶτῆς</span> 
     </span>
    </p>
   </div>
   <div class='ocr_carea' id='block_1_60' title="bbox 2261 4409 3818 4490">
    <p class='ocr_par' dir='ltr' id='par_1_60' title="bbox 2261 4409 3818 4490">
     <span class='ocr_line' id='line_1_62' title="bbox 2261 4409 3818 4490; baseline -0.004 -22"><span class='ocrx_word' id='word_1_355' title='bbox 2261 4421 2386 4490; x_wconf 77' lang='grc' dir='ltr'>γῆς,</span> <span class='ocrx_word' id='word_1_356' title='bbox 2423 4421 2561 4488; x_wconf 80' lang='grc' dir='ltr'>πλὴν</span> <span class='ocrx_word' id='word_1_357' title='bbox 2598 4420 2694 4471; x_wconf 77' lang='grc' dir='ltr'>σὺν</span> <span class='ocrx_word' id='word_1_358' title='bbox 2730 4418 2813 4470; x_wconf 79' lang='grc' dir='ltr'>σοὶ</span> <span class='ocrx_word' id='word_1_359' title='bbox 2849 4416 2925 4485; x_wconf 83' lang='grc' dir='ltr'>τῷ</span> <span class='ocrx_word' id='word_1_360' title='bbox 2976 4416 3113 4484; x_wconf 83' lang='grc' dir='ltr'>ἁγίῳ</span> <span class='ocrx_word' id='word_1_361' title='bbox 3155 4413 3311 4482; x_wconf 75' lang='grc' dir='ltr'>ἡμῶν</span> <span class='ocrx_word' id='word_1_362' title='bbox 3344 4412 3515 4482; x_wconf 72' lang='lat' dir='ltr'><strong>Ila.th</strong></span> <span class='ocrx_word' id='word_1_363' title='bbox 3558 4409 3818 4482; x_wconf 73' lang='grc' dir='ltr'>κατηξιὼο</span> 
     </span>
    </p>
   </div>
   <div class='ocr_carea' id='block_1_61' title="bbox 2263 4500 3819 4580">
    <p class='ocr_par' dir='ltr' id='par_1_61' title="bbox 2263 4500 3819 4580">
     <span class='ocr_line' id='line_1_63' title="bbox 2263 4500 3819 4580; baseline -0.007 -18"><span class='ocrx_word' id='word_1_364' title='bbox 2263 4511 2438 4580; x_wconf 83' lang='grc' dir='ltr'>θημεν</span> <span class='ocrx_word' id='word_1_365' title='bbox 2473 4510 2613 4577; x_wconf 81' lang='grc' dir='ltr'>ὑπὲρ</span> <span class='ocrx_word' id='word_1_366' title='bbox 2661 4509 2761 4576; x_wconf 82' lang='grc' dir='ltr'>τῆς</span> <span class='ocrx_word' id='word_1_367' title='bbox 2799 4506 3022 4574; x_wconf 72' lang='grc' dir='ltr'>ἐντολῆς</span> <span class='ocrx_word' id='word_1_368' title='bbox 3067 4504 3230 4559; x_wconf 76' lang='grc' dir='ltr'>αὐτοῦ</span> <span class='ocrx_word' id='word_1_369' title='bbox 3267 4501 3438 4556; x_wconf 81' lang='grc' dir='ltr'>ταῦτα</span> <span class='ocrx_word' id='word_1_370' title='bbox 3486 4500 3701 4566; x_wconf 79' lang='grc' dir='ltr'>παθεῖν,</span> <span class='ocrx_word' id='word_1_371' title='bbox 3731 4501 3819 4553; x_wconf 69' lang='grc' dir='ltr'><strong>καὶ</strong></span> 
     </span>
    </p>
   </div>
   <div class='ocr_carea' id='block_1_62' title="bbox 2263 4593 3820 4672">
    <p class='ocr_par' dir='ltr' id='par_1_62' title="bbox 2263 4593 3820 4672">
     <span class='ocr_line' id='line_1_64' title="bbox 2263 4593 3820 4672; baseline -0.007 -18"><span class='ocrx_word' id='word_1_372' title='bbox 2263 4601 2597 4672; x_wconf 81' lang='grc' dir='ltr'>στερηθῆναι</span> <span class='ocrx_word' id='word_1_373' title='bbox 2634 4618 2727 4652; x_wconf 87' lang='grc' dir='ltr'><strong>σου</strong></span> <span class='ocrx_word' id='word_1_374' title='bbox 2762 4600 2859 4668; x_wconf 80' lang='grc' dir='ltr'>τῆς</span> <span class='ocrx_word' id='word_1_375' title='bbox 2895 4598 3038 4650; x_wconf 85' lang='grc' dir='ltr'>κατὰ</span> <span class='ocrx_word' id='word_1_376' title='bbox 3068 4597 3248 4666; x_wconf 78' lang='grc' dir='ltr'>σάρκα</span> <span class='ocrx_word' id='word_1_377' title='bbox 3282 4593 3598 4661; x_wconf 78' lang='grc' dir='ltr'>συναφείας.</span> <span class='ocrx_word' id='word_1_378' title='bbox 3621 4593 3820 4652; x_wconf 71' lang='grc' dir='ltr'>Ἄλλως</span> 
     </span>
    </p>
   </div>
   <div class='ocr_carea' id='block_1_63' title="bbox 2260 4681 3819 4762">
    <p class='ocr_par' dir='ltr' id='par_1_63' title="bbox 2260 4681 3819 4762">
     <span class='ocr_line' id='line_1_65' title="bbox 2260 4681 3819 4762; baseline -0.009 -17"><span class='ocrx_word' id='word_1_379' title='bbox 2260 4693 2368 4762; x_wconf 86' lang='grc' dir='ltr'><strong>γὰρ</strong></span> <span class='ocrx_word' id='word_1_380' title='bbox 2403 4691 2520 4761; x_wconf 81' lang='grc' dir='ltr'>μεθ’</span> <span class='ocrx_word' id='word_1_381' title='bbox 2542 4690 2700 4760; x_wconf 75' lang='grc' dir='ltr'>ἡμῶν</span> <span class='ocrx_word' id='word_1_382' title='bbox 2733 4685 2783 4742; x_wconf 79' lang='grc' dir='ltr'>εἴ</span> <span class='ocrx_word' id='word_1_383' title='bbox 2810 4689 2919 4750; x_wconf 81' lang='grc' dir='ltr'>ἀεὶ,</span> <span class='ocrx_word' id='word_1_384' title='bbox 2954 4688 3157 4755; x_wconf 75' lang='grc' dir='ltr'>Πάτερ,</span> <span class='ocrx_word' id='word_1_385' title='bbox 3188 4685 3464 4755; x_wconf 84' lang='grc' dir='ltr'>ὁρώμενος</span> <span class='ocrx_word' id='word_1_386' title='bbox 3502 4681 3598 4734; x_wconf 74' lang='grc' dir='ltr'><strong>καὶ</strong></span> <span class='ocrx_word' id='word_1_387' title='bbox 3636 4681 3819 4734; x_wconf 82' lang='grc' dir='ltr'>συλλα-</span> 
     </span>
    </p>
   </div>
   <div class='ocr_carea' id='block_1_64' title="bbox 2260 4773 3821 4853">
    <p class='ocr_par' dir='ltr' id='par_1_64' title="bbox 2260 4773 3821 4853">
     <span class='ocr_line' id='line_1_66' title="bbox 2260 4773 3821 4853; baseline -0.008 -16"><span class='ocrx_word' id='word_1_388' title='bbox 2260 4785 2541 4853; x_wconf 81' lang='grc' dir='ltr'>λούμενος.</span> <span class='ocrx_word' id='word_1_389' title='bbox 2576 4784 2682 4835; x_wconf 74' lang='grc' dir='ltr'><strong>Καὶ</strong></span> <span class='ocrx_word' id='word_1_390' title='bbox 2710 4782 2826 4844; x_wconf 83' lang='grc' dir='ltr'>πῶς</span> <span class='ocrx_word' id='word_1_391' title='bbox 2855 4780 2961 4851; x_wconf 83' lang='grc' dir='ltr'>γὰρ</span> <span class='ocrx_word' id='word_1_392' title='bbox 2993 4780 3195 4849; x_wconf 81' lang='grc' dir='ltr'>ἑτέρως</span> <span class='ocrx_word' id='word_1_393' title='bbox 3239 4777 3499 4848; x_wconf 78' lang='grc' dir='ltr'>ζήσομεν,</span> <span class='ocrx_word' id='word_1_394' title='bbox 3537 4777 3584 4828; x_wconf 74' lang='grc' dir='ltr'>εἰ</span> <span class='ocrx_word' id='word_1_395' title='bbox 3623 4776 3697 4845; x_wconf 80' lang='grc' dir='ltr'>μὴ</span> <span class='ocrx_word' id='word_1_396' title='bbox 3734 4773 3821 4826; x_wconf 78' lang='grc' dir='ltr'>σοῦ</span> 
     </span>
    </p>
   </div>
   <div class='ocr_carea' id='block_1_65' title="bbox 2263 4865 3821 4944">
    <p class='ocr_par' dir='ltr' id='par_1_65' title="bbox 2263 4865 3821 4944">
     <span class='ocr_line' id='line_1_67' title="bbox 2263 4865 3821 4944; baseline -0.006 -18"><span class='ocrx_word' id='word_1_397' title='bbox 2263 4877 2328 4944; x_wconf 78' lang='grc' dir='ltr'>τῇ</span> <span class='ocrx_word' id='word_1_398' title='bbox 2363 4874 2470 4926; x_wconf 84' lang='grc' dir='ltr'>τῶν</span> <span class='ocrx_word' id='word_1_399' title='bbox 2493 4874 2661 4941; x_wconf 82' lang='grc' dir='ltr'>ἁγίων</span> <span class='ocrx_word' id='word_1_400' title='bbox 2685 4872 2860 4941; x_wconf 82' lang='grc' dir='ltr'>εὐχῶν</span> <span class='ocrx_word' id='word_1_401' title='bbox 2885 4871 3063 4941; x_wconf 82' lang='grc' dir='ltr'>σκέπῃ</span> <span class='ocrx_word' id='word_1_402' title='bbox 3091 4866 3632 4938; x_wconf 80' lang='grc' dir='ltr'>περιφυλαχθείημεν</span> <span class='ocrx_word' id='word_1_403' title='bbox 3665 4865 3821 4919; x_wconf 76' lang='grc' dir='ltr'>ἀϐλα-</span> 
     </span>
    </p>
   </div>
   <div class='ocr_carea' id='block_1_66' title="bbox 2265 4950 3821 5030">
    <p class='ocr_par' dir='ltr' id='par_1_66' title="bbox 2265 4950 3821 5030">
     <span class='ocr_line' id='line_1_68' title="bbox 2265 4950 3821 5030; baseline -0.006 -16"><span class='ocrx_word' id='word_1_404' title='bbox 2265 4963 2380 5024; x_wconf 78' lang='grc' dir='ltr'>ϐεῖς</span> <span class='ocrx_word' id='word_1_405' title='bbox 2432 4961 2538 5014; x_wconf 82' lang='grc' dir='ltr'><strong>ἀπὸ</strong></span> <span class='ocrx_word' id='word_1_406' title='bbox 2596 4961 2690 5014; x_wconf 81' lang='grc' dir='ltr'>τοῦ</span> <span class='ocrx_word' id='word_1_407' title='bbox 2755 4959 3040 5030; x_wconf 78' lang='grc' dir='ltr'>Ιιονηροῦ,</span> <span class='ocrx_word' id='word_1_408' title='bbox 3108 4957 3419 5026; x_wconf 75' lang='grc' dir='ltr'>καταμόνας</span> <span class='ocrx_word' id='word_1_409' title='bbox 3468 4950 3548 5017; x_wconf 74' lang='grc' dir='ltr'>εἷς</span> <span class='ocrx_word' id='word_1_410' title='bbox 3600 4956 3821 5014; x_wconf 69' lang='grc' dir='ltr'>ἕκαστος</span> 
     </span>
    </p>
   </div>
   <div class='ocr_carea' id='block_1_67' title="bbox 2262 5045 3821 5125">
    <p class='ocr_par' dir='ltr' id='par_1_67' title="bbox 2262 5045 3821 5125">
     <span class='ocr_line' id='line_1_69' title="bbox 2262 5045 3821 5125; baseline -0.008 -18"><span class='ocrx_word' id='word_1_411' title='bbox 2262 5057 2294 5125; x_wconf 77' lang='grc' dir='ltr'><strong>ἡ</strong></span> <span class='ocrx_word' id='word_1_412' title='bbox 2306 5055 2420 5124; x_wconf 84' lang='grc' dir='ltr'>μῶν</span> <span class='ocrx_word' id='word_1_413' title='bbox 2450 5053 2736 5122; x_wconf 82' lang='grc' dir='ltr'>διορισθείς</span> <span class='ocrx_word' id='word_1_414' title='bbox 2762 5069 2776 5116; x_wconf 86' lang='grc'>;</span> <span class='ocrx_word' id='word_1_415' title='bbox 2814 5051 2951 5121; x_wconf 83' lang='grc' dir='ltr'>πλὴν</span> <span class='ocrx_word' id='word_1_416' title='bbox 2976 5048 3410 5118; x_wconf 80' lang='grc' dir='ltr'>διεφυλάχθημεν</span> <span class='ocrx_word' id='word_1_417' title='bbox 3444 5045 3540 5100; x_wconf 80' lang='grc' dir='ltr'><strong>καὶ</strong></span> <span class='ocrx_word' id='word_1_418' title='bbox 3566 5045 3821 5098; x_wconf 83' lang='grc' dir='ltr'>διασεσω-</span> 
     </span>
    </p>
   </div>
   <div class='ocr_carea' id='block_1_68' title="bbox 2266 5135 3817 5212">
    <p class='ocr_par' dir='ltr' id='par_1_68' title="bbox 2266 5135 3817 5212">
     <span class='ocr_line' id='line_1_70' title="bbox 2266 5135 3817 5212; baseline -0.007 -17"><span class='ocrx_word' id='word_1_419' title='bbox 2266 5144 2440 5212; x_wconf 81' lang='grc' dir='ltr'>σμεοα</span> <span class='ocrx_word' id='word_1_420' title='bbox 2471 5143 2565 5194; x_wconf 66' lang='grc' dir='ltr'><strong>καὶ</strong></span> <span class='ocrx_word' id='word_1_421' title='bbox 2605 5141 2924 5212; x_wconf 78' lang='grc' dir='ltr'>ἡδράσμεθα</span> <span class='ocrx_word' id='word_1_422' title='bbox 2959 5140 3182 5202; x_wconf 80' lang='grc' dir='ltr'>πάντες.</span> <span class='ocrx_word' id='word_1_423' title='bbox 3225 5138 3333 5191; x_wconf 81' lang='grc' dir='ltr'><strong>Καὶ</strong></span> <span class='ocrx_word' id='word_1_424' title='bbox 3361 5138 3408 5189; x_wconf 78' lang='lat' dir='ltr'><strong>sl</strong></span> <span class='ocrx_word' id='word_1_425' title='bbox 3428 5136 3522 5188; x_wconf 68' lang='lat' dir='ltr'><strong>xci.</strong></span> <span class='ocrx_word' id='word_1_426' title='bbox 3547 5135 3740 5205; x_wconf 81' lang='grc' dir='ltr'>μικρὸν</span> <span class='ocrx_word' id='word_1_427' title='bbox 3769 5149 3817 5184; x_wconf 76' lang='grc' dir='ltr'>τι</span> 
     </span>
    </p>
   </div>
   <div class='ocr_carea' id='block_1_69' title="bbox 2263 5223 3818 5302">
    <p class='ocr_par' dir='ltr' id='par_1_69' title="bbox 2263 5223 3818 5302">
     <span class='ocr_line' id='line_1_71' title="bbox 2263 5223 3818 5302; baseline -0.006 -20"><span class='ocrx_word' id='word_1_428' title='bbox 2263 5233 2800 5302; x_wconf 84' lang='grc' dir='ltr'>ἐταλαιπωρήσαμεν</span> <span class='ocrx_word' id='word_1_429' title='bbox 2834 5232 2893 5282; x_wconf 69' lang='grc' dir='ltr'>ἐν</span> <span class='ocrx_word' id='word_1_430' title='bbox 2934 5233 2999 5299; x_wconf 83' lang='grc' dir='ltr'><strong>τῇ</strong></span> <span class='ocrx_word' id='word_1_431' title='bbox 3033 5230 3158 5298; x_wconf 76' lang='grc' dir='ltr'><strong>ὁδῷ,</strong></span> <span class='ocrx_word' id='word_1_432' title='bbox 3185 5227 3345 5281; x_wconf 87' lang='grc' dir='ltr'>τινῶν</span> <span class='ocrx_word' id='word_1_433' title='bbox 3374 5227 3466 5279; x_wconf 72' lang='grc' dir='ltr'><strong>καὶ</strong></span> <span class='ocrx_word' id='word_1_434' title='bbox 3498 5223 3818 5294; x_wconf 67' lang='grc' dir='ltr'>ἀσθενησάνο</span> 
     </span>
    </p>
   </div>
   <div class='ocr_carea' id='block_1_70' title="bbox 2261 5315 3815 5391">
    <p class='ocr_par' dir='ltr' id='par_1_70' title="bbox 2261 5315 3815 5391">
     <span class='ocr_line' id='line_1_72' title="bbox 2261 5315 3815 5391; baseline -0.007 -15"><span class='ocrx_word' id='word_1_435' title='bbox 2261 5339 2399 5376; x_wconf 78' lang='grc' dir='ltr'>τωνο</span> <span class='ocrx_word' id='word_1_436' title='bbox 2437 5325 2584 5391; x_wconf 84' lang='grc' dir='ltr'>ὅμως</span> <span class='ocrx_word' id='word_1_437' title='bbox 2632 5327 2659 5377; x_wconf 85' lang='grc' dir='ltr'>ὁ</span> <span class='ocrx_word' id='word_1_438' title='bbox 2711 5321 2915 5384; x_wconf 77' lang='grc' dir='ltr'>εἰπὼν,</span> <span class='ocrx_word' id='word_1_439' title='bbox 2966 5319 3334 5388; x_wconf 69' lang='grc' dir='ltr'>Ἐμϐλέψατε</span> <span class='ocrx_word' id='word_1_440' title='bbox 3362 5320 3449 5382; x_wconf 77' lang='grc' dir='ltr'>εις</span> <span class='ocrx_word' id='word_1_441' title='bbox 3485 5316 3556 5368; x_wconf 79' lang='grc' dir='ltr'>τὰ</span> <span class='ocrx_word' id='word_1_442' title='bbox 3585 5315 3815 5368; x_wconf 65' lang='grc' dir='ltr'>πετεινὰ</span> 
     </span>
    </p>
   </div>
   <div class='ocr_carea' id='block_1_71' title="bbox 2263 5404 3814 5481">
    <p class='ocr_par' dir='ltr' id='par_1_71' title="bbox 2263 5404 3814 5481">
     <span class='ocr_line' id='line_1_73' title="bbox 2263 5404 3814 5481; baseline -0.006 -15"><span class='ocrx_word' id='word_1_443' title='bbox 2263 5414 2367 5466; x_wconf 82' lang='grc' dir='ltr'>τοῦ</span> <span class='ocrx_word' id='word_1_444' title='bbox 2409 5414 2691 5481; x_wconf 80' lang='grc' dir='ltr'>οὐρανοῦ,</span> <span class='ocrx_word' id='word_1_445' title='bbox 2736 5413 2835 5466; x_wconf 79' lang='grc' dir='ltr'><strong>καὶ</strong></span> <span class='ocrx_word' id='word_1_446' title='bbox 2869 5415 2954 5478; x_wconf 81' lang='grc' dir='ltr'>εις</span> <span class='ocrx_word' id='word_1_447' title='bbox 2986 5412 3055 5464; x_wconf 82' lang='grc' dir='ltr'>τὰ</span> <span class='ocrx_word' id='word_1_448' title='bbox 3097 5413 3274 5479; x_wconf 79' lang='grc' dir='ltr'>κρίνα</span> <span class='ocrx_word' id='word_1_449' title='bbox 3321 5409 3425 5462; x_wconf 87' lang='grc' dir='ltr'>τοῦ</span> <span class='ocrx_word' id='word_1_450' title='bbox 3477 5406 3686 5474; x_wconf 74' lang='grc' dir='ltr'>ἀγροῦ,</span> <span class='ocrx_word' id='word_1_451' title='bbox 3727 5404 3814 5456; x_wconf 74' lang='grc' dir='ltr'><strong>καὶ</strong></span> 
     </span>
    </p>
   </div>
   <div class='ocr_carea' id='block_1_72' title="bbox 2261 5498 3814 5575">
    <p class='ocr_par' dir='ltr' id='par_1_72' title="bbox 2261 5498 3814 5575">
     <span class='ocr_line' id='line_1_74' title="bbox 2261 5498 3814 5575; baseline -0.007 -16"><span class='ocrx_word' id='word_1_452' title='bbox 2261 5505 2497 5575; x_wconf 78' lang='grc' dir='ltr'>ἀψευδὴς</span> <span class='ocrx_word' id='word_1_453' title='bbox 2561 5507 2618 5558; x_wconf 84' lang='grc' dir='ltr'>ὲν</span> <span class='ocrx_word' id='word_1_454' title='bbox 2669 5508 2786 5567; x_wconf 88' lang='grc' dir='ltr'>ταῖς</span> <span class='ocrx_word' id='word_1_455' title='bbox 2835 5503 3188 5571; x_wconf 77' lang='grc' dir='ltr'>ἐπαγγελίαις</span> <span class='ocrx_word' id='word_1_456' title='bbox 3255 5498 3455 5564; x_wconf 73' lang='grc' dir='ltr'>αὑτοῦ,</span> <span class='ocrx_word' id='word_1_457' title='bbox 3504 5498 3814 5551; x_wconf 81' lang='grc' dir='ltr'>ἀπεσώσατο</span> 
     </span>
    </p>
   </div>
   <div class='ocr_carea' id='block_1_73' title="bbox 2259 5581 3813 5668">
    <p class='ocr_par' dir='ltr' id='par_1_73' title="bbox 2259 5581 3813 5668">
     <span class='ocr_line' id='line_1_75' title="bbox 2259 5581 3813 5668; baseline -0.012 -16"><span class='ocrx_word' id='word_1_458' title='bbox 2259 5598 2426 5668; x_wconf 76' lang='grc' dir='ltr'>ἡμᾶς,</span> <span class='ocrx_word' id='word_1_459' title='bbox 2463 5596 2538 5660; x_wconf 83' lang='grc' dir='ltr'>ὡς</span> <span class='ocrx_word' id='word_1_460' title='bbox 2564 5597 2662 5650; x_wconf 80' lang='grc' dir='ltr'><strong>οὐκ</strong></span> <span class='ocrx_word' id='word_1_461' title='bbox 2690 5595 3012 5666; x_wconf 69' lang='grc' dir='ltr'>ἠλπίζομεν,</span> <span class='ocrx_word' id='word_1_462' title='bbox 3048 5591 3424 5664; x_wconf 68' lang='grc' dir='ltr'>παραθέμενος</span> <span class='ocrx_word' id='word_1_463' title='bbox 3456 5589 3602 5659; x_wconf 67' lang='grc' dir='ltr'>ἡμᾶς</span> <span class='ocrx_word' id='word_1_464' title='bbox 3635 5581 3813 5639; x_wconf 73' lang='grc' dir='ltr'>ἐνταῦο</span> 
     </span>
    </p>
   </div>
  </div>
