4018 6304
200 387 306 451 905

1431 391 1967 453 EPISTOLARUM
1990 392 2139 454 LIB.
2177 393 2228 452 Ι.

3345 392 3455 458 906

194 505 284 556 θαο
324 500 517 564 κλίνας
558 517 620 553 τε
650 501 733 565 είς
765 501 1112 572 συμπάθειαν
1148 501 1252 566 τὰς
1282 503 1511 574 καρδίας
1546 503 1659 556 τῶν
1685 502 1769 556 δν-

1883 500 2169 570 perduxit,
2227 500 2294 556 ad
2347 513 2603 556 aerumnae
2650 507 2853 560 nostra:
2909 497 3452 560 commiserationem

191 611 303 647 των
337 592 554 664 ἀνδρῶν
581 591 686 662 τῆς
713 592 1090 665 ταλαιπωρίας
1112 593 1293 663 ἡμῶν,
1316 593 1413 646 καὶ
1444 593 1681 664 μάλιστά
1707 609 1771 662 γε

192 685 290 740 τοῦ
342 681 805 753 ἀρχιεπισκόπου.
840 682 956 735 Μία
994 681 1052 735 δὲ
1088 682 1291 737 λοιπὸν.
1327 682 1566 752 μέριμνά
1622 683 1772 735 ἐστιν

192 779 329 847 ἡμῖν
359 776 455 829 καὶ
494 774 867 837 ἀδιάσπαστος
900 773 1206 843 ἀδολεσχία,
1241 774 1378 844 μετὰ
1406 773 1646 845 δεήσεως
1679 776 1772 828 ὲκ-

193 867 387 931 τενοῦς
436 866 533 920 καὶ
570 864 838 932 ἀναξίας,
894 866 958 920 τὸ
1007 866 1068 918 σὲ
1124 864 1541 936 κραταιοῦσθαι,
1588 866 1773 938 Πάτερ

195 959 356 1029 ἡμῶν
393 957 766 1028 πολυπόθητε,
814 957 910 1012 καὶ⁵
959 957 1142 1028 μένειν
1183 958 1241 1010 ἐν
1282 959 1398 1021 τοῖς
1429 957 1774 1028 δεδογμένοις

193 1054 296 1120 τῆς
329 1049 472 1120 ὑπὲρ
504 1048 768 1120 ἀληθείας
789 1047 1250 1128 Θεοῦθδμολογίας
1278 1048 1472 1118 ἀκλινῆ
1516 1051 1612 1102 καὶ
1652 1048 1774 1103 ἀκί-

192 1157 390 1212 νητον,
442 1141 501 1193 ὲν
545 1141 740 1210 μηδενὶ
782 1139 1160 1211 πτυρόμενον,
1209 1140 1242 1210 ἢ
1291 1139 1622 1210 διψυχοῦντα
1654 1141 1774 1202 ταῖς

193 1233 306 1286 τῶν
343 1231 759 1304 προϐαλλόντων
780 1233 902 1284 κατ’
934 1230 1242 1303 ἐκστροφὴν
1261 1231 1369 1285 τῶν
1397 1231 1774 1303 οίκοδομηθένο

195 1343 307 1378 των
362 1342 446 1378 σοι
483 1325 666 1394 χάριτι
708 1325 844 1377 Θεοῦ
880 1325 1024 1396 ὑπὲρ
1054 1324 1338 1389 εὐσεϐείας
1374 1326 1774 1395 ἀγωνισμάτων

197 1416 604 1485 ἐγχειρήσεσιν.
649 1415 941 1486 Ἐξήχηται
975 1417 1082 1486 γὰρ
1109 1416 1313 1484 ὁλόγος
1336 1416 1638 1487 πανταχοῦ,
1676 1417 1774 1472 καὶ

195 1507 555 1576 δεδυσώπηκε
593 1507 779 1576 σχεδὸν
815 1509 995 1560 πᾶσαν
1027 1507 1228 1579 ψυχὴν,
1261 1507 1353 1560 καὶ
1387 1508 1580 1578 ἡγειρε
1605 1509 1773 1580 κέρας

196 1598 474 1668 σωτηρίας
530 1599 590 1650 ὲν
651 1600 764 1662 τοῖς
814 1600 1185 1670 Χριστιανοῖς,
1237 1599 1334 1652 καὶ
1379 1601 1602 1669 ἀφεῖλεν
1631 1602 1774 1655 livet-

195 1691 287 1754 δος
318 1693 381 1743 ὲκ
412 1690 522 1743 τῶν
557 1691 860 1763 μοναστῶν.
911 1693 1024 1747 Καὶ
1051 1690 1147 1748 οἷδ’
1172 1693 1255 1746 ὅτι
1294 1694 1519 1764 φήσειεν
1544 1693 1774 1759 ἕκαστος

197 1777 259 1834 εὖ
304 1781 540 1852 φρονῶν,
574 1783 658 1836 ὅτι
687 1781 753 1852 ζῇ
782 1782 1018 1853 Χριστὸς
1048 1782 1106 1835 ὲν
1145 1783 1298 1853 ἡμῖν,
1341 1784 1437 1837 καὶ
1471 1783 1772 1853 βασιλεύει,

198 1876 295 1925 καὶ
329 1874 711 1943 πειθαρχεῖται
742 1873 943 1944 μᾶλλον
971 1873 1111 1945 ὑπὲρ
1139 1873 1461 1954 ἀνθρώπους
1487 1875 1582 1940 οὒς
1604 1876 1774 1931 ἔπλα-

196 1980 314 2026 σεν,
354 1964 450 2034 οὐχ
499 1965 587 2017 ἴνα
630 1965 959 2035 ἀπειθῆται,
1013 1965 1308 2036 δοξάζηται
1345 1965 1404 2019 δὲ
1444 1965 1536 2020 ὑπ’
1571 1967 1772 2021 αὐτῶν.

197 2056 385 2109 Πάντα
420 2052 512 2110 οῦν
541 2056 851 2124 γινώσκεις,
889 2052 1036 2121 οἶδας
1076 2058 1145 2110 τὰ
1185 2057 1397 2123 δέοντα,
1428 2059 1488 2112 οὐ
1517 2059 1617 2127 τῆς
1640 2061 1775 2128 ἠμε-

195 2148 366 2215 τὲρας
401 2148 760 2218 ὑπομνήσεως
791 2148 920 2219 δέῃ·
967 2148 1109 2218 πλὴν
1153 2151 1558 2220 προεκέλευσας
1599 2149 1774 2215 οὕτως

193 2239 348 2306 ἡμᾶς
381 2239 632 2307 γράφειν.
681 2240 772 2292 Διὸ
805 2239 870 2311 δὴ
919 2239 994 2312 μὴ
1025 2240 1290 2314 φοϐηθῇς,
1324 2243 1530 2312 Πάτερ,
1562 2243 1772 2313 ἀνθρω-

195 2345 324 2392 πον,
365 2327 396 2396 ἢ
437 2328 740 2398 ἀνθρώπων
770 2330 1068 2400 έκθλίψεις.
1101 2333 1393 2405 Γνωρίζεις
1425 2335 1507 2389 ὅτι
1540 2337 1589 2389 οί
1628 2335 1774 2403 ἆγιοι

192 2419 333 2489 δναρ
361 2419 453 2472 καὶ
481 2420 639 2473 σκιάν
665 2421 841 2476 ταῦτα
870 2423 1239 2495 λογισάμενοι,
1269 2427 1773 2499 ἐθαυμαστώθησαν

190 2512 253 2562 ἐν
293 2511 510 2583 ούρανῷ
553 2513 649 2566 καὶ
689 2515 782 2568 ἐπὶ
825 2516 952 2586 γῆς.
988 2518 1222 2588 Μικρὸν,
1264 2518 1482 2590 δέομαι,
1520 2521 1772 2591 πονήσω-

195 2620 319 2673 μενο
361 2603 444 2657 ἔτι
481 2606 678 2679 μικρὸν
728 2608 1145 2681 ὑπομείνωμεν·
1185 2613 1278 2667 καὶ
1313 2613 1542 2684 ἧνυσται
1583 2615 1716 2685 ἡμῖν
1743 2613 1772 2666 6

189 2695 394 2765 δρόμος
423 2699 451 2750 6
479 2698 666 2761 καλός.
697 2700 807 2753 Καὶ
833 2702 861 2754 6
909 2702 1177 2771 στέφανος
1226 2705 1560 2770 πέπλεκται,
1601 2705 1697 2758 καὶ
1743 2706 1772 2758 6

195 2791 388 2859 μισθὸς
418 2792 774 2860 έτοιμάζεται
805 2792 1046 2860 αἰώνιος,
1078 2798 1172 2850 καλ⁵
1206 2796 1360 2865 φίλος
1388 2797 1637 2869 κληθήσῃ
1675 2796 1771 2850 τοῦ

190 2884 521 2954 ἐπουρανίου
552 2884 837 2953 βασιλέως,
871 2888 965 2941 καὶ
996 2888 1105 2940 τῶν
1134 2889 1306 2956 ἁγίων
1353 2890 1609 2952 κοινωνὸς
1624 2921 1653 2954 ,ο
1674 2887 1771 2940 καὶΙ

189 2975 537 3046 ὁμολογητὴς
595 2978 748 3048 παρά
785 2979 1116 3048 ἀνθρώποις.
1158 2981 1290 3045 Ναὶ,
1330 2984 1417 3036 ναὶ
1448 2983 1637 3055 δέομαι
1677 2987 1770 3040 καὶ

189 3068 458 3122 ἀντιϐολῶ
512 3068 583 3123 τά
623 3071 868 3140 πατρικά
910 3089 1011 3139 μου
1054 3072 1372 3144 σπλάγχναο
1423 3077 1584 3146 γενοῦ
1638 3080 1770 3149 ἡμῖν

189 3159 474 3231 ὀχύρωμα,
514 3163 782 3234 ὑπομονὴ,
808 3164 1099 3235 καρτερία.
1145 3167 1271 3220 Ἐὰν
1293 3160 1403 3238 γάρ
1432 3170 1520 3235 σὺ,
1560 3171 1764 3243 Πάτερ,
1796 3188 1840 3247 c

191 3254 442 3323 στήκῃς,
475 3254 637 3325 ἡμεῖς
677 3256 745 3310 τά
791 3255 986 3327 ἀχρεῖά
1027 3275 1122 3312 σου
1177 3260 1344 3314 τέκνα
1378 3261 1767 3335 εύτονούμεθα,

191 3343 375 3394 πάντα
405 3343 629 3414 οίσομεν
679 3346 946 3413 γενναίως
997 3348 1065 3401 τὰ
1117 3349 1506 3420 συμϐαίνοντα,
1539 3353 1770 3423 δυνάμει

188 3429 328 3485 Θεοῦ
365 3433 459 3485 καὶ
488 3433 677 3502 εὐχαῖς
710 3451 826 3487 σου.
865 3437 960 3490 Ἐκ
992 3439 1102 3507 γὰρ
1123 3437 1260 3491 Θεοῦ
1291 3443 1324 3510 ἠ
1349 3441 1768 3514 παραχώρησις,

189 3520 364 3584 οὕτως
390 3522 742 3588 εὐδοκοῦντος
779 3524 998 3589 πάντως
1048 3527 1118 3580 τά
1168 3529 1436 3599 ἡμέτερα,
1477 3532 1571 3586 καὶ
1600 3534 1769 3588 αὐτοῦ

188 3611 424 3675 διδόντος
459 3612 712 3683 δύναμιν.
758 3614 868 3678 Τάς
909 3615 1253 3686 τεχνολογίας
1305 3619 1416 3673 τῶν
1461 3622 1771 3679 ὐποκλίνειν

191 3720 257 3755 σε
286 3703 386 3773 τῆς
416 3705 672 3776 ἀληθείας
706 3708 1063 3778 πειρωμένων
1117 3711 1194 3781 μὴ
1233 3711 1299 3782 δὴ
1348 3714 1539 3779 πτοοῦ,
1583 3708 1628 3769 ὧ
1660 3717 1772 3770 Πάν

187 3812 310 3864 τερ.
345 3795 576 3859 ’Δπλοῦς
618 3798 648 3850 6
685 3797 864 3865 λόγος.
891 3800 1031 3870 Φησὶ
1069 3802 1179 3873 γάρ
1215 3820 1320 3857 που
1358 3807 1385 3858 6
1427 3805 1583 3875 άγιος
1625 3809 1770 3862 Ἐπι-

191 3885 386 3952 φάνιος
414 3877 472 3938 εν
504 3884 582 3956 τῷ
611 3887 739 3955 περὶ
784 3887 877 3941 τοῦ
910 3891 1103 3961 Πάσχα
1140 3895 1305 3948 αὑτοῦ
1345 3895 1510 3967 λόγῳ’
1543 3893 1668 3962 υἷος
1701 3901 1768 3955 ἂν

187 3971 224 4050 ᾗ
271 3976 577 4047 ἄνθρωπος,
605 3978 760 4049 παρά
803 3979 875 4033 τὰ
922 3982 982 4035 ὲν
1027 3987 1094 4055 τῇ
1145 3985 1267 4058 θείᾳ
1312 3987 1503 4060 Γραφῇ
1536 3991 1768 4061 κείμενα

191 4065 604 4138 συμϐουλεύων,
675 4066 784 4123 ἀπὸ
831 4072 1061 4143 καρδίας
1099 4074 1269 4141 λαλεῖ,
1314 4078 1407 4131 καὶ
1453 4080 1767 4150 ἐντάλματα

187 4157 496 4227 ἀνθρώπων
531 4158 826 4229 διηγεῖται’
859 4161 955 4214 καὶ
996 4165 1121 4234 περὶ
1162 4164 1271 4219 τῶν
1300 4170 1557 4222 τοιούτων
1585 4171 1765 4240 φέρων

185 4245 256 4297 τά
291 4243 384 4298 τοῦ
429 4247 756 4302 Ἀποστόλου
785 4251 966 4319 λέγει,
998 4253 1079 4306 ὅτι
1108 4254 1234 4309 Κάν
1264 4255 1518 4325 ἄγγελος
1547 4259 1617 4324 ἐξ
1655 4263 1758 4316 οὐ·

176 4335 376 4405 μινοῦ
407 4337 598 4406 ἐστιν,
634 4339 902 4411 ἀνάθεμα
937 4342 1117 4410 αὐτῷ.
1167 4345 1276 4399 Ποῦ
1309 4347 1365 4400 δὲ
1399 4351 1647 4422 φήσομεν
1675 4355 1760 4419 τὸ,

187 4429 252 4480 Ol
299 4426 480 4496 ἱερεῖς
502 4447 623 4497 μου
650 4430 907 4498 ήθέτουν
932 4435 1121 4503 νόμον
1135 4454 1276 4505 μου,
1305 4440 1403 4493 καὶ
1433 4441 1762 4512 ἐϐεϐήλουν

1877 593 2182 648 incolarum
2211 592 2373 647 corda
2419 591 2724 660 inﬂectens,
2757 593 2854 650 sed
2895 594 3244 664 potissimum
3275 597 3456 652 archi-

1876 682 2138 751 episcopi.
2197 681 2426 752 Reliqua
2466 697 2596 739 vero
2651 698 2758 738 una
2813 694 2898 741 est
2954 701 3088 743 cura
3127 697 3346 756 nostra,
3401 697 3456 745 et

1876 771 2103 829 assidua
2131 774 2435 838 meditatio,
2467 789 2594 829 cum
2635 773 2862 845 prolixis
2887 777 3142 846 precibus
3169 787 3226 833 et
3259 779 3454 834 imme-

1876 865 2019 930 ritis,
2051 874 2109 919 ut
2151 866 2266 935 ipse
2295 866 2693 932 corroboreris,
2723 865 2884 921 Pater
2930 867 3476 930 desiderabilissime.

1874 945 1930 1010 et
1979 955 2034 1009 in
2082 956 2329 1010 instituta
2373 972 2473 1026 pro
2510 957 2740 1011 veritate
2788 955 2882 1012 Dei
2928 957 3275 1015 confessione
3309 959 3454 1016 ﬁxus

1879 1057 2046 1117 atque
2093 1048 2389 1105 immobilis
2414 1064 2662 1116 maneas;
2690 1049 2826 1104 nihil
2857 1051 3161 1121 trepidans,
3199 1061 3291 1107 aut
3335 1055 3456 1108 ani-

1875 1154 2024 1194 mum
2055 1142 2392 1197 conturbans
2435 1142 2502 1197 ad
2539 1157 2732 1197 eorum
2767 1142 3024 1211 insultus,
3063 1145 3155 1216 qui
3197 1144 3455 1200 certami-

1876 1250 2006 1288 num
2050 1235 2280 1306 gloriam
2335 1252 2458 1306 quae
2504 1252 2604 1307 pro
2638 1239 2841 1308 pietate
2873 1254 3001 1294 cum
3049 1239 3232 1296 divina
3277 1241 3452 1312 gratia

1874 1325 2100 1390 obiisti,
2162 1335 2408 1382 evertere
2448 1337 2740 1384 conantur.
2799 1328 3001 1398 Sparsa
3055 1330 3203 1384 enim
3249 1331 3455 1400 ubique

1875 1412 2020 1468 fama
2054 1423 2159 1480 est,
2195 1430 2497 1486 omnesque
2528 1417 2922 1487 propemodum
2955 1418 3205 1474 homines
3233 1427 3454 1489 stupore

1874 1507 2187 1578 complevit,
2229 1517 2284 1562 et
2321 1522 2491 1563 cornu
2538 1510 2735 1566 salutis
2779 1511 2956 1566 erexit
3006 1512 3064 1566 in
3095 1513 3450 1581 Christianis,

1877 1597 2159 1654 infamiam
2195 1599 2454 1655 auferens
2490 1615 2557 1655 ex
2590 1601 2783 1657 ordine
2823 1603 3243 1660 monachorum.
3275 1604 3452 1676 Atque

1877 1689 2004 1753 hoc.
2061 1691 2216 1758 scio,
2270 1692 2530 1747 fatebitur
2575 1693 2959 1765 unusquisque
3013 1709 3237 1765 compos
3292 1705 3452 1752 recta:

1877 1781 2099 1846 mentis,
2133 1782 2315 1838 vivere
2347 1781 2625 1838 Christum
2670 1783 2724 1838 in
2761 1785 2941 1850 nobis,
2975 1794 3030 1840 et
3079 1801 3326 1856 regnare,
3371 1788 3453 1841 ei-

1879 1886 1981 1941 que
2013 1871 2239 1927 obedire
2264 1888 2365 1928 nos
2401 1872 2575 1944 magis
2597 1889 2760 1944 quam
2790 1875 3106 1931 hominibus
3137 1891 3276 1946 quos
3299 1893 3452 1933 crea-

1874 1962 1988 2026 vit;
2026 1976 2133 2016 non
2163 1971 2222 2016 ut
2269 1971 2675 2031 contemnatur,
2717 1966 2812 2020 sed
2850 1966 3188 2037 glorificetur
3230 1968 3298 2022 ab
3343 1969 3446 2023 eis.

1874 2051 2069 2109 Omnia
2113 2069 2244 2127 ergo
2295 2055 2390 2110 tibi
2441 2065 2730 2127 perspecta
2781 2069 2946 2112 sunt:
2976 2058 3085 2114 scis
3129 2057 3263 2129 quid
3307 2059 3450 2113 facto

1873 2161 2045 2216 opus;
2099 2148 2528 2202 commonitione
2573 2158 2764 2204 nostra
2817 2164 2925 2204 non
2961 2163 3088 2219 eges
3124 2165 3139 2202 :
3169 2161 3452 2206 verumta-

1873 2248 1999 2289 men
2043 2234 2160 2289 hzc
2203 2234 2277 2289 ita
2314 2249 2416 2290 nos
2463 2236 2707 2292 scribere
2743 2238 3070 2308 praecepisti.
3105 2237 3288 2305 Quare
3339 2241 3452 2295 noli

1874 2325 2154 2380 hominem
2199 2327 2420 2395 timere,
2454 2326 2635 2394 Pater,
2667 2337 2763 2384 aut
2795 2329 3079 2385 hominum
3111 2330 3450 2386 vexationes.

1872 2413 2026 2472 Nosti
2053 2428 2279 2474 sanetos
2308 2433 2434 2474 cum
2469 2420 2723 2475 umbram
2762 2430 2818 2477 et
2841 2421 3110 2476 somnium
3144 2421 3260 2476 haec
3282 2421 3450 2476 duce-

1874 2515 2018 2577 rent,
2057 2510 2411 2567 admirabiles
2442 2512 2584 2567 cmlo
2627 2513 2901 2583 terrisque
2937 2513 3235 2569 exstitisse.
3279 2512 3452 2567 Modi-

1871 2613 2018 2666 cum,
2051 2616 2264 2671 quaeso,
2296 2601 2610 2658 laboremus
2638 2603 2951 2659 :modicum
2976 2604 3157 2659 adhuc
3177 2604 3452 2659 sustinea-

1877 2707 2024 2760 mus,
2069 2703 2124 2749 et
2169 2694 2448 2763 egregium
2492 2709 2714 2750 cursum
2759 2694 3284 2752 consummabimus.
3327 2693 3450 2750 Jam

1872 2796 2078 2837 corona
2138 2782 2392 2848 texitur,
2444 2797 2656 2838 merces
2707 2792 2910 2838 aeterna
2964 2792 3334 2853 praeparatur,
3395 2794 3451 2838 et

1871 2870 2113 2928 cmlesti's
2163 2872 2307 2943 regis
2373 2873 2588 2928 amicus
2648 2882 3084 2943 sanctorumque
3175 2873 3449 2943 particeps

1872 2964 2163 3031 vocabere,
2197 2975 2250 3020 et
2278 2965 2422 3035 apud
2463 2964 2721 3022 homines
2757 2965 3060 3022 confessor.
3089 2965 3196 3028 Sic,
3232 2967 3312 3023 sic
3349 2981 3449 3021 oro

1872 3066 2037 3126 atque
2089 3057 2335 3112 obtestor
2385 3055 2564 3112 Patris
2620 3058 2726 3113 mei
2783 3059 2999 3114 viscera
3047 3076 3062 3114 :
3111 3069 3233 3115 esto
3287 3059 3450 3116 nobis

1872 3146 2159 3214 fortitudo,
2203 3147 2484 3218 patientia,
2531 3150 2860 3205 constantia.
2911 3148 2994 3204 Tu
3041 3149 3185 3205 enim
3211 3190 3227 3214 ,
3263 3149 3446 3216 Pater,

1871 3238 1918 3293 si
1949 3239 2184 3306 steteris,
2213 3254 2314 3295 nos
2338 3240 2636 3296 imbecilles
2663 3241 2759 3296 lilii
2789 3241 2867 3297 tui
2899 3241 3229 3297 valentiores
3249 3243 3450 3296 reddo-

1875 3345 2038 3395 mur,
2079 3337 2137 3385 et
2181 3330 2368 3386 viriles
2417 3332 2632 3387 animos
2681 3331 2986 3402 capiemus,
3037 3347 3201 3387 casus
3256 3346 3448 3386 omnes

1873 3418 2082 3477 fortiter
2121 3419 2386 3490 feremus,
2433 3422 2529 3477 Dei
2569 3424 2770 3480 virtute
2819 3439 2884 3479 ac
2915 3423 3170 3494 precibus
3218 3424 3348 3480 tuis.
3401 3429 3446 3479 A

1873 3509 1985 3567 Deo
2037 3512 2309 3583 siquidem
2362 3523 2447 3570 est
2505 3514 2595 3570 hic
2647 3530 2935 3582 secessus,
2975 3516 3058 3572 sic
3112 3517 3449 3587 approbante

1871 3605 2100 3662 omnino
2129 3620 2216 3662 res
2251 3615 2492 3674 nostras,
2516 3607 2771 3680 viresque
2805 3609 3206 3680 suppeditante.
3238 3606 3449 3663 Facun-

1870 3697 2015 3752 diam
2044 3711 2233 3751 eorum
2264 3697 2357 3768 qui
2393 3709 2444 3754 te
2473 3713 2505 3754 a
2550 3699 2780 3754 veritate
2822 3699 3105 3755 dimovere
3150 3711 3444 3755 conantur.

1871 3785 2014 3840 haud
2044 3802 2322 3857 quaquam
2357 3788 2703 3854 reformides,
2738 3788 2916 3844 Pater.
2954 3788 3196 3858 Simplex
3237 3804 3443 3845 sermo.

1870 3877 1959 3931 Ait
1995 3878 2139 3932 enim
2196 3880 2410 3949 uspiam
2447 3891 2672 3937 sanctus
2718 3883 3056 3953 Epiphanius
3101 3885 3156 3938 in
3203 3886 3446 3939 oratione

1871 3982 1971 4022 sua
2008 3968 2078 4023 de
2109 3967 2396 4036 Paschate,
2425 3972 2607 4042 qualis
2631 3973 2702 4029 sit
2730 3975 2917 4042 homo,
2945 3985 3140 4046 praeter
3161 3993 3220 4031 ea
3245 3994 3365 4048 quae
3390 3978 3444 4032 in

1869 4061 2069 4116 divinis
2097 4060 2321 4119 Litteris
2356 4066 2560 4135 scripta
2595 4076 2745 4131 sunt,
2797 4069 3122 4136 consultus;
3162 4087 3228 4125 ex
3281 4072 3446 4127 corde

1870 4152 2136 4222 loquitur,
2179 4165 2232 4209 et
2257 4166 2480 4210 enarrat
2521 4159 2780 4214 mandata
2823 4160 3128 4215 hominum.
3170 4161 3234 4215 Et
3262 4163 3329 4216 de
3359 4161 3446 4216 his

1869 4247 2002 4316 ipsis
2053 4247 2298 4317 Apostoli
2355 4250 2516 4304 verba
2592 4253 2900 4321 produceus
2946 4251 3175 4318 :Licet,
3227 4255 3441 4325 inquit,

1867 4339 2081 4410 angelus
2103 4346 2167 4394 de
2198 4342 2324 4396 curto
2353 4344 2445 4407 sit,
2484 4345 2768 4398 anathema
2801 4346 2885 4399 illi
2904 4348 2946 4400 ³.
2975 4346 3094 4414 Quo
3126 4359 3307 4404 autem
3339 4365 3445 4403 nu-

1867 4447 2022 4487 mero
2066 4433 2195 4487 illud
2244 4435 2610 4502 censebimus,
2641 4436 2951 4494 Sacerdotes
2981 4441 3081 4494 mei
3119 4451 3446 4510 contempse-

182 4519 255 4572 τὰ
283 4519 428 4587 ἅγιά
453 4538 608 4589 pou;
642 4522 671 4575 δ
698 4528 1034 4596 προφητικὸν
1067 4529 1126 4582 ὃν
1162 4533 1484 4602 προσλαϐὼν
1519 4538 1547 4588 6
1566 4537 1758 4591 Θεολό-

1870 4533 1988 4578 runt
2029 4525 2192 4595 legem
2233 4543 2425 4592 meam,
2475 4540 2524 4582 et
2556 4529 2860 4596 polluerunt
2899 4533 3216 4585 sanctuaria
3244 4549 3361 4586 mea
3385 4533 3444 4588 ’ί

180 4626 279 4677 γος
313 4612 373 4664 ὲν
405 4611 482 4680 τῷ
512 4613 734 4684 μεγάλῳ
769 4615 1220 4687 Ἀπολογητικῷ,
1247 4627 1600 4696 προστίθησιν
1618 4629 1762 4683 οὕτω

178 4701 388 4771 λέγων·
429 4704 690 4776 Βεϐήλοις
740 4710 834 4762 καὶ
870 4711 1038 4775 ὁσίοις
1074 4713 1136 4766 οὐ
1183 4716 1504 4772 διέστελλον·
1546 4720 1662 4775 ἀλλ’
1693 4718 1763 4794 ἦν

178 4795 367 4859 αὺτοῖς
403 4798 618 4849 ἅπαντα
670 4800 842 4856 κοινά.
894 4803 1042 4857 Πόσα
1070 4806 1126 4858 δὲ
1171 4808 1338 4873 ἄλλα,
1373 4812 1468 4868 ἐάν
1495 4831 1582 4877 τις
1630 4815 1762 4888 θέλῃ

177 4885 439 4950 ἀκούειν;
477 4887 844 4945 Παυέσθωσαν
897 4893 1083 4948 λοιπὸν
1118 4899 1164 4950 oi
1195 4899 1613 4971 διαστρέφοντες
1660 4885 1761 4977 τὴν

177 4978 441 5050 ἀλήθειαν
470 4979 566 5033 τοῦ
598 4982 732 5035 Θεοῦ
760 4984 978 5053 ψευδέσι
1007 4989 1206 5058 λόγοις,
1238 4993 1331 5044 καὶ
1357 4994 1565 5060 ἑαυτοῖς
1595 5015 1762 5068 προσ-

178 5072 473 5139 εχέτωσαν.
527 5073 718 5143 Ἡμεῖς
749 5077 854 5148 γάρ
898 5078 997 5149 τῆς
1049 5081 1270 5152 ἐντολῆς
1316 5087 1617 5158 τηλαυγοῦς
1668 5089 1759 5142 οῦ-

180 5178 302 5230 σης,
339 5166 434 5217 καὶ
473 5166 541 5235 τῇ
575 5166 887 5236 παραϐάσει
921 5171 982 5223 τὸ
1014 5172 1230 5228 αἰώνιον
1261 5175 1372 5246 πῦρ
1402 5179 1748 5251 ἀπειλούσης,

178 5253 276 5323 οὐχ
310 5255 674 5325 ύποκύψομεν
702 5261 819 5323 τοῖς
865 5262 1231 5332 ἀνθρωπίνοις
1276 5268 1517 5341 φόϐοιςῆ
1553 5274 1754 5334 πόνοις·

178 5350 234 5401 ού
255 5389 269 5413 ,
325 5352 403 5421 μὰ
453 5353 582 5416 τοὺς
611 5353 752 5424 ὑπὲρ
801 5357 1004 5428 ἀρετῆς
1056 5361 1307 5429 ἀγῶνας·
1357 5365 1470 5418 ἀλλ’
1501 5368 1549 5418 εί
1580 5369 1672 5420 καὶ
1699 5367 1757 5420 τὸ

176 5438 309 5510 αἷμα
345 5443 542 5514 χεῦσαι
573 5445 674 5509 δεῖ,
705 5449 844 5516 μετά
871 5453 1046 5521 χαρᾶς
1074 5457 1436 5525 ποιησόμεθα,
1471 5459 1609 5513 Θεοῦ
1664 5461 1749 5515 ὲν-

178 5536 455 5607 ισχύοντος
485 5536 575 5589 διὰ
607 5537 716 5590 τῶν
752 5541 859 5593 σῶν
892 5543 1064 5609 ἁγίων
1096 5549 1431 5618 προσευχῶν.

239 5810 459 5867 ’Galat.
494 5827 533 5873 I,
569 5808 624 5864 8.
703 5811 723 5842 ³
749 5810 940 5865 Ezecli.
971 5832 1101 5877 χχιι,
1137 5817 1226 5872 26.

447 5912 727 5977 ΡΑτιιοῐ..
766 5910 881 5971 Gn.
920 5911 1104 5975 XCIX

1868 4614 2013 4683 quod
2044 4616 2320 4685 propheta:
2350 4617 2558 4671 dictum
2594 4633 2866 4689 usurpans
2898 4619 3211 4692 Theologus
3241 4623 3292 4677 in
3328 4638 3444 4677 ma-

1869 4720 1974 4775 gno
2002 4705 2364 4774 Apologetico,
2409 4712 2524 4763 haec
2553 4709 2703 4764 addit
2736 4727 2748 4763 :
2779 4709 3018 4766 Profana
3050 4723 3106 4766 et
3142 4729 3297 4768 sacra
3329 4729 3441 4770 non

1867 4796 2294 4866 distinguebant,
2346 4799 2439 4853 sed
2480 4800 2663 4854 omnia
2724 4800 2832 4857 illis
2882 4803 3199 4856 communia
3259 4815 3435 4861 erant.

1859 4885 2032 4952 Quam
2089 4891 2256 4941 multa
2305 4899 2432 4944 sunt
2463 4892 2588 4956 alia,
2620 4893 2665 4946 si
2700 4893 2824 4962 quis
2856 4895 3048 4948 audire
3081 4895 3242 4950 velit?
3281 4894 3437 4951 Desi-

1858 4989 1988 5032 nant
2041 4994 2187 5049 ergo,
2242 4982 2333 5050 qui
2381 4981 2532 5037 falsis
2578 4986 2926 5039 sermonibus
2973 4996 3295 5055 pervertunt
3340 4989 3432 5043 Del

1858 5071 2165 5137 veritatem,
2215 5075 2426 5144 sibique
2462 5076 2595 5146 ipsis
2632 5077 2937 5133 attendant.
2971 5078 3080 5136 Nos
3122 5082 3266 5136 enim
3305 5098 3430 5138 cum

1863 5165 2208 5231 perspicuum
2269 5167 2338 5221 sit
2395 5169 2758 5235 mandatum,
2819 5179 2873 5225 et
2935 5171 3113 5243 ignem
3169 5185 3430 5230 aeternum

1864 5256 2348 5322 praevaricantibus
2410 5262 2687 5325 minetur,
2756 5279 3103 5335 nequaquam
3169 5269 3430 5324 cedemus

1861 5349 2113 5403 humanis
2155 5353 2449 5407 terroribus
2501 5365 2594 5408 aut
2630 5357 2942 5426 suppliciis;
2983 5374 3220 5430 non,per
3244 5376 3433 5415 susce-

1859 5447 1947 5506 pta
2005 5455 2102 5508 pro
2159 5442 2385 5498 veritate
2437 5447 2756 5502 certamina.
2803 5447 2940 5513 Quin
3001 5451 3048 5505 si
3106 5451 3426 5522 sanguinem

1857 5529 2182 5599 profundere
2200 5548 2331 5601 opus
2349 5535 2438 5597 sit,
2460 5535 2688 5591 libentes
2703 5545 2867 5608 atque
2889 5539 3088 5596 hilares
3128 5541 3428 5611 profunde-

1861 5639 2004 5690 mus,
2025 5622 2132 5679 Deo
2155 5639 2254 5681 nos
2281 5640 2376 5696 per
2396 5637 2612 5684 sanctas
2638 5645 2828 5699 preces
2871 5641 2992 5688 tuas
3009 5634 3403 5690 corroborante

2988 5923 3067 5988 29
