4018 6304
611 360 712 426 90'!

1802 368 1861 427 S.
1893 368 2288 427 THEODORI
2336 368 2683 429 STUDITAZ

3775 372 3881 433 908

683 469 923 526 Virilitcr
986 484 1088 539 age
1142 480 1195 526 et
1246 480 1340 535 tu,
1385 468 1605 525 domine
1656 468 1823 526 frater
1881 474 2178 545 Euthymi:

2369 476 2643 547 Ἀνδρίζου
2683 471 2777 531 οὖν
2827 476 2920 530 καὶ
2953 476 3152 543 αὐτὸς,
3185 476 3381 546 ἀδελφέ
3427 476 3557 549 κῦρι
3609 476 3877 551 Essem;-

608 565 813 619 bonum
839 562 1060 617 certaSti
1092 570 1366 617 certamen
1392 564 1410 591 ⁸
1445 579 1460 616 :
1494 576 1561 617 ne
1590 562 1910 619 deseramus
1941 580 2061 627 nos,
2094 565 2188 619 lux

609 673 752 720 mea,
788 666 841 710 et
870 656 1080 710 viscera
1116 670 1235 710 mea
1264 671 1278 708 :
1307 669 1374 709 ne
1414 669 1515 724 pro
1559 656 1757 726 exiguo
1786 666 1842 711 et
1874 658 2021 712 brevi
2054 656 2191 712 lasti-

607 750 697 805 tia
736 749 939 812 fructu,
990 748 1202 802 beatam
1236 746 1402 800 vitam
1453 748 1789 803 amittamus.
1834 750 1912 804 Ne
1948 764 2189 820 praesen-

607 842 743 895 tium
784 856 964 894 rerum
994 838 1338 909 jucunditate
1376 838 1631 907 capiaris,
1675 856 1809 895 neve
1854 841 1920 895 ad
1954 842 2185 896 tribula-

608 932 789 986 tiones
835 930 1184 993 succumbas,
1217 928 1408 984 frater.
1441 926 1558 981 Noli
1590 939 1736 999 terga
1766 930 1918 985 dare.
1951 928 2184 986 Gavisus

605 1032 690 1077 est
720 1022 996 1084 Christus,
1024 1022 1216 1076 videns
1248 1030 1299 1075 te
1331 1035 1429 1075 sua
1464 1034 1627 1074 causa
1661 1020 2012 1091 flagellatum.
2038 1021 2184 1077 Cave

605 1114 755 1168 illum
780 1114 1092 1175 contristes.
1126 1113 1321 1167 dilecte
1349 1113 1442 1175 mi,
1477 1112 1557 1164 vel
1580 1112 1911 1168 coll-.etantes
1936 1115 2182 1184 angelos,

603 1206 692 1259 vel
730 1204 1014 1259 dominum
1048 1203 1283 1267 Patrem,
1317 1202 1421 1265 vel.
1455 1219 1575 1273 qua:
1611 1219 1711 1258 nos
1750 1202 1955 1274 Spiritu
1991 1217 2183 1262 sancto

602 1296 765 1351 enixa
806 1304 907 1361 est,
956 1295 1320 1349 venerandam
1372 1294 1620 1361 Matrem,
1672 1296 1755 1350 vel
1805 1295 2004 1351 fratres
2060 1308 2183 1354 tuos

603 1402 819 1450 omnes,
844 1400 1038 1453 meque
1068 1386 1359 1456 praecipue,
1384 1400 1543 1453 quem
1576 1400 1758 1440 amare
1782 1395 1831 1441 te
1860 1386 2017 1442 dicis.
2048 1388 2180 1445 Tres

602 1492 796 1533 sumus
820 1492 983 1532 carne
1016 1476 1234 1541 fratres,
1270 1478 1445 1531 simus
1474 1486 1527 1531 et
1551 1477 1747 1545 spiritu
1778 1496 1789 1530 :
1820 1492 1886 1532 ne
1913 1479 2180 1537 violemus

600 1584 822 1624 sacrum
876 1579 931 1623 et
981 1567 1225 1623 divinum
1282 1584 1569 1622 numerum
1613 1587 1625 1621 :
1670 1583 2010 1638 exponamus
2078 1588 2179 1629 nos

601 1663 753 1730 ipsos
784 1676 881 1731 pro
924 1660 1015 1715 Dei
1055 1661 1315 1714 mandato
1342 1660 1409 1714 ad
1455 1659 1805 1728 supplicium,
1838 1670 1896 1714 ut
1936 1662 1987 1715 in
2020 1673 2178 1719 aeter-

600 1769 733 1807 num
777 1753 1045 1806 vivamus.
1079 1750 1234 1817 Quod
1275 1760 1544 1821 superest,
1588 1751 1807 1806 solliciti
1849 1753 2035 1819 etiam,
2073 1753 2177 1809 Pa-

600 1856 703 1910 ter,
730 1860 922 1899 sumus
949 1847 1013 1898 de
1044 1844 1269 1913 reliquis
1298 1843 1555 1898 fratribus
1586 1843 1791 1897 nostris
1818 1844 2174 1913 dulcissimis,
2208 1832 2250 1887 Β

600 1954 765 2007 quam
796 1947 938 1993 recte
969 1938 1091 1992 illos
1118 1936 1385 1991 Dominus
1412 1938 1690 1991 direxerit.
1736 1935 1848 1993 Hoc
1876 1940 2021 1993 enim
2054 1957 2179 2011 pec-

598 2041 815 2086 catores
865 2046 1103 2094 oramus,
1140 2039 1198 2084 ut
1245 2030 1360 2099 ipse
1399 2031 1615 2084 illorum
1662 2040 1885 2085 curator
1933 2034 2024 2096 sit,
2064 2034 2179 2089 dis-

598 2134 879 2195 pensator,
930 2132 983 2177 et
1024 2122 1237 2187 ductor,
1278 2131 1442 2191 prout
1500 2122 1615 2192 ipse
1657 2123 1809 2177 novit
1852 2133 1905 2178 et
1940 2124 2096 2194 jubet
2127 2136 2181 2182 et

597 2217 736 2284 vult,
785 2231 873 2270 res
918 2216 1137 2270 illorum
1172 2215 1586 2269 administrans.
1626 2214 1833 2271 Revera
1866 2218 2010 2271 enim
2048 2219 2179 2273 ube-

598 2323 688 2363 res
740 2323 839 2377 pro
891 2307 999 2363 illis
1055 2307 1322 2378 lacrymas
1380 2305 1658 2361 fundimus
1707 2322 2080 2377 :semperque
2122 2312 2175 2364 in

598 2403 775 2459 ocuiis
804 2404 1009 2459 nostris
1040 2404 1257 2459 illorum
1290 2402 1469 2457 vultus
1491 2412 1802 2467 versantur,
1830 2403 1959 2458 dum
1988 2418 2176 2461 eorum

599 2515 791 2570 preces
838 2502 1199 2572 imploramus
1259 2504 1505 2559 subsidio
1563 2504 1902 2574 negligentiae
1955 2511 2175 2556 nostras.

602 2592 992 2649 Verumtamen
1052 2606 1106 2650 tu
1150 2610 1251 2665 pro
1294 2596 1549 2651 omnibus
1602 2612 1844 2666 precare,
1887 2595 2067 2659 Pater,
2124 2605 2183 2648 ut

602 2690 926 2757 patientiam
980 2689 1393 2759 adipiscamur,
1446 2687 1761 2741 felicitatem
1794 2727 1809 2751 ,
1860 2687 2176 2756 praesidium

602 2794 633 2833 a
675 2778 808 2843 Deo,
859 2790 912 2834 et
957 2781 1221 2835 auxilium
1255 2780 1517 2835 adversus
1554 2778 1751 2835 diaboli
1804 2778 2176 2834 tentationes:

601 2883 677 2939 et,
720 2872 865 2943 quod
914 2872 1021 2928 Deo
1061 2874 1346 2943 placuerit,
1387 2882 1445 2927 ut
1493 2881 1543 2927 te
1576 2872 1628 2926 in
1680 2887 1863 2937 carne,
1904 2882 1993 2925 aut
2042 2872 2180 2927 alios

604 2966 803 3019 fratres
836 2977 1055 3020 nostros
1095 2966 1375 3021 videamus
1410 2984 1422 3019 :
1460 2966 1570 3030 fiat,
1610 2966 1722 3019 fiat.
1754 2963 2080 3029 Quaesumus
2127 2973 2183 3017 et

603 3056 870 3111 audemus
916 3072 981 3111 ex
1033 3058 1192 3112 nobis
1246 3060 1482 3113 salutare
1542 3057 1757 3112 dulcem
1810 3056 2031 3110 fratrem
2078 3069 2181 3109 no-

604 3160 807 3213 strum,
855 3151 898 3204 si
958 3161 1138 3205 tecum
1175 3162 1279 3215 est,
1331 3162 1424 3205 aut
1476 3151 1521 3205 si
1582 3150 1705 3219 quis
1762 3147 1902 3203 alius
1949 3147 2179 3201 fratrum

603 3252 943 3304 nostrorum,
989 3244 1241 3314 quisquis
1302 3243 1410 3297 erit
1457 3243 1547 3298 cui
1607 3242 1905 3297 nuutiabis.
1968 3238 2181 3295 Salutat

604 3351 819 3390 mecum
860 3344 1103 3390 sanctam
1142 3336 1379 3390 animam
1412 3346 1559 3391 tuam
1600 3336 1858 3391 dominus
1884 3335 2179 3397 diaconus,

606 3438 657 3481 et
685 3436 835 3495 pater
869 3435 1076 3489 noster,
1117 3428 1369 3498 egregius
1396 3427 1561 3483 frater
1590 3443 1764 3491 meus,
1800 3437 1852 3481 et
1884 3427 2026 3482 filius
2056 3435 2182 3482 tuus

605 3534 927 3575 meonomus
976 3521 1157 3575 caeteri
1183 3520 1481 3575 honorandi
1510 3518 1701 3575 fratres
1732 3529 1786 3574 et
1813 3518 2178 3575 desiderandi.

606 3610 713 3669 Ora
745 3628 843 3682 pro
889 3614 1069 3679 nobis,
1102 3612 1283 3676 Pater,
1324 3613 1484 3668 enixe
1516 3623 1573 3668 et
1612 3614 1963 3678 incessanter,
2004 3626 2061 3666 ut
2087 3613 2181 3681 ju-

609 3700 721 3758 bes.
747 3704 903 3758 Aliud
937 3706 1081 3759 euim
1110 3705 1289 3762 dicere
1321 3721 1427 3760 non
1464 3704 1743 3761 habemus.

1189 3982 1251 4036 ll.
1281 4014 1350 4025 -—
1380 3984 1579 4039 Eidem.

2291 568 2457 621 καλὸν
2482 570 2674 638 ἀγῶνα
2719 568 2996 641 ἠγωνίσω·
3032 569 3110 641 μὴ
3138 569 3560 641 ἀπολειφθῶμεν
3602 572 3878 644 ἀλλήλων,

2291 661 2411 730 φῶς
2456 661 2589 732 ἐμὸν
2630 661 2726 716 καὶ
2759 662 3088 733 σπλάγχνον·
3131 662 3211 733 μὴ
3246 660 3315 714 δι’
3340 660 3531 731 ὀλίγην
3563 664 3662 716 καὶ⁵
3708 668 3882 737 πρόσ·

2291 771 2481 825 καιρον
2530 755 2790 820 εὐζωῖαν,
2841 755 3198 827 ἀπολέσωμεν
3233 753 3333 826 τὴν
3376 755 3660 825 μακαρίαν
3707 759 3877 829 ζωήν.

2289 848 2383 919 Μὴ
2421 849 2664 920 τερφθῇς
2689 851 2803 911 τοῖς
2836 848 3103 919 παροῦσιν
3129 848 3306 919 ἡδέσι,
3335 848 3430 901 καὶ
3473 848 3717 920 όκλάσῃς
3743 852 3883 921 πρὸς

2287 941 2357 995 τὰ
2385 942 2630 1013 θλιὸερά,
2677 935 2723 995 ὦ
2773 940 2990 1011 ἀδελφέ.
3028 942 3122 1011 Μὴ
3150 938 3334 1015 δὼσῃς
3394 941 3560 995 νῶτα.
3603 942 3881 1014 Ἐτέρςρθη

2288 1030 2382 1087 οὖν
2414 1035 2442 1086 6
2476 1035 2734 1106 Χριστὸς,
2772 1034 2897 1088 ἰδών
2923 1050 2985 1087 σε
3013 1034 3355 1103 τυπτόμενον
3389 1032 3533 1103 ὑπὲρ
3565 1032 3764 1087 αὐτοῦ·
3804 1037 3880 1105 μὴ

2288 1130 2541 1203 λυπήσῃς
2571 1130 2754 1197 αὐτὸν,
2781 1130 3037 1201 ἀγαπητέ
3074 1147 3199 1200 μου,
3232 1130 3367 1201 μηδέ
3398 1130 3524 1193 τοὺς
3548 1134 3882 1201 περιχαρέν-

2284 1239 2383 1285 τας
2407 1223 2697 1291 ἀγγέλους,
2746 1223 2882 1294 μηδὲ
2920 1223 3013 1275 τὸν
3046 1223 3255 1293 Κύριον
3306 1221 3399 1275 τὸν
3452 1222 3705 1293 Πατέρα,
3742 1224 3879 1293 μηδὲ

2283 1317 2385 1386 τὴν
2417 1317 2510 1369 καὶ
2549 1315 2829 1385 Πνεῦματι
2871 1315 3015 1386 ἁγίῳ
3050 1315 3347 1370 ὠδίνουσαν
3390 1316 3539 1386 ἡμᾶς
3566 1304 3880 1384 σεδᾶσμίαν

2283 1410 2536 1481 Μητέρα,
2572 1409 2704 1479 μηδὲ
2727 1409 2854 1472 τοὺς
2883 1408 3146 1477 ἀδελφούς
3179 1426 3274 1461 σου
3303 1408 3539 1472 πάντας·
3575 1408 3879 1477 ἐξαιρέτως

2282 1503 2402 1573 ἐμὲ,
2433 1501 2492 1554 ὃν
2518 1501 2697 1569 λέγεις
2726 1501 2901 1572 δῶρον
2930 1502 3127 1571 φιλεῖν.
3160 1501 3325 1571 Τρεῖς
3348 1502 3519 1571 ἐσμεν
3547 1500 3627 1571 (Ι)
3650 1499 3876 1567 ἀδελφοὶ

2279 1596 2343 1648 τδ
2381 1594 2525 1648 κατά
2587 1595 2807 1666 σάρκα,
2856 1593 2999 1647 ἐστω
3028 1593 3126 1646 καὶ
3176 1592 3236 1645 τδ
3286 1592 3429 1645 κατά
3472 1591 3739 1661 πνεῦμα·
3799 1591 3875 1662 μὴ

2280 1688 2639 1759 ἀτιμάσωμεν
2684 1686 2775 1740 τὸν
2828 1686 3010 1755 τίμιον
3091 1685 3185 1739 καὶ
3241 1684 3532 1756 θεαρχικδν
3584 1684 3870 1755 ἀριθμόνς·

2280 1780 2464 1849 δῶμεν
2522 1778 2753 1842 ἑαυτοὺς
2808 1777 2951 1848 ὑπὲρ
3002 1776 3225 1847 ἐντολῆς
3267 1776 3402 1830 Θεοῦ
3451 1776 3730 1845 πάσχειν,
3786 1775 3875 1829 ἵνα

2278 1874 2534 1944 ζήσωμεν
2558 1872 2648 1925 τὸν
2687 1870 2883 1927 αἰῶνα.
2909 1869 3067 1941 Λὺπη
3106 1868 3151 1923 δ’
3179 1864 3271 1922 οὖν
3301 1870 3434 1939 ἡμῖν
3489 1870 3628 1933 ἐστι,
3662 1869 3871 1938 Πάτερ,

2279 1964 2495 2036 μεγάλη
2549 1963 2644 2017 καὶ
2697 1962 2785 2016 διὰ
2838 1964 2967 2025 τοὺς
3026 1960 3251 2023 λοιποὺς
3300 1959 3557 2027 γλυκίους
3604 1959 3871 2027 ἀδελφοὺς

2276 2056 2473 2127 ἡμῶν,
2526 2055 2644 2118 πῶς
2708 2056 2735 2108 6
2777 2052 2983 2124 Κύριος
3025 2050 3371 2121 διευθέτησεν
3417 2050 3642 2114 αὐτούς.
3699 2048 3873 2102 Τοῦτο

2276 2150 2384 2219 γὰρ
2438 2148 2514 2212 ὡς
2564 2146 2878 2217 ἁμαρτωλοὶ
2938 2143 3233 2215 εὐχόμεθα,
3284 2142 3374 2196 ῐνα
3404 2141 3566 2207 αὐτὸς
3603 2159 3873 2212 μεριμνη-

2280 2241 2379 2311 τὴς
2424 2240 2605 2295 αὐτῶν
2635 2240 2885 2311 γένηται,
2914 2236 3196 2308 διοικητὴς
3217 2276 3232 2301 ,
3258 2236 3474 2305 όδηγδς,
3519 2235 3596 2299 ὡς
3634 2230 3750 2289 οἶδε
3779 2234 3871 2288 καὶ

2280 2334 2518 2397 κελεύει,
2552 2334 2647 2387 καὶ
2676 2332 2845 2396 ϐέλει,
2874 2330 2941 2384 τὰ
2972 2332 3095 2383 κατ’
3124 2330 3320 2391 αὐτοὺς
3357 2326 3741 2398 πρυτανεύων.
3780 2326 3871 2395 Τῷ

2281 2427 2394 2480 ὄντι
2436 2425 2547 2496 γὰρ
2610 2424 2786 2492 πικρά
2832 2423 3043 2494 δάκρυα
3093 2417 3476 2489 ἀποστάζομεν
3529 2418 3599 2471 δι’
3630 2418 3868 2480 αὐτούς’

2283 2520 2376 2572 καὶ
2431 2518 2519 2571 ἐπ’
2552 2516 2869 2588 ὀφθαλμοὺς
2908 2514 3069 2586 ἡμῶν
3115 2513 3206 2569 ἀεὶ
3232 2514 3289 2565 αί
3331 2511 3479 2580 δψεις
3513 2510 3697 2564 αὐτῶν
3728 2512 3871 2564 κεῖν·

2278 2625 2389 2673 ται,
2423 2610 2523 2677 τὴν
2566 2609 2731 2678 εὐχὴν
2780 2608 2962 2661 αυτῶν
2996 2604 3268 2674 δεομένων
3334 2602 3416 2664 είς
3456 2600 3724 2671 βοήθειαν
3768 2600 3869 2669 τῆς

2285 2698 2770 2771 ῥᾳθυμίας-ημῶν.
2800 2698 2993 2767 Ὅμως
3036 2694 3223 2764 εὔχου,
3253 2686 3299 2747 ὦ
3326 2691 3533 2762 Πάτερ,
3562 2691 3710 2761 ὑπὲρ
3739 2693 3871 2746 πάν-

2280 2809 2411 2856 των,
2444 2790 2723 2861 ὑπομονὴν
2754 2787 3063 2859 κτήσασθαι
3112 2787 3280 2857 ἡμᾶς,
3347 2783 3627 2853 εὐτυχίαν,
3658 2784 3870 2853 σκέπην

2282 2888 2347 2939 ἐκ
2368 2885 2523 2951 Θεοῦ,
2548 2886 2642 2938 καὶ
2670 2882 2921 2953 βοήθειαν
2969 2882 3034 2934 ἐκ
3056 2880 3167 2933 τῶν
3198 2877 3523 2950 πειρασμῶν
3553 2875 3651 2930 τοῦ
3689 2875 3870 2929 διαϐό-

2283 2978 2410 3031 λου’
2450 2978 2543 3031 καὶ
2573 2976 2599 3028 ὃ
2630 2974 2856 3044 ἀρέσκει
2884 2972 2962 3042 τῷ
2992 2970 3130 3042 Θεῷ,
3167 2970 3296 3042 περὶ
3322 2968 3417 3022 τοῦ
3455 2971 3514 3021 ἐν
3543 2969 3715 3039 σαρκὶ
3741 2967 3869 3020 ἰδεῖν

2287 3082 2345 3118 σε
2363 3064 2395 3133 ἢ
2411 3064 2538 3126 τοὺς
2553 3062 2817 3131 ἀδελφοὺς
2835 3063 2869 3133 ή
2877 3061 3012 3130 μῶν,
3028 3062 3259 3129 γένοιτο,
3275 3058 3506 3127 γένοιτο.
3519 3057 3767 3129 Δεόμεθα
3777 3058 3869 3111 καὶ

2287 3154 2580 3225 τολμῶμεν
2609 3152 2855 3223 ἐξ⁰ἠμῶν
2879 3151 3325 3223 προσαγορεῦσαι
3352 3150 3445 3204 τὸν
3473 3150 3684 3218 γλυκὺν
3713 3148 3867 3220 ἡμῶν

2288 3243 2539 3311 ἀδελφὸν,
2584 3243 2743 3313 εἴπερ
2777 3240 2895 3294 ἐστὶ
2932 3240 3073 3311 μετά
3107 3238 3225 3305 σοῦ,
3258 3239 3291 3309 ἦ
3325 3238 3419 3291 καὶ
3452 3236 3613 3300 ἄλλος
3638 3236 3866 3307 ἀδελφὸς

2288 3334 2447 3405 ήμῶν
2480 3331 2589 3399 οἷος
2620 3335 2687 3388 ἂν
2726 3331 2783 3409 ᾖ,
2822 3333 2925 3387 κᾶν
2955 3333 3169 3406 φθάσῃς
3214 3332 3474 3402 μηνῦσαι.
3530 3331 3860 3396 ’Δσπάζεται

2286 3426 2343 3480 δὲ
2401 3426 2499 3480 σὺν
2550 3426 2677 3496 ἐμοὶ
2707 3426 2807 3496 τὴν
2836 3424 3000 3493 ἁγίαν
3042 3441 3136 3477 σου
3163 3423 3341 3493 ψυχὴν
3386 3425 3416 3476 6
3458 3422 3651 3492 κύριος
3686 3425 3866 3479 διάκο-

2287 3535 2376 3581 νος
2415 3517 2492 3588 (2)
2524 3520 2620 3570 καὶ
2648 3517 2838 3588 Πατὴρ
2870 3514 3049 3585 ήμῶν,
3096 3515 3126 3567 6
3156 3513 3323 3576 καλός
3360 3530 3461 3583 μου
3483 3512 3734 3582 ἀδελφὸς,
3775 3517 3864 3570 καὶ

2283 3609 2473 3662 τέκνον
2501 3626 2616 3671 σου,
2644 3608 2673 3661 6
2702 3606 3004 3677 οἰκονόμος·
3037 3606 3088 3659 οἱ
3112 3604 3286 3657 λοιποὶ
3322 3604 3495 3673 τίμιοι
3526 3603 3747 3673 ἀδελφοὶ
3774 3608 3863 3661 καὶ

2278 3698 2670 3770 πολυπόθητοι.
2704 3696 2878 3766 Εὔχου
2910 3699 3064 3768 ἡμῖν,
3092 3694 3300 3767 Πάτερ,
3332 3694 3553 3765 Θερμῶς
3580 3694 3679 3750 καὶ
3712 3695 3861 3751 ἀδια-

2288 3793 2563 3856 λείπτως,
2602 3790 2678 3852 ὼς
2721 3788 2981 3853 κελεύεις.
3040 3788 3107 3843 Τί
3162 3786 3273 3859 γὰρ
3330 3785 3462 3841 ἀλλο
3503 3784 3711 3855 λέγειν,
3765 3790 3861 3843 οὐκ

2295 3890 2510 3961 ἔχομεν.

2820 3984 2895 4037 B'.
2929 4008 2994 4022 —-
3025 3982 3111 4049 Τῷ
3138 3981 3319 4049 αὐτῷ.

765 4100 1023 4152 Platonem
1047 4104 1237 4167 magnis
1262 4105 1410 4157 effert
1432 4105 1657 4157 laudibus
1687 4123 1696 4155 :
1738 4116 1857 4167 tum,
1886 4117 1960 4230 in;
1962 4109 2009 4157 in
2035 4115 2267 4219 su‘scepta
2287 4106 2522 4219 «gamus,
2541 4103 2835 4230 defensione
2862 4109 3174 4165 perseveret,
3200 4116 3370 4154 rursus
3388 4104 3701 4154 cohortatur.

1961 4184 2078 4219 aron
2104 4185 2159 4220 us
2182 4187 2261 4221 an.
2292 4172 2317 4220 'i'
2388 4208 2400 4230 ,
2424 4183 2473 4217 n.
2532 4206 2545 4219 .

1961 4174 2159 4220 aronlus
2182 4187 2261 4221 an.
2292 4172 2400 4230 790,
2424 4183 2473 4217 n.
2497 4172 2545 4219 7.

672 4293 790 4349 Jam
837 4296 1036 4355 iterum
1086 4300 1153 4355 ad
1188 4309 1240 4356 te
1279 4302 1483 4369 scribo,
1535 4302 1815 4357 dominum
1864 4312 1917 4358 et
1964 4303 2179 4358 Patrem

602 4402 804 4441 meum.
839 4387 1032 4445 Nescio
1083 4404 1151 4445 an
1192 4391 1405 4448 litteras
1456 4410 1602 4449 meas
1644 4395 1940 4463 acceperis.
2002 4395 2181 4464 Atque

2357 4299 2671 4372 Δευτερεύω
2706 4300 2832 4370 ἀρτι
2881 4297 3111 4368 γράφων
3158 4294 3315 4368 [cod.
3370 4295 3575 4369 Regius
3605 4302 3854 4373 ἀπιγρά.

2284 4394 2423 4466 φων]
2458 4395 2593 4464 πρὸς
2626 4393 2715 4445 τὸν
2752 4390 2913 4459 κῦριν
2954 4390 3050 4444 καὶ
3087 4389 3309 4458 Πατέρα
3346 4406 3472 4459 μου.
3506 4392 3621 4446 Οὐκ
3664 4390 3778 4448 οἴδα
3804 4398 3850 4449 εἰ

602 4481 656 4531 iu
703 4480 808 4533 illis
857 4482 1076 4551 quidem
1111 4484 1258 4555 quod
1300 4496 1513 4555 tempus
1570 4487 1841 4556 exigebat,
1888 4488 2067 4557 quoad
2123 4489 2177 4541 in

2282 4486 2449 4550 ἐδέξω
2492 4486 2561 4538 τά
2610 4482 2933 4554 γράμματα.
2984 4483 3097 4536 Καὶ
3139 4484 3197 4536 ἐν
3241 4483 3477 4546 ἐκείνοις
3520 4479 3639 4552 οῦν,
3667 4487 3721 4539 εί
3742 4505 3793 4541 τι
3822 4489 3849 4541 6

601 4572 758 4625 nobis
789 4572 913 4640 fuit,
956 4574 1175 4645 indigne
1205 4576 1352 4644 licet,
1388 4578 1583 4634 elocuti
1626 4596 1839 4635 sumus.
1867 4579 2021 4635 Nunc
2048 4595 2177 4635 vero

2282 4578 2473 4648 καιρὸς
2503 4575 2723 4647 ἀπῄτει,
2757 4576 2854 4628 καὶ
2883 4570 2951 4645 ἦν
2977 4576 3111 4645 ἡμῖν
3147 4574 3224 4637 είς
3256 4574 3505 4645 δύναμιν,
3542 4576 3777 4643 ἀναξίως
3803 4579 3847 4632 δ’

597 4676 721 4730 quae
771 4674 1103 4734 congruunt,
1154 4679 1208 4722 et
1262 4670 1571 4739 suppeditat
1627 4672 1788 4737 Deus,
1834 4672 1901 4727 ad
1953 4672 2176 4729 humilis

2282 4666 2394 4733 οῦν,
2428 4671 2576 4739 ὅμως
2602 4665 3010 4737 ἐφθεγξάμεθα.
3038 4666 3149 4719 Καὶ
3182 4667 3307 4735 ἄρτι
3337 4666 3394 4719 δέ
3423 4667 3526 4721 ὅσα
3547 4668 3844 4734 ἐπιϐάλλει,

596 4755 795 4807 aninne
847 4770 979 4809 mea:
1024 4759 1337 4825 utilitatem,
1394 4772 1489 4817 aut
1532 4764 1599 4816 ad
1647 4773 1752 4817 tua:
1794 4764 1980 4829 etiam,
2026 4765 2172 4834 quod

2282 4763 2374 4815 ml.
2398 4761 2532 4815 διδοῖ
2556 4760 2686 4821 Θεὸς
2712 4761 2797 4811 ἐπ’
2832 4758 3073 4829 ὠφελείᾳ
3103 4757 3201 4829 τῆς
3230 4758 3491 4829 ταπεινῆς
3518 4778 3623 4829 μου
3652 4762 3843 4835 ψυχῆς,

598 4845 894 4899 audentius
917 4845 1061 4913 dico,
1096 4852 1566 4921 magnanimitatis
1598 4853 2051 4917 consolationem,
2089 4871 2177 4923 pa-

2282 4856 2311 4925 ἢ
2344 4856 2438 4908 καὶ
2468 4855 2601 4925 πρὸς
2637 4854 3007 4923 παρηγορίαν,
3045 4851 3259 4921 τολμῶν
3287 4852 3450 4920 λέγω,
3481 4854 3583 4925 τῆς
3620 4857 3719 4927 σῆς
3752 4875 3843 4928 με-

598 4950 700 5002 ter,
744 4938 1020 5008 adjiciam.
1062 4942 1175 4997 Hoc
1220 4945 1387 5010 enim,
1428 4954 1486 4998 ut
1517 4948 1655 5001 alias
1701 4962 1862 5016 saepe,
1909 4949 1981 5002 ita
2028 4964 2176 5004 nune

2282 4946 2643 5016 γαλοψυχίας,
2678 4940 2949 5016 ὦΠάτερ,
2984 4945 3424 5014 προσερήσομεν.
3460 4946 3636 5001 Τοῦτο
3659 4950 3738 5013 δὲ,
3774 4952 3843 5013 ὡς

597 5031 721 5083 dico
764 5044 829 5083 ac
857 5030 1117 5100 profiteor
1149 5051 1160 5086 :
1188 5034 1233 5088 si
1262 5050 1369 5104 qua
1402 5036 1456 5089 in
1494 5053 1579 5092 me
1619 5046 1703 5093 est
1743 5038 1953 5093 dicendi
1988 5040 2087 5103 vis,
2121 5050 2175 5094 et

2282 5039 2561 5101 πολλάκις.
2597 5042 2693 5092 καὶ
2718 5034 2815 5090 νῦν
2843 5038 2988 5105 λέγω
3018 5038 3113 5089 καὶ
3144 5037 3519 5108 ἀπολογοῦμαι
3539 5058 3552 5070 ·
3574 5041 3658 5095 ὅτι
3689 5043 3742 5095 εί
3766 5060 3844 5106 τις

597 5122 831 5177 facultas
886 5123 1161 5177 scribendi
1212 5127 1725 5197 quantulacunque,
1782 5143 1891 5182 non
1954 5139 2173 5198 propter

2282 5132 2434 5199 λόγος
2462 5134 2519 5183 ἐν
2549 5132 2673 5202 ἐμοὶ
2705 5133 2797 5184 καὶ
2825 5130 3201 5201 ἐπιτηδειότης
3222 5131 3337 5193 πῶς
3359 5148 3489 5184 ποτε
3519 5135 3697 5206 μικρά
3723 5140 3840 5207 περὶ

596 5229 683 5267 me
718 5213 991 5271 infelicem
1023 5214 1289 5272 famulum
1331 5228 1480 5273 tuum
1509 5219 1688 5275 datam
1729 5220 1918 5284 fuisse,
1956 5222 2050 5275 sed
2095 5224 2170 5276 tui

2282 5222 2373 5275 τοῦ
2404 5223 2662 5294 γράφειν,
2695 5225 2757 5277 οὑ
2798 5223 2866 5277 δι’
2897 5223 2997 5293 ἐμὲ
3022 5223 3116 5277 τὸν
3142 5223 3324 5278 ἄθλιον
3347 5225 3537 5280 δοῦλόν
3569 5245 3665 5282 σου
3693 5230 3841 5285 δεδώ-

629 5391 650 5423 ⁸
708 5391 727 5444 l
768 5392 909 5447 Tim.
936 5409 1010 5460 Iv,
1039 5396 1092 5447 7.

2112 5537 2340 5595 ΝΟΤᾹΞ.

662 5647 740 5723 (1)
765 5647 1147 5723 Τρεῖς-ἐσμεν.
1166 5648 1508 5723 Theodorus,
1537 5650 1831 5723 Josepbus,
1857 5654 1948 5719 qui
1976 5656 2159 5709 archi-

590 5721 884 5793 episcop‘us
920 5718 1428 5793 Thessalonicensis
1466 5723 1586 5785 fuit,
1615 5718 2044 5793 et'Eutltymius,
2066 5742 2159 5781 stt-

592 5786 688 5858 pra
724 5790 778 5843 in
800 5786 1072 5845 Theodori
1100 5790 1242 5856 Vita,
1268 5807 1419 5845 nuru.
1456 5792 1509 5851 ’ἵν

2267 5728 2279 5740 θ
2338 5658 2419 5741 (gl
2442 5663 2655 5741 Κύριος
2682 5664 2982 5741 ξιάκονος.
3039 5666 3199 5741 Forte
3253 5666 3602 5741 Naucratius,
3634 5673 3698 5725 de
3741 5687 3836 5741 quo

2266 5729 2319 5810 iu
2359 5729 2627 5810 Theodori
2654 5735 2823 5810 ⁸νίιτι,
2872 5729 3022 5810 num.
3055 5738 3157 5794 126
3178 5782 3192 5807 ,
3223 5740 3290 5793 ad
3318 5754 3480 5810 quem
3529 5729 3835 5799 Theodorus

2266 5802 2448 5870 plures
2472 5804 2692 5874 scripsit
2732 5808 3009 5876 epistolas.
