  <div class='ocr_page' id='page_1' title='image "/cluster/home/n/w/nwhite01/storage/ocr_20150623/99/pst.000005714063/506.png"; bbox 0 0 4018 6304; ppageno 0'>
   <div class='ocr_carea' id='block_1_1' title="bbox 201 367 308 430">
    <p class='ocr_par' dir='ltr' id='par_1_1' title="bbox 201 367 308 430">
     <span class='ocr_line' id='line_1_1' title="bbox 201 367 308 430; baseline 0 0"><span class='ocrx_word' id='word_1_1' title='bbox 201 367 308 430; x_wconf 85' lang='grc'><strong>909</strong></span> 
     </span>
    </p>
   </div>
   <div class='ocr_carea' id='block_1_2' title="bbox 1437 377 2218 438">
    <p class='ocr_par' dir='ltr' id='par_1_2' title="bbox 1437 377 2218 438">
     <span class='ocr_line' id='line_1_2' title="bbox 1437 377 2218 438; baseline 0.005 -4"><span class='ocrx_word' id='word_1_2' title='bbox 1437 377 1972 436; x_wconf 73' lang='lat' dir='ltr'><strong>EPISTOLARUM</strong></span> <span class='ocrx_word' id='word_1_3' title='bbox 2007 380 2147 438; x_wconf 89' lang='lat' dir='ltr'><strong>LIB.</strong></span> <span class='ocrx_word' id='word_1_4' title='bbox 2174 381 2218 438; x_wconf 94' lang='lat' dir='ltr'><strong>I.</strong></span> 
     </span>
    </p>
   </div>
   <div class='ocr_carea' id='block_1_3' title="bbox 3355 392 3463 458">
    <p class='ocr_par' dir='ltr' id='par_1_3' title="bbox 3355 392 3463 458">
     <span class='ocr_line' id='line_1_3' title="bbox 3355 392 3463 458; baseline -0.009 -1"><span class='ocrx_word' id='word_1_5' title='bbox 3355 392 3463 458; x_wconf 86' lang='lat'><strong>910</strong></span> 
     </span>
    </p>
   </div>
   <div class='ocr_carea' id='block_1_4' title="bbox 203 474 1757 570">
    <p class='ocr_par' dir='ltr' id='par_1_4' title="bbox 203 474 1757 550">
     <span class='ocr_line' id='line_1_4' title="bbox 203 474 1757 550; baseline 0.005 -23"><span class='ocrx_word' id='word_1_6' title='bbox 203 493 390 548; x_wconf 82' lang='grc' dir='ltr'>ρηται,</span> <span class='ocrx_word' id='word_1_7' title='bbox 434 475 552 529; x_wconf 78' lang='grc' dir='ltr'>ἀλλ’</span> <span class='ocrx_word' id='word_1_8' title='bbox 586 474 751 530; x_wconf 68' lang='grc' dir='ltr'>ἕνεκα</span> <span class='ocrx_word' id='word_1_9' title='bbox 785 475 877 528; x_wconf 90' lang='grc' dir='ltr'><strong>σοῦ</strong></span> <span class='ocrx_word' id='word_1_10' title='bbox 913 474 1003 529; x_wconf 91' lang='grc' dir='ltr'><strong>τοῦ</strong></span> <span class='ocrx_word' id='word_1_11' title='bbox 1050 475 1263 547; x_wconf 77' lang='grc' dir='ltr'>ἔχοντος</span> <span class='ocrx_word' id='word_1_12' title='bbox 1293 476 1391 550; x_wconf 80' lang='grc' dir='ltr'>τὴν</span> <span class='ocrx_word' id='word_1_13' title='bbox 1426 481 1655 548; x_wconf 78' lang='grc' dir='ltr'>ἄφθονον</span> <span class='ocrx_word' id='word_1_14' title='bbox 1687 481 1757 550; x_wconf 84' lang='grc' dir='ltr'><strong>χά</strong></span> 
     </span>
    </p>
   </div>
   <div class='ocr_carea' id='block_1_5' title="bbox 1861 474 3466 570">
    <p class='ocr_par' dir='ltr' id='par_1_5' title="bbox 1861 487 3466 570">
     <span class='ocr_line' id='line_1_5' title="bbox 1861 487 3466 570; baseline 0.012 -34"><span class='ocrx_word' id='word_1_15' title='bbox 1861 498 2082 547; x_wconf 81' lang='lat' dir='ltr'><strong>causa,</strong></span> <span class='ocrx_word' id='word_1_16' title='bbox 2127 487 2220 555; x_wconf 88' lang='lat' dir='ltr'><strong>qui</strong></span> <span class='ocrx_word' id='word_1_17' title='bbox 2275 487 2553 556; x_wconf 85' lang='lat' dir='ltr'><strong>copiosam</strong></span> <span class='ocrx_word' id='word_1_18' title='bbox 2597 489 2649 543; x_wconf 94' lang='lat' dir='ltr'><strong>in</strong></span> <span class='ocrx_word' id='word_1_19' title='bbox 2691 490 2856 546; x_wconf 90' lang='lat' dir='ltr'><strong>corde</strong></span> <span class='ocrx_word' id='word_1_20' title='bbox 2901 494 3287 553; x_wconf 89' lang='lat' dir='ltr'><strong>scaturientem</strong></span> <span class='ocrx_word' id='word_1_21' title='bbox 3339 516 3466 570; x_wconf 54' lang='lat' dir='ltr'><strong>grac</strong></span> 
     </span>
    </p>
   </div>
   <div class='ocr_carea' id='block_1_6' title="bbox 201 568 1786 642">
    <p class='ocr_par' dir='ltr' id='par_1_6' title="bbox 201 568 1786 642">
     <span class='ocr_line' id='line_1_6' title="bbox 201 568 1786 642; baseline 0.004 -24"><span class='ocrx_word' id='word_1_22' title='bbox 201 584 289 638; x_wconf 85' lang='grc' dir='ltr'><strong>ριν</strong></span> <span class='ocrx_word' id='word_1_23' title='bbox 326 569 383 620; x_wconf 93' lang='grc' dir='ltr'><strong>ἐν</strong></span> <span class='ocrx_word' id='word_1_24' title='bbox 420 568 625 638; x_wconf 79' lang='grc' dir='ltr'><strong>καρδίᾳ</strong></span> <span class='ocrx_word' id='word_1_25' title='bbox 652 568 1026 639; x_wconf 79' lang='grc' dir='ltr'>πηγάζουσαν.</span> <span class='ocrx_word' id='word_1_26' title='bbox 1057 569 1174 622; x_wconf 75' lang='grc' dir='ltr'>Καὶ</span> <span class='ocrx_word' id='word_1_27' title='bbox 1199 569 1477 624; x_wconf 75' lang='grc' dir='ltr'>διά”τοῦτο</span> <span class='ocrx_word' id='word_1_28' title='bbox 1507 572 1786 642; x_wconf 72' lang='grc' dir='ltr'>ἡδομένως</span> 
     </span>
    </p>
   </div>
   <div class='ocr_carea' id='block_1_7' title="bbox 197 661 1782 733">
    <p class='ocr_par' dir='ltr' id='par_1_7' title="bbox 197 661 1782 733">
     <span class='ocr_line' id='line_1_7' title="bbox 197 661 1782 733; baseline 0.002 -20"><span class='ocrx_word' id='word_1_29' title='bbox 197 662 298 713; x_wconf 77' lang='grc' dir='ltr'>καὶ</span> <span class='ocrx_word' id='word_1_30' title='bbox 336 662 640 730; x_wconf 82' lang='grc' dir='ltr'>χαιρόντως</span> <span class='ocrx_word' id='word_1_31' title='bbox 672 661 833 730; x_wconf 82' lang='grc' dir='ltr'>ἔργον</span> <span class='ocrx_word' id='word_1_32' title='bbox 878 662 1023 732; x_wconf 81' lang='grc' dir='ltr'>ἔχεις</span> <span class='ocrx_word' id='word_1_33' title='bbox 1069 663 1345 726; x_wconf 70' lang='grc' dir='ltr'>παιδεύειν</span> <span class='ocrx_word' id='word_1_34' title='bbox 1388 664 1484 718; x_wconf 77' lang='grc' dir='ltr'>καὶ</span> <span class='ocrx_word' id='word_1_35' title='bbox 1516 665 1782 733; x_wconf 76' lang='grc' dir='ltr'>σοφίζειν,</span> 
     </span>
    </p>
   </div>
   <div class='ocr_carea' id='block_1_8' title="bbox 195 750 1785 824">
    <p class='ocr_par' dir='ltr' id='par_1_8' title="bbox 195 750 1785 824">
     <span class='ocr_line' id='line_1_8' title="bbox 195 750 1785 824; baseline 0.005 -22"><span class='ocrx_word' id='word_1_36' title='bbox 195 751 264 802; x_wconf 82' lang='grc' dir='ltr'>οὐ</span> <span class='ocrx_word' id='word_1_37' title='bbox 309 750 471 818; x_wconf 81' lang='grc' dir='ltr'>μόνον</span> <span class='ocrx_word' id='word_1_38' title='bbox 499 751 672 820; x_wconf 78' lang='grc' dir='ltr'>ἡμᾶς,</span> <span class='ocrx_word' id='word_1_39' title='bbox 721 751 814 813; x_wconf 85' lang='grc' dir='ltr'><strong>οὓς</strong></span> <span class='ocrx_word' id='word_1_40' title='bbox 857 751 933 814; x_wconf 84' lang='grc' dir='ltr'>ὠς</span> <span class='ocrx_word' id='word_1_41' title='bbox 983 751 1300 821; x_wconf 81' lang='grc' dir='ltr'><strong>ἀδελφιδοῦς</strong></span> <span class='ocrx_word' id='word_1_42' title='bbox 1335 755 1608 824; x_wconf 73' lang='grc' dir='ltr'><strong>οἰηθέντες</strong></span> <span class='ocrx_word' id='word_1_43' title='bbox 1641 757 1785 820; x_wconf 81' lang='grc' dir='ltr'>τινὲς</span> 
     </span>
    </p>
   </div>
   <div class='ocr_carea' id='block_1_9' title="bbox 196 841 1783 919">
    <p class='ocr_par' dir='ltr' id='par_1_9' title="bbox 196 841 1783 919">
     <span class='ocr_line' id='line_1_9' title="bbox 196 841 1783 919; baseline 0.005 -23"><span class='ocrx_word' id='word_1_44' title='bbox 196 841 630 911; x_wconf 81' lang='grc' dir='ltr'>ἀπεσφάλησαν,</span> <span class='ocrx_word' id='word_1_45' title='bbox 662 843 796 896; x_wconf 88' lang='grc' dir='ltr'><strong>ἀλλά</strong></span> <span class='ocrx_word' id='word_1_46' title='bbox 831 847 925 897; x_wconf 74' lang='grc' dir='ltr'><strong>καὶ</strong></span> <span class='ocrx_word' id='word_1_47' title='bbox 951 845 1158 909; x_wconf 81' lang='grc' dir='ltr'><strong>πάντας</strong></span> <span class='ocrx_word' id='word_1_48' title='bbox 1184 846 1344 912; x_wconf 82' lang='grc' dir='ltr'>ὅσους</span> <span class='ocrx_word' id='word_1_49' title='bbox 1376 851 1440 902; x_wconf 88' lang='grc' dir='ltr'><strong>ἐκ</strong></span> <span class='ocrx_word' id='word_1_50' title='bbox 1471 850 1783 919; x_wconf 80' lang='grc' dir='ltr'>πνεύματος</span> 
     </span>
    </p>
   </div>
   <div class='ocr_carea' id='block_1_10' title="bbox 194 935 1778 1012">
    <p class='ocr_par' dir='ltr' id='par_1_10' title="bbox 194 935 1778 1012">
     <span class='ocr_line' id='line_1_10' title="bbox 194 935 1778 1012; baseline 0.008 -27"><span class='ocrx_word' id='word_1_51' title='bbox 194 936 441 1005; x_wconf 72' lang='grc' dir='ltr'>ἠνεγκας</span> <span class='ocrx_word' id='word_1_52' title='bbox 476 935 628 1009; x_wconf 77' lang='grc' dir='ltr'>υίούς</span> <span class='ocrx_word' id='word_1_53' title='bbox 670 952 728 988; x_wconf 91' lang='grc' dir='ltr'><strong>τε</strong></span> <span class='ocrx_word' id='word_1_54' title='bbox 761 937 860 989; x_wconf 75' lang='grc' dir='ltr'>καὶ</span> <span class='ocrx_word' id='word_1_55' title='bbox 888 937 1089 1000; x_wconf 81' lang='grc' dir='ltr'>παῖδάς</span> <span class='ocrx_word' id='word_1_56' title='bbox 1120 956 1234 992; x_wconf 89' lang='grc' dir='ltr'>σου·</span> <span class='ocrx_word' id='word_1_57' title='bbox 1269 941 1362 994; x_wconf 74' lang='grc' dir='ltr'><strong>καὶ</strong></span> <span class='ocrx_word' id='word_1_58' title='bbox 1401 941 1483 994; x_wconf 85' lang='grc' dir='ltr'>ὅτι</span> <span class='ocrx_word' id='word_1_59' title='bbox 1507 943 1778 1012; x_wconf 81' lang='grc' dir='ltr'><strong>ἀληθεύω,</strong></span> 
     </span>
    </p>
   </div>
   <div class='ocr_carea' id='block_1_11' title="bbox 193 1027 1780 1106">
    <p class='ocr_par' dir='ltr' id='par_1_11' title="bbox 193 1027 1780 1106">
     <span class='ocr_line' id='line_1_11' title="bbox 193 1027 1780 1106; baseline 0.007 -27"><span class='ocrx_word' id='word_1_60' title='bbox 193 1027 368 1092; x_wconf 72' lang='grc' dir='ltr'>ἔδειξε</span> <span class='ocrx_word' id='word_1_61' title='bbox 407 1029 475 1081; x_wconf 88' lang='grc' dir='ltr'><strong>τά</strong></span> <span class='ocrx_word' id='word_1_62' title='bbox 507 1030 810 1100; x_wconf 86' lang='grc' dir='ltr'>πράγματα</span> <span class='ocrx_word' id='word_1_63' title='bbox 857 1031 998 1102; x_wconf 82' lang='grc' dir='ltr'>ὑπὲρ</span> <span class='ocrx_word' id='word_1_64' title='bbox 1038 1032 1136 1085; x_wconf 83' lang='grc' dir='ltr'><strong>σοῦ</strong></span> <span class='ocrx_word' id='word_1_65' title='bbox 1179 1033 1434 1104; x_wconf 88' lang='grc' dir='ltr'>ἀληθινοῦ</span> <span class='ocrx_word' id='word_1_66' title='bbox 1483 1036 1780 1106; x_wconf 83' lang='grc' dir='ltr'>ποιμένος,</span> 
     </span>
    </p>
   </div>
   <div class='ocr_carea' id='block_1_12' title="bbox 191 1120 1783 1197">
    <p class='ocr_par' dir='ltr' id='par_1_12' title="bbox 191 1120 1783 1197">
     <span class='ocr_line' id='line_1_12' title="bbox 191 1120 1783 1197; baseline 0.004 -23"><span class='ocrx_word' id='word_1_67' title='bbox 191 1120 292 1174; x_wconf 86' lang='grc' dir='ltr'><strong>τοῦ</strong></span> <span class='ocrx_word' id='word_1_68' title='bbox 325 1122 424 1192; x_wconf 85' lang='grc' dir='ltr'>τὴν</span> <span class='ocrx_word' id='word_1_69' title='bbox 450 1121 631 1192; x_wconf 79' lang='grc' dir='ltr'>ψυχὴν</span> <span class='ocrx_word' id='word_1_70' title='bbox 662 1122 971 1187; x_wconf 87' lang='grc' dir='ltr'>τεθεικότος</span> <span class='ocrx_word' id='word_1_71' title='bbox 1005 1124 1148 1195; x_wconf 82' lang='grc' dir='ltr'>ὑπὲρ</span> <span class='ocrx_word' id='word_1_72' title='bbox 1185 1125 1331 1179; x_wconf 87' lang='grc' dir='ltr'>ίδίων</span> <span class='ocrx_word' id='word_1_73' title='bbox 1365 1127 1672 1197; x_wconf 75' lang='grc' dir='ltr'>προϐάτων·</span> <span class='ocrx_word' id='word_1_74' title='bbox 1707 1129 1783 1192; x_wconf 88' lang='grc' dir='ltr'>ὡς</span> 
     </span>
    </p>
   </div>
   <div class='ocr_carea' id='block_1_13' title="bbox 190 1215 1779 1295">
    <p class='ocr_par' dir='ltr' id='par_1_13' title="bbox 190 1215 1779 1295">
     <span class='ocr_line' id='line_1_13' title="bbox 190 1215 1779 1295; baseline 0.004 -26"><span class='ocrx_word' id='word_1_75' title='bbox 190 1215 260 1269; x_wconf 83' lang='grc' dir='ltr'>ἂν</span> <span class='ocrx_word' id='word_1_76' title='bbox 295 1217 371 1285; x_wconf 82' lang='grc' dir='ltr'>μὴ</span> <span class='ocrx_word' id='word_1_77' title='bbox 424 1219 883 1286; x_wconf 81' lang='grc' dir='ltr'>παρατραποῖμεν</span> <span class='ocrx_word' id='word_1_78' title='bbox 917 1217 1020 1284; x_wconf 81' lang='grc' dir='ltr'><strong>ἐξω</strong></span> <span class='ocrx_word' id='word_1_79' title='bbox 1058 1237 1162 1271; x_wconf 92' lang='grc' dir='ltr'><strong>που</strong></span> <span class='ocrx_word' id='word_1_80' title='bbox 1190 1221 1290 1291; x_wconf 81' lang='grc' dir='ltr'>τῆς</span> <span class='ocrx_word' id='word_1_81' title='bbox 1315 1221 1596 1291; x_wconf 80' lang='grc' dir='ltr'><strong>ἀληθείας,</strong></span> <span class='ocrx_word' id='word_1_82' title='bbox 1626 1226 1779 1295; x_wconf 72' lang='grc' dir='ltr'>αίρεο</span> 
     </span>
    </p>
   </div>
   <div class='ocr_carea' id='block_1_14' title="bbox 186 1297 1782 1386">
    <p class='ocr_par' dir='ltr' id='par_1_14' title="bbox 186 1297 1782 1386">
     <span class='ocr_line' id='line_1_14' title="bbox 186 1297 1782 1386; baseline 0.008 -28"><span class='ocrx_word' id='word_1_83' title='bbox 186 1308 481 1376; x_wconf 82' lang='grc' dir='ltr'>τισάμενοι</span> <span class='ocrx_word' id='word_1_84' title='bbox 528 1305 658 1378; x_wconf 89' lang='lat' dir='ltr'><strong>[ms.</strong></span> <span class='ocrx_word' id='word_1_85' title='bbox 706 1308 840 1379; x_wconf 80' lang='lat' dir='ltr'><strong>Reg.</strong></span> <span class='ocrx_word' id='word_1_86' title='bbox 875 1310 1258 1383; x_wconf 81' lang='grc' dir='ltr'>αἱρησάμενοι]</span> <span class='ocrx_word' id='word_1_87' title='bbox 1305 1297 1448 1384; x_wconf 85' lang='grc' dir='ltr'>τάχα</span> <span class='ocrx_word' id='word_1_88' title='bbox 1481 1315 1782 1386; x_wconf 84' lang='grc' dir='ltr'>προθύμως</span> 
     </span>
    </p>
   </div>
   <div class='ocr_carea' id='block_1_15' title="bbox 187 1394 1780 1478">
    <p class='ocr_par' dir='ltr' id='par_1_15' title="bbox 187 1394 1780 1478">
     <span class='ocr_line' id='line_1_15' title="bbox 187 1394 1780 1478; baseline 0.008 -29"><span class='ocrx_word' id='word_1_89' title='bbox 187 1398 288 1449; x_wconf 76' lang='grc' dir='ltr'><strong>καὶ</strong></span> <span class='ocrx_word' id='word_1_90' title='bbox 332 1398 395 1449; x_wconf 85' lang='grc' dir='ltr'><strong>τὸ</strong></span> <span class='ocrx_word' id='word_1_91' title='bbox 451 1400 652 1451; x_wconf 75' lang='grc' dir='ltr'>οἰκεῖον</span> <span class='ocrx_word' id='word_1_92' title='bbox 697 1394 836 1469; x_wconf 76' lang='grc' dir='ltr'>αἷμα</span> <span class='ocrx_word' id='word_1_93' title='bbox 885 1401 1142 1455; x_wconf 86' lang='grc' dir='ltr'>κενῶσαι.</span> <span class='ocrx_word' id='word_1_94' title='bbox 1194 1403 1342 1474; x_wconf 77' lang='grc' dir='ltr'>Αὕτη</span> <span class='ocrx_word' id='word_1_95' title='bbox 1379 1400 1471 1458; x_wconf 82' lang='grc' dir='ltr'><strong>οῦν</strong></span> <span class='ocrx_word' id='word_1_96' title='bbox 1524 1408 1780 1478; x_wconf 80' lang='grc' dir='ltr'>ποιμένος</span> 
     </span>
    </p>
   </div>
   <div class='ocr_carea' id='block_1_16' title="bbox 187 1486 1774 1570">
    <p class='ocr_par' dir='ltr' id='par_1_16' title="bbox 187 1486 1774 1570">
     <span class='ocr_line' id='line_1_16' title="bbox 187 1486 1774 1570; baseline 0.009 -31"><span class='ocrx_word' id='word_1_97' title='bbox 187 1486 451 1555; x_wconf 78' lang='grc' dir='ltr'>ἀληθινοῦ</span> <span class='ocrx_word' id='word_1_98' title='bbox 477 1489 796 1552; x_wconf 87' lang='grc' dir='ltr'>ἐπιστασία,</span> <span class='ocrx_word' id='word_1_99' title='bbox 825 1489 1182 1561; x_wconf 83' lang='grc' dir='ltr'>διελέγχουσα</span> <span class='ocrx_word' id='word_1_100' title='bbox 1211 1495 1338 1555; x_wconf 82' lang='grc' dir='ltr'>τοὺς</span> <span class='ocrx_word' id='word_1_101' title='bbox 1367 1496 1774 1570; x_wconf 78' lang='grc' dir='ltr'>ψευδωνύμους,</span> 
     </span>
    </p>
   </div>
   <div class='ocr_carea' id='block_1_17' title="bbox 186 1578 1770 1662">
    <p class='ocr_par' dir='ltr' id='par_1_17' title="bbox 186 1578 1770 1662">
     <span class='ocr_line' id='line_1_17' title="bbox 186 1578 1770 1662; baseline 0 -30"><span class='ocrx_word' id='word_1_102' title='bbox 186 1578 285 1632; x_wconf 80' lang='grc' dir='ltr'><strong>καὶ</strong></span> <span class='ocrx_word' id='word_1_103' title='bbox 315 1578 487 1641; x_wconf 86' lang='grc' dir='ltr'>ὅντως</span> <span class='ocrx_word' id='word_1_104' title='bbox 515 1578 846 1650; x_wconf 86' lang='grc' dir='ltr'>δεικνυμένη</span> <span class='ocrx_word' id='word_1_105' title='bbox 872 1581 959 1652; x_wconf 60' lang='lat' dir='ltr'><strong>mp</strong></span> <span class='ocrx_word' id='word_1_106' title='bbox 988 1582 1107 1653; x_wconf 84' lang='grc' dir='ltr'>Θεῴ</span> <span class='ocrx_word' id='word_1_107' title='bbox 1145 1585 1237 1638; x_wconf 78' lang='grc' dir='ltr'><strong>καὶ</strong></span> <span class='ocrx_word' id='word_1_108' title='bbox 1274 1586 1452 1658; x_wconf 74' lang='grc' dir='ltr'>Πατρὶ</span> <span class='ocrx_word' id='word_1_109' title='bbox 1482 1591 1576 1644; x_wconf 74' lang='grc' dir='ltr'><strong>καὶ</strong></span> <span class='ocrx_word' id='word_1_110' title='bbox 1614 1595 1770 1662; x_wconf 86' lang='grc' dir='ltr'>ἀρχι-</span> 
     </span>
    </p>
   </div>
   <div class='ocr_carea' id='block_1_18' title="bbox 183 1671 1777 1755">
    <p class='ocr_par' dir='ltr' id='par_1_18' title="bbox 183 1671 1777 1755">
     <span class='ocr_line' id='line_1_18' title="bbox 183 1671 1777 1755; baseline 0.011 -33"><span class='ocrx_word' id='word_1_111' title='bbox 183 1672 415 1739; x_wconf 88' lang='grc' dir='ltr'>ποίμενι</span> <span class='ocrx_word' id='word_1_112' title='bbox 447 1671 693 1738; x_wconf 82' lang='grc' dir='ltr'>ἐπάξιος.</span> <span class='ocrx_word' id='word_1_113' title='bbox 743 1673 825 1726; x_wconf 88' lang='grc' dir='ltr'><strong>Τά</strong></span> <span class='ocrx_word' id='word_1_114' title='bbox 852 1673 938 1727; x_wconf 86' lang='grc' dir='ltr'>διὰ</span> <span class='ocrx_word' id='word_1_115' title='bbox 971 1675 1031 1727; x_wconf 87' lang='grc' dir='ltr'><strong>σέ</strong></span> <span class='ocrx_word' id='word_1_116' title='bbox 1076 1678 1368 1748; x_wconf 83' lang='grc' dir='ltr'>τοιγαροῦν</span> <span class='ocrx_word' id='word_1_117' title='bbox 1401 1685 1777 1755; x_wconf 80' lang='grc' dir='ltr'>κεχαρισμένα</span> 
     </span>
    </p>
   </div>
   <div class='ocr_carea' id='block_1_19' title="bbox 185 1761 1775 1850">
    <p class='ocr_par' dir='ltr' id='par_1_19' title="bbox 185 1761 1775 1850">
     <span class='ocr_line' id='line_1_19' title="bbox 185 1761 1775 1850; baseline 0.009 -31"><span class='ocrx_word' id='word_1_118' title='bbox 185 1785 280 1835; x_wconf 83' lang='grc' dir='ltr'><strong>μοι</strong></span> <span class='ocrx_word' id='word_1_119' title='bbox 300 1761 608 1835; x_wconf 75' lang='grc' dir='ltr'>’ὀλιγοστῶς</span> <span class='ocrx_word' id='word_1_120' title='bbox 641 1768 759 1832; x_wconf 84' lang='grc' dir='ltr'>πώς</span> <span class='ocrx_word' id='word_1_121' title='bbox 789 1787 870 1822; x_wconf 86' lang='grc' dir='ltr'><strong>σοι</strong></span> <span class='ocrx_word' id='word_1_122' title='bbox 900 1771 1184 1841; x_wconf 86' lang='grc' dir='ltr'>προσάγω·</span> <span class='ocrx_word' id='word_1_123' title='bbox 1224 1776 1319 1828; x_wconf 75' lang='grc' dir='ltr'>καὶ</span> <span class='ocrx_word' id='word_1_124' title='bbox 1361 1776 1410 1831; x_wconf 78' lang='grc' dir='ltr'><strong>εἴ</strong></span> <span class='ocrx_word' id='word_1_125' title='bbox 1437 1779 1775 1850; x_wconf 87' lang='grc' dir='ltr'>δρεπόμενος</span> 
     </span>
    </p>
   </div>
   <div class='ocr_carea' id='block_1_20' title="bbox 1890 576 3458 660">
    <p class='ocr_par' dir='ltr' id='par_1_20' title="bbox 1890 576 3458 660">
     <span class='ocr_line' id='line_1_20' title="bbox 1890 576 3458 660; baseline 0.011 -33"><span class='ocrx_word' id='word_1_126' title='bbox 1890 576 2017 629; x_wconf 86' lang='lat' dir='ltr'><strong>tiam</strong></span> <span class='ocrx_word' id='word_1_127' title='bbox 2051 577 2237 632; x_wconf 88' lang='lat' dir='ltr'><strong>habes.</strong></span> <span class='ocrx_word' id='word_1_128' title='bbox 2272 577 2508 647; x_wconf 87' lang='lat' dir='ltr'><strong>Indeque</strong></span> <span class='ocrx_word' id='word_1_129' title='bbox 2551 581 2673 635; x_wconf 61' lang='lat' dir='ltr'><strong>lieto</strong></span> <span class='ocrx_word' id='word_1_130' title='bbox 2701 598 2766 639; x_wconf 90' lang='lat' dir='ltr'><strong>ac</strong></span> <span class='ocrx_word' id='word_1_131' title='bbox 2796 583 2982 638; x_wconf 94' lang='lat' dir='ltr'><strong>libenti</strong></span> <span class='ocrx_word' id='word_1_132' title='bbox 3015 586 3277 656; x_wconf 46' lang='lat' dir='ltr'><strong>animo-id</strong></span> <span class='ocrx_word' id='word_1_133' title='bbox 3323 591 3458 660; x_wconf 80' lang='lat' dir='ltr'><strong>agis.</strong></span> 
     </span>
    </p>
   </div>
   <div class='ocr_carea' id='block_1_21' title="bbox 1887 669 3464 750">
    <p class='ocr_par' dir='ltr' id='par_1_21' title="bbox 1887 669 3464 750">
     <span class='ocr_line' id='line_1_21' title="bbox 1887 669 3464 750; baseline 0.01 -30"><span class='ocrx_word' id='word_1_134' title='bbox 1887 676 1948 721; x_wconf 92' lang='lat' dir='ltr'><strong>ut</strong></span> <span class='ocrx_word' id='word_1_135' title='bbox 2001 669 2200 724; x_wconf 84' lang='lat' dir='ltr'><strong>doceas</strong></span> <span class='ocrx_word' id='word_1_136' title='bbox 2247 678 2301 724; x_wconf 93' lang='lat' dir='ltr'><strong>et</strong></span> <span class='ocrx_word' id='word_1_137' title='bbox 2341 671 2580 737; x_wconf 84' lang='lat' dir='ltr'><strong>erudias,</strong></span> <span class='ocrx_word' id='word_1_138' title='bbox 2632 689 2736 727; x_wconf 88' lang='lat' dir='ltr'><strong>non</strong></span> <span class='ocrx_word' id='word_1_139' title='bbox 2793 675 2954 729; x_wconf 90' lang='lat' dir='ltr'><strong>modo</strong></span> <span class='ocrx_word' id='word_1_140' title='bbox 3012 691 3136 742; x_wconf 87' lang='lat' dir='ltr'><strong>nos,</strong></span> <span class='ocrx_word' id='word_1_141' title='bbox 3176 695 3316 750; x_wconf 86' lang='lat' dir='ltr'><strong>quos</strong></span> <span class='ocrx_word' id='word_1_142' title='bbox 3366 696 3464 749; x_wconf 89' lang='lat' dir='ltr'><strong>pro</strong></span> 
     </span>
    </p>
   </div>
   <div class='ocr_carea' id='block_1_22' title="bbox 1885 761 3462 835">
    <p class='ocr_par' dir='ltr' id='par_1_22' title="bbox 1885 761 3462 835">
     <span class='ocr_line' id='line_1_22' title="bbox 1885 761 3462 835; baseline 0.008 -23"><span class='ocrx_word' id='word_1_143' title='bbox 1885 761 2176 829; x_wconf 81' lang='lat' dir='ltr'><strong>nepotibus</strong></span> <span class='ocrx_word' id='word_1_144' title='bbox 2206 763 2464 818; x_wconf 74' lang='lat' dir='ltr'><strong>habentes</strong></span> <span class='ocrx_word' id='word_1_145' title='bbox 2494 765 2714 834; x_wconf 90' lang='lat' dir='ltr'><strong>quidam</strong></span> <span class='ocrx_word' id='word_1_146' title='bbox 2743 766 3104 835; x_wconf 85' lang='lat' dir='ltr'><strong>aberrarunt;</strong></span> <span class='ocrx_word' id='word_1_147' title='bbox 3145 772 3238 826; x_wconf 90' lang='lat' dir='ltr'><strong>sed</strong></span> <span class='ocrx_word' id='word_1_148' title='bbox 3270 787 3462 827; x_wconf 86' lang='lat' dir='ltr'><strong>omnes</strong></span> 
     </span>
    </p>
   </div>
   <div class='ocr_carea' id='block_1_23' title="bbox 1885 856 3460 935">
    <p class='ocr_par' dir='ltr' id='par_1_23' title="bbox 1885 856 3460 935">
     <span class='ocr_line' id='line_1_23' title="bbox 1885 856 3460 935; baseline 0.008 -28"><span class='ocrx_word' id='word_1_149' title='bbox 1885 856 2041 917; x_wconf 88' lang='lat' dir='ltr'><strong>adeo,</strong></span> <span class='ocrx_word' id='word_1_150' title='bbox 2072 864 2341 925; x_wconf 88' lang='lat' dir='ltr'><strong>quotquot</strong></span> <span class='ocrx_word' id='word_1_151' title='bbox 2369 872 2435 911; x_wconf 83' lang='lat' dir='ltr'><strong>ex</strong></span> <span class='ocrx_word' id='word_1_152' title='bbox 2464 859 2658 927; x_wconf 85' lang='lat' dir='ltr'><strong>spiritu</strong></span> <span class='ocrx_word' id='word_1_153' title='bbox 2702 859 2842 914; x_wconf 81' lang='lat' dir='ltr'><strong>ﬁlios</strong></span> <span class='ocrx_word' id='word_1_154' title='bbox 2868 863 3185 930; x_wconf 86' lang='lat' dir='ltr'><strong>procreasti.</strong></span> <span class='ocrx_word' id='word_1_155' title='bbox 3212 863 3279 919; x_wconf 91' lang='lat' dir='ltr'><strong>Et</strong></span> <span class='ocrx_word' id='word_1_156' title='bbox 3313 867 3460 935; x_wconf 90' lang='lat' dir='ltr'><strong>quod</strong></span> 
     </span>
    </p>
   </div>
   <div class='ocr_carea' id='block_1_24' title="bbox 1885 943 3456 1026">
    <p class='ocr_par' dir='ltr' id='par_1_24' title="bbox 1885 943 3456 1026">
     <span class='ocr_line' id='line_1_24' title="bbox 1885 943 3456 1026; baseline 0.009 -28"><span class='ocrx_word' id='word_1_157' title='bbox 1885 943 1994 1008; x_wconf 90' lang='lat' dir='ltr'><strong>aio,</strong></span> <span class='ocrx_word' id='word_1_158' title='bbox 2018 960 2207 998; x_wconf 89' lang='lat' dir='ltr'><strong>verum</strong></span> <span class='ocrx_word' id='word_1_159' title='bbox 2253 961 2374 1002; x_wconf 88' lang='lat' dir='ltr'><strong>esse</strong></span> <span class='ocrx_word' id='word_1_160' title='bbox 2418 963 2504 1003; x_wconf 91' lang='lat' dir='ltr'><strong>res</strong></span> <span class='ocrx_word' id='word_1_161' title='bbox 2533 949 2838 1006; x_wconf 90' lang='lat' dir='ltr'><strong>docuerunt</strong></span> <span class='ocrx_word' id='word_1_162' title='bbox 2871 952 2937 1007; x_wconf 92' lang='lat' dir='ltr'><strong>de</strong></span> <span class='ocrx_word' id='word_1_163' title='bbox 2971 965 3021 1008; x_wconf 90' lang='lat' dir='ltr'><strong>te</strong></span> <span class='ocrx_word' id='word_1_164' title='bbox 3047 970 3178 1010; x_wconf 89' lang='lat' dir='ltr'><strong>vero</strong></span> <span class='ocrx_word' id='word_1_165' title='bbox 3217 968 3456 1026; x_wconf 85' lang='lat' dir='ltr'><strong>pastore,</strong></span> 
     </span>
    </p>
   </div>
   <div class='ocr_carea' id='block_1_25' title="bbox 1884 1037 3456 1119">
    <p class='ocr_par' dir='ltr' id='par_1_25' title="bbox 1884 1037 3456 1119">
     <span class='ocr_line' id='line_1_25' title="bbox 1884 1037 3456 1119; baseline 0.011 -32"><span class='ocrx_word' id='word_1_166' title='bbox 1884 1038 1974 1104; x_wconf 90' lang='lat' dir='ltr'><strong>qui</strong></span> <span class='ocrx_word' id='word_1_167' title='bbox 2008 1053 2105 1106; x_wconf 90' lang='lat' dir='ltr'><strong>pro</strong></span> <span class='ocrx_word' id='word_1_168' title='bbox 2129 1037 2242 1093; x_wconf 87' lang='lat' dir='ltr'><strong>tuis</strong></span> <span class='ocrx_word' id='word_1_169' title='bbox 2271 1040 2467 1095; x_wconf 88' lang='lat' dir='ltr'><strong>ovibus</strong></span> <span class='ocrx_word' id='word_1_170' title='bbox 2507 1043 2745 1096; x_wconf 90' lang='lat' dir='ltr'><strong>animam</strong></span> <span class='ocrx_word' id='word_1_171' title='bbox 2775 1044 3029 1112; x_wconf 80' lang='lat' dir='ltr'><strong>posuisti,</strong></span> <span class='ocrx_word' id='word_1_172' title='bbox 3063 1063 3129 1102; x_wconf 93' lang='lat' dir='ltr'><strong>ne</strong></span> <span class='ocrx_word' id='word_1_173' title='bbox 3159 1064 3393 1119; x_wconf 89' lang='lat' dir='ltr'><strong>usquam</strong></span> <span class='ocrx_word' id='word_1_174' title='bbox 3424 1067 3456 1105; x_wconf 88' lang='lat' dir='ltr'><strong>a</strong></span> 
     </span>
    </p>
   </div>
   <div class='ocr_carea' id='block_1_26' title="bbox 1883 1129 3454 1213">
    <p class='ocr_par' dir='ltr' id='par_1_26' title="bbox 1883 1129 3454 1213">
     <span class='ocr_line' id='line_1_26' title="bbox 1883 1129 3454 1213; baseline 0.01 -31"><span class='ocrx_word' id='word_1_175' title='bbox 1883 1129 2113 1185; x_wconf 84' lang='lat' dir='ltr'><strong>veritate</strong></span> <span class='ocrx_word' id='word_1_176' title='bbox 2157 1131 2544 1199; x_wconf 85' lang='lat' dir='ltr'><strong>deﬂectamus;</strong></span> <span class='ocrx_word' id='word_1_177' title='bbox 2574 1137 2749 1204; x_wconf 88' lang='lat' dir='ltr'><strong>parati</strong></span> <span class='ocrx_word' id='word_1_178' title='bbox 2792 1138 2873 1192; x_wconf 85' lang='lat' dir='ltr'><strong>vel</strong></span> <span class='ocrx_word' id='word_1_179' title='bbox 2906 1141 3222 1208; x_wconf 86' lang='lat' dir='ltr'><strong>sanguinem</strong></span> <span class='ocrx_word' id='word_1_180' title='bbox 3274 1142 3454 1213; x_wconf 90' lang='lat' dir='ltr'><strong>ipsum</strong></span> 
     </span>
    </p>
   </div>
   <div class='ocr_carea' id='block_1_27' title="bbox 1882 1226 3456 1303">
    <p class='ocr_par' dir='ltr' id='par_1_27' title="bbox 1882 1226 3456 1303">
     <span class='ocr_line' id='line_1_27' title="bbox 1882 1226 3456 1303; baseline 0.011 -30"><span class='ocrx_word' id='word_1_181' title='bbox 1882 1235 1990 1274; x_wconf 90' lang='lat' dir='ltr'><strong>non</strong></span> <span class='ocrx_word' id='word_1_182' title='bbox 2036 1232 2258 1291; x_wconf 77' lang='lat' dir='ltr'><strong>gravate</strong></span> <span class='ocrx_word' id='word_1_183' title='bbox 2301 1226 2648 1294; x_wconf 81' lang='lat' dir='ltr'><strong>profundere.</strong></span> <span class='ocrx_word' id='word_1_184' title='bbox 2684 1227 2806 1282; x_wconf 70' lang='lat' dir='ltr'><strong>Haec</strong></span> <span class='ocrx_word' id='word_1_185' title='bbox 2843 1229 3026 1299; x_wconf 90' lang='lat' dir='ltr'><strong>itaque</strong></span> <span class='ocrx_word' id='word_1_186' title='bbox 3063 1233 3174 1286; x_wconf 90' lang='lat' dir='ltr'><strong>veri</strong></span> <span class='ocrx_word' id='word_1_187' title='bbox 3222 1237 3456 1303; x_wconf 53' lang='lat' dir='ltr'><strong>pastoris</strong></span> 
     </span>
    </p>
   </div>
   <div class='ocr_carea' id='block_1_28' title="bbox 1882 1316 3451 1393">
    <p class='ocr_par' dir='ltr' id='par_1_28' title="bbox 1882 1316 3451 1393">
     <span class='ocr_line' id='line_1_28' title="bbox 1882 1316 3451 1393; baseline 0.01 -25"><span class='ocrx_word' id='word_1_188' title='bbox 1882 1324 1965 1369; x_wconf 90' lang='lat' dir='ltr'><strong>est</strong></span> <span class='ocrx_word' id='word_1_189' title='bbox 2001 1316 2303 1385; x_wconf 81' lang='lat' dir='ltr'><strong>vigilantia,</strong></span> <span class='ocrx_word' id='word_1_190' title='bbox 2341 1317 2509 1374; x_wconf 82' lang='lat' dir='ltr'><strong>falsos</strong></span> <span class='ocrx_word' id='word_1_191' title='bbox 2541 1321 2892 1393; x_wconf 83' lang='lat' dir='ltr'><strong>redarguens,</strong></span> <span class='ocrx_word' id='word_1_192' title='bbox 2941 1334 2995 1379; x_wconf 91' lang='lat' dir='ltr'><strong>et</strong></span> <span class='ocrx_word' id='word_1_193' title='bbox 3019 1324 3129 1378; x_wconf 89' lang='lat' dir='ltr'><strong>Deo</strong></span> <span class='ocrx_word' id='word_1_194' title='bbox 3174 1343 3237 1382; x_wconf 90' lang='lat' dir='ltr'><strong>ac</strong></span> <span class='ocrx_word' id='word_1_195' title='bbox 3286 1328 3451 1393; x_wconf 84' lang='lat' dir='ltr'><strong>Patri,</strong></span> 
     </span>
    </p>
   </div>
   <div class='ocr_carea' id='block_1_29' title="bbox 1883 1411 3449 1484">
    <p class='ocr_par' dir='ltr' id='par_1_29' title="bbox 1883 1411 3449 1484">
     <span class='ocr_line' id='line_1_29' title="bbox 1883 1411 3449 1484; baseline 0.008 -22"><span class='ocrx_word' id='word_1_196' title='bbox 1883 1417 2278 1479; x_wconf 84' lang='lat' dir='ltr'><strong>pastorumque</strong></span> <span class='ocrx_word' id='word_1_197' title='bbox 2312 1411 2549 1482; x_wconf 89' lang='lat' dir='ltr'><strong>Principi</strong></span> <span class='ocrx_word' id='word_1_198' title='bbox 2595 1429 2720 1468; x_wconf 83' lang='lat' dir='ltr'><strong>vere</strong></span> <span class='ocrx_word' id='word_1_199' title='bbox 2769 1415 2988 1484; x_wconf 84' lang='lat' dir='ltr'><strong>dignam</strong></span> <span class='ocrx_word' id='word_1_200' title='bbox 3041 1432 3100 1472; x_wconf 92' lang='lat' dir='ltr'><strong>se</strong></span> <span class='ocrx_word' id='word_1_201' title='bbox 3164 1420 3449 1476; x_wconf 82' lang='lat' dir='ltr'><strong>exhibens.</strong></span> 
     </span>
    </p>
   </div>
   <div class='ocr_carea' id='block_1_30' title="bbox 1881 1498 3451 1577">
    <p class='ocr_par' dir='ltr' id='par_1_30' title="bbox 1881 1498 3451 1577">
     <span class='ocr_line' id='line_1_30' title="bbox 1881 1498 3451 1577; baseline 0.011 -28"><span class='ocrx_word' id='word_1_202' title='bbox 1881 1498 2014 1564; x_wconf 65' lang='lat' dir='ltr'><strong>Quae</strong></span> <span class='ocrx_word' id='word_1_203' title='bbox 2047 1500 2208 1571; x_wconf 78' lang='lat' dir='ltr'><strong>igitur</strong></span> <span class='ocrx_word' id='word_1_204' title='bbox 2235 1511 2455 1572; x_wconf 87' lang='lat' dir='ltr'><strong>propter</strong></span> <span class='ocrx_word' id='word_1_205' title='bbox 2480 1513 2529 1558; x_wconf 84' lang='lat' dir='ltr'><strong>te</strong></span> <span class='ocrx_word' id='word_1_206' title='bbox 2559 1505 2690 1559; x_wconf 91' lang='lat' dir='ltr'><strong>mihi</strong></span> <span class='ocrx_word' id='word_1_207' title='bbox 2726 1507 2894 1576; x_wconf 78' lang='lat' dir='ltr'><strong>gratis</strong></span> <span class='ocrx_word' id='word_1_208' title='bbox 2918 1522 3175 1565; x_wconf 89' lang='lat' dir='ltr'><strong>concessa</strong></span> <span class='ocrx_word' id='word_1_209' title='bbox 3210 1511 3451 1577; x_wconf 79' lang='lat' dir='ltr'><strong>fuerunt,</strong></span> 
     </span>
    </p>
   </div>
   <div class='ocr_carea' id='block_1_31' title="bbox 1881 1591 3452 1669">
    <p class='ocr_par' dir='ltr' id='par_1_31' title="bbox 1881 1591 3452 1669">
     <span class='ocr_line' id='line_1_31' title="bbox 1881 1591 3452 1669; baseline 0.009 -25"><span class='ocrx_word' id='word_1_210' title='bbox 1881 1591 1998 1649; x_wconf 71' lang='lat' dir='ltr'><strong>haec</strong></span> <span class='ocrx_word' id='word_1_211' title='bbox 2036 1595 2128 1648; x_wconf 90' lang='lat' dir='ltr'><strong>tibi</strong></span> <span class='ocrx_word' id='word_1_212' title='bbox 2158 1596 2355 1666; x_wconf 83' lang='lat' dir='ltr'><strong>exigua</strong></span> <span class='ocrx_word' id='word_1_213' title='bbox 2381 1600 2616 1668; x_wconf 89' lang='lat' dir='ltr'><strong>quadam</strong></span> <span class='ocrx_word' id='word_1_214' title='bbox 2659 1615 2726 1654; x_wconf 79' lang='lat' dir='ltr'><strong>ex</strong></span> <span class='ocrx_word' id='word_1_215' title='bbox 2766 1610 2916 1669; x_wconf 91' lang='lat' dir='ltr'><strong>parte</strong></span> <span class='ocrx_word' id='word_1_216' title='bbox 2945 1602 3114 1657; x_wconf 73' lang='lat' dir='ltr'><strong>oﬂ‘cro</strong></span> <span class='ocrx_word' id='word_1_217' title='bbox 3149 1622 3162 1658; x_wconf 92' lang='lat'><strong>:</strong></span> <span class='ocrx_word' id='word_1_218' title='bbox 3196 1614 3250 1659; x_wconf 91' lang='lat' dir='ltr'><strong>et</strong></span> <span class='ocrx_word' id='word_1_219' title='bbox 3281 1607 3452 1661; x_wconf 89' lang='lat' dir='ltr'><strong>semi-</strong></span> 
     </span>
    </p>
   </div>
   <div class='ocr_carea' id='block_1_32' title="bbox 1881 1695 3450 1768">
    <p class='ocr_par' dir='ltr' id='par_1_32' title="bbox 1881 1695 3450 1768">
     <span class='ocr_line' id='line_1_32' title="bbox 1881 1695 3450 1768; baseline 0.009 -29"><span class='ocrx_word' id='word_1_220' title='bbox 1881 1701 2010 1740; x_wconf 92' lang='lat' dir='ltr'><strong>num</strong></span> <span class='ocrx_word' id='word_1_221' title='bbox 2048 1704 2169 1757; x_wconf 65' lang='lat' dir='ltr'><strong>quae</strong></span> <span class='ocrx_word' id='word_1_222' title='bbox 2201 1705 2394 1760; x_wconf 77' lang='lat' dir='ltr'><strong>magna</strong></span> <span class='ocrx_word' id='word_1_223' title='bbox 2447 1708 2578 1747; x_wconf 88' lang='lat' dir='ltr'><strong>cura</strong></span> <span class='ocrx_word' id='word_1_224' title='bbox 2608 1695 2829 1762; x_wconf 84' lang='lat' dir='ltr'><strong>copiose</strong></span> <span class='ocrx_word' id='word_1_225' title='bbox 2871 1696 3142 1764; x_wconf 86' lang='lat' dir='ltr'><strong>sparsisti,</strong></span> <span class='ocrx_word' id='word_1_226' title='bbox 3191 1707 3450 1768; x_wconf 83' lang='lat' dir='ltr'><strong>tanquam</strong></span> 
     </span>
    </p>
   </div>
   <div class='ocr_carea' id='block_1_33' title="bbox 1880 1777 3449 1855">
    <p class='ocr_par' dir='ltr' id='par_1_33' title="bbox 1880 1777 3449 1855">
     <span class='ocr_line' id='line_1_33' title="bbox 1880 1777 3449 1855; baseline 0.008 -23"><span class='ocrx_word' id='word_1_227' title='bbox 1880 1777 2058 1834; x_wconf 90' lang='lat' dir='ltr'><strong>bonus</strong></span> <span class='ocrx_word' id='word_1_228' title='bbox 2093 1782 2354 1851; x_wconf 81' lang='lat' dir='ltr'><strong>agricola,</strong></span> <span class='ocrx_word' id='word_1_229' title='bbox 2405 1784 2573 1839; x_wconf 76' lang='lat' dir='ltr'><strong>exires</strong></span> <span class='ocrx_word' id='word_1_230' title='bbox 2618 1786 2802 1840; x_wconf 86' lang='lat' dir='ltr'><strong>nescio</strong></span> <span class='ocrx_word' id='word_1_231' title='bbox 2836 1801 2975 1855; x_wconf 90' lang='lat' dir='ltr'><strong>quos</strong></span> <span class='ocrx_word' id='word_1_232' title='bbox 3003 1786 3217 1843; x_wconf 80' lang='lat' dir='ltr'><strong>fructus</strong></span> <span class='ocrx_word' id='word_1_233' title='bbox 3265 1791 3449 1845; x_wconf 86' lang='lat' dir='ltr'><strong>metis.</strong></span> 
     </span>
    </p>
   </div>
   <div class='ocr_carea' id='block_1_34' title="bbox 179 1839 1757 1948">
    <p class='ocr_par' dir='ltr' id='par_1_34' title="bbox 179 1859 1757 1938">
     <span class='ocr_line' id='line_1_34' title="bbox 179 1859 1757 1938; baseline 0.008 -28"><span class='ocrx_word' id='word_1_234' title='bbox 179 1859 315 1921; x_wconf 81' lang='grc' dir='ltr'>τοὺς</span> <span class='ocrx_word' id='word_1_235' title='bbox 351 1859 461 1912; x_wconf 91' lang='grc' dir='ltr'><strong>τῶν</strong></span> <span class='ocrx_word' id='word_1_236' title='bbox 511 1859 966 1930; x_wconf 77' lang='grc' dir='ltr'>καταϐληθέντων</span> <span class='ocrx_word' id='word_1_237' title='bbox 1014 1881 1098 1917; x_wconf 90' lang='grc' dir='ltr'><strong>σοι</strong></span> <span class='ocrx_word' id='word_1_238' title='bbox 1145 1865 1627 1938; x_wconf 81' lang='grc' dir='ltr'>πολυφροντίστως</span> <span class='ocrx_word' id='word_1_239' title='bbox 1676 1874 1757 1925; x_wconf 47' lang='grc' dir='ltr'><strong>καί</strong></span> 
     </span>
    </p>
   </div>
   <div class='ocr_carea' id='block_1_35' title="bbox 1861 1839 3453 1948">
    <p class='ocr_par' dir='ltr' id='par_1_35' title="bbox 1877 1870 3453 1948">
     <span class='ocr_line' id='line_1_35' title="bbox 1877 1870 3453 1948; baseline 0.009 -26"><span class='ocrx_word' id='word_1_240' title='bbox 1877 1870 2014 1937; x_wconf 90' lang='lat' dir='ltr'><strong>Quid</strong></span> <span class='ocrx_word' id='word_1_241' title='bbox 2048 1888 2176 1942; x_wconf 83' lang='lat' dir='ltr'><strong>ergo</strong></span> <span class='ocrx_word' id='word_1_242' title='bbox 2214 1888 2513 1944; x_wconf 80' lang='lat' dir='ltr'><strong>congruum</strong></span> <span class='ocrx_word' id='word_1_243' title='bbox 2555 1875 2621 1929; x_wconf 90' lang='lat' dir='ltr'><strong>de</strong></span> <span class='ocrx_word' id='word_1_244' title='bbox 2653 1887 2870 1943; x_wconf 66' lang='lat' dir='ltr'><strong>caetero,</strong></span> <span class='ocrx_word' id='word_1_245' title='bbox 2906 1887 3218 1948; x_wconf 65' lang='lat' dir='ltr'><strong>sanctasque</strong></span> <span class='ocrx_word' id='word_1_246' title='bbox 3253 1881 3453 1936; x_wconf 70' lang='lat' dir='ltr'><strong>anima:</strong></span> 
     </span>
    </p>
   </div>
   <div class='ocr_carea' id='block_1_36' title="bbox 178 1950 1773 2027">
    <p class='ocr_par' dir='ltr' id='par_1_36' title="bbox 178 1950 1773 2027">
     <span class='ocr_line' id='line_1_36' title="bbox 178 1950 1773 2027; baseline 0.009 -26"><span class='ocrx_word' id='word_1_247' title='bbox 178 1950 438 2017; x_wconf 66' lang='grc' dir='ltr'>ἀφθόνως</span> <span class='ocrx_word' id='word_1_248' title='bbox 477 1950 815 2021; x_wconf 85' lang='grc' dir='ltr'>σπερμάτων</span> <span class='ocrx_word' id='word_1_249' title='bbox 846 1952 922 2016; x_wconf 84' lang='grc' dir='ltr'>ὡς</span> <span class='ocrx_word' id='word_1_250' title='bbox 965 1954 1170 2023; x_wconf 87' lang='grc' dir='ltr'>ἀγαθὸς</span> <span class='ocrx_word' id='word_1_251' title='bbox 1203 1958 1482 2027; x_wconf 81' lang='grc' dir='ltr'>γεωργὸς,</span> <span class='ocrx_word' id='word_1_252' title='bbox 1514 1962 1638 2025; x_wconf 81' lang='grc' dir='ltr'>τοὺς</span> <span class='ocrx_word' id='word_1_253' title='bbox 1669 1964 1773 2017; x_wconf 81' lang='grc' dir='ltr'><strong>οὐκ</strong></span> 
     </span>
    </p>
   </div>
   <div class='ocr_carea' id='block_1_37' title="bbox 177 2037 1773 2118">
    <p class='ocr_par' dir='ltr' id='par_1_37' title="bbox 177 2037 1773 2118">
     <span class='ocr_line' id='line_1_37' title="bbox 177 2037 1773 2118; baseline 0.009 -27"><span class='ocrx_word' id='word_1_254' title='bbox 177 2037 279 2092; x_wconf 78' lang='grc' dir='ltr'>οἷδ’</span> <span class='ocrx_word' id='word_1_255' title='bbox 317 2042 468 2104; x_wconf 80' lang='grc' dir='ltr'>ὅπως</span> <span class='ocrx_word' id='word_1_256' title='bbox 498 2041 714 2112; x_wconf 83' lang='grc' dir='ltr'>εἴποιμι</span> <span class='ocrx_word' id='word_1_257' title='bbox 749 2043 1102 2115; x_wconf 84' lang='grc' dir='ltr'>ίσχνοφόρους</span> <span class='ocrx_word' id='word_1_258' title='bbox 1133 2047 1402 2118; x_wconf 86' lang='grc' dir='ltr'>καρπούς.</span> <span class='ocrx_word' id='word_1_259' title='bbox 1439 2049 1504 2101; x_wconf 88' lang='grc' dir='ltr'>Τί</span> <span class='ocrx_word' id='word_1_260' title='bbox 1539 2047 1630 2104; x_wconf 85' lang='grc' dir='ltr'><strong>οῦν</strong></span> <span class='ocrx_word' id='word_1_261' title='bbox 1661 2052 1773 2105; x_wconf 88' lang='grc' dir='ltr'>λοι-</span> 
     </span>
    </p>
   </div>
   <div class='ocr_carea' id='block_1_38' title="bbox 178 2135 1771 2218">
    <p class='ocr_par' dir='ltr' id='par_1_38' title="bbox 178 2135 1771 2218">
     <span class='ocr_line' id='line_1_38' title="bbox 178 2135 1771 2218; baseline 0.007 -31"><span class='ocrx_word' id='word_1_262' title='bbox 178 2136 283 2188; x_wconf 76' lang='grc' dir='ltr'><strong>πὸν</strong></span> <span class='ocrx_word' id='word_1_263' title='bbox 317 2135 460 2188; x_wconf 85' lang='grc' dir='ltr'>είπω</span> <span class='ocrx_word' id='word_1_264' title='bbox 501 2135 812 2206; x_wconf 85' lang='grc' dir='ltr'>πρόσφορον</span> <span class='ocrx_word' id='word_1_265' title='bbox 867 2136 963 2189; x_wconf 77' lang='grc' dir='ltr'>καὶ</span> <span class='ocrx_word' id='word_1_266' title='bbox 1007 2138 1370 2194; x_wconf 82' lang='grc' dir='ltr'>εύαπόδεκτον</span> <span class='ocrx_word' id='word_1_267' title='bbox 1417 2145 1481 2213; x_wconf 83' lang='grc' dir='ltr'>τῇ</span> <span class='ocrx_word' id='word_1_268' title='bbox 1534 2148 1598 2216; x_wconf 83' lang='grc' dir='ltr'>σῇ</span> <span class='ocrx_word' id='word_1_269' title='bbox 1639 2146 1771 2218; x_wconf 73' lang='grc' dir='ltr'>ἁγίᾳ</span> 
     </span>
    </p>
   </div>
   <div class='ocr_carea' id='block_1_39' title="bbox 173 2226 1768 2305">
    <p class='ocr_par' dir='ltr' id='par_1_39' title="bbox 173 2226 1768 2305">
     <span class='ocr_line' id='line_1_39' title="bbox 173 2226 1768 2305; baseline 0.005 -27"><span class='ocrx_word' id='word_1_270' title='bbox 173 2226 351 2298; x_wconf 76' lang='grc' dir='ltr'>ψυχῇ,</span> <span class='ocrx_word' id='word_1_271' title='bbox 387 2227 572 2298; x_wconf 88' lang='grc' dir='ltr'>Πάτερ</span> <span class='ocrx_word' id='word_1_272' title='bbox 612 2244 711 2296; x_wconf 91' lang='grc' dir='ltr'><strong>μου</strong></span> <span class='ocrx_word' id='word_1_273' title='bbox 743 2226 1091 2296; x_wconf 87' lang='grc' dir='ltr'>γλυκύτατε;</span> <span class='ocrx_word' id='word_1_274' title='bbox 1123 2230 1206 2294; x_wconf 90' lang='grc' dir='ltr'><strong>τίς</strong></span> <span class='ocrx_word' id='word_1_275' title='bbox 1241 2249 1308 2302; x_wconf 91' lang='grc' dir='ltr'><strong>με</strong></span> <span class='ocrx_word' id='word_1_276' title='bbox 1349 2233 1630 2305; x_wconf 84' lang='grc' dir='ltr'>διέστησεν</span> <span class='ocrx_word' id='word_1_277' title='bbox 1661 2237 1768 2290; x_wconf 81' lang='grc' dir='ltr'>ἀπὸ</span> 
     </span>
    </p>
   </div>
   <div class='ocr_carea' id='block_1_40' title="bbox 172 2318 1770 2394">
    <p class='ocr_par' dir='ltr' id='par_1_40' title="bbox 172 2318 1770 2394">
     <span class='ocr_line' id='line_1_40' title="bbox 172 2318 1770 2394; baseline 0.006 -22"><span class='ocrx_word' id='word_1_278' title='bbox 172 2318 272 2372; x_wconf 84' lang='grc' dir='ltr'><strong>τοῦ</strong></span> <span class='ocrx_word' id='word_1_279' title='bbox 316 2318 412 2372; x_wconf 91' lang='grc' dir='ltr'><strong>σοῦ</strong></span> <span class='ocrx_word' id='word_1_280' title='bbox 459 2318 753 2382; x_wconf 83' lang='grc' dir='ltr'>ἀειποθοῦς</span> <span class='ocrx_word' id='word_1_281' title='bbox 788 2319 1120 2389; x_wconf 86' lang='grc' dir='ltr'>προσώπου;</span> <span class='ocrx_word' id='word_1_282' title='bbox 1168 2323 1268 2392; x_wconf 83' lang='grc' dir='ltr'>τῆς</span> <span class='ocrx_word' id='word_1_283' title='bbox 1307 2325 1600 2394; x_wconf 79' lang='grc' dir='ltr'>ἡδυλαλοῦς</span> <span class='ocrx_word' id='word_1_284' title='bbox 1647 2347 1770 2381; x_wconf 88' lang='grc' dir='ltr'>συν-</span> 
     </span>
    </p>
   </div>
   <div class='ocr_carea' id='block_1_41' title="bbox 171 2411 1762 2490">
    <p class='ocr_par' dir='ltr' id='par_1_41' title="bbox 171 2411 1762 2490">
     <span class='ocr_line' id='line_1_41' title="bbox 171 2411 1762 2490; baseline 0.007 -27"><span class='ocrx_word' id='word_1_285' title='bbox 171 2411 401 2481; x_wconf 84' lang='grc' dir='ltr'>τυχίας;</span> <span class='ocrx_word' id='word_1_286' title='bbox 434 2412 535 2481; x_wconf 81' lang='grc' dir='ltr'>τῆς</span> <span class='ocrx_word' id='word_1_287' title='bbox 565 2411 966 2482; x_wconf 87' lang='grc' dir='ltr'>σωτηριοποιοῦ</span> <span class='ocrx_word' id='word_1_288' title='bbox 996 2412 1252 2483; x_wconf 84' lang='grc' dir='ltr'>δδηγίας;</span> <span class='ocrx_word' id='word_1_289' title='bbox 1291 2416 1362 2469; x_wconf 91' lang='grc' dir='ltr'>Σύ</span> <span class='ocrx_word' id='word_1_290' title='bbox 1395 2436 1495 2478; x_wconf 88' lang='grc' dir='ltr'><strong>μου</strong></span> <span class='ocrx_word' id='word_1_291' title='bbox 1530 2421 1588 2472; x_wconf 86' lang='grc' dir='ltr'><strong>τὸ</strong></span> <span class='ocrx_word' id='word_1_292' title='bbox 1625 2421 1762 2490; x_wconf 82' lang='grc' dir='ltr'>φῶς,</span> 
     </span>
    </p>
   </div>
   <div class='ocr_carea' id='block_1_42' title="bbox 173 2503 1762 2585">
    <p class='ocr_par' dir='ltr' id='par_1_42' title="bbox 173 2503 1762 2585">
     <span class='ocr_line' id='line_1_42' title="bbox 173 2503 1762 2585; baseline 0.009 -31"><span class='ocrx_word' id='word_1_293' title='bbox 173 2507 203 2557; x_wconf 87' lang='grc' dir='ltr'>ὁ</span> <span class='ocrx_word' id='word_1_294' title='bbox 236 2505 505 2573; x_wconf 65' lang='grc' dir='ltr'>ἁειφανὴς</span> <span class='ocrx_word' id='word_1_295' title='bbox 531 2503 725 2574; x_wconf 88' lang='grc' dir='ltr'>λύχνος</span> <span class='ocrx_word' id='word_1_296' title='bbox 748 2505 857 2558; x_wconf 91' lang='grc' dir='ltr'><strong>τῶν</strong></span> <span class='ocrx_word' id='word_1_297' title='bbox 887 2508 945 2558; x_wconf 90' lang='grc' dir='ltr'><strong>ἐν</strong></span> <span class='ocrx_word' id='word_1_298' title='bbox 969 2504 1119 2578; x_wconf 81' lang='grc' dir='ltr'>ψυχῇ</span> <span class='ocrx_word' id='word_1_299' title='bbox 1150 2511 1442 2565; x_wconf 83' lang='grc' dir='ltr'>σκοτεινῶν</span> <span class='ocrx_word' id='word_1_300' title='bbox 1466 2511 1762 2585; x_wconf 83' lang='grc' dir='ltr'>λογισμῶν·</span> 
     </span>
    </p>
   </div>
   <div class='ocr_carea' id='block_1_43' title="bbox 174 2595 1762 2678">
    <p class='ocr_par' dir='ltr' id='par_1_43' title="bbox 174 2595 1762 2678">
     <span class='ocr_line' id='line_1_43' title="bbox 174 2595 1762 2678; baseline 0.009 -31"><span class='ocrx_word' id='word_1_301' title='bbox 174 2595 381 2666; x_wconf 79' lang='grc' dir='ltr'>ράὅδος</span> <span class='ocrx_word' id='word_1_302' title='bbox 415 2596 870 2667; x_wconf 78' lang='grc' dir='ltr'>ὑποστηρίζουσά</span> <span class='ocrx_word' id='word_1_303' title='bbox 901 2616 1004 2667; x_wconf 93' lang='grc' dir='ltr'><strong>μου</strong></span> <span class='ocrx_word' id='word_1_304' title='bbox 1045 2599 1107 2652; x_wconf 86' lang='grc' dir='ltr'>τὸ</span> <span class='ocrx_word' id='word_1_305' title='bbox 1153 2601 1343 2658; x_wconf 84' lang='grc' dir='ltr'>ἀτονον</span> <span class='ocrx_word' id='word_1_306' title='bbox 1385 2606 1483 2676; x_wconf 84' lang='grc' dir='ltr'>τῆς</span> <span class='ocrx_word' id='word_1_307' title='bbox 1511 2609 1762 2678; x_wconf 81' lang='grc' dir='ltr'>καρδίας,</span> 
     </span>
    </p>
   </div>
   <div class='ocr_carea' id='block_1_44' title="bbox 171 2687 1760 2768">
    <p class='ocr_par' dir='ltr' id='par_1_44' title="bbox 171 2687 1760 2768">
     <span class='ocr_line' id='line_1_44' title="bbox 171 2687 1760 2768; baseline 0.009 -29"><span class='ocrx_word' id='word_1_308' title='bbox 171 2687 425 2757; x_wconf 81' lang='grc' dir='ltr'>ἀθυμίας</span> <span class='ocrx_word' id='word_1_309' title='bbox 463 2688 758 2760; x_wconf 78' lang='grc' dir='ltr'>μεταϐολὴ,</span> <span class='ocrx_word' id='word_1_310' title='bbox 794 2690 1106 2761; x_wconf 83' lang='grc' dir='ltr'>προθυμίας</span> <span class='ocrx_word' id='word_1_311' title='bbox 1155 2693 1386 2767; x_wconf 82' lang='grc' dir='ltr'>ἀλοιφὴ,</span> <span class='ocrx_word' id='word_1_312' title='bbox 1420 2699 1760 2768; x_wconf 86' lang='grc' dir='ltr'>εὐαγγέλιον,</span> 
     </span>
    </p>
   </div>
   <div class='ocr_carea' id='block_1_45' title="bbox 173 2780 1760 2861">
    <p class='ocr_par' dir='ltr' id='par_1_45' title="bbox 173 2780 1760 2861">
     <span class='ocr_line' id='line_1_45' title="bbox 173 2780 1760 2861; baseline 0.009 -31"><span class='ocrx_word' id='word_1_313' title='bbox 173 2780 346 2850; x_wconf 73' lang='grc' dir='ltr'>χαρὰ,</span> <span class='ocrx_word' id='word_1_314' title='bbox 384 2781 572 2851; x_wconf 71' lang='grc' dir='ltr'>ἑορτὴ,</span> <span class='ocrx_word' id='word_1_315' title='bbox 594 2781 830 2846; x_wconf 78' lang='grc' dir='ltr'>εὐδοξία.</span> <span class='ocrx_word' id='word_1_316' title='bbox 869 2784 1031 2837; x_wconf 81' lang='grc' dir='ltr'>Ἀνευ</span> <span class='ocrx_word' id='word_1_317' title='bbox 1066 2784 1160 2838; x_wconf 91' lang='grc' dir='ltr'><strong>σοῦ</strong></span> <span class='ocrx_word' id='word_1_318' title='bbox 1189 2788 1280 2839; x_wconf 78' lang='grc' dir='ltr'>καὶ</span> <span class='ocrx_word' id='word_1_319' title='bbox 1307 2790 1333 2840; x_wconf 85' lang='grc' dir='ltr'>ὁ</span> <span class='ocrx_word' id='word_1_320' title='bbox 1359 2789 1510 2858; x_wconf 80' lang='grc' dir='ltr'>ἥλιός</span> <span class='ocrx_word' id='word_1_321' title='bbox 1548 2808 1638 2861; x_wconf 86' lang='grc' dir='ltr'><strong>μοι</strong></span> <span class='ocrx_word' id='word_1_322' title='bbox 1664 2809 1760 2845; x_wconf 86' lang='grc' dir='ltr'>κα-</span> 
     </span>
    </p>
   </div>
   <div class='ocr_carea' id='block_1_46' title="bbox 171 2873 1761 2954">
    <p class='ocr_par' dir='ltr' id='par_1_46' title="bbox 171 2873 1761 2954">
     <span class='ocr_line' id='line_1_46' title="bbox 171 2873 1761 2954; baseline 0.009 -30"><span class='ocrx_word' id='word_1_323' title='bbox 171 2876 382 2945; x_wconf 80' lang='grc' dir='ltr'>τηφής.</span> <span class='ocrx_word' id='word_1_324' title='bbox 423 2873 570 2941; x_wconf 84' lang='grc' dir='ltr'><strong>Ἐγὼ</strong></span> <span class='ocrx_word' id='word_1_325' title='bbox 617 2874 708 2927; x_wconf 79' lang='grc' dir='ltr'><strong>τὸν</strong></span> <span class='ocrx_word' id='word_1_326' title='bbox 763 2876 902 2946; x_wconf 85' lang='grc' dir='ltr'>ἀέρα</span> <span class='ocrx_word' id='word_1_327' title='bbox 961 2877 1184 2947; x_wconf 81' lang='grc' dir='ltr'>βλέπειν</span> <span class='ocrx_word' id='word_1_328' title='bbox 1233 2879 1332 2932; x_wconf 78' lang='grc' dir='ltr'><strong>οὐκ</strong></span> <span class='ocrx_word' id='word_1_329' title='bbox 1362 2881 1573 2952; x_wconf 73' lang='grc' dir='ltr'>ἤθελον,</span> <span class='ocrx_word' id='word_1_330' title='bbox 1606 2885 1638 2954; x_wconf 85' lang='grc' dir='ltr'>ἢ</span> <span class='ocrx_word' id='word_1_331' title='bbox 1671 2887 1761 2938; x_wconf 82' lang='grc' dir='ltr'><strong>τὸν</strong></span> 
     </span>
    </p>
   </div>
   <div class='ocr_carea' id='block_1_47' title="bbox 173 2965 1760 3045">
    <p class='ocr_par' dir='ltr' id='par_1_47' title="bbox 173 2965 1760 3045">
     <span class='ocr_line' id='line_1_47' title="bbox 173 2965 1760 3045; baseline 0.009 -30"><span class='ocrx_word' id='word_1_332' title='bbox 173 2965 265 3017; x_wconf 69' lang='grc' dir='ltr'><strong>σὺν</strong></span> <span class='ocrx_word' id='word_1_333' title='bbox 299 2965 668 3035; x_wconf 79' lang='grc' dir='ltr'>προσϐλέπειν</span> <span class='ocrx_word' id='word_1_334' title='bbox 714 2968 1059 3038; x_wconf 86' lang='grc' dir='ltr'>χαρακτῆρα.</span> <span class='ocrx_word' id='word_1_335' title='bbox 1103 2970 1269 3025; x_wconf 85' lang='grc' dir='ltr'>Ούδέν</span> <span class='ocrx_word' id='word_1_336' title='bbox 1303 2989 1390 3043; x_wconf 89' lang='grc' dir='ltr'><strong>μοι</strong></span> <span class='ocrx_word' id='word_1_337' title='bbox 1416 2968 1482 3044; x_wconf 81' lang='grc' dir='ltr'>ἦν</span> <span class='ocrx_word' id='word_1_338' title='bbox 1517 2975 1614 3045; x_wconf 82' lang='grc' dir='ltr'>ἡδὺ</span> <span class='ocrx_word' id='word_1_339' title='bbox 1648 2977 1760 3030; x_wconf 88' lang='grc' dir='ltr'><strong>τῶν</strong></span> 
     </span>
    </p>
   </div>
   <div class='ocr_carea' id='block_1_48' title="bbox 172 3057 1758 3140">
    <p class='ocr_par' dir='ltr' id='par_1_48' title="bbox 172 3057 1758 3140">
     <span class='ocr_line' id='line_1_48' title="bbox 172 3057 1758 3140; baseline 0.009 -33"><span class='ocrx_word' id='word_1_340' title='bbox 172 3057 265 3108; x_wconf 71' lang='grc' dir='ltr'>ἐπὶ</span> <span class='ocrx_word' id='word_1_341' title='bbox 294 3057 424 3125; x_wconf 82' lang='grc' dir='ltr'>γῆς,</span> <span class='ocrx_word' id='word_1_342' title='bbox 477 3057 550 3127; x_wconf 84' lang='grc' dir='ltr'><strong>μὴ</strong></span> <span class='ocrx_word' id='word_1_343' title='bbox 596 3057 883 3129; x_wconf 85' lang='grc' dir='ltr'>παρούσης</span> <span class='ocrx_word' id='word_1_344' title='bbox 929 3063 1028 3132; x_wconf 81' lang='grc' dir='ltr'>τῆς</span> <span class='ocrx_word' id='word_1_345' title='bbox 1069 3061 1169 3129; x_wconf 85' lang='grc' dir='ltr'>σῆς</span> <span class='ocrx_word' id='word_1_346' title='bbox 1204 3065 1512 3129; x_wconf 88' lang='grc' dir='ltr'>συνουσίας.</span> <span class='ocrx_word' id='word_1_347' title='bbox 1553 3069 1616 3120; x_wconf 86' lang='grc' dir='ltr'><strong>Τί</strong></span> <span class='ocrx_word' id='word_1_348' title='bbox 1650 3071 1758 3140; x_wconf 85' lang='grc' dir='ltr'>γὰρ</span> 
     </span>
    </p>
   </div>
   <div class='ocr_carea' id='block_1_49' title="bbox 1875 1965 3452 2041">
    <p class='ocr_par' dir='ltr' id='par_1_49' title="bbox 1875 1965 3452 2041">
     <span class='ocr_line' id='line_1_49' title="bbox 1875 1965 3452 2041; baseline 0.008 -26"><span class='ocrx_word' id='word_1_349' title='bbox 1875 1972 1982 2017; x_wconf 67' lang='lat' dir='ltr'><strong>tua:</strong></span> <span class='ocrx_word' id='word_1_350' title='bbox 2009 1972 2315 2033; x_wconf 83' lang='lat' dir='ltr'><strong>acceptum,</strong></span> <span class='ocrx_word' id='word_1_351' title='bbox 2352 1965 2672 2021; x_wconf 91' lang='lat' dir='ltr'><strong>dulcissime</strong></span> <span class='ocrx_word' id='word_1_352' title='bbox 2705 1977 2875 2037; x_wconf 87' lang='lat' dir='ltr'><strong>pater,</strong></span> <span class='ocrx_word' id='word_1_353' title='bbox 2909 1970 3224 2038; x_wconf 82' lang='lat' dir='ltr'><strong>proferam?</strong></span> <span class='ocrx_word' id='word_1_354' title='bbox 3250 1969 3452 2041; x_wconf 81' lang='lat' dir='ltr'><strong>Ecquis</strong></span> 
     </span>
    </p>
   </div>
   <div class='ocr_carea' id='block_1_50' title="bbox 1874 2055 3452 2129">
    <p class='ocr_par' dir='ltr' id='par_1_50' title="bbox 1874 2055 3452 2129">
     <span class='ocr_line' id='line_1_50' title="bbox 1874 2055 3452 2129; baseline 0.005 -23"><span class='ocrx_word' id='word_1_355' title='bbox 1874 2069 1960 2108; x_wconf 90' lang='lat' dir='ltr'><strong>me</strong></span> <span class='ocrx_word' id='word_1_356' title='bbox 1988 2069 2017 2107; x_wconf 88' lang='lat' dir='ltr'><strong>a</strong></span> <span class='ocrx_word' id='word_1_357' title='bbox 2051 2070 2269 2125; x_wconf 87' lang='lat' dir='ltr'><strong>semper</strong></span> <span class='ocrx_word' id='word_1_358' title='bbox 2301 2057 2537 2125; x_wconf 87' lang='lat' dir='ltr'><strong>optanda</strong></span> <span class='ocrx_word' id='word_1_359' title='bbox 2567 2055 2707 2112; x_wconf 81' lang='lat' dir='ltr'><strong>facie</strong></span> <span class='ocrx_word' id='word_1_360' title='bbox 2747 2067 2837 2112; x_wconf 91' lang='lat' dir='ltr'><strong>tua</strong></span> <span class='ocrx_word' id='word_1_361' title='bbox 2872 2059 3176 2129; x_wconf 80' lang='lat' dir='ltr'><strong>disjunxit?</strong></span> <span class='ocrx_word' id='word_1_362' title='bbox 3206 2075 3236 2114; x_wconf 89' lang='lat' dir='ltr'><strong>a</strong></span> <span class='ocrx_word' id='word_1_363' title='bbox 3264 2060 3452 2116; x_wconf 49' lang='lat' dir='ltr'><strong>suavi.</strong></span> 
     </span>
    </p>
   </div>
   <div class='ocr_carea' id='block_1_51' title="bbox 1871 2144 3439 2216">
    <p class='ocr_par' dir='ltr' id='par_1_51' title="bbox 1871 2144 3439 2216">
     <span class='ocr_line' id='line_1_51' title="bbox 1871 2144 3439 2216; baseline 0.004 -18"><span class='ocrx_word' id='word_1_364' title='bbox 1871 2144 2038 2215; x_wconf 77' lang='lat' dir='ltr'><strong>loquo</strong></span> <span class='ocrx_word' id='word_1_365' title='bbox 2081 2149 2420 2216; x_wconf 81' lang='lat' dir='ltr'><strong>congressu?</strong></span> <span class='ocrx_word' id='word_1_366' title='bbox 2464 2164 2492 2201; x_wconf 91' lang='lat' dir='ltr'><strong>a</strong></span> <span class='ocrx_word' id='word_1_367' title='bbox 2529 2149 2756 2204; x_wconf 88' lang='lat' dir='ltr'><strong>salutari</strong></span> <span class='ocrx_word' id='word_1_368' title='bbox 2792 2150 2998 2204; x_wconf 85' lang='lat' dir='ltr'><strong>ductu?</strong></span> <span class='ocrx_word' id='word_1_369' title='bbox 3036 2148 3118 2203; x_wconf 89' lang='lat' dir='ltr'><strong>Tu</strong></span> <span class='ocrx_word' id='word_1_370' title='bbox 3160 2149 3252 2206; x_wconf 79' lang='lat' dir='ltr'><strong>lux</strong></span> <span class='ocrx_word' id='word_1_371' title='bbox 3303 2166 3439 2216; x_wconf 84' lang='lat' dir='ltr'><strong>mea,</strong></span> 
     </span>
    </p>
   </div>
   <div class='ocr_carea' id='block_1_52' title="bbox 1870 2239 3445 2308">
    <p class='ocr_par' dir='ltr' id='par_1_52' title="bbox 1870 2239 3445 2308">
     <span class='ocr_line' id='line_1_52' title="bbox 1870 2239 3445 2308; baseline 0.004 -17"><span class='ocrx_word' id='word_1_372' title='bbox 1870 2247 1926 2291; x_wconf 95' lang='lat' dir='ltr'><strong>tu</strong></span> <span class='ocrx_word' id='word_1_373' title='bbox 2004 2254 2218 2308; x_wconf 85' lang='lat' dir='ltr'><strong>semper</strong></span> <span class='ocrx_word' id='word_1_374' title='bbox 2299 2239 2588 2308; x_wconf 88' lang='lat' dir='ltr'><strong>splendens</strong></span> <span class='ocrx_word' id='word_1_375' title='bbox 2663 2241 2886 2296; x_wconf 90' lang='lat' dir='ltr'><strong>lucerna</strong></span> <span class='ocrx_word' id='word_1_376' title='bbox 2974 2244 3445 2298; x_wconf 86' lang='lat' dir='ltr'><strong>tenebricosarum</strong></span> 
     </span>
    </p>
   </div>
   <div class='ocr_carea' id='block_1_53' title="bbox 1870 2331 3449 2407">
    <p class='ocr_par' dir='ltr' id='par_1_53' title="bbox 1870 2331 3449 2407">
     <span class='ocr_line' id='line_1_53' title="bbox 1870 2331 3449 2407; baseline 0.004 -24"><span class='ocrx_word' id='word_1_377' title='bbox 1870 2331 2065 2384; x_wconf 62' lang='lat' dir='ltr'><strong>animae</strong></span> <span class='ocrx_word' id='word_1_378' title='bbox 2108 2332 2500 2400; x_wconf 85' lang='lat' dir='ltr'><strong>cogitationum</strong></span> <span class='ocrx_word' id='word_1_379' title='bbox 2558 2333 2754 2402; x_wconf 85' lang='lat' dir='ltr'><strong>:virga</strong></span> <span class='ocrx_word' id='word_1_380' title='bbox 2811 2335 2992 2388; x_wconf 89' lang='lat' dir='ltr'><strong>cordis</strong></span> <span class='ocrx_word' id='word_1_381' title='bbox 3052 2336 3156 2388; x_wconf 91' lang='lat' dir='ltr'><strong>mei</strong></span> <span class='ocrx_word' id='word_1_382' title='bbox 3217 2335 3449 2407; x_wconf 77' lang='lat' dir='ltr'><strong>languo-</strong></span> 
     </span>
    </p>
   </div>
   <div class='ocr_carea' id='block_1_54' title="bbox 1869 2424 3446 2497">
    <p class='ocr_par' dir='ltr' id='par_1_54' title="bbox 1869 2424 3446 2497">
     <span class='ocr_line' id='line_1_54' title="bbox 1869 2424 3446 2497; baseline 0.004 -21"><span class='ocrx_word' id='word_1_383' title='bbox 1869 2441 1981 2477; x_wconf 80' lang='lat' dir='ltr'><strong>rem</strong></span> <span class='ocrx_word' id='word_1_384' title='bbox 2029 2424 2279 2490; x_wconf 81' lang='lat' dir='ltr'><strong>fulciens,</strong></span> <span class='ocrx_word' id='word_1_385' title='bbox 2318 2426 2570 2481; x_wconf 65' lang='lat' dir='ltr'><strong>maeroris</strong></span> <span class='ocrx_word' id='word_1_386' title='bbox 2604 2426 2932 2497; x_wconf 75' lang='lat' dir='ltr'><strong>proﬂigatio,</strong></span> <span class='ocrx_word' id='word_1_387' title='bbox 2966 2426 3262 2482; x_wconf 87' lang='lat' dir='ltr'><strong>alacritatis</strong></span> <span class='ocrx_word' id='word_1_388' title='bbox 3305 2444 3446 2483; x_wconf 88' lang='lat' dir='ltr'><strong>con-</strong></span> 
     </span>
    </p>
   </div>
   <div class='ocr_carea' id='block_1_55' title="bbox 1867 2513 3440 2585">
    <p class='ocr_par' dir='ltr' id='par_1_55' title="bbox 1867 2513 3440 2585">
     <span class='ocr_line' id='line_1_55' title="bbox 1867 2513 3440 2585; baseline 0.003 -19"><span class='ocrx_word' id='word_1_389' title='bbox 1867 2515 2094 2578; x_wconf 87' lang='lat' dir='ltr'><strong>ciliatio,</strong></span> <span class='ocrx_word' id='word_1_390' title='bbox 2125 2514 2326 2567; x_wconf 87' lang='lat' dir='ltr'><strong>bonum</strong></span> <span class='ocrx_word' id='word_1_391' title='bbox 2369 2513 2643 2579; x_wconf 90' lang='lat' dir='ltr'><strong>nuntium,</strong></span> <span class='ocrx_word' id='word_1_392' title='bbox 2673 2514 2955 2585; x_wconf 80' lang='lat' dir='ltr'><strong>gaudium,</strong></span> <span class='ocrx_word' id='word_1_393' title='bbox 2991 2513 3212 2578; x_wconf 81' lang='lat' dir='ltr'><strong>festum,</strong></span> <span class='ocrx_word' id='word_1_394' title='bbox 3245 2515 3440 2585; x_wconf 81' lang='lat' dir='ltr'><strong>gloria.</strong></span> 
     </span>
    </p>
   </div>
   <div class='ocr_carea' id='block_1_56' title="bbox 1868 2599 3443 2674">
    <p class='ocr_par' dir='ltr' id='par_1_56' title="bbox 1868 2599 3443 2674">
     <span class='ocr_line' id='line_1_56' title="bbox 1868 2599 3443 2674; baseline 0.003 -20"><span class='ocrx_word' id='word_1_395' title='bbox 1868 2599 1998 2655; x_wconf 92' lang='lat' dir='ltr'><strong>Sine</strong></span> <span class='ocrx_word' id='word_1_396' title='bbox 2032 2611 2080 2656; x_wconf 91' lang='lat' dir='ltr'><strong>te</strong></span> <span class='ocrx_word' id='word_1_397' title='bbox 2124 2604 2207 2657; x_wconf 88' lang='lat' dir='ltr'><strong>sol</strong></span> <span class='ocrx_word' id='word_1_398' title='bbox 2254 2604 2370 2673; x_wconf 91' lang='lat' dir='ltr'><strong>ipse</strong></span> <span class='ocrx_word' id='word_1_399' title='bbox 2400 2604 2535 2657; x_wconf 89' lang='lat' dir='ltr'><strong>mihi</strong></span> <span class='ocrx_word' id='word_1_400' title='bbox 2569 2603 3206 2674; x_wconf 82' lang='lat' dir='ltr'><strong>injucunduszaereipso</strong></span> <span class='ocrx_word' id='word_1_401' title='bbox 3251 2620 3443 2659; x_wconf 87' lang='lat' dir='ltr'><strong>carere</strong></span> 
     </span>
    </p>
   </div>
   <div class='ocr_carea' id='block_1_57' title="bbox 1865 2694 3415 2766">
    <p class='ocr_par' dir='ltr' id='par_1_57' title="bbox 1865 2694 3415 2766">
     <span class='ocr_line' id='line_1_57' title="bbox 1865 2694 3415 2766; baseline -0.001 -18"><span class='ocrx_word' id='word_1_402' title='bbox 1865 2696 2159 2760; x_wconf 87' lang='lat' dir='ltr'><strong>maleham,</strong></span> <span class='ocrx_word' id='word_1_403' title='bbox 2191 2711 2355 2765; x_wconf 88' lang='lat' dir='ltr'><strong>quam</strong></span> <span class='ocrx_word' id='word_1_404' title='bbox 2393 2698 2504 2750; x_wconf 92' lang='lat' dir='ltr'><strong>oris</strong></span> <span class='ocrx_word' id='word_1_405' title='bbox 2546 2696 2623 2750; x_wconf 90' lang='lat' dir='ltr'><strong>tui</strong></span> <span class='ocrx_word' id='word_1_406' title='bbox 2654 2704 2951 2766; x_wconf 89' lang='lat' dir='ltr'><strong>conspectu</strong></span> <span class='ocrx_word' id='word_1_407' title='bbox 2995 2694 3259 2749; x_wconf 81' lang='lat' dir='ltr'><strong>fraudari.</strong></span> <span class='ocrx_word' id='word_1_408' title='bbox 3293 2696 3415 2750; x_wconf 88' lang='lat' dir='ltr'><strong>Nihi</strong></span> 
     </span>
    </p>
   </div>
   <div class='ocr_carea' id='block_1_58' title="bbox 1863 2788 3434 2858">
    <p class='ocr_par' dir='ltr' id='par_1_58' title="bbox 1863 2788 3434 2858">
     <span class='ocr_line' id='line_1_58' title="bbox 1863 2788 3434 2858; baseline -0.001 -15"><span class='ocrx_word' id='word_1_409' title='bbox 1863 2789 2109 2843; x_wconf 89' lang='lat' dir='ltr'><strong>omnium</strong></span> <span class='ocrx_word' id='word_1_410' title='bbox 2139 2803 2259 2858; x_wconf 80' lang='lat' dir='ltr'><strong>quae</strong></span> <span class='ocrx_word' id='word_1_411' title='bbox 2284 2789 2335 2841; x_wconf 89' lang='lat' dir='ltr'><strong>in</strong></span> <span class='ocrx_word' id='word_1_412' title='bbox 2367 2798 2510 2842; x_wconf 90' lang='lat' dir='ltr'><strong>terra</strong></span> <span class='ocrx_word' id='word_1_413' title='bbox 2541 2798 2687 2852; x_wconf 92' lang='lat' dir='ltr'><strong>sunt,</strong></span> <span class='ocrx_word' id='word_1_414' title='bbox 2712 2802 2878 2842; x_wconf 89' lang='lat' dir='ltr'><strong>suave</strong></span> <span class='ocrx_word' id='word_1_415' title='bbox 2903 2788 3036 2842; x_wconf 88' lang='lat' dir='ltr'><strong>mihi</strong></span> <span class='ocrx_word' id='word_1_416' title='bbox 3062 2803 3182 2842; x_wconf 91' lang='lat' dir='ltr'><strong>esse</strong></span> <span class='ocrx_word' id='word_1_417' title='bbox 3203 2796 3434 2857; x_wconf 87' lang='lat' dir='ltr'><strong>poterat.</strong></span> 
     </span>
    </p>
   </div>
   <div class='ocr_carea' id='block_1_59' title="bbox 1862 2878 3439 2946">
    <p class='ocr_par' dir='ltr' id='par_1_59' title="bbox 1862 2878 3439 2946">
     <span class='ocr_line' id='line_1_59' title="bbox 1862 2878 3439 2946; baseline 0.001 -12"><span class='ocrx_word' id='word_1_418' title='bbox 1862 2881 1904 2934; x_wconf 92' lang='lat' dir='ltr'><strong>si</strong></span> <span class='ocrx_word' id='word_1_419' title='bbox 1937 2880 2274 2934; x_wconf 82' lang='lat' dir='ltr'><strong>consuetudo</strong></span> <span class='ocrx_word' id='word_1_420' title='bbox 2311 2889 2401 2934; x_wconf 90' lang='lat' dir='ltr'><strong>tua</strong></span> <span class='ocrx_word' id='word_1_421' title='bbox 2437 2880 2672 2935; x_wconf 85' lang='lat' dir='ltr'><strong>deesset.</strong></span> <span class='ocrx_word' id='word_1_422' title='bbox 2712 2878 2853 2946; x_wconf 84' lang='lat' dir='ltr'><strong>Quid</strong></span> <span class='ocrx_word' id='word_1_423' title='bbox 2901 2883 3044 2934; x_wconf 91' lang='lat' dir='ltr'><strong>enim</strong></span> <span class='ocrx_word' id='word_1_424' title='bbox 3090 2895 3223 2936; x_wconf 87' lang='lat' dir='ltr'><strong>vero</strong></span> <span class='ocrx_word' id='word_1_425' title='bbox 3257 2890 3312 2935; x_wconf 88' lang='lat' dir='ltr'><strong>et</strong></span> <span class='ocrx_word' id='word_1_426' title='bbox 3352 2897 3439 2936; x_wconf 32' lang='lat' dir='ltr'><strong>ses</strong></span> 
     </span>
    </p>
   </div>
   <div class='ocr_carea' id='block_1_60' title="bbox 1861 2972 3437 3044">
    <p class='ocr_par' dir='ltr' id='par_1_60' title="bbox 1861 2972 3437 3044">
     <span class='ocr_line' id='line_1_60' title="bbox 1861 2972 3437 3044; baseline 0.001 -15"><span class='ocrx_word' id='word_1_427' title='bbox 1861 2975 2098 3030; x_wconf 89' lang='lat' dir='ltr'><strong>cundum</strong></span> <span class='ocrx_word' id='word_1_428' title='bbox 2138 2974 2306 3029; x_wconf 93' lang='lat' dir='ltr'><strong>Deum</strong></span> <span class='ocrx_word' id='word_1_429' title='bbox 2355 2984 2512 3044; x_wconf 89' lang='lat' dir='ltr'><strong>patre</strong></span> <span class='ocrx_word' id='word_1_430' title='bbox 2553 2975 2890 3043; x_wconf 87' lang='lat' dir='ltr'><strong>optabilius?</strong></span> <span class='ocrx_word' id='word_1_431' title='bbox 2931 2972 3093 3028; x_wconf 83' lang='lat' dir='ltr'><strong>Novit</strong></span> <span class='ocrx_word' id='word_1_432' title='bbox 3136 2975 3238 3029; x_wconf 90' lang='lat' dir='ltr'><strong>hoc</strong></span> <span class='ocrx_word' id='word_1_433' title='bbox 3293 2975 3437 3030; x_wconf 78' lang='lat' dir='ltr'><strong>[ilius</strong></span> 
     </span>
    </p>
   </div>
   <div class='ocr_carea' id='block_1_61' title="bbox 1859 3067 3436 3139">
    <p class='ocr_par' dir='ltr' id='par_1_61' title="bbox 1859 3067 3436 3139">
     <span class='ocr_line' id='line_1_61' title="bbox 1859 3067 3436 3139; baseline 0.003 -19"><span class='ocrx_word' id='word_1_434' title='bbox 1859 3071 2030 3137; x_wconf 81' lang='lat' dir='ltr'><strong>patris</strong></span> <span class='ocrx_word' id='word_1_435' title='bbox 2060 3083 2272 3130; x_wconf 87' lang='lat' dir='ltr'><strong>amans,</strong></span> <span class='ocrx_word' id='word_1_436' title='bbox 2306 3082 2370 3121; x_wconf 91' lang='lat' dir='ltr'><strong>ac</strong></span> <span class='ocrx_word' id='word_1_437' title='bbox 2400 3082 2527 3122; x_wconf 89' lang='lat' dir='ltr'><strong>vere</strong></span> <span class='ocrx_word' id='word_1_438' title='bbox 2560 3083 2873 3139; x_wconf 78' lang='lat' dir='ltr'><strong>germanus.</strong></span> <span class='ocrx_word' id='word_1_439' title='bbox 2915 3067 3054 3133; x_wconf 88' lang='lat' dir='ltr'><strong>Quid</strong></span> <span class='ocrx_word' id='word_1_440' title='bbox 3080 3069 3267 3122; x_wconf 90' lang='lat' dir='ltr'><strong>multis</strong></span> <span class='ocrx_word' id='word_1_441' title='bbox 3297 3083 3436 3138; x_wconf 84' lang='lat' dir='ltr'><strong>Opus</strong></span> 
     </span>
    </p>
   </div>
   <div class='ocr_carea' id='block_1_62' title="bbox 172 3150 1757 3244">
    <p class='ocr_par' dir='ltr' id='par_1_62' title="bbox 172 3150 1753 3225">
     <span class='ocr_line' id='line_1_62' title="bbox 172 3150 1753 3225; baseline 0.009 -25"><span class='ocrx_word' id='word_1_442' title='bbox 172 3150 390 3220; x_wconf 77' lang='grc' dir='ltr'>Πατρὸς</span> <span class='ocrx_word' id='word_1_443' title='bbox 416 3150 675 3219; x_wconf 81' lang='grc' dir='ltr'>ἀληθινοῦ</span> <span class='ocrx_word' id='word_1_444' title='bbox 709 3151 1114 3225; x_wconf 84' lang='grc' dir='ltr'>ποθεινότερον,</span> <span class='ocrx_word' id='word_1_445' title='bbox 1147 3158 1242 3209; x_wconf 77' lang='grc' dir='ltr'>καὶ</span> <span class='ocrx_word' id='word_1_446' title='bbox 1280 3158 1442 3212; x_wconf 89' lang='grc' dir='ltr'>τοῦτο</span> <span class='ocrx_word' id='word_1_447' title='bbox 1487 3162 1581 3214; x_wconf 74' lang='grc' dir='ltr'>ἐπὶ</span> <span class='ocrx_word' id='word_1_448' title='bbox 1617 3162 1753 3215; x_wconf 87' lang='grc' dir='ltr'>Θεοῦ</span> 
     </span>
    </p>
   </div>
   <div class='ocr_carea' id='block_1_63' title="bbox 1861 3150 3435 3244">
    <p class='ocr_par' dir='ltr' id='par_1_63' title="bbox 1861 3158 3435 3230">
     <span class='ocr_line' id='line_1_63' title="bbox 1861 3158 3435 3230; baseline 0.001 -16"><span class='ocrx_word' id='word_1_449' title='bbox 1861 3170 1940 3214; x_wconf 90' lang='lat' dir='ltr'><strong>est</strong></span> <span class='ocrx_word' id='word_1_450' title='bbox 1973 3160 2195 3214; x_wconf 80' lang='lat' dir='ltr'><strong>verbis?</strong></span> <span class='ocrx_word' id='word_1_451' title='bbox 2223 3159 2408 3216; x_wconf 85' lang='lat' dir='ltr'><strong>Dicam</strong></span> <span class='ocrx_word' id='word_1_452' title='bbox 2443 3161 2587 3230; x_wconf 90' lang='lat' dir='ltr'><strong>quod</strong></span> <span class='ocrx_word' id='word_1_453' title='bbox 2620 3161 2754 3215; x_wconf 90' lang='lat' dir='ltr'><strong>mihi</strong></span> <span class='ocrx_word' id='word_1_454' title='bbox 2791 3161 3007 3215; x_wconf 88' lang='lat' dir='ltr'><strong>accidit.</strong></span> <span class='ocrx_word' id='word_1_455' title='bbox 3047 3158 3435 3230; x_wconf 64' lang='lat' dir='ltr'><strong>Smpeuumero</strong></span> 
     </span>
    </p>
   </div>
   <div class='ocr_carea' id='block_1_64' title="bbox 168 3238 1754 3322">
    <p class='ocr_par' dir='ltr' id='par_1_64' title="bbox 168 3238 1754 3322">
     <span class='ocr_line' id='line_1_64' title="bbox 168 3238 1754 3322; baseline 0.011 -31"><span class='ocrx_word' id='word_1_456' title='bbox 168 3238 628 3310; x_wconf 73' lang='grc' dir='ltr'>λαμϐανόμενονς</span> <span class='ocrx_word' id='word_1_457' title='bbox 660 3238 780 3295; x_wconf 80' lang='grc' dir='ltr'>Οῐδε</span> <span class='ocrx_word' id='word_1_458' title='bbox 810 3243 968 3297; x_wconf 91' lang='grc' dir='ltr'>τοῦτο</span> <span class='ocrx_word' id='word_1_459' title='bbox 996 3248 1127 3309; x_wconf 88' lang='grc' dir='ltr'>παῖς</span> <span class='ocrx_word' id='word_1_460' title='bbox 1174 3248 1513 3322; x_wconf 84' lang='grc' dir='ltr'>φιλοπάτωρ,</span> <span class='ocrx_word' id='word_1_461' title='bbox 1549 3255 1642 3307; x_wconf 72' lang='grc' dir='ltr'><strong>καὶ</strong></span> <span class='ocrx_word' id='word_1_462' title='bbox 1673 3256 1754 3309; x_wconf 73' lang='grc' dir='ltr'><strong>ὅν-</strong></span> 
     </span>
    </p>
   </div>
   <div class='ocr_carea' id='block_1_65' title="bbox 168 3332 1752 3412">
    <p class='ocr_par' dir='ltr' id='par_1_65' title="bbox 168 3332 1752 3412">
     <span class='ocr_line' id='line_1_65' title="bbox 168 3332 1752 3412; baseline 0.01 -30"><span class='ocrx_word' id='word_1_463' title='bbox 168 3348 275 3394; x_wconf 89' lang='grc' dir='ltr'><strong>τως</strong></span> <span class='ocrx_word' id='word_1_464' title='bbox 333 3332 583 3402; x_wconf 85' lang='grc' dir='ltr'>γνήσιος.</span> <span class='ocrx_word' id='word_1_465' title='bbox 642 3333 708 3385; x_wconf 87' lang='grc' dir='ltr'>Τί</span> <span class='ocrx_word' id='word_1_466' title='bbox 748 3333 958 3389; x_wconf 85' lang='grc' dir='ltr'>πολλῶν</span> <span class='ocrx_word' id='word_1_467' title='bbox 1014 3337 1279 3407; x_wconf 77' lang='grc' dir='ltr'>ῥημάτων</span> <span class='ocrx_word' id='word_1_468' title='bbox 1325 3343 1511 3412; x_wconf 87' lang='grc' dir='ltr'>χρεία;</span> <span class='ocrx_word' id='word_1_469' title='bbox 1553 3346 1752 3411; x_wconf 80' lang='grc' dir='ltr'>ἐξείπω</span> 
     </span>
    </p>
   </div>
   <div class='ocr_carea' id='block_1_66' title="bbox 167 3423 1753 3510">
    <p class='ocr_par' dir='ltr' id='par_1_66' title="bbox 167 3423 1753 3510">
     <span class='ocr_line' id='line_1_66' title="bbox 167 3423 1753 3510; baseline 0.011 -35"><span class='ocrx_word' id='word_1_470' title='bbox 167 3424 305 3495; x_wconf 84' lang='grc' dir='ltr'>ὅπερ</span> <span class='ocrx_word' id='word_1_471' title='bbox 333 3423 658 3478; x_wconf 75' lang='grc' dir='ltr'>ἐπάνθανον.</span> <span class='ocrx_word' id='word_1_472' title='bbox 697 3425 820 3479; x_wconf 80' lang='grc' dir='ltr'>Ὅτι</span> <span class='ocrx_word' id='word_1_473' title='bbox 855 3444 958 3496; x_wconf 88' lang='grc' dir='ltr'><strong>μου</strong></span> <span class='ocrx_word' id='word_1_474' title='bbox 990 3429 1249 3496; x_wconf 88' lang='grc' dir='ltr'>πολλάκις</span> <span class='ocrx_word' id='word_1_475' title='bbox 1279 3435 1469 3506; x_wconf 77' lang='grc' dir='ltr'>καὶμὴ</span> <span class='ocrx_word' id='word_1_476' title='bbox 1497 3437 1753 3510; x_wconf 85' lang='grc' dir='ltr'>ὡρμημέ-</span> 
     </span>
    </p>
   </div>
   <div class='ocr_carea' id='block_1_67' title="bbox 170 3517 1751 3602">
    <p class='ocr_par' dir='ltr' id='par_1_67' title="bbox 170 3517 1751 3602">
     <span class='ocr_line' id='line_1_67' title="bbox 170 3517 1751 3602; baseline 0.011 -35"><span class='ocrx_word' id='word_1_477' title='bbox 170 3534 260 3569; x_wconf 90' lang='grc' dir='ltr'><strong>νου</strong></span> <span class='ocrx_word' id='word_1_478' title='bbox 297 3517 558 3587; x_wconf 78' lang='grc' dir='ltr'>ἐρχεσθαι</span> <span class='ocrx_word' id='word_1_479' title='bbox 599 3521 656 3572; x_wconf 86' lang='grc' dir='ltr'><strong>ἐν</strong></span> <span class='ocrx_word' id='word_1_480' title='bbox 685 3521 765 3588; x_wconf 82' lang='grc' dir='ltr'>τῷ</span> <span class='ocrx_word' id='word_1_481' title='bbox 793 3521 935 3591; x_wconf 88' lang='grc' dir='ltr'>ἁγίῳ</span> <span class='ocrx_word' id='word_1_482' title='bbox 965 3522 1161 3594; x_wconf 86' lang='grc' dir='ltr'>κελλίῳ</span> <span class='ocrx_word' id='word_1_483' title='bbox 1190 3542 1305 3594; x_wconf 91' lang='grc' dir='ltr'>σου,</span> <span class='ocrx_word' id='word_1_484' title='bbox 1338 3529 1751 3602; x_wconf 83' lang='grc' dir='ltr'>άνεπαισθήτως</span> 
     </span>
    </p>
   </div>
   <div class='ocr_carea' id='block_1_68' title="bbox 168 3609 1746 3689">
    <p class='ocr_par' dir='ltr' id='par_1_68' title="bbox 168 3609 1746 3689">
     <span class='ocr_line' id='line_1_68' title="bbox 168 3609 1746 3689; baseline 0.011 -30"><span class='ocrx_word' id='word_1_485' title='bbox 168 3625 304 3675; x_wconf 83' lang='grc' dir='ltr'>πως,</span> <span class='ocrx_word' id='word_1_486' title='bbox 334 3609 414 3670; x_wconf 79' lang='grc' dir='ltr'>ὣς</span> <span class='ocrx_word' id='word_1_487' title='bbox 439 3626 583 3673; x_wconf 89' lang='grc' dir='ltr'>τινος</span> <span class='ocrx_word' id='word_1_488' title='bbox 608 3612 884 3678; x_wconf 76' lang='grc' dir='ltr'>ἕλκοντος,</span> <span class='ocrx_word' id='word_1_489' title='bbox 906 3614 1096 3685; x_wconf 80' lang='grc' dir='ltr'>ἐπῄειν</span> <span class='ocrx_word' id='word_1_490' title='bbox 1121 3619 1261 3670; x_wconf 81' lang='grc' dir='ltr'><strong>κατά</strong></span> <span class='ocrx_word' id='word_1_491' title='bbox 1305 3620 1597 3689; x_wconf 86' lang='grc' dir='ltr'>πρόσωπόν</span> <span class='ocrx_word' id='word_1_492' title='bbox 1632 3641 1746 3676; x_wconf 86' lang='grc' dir='ltr'>σου·</span> 
     </span>
    </p>
   </div>
   <div class='ocr_carea' id='block_1_69' title="bbox 167 3702 1750 3786">
    <p class='ocr_par' dir='ltr' id='par_1_69' title="bbox 167 3702 1750 3786">
     <span class='ocr_line' id='line_1_69' title="bbox 167 3702 1750 3786; baseline 0.011 -33"><span class='ocrx_word' id='word_1_493' title='bbox 167 3703 241 3765; x_wconf 85' lang='grc' dir='ltr'>ὼς</span> <span class='ocrx_word' id='word_1_494' title='bbox 276 3703 540 3766; x_wconf 85' lang='grc' dir='ltr'>πολλάκις</span> <span class='ocrx_word' id='word_1_495' title='bbox 573 3705 919 3774; x_wconf 84' lang='grc' dir='ltr'>ἐρωτῶντος,</span> <span class='ocrx_word' id='word_1_496' title='bbox 949 3707 1014 3760; x_wconf 90' lang='grc' dir='ltr'>Τί</span> <span class='ocrx_word' id='word_1_497' title='bbox 1042 3702 1209 3778; x_wconf 82' lang='grc' dir='ltr'>ἦκες;</span> <span class='ocrx_word' id='word_1_498' title='bbox 1240 3711 1465 3784; x_wconf 85' lang='grc' dir='ltr'>ἀπορεῖν</span> <span class='ocrx_word' id='word_1_499' title='bbox 1508 3733 1574 3786; x_wconf 88' lang='grc' dir='ltr'><strong>με</strong></span> <span class='ocrx_word' id='word_1_500' title='bbox 1623 3718 1750 3771; x_wconf 82' lang='grc' dir='ltr'>ἀπο-</span> 
     </span>
    </p>
   </div>
   <div class='ocr_carea' id='block_1_70' title="bbox 168 3793 1746 3878">
    <p class='ocr_par' dir='ltr' id='par_1_70' title="bbox 168 3793 1746 3878">
     <span class='ocr_line' id='line_1_70' title="bbox 168 3793 1746 3878; baseline 0.013 -35"><span class='ocrx_word' id='word_1_501' title='bbox 168 3793 475 3861; x_wconf 84' lang='grc' dir='ltr'>κρίνεσθαι,</span> <span class='ocrx_word' id='word_1_502' title='bbox 501 3794 672 3857; x_wconf 78' lang='grc' dir='ltr'>οὕτως</span> <span class='ocrx_word' id='word_1_503' title='bbox 708 3795 810 3864; x_wconf 85' lang='grc' dir='ltr'><strong>τῆς</strong></span> <span class='ocrx_word' id='word_1_504' title='bbox 852 3798 1127 3868; x_wconf 89' lang='grc' dir='ltr'>σωτηρίας</span> <span class='ocrx_word' id='word_1_505' title='bbox 1159 3817 1260 3870; x_wconf 88' lang='grc' dir='ltr'><strong>μου</strong></span> <span class='ocrx_word' id='word_1_506' title='bbox 1310 3803 1368 3855; x_wconf 87' lang='grc' dir='ltr'><strong>ἐν</strong></span> <span class='ocrx_word' id='word_1_507' title='bbox 1400 3806 1481 3857; x_wconf 78' lang='grc' dir='ltr'>σοὶ</span> <span class='ocrx_word' id='word_1_508' title='bbox 1505 3807 1746 3878; x_wconf 86' lang='grc' dir='ltr'>ἀποκρε-</span> 
     </span>
    </p>
   </div>
   <div class='ocr_carea' id='block_1_71' title="bbox 170 3884 1747 3967">
    <p class='ocr_par' dir='ltr' id='par_1_71' title="bbox 170 3884 1747 3967">
     <span class='ocr_line' id='line_1_71' title="bbox 170 3884 1747 3967; baseline 0.014 -33"><span class='ocrx_word' id='word_1_509' title='bbox 170 3884 445 3954; x_wconf 81' lang='grc' dir='ltr'>μαμένης.</span> <span class='ocrx_word' id='word_1_510' title='bbox 481 3885 590 3938; x_wconf 74' lang='grc' dir='ltr'><strong>Καὶ</strong></span> <span class='ocrx_word' id='word_1_511' title='bbox 619 3886 705 3948; x_wconf 84' lang='grc' dir='ltr'><strong>τίς</strong></span> <span class='ocrx_word' id='word_1_512' title='bbox 733 3887 870 3958; x_wconf 82' lang='grc' dir='ltr'>πρὸς</span> <span class='ocrx_word' id='word_1_513' title='bbox 894 3887 954 3942; x_wconf 80' lang='grc' dir='ltr'>τὸ</span> <span class='ocrx_word' id='word_1_514' title='bbox 985 3889 1100 3958; x_wconf 83' lang='grc' dir='ltr'><strong>φῶς</strong></span> <span class='ocrx_word' id='word_1_515' title='bbox 1129 3893 1228 3944; x_wconf 83' lang='grc' dir='ltr'>οὐκ</span> <span class='ocrx_word' id='word_1_516' title='bbox 1256 3894 1560 3967; x_wconf 84' lang='grc' dir='ltr'>ἐπιτρέχει;</span> <span class='ocrx_word' id='word_1_517' title='bbox 1603 3901 1747 3956; x_wconf 86' lang='grc' dir='ltr'>Ἀλλ’</span> 
     </span>
    </p>
   </div>
   <div class='ocr_carea' id='block_1_72' title="bbox 167 3974 1745 4065">
    <p class='ocr_par' dir='ltr' id='par_1_72' title="bbox 167 3974 1745 4065">
     <span class='ocr_line' id='line_1_72' title="bbox 167 3974 1745 4065; baseline 0.015 -39"><span class='ocrx_word' id='word_1_518' title='bbox 167 3976 478 4047; x_wconf 71' lang='grc' dir='ltr'>εὐχαριστῶ</span> <span class='ocrx_word' id='word_1_519' title='bbox 504 3977 580 4048; x_wconf 85' lang='grc' dir='ltr'><strong>τῷ</strong></span> <span class='ocrx_word' id='word_1_520' title='bbox 594 3979 733 4049; x_wconf 78' lang='grc' dir='ltr'>Θεῷ,</span> <span class='ocrx_word' id='word_1_521' title='bbox 757 3981 824 4034; x_wconf 89' lang='grc' dir='ltr'>δι’</span> <span class='ocrx_word' id='word_1_522' title='bbox 842 3974 902 4034; x_wconf 76' lang='grc' dir='ltr'>οὗ</span> <span class='ocrx_word' id='word_1_523' title='bbox 931 3999 1024 4035; x_wconf 87' lang='grc' dir='ltr'><strong>σου</strong></span> <span class='ocrx_word' id='word_1_524' title='bbox 1049 3984 1390 4059; x_wconf 81' lang='grc' dir='ltr'>ἐξεσπάσθην</span> <span class='ocrx_word' id='word_1_525' title='bbox 1422 3991 1525 4044; x_wconf 83' lang='grc' dir='ltr'><strong>ὑπὸ</strong></span> <span class='ocrx_word' id='word_1_526' title='bbox 1545 3996 1745 4065; x_wconf 87' lang='grc' dir='ltr'>χειρῶν</span> 
     </span>
    </p>
   </div>
   <div class='ocr_carea' id='block_1_73' title="bbox 165 4068 1744 4152">
    <p class='ocr_par' dir='ltr' id='par_1_73' title="bbox 165 4068 1744 4152">
     <span class='ocr_line' id='line_1_73' title="bbox 165 4068 1744 4152; baseline 0.014 -34"><span class='ocrx_word' id='word_1_527' title='bbox 165 4068 267 4120; x_wconf 91' lang='grc' dir='ltr'><strong>τῶν</strong></span> <span class='ocrx_word' id='word_1_528' title='bbox 304 4072 672 4139; x_wconf 81' lang='grc' dir='ltr'>πατησάντων</span> <span class='ocrx_word' id='word_1_529' title='bbox 701 4073 792 4126; x_wconf 83' lang='grc' dir='ltr'><strong>τὸν</strong></span> <span class='ocrx_word' id='word_1_530' title='bbox 827 4074 989 4145; x_wconf 88' lang='grc' dir='ltr'>νόμον</span> <span class='ocrx_word' id='word_1_531' title='bbox 1019 4077 1208 4143; x_wconf 85' lang='grc' dir='ltr'>αὐτοῦ,</span> <span class='ocrx_word' id='word_1_532' title='bbox 1239 4082 1332 4134; x_wconf 81' lang='grc' dir='ltr'><strong>καὶ</strong></span> <span class='ocrx_word' id='word_1_533' title='bbox 1362 4082 1658 4152; x_wconf 81' lang='grc' dir='ltr'>ὴργμένων</span> <span class='ocrx_word' id='word_1_534' title='bbox 1687 4088 1744 4152; x_wconf 84' lang='grc' dir='ltr'><strong>ἐξ</strong></span> 
     </span>
    </p>
   </div>
   <div class='ocr_carea' id='block_1_74' title="bbox 164 4160 1743 4250">
    <p class='ocr_par' dir='ltr' id='par_1_74' title="bbox 164 4160 1743 4250">
     <span class='ocr_line' id='line_1_74' title="bbox 164 4160 1743 4250; baseline 0.015 -39"><span class='ocrx_word' id='word_1_535' title='bbox 164 4160 381 4227; x_wconf 86' lang='grc' dir='ltr'>ὁμοίων.</span> <span class='ocrx_word' id='word_1_536' title='bbox 423 4163 514 4232; x_wconf 80' lang='grc' dir='ltr'><strong>Μὴ</strong></span> <span class='ocrx_word' id='word_1_537' title='bbox 540 4163 725 4227; x_wconf 80' lang='grc' dir='ltr'>αὐτοῖς</span> <span class='ocrx_word' id='word_1_538' title='bbox 753 4165 1029 4238; x_wconf 86' lang='grc' dir='ltr'>λογισθείη</span> <span class='ocrx_word' id='word_1_539' title='bbox 1057 4169 1258 4240; x_wconf 82' lang='grc' dir='ltr'>Κύριος</span> <span class='ocrx_word' id='word_1_540' title='bbox 1284 4174 1311 4225; x_wconf 87' lang='grc' dir='ltr'><em>ὁ</em></span> <span class='ocrx_word' id='word_1_541' title='bbox 1342 4173 1474 4238; x_wconf 88' lang='grc' dir='ltr'>Θεός</span> <span class='ocrx_word' id='word_1_542' title='bbox 1507 4193 1608 4246; x_wconf 84' lang='grc' dir='ltr'><strong>μου</strong></span> <span class='ocrx_word' id='word_1_543' title='bbox 1646 4179 1743 4250; x_wconf 83' lang='grc' dir='ltr'>τὴν</span> 
     </span>
    </p>
   </div>
   <div class='ocr_carea' id='block_1_75' title="bbox 166 4251 1738 4337">
    <p class='ocr_par' dir='ltr' id='par_1_75' title="bbox 166 4251 1738 4337">
     <span class='ocr_line' id='line_1_75' title="bbox 166 4251 1738 4337; baseline 0.014 -36"><span class='ocrx_word' id='word_1_544' title='bbox 166 4251 455 4322; x_wconf 82' lang='grc' dir='ltr'>ἁμαρτίαν·</span> <span class='ocrx_word' id='word_1_545' title='bbox 494 4253 639 4316; x_wconf 80' lang='grc' dir='ltr'>ἐλξοι</span> <span class='ocrx_word' id='word_1_546' title='bbox 665 4254 721 4306; x_wconf 84' lang='grc' dir='ltr'><strong>δὲ</strong></span> <span class='ocrx_word' id='word_1_547' title='bbox 751 4255 830 4317; x_wconf 84' lang='grc' dir='ltr'><strong>είς</strong></span> <span class='ocrx_word' id='word_1_548' title='bbox 875 4256 1170 4326; x_wconf 75' lang='grc' dir='ltr'>ἐπίγνωσιν</span> <span class='ocrx_word' id='word_1_549' title='bbox 1215 4261 1312 4315; x_wconf 91' lang='grc' dir='ltr'><strong>τοῦ</strong></span> <span class='ocrx_word' id='word_1_550' title='bbox 1354 4265 1738 4337; x_wconf 85' lang='grc' dir='ltr'>τολμήματος,</span> 
     </span>
    </p>
   </div>
   <div class='ocr_carea' id='block_1_76' title="bbox 165 4343 1740 4422">
    <p class='ocr_par' dir='ltr' id='par_1_76' title="bbox 165 4343 1740 4422">
     <span class='ocr_line' id='line_1_76' title="bbox 165 4343 1740 4422; baseline 0.014 -30"><span class='ocrx_word' id='word_1_551' title='bbox 165 4343 406 4397; x_wconf 83' lang='grc' dir='ltr'>κάκεῖνοι</span> <span class='ocrx_word' id='word_1_552' title='bbox 447 4345 580 4414; x_wconf 71' lang='grc' dir='ltr'>περὶ</span> <span class='ocrx_word' id='word_1_553' title='bbox 609 4344 761 4398; x_wconf 89' lang='grc' dir='ltr'>τοῦδε</span> <span class='ocrx_word' id='word_1_554' title='bbox 787 4346 1070 4403; x_wconf 86' lang='grc' dir='ltr'>ἀνεύθυνοι</span> <span class='ocrx_word' id='word_1_555' title='bbox 1108 4352 1424 4422; x_wconf 80' lang='grc' dir='ltr'>εὑρεθῶσιν.</span> <span class='ocrx_word' id='word_1_556' title='bbox 1475 4358 1740 4414; x_wconf 86' lang='grc' dir='ltr'>Ἐνέκλει-</span> 
     </span>
    </p>
   </div>
   <div class='ocr_carea' id='block_1_77' title="bbox 168 4432 1736 4517">
    <p class='ocr_par' dir='ltr' id='par_1_77' title="bbox 168 4432 1736 4517">
     <span class='ocr_line' id='line_1_77' title="bbox 168 4432 1736 4517; baseline 0.015 -36"><span class='ocrx_word' id='word_1_557' title='bbox 168 4432 258 4484; x_wconf 81' lang='grc' dir='ltr'><strong>σάν</strong></span> <span class='ocrx_word' id='word_1_558' title='bbox 286 4432 367 4498; x_wconf 81' lang='grc' dir='ltr'><strong>σε,</strong></span> <span class='ocrx_word' id='word_1_559' title='bbox 398 4432 476 4496; x_wconf 86' lang='grc' dir='ltr'>ὼς</span> <span class='ocrx_word' id='word_1_560' title='bbox 505 4433 810 4504; x_wconf 85' lang='grc' dir='ltr'>ἐμάθομεν,</span> <span class='ocrx_word' id='word_1_561' title='bbox 856 4438 915 4489; x_wconf 85' lang='grc' dir='ltr'><strong>ἐν</strong></span> <span class='ocrx_word' id='word_1_562' title='bbox 967 4439 1196 4511; x_wconf 74' lang='grc' dir='ltr'>οἰκίσκῳ</span> <span class='ocrx_word' id='word_1_563' title='bbox 1225 4443 1406 4515; x_wconf 83' lang='grc' dir='ltr'>μικρῷ</span> <span class='ocrx_word' id='word_1_564' title='bbox 1457 4448 1531 4517; x_wconf 79' lang='grc'><strong>(5)</strong></span> <span class='ocrx_word' id='word_1_565' title='bbox 1553 4465 1565 4478; x_wconf 90' lang='grc'><strong>·</strong></span> <span class='ocrx_word' id='word_1_566' title='bbox 1601 4450 1736 4505; x_wconf 88' lang='grc' dir='ltr'><strong>ἀλλά</strong></span> 
     </span>
    </p>
   </div>
   <div class='ocr_carea' id='block_1_78' title="bbox 1862 3254 3435 3318">
    <p class='ocr_par' dir='ltr' id='par_1_78' title="bbox 1862 3254 3435 3318">
     <span class='ocr_line' id='line_1_78' title="bbox 1862 3254 3435 3318; baseline 0.001 -10"><span class='ocrx_word' id='word_1_567' title='bbox 1862 3255 2030 3318; x_wconf 87' lang='lat' dir='ltr'><strong>enim,</strong></span> <span class='ocrx_word' id='word_1_568' title='bbox 2063 3254 2279 3308; x_wconf 84' lang='lat' dir='ltr'><strong>tametsi</strong></span> <span class='ocrx_word' id='word_1_569' title='bbox 2324 3255 2390 3309; x_wconf 91' lang='lat' dir='ltr'><strong>ad</strong></span> <span class='ocrx_word' id='word_1_570' title='bbox 2437 3269 2651 3309; x_wconf 90' lang='lat' dir='ltr'><strong>sacram</strong></span> <span class='ocrx_word' id='word_1_571' title='bbox 2685 3254 2936 3309; x_wconf 90' lang='lat' dir='ltr'><strong>cellulam</strong></span> <span class='ocrx_word' id='word_1_572' title='bbox 2991 3264 3137 3309; x_wconf 93' lang='lat' dir='ltr'><strong>tuam</strong></span> <span class='ocrx_word' id='word_1_573' title='bbox 3173 3256 3435 3309; x_wconf 83' lang='lat' dir='ltr'><strong>accedere</strong></span> 
     </span>
    </p>
   </div>
   <div class='ocr_carea' id='block_1_79' title="bbox 1858 3347 3434 3416">
    <p class='ocr_par' dir='ltr' id='par_1_79' title="bbox 1858 3347 3434 3416">
     <span class='ocr_line' id='line_1_79' title="bbox 1858 3347 3434 3416; baseline -0.003 -14"><span class='ocrx_word' id='word_1_574' title='bbox 1858 3364 1969 3402; x_wconf 86' lang='lat' dir='ltr'><strong>non</strong></span> <span class='ocrx_word' id='word_1_575' title='bbox 2003 3349 2394 3415; x_wconf 84' lang='lat' dir='ltr'><strong>instituissem,</strong></span> <span class='ocrx_word' id='word_1_576' title='bbox 2447 3347 2566 3403; x_wconf 89' lang='lat' dir='ltr'><strong>sine</strong></span> <span class='ocrx_word' id='word_1_577' title='bbox 2605 3363 2768 3403; x_wconf 88' lang='lat' dir='ltr'><strong>sensu</strong></span> <span class='ocrx_word' id='word_1_578' title='bbox 2809 3348 2990 3411; x_wconf 84' lang='lat' dir='ltr'><strong>ﬁebat,</strong></span> <span class='ocrx_word' id='word_1_579' title='bbox 3037 3358 3095 3401; x_wconf 92' lang='lat' dir='ltr'><strong>ut</strong></span> <span class='ocrx_word' id='word_1_580' title='bbox 3122 3350 3277 3416; x_wconf 86' lang='lat' dir='ltr'><strong>quasi</strong></span> <span class='ocrx_word' id='word_1_581' title='bbox 3321 3357 3434 3400; x_wconf 85' lang='lat' dir='ltr'><strong>tra-</strong></span> 
     </span>
    </p>
   </div>
   <div class='ocr_carea' id='block_1_80' title="bbox 1856 3441 3431 3512">
    <p class='ocr_par' dir='ltr' id='par_1_80' title="bbox 1856 3441 3431 3512">
     <span class='ocr_line' id='line_1_80' title="bbox 1856 3441 3431 3512; baseline 0 -17"><span class='ocrx_word' id='word_1_582' title='bbox 1856 3441 2018 3496; x_wconf 88' lang='lat' dir='ltr'><strong>hente</strong></span> <span class='ocrx_word' id='word_1_583' title='bbox 2063 3441 2248 3512; x_wconf 88' lang='lat' dir='ltr'><strong>aliquo</strong></span> <span class='ocrx_word' id='word_1_584' title='bbox 2293 3442 2360 3496; x_wconf 91' lang='lat' dir='ltr'><strong>ad</strong></span> <span class='ocrx_word' id='word_1_585' title='bbox 2400 3451 2452 3497; x_wconf 91' lang='lat' dir='ltr'><strong>te</strong></span> <span class='ocrx_word' id='word_1_586' title='bbox 2497 3443 2739 3497; x_wconf 89' lang='lat' dir='ltr'><strong>venirem</strong></span> <span class='ocrx_word' id='word_1_587' title='bbox 2773 3460 2783 3494; x_wconf 95' lang='lat'>:</span> <span class='ocrx_word' id='word_1_588' title='bbox 2817 3443 2886 3495; x_wconf 88' lang='lat' dir='ltr'><strong>it-a</strong></span> <span class='ocrx_word' id='word_1_589' title='bbox 2917 3451 2975 3494; x_wconf 94' lang='lat' dir='ltr'><strong>ut</strong></span> <span class='ocrx_word' id='word_1_590' title='bbox 3003 3441 3270 3495; x_wconf 81' lang='lat' dir='ltr'><strong>adventus</strong></span> <span class='ocrx_word' id='word_1_591' title='bbox 3302 3457 3431 3495; x_wconf 88' lang='lat' dir='ltr'><strong>cau-</strong></span> 
     </span>
    </p>
   </div>
   <div class='ocr_carea' id='block_1_81' title="bbox 1855 3533 3431 3605">
    <p class='ocr_par' dir='ltr' id='par_1_81' title="bbox 1855 3533 3431 3605">
     <span class='ocr_line' id='line_1_81' title="bbox 1855 3533 3431 3605; baseline -0.001 -16"><span class='ocrx_word' id='word_1_592' title='bbox 1855 3550 1971 3590; x_wconf 86' lang='lat' dir='ltr'><strong>sam</strong></span> <span class='ocrx_word' id='word_1_593' title='bbox 2025 3535 2408 3605; x_wconf 84' lang='lat' dir='ltr'><strong>interroganti,</strong></span> <span class='ocrx_word' id='word_1_594' title='bbox 2456 3535 2586 3604; x_wconf 90' lang='lat' dir='ltr'><strong>quid</strong></span> <span class='ocrx_word' id='word_1_595' title='bbox 2633 3549 2912 3599; x_wconf 84' lang='lat' dir='ltr'><strong>causa-rer,</strong></span> <span class='ocrx_word' id='word_1_596' title='bbox 2958 3533 3274 3602; x_wconf 89' lang='lat' dir='ltr'><strong>plerumque</strong></span> <span class='ocrx_word' id='word_1_597' title='bbox 3321 3547 3431 3588; x_wconf 85' lang='lat' dir='ltr'><strong>non</strong></span> 
     </span>
    </p>
   </div>
   <div class='ocr_carea' id='block_1_82' title="bbox 1857 3623 3427 3694">
    <p class='ocr_par' dir='ltr' id='par_1_82' title="bbox 1857 3623 3427 3694">
     <span class='ocr_line' id='line_1_82' title="bbox 1857 3623 3427 3694; baseline -0.001 -16"><span class='ocrx_word' id='word_1_598' title='bbox 1857 3625 2158 3678; x_wconf 88' lang='lat' dir='ltr'><strong>haberem:</strong></span> <span class='ocrx_word' id='word_1_599' title='bbox 2195 3640 2370 3694; x_wconf 90' lang='lat' dir='ltr'><strong>usque</strong></span> <span class='ocrx_word' id='word_1_600' title='bbox 2414 3624 2548 3679; x_wconf 89' lang='lat' dir='ltr'><strong>adeo</strong></span> <span class='ocrx_word' id='word_1_601' title='bbox 2593 3624 2741 3679; x_wconf 89' lang='lat' dir='ltr'><strong>salus</strong></span> <span class='ocrx_word' id='word_1_602' title='bbox 2785 3640 2901 3677; x_wconf 88' lang='lat' dir='ltr'><strong>mea</strong></span> <span class='ocrx_word' id='word_1_603' title='bbox 2935 3640 2999 3678; x_wconf 83' lang='lat' dir='ltr'><strong>ex</strong></span> <span class='ocrx_word' id='word_1_604' title='bbox 3054 3633 3107 3677; x_wconf 88' lang='lat' dir='ltr'><strong>te</strong></span> <span class='ocrx_word' id='word_1_605' title='bbox 3138 3623 3427 3690; x_wconf 88' lang='lat' dir='ltr'><strong>pendebat.</strong></span> 
     </span>
    </p>
   </div>
   <div class='ocr_carea' id='block_1_83' title="bbox 1855 3715 3432 3788">
    <p class='ocr_par' dir='ltr' id='par_1_83' title="bbox 1855 3715 3432 3788">
     <span class='ocr_line' id='line_1_83' title="bbox 1855 3715 3432 3788; baseline 0.001 -20"><span class='ocrx_word' id='word_1_606' title='bbox 1855 3715 1921 3769; x_wconf 89' lang='lat' dir='ltr'><strong>Et</strong></span> <span class='ocrx_word' id='word_1_607' title='bbox 1948 3725 2150 3785; x_wconf 91' lang='lat' dir='ltr'><strong>quotus</strong></span> <span class='ocrx_word' id='word_1_608' title='bbox 2184 3719 2418 3788; x_wconf 91' lang='lat' dir='ltr'><strong>quisque</strong></span> <span class='ocrx_word' id='word_1_609' title='bbox 2450 3726 2533 3773; x_wconf 90' lang='lat' dir='ltr'><strong>est</strong></span> <span class='ocrx_word' id='word_1_610' title='bbox 2563 3718 2654 3788; x_wconf 91' lang='lat' dir='ltr'><strong>qui</strong></span> <span class='ocrx_word' id='word_1_611' title='bbox 2684 3718 2749 3772; x_wconf 89' lang='lat' dir='ltr'><strong>ad</strong></span> <span class='ocrx_word' id='word_1_612' title='bbox 2785 3718 2967 3770; x_wconf 83' lang='lat' dir='ltr'><strong>llllllcn</strong></span> <span class='ocrx_word' id='word_1_613' title='bbox 3002 3732 3105 3771; x_wconf 92' lang='lat' dir='ltr'><strong>non</strong></span> <span class='ocrx_word' id='word_1_614' title='bbox 3141 3717 3432 3772; x_wconf 82' lang='lat' dir='ltr'><strong>occurrat?</strong></span> 
     </span>
    </p>
   </div>
   <div class='ocr_carea' id='block_1_84' title="bbox 1854 3805 3428 3881">
    <p class='ocr_par' dir='ltr' id='par_1_84' title="bbox 1854 3805 3428 3881">
     <span class='ocr_line' id='line_1_84' title="bbox 1854 3805 3428 3881; baseline 0.002 -21"><span class='ocrx_word' id='word_1_615' title='bbox 1854 3805 2054 3863; x_wconf 83' lang='lat' dir='ltr'><strong>Verum</strong></span> <span class='ocrx_word' id='word_1_616' title='bbox 2088 3811 2290 3878; x_wconf 83' lang='lat' dir='ltr'><strong>gratias</strong></span> <span class='ocrx_word' id='word_1_617' title='bbox 2317 3810 2428 3864; x_wconf 89' lang='lat' dir='ltr'><strong>Deo</strong></span> <span class='ocrx_word' id='word_1_618' title='bbox 2458 3824 2584 3878; x_wconf 82' lang='lat' dir='ltr'><strong>ago,</strong></span> <span class='ocrx_word' id='word_1_619' title='bbox 2617 3819 2839 3880; x_wconf 90' lang='lat' dir='ltr'><strong>propter</strong></span> <span class='ocrx_word' id='word_1_620' title='bbox 2868 3826 3028 3881; x_wconf 90' lang='lat' dir='ltr'><strong>quem</strong></span> <span class='ocrx_word' id='word_1_621' title='bbox 3055 3807 3084 3865; x_wconf 84' lang='lat' dir='ltr'><strong>a</strong></span> <span class='ocrx_word' id='word_1_622' title='bbox 3121 3819 3172 3865; x_wconf 91' lang='lat' dir='ltr'><strong>te</strong></span> <span class='ocrx_word' id='word_1_623' title='bbox 3201 3809 3428 3863; x_wconf 87' lang='lat' dir='ltr'><strong>avulsus</strong></span> 
     </span>
    </p>
   </div>
   <div class='ocr_carea' id='block_1_85' title="bbox 1852 3902 3429 3972">
    <p class='ocr_par' dir='ltr' id='par_1_85' title="bbox 1852 3902 3429 3972">
     <span class='ocr_line' id='line_1_85' title="bbox 1852 3902 3429 3972; baseline -0.001 -17"><span class='ocrx_word' id='word_1_624' title='bbox 1852 3915 1971 3956; x_wconf 91' lang='lat' dir='ltr'><strong>sum</strong></span> <span class='ocrx_word' id='word_1_625' title='bbox 2031 3902 2250 3956; x_wconf 88' lang='lat' dir='ltr'><strong>illorum</strong></span> <span class='ocrx_word' id='word_1_626' title='bbox 2299 3902 2572 3965; x_wconf 85' lang='lat' dir='ltr'><strong>manibus.</strong></span> <span class='ocrx_word' id='word_1_627' title='bbox 2620 3902 2712 3972; x_wconf 90' lang='lat' dir='ltr'><strong>qui</strong></span> <span class='ocrx_word' id='word_1_628' title='bbox 2751 3902 2868 3970; x_wconf 89' lang='lat' dir='ltr'><strong>ejus</strong></span> <span class='ocrx_word' id='word_1_629' title='bbox 2917 3902 3087 3971; x_wconf 83' lang='lat' dir='ltr'><strong>legem</strong></span> <span class='ocrx_word' id='word_1_630' title='bbox 3133 3903 3429 3958; x_wconf 87' lang='lat' dir='ltr'><strong>conculca-</strong></span> 
     </span>
    </p>
   </div>
   <div class='ocr_carea' id='block_1_86' title="bbox 1849 3993 3428 4065">
    <p class='ocr_par' dir='ltr' id='par_1_86' title="bbox 1849 3993 3428 4065">
     <span class='ocr_line' id='line_1_86' title="bbox 1849 3993 3428 4065; baseline 0.001 -18"><span class='ocrx_word' id='word_1_631' title='bbox 1849 4002 1998 4059; x_wconf 88' lang='lat' dir='ltr'><strong>runt,</strong></span> <span class='ocrx_word' id='word_1_632' title='bbox 2032 4003 2083 4048; x_wconf 90' lang='lat' dir='ltr'><strong>et</strong></span> <span class='ocrx_word' id='word_1_633' title='bbox 2119 4009 2148 4048; x_wconf 90' lang='lat' dir='ltr'><strong>a</strong></span> <span class='ocrx_word' id='word_1_634' title='bbox 2192 3994 2468 4050; x_wconf 88' lang='lat' dir='ltr'><strong>similibus</strong></span> <span class='ocrx_word' id='word_1_635' title='bbox 2502 3995 2686 4049; x_wconf 82' lang='lat' dir='ltr'><strong>exorsi</strong></span> <span class='ocrx_word' id='word_1_636' title='bbox 2714 4003 2864 4049; x_wconf 90' lang='lat' dir='ltr'><strong>sunt.</strong></span> <span class='ocrx_word' id='word_1_637' title='bbox 2895 3993 3012 4048; x_wconf 87' lang='lat' dir='ltr'><strong>Non</strong></span> <span class='ocrx_word' id='word_1_638' title='bbox 3056 3996 3284 4065; x_wconf 89' lang='lat' dir='ltr'><strong>imputet</strong></span> <span class='ocrx_word' id='word_1_639' title='bbox 3318 3995 3428 4048; x_wconf 87' lang='lat' dir='ltr'><strong>illis</strong></span> 
     </span>
    </p>
   </div>
   <div class='ocr_carea' id='block_1_87' title="bbox 1850 4085 3428 4156">
    <p class='ocr_par' dir='ltr' id='par_1_87' title="bbox 1850 4085 3428 4156">
     <span class='ocr_line' id='line_1_87' title="bbox 1850 4085 3428 4156; baseline 0.001 -16"><span class='ocrx_word' id='word_1_640' title='bbox 1850 4085 2113 4140; x_wconf 89' lang='lat' dir='ltr'><strong>Dominus</strong></span> <span class='ocrx_word' id='word_1_641' title='bbox 2149 4085 2290 4141; x_wconf 90' lang='lat' dir='ltr'><strong>Deus</strong></span> <span class='ocrx_word' id='word_1_642' title='bbox 2320 4101 2474 4141; x_wconf 89' lang='lat' dir='ltr'><strong>meus</strong></span> <span class='ocrx_word' id='word_1_643' title='bbox 2510 4095 2821 4156; x_wconf 86' lang='lat' dir='ltr'><strong>peccatum;</strong></span> <span class='ocrx_word' id='word_1_644' title='bbox 2861 4089 2953 4144; x_wconf 88' lang='lat' dir='ltr'><strong>sed</strong></span> <span class='ocrx_word' id='word_1_645' title='bbox 2998 4088 3064 4142; x_wconf 92' lang='lat' dir='ltr'><strong>ad</strong></span> <span class='ocrx_word' id='word_1_646' title='bbox 3105 4087 3428 4144; x_wconf 86' lang='lat' dir='ltr'><strong>temeritatis</strong></span> 
     </span>
    </p>
   </div>
   <div class='ocr_carea' id='block_1_88' title="bbox 1846 4179 3428 4252">
    <p class='ocr_par' dir='ltr' id='par_1_88' title="bbox 1846 4179 3428 4252">
     <span class='ocr_line' id='line_1_88' title="bbox 1846 4179 3428 4252; baseline 0.003 -20"><span class='ocrx_word' id='word_1_647' title='bbox 1846 4179 2178 4249; x_wconf 81' lang='lat' dir='ltr'><strong>agnitionem</strong></span> <span class='ocrx_word' id='word_1_648' title='bbox 2227 4179 2348 4234; x_wconf 91' lang='lat' dir='ltr'><strong>illos</strong></span> <span class='ocrx_word' id='word_1_649' title='bbox 2391 4180 2712 4249; x_wconf 89' lang='lat' dir='ltr'><strong>compellat;</strong></span> <span class='ocrx_word' id='word_1_650' title='bbox 2756 4189 2816 4234; x_wconf 89' lang='lat' dir='ltr'><strong>ut</strong></span> <span class='ocrx_word' id='word_1_651' title='bbox 2862 4181 3023 4237; x_wconf 87' lang='lat' dir='ltr'><strong>nobis</strong></span> <span class='ocrx_word' id='word_1_652' title='bbox 3072 4183 3290 4252; x_wconf 84' lang='lat' dir='ltr'><strong>quidem</strong></span> <span class='ocrx_word' id='word_1_653' title='bbox 3329 4197 3428 4250; x_wconf 88' lang='lat' dir='ltr'><strong>pa-</strong></span> 
     </span>
    </p>
   </div>
   <div class='ocr_carea' id='block_1_89' title="bbox 1848 4273 3424 4347">
    <p class='ocr_par' dir='ltr' id='par_1_89' title="bbox 1848 4273 3424 4347">
     <span class='ocr_line' id='line_1_89' title="bbox 1848 4273 3424 4347; baseline 0.003 -21"><span class='ocrx_word' id='word_1_654' title='bbox 1848 4283 1984 4327; x_wconf 88' lang='lat' dir='ltr'><strong>trem</strong></span> <span class='ocrx_word' id='word_1_655' title='bbox 2036 4273 2358 4339; x_wconf 90' lang='lat' dir='ltr'><strong>restituant;</strong></span> <span class='ocrx_word' id='word_1_656' title='bbox 2421 4273 2526 4342; x_wconf 90' lang='lat' dir='ltr'><strong>ipsi</strong></span> <span class='ocrx_word' id='word_1_657' title='bbox 2585 4283 2765 4328; x_wconf 88' lang='lat' dir='ltr'><strong>autem</strong></span> <span class='ocrx_word' id='word_1_658' title='bbox 2819 4290 3010 4344; x_wconf 74' lang='lat' dir='ltr'><strong>pmnas</strong></span> <span class='ocrx_word' id='word_1_659' title='bbox 3067 4277 3189 4347; x_wconf 89' lang='lat' dir='ltr'><strong>ejus</strong></span> <span class='ocrx_word' id='word_1_660' title='bbox 3254 4290 3424 4330; x_wconf 88' lang='lat' dir='ltr'><strong>causa</strong></span> 
     </span>
    </p>
   </div>
   <div class='ocr_carea' id='block_1_90' title="bbox 1844 4363 3423 4436">
    <p class='ocr_par' dir='ltr' id='par_1_90' title="bbox 1844 4363 3423 4436">
     <span class='ocr_line' id='line_1_90' title="bbox 1844 4363 3423 4436; baseline 0.004 -20"><span class='ocrx_word' id='word_1_661' title='bbox 1844 4379 1952 4419; x_wconf 91' lang='lat' dir='ltr'><strong>non</strong></span> <span class='ocrx_word' id='word_1_662' title='bbox 1994 4365 2164 4418; x_wconf 92' lang='lat' dir='ltr'><strong>luant.</strong></span> <span class='ocrx_word' id='word_1_663' title='bbox 2200 4363 2549 4419; x_wconf 91' lang='lat' dir='ltr'><strong>lnclusernnt</strong></span> <span class='ocrx_word' id='word_1_664' title='bbox 2577 4374 2649 4431; x_wconf 91' lang='lat' dir='ltr'><strong>te,</strong></span> <span class='ocrx_word' id='word_1_665' title='bbox 2700 4373 2759 4419; x_wconf 93' lang='lat' dir='ltr'><strong>ut</strong></span> <span class='ocrx_word' id='word_1_666' title='bbox 2805 4366 3140 4436; x_wconf 84' lang='lat' dir='ltr'><strong>accepimus,</strong></span> <span class='ocrx_word' id='word_1_667' title='bbox 3189 4377 3423 4436; x_wconf 84' lang='lat' dir='ltr'><strong>angusta</strong></span> 
     </span>
    </p>
   </div>
   <div class='ocr_carea' id='block_1_91' title="bbox 1843 4455 3421 4523">
    <p class='ocr_par' dir='ltr' id='par_1_91' title="bbox 1843 4455 3421 4523">
     <span class='ocr_line' id='line_1_91' title="bbox 1843 4455 3421 4523; baseline 0.003 -14"><span class='ocrx_word' id='word_1_668' title='bbox 1843 4455 1898 4510; x_wconf 92' lang='lat' dir='ltr'><strong>in</strong></span> <span class='ocrx_word' id='word_1_669' title='bbox 1942 4457 2165 4512; x_wconf 64' lang='lat' dir='ltr'><strong>aedicula</strong></span> <span class='ocrx_word' id='word_1_670' title='bbox 2192 4475 2207 4523; x_wconf 89' lang='lat'><strong>;</strong></span> <span class='ocrx_word' id='word_1_671' title='bbox 2237 4466 2291 4511; x_wconf 91' lang='lat' dir='ltr'><strong>at</strong></span> <span class='ocrx_word' id='word_1_672' title='bbox 2321 4457 2441 4512; x_wconf 66' lang='grc' dir='ltr'>ειειί</span> <span class='ocrx_word' id='word_1_673' title='bbox 2479 4457 2652 4512; x_wconf 88' lang='lat' dir='ltr'><strong>civem</strong></span> <span class='ocrx_word' id='word_1_674' title='bbox 2701 4466 2752 4513; x_wconf 90' lang='lat' dir='ltr'><strong>te</strong></span> <span class='ocrx_word' id='word_1_675' title='bbox 2791 4460 3196 4516; x_wconf 88' lang='lat' dir='ltr'><strong>renuntiarunt.</strong></span> <span class='ocrx_word' id='word_1_676' title='bbox 3240 4459 3319 4514; x_wconf 90' lang='lat' dir='ltr'><strong>Te</strong></span> <span class='ocrx_word' id='word_1_677' title='bbox 3364 4457 3421 4514; x_wconf 88' lang='lat' dir='ltr'><strong>in</strong></span> 
     </span>
    </p>
   </div>
   <div class='ocr_carea' id='block_1_92' title="bbox 162 4524 1757 4622">
    <p class='ocr_par' dir='ltr' id='par_1_92' title="bbox 162 4524 1730 4613">
     <span class='ocr_line' id='line_1_92' title="bbox 162 4524 1730 4613; baseline 0.015 -40"><span class='ocrx_word' id='word_1_678' title='bbox 162 4524 249 4575; x_wconf 78' lang='grc' dir='ltr'><strong>τοῦ</strong></span> <span class='ocrx_word' id='word_1_679' title='bbox 280 4525 513 4597; x_wconf 86' lang='grc' dir='ltr'>ούρανοῦ</span> <span class='ocrx_word' id='word_1_680' title='bbox 562 4543 621 4578; x_wconf 88' lang='grc' dir='ltr'><strong>σε</strong></span> <span class='ocrx_word' id='word_1_681' title='bbox 671 4529 931 4597; x_wconf 82' lang='grc' dir='ltr'>οἰκήτορα</span> <span class='ocrx_word' id='word_1_682' title='bbox 983 4531 1281 4599; x_wconf 85' lang='grc' dir='ltr'>ἀνέδειξαν.</span> <span class='ocrx_word' id='word_1_683' title='bbox 1330 4537 1730 4613; x_wconf 83' lang='grc' dir='ltr'>Ἐφρούρησαν,</span> 
     </span>
    </p>
   </div>
   <div class='ocr_carea' id='block_1_93' title="bbox 1861 4524 3420 4622">
    <p class='ocr_par' dir='ltr' id='par_1_93' title="bbox 1861 4549 3420 4622">
     <span class='ocr_line' id='line_1_93' title="bbox 1861 4549 3420 4622; baseline 0.001 -19"><span class='ocrx_word' id='word_1_684' title='bbox 1861 4550 2143 4604; x_wconf 84' lang='lat' dir='ltr'><strong>:ustodiam</strong></span> <span class='ocrx_word' id='word_1_685' title='bbox 2185 4549 2436 4604; x_wconf 91' lang='lat' dir='ltr'><strong>homines</strong></span> <span class='ocrx_word' id='word_1_686' title='bbox 2477 4563 2670 4605; x_wconf 89' lang='lat' dir='ltr'><strong>sensus</strong></span> <span class='ocrx_word' id='word_1_687' title='bbox 2735 4559 2984 4619; x_wconf 82' lang='lat' dir='ltr'><strong>expertes</strong></span> <span class='ocrx_word' id='word_1_688' title='bbox 3026 4554 3420 4622; x_wconf 87' lang='lat' dir='ltr'><strong>conjecerunt,</strong></span> 
     </span>
    </p>
   </div>
   <div class='ocr_carea' id='block_1_94' title="bbox 163 4616 1733 4695">
    <p class='ocr_par' dir='ltr' id='par_1_94' title="bbox 163 4616 1733 4695">
     <span class='ocr_line' id='line_1_94' title="bbox 163 4616 1733 4695; baseline 0.015 -30"><span class='ocrx_word' id='word_1_689' title='bbox 163 4616 256 4669; x_wconf 79' lang='grc' dir='ltr'><strong>οὐκ</strong></span> <span class='ocrx_word' id='word_1_690' title='bbox 287 4618 523 4690; x_wconf 74' lang='grc' dir='ltr'>ᾔσθοντο</span> <span class='ocrx_word' id='word_1_691' title='bbox 552 4619 634 4672; x_wconf 87' lang='grc' dir='ltr'><strong>δέ·</strong></span> <span class='ocrx_word' id='word_1_692' title='bbox 677 4619 950 4692; x_wconf 78' lang='grc' dir='ltr'>θησαυρὸν</span> <span class='ocrx_word' id='word_1_693' title='bbox 977 4623 1085 4693; x_wconf 77' lang='grc' dir='ltr'><strong>γάρ</strong></span> <span class='ocrx_word' id='word_1_694' title='bbox 1116 4625 1409 4695; x_wconf 86' lang='grc' dir='ltr'>ὁμολογίας</span> <span class='ocrx_word' id='word_1_695' title='bbox 1438 4631 1592 4685; x_wconf 85' lang='grc' dir='ltr'>Θεοῦ·</span> <span class='ocrx_word' id='word_1_696' title='bbox 1627 4636 1733 4688; x_wconf 86' lang='grc' dir='ltr'><strong>κάκ</strong></span> 
     </span>
    </p>
   </div>
   <div class='ocr_carea' id='block_1_95' title="bbox 161 4709 1733 4795">
    <p class='ocr_par' dir='ltr' id='par_1_95' title="bbox 161 4709 1733 4795">
     <span class='ocr_line' id='line_1_95' title="bbox 161 4709 1733 4795; baseline 0.015 -38"><span class='ocrx_word' id='word_1_697' title='bbox 161 4709 343 4763; x_wconf 87' lang='grc' dir='ltr'>τούτου</span> <span class='ocrx_word' id='word_1_698' title='bbox 374 4715 564 4780; x_wconf 81' lang='grc' dir='ltr'>γνοῖεν</span> <span class='ocrx_word' id='word_1_699' title='bbox 590 4711 637 4763; x_wconf 87' lang='grc' dir='ltr'>δ’</span> <span class='ocrx_word' id='word_1_700' title='bbox 668 4711 755 4777; x_wconf 78' lang='grc' dir='ltr'><strong>ἂν,</strong></span> <span class='ocrx_word' id='word_1_701' title='bbox 783 4713 942 4785; x_wconf 88' lang='grc' dir='ltr'>εῐπερ</span> <span class='ocrx_word' id='word_1_702' title='bbox 964 4713 1231 4784; x_wconf 70' lang='grc' dir='ltr'>βλέψοιεν,</span> <span class='ocrx_word' id='word_1_703' title='bbox 1265 4721 1346 4773; x_wconf 84' lang='grc' dir='ltr'><strong>ὅτι</strong></span> <span class='ocrx_word' id='word_1_704' title='bbox 1379 4739 1439 4775; x_wconf 89' lang='grc' dir='ltr'><strong>σε</strong></span> <span class='ocrx_word' id='word_1_705' title='bbox 1468 4724 1648 4795; x_wconf 88' lang='grc' dir='ltr'>τίμιον</span> <span class='ocrx_word' id='word_1_706' title='bbox 1673 4729 1733 4781; x_wconf 86' lang='grc' dir='ltr'><strong>ἐν</strong></span> 
     </span>
    </p>
   </div>
   <div class='ocr_carea' id='block_1_96' title="bbox 161 4800 1732 4883">
    <p class='ocr_par' dir='ltr' id='par_1_96' title="bbox 161 4800 1732 4883">
     <span class='ocr_line' id='line_1_96' title="bbox 161 4800 1732 4883; baseline 0.015 -33"><span class='ocrx_word' id='word_1_707' title='bbox 161 4800 460 4872; x_wconf 84' lang='grc' dir='ltr'>ἀνθρώποις</span> <span class='ocrx_word' id='word_1_708' title='bbox 479 4804 807 4875; x_wconf 86' lang='grc' dir='ltr'>ἐγνώρισαν,</span> <span class='ocrx_word' id='word_1_709' title='bbox 833 4806 927 4861; x_wconf 82' lang='grc' dir='ltr'><strong>καὶ</strong></span> <span class='ocrx_word' id='word_1_710' title='bbox 952 4807 1144 4879; x_wconf 85' lang='grc' dir='ltr'>κόσμῳ</span> <span class='ocrx_word' id='word_1_711' title='bbox 1171 4813 1457 4883; x_wconf 81' lang='grc' dir='ltr'>σωτήριον,</span> <span class='ocrx_word' id='word_1_712' title='bbox 1484 4818 1578 4871; x_wconf 80' lang='grc' dir='ltr'><strong>καὶ</strong></span> <span class='ocrx_word' id='word_1_713' title='bbox 1603 4820 1732 4873; x_wconf 87' lang='grc' dir='ltr'>πολ-</span> 
     </span>
    </p>
   </div>
   <div class='ocr_carea' id='block_1_97' title="bbox 159 4887 632 4960">
    <p class='ocr_par' dir='ltr' id='par_1_97' title="bbox 159 4887 632 4960">
     <span class='ocr_line' id='line_1_97' title="bbox 159 4887 632 4960; baseline 0.021 -20"><span class='ocrx_word' id='word_1_714' title='bbox 159 4887 263 4953; x_wconf 83' lang='grc' dir='ltr'>λοῖς</span> <span class='ocrx_word' id='word_1_715' title='bbox 287 4894 632 4960; x_wconf 75' lang='grc' dir='ltr'>φιλοθέατον.</span> 
     </span>
    </p>
   </div>
   <div class='ocr_carea' id='block_1_98' title="bbox 232 4983 1721 5069">
    <p class='ocr_par' dir='ltr' id='par_1_98' title="bbox 232 4983 1721 5069">
     <span class='ocr_line' id='line_1_98' title="bbox 232 4983 1721 5069; baseline 0.013 -33"><span class='ocrx_word' id='word_1_716' title='bbox 232 4983 425 5051; x_wconf 82' lang='grc' dir='ltr'>Ἐδέξω</span> <span class='ocrx_word' id='word_1_717' title='bbox 472 4987 572 5049; x_wconf 78' lang='grc' dir='ltr'>τὰς</span> <span class='ocrx_word' id='word_1_718' title='bbox 599 4988 823 5059; x_wconf 85' lang='grc' dir='ltr'>ἀτιμίας</span> <span class='ocrx_word' id='word_1_719' title='bbox 873 4992 970 5045; x_wconf 69' lang='grc' dir='ltr'>καὶ</span> <span class='ocrx_word' id='word_1_720' title='bbox 1033 4992 1222 5062; x_wconf 79' lang='grc' dir='ltr'>ὕϐρεις</span> <span class='ocrx_word' id='word_1_721' title='bbox 1272 4997 1414 5068; x_wconf 82' lang='grc' dir='ltr'>μετὰ</span> <span class='ocrx_word' id='word_1_722' title='bbox 1464 4999 1721 5069; x_wconf 87' lang='grc' dir='ltr'>Χριστοῦ·</span> 
     </span>
    </p>
   </div>
   <div class='ocr_carea' id='block_1_99' title="bbox 159 5071 1726 5164">
    <p class='ocr_par' dir='ltr' id='par_1_99' title="bbox 159 5071 1726 5164">
     <span class='ocr_line' id='line_1_99' title="bbox 159 5071 1726 5164; baseline 0.015 -39"><span class='ocrx_word' id='word_1_723' title='bbox 159 5071 409 5150; x_wconf 81' lang='grc' dir='ltr'>ἐδιώχθης</span> <span class='ocrx_word' id='word_1_724' title='bbox 467 5079 546 5141; x_wconf 87' lang='grc' dir='ltr'>ὡς</span> <span class='ocrx_word' id='word_1_725' title='bbox 598 5080 866 5153; x_wconf 84' lang='grc' dir='ltr'>μακάριος</span> <span class='ocrx_word' id='word_1_726' title='bbox 890 5101 902 5114; x_wconf 93' lang='grc'><strong>·</strong></span> <span class='ocrx_word' id='word_1_727' title='bbox 937 5086 1273 5157; x_wconf 83' lang='grc' dir='ltr'>ἐσκόρπισάν</span> <span class='ocrx_word' id='word_1_728' title='bbox 1314 5107 1408 5142; x_wconf 92' lang='grc' dir='ltr'><strong>σου</strong></span> <span class='ocrx_word' id='word_1_729' title='bbox 1430 5091 1497 5145; x_wconf 91' lang='grc' dir='ltr'><strong>τά</strong></span> <span class='ocrx_word' id='word_1_730' title='bbox 1527 5096 1726 5164; x_wconf 77' lang='grc' dir='ltr'>πρόϐα-</span> 
     </span>
    </p>
   </div>
   <div class='ocr_carea' id='block_1_100' title="bbox 156 5168 1723 5249">
    <p class='ocr_par' dir='ltr' id='par_1_100' title="bbox 156 5168 1723 5249">
     <span class='ocr_line' id='line_1_100' title="bbox 156 5168 1723 5249; baseline 0.019 -37"><span class='ocrx_word' id='word_1_731' title='bbox 156 5176 238 5230; x_wconf 86' lang='grc' dir='ltr'><strong>τα,</strong></span> <span class='ocrx_word' id='word_1_732' title='bbox 275 5168 355 5222; x_wconf 81' lang='grc' dir='ltr'>ὅτι</span> <span class='ocrx_word' id='word_1_733' title='bbox 399 5187 461 5224; x_wconf 89' lang='grc' dir='ltr'><strong>σε</strong></span> <span class='ocrx_word' id='word_1_734' title='bbox 511 5169 606 5222; x_wconf 83' lang='grc' dir='ltr'>τὸν</span> <span class='ocrx_word' id='word_1_735' title='bbox 654 5173 888 5242; x_wconf 86' lang='grc' dir='ltr'>ποιμένα</span> <span class='ocrx_word' id='word_1_736' title='bbox 924 5176 1000 5240; x_wconf 85' lang='grc' dir='ltr'>ὡς</span> <span class='ocrx_word' id='word_1_737' title='bbox 1056 5179 1290 5249; x_wconf 84' lang='grc' dir='ltr'>Χριστὸν</span> <span class='ocrx_word' id='word_1_738' title='bbox 1337 5182 1632 5249; x_wconf 83' lang='grc' dir='ltr'>ἐπάταξαν.</span> <span class='ocrx_word' id='word_1_739' title='bbox 1661 5190 1723 5243; x_wconf 77' lang='lat' dir='ltr'><strong>El</strong></span> 
     </span>
    </p>
   </div>
   <div class='ocr_carea' id='block_1_101' title="bbox 157 5256 1724 5347">
    <p class='ocr_par' dir='ltr' id='par_1_101' title="bbox 157 5256 1724 5347">
     <span class='ocr_line' id='line_1_101' title="bbox 157 5256 1724 5347; baseline 0.017 -39"><span class='ocrx_word' id='word_1_740' title='bbox 157 5256 242 5309; x_wconf 71' lang='grc' dir='ltr'><strong>καὶ</strong></span> <span class='ocrx_word' id='word_1_741' title='bbox 265 5260 542 5333; x_wconf 80' lang='grc' dir='ltr'>τολμηρὸν</span> <span class='ocrx_word' id='word_1_742' title='bbox 594 5262 792 5328; x_wconf 81' lang='grc' dir='ltr'>εἰπεῖν,</span> <span class='ocrx_word' id='word_1_743' title='bbox 846 5265 994 5335; x_wconf 82' lang='grc' dir='ltr'>ὅμως</span> <span class='ocrx_word' id='word_1_744' title='bbox 1033 5268 1198 5322; x_wconf 78' lang='grc' dir='ltr'>αὑτοῦ</span> <span class='ocrx_word' id='word_1_745' title='bbox 1247 5271 1341 5326; x_wconf 84' lang='grc' dir='ltr'><strong>καὶ</strong></span> <span class='ocrx_word' id='word_1_746' title='bbox 1385 5274 1416 5341; x_wconf 88' lang='grc' dir='ltr'>ἠ</span> <span class='ocrx_word' id='word_1_747' title='bbox 1452 5277 1624 5347; x_wconf 80' lang='grc' dir='ltr'>φωνὴ,</span> <span class='ocrx_word' id='word_1_748' title='bbox 1653 5283 1724 5335; x_wconf 81' lang='grc' dir='ltr'><strong>Εἰ</strong></span> 
     </span>
    </p>
   </div>
   <div class='ocr_carea' id='block_1_102' title="bbox 1839 4639 3417 4700">
    <p class='ocr_par' dir='ltr' id='par_1_102' title="bbox 1839 4639 3417 4700">
     <span class='ocr_line' id='line_1_102' title="bbox 1839 4639 3417 4700; baseline 0.003 -6"><span class='ocrx_word' id='word_1_749' title='bbox 1839 4640 2156 4696; x_wconf 88' lang='lat' dir='ltr'><strong>thesaurum</strong></span> <span class='ocrx_word' id='word_1_750' title='bbox 2219 4639 2581 4696; x_wconf 78' lang='lat' dir='ltr'><strong>confessionis</strong></span> <span class='ocrx_word' id='word_1_751' title='bbox 2631 4641 2847 4696; x_wconf 76' lang='lat' dir='ltr'><strong>divinae.</strong></span> <span class='ocrx_word' id='word_1_752' title='bbox 2907 4641 2999 4696; x_wconf 86' lang='lat' dir='ltr'><strong>Vel</strong></span> <span class='ocrx_word' id='word_1_753' title='bbox 3063 4645 3190 4700; x_wconf 90' lang='lat' dir='ltr'><strong>hinc</strong></span> <span class='ocrx_word' id='word_1_754' title='bbox 3232 4652 3417 4698; x_wconf 89' lang='lat' dir='ltr'><strong>autem</strong></span> 
     </span>
    </p>
   </div>
   <div class='ocr_carea' id='block_1_103' title="bbox 1836 4730 3414 4806">
    <p class='ocr_par' dir='ltr' id='par_1_103' title="bbox 1836 4730 3414 4806">
     <span class='ocr_line' id='line_1_103' title="bbox 1836 4730 3414 4806; baseline 0.004 -22"><span class='ocrx_word' id='word_1_755' title='bbox 1836 4741 2213 4800; x_wconf 84' lang='lat' dir='ltr'><strong>agnoscerent,</strong></span> <span class='ocrx_word' id='word_1_756' title='bbox 2265 4730 2311 4785; x_wconf 91' lang='lat' dir='ltr'><strong>si</strong></span> <span class='ocrx_word' id='word_1_757' title='bbox 2356 4731 2486 4800; x_wconf 90' lang='lat' dir='ltr'><strong>quid</strong></span> <span class='ocrx_word' id='word_1_758' title='bbox 2526 4731 2790 4798; x_wconf 87' lang='lat' dir='ltr'><strong>viderent,</strong></span> <span class='ocrx_word' id='word_1_759' title='bbox 2837 4736 2980 4803; x_wconf 92' lang='lat' dir='ltr'><strong>quod</strong></span> <span class='ocrx_word' id='word_1_760' title='bbox 3033 4743 3085 4790; x_wconf 95' lang='lat' dir='ltr'><strong>te</strong></span> <span class='ocrx_word' id='word_1_761' title='bbox 3113 4736 3414 4806; x_wconf 91' lang='lat' dir='ltr'><strong>pretiosum</strong></span> 
     </span>
    </p>
   </div>
   <div class='ocr_carea' id='block_1_104' title="bbox 1839 4824 3413 4894">
    <p class='ocr_par' dir='ltr' id='par_1_104' title="bbox 1839 4824 3413 4894">
     <span class='ocr_line' id='line_1_104' title="bbox 1839 4824 3413 4894; baseline 0.005 -17"><span class='ocrx_word' id='word_1_762' title='bbox 1839 4825 1981 4893; x_wconf 89' lang='lat' dir='ltr'><strong>apud</strong></span> <span class='ocrx_word' id='word_1_763' title='bbox 2012 4824 2260 4878; x_wconf 90' lang='lat' dir='ltr'><strong>homines</strong></span> <span class='ocrx_word' id='word_1_764' title='bbox 2300 4824 2654 4889; x_wconf 88' lang='lat' dir='ltr'><strong>ostenderint,</strong></span> <span class='ocrx_word' id='word_1_765' title='bbox 2692 4834 2745 4879; x_wconf 90' lang='lat' dir='ltr'><strong>et</strong></span> <span class='ocrx_word' id='word_1_766' title='bbox 2775 4826 2978 4880; x_wconf 92' lang='lat' dir='ltr'><strong>mundo</strong></span> <span class='ocrx_word' id='word_1_767' title='bbox 3009 4829 3329 4894; x_wconf 87' lang='lat' dir='ltr'><strong>salutarem,</strong></span> <span class='ocrx_word' id='word_1_768' title='bbox 3358 4839 3413 4885; x_wconf 91' lang='lat' dir='ltr'><strong>et</strong></span> 
     </span>
    </p>
   </div>
   <div class='ocr_carea' id='block_1_105' title="bbox 1837 4917 2437 4986">
    <p class='ocr_par' dir='ltr' id='par_1_105' title="bbox 1837 4917 2437 4986">
     <span class='ocr_line' id='line_1_105' title="bbox 1837 4917 2437 4986; baseline 0 -15"><span class='ocrx_word' id='word_1_769' title='bbox 1837 4917 2027 4972; x_wconf 88' lang='lat' dir='ltr'><strong>multis</strong></span> <span class='ocrx_word' id='word_1_770' title='bbox 2056 4918 2437 4986; x_wconf 83' lang='lat' dir='ltr'><strong>expetendum.</strong></span> 
     </span>
    </p>
   </div>
   <div class='ocr_carea' id='block_1_106' title="bbox 1906 5009 3404 5086">
    <p class='ocr_par' dir='ltr' id='par_1_106' title="bbox 1906 5009 3404 5086">
     <span class='ocr_line' id='line_1_106' title="bbox 1906 5009 3404 5086; baseline 0.004 -23"><span class='ocrx_word' id='word_1_771' title='bbox 1906 5009 2112 5065; x_wconf 89' lang='lat' dir='ltr'><strong>Probra</strong></span> <span class='ocrx_word' id='word_1_772' title='bbox 2153 5019 2206 5064; x_wconf 89' lang='lat' dir='ltr'><strong>et</strong></span> <span class='ocrx_word' id='word_1_773' title='bbox 2261 5011 2618 5067; x_wconf 88' lang='lat' dir='ltr'><strong>contumelias</strong></span> <span class='ocrx_word' id='word_1_774' title='bbox 2673 5028 2796 5066; x_wconf 92' lang='lat' dir='ltr'><strong>cum</strong></span> <span class='ocrx_word' id='word_1_775' title='bbox 2846 5015 3064 5068; x_wconf 86' lang='lat' dir='ltr'><strong>Christo</strong></span> <span class='ocrx_word' id='word_1_776' title='bbox 3115 5016 3404 5086; x_wconf 87' lang='lat' dir='ltr'><strong>pertulisti,</strong></span> 
     </span>
    </p>
   </div>
   <div class='ocr_carea' id='block_1_107' title="bbox 1835 5103 3408 5178">
    <p class='ocr_par' dir='ltr' id='par_1_107' title="bbox 1835 5103 3408 5178">
     <span class='ocr_line' id='line_1_107' title="bbox 1835 5103 3408 5178; baseline 0.006 -22"><span class='ocrx_word' id='word_1_777' title='bbox 1835 5103 2266 5172; x_wconf 88' lang='lat' dir='ltr'><strong>persecutionem</strong></span> <span class='ocrx_word' id='word_1_778' title='bbox 2321 5117 2510 5172; x_wconf 88' lang='lat' dir='ltr'><strong>passus</strong></span> <span class='ocrx_word' id='word_1_779' title='bbox 2537 5119 2597 5158; x_wconf 91' lang='lat' dir='ltr'><strong>es</strong></span> <span class='ocrx_word' id='word_1_780' title='bbox 2640 5113 2697 5159; x_wconf 92' lang='lat' dir='ltr'><strong>ut</strong></span> <span class='ocrx_word' id='word_1_781' title='bbox 2749 5106 2939 5161; x_wconf 90' lang='lat' dir='ltr'><strong>beatus</strong></span> <span class='ocrx_word' id='word_1_782' title='bbox 2987 5127 2998 5162; x_wconf 93' lang='lat'><em>:</em></span> <span class='ocrx_word' id='word_1_783' title='bbox 3035 5109 3408 5178; x_wconf 88' lang='lat' dir='ltr'><strong>disperserunt</strong></span> 
     </span>
    </p>
   </div>
   <div class='ocr_carea' id='block_1_108' title="bbox 1831 5197 3401 5274">
    <p class='ocr_par' dir='ltr' id='par_1_108' title="bbox 1831 5197 3401 5274">
     <span class='ocr_line' id='line_1_108' title="bbox 1831 5197 3401 5274; baseline 0.004 -22"><span class='ocrx_word' id='word_1_784' title='bbox 1831 5211 1962 5252; x_wconf 88' lang='lat' dir='ltr'><strong>oves</strong></span> <span class='ocrx_word' id='word_1_785' title='bbox 1999 5206 2141 5260; x_wconf 90' lang='lat' dir='ltr'><strong>tuas,</strong></span> <span class='ocrx_word' id='word_1_786' title='bbox 2174 5197 2301 5265; x_wconf 90' lang='lat' dir='ltr'><strong>quia</strong></span> <span class='ocrx_word' id='word_1_787' title='bbox 2344 5206 2394 5251; x_wconf 91' lang='lat' dir='ltr'><strong>te</strong></span> <span class='ocrx_word' id='word_1_788' title='bbox 2443 5208 2736 5266; x_wconf 90' lang='lat' dir='ltr'><strong>pastorem,</strong></span> <span class='ocrx_word' id='word_1_789' title='bbox 2761 5201 2902 5256; x_wconf 92' lang='lat' dir='ltr'><strong>sicut</strong></span> <span class='ocrx_word' id='word_1_790' title='bbox 2935 5200 3235 5270; x_wconf 90' lang='lat' dir='ltr'><strong>Christum,</strong></span> <span class='ocrx_word' id='word_1_791' title='bbox 3275 5220 3401 5274; x_wconf 89' lang='lat' dir='ltr'><strong>per-</strong></span> 
     </span>
    </p>
   </div>
   <div class='ocr_carea' id='block_1_109' title="bbox 1830 5289 3400 5364">
    <p class='ocr_par' dir='ltr' id='par_1_109' title="bbox 1830 5289 3400 5364">
     <span class='ocr_line' id='line_1_109' title="bbox 1830 5289 3400 5364; baseline 0.008 -20"><span class='ocrx_word' id='word_1_792' title='bbox 1830 5299 2142 5347; x_wconf 90' lang='lat' dir='ltr'><strong>cusserunt.</strong></span> <span class='ocrx_word' id='word_1_793' title='bbox 2201 5289 2312 5345; x_wconf 83' lang='lat' dir='ltr'><strong>Etsi</strong></span> <span class='ocrx_word' id='word_1_794' title='bbox 2382 5291 2561 5346; x_wconf 90' lang='lat' dir='ltr'><strong>dicere</strong></span> <span class='ocrx_word' id='word_1_795' title='bbox 2623 5292 2800 5347; x_wconf 80' lang='lat' dir='ltr'><strong>audax</strong></span> <span class='ocrx_word' id='word_1_796' title='bbox 2849 5295 3114 5364; x_wconf 88' lang='lat' dir='ltr'><strong>videatur,</strong></span> <span class='ocrx_word' id='word_1_797' title='bbox 3160 5309 3400 5357; x_wconf 86' lang='lat' dir='ltr'><strong>attamen</strong></span> 
     </span>
    </p>
   </div>
   <div class='ocr_carea' id='block_1_110' title="bbox 1647 5391 1881 5453">
    <p class='ocr_par' dir='ltr' id='par_1_110' title="bbox 1647 5391 1881 5453">
     <span class='ocr_line' id='line_1_110' title="bbox 1647 5391 1881 5453; baseline 0.047 -10"><span class='ocrx_word' id='word_1_798' title='bbox 1647 5391 1693 5444; x_wconf 83' lang='grc' dir='ltr'><strong>Ν</strong></span> <span class='ocrx_word' id='word_1_799' title='bbox 1699 5392 1881 5453; x_wconf 71' lang='grc' dir='ltr'>ΟΤᾹΞ.</span> 
     </span>
    </p>
   </div>
   <div class='ocr_carea' id='block_1_111' title="bbox 156 5457 1757 5592">
    <p class='ocr_par' dir='ltr' id='par_1_111' title="bbox 156 5457 1724 5592">
     <span class='ocr_line' id='line_1_111' title="bbox 220 5457 1724 5543; baseline 0.015 -28"><span class='ocrx_word' id='word_1_800' title='bbox 220 5457 291 5531; x_wconf 76' lang='lat'><strong>(3)</strong></span> <span class='ocrx_word' id='word_1_801' title='bbox 327 5464 421 5519; x_wconf 77' lang='grc' dir='ltr'>Ἐν</span> <span class='ocrx_word' id='word_1_802' title='bbox 450 5468 706 5531; x_wconf 73' lang='grc' dir='ltr'>οἰκίσκῳ</span> <span class='ocrx_word' id='word_1_803' title='bbox 760 5467 972 5537; x_wconf 83' lang='grc' dir='ltr'>μικρῷ.</span> <span class='ocrx_word' id='word_1_804' title='bbox 1014 5470 1375 5543; x_wconf 83' lang='lat' dir='ltr'><strong>TheOphanes</strong></span> <span class='ocrx_word' id='word_1_805' title='bbox 1414 5478 1478 5532; x_wconf 89' lang='lat' dir='ltr'><strong>ad</strong></span> <span class='ocrx_word' id='word_1_806' title='bbox 1521 5495 1724 5540; x_wconf 87' lang='lat' dir='ltr'><strong>annum</strong></span> 
     </span>
     <span class='ocr_line' id='line_1_112' title="bbox 156 5530 1724 5592; baseline 0 0"><span class='ocrx_word' id='word_1_807' title='bbox 156 5530 201 5592; x_wconf 72' lang='grc' dir='ltr'><strong>Ῐ¹</strong></span> <span class='ocrx_word' id='word_1_808' title='bbox 234 5531 578 5591; x_wconf 84' lang='lat' dir='ltr'><strong>Constantini</strong></span> <span class='ocrx_word' id='word_1_809' title='bbox 636 5547 689 5592; x_wconf 89' lang='lat' dir='ltr'><strong>et</strong></span> <span class='ocrx_word' id='word_1_810' title='bbox 730 5538 938 5592; x_wconf 89' lang='lat' dir='ltr'><strong>lrenes.</strong></span> <span class='ocrx_word' id='word_1_811' title='bbox 989 5542 1046 5592; x_wconf 85' lang='lat' dir='ltr'><strong>&#39;O</strong></span> <span class='ocrx_word' id='word_1_812' title='bbox 1104 5544 1359 5592; x_wconf 71' lang='grc' dir='ltr'>Βασιλεὺς</span> <span class='ocrx_word' id='word_1_813' title='bbox 1403 5549 1724 5592; x_wconf 63' lang='grc' dir='ltr'>ἀπέστειλε..</span> 
     </span>
    </p>
   </div>
   <div class='ocr_carea' id='block_1_112' title="bbox 1861 5457 3402 5592">
    <p class='ocr_par' dir='ltr' id='par_1_112' title="bbox 1861 5495 3402 5592">
     <span class='ocr_line' id='line_1_113' title="bbox 1861 5495 3402 5592; baseline 0.009 -45"><span class='ocrx_word' id='word_1_814' title='bbox 1861 5495 2104 5592; x_wconf 51' lang='grc' dir='ltr'>Ιαλαξίῳ.</span> <span class='ocrx_word' id='word_1_815' title='bbox 2137 5496 2429 5592; x_wconf 42' lang='lat' dir='ltr'><strong>[Imperator</strong></span> <span class='ocrx_word' id='word_1_816' title='bbox 2453 5497 3098 5592; x_wconf 38' lang='lat' dir='ltr'><strong>liardaniuntt‘ptutricium&#39;</strong></span> <span class='ocrx_word' id='word_1_817' title='bbox 3116 5515 3166 5560; x_wconf 81' lang='lat' dir='ltr'><strong>et</strong></span> <span class='ocrx_word' id='word_1_818' title='bbox 3187 5506 3402 5588; x_wconf 62' lang='lat' dir='ltr'><strong>scitote-</strong></span> 
     </span>
    </p>
   </div>
   <div class='ocr_carea' id='block_1_113' title="bbox 817 5544 1757 5644">
    <p class='ocr_par' dir='ltr' id='par_1_113' title="bbox 817 5544 1724 5644">
     <span class='ocr_line' id='line_1_114' title="bbox 817 5544 1724 5644; baseline 0.017 -52"><span class='ocrx_word' id='word_1_819' title='bbox 817 5544 1046 5644; x_wconf 62' lang='lat' dir='ltr'><strong>nes,&quot;9</strong></span> <span class='ocrx_word' id='word_1_820' title='bbox 1103 5544 1359 5644; x_wconf 56' lang='lat' dir='ltr'><strong>Euatki);</strong></span> <span class='ocrx_word' id='word_1_821' title='bbox 1394 5549 1724 5644; x_wconf 62' lang='grc' dir='ltr'>ἀπέστειλεν</span> 
     </span>
    </p>
   </div>
   <div class='ocr_carea' id='block_1_114' title="bbox 1861 5544 3392 5644">
    <p class='ocr_par' dir='ltr' id='par_1_114' title="bbox 1861 5544 3392 5644">
     <span class='ocr_line' id='line_1_115' title="bbox 1861 5544 3392 5644; baseline 0.009 -28"><span class='ocrx_word' id='word_1_822' title='bbox 1861 5544 2338 5644; x_wconf 39' lang='grc' dir='ltr'>ιιζηέὶρίιιεδιὶέη-ηι,</span> <span class='ocrx_word' id='word_1_823' title='bbox 2370 5580 2418 5622; x_wconf 83' lang='grc' dir='ltr'><strong>ει</strong></span> <span class='ocrx_word' id='word_1_824' title='bbox 2439 5569 2720 5644; x_wconf 56' lang='lat' dir='ltr'><strong>Joannem</strong></span> <span class='ocrx_word' id='word_1_825' title='bbox 2753 5544 2936 5642; x_wconf 53' lang='lat' dir='ltr'><strong>Ofﬁcii</strong></span> <span class='ocrx_word' id='word_1_826' title='bbox 2964 5578 3203 5629; x_wconf 83' lang='lat' dir='ltr'><strong>comitem</strong></span> <span class='ocrx_word' id='word_1_827' title='bbox 3224 5580 3392 5644; x_wconf 81' lang='lat' dir='ltr'><strong>misit,</strong></span> 
     </span>
    </p>
   </div>
   <div class='ocr_carea' id='block_1_115' title="bbox 241 5600 1717 5693">
    <p class='ocr_par' dir='ltr' id='par_1_115' title="bbox 241 5600 1717 5693">
     <span class='ocr_line' id='line_1_116' title="bbox 241 5600 1717 5693; baseline 0.016 -40"><span class='ocrx_word' id='word_1_828' title='bbox 241 5600 445 5693; x_wconf 64' lang='grc' dir='ltr'>ρδάνιον</span> <span class='ocrx_word' id='word_1_829' title='bbox 459 5608 554 5660; x_wconf 82' lang='grc' dir='ltr'><strong>τὸν</strong></span> <span class='ocrx_word' id='word_1_830' title='bbox 573 5610 862 5693; x_wconf 68' lang='grc' dir='ltr'>πατρίκιον</span> <span class='ocrx_word' id='word_1_831' title='bbox 887 5612 981 5664; x_wconf 72' lang='grc' dir='ltr'>καὶ</span> <span class='ocrx_word' id='word_1_832' title='bbox 1001 5600 1460 5693; x_wconf 39' lang='lat' dir='ltr'><strong>deficerem/16v</strong></span> 
     </span>
    </p>
   </div>
   <div class='ocr_carea' id='block_1_116' title="bbox 156 5669 1717 5762">
    <p class='ocr_par' dir='ltr' id='par_1_116' title="bbox 156 5669 1717 5762">
     <span class='ocr_line' id='line_1_117' title="bbox 156 5669 1717 5762; baseline 0.014 -39"><span class='ocrx_word' id='word_1_833' title='bbox 263 5671 528 5762; x_wconf 44' lang='lat' dir='ltr'><strong>:ltncﬂvgv</strong></span> <span class='ocrx_word' id='word_1_834' title='bbox 558 5679 649 5731; x_wconf 89' lang='grc' dir='ltr'><strong>τὸν</strong></span> <span class='ocrx_word' id='word_1_835' title='bbox 681 5669 914 5762; x_wconf 67' lang='grc' dir='ltr'>Ιςόμητα</span> <span class='ocrx_word' id='word_1_836' title='bbox 940 5683 1035 5762; x_wconf 77' lang='grc' dir='ltr'><strong>τοῦ</strong></span> <span class='ocrx_word' id='word_1_837' title='bbox 1072 5669 1336 5762; x_wconf 41' lang='grc' dir='ltr'><strong>ξΟερικίο-υ,</strong></span> <span class='ocrx_word' id='word_1_838' title='bbox 1484 5669 1717 5762; x_wconf 59' lang='grc' dir='ltr'><strong>ἔΐσῆἒῖσίί</strong></span> 
     </span>
    </p>
   </div>
   <div class='ocr_carea' id='block_1_117' title="bbox 1820 5636 3394 5718">
    <p class='ocr_par' dir='ltr' id='par_1_117' title="bbox 1820 5636 3394 5718">
     <span class='ocr_line' id='line_1_118' title="bbox 1820 5636 3394 5718; baseline 0.01 -32"><span class='ocrx_word' id='word_1_839' title='bbox 1820 5637 1911 5718; x_wconf 51' lang='lat' dir='ltr'><strong>qui</strong></span> <span class='ocrx_word' id='word_1_840' title='bbox 1940 5636 2221 5718; x_wconf 56' lang='lat' dir='ltr'><strong>Platonem</strong></span> <span class='ocrx_word' id='word_1_841' title='bbox 2255 5638 2315 5718; x_wconf 35' lang='lat' dir='ltr'><strong>in.</strong></span> <span class='ocrx_word' id='word_1_842' title='bbox 2365 5641 2541 5718; x_wconf 54' lang='lat' dir='ltr'><strong>urbem</strong></span> <span class='ocrx_word' id='word_1_843' title='bbox 2596 5636 2890 5718; x_wconf 60' lang='lat' dir='ltr'><strong>incinctum,</strong></span> <span class='ocrx_word' id='word_1_844' title='bbox 2924 5646 2977 5696; x_wconf 88' lang='lat' dir='ltr'><strong>in</strong></span> <span class='ocrx_word' id='word_1_845' title='bbox 3024 5647 3292 5718; x_wconf 73' lang='lat' dir='ltr'><strong>ergastulo</strong></span> <span class='ocrx_word' id='word_1_846' title='bbox 3325 5636 3394 5701; x_wconf 66' lang='lat' dir='ltr'><strong>ad</strong></span> 
     </span>
    </p>
   </div>
   <div class='ocr_carea' id='block_1_118' title="bbox 1818 5704 3394 5784">
    <p class='ocr_par' dir='ltr' id='par_1_118' title="bbox 1818 5704 3394 5784">
     <span class='ocr_line' id='line_1_119' title="bbox 1818 5704 3394 5784; baseline 0.011 -28"><span class='ocrx_word' id='word_1_847' title='bbox 1818 5704 2094 5784; x_wconf 66' lang='lat' dir='ltr'><strong>Michaelis</strong></span> <span class='ocrx_word' id='word_1_848' title='bbox 2112 5709 2340 5784; x_wconf 68' lang='lat' dir='ltr'><strong>_cac_lestis</strong></span> <span class='ocrx_word' id='word_1_849' title='bbox 2365 5712 2570 5765; x_wconf 66' lang='lat' dir='ltr'><strong>militiae</strong></span> <span class='ocrx_word' id='word_1_850' title='bbox 2590 5714 2844 5782; x_wconf 79' lang='lat' dir='ltr'><strong>principis</strong></span> <span class='ocrx_word' id='word_1_851' title='bbox 2869 5704 2920 5767; x_wconf 82' lang='lat' dir='ltr'><strong>in</strong></span> <span class='ocrx_word' id='word_1_852' title='bbox 2942 5704 3147 5784; x_wconf 48' lang='lat' dir='ltr'><strong>palat&#39;io</strong></span> <span class='ocrx_word' id='word_1_853' title='bbox 3165 5727 3394 5773; x_wconf 79' lang='lat' dir='ltr'><strong>erectam</strong></span> 
     </span>
    </p>
   </div>
   <div class='ocr_carea' id='block_1_119' title="bbox 156 5741 2246 5832">
    <p class='ocr_par' dir='ltr' id='par_1_119' title="bbox 156 5741 2246 5832">
     <span class='ocr_line' id='line_1_120' title="bbox 156 5741 2246 5832; baseline 0.016 -45"><span class='ocrx_word' id='word_1_854' title='bbox 156 5741 242 5832; x_wconf 60' lang='grc' dir='ltr'><strong>’ζὲν</strong></span> <span class='ocrx_word' id='word_1_855' title='bbox 261 5741 350 5828; x_wconf 68' lang='grc' dir='ltr'><strong>τὸν</strong></span> <span class='ocrx_word' id='word_1_856' title='bbox 373 5741 640 5803; x_wconf 70' lang='grc' dir='ltr'>Πλάτωνα</span> <span class='ocrx_word' id='word_1_857' title='bbox 677 5741 891 5821; x_wconf 74' lang='grc' dir='ltr'>είς’τῆν</span> <span class='ocrx_word' id='word_1_858' title='bbox 924 5754 1101 5818; x_wconf 72' lang='grc' dir='ltr'>πόλιν,</span> <span class='ocrx_word' id='word_1_859' title='bbox 1137 5741 1231 5809; x_wconf 70' lang='grc' dir='ltr'><strong>καὶ</strong></span> <span class='ocrx_word' id='word_1_860' title='bbox 1267 5741 1712 5828; x_wconf 53' lang='grc' dir='ltr'>ἀπέκλεισινηείς</span> 
     </span>
    </p>
   </div>
   <div class='ocr_carea' id='block_1_120' title="bbox 183 5802 1706 5904">
    <p class='ocr_par' dir='ltr' id='par_1_120' title="bbox 183 5802 1706 5904">
     <span class='ocr_line' id='line_1_121' title="bbox 183 5802 1706 5904; baseline 0.017 -42"><span class='ocrx_word' id='word_1_861' title='bbox 183 5802 506 5890; x_wconf 73' lang='grc' dir='ltr'>Εγκεῖστραν</span> <span class='ocrx_word' id='word_1_862' title='bbox 543 5820 602 5875; x_wconf 82' lang='grc' dir='ltr'>ὸν</span> <span class='ocrx_word' id='word_1_863' title='bbox 636 5821 713 5892; x_wconf 86' lang='grc' dir='ltr'>τῷ</span> <span class='ocrx_word' id='word_1_864' title='bbox 737 5802 871 5894; x_wconf 64' lang='grc' dir='ltr'>’ναῶ</span> <span class='ocrx_word' id='word_1_865' title='bbox 901 5823 995 5878; x_wconf 87' lang='grc' dir='ltr'><strong>τοῦ</strong></span> <span class='ocrx_word' id='word_1_866' title='bbox 1039 5802 1509 5899; x_wconf 57' lang='grc' dir='ltr'>Ἀ’ρχιστρατηγοῦ</span> <span class='ocrx_word' id='word_1_867' title='bbox 1542 5835 1598 5886; x_wconf 82' lang='grc' dir='ltr'><strong>ἐν</strong></span> <span class='ocrx_word' id='word_1_868' title='bbox 1630 5802 1706 5904; x_wconf 55' lang='lat' dir='ltr'><strong>si};</strong></span> 
     </span>
    </p>
   </div>
  </div>
