4018 6304
579 375 676 439 911

1764 363 1823 421 S.
1855 358 2246 421 THEODORI
2285 354 2633 417 STUDITJE

3714 341 3832 407 912

582 482 743 553 ipsius
762 494 865 535 vox
888 487 972 534 est
998 496 1009 530 ε
1028 476 1088 531 Si
1112 493 1191 531 me
1228 474 1483 546 persecuti
1508 481 1713 537 sunt,et
1734 488 1821 525 vos
1842 486 2155 540 persequen-

2265 468 2362 537 ἐμὲ
2388 468 2671 530 ἐδίωξαν,
2713 465 2807 519 καί
2834 462 2991 532 ὑμᾶς
3040 458 3325 525 διώξουσι
3348 474 3361 489 ·
3394 456 3487 511 καὶ
3509 454 3696 517 τᾶλλα,
3723 457 3831 510 ὅσα

582 585 668 632 tur
697 577 714 606 '
738 591 752 639 ;
780 582 833 627 et
861 581 1075 637 caetera,
1111 585 1232 639 quae
1266 569 1443 638 ipsum
1471 566 1811 635 sequentium
1843 563 2147 620 similitudi-

576 680 702 719 nem
743 662 1021 718 declarant
1047 680 1060 716 :
1089 660 1149 716 Si
1176 670 1348 714 tamen
1396 658 1496 727 ipsi
1523 657 1893 727 compatimur,
1918 665 1978 710 ut
2026 670 2145 709 ma-

582 774 721 825 gnus
747 755 945 811 Paulus
969 756 1063 819 ait,
1105 762 1163 807 ut
1206 762 1253 806 et
1278 750 1731 821 congloriﬁcemur
1756 750 1798 805 ‘.
1829 748 2005 817 Atque
2036 747 2151 802 haec

584 849 799 915 quidem
834 849 886 903 in
916 848 1061 901 hunc
1111 845 1353 899 modum.
1411 840 1540 896 Mihi
1565 855 1695 895 vero
1723 838 1952 909 prodigo
1986 846 2040 893 et
2066 838 2151 892 in-

584 936 769 1006 digno,
795 936 998 991 sanctis
1030 933 1283 1002 precibus
1332 930 1464 992 tuis,
1515 928 1673 984 Pater
1700 929 1867 998 iuste,
1898 927 2152 982 consola-

589 1030 787 1083 tionem
834 1029 975 1083 hanc
1023 1027 1249 1098 largitus
1302 1034 1384 1081 est
1433 1022 1747 1077 misericors
1798 1018 1964 1086 Deus,
2007 1026 2068 1073 ut
2096 1025 2153 1072 et

589 1121 780 1190 spiritu
816 1129 994 1173 tecum
1050 1118 1175 1173 sim.
1216 1115 1307 1170 Sic
1337 1115 1481 1169 enim
1516 1128 1727 1184 semper
1757 1127 1879 1183 ago,
1916 1112 2072 1182 quasi
2102 1119 2153 1167 te

588 1214 821 1273 videam,
851 1210 1009 1280 quasi
1072 1219 1249 1264 tecum
1314 1208 1529 1277 loquar,
1582 1206 1738 1275 quasi
1787 1204 2153 1275 precationem

592 1303 910 1372 percipiant,
941 1301 1097 1370 quasi
1137 1309 1406 1369 protegar,
1443 1299 1603 1367 quasi
1634 1306 1853 1353 mutuos
1875 1295 2155 1353 conferam

592 1406 870 1446 sermones
901 1392 965 1445 ad
990 1390 1362 1444 stabiliendam
1388 1387 1781 1443 confessionem
1825 1402 1988 1458 quam
2022 1400 2157 1442 eon-

597 1482 769 1538 lessus
798 1496 880 1535 es.
935 1482 1005 1534 At
1038 1480 1171 1534 mihi
1212 1479 1396 1534 videor
1445 1487 1692 1548 percepta
1739 1492 1868 1532 voce
1909 1488 1997 1532 tua
2043 1477 2159 1532 haec

593 1573 781 1626 audire
808 1589 822 1626 :
847 1570 1046 1626 Pusille
1079 1569 1379 1633 Theodore,
1408 1571 1659 1639 exiguum
1690 1576 1774 1623 est
1798 1583 1981 1623 revera
2015 1567 2157 1637 quod

593 1664 880 1731 aflligimnr
913 1680 928 1725 ;
959 1664 1085 1733 quia
1124 1678 1274 1731 spem
1302 1662 1611 1730 praeclaram
1640 1661 1797 1717 offert
1843 1660 2004 1716 Deus.
2034 1660 2160 1715 Haec

595 1756 723 1809 inihi
761 1764 892 1809 sunt
924 1754 1244 1817 consolatio,
1272 1754 1383 1807 haec
1410 1752 1753 1807 refocillatio.
1805 1752 1885 1807 Ne
1911 1751 2159 1806 reformi-

2250 562 2361 620 τοῖς
2406 555 2792 611 ἀκολουθοῦσιν
2834 553 2985 623 αύτῷ
3039 552 3196 623 φέρει
3253 551 3353 621 τὴν
3381 546 3786 603 ταυτοπάθειαν
3813 563 3830 579 ο

2251 651 2439 719 Εἵπερ
2480 650 2593 717 γὰρ
2648 644 3101 715 συμπάσχομεν
3138 640 3310 711 αὐτῷ,
3356 638 3432 703 ῶς
3461 654 3628 709 φησιν
3652 638 3682 689 6
3723 636 3835 705 μέ-

2252 759 2354 811 γας
2387 741 2620 805 Παῦλος,
2664 740 2765 792 ἵνα
2809 737 2909 790 καί
2949 730 3485 801 συνδοξασθῶμεν.
3532 729 3643 783 Καὶ
3680 728 3834 782 οὕτω

2256 834 2356 905 μὲν
2392 832 2590 887 ταῦτα.
2622 829 2782 901 Ἐμοὶ
2809 828 2867 883 δὲ
2892 826 2974 898 τῷ
3000 826 3196 899 ἀσώτῳ
3224 825 3321 879 καὶ
3347 821 3574 892 ἀναξίῳ,
3597 820 3687 874 διὰ
3710 818 3833 873 τῶν
3906 842 3913 845 -

2255 924 2362 979 σῶν
2392 924 2565 993 ἁγίων
2585 922 2783 993 εὐχῶν,
2837 919 3021 990 Πάτερ
3058 918 3258 983 δίκαιε,
3302 915 3595 986 ἐχαρίσατο
3621 915 3651 967 6
3672 911 3833 981 ἐλεή-

2256 1036 2375 1090 μων
2395 1017 2601 1089 Κύριος
2638 1015 3002 1086 παράκλησιν.
3046 1013 3140 1067 καὶ
3164 1012 3225 1065 τὸ
3249 1011 3309 1063 ἐν
3345 1009 3616 1078 πνεύματι
3646 1006 3831 1059 συνετ-

2253 1114 2343 1169 ναί
2373 1128 2488 1167 σοι’
2520 1112 2637 1181 είμὶ
2678 1111 2786 1181 γὰρ
2830 1110 2918 1164 ἀεὶ
2954 1108 3030 1171 ὡς
3077 1106 3219 1178 ὀρῶν
3261 1122 3322 1159 σε
3363 1104 3459 1157 καὶ
3488 1102 3689 1171 ὁμιλῶν
3718 1115 3830 1165 σοι,

2254 1204 2350 1259 καὶ
2372 1204 2447 1268 ὡς
2480 1203 2843 1273 κομιζόμενος
2868 1202 2967 1272 τὴν
3008 1199 3194 1270 εὐχὴν,
3220 1199 3314 1253 καὶ
3345 1196 3421 1261 ῶς
3469 1195 3830 1264 σκεπόμενος,

2255 1295 2350 1349 καὶ
2372 1292 2447 1357 ὡς
2474 1292 2649 1356 διδοὺς
2672 1291 2766 1344 καὶ
2799 1290 3093 1361 λαμϐάνων
3118 1288 3315 1357 λόγους
3340 1288 3421 1351 εις
3450 1286 3697 1356 ἔδρασμα
3724 1282 3832 1354 τῆς

2254 1384 2545 1455 ὁμολογίας
2573 1378 2643 1455 ἦς
2672 1382 3052 1454 ὡμολόγησας.
3094 1381 3207 1435 Καὶ
3236 1378 3379 1433 δοκῶ
3413 1394 3506 1431 σου
3523 1374 3831 1443 ὲπαῖούσης

2255 1478 2354 1542 τῆς
2380 1479 2564 1546 φωνῆς
2588 1475 2764 1529 ταῦτα
2789 1474 3033 1528 ἀκούειν·
3066 1471 3299 1525 Ταπεινὲ
3342 1470 3605 1540 Θεόδωρε,
3633 1466 3832 1537 μικρὸν

2256 1569 2425 1631 ϐντως
2458 1566 2940 1637 ταλαιπωροῦμεν,
2971 1563 3095 1618 ἐπεὶ
3125 1563 3296 1633 καλὴν
3330 1561 3486 1632 φέρει
3516 1561 3545 1613 6
3569 1559 3699 1621 Θεὸς
3727 1558 3833 1628 τὴν

2257 1661 2469 1715 ἐλπίδα.
2504 1659 2687 1714 Ταῦτά
2730 1677 2821 1730 μοι
2868 1657 3206 1729 παρηγορία,
3248 1655 3419 1711 ταῦτα
3441 1652 3714 1723 ἀναψυχή.
3738 1651 3833 1723 Μὴ

2263 1755 2465 1826 δείσῃς,
2499 1753 2702 1823 Πάτερ,
2738 1752 2805 1805 δι’
2829 1752 2928 1821 ἐμὲ
2954 1752 3048 1805 τὸν
3075 1750 3260 1804 δοῦλόν
3301 1766 3396 1802 σου
3419 1748 3513 1801 καὶ
3545 1746 3835 1800 παντάπα-

592 1848 708 1908 des,
740 1843 919 1909 Pater,
951 1846 1054 1899 mei
1084 1859 1269 1909 causa,
1302 1845 1393 1913 qui
1442 1859 1631 1898 servus
1683 1853 1809 1897 tuus
1845 1858 1965 1898 sum
2001 1843 2159 1912 plane

2266 1863 2350 1929 σιν
2380 1824 2820 1915 ἀπερριμμένον.
2836 1843 2948 1895 Καὶ
2965 1843 3074 1913 γάρ
3090 1845 3205 1913 είμι
3232 1840 3329 1895 τοῦ
3358 1837 3587 1909 ούρανοῦ
3614 1836 3834 1907 καὶτῆς

594 1937 860 2003 abjectus,
892 1936 1014 1991 caeli
1056 1944 1321 2004 terraeque
1356 1935 1649 2003 piaculum,
1680 1934 1990 1989 mortalium
2037 1949 2155 1987 om-

594 2026 745 2079 nium
797 2024 1204 2095 frigidissimus.
1258 2021 1450 2076 Verum
1494 2032 1672 2077 tamen
1718 2023 1899 2078 dicere
1960 2023 2157 2086 audeo,

594 2125 854 2185 tanquam
885 2130 979 2185 spe
999 2116 1139 2170 bona
1170 2124 1363 2185 praeter
1409 2115 1662 2169 meritum
1709 2114 1899 2182 fretus,
1940 2131 2158 2171 sursum

593 2216 865 2271 spectans,
904 2208 1291 2261 intercessiOne
1321 2209 1837 2269 tua'corrohoratus,
1867 2223 1974 2263 nou
2003 2208 2073 2263 ob
2097 2222 2159 2262 ea

591 2298 927 2353 insolescens
970 2314 1091 2368 qua:
1118 2315 1312 2365 passus
1342 2314 1461 2353 sum
1501 2316 1514 2363 ;
1552 2299 1647 2353 sed
1683 2315 1770 2355 me
1799 2299 1976 2371 ipsum
2001 2301 2157 2355 dam-

594 2407 728 2445 nans
758 2393 962 2459 potius,
1008 2391 1152 2460 quod
1179 2406 1287 2443 non
1324 2388 1554 2454 fortiter,
1604 2405 1703 2445 nec
1747 2401 1807 2444 ut
1830 2391 2073 2454 decebat,
2108 2400 2165 2445 et

592 2483 734 2551 quod
790 2496 980 2551 pauca,
1014 2483 1326 2551 nulliusque
1384 2482 1668 2542 momenti.
1696 2482 1936 2537 vivificas
1975 2483 2160 2537 consia

592 2575 791 2629 derans
816 2575 1100 2642 passiones
1122 2583 1458 2628 sanctorum.
1483 2574 1544 2627 ln
1576 2575 1742 2628 multa
1780 2576 1922 2629 enim
1950 2584 2164 2641 marty-

593 2665 673 2716 ria
725 2662 887 2716 incidi
949 2661 1234 2716 duodecim
1270 2660 1633 2715 voluminibus
1685 2662 1976 2729 descripta,
2012 2660 2081 2713 ita
2106 2670 2165 2714 ut

593 2766 691 2806 cor
710 2752 1140 2818 obstupesceret,
1173 2766 1273 2805 nec
1302 2766 1387 2806 me
1413 2752 1617 2821 aliquid
1647 2768 1741 2821 pro
1772 2752 1987 2807 Christo
2042 2766 2163 2819 pas-

596 2860 716 2899 sum
750 2844 929 2900 dicere
969 2846 1247 2899 auderem.
1302 2842 1443 2910 Quid
1492 2859 1654 2914 porro
1707 2844 1940 2905 dulcius,
1983 2843 2162 2909 Pater,

595 2947 855 3008 tanquam
888 2952 1079 2992 servus
1105 2952 1357 3007 suggero,
1388 2953 1551 3008 quam
1585 2952 1682 3008 pro
1714 2938 1832 3007 ipso
1856 2938 2001 3007 pati?
2027 2936 2164 2993 Sur-

596 3048 717 3087 sum
774 3033 975 3101 aspice,
1001 3031 1182 3096 Pater,
1212 3047 1375 3088 cerne
1407 3032 1718 3098 Dominum,
1761 3033 1969 3087 intuere
2007 3048 2167 3102 ange-

598 3126 774 3180 lorum
798 3125 1101 3187 discursus,
1132 3123 1412 3179 considera
1436 3134 1747 3180 sanctorum
1776 3124 1971 3180 choros
2000 3143 2012 3179 :
2047 3125 2166 3179 vide
2194 3163 2236 3219 ο

598 3216 653 3269 in
705 3216 851 3269 edito
887 3223 941 3268 et
989 3214 1207 3269 sublimi
1259 3212 1398 3268 solio
1428 3211 1671 3269 Judicem
1725 3215 1935 3278 mundi,
1986 3215 2074 3282 qui
2117 3224 2168 3269 te

599 3307 811 3362 fidelem
840 3321 1054 3360 servum
1090 3314 1590 3375 praeceptorumque
1624 3320 1851 3360 suorum
1886 3306 2167 3360 custodem

599 3395 1023 3466 pronuntiabitJ
1052 3402 1127 3457 et,
1174 3397 1317 3463 quod
1378 3393 1554 3461 majus
1613 3402 1717 3458 est,
1776 3392 2166 3450 confessorem.

601 3485 805 3539 Deinde
836 3498 1073 3552 quonam
1129 3490 1180 3536 te
1207 3481 1421 3536 mittet?
1449 3479 1564 3536 Non
1592 3482 1646 3535 in
1674 3481 1852 3552 ignem
1886 3492 2167 3546 anet-num,

601 3580 693 3649 qui
735 3578 837 3649 legi
888 3578 1007 3648 ejus
1061 3591 1169 3630 non
1204 3575 1566 3644 obsequentes
1592 3574 1792 3644 excipit
1820 3590 1835 3630 :
1863 3574 1956 3628 sed
1991 3573 2056 3627 ad
2092 3573 2171 3627 vi-

602 3673 735 3726 tales
760 3672 933 3736 sedes,
971 3671 1037 3723 ad
1073 3668 1307 3737 quietem
1352 3667 1733 3729 immortalem,
1766 3666 1832 3719 ad
1888 3665 2171 3734 sempiter-

603 3778 727 3817 nam
767 3763 1203 3830 immensamque
1229 3759 1490 3820 laetitiam,
1516 3757 1694 3821 Intra,
1721 3757 1895 3826 inquit
1924 3758 2092 3821 enim,
2115 3758 2169 3810 in

602 3854 855 3923 gaudium
908 3850 1121 3905 Domini
1152 3850 1266 3903 tui’
1289 3889 1303 3903 .
1336 3845 1590 3902 Omnium
1632 3856 1878 3901 nostrum
1911 3847 2056 3901 oculi
2106 3848 2169 3900 ad

604 3955 654 3996 te
686 3943 966 3997 collimant
991 3958 1004 3993 :
1033 3954 1221 3993 omnes
1246 3948 1296 3992 te
1318 3946 1495 3991 stante
1519 3938 1727 4006 magnis
1760 3945 1813 3991 et
1834 3936 2027 3991 erectis
2062 3936 2175 3990 ani-

606 4034 707 4087 mis
744 4047 954 4087 sumns.
1007 4030 1164 4083 Adsit
1196 4030 1292 4083 tibi
1337 4028 1498 4081 etiam
1531 4036 1691 4097 atque
1716 4028 1875 4081 etiam
1908 4028 2170 4082 auxilium

596 4120 697 4179 Dei
720 4122 969 4176 muniens
1000 4130 1074 4185 te,
1105 4122 1432 4174 coutirmans
1465 4126 1536 4182 te,
1561 4118 1947 4173 constabiliens
1975 4128 2045 4184 te,
2070 4118 2174 4173 for-

606 4217 795 4270 tiorem
848 4215 1076 4268 reddens
1107 4222 1177 4267 te.
1238 4210 1338 4277 Qui
1404 4210 1569 4266 Deum
1634 4212 1815 4276 times,
1863 4227 1931 4266 ne
1983 4213 2174 4269 timeas

605 4307 747 4377 quod
780 4306 905 4360 fecit
950 4305 1044 4359 tibi
1082 4305 1243 4357 homo
1266 4304 1309 4368 ⁸,
1337 4314 1433 4357 aut
1463 4301 1574 4359 fors
1604 4304 1767 4358 etiam
1799 4303 2041 4361 facturus
2070 4314 2171 4360 est.

2258 1939 2361 2006 γῆς
2408 1939 2647 2008 μίασμα,
2688 1939 2782 1995 καὶ
2828 1937 3033 2000 παντὸς
3073 1935 3365 2005 ἀνθρώπου
3415 1932 3835 2002 κατεψυγμένος

2262 2029 2481 2099 μᾶλλον.
2527 2030 2675 2101 Πλὴν
2728 2029 2911 2100 τολμῶ
2958 2028 3137 2098 λέγειν
3164 2028 3261 2104 ,ὡς
3309 2025 3526 2091 ἀνάξιος
3582 2024 3836 2086 εῦελπις,

2259 2119 2371 2173 ἀνω
2394 2119 2607 2189 βλέπων
2638 2119 2809 2192 ῥωννύ
2819 2138 2980 2192 μενος
3003 2119 3108 2174 ύπῆ
3124 2120 3227 2189 τῆς
3254 2119 3353 2189 σῆς
3388 2117 3708 2188 πρεσϐείας,
3732 2116 3841 2169 οὐκ

2260 2211 2578 2265 ἀπευδοκῶν
2608 2215 2687 2277 είς
2709 2213 2982 2276 ἂέπαθον,
3015 2212 3465 2282 ἐπιμεμφόμενος
3490 2210 3543 2263 δὲ
3572 2208 3838 2278 ἐμαυτὸν,

2261 2306 2343 2360 ὅτι
2382 2306 2453 2377 μὴ
2480 2308 2741 2378 ἀνδρείως
2768 2312 2862 2363 καὶ
2890 2308 3030 2362 κατά
3052 2306 3232 2376 λόγον,
3272 2306 3367 2361 καὶ
3406 2306 3489 2360 δτι
3514 2304 3688 2370 σόλίγα
3742 2305 3843 2358 καὶ

2263 2397 2479 2461 οὐδενὸς
2530 2399 2655 2465 ἀξια
2711 2399 2933 2469 ἀφορῶν
2987 2398 3125 2468 πρὸς
3167 2398 3233 2452 τά
3274 2397 3513 2464 ζωοποιά
3551 2396 3700 2465 πάθη
3729 2396 3843 2449 τῶν

2263 2487 2456 2555 ἁγίων.
2492 2490 2738 2555 Ἐγένετό
2758 2507 2847 2559 μοι
2868 2488 2977 2560 γάρ
3008 2488 3223 2542 πολλῶν
3254 2487 3495 2553 ἔντευξις
3522 2485 3844 2556 μαρτυρίων

2265 2581 2324 2631 ἐν
2360 2579 2566 2633 δώδεκα
2592 2580 2797 2645 δέλτοις
2816 2581 3333 2652 ἀπογεγραμμένων
3355 2598 3367 2609 ·
3391 2579 3532 2632 ὥστε
3562 2578 3844 2649 παταχθῆ-

2264 2688 2353 2725 ναι
2381 2671 2477 2741 τὴν
2501 2673 2752 2743 καρδίαν,
2777 2674 2870 2727 καὶ
2916 2674 3050 2744 μηδὲ
3075 2675 3277 2743 τολμᾷν
3306 2673 3489 2741 λέγειν
3518 2674 3603 2727 ὅτι
3634 2672 3843 2728 ἔπαθόν

2265 2778 2318 2816 τι
2349 2761 2436 2815 διά
2462 2762 2721 2833 Χριστόν.
2765 2764 2877 2817 Καὶ
2913 2764 2965 2817 τί
3003 2762 3357 2832 γλυκύτερον,
3403 2761 3608 2833 Πάτερ.
3635 2762 3841 2833 ὑπομι-

2269 2854 2493 2922 μνήσκω
2517 2855 2592 2918 ὡς
2620 2855 2827 2919 δοῦλος,
2872 2854 2965 2909 τοῦ
3012 2854 3080 2907 δι’
3110 2854 3275 2907 αὐτὸν
3322 2854 3591 2923 πάσχειν;
3624 2854 3839 2926 Ἀθρει,

2269 2943 2478 3013 Πάτερ,
2522 2944 2664 2998 ἀνω·
2693 2946 2795 3015 ὅρα
2841 2945 2931 2998 τὸν
2961 2944 3184 3015 Κύριον,
3221 2943 3494 2998 ἑπόπτευε
3539 2944 3638 3007 τάς
3668 2946 3843 3014 ἀγγε-

2267 3036 2481 3098 λοθεῒας
2502 3052 2515 3065 υ
2547 3037 2824 3100 ὲνατένιζε
2854 3037 2953 3100 τὰς
2986 3035 3369 3107 ἀγιοχορείας*
3405 3035 3481 3089 ῐδε
3521 3037 3617 3089 ἐπὶ
3647 3036 3838 3107 θρόνου

2267 3130 2473 3200 ὑψηλοῦ
2517 3131 2609 3186 καὶ
2653 3131 2969 3202 ἐπηρμένου
3008 3136 3101 3185 τδν
3128 3129 3335 3202 Κριτήν
3374 3128 3469 3183 τοῦ
3500 3130 3709 3200 κόσμου
3735 3147 3750 3162 ’
3782 3132 3841 3193 ὃς

2271 3240 2330 3276 σε
2363 3220 2696 3292 ἀνακηρύξει
2736 3222 2926 3276 πιστὸν
2972 3222 3182 3285 δοῦλον,
3214 3220 3444 3276 καὶτῶν
3476 3221 3711 3275 ἐντολῶν
3740 3224 3842 3276 αὑ-

2269 3313 2363 3365 τοῦ
2391 3312 2653 3383 τηρητὴν,
2681 3314 2796 3369 καὶ.
2822 3313 2885 3367 τὸ
2926 3313 3109 3383 μεῖζον
3132 3351 3147 3376 ,
3176 3312 3538 3386 όμολογητήν.
3573 3308 3709 3368 Εἶτα
3738 3314 3840 3368 ποῦ

2272 3421 2333 3457 σε
2362 3403 2565 3474 πέμψει
2586 3420 2600 3470 ;
2619 3404 2718 3457 οὐκ
2748 3406 2827 3468 είς
2854 3403 2966 3476 πῦρ
3000 3403 3242 3470 αἰώνιον,
3266 3404 3403 3475 ὅπερ
3419 3405 3695 3477 λαμϐάνει
3716 3406 3842 3468 τοὺς

2232 3530 2235 3533 η
2270 3495 2516 3558 ἀπειθεῖς
2544 3494 2636 3547 τοῦ
2666 3495 2831 3565 νόμου
2860 3496 3025 3550 αὐτοῦ
3045 3512 3060 3527 ⁶
3087 3496 3300 3561 ἀλλἐίς
3327 3495 3593 3568 ζωοδόχον
3616 3498 3841 3569 χωρίον,

2270 3588 2366 3641 καὶ
2398 3586 2665 3641 ἀθάνατον
2694 3589 3056 3652 κατάπαυσιν,
3088 3590 3184 3643 καὶ
3210 3588 3737 3658 ἀπειροαγαλλίατον
3755 3590 3845 3642 εύ-

2273 3679 2546 3750 φροσύνην
2565 3679 2693 3751 [ms.
2716 3680 2849 3751 Reg.
2877 3680 3297 3752 θεοφροσύνην].
3322 3682 3580 3735 Εισελθε
3592 3681 3844 3752 769,91)—

2274 3773 2379 3837 σὶν,
2393 3774 2479 3837 εἰς
2496 3773 2614 3839 τὴν
2631 3773 2825 3841 χαρὰν
2840 3772 2947 3825 τοῦ
2965 3774 3189 3840 Κυρίου
3213 3788 3349 3827 σου.
3372 3774 3598 3827 Πάντων
3620 3776 3778 3844 ἡμῶν
3793 3775 3842 3829 oi

2272 3864 2543 3934 ὀφθαλμοὶ
2568 3866 2647 3927 είς
2671 3864 2731 3917 σὲ
2769 3862 3049 3934 βλέπουσι.
3076 3865 3284 3929 Πάντες
3326 3864 3840 3936 μεγαλοψυχοῦμεν,

2275 3956 2369 4009 σοῦ
2386 3956 2751 4028 ἡδρασμένου.
2771 3955 2872 4027 Είη
2902 3973 2983 4011 σοι
3000 3958 3093 4011 ἰπὶ
3112 3956 3276 4011 πλέον
3299 3959 3332 4028 ή
3355 3956 3578 4029 βοήθεια
3593 3958 3689 4012 τοῦ
3707 3956 3841 4012 Θεοῦ

2272 4050 2548 4120 ὀχυροῦσά
2567 4068 2648 4115 σε,
2671 4050 2985 4122 δυναμοῦσά
3004 4067 3088 4115 σε,
3105 4051 3399 4105 εὐτονοῦσά
3417 4068 3497 4116 σε,
3520 4051 3843 4123 ἀνδρειοῦσά

2275 4159 2355 4195 σε.
2404 4141 2463 4195 '0
2495 4142 2587 4196 τὸν
2624 4141 2757 4195 Θεὸν
2789 4142 3153 4213 φοϐούμενος,
3188 4144 3265 4214 μὴ
3293 4142 3538 4214 φοϐηθῇς
3564 4144 3593 4197 δ
3618 4144 3841 4215 ἐποίησέ

2277 4250 2358 4286 σοι
2385 4232 2688 4304 ἄνθρωπος,
2724 4234 2757 4307 ἢ
2795 4234 2892 4289 καὶ
2935 4236 3151 4306 ποιήσει
3210 4235 3392 4305 τυχόν.
3437 4235 3715 4297 Πέποιθας
3752 4234 3843 4289 ἐπὶ

2277 4327 2501 4395 Κύριον,
2534 4327 2659 4398 ὅρος
2688 4323 2737 4381 εἳ
2765 4326 2924 4394 Σιὼν,
2956 4327 3018 4382 οὐ
3043 4326 3348 4397 σαλευθήσῃ
3380 4328 3460 4389 εὶς
3505 4326 3592 4380 τὸν
3628 4326 3802 4381 αἰῶνα
3824 4343 3836 4354 ·

607 4401 853 4456 Confidis
896 4401 949 4455 in
1013 4399 1262 4463 Domino,
1300 4415 1457 4453 mons
1486 4414 1543 4452 es
1572 4399 1723 4465 Sion,
1769 4417 1877 4455 non
1936 4417 2164 4457 commo-

2277 4419 2533 4471 κάτοικον
2560 4418 2669 4490 γάρ
2693 4418 2837 4489 ἔχεις
2867 4419 2959 4472 τὸν
2986 4418 3087 4489 τῆς
3122 4418 3234 4473 ἀνω
3274 4417 3628 4489 Ἰερουσαλὴμ
3665 4417 3842 4488 τεχνί-

605 4495 816 4549 veheris
876 4494 928 4547 in
986 4501 1246 4546 aeternum
1274 4493 1294 4524 ’
1324 4508 1338 4545 :
1371 4492 1757 4547 inhabitantem
1804 4493 1947 4547 enim
2006 4495 2164 4549 habes

2275 4527 2375 4578 την
2407 4509 2499 4562 καὶ
2530 4509 2881 4578 δημιουργόν.
2914 4509 3028 4572 Τάς
3081 4508 3319 4572 ίοϐόλους
3342 4508 3546 4578 φωνὰς,
3576 4508 3674 4563 καὶ
3704 4510 3842 4562 ἀπα-

604 4599 854 4654 supernze
884 4580 1182 4637 Jerusalem
1215 4582 1549 4636 conditorem
1569 4592 1621 4636 et
1650 4582 2029 4638 architectum.
2079 4583 2168 4637 Vi-

603 4677 847 4731 rulentas
891 4684 944 4728 et
985 4676 1050 4727 ad
1085 4672 1327 4727 fraudem
1364 4675 1695 4743 compositas
1744 4688 1932 4728 eorum
1986 4690 2166 4739 voces,

602 4769 695 4838 qui
728 4770 819 4821 tibi
846 4767 1178 4836 serpentium
1234 4766 1337 4821 ritu
1375 4766 1738 4831 insusurrant,
1774 4778 1932 4838 teque
1962 4784 1989 4821 a
2020 4769 2169 4823 vitali

603 4862 849 4915 veritatis
880 4860 1028 4928 ligno
1058 4858 1329 4914 abducere
1360 4859 1567 4924 volunt,
1602 4859 1746 4930 fuge,
1773 4870 1827 4914 et
1866 4875 2027 4915 aures
2073 4861 2171 4915 ob-

604 4952 784 5015 flrma,
825 4951 1037 5005 veritati
1092 4950 1248 5005 ﬁrme
1306 4952 1609 5012 adhaerens,
1653 4952 1944 5021 multisque
2002 4968 2171 5008 sacrae

604 5043 896 5112 Scriptura:
924 5056 986 5095 ac
1034 5040 1246 5112 piorum
1290 5041 1456 5095 etiam
1496 5041 1775 5096 hominum
1826 5044 2169 5107 testimoniis,

604 5134 668 5188 ad
711 5133 1077 5187 omnimodam
1128 5134 1563 5187 immobilitatem
1591 5135 1905 5197 obstrictus,
1938 5148 1988 5188 ut
2023 5137 2170 5190 vocis

601 5243 820 5298 quoque
866 5227 1010 5283 illius
1060 5226 1271 5279 laudem
1329 5240 1663 5289 consequare
1724 5225 1827 5289 Qui
1879 5227 2002 5293 facit
2038 5228 2168 5290 lia'c,

602 5339 704 5376 non
729 5321 1015 5374 movebitur
1055 5320 1110 5371 in
1143 5328 1396 5372 aeternum
1433 5318 1493 5370 ‘°.
1521 5316 1647 5370 Sani
1683 5318 1875 5372 fratres
1906 5328 2029 5372 Sunt
2056 5331 2173 5370 om-

602 5430 701 5468 nes
733 5432 745 5466 :
781 5412 1036 5465 dominus
1064 5410 1330 5464 diaconus
1379 5410 1537 5463 Pater
1594 5425 1768 5474 meus,
1799 5408 1974 5463 dulcis
2007 5408 2172 5464 frater

600 5520 777 5566 meus,
812 5519 874 5557 ac
922 5502 1094 5573 magis
1121 5517 1269 5555 nunc
1323 5503 1517 5555 merito
1562 5500 1957 5558 desiderabilis.
1982 5502 2171 5569 reliqui

600 5597 764 5651 etiam
795 5595 975 5650 dilecti
1016 5595 1146 5648 mihi
1176 5604 1229 5648 et
1285 5593 1587 5648 honorandi
1625 5592 1714 5646 filii
1763 5593 1837 5646 Ini
1869 5610 1882 5658 ;
1920 5609 2016 5661 pro
2045 5596 2167 5662 qui-

670 5712 691 5741 '
717 5708 874 5833 Jgan.
905 5725 993 5769 xv,
1022 5710 1111 5763 ‘20.
1189 5711 1209 5741 ⁸
1234 5709 1389 5763 Rom.
1414 5727 1524 5769 \‘fll,
1557 5711 1638 5761 f7.

670 5797 708 5833 ι’,
786 5823 795 5832 ,

604 5796 708 5845 xw,
750 5796 795 5833 δ.

1716 5710 1733 5732 ⁷
1766 5710 1951 5765 Matth.
1989 5730 2116 5776 xxv,
2173 5716 2261 5772 9.3.

2272 4596 2602 4663 τηλοθελεῖς,
2633 4595 2740 4650 τῶν
2783 4597 2859 4659 ὡς
2892 4596 3071 4666 ὄφεων
3116 4597 3542 4669 ὑποσυρομένων
3596 4614 3703 4663 σοι,
3750 4597 3843 4651 καὶ

2275 4688 2535 4743 θελόντων
2562 4706 2620 4742 σε
2648 4688 2744 4742 τοῦ
2762 4688 2921 4756 ξύλου
2948 4688 3042 4743 τοῦ
3062 4689 3293 4756 ζωτικοῦ
3328 4691 3427 4761 τῆς
3448 4689 3707 4760 ἀληθείας
3743 4693 3842 4745 ἀπ-

2278 4779 2422 4846 ἀξαι,
2468 4778 2661 4849 φεῦγε,
2693 4779 2789 4832 καὶ
2819 4778 3073 4843 ὲνωτίξου
3108 4780 3255 4846 ἅπαξ
3298 4780 3665 4851 κραταιωθεὶς
3690 4782 3749 4835 έν
3775 4781 3838 4851 τῇ

2275 4870 2524 4943 ἀληθεία,
2556 4871 2652 4924 καὶ
2680 4870 2768 4923 διὰ
2797 4869 3004 4923 πολλῶν
3033 4872 3346 4943 μαρτυριῶν
3374 4872 3474 4942 τῆς
3508 4873 3673 4942 ἀγίας
3702 4872 3841 4945 Γρα-

2276 4962 2385 5031 φῆς
2416 4961 2790 5032 συσφιγχθεὶς,
2817 4960 2928 5014 ἐσθ’
2958 4963 3047 5016 ὅτε
3085 4963 3182 5018 καὶ
3234 4963 3537 5035 ἀνθρώπων
3579 4964 3835 5029 εὐσεϐῶν,

2276 5054 2355 5117 είς
2410 5054 2646 5125 παντελῆ
2684 5054 2976 5126 ἀκινησίαν
2999 5073 3012 5087 '
3044 5057 3196 5120 ὅπως
3234 5055 3401 5129 τεύξῃ
3444 5058 3709 5126 κάκείνης
3742 5055 3838 5125 τῆς

2276 5147 2462 5218 φωνῆς
2493 5148 2553 5200 τὲ
2599 5149 2876 5220 ἐγκώμιον
2902 5168 2917 5181 ·
2955 5149 3018 5203 '0
3057 5148 3245 5202 ποιῶν
3270 5148 3478 5213 ταῦτα,
3516 5148 3588 5201 οὐ
3617 5149 3836 5201 σαλευ-

2272 5241 2521 5307 diluerat
2578 5243 2665 5304 είς
2723 5242 2829 5294 τὸν
2877 5240 3079 5295 αἰῶνα.
3127 5240 3494 5307 ’Υγιαίνουσιν
3537 5241 3587 5292 οἱ
3638 5240 3834 5300 πάντες

2271 5330 2511 5399 ἀδελφοὶ,
2546 5334 2574 5385 ὁ
2603 5333 2790 5402 κύριος
2837 5333 3082 5395 διάκονος
3109 5334 3137 5383 ό
3177 5332 3363 5400 Πατήρ
3396 5347 3522 5399 μου,
3570 5330 3599 5381 6
3635 5330 3835 5397 γλυκύς

2276 5439 2377 5490 μου
2408 5423 2654 5491 ἁδελφὸς,
2687 5424 2783 5477 καὶ
2814 5423 2907 5475 νῦν
2940 5422 3140 5492 μᾶλλον
3166 5421 3327 5485 ἀξίως
3364 5419 3758 5492 περιπόθητος,
3787 5421 3833 5472 οἱ

2272 5513 2452 5566 λοιποὶ
2485 5515 2796 5585 προσφίλιοι
2826 5514 2918 5567 καὶ
2947 5513 3117 5583 τίμιοί
3144 5528 3266 5581 μου,
3296 5513 3389 5564 καὶ
3421 5513 3590 5565 τέκνα
3623 5529 3738 5576 σου,
3762 5505 3837 5573 οἷς

2276 5608 2373 5657 σὺν
2403 5608 2526 5675 ἐμοὶ
2558 5609 2711 5673 πᾶσι,
2744 5607 2945 5676 Πάτερ,
2969 5604 3153 5675 εὔχου.
3188 5604 3395 5666 Πάντες
3440 5604 3625 5657 αὐτῶν
3657 5604 3838 5673 εὐδρο-

2373 5719 2393 5750 ⁸
2432 5717 2574 5773 Psal.
2679 5735 2760 5783 LV,
2794 5719 2847 5774 ὅ.
2957 5717 3152 5775 ’Psal.
3209 5732 3389 5780 cutv,
3458 5721 3481 5771 f
3627 5718 3672 5749 ι’
3696 5716 3834 5772 Psal-
