4018 6304
172 387 280 451 913
1377 447 1380 450 ,
1407 386 1759 445 EPISTOLA

1864 387 1951 446 1M
1984 389 2130 446 LIB.
2168 389 2217 448 Ι.
3345 399 3451 460 914

171 507 335 580 μοῦσι
363 523 376 540 ·
405 506 649 576 παθητὸν
671 504 860 568 αὐτοῖς
902 503 1119 574 μόνονὴ
1159 504 1227 577 σὴ
1255 504 1412 572 ὑγεία
1459 505 1518 559 ἐν
1549 506 1758 577 Κυρίῳ¹

1868 507 1968 562 hus
1991 508 2249 562 omnibus
2270 522 2515 570 mecum,
2545 504 2739 570 Pater,
2767 522 2882 562 ora.
2915 507 3118 562 Omnes
3151 517 3300 564 recte
3323 526 3453 565 cur-

167 602 263 656 καὶ
292 601 608 671 εὐφόρητον
641 599 757 652 πᾶν
789 596 970 651 ὁτιοῦν
993 595 1247 652 παθοῦσι.
1275 597 1499 661 Πάντως
1544 598 1638 652 καὶ
1665 597 1754 650 λυ-

1862 605 2041 651 runt:
2107 612 2274 651 unum
2323 597 2428 651 illis
2467 605 2678 661 votum,
2731 606 2820 650 tua
2866 597 2921 650 in
2969 595 3198 652 Domino
3253 597 3445 652 salus:

165 691 454 764 πούμεθα,
506 690 605 744 καὶ
653 687 1072 761 ἀδημονοῦμεν,
1126 689 1218 742 καὶ
1263 689 1627 760 ἀσχάλλομεν,
1659 690 1752 744 καὶ

1864 687 1978 743 leve
2002 696 2183 743 autem
2206 697 2261 744 et
2295 688 2600 754 tolerabile,
2639 687 2903 759 quidquid
2928 697 3011 744 est
3037 691 3184 758 quod
3233 691 3451 760 patiun-

168 779 554 852 ρᾳθυμοῦμεν,
603 780 701 834 καὶ
732 779 1011 850 λογισμῶν
1055 779 1314 852 πονηρῶν
1344 781 1600 853 ὀχλήσεις
1633 782 1755 853 ἔχο-

1858 792 1968 835 tur.
2006 778 2244 836 Otnnino
2277 789 2332 836 et
2358 781 2629 846 dolemus,
2655 789 2711 835 et
2751 781 3053 846 tristamur,
3080 791 3133 836 et
3169 782 3445 851 angimur,

167 891 267 944 μεν
296 892 310 905 ·
342 874 440 928 καὶ
491 872 615 927 οὐδέ
648 871 758 944 γάρ
818 870 969 924 ἐστιν
1013 871 1170 936 ἐκτὸς
1193 871 1427 943 θλίψεων
1460 874 1754 946 παρελθεῖν

1861 882 1908 928 et
1937 873 2122 928 animo
2145 875 2452 945 dejicimur,
2483 885 2540 930 et
2581 889 2870 944 pravarum
2903 874 3304 944 cogitationum
3347 873 3448 927 ﬂu-

163 968 273 1020 τῶν
293 965 425 1037 τῇδε
443 978 459 996 ⁸
489 964 626 1021 ἀλλά
649 964 738 1018 διὰ
767 963 865 1035 τὴν
913 963 1108 1018 ἐλπίδα
1132 967 1229 1018 καὶ
1247 966 1414 1036 εὐχήν
1448 983 1541 1020 σου
1570 967 1750 1038 ίσχύο-

1861 966 2044 1021 ctihus
2082 966 2389 1035 agitamur:
2420 982 2599 1037 neque
2624 968 2770 1022 enim
2806 967 2929 1022 sine
2952 968 3215 1024 aerumnis
3246 965 3312 1021 ei
3343 967 3448 1022 hac

168 1075 288 1128 μεν,
337 1058 496 1128 Ἐμοὶ
529 1056 609 1120 δέ,
638 1057 845 1126 Πάτερ,
903 1055 1091 1127 εῦχου,
1137 1057 1221 1111 ὅτι
1256 1056 1348 1110 τὸν
1391 1057 1617 1113 Ἡσαΐαν
1664 1059 1755 1114 τὸν

1863 1058 1972 1112 vita
2013 1058 2196 1128 egredi
2231 1059 2356 1113 licet
2392 1075 2406 1112 :
2443 1059 2537 1114 sed
2563 1073 2658 1129 spe
2689 1058 2930 1124 subnixi,
2959 1073 3021 1113 ac
3054 1060 3308 1136 precibus
3332 1058 3442 1114 tuis

165 1151 318 1218 ἀγιον
343 1148 676 1220 ἐκστηθίζω.
704 1151 815 1203 Καὶ
835 1149 1076 1220 δήλωσόν
1105 1167 1199 1222 μοι
1233 1151 1305 1218 εί,
1340 1153 1493 1222 παρὰ
1525 1153 1587 1207 τὸ
1614 1155 1752 1225 γρά-

1861 1148 2007 1205 vires
2030 1149 2326 1205 sumimus.
2361 1148 2442 1204 Tu
2471 1166 2618 1215 vero,
2648 1151 2829 1218 Pater,
2868 1151 3003 1205 bene
3036 1151 3166 1204 mihi
3199 1166 3440 1220 precare,

166 1257 311 1308 φειν,
337 1241 741 1311 ἀναγινώσκειν
783 1258 854 1312 με
884 1241 1081 1306 θέλεις.

1861 1240 1917 1293 in
1952 1252 2205 1295 sanctum
2239 1239 2436 1295 Isaiam
2490 1241 2867 1297 incumbenti:
2900 1249 2956 1297 et
2985 1241 3234 1312 significa
3287 1243 3443 1310 mihi,

1859 1348 1928 1388 an
1954 1333 2134 1405 legere
2165 1350 2252 1390 me
2280 1335 2564 1400 duntaxat,
2597 1350 2701 1389 non
2727 1344 2909 1390 autem
2939 1345 2990 1390 et
3023 1335 3264 1391 scribere
3286 1336 3438 1391 velis.

695 1440 771 1497 1".
793 1471 863 1483 —
903 1437 988 1507 Τῷ
1019 1439 1202 1506 αὐτῷ.

2429 1446 2495 1501 ΙΙΙ
2531 1475 2602 1491 -
2642 1445 2847 1502 Eidem.
2937 1444 2945 1449 ’

313 1553 737 1608 Thessalonicam
761 1555 812 1602 in
833 1551 1068 1603 exsilium
1086 1553 1393 1616 deportatus,
1451 1552 1647 1607 itineris
1665 1557 1744 1606 sui
1767 1557 1961 1607 modum
1984 1563 2037 1608 et
2068 1558 2295 1609 ordinem
2323 1557 2545 1621 exponit.
2571 1559 2771 1620 (Baron.
2796 1572 2874 1609 an.
2902 1558 3012 1619 796,
3047 1573 3185 1611 num.
3236 1561 3309 1622 1.)

230 1663 522 1737 Προχεῖταί
575 1680 671 1735 μοι
706 1664 766 1716 τὸ
808 1662 1044 1734 δάκρυον
1069 1659 1178 1734 πρὸ
1199 1659 1296 1715 τοῦ
1317 1660 1478 1731 λόγου
1504 1679 1517 1693 ·
1550 1665 1643 1718 καὶ
1676 1666 1746 1719 τά
1778 1674 1817 1728 Β

1920 1665 2202 1722 Proﬂuunt
2239 1668 2372 1722 mihi
2427 1667 2681 1738 lacryma:
2710 1676 2834 1722 ante
2869 1667 3036 1722 verba
3070 1687 3083 1723 :
3112 1670 3187 1735 (et
3224 1671 3435 1726 viscera

164 1757 455 1827 σπλάγχνα
505 1756 738 1810 δονεῖται
762 1771 777 1786 ·
809 1755 906 1809 καὶ
934 1757 968 1827 ἡ
989 1755 1109 1827 χεὶρ
1147 1754 1446 1826 ὑποτρέμει
1474 1755 1570 1810 τοῦ
1603 1757 1743 1829 γρά-

1850 1759 2194 1826 quatiuntur,
2251 1771 2304 1813 et
2332 1775 2535 1814 manus
2564 1760 2852 1815 set-ibendo
2874 1763 3267 1818 contremiscil.
3298 1763 3435 1820 Tor-

163 1866 320 1920 φεινο
359 1849 455 1903 καὶ
481 1849 712 1919 ἕλκομαι
757 1847 1122 1918 πανταχόθεν,
1145 1849 1241 1902 καὶ
1284 1834 1472 1920 φέρειν
1511 1849 1570 1903 τὸ
1617 1850 1742 1904 όδυ-

1849 1862 2016 1917 queor
2040 1850 2299 1919 undique,
2326 1865 2425 1904 nec
2443 1850 2684 1904 dolorem
2714 1849 2861 1905 ferre
2883 1851 2999 1920 jam
3025 1851 3198 1905 valeo.
3236 1854 3300 1906 Et
3327 1871 3436 1923 quo

162 1940 448 2012 νηρδνπούχ
477 1933 590 2002 οἷός
633 1937 694 1992 τέ
726 1940 866 2007 είμι.
892 1939 958 1990 Ὢ
997 1937 1116 2001 πῶς
1146 1937 1356 2005 ἐνέγκω
1381 1954 1498 2004 σου,
1526 1939 1738 2008 Πάτερ,

1851 1949 2030 2007 pacto,
2062 1939 2243 2004 Pater,
2281 1956 2312 1995 ο
2336 1940 2516 2005 Pater,
2552 1940 2831 1996 Christum
2861 1941 3136 1996 imitantes
3161 1944 3433 1999 cruciatus

161 2030 364 2100 Πάτερ,
391 2030 462 2082 τά
490 2027 902 2100 χριστομίμητα
927 2027 1077 2101 πάθη
1100 2046 1116 2096 ;
1142 2027 1188 2081 ὥ
1215 2029 1332 2091 πῶς
1361 2027 1496 2081 οἴσω
1523 2044 1619 2082 σου
1643 2027 1742 2098 τὴν

1848 2039 1969 2084 tuos
2030 2029 2489 2101 perferam?quo
2552 2042 2711 2102 pacto
2750 2033 3020 2088 excelsam
3073 2044 3435 2107 sanctamque

162 2123 370 2194 ὑψηλὴν
399 2123 496 2176 καὶ
546 2120 709 2191 ἀγίαν
753 2122 1124 2189 ταπείνωσινς
1167 2120 1285 2185 πῶς
1337 2121 1636 2192 ὑπαντήσω
1657 2138 1740 2175 σοι

1843 2120 2234 2178 demissionem
2298 2132 2448 2178 tuam
2513 2125 2978 2196 sustinebo?quo
3019 2136 3178 2196 pacto
3233 2145 3429 2199 queam

161 2215 299 2269 κατά
333 2215 497 2283 λόγον
548 2214 906 2286 ἀντιγράφειν
932 2231 948 2278 ;
980 2214 1076 2268 καὶ
1131 2217 1227 2267 ποῖ
1275 2214 1574 2285 τράπωμαι
1597 2253 1614 2280 ,
1645 2216 1741 2268 καὶ

1844 2211 1958 2274 tibi,
1993 2223 2150 2283 prout
2183 2215 2321 2270 ratio
2361 2219 2620 2288 postulat,
2656 2218 3002 2274 rescribere?
3034 2220 3152 2286 Quo
3202 2238 3288 2276 me
3314 2239 3431 2279 ver-

161 2306 281 2360 ὅθεν
307 2307 479 2379 ίωμαι
518 2305 816 2378 κατάρχειν
875 2305 987 2358 τῶν
1034 2306 1384 2376 γραμμάτων
1407 2322 1423 2372 ;
1450 2306 1595 2377 Πρὸς
1637 2305 1740 2377 ἐμὲ

1845 2313 1976 2370 tam,
2004 2313 2059 2359 et
2088 2307 2229 2362 unde
2247 2309 2454 2366 litteras
2480 2313 2778 2368 exordiar?
2807 2316 2887 2370 Ad
2921 2332 3005 2372 me
3030 2316 3219 2388 igitur,
3247 2317 3426 2384 Pater,

159 2399 250 2453 οῦν
278 2401 366 2464 σὺ,
399 2392 448 2454 ὦ
491 2399 698 2471 Πάτερ,
740 2397 966 2452 τοιαῦτα
1015 2398 1284 2470 γράφεις;
1312 2397 1452 2468 πρὸς
1501 2396 1602 2468 ἐμὲ
1648 2396 1740 2451 τὸν

1842 2406 1898 2452 tu
1932 2398 2058 2453 talia
2104 2401 2343 2457 scribis?
2380 2405 2446 2458 ad
2475 2420 2562 2460 me
2617 2408 2994 2472 vermiculum,
3039 2425 3282 2478 caenum,
3329 2415 3415 2468 in-

162 2487 438 2559 σκώληκα,
472 2489 569 2542 καὶ
618 2487 902 2558 βόρϐορον,
959 2487 1057 2542 καὶ
1096 2487 1326 2553 ἀσωτον,
1352 2488 1382 2540 6
1411 2486 1603 2558 Πατὴρ
1634 2503 1741 2555 φω-

1842 2498 2256 2560 temperantem,
2305 2493 2464 2550 Pater
2489 2508 2854 2567 congruentes
2883 2500 3002 2555 filio
3035 2518 3198 2558 voces
3236 2506 3422 2560 mittit.

160 2584 254 2648 νάς
275 2583 469 2654 ἀφίησι
521 2581 841 2654 πρεπούσας
867 2581 1079 2652 τέκνῳξς
1119 2578 1376 2634 ἰκετικὺν
1422 2577 1740 2649 ἀναλαμϐά-

1856 2580 2131 2652 Supplicis
2174 2586 2381 2640 cultum
2441 2588 2641 2652 induis,
2683 2589 2770 2644 cui
2830 2591 3126 2662 supplicari
3177 2609 3275 2663 par
3321 2605 3423 2650 est.

159 2690 265 2736 νεις
286 2675 472 2745 σχῆμα
497 2673 527 2725 6
546 2673 779 2742 ὀφείλων
807 2670 1171 2725 ίκετεύεσθαι.
1200 2668 1371 2735 Κάγὼ
1391 2667 1578 2723 λοιπὸν
1598 2669 1626 2721 6
1644 2667 1740 2722 τά·

1839 2671 1909 2726 Αι
1940 2686 2042 2744 ego
2076 2675 2294 2730 tandem
2327 2676 2515 2732 infelix
2562 2679 2693 2748 quid
2743 2680 2989 2752 eloquar,
3018 2692 3072 2738 et
3111 2700 3221 2754 quo
3267 2697 3426 2754 pacto

159 2766 254 2831 λας
277 2767 332 2819 τί
374 2764 879 2838 προσφθέγξωμαις
919 2763 1016 2817 καὶ
1046 2761 1166 2826 πῶς
1198 2761 1518 2816 ταπεινωθῶ
1548 2761 1626 2833 τῷ
1654 2761 1736 2816 δι-

1836 2764 1992 2834 justo
2060 2764 2209 2821 Patri
2242 2784 2364 2823 meo
2398 2771 2762 2828 humiliabori
2792 2775 3173 2830 Verumtamen
3218 2781 3422 2847 accepi,

160 2857 295 2928 καίῳ
325 2875 429 2931 μου
450 2858 666 2929 Πατρίς
707 2858 859 2929 ὅμως
891 2854 1164 2926 ἐδεξάμην
1194 2847 1374 2921 σου,ὧ
1406 2855 1609 2925 Πάτερ,
1635 2854 1736 2925 τὴν

1837 2852 2014 2920 Pater,
2040 2856 2278 2929 indignis
2296 2859 2546 2914 manibus
2564 2869 2808 2916 sanctam
2835 2864 3139 2934 epistolam,
3166 2875 3421 2936 tanquam

161 2952 319 3021 ἁγίαν
347 2951 642 3022 ἐπιστολὴν
671 2953 731 3006 ιν
773 2950 964 3021 χερσὶν
1003 2949 1255 3013 ἀναξίαις
1273 2947 1349 3012 ὡς
1393 2947 1734 3019 θεογράφους

1837 2946 2049 3001 tabulas
2070 2963 2099 3002 a
2129 2948 2238 3003 Deo
2273 2961 2542 3008 exaratas.
2587 2952 2784 3008 Audivi
2815 2969 3006 3010 vocem
3038 2965 3197 3012 tuam
3225 2958 3423 3014 litteris

160 3009 389 3108 πλάκας.
436 3009 690 3098 Ἤκουσά
731 3009 970 3113 σευ-τῆς
1013 3009 1413 3111 ἐγγράμμάτου
1656 3009 1731 3102 ὠσί

1835 3039 2210 3109 consignatam
2259 3049 2318 3096 ut
2370 3042 2418 3097 si
2450 3044 2576 3113 quis
2622 3045 2800 3116 angeli
2833 3047 2918 3102 vel
2963 3050 3195 3118 apostoli
3233 3065 3422 3106 vocem

162 3137 213 3190 εῐ
239 3154 321 3200 τις
352 3135 644 3192 ἀκούσειεν
689 3135 927 3204 ἀγγέλου
977 3134 1166 3203 φωνῆς
1213 3132 1246 3202 ἢ
1271 3132 1572 3186 ἀποστόλου
1599 3148 1611 3161 ο
1636 3132 1732 3185 καὶ

1833 3129 2148 3196 audiat;et
2207 3147 2308 3187 cor
2369 3134 2634 3189 contrivit
2692 3146 2749 3191 et
2803 3136 3072 3209 lacrymas
3128 3144 3420 3212 expressit.

164 3230 442 3302 συνέτριψε
469 3228 572 3301 τήν
616 3228 867 3300 καρδίαν,
903 3228 1000 3280 καὶ
1042 3225 1298 3290 ἐξέϐλυσε
1339 3225 1596 3296 δάκρυον,
1635 3224 1731 3279 καὶ

1836 3219 2018 3276 Planxi
2049 3231 2103 3277 et
2151 3223 2483 3282 lamentatus
2524 3241 2669 3292 sum,
2707 3244 2813 3282 non
2863 3227 3173 3288 Jeremitica
3211 3235 3423 3292 lamen-

163 3322 614 3392 ἀπεκλαυσάμην,
639 3321 736 3374 καὶ
766 3320 1046 3391 ἐθρήνησα
1071 3319 1171 3388 οὺχ
1215 3318 1282 3373 ἰε
1294 3317 1572 3389 ρεμιτικδν
1602 3317 1732 3389 θρῆ-

1831 3317 2057 3378 tatione,
2075 3317 2142 3370 de
2166 3316 2512 3372 inimicorum
2545 3315 2640 3372 Dei
2664 3318 3069 3378 calamitatibus
3097 3328 3418 3395 composita;

163 3431 246 3466 νον
297 3415 390 3470 ἐπὶ
439 3413 634 3468 παθῶν
669 3410 989 3479 θεοπυγέσι
1043 3409 1460 3480 γεγενημένων·
1492 3409 1628 3464 ίδιον
1673 3409 1730 3462 δέ

1831 3406 1926 3462 sed
1975 3407 2259 3476 peculiari,
2288 3424 2409 3480 qua:
2438 3419 2491 3464 et
2515 3409 2757 3465 studium
2811 3413 2869 3466 in
2905 3411 3120 3470 Patrem
3165 3426 3418 3486 testetur,

162 3522 278 3560 τινα
303 3509 398 3560 καὶ
428 3506 814 3577 φιλοπάτριον,
839 3503 938 3558 καὶ
973 3501 1094 3574 Θεῷ
1135 3503 1307 3567 ὅντως
1347 3503 1722 3575 χαριστήριον.

1829 3509 1882 3554 et
1911 3513 2037 3554 vere
2065 3497 2177 3554 Deo
2210 3509 2391 3572 grates
2412 3501 2634 3558 referat.
2666 3502 2816 3559 Verae
2855 3507 2999 3561 enim
3059 3509 3414 3580 laudationis,

162 3598 419 3662 Δίνέσεως
489 3599 598 3669 γάρ
647 3594 884 3666 ἀληθοῦς
923 3595 960 3650 ἀ
1007 3594 1378 3659 ἀπέσταλκας,
1443 3594 1625 3665 Πάτερ
1654 3593 1732 3646 δίο

1830 3587 1992 3645 Pater
2019 3590 2186 3661 juste,
2216 3601 2346 3647 sunt
2401 3608 2524 3664 qua:
2576 3593 2798 3663 misisti,
2831 3595 2995 3668 digna
3030 3614 3150 3670 quae
3209 3603 3417 3659 descri-

163 3706 299 3753 κιιε,
333 3687 668 3760 ἀπογραφῆς
719 3687 870 3756 ἀξια,
909 3686 1008 3759 τῆς
1043 3689 1123 3752 είς
1167 3687 1302 3742 Θεὸν
1335 3687 1614 3752 ὁλοτελοῦς
1633 3704 1728 3742 σου

1830 3681 2047 3749 bantur,
2083 3683 2379 3753 perfectam
2401 3701 2527 3756 erga
2550 3683 2722 3740 Deum
2752 3699 3022 3758 mentem,
3064 3693 3417 3766 animumque

165 3779 465 3850 προθέσεως
494 3779 773 3850 γνώριμα.

1833 3783 1982 3827 tuum
2015 3777 2471 3831 demonstrantia.

227 3870 552 3943 Τοιγαροῦν,
582 3863 628 3924 ὦ
659 3870 870 3941 Πάτερ.
897 3869 1196 3942 ἐστήριξας
1236 3872 1269 3941 ἡ
1280 3869 1398 3942 μῶν
1427 3869 1498 3924 τὰ
1521 3871 1729 3942 φρονή-

1900 3865 2078 3932 Quare
2111 3882 2303 3922 sensus
2345 3878 2580 3933 nostros,
2603 3869 2785 3934 Pater,
2836 3872 3209 3930 confirmasti:
3249 3880 3411 3934 corda

167 3978 330 4029 ματα*
364 3962 679 4034 ἐνεύρωσας
702 3961 861 4033 ἡμῶν
891 3961 990 4025 τὰς
1039 3961 1288 4033 καρδίας.
1334 3961 1509 4034 ’Υπὲρ
1537 3962 1731 4015 ἐλπίδα

1828 3968 2014 4012 nostra
2065 3960 2450 4015 corroborasti.
2508 3961 2688 4032 Supra
2756 3978 2908 4034 spem
2977 3965 3242 4024 fortitudo
3301 3982 3412 4037 tua,

163 4051 407 4124 ἡάνδρία
451 4067 590 4106 σουο
629 4053 772 4124 ὑπὲρ
820 4052 1152 4123 προσδοκίαν
1200 4055 1233 4125 ἠ
1277 4054 1564 4125 παρρησία
1609 4069 1726 4107 σου.

1830 4065 1991 4119 supra
2020 4052 2477 4120 exspectationem
2525 4053 2748 4110 libertas
2793 4065 2906 4111 tua.
2945 4058 3097 4114 Alius
3141 4064 3412 4134 quispiam

168 4143 348 4208 ’Δλλος
393 4163 477 4210 τις
528 4146 664 4215 ἡμῖν
711 4146 923 4218 ὤφθης,
963 4149 999 4219 ἢ
1029 4149 1202 4220 ὅσπερ
1237 4147 1535 4218 ἐγνωρίξου
1569 4162 1583 4177 ο
1609 4146 1730 4210 ὅλος

1829 4139 1984 4193 nobis
2015 4141 2166 4194 visus
2194 4155 2253 4195 es
2283 4142 2350 4196 ab
2367 4157 2432 4196 eo
2448 4158 2609 4213 quem
2637 4161 2966 4204 noveramus
2995 4168 3008 4204 :
3048 4160 3188 4209 totus
3219 4156 3272 4210 in
3305 4157 3411 4213 Deo

166 4235 220 4288 ἐν
249 4237 363 4307 Θεῷ
402 4237 796 4308 ἠλλοιωμένος.
830 4241 971 4306 Δόξα
999 4240 1077 4311 τῷ
1108 4257 1168 4293 σε
1202 4238 1608 4310 δυναμώσαντι.
1651 4240 1726 4292 Οὑ

1830 4229 2166 4284 immutatus.
2198 4229 2339 4285 Laus
2369 4232 2416 4286 ei
2448 4235 2539 4302 qui
2577 4244 2627 4289 te
2672 4236 3032 4293 confirmavit.
3067 4239 3185 4296 Non
3216 4243 3414 4314 dejecit

166 4325 423 4381 κατέϐαλέ
478 4344 541 4380 σε
590 4325 755 4396 φόϐος
820 4326 1138 4397 βασιλείας⁸
1184 4329 1285 4382 οὐκ
1353 4329 1632 4399 ἐχαύνωσέ
1667 4346 1726 4381 σε

1832 4328 1884 4374 te
1914 4329 2088 4375 terror
2143 4321 2507 4391 imperatoris,
2563 4342 2672 4380 non
2703 4329 2965 4384 emollivit
3009 4340 3060 4385 te
3109 4333 3411 4390 insidiatrix

164 4416 385 4489 γοητικὴ
430 4415 665 4471 θωπεία.
699 4416 815 4486 Οὐχ
847 4417 989 4470 εἵλου
1047 4416 1389 4489 προσκαίρου
1440 4418 1734 4474 ἀπολαύειν

1833 4411 2092 4466 adulatio.
2122 4411 2352 4469 Noluisti
2393 4416 2571 4487 exigui
2631 4420 2894 4488 temporis
2952 4422 3224 4492 voluptate
3278 4425 3408 4495 frui,

165 4507 368 4582 ἡδονῆς,
397 4509 841 4583 προκινδυνεύειν
867 4510 1036 4565 θέλων
1055 4514 1154 4582 τῆς
1169 4511 1428 4581 ἀληθείας
1451 4512 1544 4565 τοῦ
1573 4514 1733 4571 Θεοῦ.

1832 4506 1926 4576 qui
1953 4521 2052 4576 pro
2081 4505 2176 4561 Dei
2215 4508 2444 4563 veritate
2496 4511 2793 4580 periclitari
2827 4513 3062 4570 volebas.
3102 4517 3286 4574 Bonus
3310 4537 3408 4591 pa-

177 4601 230 4656 '0
257 4603 457 4677 ποιμὴν
484 4606 515 4659 6
542 4602 734 4667 καλὸς,
762 4603 793 4656 6
822 4601 937 4667 θεὶς
960 4603 1059 4674 τὴν
1086 4603 1267 4675 ψυχὴν
1302 4605 1440 4676 ὑπὲρ
1459 4606 1568 4659 τῶν
1602 4623 1734 4676 προ-

1831 4607 1963 4664 stor,
1992 4597 2083 4667 qui
2109 4614 2208 4669 pro
2237 4599 2429 4655 ovibus
2449 4601 2688 4658 animam
2723 4607 2924 4676 posuit,
2960 4609 3051 4678 qui
3081 4626 3228 4665 nunc
3273 4628 3411 4682 quo-

167 4692 336 4751 ϐάτων
355 4713 369 4728 ·
397 4699 426 4752 6
454 4697 556 4752 καὶ
575 4695 672 4750 νῦν
701 4694 924 4764 δέσμιος
945 4693 1036 4748 διὰ
1062 4695 1164 4763 τῆς
1198 4698 1464 4768 φρουρᾶς,
1491 4695 1566 4758 ὼς
1600 4697 1736 4766 Χρι-

1830 4704 1936 4758 que
1984 4689 2195 4743 vinctus
2245 4691 2302 4745 in
2356 4693 2625 4760 custodia,
2665 4704 2725 4749 ut
2760 4695 2964 4752 Christi
3000 4700 3317 4770 Apostolus.
3365 4704 3409 4759 0

168 4786 286 4840 στοῦ
325 4787 744 4851 ’Δπόστολος.Ὧ
765 4785 859 4840 τοῦ
883 4787 1160 4857 δωματίου
1187 4787 1418 4852 ἐκείνου,
1437 4789 1494 4840 ἐν
1522 4779 1567 4854 ᾧ
1589 4787 1731 4860 φέρῃ

1830 4781 2078 4837 cellulam
2111 4783 2257 4838 illam
2290 4786 2346 4839 in
2390 4802 2498 4857 qua
2544 4790 2783 4845 versaris
2830 4800 2995 4863 atque
3058 4795 3408 4853 concluderis

168 4879 254 4930 καί
286 4880 523 4951 περιάγῃ
572 4878 651 4942 ὡς
691 4879 876 4950 τίμιον
926 4879 1022 4932 καὶ
1065 4877 1370 4951 εῦχρηστον
1418 4878 1612 4943 σκεῦος
1650 4877 1730 4948 τῷ

1830 4885 2086 4945 tanquam
2123 4877 2425 4946 pretiosum
2467 4889 2524 4936 et
2571 4882 2705 4936 utile
2729 4897 2822 4937 vas
2852 4885 3079 4942 Domino
3119 4887 3247 4943 Deo.
3285 4889 3404 4944 Uti-

169 4967 400 5042 Δεσπότῃ
450 4970 571 5042 Θεῷ
595 4972 611 5025 ι
633 4968 761 5025 Είθε
787 4970 883 5024 οῦν
912 4971 972 5024 τὺ
999 4969 1193 5040 ἔδαφος
1223 4972 1400 5024 ἐκεῖνο
1431 4987 1729 5041 περιεπτυο

1827 4981 1954 5020 nam
1979 4967 2047 5021 ad
2081 4967 2256 5022 solum
2310 4968 2441 5024 illud
2499 4972 2836 5039 advolverer,
2895 4975 3086 5046 inquo
3124 4979 3330 5034 domini
3353 4991 3409 5036 et

170 5059 354 5131 ξάμην,
379 5057 440 5118 οῦ
476 5065 527 5116 oi
566 5064 727 5126 πόδες
758 5063 854 5116 τοῦ
902 5064 1091 5134 κυρίου
1133 5079 1234 5134 μου
1268 5064 1363 5116 καὶ
1391 5064 1604 5135 Πατρὸς
1635 5065 1732 5134 βα-

1830 5056 2009 5114 Patris
2033 5059 2139 5114 mei
2169 5062 2732 5130 pedesinambulantl
2775 5067 2998 5124 Utinam
3044 5080 3099 5126 et
3136 5073 3316 5129 claves
3353 5089 3408 5130 et

167 5148 407 5215 δίζουσιν.
438 5152 567 5208 Εἴθε
598 5152 700 5216 τάς
724 5154 866 5206 κατά
891 5152 987 5207 σοῦ
1010 5153 1160 5217 κλεῖς
1188 5153 1283 5205 καὶ
1315 5153 1539 5224 κλεῖθρα
1564 5170 1732 5226 προσ-

1829 5151 2066 5206 claustra
2096 5155 2461 5219 exoscularer,
2494 5173 2614 5227 quae
2645 5159 2961 5214 thesaurum
2991 5162 3205 5231 pietatis
3230 5179 3407 5222 custo-

167 5245 430 5316 εκύνησα,
495 5247 576 5310 ὡς
635 5245 914 5316 θησαυρὸν
996 5245 1283 5309 εὐσεϐείας
1363 5247 1722 5316 φυλάττοντα.

1830 5241 2020 5296 diuntl
2063 5241 2206 5308 Quin
2257 5245 2441 5315 potius
2476 5249 2845 5304 venerandum
2877 5267 2938 5306 os
2979 5249 3108 5310 illud
3150 5258 3404 5328 amplecti

167 5337 369 5393 Μᾶλλον
410 5341 469 5396 δὲ
520 5339 827 5412 ἐϐουλόμην
855 5340 918 5393 τὸ
951 5340 1133 5410 τίμιον
1160 5341 1340 5393 ἐκεῖνο
1376 5341 1727 5396 ἀσπάσασθαι

1835 5334 2035 5399 malim,
2059 5335 2204 5404 quod
2233 5338 2478 5395 veritatis
2525 5343 2692 5396 verba
2725 5342 3034 5399 confessum
3062 5357 3146 5402 est
3172 5365 3187 5414 ;
3225 5358 3281 5402 et
3311 5366 3403 5405 sa-

169 5429 328 5496 στόμα
370 5429 432 5484 τὸ
470 5429 819 5503 ὁμολογῆσαν
847 5429 940 5484 τὸν
981 5429 1138 5500 λόγον
1168 5432 1266 5502 τῆς
1308 5418 1564 5503 ἀληθείας
1585 5449 1600 5464 ο
1625 5434 1725 5498 τάς

1827 5441 1947 5484 cras
1973 5444 2185 5494 manus,
2222 5446 2343 5499 qua:
2372 5432 2438 5486 ad
2471 5443 2688 5489 sanctas
2730 5444 2786 5490 et
2831 5440 3188 5507 acceptabiles
3211 5457 3401 5509 preces

167 5518 302 5583 ὁσίας
335 5525 524 5594 χεῖρας
554 5523 658 5588 τὰς
691 5523 1069 5595 ἐπαιρομένας
1101 5526 1183 5587 είς
1212 5524 1374 5593 ἁγίας
1414 5526 1724 5596 προσευχὰς

1827 5519 2180 5574 attolluntur.
2214 5520 2280 5576 Et
2311 5540 2421 5593 quo
2450 5527 2664 5581 tandem
2696 5527 2826 5583 mihi
2857 5528 3032 5583 dulcis
3075 5531 3241 5586 facies
3276 5550 3406 5588 avo-

171 5608 254 5661 καὶ
288 5612 736 5683 εὐπροσδέκτους.
768 5614 882 5668 Ποῦ
915 5615 1049 5668 ποτέ
1080 5632 1185 5685 μου
1212 5615 1274 5668 τὸ
1304 5616 1478 5684 γλυκὺ
1504 5617 1724 5686 ἀπέπτη

1826 5612 1977 5676 lavit,
2037 5629 2146 5682 quo
2191 5627 2351 5684 pacto
2385 5620 2642 5675 salutaris
2693 5637 2792 5675 vox
2820 5624 3131 5678 conticuit?
3182 5626 3260 5679 En
3304 5644 3404 5699 ego

169 5699 478 5786 πρόσωπονς
514 5705 621 5760 ποῦ
657 5705 717 5760 δὲ
749 5709 781 5777 ἡ
814 5707 1088 5778 σωτήριος
1117 5707 1272 5779 φωνὴ
1314 5710 1721 5780 κατεσιγάσθη;

1824 5706 2032 5760 scilicet
2059 5707 2360 5777 orphanus,
2397 5712 2744 5778 miserabilis,
2793 5715 3035 5784 undique
3065 5717 3397 5786 destitutus;

170 5783 289 5842 Ἰδοὺ
313 5787 374 5864 δὴ
397 5792 508 5864 ἐγὼ
526 5795 764 5870 όρφανδς
782 5798 813 5852 6
831 5796 1072 5863 ἐλεεινὸς
1091 5798 1185 5854 καὶ
1215 5800 1464 5873 παντέρη
1475 5819 1592 5873 μος,
1621 5801 1722 5854 οὐκ

1824 5798 2040 5858 Patrem
2090 5815 2273 5858 meum
2321 5819 2430 5860 non
2463 5805 2694 5874 habens,
2731 5806 3000 5863 luminare
3053 5826 3234 5866 meum
3290 5829 3399 5868 non
