4018 6304
607 374 710 437 915
1801 380 1859 437 S.
1902 374 2295 435 THEODORI
2322 373 2666 432 STUDITE
3749 375 3859 436 916

604 484 831 547 habens,
878 482 1152 538 medicum
1249 484 1683 554 nutritoremque
1745 482 1940 537 anima:
1998 497 2163 546 meae;

2283 475 2404 546 ἔχων
2436 476 2527 529 τὸν
2566 476 2787 547 Πατέρα
2817 493 2945 546 μου,
2982 477 3084 531 οὐκ
3124 476 3266 548 έχων
3298 478 3391 532 τὸν
3420 480 3690 551 φωστῆρά
3714 498 3846 551 μου,

601 576 718 631 sine
764 585 961 640 tutore,
1001 577 1118 631 sine
1178 578 1463 633 defensore
1518 580 1775 633 adversus
1825 575 2169 631 invisibiliter

2283 568 2358 622 τὸν
2403 568 2583 638 ίατρδν
2624 569 2717 622 καὶ
2758 569 2962 640 τροφέα
2998 571 3099 640 τῆς
3163 572 3420 641 ταπεινῆς
3470 589 3575 642 μου
3632 572 3847 643 ψυχῆς’

603 666 987 739 impugnantes
1018 684 1126 733 me,
1170 668 1370 724 Factus
1400 688 1514 724 sum
1562 673 1695 725 sicut
1717 686 1898 723 corvus
1942 670 1994 721 in
2039 668 2165 720 soli-

605 759 782 812 tudine
824 768 871 813 et
906 761 1038 813 sicut
1078 778 1259 829 passer
1324 764 1602 816 solitarius
1638 763 1694 815 in
1726 770 1859 815 tecto
1889 762 1950 826 ¹¹,
1982 760 2168 813 oculos

605 850 893 905 intendens
925 853 1182 921 quotidie,
1220 854 1324 907 huc
1351 854 1475 908 illuc
1502 862 1920 923 prqspectanset
1935 852 2168 905 circum-

603 942 859 1010 spiciens,
896 960 998 999 nec
1030 961 1255 1016 usquam
1282 956 1463 1016 optata
1486 946 1668 1001 facies.
1710 945 1815 1000 Sed
1840 960 1909 999 ne
1938 944 2014 999 sic
2044 943 2169 1012 qui-

604 1035 725 1089 dem
751 1036 991 1091 dolorem
1016 1054 1198 1093 meum
1223 1055 1321 1109 pro
1348 1040 1556 1095 meritis
1584 1054 1908 1111 exaggerare
1950 1053 2168 1107 queam.

601 1128 871 1183 Caeterum
918 1131 1116 1200 gratias
1158 1147 1280 1203 ago,
1320 1148 1528 1205 agoque
1567 1134 1730 1187 etiam
1767 1142 1928 1201 atque
1984 1130 2168 1195 etiam,

603 1222 748 1291 quod
787 1233 1008 1292 propter
1039 1225 1130 1278 Dei
1178 1225 1351 1296 legem
1400 1227 1484 1280 his
1535 1226 1730 1296 dignus
1764 1224 1977 1277 habitus
2008 1238 2170 1289 sum;

604 1315 745 1382 quod
802 1317 936 1369 tanti
994 1315 1170 1370 Patris
1200 1316 1345 1371 ﬁlius
1386 1332 1692 1385 nuncupor.
1730 1316 1863 1371 Fors
1892 1318 2057 1371 etiam
2086 1333 2173 1371 re-

604 1422 770 1477 gnare
795 1423 890 1476 per
941 1418 991 1462 te
1025 1409 1186 1463 hodie
1224 1409 1426 1473 videar,
1482 1409 1643 1463 Pater
1698 1419 1903 1473 sancte,
1938 1411 1981 1463 si
2014 1410 2175 1463 modo

606 1514 795 1567 preces
846 1511 950 1555 tua:
1003 1500 1210 1555 salvum
1260 1517 1346 1555 me
1410 1501 1736 1556 custodiant.
1792 1501 1982 1569 Timeo
2029 1502 2175 1556 enim

606 1592 846 1660 peccatis
880 1593 1038 1658 meis,
1082 1602 1137 1648 et
1165 1594 1596 1664 intemperantia:
1630 1611 1783 1650 meas.
1818 1595 1967 1649 Scito
1993 1606 2175 1649 autem

606 1700 693 1738 me
731 1686 984 1755 precibus
1027 1686 1134 1741 tuis
1157 1729 1170 1752 ,
1204 1688 1303 1742 etsi
1341 1687 1494 1742 valde
1530 1688 1759 1742 imbellis
1782 1704 1921 1753 sum,
1977 1687 2177 1742 confir-

606 1788 811 1831 matum
862 1788 917 1832 et
954 1788 1197 1834 erectum
1226 1799 1238 1832 :
1270 1794 1445 1849 neque
1478 1795 1575 1850 ego
1615 1780 1815 1847 solum,
1857 1781 1951 1835 sed
1985 1796 2177 1835 omnes
2208 1819 2249 1877 Β

607 1886 776 1923 unum
811 1886 1018 1935 sumus,
1064 1870 1209 1924 idem
1259 1880 1437 1925 tecum
1491 1873 1807 1937 sentientes,
1868 1874 2172 1939 unanimes,

607 1963 671 2016 ad
702 1973 929 2016 mortem
960 1979 1129 2032 usque
1150 1964 1336 2018 eadem
1383 1965 1589 2034 perpeti
1628 1966 1795 2034 parati
1825 1982 1839 2019 :
1884 1981 1985 2019 nec
2014 1982 2174 2021 causa

605 2063 786 2107 nostra
820 2053 1115 2123 quidquam
1156 2055 1495 2110 reformides.
1536 2056 1651 2122 Eia,
1698 2056 1876 2123 Pater,
1916 2059 2019 2112 eia.
2057 2059 2173 2123 Eia,

606 2145 810 2214 optime
836 2146 1184 2216 gubernator,
1234 2147 1517 2202 aemulator
1572 2148 1811 2217 pietatis,
1863 2159 2173 2204 sanctorum

606 2236 866 2291 imitator.
900 2236 1181 2307 Magniﬁce
1234 2254 1421 2293 revera
1468 2240 1754 2305 dimicasti,
1808 2241 2036 2297 viriliter
2079 2244 2173 2297 de-

606 2330 851 2385 certasti.
890 2330 1033 2383 lnter
1068 2341 1350 2401 martyres,
1390 2341 1470 2387 sat
1498 2334 1631 2396 scio,
1661 2333 1881 2403 spiritus
1927 2348 2053 2388 tuus
2093 2336 2175 2389 lo~

604 2438 729 2476 cum
758 2423 937 2478 habet.
966 2422 1091 2478 Haec
1134 2425 1295 2495 igitur
1334 2426 1398 2478 ad
1450 2427 1596 2479 hunc
1637 2426 1878 2491 modum,
1930 2427 2177 2496 quamvis

606 2515 784 2570 adhuc
809 2514 946 2569 infra
978 2516 1307 2571 desiderium
1348 2534 1551 2582 meum,
1577 2528 1631 2573 ct
1673 2519 1811 2572 infra
1855 2519 2177 2590 dignitatem

608 2612 778 2660 tuam.
821 2605 886 2660 Et
913 2609 1171 2675 quoniam
1205 2608 1460 2664 distincte
1514 2625 1733 2664 narrare
1778 2626 1865 2665 me
1903 2611 2064 2681 jubes
2110 2613 2178 2666 ab

608 2698 695 2751 illa
720 2698 829 2760 die,
855 2714 960 2767 qua
1000 2698 1301 2754 luctuosam
1343 2703 1744 2770 separationem
1793 2703 2175 2765 sustinuimus,

611 2799 782 2844 totum
825 2790 928 2844 iter
970 2801 1241 2857 nostrum,
1306 2802 1417 2847 tum
1449 2810 1568 2863 quae
1616 2794 1669 2847 in
1716 2810 1782 2849 eo
1811 2796 1969 2849 nobis
2000 2796 2177 2849 conti-

609 2892 836 2953 gerunt:
871 2884 1120 2953 equidem
1174 2885 1347 2954 impar
1378 2901 1497 2939 sum
1524 2904 1537 2951 ;
1571 2886 1849 2958 aggrediar
1871 2894 2050 2941 tamen
2078 2888 2179 2942 im—

608 2977 759 3045 pigre
795 2976 937 3044 quod
965 2976 1147 3045 jubes.
1186 2977 1280 3031 Illo
1302 2994 1431 3049 ergo
1475 2980 1565 3034 die
1606 2996 1714 3049 quo
1745 2979 1923 3034 abiisti
1966 2989 2021 3034 tu
2057 2984 2180 3052 qui—

607 3066 754 3127 dem,
794 3066 972 3130 Pater,
1022 3067 1088 3121 ad
1137 3077 1363 3122 mortem
1426 3081 1516 3124 tua
1556 3073 1855 3138 voluntate,
1922 3073 2071 3128 missi
2128 3083 2181 3128 et

2268 660 2706 727 ἀπροστάτευτος
2735 701 2750 725 ,
2816 661 3262 731 άνεπαμύνευτος
3312 663 3450 733 πρὸς
3506 666 3635 727 τοὺς
3699 665 3859 718 πολε-

2272 748 2506 819 μοῦντάς
2587 768 2655 820 με
2731 750 2977 821 ἀοράτως
2999 767 3013 782 '
3099 752 3425 823 Ἐτενόμην
3472 754 3616 808 ὡσεί
3667 757 3855 823 κόραξ

2268 841 2339 893 ἐν
2388 841 2586 910 ἐρήμῳ
2666 842 2746 908 ὡς
2806 844 3126 910 στρουθίον
3195 846 3294 899 ἐπὶ
3371 844 3664 914 δώματος,
3730 845 3855 899 καθ’

2271 932 2486 1002 ἡμέραν
2548 934 2972 1004 έποφθαλμιῶν,
3031 930 3134 990 ὦδε
3195 938 3416 991 κάκεῖσε
3475 938 3690 1008 βλέπων
3758 940 3855 992 καὶ

2273 1024 2609 1095 περιαθρῶν,
2648 1027 2741 1079 καὶ
2780 1028 3035 1097 οὐδαμῶς
3069 1029 3129 1081 τὸ
3164 1029 3501 1099 ποθούμενον
3535 1034 3850 1102 πρόσωπον.

2272 1116 2382 1168 Kai.
2417 1115 2569 1169 οὔπω
2616 1118 2738 1170 κατ’
2779 1117 2940 1184 ἀξίαν
2974 1118 3244 1190 δυναίμην
3292 1122 3709 1193 ὲκτραγῳδῆσαί
3745 1139 3852 1189 μου

2271 1207 2333 1259 τὺ
2361 1209 2552 1271 πάθος.
2582 1209 2730 1278 Πλὴν
2774 1210 3085 1283 εὐχαριστῶ
3125 1214 3219 1267 καὶ
3267 1213 3737 1285 ὑπερευχαριστῶ,
3769 1216 3853 1267 ὅτι

2272 1298 2357 1352 διὰ
2385 1300 2547 1369 νόμον
2580 1298 2718 1353 Θεοῦ
2745 1300 2919 1355 ταῦτα
2953 1302 3329 1372 κατηξῐωμαιο
3359 1306 3441 1357 ὃτι
3467 1303 3711 1357 τοιούτου
3738 1304 3852 1357 Πασ

2274 1391 2399 1461 τρὸς
2448 1392 2798 1462 ὲχρημάτισα
2849 1394 3058 1449 τέκνον.
3110 1396 3264 1465 Τάχα
3320 1394 3624 1464 βασιλεύειν
3666 1396 3852 1464 οἴομαι

2274 1482 2363 1535 διὰ
2393 1482 2487 1535 σοῦ
2524 1484 2792 1555 σήμερον,
2850 1485 3032 1555 Πάτερ
3083 1485 3229 1555 άγιε,
3283 1488 3439 1556 εἴπερ
3486 1489 3518 1556 ἡ
3572 1488 3703 1558 εύχή
3754 1505 3848 1540 σου

2279 1572 2419 1625 σῶόν
2456 1590 2523 1643 με
2547 1574 2888 1643 διαφυλάξοι.
2918 1577 3145 1631 Δέδοικα
3174 1581 3283 1648 γάρ
3316 1597 3417 1649 μου
3450 1578 3550 1649 τὴν
3578 1579 3852 1649 ἁμαρτίαν

2279 1664 2374 1717 καὶ
2415 1663 2513 1736 τὴν
2560 1666 2836 1720 ἀσωτίανο
2874 1667 2997 1741 εἴσῃ
3035 1669 3092 1723 δὲ
3127 1670 3413 1738 γινώσκων
3461 1673 3544 1724 ὅτι
3585 1688 3679 1724 σου
3729 1674 3851 1736 ταῖς

2280 1756 2467 1823 ἁγίαις
2514 1757 2699 1828 εὐχαῖς
2732 1760 3021 1831 ὲνίσχυμαι
3077 1762 3172 1815 καὶ
3213 1763 3531 1835 ὲνίδρυμαι·
3578 1764 3681 1818 κᾶν
3731 1765 3852 1818 λίαν

2279 1848 2754 1915 εὐκαταγώνιστός
2796 1853 2946 1921 εἰμι’
2989 1851 3086 1906 καὶ
3131 1854 3193 1906 οὐ
3242 1856 3403 1924 μόνον
3428 1855 3559 1924 ἐγὼ,
3596 1855 3851 1910 ἀλλὰκαὶ

2278 1942 2324 1992 oi
2365 1940 2563 2005 πάντες
2594 1942 2653 1995 τὸ
2686 1944 2744 1995 ἓν
2765 1946 2935 2016 ἐσμεν
2964 1946 3405 2016 συμφρονοῦντές
3440 1965 3524 2002 σοι
3556 1948 3851 2019 σύμψυχοι,

2279 2029 2623 2100 συμπάσχειν
2662 2033 2977 2102 αἱρούμενοι
3010 2033 3176 2105 μέχρι
3224 2034 3479 2091 θανάτου.
3530 2039 3640 2092 Καὶ
3676 2040 3850 2110 μηδα-

2280 2119 2397 2189 μῶς
2436 2122 2594 2190 ἡμῶν
2649 2122 2810 2175 ἕνεκα
2845 2123 3031 2188 δεδιὼς
3066 2120 3152 2199 ᾖς.
3194 2122 3357 2195 Εὖγε,
3387 2121 3432 2182 ὦ
3460 2129 3663 2201 Πάτερ,
3700 2126 3849 2198 εὖγε.

2277 2205 2440 2277 Εὖγε,
2467 2204 2512 2264 ὦ
2542 2210 2731 2281 ἄριστε
2768 2213 3121 2285 κυϐερνῆταί
3136 2213 3355 2285 ζηλωτὰ
3395 2217 3496 2287 τῆς
3542 2219 3850 2286 εὐσεϐείας,

2280 2304 2496 2372 μιμητά
2527 2304 2635 2357 τῶν
2664 2305 2855 2373 ἁγίων.
2883 2306 3339 2378 Μεγαλοπρεπῶς
3362 2309 3531 2374 ὅντως
3561 2310 3851 2381 ἠγώνισαι.

2276 2393 2564 2460 Νεανικῶς
2609 2397 3029 2469 ὑπερήθλησας·
3081 2399 3222 2470 μετὰ
3273 2402 3567 2471 μαρτύρων
3624 2396 3723 2455 οἷδ’
3770 2403 3852 2456 ὅτι

2279 2490 2362 2561 εἴη
2416 2489 2479 2543 τὸ
2524 2491 2745 2562 πνεῦμά
2792 2509 2907 2547 σου.
2949 2491 3101 2564 Ἔχει
3139 2494 3238 2565 μὲν
3284 2495 3427 2548 οὕτω
3454 2493 3648 2557 ταῦτα,
3682 2498 3729 2548 εί
3758 2502 3855 2551 καὶ

2282 2581 2448 2650 μήπω
2492 2582 2593 2650 τῆς
2623 2582 2923 2653 ὲπιθυμίας
2968 2603 3071 2656 μου
3110 2586 3205 2639 καὶ
3255 2588 3354 2657 τῆς
3400 2586 3557 2650 ἀξίας
3606 2602 3724 2652 σου,
3773 2591 3855 2652 είς

2277 2672 2417 2726 δέον.
2463 2672 2615 2725 Ἐπεὶ
2638 2674 2695 2729 δὲ
2725 2675 2968 2740 κελεύεις
3009 2677 3295 2748 ἱστορῆσαί
3330 2695 3409 2730 σοι
3433 2677 3558 2731 κατ’
3579 2677 3729 2743 ἔπος,
3757 2680 3854 2749 ἀφ’

2278 2755 2346 2830 ἧς
2386 2760 2598 2831 ἡμέρας
2638 2763 2957 2835 ὑπέστημεν
3005 2767 3223 2834 ἐκείνην
3275 2767 3375 2837 τὴν
3420 2768 3689 2841 ὀδυνηρὰν
3735 2771 3855 2825 διά-

2281 2849 2483 2916 ζευξιν,
2520 2855 2618 2923 τήν
2667 2872 2728 2908 τε
2765 2856 3098 2928 ὁδοιπορίαν,
3141 2859 3233 2911 καὶ
3264 2860 3333 2913 τά
3377 2861 3496 2914 κατ’
3524 2862 3696 2934 αὐτὴν
3725 2865 3856 2933 ἡμῖν

2282 2940 2706 3010 συμϐεϐηκόταο
2745 2945 2841 3014 οὐχ
2898 2945 3101 2998 ίκανῶ·
3138 2943 3281 3017 πλὴν
3324 2949 3385 3001 τὸ
3428 2950 3721 3004 κελευσθέν
3763 2968 3858 3021 μοι

2285 3034 2499 3101 ποιήσω
2528 3034 2850 3088 ἀοκνότατα.
2894 3036 3031 3088 Κατ’
3060 3036 3231 3104 αὐτὴν
3263 3041 3543 3112 τοιγάρτοι
3586 3042 3685 3111 τὴν
3712 3043 3857 3113 ήμὲ·

609 3172 710 3210 nos
751 3157 804 3210 in
845 3159 1094 3214 exsilium
1125 3175 1333 3225 sumus,
1366 3162 1557 3227 obviis,
1591 3174 1649 3218 ut
1672 3180 1756 3220 res
1790 3166 1928 3232 tulit,
1961 3168 2180 3237 jumen-

2290 3140 2391 3192 ραν
2426 3124 2548 3175 καθ’
2582 3127 2647 3195 ἣν
2672 3125 2871 3196 ἀπῄεις
2902 3128 2965 3180 σὺ
2991 3127 3112 3199 μὲν,
3142 3122 3187 3182 ὦ
3216 3132 3419 3201 Πάτερ,
3446 3134 3548 3202 τὴν
3576 3133 3669 3184 ἐπὶ
3694 3134 3864 3187 θάνα-

612 3250 681 3303 tis
706 3251 974 3305 subvecti.
1010 3253 1076 3307 Et
1122 3254 1353 3323 primum
1395 3255 1634 3322 quidem,
1696 3266 1953 3325 tanquam
1990 3258 2181 3311 barum

610 3356 793 3395 rerum
820 3343 981 3397 rudes
1013 3354 1173 3413 atque
1212 3345 1502 3414 inexperti,
1536 3347 1786 3402 nonnihil
1832 3348 2012 3404 animo
2049 3364 2183 3403 con-

609 3436 834 3489 sternati
860 3451 1067 3491 sumus.
1098 3438 1422 3507 Appulimus
1438 3440 1581 3493 enim
1606 3441 1669 3493 ad
1704 3456 1871 3511 pagos
1895 3443 2181 3511 quosdam,

612 3527 981 3593 spectaculum
1018 3527 1145 3581 facti
1181 3530 1329 3583 onmi
1378 3531 1659 3584 hominum
1702 3534 1855 3587 sexui
1892 3543 1946 3588 et
1993 3537 2140 3590 aetati
2166 3578 2181 3603 ,

611 3616 705 3670 ubi
764 3618 997 3673 tumultu
1040 3620 1478 3693 clamoribusque
1529 3624 1766 3694 impleta:
1823 3627 1980 3683 nobis
2024 3645 2186 3685 aures

613 3711 856 3777 fuerunt,
885 3727 1007 3766 cum
1051 3713 1327 3768 solverent
1356 3724 1410 3769 et
1453 3716 1919 3775 subsisterent‘ad
1964 3737 2185 3792 compa-

614 3802 782 3856 randa
831 3803 995 3858 victui
1043 3808 1374 3869 necessaria,
1412 3810 1502 3878 qui
1540 3826 1638 3864 nos
1688 3811 1979 3867 ducebant.
2030 3813 2185 3868 Post-

613 3910 774 3962 quam
801 3912 932 3950 vero
986 3897 1278 3953 assuefacti
1335 3901 1552 3954 tandem
1606 3903 1828 3967 fuimus,
1863 3904 2079 3959 facilius
2130 3916 2186 3961 ct

613 3987 790 4042 lenius
816 3986 955 4043 ferre
986 3990 1251 4059 cmpimus
1293 3991 1542 4046 adversa.
1571 3993 1826 4047 Omnium
1876 4011 2039 4064 porro
2068 4013 2179 4051 ma-

613 4078 755 4132 xime
788 4096 887 4134 nos
913 4082 1145 4150 angebat
1177 4080 1354 4137 Patris
1384 4094 1438 4136 et
1468 4084 1673 4139 domini
1706 4085 1923 4141 diaconi
1954 4088 2183 4144 inﬁrmi-

614 4181 718 4225 tas.
751 4171 926 4241 Atque
954 4173 1056 4226 hoc
1080 4174 1243 4227 modo
1295 4174 1477 4247 tristes
1502 4186 1557 4230 et
1610 4179 1860 4233 exhausti
1921 4180 2024 4234 iter
2054 4198 2185 4237 con-

615 4265 863 4319 fecimus.
904 4265 1208 4320 Mansiones
1234 4277 1414 4322 autem
1463 4270 1545 4323 hm
1592 4270 1833 4339 fuerunt,
1870 4289 1900 4327 a
1940 4274 2187 4331 Calharis

613 4357 680 4411 ad
708 4356 947 4423 Liviana,
984 4357 1111 4413 inde
1142 4359 1207 4413 ad
1241 4357 1470 4427 Leucas,
1505 4372 1617 4416 tum
1649 4362 1964 4435 Phyraeum:
1995 4384 2102 4437 quo
2132 4368 2186 4422 in

612 4449 735 4503 loco
766 4450 993 4521 lugubre
1024 4451 1282 4520 quiddam
1317 4463 1371 4507 et
1419 4465 1718 4509 memoratu
1768 4457 1989 4527 dignum
2026 4460 2185 4513 nobis

614 4540 829 4595 accidit.
855 4541 993 4595 Cum
1020 4542 1165 4595 enim
1204 4559 1268 4597 ex
1307 4544 1603 4613 improviso
1633 4561 1690 4600 se
1722 4547 2049 4602 obtulissent
2088 4565 2185 4605 no-

612 4649 738 4688 vem
776 4650 841 4688 ex
874 4634 1146 4703 primariis
1195 4635 1479 4698 fratribus,
1540 4638 1722 4691 ovium
1767 4639 1938 4693 instar
1972 4643 2183 4711 disper-

614 4740 823 4789 sarum,
873 4726 1339 4781 circumsederunt
1371 4742 1470 4780 nos
1504 4726 1697 4783 flentes
1723 4738 1776 4783 et
1805 4730 1968 4784 corda
2001 4742 2186 4786 nostra

614 4814 984 4871 conficientes.
1022 4815 1091 4869 At
1119 4816 1309 4870 ductor
1335 4824 1519 4871 noster
1552 4834 1652 4872 nec
1676 4819 1877 4889 alloqui
1916 4837 2010 4876 eos
2041 4823 2189 4878 sine-

617 4906 731 4961 bat.
763 4906 840 4960 Ita
864 4906 1123 4960 miserum
1152 4907 1205 4960 in
1243 4907 1466 4961 modum
1503 4914 1849 4978 aspectantes
1896 4922 2103 4979 mutuo,
2134 4923 2189 4968 et

616 4999 738 5053 vale
772 4998 1038 5065 dicentes,
1079 5014 1201 5052 cum
1231 4999 1483 5069 lacrymis
1534 5000 1750 5055 tandem
1784 5002 1979 5057 divulsi
2011 5014 2064 5058 et
2100 5021 2189 5060 se-

615 5092 788 5164 parati
820 5091 1039 5146 fuimus.
1073 5090 1273 5145 Deinde
1300 5090 1521 5145 Paulam
1557 5092 1725 5158 ducti,
1756 5094 2063 5152 invenimus
2096 5113 2188 5153 ve-

618 5184 917 5239 nerandam
969 5198 1215 5237 sororem
1266 5191 1414 5236 tuam
1450 5199 1572 5237 cum
1626 5185 1845 5240 domino
1887 5185 2083 5252 Sabba,
2134 5200 2191 5245 et

619 5277 758 5333 clam
795 5276 1046 5330 venimus
1104 5276 1157 5328 in
1208 5284 1581 5344 conspectum,
1649 5286 1922 5348 totamque
1975 5293 2190 5338 noctem

620 5383 864 5437 congruo
914 5380 1164 5421 sermone
1190 5365 1475 5421 duximus:
1514 5377 1625 5421 tum
1662 5368 1893 5425 invicem
1936 5381 2189 5443 tanquam

619 5460 780 5515 morti
809 5459 1050 5513 addictos
1081 5459 1399 5522 salutantes,
1437 5459 1794 5517 discessimus
1825 5479 1947 5518 cum
1990 5469 2191 5538 gemitu

692 5595 734 5627 ιι
768 5593 907 5648 Psal.
942 5610 1013 5657 CI,
1047 5593 1097 5655 7,
1129 5593 1181 5649 8.

2285 3231 2376 3267 τον
2404 3215 2522 3268 όδδν
2550 3220 2617 3287 τῇ
2652 3219 2995 3289 προαιρέσει,
3036 3225 3129 3275 καὶ
3158 3225 3320 3294 ἡμεῖς
3354 3223 3722 3294 ὲστειλάμεθα
3752 3226 3860 3297 τὴν

2284 3305 2562 3375 ἐξόριστον
2611 3309 2946 3381 ὁδοιπορίαν,
3013 3312 3373 3383 ἐποχηθέντες
3432 3316 3519 3384 ἐφ’
3563 3309 3648 3379 οἷς
3700 3314 3863 3391 ἔτυχε

2286 3396 2464 3462 ζώοις.
2494 3400 2605 3453 Καὶ
2630 3400 2705 3465 ὡς
2744 3403 3067 3474 ἁπείραστοι
3114 3407 3234 3458 κατ’
3268 3405 3445 3475 am;
3489 3405 3585 3460 τοῦ
3613 3400 3862 3466 τοιούτου

2285 3488 2583 3559 δράματος,
2609 3486 2754 3561 ἦμέν
2780 3509 2902 3556 πως
2932 3496 2984 3546 ὲν
3009 3493 3237 3566 ἀθυμία.
3275 3494 3726 3566 Προσεϐάλλομεν
3749 3503 3864 3571 γάρ

2288 3581 2379 3633 καί
2428 3597 2536 3634 τισι
2586 3583 2823 3653 κώμαις,
2867 3584 3273 3655 θεατριζόμενοι
3311 3587 3406 3641 ἐπὶ
3453 3589 3639 3657 πάσης
3685 3589 3864 3658 ὅψεως

2288 3672 2381 3724 καὶ
2412 3672 2630 3743 ἡλικίας
2671 3673 3006 3744 ἀνθρώπων
3043 3676 3293 3747 θορύϐοις
3334 3697 3393 3733 τε
3442 3681 3537 3733 καὶ
3590 3686 3865 3750 κραυγαῖς

2290 3763 2707 3833 περιηχήθημεν
2736 3765 3019 3837 ἀμφότερα
3044 3770 3113 3822 τά
3141 3764 3255 3823 ὦτα
3274 3786 3287 3799 ·
3318 3770 3375 3822 ἔν
3412 3788 3468 3822 τε
3497 3771 3576 3842 τῷ
3607 3773 3865 3843 ἀπαίρειν

2288 3855 2382 3906 καὶ
2429 3854 2769 3909 καταπαύειν
2817 3857 2968 3928 παρὰ
2996 3858 3057 3911 τὸ
3105 3860 3170 3913 τὰ
3214 3861 3495 3928 ἐπιτήδεια
3532 3864 3867 3933 συμπορίζε-

2289 3945 2410 3997 σθαι
2441 3945 2568 4008 τοὺς
2591 3946 2847 4012 ἄγοντας.
2878 3948 2964 4012 Ὠς
2995 3949 3054 4002 δὲ
3084 3950 3252 4021 ᾔομεν
3289 3950 3458 4023 [unus
3517 3952 3736 4025 ᾔειμεν]
3768 3955 3867 4009 ἐπὶ

2285 4036 2475 4107 πρόσω
2510 4037 2838 4105 ἐθισθέντες,
2874 4043 3002 4112 ῥᾷον
3033 4042 3233 4112 μᾶλλον
3258 4044 3526 4115 ἐφέρομεν
3554 4047 3623 4101 τά
3666 4047 3867 4117 δυσχε-

2290 4128 2379 4197 ρῆο
2419 4128 2492 4180 Τδ
2524 4129 2580 4182 δὲ
2607 4130 2773 4183 ἀνιῶν
2800 4133 2947 4202 ἡμᾶς
2974 4133 3135 4187 πλέον
3167 4136 3199 4205 ἡ
3234 4136 3487 4189 ἀσθένεια
3516 4132 3585 4208 ἦν
3628 4138 3725 4191 τοῦ
3750 4141 3864 4193 Πα-

2285 4218 2411 4288 τρὸς
2438 4218 2532 4271 τοῦ
2563 4220 2754 4288 κυρίου
2796 4221 3067 4278 διακόνου.
3110 4224 3220 4277 Καὶ
3241 4223 3384 4278 οὓτω
3408 4226 3510 4295 τὴν
3545 4226 3665 4281 ὁδὸν
3697 4228 3861 4297 ἀχθόο

2299 4325 2471 4378 μενοι,
2529 4312 3011 4383 περιαντλοὺμενοι
3064 4314 3485 4387 διεπεράναμεν.
3516 4310 3689 4370 Αὖται
3715 4318 3772 4370 δὲ
3806 4319 3867 4371 al

2290 4402 2594 4470 καταμοναί
2621 4417 2635 4430 ’
2667 4404 2775 4456 ἀπὸ
2799 4405 2866 4457 τὰ
2910 4406 3142 4476 Καθαρά
3164 4409 3244 4469 είς
3269 4406 3532 4459 Λιϐιανά·
3563 4407 3757 4460 ἔπειτα
3783 4409 3868 4471 είς

2289 4490 2501 4553 Λεύκας
2526 4507 2540 4520 ·
2568 4486 2668 4544 εἷθ’
2699 4492 2872 4555 οὕτως
2906 4495 2985 4555 εἰς
3020 4494 3079 4545 τὸ
3106 4495 3370 4563 Φύραιον·
3401 4492 3532 4547 ἔνθα
3553 4495 3647 4548 καὶ
3677 4494 3868 4563 ὀδυνη-

2298 4583 2388 4651 ρὸν
2432 4583 2561 4651 ἡμῖν
2596 4583 2817 4652 συνέϐη,
2868 4585 2960 4637 καὶ
3002 4586 3243 4655 ἱστορίας
3284 4584 3453 4649 ἄξιον.
3492 4586 3870 4656 ’Υπερφανέν-

2293 4688 2384 4733 τες
2418 4671 2526 4740 γάρ
2565 4689 2682 4734 πως
2712 4673 2770 4739 ἐξ
2799 4674 3112 4745 ἀπροόπτου
3144 4677 3297 4728 ἐννέα
3325 4676 3433 4729 τῶν
3475 4678 3871 4747 πρωτευόντων

2295 4763 2562 4831 ἀδελφῶν,
2609 4762 2685 4826 ὡς
2730 4764 2983 4835 πρόϐατα
3044 4765 3445 4837 διεσπαρμένα,
3497 4767 3870 4837 περιέστησαν

2296 4859 2428 4927 ἡμῖν
2454 4858 2756 4923 κλαίοντες,
2786 4861 2881 4912 καὶ
2920 4859 3351 4931 συνθρύπτοντές
3391 4863 3423 4931 ἠ
3435 4860 3551 4931 μῶν
3603 4864 3702 4931 τὴν
3732 4878 3871 4933 καρ-

2297 4949 2440 5007 δίαν.
2481 4951 2592 5004 Kal.
2619 4952 2648 5003 ό
2679 4951 2778 5019 μὲν
2806 4950 2955 5019 άγων
2982 4954 3132 5023 ἡμᾶς
3169 4953 3290 5006 οὐδὲ
3329 4953 3711 5024 προσλαλῆσαι
3740 4955 3831 5007 sta
3853 4970 3869 4983 '

2292 5041 2503 5094 ἐλεεινὰ
2528 5042 2583 5095 δὲ
2614 5042 2905 5112 βλέποντες
2942 5046 3036 5097 καὶ
3075 5043 3422 5115 βλεπόμενοι,
3474 5045 3572 5098 καὶ
3606 5044 3873 5115 ἐπιφθέγ-

2294 5149 2439 5202 ματα
2463 5132 2712 5203 ἀλλήλοις
2741 5134 3083 5198 ἑπειπόντες,
3116 5135 3427 5190 τελευταῖον
3452 5136 3592 5206 μετὰ
3620 5134 3874 5207 δακρύων

2292 5220 2748 5293 διεχωρίσθημεν.
2804 5218 2937 5276 Εἶτα
2992 5224 3360 5294 καταχθέντες
3412 5227 3470 5278 ὲν
3525 5228 3592 5296 τῇ
3659 5224 3872 5295 Παύλᾳ,

2292 5311 2528 5382 εὕρομεν
2559 5312 2656 5385 τὴν
2687 5314 3056 5385 πολυτίμητόν
3088 5333 3181 5369 σου
3205 5316 3442 5387 ἀδελφὴν
3469 5317 3566 5370 σὺν
3585 5317 3666 5388 τῷ
3699 5315 3876 5385 κυρίῳ

2299 5404 2488 5476 Σάϐϐᾳ
2510 5406 2609 5475 (4),
2640 5406 2898 5476 κρυπτῶς
2941 5406 3371 5477 συνοψισθέντες,
3404 5410 3499 5460 καὶ
3543 5408 3608 5461 δι’
3632 5407 3759 5477 ὅλης
3785 5425 3877 5460 νυ-

2303 5497 2428 5559 κτὸς
2456 5498 2513 5549 ὲν
2541 5495 2723 5568 ταυτῷ
2768 5498 3077 5568 μείναντες,
3109 5498 3443 5570 λαλήσαντές
3475 5515 3532 5552 τε
3566 5497 3637 5552 τὰ
3664 5498 3875 5563 εἰκότα,

2122 5672 2354 5731 NOTAE.

696 5760 773 5848 μ)
939 5766 1126 5848 κιςρίω
1190 5763 1407 5818 Σάϐϐα.
1460 5765 1686 5833 Sabbas,
1721 5769 2055 5825 Studitat'um
2125 5773 2180 5828 Ut

2283 5792 2491 5845 menus,
2524 5776 2579 5832 in
2656 5776 2886 5835 concilio
2936 5776 3155 5837 Νίτωηο
3194 5776 3236 5834 ll
3297 5793 3402 5835 una
3454 5794 3578 5837 cum
3632 5782 3880 5848 Platone,

624 5836 967 5905 subscriptus
1002 5834 1219 5903 legitur.
