4018 6304
227 364 333 430 917

1465 357 1994 419 EPISTOLARUM
2020 359 2166 422 LIB.
2207 360 2256 420 Ι.

3382 366 3484 431 918

229 483 326 536 καὶ
348 478 735 548 ἀσπασάμενοι
763 473 1024 545 ἀλλήλους
1055 471 1133 535 ὡς
1163 466 1566 532 ἐπιθανατίους,
1594 467 1807 538 διέστη-

1915 477 1964 524 et
1987 469 2300 539 ejulatione.
2327 469 2404 525 Ac
2435 480 2570 526 tunc
2596 469 2784 527 videre
2823 479 2941 527 erat
2961 470 3222 529 convulsa
3259 485 3481 545 pectora

233 587 336 641 μεν
369 569 651 631 στένοντες
679 566 775 620 καὶ
801 561 1186 632 ποτνιώμενοι.
1214 554 1323 612 Ἦν
1359 558 1486 612 ἰδεῖν
1511 558 1633 612 ἐκεῖ
1658 573 1801 611 σπα-

232 663 552 736 ρασσόμενα
594 657 878 726 σπλάγχνα
923 656 1019 709 καὶ
1057 651 1422 723 σφαδάζοντα,
1475 649 1801 722 θεοπρεπῶς

230 753 552 823 νικωμένης
595 751 694 820 τῆς
733 749 972 818 φύσεως.
1010 747 1105 800 Ἐκ
1149 743 1317 798 τῶνδε
1373 741 1807 812 κατεπαύσαμεν

229 848 292 899 ἐν
329 845 410 915 τῷ
453 841 760 912 Λουπαδίῳ,
798 837 1136 909 φιλοφρόνως
1165 834 1613 906 συμπαθηθέντες
1653 834 1809 901 παρά

231 936 330 991 τοῦ
382 932 812 1004 ξενοδοκοῦντος,
850 927 1185 1000 χρησάμενοι
1233 944 1292 980 τε
1337 928 1430 980 καὶ
1477 924 1688 996 λουτρῷ
1720 924 1809 978 διὰ

227 1029 364 1092 τοὺς
398 1026 672 1100 μώλωπας
698 1040 712 1054 ·
748 1021 1006 1091 γεγόνασι
1045 1021 1154 1089 γὰρ
1199 1017 1293 1072 καί
1340 1034 1502 1072 τινων
1543 1017 1805 1083 δυσίατοι,

227 1119 345 1174 ἀπὸ
398 1118 500 1187 τῆς
561 1114 892 1184 ὁδοιπορίας.
940 1111 1049 1164 Καὶ
1097 1108 1457 1180 κατήχθημεν
1508 1108 1588 1172 είς
1636 1109 1808 1176 Τίλιν.

243 1212 397 1265 Ἐκεῖ
430 1209 609 1263 τοίνυν
638 1201 963 1260 καταλαϐὼν
989 1202 1138 1271 ήμᾶς
1165 1201 1193 1254 ὃ
1214 1217 1273 1254 τε
1303 1199 1502 1263 Ἀϐϐᾶς
1536 1200 1812 1270 Ζαχαρίας

234 1300 380 1372 μετά
407 1299 503 1352 τοῦ
551 1295 789 1360 Πιονίου,
821 1297 888 1348 ἐκ
919 1292 1131 1363 θερμῆς
1158 1291 1474 1362 προθέσεως
1504 1291 1808 1357 κλαίοντες,

229 1395 329 1446 καὶ
382 1389 502 1461 μεθ’
548 1388 708 1460 ήμῶν
759 1383 1075 1457 αἱρούμενοι
1141 1382 1496 1454 πορεύεσθαι,
1550 1381 1656 1438 κᾶν
1712 1382 1811 1436 οὐκ

229 1483 525 1554 εἰάθησαν.
565 1480 697 1534 Ἀπὸ
727 1478 884 1532 τοῦδε
918 1479 997 1540 είς
1034 1474 1354 1545 Ἀλκέριζαν
1377 1489 1392 1504 ⁶
1419 1475 1487 1526 ἐκ
1515 1473 1684 1527 τῶνδε
1730 1475 1810 1537 είς

244 1571 819 1644 ’Δναγεγραμμένους,
843 1568 1036 1622 ἔπειτα
1065 1569 1144 1630 είς
1165 1566 1506 1636 Περπερίναν
1521 1581 1532 1594 ο
1556 1565 1812 1618 κάκεῖθεν

232 1669 319 1731 είς
349 1666 414 1720 τὸ
443 1665 674 1735 Πάριον·
709 1659 1092 1722 κοινωνοῦντες
1136 1657 1288 1728 παρά
1317 1655 1427 1710 τῶν
1475 1655 1811 1721 ἐπισκόπων,

231 1760 382 1830 πλὴν
411 1756 674 1827 καὶμετά
723 1753 1104 1815 ταπεινώσεως
1156 1750 1666 1820 ὑπομιμνήσκοντες
1715 1750 1814 1818 ὀμ-

1907 569 1963 615 et
1990 559 2314 628 fatiscentia,
2345 575 2468 615 cum
2523 560 2784 616 decenter
2815 561 2954 618 victa
2989 563 3211 620 cederet
3260 570 3480 618 natura.

1908 653 1986 708 Ex
2014 653 2118 707 hoc
2165 651 2285 706 loco
2331 653 2561 723 digressi
2611 652 2952 710 substitimus
2991 655 3050 709 in
3093 654 3358 726 Lupadio,
3389 655 3483 710 ubi

1909 751 2258 812 peramanter
2298 743 2366 798 ab
2403 743 2619 814 hospite
2674 744 2846 799 habiti
2901 744 3130 813 fuimus,
3177 747 3482 817 balneoque

1910 834 1991 890 usi
2014 844 2234 905 propter
2261 835 2508 890 vibices:
2550 837 2829 892 nonnullis
2871 837 3018 892 enim
3065 853 3206 909 pene
3258 840 3484 894 insana-

1909 925 2044 980 biles
2067 935 2360 980 evaserunt
2390 942 2456 981 ex
2492 926 2702 982 itineris
2731 928 3043 999 agitatione.
3070 930 3139 984 Et
3163 930 3484 986 divertimus

1909 1015 2089 1071 Tilim.
2132 1016 2243 1072 Illic
2265 1034 2394 1090 ergo
2412 1025 2698 1073 assecutus
2722 1034 2822 1074 nos
2846 1020 3016 1075 abbas
3039 1019 3332 1076 Zacharias
3357 1036 3482 1077 cum

1908 1108 2122 1176 Pionio,
2177 1125 2287 1180 prae
2309 1110 2476 1164 animi
2519 1111 2717 1166 ardore
2771 1113 3055 1167 nobiscum
3085 1113 3274 1168 venire
3294 1115 3484 1184 cupie-

1909 1201 2039 1256 bant
2066 1220 2078 1256 :
2108 1201 2202 1256 sed
2237 1203 2566 1271 permissum
2597 1202 2651 1257 id
2682 1203 2762 1257 eis
2803 1217 2912 1258 non
2944 1203 3068 1258 fuit.
3093 1205 3223 1260 Inde
3271 1206 3482 1260 Alceri-

1911 1307 2049 1356 sam,
2089 1301 2202 1347 tum
2233 1293 2300 1348 ad
2350 1293 2903 1365 Anagegrammenos,
2978 1296 3175 1350 deinde
3233 1294 3484 1367 Perperi-

1910 1397 2059 1447 nam,
2094 1393 2259 1454 atque
2283 1385 2430 1440 illinc
2462 1385 2706 1454 Parium,
2737 1403 2862 1443 cum
2887 1389 3159 1459 episcopis
3182 1393 3483 1445 communi-

1911 1488 2117 1540 cantes,
2149 1485 2204 1531 et
2256 1478 2324 1532 de
2367 1479 2731 1549 jurejurando
2789 1482 3037 1535 modeste
3097 1484 3481 1538 admonentes.

1911 1565 2039 1622 Post
2088 1569 2204 1622 haec
2231 1567 2491 1636 Horcutn,
2536 1571 2664 1625 inde
2709 1571 3066 1642 Lampsacum
3094 1611 3108 1637 ,
3165 1573 3253 1627 ubi
3313 1573 3482 1629 Hera-

1911 1659 2112 1714 cleotas
2145 1662 2310 1724 nacti,
2363 1663 2542 1718 triduo
2584 1663 2840 1719 haesimus
2866 1665 3121 1736 navigare
3151 1681 3263 1720 non
3295 1667 3482 1722 valen-

1915 1760 2017 1807 tes.
2073 1753 2281 1809 Deinde
2309 1755 2590 1810 solventes
2628 1757 2938 1826 appulimus
2979 1758 3250 1829 Abydum,
3284 1774 3313 1813 a
3345 1775 3483 1830 prae-

230 1853 486 1915 νύοντας.
537 1845 668 1902 Εἶτα
719 1847 799 1909 είς
835 1844 1049 1916 Ὀρκὸν,
1094 1842 1303 1896 ἐκεῖθεν
1341 1835 1421 1904 εἰς
1467 1841 1805 1910 Λάμψακον*

1915 1844 2029 1898 side
2055 1845 2364 1900 humaniter
2384 1846 2616 1917 excepti.
2645 1846 2890 1918 Cumque
2907 1849 2977 1903 ibi
2998 1865 3168 1919 usque
3194 1850 3261 1904 ad
3288 1851 3485 1907 Sabba-

227 1948 293 1999 ἐν
443 1942 693 2013 εὑρόντες
757 1933 1183 2007 Ἦρακλειώτας,
1233 1931 1808 2004 προσανεπαυσάμεθα

228 2041 556 2112 τριήμερόν,
599 2036 756 2088 πλεῖν
795 2033 857 2086 ού
894 2031 1200 2100 δυνάμενοι.
1245 2023 1378 2082 Εἶτα
1422 2026 1810 2098 ἐξορμίσαντες

231 2129 693 2197 κατεπλεύσαμεν
738 2129 794 2180 ἐν
825 2126 892 2195 τῇ
938 2121 1188 2191 Ἀϐύδῳ·
1217 2119 1324 2173 ὑπὸ
1359 2118 1456 2173 τοῦ
1494 2122 1674 2173 ἐκεῖσε
1708 2119 1810 2190 ἀρ-

233 2238 431 2294 χοντος
486 2217 729 2279 εὐσεϐῶς
795 2212 1247 2284 κατελεηθέντες’
1287 2212 1383 2266 καὶ
1431 2211 1811 2282 ἐπιμείναντες

230 2318 344 2380 ἕως
389 2311 486 2367 τοῦ
528 2309 795 2364 σαϐϐάτου
847 2307 1212 2377 όκταήμερον,
1264 2304 1691 2374 ἀπεπλεύσαμεν
1732 2305 1814 2367 εις

247 2405 589 2465 Ἐλεοῦντας.
634 2397 1044 2469 Ἐϐδοματιαῖόν
1080 2414 1141 2452 τε
1172 2396 1367 2468 χρόνον
1402 2397 1807 2466 ἐπιμείναντες,

230 2500 326 2555 διά
349 2498 409 2550 τὸ
439 2494 652 2558 ἀπλοον,
683 2489 857 2555 δεξιοῦ
879 2490 1080 2560 ἀνέμου
1114 2488 1471 2552 πνεύσαντος,
1500 2486 1806 2558 ἐπετάσθη-

1913 1944 2028 1990 tum
2060 1946 2184 1992 octo
2213 1937 2422 1993 dierum
2451 1940 2624 2009 spatio
2648 1942 3058 2006 mansissemus,
3094 1941 3214 1995 vela
3254 1940 3484 1996 fecimus

1913 2028 1981 2082 ad
2009 2026 2286 2096 Eleuntes,
2335 2030 2428 2086 ubi
2487 2032 2883 2088 hebdomadem
2945 2034 3288 2100 commorati,
3338 2033 3485 2103 quod

1913 2119 2160 2190 navigari
2182 2136 2291 2175 non
2315 2132 2517 2191 posset,
2554 2123 2794 2178 secundo
2842 2133 3009 2178 vento
3035 2123 3199 2178 ﬂante
3232 2123 3484 2192 perveni-

1915 2225 2036 2265 mus
2093 2211 2150 2265 in
2209 2211 2477 2266 Lemnum
2535 2227 2730 2268 novem
2785 2213 3042 2268 horarum
3100 2211 3480 2269 veliIiCatione.

1915 2297 2230 2355 Orationem
2259 2301 2352 2358 hic
2402 2311 2643 2358 moratur
2665 2304 2840 2374 pietas
2867 2305 3112 2374 episcopi
3162 2305 3256 2375 qui
3298 2319 3405 2371 me,
3437 2305 3483 2358 si

1914 2393 2036 2462 quis
2056 2393 2214 2460 alius,
2244 2393 2477 2467 benigne
2506 2395 2767 2467 suscepit,
2810 2396 3122 2453 consolatus
3159 2406 3261 2465 est,
3287 2406 3344 2452 et
3372 2397 3485 2452 via-

1915 2485 2024 2540 tico
2050 2485 2326 2543 instruxit.

238 2606 342 2660 μεν
372 2588 430 2640 ἐν
456 2587 523 2654 τῇ
541 2584 746 2653 Λήμνῳ
765 2584 823 2634 ἐν
851 2579 1382 2651 ἐνναωρίῳ.”ιστησί
1427 2596 1529 2650 μου
1563 2579 1654 2631 τὸν
1678 2577 1836 2645 λόγον
1904 2575 2137 2629 ἐνταῦθα
2198 2578 2233 2647 ή
2276 2576 2370 2630 τοῦ
2414 2577 2712 2632 ἐπισκόπου
2751 2577 2861 2632 τῶν
2912 2579 3040 2649 τῇδε
3077 2579 3348 2634 εὐσέϐεια.
3388 2581 3485 2648 ’ος

233 2683 338 2736 οὑκ
370 2681 421 2733 εῐ
453 2696 538 2742 τις
575 2677 685 2749 γὰρ
734 2674 891 2738 ἀλλος
929 2676 1024 2728 καὶ
1062 2672 1403 2739 ἐδεξιώσατο,
1440 2675 1532 2726 καὶ
1555 2672 1932 2743 παρηγόρησε,
1961 2670 2058 2725 καὶ
2094 2670 2417 2740 ἐφωδίασεν.

321 2771 417 2824 Ἐκ
444 2767 551 2824 τῶν
593 2767 720 2838 τῇδε
749 2765 928 2819 τοίνυν
957 2763 1404 2825 ἀποπλεύσαντες
1429 2764 1488 2816 ἐν
1515 2762 1687 2832 φόϐῳ,
1722 2762 1811 2816 διὰ

1987 2759 2116 2816 Inde
2169 2776 2300 2833 ergo
2362 2761 2540 2816 soluta
2595 2760 2740 2827 navi,
2797 2776 2909 2816 non
2972 2762 3090 2818 sine
3155 2772 3325 2831 metu,
3368 2771 3489 2836 pro'

233 2861 299 2915 τὸ
333 2859 739 2931 παρακείμενον
791 2853 962 2918 ἔθνος,
991 2845 1447 2923 ἀντεπεράᾶαμεν
1479 2851 1812 2922 βορροφόρου

235 2952 338 3006 καὶ
373 2948 710 3023 ῥοιζήδοντος
753 2945 812 2997 ἐν
855 2942 1217 3012 δωδεκαωρίῳ
1252 2940 1444 2994 ἐκατὸν
1477 2941 1813 3008 πεντήκοντα

240 3041 442 3114 μιλίων
476 3037 536 3090 δν
566 3035 629 3089 τὸ
659 3033 925 3102 πέλαγος,
955 3034 1281 3103 ὁρμίσαντες
1305 3031 1363 3083 ἐν
1387 3029 1466 3098 τῷ
1502 3029 1814 3099 Κανάστρῳ

238 3137 300 3189 ἐν
342 3133 452 3193 τοῖς
499 3127 905 3195 Θεσσαλονίκης
953 3124 1123 3196 ὁρίοις
1144 3139 1158 3153 ⁸
1191 3121 1383 3175 ἔπειτα
1418 3121 1499 3185 είς
1531 3120 1814 3192 Παλλήνην

239 3225 313 3280 τά
349 3221 617 3292 πρόσγεια
650 3218 747 3272 τοῦ
779 3217 985 3271 κόλπου
1008 3231 1023 3245 ·
1066 3210 1186 3268 εἶτα
1229 3215 1308 3276 είς
1337 3213 1398 3266 τὸ
1429 3212 1677 3282 ἔμϐολον.
1721 3212 1815 3265 Ἐκ

236 3316 352 3371 τῶν
383 3313 533 3370 ἐνθεν
569 3311 732 3378 ζώοις
760 3310 924 3364 πάλιν
958 3306 1347 3375 ἐπιϐεϐηκότες
1379 3304 1642 3375 Σαϐϐάτῳ
1670 3303 1813 3374 ἡμέε-

242 3423 318 3479 pq.
365 3405 559 3476 ἑορτῆς
616 3400 710 3457 τοῦ
761 3398 1174 3468 Εὐαγγελισμοῦ
1208 3396 1307 3468 (5),
1344 3395 1463 3466 ὥρᾳ
1500 3395 1662 3466 τρίτῃ
1703 3394 1815 3446 είσ-

237 3495 491 3567 ήχθημεν
519 3495 578 3547 ἐν
616 3494 686 3563 τῇ
716 3489 892 3544 πόλει.
927 3487 1038 3541 Καὶ
1070 3489 1158 3540 οἶα
1186 3489 1219 3557 ή
1253 3484 1457 3547 ετσοδος
1486 3484 1500 3536 l
1535 3484 1668 3536 Οὑδέ
1703 3483 1815 3552 γὰρ

237 3587 404 3642 τοῦτο
454 3583 747 3657 παρελθεῖν
805 3583 1126 3651 ἀναγκαῖον.
1189 3577 1578 3651 Προπεμφθεὶς
1636 3577 1816 3631 τοίνυν

238 3678 401 3750 παρά
425 3676 519 3731 τοῦ
554 3677 803 3746 ὑπάρχου
834 3674 944 3728 τῶν
982 3673 1207 3743 ἐξόχων,
1250 3665 1334 3735 εἷς
1377 3670 1517 3741 μετὰ
1549 3685 1815 3740 στρατιω-

237 3771 374 3835 τῶν,
410 3768 752 3840 προσέμενεν
794 3767 854 3819 ἐν
898 3768 966 3836 τῇ
1001 3764 1294 3833 ἀνατολικῇ
1349 3764 1546 3833 πόρτῃ,
1575 3763 1671 3813 καὶ
1695 3763 1816 3812 ἐπι-

241 3864 440 3919 στᾶσιν
488 3859 808 3930 ὑπήντησαν
854 3854 1028 3926 ϐρθιοι
1062 3855 1149 3910 διὰ
1197 3855 1380 3924 σιγῆς.
1425 3854 1536 3906 Kal.
1580 3851 1718 3923 μετὰ
1761 3851 1818 3904 τὸ

239 3953 508 4010 είσελθεῖν
535 3950 856 4012 κλείσαντες
891 3947 991 4012 τάς
1024 3947 1221 4012 πύλας,
1249 3944 1384 4018 ἦγον
1416 3946 1504 4001 διὰ
1550 3947 1652 4016 τῆς
1695 3944 1819 4012 ἀγο-

242 4048 368 4120 ρᾶς,
399 4042 884 4118 προπομπεύοντες
938 4041 1032 4097 ἐπὶ
1076 4041 1176 4112 τῆς
1209 4041 1385 4111 ὅψεως
1413 4039 1521 4094 τῶν
1547 4041 1626 4100 είς
1657 4035 1817 4088 τοῦτο

241 4136 798 4210 συνδεδραμηκότων
830 4135 923 4189 καὶ
951 4134 1330 4202 ἀπαγαγόντες
1360 4135 1653 4203 εὶσήγαγον
1678 4135 1815 4205 πρὸς
1847 4120 1892 4175 Ῐ)

241 4233 337 4288 τὸν
369 4233 625 4303 ἄρχοντα.
653 4227 765 4283 Kal.
797 4221 922 4294 εῦγε
949 4225 1027 4296 τῷ
1047 4225 1227 4296 ἀνδρί’
1253 4225 1484 4296 εὐμενὲς
1515 4226 1622 4298 γὰρ
1647 4226 1818 4296 πρόσ-

243 4341 396 4381 ωπον
433 4321 632 4389 δείξας,
682 4317 826 4390 μετὰ
891 4317 953 4370 τὸ
1013 4321 1202 4370 πεσεῖν
1253 4318 1467 4387 χρηστὰ
1520 4316 1818 4386 ἐφθέγξατο

243 4417 401 4488 ἡμῖν.
435 4409 776 4484 Παρέπεμψέ
810 4426 872 4463 τε
902 4409 1039 4480 πρὸς
1069 4408 1161 4461 τὸν
1187 4407 1633 4494 ἀρχιεπίσκοπον,
1663 4407 1817 4475 πρῶ-

241 4521 336 4559 τον
366 4501 844 4575 προσευξαμένους
892 4500 948 4553 ἐν
993 4501 1062 4570 τῇ
1095 4498 1227 4568 άγίᾳ.
1273 4497 1464 4568 Σοφίᾳ.
1501 4497 1611 4552 Καὶ
1656 4495 1816 4566 ἐντῷ

244 4595 518 4667 εύκτηρίῳ
542 4592 621 4663 τῷ
660 4589 793 4661 παρ’
820 4589 984 4644 αὐτοῦ
1023 4589 1258 4660 ποιήσας
1288 4587 1483 4658 εὐχὴν,
1514 4589 1542 4641 ὁ
1573 4588 1815 4656 ἁγιώτα-

244 4707 338 4754 τος
385 4686 606 4752 ἐδέξατο
657 4684 754 4738 καὶ
785 4682 1176 4752 κατησπάσατο
1196 4681 1362 4751 ἡμᾶς,
1394 4680 1662 4750 ὁμιλήσας
1688 4680 1818 4750 ήμῖν

244 4783 318 4838 τά
343 4781 556 4846 δέοντα,
587 4775 685 4832 καὶ
713 4773 843 4845 παρ’
875 4773 1013 4827 αὐτὰ
1047 4773 1350 4843 κρατήσας,
1379 4772 1474 4824 καὶ
1499 4771 1819 4834 ἀναπαύσας

245 4876 336 4933 διά
362 4891 423 4929 τε
450 4869 682 4942 λουτροῦ
712 4869 806 4922 καὶ
835 4864 1158 4936 βρωμάτων.
1194 4862 1272 4932 Τῇ
1320 4861 1548 4933 δευτέρᾳ
1575 4861 1817 4932 πρωῖθεν

243 4964 390 5039 ἦραν
433 4965 604 5035 ἡμᾶς,
637 4959 731 5014 καὶ
769 4959 836 5011 δι’
877 4957 1146 5027 αἰτήσεως
1180 4955 1508 5023 ποιήσαντες
1557 4951 1816 5017 εύξασθαι

246 5063 326 5125 είς
360 5059 452 5113 τὸν
501 5056 658 5124 ἀγιον
699 5053 1031 5124 Δημήτριον,
1081 5049 1407 5120 διεχώρισαν
1463 5051 1672 5112 πάντας
1723 5049 1820 5103 ἀπ’

245 5152 514 5222 ἀλλήλων,
548 5144 1032 5216 προπεποιηκὸτας
1062 5141 1247 5212 εὐχὴν,
1277 5141 1370 5195 καὶ
1397 5142 1818 5212 ἀσπασαμένους

244 5242 527 5313 ἀλλήλους.
573 5238 713 5300 Τοὺς
759 5234 853 5291 δύο
883 5234 941 5288 δέ
983 5232 1129 5303 ἡμᾶς
1167 5230 1426 5298 ἀδελφοὺς
1453 5231 1819 5299 ἀναγαγόντες

243 5337 330 5388 ἐπὶ
364 5335 459 5388 τὸν
497 5333 558 5386 ἐν
595 5322 640 5399 ᾧ
684 5330 803 5399 είμι
849 5327 966 5380 νυνὶ
1009 5324 1192 5386 τόπον,
1223 5321 1500 5385 διέζευξαν
1531 5322 1819 5393 δακρυρῶς

243 5424 722 5495 καταφιλήσαντας
771 5418 1054 5490 ἀλλήλους,
1106 5415 1183 5478 ὡς
1222 5413 1315 5467 καί
1352 5430 1505 5476 τινας
1544 5415 1650 5467 τῶν
1685 5414 1820 5467 θεω-

1913 2860 2035 2920 pter
2082 2851 2367 2906 ﬁnitimam
2425 2860 2662 2923 gentem,
2709 2851 2766 2906 in
2812 2852 3095 2907 adversam
3159 2869 3332 2922 oram,
3394 2871 3488 2912 va-

1913 2943 2022 2999 lido
2051 2945 2295 3014 spirante
2344 2944 2530 3010 borea,
2590 2944 3018 3010 transmisimus,
3070 2955 3295 3001 centum
3328 2949 3486 3019 quin-

1912 3035 2168 3105 quaginta
2197 3034 2425 3088 millium
2453 3034 2674 3105 pelagus
2702 3034 2992 3090 duodecim
3045 3033 3194 3094 horis
3237 3038 3446 3092 emensi
3471 3054 3484 3090 :

1913 3124 2328 3194 appulintusque
2372 3124 2698 3181 Canastrum
2729 3125 2783 3184 in
2829 3126 3029 3180 ﬁnibus
3064 3125 3105 3178 Τ
3111 3127 3484 3194 hessalonicae,

1914 3216 2109 3271 deinde
2130 3216 2404 3271 Pallenam
2442 3217 2587 3271 sinui
2613 3217 2924 3290 contiguam
2953 3235 2966 3271 :
3001 3227 3114 3272 tum
3143 3220 3210 3275 ad
3243 3230 3486 3291 portum,

1913 3322 1980 3362 ex
2007 3323 2115 3377 quo
2145 3307 2199 3361 in
2231 3309 2560 3365 animalibus
2607 3309 2803 3364 iterum
2854 3311 3129 3377 sedentes,
3178 3313 3369 3367 urbem
3402 3315 3487 3367 in-

1915 3399 2086 3468 gressi
2134 3413 2326 3454 sumus
2371 3399 2632 3464 Sabbato,
2677 3399 2763 3455 die
2812 3400 2954 3456 festo
3013 3402 3487 3466 Annuntiationis,

1916 3491 2048 3545 hora
2079 3491 2256 3546 tertia.
2298 3492 2484 3558 Qualis
2514 3507 2644 3547 vero
2671 3493 2949 3564 ingressus
2974 3494 2987 3546 l
3013 3507 3190 3562 neque
3216 3493 3320 3547 hoc
3349 3510 3491 3564 pra:-

1918 3581 2080 3634 terire
2108 3581 2190 3635 l‘as
2217 3590 2318 3635 est.
2359 3581 2682 3636 Praemissus
2713 3596 2744 3636 a
2774 3581 3035 3651 prafecto
3066 3597 3210 3637 unus
3251 3599 3318 3638 ex
3374 3585 3457 3654 pri

1916 3673 2158 3728 moribus
2191 3688 2314 3727 cum
2365 3673 2599 3727 militum
2625 3687 2812 3739 manu,
2849 3673 2917 3727 ad
2966 3672 3301 3730 Orientalem
3360 3693 3491 3746 por-

1917 3775 2025 3822 tam
2047 3767 2412 3835 exspectabat.
2431 3764 2496 3820 Et
2515 3766 3078 3836 appropinquantibus
3096 3766 3274 3829 nobis,
3297 3783 3490 3822 occur-

1917 3867 2106 3913 rerunt
2164 3868 2312 3914 recta
2369 3858 2510 3923 acie,
2571 3858 2832 3915 silentio:
2877 3867 2932 3912 et
2990 3857 3189 3913 clausis
3252 3869 3374 3929 post
3404 3861 3490 3913 in-

1917 3967 2163 4024 gressum
2197 3961 2445 4005 nostrum
2480 3952 2675 4020 portis,
2729 3967 2828 4021 per
2858 3951 3037 4006 forum
3077 3967 3177 4005 nos
3217 3952 3489 4008 duxerunt

1919 4045 2120 4100 celebri
2152 4059 2371 4113 pompa,
2403 4045 2455 4098 in
2479 4043 2652 4098 oculis
2678 4059 2865 4097 eorum
2901 4043 2990 4111 qui
3015 4043 3082 4096 ad
3119 4044 3490 4112 spectaculum

1923 4145 2288 4197 accurrerant,
2323 4135 2800 4204 perduxeruntque
2826 4133 2894 4188 ad
2928 4133 3232 4202 praesidem.
3273 4131 3317 4188 0
3356 4151 3491 4204 prau-

1924 4225 2128 4278 clarum
2156 4224 2366 4279 virum!
2403 4225 2669 4294 placidum
2708 4224 2853 4278 enim
2893 4224 3052 4278 nobis
3085 4225 3292 4279 vultum
3331 4227 3489 4279 exhi-

1925 4313 2080 4378 bens,
2106 4327 2232 4367 cum
2273 4321 2574 4383 prostratus
2611 4313 2920 4379 salutasset,
2954 4315 3070 4368 miti
3103 4330 3203 4369 nos
3238 4330 3490 4369 sermone

1923 4404 2118 4459 allatus
2155 4413 2258 4468 est,
2318 4403 2574 4472 misitque
2603 4404 2672 4458 ad
2727 4403 3199 4472 archiepiscopum
3236 4405 3490 4473 precibus

1922 4506 2050 4552 ante
2081 4496 2212 4551 fusis
2239 4496 2292 4549 in
2339 4506 2541 4553 sancta:
2585 4497 2824 4565 Sophia.
2858 4495 2958 4551 Ubi
3005 4511 3134 4566 ergo
3170 4498 3226 4552 in
3255 4499 3492 4551 oratorio

1921 4602 2022 4642 suo
2053 4596 2305 4655 precatus
2328 4595 2415 4639 est
2449 4587 2844 4651 sanctissimus,
2884 4588 3099 4656 excepit
3147 4603 3268 4650 nos,
3304 4599 3358 4643 et
3378 4591 3494 4657 opi-

1922 4691 2053 4747 pare
2085 4677 2353 4740 tractavit,
2383 4678 2766 4732 consentaneis
2797 4678 2980 4732 verbis
3008 4677 3318 4747 alloquens,
3378 4689 3491 4734 tum

1923 4771 2118 4826 balneo
2169 4769 2418 4838 cibisque
2453 4769 2705 4824 reﬁciens
2750 4784 2816 4824 ac
2863 4770 3182 4824 restituens.
3231 4770 3494 4824 Postridie

1925 4877 2082 4916 mane
2102 4861 2316 4916 abducti
2345 4876 2554 4925 sumus,
2580 4869 2635 4916 et
2656 4876 2751 4931 per
2770 4862 3006 4931 speciem
3027 4862 3183 4930 quasi
3211 4863 3276 4915 ad
3318 4864 3492 4915 sancti

1926 4951 2181 5006 Demetrii
2210 4968 2432 5022 precum
2484 4967 2647 5006 causa
2704 4953 3051 5017 doceremur,
3103 4965 3496 5021 separaverunt

1925 5060 2026 5098 nos
2054 5058 2265 5107 omnes,
2312 5053 2530 5098 orantes
2580 5052 2770 5096 mutuo
2826 5051 2880 5095 et
2930 5041 3048 5094 vale
3091 5041 3358 5096 dicentes.
3385 5040 3494 5096 Nos

1926 5150 2055 5188 vero
2086 5134 2281 5188 fratres
2316 5134 2472 5199 duos,
2526 5149 2650 5189 cum
2682 5133 2736 5187 in
2767 5133 2912 5187 hunc
2941 5133 2996 5185 in
3027 5148 3135 5202 quo
3163 5148 3309 5189 nunc
3358 5135 3495 5204 dego

1925 5227 2100 5282 locum
2150 5227 2555 5296 perduxissent,
2595 5226 2978 5295 sejunxerunt,
3006 5225 3258 5279 ﬂebiliter
3287 5226 3492 5294 ample-

1925 5331 2135 5377 ctentes
2165 5329 2376 5384 mutuo,
2424 5320 2562 5373 adeo
2606 5327 2665 5371 ut
2719 5317 3080 5385 spectantium
3114 5315 3359 5369 nonnulli
3390 5315 3495 5369 mi-

1927 5412 2218 5469 sericordia
2240 5408 2834 5466 commoverentur.Sic
2861 5423 2918 5462 se
2944 5406 3249 5461 liabentres
3275 5415 3495 5471 nostrae,

1750 5572 1984 5631 NOTAE.

308 5699 384 5769 (5)
431 5693 882 5769 ’Πμέρᾳὲορζῆς
915 5691 1023 5769 τοῦ
1048 5689 1525 5769 ,ξλύαγγεᾼ-ισξμοῆ.
1577 5692 1813 5769 Dics_fe_-

240 5761 864 5830 stus'Annuntiationis,
899 5763 1015 5817 sive
1047 5761 1118 5815 25
1158 5761 1355 5828 Martii,
1379 5763 1673 5819 sabbatum
1711 5763 1815 5819 fuit

1875 5726 1885 5735 -
1927 5710 2014 5748 an.
2053 5695 2174 5758 797,
2204 5693 2428 5764 proinde
2456 5708 2598 5746 anno
2650 5691 2742 5764 illo
2785 5690 2908 5764 data
2957 5686 3330 5764 videturnbmc
3381 5684 3498 5754 cpi-

1926 5765 2101 5833 stola;
2136 5758 2262 5821 licct
2297 5763 2559 5819 Baronius
2588 5762 2788 5817 rcl'crat
2828 5761 2892 5815 ad
2925 5775 3122 5813 annum
3153 5758 3273 5814 796.
