4018 6304
553 327 660 388 919

1741 329 1800 387 S.
1839 324 2232 387 THEODORI
2275 325 2622 388 STUDITIE

3710 324 3829 386 9‘20

557 441 736 503 Pater,
764 447 819 492 et
840 452 939 509 ego
965 437 1053 492 hic
1087 439 1252 492 vitam
1286 454 1433 494 nunc
1480 455 1579 510 ago
1611 440 1915 495 luctuosam
1972 451 2027 496 et
2059 441 2139 495 la-

2247 441 2423 511 μὲνων
2470 438 2809 512 ταραχθῆναι
2853 440 2921 510 τῇ
2975 438 3310 511 συμπαθείᾳ.
3351 437 3542 502 Οῦτως
3581 439 3651 492 τὰ
3694 441 3824 492 καθ’

557 529 929 583 mentabilem.
967 527 1241 584 Cancrum
1297 530 1540 601 eulogias
1575 543 1773 587 sancta:
1794 546 1988 586 manus
2012 541 2137 596 tuae,

557 618 705 672 velut
725 628 926 673 sancta:
948 619 1234 674 Trinitatis
1279 618 1389 674 vim
1419 619 1747 686 obtinentes,
1777 621 2139 691 suscepimus,

557 725 757 781 easque
793 712 1012 767 amuleti
1043 713 1161 769 loco
1187 714 1470 781 habemus,
1497 725 1552 770 et
1577 713 1748 769 oculis
1777 715 1978 769 nostris
1997 715 2144 770 velut

559 804 840 859 dexteram
873 813 1022 860 tuam
1065 808 1444 863 exosculantes
1486 808 1859 862 admovemus.
1906 809 2140 864 Rursum

561 896 827 966 lacrymae,
863 913 1083 952 rursum
1116 901 1322 956 viscera
1361 902 1781 957 convolvuntur.
1827 901 2141 957 Orationem

560 988 706 1042 enim
739 988 990 1045 claudere
1047 1002 1129 1046 est
1159 994 1395 1048 animus.
1434 992 1478 1047 Ο
1513 993 1692 1058 Pater,
1724 1011 1822 1051 cur
1866 1011 1952 1051 me
1981 996 2141 1050 dese-

560 1080 715 1135 ruisti
747 1081 770 1134 ?
802 1082 871 1136 At
914 1098 1025 1138 non
1071 1084 1385 1141 deseruisti.
1417 1086 1700 1153 Quomodo
1737 1103 1770 1143 a
1819 1104 1906 1143 me
1952 1089 2147 1157 procul

562 1173 1007 1230 abscessisti?At
1053 1176 1108 1230 in
1145 1192 1233 1232 me
1287 1178 1518 1234 habitas.
1555 1179 1785 1235 Ubinam
1844 1190 1895 1234 te
1945 1180 2140 1234 iterum

560 1265 778 1321 visurus
806 1269 972 1322 sum?
999 1270 1274 1339 quomodo
1323 1280 1376 1326 te
1415 1273 1682 1326 cernam?
1736 1273 1827 1328 ubi
1881 1273 2142 1328 suavissi-

560 1371 703 1410 mam
729 1366 784 1410 et
812 1357 1106 1412 salutarem
1131 1369 1277 1413 tuam
1295 1375 1486 1414 vocem
1504 1361 1786 1416 exaudiam
1810 1361 1833 1414 ?
1857 1361 2141 1430 ecquando

562 1461 764 1501 mensa
812 1456 915 1503 tua:
945 1451 1261 1504 accumbam
1287 1452 1310 1503 ?
1356 1452 1447 1506 ubi
1479 1468 1774 1523 congressu
1829 1463 1922 1507 tuo
1944 1453 2140 1507 fruar?

561 1547 656 1593 aut
683 1539 772 1594 ubi
807 1541 1022 1596 tandem
1053 1553 1105 1596 te
1132 1543 1386 1600 audiente
1417 1545 1589 1616 legam
1619 1546 1642 1598 ?
1670 1555 1764 1600 aut
1793 1556 1843 1601 te
1869 1556 2141 1615 praesente

562 1647 753 1686 canam
779 1633 802 1685 ?
829 1643 923 1688 aut
959 1635 1313 1707 castigabor?
1341 1645 1436 1690 aut
1475 1638 1843 1707 reprehendar
1869 1640 1894 1691 .9
1919 1647 2012 1692 aut
2040 1639 2136 1693 ad-

563 1721 826 1775 monebor
851 1722 873 1776 ?
902 1725 1239 1792 amplectens
1270 1726 1490 1780 assidue
1530 1727 1582 1782 id
1609 1729 1752 1796 quod
1787 1729 1881 1783 tibi
1909 1728 2136 1798 placue-

563 1814 653 1878 rit,
675 1815 1008 1878 convictum,
1039 1833 1243 1883 escam,
1276 1828 1486 1888 potum,
1530 1821 1883 1890 colloquium,
1915 1831 2137 1886 statum,

561 1921 792 1971 sessum,
844 1910 1169 1964 recubitum.
1205 1911 1344 1978 Quid
1396 1922 1481 1968 est
1510 1914 1657 1982 quod
1707 1915 1841 1968 mihi
1900 1915 2142 1970 accidit?

562 1995 753 2051 Testes
798 2000 1014 2068 appello
1045 2002 1325 2068 mortales,
1353 2005 1568 2073 appello
1590 2014 1644 2058 et
1693 2005 1946 2060 cmlestes
1987 2015 2143 2075 pote.

561 2098 730 2146 states
764 2102 1020 2160 patronas
1055 2095 1212 2159 mihi,
1242 2098 1386 2166 quod
1431 2105 1482 2151 te
1527 2098 1610 2153 lex
1646 2098 1738 2152 Dei
1790 2113 1820 2152 a
1849 2115 1937 2154 me
1983 2115 2143 2169 sepa-

562 2183 715 2247 rarit,
751 2183 1063 2239 mandatum
1089 2203 1256 2241 unum
1291 2198 1578 2243 mternum.
1618 2190 1819 2244 Audiat
1843 2201 1986 2246 terra
2022 2193 2143 2246 uni-

561 2292 737 2331 versa.
771 2275 1061 2347 Propterea
1099 2283 1328 2347 gaudeo,
1359 2293 1414 2338 et
1454 2283 1777 2339 laudationis
1819 2300 2005 2340 vocem
2032 2285 2142 2341 Deo

564 2365 751 2422 reddo.
803 2367 1185 2424 Abundantius
1219 2372 1403 2425 omnia
1429 2374 1656 2444 recipio.
1723 2375 1972 2440 Exsulta,
2031 2391 2140 2431 non

562 2457 797 2526 amplius
856 2459 1112 2523 orbabor,
1147 2475 1256 2514 non
1325 2462 1602 2525 tristabor,
1671 2480 1772 2520 nec
1825 2465 2141 2520 indecorum

562 2548 855 2618 quidquam
913 2550 1154 2620 eloquar.
1195 2551 1419 2624 Suscipe
1442 2566 1624 2609 autem
1646 2565 1700 2610 et
1719 2558 2018 2626 superiora,
2044 2558 2142 2612 Pa-

564 2648 669 2703 ter,
705 2648 762 2692 ut
783 2639 994 2695 sincera
1017 2652 1070 2696 et
1098 2642 1222 2711 pia:
1264 2645 1340 2697 tui
1393 2647 1539 2700 enim
1571 2648 1773 2702 amoris
1829 2657 1958 2703 sunt
1997 2663 2144 2718 sym-

564 2729 706 2784 bola.
746 2731 932 2800 Itaque
961 2732 1208 2803 plangam
1240 2741 1564 2798 etiamnum,
1599 2739 1694 2794 sed
1725 2739 1948 2808 planctu
1985 2750 2141 2811 grato

563 2831 620 2876 et
651 2832 894 2892 accepto.
933 2823 1012 2877 Tu
1039 2841 1185 2886 vero.
1227 2835 1307 2880 ter
1338 2829 1493 2882 beate
1544 2829 1723 2893 Pater,
1756 2831 1927 2902 gaude
1955 2842 2010 2886 et
2048 2833 2145 2887 la:-

565 2925 702 2970 tare.
732 2914 922 2969 Bravia
951 2916 1045 2970 tibi
1080 2929 1330 2974 contexta
1361 2931 1494 2975 sunt
1524 2939 1536 2974 :
1570 2924 1831 2991 requietis
1869 2926 2019 2979 locus
2050 2941 2145 2994 pa-

567 3017 717 3062 ratus
739 3015 860 3062 est:
893 3009 1045 3062 zelus
1075 3019 1201 3065 tuus
1232 3021 1448 3080 patrum
1484 3023 1701 3069 tuorum
1731 3016 1902 3069 zelum
1931 3017 2096 3070 refert
2125 3036 2139 3073 :

2243 535 2390 602 ἡμᾶς
2431 533 2566 603 ἔχει,
2600 526 2645 587 ὦ
2670 533 2871 601 Πάτερ.
2909 532 3021 585 Καὶ
3066 530 3161 586 νῦν
3201 534 3316 602 είμι
3359 531 3470 601 ἐγὼ
3500 534 3530 586 ὁ
3561 533 3827 597 ταπεινὸς

2242 625 2477 678 ἐνταῦθα
2530 625 2642 694 βίον
2689 624 2866 680 ἐλκων
2908 624 3173 694 ὀδυνηρὸν
3222 626 3318 678 καὶ
3351 625 3820 678 πολυστένακτον.

2243 718 2354 780 Τὰς
2384 719 2441 770 δέ
2467 719 2533 772 ἐκ
2554 719 2653 787 τῆς
2685 718 2846 784 ἁγίας
2878 735 2970 771 σου
2998 718 3182 790 χειρὸς
3215 717 3467 785 εὐλογίας
3489 717 3822 785 ἐδεξάμεθα,

2240 810 2315 874 ὡς
2342 811 2570 881 δύναμιν
2595 810 2826 880 ἐχούσας
2851 810 2928 880 (6)
2957 811 3056 880 τῆς
3090 809 3250 877 ἁγίας
3274 809 3530 880 Τριάδος·
3567 811 3664 862 καὶ
3699 809 3826 877 ἑχο-

2247 919 2348 972 μεν
2407 904 2578 966 αὑτὰς
2609 903 2686 966 ὡς
2721 903 3110 974 φυλακτήριον,
3138 903 3232 954 καὶ
3264 900 3618 973 περιτίθεμεν
3645 901 3825 964 αὐτὰς

2242 995 2302 1046 ἐν
2329 993 2628 1064 ὀφθαλμοῖς
2667 994 2846 1065 ήμῶν,
2883 994 2960 1057 ὡς
2996 995 3096 1064 τὴν
3123 993 3306 1059 δεξιάν
3329 1010 3423 1047 σου
3455 992 3823 1062 καταφιλοῦν-

2240 1101 2351 1146 τες.
2387 1084 2555 1138 Πάλιν
2582 1083 2815 1154 δάκρυα,
2855 1085 3020 1140 πάλιν
3049 1085 3377 1155 στρέφονταί
3403 1102 3507 1155 μου
3544 1085 3613 1138 τὰ
3643 1085 3822 1146 ἐντός.

2242 1175 2611 1229 Καταπαῦσαι
2645 1177 2753 1248 γὰρ
2799 1175 2937 1230 θέλω
2974 1177 3065 1230 τὸν
3105 1177 3279 1244 λόγον.
3307 1171 3379 1230 Ὦ
3427 1177 3632 1246 Πάτερ,
3661 1177 3715 1229 τί
3754 1194 3821 1246 με

2243 1267 2635 1334 ἐγκατέλιπες;
2692 1269 2828 1322 Ἀλλ’
2887 1269 2987 1322 οὐκ
3027 1270 3407 1338 ἐγκατέλιπες.
3453 1268 3574 1333 Πῶς
3619 1269 3680 1323 δέ
3714 1286 3822 1339 μου

2240 1359 2669 1432 ἁπεμὰκρυνας;
2716 1361 2856 1416 Ἀλλ’
2881 1362 2938 1416 ἐν
2973 1363 3096 1432 ἐμοὶ
3125 1358 3193 1416 εἶ.
3220 1362 3331 1417 Ποῦ
3352 1361 3410 1416 δέ
3439 1378 3498 1415 σε
3521 1362 3605 1415 ἐτι
3639 1361 3823 1432 μέλλω

2240 1453 2405 1523 ὁρᾷν;
2441 1453 2559 1517 πῶς
2594 1471 2652 1508 σε
2690 1454 2928 1524 Manut;
2963 1453 3067 1508 ποῦ
3098 1471 3192 1507 σου
3221 1455 3444 1508 ἀκούσω
3463 1455 3564 1525 τῆς
3593 1454 3822 1526 ἡδίστης

2240 1546 2338 1599 καὶ
2369 1545 2640 1616 σωτηρίου
2670 1547 2892 1617 φωνῆς;
2936 1547 3129 1601 Ὁπότε
3171 1564 3265 1601 σου
3306 1548 3550 1618 γένωμαι
3579 1547 3825 1618 ὁμοτρά-

2242 1638 2435 1703 πεζοςς
2473 1638 2584 1692 Ποῦ
2630 1656 2724 1692 σου
2769 1640 3055 1703 συνουσίας
3085 1639 3474 1709 ἁπολαύσω;ἢ
3513 1638 3736 1692 πώποτε
3763 1640 3823 1692 ἐν

2240 1727 2341 1781 ὠσί
2370 1746 2464 1783 σου
2489 1730 2906 1800 ἁναγνώσομαι;
2940 1731 2972 1802 ἢ
3001 1731 3109 1800 πρὸ
3137 1731 3431 1801 προσώπου
3472 1747 3569 1783 σου
3596 1730 3713 1801 ᾅσω
3737 1745 3752 1793 ;
3787 1728 3822 1796 ἢ

2245 1821 2637 1891 σωφρονισθῶς
2695 1823 2727 1893 ἢ
2787 1822 3134 1894 ὲπιτιμηθῶ;
3190 1823 3224 1893 ἢ
3296 1822 3654 1894 ἐπιμνησθῶ;
3710 1821 3826 1888 ἕξιν

2247 1912 2414 1964 ποιῶν
2444 1912 2479 1966 ἃ
2500 1913 2652 1982 φίλον
2682 1931 2788 1976 σοι,
2815 1915 3080 1979 ἑστίασιν,
3113 1914 3334 1988 βρῶσιν,
3366 1915 3548 1980 ποτὸν,
3577 1914 3823 1984 ὁμιλίαν,

2247 2004 2460 2066 στάσιν,
2515 2005 2806 2077 καθέδραν,
2861 2007 3168 2060 ἀνάκλισιν.
3219 2005 3284 2060 Τί
3333 2024 3424 2076 μοι
3465 2005 3824 2076 συμσέσηκε;

2246 2093 2412 2145 Καλῶ
2441 2093 2570 2158 τοὺς
2598 2095 2920 2166 ἀνθρώπους
2961 2097 3267 2167 μάρτυρας,
3305 2095 3455 2149 καλῶ
3483 2097 3578 2148 καὶ
3603 2095 3703 2158 τὰς
3732 2095 3827 2148 ού-

2246 2186 2463 2254 ρανίους
2489 2184 2746 2254 δυνάμεις
2774 2187 3108 2256 συνηγόρους
3145 2204 3236 2257 μοι
3254 2204 3267 2217 ·
3295 2187 3378 2241 am
3409 2187 3572 2258 νόμος
3594 2203 3656 2239 σε
3687 2185 3824 2239 Θεοῦ

2245 2276 2510 2348 ἐχώρισεν
2536 2279 2628 2330 ἀπ’
2662 2278 2796 2347 ἐμοῦ
2824 2295 2837 2309 ο
2865 2281 3051 2351 ἐντολὴ
3089 2281 3186 2348 μία
3233 2280 3470 2344 αίώνιος.
3507 2281 3828 2334 ’Δκουσάτω

2245 2371 2278 2441 ἡ
2315 2372 2407 2423 ὑπ’
2436 2371 2687 2442 οὐρανόν.
2721 2373 2818 2424 Διὰ
2863 2371 3022 2425 τοῦτο
3043 2373 3242 2443 χαίρω,
3277 2374 3375 2426 καὶ
3402 2373 3588 2441 φωνὴν
3617 2371 3824 2441 ἀφίημι

2245 2465 2505 2528 αἰνέσεως
2553 2465 2690 2535 Θεῷ.
2738 2464 2956 2534 Ἀπέχω
2995 2465 3174 2519 πάντα
3224 2465 3365 2533 ὑπὲρ
3409 2466 3475 2517 ἐκ
3527 2463 3822 2533 περισσοῦ.

2259 2559 2611 2628 ’Λγάλλομαι.
2658 2559 2760 2612 οὐκ
2791 2557 3261 2629 ὸρφανισθήσομαι
3309 2557 3412 2619 ἐτι,
3439 2557 3542 2608 οὐκ
3568 2555 3827 2626 ἐρευνηθή-

2249 2666 2436 2718 σομαι,
2473 2651 2582 2702 οὐδ’
2622 2651 2817 2718 ἀγενές
2850 2668 2903 2704 τι
2948 2649 3273 2720 φθέγξομαι.
3323 2648 3513 2714 Δέξαιο
3545 2646 3602 2700 δὲ
3632 2646 3825 2700 καὶτὰ

2246 2741 2515 2812 ἀνώτερα,
2579 2744 2781 2812 Πάτερ,
2838 2744 2914 2806 ὡς
2952 2744 3162 2812 εὐαγῆ·
3202 2740 3296 2795 τοῦ
3345 2741 3511 2794 πόθου
3563 2757 3661 2792 σου
3714 2739 3824 2809 γὰρ

2249 2831 2519 2902 σύμϐολα.
2552 2832 2701 2904 Πλὴν
2735 2835 2818 2886 ὅτι
2859 2835 2954 2887 καὶ
2989 2833 3072 2887 ἐτι
3101 2833 3428 2902 κλαύσομαι,
3461 2831 3578 2885 ἀλλ’
3616 2828 3822 2884 εύαπό-

2245 2926 2432 2979 δεκτα.
2467 2926 2541 2978 Σὺ
2569 2925 2645 2987 δέ,
2685 2919 2731 2977 ὦ
2762 2926 2943 2997 Πάτερ
2985 2925 3380 2996 τρισμακάριε,
3407 2925 3566 2993 χαῖρε
3590 2923 3688 2975 καὶ
3731 2921 3822 2974 εύ-

2248 3019 2497 3088 φραίνου.
2524 3017 2605 3070 Τὰ
2639 3016 2871 3087 βραὸεἰά
2901 3035 2984 3070 σοι
3007 3018 3347 3086 ἐπλάκησαν,
3378 3019 3407 3071 ὁ
3434 3017 3534 3087 τῆς
3572 3012 3823 3069 ἀναπαύ-

566 3101 812 3155 custodia
836 3110 926 3156 tua
945 3104 1228 3158 veritatem
1244 3105 1563 3173 proclamat.
1592 3105 1820 3162 Vinctus
1841 3117 1926 3163 est
1941 3109 2141 3178 justus,

2253 3125 2390 3172 σεως
2419 3109 2582 3172 τόπος
2611 3110 2961 3180 ἡτοίμασται.
3001 3109 3058 3164 '0
3088 3108 3250 3177 ζῆλός
3281 3125 3375 3162 σου
3405 3107 3547 3161 κατὰ
3567 3108 3696 3170 τοὺς
3726 3123 3824 3158 πα-

567 3193 720 3247 velut
777 3193 1156 3250 intractabilis.
1218 3195 1319 3260 Qui
1377 3196 1631 3266 pietatem
1687 3202 1894 3266 colunt,
1941 3203 2140 3273 gratias

565 3291 771 3353 agunt:
803 3285 894 3354 qui
927 3285 1040 3356 pari
1086 3286 1204 3342 zelo
1261 3295 1538 3353 tenentur,
1586 3289 1945 3347 ferventiores
1991 3303 2138 3360 sunt,

566 3375 995 3444 pulcherrimum
1040 3378 1319 3433 exordium
1374 3381 1827 3451 contemplantes.
1869 3383 1972 3449 Qui
2019 3402 2143 3454 per-

568 3476 892 3534 sequuntur,
948 3483 1231 3526 sermones
1261 3471 1394 3526 loris
1426 3482 1652 3527 nectunt
1683 3484 1737 3528 et
1759 3475 2094 3530 maledicunt
2125 3493 2140 3542 ;

567 3555 790 3624 quidam
857 3561 1158 3628 praesertim
1209 3564 1484 3618 monachi.
1541 3566 1695 3620 Intus
1754 3583 1884 3621 vero
1938 3570 2144 3639 cogita-

571 3647 812 3703 tionibus
863 3649 1299 3718 diverberantur,
1353 3664 1409 3708 et
1467 3656 1725 3710 acerbum
1774 3669 2144 3714 accusatorem

572 3739 777 3793 habent
827 3757 980 3795 suam
1036 3741 1279 3812 ipsorqu
1339 3747 1750 3802 conscientiam.
1809 3749 1952 3816 Quin
1979 3753 2144 3807 etiam

571 3829 930 3885 admirantur.
965 3832 1177 3888 Norunt
1227 3836 1452 3906 quippe,
1486 3850 1542 3891 ut
1590 3855 1814 3910 magnus
1851 3841 2146 3913 Gregorius

571 3923 666 3986 ait,
690 3923 788 3976 viri
816 3922 972 3978 fortis
986 3925 1242 3980 virtutem
1273 3929 1527 3982 admirari
1547 3932 1708 3984 etiam
1734 3932 1917 3987 hostes
1950 3953 1963 3994 ;
1995 3951 2147 3996 cum,

573 4015 651 4068 ira
699 4024 970 4079 cessante,
1003 4032 1102 4071 suo
1138 4034 1224 4072 res
1254 4029 1530 4076 momento
1557 4023 1875 4079 azstimatur.
1915 4025 1991 4079 Te
2032 4026 2145 4080 Iau-

572 4108 702 4160 dant
725 4109 920 4179 angeli.
963 4109 1180 4164 beatum
1212 4113 1511 4182 praedicant
1572 4115 1842 4181 homines,
1895 4116 2146 4173 Christus

570 4199 806 4267 excepit,
846 4200 996 4270 regni
1031 4201 1295 4258 caelorum
1344 4204 1442 4259 tibi
1475 4205 1672 4274 ianuas
1711 4209 1927 4272 aperuit
1961 4209 2013 4262 in
2052 4226 2147 4264 sa:-

572 4291 711 4345 cula.
744 4291 936 4345 Amen.

941 4382 1029 4438 ιν.
1065 4415 1134 4424 -
1163 4385 1456 4456 ΝἱεερΙιονο
1494 4392 1794 4457 ρηεροεὶιο.

2181 4379 2228 4436 D

2248 3200 2414 3271 τέρας
2443 3217 2536 3252 σου
2557 3216 2570 3229 °
2590 3201 2624 3269 ἡ
2655 3201 2868 3271 φρουρὰ
2897 3200 2994 3272 βοᾷ
3018 3203 3116 3271 τὴν
3141 3199 3421 3270 ἀλήθειαν.
3466 3199 3654 3268 Ἑδέθη
3693 3201 3723 3252 ὁ
3746 3197 3824 3250 δί-

2249 3309 2428 3356 καιος,
2479 3290 2556 3354 ὡς
2592 3289 2964 3360 δύσχρηστοςο
2996 3293 3045 3344 oi
3083 3292 3141 3344 ἐν
3170 3289 3424 3361 εὐσεϐείᾳ
3476 3289 3816 3360 εὐχάριστοι,

2250 3386 2298 3438 οί
2331 3385 2610 3457 ὁμόζηλοι,
2649 3381 2990 3452 θερμότεροι,
3040 3383 3326 3436 κάλλιστον
3364 3383 3650 3452 προοίμιον
3698 3381 3824 3434 θεα-

2253 3477 2499 3546 σάμενοι.
2557 3478 2621 3530 Ol
2653 3476 2945 3538 διώκοντες
2985 3473 3181 3541 λόγους
3211 3472 3411 3536 ἔξωθεν
3436 3472 3706 3525 πλέκουσι
3730 3472 3826 3523 καὶ

2248 3569 2557 3636 κακίζουσι,
2591 3568 2687 3621 καὶ
2722 3568 2958 3638 μάλιστα
2980 3565 3175 3626 οἵτινες
3209 3562 3320 3616 τῶν
3340 3563 3610 3632 μοναχῶν.
3645 3565 3826 3616 Ἕσω-

2249 3659 2342 3711 θεν
2370 3661 2426 3712 δὲ
2463 3663 2582 3723 ταῖς
2622 3661 2854 3723 ἐννοίαις
2882 3658 3313 3722 ύπωπιάξονται,
3346 3657 3440 3709 καὶ
3468 3657 3667 3726 πικρὸν
3693 3673 3825 3708 κατ-

2249 3756 2448 3823 ήγορον
2478 3752 2576 3824 τὴν
2613 3753 2750 3806 ίδίαν
2781 3752 3086 3820 συνείδησιν
3116 3751 3354 3820 ἔχουσιν.
3390 3744 3544 3799 Ἐπεὶ
3573 3745 3670 3797 καὶ
3697 3744 3825 3798 θαυ-

2254 3847 2538 3916 μάζουσιν.
2577 3847 2755 3898 Ἰσασι
2789 3847 2896 3915 γὰρ
2931 3843 3194 3911 ἄγασθαι,
3229 3842 3304 3904 ὡς
3335 3842 3364 3894 ὀ
3404 3841 3577 3910 μέγας
3621 3837 3826 3908 Γρηγό-

2255 3954 2393 4007 ριος,
2423 3936 2613 4004 ἀνδρὸς
2659 3936 2864 4006 ἀρετὴν
2911 3933 3007 3988 καὶ
3051 3933 3328 4011 πολέμιοι·
3355 3932 3485 3984 ὅταν
3513 3930 3611 3984 τοῦ
3650 3929 3824 3999 θυμοῦ

2252 4026 2507 4090 λήξαντος
2543 4026 2629 4094 ἐφ’
2655 4025 2852 4095 ἑαυτὴν
2887 4029 2920 4094 ἡ
2963 4025 3160 4095 πρᾶξις
3211 4023 3595 4092 δοκιμάζηται.
3625 4023 3825 4088 Ἀγγε-

2251 4118 2332 4172 λοι
2390 4118 2619 4188 ύμνοῦσί
2670 4133 2751 4182 σε,
2796 4117 3075 4187 ἄνθρωποι
3128 4116 3537 4185 μακαρίζουσι·
3589 4115 3824 4184 Χριστὸς

2251 4211 2576 4276 ἀπεδέξατοο
2599 4213 2698 4276 τὰς
2734 4210 2907 4274 πύλας
2933 4227 3015 4263 σοι
3039 4209 3246 4277 ἀνέῳγε
3277 4209 3378 4278 τῆς
3412 4206 3691 4278 βασιλείας
3717 4206 3823 4261 τῶν

2248 4304 2493 4374 οὐρανῶν
2515 4307 2594 4366 είς
2623 4305 2747 4367 τοὺς
2780 4304 3001 4366 αίῶνας.
3033 4303 3226 4372 Ἀμήν.

2473 4399 2546 4448 Δό
2587 4427 2652 4438 -
2693 4398 3011 4464 Νικηφόρφ
3041 4394 3118 4463 (7)
3157 4391 3475 4463 ἡγουμένω
3507 4389 3608 4462 (8)ο

714 4497 867 4555 Quam
890 4511 1039 4560 grave
1075 4501 1140 4548 sit
1161 4501 1327 4550 scelus
1348 4499 1659 4564 imperatoris
1683 4506 1788 4566 qui,
1812 4517 1967 4554 uxore
1998 4508 2217 4568 legitima
2242 4511 2418 4572 ejecta,
2453 4511 2595 4560 aliam
2634 4508 2969 4572 assumpserit.
3005 4509 3206 4570 (Baron.
3231 4521 3343 4556 ann.
3368 4507 3478 4565 795,
3501 4518 3553 4554 ιι.
3576 4505 3680 4566 63.)

648 4579 880 4634 Reddito
901 4583 1058 4638 nobis
1091 4599 1187 4653 per
1215 4586 1494 4641 dominum
1518 4587 1808 4642 diaconum
1866 4606 2148 4660 responso,

576 4689 830 4745 germane
856 4690 920 4728 ac
945 4676 1406 4732 desideratissime
1456 4679 1528 4732 mi
1551 4682 1898 4746 consobrine,
1933 4685 2147 4739 animus

575 4775 694 4819 erat
718 4766 859 4819 illico
885 4767 951 4820 ad
999 4777 1051 4822 te
1077 4769 1340 4824 scribere.
1372 4770 1478 4825 Sed
1504 4773 1628 4842 quia
1678 4774 1977 4844 hyberuum
2007 4785 2146 4830 tem-

574 4874 679 4929 pus
710 4869 843 4923 erat,
872 4869 1246 4930 mutatamque
1282 4865 1566 4917 consilium
1608 4867 1939 4931 retrahebat,
1973 4869 2145 4923 satius

575 4952 703 5006 duxi
729 4968 834 5006 non
862 4952 970 5007 cito
996 4955 1156 5008 verba
1206 4955 1454 5012 fundere.
1493 4957 1782 5029 Postquam
1813 4978 1944 5016 vero
1965 4963 2030 5016 ad
2062 4963 2146 5016 in-

2325 4596 2437 4666 Τῆς
2467 4597 2812 4666 ἀποκρίσεως
2846 4593 3091 4662 δοθείσης
3120 4595 3252 4663 ἡμῖν
3292 4592 3444 4662 παρὰ
3487 4588 3582 4642 τοῦ
3633 4587 3822 4658 κυρίου

2250 4688 2518 4751 διακόνου,
2550 4690 2738 4758 γνήσιε
2789 4688 2882 4740 καὶ
2916 4684 3260 4756 πολυπόθητέ
3294 4700 3396 4754 μου
3422 4682 3630 4751 (haedus,
3665 4681 3820 4743 εὐθὺς

2250 4778 2633 4848 ἠθουλήθημεν
2663 4777 2964 4831 ἐπιστεῖλαί
2995 4791 3098 4831 σοι.
3145 4774 3297 4827 Ἐπεὶ
3321 4773 3378 4826 δὲ
3400 4768 3469 4842 ἦν
3499 4772 3693 4841 καιρὸς
3715 4788 3821 4841 χει⁶

2258 4873 2446 4941 μέριος
2472 4871 2568 4939 (9),
2601 4870 2695 4922 καὶ
2730 4871 2763 4939 ἡ
2799 4867 3162 4939 παλιμόουλία
3194 4865 3576 4923 συστέλλουσα,
3620 4853 3818 4932 ἀγαθὸν

2255 4963 2584 5032 ἡγησάμεθα
2624 4962 2698 5032 μὴ
2735 4963 2870 5031 ταχὺ
2920 4959 3103 5014 δοῦναι
3141 4959 3321 5028 λόγον.
3362 4957 3558 5011 Ἦνίκα
3595 4957 3655 5010 δέ
3686 4954 3818 5026 μετὰ

2097 5072 2332 5129 NOTAE.

648 5163 726 5232 (6)
749 5159 1411 5236 Ρςδύναμινὲχσύσας.
1436 5165 1672 5219 Sanctus
1697 5163 1958 5220 Paulinus
1976 5168 2140 5236 epist.

576 5231 699 5307 45.;
749 5231 953 5307 Panem
979 5235 1476 5307 unum_sanc_titati
1530 5247 1635 5289 tua:
1690 5237 1917 5307 unitatis
1969 5231 2143 5307 gratia

577 5305 856 5372 misimus,
889 5304 943 5357 in
980 5319 1090 5372 quo
1118 5304 1284 5357 etiam
1315 5302 1598 5360 Trinitatis
1623 5306 1875 5360 soliditas
1897 5302 2145 5361 contine-

576 5390 684 5430 tur.
716 5371 872 5428 Hunc
906 5371 1099 5448 partem
1127 5374 1404 5448 eulogiatn
1453 5391 1577 5431 esse
1626 5385 1686 5448 tu
1743 5374 1914 5432 facies
1953 5378 2146 5448 digna—

576 5450 726 5499 tione
749 5441 1025 5500 sumendi.
1062 5462 1080 5494 ι
1127 5441 1337 5500 Videsis
1373 5443 1660 5517 Rosweydi
1709 5457 1868 5503 notas
1916 5449 1970 5501 in
2005 5441 2148 5502 Pau-

576 5519 767 5571 linum.

649 5586 727 5655 (7)
795 5587 1130 5655 [νικηφόρῳ.
1187 5603 1205 5636 ι
1252 5585 1635 5643 Consobrinus
1674 5588 1948 5642 Theodori
1989 5588 2150 5643 Nice-

577 5658 783 5729 phorus
804 5667 858 5710 et
881 5658 972 5729 alii
1002 5658 1209 5716 attines,
1231 5658 1374 5724 quod
1402 5674 1468 5713 ex
1491 5660 1840 5713 matrimonio
1861 5660 1995 5729 lmp.
2023 5676 2144 5714 cum

578 5727 862 5800 Thcodote
889 5727 1132 5797 ipsorum
1164 5729 1490 5795 propinqua,
1516 5731 1625 5798 jam
1660 5731 1906 5800 Augusta
1938 5727 2144 5796 creata,

581 5798 872 5857 corradere
926 5815 1186 5874 maguum
1245 5811 1529 5872 sperarent
1589 5798 2040 5868 emolumentum,
2091 5803 2144 5856 in

2250 5165 2592 5223 Theodorum
2628 5167 2729 5222 ista
2759 5166 2912 5220 nihili
2939 5165 3250 5230 facientem,
3283 5164 3379 5220 sed
3409 5163 3814 5225 adversantem.

2249 5239 2752 5292 commovebantur.
2791 5236 3016 5307 (Baron.
3057 5235 3268 5307 795,7n.
3309 5234 3427 5303 δι.)

2323 5308 2397 5376 (8)
2442 5303 2809 5376 Ἠτουμένφ.’
2829 5307 2919 5362 Sic
2971 5306 3383 5375 appellabantur
3416 5303 3676 5376 praefecti
3709 5321 3816 5359 mo-

2253 5375 2640 5442 nasteriorum,
2675 5379 2944 5434 interdum
2967 5380 3129 5431 etiam
3152 5384 3206 5430 et
3234 5375 3495 5446 praesides
3521 5377 3638 5442 alii,
3680 5378 3817 5432 velut

2253 5447 2306 5500 in
2335 5447 2627 5502 Justinian.
2649 5448 2780 5504 Nov.
2806 5465 2922 5510 νηί.
2951 5463 3071 5517 cap.
3097 5447 3148 5501 5.

2327 5519 2404 5586 (9)
2437 5519 2654 5585 Καιρὸς
2691 5515 3032 5587 χειμέριος(
3059 5518 3452 5588 Constantinus
3505 5515 3813 5588 Porpher-

2256 5589 2471 5656 genitus
2502 5605 2646 5642 anno
2674 5586 2884 5657 imperii
2919 5590 2973 5650 5,
3008 5603 3192 5641 mense
3213 5586 3496 5652 Januario,
3524 5586 3815 5640 indictione

2257 5661 2308 5722 5,
2348 5658 2572 5712 Mariam
2610 5660 2890 5728 coujugem
2916 5659 3322 5728 repudiavitLet
3351 5659 3402 5711 in
3431 5659 3812 5713 monasterium

2256 5730 2512 5784 detrusit.
2549 5726 2732 5783 Mense
2755 5726 2949 5784 deinde
2966 5730 3206 5797 Augusto
3242 5726 3559 5783 Theodoten
3593 5731 3814 5784 cubicu-

2256 5803 2448 5856 larium
2485 5801 2764 5858 coronavit
2791 5800 3111 5871 Augustam,
3161 5805 3213 5854 ct
3267 5798 3550 5868 illcgitimo
3598 5801 3702 5856 sibi
3742 5816 3816 5856 co-
