4018 6304
165 371 266 436 ρει

1402 361 1940 425 EPISTOLARUM
1974 361 2122 421 LIB.
2150 363 2200 422 Ι.

3323 361 3428 428 922

163 485 266 554 τῆς
294 483 703 556 ἐπερωτήσεως
744 482 840 537 καὶ
869 482 940 537 τά
981 482 1286 561 γράμματα
1315 481 1583 554 ἀπῄτουν,
1617 480 1745 534 αὑτὸ

1860 480 2300 550 terrogationem,
2350 482 2515 537 etiam
2571 482 2763 539 litterae
2839 484 3075 554 idipsnm
3125 482 3431 556 flagitantes

164 576 332 630 τοῦτο
360 576 416 630 τί
441 576 524 629 δεῖ
552 575 636 629 ἔτι
664 574 1060 645 διακρίνεσθαι,
1093 575 1188 628 καὶ
1217 573 1294 658 μη
1317 573 1379 626 τὸ
1409 573 1753 645 παριστάμε-

163 686 256 722 νον
291 669 572 737 ὲξειπεῑνς
601 669 825 742 Πρῶτον
851 668 909 723 δι
953 670 1128 722 ἐκεῖνο
1168 665 1302 738 ἐρῶ,
1336 665 1430 720 καί
1455 681 1522 736 με
1550 662 1751 730 δέξαιο,

162 760 502 830 τιμιώτατε,
533 762 638 825 ὅτι,
672 759 749 823 ὥς
795 761 892 813 καὶ
923 759 1086 822 αὑτὸς
1123 753 1294 822 οἵδας,
1323 755 1524 827 πολλῆς
1554 755 1753 818 κακίας

163 853 484 922 ὑπόδειγμα
507 853 603 906 τὸν
628 851 822 908 ἑαυτοῦ
855 852 972 923 βίον
1010 849 1446 922 παρεστησάμην
1477 850 1587 911 τοῖς
1627 846 1756 900 πολ-

161 945 298 1006 λοτς.
329 944 446 997 Καὶ
471 945 572 997 οὑκ
612 944 729 996 εστι
754 944 942 1014 σχεδὸν
979 943 1154 996 εἰπεῖν
1181 941 1426 1011 σφάλμα,
1455 931 1517 992 οὗ
1556 938 1630 1009 μὴ
1661 937 1756 991 καὶ

159 1034 329 1098 αὑτδς
345 1032 466 1102 εγὼ
492 1034 772 1104 μετέσχον,
797 1035 890 1086 καὶ
914 1032 1094 1095 ἄλλοις
1117 1030 1576 1102 προσπαρέδωκα.
1615 1025 1753 1081 Ἀλλ’

160 1123 359 1195 ἐπειδὴ
415 1123 675 1195 μανθάνω
727 1124 826 1194 τὴν
863 1120 1273 1194 φιλανθρωπίαν
1309 1121 1405 1174 τοῦ
1457 1120 1619 1186 Θεοῦ,
1659 1121 1753 1174 καὶ

157 1215 252 1268 τὸν
321 1217 408 1278 εἰς
471 1214 723 1284 πυθμένα
769 1212 968 1276 κακίας
1033 1211 1432 1283 κατενεχθέντα
1478 1211 1754 1282 ἀναρρύε-

161 1303 310 1370 σθαι,
348 1303 452 1357 καὶ
508 1304 721 1374 ὀρέγειν
781 1305 941 1372 χεῖρα
995 1300 1133 1372 πρὸς
1193 1301 1519 1372 μετάνοιαν·
1552 1300 1753 1370 ιφυγον

158 1399 260 1469 τὴν
291 1397 618 1464 ἀπόγνωσιν
642 1435 658 1459 ,
687 1396 780 1448 καὶ
819 1393 975 1462 ἔδοξα
1031 1394 1230 1466 μικρόν
1265 1411 1321 1448 τι
1366 1392 1752 1464 ὑποστηρίζειν

159 1489 405 1559 ἐμαυτὸν
433 1488 571 1559 πρὸς
602 1488 662 1542 τὸ
687 1487 868 1552 εὑθές.

228 1581 331 1633 Διὰ
359 1579 547 1644 τοῦτο,
569 1579 644 1643 ὡς
660 1581 689 1633 ὁ
711 1579 820 1633 τῶν
852 1577 1071 1648 ἀφανῶν
1092 1577 1341 1648 γνὼστης
1362 1575 1494 1639 Θεὸς
1518 1575 1748 1629 ἐπίστα-

158 1690 272 1737 ται,
308 1671 678 1742 ἁπεσχοίνισα
713 1672 951 1741 ἐμαυτὸν
981 1669 1077 1724 καὶ
1111 1669 1210 1740 τῆς
1235 1667 1620 1739 συνδιατρισῆς
1637 1667 1749 1721 τῶν

161 1765 453 1836 συγγενῶν
503 1781 629 1835 μου,
673 1763 770 1817 καὶ
808 1761 901 1816 τοῦ
952 1759 1182 1830 ἐθισμοῦ
1233 1759 1342 1813 τῶν
1382 1759 1526 1813 κατὰ
1566 1758 1746 1830 σάρκα

1854 582 2222 640 accesserunt,
2251 575 2384 644 quid
2433 575 2666 646 amplius
2719 576 3022 631 deliberare
3046 591 3184 647 opus
3227 585 3332 641 est,
3366 590 3430 628 ac

1854 683 1964 722 non
1989 668 2169 737 potius
2198 669 2342 739 quod
2382 685 2470 724 res
2497 679 2580 724 est
2631 669 2918 740 profiteri?
2946 669 3190 724 Primum
3245 678 3430 723 autem

1856 759 1985 814 illud
2009 759 2212 826 dicam,
2249 768 2325 831 (et
2344 762 2554 816 sustine
2585 777 2691 822 me,
2722 761 3201 829 reverendissime)
3232 777 3338 824 nte,
3373 769 3432 813 ut

1855 850 1973 920 ipse
2017 852 2186 918 nosti,
2219 852 2514 923 singularis
2572 852 2830 922 nequitia:
2873 853 3183 922 exemplum
3225 853 3278 905 in
3319 853 3428 906 vita

1855 958 1978 997 mea
2024 943 2213 997 multis
2269 944 2582 1010 exstitisse;
2615 959 2720 999 nec
2750 944 2920 998 ullum
2958 943 3073 998 fere
3101 944 3218 997 vitii
3259 959 3430 1014 genus

1855 1045 1996 1096 esse,
2028 1033 2173 1102 quod
2205 1048 2315 1087 non
2353 1041 2410 1088 et
2464 1032 2582 1103 ipse
2620 1034 2914 1105 attigerim,
2961 1043 3018 1088 et
3049 1034 3100 1086 in
3122 1033 3253 1086 alios
3280 1033 3428 1087 deri-

1854 1121 2049 1177 varim.
2075 1122 2463 1178 Verumtamen
2488 1124 2668 1180 sciens
2709 1125 3099 1195 benignitatem
3127 1122 3239 1186 Dei.
3263 1123 3427 1178 etiam

1855 1213 2005 1268 illum
2039 1215 2131 1284 qui
2162 1215 2217 1268 in
2253 1215 2364 1270 imo
2402 1216 2657 1270 vitiorutn
2698 1215 2868 1270 fundo
2894 1216 3177 1270 demersus
3196 1216 3288 1277 sit,
3321 1217 3428 1268 eri-

1854 1320 2004 1374 pere,
2034 1321 2364 1375 manumque
2391 1306 2457 1359 ad
2485 1305 2862 1375 paenitentiam
2885 1306 3160 1377 porrigere
3191 1324 3206 1372 ;
3236 1306 3429 1376 despe-

1853 1397 2120 1451 rationem
2152 1397 2444 1463 declinavi,
2476 1413 2672 1467 meque
2711 1397 2892 1467 ipsum
2918 1399 2986 1453 ad
3017 1398 3152 1453 recti
3185 1399 3428 1454 studium

1851 1489 2131 1559 paululum
2155 1487 2480 1542 confirmare
2505 1488 2656 1542 visus
2687 1503 2830 1543 sum.

1920 1578 2237 1650 Propterea,
2299 1588 2358 1633 ut
2413 1579 2754 1634 occultorum
2800 1581 3051 1651 cognitor
3101 1583 3204 1638 scit
3260 1585 3425 1648 Deus,

1849 1672 2083 1728 subduxi
2110 1686 2198 1726 me
2223 1686 2254 1726 a
2285 1671 2646 1726 contubernio
2677 1671 3110 1742 propinquorum
3157 1690 3424 1736 meorum,

1849 1771 1906 1819 et
1945 1763 2403 1819 aconsuetudine
2467 1765 2770 1819 amicorum
2831 1780 3076 1819 meorum
3124 1767 3427 1823 secundum

159 1859 331 1926 φίλων
369 1873 497 1928 μου,
533 1857 626 1908 καὶ
663 1856 716 1908 εί
753 1869 896 1916 τινος
930 1855 996 1923 δὴ
1046 1848 1143 1906 οῦν
1185 1850 1370 1917 ἄλλου,
1428 1851 1598 1919 μόνης
1642 1852 1744 1921 τῆς

1848 1867 2097 1913 carnem,
2127 1852 2464 1922 aliorumque
2502 1853 2891 1922 quorumlibet,
2921 1855 3036 1910 sola
3063 1854 3156 1910 Dei
3190 1859 3428 1926 potentia

159 1951 450 2020 δυνάμεως
491 1947 586 2001 τοῦ
624 1944 760 1999 Θεοῦ
800 1942 1199 2013 ὲπιὸοηθούσης
1232 1945 1301 2014 τῇ
1338 1941 1592 2012 ἀσθενείᾳ.
1637 1956 1742 2009 μου

159 2045 290 2112 περὶ
343 2043 550 2094 πάντα.
599 2039 711 2093 Καὶ
754 2038 849 2090 νῦν
879 2037 907 2089 ὃ
939 2035 1285 2105 ὲπεζήτησας
1320 2034 1451 2105 παρ’
1483 2033 1617 2102 ἐμοῦ
1648 2031 1746 2085 τοῦ

159 2135 415 2205 ἀμαθοῦς
446 2133 658 2205 μαθεῖν,
684 2130 855 2193 οῦτως
894 2129 1026 2198 ἔχει,
1062 2129 1136 2189 ὼς
1158 2127 1346 2198 εῐρηκὲ
1376 2144 1459 2180 σοι
1487 2127 1515 2179 ὁ
1559 2127 1747 2198 κύριος

159 2229 431 2290 διάκονος.
469 2224 643 2278 Τοῦτο
683 2222 739 2275 δὲ
773 2222 872 2274 οὐκ
907 2220 1169 2290 ἀκρίτως,
1197 2219 1231 2290 ἢ
1256 2217 1743 2288 άπεφθεγξάμεθα,

165 2323 196 2390 ἢ
232 2322 328 2374 καὶ
357 2319 694 2387 ὑπέσχομεν,
721 2315 838 2368 ἀλλ’
871 2314 930 2366 ὲν
970 2313 1260 2383 ἐρευνήσει
1303 2312 1399 2364 καὶ
1445 2311 1745 2380 συζητήσει

161 2412 261 2482 τῆς
287 2411 654 2465 θεοπνεύστου
685 2407 906 2478 Γραφῆς
935 2405 995 2476 βε
1013 2405 1339 2467 ϐαιωθέντες
1367 2405 1463 2457 καί
1507 2420 1747 2474 κρατυν-

171 2507 378 2568 θέντες,
425 2504 521 2555 καὶ
550 2499 658 2571 μὴν
703 2499 841 2553 ἀλλὰ
875 2500 971 2552 καὶ
1000 2497 1067 2550 δι’
1102 2498 1422 2568 ἐρωτήσεως
1456 2495 1568 2549 τῶν
1595 2497 1746 2566 ὀφει-

164 2599 384 2651 λόντων.
416 2595 527 2649 Καί
557 2611 623 2663 γε
656 2594 690 2663 ἡ
725 2591 955 2661 ἀλήθεια
982 2589 1158 2653 οὕτως
1184 2588 1318 2660 ἔχει,
1353 2588 1446 2642 τοῦ
1479 2589 1623 2641 θείου
1655 2589 1744 2642 νό-

168 2707 269 2759 μου
293 2686 562 2759 ὲμφανῶς
597 2682 1055 2754 ἀπαγορεύοντος,
1086 2682 1148 2735 οὑ
1178 2681 1266 2734 διά
1289 2679 1382 2734 τοῦ
1417 2679 1566 2733 θείου
1598 2679 1744 2732 Παύ-

165 2782 254 2834 λου
286 2781 474 2852 μόνον,
514 2779 649 2831 ἀλλὰ
693 2776 788 2829 καὶ
830 2775 898 2827 δι’
919 2774 1096 2828 ἄλλων
1143 2773 1410 2841 θεολόγων
1461 2773 1740 2844 Πατέρων,

167 2874 297 2927 αὐτὸ
344 2871 510 2926 τοῦτο
553 2868 1000 2941 διευκρινοὺντων
1046 2870 1143 2922 καὶ
1218 2867 1740 2928 άπολευκαινόντων,

167 2965 258 3018 καὶ
317 2961 871 3031 συναποφαινομένων
937 2963 1002 3032 τῇ
1077 2959 1407 3029 ἀποστολικῇ
1487 2955 1744 3025 mam-

170 3071 271 3109 σει.
307 3055 420 3108 Καὶ
467 3052 585 3115 πῶς
615 3052 800 3105 λοιπὸν
836 3051 1049 3120 άλόγως
1095 3050 1485 3120 άδιαφορήσω;
1521 3047 1616 3100 καὶ
1667 3046 1744 3117 μὴ

174 3147 372 3215 μᾶλλον
404 3143 735 3208 διασταλθῶ,
760 3145 861 3197 καὶ
899 3141 1236 3210 ὑπεξαγάγω
1269 3140 1463 3193 ἑαυτὸν
1493 3139 1602 3192 ἀπὸ
1630 3139 1740 3191 τῶν

1847 1941 2210 1996 imbecillitati
2261 1955 2397 1996 mea
2459 1943 2514 1996 in
2567 1943 2824 1998 omnibus
2880 1945 3205 2014 opitulante.
3268 1945 3425 2012 Quod

1845 2046 1974 2103 ergo
2000 2048 2030 2085 a
2066 2047 2154 2086 me
2175 2031 2398 2086 indocto
2431 2031 2644 2086 discere
2674 2033 2915 2101 voluisti,
2955 2034 3034 2089 sic
3080 2035 3301 2104 penitus
3325 2035 3426 2089 ha-

1846 2123 1959 2187 bet,
1987 2132 2042 2178 ut
2069 2123 2273 2178 dictum
2304 2132 2389 2180 est
2411 2139 2443 2178 a
2472 2124 2696 2180 domino
2752 2125 3003 2181 diacono.
3038 2125 3224 2196 Neque
3254 2128 3305 2182 id
3327 2143 3428 2184 nos

1848 2222 2055 2268 temere
2079 2222 2174 2268 aut
2199 2213 2609 2280 aflirmavimus,
2644 2223 2741 2269 aut
2771 2214 2933 2270 locuti
2961 2231 3150 2270 sumus
3175 2235 3189 2271 :
3228 2218 3322 2272 sed
3340 2219 3429 2272 in-

1848 2304 2182 2376 vestigandis
2210 2314 2266 2360 et
2312 2305 2722 2376 perscrutandis
2771 2308 2942 2362 sacris
2972 2306 3191 2364 Litteris
3221 2310 3425 2364 contir-

1847 2396 1977 2450 mati
2007 2406 2063 2450 et
2085 2396 2446 2462 corroborati,
2481 2397 2659 2467 iisque
2706 2398 2871 2452 etiam
2909 2399 3261 2470 interrogatis
3289 2417 3428 2472 quos

1847 2485 2233 2540 conveniebat.
2270 2485 2337 2540 Et
2367 2485 2616 2556 profecto
2638 2487 2839 2542 veritas
2876 2488 2958 2542 sic
2981 2488 3166 2556 habet,
3196 2490 3316 2562 lege
3342 2492 3428 2546 di-

1846 2575 1976 2629 vina
2006 2575 2300 2631 manifeste
2371 2586 2618 2643 vetante,
2676 2593 2787 2632 non
2829 2579 2992 2633 modo
3046 2595 3146 2650 per
3203 2581 3424 2636 beatqu

1847 2665 2096 2731 Paulum,
2122 2668 2217 2722 sed
2242 2684 2340 2738 per
2368 2667 2504 2722 alios
2539 2668 2707 2722 etiam
2770 2667 3054 2742 theologos
3094 2673 3302 2737 Patres,
3333 2675 3426 2744 qui

1847 2758 1953 2814 hoc
1986 2760 2166 2830 ipsum
2201 2760 2503 2816 discutiunt
2549 2773 2614 2815 ac
2667 2759 2966 2827 declarant,
3021 2772 3078 2818 et
3127 2779 3252 2819 cum
3293 2781 3426 2835 apo-

1846 2853 2042 2909 stolico
2073 2854 2331 2909 mandato
2358 2854 2732 2910 consentiunt.
2767 2854 2835 2909 Et
2864 2871 3130 2925 quorsum
3173 2873 3274 2929 ego
3309 2875 3428 2913 am-

1847 2947 1993 3015 plius
2025 2947 2386 3002 dissimulabo
2421 2948 2759 3015 inconsulte,
2783 2964 2850 3005 ac
2885 2965 2996 3004 non
3030 2950 3213 3020 potius
3249 2962 3426 3006 retra-

1848 3037 1974 3092 ham
1997 3053 2086 3094 me
2123 3038 2327 3109 ipsum,
2377 3048 2434 3095 et
2470 3040 2778 3096 subducam
2807 3041 2876 3097 ab
2908 3042 2974 3097 iis
3019 3043 3114 3112 qui
3152 3043 3427 3100 infelicem

1847 3129 2083 3185 animam
2105 3147 2280 3186 meam
2303 3133 2663 3204 opprimunt?
2688 3133 2964 3201 Quantum
2988 3150 3152 3206 porro
3173 3145 3253 3190 est
3276 3139 3426 3207 peri-

173 3205 522 3306 ἐλαπτόντων
544 3237 644 3307 τὴν
675 3205 916 3306 ἐλεεινὴν
965 3205 1064 3304 μου
1089 3205 1338 3303 eam;
1379 3231 1473 3284 καὶ
1516 3225 1628 3293 οἷος
1673 3229 1740 3283 ἂν

1848 3222 2052 3288 culum,
2084 3239 2210 3279 cum
2243 3225 2461 3281 Patrum
2493 3242 2743 3283 summus
2781 3205 3134 3296 vociferetur,
3157 3237 3212 3284 et
3241 3205 3418 3283 dicat:

171 3329 411 3392 κίνδυνος
464 3331 639 3400 παρῇ,
687 3326 784 3380 τοῦ
830 3326 940 3380 τῶν
994 3325 1253 3395 ιΙατέρων
1306 3321 1740 3393 κορυφαιοτάτου

173 3420 400 3490 βοῶντος
434 3422 532 3474 καὶ
551 3420 821 3488 λέγοντος,
848 3419 931 3471 ὅτι
977 3417 1104 3470 Ἐάν
1124 3415 1549 3486 τιπαρ’ἐντολήν
1573 3417 1740 3478 ἐστιν,

171 3515 336 3588 ῆτὴν
381 3517 606 3586 ἐντολὴν
672 3511 1063 3584 παρασλὰπτῃ,
1130 3507 1385 3576 οὐδαμῶς
1453 3507 1742 3576 ἀνέχεσθαι

174 3608 302 3678 χρή’
341 3608 449 3661 κᾶν
490 3607 636 3675 ζωῆς
667 3601 1002 3672 ἐπαγγελίαν
1037 3600 1158 3673 ἔχῃ,
1187 3599 1292 3654 κᾶν
1325 3599 1557 3654 θανάτου
1589 3600 1746 3650 άπει-

171 3699 298 3770 ληνς
343 3700 450 3753 Ἐῶ
476 3699 655 3766 λέγειν
677 3697 801 3750 ὅσαι
831 3694 1268 3766 παρυφίστανται
1299 3692 1393 3744 καὶ
1420 3690 1576 3745 άλλαι
1605 3691 1744 3760 χρή-

174 3807 303 3854 σεις,
336 3791 413 3862 μὴ
443 3790 616 3843 ἐῶσαι
646 3790 792 3858 ἡμᾶς
821 3786 1195 3853 ὲξυπάγεσθαι
1241 3785 1347 3838 κᾶν
1398 3786 1460 3836 τὸ
1507 3783 1742 3854 σμικρό-

171 3900 324 3936 τατον
376 3883 509 3952 γοῦν
548 3881 654 3946 ιξω
701 3880 802 3950 τῆς
851 3879 1073 3948 ιντολῆς
1099 3893 1114 3908 ⁸
1149 3877 1326 3940 άλλως
1362 3893 1424 3929 τε
1452 3876 1545 3929 καὶ
1575 3875 1740 3929 πάλιν

174 3975 548 4045 παραγγελίαν
577 3971 801 4042 εχοντας
851 3970 949 4025 τοῦ
1009 3969 1246 4040 μεγάλου
1300 3967 1605 4033 Βασιλείου,
1655 3967 1739 4021 ὃτι.

173 4065 248 4120 δεῖ
279 4068 454 4121 πάντα
481 4064 912 4136 άπαραλείπτως
950 4053 1241 4132 φυλάττειν
1271 4061 1341 4115 τά
1382 4061 1471 4114 διὰ
1513 4059 1608 4113 τοῦ
1637 4061 1740 4112 Εὑ-

172 4160 418 4227 αγγελίου
455 4160 552 4213 καὶ
583 4157 694 4210 τῶν
735 4156 1051 4209 ἀποστόλων
1078 4155 1205 4210 ,ὑπὸ
1247 4152 1343 4206 τοῦ
1391 4152 1599 4223 Κυρίου
1633 4169 1742 4204 πα-

176 4251 522 4322 ραδεδομένα.
557 4246 743 4302 Ταῦτα
770 4246 846 4310 ὡς
871 4248 1047 4314 Πατρὶ
1076 4247 1168 4300 καὶ
1200 4246 1508 4316 φιλουμένῳ
1539 4244 1738 4316 τεθάρ-

173 4342 313 4409 ρηκα
347 4338 667 4408 φανερῶσαί
702 4354 784 4390 σοι
806 4352 822 4367 ⁸
853 4336 976 4388 ἐπεὶ
1016 4337 1112 4388 καὶ
1137 4337 1321 4405 ἡμεῖς,
1349 4336 1424 4397 ὡς
1471 4335 1678 4405 μάρτυς
1709 4334 1738 4385 ὁ

173 4431 607 4502 καρδιογνώστης
649 4429 806 4497 Θεὸς,
853 4426 976 4480 οῦτε
1024 4427 1372 4499 κηρύσσομεν
1424 4427 1586 4498 (οῦτε
1627 4429 1734 4497 γάρ

1849 3311 1903 3365 Si
1928 3313 2056 3382 quid
2083 3313 2140 3368 fit
2166 3325 2366 3384 praeter
2386 3317 2730 3384 mandatum,
2761 3325 2855 3372 aut
2882 3318 3139 3374 mandato
3159 3318 3420 3383 officiens,

1847 3420 2189 3474 nequaquam
2233 3406 2518 3462 ferendum
2558 3418 2663 3476 est,
2714 3410 2963 3481 quamvis
3004 3411 3422 3480 promissionem

1846 3496 1990 3560 vitae,
2020 3499 2268 3566 quamvis
2314 3500 2507 3553 mortis
2537 3500 2714 3554 minas
2764 3500 3010 3555 habeat?
3042 3499 3196 3556 Mitto
3241 3500 3426 3556 dicere

1845 3603 2007 3656 quam
2045 3589 2229 3642 multa
2260 3589 2379 3644 aliae
2416 3590 2530 3644 sint
2564 3592 2876 3654 sententiae,
2909 3607 3030 3661 quas
3063 3607 3166 3648 nos
3195 3593 3280 3648 vel
3317 3594 3424 3647 mi-

1845 3680 2054 3733 nimum
2082 3697 2112 3734 a
2142 3682 2398 3737 mandato
2431 3683 2714 3740 discedere
2740 3685 3057 3755 prohibent,
3085 3700 3209 3740 cum
3238 3686 3418 3757 magni

1845 3770 2042 3826 iterum
2093 3774 2272 3830 Basilii
2318 3775 2562 3830 edictum
2613 3776 2913 3832 habeamus
2959 3794 2973 3830 :
3035 3778 3178 3847 quod
3235 3780 3418 3833 omnia

1847 3881 2068 3935 prorsus
2121 3882 2218 3936 per
2274 3866 2628 3939 Evangelium
2686 3877 2744 3923 et
2793 3869 3070 3939 apostolos
3103 3884 3134 3924 a
3191 3869 3421 3925 Domino

1845 3957 2059 4022 tradita,
2087 3959 2352 4014 servanda
2386 3959 2496 4013 sint
2540 3961 2606 4012 “.
2637 3957 2763 4014 Hec
2797 3974 2898 4030 ego
2932 3959 3029 4014 tibi
3083 3969 3142 4014 ut
3185 3959 3326 4014 Patri
3364 3969 3423 4015 et

1842 4049 2018 4103 amico
2048 4049 2353 4119 patefacere
2387 4065 2497 4104 non
2525 4049 2789 4113 dubitavi,
2841 4051 3278 4119 quandoquidem
3317 4065 3420 4106 nos

1843 4139 1926 4209 (ut
1955 4139 2105 4193 testis
2143 4149 2228 4193 est
2251 4138 2494 4192 cordium
2539 4138 2812 4208 inspector
2857 4137 3022 4209 Deus)
3054 4155 3233 4209 neque
3281 4156 3420 4209 prae-

1840 4230 2125 4293 dicamus;
2156 4245 2266 4283 non
2305 4232 2454 4284 cnim
2513 4229 2932 4300 praeminentes
2969 4246 3196 4296 sumus;
3237 4247 3417 4302 neque

1839 4322 1962 4376 odia
2011 4321 2352 4392 profitemur,
2389 4321 2484 4376 sed
2514 4331 2569 4376 et
2615 4323 2997 4391 imperatorem
3032 4322 3208 4391 ipsum
3235 4324 3415 4393 piissi-

1840 4425 2098 4480 mumque
2123 4425 2306 4482 regem
2348 4410 2613 4466 charitate
2658 4412 2898 4482 gerimus
2918 4412 2974 4465 in
3005 4422 3246 4481 pectore,
3283 4430 3406 4467 om-

171 4525 328 4593 ἐσμεν
374 4523 754 4596 προῦχοντες),
801 4517 926 4574 οὔτε
965 4518 1419 4589 ἁπεχθανόμεθασ
1452 4519 1589 4573 ἀλλὰ
1638 4519 1733 4571 καὶ

1848 4516 2044 4571 nesque
2089 4502 2352 4574 sanguine
2405 4503 2540 4557 mihi
2598 4502 2945 4572 coniunctos,
2988 4518 3115 4558 cum
3167 4520 3411 4560 necessa-

170 4617 256 4669 τὸν
324 4595 708 4688 αὐτοκράτορα
769 4614 864 4668 καὶ
915 4612 1028 4683 (10)
1077 4611 1460 4665 εὐσεϐέστατον
1510 4610 1734 4680 βασιλέα

1848 4595 2038 4649 -ἰοτιιω
2065 4595 2343 4650 studiosus
2372 4595 2496 4661 sim,
2532 4605 2592 4649 ut
2615 4596 2716 4665 ipsi
2741 4595 2913 4651 nostis
2939 4613 2954 4661 ;
2985 4605 3042 4651 et
3073 4598 3408 4652 mentionem

169 4687 602 4781 ἐγκαρδιωμενον
650 4706 846 4777 ἔχομεν
874 4707 940 4775 τῇ
971 4705 1178 4775 άγάπῃ,
1215 4703 1310 4756 καὶ
1342 4702 1585 4764 ἅπαντας
1609 4702 1735 4764 τοὺς

1848 4691 1950 4759 ejus
1978 4688 2208 4744 facimus
2239 4688 2406 4743 etiam
2452 4688 2510 4742 in
2567 4687 2753 4742 divina
2785 4687 3023 4758 liturgia,
3089 4696 3146 4742 et
3175 4703 3274 4757 pro
3317 4689 3410 4742 illo

171 4778 450 4869 συγγενεῖς⁷
488 4817 618 4872 μου,
654 4796 913 4866 φιλοτδιος
956 4795 1237 4865 ὑπάρχων,
1277 4793 1349 4856 ὡς
1384 4794 1537 4864 ὑμεῖς
1583 4793 1736 4862 γινώ-

1848 4796 2117 4836 πεοεωιιτ
2150 4781 2403 4850 privatim
2437 4795 2501 4835 ac
2525 4779 2759 4850 publice,
2809 4788 2864 4833 et
2885 4778 3143 4835 Ecclesiae
3163 4795 3412 4835 cominu-

171 4907 342 4958 σκετε,
381 4895 476 4947 καὶ
507 4891 924 4964 μνημονεύομεν
966 4887 1134 4940 αὑτοῦ
1164 4888 1258 4940 καὶ
1284 4889 1341 4940 ὲν
1371 4889 1438 4957 τῇ
1473 4887 1596 4957 θείᾳ
1617 4887 1730 4940 λει-

1848 4874 2011 4930 ιὶοηίε
2043 4874 2338 4945 participes
2388 4889 2580 4929 sumus
2621 4893 2635 4929 :
2689 4873 2940 4942 absitque
2975 4884 3036 4928 ut
3087 4875 3154 4930 ab
3200 4889 3262 4930 ea
3304 4891 3411 4930 un-

168 4981 410 5054 τουργία,
459 4983 557 5035 καὶ
590 4977 936 5049 ἐπευχόμεθα
968 4975 1074 5046 ίδίᾳ
1111 4991 1168 5026 τε
1215 4973 1310 5026 καὶ
1337 4973 1590 5044 δημοσία.
1622 4973 1730 5026 Καὶ

1848 4983 1996 5037 quam
2039 4982 2380 5037 separemur.
2426 4966 2702 5038 Ignoscite
2770 4965 2902 5022 mihi
2952 4966 3050 5021 soli
3113 4968 3407 5037 peeeatori.

167 5072 260 5141 τῆς
299 5072 627 5142 Ἑκκλησίας
667 5068 969 5123 κοινωνικοί
1009 5070 1194 5136 ἐσμεν.
1224 5066 1332 5118 Καὶ
1374 5065 1449 5136 μὴ
1475 5067 1560 5136 εῐη
1592 5067 1727 5135 ἡμῖν

1848 5060 2017 5131 Delegi
2046 5061 2192 5114 hunc
2225 5058 2357 5114 mihi
2387 5057 2667 5129 angulum,
2699 5066 2759 5111 ut
2780 5056 3004 5112 defleam
3029 5068 3246 5127 peccata
3265 5074 3408 5122 mea,

170 5181 291 5218 ποτε
331 5164 708 5236 διασχισθῆναι
741 5162 836 5216 ἀπ’
862 5161 1054 5230 αὑτῆς.
1091 5158 1493 5228 Συγχωρήσατέ
1529 5173 1618 5228 μοι
1647 5155 1724 5226 τῷ

1848 5161 1891 5206 3t
1916 5168 1984 5207 ne
2033 5152 2266 5206 miscear
2293 5166 2419 5206 cum
2445 5149 2671 5205 mundo.
2706 5148 2992 5214 Quodnam
3046 5149 3149 5204 hoc
3199 5150 3408 5204 crimen

171 5255 308 5326 μόνῳ
347 5254 695 5328 ἁμαρτωλῷο
730 5253 957 5323 εἱλόμην
1001 5251 1270 5322 θρηνῆσαι
1317 5248 1415 5313 τὰς
1452 5248 1726 5319 ἁμαρτίας

1848 5244 1962 5299 est?
1995 5243 2249 5302 Concede
2281 5245 2387 5300 hoc
2437 5244 2597 5311 mihi,
2641 5241 2996 5298 dilectissime
3055 5243 3405 5306 consobrine,

238 5415 278 5445 "
302 5419 488 5472 Moral.
522 5416 726 5488 Regula
743 5432 838 5479 xu,
863 5429 984 5485 cap.
1015 5413 1068 5467 3.

1675 5546 1908 5606 NOTAE.

172 5666 368 5745 pulavit
430 5668 821 5745 matrimonion
853 5665 1060 5745 hlense“
1096 5665 1316 5745 demum
1376 5662 1706 5745 Septembri,

1890 5659 2494 5745 μθχεὺσεόἐστιῑτοις
2531 5658 2834 5745 βασιλέας.
2865 5655 3098 5745 Scripta
3151 5666 3232 5713 est
3274 5657 3397 5745 .hzrc

173 5728 456 5806 indictione
478 5741 530 5806 ι,
570 5739 702 5793 feria
740 5735 1094 5792 hebdomadis
1131 5744 1343 5806 quarta.
1398 5728 1600 5805 nuptiae
1655 5735 1708 5792 in
1817 5732 2047 5806 epistola
2071 5733 2230 5806 paulo
2261 5741 2387 5784 ante
2415 5733 2650 5806 primum
2678 5729 2954 5806 exsilium,
2988 5734 3119 5784 eum
3144 5728 3385 5784 nondum

171 5805 217 5859 δ.
245 5800 528 5867 Mamantis'
547 5809 746 5880 templo
776 5807 1059 5863 celebrata:
1089 5800 1240 5862 sunt.
1279 5800 1565 5876 (Τιιεορύ.)
1816 5816 1877 5859 se
1903 5800 2247 5872 imperatoris
2278 5802 2664 5857 communione
2696 5800 3046 5871 sejunxisset.
