4008 6318
605 349 710 412 923
1796 356 1853 416 S.
1885 357 2173 420 THEOD(

2276 415 2279 422 .
2312 361 2665 422 ΒΤΗΒΙΤιΕ
3753 357 3861 420 924

603 473 756 533 potes
777 464 942 528 enim,
977 473 1058 518 sat
1104 464 1237 530 scio,
1272 465 1567 534 utquietus
1613 467 1701 520 hic
1736 483 1915 538 agam,
1949 469 2019 523 ab
2046 485 2167 524 om-

2281 491 2378 544 μου
2413 478 2471 527 ὲν
2508 475 2574 545 τῇ
2609 473 2785 544 γωνίᾳ
2814 472 3005 544 ταύτῃ,
3040 471 3137 525 καὶ
3189 471 3267 542 μὴ
3312 470 3700 542 συμφῦρεσθαι
3743 471 3862 532 τοῖς

591 556 769 620 nibus,
818 556 998 625 quoad
1063 557 1208 620 licet,
1270 566 1631 627 segregatus:
1684 567 1739 612 et
1777 561 1891 615 acri
1947 561 2172 616 solertia

2279 567 2338 619 ὲν
2365 567 2578 636 κόσμῳ.
2613 566 2678 618 Τί
2724 565 2880 618 τοῦτο
2926 565 3219 635 ἔγκλημας
3272 562 3492 633 χάρισαί
3539 580 3630 633 μοι
3671 560 3856 626 τοῦτο,

590 657 678 699 tua
720 647 938 716 obliqua
993 646 1183 717 dirige,
1231 655 1286 700 et
1322 662 1517 716 aspera
1566 650 1870 718 complana,
1907 651 2168 721 pacisque

2276 653 2622 707 ποθεινότατε
2672 653 2858 723 ἀνεψιέ
2933 650 3051 706 οἶδα
3105 654 3214 722 γάρ
3261 653 3344 705 ὅτι
3395 652 3489 704 καὶ
3538 650 3713 721 δύνῃο
3762 652 3857 702 καὶ

589 744 788 790 nostra:
817 737 1130 791 conciliator
1184 746 1321 800 esto,
1371 746 1427 790 et
1478 739 1676 806 quietis
1727 742 1963 810 adiutor,
2006 753 2066 796 ut
2121 744 2166 803 si

2276 746 2504 815 ἠρεμεῖν
2534 743 2792 808 ἐνταῦθα,
2837 747 2929 798 καὶ
2968 744 3389 799 ἀποδιίστασθαι
3437 743 3642 806 παντὸς
3687 742 3852 810 τυχδν

588 827 716 894 quid
763 827 887 881 hinc
929 828 1084 882 nobis
1124 828 1398 882 commodi
1441 839 1640 897 exstet,
1689 831 1837 901 juste
1891 842 2054 903 atque
2101 849 2170 888 ex

2276 835 2559 904 ἀνθρώπου
2581 853 2594 867 ·
2625 836 2718 888 καὶ
2747 837 2814 905 τῇ
2858 836 3089 905 ἐμμελεῖ
3116 835 3369 904 ἀγχινοίᾳ
3423 850 3515 886 σου
3551 835 3620 886 τά
3665 831 3857 886 σκολιά

589 919 799 970 ratione
829 919 1196 987 dispensetur.

2276 924 2503 994 ποίησον
2543 927 2665 979 λεῖα
2691 944 2703 957 ’
2727 928 2819 978 καὶ
2847 929 2915 978 τά
2944 942 3284 996 τραχυνογτα
3324 924 3715 994 καθομάλισον.
3744 922 3855 975 Καὶ

589 1007 747 1074 γενοῦ
795 1008 888 1060 τοῦ
920 1010 1195 1079 εἰρηνικοῦ
1228 1009 1384 1080 ἡμῶν
1415 1010 1741 1083 βραϐευτὴε,
1805 1015 1901 1068 καὶ
1972 1015 2071 1085 τῆς
2125 1015 2358 1086 ἡσυχίας
2422 1019 2820 1090 συνασπιστής·
2854 1019 2945 1072 ἵνα
2971 1019 3018 1072 εί
3051 1020 3144 1072 καί
3174 1036 3227 1072 τι
3256 1019 3389 1090 ἡμῖν
3409 1018 3557 1071 ἐστιν
3591 1018 3651 1069 ἐν
3679 1013 3854 1084 τούτῳ

589 1098 880 1170 χρήσιμον,
919 1100 1171 1173 διαιτήσῃ
1204 1102 1428 1165 δικαίως
1458 1105 1552 1156 καὶ
1581 1106 1721 1158 κατά
1744 1105 1919 1173 λόγον.

976 1215 1041 1269 γ.
1076 1247 1144 1256 —
1171 1217 1438 1286 Stephano
1472 1236 1502 1271 a
1535 1221 1770 1274 secretis.

2609 1225 2683 1279 E'.
2723 1254 2794 1264 —
2830 1223 3108 1294 Στεφάνῳ
3143 1223 3492 1294 ἁσηκρῆτις.

711 1356 886 1404 Sacros
911 1352 1058 1400 etiam
1083 1352 1351 1411 antistites,
1386 1366 1492 1400 cum
1525 1360 1750 1415 peccant,
1774 1357 1868 1403 rite
1896 1354 1956 1402 ab
1978 1355 2104 1417 aliis,
2127 1357 2243 1407 licet
2261 1359 2416 1422 gradu
2437 1357 2748 1408 inferioribus
2780 1360 3048 1408 admoneri.
3081 1359 3375 1420 (Baron.an.
3403 1359 3510 1419 795,
3542 1373 3594 1408 ιι.
3613 1359 3720 1422 61.)

662 1460 930 1514 Hesterno
955 1459 1042 1511 die
1071 1473 1192 1511 cum
1241 1457 1474 1525 gloriosa
1507 1460 1794 1526 prasentia
1826 1469 1914 1514 tua
1948 1461 2159 1518 fruere-

590 1570 732 1617 mur,
769 1562 889 1621 post
917 1552 1019 1604 alia
1059 1552 1306 1619 quaedam
1356 1550 1648 1618 colloquia.
1703 1567 1934 1620 quorum
1994 1570 2156 1609 causa

591 1648 698 1700 huc
721 1662 967 1709 veneras,
1006 1646 1326 1699 devenimus
1367 1648 1581 1700 tandem
1613 1648 1676 1702 ad
1708 1647 2163 1719 Scriptumquae-

590 1741 816 1802 stiones,
856 1748 912 1792 et
953 1739 1006 1792 in
1054 1739 1302 1808 ambigua
1357 1739 1626 1793 haerentes
1676 1740 2067 1808 disputatione,
2107 1757 2166 1797 re

591 1829 813 1891 inlecta,
853 1829 1076 1899 digressi
1118 1845 1326 1884 sumus.
1383 1829 1450 1884 Et
1488 1846 1588 1884 nos
1634 1831 1875 1900 quidem,
1922 1833 2162 1898 domine,

2351 1465 2441 1519 'Ev
2470 1468 2534 1535 τῇ
2565 1465 2692 1535 χθὲς
2713 1464 2918 1535 ἡμέρᾳ,
2946 1465 3132 1536 ἐπειδὴ
3160 1464 3260 1534 τῆς
3291 1461 3542 1528 εὐκλεοῦς
3575 1483 3671 1519 σου
3703 1484 3853 1538 παρ-

2268 1556 2454 1620 ουσίας
2512 1558 2570 1609 ἐν
2615 1556 2832 1626 μεθέξει
2880 1557 3204 1626 γεγόναμεν,
3262 1557 3400 1626 μετά
3460 1573 3614 1620 τινας
3683 1559 3854 1622 ἄλλας

2269 1647 2585 1716 ὁμιλίας,δι’
2615 1647 2679 1711 ἃς
2702 1649 2795 1700 καὶ
2811 1650 2838 1700 ό
2864 1649 3064 1718 τρόπος
3092 1648 3190 1717 τῆς
3213 1647 3447 1702 ἐνταῦθά
3469 1664 3562 1701 σου
3586 1649 3850 1718 ἀφίξεως,

2269 1740 2349 1800 είς
2396 1736 2549 1806 λόγον
2588 1756 2705 1800 πως
2747 1738 3087 1810 ἐληλύθαμεν
3123 1738 3420 1810 Γραφικῶν
3475 1740 3848 1810 ζητημάτων⁸

2272 1831 2366 1882 καὶ
2395 1829 2453 1881 ὲν
2484 1828 2786 1900 ἀμφιϐολίᾳ
2812 1829 2978 1899 πολλῇ
3010 1828 3386 1898 συσχεθέντες,
3408 1829 3692 1892 ἀπιθάνως
3713 1829 3854 1900 πρὸς

593 1923 755 1976 rudes
777 1931 832 1975 et
853 1921 1049 1992 ignari,
1089 1921 1369 1989 sapientia:
1407 1929 1514 1974 tuae
1530 1921 1752 1976 minime
1776 1937 1932 1990 pares
1954 1938 2164 1977 sumus.

2276 1920 2441 1973 ταῦτα
2483 1920 2772 1990 διέστημεν
2823 1920 2918 1972 ἀπ’
2971 1920 3255 1990 ἀλλήλων·
3301 1919 3396 1972 καὶ⁸
3437 1920 3600 1990 ἡμεῖς
3651 1921 3776 1989 μὲν,
3809 1913 3854 1974 ὦ

597 2017 678 2069 Ne
713 2026 890 2069 tamen
941 2030 1132 2068 eorum
1166 2031 1286 2084 qua:
1341 2014 1446 2068 dici
1491 2014 1692 2067 debent
1740 2015 1956 2069 silentio
2005 2017 2166 2071 nobis

596 2105 861 2174 judicium
890 2119 1264 2166 accersamus;
1292 2107 1492 2158 etenim
1521 2106 1817 2176 Arguendo,
1848 2108 1941 2172 ait,
1975 2126 2165 2180 argues

592 2196 889 2263 proximum
936 2204 1103 2258 tuum,
1165 2204 1210 2247 et
1243 2211 1344 2246 non
1385 2195 1598 2248 habebis
1647 2212 1803 2265 super
1837 2196 1927 2248 illo
1979 2213 2166 2263 pecca-

594 2287 792 2350 tum",
838 2286 1074 2340 maxime
1122 2301 1246 2339 cum
1299 2286 1600 2355 sapientem
1641 2297 1930 2358 arguentes
1994 2289 2168 2358 magis

592 2379 918 2449 diligamur:
953 2376 1325 2431 necessarium
1376 2379 1631 2432 duximus
1681 2380 2036 2449 congruentia
2073 2380 2167 2434 tibi

593 2483 1043 2523 commemorare.
1095 2467 1195 2532 Tu,
1221 2469 1441 2523 domine
1483 2471 1577 2534 mi,
1617 2479 1674 2524 ut
1723 2473 2052 2540 compendio
2086 2473 2168 2526 di-

594 2576 739 2623 cam,
770 2561 1226 2630 interrogationes
1257 2562 1457 2616 multas
1487 2564 1990 2632 responsionesque
2029 2580 2166 2632 pra:-

595 2653 806 2716 cidens,
859 2652 976 2706 haec
1008 2652 1190 2705 dixisti
1238 2668 1251 2702 :
1300 2651 1420 2704 Non
1481 2651 1680 2704 debere
1727 2652 2025 2706 antistitem
2079 2653 2170 2720 qui

596 2744 743 2814 gregi
778 2743 982 2814 praesit,
1033 2753 1183 2796 extra
1220 2742 1343 2796 ﬁdei
1398 2757 1640 2803 causam,
1698 2743 1741 2796 si
1775 2742 1902 2812 quid
1963 2743 2018 2796 in
2051 2743 2170 2798 aliis

598 2837 810 2890 Domini
863 2835 1132 2888 mandatis
1188 2835 1270 2888 vel
1312 2835 1646 2904 imprudens,
1698 2835 1781 2889 vel
1832 2852 1928 2889 sua
1980 2847 2170 2906 sponte

597 2927 762 2981 faciat
789 2926 932 2994 quod
970 2926 1193 2979 vetitum
1251 2925 1340 2988 sit,
1391 2933 1458 2980 ab
1500 2928 1607 2979 ullo
1657 2927 1934 2981 admoneri
1964 2945 1976 2980 :
2012 2929 2170 2981 nobis

597 3027 787 3072 contra
841 3016 1254 3082 allirmantibus,
1317 3018 1540 3071 omnino
1593 3019 1812 3081 debere,
1867 3019 1960 3072 sed
2007 3019 2075 3073 ab
2107 3019 2172 3074 iis

596 3108 688 3178 qui
725 3108 868 3161 inter
898 3107 1033 3161 alios
1075 3108 1302 3161 scientia
1333 3117 1388 3161 et
1433 3109 1720 3177 prudentia
1760 3108 2019 3161 eminent.
2057 3109 2172 3163 Un-

597 3201 792 3254 denam
823 3215 953 3252 vero
975 3199 1104 3252 dicti
1134 3200 1298 3268 hujus
1323 3199 1713 3253 absurditatem
1746 3199 1840 3253 tibi
1870 3216 1978 3252 non
1996 3209 2173 3253 osten-

2265 2012 2499 2064 δέσποτα
2527 2050 2540 2075 ,
2585 2011 2958 2075 ίδιωτίζοντες,
2986 2011 3049 2064 οὐ
3081 2011 3299 2072 πάντως
3331 2011 3474 2063 κατὰ
3502 2010 3604 2078 τὴν
3635 2009 3852 2082 παροῦ-

2268 2099 2368 2152 σάν
2406 2116 2500 2152 σου
2539 2099 2736 2167 σοφίαν
2791 2099 3195 2168 ὑπαντήσομεν.
3227 2098 3344 2152 ’Ίνα
3370 2098 3426 2151 δὲ
3457 2097 3532 2169 μὴ
3557 2101 3623 2167 τῇ
3654 2100 3854 2169 ὲφησυ-

2267 2193 2420 2262 χάσει
2477 2191 2585 2245 τῶν
2647 2191 3011 2260 ὀφειλομένων
3057 2189 3360 2261 λαληθῆναι
3411 2193 3584 2260 κρῖμα
3634 2191 3852 2254 ἑαυτοῖς

2267 2285 2662 2351 ἀπενέγκοιμεν
2703 2283 2997 2352 (Ἐλεγμῷ
3051 2281 3180 2351 γὰρ,
3223 2283 3408 2352 φησὶν,
3443 2281 3715 2351 ἐλέγξεις
3746 2282 3852 2335 τὸν

2268 2376 2536 2441 πλησίον
2597 2387 2736 2437 σου,
2788 2375 2886 2426 καὶ
2948 2375 3019 2426 οὐ
3085 2374 3257 2442 λήψῃ
3322 2374 3394 2427 δι’
3441 2374 3628 2427 αὑτὸν
3662 2374 3849 2442 ἀμαρ-

2269 2467 2456 2533 alar),
2495 2467 2668 2528 ἄλλως
2716 2483 2776 2518 τε
2821 2466 2904 2518 ὅτι
2950 2466 3044 2516 καὶ
3093 2465 3253 2533 σοφὸν
3286 2465 3600 2534 ἐλέγχοντες
3644 2465 3850 2535 μᾶλλον

2270 2560 2759 2630 ἀγαπηθησόμεθα,
2821 2560 3119 2626 ἀναγκαῖον
3156 2559 3414 2629 ᾠήθημεν
3451 2558 3851 2628 προσφωνῆσαί

2273 2668 2356 2704 σοι
2393 2651 2460 2704 τὰ
2514 2651 2896 2704 ἐπιϐάλλοντα.
2943 2651 3004 2703 '0
3044 2649 3237 2720 κύριός
3282 2667 3404 2718 μου,
3433 2649 3521 2702 ῖνα
3570 2649 3850 2718 συντόμως

2271 2741 2402 2813 ὲρῶ,
2439 2740 2538 2804 τὰς
2583 2742 2781 2806 πολλὰς
2825 2741 3048 2805 πεύσεις
3111 2742 3203 2794 καὶ
3251 2741 3601 2811 ἀντιρρήσεις
3653 2740 3842 2792 ἐπισυ-

2275 2836 2507 2889 στέλλων
2526 2877 2538 2898 ,
2573 2834 2805 2906 ἔφησθα,
2837 2836 2911 2898 ὠς
2936 2835 2996 2888 οὐ
3031 2833 3136 2905 χρὴ
3166 2833 3256 2886 τὸν
3283 2831 3606 2902 προεστῶτα
3622 2847 3843 2901 ποιμενο

2272 2931 2467 3000 ἀρχην,
2499 2929 2631 2999 ἄτερ
2677 2927 2934 2993 πίστεως,
2969 2927 3064 2980 ἐπὶ
3095 2929 3216 2990 ταῖς
3269 2925 3454 2988 ἄλλαις
3485 2924 3729 2988 ἐντολαῖς
3753 2923 3847 2977 τοῦ

2275 3020 2502 3091 Κυρίου,
2537 3018 2679 3072 κατά
2714 3015 2940 3086 ἄγνοιαν
2979 3019 3013 3088 ἢ
3057 3017 3298 3071 ἐθελοντὶ
3327 3016 3636 3086 πράττοντά
3662 3032 3715 3068 τι
3743 3014 3849 3068 τῶν

2273 3107 2912 3180 ἀπηγορευμένων,πρός
2942 3124 3088 3170 τινος
3120 3105 3657 3178 ὑπομιμνήσκεσθαι,
3691 3104 3850 3176 ἡμῶν

2278 3189 2564 3269 λεγόντων,
2607 3201 2688 3254 ὅτι
2736 3202 2832 3254 καὶ
2875 3201 3050 3270 μάλα·
3075 3201 3188 3255 ἀλλ’
3218 3200 3324 3254 ὑπὸ
3358 3199 3467 3255 τῶν
3494 3200 3842 3272 προεχόντων

597 3291 834 3346 demus?
883 3289 1124 3345 Primum
1179 3291 1398 3360 quidem
1442 3305 1508 3345 ex
1557 3288 1736 3345 Veteri
1788 3291 2166 3346 Testamento.

2278 3294 2336 3345 ὲν
2365 3291 2562 3360 γνώσει
2597 3294 2690 3344 καὶ
2724 3295 2936 3346 συνέσει
2967 3291 3122 3363 παρὰ
3156 3294 3286 3356 τοὺς
3317 3270 3548 3356 ἄλλους.
3569 3293 3682 3345 Kal
3715 3292 3850 3363 πρὸς

597 3383 735 3450 Quid
757 3384 901 3437 enim
935 3384 1002 3436 de
1036 3383 1254 3436 Daniele
1293 3384 1530 3439 censes?
1569 3385 1650 3438 An
1679 3384 1944 3447 seniores,
1981 3400 2172 3453 quam-

599 3475 681 3527 vis
707 3490 769 3526 ea
797 3473 1037 3527 nondum
1068 3483 1228 3528 aetate
1258 3490 1379 3542 qua:
1416 3475 1705 3543 legitimam
1733 3475 1986 3543 loquendi
2006 3476 2170 3529 liber-

600 3573 765 3618 tatem
814 3564 984 3628 daret,
1029 3564 1081 3615 in
1130 3563 1330 3616 divina:
1399 3565 1666 3618 Susanna:
1716 3566 2173 3620 condemnatione

600 3655 1049 3725 prawaricantes,
1076 3670 1180 3706 non
1220 3655 1393 3708 solum
1426 3655 1744 3718 admonens,
1794 3672 1983 3710 verum
2008 3658 2173 3711 etiam

601 3746 991 3810 condemnatis,
1028 3745 1278 3799 laudatus
1311 3755 1412 3808 est,
1447 3761 1515 3798 an
1546 3762 1654 3800 non
1684 3745 1767 3798 “?
1817 3746 2021 3800 Deinde
2059 3763 2169 3800 non

601 3837 986 3892 animadvertis
1022 3836 1158 3890 Joab
1189 3837 1241 3890 in
1276 3837 1461 3906 populi
1489 3838 1928 3901 enumeratione,
1967 3853 2091 3900 cum
2117 3839 2168 3891 in

601 3930 698 3985 Dei
731 3931 1088 3985 tentationem
1123 3946 1210 3985 res
1251 3939 1518 4000 vergeret,
1571 3930 1988 3999 supplicantem,
2021 3929 2175 3982 obte-

602 4034 862 4088 stantem,
895 4024 1223 4093 persuadere
1278 4024 1466 4077 divino
1520 4023 1705 4076 Davidi
1759 4030 2068 4085 conantem,
2105 4035 2175 4074 ne

604 4117 656 4170 id
689 4117 912 4170 faciat"
943 4117 964 4168 ?
1002 4126 1129 4169 nota
1183 4116 1331 4168 enim
1388 4115 1485 4168 tibi
1525 4125 1608 4168 est
1635 4113 1882 4169 historia.
1920 4113 2001 4168 Me
2043 4128 2174 4168 vero

604 4217 784 4262 movet
808 4217 862 4260 et
889 4207 1077 4261 Jethro
1117 4222 1372 4274 magnum
1414 4205 1598 4259 Mosen
1626 4206 1950 4268 admonens,
1997 4213 2052 4260 et
2077 4221 2174 4260 ex-

605 4301 828 4354 hortans
857 4314 966 4352 non
1000 4299 1078 4354 sic
1106 4314 1291 4370 regere
1315 4299 1596 4367 populum,
1650 4299 2038 4367 hominemque
2072 4313 2171 4350 ru-

603 4393 860 4446 dimentis
888 4391 1287 4460 quodammodo
1329 4389 1638 4453 instituens,
1683 4390 2078 4458 traducensque
2108 4388 2175 4443 ad

604 4486 892 4540 consilium
922 4501 1100 4538 suum.
1133 4483 1198 4537 Et
1228 4484 1477 4552 quisnam
1504 4483 1662 4551 ipse?
1695 4483 2031 4553 Alienigena,
2069 4483 2173 4536 elsi

606 4592 779 4631 socer.
815 4577 914 4631 Cui
939 4577 1165 4645 loquens
1192 4576 1214 4628 ?
1244 4575 1301 4628 Ei
1332 4575 1421 4644 qui
1463 4575 1643 4628 omnia
1680 4591 1742 4628 ex
1771 4575 1952 4629 divina
2011 4590 2170 4628 reve-
2209 4612 2251 4666 Β

607 4666 806 4721 latione
854 4669 1045 4738 agebat
1071 4667 1132 4720 ¹⁶.
1177 4667 1347 4735 Atque
1407 4667 1522 4719 hac
1570 4666 1785 4734 quidem
1839 4665 2047 4734 paucis,
2104 4679 2175 4719 ne

607 4758 878 4828 longiores
903 4759 1094 4812 simus.
1130 4756 1546 4811 Transeundum
1579 4766 1660 4810 est
1693 4757 1759 4810 ad
1797 4755 2032 4810 Novum.
2065 4755 2177 4809 Re-

608 4863 916 4910 vercamur,
949 4849 992 4902 si
1030 4849 1224 4917 placet,
1255 4848 1659 4919 gloriosissime,
1699 4848 1982 4901 clarissimi
2032 4848 2180 4902 orbis

611 4947 768 4992 terra:
795 4939 1057 5007 praeconis
1087 4939 1322 4992 edictum
1349 4956 1361 4991 :
1386 4937 1442 4992 Si
1476 4947 1732 5005 postremo
1754 4936 2036 4991 revelatum
2063 4939 2179 5007 {tte-

613 5029 701 5093 rit,
727 5030 926 5096 primus
951 5029 1105 5082 sileat
1145 5029 1208 5082 ".
1243 5029 1382 5094 Non,
1425 5030 1567 5083 sicut
1594 5029 1782 5098 objicit
1830 5030 2026 5082 caritas
2067 5038 2178 5092 tua,

611 5119 680 5173 de
707 5120 810 5173 lidc
841 5121 971 5173 sola.
1008 5120 1093 5185 Et,
1151 5121 1294 5189 quod
1341 5136 1428 5175 me
1478 5121 1870 5190 propemodum
1912 5119 2173 5191 fugiebat,

615 5227 842 5282 magnus
882 5229 1058 5281 praeco
1108 5214 1350 5268 veritatis
1397 5212 1636 5267 Joannes
1668 5213 1938 5267 Herodem
1988 5228 2178 5282 repre-

618 5299 807 5354 hendit
833 5303 895 5356 ’⁸.
927 5302 1144 5367 Quaeso,
1171 5303 1437 5372 responde
1469 5303 1624 5356 mihi.
1665 5301 1769 5356 Sed
1808 5301 2087 5370 explodar,
2126 5310 2184 5354 ut

617 5390 797 5455 video,
833 5402 887 5446 et
917 5393 1221 5458 (leridcbor,
1253 5394 1395 5462 quod
1417 5394 1745 5462 aaqttiparem
1769 5408 1855 5446 me
1882 5393 2180 5461 prophetat.

621 5484 776 5537 Absit
810 5502 821 5536 :
856 5500 963 5538 non
997 5486 1067 5539 ita
1100 5495 1202 5548 est,
1226 5487 1451 5555 Optime.
1483 5487 1606 5540 Ilaec
1632 5502 1773 5547 vero,
1808 5486 2001 5554 inquit,
2050 5487 2184 5538 scri-

622 5587 710 5642 pla
755 5586 875 5629 sunt
923 5578 992 5630 ad
1045 5579 1420 5646 correptionem
1461 5588 1696 5631 nostram
1727 5578 1813 5630 ¹⁸⁶.
1874 5577 1937 5631 Ει
1988 5579 2184 5633 iterum

697 5707 739 5737 "
782 5707 954 5762 chit.
983 5709 1222 5776 x1x,l7;
1258 5710 1415 5764 Prov.
1448 5727 1524 5776 ιχ,
1557 5711 1610 5764 8.
1687 5711 1729 5742 ¹⁸
1759 5711 1892 5764 Dan.
1936 5727 2058 5772 xm,
2109 5711 2130 5762 ‘l

707 5777 724 5832 Ι
755 5779 878 5833 Cor.
921 5797 1031 5834 xiv.
1056 5781 1143 5834 30.
1223 5782 1264 5813 ¹⁸
1297 5781 1486 5834 Matth.
1532 5798 1639 5834 xw.
1673 5783 1720 5834 ί.
1804 5782 1863 5812 ¹⁸⁶
1898 5783 2059 5834 ltlor.
2092 5799 2140 5834 κ.
2169 5789 2173 5806 ⁴

2276 5726 2321 5781 r1.
2405 5713 2445 5745 ¹⁵
2490 5712 2660 5785 chg.
2695 5730 2845 5780 xxw,
2873 5713 2898 5766 l
2931 5728 3079 5783 seqq.

628 5777 668 5809 ¹⁷
707 5777 724 5832 l
755 5779 878 5833 Cor.
921 5797 1031 5847 xxv,
1056 5781 1143 5835 30.
1223 5782 1264 5813 ¹⁸
1297 5781 1486 5837 Matth.
1532 5798 1639 5846 xw,
1673 5783 1720 5835 ί.

2273 3382 2430 3436 τοῦτο
2477 3381 2671 3435 ὁπόθεν
2753 3382 2850 3434 καὶ
2896 3381 2958 3434 οὐ
3002 3382 3470 3452 παραστησόμεθα
3518 3398 3602 3434 σοι
3637 3382 3702 3434 τὸ
3755 3381 3848 3436 τοῦ

2275 3475 2432 3543 λόγου
2462 3474 2689 3540 ἀτοπον;
2715 3473 2940 3545 Πρῶτον
2955 3474 3052 3544 μὲν
3082 3473 3190 3528 ἀπὺ
3223 3473 3325 3542 τῆς
3359 3473 3604 3537 Παλαιᾶς
3649 3473 3845 3544 Διαθή-

2275 3585 2396 3638 κης.
2431 3567 2495 3620 Τί
2527 3568 2636 3638 γάρ
2670 3584 2752 3620 σοι
2779 3565 3010 3620 δοκεῖτὸ
3038 3565 3133 3618 τοῦ
3165 3564 3396 3636 Δανιήλ;
3431 3560 3540 3636 ἄρα
3573 3566 3701 3628 τοὺς
3721 3583 3846 3636 πρε-

2277 3662 2592 3732 σϐυτέρους,
2622 3661 2824 3731 καίπερ
2857 3659 2930 3713 ὣν
2949 3659 3010 3713 οὐ
3044 3656 3137 3712 τοῦ
3173 3656 3397 3727 ἐννόμου
3427 3654 3623 3726 καιροῦ
3645 3657 3744 3723 τῆς
3771 3657 3847 3719 είς

2274 3755 2334 3807 τὸ
2363 3754 2542 3821 λέγειν
2564 3754 2657 3807 καὶ
2683 3749 3158 3822 παρρησιάζεσθαι
3197 3749 3433 3820 ἡλικίας,
3468 3747 3846 3818 παρανομοῦν-

2276 3863 2376 3910 τας
2427 3846 2563 3916 πρὸς
2607 3845 2705 3915 τὴν
2746 3844 2846 3914 τῆς
2906 3843 3054 3906 θείας
3085 3841 3375 3912 Σωσάννης
3413 3840 3735 3908 καταδίκην,
3764 3840 3846 3894 s19-

2275 3937 2440 4006 ῃνέθη
2463 3937 2523 3988 οὐ
2555 3936 2712 4005 μόνον
2733 3935 3183 4006 ὑπομιμνήσκων,
3203 3933 3338 3987 ἀλλά
3361 3934 3454 3986 καὶ
3483 3931 3842 4001 κατακρίνων·

2275 4030 2362 4082 val
2390 4028 2421 4097 ἢ
2453 4026 2549 4090 οῦς
2581 4023 2716 4080 Εἶτα
2789 4029 2849 4079 οὺ
2900 4027 3030 4099 δέχῃ
3082 4026 3173 4078 τὸν
3220 4024 3376 4078 mas
3428 4025 3486 4077 ὲν
3533 4024 3603 4093 τῇ
3655 4022 3846 4092 ἀπαρι-

2277 4119 2476 4190 θμήσει
2544 4116 2638 4169 τοῦ
2681 4117 2831 4180 λαοῦ,
2891 4117 3038 4178 ὄντος
3084 4115 3180 4168 τοῦ
3215 4115 3490 4185 δράματος
3519 4115 3601 4176 είς
3651 4127 3844 4182 παρορ-

2276 4211 2474 4281 γισμόν
2501 4209 2658 4276 Θεοῦ,
2711 4208 3115 4271 ἀντιϐολοῦντα,
3163 4205 3584 4276 ὲκλιπαροῦντα,
3627 4203 3844 4257 ἀναπεί·

2277 4303 2389 4356 θειν
2429 4301 2773 4373 πειρώμενον
2809 4300 2906 4353 τὸν
2953 4298 3094 4353 θεῖον
3140 4296 3326 4360 Δαϐὶδ,
3363 4297 3438 4367 μὴ
3479 4297 3642 4349 τοῦτο
3684 4296 3842 4366 δρᾷνς

2277 4392 2433 4449 οἶσθα
2455 4396 2562 4464 γὰρ
2590 4396 2688 4464 τὴν
2720 4393 2984 4464 ἱστορίαν.
3031 4391 3161 4461 Ἐμὲ
3190 4390 3246 4443 δὲ
3271 4390 3512 4443 δυσωπεῖ
3541 4389 3639 4443 καὶ
3689 4388 3846 4458 ἰοθδρ

2277 4485 2712 4554 ὑπομιμνήσκων
2747 4482 2838 4534 τὸν
2868 4481 3040 4552 μέγαν
3065 4481 3290 4549 Μωσῆν,
3325 4479 3420 4531 καὶ
3456 4477 3846 4546 παρεγγυώμε-

2279 4593 2367 4639 νος
2393 4575 2467 4645 μὴ
2492 4574 2634 4627 οὕτω
2663 4572 2927 4640 διεξάγειν
2963 4572 3050 4624 τὸν
3087 4571 3231 4633 λαὸν,
3249 4571 3339 4622 καὶ
3366 4568 3530 4623 οἱονεὶ
3553 4568 3842 4638 ποιχειῶν,

2285 4666 2381 4720 καὶ
2425 4667 2560 4736 πρὸς
2608 4665 2706 4732 τὴν
2751 4664 2955 4716 οίκείαν
2987 4661 3180 4733 βουλὴν
3229 4659 3713 4732 μεταρρυθμίζων.
3747 4659 3848 4711 Καὶ

2285 4759 2367 4821 τίς
2389 4757 2463 4809 ὧν
2482 4775 2501 4823 ;
2549 4755 2891 4825 ’Δλλογενὴς,
2911 4755 2961 4807 εί
2987 4753 3082 4807 καὶ
3115 4753 3405 4824 κηδεστής.
3448 4752 3556 4805 Καὶ
3578 4751 3682 4804 τίνι
3707 4749 3846 4819 φῶν;

2287 4850 2377 4919 Τῷ
2404 4851 2579 4902 πάντα
2619 4847 2761 4900 κατά
2812 4845 3159 4914 ἀποκάλυψιν
3209 4843 3347 4898 Θεοῦ
3383 4843 3845 4913 διαπραττομένῳ.

2287 4941 2396 4995 Kal
2442 4940 2614 4993 ταῦτα
2654 4939 2754 5008 μὲν
2803 4938 2890 4991 ἐπ’
2918 4938 3124 5005 ὀλίγον·
3159 4937 3248 4991 (va
3298 4935 3373 5006 μὴ
3414 4934 3846 5005 μακρηγορήσω-

2291 5049 2410 5102 μεν.
2440 5031 2705 5085 Μετιτέον
2731 5030 2787 5083 δὲ
2811 5030 2903 5081 ἐπὶ
2936 5029 3034 5100 τὴν
3067 5028 3231 5082 Νέαν.
3265 5025 3634 5096 Αίδεσθῶμεν,
3669 5027 3717 5077 εί
3744 5023 3851 5094 βού-

2285 5126 2387 5190 λει,
2438 5123 2786 5192 πανεύφημε,
2834 5121 2929 5175 xal
2979 5122 3040 5174 τὸ
3084 5120 3178 5174 τοῦ
3227 5120 3325 5191 τῆς
3365 5117 3700 5188 οἰκουμένης
3743 5118 3846 5170 δια-

2283 5215 2510 5286 πρυσίου
2542 5216 2781 5286 κήρυκος
2815 5213 3194 5285 ὑπαγόρευμα,
3222 5214 3304 5280 τὸ,
3352 5212 3493 5265 Ἐὰν
3519 5208 3599 5276 τῷ
3624 5210 3849 5278 ἐσχάτῳ

2289 5306 2716 5376 ἀποκαλυφθῇ,
2745 5310 2776 5361 ό
2801 5306 3030 5374 πρῶτος
3055 5305 3297 5375 σιγάτω.
3311 5303 3443 5374 οὐχ,
3473 5303 3548 5365 ὡς
3571 5302 3848 5356 ἀντιτείνει

2289 5402 2321 5468 ἡ
2355 5399 2576 5468 φιλότης
2603 5417 2717 5464 σου,
2752 5398 2910 5452 τοῦτο
2937 5397 3066 5468 περὶ
3098 5397 3268 5466 μόνης
3298 5396 3557 5456 πίστεως.
3588 5393 3719 5453 Kal,
3749 5386 3848 5444 οἷον

2291 5489 2354 5559 δή
2394 5507 2459 5557 με
2508 5490 2786 5559 παρέλαθε
2841 5488 3041 5558 μικροῦ
3085 5488 3216 5552 δεῖν,
3250 5489 3277 5540 ὁ
3313 5486 3485 5555 μέγας
3530 5485 3708 5554 κήρυξ
3762 5483 3847 5552 τῆς

2292 5579 2550 5650 ἀληθείας
2600 5579 2850 5649 Ἰωάννης
2895 5579 3106 5649 ἐλέγχει
3160 5578 3252 5632 τὸν
3294 5575 3564 5647 Ἡρώδην.
3608 5572 3842 5644 Ἐρωτῶ.

3163 5712 3204 5745 ¹⁸
3233 5711 3400 5767 Exod.
3426 5725 3577 5773 ιινιιι,
3608 5709 3674 5764 l3
3704 5723 3838 5779 seqq.
