4008 6318
195 365 296 427 99.5

1421 360 1960 420 EPISTOLARUM
2001 361 2127 417 LIB
2176 362 2225 418 I-

3344 358 3447 420 9‘26

192 473 489 542 ἀπόκριναί
546 488 659 541 μοι.
697 469 836 522 Ἀλλ’
867 447 1187 540 ’ἀγχίθυρος
1231 470 1260 521 ό
1313 472 1450 539 πρὸς
1506 473 1609 540 ἐμὲ
1668 467 1763 522 οἷδ’

1886 471 2098 524 l’aulus:
2141 470 2439 523 Imitatores
2470 469 2572 523 mei
2609 477 2792 531 estote,
2820 467 2958 520 sicut
2984 477 3031 520 et
3060 484 3152 538 ego
3166 467 3358 524 Christi
3380 469 3423 500 "’

191 569 273 620 ὅτι
299 568 506 632 mm;-
537 564 599 616 τὸ
631 563 712 617 ὅτι
741 564 798 616 ὲν
825 562 1007 634 μέτρῳ
1038 563 1132 614 τοῦ
1183 564 1464 632 προφήτου
1503 565 1773 616 ἰσοστατεῖ

192 661 402 712 ἑαυτόν.
440 656 582 710 Ἀλλ’
621 657 718 727 οὐχ
771 655 964 717 οὕτως,
994 647 1038 706 ὦ
1096 653 1378 722 βέλτιστε·
1445 653 1634 708 Ταῦτα
1681 654 1770 716 δὲ,

192 751 381 821 φησὶν,
411 748 638 817 tinctis”;
664 748 813 816 πρὸς
843 747 1169 801 νουθεσίαν
1197 745 1507 814 ἡμετέραν.
1544 747 1649 799 Καὶ
1675 742 1772 799 αὖ-

193 843 278 904 θις
303 845 333 895 ὁ
363 840 574 902 Παῦλος
593 856 606 870 ⁸
641 839 898 908 Μιμηται
930 855 1047 906 μου
1077 839 1338 906 γίνεσθε,
1369 837 1564 901 καθὼς
1614 836 1772 905 κάγὼ

194 933 478 1003 Χριστοῦ.
498 932 621 994 Πῶς
632 932 686 984 δὲ
700 932 792 983 καὶ
807 925 917 983 οἷόν
937 947 994 982 τε
1014 929 1310 1000 ὀρθοδοξεῖν
1325 929 1414 981 τὸν
1428 927 1577 992 λοξοε
1588 929 1773 998 ργοῦν-

192 1043 285 1089 τα,
308 1025 401 1076 τοῦ
415 1023 560 1075 θείου
591 1021 848 1074 Ἰακώϐου
870 1021 1237 1090 ἐνισταμένου,
1271 1022 1334 1072 ὲκ
1349 1019 1456 1072 τῶν
1487 1019 1662 1091 ἔργων
1674 1020 1774 1072 δεῖ·

195 1115 429 1168 κνυσθαι
457 1113 557 1184 τὴν
597 1114 812 1167 πίστιν⁶
844 1114 1085 1176 καὶτοὺς
1125 1113 1250 1183 περὶ
1278 1113 1337 1164 τὸ
1380 1111 1436 1164 ἓν
1469 1112 1766 1181 σφαλλομέ-

193 1207 486 1278 νους,μηδὲ
503 1207 560 1260 τὸ
581 1206 804 1276 θάτερον
820 1205 907 1276 ἔχε
917 1224 962 1258 ιν
979 1221 993 1270 ;
1013 1205 1291 1258 Τοσούτων
1311 1200 1403 1258 οὖν
1415 1207 1508 1259 καὶ
1523 1205 1772 1275 τηλικού-

194 1319 306 1354 των
331 1301 499 1353 ὄντων
524 1298 835 1370 μαρτύρων,
859 1298 959 1350 οὐκ
981 1297 1161 1366 οῐομαι
1185 1299 1538 1366 ἀντιφάσκειν
1565 1299 1663 1368 τὴν
1690 1298 1773 1348 εύ-

195 1391 416 1458 γένειάν
449 1408 560 1441 σου.
606 1387 668 1441 Ei
708 1388 764 1441 δὲ
795 1387 975 1451 τοῦτο,
1011 1388 1472 1442 ἀντεπιστελλέτω
1494 1392 1560 1460 τῇ
1591 1391 1771 1459 ἀσυμ-

194 1484 353 1555 φιλίᾳ
382 1483 540 1554 ήμῶν
570 1481 860 1545 ἀναλύσεις
915 1483 1013 1552 μὲν
1056 1484 1113 1535 ὲν
1155 1482 1297 1553 λόγῳ
1341 1483 1448 1536 τῶν
1477 1485 1771 1554 προταθὲν-

192 1595 305 1630 των
326 1594 339 1608 ο
368 1575 753 1644 ἀντεξαγωγάς
795 1575 850 1628 δὲ
879 1575 1356 1648 διευκρινεστέρας
1380 1577 1490 1630 τῶν
1516 1594 1772 1632 συσκευα-

194 1669 552 1738 σθησομένων
605 1684 709 1720 σοι.
765 1666 889 1720 Εἴθε
935 1668 1028 1720 καὶ
1054 1667 1306 1738 πάρεισιν
1329 1684 1343 1699 ·
1373 1671 1531 1739 ἡμεῖς
1551 1687 1613 1738 γε
1643 1688 1772 1723 σιω-

195 1762 469 1829 πήσομεν,
515 1758 610 1811 καὶ
643 1758 975 1828 συγγνώμην
1001 1757 1102 1828 τῆς
1133 1759 1457 1826 ὲνστάσεως,
1481 1763 1682 1833 καίπερ
1712 1765 1770 1816 ὲν

1876 563 1978 628 Qui
2010 571 2192 616 autem
2228 561 2342 616 ﬁeri
2373 571 2575 632 potest,
2610 569 2669 616 ut
2700 569 2850 615 recte
2873 562 2995 630 quis
3019 563 3242 627 sentiat,
3278 576 3448 632 agens

1879 671 2152 726 perverse,
2203 655 2388 709 divino
2427 654 2631 709 Jacobo
2683 654 3007 719 aﬂirmante,
3069 671 3134 709 ex
3188 654 3447 724 operibus

1877 749 2088 803 ostendi
2130 748 2311 812 ﬁdem,
2344 756 2399 802 et
2433 749 2499 802 iis
2525 749 2614 816 qui
2650 748 2792 802 circa
2828 763 2994 800 unum
3039 749 3316 812 aberrant,
3347 763 3447 800 ne-

1878 856 1982 908 que
2006 840 2235 893 alterum
2276 839 2501 893 inesse?
2532 838 2633 891 Tot
2672 839 2836 907 igitur
2888 847 2942 891 et
2993 846 3138 890 tanta
3167 854 3290 890 cum
3339 839 3450 891 sint

1879 932 2207 995 testimonia,
2286 947 2390 985 non
2445 941 2575 1000 puto
2617 932 2815 984 habere
2887 929 3224 983 nobilitatem
3301 939 3447 983 tuam

1878 1023 2021 1092 quod
2049 1022 2408 1076 contradicat.
2463 1022 2557 1074 Sin
2588 1031 2810 1074 autem:
2864 1021 3041 1074 mittat
3082 1020 3272 1089 impari
3316 1020 3450 1073 ami-

1878 1113 2021 1168 citiae
2050 1123 2251 1167 nostra
2299 1113 2596 1167 solutiones
2651 1113 3088 1182 propositionum
3113 1120 3447 1176 nostrarum,

1878 1215 1997 1260 tum
2039 1207 2296 1260 clariores
2351 1205 2653 1259 contrarias
2691 1206 3063 1274 oppositiones
3091 1220 3280 1258 eorum
3327 1221 3448 1272 qua:

1875 1299 2097 1354 astruis.
2131 1299 2349 1355 Utinam
2394 1314 2524 1353 vero
2548 1307 2859 1367 suppetant,
2891 1309 2946 1352 et
2998 1313 3096 1350 nos
3145 1297 3448 1358 silebimus,

1877 1393 2199 1460 veniamque
2247 1390 2615 1445 contentionis
2655 1400 2875 1454 nostrae,
2907 1389 3153 1458 quamvis
3174 1404 3295 1442 cum
3334 1388 3450 1440 zelo

1877 1485 2204 1553 conjunctae,
2228 1482 2622 1552 postulabimus
2649 1484 2661 1534 ι
2695 1481 3114 1550 Reprehendere
3154 1480 3295 1532 enim
3325 1487 3447 1532 tan-

1877 1577 2176 1639 tummodo,
2203 1575 2355 1630 facile
2383 1582 2484 1640 est,
2516 1583 2570 1627 et
2617 1573 2838 1626 cuilibet
2879 1573 3078 1626 volenti
3113 1581 3443 1640 promptum,

1877 1677 1936 1724 ut
1959 1668 2128 1738 legisti
2159 1685 2172 1732 ;
2203 1681 2354 1720 suam
2400 1681 2530 1720 vero
2577 1665 2902 1719 sententiam
2948 1679 3115 1718 sacrae
3156 1663 3450 1732 Scriptura:

1877 1757 2202 1813 testimoniis
2234 1756 2607 1811 confirmatam
2628 1756 2902 1820 inducere,
2936 1755 3175 1808 hominis
3200 1765 3281 1807 est
3304 1769 3450 1809 sanae

194 1852 350 1919 ζήλῳ
390 1848 580 1919 οὔσης,
607 1848 966 1919 αἰτησόμεθα.
1020 1850 1094 1902 Τὸ
1135 1850 1243 1918 γὰρ
1297 1853 1558 1922 ἐπιτιμᾷν
1588 1854 1767 1920 μόνον,

1886 1852 2072 1906 mentis
2129 1865 2191 1904 ac
2238 1849 2451 1916 judicii.
2506 1846 2584 1901 Ne
2615 1863 2743 1918 ergo
2779 1848 2831 1899 in
2865 1847 3187 1900 immensum
3243 1855 3451 1899 crescat

197 1945 432 2013 ῥᾷστον
469 1943 564 1995 καὶ
612 1941 705 1995 τοῦ
754 1941 1076 2012 βουλομένου
1111 1942 1332 2007 παντὸς,
1383 1945 1458 2007 ὡς
1505 1945 1773 2012 ἀναγινώ·

195 2047 378 2094 σκεις·
413 2031 474 2084 τὸ
499 2031 556 2084 δὲ
581 2031 922 2099 ἀντεισάγειν
947 2031 1044 2101 τὴν
1062 2031 1255 2084 ἑαυτοῦ
1273 2033 1496 2104 γνώμην
1524 2035 1611 2087 διὰ
1641 2052 1776 2104 μαρ-

194 2120 392 2190 τυρίας
421 2121 518 2188 τῆς
547 2119 903 2172 θεοπνεύστου
917 2120 1158 2189 Γραφῆς,
1191 2120 1380 2190 ἀνδρὸς
1407 2121 1573 2184 ὄντως
1590 2123 1775 2190 ὑγιοῦς

198 2213 294 2265 καὶ
320 2210 449 2264 νοῦν
487 2212 724 2281 ἔχοντος.
773 2212 916 2282 Πρὸς
948 2211 1086 2264 δὲτὸ
1121 2212 1194 2281 μὴ
1217 2213 1296 2274 εἰς
1329 2213 1597 2282 ἀμετρίαν
1623 2218 1777 2282 ἐνεγ-

197 2307 314 2357 κεῖν
332 2303 432 2375 τὴν
462 2303 776 2375 ἐπιστολὴν,
808 2303 1040 2357 ἐνταῦθα
1087 2307 1551 2375 κατεπαυσάμεθα
1576 2310 1665 2362 τὸν
1692 2309 1779 2362 λό-

198 2414 294 2462 γον
314 2413 330 2429 ·
365 2396 703 2467 παραθέντες
722 2398 814 2450 καὶ
836 2397 1059 2467 χρήσεις
1086 2395 1176 2448 τοῦ
1198 2397 1434 2464 μεγάλου
1469 2399 1766 2462 Βασιλείου,

1875 1943 2124 2013 epistola,
2158 1943 2320 1995 tinem
2345 1941 2433 1994 hic
2477 1939 2726 2002 fecimus,
2756 1940 2981 2007 adjectis
3025 1952 3240 2007 quoque
3273 1939 3450 2006 magni

1877 2034 2056 2088 Basilii
2113 2033 2398 2087 sententiis
2426 2033 2491 2086 ad
2551 2032 2850 2101 pleniorem
2903 2029 3448 2083 demonstrationem.

1879 2125 2072 2179 Salvus
2101 2126 2175 2180 sis
2201 2141 2324 2180 cum
2371 2132 2479 2178 tota
2533 2123 2731 2178 familia
2759 2165 2772 2188 ,
2815 2122 3036 2176 domine
3079 2121 3448 2185 dilectissime,

1879 2217 2151 2286 utrimque
2185 2217 2324 2270 bene
2349 2215 2536 2269 valens
2576 2213 2683 2267 Nos
2711 2213 2854 2267 enim
2891 2212 3172 2268 cbaritatis
3220 2220 3324 2268 tua:
3352 2211 3450 2266 b0-

1879 2325 2011 2362 num
2043 2318 2098 2363 et
2125 2309 2426 2364 scribentes
2477 2316 2534 2362 et
2571 2322 2680 2360 non
2722 2305 3022 2360 scribentes
3062 2305 3311 2374 cupimus
3361 2317 3450 2357 re-

1879 2403 1914 2456 ti
1923 2417 2070 2456 nere.

199 2491 279 2554 εἰς
331 2492 722 2560 ἐντελεστέραν
775 2492 1079 2558 ἀπόδειξινο
1129 2492 1458 2564 φυλαχθείης
1509 2489 1603 2547 οὖν
1665 2498 1798 2565 ἡμῖν
1854 2497 2165 2560 πανέστιος,
2201 2498 2230 2550 ό
2268 2495 2626 2566 ἡγαπημένος
2671 2493 2829 2564 ἡμῶν
2876 2492 3163 2560 δεσπότης,
3213 2491 3452 2546 εύεκτῶν

200 2587 596 2655 ἀμφοτέρωθεν
618 2601 633 2616 °
661 2588 819 2656 ἡμεῖς
849 2587 957 2654 γάο
985 2588 1045 2640 τὸ
1076 2589 1177 2655 τῆς
1208 2590 1432 2659 ἀγάπης
1461 2607 1554 2642 σου
1590 2591 1774 2658 καλὸν,
1813 2592 1908 2645 καὶ
1937 2593 2261 2662 γράφοντες,
2295 2592 2390 2644 καὶ
2432 2590 2508 2659 μὴ
2531 2587 2857 2659 γράφοντες,
2889 2585 3185 2656 γλιχόμεθα
3215 2585 3381 2653 ἔχειν.

218 2678 309 2734 Ἐκ
328 2679 439 2734 τοῦ
453 2680 732 2735 εἰκοστοῦ
753 2681 942 2804 λόγέυ
969 2681 1090 2805 cf);
1103 2683 1473 2751 Ἀσκητικῶν
1489 2685 1595 2739 τοῦ
1612 2686 1785 2756 ἁγίου

891 2769 992 2805 ασι
1037 2770 1065 2805 ε
1093 2770 1186 2805 ου.

891 2769 1186 2807 ασιλειου.

273 2839 402 2892 Ὀτι
447 2839 528 2892 δεῖ
579 2838 674 2893 τὸν
714 2841 1034 2910 προεστῶτα
1086 2844 1598 2913 ὑπομιμνήσκεσθαι
1637 2847 1786 2916 παρὰ

203 2929 311 2983 τῶν
363 2930 708 3001 προεχόντων
752 2934 810 2986 ὲν
858 2934 924 3003 τῇ
973 2932 1313 3003 ἀδελφότητι,
1360 2936 1427 2990 ἀν
1473 2952 1602 2990 ποτε
1652 2939 1786 2991 ἀπο-

206 3020 407 3093 σφαλῇ.

517 3113 620 3167 Ἐκ
650 3113 756 3167 τοῦ
791 3115 1143 3183 τριακοστοῦ
1172 3117 1476 3186 τετάρτου.

273 3203 381 3258 Τὸν
427 3204 503 3274 μὴ
551 3205 980 3276 καταδεχόμενον
1011 3210 1080 3261 τὰ
1112 3210 1262 3280 παρά
1303 3209 1398 3263 τοῦ
1438 3211 1781 3281 προεστῶτος

207 3294 553 3365 ὲγκριθέντα,
585 3296 690 3366 χρὴ
708 3297 766 3350 ὲν
809 3297 888 3364 τῷ
938 3300 1177 3369 φανερῷ,
1220 3301 1253 3372 ἢ
1300 3301 1426 3372 ἰδίᾳ,
1457 3301 1606 3372 αὐτῷ
1635 3304 1783 3355 ἀντι-

207 3387 408 3454 λέγειν,
445 3388 500 3440 εῐ
535 3403 658 3440 τινα
705 3388 818 3458 ἔχοι
848 3389 1003 3456 λόγον
1036 3391 1254 3462 ἰσχυρὸν
1283 3391 1422 3445 κατά
1446 3392 1508 3445 τὸ
1538 3392 1784 3463 βούλημα

207 3475 317 3529 τῶν
376 3477 637 3558 Γραφῶν,
693 3475 726 3545 ἧ
780 3479 1138 3549 σιωπήσαντα
1193 3480 1255 3532 τὸ
1307 3483 1784 3552 προστεταγμένον

210 3571 414 3622 ποιεῖν’
451 3569 499 3621 εἰ
525 3568 582 3621 δὲ
612 3567 771 3631 αὐτὸς
802 3570 1138 3640 αἰσχύνεται,
1164 3571 1346 3636 ἄλλοις
1378 3575 1490 3627 τισὶ
1534 3575 1785 3646 μεσῖταις

209 3658 344 3730 πρὸς
366 3659 529 3714 τοῦτο
559 3659 876 3731 χρησάσθω.

223 3836 323 3891 Ἐκ
349 3835 472 3892 τῶν
506 3836 754 3894 Ἠθικῶν
785 3838 894 3961 τοὲΰ
921 3839 1107 3961 αὺέσῦ
1129 3839 1314 3909 λόγου
1343 3837 1788 3910 ἐϐδομηκοστοῦ

886 3926 988 3961 ευτ
1024 3926 1156 3961 οου.

886 3926 1156 3977 ευτερου.

283 4003 409 4055 Ὀτι
450 4003 558 4073 χρὴ
589 4003 697 4056 τῶν
720 4003 1006 4073 ἀκροατῶν
1039 4003 1164 4065 τοὺς
1197 4001 1667 4072 πεπαιδευμένους
1691 4002 1790 4064 τὰς

1941 2689 2021 2744 Ea:
2051 2705 2290 2743 sermone
2321 2687 2564 2741 vicesimo
2599 2685 2952 2738 Asceticorum
2990 2682 3159 2736 sancti
3190 2680 3398 2734 Basilii.

1951 2846 2106 2912 Quod
2139 2845 2253 2914 ipse
2285 2857 2504 2914 quoque
2550 2839 2831 2896 admoneri
2863 2837 3093 2892 antistes
3133 2835 3315 2900 debet,
3355 2849 3454 2903 per

1881 2954 1974 2994 eos
2001 2938 2096 3009 qui
2127 2937 2269 2992 inter
2296 2937 2490 2990 fratres
2512 2933 2780 2996 eminent,
2814 2930 2857 2984 si
2882 2929 3101 3000 quando
3134 2928 3349 2981 labatur
3381 2925 3449 2977 ".

2263 3110 2347 3165 Ea:
2368 3128 2522 3164 serm.
2564 3109 2824 3162 tricesimo
2851 3116 3063 3177 quarto.

1953 3206 2087 3260 Eum
2112 3205 2202 3276 qui
2232 3205 2367 3259 nolit
2392 3204 2676 3257 admittere
2709 3216 2828 3270 qua:
2867 3199 3096 3255 antistes
3127 3195 3453 3262 decreverit,

1882 3307 2100 3370 Oportet
2129 3297 2458 3367 respondere
2491 3295 2593 3364 ipsi
2637 3294 2810 3363 palam
2855 3300 2949 3346 aut
2993 3289 3245 3361 privatim
3288 3303 3458 3356 expo-

1886 3407 2039 3455 nere,
2070 3390 2114 3445 si
2159 3405 2318 3459 quam
2366 3388 2619 3442 habuerit
2665 3384 2898 3439 validam
2951 3382 3220 3436 rationem
3277 3378 3452 3434 sacris

1884 3483 2104 3539 Litteris
2134 3489 2556 3537 consentaneam
2595 3498 2607 3532 :
2641 3485 2735 3532 aut
2768 3487 2916 3532 certe
2944 3473 3086 3545 quod
3129 3473 3458 3542 imperatum

1886 3587 1988 3645 est,
2031 3577 2246 3632 silentio
2279 3576 2522 3645 exsequi.
2583 3572 2738 3638 Quod
2790 3571 2835 3625 si
2864 3569 3071 3641 pudore
3106 3566 3460 3638 prohibeatur

1888 3673 1991 3727 hoc
2025 3670 2224 3734 facere,
2257 3667 2378 3723 allis
2419 3665 2770 3736 quibuspiam
2808 3661 3161 3716 internuntiis
3223 3659 3291 3713 ad
3339 3671 3459 3712 eam

1886 3779 2003 3818 rem
2031 3769 2216 3816 utatur
2243 3761 2309 3812 ¹¹.

1889 3858 1972 3912 Ex
1996 3852 2279 3908 Moralium
2304 3851 2535 3920 ejusdem
2561 3861 2796 3901 sermone
2816 3843 3196 3914 septuagesimo
3213 3846 3458 3894 secundo.

1961 4011 2115 4077 Quod
2151 4009 2352 4064 debent
2378 4005 2654 4060 auditores
2701 4002 2793 4073 qui
2826 4016 3100 4057 sacrarum
3133 3999 3463 4054 Litterarum

213 4092 434 4164 Γραφάς
480 4094 794 4163 δοκιμάζειν
837 4095 904 4148 τὰ
945 4094 1094 4164 παρά
1123 4094 1232 4148 τῶν
1279 4094 1609 4148 διδασκάλων
1645 4093 1780 4163 λεγό-

1892 4103 2051 4175 periti
2084 4107 2232 4166 sunt,
2285 4097 2529 4153 adhibito
2570 4094 2799 4166 judicio,
2833 4109 2898 4149 ea
2930 4093 3237 4147 auscultare
3287 4105 3408 4160 qua
3434 4103 3464 4142 a

259 4203 373 4240 ενα.

259 4203 373 4240 ενα.

217 4203 256 4255 μ
285 4279 407 4332 Ὅτι
432 4278 517 4332 δεῖ
546 4279 633 4332 τὸν
669 4278 986 4350 προεστῶτα
1013 4278 1106 4331 τοῦ
1139 4279 1320 4346 λόγου,
1359 4278 1496 4346 μετά
1526 4276 1789 4348 περισκέ-

215 4367 356 4436 ψεως
382 4370 477 4422 καὶ
502 4369 826 4440 δοκιμασίας
859 4369 1082 4438 πολλῆς,
1118 4368 1260 4422 κατὰ
1291 4368 1491 4422 σκοπὸν
1512 4367 1611 4437 τῆς
1647 4367 1788 4437 πρὸς

1893 4192 2204 4249 doctoribus
2225 4190 2479 4244 dicuntur
2502 4188 2568 4242 “.

1965 4285 2120 4351 Quod
2167 4281 2258 4352 qui
2301 4280 2367 4334 ad
2410 4279 2715 4335 docendum
2760 4285 2845 4332 est
2872 4274 3215 4346 praepositus,
3269 4287 3466 4343 magna

1897 4373 2381 4444 circumspectione
2416 4387 2479 4426 ac
2521 4369 2750 4441 judicio,
2797 4369 2864 4423 ad
2902 4384 3028 4422 eum
3064 4367 3223 4420 linem
3258 4375 3317 4420 ut
3356 4367 3471 4436 pla—

217 4459 343 4513 Θεὸν
377 4461 811 4530 εύαρεστήσεως,
859 4459 1089 4512 ἕκαστον
1134 4463 1308 4512 ποιεῖν
1351 4476 1409 4512 τε
1451 4458 1543 4511 καὶ
1573 4458 1780 4525 λέγειν·

1893 4480 2012 4525 ceat
2043 4467 2170 4530 Deo,
2199 4480 2356 4538 agere
2384 4465 2595 4535 singula
2637 4462 2802 4518 debet
2851 4476 2915 4516 ac
2955 4460 3123 4530 loqui,
3162 4468 3219 4513 ut
3250 4459 3338 4528 qui
3372 4475 3467 4511 eo-

218 4551 289 4614 ὠς
314 4552 605 4622 ὀφείλοντα
645 4552 738 4604 καὶ
764 4552 854 4604 ὑπ’
881 4550 1058 4604 αὐτῶν
1089 4551 1196 4604 τῶν
1226 4550 1666 4604 πεπιστευκότων
1690 4547 1787 4601 αύ-

215 4643 290 4715 τῷ
316 4644 731 4717 δοκιμάζεσθαι.

428 4762 518 4827 ς’.
561 4791 629 4802 -
670 4763 995 4829 Θεοκτίστῃ
1023 4759 1097 4830 τῇ
1117 4757 1332 4814 ἑαυτοῦ
1362 4757 1542 4827 μητρί

1895 4577 2016 4617 rum
2051 4561 2215 4614 etiam
2267 4558 2476 4627 judicio
2523 4555 2616 4626 qui
2665 4570 2808 4609 cura:
2846 4553 3018 4624 ipsius
3064 4551 3258 4608 crediti
3310 4556 3465 4614 sunt,

1896 4651 2210 4722 probandus
2233 4648 2303 4703 sit
2324 4648 2389 4702 ”.

2248 4739 2338 4795 Vl.
2371 4771 2440 4782 —-
2461 4738 2765 4793 Tlieoctistre
2795 4737 2956 4791 matri
2982 4750 3114 4789 suae.

364 4871 565 4921 Doloris
593 4875 646 4920 et
666 4873 846 4921 amoris
864 4876 1024 4921 testes
1045 4883 1102 4920 ac
1127 4867 1327 4933 pietatis
1346 4868 1520 4931 plenas
1539 4865 1737 4915 litteras
1775 4860 1932 4911 mittit
1955 4857 2117 4916 matri,
2141 4866 2251 4904 cum
2292 4865 2400 4902 eam
2437 4847 2725 4914 gravissime
2747 4852 2991 4910 aegrotare
3022 4845 3312 4907 accepisset.

285 4976 350 5031 El
382 4974 496 5032 οἶόν
522 4995 584 5031 τε
628 4973 695 5047 ἦν
723 4978 930 5048 δάκρυα
964 4979 1021 5030 ὲν
1057 4977 1382 5048 γράμμασιν
1409 4971 1788 5043 ἀποκομίζειν,

221 5070 504 5144 ἐμπλήσας
551 5070 756 5141 ταύτην
799 5088 899 5139 μου
938 5070 1004 5123 ἂν
1028 5069 1127 5139 τὴν
1167 5067 1475 5138 επιστολὴν,
1513 5067 1672 5137 τιμία
1698 5064 1792 5118 καὶ

221 5162 441 5230 γλυκεῖα
489 5163 587 5215 καὶ
628 5160 924 5230 θεοπόθητέ
961 5179 1061 5231 μου
1097 5163 1294 5230 μῆτερ,
1332 5157 1791 5229 παρεπεμψάμην

224 5267 302 5304 σοι
327 5254 386 5305 ὲν
409 5252 634 5314 ταύταις
658 5254 779 5315 ταῖς
811 5251 1066 5322 ἡμέραις.
1100 5251 1190 5320 Τῷ
1231 5251 1343 5304 ὖντι
1369 5250 1480 5320 γὰρ
1539 5250 1641 5301 οὐκ
1701 5249 1794 5301 ἀν·

223 5341 392 5404 εκτῶς
417 5343 571 5412 φέρω
603 5342 672 5395 τὰ
699 5343 825 5414 περὶ
856 5341 949 5395 σοῦ
989 5341 1227 5407 ἀκούειν,
1286 5341 1348 5394 ού
1375 5341 1520 5408 λέγω
1545 5339 1795 5408 ἐντάφια,

225 5428 358 5484 ἀλλά
379 5434 475 5486 καὶ
498 5437 785 5503 νοσήματα
825 5433 1216 5505 ἐπιθανάσιμα.
1256 5432 1367 5486 Καὶ
1399 5432 1487 5485 ἴνα
1514 5432 1565 5484 τί
1594 5430 1790 5497 οὕτως,

232 5521 400 5594 μῆτέρ
425 5542 549 5594 μου,
577 5525 722 5578 εῖλου
765 5527 909 5596 ἡμᾶς
938 5527 1118 5591 ἐᾶσαι,
1147 5525 1481 5596 ἀγαπήσασα
1528 5525 1619 5577 τὸν
1666 5522 1795 5592 μέλ-

213 5597 382 5666 λοντα
430 5615 640 5683 ultima;
681 5616 983 5688 ἐκδημῆσαι
1025 5618 1117 5686 ἀφ’
1149 5615 1327 5687 ἡμῶν,
1358 5615 1449 5667 καὶ
1493 5613 1792 5683 ἐνδημῆσαι

1962 4962 2019 5018 Si
2053 4960 2168 5015 ﬁeri
2206 4965 2391 5029 posset
2417 4965 2476 5010 ut
2506 4956 2559 5008 in
2602 4953 2798 5008 lltteris
2831 4954 3079 5023 lacrymae
3101 4951 3463 5019 deferrentur,

1895 5054 1983 5108 his
2009 5051 2222 5122 plenam
2252 5047 2394 5100 hanc
2437 5045 2722 5115 epistolam
2758 5057 2958 5107 meam,
2993 5040 3219 5095 colenda
3262 5049 3318 5096 et
3346 5041 3469 5096 dul-

1896 5146 1975 5200 cis
2014 5145 2232 5212 Deoque
2269 5147 2491 5206 accepta
2535 5144 2732 5198 mater,
2782 5134 2868 5188 bis
2913 5133 3106 5188 diebus
3150 5131 3217 5186 ad
3257 5139 3309 5186 te
3359 5134 3468 5188 mi-

1897 5235 2110 5290 sissem.
2148 5229 2357 5284 Revera
2387 5227 2533 5282 enim
2557 5223 3032 5294 impatientissime
3068 5222 3207 5292 fero,
3239 5238 3361 5278 cum
3398 5225 3467 5280 de

1899 5327 2066 5381 rebus
2106 5323 2214 5379 tuis
2252 5320 2433 5385 audio,
2461 5334 2572 5374 non
2623 5317 2750 5372 dico
2798 5316 3065 5380 funebria,
3095 5316 3190 5372 sed
3245 5318 3470 5373 morbos

1900 5421 2066 5475 etiam
2097 5415 2347 5471 lethales.
2381 5413 2458 5467 Ac
2498 5425 2760 5482 quorsum
2805 5409 2878 5462 ita
2906 5423 3028 5472 nos,
3061 5417 3256 5473 mater,
3302 5408 3470 5462 relin-

1901 5528 2071 5584 quere
2094 5511 2253 5566 libuit
2287 5507 2459 5564 futuri
2490 5506 2672 5561 saeculi
2704 5503 3018 5558 desiderio?
3054 5519 3084 5559 a
3112 5503 3273 5559 nobis
3294 5502 3467 5567 abire,

1900 5616 1955 5662 et
1976 5606 2043 5660 ad
2083 5603 2377 5658 Dominum
2432 5598 2747 5671 proﬁcisci?
2778 5597 2885 5651 Sed
2933 5606 2991 5651 tu
3020 5597 3303 5663 nimirum,
3350 5611 3472 5664 qua:

299 5727 340 5758 "
368 5724 389 5778 1
413 5726 554 5801 CorL
578 5744 640 5797 Ii,
673 5730 722 5784 1.
797 5729 842 5761 ²⁰
866 5728 1047 5801 Regul.
1075 5729 1176 5800 fus.
1203 5726 1424 5796 disput.,
1457 5723 1767 5793 interrogat.
1799 5722 1890 5777 27.
1965 5722 2005 5754 ²¹
2040 5720 2359 5790 lnterrogat.
2393 5718 2480 5774 47.
2558 5718 2601 5749 ¹¹
2637 5712 2835 5786 Regula
2859 5714 2949 5782 72,
2985 5729 3106 5784 cap.
3137 5714 3190 5768 i.
3265 5715 3312 5746 "
3334 5713 3468 5784 Reg.

232 5793 316 5860 70,
340 5812 460 5868 cap.
486 5799 575 5853 37.
