4008 6318
565 305 666 367 997

1747 310 1806 370 S.
1847 312 2238 372 THEODORI
2287 312 2429 371 STU
2443 311 2636 370 DIT/E

3725 301 3833 366 928

565 415 635 468 ibi
668 423 796 468 sunt
823 414 1127 480 adamaras,
1163 423 1482 486 mutatoque
1506 419 1766 487 majorem
1800 422 1869 476 ob
1894 423 2140 476 eﬂ‘ectum

2256 421 2392 492 πρὸς
2434 421 2666 491 Κύριον;
2707 417 2870 470 Ἀλλά
2901 418 2967 470 τὰ
2998 417 3114 469 ἐκεῖ
3149 415 3362 478 πάντως
3385 414 3703 483 ἠγαπήκεις
3725 431 3740 446 ·
3773 416 3834 466 ἐκ

562 508 859 577 proposito,
896 509 962 562 ad
1006 509 1279 579 egregiam
1313 519 1666 579 sanctamque
1698 528 1940 568 sororem
1965 532 2141 570 meam

565 600 854 668 pervenire
893 600 1186 670 gestiebas,
1221 610 1275 655 et
1298 602 1363 654 ad
1400 602 1612 655 dulcem
1639 604 1921 658 dominum
1956 622 2140 662 meum

565 690 937 760 Euthymium,
970 700 1064 744 aut
1087 692 1152 745 ad
1199 692 1376 761 ipsum
1424 694 1604 760 potius
1653 707 1967 750 sanctorum
2011 698 2143 752 cho-

563 797 702 834 rum.
740 779 804 834 Et
846 798 954 851 quo
1006 793 1186 851 pacto,
1230 792 1420 846 mater,
1471 785 1586 838 sine
1633 786 1881 856 lacrymis
1923 804 2140 860 pergam

561 871 847 938 epistolam
899 873 1239 927 contexere?
1276 873 1417 943 Ergo
1463 873 1514 926 id
1561 875 1828 943 reliquum
1870 878 1972 930 fuit
2012 879 2142 933 infe-

564 963 649 1018 lici
693 965 814 1018 vita:
861 981 1013 1026 mem,
1049 973 1356 1018 utmortem
1383 982 1603 1036 quoque
1664 977 1813 1021 tuam
1876 971 2140 1024 audiam?

566 1064 624 1107 ut
647 1055 931 1123 lugubrem
961 1056 1058 1108 tibi
1103 1065 1324 1109 eantqu
1376 1056 1732 1125 impendam?
1770 1069 1827 1113 ut
1871 1063 2138 1116 tumulum

564 1156 716 1199 illiilli
765 1161 1017 1207 cernens,
1061 1146 1244 1216 elegos
1299 1147 1636 1200 inscribam?
1690 1159 1745 1202 ut
1797 1159 1854 1203 tu
1912 1167 2141 1221 corpore

563 1235 780 1302 quidem
811 1234 910 1288 sub
935 1242 1078 1287 terra
1107 1234 1394 1302 deponaris
1426 1253 1439 1287 :
1473 1236 1668 1305 spiritu
1700 1238 1868 1302 enim,
1901 1251 1981 1294 sat
2004 1243 2137 1307 scio,

567 1330 617 1380 in
665 1327 806 1398 coelo
848 1327 1156 1381 habitabis:
1205 1343 1304 1398 ego
1359 1344 1491 1382 vero
1544 1331 1599 1382 in
1657 1340 1801 1385 terra
1865 1349 2136 1400 maneam,

568 1418 778 1470 tristem
811 1418 992 1471 adhuc
1021 1426 1076 1471 et
1116 1418 1353 1487 peccatis
1380 1419 1612 1473 obsitam
1655 1420 1820 1475 vitam
1863 1426 2087 1480 trahens
2118 1428 2140 1480 ?

564 1511 846 1574 Quomodo
884 1511 997 1563 hrec
1037 1510 1301 1563 ferenda?
1332 1511 1463 1563 mihi
1511 1527 1641 1565 vero
1692 1530 1801 1567 non
1857 1518 2134 1573 eveniant.

566 1602 821 1654 Altamen
861 1601 1227 1669 permittenda
1274 1611 1402 1654 sunt
1433 1604 1616 1656 omnia
1661 1606 1890 1659 consilio
1941 1609 2139 1662 volun-

568 1692 770 1758 talique
810 1690 1000 1759 optimi
1033 1689 1125 1743 Dei
1171 1694 1361 1745 nostri.
1394 1693 1724 1748 Novitenim
1761 1697 1888 1765 quid
1934 1701 2136 1755 condu-

2247 514 2491 574 πλείονος
2541 511 2706 564 πόθου
2737 514 2804 580 τῇ
2834 511 3070 563 διαθέσει
3121 508 3497 578 μετατεθεῖσα,
3527 506 3628 577 τὴν
3660 508 3829 575 καλὴκ

2245 603 2340 654 καὶ
2381 604 2543 670 ἁγίαν
2575 619 2677 672 μου
2711 600 2947 669 ἀδελφὴν
2978 599 3053 662 ὠς
3099 598 3300 669 μᾶλλον
3345 597 3708 666 ἐπεθύμησας
3741 615 3837 648 και

2242 696 2519 758 ταλαὸεἰν,
2557 696 2652 748 καὶ
2678 693 2768 747 τὸν
2796 691 3003 761 γλυκύν
3039 708 3141 760 μου
3165 688 3327 759 κῦριν
3354 686 3655 757 Εὑθύμιον,
3695 689 3835 757 μᾶλ-

2242 790 2331 842 λον
2360 789 2416 841 δὲ
2449 788 2537 842 τὸν
2580 787 2690 840 τῶν
2744 788 2915 855 ἁγίων
2965 785 3145 856 χορόν.
3203 784 3332 847 Καὶ,
3366 777 3411 836 ὧ
3465 783 3668 852 μῆτερ,
3717 783 3833 846 πῶς

2243 882 2508 953 ἀδακρυτὶ
2548 879 2961 952 παρελεύσομαι
2985 877 3086 947 τὴν
3118 875 3411 945 ἐπιστολὴν
3444 873 3831 944 διερχόμενοςς

2243 971 2350 1044 ἆρα
2388 973 2677 1026 ἀπόκειται
2706 971 2865 1024 τοῦτο
2897 973 2964 1040 τῇ
3009 968 3253 1038 δυστήνῳ
3300 983 3402 1037 μου
3438 964 3574 1033 ζωῇ,
3611 964 3702 1016 ἵνα
3743 963 3839 1016 καὶ

2240 1065 2333 1117 τὸν
2384 1065 2474 1117 σὸν
2501 1065 2728 1118 θάνατον
2747 1059 2992 1127 ἀκούσω;
3020 1061 3107 1114 ἵνα
3129 1057 3376 1128 ἐπιψάλω
3407 1055 3528 1128 [ma
3561 1054 3691 1125 Reg.
3719 1057 3839 1106 ὲπι-

2239 1156 2448 1228 ψάλλω]
2487 1173 2566 1209 σοι
2599 1155 2919 1228 θρηνψδῶςς
2949 1153 3036 1206 ἵνα
3053 1151 3194 1222 ὁρῶν
3242 1167 3335 1204 σου
3381 1150 3471 1202 τὸν
3490 1149 3685 1216 τάφον,
3723 1151 3840 1200 ἑπι-

2241 1247 2435 1317 γράψω
2456 1247 2701 1314 thyi-ia;
2732 1245 2938 1299 ἴναὺπδ
2958 1247 3063 1314 γῆν
3088 1243 3226 1312 αὑτὴ
3256 1241 3470 1311 σώματι
3501 1240 3598 1309 μὲν
3633 1238 3801 1308 τεθῇς
3821 1256 3835 1270 ·

2240 1337 2511 1407 πνεύματι
2555 1339 2666 1408 γὰρ
2704 1331 2800 1389 οἶδ’
2831 1338 2915 1391 ὅτι
2955 1337 3013 1387 ὲν
3061 1334 3312 1404 οὐρανοῖς
3344 1330 3689 1401 αὑλιιιθήσιῃ⁸
3723 1330 3839 1400 ἐγὼ

2240 1427 2297 1481 δὲ
2328 1427 2468 1498 ὑπὲρ
2506 1427 2611 1496 γῆν
2666 1421 2730 1486 ὦ.
2759 1426 2932 1480 ἕλκων
2976 1424 3055 1478 ἔτι
3113 1425 3205 1478 τδν
3235 1421 3495 1492 ὀδυνηρὸν
3539 1422 3633 1475 καὶ
3670 1422 3838 1474 πολυ-

2239 1520 2554 1589 αμάρτητόν
2578 1536 2679 1588 μου
2709 1518 2852 1588 βίον;
2883 1517 2992 1569 Καὶ
3022 1515 3138 1578 πῶς
3163 1513 3333 1568 ταῦτα
3352 1516 3583 1578 ἀνεκτά;
3627 1515 3705 1583 μή
3743 1531 3834 1583 μοι

2239 1611 2448 1675 γένοιτο
2467 1625 2482 1638 ·
2513 1610 2655 1680 πλὴν
2680 1607 3108 1680 παραχωρητέον
3138 1606 3313 1659 πάντα
3336 1605 3393 1656 ὲν
3418 1607 3482 1675 τῇ
3535 1605 3698 1675 βουλῇ
3736 1605 3833 1657 καὶ

2240 1701 2455 1772 θελήσει
2480 1701 2575 1754 τοῦ
2607 1701 2952 1773 ὐπεραγάοου
2968 1700 3103 1754 Θεοῦ
3138 1698 3440 1770 ήμῶν.1(αὶ
3467 1698 3578 1767 γάρ
3619 1695 3767 1749 οἶδεν
3803 1701 3832 1751 ὅ

565 1797 653 1839 cat
690 1786 978 1854 unicuique
1028 1795 1314 1840 nostrum:
1347 1787 1474 1854 quid
1519 1803 1658 1856 Opus
1698 1790 1789 1856 sit,
1847 1791 2137 1864 intelligit;

2244 1806 2294 1842 τι
2324 1792 2590 1860 συμφέρει
2617 1792 2831 1860 ἑκάστῳ
2853 1790 3028 1860 ήμῦν·
3049 1791 3340 1844 ἐπίσταται
3357 1787 3424 1840 τὸ
3447 1787 3595 1840 δέον·
3625 1803 3829 1857 συναρ-

560 1878 703 1947 quod
730 1893 1029 1948 congruum
1079 1888 1183 1940 est,
1235 1877 1496 1947 adaptat;
1545 1879 1779 1934 ﬁliorum
1824 1899 2013 1938 amans
2058 1894 2142 1939 est

565 1971 740 2036 l'ater,
771 1981 914 2024 recte
933 1971 1113 2024 omnia
1141 1970 1404 2040 disponit,
1441 1974 1596 2038 scite,
1620 1975 1891 2038 consulte,
1925 1976 2142 2044 sapien-

562 2074 664 2126 ter,
712 2063 934 2132 pulchre
961 2080 1208 2131 prorsus,
1261 2065 1651 2121 indesinenter.
1692 2066 1777 2132 Et,
1813 2070 2140 2138 osapientia

561 2164 615 2210 et
641 2157 864 2210 altitudo
898 2157 1228 2222 judiciorum
1279 2160 1434 2227 ejus!
1468 2160 1594 2229 quia
1647 2161 2030 2217 inscrutabiles
2085 2172 2139 2218 et

562 2247 965 2319 investigabiles
1012 2249 1112 2302 vim
1164 2249 1301 2316 ejus.
1340 2249 1527 2304 Priore
1581 2252 1799 2320 quidem
1840 2255 1958 2308 loco
1982 2270 2138 2310 soro-

563 2355 675 2393 rem
718 2341 1051 2409 assumpsit:
1087 2342 1384 2411 assumpsit
1426 2351 1613 2412 postea
1644 2352 1698 2398 et
1744 2344 1965 2400 fratrem
1993 2367 2006 2413 ;
2034 2357 2142 2402 ter-

564 2436 696 2486 tium
732 2433 945 2502 quierit.
980 2434 1113 2498 Quis
1141 2434 1231 2489 ille
1259 2435 1476 2489 tandem
1510 2434 1730 2490 futurus
1763 2438 1887 2491 est?
1918 2439 1974 2493 Si
2017 2439 2140 2509 qui-

559 2525 682 2577 dem
715 2525 852 2594 ipsa,
883 2541 1072 2596 magna
1103 2527 1217 2580 laus
1243 2535 1347 2581 est.
1390 2527 1540 2583 Trini
1592 2529 1736 2582 enim
1769 2531 1980 2585 numeri
2012 2548 2141 2602 par-

564 2620 696 2672 tium
730 2620 950 2689 praemio
979 2621 1401 2690 appropinquas,
1437 2623 1545 2676 vita
1599 2624 1699 2678 rite
1736 2636 1973 2693 peracta,
2020 2643 2142 2696 quae

562 2712 747 2765 omnia
796 2712 1083 2781 reliquisti,
1133 2715 1314 2768 omnia
1349 2713 1458 2767 Deo
1491 2714 1708 2780 dedisti,
1749 2723 1930 2784 caput,
1968 2732 2141 2770 mem-

565 2805 680 2870 bra,
715 2806 942 2872 teipsam
973 2823 986 2858 :
1022 2822 1142 2874 qua:
1173 2807 1544 2860 venerandum
1580 2823 1779 2876 corpus
1815 2818 1965 2862 tuum
1991 2825 2142 2863 exer-

563 2897 914 2950 citationibus
960 2898 1259 2952 alti-ivisti:
1303 2899 1466 2952 vitam
1523 2900 1705 2953 multis
1754 2900 1809 2953 in
1864 2900 2143 2957 laboribus

563 2987 785 3058 exegisti
824 3005 837 3052 ;
878 2989 958 3042 vel
1013 2999 1218 3043 arctam
1256 2991 1436 3058 potius
1495 3001 1550 3044 et
1601 3001 1886 3061 angustam
1929 2991 2142 3046 Domini

2244 1883 2397 1951 μόζει
2439 1882 2500 1935 τὸ
2548 1882 2791 1953 πρέπονο
2823 1883 3175 1954 φιλόστοργὸς
3219 1884 3340 1936 ἐστι
3395 1881 3615 1949 Πατήρ·
3643 1879 3829 1942 καλῶς

2239 1973 2541 2044 διατίθησιν
2588 1974 2804 2028 ἅπαντα
2822 2015 2836 2039 ,
2864 1975 3156 2044 εὐστόχως,
3187 1972 3478 2036 εὐϐούλως,
3507 1971 3827 2040 πανσόφως,

2241 2065 2559 2133 παγκάλως,
2609 2066 3048 2130 ἀκαταλείπτως.
3091 2067 3220 2130 Καὶ,
3270 2064 3317 2119 ὣ
3342 2064 3444 2132 τῆς
3484 2064 3680 2132 σοφίας
3720 2062 3816 2115 τοῦ

2248 2156 2450 2226 βάθους
2471 2153 2580 2208 τῶν
2611 2156 2899 2227 χριμάτων
2929 2155 3097 2209 αὐτοῦ
3122 2171 3138 2186 ⁸
3170 2157 3252 2209 ὅτι
3286 2155 3700 2224 ἀνεξερεύνητοι
3732 2153 3827 2207 καὶ

2241 2250 2638 2319 ἀνεξιχνίαστοι
2669 2250 2726 2302 αί
2753 2250 2863 2303 ὁδοὶ
2890 2248 3078 2303 αὑτοῦ.
3110 2248 3421 2321 ῐΙροσιλαδε
3451 2247 3581 2317 γοῦν
3607 2247 3669 2300 τὸ
3692 2246 3823 2316 πρό·

2241 2362 2396 2416 τερον
2431 2344 2527 2411 τὴν
2558 2343 2790 2415 ἀδελφὴν
2811 2385 2826 2409 ,
2858 2342 3242 2415 προσελήψατο
3269 2343 3519 2413 δεύτερον
3546 2341 3639 2394 τὸν
3667 2339 3824 2393 ἀδελ-

2243 2436 2364 2503 φόνο
2392 2435 2546 2503 ζητεῖ
2574 2435 2664 2487 τὸν
2692 2434 2893 2502 τρίτον.
2926 2433 3022 2497 Τίς
3055 2434 3142 2504 εἴη
3190 2427 3383 2497 οὖτοςς
3431 2430 3494 2483 Εί
3527 2429 3627 2499 μὲν
3659 2427 3819 2498 αὐτὴν

2245 2528 2389 2596 μέγα
2429 2524 2491 2577 τό
2535 2524 2831 2595 ἐγκώμιον.
2883 2524 3180 2596 Τριαδικῆς
3207 2525 3313 2593 γὰρ
3344 2522 3561 2593 μερίδος
3590 2519 3822 2573 ἔπαθλον

2240 2618 2497 2680 διανύεις,
2526 2617 2706 2680 καλῶς
2744 2617 3084 2688 διαμείψασα
3126 2616 3215 2670 τὸν
3263 2615 3399 2684 βίον,
3425 2613 3609 2666 πάντα
3631 2612 3820 2665 ἀπολι-

2244 2709 2443 2773 ποῦσα,
2486 2709 2668 2763 πάντα
2715 2709 2880 2764 δοῦσα
2925 2709 3068 2780 Θεῷ,
3113 2707 3212 2778 τὴν
3244 2705 3508 2774 κεφαλὴν,
3539 2703 3609 2758 τά
3663 2704 3820 2774 μέλη.

2247 2804 2449 2874 σαυτήν
2472 2818 2487 2833 ⁶
2513 2804 2570 2856 ὲν
2597 2803 2831 2874 ἀσκήσει
2872 2799 3258 2870 κατατρίψασα
3284 2799 3345 2852 τὸ
3369 2796 3554 2867 τίμιόν
3586 2814 3682 2850 σου
3714 2795 3821 2849 σῶ-

2253 2912 2348 2966 μα·
2383 2895 2745 2948 πολύθλιπτον
2793 2894 2908 2962 βίον
2945 2891 3342 2958 διεξανύσασα’
3385 2887 3589 2959 μᾶλλον
3631 2887 3692 2941 δὲ
3716 2887 3816 2954 τὴν

2250 2989 2439 3059 στενὴν
2463 2990 2557 3040 καὶ
2590 2985 2961 3056 τεθλιμμένην
2989 2984 3109 3038 ὁδὸν
3137 2981 3232 3036 τοῦ
3276 2981 3482 3052 Κυρίου
3516 2979 3781 3051 βαδίσασα
3803 2994 3816 3008 ·

564 3083 705 3134 viam
736 3097 977 3147 emensa,
1011 3084 1212 3137 exitum
1253 3084 1306 3136 in
1339 3083 1479 3137 bona
1509 3094 1791 3139 senectute
1822 3101 1966 3140 nunc
1997 3101 2140 3154 quaa-

2247 3081 2341 3132 καὶ
2366 3078 2460 3130 νῦν
2488 3080 2546 3130 ὲν
2578 3079 2739 3148 γήρει
2765 3076 2916 3148 καλῴ
2947 3074 3183 3147 ζητοῦσα
3222 3073 3321 3144 τὴν
3371 3073 3654 3128 ἀνάλυσιν.
3679 3073 3814 3126 Ταύ-

564 3175 657 3229 ris.
690 3173 847 3230 Hunc
877 3186 1056 3230 autem
1081 3191 1181 3246 ego
1213 3177 1479 3231 hactenus
1524 3178 1808 3246 deprecor.
1847 3176 2140 3239 Caeterum,

562 3268 806 3322 omnium
837 3269 1122 3338 optimum,
1165 3270 1311 3338 quod
1343 3269 1452 3324 Deo
1478 3269 1767 3338 placuerit.
1811 3267 1946 3334 Quis
1995 3268 2142 3323 enim

563 3361 866 3415 consultius
907 3376 1072 3430 quam
1106 3361 1196 3415 ille
1228 3361 1390 3416 rebus
1454 3361 1658 3415 nostris
1701 3360 2044 3430 prospiciet?
2074 3362 2145 3416 At

565 3464 620 3507 tu
670 3454 837 3518 salve,
889 3464 1082 3517 mater,
1132 3464 1188 3509 et
1236 3452 1446 3516 vivens,
1472 3462 1528 3507 et
1563 3462 1797 3507 mortua.
1831 3453 1948 3506 Non
1992 3453 2142 3508 enim

564 3547 836 3610 morieris,
875 3547 1133 3617 quoniam
1179 3547 1299 3601 viva
1346 3562 1426 3600 es.
1484 3545 1771 3600 Voluntate
1821 3555 2035 3600 mortua
2084 3562 2143 3601 es

565 3640 707 3701 vitm,
743 3640 869 3707 quia
903 3639 1107 3694 bonum
1136 3649 1415 3693 certamen
1459 3638 1677 3692 certasti
1710 3655 1723 3701 ;
1757 3638 1883 3706 quia
1912 3638 2144 3692 terrenis

564 3732 726 3785 rebus
759 3731 943 3784 orbata
971 3746 1049 3797 es,
1086 3742 1139 3784 ul
1170 3730 1472 3784 cmlestium
1506 3729 2098 3808 adires_ha3reditatem
2127 3747 2140 3794 ;

563 3823 690 3892 quia
745 3822 987 3890 martyrii
1036 3822 1340 3876 certamina
1397 3821 1517 3875 sine
1573 3822 1839 3891 sanguine
1915 3821 2144 3891 partici-

563 3913 708 3983 pasti
735 3930 749 3978 ;
782 3915 1022 3968 membra
1063 3922 1153 3967 tua
1182 3912 1384 3967 Christi
1417 3927 1603 3965 amore
1659 3927 1760 3966 nos
1788 3912 2138 3976 abscindens,

564 4022 755 4060 secura
807 4007 1044 4060 discedis
1094 4005 1370 4058 intestata.
1412 4001 1523 4058 Nec
1586 4003 1731 4058 enim
1785 4014 1870 4059 est
1913 4004 1980 4059 de
2031 4019 2138 4072 quo

565 4096 806 4160 testeris,
836 4104 1032 4164 praiter
1067 4104 1272 4149 vestem
1311 4103 1457 4147 tuam
1499 4093 1792 4157 eilicinam,
1829 4095 1964 4150 et'si
1997 4095 2142 4164 quod

564 4186 712 4241 aliud
744 4197 830 4242 est
859 4187 1040 4257 inopis
1073 4186 1201 4240 vita:
1250 4185 1699 4239 instrumentum.
1757 4185 1967 4240 Nudam
2013 4187 2142 4242 hinc

560 4274 673 4343 jam
705 4274 813 4328 Deo
845 4282 896 4327 te
941 4274 1111 4336 sistis,
1171 4289 1362 4345 puram
1386 4289 1416 4327 a
1444 4273 1701 4329 sordibus
1749 4277 1982 4332 terrenis
2018 4277 2142 4330 ani-

565 4383 707 4420 mam
738 4381 956 4437 gerens.
1009 4367 1189 4421 Habes
1234 4375 1418 4422 tamen
1444 4367 1590 4437 quod
1619 4367 1780 4422 nobis
1838 4369 2138 4438 relinquas,

2243 3186 2343 3237 την
2377 3170 2556 3221 τοίνυν
2582 3169 2893 3238 ἀπεύχομαι
2921 3168 3058 3229 τέως
3087 3167 3233 3238 ἄρτι.
3273 3164 3439 3235 Πλὴν,
3470 3164 3764 3234 κράτιστον
3793 3162 3821 3212 ὃ

2243 3259 2319 3329 τῷ
2353 3259 2472 3330 Θεῷ
2519 3259 2692 3328 φίλον,
2738 3260 2832 3313 καὶ
2880 3259 2965 3321 τίς
3002 3255 3348 3326 οἰκειοτέρως
3395 3255 3464 3308 τά
3509 3257 3642 3325 περὶ
3676 3254 3822 3323 ἡμᾶς

2246 3351 2590 3423 βουλεύσεται
2645 3351 2778 3423 ἄτερ
2832 3348 3038 3417 αὑτοῦ;
3081 3348 3241 3402 Ἀλλά
3281 3364 3370 3417 μοι
3415 3349 3596 3418 χαῖρε,
3623 3346 3818 3414 μῆτερ,

2244 3448 2338 3498 καὶ
2374 3444 2544 3508 ζῶσα,
2576 3445 2670 3498 καί⁵
2713 3443 3054 3514 κοιμωμένη.
3087 3443 3162 3495 Οὐ
3189 3443 3294 3512 γὰρ
3342 3440 3638 3509 τεθνήξεις,
3689 3437 3820 3488 διότι

2245 3535 2394 3600 ζῶσα
2425 3532 2512 3590 εἶ·
2549 3537 2870 3608 προαιρέσει
2933 3534 3322 3605 ἀπενεκρώθης
3373 3532 3451 3602 τῷ
3499 3531 3635 3601 βίῳο
3689 3529 3818 3581 διότι

2245 3629 2405 3682 καλὸν
2441 3629 2624 3696 ἀγῶνα
2662 3628 2960 3697 ἠγώνισαι·
2993 3627 3127 3678 διότι
3177 3623 3481 3693 ὲστερήθης
3526 3621 3637 3671 τῶν
3695 3623 3816 3672 tm-

2244 3722 2431 3789 γέίων,
2459 3721 2547 3773 ἵνα
2575 3720 2643 3771 τά
2677 3718 2905 3787 οὐράνια
2946 3716 3362 3786 κληρονομήσῃς
3381 3729 3394 3743 ⁸
3419 3713 3551 3765 διότι
3581 3714 3695 3773 τοῖς
3725 3710 3818 3762 τοῦ

2248 3811 2549 3882 μαρτυρίου
2595 3810 2879 3880 ὼμίλησας
2905 3808 3083 3870 ἀθλοις
3113 3805 3418 3877 ἀναιμωτί’
3450 3804 3520 3857 τά
3557 3805 3692 3875 μέλη
3728 3821 3818 3857 σου

2244 3905 2391 3974 ἡμᾶς
2415 3902 2762 3971 ἀποτεμοῦσα
2784 3901 2872 3954 διὰ
2899 3897 2997 3970 τὴν
3014 3901 3236 3969 ἀγάπην
3257 3899 3349 3951 τοῦ
3372 3898 3578 3967 Κυρίου
3602 3913 3615 3926 °
3630 3897 3819 3966 ἀμέρι-

2248 4012 2377 4066 μνος
2396 3995 2630 4066 ἀπέρχῃ,
2647 3993 2942 4056 ἀδιάθετος.
2969 3992 3042 4046 Οὐ
3071 3993 3177 4064 γὰρ
3199 3991 3432 4063 πάρεστί
3451 3990 3532 4044 σοί
3555 4008 3609 4042 τι
3640 3990 3816 4044 διαθέ-

2246 4089 2388 4152 σθαι,
2419 4090 2451 4158 ἢ
2475 4092 2535 4141 τὸ
2555 4088 2756 4159 ἐνδυμά
2785 4105 2876 4141 σου
2909 4088 2967 4141 τὸ
3007 4087 3265 4159 τρίχινον,
3291 4087 3383 4139 καὶ
3427 4085 3481 4137 εί
3499 4103 3548 4138 τι
3575 4084 3704 4138 ἀλλο
3725 4083 3815 4152 τῆς

2244 4181 2580 4234 ἀσκευάστου
2633 4167 2776 4249 ζωῆς
2816 4179 3041 4248 σχέδιον.
3084 4177 3437 4231 Ἀπεντεῦθεν
3480 4175 3582 4245 ἤδη
3637 4176 3812 4242 γυμνὴ

2246 4271 2577 4342 παρίστασαι
2600 4269 2675 4339 τῷ
2691 4268 2829 4339 Θεῷ,
2849 4269 3090 4336 καθαρὰν
3123 4267 3218 4337 τῆς
3244 4265 3350 4319 τῶν
3378 4264 3519 4318 ὑλῶν
3549 4260 3813 4333 βορϐορὼ-

2247 4380 2384 4426 σεως
2414 4362 2651 4432 φέρουσα
2677 4361 2776 4430 τὴν
2823 4361 3020 4429 ψυχήν.
3060 4359 3245 4428 Ἔχεις
3271 4357 3317 4409 δ’
3340 4357 3367 4408 ὃ
3391 4372 3444 4408 τι
3469 4357 3602 4424 ἡμῖν
3651 4369 3812 4406 κατα-

564 4457 796 4511 validam
826 4459 1217 4526 precationem,
1274 4475 1435 4528 quam
1483 4476 1650 4530 prope
1699 4461 1877 4515 adhuc
1917 4462 2140 4516 infanti-

2247 4453 2469 4522 λείψεις,
2500 4451 2597 4522 τὴν
2627 4451 2896 4521 κραταιὰν
2943 4448 3130 4517 εὐχὴν,
3167 4448 3232 4516 ἢν
3278 4447 3370 4499 καὶ
3418 4445 3634 4515 νηπίοις
3687 4445 3811 4514 ἡμῖν

565 4550 667 4603 bus
697 4550 856 4603 nobis
888 4549 1256 4618 impertiebas,
1293 4552 1575 4605 nocturnis
1633 4553 1784 4605 horis
1824 4553 2048 4623 signans
2083 4563 2140 4607 et

565 4639 913 4708 consignans,
949 4654 1140 4708 preces
1169 4654 1266 4709 pro
1296 4639 1454 4693 nobis
1486 4640 1717 4694 Domino
1749 4658 2141 4712 usquequaque

566 4730 829 4786 oll'erens.
885 4728 1186 4799 Relinques
1236 4741 1291 4786 et
1335 4732 1624 4803 impigram
1674 4741 1820 4786 tuam
1849 4734 1903 4787 in
1939 4735 2140 4805 divinis

567 4821 805 4893 liturgiis
829 4821 1186 4892 diligentiam,
1213 4824 1459 4879 studium
1498 4825 1770 4880 castitatis
1803 4835 1860 4880 et
1893 4827 2137 4891 virtutis,

566 4925 622 4968 ct
649 4913 1000 4983 apostolicam
1049 4913 1429 4984 gloriationem
1467 4916 1692 4972 laboris.
1739 4915 1949 4972 Revera
1995 4919 2141 4973 enim

567 5003 834 5075 plurimus
862 5009 1173 5057 sanctarum
1209 5019 1465 5058 manuum
1483 5016 1696 5060 tuarum
1729 5006 1882 5062 labor
1911 5008 2137 5071 exstitit,

567 5094 896 5163 operuitque
928 5109 992 5148 ac
1040 5093 1191 5159 fovit,
1239 5109 1350 5148 non
1393 5110 1494 5150 nos
1526 5096 1693 5162 solos,
1720 5098 1817 5152 sed
1841 5109 1896 5153 et
1944 5098 2141 5153 fratres

569 5186 733 5240 simul
780 5187 1091 5252 universos,
1155 5186 1247 5255 qui
1284 5195 1338 5241 te
1369 5202 1473 5242 ceu
1517 5197 1748 5244 matrem
1801 5191 2140 5260 spiritualem

570 5285 951 5348 agnoscentes,
1001 5279 1370 5349 colentesque,
1406 5296 1660 5351 peraeque
1702 5292 1765 5337 ut
1817 5299 1917 5337 nos
1955 5285 2058 5353 ipsi
2092 5294 2142 5339 te

571 5372 761 5440 lugent
794 5380 848 5424 et
883 5371 1155 5425 invocant.
1193 5371 1320 5425 Haec
1345 5387 1466 5440 quae
1496 5374 1736 5428 nondum
1791 5385 1919 5428 sunt
1945 5374 2142 5430 litteris

571 5461 901 5526 cﬂinximus,
931 5460 1359 5516 consolationem
1396 5464 1553 5517 nobis
1579 5465 1710 5532 ipsis
1745 5476 2047 5534 captantes,
2086 5478 2142 5521 et

569 5557 754 5609 cordis
777 5554 950 5608 nostri
972 5569 1214 5615 sensum,
1246 5569 1408 5622 quem
1436 5555 1548 5625 ipsa
1579 5555 1740 5610 etiam
1773 5572 1870 5627 per
1903 5566 1952 5612 te
1976 5559 2141 5627 nosti,

575 5647 984 5718 patefacientes.
1022 5645 1135 5716 Ego
1166 5646 1350 5714 igitur,
1380 5657 1552 5702 mater
1584 5659 1791 5714 sancta,
1824 5659 1884 5704 ut
1909 5653 2143 5708 maxime

583 5740 798 5800 vellem.
821 5739 964 5803 quod
991 5747 1039 5794 te
1065 5755 1171 5794 non
1201 5739 1348 5805 latet,
1378 5740 1562 5795 venire
1593 5758 1698 5795 non
1731 5743 1902 5813 potui,
1924 5752 2142 5815 propter

2245 4537 2362 4593 οὖσι
2392 4541 2576 4609 σχεδὸν
2607 4540 2979 4607 κατέπεμπες,
3022 4537 3328 4606 σημειοῦσα
3370 4535 3466 4589 καὶ
3497 4551 3810 4605 κατασφρα-

2243 4632 2472 4700 γίζουσα
2503 4632 2561 4684 iw
2589 4633 2712 4693 ταῖς
2745 4631 3090 4700 νυκτεριναῖς
3115 4627 3311 4698 ὥραις,
3341 4627 3490 4691 λιτάς
3519 4627 3637 4681 ἀνθ’
3661 4627 3811 4697 ἡμῶν

2243 4725 2322 4795 τῷ
2359 4726 2550 4796 Κυρίῳ
2577 4727 2636 4779 ὲν
2672 4724 2839 4779 παντὶ
2878 4723 3055 4794 καιρῷ
3097 4723 3505 4792 προσφέρουσα.
3539 4722 3808 4776 Καταλεί-

2241 4819 2366 4888 ψεις
2409 4820 2467 4871 δὲ
2508 4819 2601 4870 καὶ
2639 4818 2700 4870 τὸ
2738 4816 2934 4871 ἀοκνόν
2966 4831 3064 4867 σου
3098 4815 3157 4868 ἐν
3202 4816 3324 4876 ταῖς
3359 4813 3534 4877 θείαις
3571 4813 3810 4884 λειτουρ-

2243 4911 2409 4979 γίαις,
2453 4910 2549 4962 καὶ⁵
2583 4910 2865 4978 φίλαγνον,
2903 4905 3001 4960 καὶ
3046 4905 3360 4970 σπουδαῖον,
3407 4905 3504 4959 καὶ
3561 4904 3627 4958 τὸ
3679 4905 3807 4958 ἀπο-

2245 5003 2490 5055 στολικὸν
2520 5002 2783 5072 καύχημα
2811 4999 2904 5054 τοῦ
2949 4998 3220 5068 καμάτου.
3247 4997 3339 5069 Τῷ
3366 4997 3479 5051 δντι
3507 4996 3617 5068 γὰρ
3651 4997 3806 5060 πολὺς

2244 5097 2490 5165 κάματος
2523 5095 2588 5147 ὲκ
2620 5093 2731 5146 τῶν
2773 5092 2936 5145 ὁσίων
2983 5106 3076 5144 σου
3119 5089 3322 5161 χειρῶν
3363 5089 3676 5159 ἐξελήλυθε,
3721 5091 3805 5142 καὶ

2241 5187 2572 5240 διεσκέπασε
2619 5187 2714 5239 καὶ
2761 5184 3071 5253 διέθαλψεν,
3105 5181 3204 5252 οὐχ
3238 5182 3386 5251 ἡμᾶς
3431 5183 3651 5251 μόνους,
3679 5180 3805 5235 ἀλλά

2243 5280 2336 5333 καὶ
2395 5279 2613 5332 ἃπασαν
2658 5280 2759 5348 τὴν
2810 5275 3176 5344 ἀδελφότητα·
3227 5273 3276 5326 οἳ
3325 5273 3422 5326 καὶ
3472 5272 3548 5335 ὡς
3600 5274 3805 5344 μητέρα

2246 5368 2621 5439 πνευματικὴν
2666 5367 2877 5437 ἔχοντές
2929 5381 2988 5417 σε
3035 5365 3129 5416 καὶ
3184 5363 3560 5432 περιέποντες,
3594 5363 3663 5415 τὰ
3724 5363 3804 5416 [σα

2243 5463 2375 5531 ἡμῖν
2422 5458 2866 5513 καταλυποῦνταί
2904 5474 2960 5509 σε
3007 5456 3103 5507 καὶ
3152 5453 3574 5508 ἀνακαλοῦνται.
3603 5455 3800 5519 Ταῦτα,

2243 5554 2318 5616 ὡς
2347 5552 2424 5623 μὴ
2449 5552 2730 5621 γινόμενα,
2766 5546 3214 5620 ἑσχηματίσαμεν
3256 5548 3314 5599 ὲν
3348 5548 3462 5610 τοῖς
3493 5546 3801 5618 γράμμασι,

2244 5643 2591 5716 παρηγορίαν
2617 5643 2749 5713 ἡμῖν
2769 5642 2952 5704 αὐτοῖς
2979 5638 3279 5703 ποιοῦντεςο,
3310 5640 3407 5692 καὶ
3437 5639 3802 5695 ὑποδεικνύονο

2246 5738 2335 5800 τές
2371 5753 2454 5789 σοι
2487 5734 2554 5789 τὰ
2594 5735 2692 5804 τῆς
2732 5732 2957 5805 καρδίας
2987 5730 3163 5802 ἡμῶν,
3200 5728 3346 5802 άπερ
3375 5730 3470 5786 καὶ
3501 5731 3563 5798 ἐξ
3604 5733 3795 5804 ἑαυτῆς
