4008 6318
139 370 245 434 929

1385 377 1915 440 EPISTOLARUM
1959 381 2102 440 LIB.
2148 382 2192 440 Ι.

3308 379 3412 441 930

139 482 483 538 ἐπίστασαι.
529 483 670 552 Ἐγὼ
699 483 897 548 τοίνυν,
930 485 1104 556 μῆτέρ
1139 503 1241 555 μου
1276 487 1427 556 ἁγία,
1453 489 1527 553 ὠς
1553 485 1734 556 οἶσθα,

1846 506 2025 546 curam
2053 509 2173 561 quae
2203 493 2422 566 indigno
2452 494 2582 550 mihi
2607 493 2796 550 nescio
2821 508 2925 564 qua
2957 491 3162 548 ratione
3197 493 3406 546 incum.

141 575 190 626 εί
218 577 318 629 καὶ
350 575 556 645 ἤθελον
591 577 873 641 εἰσελθεῖν,
912 579 1014 630 οὐκ
1042 574 1186 649 εἶχον
1215 580 1327 649 (Η)
1363 581 1497 645 πῶς,
1529 581 1616 635 διὰ
1642 583 1741 651 τὴν

138 666 419 736 φροντίδα
454 667 555 737 τὴν
589 667 949 738 ἐπικειμένην
987 687 1077 739 μοι
1102 670 1358 736 ἀναξίως,
1381 673 1474 725 καὶ
1504 674 1602 726 οὐκ
1627 670 1740 727 οἶδα

140 758 285 826 ποίῳ
323 759 505 828 λόγῳ.
548 759 636 823 Ὦς
660 759 972 830 θαυμαστὸν
1001 763 1129 833 γὰρ,
1163 764 1350 833 φησὶν,
1376 767 1423 817 εί
1455 765 1547 817 καὶ
1570 766 1740 819 Σαοὺλ

138 851 197 900 ἐν
224 852 553 919 προφήταις
575 865 588 879 ·
623 852 714 904 καί
744 868 806 917 γε
847 852 941 905 καὶ
970 853 1244 924 Θεόδωρος
1285 857 1360 908 ἐν.
1387 857 1736 925 ἡγουμένοις.

139 941 322 994 Τοῦτό
355 959 430 1011 με
461 937 630 1012 εἶρξε,
659 943 817 997 τοῦτό
844 962 911 1012 με
942 945 1264 1017 ἐδέομησεν.
1305 947 1459 1000 Ἐπεὶ
1486 949 1734 1018 σιδηραῖς

140 1033 415 1086 ἁλύσεσιν
469 1037 519 1088 εἰ
567 1032 633 1106 ἦν
669 1039 1128 1107 κατεπιασμένος,
1166 1040 1490 1112 διέῤῥησσον
1539 1043 1734 1106 αὐτὰς,

139 1125 236 1174 κα)⁸
293 1123 411 1192 πρὸ
467 1123 762 1195 προσώπου
804 1144 897 1179 σου
932 1129 1188 1199 ἱστάμην.
1219 1131 1332 1183 Νῦν
1362 1131 1415 1184 δὲ
1448 1132 1570 1185 ἀντὶ
1599 1133 1734 1201 ἐμοῦ

139 1214 378 1284 επεμψά
433 1234 519 1269 σοι
566 1217 658 1270 τὸν
712 1219 1086 1290 πρεσϐύτερον
1115 1222 1196 1284 είς
1236 1225 1438 1293 μικρὰν
1482 1242 1735 1294 παραμυ-

144 1305 294 1369 θίαν,
324 1309 414 1361 δτι
459 1309 554 1361 καὶ
591 1310 753 1374 αὑτός
779 1327 862 1363 σοι
890 1311 1127 1382 ποθητός
1180 1314 1273 1366 καὶ
1299 1314 1481 1384 τίμιος
1506 1333 1518 1346 ·
1555 1317 1644 1369 ἵνα
1677 1318 1736 1370 ἐν

141 1400 281 1452 πᾶσι
296 1417 364 1453 συ
377 1405 576 1473 μπαρῇ
607 1406 672 1472 τῇ
699 1403 956 1475 ἀσθενείᾳ
987 1421 1102 1469 σου,
1127 1405 1591 1477 ἐπισκεπτόμενος
1641 1412 1734 1462 καὶ

141 1492 466 1560 φροντίζων
500 1493 568 1546 τὰ
603 1493 818 1547 δέοντα·
859 1495 961 1548 κᾶν
992 1513 1048 1548 τε
1083 1497 1349 1568 ἐπιμένῃς
1394 1499 1451 1549 ἐν
1489 1501 1600 1561 τοῖς
1635 1501 1734 1552 αὐ-

140 1580 280 1644 τόθι,
327 1581 602 1654 ἐπιμένῃ·
639 1582 740 1634 κᾶν
762 1600 821 1635 τε
860 1585 1080 1654 ἐξέρχῃ,
1115 1585 1571 1656 συνεξερχὸμενος
1617 1589 1734 1659 ἅμα

139 1670 219 1740 τῷ
264 1673 570 1744 οἰκονόμῳ.
603 1673 825 1740 Λοιπὸν,
852 1675 927 1739 ῶς
959 1676 1212 1729 εὐοδώσει
1244 1678 1272 1729 6
1312 1677 1465 1740 Θεὸς,
1502 1680 1595 1731 καὶ
1635 1681 1730 1746 φέ-

144 1780 228 1831 ρει
260 1767 293 1834 ἠ
320 1765 616 1828 ἀσθένεια,
653 1765 849 1831 οὕτως,
885 1767 1057 1839 μῆτέρ
1087 1785 1189 1839 μου
1221 1769 1398 1839 τιμία,
1428 1771 1520 1823 καὶ
1548 1771 1729 1838 διαγε-

1843 583 1941 635 bit.
1981 581 2281 638 Mirandum
2314 584 2481 651 enim,
2534 586 2629 649 ait,
2677 585 2722 638 si
2759 583 2919 638 etiam
2955 582 3083 638 Saul
3114 583 3256 635 inter
3283 596 3414 650 pro-

1841 672 2032 741 phetas
2060 674 2103 705 ¹¹⁵
2135 692 2148 737 ;
2184 675 2371 744 utique
2397 675 2448 731 si
2476 685 2530 730 et
2560 674 2881 730 Theodorus
2904 674 3044 728 inter
3067 672 3410 743 praepositos.

1842 761 1955 818 Hoc
1973 779 2059 818 me
2087 765 2343 831 inhibuit,
2375 767 2481 822 hoc
2497 783 2584 823 me
2610 767 2955 824 constrinxit.
2993 766 3123 819 Nam
3153 765 3199 818 si
3221 763 3414 818 ferreis

1839 857 2047 910 catenis
2078 857 2326 928 alligatus
2355 859 2603 923 fuissem,
2646 859 3030 930 perfregissem
3079 858 3217 921 illas,
3272 865 3327 910 et
3357 855 3412 909 in

1838 948 2012 1002 oculis
2068 949 2174 1005 tuis
2198 967 2539 1021 apparerem.
2592 954 2748 1008 Nunc
2795 968 2923 1006 vero
2963 951 3080 1005 vice
3121 965 3241 1004 mea
3288 965 3413 1019 prv-

1838 1038 2116 1109 sbyterum
2167 1042 2235 1096 ad
2269 1051 2322 1098 te
2355 1046 2474 1098 misi
2524 1045 2751 1098 modica:
2792 1042 3178 1098 consolationis
3221 1040 3410 1111 gratia,

1836 1130 2276 1199 quandoquidem
2323 1135 2368 1188 is
2411 1136 2572 1188 etiam
2608 1143 2791 1210 gratus
2848 1143 2902 1188 et
2951 1148 3112 1187 carus
3159 1140 3243 1186 est
3294 1129 3411 1192 tibi,

1838 1222 1972 1275 utin
1997 1226 2252 1280 omnibus
2303 1239 2501 1296 praesto
2548 1229 2622 1282 sit
2651 1227 2953 1282 inﬁrmitati
2990 1235 3116 1288 tuae,
3172 1237 3414 1294 Congrua

1835 1316 2016 1370 omnia
2046 1319 2337 1386 providens
2388 1329 2444 1373 et
2487 1335 2808 1388 procurans,
2878 1325 2938 1371 ut
2971 1317 3085 1371 sive
3130 1315 3255 1369 istic
3302 1329 3415 1367 ma-

1838 1422 1994 1471 neas,
2030 1424 2138 1462 una
2188 1420 2427 1472 maneat,
2479 1411 2594 1465 sive
2641 1411 2822 1473 abeas,
2865 1408 3024 1462 simul
3078 1408 3236 1460 abeat
3288 1420 3412 1459 cum

1836 1513 2143 1554 oeconomo.
2183 1500 2480 1566 Ceterum,
2528 1503 2674 1556 sicut
2721 1501 2916 1570 diriget
2967 1499 3130 1558 Deus.
3179 1507 3234 1551 et
3279 1500 3417 1550 t'erot

1835 1591 2144 1655 inlirmitas,
2182 1593 2259 1646 sic
2290 1608 2473 1662 perge,
2521 1592 2829 1646 veneranda
2893 1598 3065 1643 mater
3113 1605 3251 1646 mea.
3315 1603 3415 1641 nec

1834 1698 1996 1754 supra
2020 1685 2160 1738 vires
2190 1685 2476 1745 contende,
2509 1683 2692 1752 egredi
2716 1681 3001 1736 festinans.
3029 1680 3204 1734 Citius
3233 1688 3414 1732 autem

1833 1777 2104 1846 quomodo
2134 1776 2189 1830 in
2225 1776 2416 1830 morbo
2444 1785 2494 1830 te
2534 1775 2735 1829 habeas
2763 1775 2942 1829 indica
2974 1773 3155 1832 nobis.
3195 1781 3252 1824 nt
3279 1787 3416 1840 pau-

142 1854 258 1914 νοῦ,
290 1857 392 1908 καὶ
431 1856 509 1927 μὴ
539 1858 680 1928 ὑπὲρ
714 1857 948 1928 δύναμιν
990 1861 1159 1933 ταθῇς
1198 1862 1426 1916 θέλουσα
1462 1865 1724 1927 ἐξελθεῖν.

1846 1843 1996 1933 isper
2020 1877 2346 1917 recreemur.
2373 1861 2648 1916 Canonem
2678 1861 2772 1916 tibi
2797 1861 2979 1915 statim
3003 1860 3197 1914 fratres
3223 1871 3416 1910 omnes

145 1947 354 2015 Τάχιον
411 1947 470 2000 δὲ
523 1949 671 2012 ὅπως
723 1950 954 2022 διαφέρῃ
1005 1953 1062 2005 ἐν
1121 1956 1186 2026 τῇ
1241 1955 1404 2024 νόσῳ,
1437 1958 1730 2025 διάγνωσιν

148 2037 372 2107 πέμψον
408 2041 566 2109 ἡμῖν,
600 2042 685 2093 ἵνα
717 2042 1118 2115 εὐψυχήσωμεν
1160 2046 1377 2116 μικρόν.
1423 2049 1641 2101 Κανόνα
1673 2049 1732 2101 δὲ

148 2129 358 2192 εὐθέως
422 2133 627 2197 πάντες
675 2134 726 2186 οἱ
785 2136 1006 2204 ἀδελφοὶ
1057 2137 1324 2206 ἐποίησάν
1357 2138 1466 2208 (ίῖ)
1503 2157 1610 2203 σοι,
1643 2141 1736 2192 καὶ

148 2220 319 2291 εὐχὴν
348 2222 540 2293 ἔχουσι
585 2226 810 2296 διηνεκῆ
838 2227 970 2299 περὶ
996 2227 1095 2297 τῆς
1120 2229 1310 2296 ὑγείας
1344 2247 1461 2285 σου.
1498 2232 1736 2302 Χάρισαι

152 2310 283 2377 ἡμῖν
327 2314 433 2384 τὴν
465 2314 626 2382 ἁγίαν
649 2333 742 2368 σου
774 2317 939 2388 εὐχήν
963 2332 975 2345 °
1011 2319 1304 2388 εὐλόγησον
1357 2321 1504 2390 ἡμᾶς
1537 2338 1735 2392 μητρι-

1835 1956 2233 2025 pependerunt,
2263 1954 2648 2007 etcontinuam
2676 1969 2772 2022 pro
2797 1953 2969 2006 salute
2989 1960 3080 2005 tua
3107 1950 3412 2004 orationem

1839 2046 2062 2098 habent.
2095 2044 2316 2113 Largire
2342 2045 2500 2099 nobis
2529 2052 2747 2098 sanctas
2784 2058 2974 2112 preces
3006 2051 3146 2103 tuas,
3183 2039 3414 2094 benedic

1843 2137 2004 2191 nobis
2053 2137 2323 2190 maternis
2363 2136 2726 2190 muneribus:
2786 2136 3115 2204 amplectere
3173 2147 3272 2186 nos
3320 2147 3416 2200 per

1839 2228 2070 2281 litteras.
2105 2226 2180 2281 Da
2207 2228 2366 2280 nobis
2392 2242 2604 2296 pacem,
2641 2241 2802 2296 quam
2831 2240 2927 2295 per
2951 2223 3151 2278 Christi
3183 2222 3414 2292 gratiam

1846 2319 2037 2383 babes,
2065 2327 2120 2373 et
2151 2320 2400 2372 habitura
2435 2335 2494 2371 es
2526 2319 2577 2371 in
2609 2318 2805 2372 sa3cnla
2829 2318 3178 2371 saeculorum.

151 2411 274 2471 καῖς
310 2409 578 2481 δωρεαῖς·
606 2412 848 2467 ἄσπασαί
872 2415 1020 2484 ἡμᾶς
1051 2414 1137 2468 διὰ
1162 2414 1256 2468 τοῦ
1281 2418 1630 2487 γράμματος.
1698 2415 1799 2479 Δὸς
1860 2416 1994 2486 ἡμῖν
2057 2413 2156 2485 τὴν
2217 2415 2466 2485 εἰρήνην,
2496 2413 2562 2484 ην
2611 2413 2754 2482 ἔχεις
2784 2411 2874 2465 διὰ
2929 2411 3028 2480 τῆς
3067 2410 3286 2481 χάριτος
3321 2406 3416 2460 τοῦ

153 2503 420 2574 Χριστοῦ,
455 2509 548 2560 καὶ
577 2507 718 2571 ἕξεις
749 2509 829 2572 είς
860 2509 1064 2574 αἰῶνας
1096 2510 1326 2566 αἰώνων.

547 2623 620 2675 Z'.
642 2650 713 2662 —
738 2621 964 2691 Εἰρήνῃ
996 2625 1364 2694 Bucolicon.

2269 2621 2379 2677 VII.
2406 2622 2658 2676 -Ινρηω
2700 2621 2970 2691 Augustae.

905 2735 1084 2785 lrenen
1108 2739 1272 2787 laudat
1294 2738 1426 2800 quod
1452 2737 1638 2789 tributa
1660 2740 1982 2790 relaxaverit.
2011 2737 2211 2799 (Barca.
2237 2752 2314 2787 an.
2340 2737 2450 2796 801,
2475 2753 2522 2787 n.
2548 2737 2651 2799 22.)

228 2841 431 2907 Φωνὴ,
468 2841 656 2912 φησὶν,
681 2840 750 2894 ἐν
769 2838 956 2910 Ῥαμᾷ
982 2841 1277 2911 ἠκούσθη,
1297 2845 1326 2897 6
1359 2843 1732 2898 θεοπτικώτα-

160 2947 250 2993 τος
292 2932 602 3002 Ἱερεμίας·
633 2932 854 3000 θρῆνος
907 2933 1006 2986 καὶ
1043 2934 1304 3003 ὀδυρμὸς
1333 2937 1565 3002 πολύς·
1608 2936 1738 2989 Ῥα-

165 3017 283 3084 χὴλ
310 3021 448 3072 τότε
471 3020 770 3073 κλαίουσα
810 3021 884 3073 τὰ
926 3020 1107 3075 τέκνα
1151 3022 1361 3090 αὐτῆς.
1398 3023 1478 3076 Τὰ
1508 3025 1563 3078 δέ
1598 3043 1741 3096 παρ-

166 3109 292 3162 όντα
316 3104 409 3164 οἷα
437 3111 534 3164 καὶ
564 3111 763 3181 ἡλίκας
795 3111 964 3166 Πόθεν
993 3130 1094 3165 που
1131 3113 1278 3184 χθὲς,
1297 3113 1554 3169 δέσποινα
1585 3117 1743 3186 ἡμῶν

167 3201 484 3268 πανάγαθε,
526 3203 895 3269 ἀναφανέντες
928 3203 1154 3271 ἄγγελοι
1195 3202 1292 3255 τοῦ
1330 3204 1472 3273 ίεροῦ
1500 3222 1593 3258 σου
1635 3224 1741 3258 πα-

170 3289 378 3356 λατίου,
409 3293 508 3346 καὶ
537 3292 923 3356 ἀκουτίσαντες
940 3295 1074 3362 ἡμῖν
1104 3293 1282 3356 πάσας
1320 3312 1418 3358 τας
1450 3297 1748 3366 γεγενημέ-

170 3400 262 3444 νας
291 3401 386 3438 σου
413 3383 524 3438 τῶν
554 3385 728 3455 ἔργων
754 3384 1154 3456 ᾶρτιαίνέσεις;
1184 3387 1436 3455 Ἥχησαν
1463 3388 1616 3457 ἡμῶν
1643 3390 1749 3458 ἀμ-

173 3476 372 3541 φότερα
399 3476 477 3538 ὡς
501 3476 717 3546 ἀληθῶς
747 3477 814 3529 τὰ
853 3470 987 3530 ὦτα.
1017 3476 1082 3529 Τί
1115 3477 1441 3548 τοιγαροῦνς
1471 3480 1550 3531 ὅτι
1604 3474 1746 3548 ἦρας

173 3569 511 3639 συσσεισμδν
543 3567 606 3639 μ’.
646 3569 951 3641 σύσσημον]
975 3573 1032 3624 ἐν
1053 3575 1163 3635 τοῖς
1189 3571 1388 3641 πέρασι
1413 3571 1748 3640 τηλικαύτης

175 3663 458 3725 εὐσεϐείας
482 3678 495 3691 ⁰
527 3663 621 3715 καὶ
667 3663 777 3716 ίδοὺ
824 3663 1022 3732 ἥκουσί
1068 3682 1149 3718 σοι
1200 3665 1646 3734 κυκλοτέρωοεν,
1672 3667 1747 3728 ώς

175 3757 390 3823 νεφέλαι
428 3756 752 3824 πετόμεναι,
789 3755 936 3808 λιταὶ
976 3755 1353 3827 παμπληθεῖς,
1391 3757 1748 3826 γεραίρουσαι

176 3845 263 3898 τὸν
300 3849 436 3903 Θεὸν
471 3849 612 3918 ὑπὲρ
643 3848 752 3900 τῶν
780 3849 976 3900 αίσίων
1022 3866 1116 3901 σου
1149 3851 1572 3919 καταπράξεων.
1604 3849 1747 3919 Φρά-

179 3937 232 3998 ζε
261 3941 415 4010 ἡμῖν,
447 3935 491 3994 ὦ
516 3941 792 4002 δέσποινα,
817 3939 899 4003 τίς
923 3941 950 3992 6
970 3940 1296 4003 ἐπιϐιϐάσας
1326 3958 1423 3994 σου
1453 3942 1542 3993 τὸν
1572 3942 1744 3994 καθα-

182 4031 419 4097 ρώτατον
480 4032 606 4086 νοῦν
652 4035 746 4086 ἐπὶ
781 4034 848 4086 τὰ
881 4032 990 4102 ὕψη
1023 4031 1132 4085 τῶν
1164 4034 1450 4102 νοημάτων
1486 4034 1586 4102 τῆς
1616 4034 1747 4104 ἀλη-

179 4117 352 4184 θείας·
383 4122 529 4176 ῶστε
543 4122 620 4184 ὡς
649 4123 756 4176 ἀπὸ
775 4124 1006 4186 σκοπιᾶς
1035 4140 1183 4186 τινος
1203 4122 1416 4192 ὑψηλῆς
1469 4121 1745 4192 μετεώρου

180 4215 521 4287 καταθρῆσαι
556 4214 624 4267 τὰ
662 4215 885 4267 τοιαῦτα
924 4216 1128 4284 ἀρεστὰ
1157 4215 1276 4286 Θεῷ
1321 4213 1412 4266 καὶ
1464 4217 1625 4279 ὃσια;
1663 4214 1750 4266 Δί-

182 4303 332 4371 δαξον
359 4307 486 4362 ὅθεν
514 4323 597 4360 σοι
613 4309 641 4360 6
659 4306 759 4377 τῆς
781 4307 1060 4368 εὐσεϐείας
1084 4305 1337 4368 τοσοῦτος
1362 4305 1502 4376 ἔρως
1519 4308 1745 4376 ἐνέσκη-

181 4395 272 4464 ψε·
311 4400 494 4464 καλῶς
525 4398 960 4470 ἀπληστεύεσθαι
979 4398 1049 4452 τὰ
1070 4398 1363 4468 θεάρεστα,
1390 4400 1482 4450 καὶ
1508 4399 1586 4460 εἰς
1607 4398 1747 4470 ὕπερ

186 4491 364 4548 ἐλάσαι
394 4490 616 4562 φειδοῦς
642 4493 740 4562 τῆς
769 4491 908 4562 ὑπὲρ
934 4492 1038 4545 τῶν
1056 4492 1398 4561 Χριστιανῶν
1419 4491 1658 4561 ψυχικῆς
1686 4508 1745 4543 τε

1911 2842 2026 2896 Vox
2055 2845 2110 2896 in
2134 2841 2304 2897 Rama
2336 2842 2523 2894 audita
2554 2850 2647 2905 est,
2668 2840 2744 2894 ait
2766 2838 3036 2893 visionum
3065 2835 3160 2892 Dei
3203 2843 3414 2907 specta-

1836 2943 1923 2988 tor
1966 2933 2250 2996 Jercmias,
2303 2930 2538 2998 ploratus
2592 2940 2639 2984 et
2677 2929 2910 2983 ululatus
2960 2928 3195 2991 multus;
3225 2925 3418 2980 Rachel

1842 3033 1954 3078 tum
2012 3023 2228 3094 plorans
2267 3023 2403 3091 ﬁlios
2427 3039 2546 3075 suos
2566 3022 2631 3074 “.
2667 3020 2821 3074 Nunc
2849 3035 2979 3074 vero
3002 3018 3201 3088 qualia,
3232 3027 3288 3071 et
3313 3033 3418 3070 cu-

1839 3116 2215 3188 jusmodisunt
2241 3114 2570 3186 praesentia?
2597 3113 2868 3168 undenam
2903 3110 3163 3172 hesterni,
3199 3109 3418 3164 domina

1849 3208 2073 3278 optima,
2121 3207 2258 3263 sacri
2303 3205 2484 3276 palatii
2538 3204 2614 3257 tui
2660 3203 2834 3257 nuntii
2895 3217 3031 3272 quos
3096 3201 3328 3255 vidimus
3365 3207 3422 3252 et

1848 3299 2176 3361 audivimus,
2233 3313 2358 3353 cum
2410 3307 2660 3352 recentes
2717 3295 2873 3350 nobis
2931 3309 3159 3363 operum
3202 3302 3417 3346 tuorum

1849 3391 2033 3446 laudes
2047 3399 2535 3446 commemorarent
2565 3389 2588 3442 ?
2614 3388 3224 3443 Personueruntrevera
3251 3387 3421 3438 amhm

1849 3499 2013 3538 aures
2065 3492 2282 3536 nostrae.
2323 3481 2464 3547 Quid
2500 3497 2629 3552 ergo
2663 3481 2686 3534 ?
2727 3483 2852 3550 quia
2892 3478 3161 3534 sustulisti
3207 3478 3420 3548 signum

1848 3573 1916 3627 ab
1959 3573 2216 3628 extremis
2261 3573 2460 3626 ﬁnibus
2497 3581 2661 3626 tantae
2689 3570 2908 3640 pietatis
2941 3587 2953 3623 :
2987 3578 3043 3623 et
3097 3584 3224 3623 ecce
3255 3569 3320 3621 ad
3371 3577 3423 3620 te

1849 3665 2077 3718 veniunt
2116 3664 2379 3734 undique,
2433 3672 2490 3716 et
2531 3663 2758 3715 nubium
2800 3661 2971 3715 instar
3028 3659 3420 3716 advolantimn,

1849 3775 2041 3832 preces
2092 3759 2530 3829 quamplurima),
2573 3757 2743 3812 Deum
2788 3757 3071 3811 laudantes
3106 3771 3204 3825 pro
3238 3753 3424 3823 auspi-

1850 3850 1986 3904 catis
2039 3850 2342 3903 actionibus
2391 3849 2520 3902 tuis.
2586 3848 2678 3902 Dic
2726 3847 2905 3911 nobis,
2948 3846 3187 3910 domina,
3238 3845 3427 3915 ecquis

1850 3941 1940 3995 ille
1984 3949 2088 4003 est,
2119 3940 2210 4008 qui
2252 3939 2612 3993 castissimam
2661 3951 2899 3992 mentem
2955 3947 3099 3992 tuam
3130 3938 3309 3991 evexit
3356 3937 3424 3990 ad

1850 4033 2139 4086 altissimos
2187 4045 2380 4085 sensus
2425 4031 2694 4095 veritatis,
2747 4040 2806 4084 ut
2865 4041 3120 4100 tanquam
3169 4046 3235 4083 ex
3278 4029 3425 4083 edita

1849 4125 2069 4195 specula
2103 4132 2159 4177 et
2193 4124 2410 4178 sublimi
2441 4125 2556 4194 haec
2585 4123 2710 4177 talia
2745 4138 2999 4178 cerneres
3039 4123 3149 4176 Deo
3190 4133 3339 4191 grata
3372 4131 3426 4176 et

1850 4227 2034 4272 sancta
2061 4217 2084 4269 ?
2113 4217 2272 4278 Doce,
2300 4217 2441 4272 unde
2475 4225 2660 4272 tantus
2689 4215 2786 4270 tibi
2825 4216 3042 4286 pietatis
3071 4231 3221 4268 amor
3247 4216 3426 4268 inces-

1850 4311 1939 4377 sit,
1973 4319 2030 4364 ut
2053 4311 2163 4364 Deo
2193 4309 2460 4380 placentia
2511 4309 2891 4363 insatiabiliter
2930 4318 3235 4376 expeteres,
3275 4318 3326 4362 et
3358 4309 3425 4362 ad

1851 4416 2126 4454 summum
2189 4400 2406 4455 culmen
2484 4401 2824 4470 pertingeres
2877 4399 3248 4453 saluberrima:
3298 4414 3426 4468 erga

1851 4493 2281 4546 Christianorum
2301 4501 2412 4545 tum
2435 4492 2643 4545 animas
2662 4502 2772 4544 tum
2798 4507 3022 4562 corpora
3049 4490 3428 4562 providentiae?

185 4585 273 4636 καὶ
290 4586 608 4658 σωματικῆς
650 4585 1030 4654 πολυωφελοῦς
1067 4584 1429 4654 προμηθείας.
1466 4586 1535 4637 Ἦ
1563 4584 1741 4654 ἐπειδὴ

1851 4581 1953 4645 An,
1983 4591 2044 4635 ut
2074 4581 2253 4635 divina
2304 4580 2608 4652 intelligens
2633 4591 2687 4634 et
2730 4582 3087 4651 amplectens,
3117 4590 3427 4636 maternum

189 4677 317 4730 πολὺ
354 4679 426 4732 τὰ
455 4677 575 4730 θεῖα
601 4677 894 4746 φρονοῦσα,
930 4678 1024 4730 καὶ
1067 4675 1390 4747 ίμειρομένη
1430 4677 1746 4747 μητρικῶς,

187 4766 280 4819 οὐκ
309 4770 546 4842 ἀρκετὸν
571 4771 764 4840 ἡγήσω
786 4769 847 4822 τὺ
871 4770 1031 4840 μόνον
1057 4769 1148 4822 τὸν
1178 4769 1307 4822 λαόν
1344 4785 1436 4822 σου
1461 4772 1525 4839 τῇ
1544 4767 1749 4821 ἄνωθεν

189 4857 494 4934 ἐπικουρίᾳ,
529 4862 604 4925 ώς
646 4861 705 4926 ἐξ
741 4862 1123 4933 Αἰγυπτιακῆς
1169 4879 1316 4924 τινος
1358 4860 1624 4926 δουλείας,
1650 4861 1749 4931 τῆς

191 4947 498 5018 δυσσεϐοῦς,
524 4954 691 5023 φημὶ,
713 4954 967 5018 πίστεως,
991 4952 1365 5023 λυτρώσασθαι
1386 4968 1400 4984 ·
1428 4955 1476 5006 εί
1496 4954 1592 5023 μὴ,
1613 4953 1748 5023 μετὰ

189 5043 287 5095 τῶν
312 5045 694 5118 προλαϐόντων
728 5045 1083 5115 πολυτρόπως
1127 5043 1526 5114 ἐκλαμψάντων
1564 5063 1644 5098 σοι
1673 5044 1751 5095 δί-

191 5151 284 5206 κην
326 5142 576 5208 ἀστέρων
612 5138 1141 5208 ἁγαθουργημάτων,
1177 5138 1272 5190 καὶ
1315 5137 1412 5208 τὴν
1443 5137 1747 5208 παροῦσαν,

190 5228 257 5287 ὼς
295 5229 579 5298 κολοψῶνά
621 5245 742 5282 τινα
800 5229 908 5282 τῶν
945 5229 1191 5300 ἀρετῶν,
1237 5227 1745 5298 ἐπιπροσθήσασθαι

192 5319 370 5389 Χάρινς
404 5324 620 5390 ’Δγιος,
673 5320 859 5389 ἆγιος,
896 5322 1068 5390 ἅγιος.
1114 5320 1407 5389 Εὑφράνθη
1447 5323 1474 5372 6
1518 5320 1743 5384 οὐρανὸς

259 5435 486 5508 "lReg.
520 5434 691 5500 x,ll.

1857 4674 1912 4728 in
1954 4687 2161 4727 morem
2210 4688 2318 4726 non
2353 4675 2485 4726 satis
2532 4673 2750 4737 duxisti,
2791 4673 3050 4744 populum
3087 4673 3293 4727 caelesti
3324 4687 3430 4742 ope

1856 4768 2001 4821 velut
2017 4784 2080 4822 ex
2096 4766 2406 4838 Egyptiaca
2426 4767 2657 4836 quadam
2678 4767 2960 4830 servitute,
2982 4767 3165 4835 impia,
3181 4765 3428 4835 inquam,

1856 4859 1982 4922 ﬁde,
2016 4858 2271 4912 liberasse
2302 4875 2316 4924 ;
2349 4857 2452 4912 nisi
2482 4858 2548 4912 ad
2578 4857 2872 4926 praeterita,
2907 4867 2961 4913 et
2989 4857 3232 4912 siderum
3259 4865 3432 4910 mstar

1857 4951 2006 5006 varie
2034 4951 2354 5004 collucentia
2394 4949 2658 5004 beneﬁcia
2692 4959 2803 5011 tua,
2831 4949 2994 5014 hanc,
3027 4947 3193 5001 veluti
3236 4962 3432 5016 quem-

1858 5045 1981 5099 dam
2018 5044 2276 5097 virtutum
2317 5051 2532 5098 tuarum
2575 5040 2956 5110 colophonem,
3004 5039 3270 5108 adjiceres
3305 5054 3430 5108 gra-

1859 5135 2043 5190 tiam?
2087 5134 2340 5195 Sanctus,
2386 5141 2628 5196 sanctus,
2673 5142 2916 5187 sanctus.
2957 5129 3194 5185 laetetur
3227 5130 3426 5184 caelum

1855 5231 2111 5298 desuper,
2147 5241 2270 5280 cum
2303 5240 2470 5280 sacrae
2501 5225 2650 5278 vocis
2681 5222 2814 5277 Isaia
2844 5223 3089 5278 dicamus
3109 5221 3176 5285 ",
3208 5223 3424 5275 tametsi

1853 5322 2002 5377 istud
2029 5319 2308 5382 audacius,
2336 5318 2462 5386 quia
2485 5319 2624 5372 Deus
2648 5331 2744 5387 per
2769 5325 2822 5370 te
2843 5317 3099 5371 misertus
3123 5321 3206 5368 est
3237 5314 3424 5384 populi

806 5436 851 5466 "
883 5435 1082 5491 Jerem.
1114 5451 1264 5499 XXXI,
1300 5435 1384 5489 15.
1459 5437 1503 5467 ’⁸
1563 5436 1664 5489 lsa.
1704 5452 1844 5504 xuv,
1875 5437 1985 5502 ‘25;
2016 5452 2090 5497 tx,
2119 5437 2169 5490 4.

1681 5549 1916 5610 NOTAE.

262 5662 364 5730 (Il)
421 5663 770 5722 Εἰσελθεῖν.
842 5669 954 5721 οὐκ
1007 5663 1193 5736 εἶχον.
1251 5668 1400 5722 llanc
1457 5670 1739 5737 epistolam

203 5737 422 5803 sei-ipsit,
462 5747 520 5788 ut
553 5745 795 5802 apparet,
829 5753 950 5791 cum
978 5739 1158 5792 adhuc
1188 5739 1240 5790 in
1271 5741 1601 5794 monasteiio
1629 5756 1743 5795 ver-

204 5815 418 5870 saretur,
463 5805 804 5877 proindeque
826 5816 949 5864 ante
974 5808 1251 5863 exsilium.

1925 5669 2036 5736 (12)
2062 5668 2300 5722 Κανόνα
2328 5666 2644 5735 ἐποίησαν.
2679 5661 3128 5736 Ecclesiasticum
3161 5656 3420 5712 oriﬁcium

1852 5731 1968 5796 sive
1996 5731 2206 5808 preces,
2232 5753 2366 5804 quas
2392 5731 2498 5806 pro
2543 5751 2684 5806 aegra
2716 5731 2993 5790 Theodori
3031 5738 3203 5784 matre
3228 5740 3423 5781 mona-

1853 5811 1938 5867 chi
1975 5811 2373 5879 persolverunt.
