4008 6318
587 386 686 453 931

1780 386 1843 446 S.
1876 382 2269 444 THEODORI
2301 382 2647 444 STUDITE

3737 384 3843 447 932

582 503 689 557 sui.
743 499 1028 572 lmpletum
1074 508 1156 554 est
1200 514 1329 570 ergo
1372 498 1685 552 universum
1732 514 1955 569 regnum
2007 508 2156 552 tuum

2264 496 2514 560 ἀνωθενῖ
2526 498 2667 567 μετά
2692 496 2786 551 τοῦ
2817 495 3242 568 ίεροφωνοτάτου
3284 495 3511 549 Ἥσαῖου
3544 494 3843 568 ὲπιϐοήσοο

583 592 779 665 gaudio
808 602 865 646 et
912 591 1295 651 exsultatione.
1349 592 1607 659 quoniam
1640 590 1880 644 ablatum
1918 598 2002 643 est
2053 590 2155 642 iui-

581 701 749 756 quum
788 686 997 756 iugum,
1040 685 1184 754 quod
1228 699 1391 753 supra
1426 684 1603 752 ipsum
1639 692 1755 737 erat
1797 681 2055 752 positum,
2102 691 2157 735 et

581 779 729 850 virga
777 795 898 849 quae
940 794 1103 848 super
1140 779 1337 831 collqu
1373 778 1628 846 potentiae
1663 777 1845 846 hujus.
1876 775 2009 840 Quis
2035 774 2156 828 talia

582 870 824 924 audivit?
855 870 944 924 Eia
970 870 1155 933 dicite,
1189 870 1310 923 viri.
1339 869 1471 934 Quis
1503 870 1603 923 sub
1633 869 1737 922 alio
1768 868 2001 937 imperio
2050 868 2156 921 tale

582 979 647 1018 ac
674 974 878 1017 tantum
904 963 1113 1017 facinus
1136 963 1267 1017 vidit
1294 963 1316 1014 ἲ
1348 962 1581 1016 Laudate
1608 977 1749 1023 eam,
1772 975 1961 1015 omnes
1980 951 2156 1030 p'opu-

584 1055 643 1117 li,
694 1055 1031 1125 magniﬁcate
1077 1070 1193 1108 eam
1249 1055 1780 1125 mecum,principes
1831 1064 1887 1108 et
1929 1055 2152 1119 subditi,

584 1146 897 1199 sacerdotes
930 1155 983 1198 et
1008 1145 1280 1207 monui-lii,
1313 1153 1367 1198 et
1386 1147 1821 1199 Christianorum
1855 1146 2007 1199 natio
2038 1145 2157 1197 uni-

582 1251 760 1291 versa.
817 1236 935 1290 Non
984 1239 1127 1291 enim
1172 1238 1487 1291 admiranda
1523 1237 1696 1291 solum
1743 1236 1844 1291 fuit
1902 1245 1981 1291 tot
2037 1236 2153 1290 auri

585 1328 911 1382 talentorum
978 1329 1227 1383 remissio
1271 1330 1288 1399 (
1335 1344 1645 1398 quanquam
1716 1329 2156 1398 incomparabilis

583 1419 673 1474 illa
705 1437 788 1475 res
821 1430 903 1474 est
935 1420 976 1487 ),
1012 1438 1198 1475 verum
1229 1422 1411 1482 etiam,
1457 1422 1599 1489 quod
1645 1421 1926 1490 iniustitiae
1966 1420 2154 1473 multi-

583 1511 703 1577 plex
745 1512 826 1563 via
874 1511 974 1564 hac
1015 1511 1174 1564 simul
1220 1512 1428 1564 ratione
1464 1512 1687 1579 praecisa
1719 1518 1826 1575 est,
1882 1525 2020 1579 opus
2052 1509 2154 1563 fuit

584 1603 741 1670 longe
798 1602 1225 1656 sanctissimum.
1262 1603 1467 1655 Sublati
1516 1612 1641 1655 sunt
1680 1618 1709 1657 e
1760 1603 1941 1657 medio
1982 1618 2155 1656 nexus

582 1691 940 1745 violentarum
974 1691 1456 1760 letliiferarumque
1488 1692 1850 1756 exactionum,
1885 1692 1976 1760 qui
2018 1706 2148 1761 prte-

582 1784 898 1838 de‘cessores
931 1793 1049 1837 tuos
1082 1800 1271 1837 omnes
1295 1784 1569 1838 latuerunt
1597 1801 1610 1849 ;
1644 1784 1768 1838 licet
1799 1800 1865 1839 ex
1898 1784 1982 1839 bis
2012 1798 2152 1837 non-

583 1876 715 1929 nulli
772 1875 859 1945 pie
907 1885 1203 1945 sancteque
1254 1877 1655 1946 imperaverint.
1710 1877 1825 1931 Hoc
1856 1879 2002 1933 enim
2056 1877 2151 1932 tibi

584 1970 917 2022 servabatur.
950 1970 1129 2023 Cessit
1174 1970 1582 2039 jusjurandum,
1631 1972 1821 2025 crebra
1869 1971 2152 2039 deieratio,

584 2061 667 2113 vel
689 2060 869 2129 potius
891 2061 1185 2130 perjurium
1204 2061 1534 2131 exigentium
1558 2063 1719 2115 simul
1746 2072 1799 2116 et
1819 2061 2154 2126 debentium,

587 2150 834 2221 utrisque
886 2152 1009 2205 inde
1041 2167 1139 2220 pro
1173 2167 1231 2204 re
1274 2159 1399 2205 nata
1449 2152 1860 2219 altercantibus,
1901 2154 2030 2208 dum
2068 2153 2157 2208 ille

585 2242 750 2298 celari
795 2243 1037 2298 debitum
1070 2244 1381 2314 exprobrat,
1418 2244 1505 2298 hic
1565 2254 1755 2300 contra
1808 2259 1868 2299 se
1922 2244 2156 2315 Opprimi

586 2344 929 2388 sacramento
977 2335 1214 2402 adiurat.
1264 2334 1509 2389 Cessavit
1556 2335 1780 2405 inopum
1824 2334 2062 2401 aﬂlictio,
2103 2342 2159 2390 et

585 2442 884 2496 pauperum
904 2427 1233 2492 sollicitudo,
1268 2444 1377 2481 non
1404 2429 1511 2497 iam
1539 2444 1648 2497 quo
1678 2429 1919 2483 remedio
1943 2429 2157 2483 mendi-

587 2519 804 2572 citatem
840 2520 1133 2587 depellant,
1164 2520 1523 2589 qumrentium
1562 2538 1576 2585 ;
1616 2522 1759 2590 quod
1792 2520 1973 2575 minus
2007 2536 2158 2574 acer-

580 2611 713 2663 bum
747 2610 946 2677 fuerit;
984 2613 1079 2666 sed
1110 2623 1166 2668 ut
1192 2614 1335 2681 quod
1383 2613 1583 2681 iniuste
1642 2614 1895 2684 exigitur,
1926 2621 1982 2667 et
2012 2614 2158 2683 quod

584 2700 868 2755 desursum
914 2702 1333 2770 quodammodo,
1381 2714 1438 2758 ut
1478 2705 1681 2773 peccati
1730 2705 1895 2772 fetus,
1942 2707 2157 2776 irrupit,

586 2794 1019 2863 compulsoribus
1048 2796 1380 2866 persolvant.
1407 2795 1520 2851 Non
1569 2798 1811 2867 pendunt
1860 2814 2007 2853 nunc
2036 2798 2155 2864 vite,

588 2895 729 2940 terra
759 2887 1000 2957 marique
1036 2887 1335 2959 vectigalia.
1372 2888 1621 2944 Consona
1652 2900 1778 2944 sunt
1811 2891 1927 2946 haec
1978 2892 2156 2963 magni

587 2988 644 3033 et
666 2981 803 3034 sacri
830 2980 1197 3053 Chrysostomi
1228 2983 1425 3037 verbis.
1453 2983 1569 3037 Non
1597 2984 1829 3053 amplius
1860 2986 2161 3056 Spoliantur

587 3072 790 3144 injuste
836 3076 1065 3146 pecunia
1113 3076 1495 3131 mediterranei
1540 3078 1607 3131 ab
1638 3077 1726 3139 iis,
1770 3078 1860 3147 qui
1901 3088 2159 3149 angustos

2261 606 2383 658 μεν,
2420 592 2468 642 εί
2492 590 2587 643 καὶ
2617 590 2914 660 τολμηρὸν,
2942 590 3026 643 ὅτι
3060 589 3280 659 ἐλέησεν
3309 591 3336 641 ὸ
3366 588 3499 652 Θεὸς
3524 587 3615 641 διὰ
3638 589 3736 641 σοῦ
3750 590 3839 641 τὸν

2256 681 2381 733 λαὸν
2412 681 2601 734 αὐτοῦ.
2659 682 2933 752 Ἐπλήσθη
2956 682 3137 753 γοῦνη
3163 681 3428 752 σύμπασά
3461 698 3555 735 σου
3591 680 3841 750 βασιλεία

2257 774 2432 841 χαρᾶς
2467 778 2561 825 καὶ
2592 772 2967 840 ἀγαλλιάσεως
2994 792 3007 803 ·
3040 774 3122 826 ὅτι
3157 774 3436 844 ἀφῄρηται
3461 774 3489 827 ὁ
3521 773 3731 843 ἄνομος
3750 773 3839 838 ζυ-

2257 864 2349 931 γὸς
2380 867 2407 917 ὁ
2434 865 2521 916 ἐπ’
2555 866 2725 935 αὐτὴν
2772 865 3045 935 κείμενος,
3092 867 3189 919 καὶ
3225 868 3259 936 ὴ
3307 867 3499 936 ράδδος
3530 868 3564 937 ή
3595 867 3695 920 ἐπὶ
3743 866 3836 919 τοῦ

2256 956 2530 1027 τραχήλου
2584 961 2684 1026 τῆς
2724 958 2981 1027 τοιαύτής
3017 960 3455 1031 ἐπικρατήσεως.
3503 960 3601 1023 Τίς
3634 960 3835 1029 ἢκουσε

2254 1045 2515 1113 τοιαύτας
2539 1046 2716 1115 δεῦρο,
2744 1048 2954 1115 εἴπατε,
2984 1047 3194 1118 ἄνδρες.
3228 1049 3339 1102 Καὶ
3369 1049 3452 1111 τίς
3470 1047 3722 1118 ἑώρακεν
3749 1049 3834 1101 ἐπ’

2256 1137 2423 1207 ἄλλης
2455 1136 2731 1207 βασιλείας
2760 1138 3001 1190 τοιοῦτον
3036 1141 3129 1192 καὶ
3154 1138 3407 1191 τοσοῦτον
3457 1139 3830 1210 κατόρθωμα;

2268 1230 2625 1283 Ἐπαινέσατε
2656 1230 2843 1300 αὐτὴν,
2866 1230 3065 1293 πάντες
3088 1232 3138 1283 οί
3167 1231 3284 1283 λαοί
3305 1249 3319 1263 -
3360 1231 3703 1301 μεγαλύιιατε
3733 1233 3834 1284 αὐ-

2255 1322 2353 1391 τὴν
2384 1322 2479 1374 σὺν
2508 1324 2662 1391 ἡμῖν,
2699 1321 2955 1392 ἄρχοντές
2978 1340 3036 1375 τε
3076 1323 3170 1376 καὶ
3198 1326 3520 1395 ἀρχόμενοι,
3566 1327 3737 1395 ἱερεῖς
3777 1345 3835 1380 τε

2256 1412 2353 1466 καὶ
2386 1414 2673 1482 μονασταὶ,
2706 1418 2797 1465 καὶ
2834 1416 2941 1467 πᾶν
2974 1415 3034 1467 τὸ
3060 1416 3443 1482 Χριστιανικδν
3471 1416 3659 1485 φῦλον.
3698 1423 3835 1477 Οὐδὲ

2254 1507 2382 1578 γὰρ,
2415 1508 2499 1560 ὅτι
2531 1506 2637 1561 τῶν
2665 1508 2936 1561 τοσούτων
2965 1508 3059 1561 τοῦ
3086 1509 3313 1580 χρυσίου
3340 1509 3617 1565 ταλάντων
3648 1514 3683 1583 ἡ
3728 1516 3835 1584 ᾰςρ-

2255 1616 2372 1662 εσις
2403 1600 2614 1667 γέγονε,
2662 1599 2975 1669 θαυμαστὸν
3022 1602 3208 1671 μόνον,
3254 1602 3459 1674 καίπερ
3504 1603 3564 1655 δν
3596 1605 3836 1683 ἀνυοπέρ-

2254 1689 2451 1759 ὄλητον
2474 1706 2488 1721 ·
2523 1690 2640 1744 ἀλλ’
2667 1693 2746 1744 ὅτι
2779 1692 2874 1745 καὶ
2908 1693 3074 1762 πόρος
3122 1692 3338 1756 ἀδικίας
3381 1693 3751 1760 πολυπλάσιος
3778 1699 3835 1750 ἑν

2255 1784 2320 1852 τῇ
2357 1782 2581 1854 τοιαύτῃ
2610 1783 2864 1837 ὑποθέσει
2903 1784 3264 1854 συνεξεκόπη,
3298 1784 3617 1840 ὁσιώτατον.
3648 1789 3833 1859 "fiqu

2188 1840 2229 1894 Β
2360 1877 2525 1946 μέσου
2553 1840 2911 1946 ,στραγγαλιά
2934 1840 3125 1947 βιαίων
3160 1840 3640 1951 καλ-ψυχοφθόρων

2256 1970 2536 2039 τημάτων,
2558 1969 2796 2023 λαθοῦσα
2822 1969 2951 2032 τούς
2972 1970 3079 2040 πρὸ
3104 1969 3201 2026 σοῦ
3232 1970 3497 2037 ἅπαντας,
3522 1971 3731 2041 καίπερ
3746 1990 3833 2025 τι-

2259 2062 2351 2124 νὰς
2377 2060 2615 2125 εὐσεόῶς
2632 2060 3110 2131 βεϐασιλευκότας.
3130 2062 3301 2115 Τούτο
3321 2063 3429 2133 γάρ
3451 2080 3531 2115 σοι
3545 2063 3830 2120 ἀπέκειτο.

2258 2155 2539 2209 Πέπαυται
2568 2156 2853 2224 ὲφομοσία,
2882 2155 3209 2226 πολυορκία,
3236 2155 3437 2226 μᾶλλον
3460 2156 3515 2211 δὲ
3535 2156 3833 2230 ψευδορκία

2257 2246 2350 2300 ὲπί
2381 2263 2441 2299 τε
2476 2245 2584 2299 τῶν
2612 2247 2986 2300 ἀπαιτούντων
3036 2249 3131 2299 καὶ
3168 2246 3587 2318 ἀπαιτουμένων
3608 2265 3623 2279 ·
3656 2251 3833 2319 ἀμφο-

2256 2338 2430 2407 τέρων
2452 2336 2701 2391 ἐντεῦθεν
2727 2338 2803 2400 ὡς
2830 2337 2890 2389 τὸ
2930 2336 3145 2407 συμϐάν
3172 2337 3583 2409 ἀπολλυμένων,
3606 2336 3704 2391 τοῦ
3733 2338 3832 2408 μὲν

2257 2430 2286 2483 ὅ
2310 2449 2362 2484 τι
2400 2429 2737 2499 ἀποκρύψειε
2784 2429 3150 2500 πειρωμένου,
3182 2429 3277 2484 τοῦ
3308 2430 3381 2495 δὲ,
3418 2430 3446 2483 ὅ
3481 2446 3533 2483 τι
3558 2429 3831 2500 ὐπερπιά·

2260 2539 2370 2575 σειε
2428 2521 3011 2591 καταπολιορκοῦντος.
3047 2522 3328 2575 Ιιέπαυται
3368 2518 3619 2590 ἔκθλιψις
3649 2537 3832 2575 στενο-

2258 2613 2639 2685 χωρουμένων,
2662 2613 2759 2667 καὶ
2784 2614 3098 2683 πενομένων
3120 2614 3532 2685 φροντιστήρια,
3552 2614 3654 2684 οὐχ
3676 2614 3827 2676 ὅπως

2258 2706 2357 2775 τῆς
2390 2708 2661 2777 πτωχείας
2692 2706 2981 2778 φάρμακον
3002 2704 3342 2776 ἀλεξιτήριον
3395 2703 3709 2777 ὲξευρεθείη
3744 2707 3831 2777 Cr;-

2261 2798 2520 2851 τούντων·
2565 2795 2726 2871 ἦττον
2786 2800 2894 2867 γὰρ
2945 2793 3014 2868 ἦν
3058 2797 3123 2851 ἀν
3157 2796 3219 2849 τὸ
3265 2797 3510 2868 λυπηρόν
3541 2813 3555 2827 ·
3596 2797 3717 2850 ἀλλ’
3742 2799 3827 2851 ἴνα

2259 2891 2320 2943 τὸ
2356 2890 2666 2955 ἀσύνθετον,
2692 2889 2785 2943 καὶ
2802 2888 3007 2944 ἀνωθὲν
3038 2905 3155 2952 πως
3187 2888 3262 2952 ὡς
3288 2889 3565 2960 ἁμαρτίας
3583 2889 3828 2962 γέννημα

2261 2982 2656 3052 ἐπεισφρῆσαν,
2698 2981 3067 3033 ἀποτίσωνται
3094 2982 3207 3043 τοῖς
3241 2982 3598 3054 πράκτορσιν.
3635 2984 3832 3037 Οὐκέτι

2260 3075 2315 3125 αἱ
2345 3074 2455 3126 ὁδοὶ
2483 3071 2860 3137 τελωνοῦνται,
2892 3072 3015 3126 ὅσαι
3056 3072 3196 3126 κατά
3241 3073 3365 3143 γῆν,
3406 3074 3529 3128 ὅσαι
3572 3076 3713 3129 κατά
3745 3074 3831 3129 θά-

586 3167 796 3221 viarum
820 3168 999 3222 aditus
1022 3168 1292 3233 obsident,
1318 3169 1547 3238 agrestis
1572 3171 1871 3240 cuiuspiam
1897 3170 2156 3225 dzemonis

2260 3167 2486 3220 λασσαν.
2533 3164 2898 3236 Ἀντίφθογγα
2946 3165 3123 3220 ταῦτα
3163 3164 3273 3220 τῶν
3320 3166 3425 3220 ὐπὸ
3467 3166 3560 3221 τοῦ
3591 3167 3830 3236 μεγάλου

590 3275 760 3323 more,
795 3269 889 3314 aut
916 3262 1289 3314 immansuetaz
1334 3261 1461 3314 ferae
1488 3261 1776 3315 delibantis
1812 3278 2027 3332 semper
2060 3264 2159 3317 ali-

585 3352 712 3421 quid
730 3370 795 3406 ex
816 3355 1021 3406 sarcina
1037 3354 1291 3423 pauperis
1313 3355 1551 3409 viatoris.
1588 3353 1695 3411 Nec
1714 3372 1899 3410 rursus
1920 3358 2157 3426 turpium

586 3444 895 3515 huiusmodi
924 3447 1265 3500 exaetiouum
1292 3455 1438 3501 metu
1472 3448 1614 3503 domi
1639 3464 1695 3503 se
1718 3450 2003 3503 continent
2028 3466 2156 3521 ege-

587 3537 664 3602 ni,
700 3554 872 3607 neque
897 3540 1114 3609 oppida,
1152 3556 1327 3609 neque
1359 3541 1625 3594 maritima
1660 3542 1777 3596 loca
1809 3542 2159 3612 frequentan-

590 3637 670 3681 tes
706 3644 720 3682 :
752 3629 951 3697 ubique
992 3632 1133 3683 enim
1166 3631 1466 3700 iniquitatis
1498 3633 1704 3702 scopuli
1754 3636 2154 3703 prominebant.

587 3718 704 3772 Non
729 3720 961 3788 amplius
990 3732 1169 3776 nautae
1193 3724 1258 3777 ab
1298 3724 1506 3778 oriente
1538 3738 1593 3780 et
1619 3726 1901 3781 occidente
1921 3738 1975 3780 et
2004 3730 2157 3797 aqui~

588 3807 711 3862 Ione
737 3810 1031 3873 solventes,
1058 3814 1360 3882 navigando
1392 3813 1775 3881 przefocantur.
1813 3826 2065 3885 tanquam
2092 3835 2158 3872 ex

589 3910 803 3971 gutture
820 3906 1063 3973 angustis
1089 3904 1333 3959 faucibus
1355 3908 1657 3974 portorium
1690 3907 1972 3961 reddituri.
1998 3908 2158 3963 Libe-

590 3992 689 4044 rati
718 4000 843 4046 sunt
872 3993 963 4062 qui
991 3994 1219 4047 venandi
1247 4005 1419 4049 artem
1442 4007 1717 4062 exercent,
1741 4000 1989 4068 expedite
2014 4016 2157 4055 nunc

588 4083 731 4137 illam
767 4085 1051 4146 obeuntes,
1088 4101 1237 4139 sacra
1276 4084 1444 4141 lrene.
1492 4088 1732 4143 Piscator
1756 4092 1847 4161 qui
1884 4102 1992 4146 tres
2021 4094 2157 4147 forte

590 4175 763 4244 pisces
795 4178 974 4238 traxit,
1013 4179 1173 4248 idque
1207 4188 1327 4248 post
1375 4196 1629 4250 maguum
1666 4199 1891 4253 prorsus
1920 4185 2157 4241 laborem

590 4270 754 4323 totius
784 4269 912 4334 diei,
946 4287 1112 4324 unum
1144 4273 1377 4341 pendere
1408 4290 1515 4327 non
1537 4276 1767 4346 c0gitur.
1800 4278 2012 4348 Auceps
2036 4296 2158 4334 cum

588 4376 716 4414 arcu
767 4368 861 4413 aut
890 4360 1040 4415 visco
1094 4363 1352 4430 pauculas
1379 4363 1517 4417 forte
1556 4380 1685 4419 aves
1710 4366 1937 4434 ceperit,
1982 4368 2048 4422 ad
2079 4368 2161 4421 vi-

590 4461 735 4506 ctum
769 4454 871 4507 sibi
905 4454 1238 4509 necessarias
1282 4455 1591 4510 immunisa
1639 4459 1877 4528 vectigali
1909 4475 2156 4524 manens,

588 4545 800 4599 beatius
852 4546 1013 4598 vivet.
1065 4543 1291 4598 Militum
1324 4562 1522 4599 uxores
1557 4548 1914 4602 domesticum
1949 4550 2154 4604 luctum

590 4637 856 4691 habentes
880 4635 949 4690 ob
980 4635 1220 4688 virorum
1248 4637 1619 4702 amissionem,
1645 4654 1752 4691 non
1788 4641 1981 4695 acerbe
2006 4642 2159 4695 insu-

589 4743 687 4798 per
718 4726 924 4781 ﬂebunt
953 4727 1317 4782 miserabilem
1338 4736 1392 4781 et
1426 4729 1775 4784 inhumanam
1807 4748 1904 4801 pro
1943 4742 2159 4789 mortuo

589 4818 1156 4873 exactionem.Missos
1180 4819 1318 4873 facio
1338 4820 1615 4885 subulcos,
1649 4822 1828 4876 ovium
1857 4824 2156 4889 institores,

591 4912 697 4965 vini
749 4920 1044 4982 emptores.
1102 4912 1253 4966 Mitto
1305 4913 1500 4975 lanios,
1558 4924 1821 4979 textores,
1884 4916 2155 4981 ferrarios,

590 5011 824 5067 sutores,
868 5002 1121 5067 fullones,
1168 5004 1549 5068 aromatarios,
1577 5016 1631 5059 et
1659 5007 1991 5063 architectos
2021 5025 2034 5071 ;
2069 5018 2155 5064 at-

590 5112 697 5165 que
742 5103 801 5148 ut
840 5095 1027 5164 paucis
1054 5096 1407 5165 complectar,
1444 5108 1614 5151 artem
1666 5114 1904 5166 omnem,
1946 5118 2066 5171 quae
2102 5103 2153 5157 in

591 5203 744 5252 auro,
780 5187 866 5240 vel
894 5186 946 5239 in
980 5187 1146 5255 ligno,
1189 5188 1273 5242 vel
1322 5188 1375 5242 in
1400 5187 1501 5243 alia
1533 5189 1748 5244 demum
1781 5193 2005 5247 materia
2040 5209 2160 5249 cer-

595 5277 762 5342 nitur,
798 5291 868 5330 ne
894 5276 1103 5347 longior
1135 5279 1257 5343 sim,
1296 5279 1348 5333 in
1408 5279 1510 5335 hac
1558 5281 1834 5336 minutiori
1876 5299 2161 5341 enumera-

595 5367 763 5433 tione,
788 5366 989 5436 optima
1017 5368 1260 5431 domina,
1288 5370 1605 5441 plauserunt
1630 5389 1819 5428 omnes
1842 5377 1954 5431 suis
1981 5379 2157 5432 mani-

592 5459 717 5524 bus,
764 5467 819 5513 et
846 5460 1015 5530 gavisi
1066 5471 1193 5516 sunt
1220 5464 1413 5532 gaudio
1455 5480 1652 5536 magno
1689 5468 1841 5522 valde
1864 5469 2107 5525 dicentes
2142 5489 2154 5525 :

594 5548 917 5604 Benedicam
951 5561 1021 5612 te,
1069 5551 1313 5618 Domine,
1364 5558 1620 5623 quoniam
1654 5559 1907 5617 misertus
1940 5577 1998 5616 es
2028 5563 2157 5628 mei,

596 5653 654 5696 et
683 5642 857 5697 lactus
886 5658 947 5698 es
978 5644 1108 5700 mibi
1142 5647 1193 5699 in
1227 5647 1477 5703 salutem.

2260 3262 2355 3311 καὶ
2388 3257 2532 3328 ἱεροῦ
2564 3259 2954 3329 Χρυσοστόμου
2988 3259 3318 3331 εἰρημένων.
3368 3260 3564 3314 Οὐκέτι
3598 3260 3829 3331 ἠπειρῶ-

2258 3368 2347 3402 ται
2389 3348 2841 3422 ὲξαργυρίξονται
2884 3349 3047 3404 ἄδικα
3092 3350 3238 3405 κατά
3262 3350 3388 3413 τούς
3426 3352 3736 3414 στενωποὺς
3769 3354 3830 3404 ὲκ

2257 3442 2366 3494 τῶν
2389 3442 2812 3513 ἐπικαθημένων
2837 3441 3036 3497 ὡσανεὶ
3054 3443 3248 3513 ἀγρίου
3306 3442 3452 3505 τινος
3492 3441 3766 3511 δαίμονος,
3798 3441 3828 3510 ἢ

2260 3532 2554 3588 ἀτιθάσσου
2598 3534 2783 3605 θηρὸς,
2814 3535 3225 3605 ἀπογευομένου
3275 3535 3493 3596 πάντως
3525 3535 3590 3585 ὲκ
3612 3532 3712 3602 τῆς
3738 3530 3828 3584 τοῦ

2262 3628 2558 3697 πενομένου
2600 3627 2775 3679 ὅδίτου
2831 3626 3273 3696 ὲπιφορτώσεως.
3312 3625 3434 3678 Οὐδ’
3468 3620 3535 3677 αὖ
3573 3625 3685 3677 δέει
3724 3624 3829 3675 τῶν

2259 3720 2517 3772 τοιούτων
2558 3718 2801 3789 αἰσχρῶν
2845 3718 3151 3787 λημμάτων
3181 3717 3319 3771 οῐκοι
3348 3716 3598 3786 μένουσιν
3625 3716 3675 3767 οί
3700 3716 3830 3769 ἀπο-

2263 3811 2539 3882 ρούμενοι,
2576 3812 2713 3881 μήτε
2743 3810 2812 3863 τὰ
2841 3811 2899 3863 ὲν
2929 3812 3106 3874 ἀστει,
3144 3812 3281 3881 μήτε
3316 3810 3442 3871 τοὺς
3478 3808 3829 3878 παραθαλασ-

2262 3902 2409 3965 σίους
2470 3902 2670 3965 τόπους
2727 3900 3237 3970 καταλαμϐάνοντες
3267 3914 3280 3929 ·
3307 3896 3583 3967 πανταχοῦ
3630 3897 3741 3968 γὰρ
3782 3898 3829 3950 οι

2258 3994 2361 4063 τῆς
2385 3994 2598 4057 ἀδικίας
2639 3993 2893 4047 σκόπελοι
2924 3993 3353 4064 προεστήκασιν.
3386 3991 3584 4045 Οὐκέτι
3614 3994 3664 4045 οἱ
3690 3992 3830 4044 πλω-

2258 4089 2420 4159 τῆρες
2455 4088 2563 4141 ἀπὸ
2592 4087 2866 4142 ἀνατολῶν
2897 4087 2993 4140 καὶ
3038 4086 3261 4156 δυσμῶν
3313 4085 3408 4139 καὶ
3452 4084 3626 4157 βορρᾶ
3689 4085 3831 4155 εξορ-

2265 4180 2506 4252 μώμενοι
2534 4181 2629 4235 καὶ
2677 4181 3078 4241 καταπλέοντες
3130 4179 3544 4247 ὐποπνίγονται,
3575 4178 3651 4242 ὡς
3678 4177 3743 4230 ἂν
3770 4179 3829 4230 έκ

2261 4273 2456 4344 λαιμοῦ
2494 4276 2603 4336 τοῖς
2653 4276 2856 4336 στενοῖς
2891 4272 3129 4341 στομίοις
3157 4272 3217 4325 τὸ
3258 4270 3661 4339 τελωνούμενον
3699 4270 3827 4322 ἀπο-

2261 4366 2546 4429 δώσοντες.
2604 4365 2933 4435 Ἀφείθησαν
2976 4366 3027 4416 οἱ
3077 4363 3175 4434 τὴν
3221 4363 3560 4434 ἀγρευτικὴν
3607 4360 3829 4429 μέθοδον

2267 4457 2679 4527 μετερχόμενοι,
2728 4455 2947 4525 κούφως
2996 4455 3201 4525 ταύτην
3229 4453 3707 4523 διαλαμϐάνοντες,
3742 4452 3830 4505 Εἰ-

2268 4550 2403 4619 ρήνη
2436 4547 2712 4618 ίερὸψυχε.
2759 4547 2817 4600 '0
2852 4547 3037 4609 ἀλιεὺς
3068 4546 3228 4616 τυχὸν
3269 4548 3420 4617 τρεῖς
3463 4545 3651 4616 ἰχθύας
3684 4544 3831 4598 ἀνελ-

2265 4642 2457 4705 κύσας,
2485 4642 2579 4693 καὶ
2609 4639 2765 4693 τοῦτο
2793 4641 3010 4703 πάντως
3038 4639 3212 4692 πολλὰ
3242 4637 3594 4701 κεκοπιακὼς
3620 4638 3689 4693 δι’
3709 4638 3829 4707 ὅλης

2264 4734 2498 4803 ἡμέρας,
2527 4731 2617 4785 τὸν
2671 4732 2767 4784 ἕνα
2793 4732 2891 4785 οὐκ
2945 4733 3313 4786 ἀποτίννυσιν.
3362 4732 3418 4785 Ὀ
3472 4731 3694 4801 τοξότης
3739 4730 3831 4799 ἢὸ

2269 4825 2481 4893 ἰξευτὴς
2510 4825 2717 4896 οὕσπερ
2763 4825 3059 4896 ἐθήρευσεν
3106 4824 3321 4889 ὀλίγους
3356 4824 3497 4894 τάχα
3540 4820 3829 4895 ὅρνεις,ὲξ

2267 4910 2341 4971 ῶν
2389 4918 2540 4986 αὐτῷ
2581 4920 2614 4988 ἡ
2663 4916 2936 4986 ἀναγκαία
2972 4918 3167 4989 τροφὴ,
3218 4917 3606 4988 ἀλογοθέτητος
3646 4917 3828 4986 διαμέ-

2263 5028 2369 5065 νων
2418 5012 2765 5083 εὐζωήσειεν.
2799 5012 2865 5063 Al
2902 5011 3285 5082 στρατιώτιδες
3328 5011 3389 5063 τὸ
3417 5011 3616 5063 οἰκεῖον
3639 5008 3826 5071 πένθος

2266 5103 2483 5174 ἔχουσαι
2510 5104 2610 5173 τῆς
2655 5103 2916 5174 ἀνδρικῆς
2956 5102 3249 5173 ἀποϐολῆς,
3275 5102 3375 5155 οὐκ
3409 5102 3828 5173 ὲπιθρηνήσουσι

2265 5196 2477 5265 πικρῶς
2522 5195 2621 5267 τὴν
2669 5195 2808 5266 ὑπὲρ
2846 5194 2939 5248 τοῦ
2976 5194 3227 5258 θανέντος
3269 5194 3508 5267 ἐλεεινὴν
3535 5196 3631 5252 καὶ
3661 5194 3828 5250 ἀπάν-

2266 5287 2483 5358 θρωπον
2510 5288 2882 5358 ὲξαπαίτησιν.
2907 5288 3016 5341 Καὶ
3028 5287 3275 5359 ,πάρειμι
3290 5289 3418 5351 τοὺς
3440 5288 3694 5353 συδότας,
3714 5288 3829 5351 τούς

2268 5380 2778 5451 προδατεμπόρους,
2820 5382 2944 5443 τοὺς
2971 5380 3316 5451 οἱνοπράτας.
3366 5380 3470 5433 Ἐὦ
3496 5380 3679 5449 λέγειν
3713 5380 3827 5442 τοὺς

2268 5474 2626 5545 κρεωπώλας,
2656 5474 2781 5537 τοὺς
2815 5473 3257 5544 ίστουργοῦντας,
3285 5474 3408 5537 τοὺς
3441 5473 3824 5542 χαλκοτύπους,

2266 5567 2393 5630 τοὺς
2426 5565 2812 5635 σκυτοτόμους,
2851 5566 2979 5630 τοὺς
3022 5565 3388 5629 δευσοποιούς,
3427 5566 3823 5637 ἀρωματοπρά-

2269 5678 2368 5723 τας
2398 5678 2457 5713 τε
2491 5660 2585 5713 καὶ
2610 5660 2997 5731 ἀρχιτέκτονας
3020 5678 3034 5693 ο
3066 5662 3157 5715 καὶ
3177 5661 3478 5733 συλλήϐδην
3499 5662 3673 5713 εἰπεῖν
3699 5659 3823 5714 ᾶπα-

596 5754 695 5790 σαν
726 5737 974 5804 μέθοδον,
1016 5738 1114 5808 ὅση
1144 5740 1282 5792 κατὰ
1323 5742 1720 5811 χρυσουργίαν,
1747 5745 1846 5817 ὅση
1885 5748 2026 5802 κατά
2070 5750 2409 5825 ξυλουργίαν,
2458 5751 2558 5818 ὅση
2622 5750 2762 5804 κατά
2817 5752 2997 5804 πᾶσαν
3052 5750 3217 5822 ἀλλην
3243 5750 3375 5823 ὕλην
3412 5752 3821 5825 έπιθεωρεῖταιο

599 5831 685 5886 ἴνα
736 5832 811 5906 μὴ
856 5833 1066 5906 μακρὸν
1109 5835 1449 5907 ἀποτείνοιμι
1494 5839 1681 5905 λόγον’
1758 5843 1813 5895 ὲν
1856 5846 1923 5915 τῇ
1966 5846 2187 5917 τοιαύτῃ
2255 5844 2697 5916 κατακερμασέᾳ.
2737 5836 2781 5898 ὦ
2810 5844 3089 5913 πανάγαθε
3134 5844 3412 5913 δέσποινα,
3458 5844 3823 5915 ὲπεκρὸτησαν
