4008 6318
149 365 244 428 933

1362 367 1900 429 EPISTOLARUM
1951 369 2098 430 LIB.
2129 370 2176 430 Ι.

3311 365 3411 428 934

142 482 254 540 ταῖς
301 479 494 550 χερσὶν
539 477 718 534 αὐτῶν
772 480 1041 544 ἅπαντες,
1087 481 1179 534 καὶ
1226 482 1500 553 ἐχάρησαν
1544 483 1719 554 χαρὰν
1762 485 2007 555 μεγάλην
2046 485 2289 556 σφόδρα,
2332 483 2520 538 ἐκεῖνα
2598 482 2882 552 εἰρηκότες
2910 497 2924 512 ’
2985 481 3280 554 Εὑλογήσω
3326 500 3412 542 σε,

145 577 328 648 Κύριε,
380 578 465 630 ὅτι
505 577 744 649 ἡλέησάς
790 595 881 647 με,
910 578 1004 631 καὶ
1047 579 1232 646 ἐγένου
1279 597 1368 648 μοι
1417 581 1496 644 εἰς
1537 581 1836 650 σωτηρίαν.

210 669 299 720 Διὸ
330 666 619 731 πεποιθὼς
667 669 862 736 ἔσομαι
909 669 1002 720 ἐπὶ
1035 671 1100 738 τῇ
1147 669 1413 737 θεοσδότῳ
1446 688 1540 723 σου
1572 670 1731 739 βασι-

1902 671 2197 742 Propterea
2250 671 2504 728 ﬁduciam
2538 686 2748 725 sumam
2787 672 2841 726 in
2875 675 2979 727 hoc
3000 672 3257 730 divinitus
3285 673 3415 731 dato

143 756 275 828 λείᾳ..
299 758 490 812 Ταῦτα
517 759 694 813 πάντα
716 760 763 825 (ι
775 761 826 830 5)
864 760 1123 824 αἰνέσεως
1154 760 1335 830 πλήρη
1366 763 1461 813 καὶ
1489 761 1725 830 ἐξυμνή-

145 867 296 917 σεως,
347 850 556 922 Εἰρήνη
606 851 733 921 φίλη
768 850 1027 921 Χριστοῦ,
1051 852 1113 905 τὸ
1152 853 1323 920 γλυκὺ
1366 853 1458 905 καὶ
1494 854 1728 921 πρᾶγμα

145 944 235 996 καὶ
255 943 450 1013 δνομα.
475 942 660 996 Ταῦτα
687 943 747 995 οὐ
785 943 946 1013 μόνον
981 946 1037 997 ἐν
1059 947 1125 1015 τῇ
1159 945 1485 1015 ἐπικρατείᾳ
1503 945 1604 1014 τῆς
1629 943 1726 1013 βα-

147 1032 348 1096 σιλείας
387 1051 506 1097 σου,
543 1032 677 1086 ἀλλὰ
707 1035 800 1086 καὶ
832 1034 994 1106 μέχρι
1033 1035 1323 1106 τερμάτων
1348 1035 1444 1104 τῆς
1467 1035 1726 1104 οἰκουμέ⁹

147 1142 239 1194 νης
267 1123 698 1194 διαδοθήσονται,
724 1127 818 1178 καὶ
857 1125 1180 1179 ἀκούσονται
1211 1127 1359 1195 ἡμᾶς
1393 1126 1724 1195 ἀλλοεθνεῖς,

147 1217 240 1269 καὶ
267 1215 663 1286 θαυμάσονται,
696 1217 791 1270 καὶ
822 1215 1220 1286 πτοηθήσονται
1249 1219 1358 1270 ἀπὸ
1385 1219 1486 1286 τῆς
1516 1217 1726 1286 εὐπρα-

150 1307 263 1370 ξίας
292 1307 403 1359 τῶν
433 1306 616 1374 σοφῶν
647 1323 740 1358 σου
768 1306 1237 1377 ἐπιτηδευμάτων.
1265 1307 1554 1362 Αἰδοῦνται
1587 1309 1723 1380 γὰρ,

150 1401 336 1467 φησὶν.
374 1396 588 1463 ἀνδρῶν
612 1395 816 1466 ἀρετὴν
851 1397 946 1448 καὶ
979 1397 1250 1464 πολέμιοι,
1279 1397 1307 1450 ὁ
1338 1398 1444 1452 τῶν
1463 1399 1726 1466 θεολόγων

148 1486 490 1557 διαπρύσιος.
525 1484 682 1538 Οὕτω
714 1486 1043 1554 φυλάττεται
1071 1505 1164 1540 σου
1197 1489 1440 1559 ἀρῤαγές
1477 1491 1538 1542 τὸ
1569 1490 1725 1559 βασί-

149 1579 286 1630 λειον
311 1593 325 1606 ·
354 1577 528 1639 οὕτως
559 1577 693 1630 εῖκει
726 1577 819 1630 καὶ
843 1577 1090 1630 πείθεται
1119 1595 1200 1631 σοι
1221 1580 1477 1650 ἀσμένως
1531 1581 1592 1633 τὸ
1623 1581 1727 1632 ὑπ-

149 1671 324 1740 ήκοον.
356 1669 548 1741 Ταύτῃ
574 1668 894 1739 θεραπεύεις
923 1670 983 1722 τὸ
1001 1670 1183 1723 Θεῖον’
1223 1670 1394 1742 ταύτῃ
1423 1670 1725 1742 ἐπευφραί-

150 1753 256 1825 vat;
281 1764 406 1826 τοὺς
435 1763 730 1825 ἐκλεκτοὺς
752 1762 886 1816 Θεοῦ
914 1763 1198 1831 ἀγγέλους,
1229 1765 1343 1818 ἀλλ’
1373 1764 1465 1818 οὖν
1487 1766 1725 1830 καὶτοὺς

151 1853 306 1916 ὁσίως
327 1854 421 1906 καὶ
450 1852 674 1915 δικαίως
707 1852 1179 1922 πολιτευομένους,
1210 1854 1414 1924 Εἰρήνη
1454 1853 1722 1921 θεώνυμε.

163 1945 248 1997 Ἐν
280 1944 496 2007 τούτοις
521 1947 555 2014 ἡ
591 1943 842 1998 εὐσέϐειά
891 1961 984 1997 σου
1030 1944 1346 2013 διαλάμπει.
1389 1945 1478 1996 Ἐν
1514 1945 1725 2007 τούτοις

1834 763 2062 833 imperio
2096 775 2211 818 tuo.
2245 762 2372 818 Haec
2393 763 2574 818 omnia
2600 763 2776 818 laudis
2806 765 2965 834 plena
2990 773 3044 820 et
3076 767 3414 836 praedicatio-

1832 854 1940 917 nis,
1978 852 2133 907 lrene
2178 851 2398 906 Christo
2453 853 2643 917 chara,
2685 853 2860 907 dulcis
2903 863 2959 908 et
2990 870 3047 908 re
3084 865 3139 909 et
3169 856 3410 909 nomine.

1834 943 1961 1000 Haec
1994 961 2103 999 non
2135 945 2310 999 solum
2340 958 2445 1013 qua
2469 953 2621 1012 patet
2661 944 2874 1013 imperii
2907 946 2983 1000 tui
3020 955 3283 1015 potestas,
3317 947 3412 1000 sed

1834 1038 1901 1092 ad
1927 1038 2071 1108 ipsos
2091 1054 2264 1108 usque
2286 1039 2435 1093 orbis
2463 1048 2622 1093 terra:
2656 1041 2918 1094 terminos
2941 1041 3360 1095 celebrabuntur
3395 1055 3409 1093 :

1834 1131 2162 1199 audientque
2192 1131 2258 1185 de
2285 1131 2442 1185 nobis
2479 1139 2677 1185 exterae
2715 1142 2926 1203 gentes,
2964 1142 3018 1186 et
3046 1132 3410 1196 mirabuntur,

1834 1231 1891 1277 et
1919 1222 2309 1290 obstupescent
2339 1221 2866 1290 sapientissimarum
2896 1221 3167 1275 actionum
3201 1231 3412 1275 tuarum

1834 1313 2170 1368 felicitatem.
2222 1313 2565 1367 lleverentur
2623 1315 2768 1368 enim
2827 1315 3108 1368 hominum
3159 1316 3411 1369 virtutem

1833 1403 1998 1458 etiam
2017 1403 2218 1466 hostes,
2238 1403 2310 1456 ait
2337 1403 2711 1473 theologorum
2739 1404 3072 1459 clarissimus
3089 1406 3153 1459 ’⁷.
3179 1405 3256 1460 lta
3279 1421 3414 1460 con-

1833 1501 2081 1548 servatur
2114 1494 2498 1548 inconcussum
2544 1495 2831 1563 imperium
2881 1503 3056 1560 tuum,
3110 1496 3180 1549 ita
3214 1497 3417 1550 cedunt

1834 1584 2140 1639 etlibenter
2157 1585 2416 1639 obediunt
2439 1585 2532 1638 tibi
2560 1586 2781 1640 subditi.
2802 1585 2916 1641 llac
2931 1597 3046 1640 arte
3072 1587 3236 1640 Deum
3257 1587 3411 1647 colis,

1834 1673 1938 1726 bac
1990 1675 2193 1728 electos
2245 1674 2339 1728 Dei
2397 1676 2618 1744 angelos
2652 1674 2912 1738 laatiﬁcas,
2945 1676 3053 1730 imo
3097 1685 3152 1729 et
3181 1676 3298 1730 illos
3324 1676 3415 1745 qui

1834 1774 2020 1818 sancte
2043 1779 2106 1818 ac
2128 1767 2277 1835 juste
2297 1765 2462 1818 vitam
2485 1765 2716 1828 ducunt,
2741 1768 2894 1820 lrene
2924 1765 3168 1820 divinum
3188 1781 3412 1821 nomen.

1834 1850 1892 1906 ln
1926 1853 2009 1908 his
2052 1854 2225 1923 pietas
2255 1864 2347 1908 tua
2381 1855 2558 1912 elucet
2593 1871 2604 1905 :
2641 1855 2694 1908 in
2723 1854 2807 1909 his
2852 1870 2914 1910 os
2943 1870 3105 1908 omne
3140 1864 3193 1909 et
3233 1856 3416 1926 lingua

1833 1943 1888 1998 in
1921 1945 2106 1999 laudes
2139 1954 2256 2000 tuas
2292 1946 2556 2016 aperitur,
2595 1945 2721 2000 Haec
2753 1961 2878 2000 vera
2906 1954 2990 2001 est
3030 1946 3200 2017 gloria
3231 1947 3417 2001 Eccle-

152 2038 258 2090 πᾶν
290 2036 465 2106 στόμα
501 2036 597 2089 καὶ
627 2037 775 2089 πᾶσα
833 2035 1055 2103 γλῶσσα
1089 2036 1226 2106 πρὸς
1255 2037 1461 2089 αῐνεσίν
1505 2053 1597 2088 σου
1655 2034 1734 2100 ἐξ·

1845 2038 1940 2091 siae
1983 2053 1998 2092 :
2031 2036 2134 2092 hoc
2160 2037 2391 2107 sigillum
2431 2046 2654 2091 asserta:
2684 2053 2712 2091 a
2749 2046 2799 2092 te
2833 2048 3094 2106 paternae,
3127 2048 3180 2092 et
3219 2039 3418 2092 divini-

151 2129 450 2196 ανοίγεται.
477 2127 624 2198 Αὕτη
651 2128 724 2191 ὼς
747 2127 960 2197 ἀληθῶς
996 2129 1028 2198 ἡ
1061 2127 1187 2194 δόξα
1220 2127 1319 2198 τῆς
1366 2127 1691 2195 Ἐκκλησίας
1713 2140 1730 2157 ⁸

152 2221 287 2292 α’ύτη
327 2224 359 2285 ἡ
395 2223 637 2293 σφραγὶς
696 2221 795 2290 τῆς
837 2219 1290 2290 περιποιηθείσης
1341 2237 1425 2273 σοι
1461 2219 1736 2290 πατρικῆς

153 2315 244 2366 καὶ
269 2313 636 2367 θεοπνεύστου
664 2312 771 2364 τῶν
810 2311 1154 2381 Χριστιανῶν
1192 2311 1524 2383 όρθοδοξίας,
1553 2311 1735 2363 ἐκδικε

151 2402 242 2456 τοῦ
270 2403 430 2461 Θεοῦ.
469 2403 565 2455 καὶ
609 2401 708 2471 τῆς
740 2400 1000 2471 ἀληθείας
1051 2401 1362 2472 ὖπέρμαχε.
1394 2399 1736 2470 Τηλικαῦται

155 2512 244 2547 σου
272 2496 326 2547 αἱ
357 2493 468 2546 τῶν
506 2493 715 2562 ἀρετῶν
751 2493 1044 2558 ἐπιδόσεις,
1075 2492 1150 2556 ὡς
1215 2492 1441 2562 μεγάλοι
1496 2493 1590 2546 καὶ
1622 2490 1740 2558 ἀξι-

155 2587 366 2639 έπαινοι
397 2587 446 2638 οί
489 2583 670 2654 μισθοί
702 2601 794 2638 σου
823 2599 836 2612 ⁶
870 2583 943 2648 ὡς
978 2584 1112 2637 πολύ
1156 2601 1247 2637 σου
1267 2585 1364 2637 κα)⁸
1396 2583 1738 2653 ὑπερϐάλλον

153 2678 210 2730 τὸ
239 2677 593 2745 ἀνταπόδομα
617 2678 765 2747 παρὰ
793 2676 887 2728 τοῦ
927 2677 1035 2730 τῶν
1065 2676 1205 2730 ὅλων
1239 2675 1400 2728 Θεοῦ.
1453 2676 1613 2743 Μέγα
1639 2676 1738 2744 μὲν

155 2768 258 2837 γὰρ
289 2769 384 2820 καὶ
410 2767 475 2820 τὸ
502 2767 600 2820 ἐνα
627 2767 845 2831 σώζειν.
890 2767 1014 2829 Πῶς
1041 2767 1150 2837 γὰρ
1175 2766 1234 2820 οὓ
1257 2784 1272 2833 ;
1305 2767 1449 2831 ἐπεὶ,
1478 2766 1552 2830 ὥς
1576 2784 1738 2837 φησιν

156 2859 316 2927 ἠθεία
337 2858 553 2928 Γραφὴ,
586 2857 895 2927 Ὀὲξάγιων
909 2857 1084 2921 ἀξιον
1098 2859 1166 2922 ἐξ
1191 2858 1467 2924 ἀναξίου,
1493 2859 1569 2923 ὡς
1589 2861 1736 2912 στό-

153 2965 234 3017 μα
260 2967 372 3017 μου
399 2949 573 3002 ἔσται
597 2965 612 2979 ο
643 2949 704 3002 τὸ
735 2949 791 3001 δέ
810 2948 1076 3012 τοσαύτας
1095 2949 1273 3018 ψυχὰς
1292 2951 1387 3002 καὶ
1424 2949 1484 3000 τὸ
1509 2951 1615 3002 πᾶν
1643 2951 1736 3001 τοῦ

159 3039 310 3105 λαοῦ,
350 3040 472 3103 πῶς
496 3041 556 3091 ού
599 3041 742 3110 μέγα
786 3042 882 3094 καὶ
914 3041 1228 3110 σεϐάσμιον,
1276 3043 1368 3094 καὶ
1414 3041 1509 3109 τῆς
1538 3041 1741 3093 ἄνωθεν

161 3132 574 3202 μεγαλοδωρεᾶς
604 3133 771 3196 ὅντως
799 3132 1023 3196 ἐπάξιον
1051 3150 1065 3198 ;
1100 3133 1170 3184 Σὺ
1197 3127 1288 3184 οὖν
1320 3131 1381 3183 τὸ
1413 3131 1551 3200 μέγα
1575 3131 1743 3195 ὅντως

160 3223 247 3273 καὶ
274 3223 658 3292 πραγματικὸν
688 3223 879 3293 ὄνομα.
913 3224 1049 3292 μετά
1079 3221 1172 3275 τοῦ
1207 3222 1402 3286 παντὸς
1433 3222 1597 3275 καλοῦ
1629 3225 1744 3274 εἰσ-

165 3313 429 3382 ελήλυθας
478 3317 557 3376 είς
590 3314 656 3367 τὰ
707 3315 988 3384 βασίλεια·
1021 3317 1116 3368 καὶ
1165 3317 1228 3368 σὺ
1274 3315 1343 3367 τὰ
1385 3312 1746 3384 ἐγκαταλείμ-

165 3422 306 3474 ματα
339 3406 444 3477 τῆς
472 3407 817 3478 δικαιοσύνης
852 3410 1068 3472 ἐάσειας
1094 3408 1489 3473 διαιωνίζοντα.

565 3522 646 3577 Η’.
670 3553 736 3565 -
753 3523 997 3594 Συμεὼν
1019 3525 1347 3595 ἡγουμένῳ.

1843 2138 1930 2182 tus
1971 2127 2247 2197 inspirata:
2287 2126 2728 2182 Christianorum
2777 2128 2900 2182 ﬁdei
2933 2128 3268 2193 orthodoxae,
3298 2129 3419 2182 vin-

1841 2220 1942 2274 dex
1971 2219 2090 2281 Dei,
2123 2227 2178 2273 ct
2222 2218 2467 2273 veritatis
2500 2219 2912 2289 propugnatrix.
2956 2219 3126 2273 Tanta
3154 2229 3281 2274 sunt
3311 2220 3418 2275 vir-

1843 2318 2022 2365 tutum
2054 2319 2268 2364 tuarum
2293 2310 2650 2364 incrementa.
2682 2309 2851 2376 Quam
2875 2325 3067 2380 magna
3089 2320 3144 2365 et
3161 2313 3417 2380 praeclara

1842 2418 2054 2457 merces
2104 2403 2239 2456 tua!
2279 2410 2478 2471 quanta
2511 2409 2567 2455 et
2603 2416 2765 2467 quam
2813 2401 3082 2456 excellens
3133 2402 3419 2456 retributio

1842 2494 1912 2548 ab
1959 2492 2340 2546 universorum
2376 2490 2488 2545 Deo
2520 2493 2533 2543 ι
2588 2491 2837 2562 Magnum
2869 2492 3014 2544 enim
3047 2507 3270 2561 prorsus
3312 2500 3417 2554 est,

1844 2585 1931 2639 vel
1961 2600 2130 2637 unum
2157 2599 2410 2637 servare:
2441 2583 2628 2653 quidni
2682 2583 2824 2636 enim
2853 2583 2874 2634 ?
2903 2599 3025 2636 cum
3065 2582 3210 2637 dicat
3237 2582 3420 2636 divina

1846 2676 2164 2746 Scriptura:
2215 2673 2316 2739 Qui
2355 2676 2526 2728 educit
2555 2675 2770 2742 dignum
2799 2675 2861 2727 de
2894 2674 3130 2741 indigno,
3184 2674 3280 2726 erit
3315 2675 3419 2725 sic-

1847 2779 1901 2824 ut
1957 2786 2013 2823 os
2059 2785 2232 2822 meum
2257 2767 2348 2834 ’3;
2415 2774 2492 2820 tot
2531 2766 2740 2818 animas
2780 2774 2835 2818 et
2895 2766 3153 2834 populum
3200 2780 3419 2817 omnem

1846 2877 2112 2926 servasse,
2165 2859 2438 2931 quomodo
2476 2873 2733 2928 magnum
2778 2873 2886 2911 non
2929 2864 3217 2910 censeatur
3238 2866 3290 2909 et
3311 2856 3420 2927 glo-

1848 2955 2075 3018 riosum,
2106 2960 2161 3006 et
2207 2951 2415 3006 caelesti
2461 2948 2833 3003 muniﬁcentia
2886 2947 3107 3017 dignum
3136 2946 3159 2999 ί
3184 2945 3266 3000 Tu
3293 2961 3423 3015 ergo

1848 3059 2102 3115 magnum
2157 3059 2344 3098 revera
2379 3053 2434 3097 et
2465 3042 2650 3096 efﬁcax
2690 3057 2910 3107 nomen,
2962 3040 3248 3111 imperium
3296 3054 3420 3093 cum

1849 3137 1997 3190 omni
2043 3137 2185 3190 bono
2235 3135 2481 3192 inivisti:
2521 3144 2578 3190 tu
2632 3134 2856 3204 iustitia:
2911 3134 3165 3204 reliquias
3206 3147 3424 3202 semper

1850 3229 2032 3301 vigere
2065 3230 2235 3285 sinas.

2214 3521 2345 3577 Vlll.
2396 3520 2720 3592 —Symeoni
2757 3520 3051 3590 praeposito.

1220 3657 1295 3707 De
1336 3660 1576 3710 monacho
1617 3659 1705 3724 qui
1748 3660 2033 3710 coenobium
2075 3656 2370 3720 reliquerat.

245 3767 420 3837 ’Υπὲρ
436 3767 588 3837 ἡμᾶς
614 3765 680 3818 τά
703 3766 823 3818 καθ’
840 3767 986 3837 ἡμᾶς
1004 3768 1469 3839 ὑπολαμϐάνουσα
1491 3771 1522 3840 ἡ
1546 3788 1738 3838 πατριο

168 3859 236 3928 κή
260 3876 353 3911 σου
390 3856 696 3924 ἀγιωσύνη,
718 3854 802 3906 διά
824 3853 930 3907 τῶν
943 3855 1035 3907 δύο
1056 3856 1224 3923 αὐτῆς
1249 3858 1577 3928 ἰδιογράφων
1607 3858 1737 3929 [ηις.

170 3952 300 4022 lleg.
327 3947 699 4021 ἱερογράφων]
719 3947 1016 4000 ἐπιστολῶν
1045 3949 1322 4019 ὡμίλησεν
1351 3951 1482 4020 ἡμῖν
1513 3952 1578 4004 τά
1603 3952 1744 4016 ξενίο

171 4043 332 4106 ζοντα
356 4043 454 4096 καὶ
477 4039 870 4110 ἐκπλήττοντα.
896 4040 1056 4094 Ἀ).λά
1087 4041 1214 4112 περὶ
1239 4041 1339 4112 μέν
1359 4041 1466 4095 τῶν
1484 4060 1747 4115 γραμμα-

169 4136 413 4206 τοφόρων
425 4133 720 4203 εὐδόκησεν
731 4133 758 4184 ὁ
770 4131 1308 4200 Θεὸς,ύποκλιθέντος
1320 4135 1411 4189 τοῦ
1429 4139 1560 4207 ήγου
1569 4137 1750 4207 μένου,

172 4229 555 4299 ἀναληφθῆναι
575 4227 772 4289 αὐτοὺς
795 4227 851 4279 ἐν
871 4227 948 4296 τῷ
965 4228 1148 4299 οἰκείῳ
1166 4229 1346 4282 αὐτῶν
1371 4230 1719 4300 μοναστηρίῳ
1735 4248 1749 4262 ο

1916 3770 2089 3841 Supra
2103 3779 2317 3839 captum
2335 3778 2576 3825 nostrum
2601 3783 2688 3824 res
2703 3777 2915 3823 nostras
2930 3764 3229 3836 suscipiens
3247 3776 3430 3836 pater-

1846 3879 1914 3916 na
1933 3863 2190 3916 sanctitas
2204 3871 2313 3926 tua,
2329 3877 2390 3914 ea
2410 3862 2568 3915 nobis
2588 3860 2799 3915 duabus
2823 3874 2985 3912 manu
3005 3858 3221 3928 propria
3245 3872 3429 3912 exara-

1851 3955 1918 4008 tis
1940 3955 2180 4024 epistolis
2193 3955 2305 4009 suis
2321 3954 2590 4022 exposuit,
2613 3968 2732 4023 quae
2748 3951 3160 4007 admirationem
3175 3959 3228 4005 et
3245 3961 3432 4022 stupo-

1853 4063 1967 4101 rem
1987 4047 2308 4116 injecerunt.
2324 4047 2430 4102 Sed
2449 4047 2516 4101 de
2540 4046 2833 4101 tabellariis
2845 4044 3086 4116 Quidem,
3107 4044 3217 4099 Deo
3232 4045 3434 4115 placuit

1856 4149 1914 4192 ut
1934 4137 2127 4192 inﬂexo
2153 4138 2438 4208 praeposito
2458 4139 2510 4191 in
2529 4137 2918 4192 monasterium
2940 4151 3098 4191 suum
3122 4135 3434 4205 reciperen-

1857 4238 2134 4284 turzrecte
2177 4230 2279 4283 hoc
2312 4241 2504 4299 agente
2533 4230 2730 4300 pietate
2773 4238 2888 4293 tua,
2926 4237 2986 4283 ut
3002 4243 3097 4283 eos
3141 4229 3432 4284 verborum

173 4322 355 4386 καλῶς
371 4320 535 4375 τοῦτο
555 4319 839 4391 πραξάσης
857 4320 954 4390 τῆς
974 4321 1283 4383 θεοσεϐείας
1306 4339 1419 4386 σου,
1445 4325 1521 4384 είς
1545 4323 1604 4375 τὸ
1625 4322 1734 4374 ἀνθ·

1853 4336 2074 4376 suorum
2094 4321 2369 4375 admonitu
2395 4322 2633 4391 paternis
2649 4321 3018 4391 spiritualibus
3033 4320 3333 4376 visceribus
3349 4336 3435 4374 re-

175 4415 502 4482 υπενεγκεῖν
526 4413 723 4476 αὐτοὺς
745 4414 833 4466 διὰ
855 4413 947 4466 τοῦ
973 4413 1280 4466 διδακτικοῦ
1300 4414 1469 4479 αὐτῆς
1491 4415 1651 4480 λόγου
1671 4416 1734 4478 εἰς

1853 4415 2120 4469 stitueret.
2158 4413 2235 4467 De
2268 4416 2433 4468 fratre
2467 4424 2648 4468 autem
2689 4423 2899 4476 nostro,
2931 4413 3022 4481 qui
3054 4413 3301 4466 ordinem
3336 4413 3433 4466 de-

173 4507 239 4558 τά
270 4505 506 4578 πατρῷα
533 4505 628 4557 καὶ
672 4505 1017 4574 πνευματικὰ
1053 4505 1363 4575 σπλάγχνα.
1412 4507 1546 4576 Περὶ
1581 4506 1637 4558 δέ
1661 4507 1734 4558 τοί

1861 4507 2050 4573 seruit,
2099 4515 2156 4561 et
2201 4514 2461 4573 tanquam
2517 4520 2580 4559 ex
2613 4503 2862 4573 paradiso
2918 4501 3257 4557 caanobiticae
3311 4502 3434 4558 vitae

175 4595 702 4668 λειποτακτήσαντος
725 4595 954 4665 ἀδελφοῦ
975 4597 1152 4667 ἡμῶν,
1182 4598 1275 4649 καὶ
1295 4597 1368 4660 ὡς
1393 4601 1458 4650 ἐκ
1497 4599 1730 4668 παραδεί

1859 4598 2073 4666 eiectus
2106 4607 2212 4662 est,
2241 4596 2371 4666 quid
2417 4595 2591 4650 dicam
2622 4595 2826 4650 nescio.
2858 4592 3106 4647 Vidimus
3143 4602 3200 4646 et
3228 4607 3328 4646 nos
3358 4594 3436 4646 vi-

180 4706 272 4741 σου
298 4691 401 4759 τῆς
436 4687 792 4759 κοινοϐιακῆς
814 4687 959 4758 ζωῆς
978 4688 1510 4758 ἐξοστρακισθέντος,
1538 4691 1637 4742 ούκ
1662 4687 1734 4743 οἶδ

1863 4706 1981 4744 rum
2024 4699 2206 4754 antea,
2247 4704 2436 4744 revera
2483 4690 2834 4758 plantatama
2884 4687 2997 4740 Deo
3046 4686 3233 4749 vitem,
3266 4694 3436 4738 totum

177 4781 206 4833 ὅ
247 4799 301 4833 τι
351 4781 626 4850 εἴπωμεν,
670 4781 778 4832 Καὶ
817 4782 977 4850 ἡμεῖς
1024 4781 1330 4850 ἑωρακότες
1357 4781 1449 4833 τὸν
1495 4783 1662 4851 ἄνδρα
1701 4799 1729 4833 τ

1861 4798 2067 4848 veram,
2100 4790 2267 4835 totam
2292 4779 2631 4850 frugiferam.
2653 4777 2937 4842 Quomodo
2985 4791 3129 4830 nunc
3170 4777 3438 4830 Extermi-

180 4875 449 4945 πρότερον
507 4873 585 4936 ὠς
629 4871 846 4941 ἀληθῶς
895 4873 1140 4942 ἄμπελον
1171 4873 1554 4941 θεοφύτευτον,
1582 4875 1732 4925 πᾶσα

1865 4876 2002 4929 navit
2035 4891 2151 4928 eam
2187 4891 2317 4943 aper
2351 4875 2414 4925 de
2441 4872 2595 4936 silva,
2632 4880 2679 4924 et
2704 4870 2991 4940 singularis
3022 4872 3160 4936 {erus
3187 4874 3438 4935 depastus

179 4966 461 5037 ἀληθινὴν,
489 4967 672 5018 πᾶσαν
697 4965 1068 5036 καρποφόρον.
1098 4966 1208 5018 Καὶ
1226 4965 1340 5027 πῶς
1369 4967 1448 5018 ὃτι
1477 4966 1600 5036 ἄρτι
1619 4967 1729 5018 ἑλυ

1872 4976 1946 5020 est
1977 4982 2092 5018 eam
2117 4966 2160 4997 ’³
2190 4983 2202 5017 :
2234 4978 2497 5019 conversa
2530 4962 2668 5031 ipsa,
2695 4969 2755 5015 ut
2785 4961 2856 5013 ita
2874 4961 3071 5022 dicam,
3101 4960 3157 5011 in
3188 4959 3439 5012 amaritu-

177 5059 406 5127 μήνιιτο
420 5057 618 5124 αὐτὴν
634 5053 705 5122 ὗς
718 5057 784 5109 ἐκ
801 5056 1047 5125 δρυμοῦ,
1074 5058 1170 5110 καὶ
1189 5059 1397 5126 μονιὺς
1415 5057 1612 5126 ἀγριος
1630 5073 1734 5110 κατ

1872 5058 2054 5113 dinem
2084 5055 2461 5110 mortiferam?
2487 5055 2682 5107 Annon
2713 5052 2879 5116 enim,
2911 5051 3037 5120 quia
3081 5051 3312 5105 traditus
3356 5059 3440 5104 est

181 5151 520 5218 ενεμήσατο
543 5147 738 5212 αὑτήν
759 5165 772 5178 ο
811 5148 1143 5218 στραφείσης
1159 5147 1437 5217 αὑτῆς,ὡς
1463 5149 1656 5207 εἰπεῖν,
1689 5149 1734 5199 εἰ

1873 5147 2205 5202 immanibus
2244 5146 2374 5201 feris
2427 5145 2760 5215 passionum,
2803 5156 3043 5197 amorem
3085 5142 3264 5197 carnis
3295 5141 3437 5206 dico,

257 5264 303 5297 ³⁷
341 5261 572 5332 Gregor.
629 5256 888 5311 Nazianz.
946 5267 1082 5312 orat.
1124 5257 1213 5324 22,
1241 5258 1342 5313 sub
1373 5258 1465 5312 fin.
1541 5258 1587 5290 ’⁸
1611 5257 1811 5312 Jerem.
1857 5276 1945 5326 xv,
2011 5261 2100 5316 16.
2172 5261 2217 5293 ³⁸
2249 5260 2390 5314 Psal.
2423 5275 2600 5323 Lxxtx,
2635 5256 2720 5310 M.

1699 5374 1931 5436 NOTAE.

259 5472 372 5542 (l5)
406 5472 603 5542 Ταυτα
631 5466 848 5542 πρἴα.
868 5463 1631 5542 Iheopbanesaihannum},
1659 5463 1734 5542 Ire

1881 5483 2038 5542 μασι.
2068 5463 2250 5542 Iliense
2274 5460 2652 5542 porroartio
2674 5461 2975 5542 indictionis
3001 5477 3174 5542 nonat,
3200 5459 3440 5530 piissima

192 5531 287 5597 nes
314 5531 565 5596 secundo
599 5555 614 5592 :
657 5537 749 5606 Τῷ
781 5536 838 5607 δέ
868 5531 1098 5607 Μαρτίῳ
1131 5537 1260 5606 μηνὶ
1296 5537 1397 5604 τῆς
1428 5536 1471 5589 θ’
1506 5535 1734 5607 ἰνδικτιιῖ

1878 5531 2030 5591 Ιτεηε
2057 5531 2333 5607 Byzantiis
2359 5533 2538 5607 civil_i_¢_1
2571 5534 2768 5607 remisit
2807 5531 3104 5600 vectigalia,
3139 5542 3186 5584 et
3221 5548 3300 5607 ea_
3324 5546 3441 5598 qua:

195 5630 304 5677 νος,
341 5610 554 5680 Εἰρήνη
652 5601 884 5680 εὐσεϐὴς
915 5601 1236 5680 Βυζαντίοις
1272 5601 1401 5680 τούς
1451 5605 1734 5680 πολιτικοί)

1878 5607 2020 5678 apud
2067 5601 2308 5680 Abydum
2358 5611 2406 5656 et
2459 5602 2676 5680 nierum
2713 5602 2996 5680 dicuntum
3025 5601 3336 5680 commercia
3378 5615 3442 5651 ραι

199 5672 498 5752 ἐχαρίσατο
529 5672 752 5752 ᾡόρουςῇ,
795 5672 1023 5752 una;
1065 5676 1286 5728 Ἀϐύδου
1323 5677 1415 5752 κα).
1460 5676 1553 5752 τού
1592 5676 1733 5752 -Ὶερο

1878 5672 2030 5752 parte
2063 5672 2324 5752 relaxavit
2347 5690 2362 5726 :
2387 5688 2480 5740 pro
2517 5675 2701 5752 quibus
2732 5673 2956 5742 aliisque
2980 5672 3242 5740 beneﬁciis
3279 5686 3443 5739 popu-

198 5743 268 5804 τῖι
293 5743 570 5819 λεγόμενα
601 5743 872 5819 κομέρκια
895 5743 1180 5815 ἐκούφισεν
1202 5763 1214 5776 '
1245 5747 1493 5819 μεγάλως
1523 5747 1615 5797 ἐπὶ
1642 5743 1734 5798 τού

1878 5743 1960 5804 Ius
1985 5748 2245 5802 maximas
2272 5745 2316 5798 ei
2350 5755 2521 5814 grates
2550 5743 2745 5798 retulit.

198 5836 308 5884 τοις
363 5816 461 5876 οὖν
517 5816 697 5882 ἄλλοις
733 5816 944 5881 πολλοῖς
991 5816 1442 5888 εὐχαριστηθείσα
1476 5819 1770 5887 εὐεργετή-
