4008 6318
587 348 694 414 935

1777 358 1839 418 s.
1864 358 2255 422 THEODORI
2298 362 2651 425 STUDszE
2686 341 2691 347 ’

3741 349 3846 418 936

588 460 1015 532 dominandique
1036 460 1337 530 libidinem,
1358 464 1541 520 videre
1565 475 1647 521 est
1672 466 1821 523 illum
1844 485 1989 525 nunc
2014 486 2165 525 men-

2276 473 2496 543 πικρίαν
2518 468 2853 538 θανατικήν;
2881 467 2973 537 Μὴ
3018 465 3124 536 γὰρ
3158 463 3239 519 ὅτι
3271 462 3334 516 ού
3377 460 3710 533 παραδοθεὶς
3732 466 3844 518 τοῖς

589 556 659 610 tis
700 555 1163 625 contemplatione
1201 558 1266 612 ab
1304 557 1407 613 illis
1449 559 1755 629 depastum.
1810 571 1865 616 et
1905 573 2159 633 tanquam

588 646 807 702 leonum
834 662 932 703 ore
950 648 1308 703 dilaniatum?
1330 649 1520 705 Parem
1556 652 1725 717 enim,
1758 661 1818 707 ut
1848 653 1964 723 ipse
1996 658 2159 721 nosti,

588 754 653 793 ac
682 740 826 795 illius
869 742 964 811 qui
993 742 1302 795 inconsulto
1333 742 1563 797 discedit
1587 758 1618 797 a
1655 752 1829 814 patre,
1869 745 1939 800 ab
1986 761 2162 816 eoque

588 828 936 893 discinditur,
973 830 1091 899 ejus
1141 830 1350 899 lapsum
1381 846 1503 887 esse
1540 842 1729 888 censet
1760 834 1980 890 divinus
2020 835 2166 891 Basi-

591 920 714 983 lius,
737 921 827 991 qui
848 932 1090 975 sanctam
1110 922 1497 991 professionem
1516 924 1720 993 abjicit.
1752 926 1874 981 Ideo
1894 937 1948 981 et
1972 929 2162 983 eadem

590 1012 1177 1066 excommunicationis
1230 1013 1669 1083 reliquarumque
1707 1032 1987 1086 pinnarum
2034 1035 2163 1074 sen-

591 1103 758 1156 tentia
782 1103 1106 1171 plectuntur.
1144 1102 1248 1158 Sed
1282 1104 1370 1159 hic
1405 1107 1622 1175 quidem
1652 1124 1752 1163 nos
1774 1118 1831 1163 ut
1854 1120 2164 1180 peccatores

590 1209 901 1263 precamur,
931 1206 988 1249 ut
1020 1196 1305 1265 pristinam
1359 1197 1536 1252 lucem
1582 1199 1777 1255 iterum
1819 1218 1884 1255 ex
1924 1203 2025 1258 hoc
2065 1218 2165 1258 suo

590 1285 737 1340 vitiis
785 1286 1038 1340 hebetato
1086 1296 1141 1341 et
1189 1287 1482 1343 obscurato
1537 1290 1811 1345 intellectu
1854 1293 2160 1363 respiciat;

589 1376 917 1446 domumque
942 1378 1121 1433 denuo
1155 1378 1221 1433 ad
1243 1379 1455 1436 dulcem
1482 1380 1691 1436 Patrem
1710 1392 1764 1437 et
1789 1384 2163 1441 charissimam

591 1470 1066 1540 congregationem
1122 1481 1447 1529 revertatur.
1508 1471 1726 1529 Fratres
1775 1486 1956 1530 autem
2016 1479 2165 1547 ipsos

593 1558 896 1623 hortamur,
916 1561 1315 1617 utcmnobitico
1336 1563 1619 1617 certamini
1646 1563 1859 1620 fortiter
1888 1565 2162 1633 insistant,

593 1665 697 1705 nec
727 1660 949 1721 propter
978 1650 1128 1719 impii
1159 1652 1368 1723 lapsum
1399 1654 1771 1709 convellantur
1800 1672 1813 1710 :
1849 1658 1940 1711 sed
1980 1659 2164 1727 potius

592 1742 905 1797 sincerioris
932 1742 1081 1804 fidei.
1126 1743 1619 1815 indissolubilisque
1649 1748 2005 1804 connexionis
2038 1751 2164 1806 inde

592 1842 779 1882 ansam
830 1829 1092 1899 arripiant
1126 1844 1140 1895 ;
1178 1830 1339 1900 idque
1364 1833 1431 1887 ad
1467 1834 1745 1904 sanguinis
1768 1852 1937 1905 usque
1975 1839 2165 1907 profu-
2198 1831 2238 1888 Β

592 1922 822 1985 sionem,
845 1922 1297 1990 quemadmodum
1337 1921 1446 1977 Deo
1470 1923 1611 1991 pleni
1639 1923 1819 1979 Patres
1852 1929 2163 1996 pradicant,

594 2025 653 2070 ut
707 2032 804 2086 per
834 2016 1135 2070 absolutam
1165 2017 1425 2088 religiosae
1452 2018 1571 2073 vitae
1610 2019 2000 2088 perfectionem
2023 2040 2169 2077 mar-

594 2108 712 2177 tyrii
749 2122 1005 2162 coronam
1047 2107 1100 2161 in
1149 2108 1236 2162 die
1282 2107 1468 2178 iudicii
1498 2109 1781 2180 recipiant,
1816 2112 2042 2167 chorum
2086 2115 2167 2169 iu-

590 2210 788 2255 eunles
818 2216 940 2254 cum
975 2201 1252 2262 Dositheo.
1277 2210 1331 2255 et
1354 2202 1572 2265 Acacio,
1603 2212 1658 2257 et
1683 2202 2006 2269 Domitiano,
2038 2207 2167 2262 viris

593 2290 751 2359 plane
782 2290 1160 2351 sanctissimis.
1190 2292 1281 2360 qui
1301 2306 1511 2347 summa
1535 2309 1656 2347 cum
1677 2295 1985 2350 obedientia
2005 2299 2167 2353 vitam

592 2391 906 2451 exegerunt.
956 2381 1124 2436 llodie
1162 2399 1415 2451 namque,
1449 2384 1591 2438 sicut
1650 2385 1909 2440 sanctitas
1975 2396 2064 2441 tua
2113 2389 2169 2443 in

592 2472 803 2541 reliquo
838 2473 1077 2541 epistola:
1111 2483 1262 2528 textu
1294 2476 1391 2535 ait,
1420 2490 1569 2529 mera
1601 2476 1802 2543 ubique
1842 2477 2091 2532 confusio
2115 2487 2171 2533 ct

592 2560 966 2617 inobedieutia
1000 2582 1016 2619 ς
1052 2566 1181 2619 dum
1226 2566 1426 2637 singuli
1469 2565 1582 2621 fere
1627 2567 1881 2624 humanis
1942 2586 2172 2627 consue-

595 2656 873 2711 tudinibus
912 2657 1181 2719 nituntur,
1229 2658 1643 2731 vicinarumque
1697 2660 1984 2727 institutis,
2046 2680 2169 2735 qua:

598 2744 688 2799 Dei
714 2746 921 2815 legibus
946 2746 1102 2815 plane
1128 2747 1486 2803 adversantur
1534 2767 1547 2802 :
1595 2750 1911 2821 maluntque
1937 2753 2098 2822 hujus
2118 2764 2173 2810 et.

595 2837 739 2891 illius
762 2839 1057 2909 prepositi,
1084 2855 1245 2909 quam
1275 2840 1581 2895 divinorum
1614 2840 1833 2896 Patrum
1864 2853 2170 2900 nostrorum

594 2931 761 2983 vitam
795 2930 1106 2986 observare.
1138 2930 1257 2998 Quo
1290 2932 1368 2995 fit,
1406 2938 1753 3003 utpast‘ores.
1784 2944 1839 2990 et
1874 2938 1925 2989 in
1955 2936 2038 2991 his
2073 2953 2173 3007 ego

594 3023 826 3093 primus,
874 3024 1230 3094 desipiamus,
1270 3037 1324 3079 et
1373 3025 1661 3079 Dominum
1702 3042 1812 3080 non
1840 3044 2169 3096 quaeramus,

595 3129 698 3169 nec
729 3115 1263 3183 irreprehensibilem
1292 3124 1348 3170 et
1367 3125 1710 3170 constantem
1745 3116 1868 3170 vitae
1903 3118 2172 3172 rationem

2261 563 2572 625 ἀτιθάσσοις
2589 560 2753 630 θηρσὶ
2779 557 2894 612 τῶν
2928 555 3142 619 παθῶν,
3163 553 3519 623 φιλοσαρκίας
3544 569 3636 617 τε,
3671 554 3840 623 φημὶ,

2262 655 2356 708 καὶ
2386 651 2698 722 φιλαρχίας,
2719 650 2873 703 ἔστιν
2894 648 3021 702 tam
3047 646 3209 700 αὐτὸν
3236 644 3444 717 ἀρτιτῇ
3468 644 3565 699 τοῦ
3587 644 3686 698 νοῦ
3702 644 3841 698 θεω-

2265 749 2357 821 ρίᾳ
2388 748 2824 819 βιβρωσκόμεσον
2850 745 2941 799 ὑπ’
2972 742 3172 805 αὐτῶν,
3194 742 3289 795 καὶ
3307 739 3843 811 κατασπαραττόμιε-

2263 858 2353 893 νον
2385 834 2474 894 οἷα
2514 838 2622 893 ἀπὸ
2666 844 2934 909 στόματος
2968 835 3236 898 λεόντωνς
3271 831 3382 904 Τὴν
3430 831 3553 903 ἴσην
3604 832 3741 902 γὰρ,
3767 830 3841 893 ὡς

2263 928 2439 997 οῐσθα,
2465 931 2643 1002 κρίνει
2675 929 2995 983 ἀπόπτωσιν
3024 927 3053 978 ὁ
3095 925 3241 988 θεῖος
3275 922 3579 984 Βασίλειος.
3608 922 3693 993 τῷ
3717 922 3842 975 ἀλό-

2263 1040 2376 1093 γως
2418 1020 2788 1093 ἀναχωροῦντι
2842 1020 2934 1075 καὶ⁵
3004 1016 3425 1088 ἀποσχιζομένῳ
3467 1014 3716 1085 πατρὸς,
3746 1012 3840 1067 τοῦ

2270 1116 2364 1169 καὶ
2410 1114 2545 1169 αὐτὸ
2582 1114 2643 1167 τὸ
2672 1115 2815 1166 θεῖον
2848 1111 3173 1181 ἐπάγγελμα
3210 1108 3714 1180 ἀπορριπτομένου.
3744 1105 3843 1160 Διά

2264 1203 2423 1257 τοῦτο
2448 1205 2541 1256 καὶ
2564 1204 2660 1272 τῆς
2688 1203 2855 1270 αὐτῆς
2888 1204 2997 1256 είσι
3026 1200 3333 1271 καταδίκης
3362 1198 3458 1252 ἐπὶ
3485 1200 3586 1270 τῆς
3611 1199 3843 1251 ἀκοινωο

2265 1295 2482 1366 νησίας,
2519 1295 2612 1347 καὶ
2642 1294 2751 1347 τῶν
2779 1294 2956 1348 ἄλλων
2984 1292 3301 1363 ἐπιτιμίων.
3337 1289 3499 1345 Ἀλλά
3529 1288 3723 1343 τοῦτον
3743 1290 3843 1358 μὲν

2266 1386 2537 1456 εὐχόμεθα
2571 1386 2648 1448 ὼς
2706 1382 3021 1454 ἁμαρτωλοὶ
3053 1381 3374 1451 ἀντωπῆσαι
3415 1379 3582 1434 πάλιν
3604 1378 3744 1448 πρὸς
3783 1376 3844 1430 τὸ

2267 1478 2532 1547 πρότερον
2556 1476 2694 1545 φῶς,
2728 1476 2793 1529 ὲκ
2823 1474 2927 1543 τῆς
2975 1469 3413 1543 ἀμϐλυωπαθοῦς
3443 1471 3540 1525 καὶ
3561 1468 3844 1538 έζοφωμέ-

2266 1585 2361 1637 νης
2383 1567 2545 1620 αὑτοῦ
2578 1565 2788 1629 ἐννοίας
2809 1581 2823 1595 ·
2855 1564 2949 1618 καὶ
2982 1562 3164 1617 οἴκαδε
3203 1560 3359 1622 αὖθις
3386 1559 3673 1613 ἐπανιέναι
3704 1557 3844 1627 πρὸς

2266 1660 2358 1713 τὸν
2393 1660 2606 1727 γλυκὺν
2640 1658 2881 1729 Πατέρα,
2934 1656 3028 1708 καὶ
3087 1652 3187 1724 τὴν
3238 1652 3509 1721 φιλτάτην
3566 1650 3841 1704 συνοδίαν.

2272 1754 2471 1815 Αὐτοὺς
2500 1753 2555 1806 δὲ
2585 1752 2710 1815 τοὺς
2732 1749 2996 1819 ἀδελφοὺς
3026 1744 3453 1818 παρακαλοῦμεν
3488 1746 3686 1813 στῆναι
3715 1759 3843 1810 γεν⁹

2268 1844 2433 1906 ναίως
2471 1843 2607 1913 πρὸς
2640 1843 2740 1913 τὴν
2764 1838 3110 1908 κοινοδιακὴν
3134 1838 3357 1905 ἄθλησιν
3379 1851 3394 1866 ·
3425 1834 3521 1887 καὶ
3541 1834 3617 1904 μὴ
3655 1833 3845 1887 σαλευ⁹

2270 1934 2430 2002 θῆναι
2463 1935 2526 1986 ὲκ
2548 1932 2649 2002 τῆς
2685 1932 2780 1985 τοῦ
2811 1928 3043 1993 ἀσεϐοῦς
3073 1925 3482 1988 καταπτώσεως
3502 1940 3517 1954 ο
3558 1920 3843 1992 μᾶλλονδὲ

2269 2028 2361 2080 καὶ
2389 2025 2591 2095 μᾶλλον
2629 2022 2879 2077 ἐντεῦθεν
2907 2018 3307 2092 ἐπιδράξασθαι
3331 2018 3714 2087 γνησιωτέρας
3748 2017 3841 2068 πί-

2271 2134 2441 2180 στεως
2471 2116 2565 2170 καὶ
2591 2115 2964 2168 ἁδιασπάστου
2990 2102 3345 2174 συντεύξεως,
3367 2106 3624 2162 τοσοῦτον
3652 2108 3846 2178 μέχρις

2266 2212 2519 2277 αἵματος,
2552 2206 2731 2269 καθὼς
2758 2208 2804 2260 οἱ
2838 2203 3086 2274 θεοφόροι
3133 2202 3375 2270 Πατέρες
3406 2196 3841 2269 διαγορεύουσιν,

2271 2301 2356 2354 ἵνα
2388 2299 2686 2368 τελειότητι
2716 2296 2809 2350 τοῦ
2864 2292 3232 2349 ὑποτακτικοῦ
3260 2290 3437 2346 αὐτῶν
3471 2289 3610 2360 βίου,
3637 2289 3732 2341 τὸν
3752 2286 3845 2340 τοῦ

2275 2391 2579 2462 μαρτυρίου
2617 2390 2880 2457 στέφανον
2914 2386 3287 2456 ἀναδήσωνται
3328 2386 3385 2437 έν
3424 2386 3489 2453 τῇ
3530 2382 3718 2453 ἡμέρᾳ
3749 2381 3846 2448 τῆς

2270 2481 2639 2550 διαγνώσεως,
2683 2479 2999 2551 χορεύοντες
3056 2477 3193 2547 μετά
3238 2474 3515 2539 Δοσιθέου,
3543 2475 3639 2526 καὶ
3681 2473 3845 2525 Ἀκα-

2273 2573 2417 2637 κίου,
2452 2574 2543 2625 καὶ
2568 2570 2919 2641 Δομετιανοῦ,
2945 2568 3053 2621 τῶν
3075 2568 3215 2621 πάνυ
3242 2564 3547 2633 παναγίων,
3576 2563 3684 2617 τῶν
3707 2580 3847 2617 παν-

2274 2667 2533 2737 υπηκόως
2552 2664 2650 2733 τὴν
2671 2662 2948 2715 πολιτείαν
2969 2657 3422 2713 τετελειωκότων.
3442 2656 3690 2728 Σήμερον
3715 2654 3845 2725 γάρ,

2273 2757 2454 2820 καθὼς
2488 2757 2544 2810 αἱ
2596 2754 2783 2809 λοιπαὶ
2836 2753 3012 2824 φωναὶ
3042 2751 3139 2821 τῆς
3170 2748 3445 2819 ὁσιότητος
3473 2763 3594 2813 σου,
3622 2747 3849 2817 ἀκρισία

2275 2854 2424 2905 πᾶσα
2462 2853 2556 2904 καὶ
2599 2848 2969 2913 ἀνυποταξίαο
3008 2842 3440 2915 ἐπερειδομένων
3479 2840 3589 2894 τῶν
3628 2841 3848 2894 πάντων

2278 2943 2465 3011 σχεδὸν
2497 2942 2668 2993 εἰπεῖν
2698 2942 2822 3003 ταῖς
2846 2937 3217 3009 ἀνθρωπίναις
3246 2931 3579 3002 συνηθείαις,
3618 2932 3715 2984 καὶ
3731 2933 3847 2992 ταῖς

2274 3036 2390 3091 τῶν
2466 3034 2915 3105 πωσεχεστὲρων
2983 3029 3424 3102 διακρατήσεσιν,
3488 3025 3548 3091 ἐξ
3601 3024 3847 3085 ἐναντίας

2278 3127 2530 3197 ἐχούσαις
2560 3126 2667 3179 τῶν
2694 3123 2927 3179 ἐντολῶν
2952 3121 3047 3177 τοῦ
3074 3120 3210 3175 Θεοῦ
3236 3134 3252 3151 ⁸
3284 3120 3376 3173 καὶ
3423 3118 3628 3188 μᾶλλον
3660 3119 3847 3187 αἱρου-

596 3205 985 3275 investigemus
1007 3222 1022 3265 ;
1045 3206 1138 3259 sed
1158 3206 1307 3275 quasi
1340 3208 1615 3276 antiquata
1639 3206 1756 3277 lege
1782 3205 1898 3271 Dei,
1930 3216 1985 3261 et
2007 3207 2171 3261 aboli-

2278 3220 2454 3287 μένων
2484 3218 2580 3271 τοῦ
2625 3218 2798 3279 δεῖνος
2842 3216 2939 3267 καὶ
2975 3213 3069 3267 τοῦ
3116 3214 3289 3276 δεῖνος
3334 3210 3639 3281 ἡγουμένου
3682 3227 3851 3279 παρα-

600 3306 656 3351 to
673 3297 978 3367 Evangelio,
1000 3298 1525 3368 hebescentibusque
1543 3298 1916 3368 spiritualibus
1932 3301 2169 3353 sanctio-

598 3388 779 3452 nibus,
821 3397 1004 3457 atque,
1042 3398 1102 3443 ut
1155 3390 1322 3460 magis
1348 3390 1573 3459 impium
1610 3390 1739 3459 quid
1771 3391 1970 3455 dicam,
2014 3392 2167 3461 quasi

598 3487 807 3533 mutato
855 3479 1177 3534 immutabili
1209 3480 1335 3535 Deo.
1368 3479 1499 3535 Nam
1529 3489 1583 3534 et
1631 3482 1734 3536 hoc
1768 3482 1888 3537 illos
1934 3493 2165 3553 spectat,

596 3571 686 3639 qui
709 3586 922 3641 semper
949 3573 1200 3626 incusant
1233 3581 1287 3625 et
1310 3573 1449 3637 dies,
1482 3582 1539 3627 et
1583 3583 1791 3639 a:tates,
1834 3576 1978 3644 quod
2009 3576 2169 3631 aliter

599 3662 704 3727 hae,
741 3662 897 3716 aliter
932 3663 1036 3716 illa:
1066 3679 1123 3717 se
1154 3664 1410 3717 habeant.

2274 3308 2461 3376 τηρεῖν
2509 3305 2601 3359 τὸν
2648 3305 2783 3374 βίον,
2820 3302 2989 3374 ῆτῶν
3027 3302 3329 3382 θεσπεσίων
3374 3300 3636 3371 Πατέρων
3674 3299 3847 3369 ἡμῶν.

2277 3396 2466 3450 Ἔνθεν
2497 3397 2544 3449 οί
2580 3396 2858 3465 ποιμένες,
2886 3392 2945 3457 ἑξ
2972 3384 3045 3445 ὧν
3081 3392 3192 3459 εγὼ
3219 3392 3457 3460 πρῶτος,
3507 3390 3848 3461 ἡφρονεύσα-

2277 3506 2394 3556 μεν,
2426 3488 2522 3541 καὶ
2553 3487 2644 3540 τὸν
2673 3485 2877 3555 Κύριον
2919 3484 3019 3536 οὐκ
3053 3481 3415 3550 ὲκζητοῦμεν,
3445 3481 3565 3534 οὑδὲ
3598 3481 3658 3533 τὸ
3698 3481 3848 3550 ἀμώ-

2277 3596 2446 3648 μητον
2477 3579 2654 3633 καὶτὸ
2678 3578 3017 3649 ἀκράδαντον
3056 3574 3154 3642 τῆς
3195 3573 3481 3635 πολιτείας
3531 3570 3851 3643 ίχνηλατοῦ-

2276 3687 2376 3738 μεν
2404 3686 2417 3700 ·
2447 3670 2566 3725 ἀλλ’
2596 3671 2671 3733 ὼς
2712 3667 3116 3729 παλαιωθέντος
3168 3663 3264 3718 τοῦ
3328 3663 3477 3717 θείου
3536 3664 3726 3735 νόμου,
3761 3666 3853 3717 καὶ

598 3754 941 3823 ἀργήσαντος
988 3753 1084 3807 τοῦ
1135 3755 1495 3824 Εὐαγγελίου,
1534 3754 1628 3809 καὶ
1674 3755 2054 3829 ἀτονησάντων
2110 3758 2216 3813 τῶν
2258 3762 2643 3833 πνευματικῶν
2667 3760 2908 3832 θεσμῶν,
2934 3760 3050 3827 καὶ,
3082 3756 3170 3811 ῑνα
3197 3774 3253 3810 τι
3311 3757 3452 3810 εῐπω
3480 3756 3577 3809 καὶ
3610 3755 3851 3825 βλασφη-

601 3847 848 3916 μοτερον,
895 3846 971 3910 ὡς
1023 3847 1404 3912 ἀλλοιωθέντος
1462 3848 1561 3901 τοῦ
1612 3849 1978 3905 ἀναλλοιώτου
2033 3852 2192 3908 Θεοῦ.
2236 3855 2406 3908 Τοῦτο
2461 3856 2568 3926 γάρ
2628 3857 2745 3909 ἐστι
2798 3854 2934 3925 πρὸς
2993 3855 3054 3907 τὸ
3116 3853 3293 3919 λέγειν
3332 3850 3427 3903 καὶ
3470 3845 3854 3901 καταιτιᾶσθαι

596 3939 724 4002 τοὺς
774 3939 999 4009 χρόνους
1047 3940 1139 3992 καὶ
1187 3939 1283 4001 τὰς
1308 3938 1521 4009 ἡμέρας
1546 3939 1644 3992 καὶ
1672 3941 1773 4004 τάς
1798 3943 2013 4009 γενεὰς,
2044 3943 2280 4008 ἀλλοίως
2340 3946 2438 4013 μὲν
2473 3944 2722 4008 ὲκείνας,
2756 3947 2852 3996 καὶ
2884 3944 3111 4006 ἀλλοίως
3136 3940 3360 4001 ταύτας.

673 4030 787 4100 Ego
819 4046 945 4085 vero
972 4047 1079 4084 non
1115 4046 1143 4083 a
1170 4039 1415 4100 tempore
1448 4031 1721 4085 invectum
1759 4032 1862 4087 hoc
1889 4032 2182 4088 discrimen

601 4123 894 4177 contendo.
942 4120 1052 4177 Nec
1090 4122 1234 4175 enim
1280 4122 1440 4175 aliam
1479 4120 1706 4176 formam
1748 4123 1925 4177 induit
1965 4125 2184 4189 cmlum,

603 4232 705 4270 nec
753 4224 958 4268 motum
1008 4214 1209 4277 alium,
1255 4229 1360 4269 nec
1406 4215 1565 4269 aliam
1617 4214 1792 4269 lucem
1845 4215 1950 4269 diei
1998 4217 2181 4286 Opifex

601 4308 826 4377 lampas,
872 4322 975 4361 nec
1013 4315 1208 4377 praeter
1231 4306 1448 4360 solitum
1476 4306 1721 4361 ordinem
1762 4308 1933 4361 fertur
1968 4319 2024 4363 et
2075 4310 2184 4363 cir-

602 4399 908 4470 cumagitur
933 4398 1267 4452 universum.
1293 4395 1494 4452 Statuit
1523 4397 1667 4452 enim
1700 4397 1816 4461 illa,
1842 4409 1899 4453 ut
1922 4400 2181 4469 scriptum

602 4501 705 4556 est,
736 4492 790 4543 in
829 4500 1081 4544 internum
1126 4498 1175 4542 et
1218 4490 1273 4542 in
1310 4489 1561 4542 swculum
1602 4489 1817 4553 saeculi;
1863 4502 2180 4560 praeceptum

604 4584 801 4650 posuit,
852 4591 899 4636 et
950 4598 1051 4634 non
1084 4580 1367 4649 prwteribit
1387 4580 1453 4635 ⁸⁸.
1497 4581 1604 4636 Sed
1634 4591 1811 4635 ortum
1843 4582 1893 4637 id
1926 4592 2027 4647 est,
2059 4599 2187 4637 san-

604 4674 870 4737 ctissime,
905 4690 969 4727 ex
1004 4673 1302 4727 mulatione
1341 4672 1525 4727 libera:
1566 4673 1860 4728 voluntatis
1892 4675 1960 4728 ab
2000 4690 2186 4731 amore

604 4768 796 4820 divino
824 4766 1119 4829 destitutae,
1150 4764 1514 4834 all‘ectumque
1541 4780 1699 4818 suum
1727 4766 1794 4819 ad
1820 4767 2022 4820 caduca
2049 4767 2186 4821 defi-

605 4860 805 4930 gentis,
833 4858 1063 4926 gloriosa
1093 4857 1340 4925 exempla
1389 4856 1539 4926 sequi
1589 4857 1961 4920 detrectantis,
2010 4874 2187 4928 neque

605 4952 950 5020 archetypam
998 4950 1179 5018 potius
1230 4947 1571 5017 patriamque
1614 4948 1853 5003 divinam
1900 4950 2187 5020 imaginem

607 5043 930 5111 exprimere,
962 5053 1124 5109 quam
1162 5038 1434 5095 deformes
1478 5048 1533 5093 et
1561 5038 1765 5093 alienas
1794 5054 1856 5093 ac
1906 5040 2184 5111 prodigio-

608 5148 713 5185 sas.
763 5128 1125 5196 Quamobrem
1169 5128 1336 5185 animi
1376 5128 1659 5183 simulacra
1690 5130 1952 5199 gerimus,
1991 5135 2185 5199 partim

608 5223 825 5293 quidem
850 5223 1099 5277 humanae
1120 5220 1537 5289 naturazaliquid
1560 5221 1834 5284 habentia,
1856 5224 2057 5290 partim
2095 5238 2189 5276 ea-

610 5313 918 5382 nis,partim
939 5312 1173 5383 leopardi
1194 5311 1638 5381 fortasse,partim
1658 5312 1837 5381 piscis,
1859 5323 1950 5367 aut
1968 5314 2190 5368 alterius

616 5405 827 5476 reptilis
849 5406 1152 5475 cujuspiam
1177 5422 1189 5457 :
1212 5405 1499 5461 sanctitate
1536 5413 1626 5458 tua
1652 5405 1944 5474 anagogiee
1964 5407 2075 5459 haec
2095 5407 2179 5458 in-

616 5499 913 5570 telligente.
952 5498 1054 5564 Qui
1074 5514 1204 5567 ergo
1230 5498 1349 5552 talia
1366 5496 1866 5567 deceptieﬂ'utiunt,
1884 5507 1978 5551 aut
2003 5496 2180 5551 Evan-

614 5590 753 5661 gelia
782 5589 956 5659 palam
984 5598 1039 5643 et
1067 5590 1206 5644 nuda
1240 5589 1416 5645 fronte
1448 5587 1803 5659 perfringam,
1836 5596 1890 5640 et
1927 5588 2179 5656 martyria

691 5786 736 5818 ³⁸
764 5783 905 5840 Psal.
944 5800 1166 5850 cxu'ltl,
1201 5784 1251 5839 6.

2369 4033 2509 4102 Ἐγὼ
2532 4034 2589 4086 δὲ
2617 4032 3083 4103 ἀνταποκρίνομαι
3106 4030 3181 4093 ὡς
3210 4028 3271 4083 ού
3294 4025 3446 4098 παρά
3467 4023 3528 4078 τὺ
3549 4020 3645 4076 τοῦ
3667 4024 3855 4094 χρόνον

2285 4124 2543 4197 διάφορον
2597 4124 2755 4177 τοῦτο
2813 4120 3053 4190 ὑπήχθη.
3124 4119 3259 4172 Οὐδὲ
3318 4116 3427 4187 γάρ
3489 4114 3855 4185 έτερόμορφος

2287 4221 2507 4286 γέγονεν
2539 4219 2567 4269 ὁ
2595 4216 2843 4289 οὐρανδς,
2890 4213 3008 4266 οὐδὲ
3054 4210 3466 4281 ὲτεροκίινητος,
3508 4206 3631 4260 οὐδὲ
3680 4206 3857 4275 ἑτερο-

2287 4307 2509 4377 ).αμπὴς
2534 4310 2561 4359 ὁ
2581 4305 2910 4377 δημιουργὸς
2938 4306 3035 4375 τῆς
3057 4301 3265 4372 ἡμέρας
3288 4299 3537 4370 φωστὴρ,
3559 4297 3683 4351 οὐδὲ
3708 4296 3854 4369 παρὰ

2286 4398 2385 4466 τὴν
2434 4397 2561 4467 πρὶν
2609 4396 2763 4461 τάξιν
2796 4391 3017 4463 φέρεταί
3051 4409 3111 4444 τε
3160 4390 3253 4444 καὶ
3296 4388 3603 4454 διεξάγεται
3635 4387 3699 4439 τὸ
3728 4388 3849 4439 πᾶν.

2292 4490 2558 4554 Ἔστησε
2590 4485 2698 4557 γάρ
2723 4484 2894 4547 αὐτὰ,
2926 4483 3066 4536 κατά
3094 4482 3161 4535 τά
3188 4479 3360 4548 Λόγια
3380 4519 3396 4544 ,
3427 4480 3517 4543 είς
3547 4477 3658 4532 τὸν
3677 4475 3857 4546 αἰῶνα

2287 4577 2385 4630 καὶ
2414 4579 2501 4641 εὶς
2529 4575 2636 4629 τὸν
2656 4573 2842 4631 αἰῶνα
2871 4572 2975 4627 τοῦ
2995 4570 3211 4637 αἰῶνος
3230 4586 3245 4602 ο
3273 4570 3633 4637 πρόσταγμα
3670 4568 3854 4653 eam,

2291 4667 2388 4720 καί
2417 4669 2488 4720 οὐ
2518 4666 2976 4735 παρελεύσεται.
3016 4661 3179 4714 Ἀλλά
3218 4659 3377 4713 τοῦτο
3413 4651 3784 4729 συμϐέδηκεν,
3814 4651 3857 4710 ῶ

2292 4759 2583 4826 ἀγιὼτατε,
2638 4757 2777 4811 κατά
2822 4757 2881 4808 τὸ
2922 4752 3321 4824 ὲνηλλαγμένον
3367 4750 3469 4820 τῆς
3512 4749 3855 4815 αὐτεξούσιον

2290 4851 2663 4921 προαιρέσεως
2692 4888 2707 4909 ,
2752 4845 3167 4917 ὀλιγωρησάσης
3205 4845 3268 4896 ὲκ
3299 4841 3395 4896 τοῦ
3448 4840 3595 4895 θείου
3626 4840 3854 4910 ἔρωτος,

2291 4946 2385 4997 καὶ
2413 4945 2540 5013 περὶ
2565 4945 2631 4996 τὰ
2657 4942 2901 5014 πρόσυλα
2928 4942 3026 5009 τὴν
3056 4940 3255 5009 ἑαυτῆς
3275 4937 3460 5006 ἔφεσιν
3479 4933 3853 4998 έκδεδωκυίας,

2295 5036 2387 5090 καὶ
2414 5038 2476 5089 ού
2510 5035 2787 5105 θελούσης,
2814 5034 2931 5087 οὐδὲ
2965 5031 3296 5103 αἱρουμένης
3329 5028 3438 5082 τῶν
3491 5026 3731 5081 εύκλεῶν
3774 5029 3860 5091 Ec.

2295 5128 2536 5199 ἀψασθαι
2574 5128 3056 5198 παραδειγμάτων,
3085 5125 3206 5178 οὐδὲ
3248 5121 3599 5192 μεταγράψαι
3626 5121 3736 5175 ἀπὸ
3762 5119 3856 5188 τῆς

2294 5220 2603 5291 ἀρχετύπου
2632 5219 2725 5272 καὶ
2756 5218 2987 5289 πατρίου
3022 5215 3286 5277 θεοειδοῦς
3316 5214 3543 5276 είκόνος.
3574 5214 3638 5266 ὲκ
3668 5211 3723 5264 δὲ
3752 5211 3853 5263 τῶν

2292 5312 2623 5382 δυσμόρφων
2671 5308 2765 5363 καὶ
2814 5308 3118 5362 ἀλλοκότων
3164 5306 3258 5360 καὶ
3288 5303 3850 5375 τερατουργουμένων.

2294 5402 2393 5454 Διά
2420 5398 2577 5453 τοῦτο
2605 5398 2673 5450 τά
2701 5396 2906 5467 ψυχικά
2934 5396 3228 5466 ἰνδάλματα
3262 5394 3620 5464 ἐπιφέρομεν,
3653 5392 3713 5444 τὸ
3765 5390 3854 5460 μέν

2287 5512 2338 5547 τι
2367 5492 2703 5563 ἀνθρωπείου
2733 5492 2896 5560 μέρος
2927 5488 3137 5558 ἔχοντα,
3173 5488 3234 5541 τὸ
3262 5488 3319 5540 δὲ
3350 5486 3531 5552 κυνὸς,
3567 5486 3628 5538 τὸ
3661 5485 3718 5557 δὲ
3745 5484 3850 5535 λεο-

2293 5586 2495 5657 πάρδου
2529 5586 2710 5655 τυχὸν,
2739 5584 2799 5638 τδ
2823 5584 2878 5638 δὲ
2909 5583 3109 5655 ἰχθύος,
3142 5583 3176 5653 ἦ
3197 5597 3338 5645 τινος
3364 5580 3526 5637 ἄλλου
3556 5579 3666 5633 τῶν
3696 5578 3846 5649 ἑρπε-
