4008 6318
153 375 246 437 937

1390 373 1923 440 EPISTOLARUM
1952 373 2098 432 LIB.
2141 371 2187 432 ῐ.

3314 363 3419 425 938

154 488 260 541 τῶν
278 502 294 518 ο
331 487 696 558 άναγωγικῶς
718 485 892 541 ταῦτα
917 486 1303 557 λαμϐανούσης
1326 487 1426 556 τῆς
1451 485 1726 556 ὁσιότητός

1866 491 1884 536 ι
1916 479 2340 549 iustiﬁcationes
2372 476 2608 543 Domini,
2647 484 2701 532 et
2734 474 2912 530 omnia
2950 490 2978 528 a
3006 475 3208 532 sanctis
3239 483 3421 531 trans-

158 599 271 636 σου.
297 582 360 635 οι
393 583 463 634 τά
489 579 716 633 τοιαῦτα
746 578 1038 649 τοιγαροῦν
1072 581 1137 633 ὲκ
1165 576 1506 647 φενακισμοῦ
1539 576 1733 646 βαττα-

160 675 423 744 ρίζοντες,
458 673 492 742 ἢ
529 669 850 743 ρηξάτωσαν
881 672 1060 742 γυμνῇ
1086 673 1152 742 τῇ
1181 670 1393 741 κεφαλῇ
1437 670 1505 722 τά
1551 668 1734 736 Εὐαγ-

159 765 350 829 γέλια,
400 765 496 819 καὶ
538 765 606 818 τά
641 761 952 834 μαρτύρια,
1012 761 1105 817 καὶ
1149 762 1217 815 τά
1261 759 1604 830 δικαιώματα
1638 759 1734 812 τοῦ

163 855 395 927 Κυρίου,
431 856 525 909 καὶ
556 856 737 908 πᾶσαν
770 854 950 908 δέλτον
995 853 1447 923 ἀγιοπαράδοτον,
1494 853 1528 921 ἦ
1581 851 1737 905 τοῦτο

167 951 239 1019 μὴ
269 947 556 1010 ποιοῦντες
578 986 590 1010 ,
619 947 679 999 τὸ
709 946 977 1016 νηπιῶδες
1013 947 1269 1017 φρόνημα
1310 945 1408 998 καὶ
1456 945 1738 1010 ἀλόγιστον

164 1038 514 1107 ἀποθέμενοι,
551 1035 627 1099 ὡς
654 1036 823 1099 ὅντως
850 1036 926 1098 είς
962 1035 1129 1105 ἄνδρα
1154 1034 1437 1096 τελοῦντες
1474 1035 1572 1104 τῆς
1620 1033 1740 1104 ήλιο

168 1131 286 1190 χίας
304 1129 403 1183 τοῦ
431 1127 797 1199 πληρώματος
847 1127 941 1181 τοῦ
987 1126 1244 1198 Χριστοῦ,
1282 1127 1426 1179 κατά
1452 1127 1522 1179 τά
1546 1126 1742 1179 Geom-

179 1221 379 1290 ράδοτα
406 1219 603 1288 λόγιαο
657 1218 752 1272 καὶ
795 1217 1294 1289 περιπατείτωσαν,
1341 1217 1434 1270 καὶ
1469 1217 1596 1279 τοὺς
1643 1217 1740 1270 ἀλ-

170 1313 293 1377 λους
327 1312 802 1366 ὲκπαιδευέτωσαν
823 1328 836 1343 ·
869 1311 903 1381 ἢ
931 1311 1054 1381 μηδ’
1083 1311 1269 1380 ἕτερον
1297 1308 1405 1363 τῶν
1437 1309 1556 1380 είρη
1568 1312 1743 1377 μένων

171 1403 474 1466 ποιοῦντες,
498 1403 594 1454 καὶ
625 1400 756 1470 γοῦν
779 1401 840 1456 τὸ
870 1399 1076 1455 ἑαυτῶν
1095 1399 1358 1469 ἀθέλητον
1391 1398 1484 1451 καὶ
1534 1397 1743 1451 ἄσωτον

172 1493 733 1564 κατηγορησάτωσαν.
765 1491 923 1552 Ἴσως
974 1489 1079 1559 γάρ
1121 1487 1307 1549 αὐτοῖς
1357 1483 1509 1539 ἔσται
1557 1485 1745 1555 καιρὸς

172 1583 515 1653 ἀνανήψεως.
539 1579 645 1633 Φεῦ
667 1580 723 1633 δέ
747 1580 866 1649 μοιὶ
909 1579 1088 1647 Πάτερ
1112 1573 1429 1646 τιμιώτατε,
1462 1574 1544 1626 ὅτι
1565 1573 1748 1642 ἔνοχος

171 1672 246 1726 ὢν
272 1673 494 1727 πάντων
525 1672 633 1725 τῶν
668 1671 996 1741 εἰρημένων,
1048 1669 1143 1722 καὶ
1193 1668 1375 1737 πάσης
1419 1665 1748 1736 διαστροφῆς

174 1765 268 1817 καὶ
311 1763 681 1832 ἀνευθύτητος
713 1760 1008 1831 ὑπουργὸς,
1051 1760 1128 1823 ὼς
1158 1758 1516 1830 ἐπεμϐαίνειν
1569 1757 1748 1819 ἀλλοις

1835 573 2000 629 missa
2047 572 2366 628 volumina:
2402 580 2492 626 aut
2539 569 2582 624 si
2621 570 2723 625 hoc
2760 568 2940 624 facere
2972 568 3236 632 abnuant,
3281 583 3419 640 pue—

1835 663 1989 718 rilem
2021 677 2246 717 sensum
2273 670 2328 717 et
2362 678 2392 716 a
2423 661 2640 716 ratione
2684 659 2920 714 alienum
2965 657 3324 729 deponentes,
3361 667 3422 714 ut

1835 753 1928 824 qui
1967 753 2144 823 reipsa
2189 754 2245 807 in
2293 752 2474 807 virum
2524 751 2798 806 evaserint
2843 751 3018 805 aetatis
3068 749 3422 821 plenitudinis

1837 845 2042 901 Christi
2067 846 2134 910 ³⁸,
2189 844 2491 900 secundum
2545 843 2728 900 divina
2775 842 3013 904 oracula,
3061 851 3118 896 et
3143 841 3422 897 ambulent

1838 935 1962 1006 ipsi,
1996 945 2052 991 et
2084 936 2219 990 alios
2257 935 2511 990 erudiant
2543 952 2556 987 :
2591 944 2682 988 aut
2726 934 2770 988 si
2803 942 3062 987 neutrum
3112 932 3291 987 facere
3320 946 3420 986 vo-

1839 1028 1982 1094 lunt,
2016 1044 2171 1083 suam
2205 1028 2448 1098 ipsorum
2493 1025 2796 1080 socordiam
2845 1033 2901 1079 et
2943 1023 3420 1093 intemperantiam

1842 1129 2120 1174 accusent.
2148 1118 2399 1173 Forsitan
2433 1126 2647 1186 tempus
2668 1115 3267 1185 eritquo-resipiscant.
3291 1113 3419 1179 Sed,

1844 1213 1951 1266 heu
1983 1211 2155 1266 niihil
2188 1209 2352 1265 Pater
2383 1208 2790 1271 colendissime,
2823 1206 2912 1276 qui
2951 1205 3147 1260 horum
3176 1203 3421 1260 omnium

1845 1319 1969 1358 reus
2002 1318 2122 1372 quae
2150 1301 2281 1365 dixi,
2316 1302 2602 1370 omnisque
2625 1299 2746 1354 vitii
2772 1309 2825 1354 et
2860 1297 3149 1366 pravitatis
3182 1296 3417 1366 adiutor,

1845 1395 2107 1448 insultare
2140 1393 2264 1448 aliis
2307 1391 2469 1462 coepi,
2518 1392 2772 1463 legesque
2809 1389 3105 1460 praﬁgere.
3163 1388 3424 1459 Plangant

1847 1500 1934 1540 me
1969 1486 2298 1556 lugeantque
2325 1484 2532 1553 lapides
2561 1484 2662 1554 ipsi
2690 1497 2886 1538 sensus
2908 1489 3176 1550 expertes,
3204 1480 3296 1549 qui
3328 1494 3425 1549 per

1847 1578 2088 1648 singulas
2119 1578 2282 1632 horas
2308 1591 2498 1632 versor
2528 1576 2582 1630 in
2613 1575 2950 1638 discrimine,
2977 1572 3287 1642 Christique
3313 1578 3427 1642 gre-

1848 1683 1966 1739 gem
2008 1667 2232 1738 indigno
2275 1667 2412 1721 mihi
2453 1667 2804 1722 commissum
2845 1664 3071 1734 dissipo.
3106 1665 3281 1733 Atque
3313 1663 3429 1717 haec

1851 1759 2143 1824 hactenus,
2173 1769 2226 1816 te
2245 1761 2494 1830 jubente,
2528 1775 2558 1814 a
2582 1760 2692 1815 Deo
2719 1759 3003 1821 honorate,
3036 1756 3313 1827 reSpondi.
3345 1755 3428 1809 Tu

175 1857 432 1926 ἠρξάμην
465 1828 924 1924 καὶννομοθετείν.
960 1828 1362 1906 Κλαυσάτωσαν
1393 1850 1488 1904 καὶ
1526 1849 1742 1921 θρηνεί-

1859 1870 1985 1909 vero
2023 1828 2260 1925 Spiritus
2283 1853 2487 1907 virtute
2531 1851 2816 1916 subnixus,
2867 1850 3335 1922 legitimarumque
3376 1857 3431 1903 et

176 1963 354 1998 τωσαν
385 1944 476 1997 ἐπ’
506 1945 627 2013 ἐμοὶ
666 1945 760 1997 καὶ
795 1942 948 1996 αὐτοὶ
977 1942 1026 1992 οἱ
1069 1938 1386 2007 ἀναίσθητοι
1418 1938 1556 1991 λίθοι
1585 1977 1599 2001 ,
1637 1957 1748 1991 κιν-

177 2035 452 2089 δυνεύοντι
486 2036 627 2088 κατά
665 2035 848 2087 πᾶσαν
889 2031 1060 2102 ὥραν,
1105 2031 1200 2084 καὶ
1231 2031 1481 2101 ῥήσσοντι
1512 2029 1574 2082 τὸ
1624 2030 1747 2082 ποί-

181 2143 335 2196 μνιον
393 2124 490 2179 τοῦ
549 2123 789 2195 Χριστοῦ
855 2122 1088 2186 ἀναξίως
1145 2138 1235 2191 μοι
1288 2120 1745 2191 παραδεδομένον.

179 2217 428 2271 Τοσαῦτά
457 2234 549 2286 μοι
579 2214 830 2286 προήχθη
878 2211 1151 2266 κελεύοντί
1201 2228 1316 2275 σοι,
1351 2205 1396 2264 ὦ
1441 2209 1748 2280 θεοτίμητε,

178 2307 666 2378 ἀνταποκριθῆναι.
701 2305 872 2368 Αὐτὸς
901 2304 956 2357 δὲ
985 2302 1374 2373 ἐρηρεισμένος
1397 2299 1472 2354 ὢν
1501 2304 1567 2372 τῇ
1595 2301 1753 2354 δυνά·

184 2418 274 2470 μιι
309 2402 406 2455 τοῦ
453 2400 796 2470 Πνεύματος,
829 2397 924 2451 καὶ
951 2398 1018 2467 τῇ
1052 2393 1344 2466 περιλήψει
1373 2393 1481 2447 τῶν
1511 2393 1755 2463 νομίμων

184 2492 276 2544 καὶ
298 2492 545 2564 πατρίων
570 2488 816 2552 ἐντολῶν,
848 2486 1099 2556 ἀκίνητος
1127 2485 1310 2555 μένοις
1338 2483 1432 2536 καὶ
1459 2483 1756 2547 ἀσάλευτος

185 2584 276 2636 καὶ
301 2582 719 2650 ἀκαταπτόητος
751 2580 818 2632 ὲκ
846 2578 953 2631 τῶν
997 2577 1147 2648 παρά
1194 2593 1359 2629 τινων
1400 2574 1754 2645 πολυτρόπως

1853 1955 2208 2015 paternarum
2259 1944 2601 1998 sanctionum
2651 1943 3067 2006 observatione,
3134 1939 3430 1994 immobilis

1855 2051 2140 2107 permane,
2164 2045 2220 2089 et
2239 2035 2600 2091 inconcussus
2626 2045 2790 2104 atque
2819 2033 3143 2103 intrepidus,
3171 2034 3432 2088 adversus

1857 2129 2217 2198 quorumdam
2264 2128 2429 2183 variis
2473 2129 2529 2183 in
2574 2139 2628 2183 te
2659 2129 2856 2192 modis,
2891 2133 3175 2182 ventorum
3207 2141 3271 2181 ac
3304 2140 3433 2196 pro-

1857 2220 2113 2274 cellarum
2164 2219 2358 2285 instar,
2405 2220 2679 2274 irruentes
2723 2217 3089 2282 rumusculos,
3148 2217 3294 2289 regia
3347 2217 3432 2271 in-

1859 2317 2021 2376 tegrae
2048 2309 2172 2363 vita:
2197 2309 2283 2363 via
2311 2308 2590 2371 incedens,
2618 2315 2673 2362 et
2696 2308 2887 2362 inanes
2915 2307 3196 2362 hominum
3229 2316 3435 2361 utram-

1858 2415 1964 2469 que
1996 2401 2048 2453 in
2082 2409 2294 2471 partem
2345 2414 2510 2456 voces
2538 2409 2919 2460 contemnens,
2959 2413 3022 2453 ac
3065 2413 3165 2467 pro
3213 2397 3435 2452 humili-

1859 2498 1966 2544 tate
1998 2501 2186 2545 nostra
2223 2490 2343 2546 sine
2388 2489 2796 2545 intermissione
2823 2503 2988 2544 orans
3023 2503 3185 2559 quam
3227 2489 3438 2542 studio-

1858 2594 2092 2634 SISSlme.

183 2674 810 2746 προσαπεισφρησάντων
841 2685 945 2734 σοι,
972 2663 1065 2722 οἶα
1093 2668 1311 2736 ἀνέμων
1340 2665 1374 2735 ἢ
1406 2666 1737 2737 τρικυμιῶν,
1777 2668 2090 2738 λογυδρίων,
2139 2669 2338 2740 βαίνων
2383 2671 2444 2723 έν
2526 2671 2592 2741 τῇ
2647 2669 2902 2742 βασιλικῇ
2939 2669 3042 2740 ὀδῷ
3106 2671 3206 2742 τῆς
3237 2671 3436 2739 ἀκραι-

186 2765 348 2834 φνοῦς
379 2765 680 2828 πολιτείας,
710 2762 807 2817 καὶ
856 2759 954 2830 τὴν
988 2760 1072 2829 ἐφ’
1119 2759 1355 2829 ἑκάτερα
1392 2757 1756 2830 παρατρέχων
1797 2761 2181 2830 ματαιολογίαν
2212 2763 2320 2816 τῶν
2385 2763 2712 2835 ἀνθρώπων,
2771 2760 3062 2831 εὐχόμενός
3094 2777 3156 2815 τε
3205 2759 3440 2814 ἀδιαλεί-

190 2878 335 2924 πτως
365 2861 511 2929 ὑπὲρ
539 2859 637 2928 τῆς
664 2856 1046 2918 ταπεινώσεως
1081 2854 1240 2924 ἡμῶν
1269 2851 1338 2905 τὰ
1364 2853 1652 2923 κράτιστα.

572 2972 650 3026 Θ’.
684 3004 754 3013 -
774 2971 1050 3035 Γελασίφ
1072 2967 1329 3039 μαθητῇ.
1597 2967 1745 3042 [ις’.]

2295 2973 2384 3029 ΙΧ.
2411 3003 2480 3014 -—
2518 2973 2725 3030 Gelasio
2754 2973 3029 3044 discipulo.

1287 3084 1558 3148 Aposlatae,
1579 3089 1633 3134 ut
1663 3087 1722 3134 ad
1756 3088 2106 3138 monasterium
2150 3089 2338 3140 redeat.

255 3213 324 3269 Ὦ
365 3214 559 3268 τέκνον
603 3229 726 3282 μου,
753 3209 897 3264 ἀὸδᾶ
939 3209 1186 3273 Γελάσιε,
1236 3209 1354 3271 πῶς
1399 3208 1530 3260 ποτέ
1567 3225 1627 3260 σε
1671 3207 1756 3271 ἐξ·

1935 3209 1979 3265 Ο
2012 3211 2083 3264 [ili
2121 3211 2215 3276 mi,
2260 3212 2400 3266 abba
2436 3212 2636 3277 Gelasi,
2682 3227 2790 3282 quo
2819 3211 3036 3266 tandem
3068 3219 3227 3281 pacto
3269 3212 3441 3268 malo-

186 3307 531 3377 ωστράκισεν
571 3304 600 3355 ὁ
629 3303 936 3372 ἀρχέκακος
972 3301 1218 3363 Σατανᾶς
1250 3302 1315 3353 ὲκ
1353 3300 1447 3352 τοῦ
1479 3299 1754 3353 κοινοσιαο

187 3399 282 3452 κοῦ
328 3394 685 3467 παραδείσου,
715 3392 790 3454 ὡς
819 3392 951 3444 ποτε
980 3391 1072 3444 τὸν
1110 3390 1282 3461 ’Λδάμ
1332 3392 1396 3443 ὲκ
1435 3390 1534 3460 τῆς
1574 3391 1756 3459 Ἐδὲμ,

186 3489 477 3543 πεισθέντα
511 3489 578 3558 τῇ
609 3485 769 3557 βουλῇ
795 3482 888 3538 τοῦ
921 3482 1322 3554 όφιογνώμονος
1347 3482 1622 3554 Ἀμμοῦν;
1653 3484 1760 3536 Καὶ

186 3583 308 3653 ἀρτι
341 3579 542 3651 αὐλίζῃ
579 3580 636 3631 έν
670 3576 855 3639 τόποις
896 3575 988 3638 οὒς
1019 3575 1118 3629 οὐκ
1165 3576 1453 3627 ἐπισκοπεῖ
1479 3575 1506 3628 ό
1532 3573 1757 3643 Κύριος,

186 3671 574 3742 ἀκανθοφορῶν
605 3668 697 3722 καὶ
723 3667 1092 3739 ἐργαζόμενος
1142 3669 1199 3719 έν
1254 3665 1438 3738 ίδριῖηι
1467 3665 1559 3719 τοῦ
1590 3682 1762 3738 προσ-

187 3765 334 3819 ώπου
373 3764 446 3819 τά
477 3761 628 3832 πάθη
655 3762 754 3831 τῆς
796 3761 1041 3829 ἀτιμίας.
1070 3758 1135 3811 Τί
1163 3757 1270 3828 γάρ
1313 3758 1478 3812 καλὸν
1504 3757 1758 3826 ἐξεληλυ-

192 3855 298 3920 θὼς
327 3857 361 3928 ἢ
393 3855 661 3926 εἰργάσω,
687 3853 720 3925 ἢ
753 3851 999 3924 ὲργάζῃ;
1030 3850 1093 3902 Τί
1121 3850 1177 3904 δὲ
1207 3851 1267 3903 οὐ
1301 3849 1500 3921 μᾶλλον
1527 3848 1761 3919 πονηρὸν

190 3949 278 4001 καὶ
305 3946 618 4011 ἀπευκτόνς
661 3943 905 4009 Ἐξέλιπέ
958 3960 1051 3996 σου
1077 3942 1137 3995 τὸ
1163 3941 1348 4012 νοερὸν
1381 3941 1496 4011 φῶς
1533 3940 1633 4012 τῆς
1672 3940 1761 3992 ὁδ-

192 4040 356 4109 ηγίας
381 4054 394 4067 °
433 4035 671 4098 ἐσϐέσθη
702 4038 729 4089 ὁ
758 4034 992 4104 σπινθὴρ
1017 4033 1118 4103 τῆς
1149 4031 1523 4104 πνευματικῆς
1562 4032 1760 4103 φιλίας.

191 4129 255 4180 Οἱ
282 4128 425 4196 φίλοι
446 4143 542 4178 σου
583 4125 675 4178 καὶ
695 4127 743 4177 οἱ
775 4124 1000 4195 πλησίον
1037 4140 1153 4188 σου,
1188 4123 1249 4176 οὐ
1284 4122 1447 4194 μόνον
1476 4123 1618 4194 λέγω
1639 4125 1764 4186 τοὺς

193 4217 474 4282 ποθεινούς
506 4233 604 4270 σου
641 4217 901 4285 ἀδελφοὺς
928 4255 944 4282 ,
993 4216 1129 4270 ἀλλά
1173 4214 1267 4269 καὶ
1309 4215 1434 4278 τοὺς
1479 4215 1574 4268 τοῦ
1629 4214 1763 4268 Θεοῦ

192 4309 476 4378 ἀγγέλους,
505 4308 566 4372 ἐξ
595 4306 842 4370 έιαντίας
868 4324 962 4359 σου
987 4304 1375 4376 ἀπομακρόθεν
1396 4305 1651 4377 ἔστησαν,
1673 4305 1766 4358 καὶ

192 4401 422 4470 ήγγισαν
451 4401 502 4453 οἱ
524 4398 798 4468 δαίμονες,
828 4395 1185 4467 ὲκζητοῦντες
1233 4396 1497 4450 ἀπολέσαι
1522 4414 1614 4449 σου
1641 4397 1766 4459 τοὺς

198 4492 699 4565 προειργασμένους
743 4492 1074 4562 ἀσκητικοὺς
1119 4490 1420 4561 καμάτους.
1469 4491 1578 4545 Ποῦ
1633 4492 1764 4544 ποτέ

195 4602 284 4639 σου
314 4586 588 4656 ἡκαθαρά
621 4583 894 4652 προσευχὴ
917 4599 933 4647 ;
954 4580 1058 4633 ποῦ
1099 4582 1226 4634 ποτέ
1264 4599 1354 4634 σου
1378 4583 1410 4651 ἡ
1437 4583 1767 4654 ἀκράδαντος
1799 4567 1844 4623 D

194 4674 490 4747 ὁμολογίας
548 4679 582 4749 ἡ
629 4675 928 4745 φωτοποιδς
979 4675 1362 4747 ἐξαγόρευσιςς
1414 4676 1448 4745 ἡ
1499 4676 1766 4746 ἀγγελικὴ

195 4771 553 4841 χοροστασία;
591 4769 626 4838 ἡ
657 4767 990 4838 θεομίμητος
1023 4769 1271 4839 ὑπακοή;
1321 4770 1354 4838 ἠ
1413 4768 1767 4839 χριστοφόρος

193 4860 699 4932 ταπεινοφροσύνη;
748 4861 924 4913 έκεῖνο
969 4859 1030 4912 τὸ
1078 4860 1241 4912 καλὸν
1285 4860 1378 4914 καὶ
1422 4862 1690 4932 τερπνὸν,
1740 4860 1768 4913 ὃ

195 4952 306 5021 ᾅδει
328 4955 356 5006 ό
379 4951 807 5027 ᾁσματογράφος
834 4949 1070 5020 Δαὸὶδ,ή
1099 4952 1189 5003 έπὶ
1216 4952 1276 5004 τὸ
1299 4953 1429 5011 αὐτὸ
1453 4954 1763 5024 συνοίκησίς

197 5059 288 5097 σου
336 5044 447 5097 τῶν
483 5042 770 5110 ἀδελφῶν;
806 5043 1023 5096 Τούτων
1067 5044 1282 5096 πάντων
1326 5045 1514 5113 ἐπειδὴ
1561 5045 1767 5116 ἕρημος

196 5134 416 5201 γέγονας
443 5175 460 5200 ,
508 5134 700 5187 τέκνον
742 5153 841 5203 μου
869 5173 883 5199 ,
919 5135 1060 5205 ἔχεις
1104 5136 1524 5204 ἀντεισαχθέντα
1575 5154 1656 5188 σοι
1699 5137 1768 5189 τὰ

198 5227 430 5291 ἐναντία,
465 5227 779 5294 σκοτασμὸν
807 5227 946 5292 νοὸς,
974 5227 1307 5297 ἀναλγησίαν
1338 5227 1540 5297 ψυχῆς,
1567 5229 1767 5300 πώρωυ

198 5335 278 5371 σιν
309 5320 638 5392 καρδιακὴν,
671 5319 1013 5384 δυσπιστίαν,
1051 5318 1422 5384 ἀνελπιστίαν,
1450 5320 1768 5390 ὀλιγωρίαν,

199 5410 357 5478 φόδον
385 5411 644 5472 θανάτου,
675 5409 874 5479 τρόμον
903 5409 1217 5476 ἀπολογίας.
1249 5410 1358 5464 Καὶ
1392 5411 1444 5463 τί
1474 5411 1553 5463 δεῖ
1595 5428 1768 5463 κατα-

199 5501 375 5571 λέγειν
406 5504 465 5556 ἒν
495 5503 764 5566 ἕκαστον,
788 5503 864 5554 ὅτι
893 5503 1092 5554 στένων
1124 5504 1216 5554 καὶ
1238 5503 1456 5572 τρέμων
1487 5503 1770 5565 Καῖνικώς

203 5599 416 5662 πάντως
471 5595 737 5661 διαϐιοϊςς
790 5597 896 5648 Καὶ
943 5593 1096 5648 οὔπω
1143 5595 1288 5663 λέγω
1337 5597 1444 5648 τῶν
1494 5596 1774 5666 σαρκικῶν

266 5783 304 5814 ³¹
351 5785 552 5855 Ephes.
585 5799 653 5841 ιτ,
691 5783 774 5836 15.

502 5881 775 5939 ΡΑττιοῐ..
821 5877 931 5936 Gn.
978 5877 1203 5936 XCIX.

1861 3320 1978 3358 rum
2014 3315 2064 3358 te
2093 3313 2284 3360 auctor
2307 3303 2556 3372 Satanas,
2580 3320 2646 3360 ex
2689 3303 3007 3361 ccenobiaco
3036 3304 3308 3373 paradiso,
3344 3306 3444 3362 sic-

1863 3407 1922 3452 ut
1961 3397 2130 3451 Adam
2184 3397 2313 3452 olim
2351 3411 2419 3452 ex
2452 3396 2624 3463 Eden,
2673 3396 2977 3466 serpentini
3026 3396 3259 3451 Ammon
3306 3412 3442 3453 con-

1860 3487 1985 3543 silio
2029 3487 2348 3543 obsecutum
2402 3488 2832 3543 exterminavit?
2883 3488 2950 3543 Et
3001 3483 3152 3543 nunc
3203 3487 3258 3543 in
3313 3487 3446 3544 locis

1865 3579 2076 3634 habitas
2114 3594 2238 3649 quae
2285 3580 2545 3635 Dominus
2594 3595 2700 3634 non
2739 3581 2980 3650 respicit,
3026 3581 3212 3650 spinas
3242 3581 3445 3651 produ-

1863 3687 2016 3736 cens,
2055 3679 2110 3725 et
2154 3671 2464 3741 ignominiaa
2504 3672 2787 3742 passiones
2817 3671 2871 3724 in
2905 3674 3101 3726 sudore
3147 3671 3331 3726 vultus
3367 3670 3444 3725 tui

1863 3777 2147 3816 exercens.
2174 3761 2314 3827 Quid
2338 3762 2482 3816 enim
2513 3763 2642 3816 recti
2679 3777 2744 3816 ex
2773 3777 2881 3831 quo
2911 3762 3186 3833 digressus
3246 3776 3328 3828 es,
3358 3763 3446 3816 vel

1863 3852 2040 3923 egisti,
2074 3853 2158 3907 vel
2195 3868 2342 3908 nunc
2386 3852 2545 3924 agis?
2581 3851 2722 3919 Quid
2755 3853 2942 3922 potius
2974 3870 3084 3909 non
3120 3868 3444 3925 perversum

1865 3961 1931 4000 ac
1969 3945 2399 4001 detestandum?
2446 3945 2654 4000 Deiecit
2704 3956 2756 4001 te
2806 3945 3006 4000 mentis
3059 3946 3244 4000 lumen
3302 3947 3446 4015 quod

1864 4038 2007 4091 viam
2040 4036 2418 4092 monstrabat:
2455 4037 2725 4093 exstincta
2766 4047 2850 4093 est
2883 4037 3119 4092 scintilla
3148 4037 3449 4109 spiritualis

1867 4127 2313 4182 necessitudinis.
2356 4127 2533 4187 Amici
2571 4136 2626 4181 et
2661 4128 2893 4198 proximi
2938 4129 3050 4193 tui;
3090 4143 3201 4182 non
3236 4137 3446 4183 tantum

1866 4219 2220 4275 charissimos
2264 4219 2462 4275 fratres
2513 4229 2638 4274 tuos
2685 4220 2847 4284 dico,
2897 4219 2991 4275 sed
3038 4221 3186 4293 ipsos
3231 4236 3450 4290 quoque

1868 4311 1963 4366 Dei
2008 4311 2269 4380 angelos;
2307 4310 2599 4364 adversum
2648 4319 2699 4364 te
2749 4310 2965 4364 eminus
2997 4311 3355 4375 steterunt",
3396 4319 3451 4364 et

1867 4403 2092 4472 propius
2118 4416 2404 4456 accessere
2433 4402 2730 4465 daemones,
2765 4411 3052 4457 anteactos
3083 4403 3297 4457 labores
3325 4410 3450 4458 tuos

1870 4495 2135 4548 asceticos
2186 4493 2404 4548 abolere
2462 4493 2768 4563 cupientes.
2839 4494 3076 4550 Ubinam
3125 4510 3262 4565 pura
3317 4496 3448 4549 olim

1873 4583 2115 4656 precatio
2166 4582 2295 4637 tua?
2351 4583 2572 4638 ubinam
2623 4585 2947 4640 inconcussa
2985 4586 3304 4640 confessio?
3357 4587 3449 4640 uni

1873 4676 2157 4746 splendida
2210 4675 2641 4747 exomologesis?
2689 4677 2782 4732 ubi
2830 4679 3071 4749 angelica
3120 4678 3273 4733 chori
3325 4677 3450 4732 fre-

1873 4766 2202 4837 quentatio?
2235 4766 2329 4822 Dei
2359 4768 2552 4821 aemula
2582 4768 2913 4832 obedientia,
2948 4764 3228 4824 Christum
3256 4783 3450 4840 gerens

1874 4858 2170 4922 humilitas,
2207 4856 2411 4911 bonum
2455 4856 2590 4911 illud
2622 4866 2676 4911 et
2719 4859 3048 4928 jucundum,
3092 4860 3234 4930 quod
3269 4859 3448 4914 canti-

1873 4964 2060 5002 corum
2095 4947 2330 5016 scriptor
2379 4948 2640 5018 prazdicat
2671 4948 2860 5014 David,
2913 4949 3143 5006 fratrum
3193 4950 3246 5004 in
3280 4966 3448 5003 unutn

1875 5039 2137 5095 habitatio
2158 5039 2246 5092 “?
2285 5038 2380 5094 His
2411 5040 2665 5094 omnibus
2712 5040 2970 5108 quoniam
3001 5042 3224 5097 orbatus
3257 5057 3337 5106 es,
3376 5041 3449 5096 ﬁli

1874 5135 1967 5199 mi,
1999 5133 2273 5189 contraria
2296 5149 2417 5202 quae
2449 5133 2644 5185 horum
2679 5132 2800 5187 loco
2829 5132 3073 5188 immissa
3099 5143 3228 5188 sunt
3258 5133 3446 5196 habes,

1873 5227 2312 5282 obscurationem
2354 5225 2572 5288 mentis,
2607 5233 2885 5293 stuporem
2917 5225 3105 5288 animi,
3143 5225 3449 5282 caecitatem

1875 5319 2074 5381 cordis,
2135 5316 2595 5380 incredulitatem,
2647 5315 3108 5385 desperationem,
3159 5317 3446 5382 incuriam,

1876 5412 2066 5466 mortis
2097 5419 2325 5473 metum,
2360 5410 2640 5463 horrorem
2674 5409 2883 5478 judicii.
2934 5411 3001 5464 Et
3040 5410 3167 5480 quid
3197 5425 3334 5480 opus
3365 5419 3449 5465 est

1871 5503 2080 5576 singula
2129 5519 2484 5575 percensere,
2518 5518 2640 5556 cum
2674 5517 2895 5572 gemens
2925 5512 2979 5556 et
3009 5513 3251 5556 tremens
3296 5500 3448 5556 Caini

1874 5613 2099 5668 prorsus
2126 5611 2274 5651 more
2303 5594 2470 5648 vitam
2497 5594 2660 5647 ducas
2683 5593 2704 5643 ‘?
2735 5592 2845 5647 Nec
2877 5608 3121 5648 memoro
3148 5591 3449 5648 carnalium

853 5784 895 5815 "
930 5781 1075 5837 Psal.
1114 5799 1320 5847 xxxv”,
1365 5781 1441 5835 l2.
1527 5782 1570 5812 ³³
1601 5779 1746 5834 Psal.
1782 5794 1986 5842 cxxxtt,
2029 5779 2074 5831 Ι.

3015 5891 3092 5944 30
