4008 6318
586 314 686 384 939

1765 313 1821 372 S.
1861 313 2258 374 THEODORI
2299 313 2648 378 STUDlTAT.

3760 326 3868 390 940

581 421 943 492 cupiditatum
974 420 1186 474 turbam
1224 419 1484 474 interiora
1516 429 1603 472 tua
1637 420 2085 486 inflammantem,
2118 433 2170 476 et

2290 426 2477 479 παθῶν
2511 429 2602 478 τὸν
2627 428 2796 495 ἑσμὸν
2840 428 3274 500 ἀναρριπίζωντὰ
3319 447 3413 484 σου
3447 430 3515 483 τὰ
3547 431 3724 498 ἐντὸς,
3769 437 3864 488 καὶ

583 524 864 585 peccatum
906 513 1356 567 succendentcm.
1393 513 1758 582 Quapropter,
1798 513 1872 567 fili
1911 515 2006 580 mi,
2042 532 2164 585 per—

581 616 768 676 specta
800 622 898 677 per
962 605 1225 660 humilem
1284 604 1574 674 epistolam
1618 621 1795 660 meam
1835 608 2080 673 veritate,
2115 618 2170 663 et

580 702 646 755 ad
679 702 864 756 lumen
916 699 1244 769 suspiciens,
1287 714 1349 752 ac
1391 699 1655 754 divinitus
1697 711 2078 769 compunctus,
2114 712 2169 756 et

580 793 756 847 amice
797 792 1140 854 vulneratus,
1188 800 1559 860 reputansque
1591 806 1654 845 ac
1684 793 1991 862 recogitans
2025 793 2168 848 unde

583 885 874 947 excideris,
911 884 1045 938 etin
1072 883 1270 952 quibus
1294 882 1532 935 miseriis
1565 883 1820 943 verseris,
1857 893 1912 937 et
1944 884 2036 938 ubi
2069 886 2168 937 ha-

581 975 741 1035 bites,
789 989 1009 1042 nempe,
1060 981 1120 1027 ut
1166 973 1246 1027 sic
1293 972 1494 1035 dicam,
1545 972 1600 1025 in
1651 973 2016 1028 tabernaculis
2063 974 2167 1028 Ce-

584 1066 680 1120 dar
704 1065 784 1128 “;
825 1063 943 1117 redi
979 1063 1045 1117 ad
1079 1078 1268 1116 sanam
1309 1071 1576 1126 mentem,
1621 1077 1844 1117 recurre
1885 1065 1949 1118 ad
1991 1065 2167 1119 locum

582 1168 758 1218 tuum,
803 1157 1204 1226 expergiscere,
1241 1171 1528 1218 renovare,
1577 1168 1631 1211 et
1669 1157 1977 1223 recalesco;
2015 1168 2168 1212 etne

585 1249 778 1302 horam
819 1248 1120 1308 cuncteris,
1165 1246 1437 1310 nediem,
1495 1263 1563 1301 ne
1597 1247 1992 1301 hebdomade
2027 1267 2037 1300 :
2074 1248 2167 1303 sed

581 1338 907 1407 quantocius
937 1337 1197 1392 omnibus
1224 1338 1475 1406 abiectis,
1511 1339 1768 1407 praesenti
1798 1348 1960 1408 atque
1999 1341 2167 1394 intre-

589 1428 717 1498 pido
744 1429 927 1482 animo
966 1427 1030 1481 ad
1073 1443 1160 1481 me
1194 1429 1316 1481 veni
1365 1429 1635 1482 infelicem
1664 1428 1878 1482 Patrem
1908 1439 2081 1494 tuum,
2115 1439 2170 1483 et

583 1521 650 1576 ad
707 1521 956 1592 egregios
1015 1520 1212 1574 fratres
1277 1529 1435 1583 tuos,
1517 1531 1571 1574 et
1625 1536 1881 1591 maguum
1953 1520 2167 1576 Patrem

583 1629 788 1677 meum,
839 1621 894 1667 et
930 1613 1144 1667 Patrem
1185 1621 1360 1667 tuum.
1400 1613 1466 1666 Et
1497 1613 1595 1667 hac
1631 1614 1852 1682 quidem
1900 1614 1968 1667 de
2004 1628 2166 1667 causa

589 1707 876 1761 consilium
919 1718 1055 1772 erat,
1095 1716 1386 1775 postquam
1434 1715 1487 1760 te
1542 1707 1684 1760 istuc
1741 1705 2028 1775 appulsum
2074 1722 2166 1760 co-

2271 519 2649 587 ἀναφλέγοντα
2696 521 2791 588 τὴν
2827 520 3124 590 ἁμαρτίαν.
3183 521 3275 573 Διὸ
3319 523 3382 594 δὴ
3415 563 3430 586 ,
3479 525 3678 576 τέκνον
3733 543 3860 594 μου,

2271 611 2528 678 ἐπιγνοὺς
2553 610 2614 662 τὸ
2644 610 2843 680 ἀληθὲς
2868 611 2955 663 διὰ
2983 611 3084 680 τῆς
3112 613 3376 681 ταπεινῆς
3409 631 3510 684 μου
3535 615 3858 684 ἐπιστολῆς,

2271 703 2364 754 καὶ
2399 700 2705 769 ἀναϐλέψας
2743 703 2878 770 πρὸς
2925 701 2986 754 τὸ
3017 702 3131 769 φῶς
3153 741 3169 766 ,
3217 703 3313 754 καὶ
3343 706 3708 774 κατανυχθεὶς
3745 705 3858 758 Θεῖ-

2271 791 2402 855 κῶς,
2433 791 2528 842 καὶ
2559 791 2787 860 πληγεὶς
2823 790 3077 860 φιλικῶς,
3113 793 3206 843 καὶ
3236 793 3559 861 ἀναπλήσας
3588 795 3684 846 καὶ
3720 796 3856 848 ἀνα-

2269 882 2544 952 γνωρίσας
2578 882 2700 934 ὅθεν
2731 882 2994 945 ὲξέπεσας
3022 922 3035 945 ,
3071 883 3166 934 καὶ
3202 884 3259 934 tv
3303 883 3474 945 ποίοις
3525 881 3574 936 εἷ
3622 880 3852 947 δεινοῖς,

2271 978 2365 1028 καὶ
2394 975 2497 1028 ποῦ
2539 975 2847 1044 παροικεῖς,
2883 975 2958 1036 ὡς
3000 975 3206 1036 εἰπεῖν,
3245 974 3381 1044 μετά
3408 975 3516 1028 τῶν
3550 980 3854 1046 σκηνωμά⁶

2267 1085 2376 1120 των
2405 1067 2596 1137 Κῃδάρ
2623 1081 2637 1096 ·
2694 1065 3031 1133 ἀνάσφῃλον,
3084 1066 3178 1118 καὶ
3225 1066 3593 1136 ἀναπήδησον,
3630 1069 3728 1120 καὶ
3760 1071 3853 1122 ἀν-

2270 1157 2547 1229 εγέρΘητι,
2581 1157 2672 1209 καὶ
2701 1156 3064 1226 ἁνανεώθητι,
3111 1157 3204 1209 καὶ
3234 1157 3715 1228 ἀναθερμάνθητι·
3761 1162 3854 1213 καὶ

2274 1251 2348 1320 μὴ
2381 1250 2551 1320 ὥραν,
2611 1248 2683 1318 μὴ
2721 1248 2956 1318 ἡμέραν,
3002 1250 3076 1317 μὴ
3113 1247 3417 1317 ἑϐδομάδα·
3466 1250 3605 1304 ἀλλὰ
3655 1250 3854 1306 Θᾶττσιν

2270 1344 2482 1413 χαίρειν
2514 1343 2678 1394 πᾶσιν
2724 1340 2913 1404 εἰπὼν,
2953 1337 3055 1419 ἧκε
3086 1343 3420 1411 ἐρρωμένως
3452 1344 3546 1396 καὶ
3573 1344 3854 1397 ἀνενδοιά-

2270 1450 2410 1495 στως
2449 1432 2586 1502 πρός
2620 1449 2687 1499 με
2717 1433 2809 1483 τὸν
2849 1429 3114 1500 δύστηνόν
3151 1449 3244 1484 σου
3277 1434 3533 1502 Πατέρα,
3579 1435 3678 1486 καὶ
3719 1438 3853 1506 πρὸς

2269 1525 2367 1596 τὴν
2400 1525 2571 1594 καλήν
2598 1541 2691 1575 σου
2724 1523 3087 1593 ἀδελφότητα,
3121 1525 3216 1576 καὶ
3247 1526 3381 1594 πρὸς
3415 1525 3506 1576 τὸν
3536 1526 3716 1594 μέγαν
3747 1528 3852 1581 Πα-

2269 1615 2404 1685 τέρα
2433 1631 2534 1684 μου
2566 1615 2660 1666 καὶ
2696 1615 2924 1684 Πατέρα
2960 1631 3073 1667 σου.
3124 1617 3231 1668 Καὶ
3265 1617 3401 1686 πρὸς
3441 1617 3600 1669 τοῦτο
3632 1617 3851 1670 ἐϐουλό-

2275 1724 2383 1776 μην
2415 1706 2535 1776 μὲν,
2565 1705 2727 1776 ἡνίκα
2753 1705 2956 1775 ἔμαθον
2986 1707 3068 1759 ὅτι
3098 1708 3284 1760 αὐτόθι
3320 1708 3719 1778 ὲξεπελάσθης,
3761 1713 3852 1765 καὶ

581 1799 768 1868 gnovi,
810 1798 976 1852 etiam
1027 1797 1249 1851 fratrem
1295 1812 1421 1850 cum
1473 1797 1670 1852 litteris
1703 1798 1942 1858 mittere,
1995 1797 2085 1866 qui
2119 1806 2170 1850 te

2273 1798 2503 1867 ἀδελφὸν
2539 1798 2751 1868 πέμψαι
2786 1799 2883 1851 σὺν
2913 1801 3024 1860 τοῖς
3060 1800 3388 1869 γράμμασιν
3413 1840 3428 1863 ,
3467 1802 3555 1853 ἵνα
3584 1817 3644 1852 σε
3682 1803 3850 1872 ἀναρ-

589 1899 888 1944 revocaret.
923 1891 1026 1944 Sed
1059 1890 1184 1960 quia
1214 1890 1500 1960 presbyter
1525 1890 1829 1944 litterarum
1862 1892 1998 1944 lator
2029 1891 2160 1944 mihi

583 1983 742 2052 plane
788 1982 1137 2036 confirmavit
1185 1990 1237 2035 te
1280 1982 1347 2036 ad
1395 1982 1539 2036 solas
1578 1983 1786 2036 litteras
1827 1993 2160 2048 venturum,

583 2073 706 2126 ideo
739 2071 968 2140 epistola
1000 2081 1293 2126 contentus
1320 2071 1417 2126 fui.
1448 2072 1512 2124 Et
1543 2086 1671 2124 vero
1695 2072 1890 2140 jubent
1918 2088 2161 2141 prorsus,

583 2165 655 2218 fili
703 2164 798 2230 mi,
829 2165 970 2218 sicut
999 2164 1202 2216 dictum
1247 2172 1354 2225 est,
1392 2178 1499 2215 non
1536 2163 1712 2216 solum
1753 2178 1854 2234 ego
1888 2164 2072 2227 miser,
2109 2172 2164 2218 et

582 2254 740 2308 Pater
770 2270 948 2320 meus,
983 2269 1173 2308 verum
1215 2264 1269 2308 et
1300 2256 1471 2308 nostri
1505 2256 1710 2309 domini
1742 2255 1980 2311 Joannes
2021 2273 2156 2326 prae-

583 2362 778 2402 cursor
826 2362 890 2401 ac
925 2347 1166 2402 Joannes
1200 2329 1532 2417 Theologus,
1579 2358 1640 2402 ut
1689 2365 1852 2418 quam
1904 2350 2165 2406 citissime

583 2440 808 2510 gradum
838 2440 1065 2504 referas,
1119 2441 1437 2511 priusquam
1477 2450 1529 2495 te
1575 2441 1856 2511 inopinata
1889 2459 2037 2498 mors
2067 2459 2164 2497 oc-

582 2543 764 2603 cupet.
815 2532 969 2599 Quod
1015 2534 1057 2588 si
1109 2534 1430 2588 obfirmatus
1481 2533 1693 2599 adhuc,
1747 2536 1894 2604 quod
1942 2537 2164 2588 minime

585 2641 730 2689 reor,
769 2627 1128 2691 obdurescas,
1161 2636 1213 2681 et
1247 2627 1600 2696 pertinaciter
1636 2628 1893 2692 resistas;
1939 2627 2077 2681 scito
2112 2637 2166 2681 te

584 2719 1117 2774 excommunicatum
1149 2733 1289 2781 esse,
1321 2727 1376 2772 et
1407 2735 1435 2772 a
1478 2719 1683 2773 sanctis
1729 2720 2007 2783 omnibus,
2051 2731 2106 2773 et
2134 2735 2164 2772 a

588 2811 750 2864 nobis
799 2810 1176 2878 peccatoribus
1211 2810 1385 2865 donec
1432 2811 1626 2864 faciem
1673 2821 1915 2864 nostram
1959 2811 2162 2865 videas.

586 2901 687 2953 Sin
719 2909 901 2953 autem
941 2899 1166 2970 gradum
1212 2900 1438 2965 referes,
1488 2912 1546 2955 ut
1589 2902 1877 2970 iussimus,
1921 2902 2034 2971 jam
2073 2917 2138 2955 ve

584 2993 744 3047 niens
777 2993 988 3048 solutus
1021 3009 1102 3058 es,
1135 3003 1247 3048 tum
1285 2994 1350 3049 ad
1379 2995 1561 3050 divina
1596 2995 1758 3061 dona,
1791 3004 1905 3050 tum
1940 2995 2008 3050 ad
2033 2995 2166 3049 alios

584 3085 756 3142 cibos.

1011 3203 1076 3258 Χ.
1100 3233 1166 3244 -
1197 3205 1420 3258 Nicolao
1455 3207 1734 3270 discipulo.

2272 1890 2524 1962 ρύσῃται.
2547 1889 2698 1942 Ἐπεὶ
2720 1891 2776 1944 δὲ
2807 1891 2833 1941 ό
2854 1893 3318 1963 γραμματοφόρος
3343 1895 3435 1944 καὶ
3470 1892 3848 1964 πρεσόύτερος

2269 1983 2637 2036 ἐϐεϐαιώσατό
2670 1999 2737 2053 με
2787 1984 3006 2045 πάντως
3034 1986 3098 2036 ὲκ
3145 1984 3322 2052 μόνων
3357 1984 3464 2037 τῶν
3494 1986 3849 2056 γραμμάτων

2268 2077 2426 2146 ἥκειν
2455 2093 2544 2138 σε,
2573 2075 2660 2128 διὰ
2689 2074 2849 2128 τοῦτο
2879 2075 3159 2145 ἡρκέσθην
3202 2078 3265 2146 τῇ
3311 2077 3590 2147 ἐπιστολῇ.
3640 2078 3752 2129 Καὶ
3788 2076 3850 2146 δὴ

2271 2165 2512 2229 πάντως,
2539 2166 2735 2218 τέκνον
2768 2183 2893 2234 μου,
2924 2164 3105 2227 καθὼς
3129 2166 3367 2234 εἴρηται,
3400 2166 3461 2218 οὐ
3494 2168 3656 2235 μόνον
3686 2164 3800 2234 ὲγὼ
3825 2168 3850 2218 ὁ

2269 2260 2472 2322 τάλας,
2533 2260 2627 2312 καὶ
2672 2261 2700 2311 ὁ
2750 2259 2940 2328 Πατήρ
2990 2275 3124 2325 μου,
3169 2258 3304 2311 ἀλλά
3359 2261 3453 2313 καὶ
3498 2260 3548 2311 oi
3590 2259 3849 2313 δεσπόται

2271 2351 2428 2422 ἡμῶν
2447 2391 2463 2414 ,
2508 2353 2535 2404 ό
2570 2350 2878 2420 Πρόδρομος
2898 2391 2912 2412 ,
2946 2350 3040 2401 καὶ
3068 2351 3096 2402 ὁ
3125 2349 3384 2418 Θεολόγος
3410 2390 3425 2414 ,
3469 2349 3850 2417 ὲγκελεύονταί

2272 2459 2377 2509 σοι,
2426 2441 2654 2511 τάχιστα
2687 2439 3041 2507 ἀποκινῆσαι,
3079 2441 3209 2511 πρὶν
3246 2441 3658 2511 ἀπροσδοκήτου
3683 2440 3849 2494 θανά-

2270 2554 2365 2588 του
2389 2533 2672 2603 καταλάϐῃ
2704 2534 2765 2585 τὸ
2789 2533 2964 2596 τέλος.
2997 2535 3060 2586 Εἰ
3087 2533 3144 2586 δέ
3168 2551 3240 2596 τι,
3274 2534 3302 2585 δ
3329 2533 3426 2602 οὐχ
3456 2531 3848 2602 ὑπολαμϐάνω.

2272 2624 2711 2694 σκληρυνόμενος
2731 2621 3074 2692 σκληρυνθῇς
3093 2624 3184 2674 καὶ
3207 2620 3555 2683 αὐθαδιάσεις
3578 2637 3590 2649 ·
3611 2621 3847 2688 γίνωσκε

2271 2715 2636 2784 ἀκοινώνητόν
2670 2731 2728 2766 σε
2761 2713 2920 2777 εἶναι,
2950 2715 3044 2766 καὶ
3067 2715 3128 2764 ἑκ
3159 2715 3376 2765 πάντων
3395 2713 3504 2765 τῶν
3532 2713 3727 2780 ἁγίων,
3756 2715 3848 2766 καὶ

2272 2807 2332 2872 ὲξ
2360 2805 2520 2877 ήμῶν
2546 2805 2654 2857 τῶν
2695 2803 3054 2874 ἁμαρτωλῶν,
3083 2803 3184 2864 ἕως
3211 2804 3276 2856 ἂν
3308 2803 3426 2872 διέθει
3452 2803 3512 2856 τὸ
3552 2804 3846 2873 πρόσωπον

2273 2900 2451 2968 ἡμῶν.
2481 2898 2542 2949 Εί
2573 2897 2628 2948 δὲ
2665 2896 3052 2963 ἀποκινήσεις,
3087 2892 3269 2954 καθὼς
3304 2894 3714 2963 ὲνετειλάμεθα,
3745 2897 3842 2963 ἤδη

2273 2991 2563 3060 ἐρχόμενος
2591 2986 2880 3055 λελυμένος
2909 2980 2977 3049 εἷ,
3011 2985 3105 3038 καὶ
3142 2986 3249 3038 τῶν
3299 2986 3457 3038 οεὶων
3494 2985 3707 3056 δώρων,
3752 2988 3844 3039 καὶ

2273 3083 2380 3136 τῶν
2411 3080 2585 3132 ἄλλων
2617 3077 2942 3148 βρωμάτων.

2687 3192 2743 3244 l'.
2773 3220 2842 3230 —-
2870 3191 3146 3254 Νικολάῳ
3171 3189 3428 3259 μαθητῇ.
3687 3191 3838 3269 [x12]

1438 3316 1611 3364 Electo
1633 3317 1680 3364 In
1709 3313 2028 3377 praepositum
2067 3313 2214 3363 tradit
2255 3313 2497 3372 praecepta
2540 3308 2652 3354 vitae
2694 3308 2998 3355 monasticae.

654 3418 1106 3489 Quandoquidem
1152 3419 1245 3474 Dei
1285 3428 1441 3482 nutu,
1478 3419 1778 3488 spiritualis
1812 3417 1882 3471 ﬁli
1925 3417 2162 3481 Nicolae,

585 3513 650 3565 ad
683 3511 1022 3581 prazfectura:
1053 3513 1265 3582 apicem
1312 3520 1536 3566 evectus
1587 3526 1664 3572 es,
1712 3511 2006 3566 observare
2046 3524 2164 3562 om-

586 3601 720 3654 nino
758 3601 949 3665 debes,
985 3617 1105 3669 quae
1132 3601 1186 3655 in
1220 3601 1324 3654 hoc
1353 3599 1536 3653 libello
1565 3607 1832 3668 praecepta
1869 3607 2016 3650 sunt.
2049 3595 2164 3648 Non

585 3693 748 3764 igitur
781 3691 1052 3745 ullatenus
1103 3692 1439 3757 immutabis,
1474 3705 1635 3760 quam
1670 3706 1696 3742 a
1735 3687 2003 3758 spiritu-ali
2047 3702 2165 3740 mo-

583 3782 825 3837 nasterio
848 3793 938 3836 tuo
956 3782 1214 3852 accepisti
1235 3781 1460 3836 formam
1481 3791 1534 3834 et
1557 3780 1822 3850 regulam,
1844 3779 2048 3846 absque
2070 3793 2165 3831 ne-

584 3874 861 3928 cessitate.
893 3872 1010 3928 Non
1047 3869 1356 3942 possidebis
1392 3887 1456 3926 ex
1492 3870 1594 3924 hoc
1618 3870 1821 3923 mundo
1845 3869 2160 3936 quidquam,

587 3981 688 4018 nec
723 3967 822 4020 tibi
863 3966 1144 4036 preprium
1189 3980 1422 4034 repones
1463 3963 1545 4016 vel
1589 3963 1809 4016 unicqu
1855 3972 2159 4033 argentum.

585 4056 704 4110 Non
742 4057 949 4112 divides
985 4058 1226 4111 animum
1259 4067 1314 4110 et
1350 4071 1443 4109 cor
1474 4064 1624 4108 tuum
1657 4053 1854 4108 affectu
1887 4055 2160 4122 curisque,

586 4159 810 4220 propter
843 4166 936 4204 eos
962 4150 1054 4220 qui
1083 4149 1178 4204 tibi
1217 4165 1246 4202 a
1290 4149 1399 4202 Deo
1432 4147 1713 4202 commissi
1754 4155 1905 4211 sunt,
1955 4146 2164 4214 tibique

588 4243 640 4294 in
672 4243 864 4312 spiritu
897 4242 989 4295 lilii
1020 4257 1083 4296 ac
1116 4242 1314 4295 fratres
1337 4241 1461 4294 facti
1493 4248 1648 4307 sunt;
1678 4255 1786 4293 non
1816 4254 1942 4309 erga
1973 4253 2165 4316 neces-

587 4335 760 4389 sarios
802 4335 932 4388 olitn
982 4335 1284 4388 secundum
1331 4347 1576 4396 carnem,
1624 4341 1718 4385 aut
1757 4340 2036 4402 cognatos,
2073 4339 2167 4384 aut

587 4426 814 4492 amicos,
850 4437 945 4481 aut
987 4427 1221 4482 sodales.
1257 4425 1375 4481 Non
1420 4427 1672 4497 erogabis
1717 4441 1808 4480 res
1852 4425 2164 4479 monasterii

590 4521 690 4584 tui,
726 4534 903 4588 neque
942 4519 994 4572 in
1030 4518 1162 4583 vita,
1214 4534 1393 4588 neque
1432 4529 1556 4588 post
1587 4528 1839 4581 mortem,
1877 4518 1991 4570 sive
2020 4518 2165 4570 elee-

588 4626 825 4680 mosynaa
852 4607 1034 4672 titulo,
1065 4608 1178 4663 sive
1209 4608 1393 4679 legati,
1420 4609 1470 4660 in
1498 4618 1618 4662 tuos
1646 4608 1774 4662 olim
1803 4607 2161 4670 necessarios,

2352 3408 2573 3478 Ἐπειδὴ
2600 3408 2821 3476 εὐδοκία
2851 3405 2986 3459 Θεοῦ
3013 3403 3440 3474 προεϐιϐάσοης,
3465 3404 3658 3457 τέκνον
3681 3422 3839 3457 πνευο

2273 3502 2499 3574 ματικδν
2533 3501 2790 3561 Νικόλαε,
2825 3501 2905 3560 εἰς
2949 3497 3010 3549 τὸ
3043 3498 3142 3566 τῆς
3185 3497 3549 3566 ήγουμενείας
3592 3497 3832 3567 ἀξίωμα,

2266 3595 2383 3647 δέον
2413 3589 2798 3662 παραφυλάξαι
2833 3605 2889 3640 σε
2937 3589 3113 3642 πάντα
3156 3589 3223 3640 τά
3257 3587 3621 3654 ἐντεταλμένα
3662 3606 3744 3641 σοι
3784 3590 3838 3640 ἐν

2266 3686 2343 3754 τῷ
2391 3684 2615 3753 παρόντι
2654 3680 3008 3750 γραμματίῳ.
3050 3681 3122 3732 UO
3171 3678 3476 3742 διαλλάξεις
3521 3678 3616 3731 οὖν
3673 3680 3835 3748 ὅνπερ

2267 3777 2570 3848 παρέλαϐες
2602 3775 2768 3827 τύπον
2799 3773 2892 3826 καὶ
2926 3772 3124 3824 κανόνα
3157 3770 3307 3839 παρὰ
3331 3771 3432 3838 τῆς
3460 3771 3838 3838 πνευματικῆς

2267 3889 2361 3924 σου
2392 3869 2557 3940 μονῆς
2593 3870 2649 3920 tv
2681 3866 2886 3920 ἅπασιν
2911 3865 3038 3918 ἄνευ
3067 3863 3330 3931 ἀνάγκης.
3360 3861 3434 3913 Οὐ
3466 3863 3641 3931 κτήσῃ
3670 3877 3723 3913 τι
3747 3861 3836 3913 τοῦ

2265 3965 2475 4032 κόσμου
2505 3962 2693 4012 τούτου
2717 4000 2730 4023 ,
2764 3957 2882 4010 οὐδὲ
2913 3955 3377 4025 ἀποθησαυρίσεις
3414 3953 3722 4021 ἰδιορίστως
3762 3955 3838 4014 εἰς

2265 4054 2457 4107 ἑαυτὸν
2491 4051 2654 4122 μέχρι
2691 4050 2784 4102 καὶ
2811 4047 2929 4110 ἐνὸς
2962 4046 3248 4117 ἀργυρίου.
3273 4047 3346 4098 Οὐ
3378 4045 3722 4114 διαμερίσεις
3741 4047 3834 4113 τὴν

2263 4145 2440 4216 ψυχὴν
2468 4145 2562 4197 καὶ
2590 4143 2689 4213 τὴν
2731 4140 2957 4212 καρδίαν
2999 4157 3092 4192 σου
3133 4140 3189 4190 tv
3218 4139 3400 4207 σχέσει
3435 4139 3528 4190 καὶ
3571 4137 3829 4206 φροντίδι,

2267 4239 2419 4310 παρά
2447 4239 2572 4300 τοὺς
2600 4233 3073 4303 πεπιστευμένους
3110 4248 3190 4283 σοι
3237 4230 3340 4282 ὑπὸ
3371 4228 3506 4281 Θεοῦ
3528 4269 3542 4293 ,
3587 4230 3680 4281 καὶ
3710 4246 3832 4296 γεννι

2265 4331 2540 4401 νωμένους
2567 4345 2649 4380 σοι
2671 4325 3055 4395 πνευματικῶς
3080 4323 3224 4383 υἱοὺς
3254 4323 3347 4374 καὶ
3380 4320 3671 4387 ἀδελφούς·
3715 4321 3833 4372 οὒτε

2267 4424 2345 4483 είς
2377 4421 2501 4482 τούς
2530 4436 2659 4472 ποτε
2693 4418 2857 4477 ίδίους
2888 4415 3029 4467 κατά
3063 4413 3320 4482 σάρκα,ἢ
3358 4414 3661 4478 συγγενεῖς,
3694 4412 3725 4482 ἢ
3755 4411 3835 4479 φί-

2265 4513 2421 4573 λους,
2452 4511 2482 4580 ἢ
2517 4513 2888 4577 συνεταίρους.
2918 4508 2991 4558 Οὐ
3019 4507 3196 4576 χρήσῃ
3231 4507 3338 4565 τοῖς
3375 4503 3477 4573 τῆς
3506 4503 3716 4565 οἰκείας
3746 4520 3832 4554 σου

2270 4601 2442 4673 μονῆς
2471 4641 2486 4665 ,
2517 4598 2643 4652 οὗτε
2679 4597 2786 4661 ζῶν
2814 4638 2828 4662 ,
2862 4595 2984 4650 οὔτε
3021 4596 3156 4666 μετά
3196 4594 3442 4658 θάνατον,
3487 4594 3841 4663 ὲλεῃμονητις

590 4711 650 4758 ιιι
673 4702 880 4756 dictum
918 4710 1020 4767 est,
1061 4711 1114 4756 et
1142 4700 1347 4755 amicos
1380 4717 1393 4754 :
1433 4715 1535 4755 nec
1569 4700 1715 4753 enim
1747 4699 1814 4752 de
1845 4698 2047 4752 mundo
2079 4712 2157 4760 es,

2269 4695 2396 4758 κῶς,
2433 4693 2465 4762 ἢ
2499 4689 2909 4761 κλῃρονομικῶς
2931 4730 2944 4754 ,
2976 4690 3054 4751 εἰς
3079 4686 3206 4748 τούς
3243 4703 3371 4738 ποτε
3401 4687 3828 4756 προειρημένους

589 4805 649 4849 ut
689 4810 775 4848 res
805 4793 990 4847 mundi
1025 4792 1256 4863 attingas
1283 4809 1296 4846 :
1330 4801 1694 4862 praterquam
1735 4790 1779 4844 si
1812 4790 1902 4858 qui
1932 4789 2071 4842 forte
2099 4803 2162 4841 ex

588 4887 844 4941 coenobio
891 4886 945 4939 in
994 4885 1247 4940 ordinem
1296 4895 1547 4939 nostrum
1591 4881 1908 4936 transierint
1947 4898 1960 4933 :
2003 4890 2166 4949 atque

590 4977 661 5030 ita
710 4991 897 5030 curam
940 4990 1130 5030 eorum
1177 4990 1332 5045 geres
1379 4975 1535 5044 juxta
1585 4981 1895 5026 sanctorum
1943 4972 2164 5024 Patrum

588 5068 919 5137 exemplum.
957 5067 1074 5124 Non
1120 5067 1426 5138 possidebis
1463 5081 1704 5127 servum,
1740 5079 1917 5133 neque
1947 5063 2012 5116 ad
2048 5071 2170 5116 tuos

590 5176 746 5226 usus,
780 5177 960 5230 neque
988 5162 1053 5215 ad
1087 5160 1405 5216 monasterii
1434 5158 1522 5213 cui
1568 5157 1844 5226 praasidcs,
1879 5171 1980 5209 nec
2011 5154 2169 5207 deni-

589 5269 697 5322 que
725 5253 793 5306 ad
832 5254 944 5323 agri
992 5253 1093 5317 tui,
1146 5253 1429 5306 hominem
1470 5250 1562 5320 qui
1615 5250 1682 5303 ad
1728 5248 1820 5302 Dei
1877 5247 2166 5316 imaginem

591 5347 772 5400 factus
799 5353 883 5398 est
923 5362 934 5396 :
972 5345 1076 5399 hoc
1107 5345 1252 5398 enim
1285 5341 1640 5396 saecularibus
1672 5340 1804 5394 solis
1847 5352 2166 5393 concessum

590 5448 691 5492 est.
731 5435 811 5490 Tu
840 5451 971 5490 vero
1005 5437 1238 5504 teipsum
1271 5435 1534 5487 exhibere
1587 5431 1862 5484 unanimis
1911 5429 2169 5482 fratribus

593 5531 702 5584 tuis
726 5545 946 5584 servum
977 5528 1160 5583 animo
1189 5527 1373 5587 debes,
1409 5525 1534 5578 licet
1567 5534 1792 5576 externa
1834 5522 2016 5590 specie
2048 5531 2169 5572 tan-

592 5641 752 5694 quam
790 5625 1044 5678 dominus
1075 5631 1129 5676 et
1159 5621 1411 5690 magister
1441 5617 1708 5672 habearis.
1741 5614 1984 5670 Feminci
2009 5627 2169 5666 sexus

673 5790 717 5822 “
756 5794 910 5842 Laut.
946 5801 980 5846 ι,
1007 5760 1066 5835 il.

2267 4784 2432 4845 ίδίους
2477 4783 2566 4834 καὶ
2601 4781 2806 4850 φίλους.
2863 4781 2938 4832 Οὐ
2984 4779 3090 4847 γὰρ
3137 4779 3200 4830 ἐκ
3249 4777 3340 4830 τοῦ
3384 4778 3592 4847 κόσμου
3629 4774 3712 4841 εἷ,
3755 4779 3832 4830 ἵνα

2271 4875 2504 4946 μετέχῃς
2534 4873 2641 4925 τῶν
2674 4875 2736 4925 ὲκ
2776 4871 2867 4924 τοῦ
2898 4872 3130 4940 κόσμου·
3161 4869 3300 4936 πλὴν
3328 4871 3375 4920 εί
3417 4870 3492 4939 μή
3531 4886 3632 4920 που
3672 4886 3830 4938 μετα-

2271 4967 2421 5036 βαϊέν
2453 4983 2595 5028 τινες
2625 4965 2687 5016 ἐκ
2716 4963 2807 5015 τοῦ
2845 4961 3159 5016 κοινωνικοῦ
3189 4961 3305 5031 βίου
3338 4963 3416 5023 είς
3449 4961 3510 5012 τὸ
3541 4959 3668 5013 καθ’
3697 4962 3832 5029 ἡμᾶς

2267 5059 2484 5126 τάγμα·
2545 5057 2639 5108 καὶ
2690 5054 2831 5107 οὕτω
2894 5053 3196 5122 φροντίσεις
3259 5052 3400 5104 κατά
3455 5053 3687 5122 μίμησιν
3736 5053 3833 5104 τῶν

2271 5150 2441 5215 ἁγίων
2487 5149 2762 5216 Πατέρων.
2807 5147 2879 5198 Οὐ
2916 5147 3092 5215 κτήσῃ
3121 5143 3327 5209 δοῦλον,
3370 5143 3496 5195 οὗτε
3526 5145 3606 5206 είς
3638 5144 3833 5196 οίκείαν

2272 5239 2482 5307 χρείαν,
2537 5235 2659 5287 οὔτε
2710 5238 2788 5297 είς
2843 5237 2906 5303 ἣν
2958 5232 3285 5302 ὲπιστεύθης
3339 5233 3529 5302 μονὴν,
3590 5232 3713 5284 οὔτε
3763 5234 3833 5292 εἰς

2273 5332 2342 5395 ἀγ
2357 5329 2481 5398 ρούς
2517 5345 2632 5393 σου,
2673 5327 2762 5378 τὸν
2796 5327 2914 5379 κατ’
2949 5327 3132 5378 είκόνα
3175 5325 3308 5376 Θεοῦ
3339 5325 3601 5392 γεγονότα
3635 5323 3832 5390 ἁνΘριυ·

2275 5440 2372 5473 πον
2397 5437 2408 5448 ·
2455 5419 2611 5472 τοῦτο
2659 5421 2764 5488 γὰρ
2797 5420 2980 5488 μόνοις
3019 5420 3129 5479 τοῖς
3159 5420 3216 5468 ὲν
3248 5416 3325 5486 τῷ
3358 5417 3455 5485 βίῳ
3493 5413 3834 5485 συγκεχώρη-

2273 5531 2380 5565 ται.
2416 5512 2506 5564 Σοὶ
2534 5511 2589 5564 δὲ
2623 5511 2798 5581 χρεὼν
2844 5510 3033 5562 ἑαυτὸν
3075 5509 3376 5579 παρασχεῖν
3407 5509 3518 5568 τοῖς
3554 5505 3833 5574 όμοψὺχοις

2278 5623 2367 5658 σου
2401 5605 2645 5673 ἀδελφοῖς
2692 5603 2874 5654 δοῦλον
2911 5605 2972 5671 τῇ
3011 5601 3263 5671 προθέσει
3295 5640 3306 5663 ,
3345 5599 3447 5652 κᾶν
3480 5602 3547 5669 τῇ
3593 5597 3699 5664 ἔξω
3729 5603 3831 5649 ἐπι-
