4008 6318
115 367 213 434 941

1353 368 1884 431 EPISTOLARUM
1925 367 2068 427 ΜΒ.
2113 368 2162 429 Ῐ.

3285 371 3390 436 942

115 480 316 550 φανείᾳ
369 480 451 542 ὼς
506 478 773 548 δεσπότης
830 476 1021 547 λογίζῃ
1081 476 1178 531 καὶ
1239 477 1578 540 διδάσκαλος.
1631 478 1705 530 Οὐ

1819 475 2018 529 animal
2065 475 2133 529 ad
2183 475 2488 530 necessaria
2536 476 2846 532 ministeria
2904 477 3116 534 nullum
3166 479 3393 544 habeas,

115 573 304 642 σχοίης
353 571 500 636 ζῶον
545 572 655 623 τῶν
695 572 759 623 ἐκ
799 570 893 623 τοῦ
941 570 1132 641 Θήλεος
1164 569 1356 638 γένους
1390 571 1471 632 είς
1515 569 1703 639 χρείαν

117 663 495 734 ὁπουργικὴν,
526 664 555 716 ὀ
583 663 660 732 τῷ
692 662 846 732 θήλει
883 662 1234 716 παντάπασιν
1267 662 1700 731 ἀποταξάμενος·

116 753 240 809 οὔτε
270 757 330 806 ἐν
361 757 432 824 τῇ
467 755 628 824 μονῇ,
667 752 792 806 οὕτε
827 757 884 805 ἐν
915 755 1027 813 τοῖς
1055 753 1243 823 ἀγροῖς
1264 769 1276 782 ·
1312 752 1494 820 καθὼς
1530 752 1705 816 οὐδεὶς

117 845 226 897 τῶν
261 845 434 898 ὁσίων
462 845 557 897 καὶ
578 844 749 912 ἁγίων
785 843 1047 914 Πατέρων
1078 843 1234 914 ἡμῶν
1273 844 1562 914 ἐχρήσατο,
1580 843 1704 898 οὔτε

119 939 152 1006 ἡ
189 937 356 1007 φύσις
383 937 529 1007 αὑτὴ
562 937 868 1005 ἐπιτρέπει.
924 938 1038 990 Οὐκ
1074 937 1438 1006 ἐποχούμενος
1474 939 1573 1010 ἔσῃ
1613 938 1706 990 ῖπ..

123 1041 245 1088 ποις
281 1024 381 1077 καὶ
409 1026 658 1095 ἡμιόνοις
687 1026 813 1080 ἄνευ
840 1025 1083 1096 ἀνάγκης
1104 1043 1117 1056 ·
1148 1025 1284 1079 ἀλλά
1317 1028 1704 1099 Χριστομιμήο

120 1133 226 1180 τως
255 1116 685 1188 πεζοπορήσεις.
707 1117 770 1169 Ei
796 1116 841 1169 δ’
873 1115 932 1168 οὔ
955 1133 968 1147 ·
1003 1116 1182 1180 πῶλός
1214 1135 1294 1170 σοι
1326 1118 1384 1171 τὸ
1413 1117 1706 1185 ὑποζύγιον
1756 1121 1760 1125 ’

122 1209 294 1262 ἔσται.
334 1209 759 1280 Παραφυλάξεις
803 1209 1019 1272 πάντως
1048 1209 1109 1262 τὸ
1133 1209 1202 1263 τά
1229 1211 1406 1264 πάντα
1433 1213 1502 1266 τά
1541 1213 1600 1265 ἐν
1638 1214 1704 1282 τῇ

120 1299 459 1370 ἀδελφότητι
502 1299 659 1353 κοινά
708 1297 978 1353 εἶναικαὶ
1031 1301 1341 1371 ἀμέριστα·
1396 1305 1489 1356 καὶ
1542 1303 1706 1373 μηδὲν

121 1387 261 1439 κατὰ
293 1386 468 1456 μέρος
497 1386 591 1440 τοῦ
621 1387 959 1441 καθὲκαστον
991 1387 1070 1450 είς
1102 1388 1510 1460 ἐξαυθέντησιν,
1545 1391 1706 1461 μέχρι

123 1477 217 1530 καὶ
246 1477 505 1547 ῥαφίδος.
536 1478 638 1531 Σοῦ
665 1479 722 1531 δὲ
749 1479 844 1532 καὶ
872 1480 931 1532 τὸ
961 1480 1120 1550 σῶμα
1144 1481 1238 1534 καὶ
1270 1483 1302 1551 ἡ
1336 1481 1514 1554 ψυχὴ,
1548 1484 1620 1554 μή
1655 1483 1706 1536 τί

125 1584 186 1636 γε
222 1569 374 1633 ἀλλο,
399 1568 645 1622 ἔστωσαν
669 1570 1140 1642 διαμεμερισμένα
1169 1573 1226 1625 ἐν
1260 1572 1465 1643 ἰσότητι
1486 1573 1708 1641 ἀγάπης

128 1661 260 1713 πᾶσι
291 1662 410 1723 τοῖς
455 1663 848 1732 πνευματικοῖς
897 1679 988 1715 σου
1034 1663 1246 1727 τέκνοις
1290 1665 1386 1718 καὶ
1432 1665 1704 1735 ἀδελφοῖς.

130 1753 244 1804 Οὐκ
274 1751 624 1818 ἐξουσιάσεις
652 1753 746 1806 ἐπὶ
774 1756 886 1818 τοῖς
914 1754 1064 1809 δυσὶν
1095 1755 1345 1825 ἀδελφοῖς
1372 1774 1465 1810 σου
1497 1759 1589 1810 καὶ
1621 1758 1708 1810 τὲ-

133 1861 283 1906 κνοις
318 1861 425 1914 μου
494 1844 618 1897 οὔτε
649 1844 783 1915 πρὸς
813 1846 1007 1916 ἀρχὴν,
1049 1846 1172 1900 οὔτε
1200 1848 1337 1918 πρὸς
1381 1850 1712 1919 χειροτονίαν

1819 1851 2171 1906 saecularibus

135 1936 339 2006 πρᾶξαί
374 1954 430 1989 τι
464 1936 637 2006 παρὲξ
681 1940 775 2006 τῆς
824 1939 1098 2007 πατρικῆς
1131 1955 1223 1990 σου
1256 1940 1576 2003 ἐντάλσεως.
1635 1940 1722 1993 Ού

138 2029 322 2097 σχοίης
361 2029 506 2098 μετά
535 2029 815 2099 κοσμικῶν
845 2030 1264 2099 ἀδελφοποιίας,
1305 2032 1338 2102 ἢ
1380 2033 1710 2099 συντεκνίας,

134 2122 162 2174 ό
190 2122 368 2189 φυγὰς
399 2122 498 2175 τοῦ
533 2123 740 2192 κόσμου
768 2123 862 2175 καὶ
887 2122 981 2176 τοῦ
1009 2125 1211 2193 γάμου.
1246 2124 1320 2177 Ού
1350 2125 1458 2195 γάρ
1485 2126 1711 2196 εὕρηται

136 2215 191 2265 ἐν
224 2218 336 2278 τοῖς
366 2216 668 2285 Πατράσιν*
708 2217 756 2268 εί
785 2215 840 2269 δέ
879 2217 972 2268 καὶ
1001 2216 1250 2288 εὓρηται,
1282 2218 1590 2281 σπανιάκις,
1617 2219 1712 2271 καὶ

138 2305 296 2359 τοῦτο
352 2307 414 2360 ού
462 2308 648 2376 νόμος.
698 2306 773 2359 Ού
829 2309 1183 2379 συνεστιαθῇς
1229 2308 1366 2384 μετὰ
1411 2308 1708 2376 γυναικῶν,

143 2394 278 2464 πλὴν
311 2396 411 2464 τῆς
448 2396 591 2449 κατά
643 2396 820 2466 σάρκα
872 2397 1107 2468 μητρὸς,
1152 2397 1245 2449 καὶ
1292 2397 1562 2466 ἀδελφῆς,
1613 2397 1712 2449 οὐκ

143 2481 252 2537 οἶδα
278 2488 325 2538 εί
361 2495 433 2557 μή
476 2504 562 2549 τις
591 2486 678 2556 βία
705 2488 798 2540 καὶ
823 2488 1058 2557 ἀνάγκη,
1100 2487 1282 2552 καθὼς
1310 2489 1711 2560 παρακελεύον-

141 2591 230 2628 ται
257 2577 303 2628 οἱ
331 2576 480 2644 άγιοι
506 2578 769 2647 Πατὲρες.
817 2581 888 2633 Ού
921 2582 1106 2651 σχοίης
1129 2583 1190 2634 τὸ
1221 2583 1584 2654 πολυπρόοδον
1618 2584 1714 2638 καὶ

148 2669 579 2739 πολυγύρευτον,
627 2671 755 2725 ἀνευ
807 2673 1052 2744 ἀνάγκης
1104 2676 1601 2746 ἐγκαταλιμπάνων
1652 2677 1715 2730 τὸ

146 2761 335 2815 οἰκεῖον
368 2763 620 2832 ποίμνιον
642 2780 656 2795 ο
693 2765 827 2817 ὅπου
860 2782 923 2833 γε
956 2767 1051 2819 καὶ
1083 2767 1458 2839 ἐγκαθημένου
1498 2786 1588 2822 σου
1616 2772 1714 2840 μό-

146 2851 224 2916 λις
260 2854 614 2920 διασώζοιντο
658 2855 724 2908 τὰ
756 2857 1221 2927 πολυτροπώτατα
1289 2862 1384 2914 καὶ
1435 2861 1713 2926 πολυδιεξ-

149 2946 332 3001 ὁδευτα
377 2949 576 3016 λογικά
622 2948 889 3018 πρόϐατα.
929 2951 1340 3020 Παραφυλάξεις
1391 2953 1605 3016 πάντως
1656 2954 1717 3007 τὸ

150 3038 413 3091 ποιεῖσθαι
447 3041 705 3109 τρισάκις
733 3040 834 3110 τὴν
864 3043 1169 3110 κατήχησιν
1204 3046 1268 3113 τῇ
1315 3044 1590 3114 ἐϐδομάδι,
1623 3046 1715 3098 καὶ

1810 569 1902 639 qui
1935 567 2155 624 feminis
2180 568 2405 622 omnino
2428 568 2772 632 renuntiasti,
2807 584 2912 623 nec
2953 570 3006 623 in
3035 572 3389 637 monasterio,

1810 676 1916 716 ncc
1947 661 2003 714 in
2041 661 2186 730 agris
2229 677 2241 712 :
2276 659 2459 713 nullus
2491 659 2762 728 siquidem
2806 670 3121 716 sanctorum
3166 661 3390 716 Patrum

1816 765 1945 805 usus
1989 758 2093 813 est,
2128 757 2184 804 et
2213 757 2408 802 natura
2438 733 2554 817 ipsa
2584 763 2691 801 non
2731 748 3020 818 permittit.
3062 749 3182 804 Non
3218 752 3391 804 vehe-

1815 841 1892 894 ris
1923 840 2082 909 equis
2109 846 2205 893 aut
2235 840 2396 895 mulis
2427 839 2634 908 absque
2664 840 2989 894 necessitate
3015 857 3030 904 ;
3061 841 3158 895 sed
3188 841 3391 897 Christi

1815 933 2066 999 exemplo
2121 932 2356 1001 pedibus
2408 932 2510 986 iter
2562 929 2777 986 facies:
2814 933 2900 987 sin
2952 932 3160 994 minus,
3208 934 3393 1003 pullus

1814 1022 1955 1077 asini
1988 1024 2096 1077 erit
2137 1025 2446 1093 jumentum
2478 1033 2652 1078 tuum.
2685 1022 2916 1078 Curabis
2947 1023 3173 1078 omnino
3206 1032 3268 1078 ut
3304 1025 3391 1077 in-

1819 1127 1900 1170 ter
1957 1117 2154 1174 fratres
2215 1119 2527 1174 communia
2589 1128 2642 1173 et
2705 1119 2936 1173 indivisa
3000 1119 3389 1185 sintomnia,

1814 1227 1863 1268 et
1922 1214 2056 1268 nihil
2120 1212 2439 1282 cujusquam
2493 1211 2775 1281 praprium
2827 1211 2949 1282 jure
2999 1210 3268 1276 dominii,
3321 1225 3394 1266 ne

1815 1321 1946 1361 acus
1975 1305 2216 1374 quidem.
2252 1304 2376 1359 Tibi
2417 1320 2546 1358 vero
2575 1313 2629 1358 et
2651 1319 2850 1374 corpus
2880 1313 2935 1358 et
2963 1304 3164 1366 anima,
3197 1319 3265 1359 ne
3305 1304 3394 1358 di-

1815 1413 1936 1450 cam
1969 1405 2188 1461 caatera,
2221 1410 2374 1464 aequa
2413 1395 2568 1448 lance
2605 1394 2892 1448 charitatis
2924 1395 2978 1447 in
3009 1409 3202 1448 omnes
3228 1396 3393 1463 spirio

1817 1487 1990 1542 tuales
2029 1487 2169 1541 filios
2202 1495 2325 1540 tuos
2359 1501 2422 1541 ac
2457 1483 2654 1540 fratres
2703 1485 3031 1540 dividantur.
3070 1485 3187 1538 Non
3225 1485 3396 1540 uteris

1815 1585 2088 1647 potestate
2118 1592 2243 1647 erga
2297 1576 2435 1630 duos
2486 1575 2685 1630 fratres
2739 1585 2880 1641 tuos,
2931 1585 2986 1630 et
3033 1574 3172 1631 filios
3219 1591 3392 1640 meos,

1818 1677 1877 1723 ut
1923 1668 2009 1722 vel
2048 1667 2114 1722 ad
2150 1666 2553 1737 prtefeeturam,
2605 1667 2691 1721 vel
2737 1668 2804 1722 ad
2836 1667 3233 1722 ordinationem
3274 1668 3396 1724 sine

1820 1759 1993 1814 Patris
2038 1760 2196 1829 jussu
2251 1758 2548 1828 quidquam
2594 1774 2735 1829 agas.
2795 1759 2874 1813 Ne
2922 1759 3214 1814 contrahas
3269 1775 3394 1815 cum

2276 1849 2692 1916 fraternitates,
2783 1851 2870 1904 vel
2957 1850 3393 1921 confiliationes;

1817 1943 2022 2012 quippe
2057 1943 2150 2012 qui
2198 1942 2458 1996 saeculum
2509 1951 2565 1997 et
2613 1942 2833 2010 nuptias
2871 1942 3162 2011 reliquisti.
3208 1941 3396 2013 Neque

1815 2034 1963 2088 cnim
1995 2041 2174 2087 exstat
2220 2034 2531 2104 exemplum
2569 2035 2624 2086 in
2655 2032 2945 2098 Patribus;
2995 2043 3050 2088 et
3101 2035 3144 2089 si
3195 2043 3392 2096 exstat,

1819 2140 2102 2195 perrarum
2141 2132 2244 2189 est,
2277 2140 2377 2178 nec
2419 2125 2554 2194 legis
2587 2125 2695 2178 vim
2736 2124 2920 2178 habet.
2955 2125 3071 2179 Non
3103 2125 3397 2195 epulabere

1816 2232 1940 2270 cum
1975 2215 2214 2278 feminis,
2243 2223 2466 2283 excepta
2502 2223 2674 2268 matre
2703 2223 2793 2268 tua
2820 2216 3118 2269 secundum
3151 2231 3393 2282 carnem,

1815 2318 1870 2362 et
1902 2323 2110 2374 sorore,
2143 2307 2246 2361 nisi
2277 2308 2359 2361 vis
2388 2306 2564 2376 aliqua
2603 2315 2658 2361 et
2689 2309 2986 2364 necessitas
3016 2317 3220 2378 urgeat.
3255 2310 3399 2364 sicut

1816 2397 2114 2452 admonent
2148 2398 2320 2452 sancti
2355 2397 2565 2452 Patres.
2610 2397 2687 2450 Ne
2731 2398 2992 2467 frequens
3025 2401 3100 2454 sis
3127 2401 3181 2454 in
3214 2416 3399 2473 egres-

1816 2490 1968 2544 sibus
1991 2498 2046 2542 et
2080 2488 2721 2554 circumcursationibus,
2754 2491 3034 2559 proprium
3070 2492 3213 2546 ovile
3239 2493 3399 2547 dese-

1820 2596 1945 2636 rens
1994 2581 2113 2637 sine
2160 2581 2514 2642 necessitate,
2568 2597 2688 2635 cum
2734 2582 2951 2637 difficile
2999 2584 3089 2646 sit,
3143 2584 3305 2638 etiam
3351 2585 3397 2640 si

1826 2673 2083 2727 assiduus
2120 2672 2369 2736 incubes,
2404 2671 2696 2726 variabiles
2723 2680 2777 2726 et
2812 2672 3076 2727 erraticas
3105 2674 3398 2730 rationales

1823 2781 1953 2820 oves
1986 2780 2229 2820 servare.
2271 2764 2411 2819 Cura
2444 2779 2671 2834 prorsus
2709 2776 2770 2818 ut
2798 2766 3127 2820 catechesim
3158 2766 3398 2835 qualibet

1821 2857 2161 2912 hebdomade
2210 2865 2294 2910 ter
2341 2856 2528 2922 facias,
2570 2856 2636 2910 ad
2669 2871 3002 2926 vesperum;
3056 2858 3315 2925 quoniam
3364 2872 3396 2913 a

1820 2947 2071 3003 Patribus
2117 2947 2168 3001 id
2220 2948 2499 3010 traditum,
2539 2958 2594 3001 et
2635 2948 2872 3002 salutare
2917 2958 3019 3002 est.
3070 2947 3145 3002 Ne
3183 2949 3390 3004 dederis

1820 3056 2047 3110 parvum
2080 3055 2243 3109 quem
2273 3049 2467 3094 vocant
2506 3039 2775 3103 habitum,
2810 3054 2893 3104 ac,
2926 3038 3092 3094 veluti
3123 3050 3243 3108 post
3268 3056 3397 3108 spa-

152 3127 267 3178 xafi‘
314 3129 580 3199 ἑσπέραν·
639 3130 828 3200 ἐπειδὴ
873 3134 1350 3201 πατροπαράδοτον
1398 3135 1576 3199 τοῦτο,
1622 3137 1713 3189 καὶ

1821 3131 1956 3183 tium
1984 3129 2266 3198 temporis,
2299 3129 2531 3183 alterum
2561 3129 2709 3184 velut
2750 3144 3004 3198 magnum
3037 3145 3052 3182 :
3083 3145 3223 3184 unus
3248 3129 3394 3185 enim

154 3222 432 3290 σωτήριον.
481 3224 574 3276 Ού
609 3224 755 3294 δοίης
800 3227 938 3298 ὅπερ
989 3228 1210 3296 λέγουσι
1257 3227 1450 3298 μικρδν
1503 3227 1709 3297 σχῆμα,

152 3306 336 3364 ἔπειτα
382 3314 522 3383 μετά
557 3317 783 3385 χρόνους
827 3318 1011 3389 ἕτερον
1056 3317 1130 3380 ὡς
1177 3319 1337 3388 μέγα.
1385 3319 1479 3371 Ἓν
1512 3321 1618 3389 γάρ
1654 3319 1716 3371 τὸ

153 3405 354 3474 σχῆμα,
382 3406 573 3479 ὥσπερ
599 3411 691 3463 καὶ
726 3414 786 3464 τὸ
818 3412 1120 3484 βάπτισμα,
1142 3414 1324 3479 καθὼς
1355 3415 1402 3468 oi
1433 3415 1578 3484 ἅγιοι
1605 3417 1716 3468 Πα-

151 3495 301 3564 τέρες
333 3501 655 3570 ἐχρήσαντο.
706 3504 782 3556 Οὐ
812 3505 1068 3576 παραϐῇς
1101 3507 1228 3569 τοὺς
1254 3508 1452 3576 νόμους
1483 3509 1576 3559 καὶ
1615 3526 1714 3561 κα-

153 3585 302 3651 νόνας
322 3591 430 3644 τῶν
459 3592 737 3664 Πατέρων,
755 3595 860 3666 πρό
891 3614 950 3664 γε
974 3599 1192 3652 πάντων
1219 3599 1312 3652 τοῦ
1335 3600 1487 3668 ἁγίου
1504 3601 1716 3672 Πατρὸς

155 3679 304 3748 ἡμῶν
335 3684 622 3739 Βασιλείου
645 3701 660 3716 ο
696 3688 832 3740 άλλά
867 3691 973 3743 πᾶν
998 3691 1025 3744 ὃ
1050 3708 1100 3744 τι
1135 3694 1310 3755 ποιεῖς
1339 3693 1371 3763 ἢ
1408 3694 1609 3760 Αέγεις,
1640 3693 1716 3754 ὡς

159 3780 457 3848 μαρτυρίαν
502 3780 642 3848 ἔχων
669 3783 733 3833 ἐκ
761 3781 868 3832 τῶν
897 3783 1129 3852 Γραςρῶν
1177 3784 1436 3853 πράξεις,
1466 3786 1498 3855 ἢ
1538 3785 1612 3848 ώς
1652 3787 1715 3838 ἐκ

158 3869 419 3938 πατρικῆς
451 3886 547 3922 σου
577 3870 867 3940 συνηθείας
893 3911 908 3932 ,
937 3872 1066 3925 ἄνευ
1102 3876 1468 3943 παραϐάσεως
1497 3875 1716 3944 ἐντολῆς

156 3956 302 4012 Θεοῦ.
332 3960 404 4014 Οὐ
431 3961 779 4032 καταλείψεις
801 3967 861 4017 τὸ
894 3965 1144 4035 ποίμνιόν
1166 3983 1282 4030 σου,
1311 3969 1402 4020 καὶ
1423 3970 1501 4029 είς
1527 3969 1715 4038 ἕτερον

161 4051 454 4125 μεταϐήσῃ,
485 4054 522 4124 ἢ
547 4055 680 4123 πρὸς
715 4055 939 4126 μείζονα
958 4057 1112 4123 ἀξίαν
1142 4058 1715 4130 ἐπαναδράμοις,άνευ

160 4143 424 4214 πατρικῆς
469 4163 566 4199 σου
612 4146 976 4214 διαγνώσεως.
1014 4149 1088 4201 υύ
1125 4149 1393 4216 φιλιάσεις
1443 4151 1581 4219 μετά
1615 4169 1714 4204 κα-

159 4231 385 4300 νονικῆς,
413 4234 535 4289 οὐδὲ
568 4235 890 4308 παραϐάλῃς
924 4239 980 4290 ἐν
1002 4240 1297 4308 γυναικείῳ
1321 4240 1578 4310 σεμνείῳ,
1597 4241 1714 4292 οὐδὲ

162 4325 458 4393 καταμόνας
490 4327 772 4398 ὁμιλήσεις
806 4331 1145 4402 μοναζούσῃ,
1175 4332 1207 4402 ἢ
1247 4335 1508 4402 κοσμικῇ.
1551 4335 1598 4385 εί
1640 4335 1712 4404 μή

163 4430 259 4466 που
288 4419 498 4490 ἀνάγκη
525 4420 677 4473 ἒλκοι
697 4437 710 4451 ο
747 4424 839 4475 καὶ
862 4424 982 4476 τότε
1016 4423 1107 4476 δύο
1137 4426 1416 4495 παρόντων
1443 4413 1501 4492 ἐξ
1532 4427 1717 4479 ἐκατέ·

1823 3231 1905 3274 est
1940 3221 2179 3284 habitus,
2232 3221 2375 3274 sicut
2411 3229 2464 3274 et
2505 3221 2795 3289 baptisma,
2841 3220 3296 3290 quemadmodum
3339 3220 3394 3275 in

1823 3329 1974 3368 more
2027 3312 2129 3367 fuit
2179 3323 2489 3367 sanctorum
2543 3313 2784 3366 Patrum.
2837 3311 2916 3366 Ne
2980 3312 3397 3382 transgrediaris

1823 3402 1967 3473 leges
2010 3410 2066 3455 et
2113 3402 2329 3473 regulas
2375 3401 2620 3467 Patrum,
2674 3401 2948 3472 praecipue
2997 3403 3166 3457 sancti
3220 3402 3396 3461 Patris

1822 3492 1996 3547 nostri
2024 3493 2203 3546 Basilii
2243 3510 2253 3544 :
2290 3493 2384 3546 scd
2411 3493 2674 3561 quidquid
2713 3509 2840 3563 agas
2868 3492 3100 3554 dicasve,
3135 3500 3393 3563 tanquam

1824 3584 2195 3639 testimonium
2236 3599 2303 3638 ex
2348 3585 2518 3638 sacris
2550 3585 2770 3640 Litteris
2811 3585 3036 3649 habeas,
3076 3594 3170 3639 aut
3197 3602 3264 3640 ex
3295 3602 3394 3656 pa-

1824 3685 1974 3730 terna
2023 3677 2439 3737 consuetudine.
2500 3677 2553 3731 id
2599 3692 2716 3747 age,
2770 3677 2887 3732 sine
2927 3677 3096 3732 divini
3140 3677 3396 3749 praecepti

1823 3769 2292 3836 prmvarieatione.
2327 3766 2445 3822 Non
2486 3768 2710 3823 deseres
2762 3784 2978 3838 gregem
3010 3778 3186 3834 tuum,
3236 3778 3293 3824 ut
3327 3772 3395 3825 ad

1825 3859 2058 3912 alterum
2092 3867 2360 3922 transeas,
2393 3859 2476 3914 vel
2508 3860 2575 3913 ad
2605 3860 2862 3929 majorem
2904 3859 3223 3931 dignitatem
3263 3876 3397 3915 cou-

1823 3952 2054 4007 scendas
2086 3953 2205 4007 sine
2235 3952 2414 4008 Patris
2451 3953 2527 4008 tui
2561 3954 2807 4008 arbitrio.
2841 3954 2960 4008 Non
2989 3955 3140 4009 ineas
3165 3953 3397 4008 familia-

1825 4042 2041 4096 ritatem
2093 4060 2215 4098 eum
2265 4045 2550 4106 canonica,
2589 4060 2766 4113 neque
2809 4045 3073 4099 muliebre
3117 4055 3397 4100 monaste-

1824 4133 1963 4186 rium
2005 4134 2348 4203 ingrediaris,
2383 4151 2562 4204 neque
2594 4150 2840 4190 seorsum
2890 4152 3016 4191 cum
3068 4138 3176 4190 ulla
3225 4139 3398 4192 collo-

1823 4222 2008 4290 quaris
2079 4225 2346 4278 monacba
2417 4226 2503 4280 vel
2567 4227 2853 4290 saeculari,
2925 4229 3031 4282 nisi
3094 4231 3399 4288 necessitas

1825 4315 2153 4382 compellat;
2183 4331 2245 4370 ac
2283 4327 2395 4370 tum
2428 4333 2643 4388 quoque
2679 4319 2893 4374 duabus
2925 4321 3179 4390 utrinque
3206 4337 3398 4390 perso-

1825 4406 1908 4459 nis
1952 4408 2258 4462 astantibus
2301 4427 2313 4461 :
2372 4425 2478 4462 una
2521 4409 2711 4474 enim,
2761 4421 2819 4465 ut
2859 4413 3052 4479 aiunt,
3108 4414 3399 4472 calumniae

167 4521 254 4570 pou
283 4510 479 4581 μέρους
511 4511 842 4581 προσώπων.
875 4515 947 4567 Τὸ
975 4515 1082 4584 γὰρ
1114 4516 1192 4580 ἓν,
1222 4516 1296 4579 ὥς
1320 4535 1500 4588 φησιν,
1561 4520 1713 4571 εὐεπ-

1825 4499 2060 4554 obnoxia
2097 4509 2198 4554 est.
2243 4499 2359 4553 Non
2400 4501 2614 4572 aperies
2658 4505 2860 4557 ostium
2903 4505 3082 4569 ovilis,
3131 4515 3191 4560 ut
3233 4506 3396 4562 femi-

165 4597 442 4664 ηρέαστον.
490 4604 606 4655 Οὐκ
631 4603 861 4666 ἀνοίξεις
888 4605 995 4675 τὴν
1033 4606 1201 4676 θύραν
1229 4610 1326 4676 τῆς
1363 4609 1597 4678 ποίμνης
1627 4609 1719 4661 ἐπὶ

167 4688 342 4758 εἰσόδῳ
372 4694 637 4756 παντοίας
672 4695 932 4761 γυναικὸς
955 4736 968 4759 ,
997 4697 1125 4749 ἄνευ
1161 4699 1400 4770 μεγάλης
1436 4701 1681 4770 ἀνάγκης
1703 4718 1716 4731 ⁹

167 4778 209 4829 εί
252 4779 306 4831 δέ
346 4782 571 4847 δυνατὸς
611 4782 662 4838 εἷ
697 4787 1035 4857 ἀσυμφανῶς
1076 4788 1347 4859 δέχεσθαι,
1398 4793 1518 4845 οὐδὲ
1567 4793 1720 4847 τοῦτο

166 4868 476 4942 ἀπόϐλητον.
506 4877 583 4928 Οὐ
622 4877 870 4946 ποιήσεις
908 4877 1119 4948 σεαυτῷ
1149 4881 1513 4948 καταγώγιον,
1545 4883 1574 4950 ἦ
1607 4886 1720 4945 τοῖς

167 4967 538 5030 πνευματικοῖς
574 4983 666 5018 σου
696 4969 906 5031 τέκνοις
936 4967 1085 5023 οἷκον
1125 4972 1408 5040 κοσμικδν,
1446 4975 1502 5026 ἐν
1531 4968 1573 5041 ᾧ
1613 4977 1718 5026 εἰσι

167 5057 427 5120 γυναῖκες,
477 5059 569 5110 ἐπὶ
617 5058 793 5130 συχνῷ
829 5062 1220 5132 παραϐάλλωνο
1266 5065 1379 5116 ἀλλ’
1411 5066 1601 5137 ἐκλὲξῃ
1642 5070 1719 5131 εἰς

170 5140 365 5211 ἀνδρῶν
389 5148 631 5202 εύλαϐὦν
649 5152 746 5214 τάς
772 5154 1069 5224 παρώικάς
1091 5157 1181 5206 καὶ
1203 5157 1507 5224 ἀναγκαίας
1532 5159 1718 5228 χρείας

173 5237 442 5294 ποιεῖσθαι.
495 5243 570 5294 Οὐ
621 5244 796 5315 κτήσῃ
842 5245 1086 5317 μαθητὴν
1136 5250 1215 5310 εἰς
1254 5250 1312 5300 τὸ
1363 5251 1569 5302 κελλίον
1625 5268 1717 5304 σου

174 5328 439 5395 μειράκιον
493 5334 856 5400 προσπαοώς·
928 5337 1045 5388 ἀλλ’
1094 5339 1156 5389 ὲκ
1202 5340 1495 5408 προσώπου
1549 5343 1718 5394 ἀνυπ-

172 5413 342 5484 όπτου,
368 5427 456 5475 καὶ
484 5428 548 5479 ἐκ
577 5425 848 5495 διαφόρων
878 5429 1250 5499 ἀδε).φῶν,τὴν
1282 5432 1584 5500 ὑπουργίαν
1627 5450 1717 5484 σου

175 5511 423 5576 ποιήσεις.
467 5517 540 5569 Οὐ
596 5519 769 5588 κτήσῃ
823 5521 1117 5589 ἱματισμὸν
1178 5523 1572 5591 ἐξηλλαγμένον
1627 5525 1718 5576 καὶ

175 5599 470 5672 πολύτιμον,
496 5608 624 5660 ἄνευ
651 5609 744 5660 τοῦ
773 5611 1070 5680 ἱερατεύειν
1101 5629 1158 5663 σε
1184 5629 1196 5642 ·
1227 5613 1498 5674 ἀλλάίτοῖς
1531 5633 1715 5667 ταπει-

176 5690 273 5751 νοῖς
315 5702 738 5769 πατρομιμὴτως
788 5702 883 5753 καὶ
927 5703 1118 5771 ἐνδύσῃ
1163 5705 1254 5754 καὶ
1305 5706 1566 5773 ὑποδύσῃ.
1607 5709 1718 5759 Οὐκ

177 5775 262 5844 ἔτη
295 5783 636 5854 ἁϐροδίαιτος,
673 5789 793 5841 οὔτε
826 5792 883 5841 ἐν
911 5794 1086 5858 οἰκεία
1121 5809 1213 5843 σου
1245 5793 1476 5856 δαπάνη,
1503 5796 1626 5845 οὒτε
1660 5799 1716 5846 ἐν

1823 4603 1950 4641 nam
2015 4589 2176 4642 ullam
2233 4590 2564 4645 intromittas
2613 4591 2731 4646 sine
2780 4609 2972 4665 magna
3023 4596 3394 4653 necessitate:

1822 4679 1967 4748 quod
2008 4681 2051 4733 si
2086 4681 2291 4750 absque
2329 4691 2519 4736 mutuo
2555 4693 2780 4752 aspectu
2819 4686 3028 4740 admitti
3058 4698 3256 4756 potest,
3296 4704 3395 4742 ne-

1822 4787 1927 4840 que
1963 4771 2012 4824 id
2045 4773 2448 4842 negligendum.
2495 4773 2612 4827 Non
2660 4775 2825 4831 facies
2864 4777 2962 4831 tibi
3008 4779 3390 4848 diversorium,

1821 4873 1915 4916 aut
1962 4865 2336 4932 spiritualibus
2384 4865 2505 4919 filiis
2556 4867 2664 4923 tuis
2718 4870 3033 4924 sazcularem
3083 4871 3304 4926 domum
3338 4873 3391 4926 in

1821 4972 1926 5025 qua
1953 4957 2061 5009 sint
2087 4956 2300 5012 femina:
2332 4976 2343 5010 :
2383 4959 2454 5012 ita
2485 4970 2542 5013 ul
2570 4976 2689 5013 eam
2725 4961 3037 5030 frequentes
3074 4981 3085 5016 :
3127 4964 3219 5018 sed
3251 4967 3392 5035 apud

1824 5049 2102 5118 religiosos
2133 5050 2314 5118 potius
2345 5050 2492 5105 viros
2522 5051 2776 5105 diversari
2796 5094 2809 5119 ,
2855 5063 2908 5107 et
2935 5055 3235 5108 necessaria
3269 5056 3393 5111 vita:

1822 5140 2059 5193 subsidia
2096 5157 2288 5211 capere
2323 5144 2584 5198 studebis.
2618 5142 2734 5199 Non
2778 5147 3006 5201 habebis
3049 5147 3102 5201 in
3135 5147 3266 5201 cella
3305 5158 3393 5204 tua

1821 5228 2145 5296 discipulum
2183 5231 2606 5300 adolescentem,
2646 5250 2754 5303 quo
2799 5235 3032 5290 afficiare
3066 5253 3078 5289 :
3123 5236 3216 5290 sed
3272 5253 3394 5306 per-

1822 5333 1969 5371 soua:
2021 5320 2245 5374 minime
2286 5331 2570 5390 suspectae,
2621 5338 2683 5376 ac
2732 5323 3073 5377 diversorum
3107 5324 3241 5376 adeo
3281 5325 3394 5376 fra-

1823 5415 1965 5460 trum
2012 5409 2320 5463 miuisterio
2355 5411 2544 5464 uteris.
2601 5410 2716 5464 Non
2769 5414 2836 5466 sit
2874 5414 2965 5466 tibi
3011 5415 3393 5469 vestimentum

1821 5497 2180 5565 elaboratum,
2215 5508 2270 5553 et
2307 5503 2626 5569 pretiosum,
2661 5515 2857 5572 praeter
2888 5507 3259 5573 sacerdotale;
3298 5510 3394 5562 sed

1823 5590 2100 5644 humiliter
2133 5592 2352 5646 Patrum
2397 5596 2648 5664 exemplo
2697 5607 2752 5651 et
2800 5598 3043 5652 indueris
3086 5609 3139 5652 et
3183 5600 3394 5654 calcea-

1823 5681 1986 5734 beris.
2015 5682 2132 5735 Non
2169 5683 2276 5735 eris
2310 5684 2572 5738 delicatus
2614 5702 2675 5740 ac
2719 5689 2915 5751 lautus,
2954 5706 3127 5757 neque
3173 5691 3226 5743 in
3278 5693 3392 5759 pri-

1822 5780 1946 5825 vato
1991 5781 2082 5825 tuo
2120 5784 2362 5841 sumptu,
2401 5790 2574 5842 neque
2608 5777 2662 5828 in
2703 5778 2975 5844 hospitum
3029 5782 3338 5847 receptione
3371 5805 3384 5835 ε
