4008 6318
567 303 669 367 943

1755 304 1813 362 8.
1850 301 2249 363 THEODORI
2302 300 2654 362 STUDITE

3748 308 3852 370 944

569 415 673 468 hoc
706 411 857 467 enim
891 412 959 466 ad
1001 412 1166 483 hujus
1194 414 1317 468 vita:
1348 412 1683 485 voluptarios
1728 418 1986 485 pertinet.
2037 415 2156 469 Non

2270 419 2380 478 ταῖς
2414 415 2704 486 ὑποδοχαῖς
2753 415 2860 469 τῶν
2911 416 3107 482 ξένων·
3156 416 3314 472 τοῦτο
3347 419 3454 490 γάρ
3479 419 3584 489 τῆς
3625 420 3858 490 μερίδος

570 500 971 555 thesaurizabis
1003 516 1198 555 aurum
1222 500 1281 555 in
1319 504 1652 557 monasterio
1694 516 1825 567 tuo;
1868 508 1963 561 sed
1993 507 2154 576 quid-

567 590 704 662 quid
751 590 809 647 in
880 603 1211 663 unotwoque
1254 610 1455 665 genere
1499 596 1845 661 redundabit,
1898 597 2157 668 adaperto

569 683 709 738 atrio
740 691 837 739 tuo
867 684 1224 755 pauperibus,
1258 695 1573 740 sanctorum
1600 686 1818 741 Patrum
1840 704 2012 753 more,
2043 689 2152 744 lar-

569 775 706 846 gire.
749 773 873 831 Non
924 778 1166 833 servabis
1197 778 1375 833 locum
1430 782 1766 847 obseratum,
1817 798 1921 837 nec
1968 799 2154 838 curam

570 883 731 938 geres
778 871 1101 927 oeconomia:
1144 890 1159 927 :
1202 875 1296 928 sed
1360 884 1470 929 tota
1536 890 1667 930 cura
1715 883 1805 931 tua
1852 876 2157 931 animarum

573 969 712 1016 6810.
743 961 952 1017 Aurum
983 979 1116 1018 vero
1146 973 1202 1019 et
1229 980 1317 1019 res
1353 966 1475 1021 ιιευί
1507 968 1844 1023 necessarias
1869 983 2157 1024 mconomo

571 1050 908 1115 committes,
944 1062 999 1108 et
1025 1054 1269 1122 cellario,
1298 1065 1355 1111 et
1381 1066 1443 1111 ut
1469 1059 1671 1128 cuique
1699 1061 1959 1114 convenit
1991 1060 2158 1114 mini-

572 1144 743 1200 sterio
778 1162 791 1199 :
825 1144 901 1199 ita
932 1145 1215 1212 nimirum,
1248 1158 1309 1203 ut
1345 1164 1516 1219 penes
1554 1159 1607 1205 te
1657 1151 1728 1205 sit
1768 1152 2013 1206 omnium
2059 1167 2157 1222 po-

576 1242 764 1299 testas,
796 1245 852 1290 et
880 1236 1063 1292 olIicia
1089 1239 1143 1292 in
1178 1239 1325 1293 hunc
1347 1248 1444 1294 aut
1472 1240 1644 1307 illum,
1683 1252 1744 1296 ut
1774 1242 1946 1306 voles,
1980 1251 2159 1296 trans-

578 1325 747 1391 feras,
792 1329 1171 1400 rationemque
1236 1333 1418 1405 exigas
1469 1334 1762 1404 cujuslibet
1812 1335 2161 1390 administra-

581 1417 766 1486 tionis,
801 1431 964 1490 prout
1002 1424 1291 1479 mandasti.
1329 1423 1448 1481 Non
1490 1424 1658 1482 facies
1689 1427 1776 1481 vel
1836 1442 1962 1498 ages
2000 1426 2159 1497 quid-

584 1527 747 1581 quam
775 1514 829 1568 in
870 1530 930 1569 re
963 1516 1069 1570 nlla
1103 1532 1166 1571 ex
1199 1520 1422 1588 proprio
1456 1535 1643 1587 sensu,
1678 1520 1792 1575 sive
1814 1519 2161 1591 proﬁciscen-

582 1604 711 1657 dum
746 1614 851 1672 est,
886 1622 981 1661 seu
1013 1610 1363 1666 vendendum
1404 1611 1490 1665 vel
1531 1598 1864 1679 ementium;
1899 1626 2075 1682 neque
2105 1611 2159 1664 in

585 1699 903 1767 receptione
951 1703 1037 1757 vel
1090 1701 1364 1771 ejectione
1408 1704 1659 1767 fratrum,
1710 1719 1890 1774 neque
1936 1704 1989 1757 in
2040 1704 2159 1758 aliis

585 1788 751 1843 rebus
781 1792 1068 1857 externis;
1109 1794 1203 1849 sed
1236 1810 1416 1864 neque
1463 1796 1517 1848 in
1554 1796 1749 1850 animae
1794 1795 2010 1860 erratis,
2047 1796 2165 1850 sine
2196 1780 2238 1835 Β

580 1878 811 1932 consilio
832 1894 1020 1935 eorum
1045 1882 1136 1952 qui
1163 1884 1375 1951 judicio
1398 1893 1453 1939 et
1485 1885 1684 1954 pietate
1714 1886 2166 1955 praastant,unius

580 1977 674 2023 aut
704 1969 960 2035 duorum,
998 1974 1232 2030 triumve
1263 1985 1357 2030 aut
1387 1976 1648 2046 plurium,
1682 1984 1845 2047 prout
1881 1992 1967 2031 res
2005 1976 2164 2042 feret,

580 2059 725 2114 sicut
743 2076 772 2114 a
793 2059 1044 2117 Patribus
1065 2066 1333 2120 sancitum
1353 2076 1455 2121 est.
1479 2066 1603 2123 Haec
1618 2068 1819 2131 omnia,
1841 2078 1896 2123 et
1909 2083 2170 2138 quaecun-

578 2165 686 2219 que
706 2152 811 2207 aiia
831 2156 1121 2225 accepisti,
1157 2159 1399 2213 servabis
1421 2169 1475 2215 et
1495 2160 1791 2225 custodies,
1822 2168 1881 2214 ut
1904 2160 2045 2215 bene
2071 2158 2168 2214 tibi

580 2242 672 2305 sit,
696 2252 753 2297 et
781 2259 1039 2315 prospere
1060 2262 1187 2319 agas
1211 2248 1268 2303 in
1295 2248 1522 2305 Domino
1549 2250 1803 2306 omnibus
1825 2249 2020 2305 diebus
2042 2249 2166 2304 vitae

581 2341 707 2389 tuae.
726 2334 1073 2392 Contrarium
1092 2339 1245 2394 enim
1261 2340 1405 2395 absit
1421 2341 1506 2395 vel
1527 2341 1711 2396 dicere
1733 2341 1818 2396 vel
1847 2340 2105 2411 cogitare.

2262 507 2372 562 τῶν
2405 508 2826 563 ἀπολαυστικῶν
2853 510 2949 563 τοῦ
2977 512 3246 581 παρόντος
3279 512 3418 582 βίου.
3462 514 3539 567 Οὐ
3569 513 3855 585 θησαυρί-

2267 616 2382 663 σεις
2407 602 2631 671 χρυσίον
2663 603 2721 654 ἐν
2757 606 2824 673 τῇ
2874 606 3008 675 μονῇ
3052 620 3178 659 σου·
3208 605 3345 661 ἀλλά
3373 609 3435 658 τδ
3464 605 3610 660 κατὰ
3650 624 3857 679 περισ-

2266 692 2417 743 σείαν
2460 694 2554 745 ἐπὶ
2597 694 2797 757 παντὸς
2828 695 3001 757 εἴδους
3053 696 3343 767 μεταδοίης
3373 699 3488 761 τοῖς
3521 699 3857 768 πενομένοις

2266 782 2324 835 ἐν
2353 782 2552 847 ἀνοίξει
2587 785 2687 853 τῆς
2714 785 2885 855 αὐλῆς
2915 803 3030 850 σου,
3064 787 3249 852 καθὼς
3275 789 3371 842 καλ⁵
3397 790 3446 842 οί
3479 791 3627 857 ἆγιοι
3666 790 3855 842 Πατέ-

2269 891 2379 945 ρες.
2403 877 2477 928 Οὐ
2514 879 2808 947 κρατήσεις
2828 880 2993 933 τόπον
3017 880 3421 951 ἡσφαλισμένον
3451 882 3549 934 καὶ
3579 881 3682 951 τὴν
3712 884 3851 935 οἰκο-

2265 966 2495 1038 νομικὴν
2541 967 2828 1041 φροντίδα·
2872 971 2986 1024 ἀλλ’
3036 972 3177 1026 ἔστω
3220 989 3303 1025 σοι
3350 974 3502 1026 πᾶσα
3540 973 3574 1043 ἡ
3618 973 3854 1044 φροντὶς

2265 1058 2544 1128 ἀνήκουσα
2579 1061 2708 1131 περὶ
2753 1060 2864 1114 τῶν
2895 1062 3102 1132 ψυχῶν.
3150 1062 3223 1116 Τὸ
3266 1064 3324 1116 δέ
3354 1064 3595 1134 χρυσίον,
3639 1064 3745 1123 καὶ
3785 1066 3855 1117 τά

2268 1150 2410 1211 κατά
2438 1151 2653 1222 χρείαν,
2670 1152 2999 1221 ἐγχειρίσεις
3024 1152 3101 1222 τῷ
3122 1153 3411 1224 οἰκονόμῳ,
3429 1153 3506 1225 τῷ
3523 1154 3855 1226 κελλαρίτῃ,

2266 1243 2368 1297 καὶ
2393 1243 2467 1306 ὡς
2493 1242 2773 1297 ἐπιῦάλλει
2802 1245 2862 1296 ἐν
2888 1245 3095 1318 ἑκάστῃ
3120 1246 3395 1317 διακονίᾳ·
3430 1248 3526 1301 σοῦ
3560 1249 3857 1319 προδήλως

2267 1334 2492 1388 πάντων
2520 1333 2617 1402 τὴν
2654 1334 2904 1402 ἐξουσίαν
2929 1335 3166 1405 ἔχοντος,
3198 1337 3295 1390 καὶ
3330 1340 3740 1411 μεταφέροντος
3778 1341 3858 1401 ὡς

2266 1423 2332 1477 ἂν
2378 1424 2543 1499 βούλῃ
2590 1426 2828 1496 ἑκάστην
2875 1426 3155 1480 διακονίαν
3196 1428 3253 1480 ἐν
3290 1429 3368 1499 τῷ
3411 1432 3631 1501 τυχόντι
3679 1448 3858 1502 προσ-

2267 1513 2420 1586 ώπῳ,
2457 1516 2551 1569 καὶ
2578 1514 3055 1584 ἀπολαμϐάνοντος
3078 1518 3168 1569 τὸν
3189 1516 3348 1585 λόγον
3372 1518 3612 1587 ἑκάστης
3635 1517 3858 1586 διοική-

2270 1623 2406 1669 σεως
2435 1605 2573 1660 καθὸ
2609 1605 2854 1678 ἐντέλλῃ.
2886 1606 2961 1660 Οὐ
2996 1608 3249 1677 ποιήσεις
3294 1626 3345 1662 τι
3389 1610 3422 1678 ἢ
3459 1607 3690 1681 πράξεις
3730 1610 3857 1663 κατ’

2268 1697 2472 1751 οἰκείαν
2496 1696 2723 1767 γνώμην
2750 1698 2808 1750 ἐν
2838 1698 2999 1751 παντὶ
3030 1700 3338 1768 πράγματι,
3364 1699 3487 1752 οὔτε
3516 1701 3575 1753 ἐν
3610 1700 3853 1772 προόδῳ,

2269 1789 2392 1844 οὐτε
2419 1792 2477 1844 ἐν
2510 1791 2711 1861 πράσει
2735 1790 2829 1844 καὶ
2854 1790 3145 1861 ἀγορασίᾳ,
3172 1791 3294 1844 οὐτε
3327 1794 3383 1845 tv
3413 1792 3542 1863 δοχῇ
3571 1792 3606 1863 ἢ
3633 1797 3691 1846 tv
3717 1794 3857 1847 ἀπο-

2269 1881 2446 1953 κρίσει
2472 1880 2726 1949 ἀδελφοῦ,
2750 1880 2874 1934 οὐτε
2904 1884 2962 1935 ἐν
2993 1882 3279 1954 ὑπαλλαγῇ
3312 1883 3610 1948 διακονίας,
3638 1884 3771 1937 οὔτε
3794 1886 3854 1937 ἐν

2269 1974 2415 2045 ἄλλῳ
2443 1974 2551 2027 τινὶ
2584 1972 2694 2027 τῶν
2718 1974 3068 2043 σωματικῶν,
3098 1974 3210 2027 ἀλλ’
3245 1970 3340 2029 οὖν
3368 1976 3488 2029 οὐδέ
3519 1978 3577 2029 ἐν
3607 1979 3727 2039 τοῖς
3757 1976 3855 2046 ψυ-

2270 2067 2444 2135 χικοῖς
2483 2064 2816 2134 σφάλμασιν,
2849 2065 2977 2119 ἄνευ
3014 2065 3211 2137 βουλῆς
3253 2066 3363 2119 τῶν
3407 2068 3757 2138 προεχόντων
3795 2070 3855 2122 ἐν

2271 2156 2470 2226 γνώσει
2503 2158 2598 2211 καὶ
2622 2155 2903 2227 εὐλαϐείᾳ,
2931 2157 3050 2219 ἐνὸς
3076 2157 3108 2228 ἢ
3134 2157 3248 2223 δύο,
3277 2159 3310 2229 ἢ
3342 2160 3437 2211 καὶ
3460 2160 3649 2230 τριῶν,
3681 2160 3718 2230 ἢ
3763 2160 3855 2213 καὶ

2273 2249 2560 2313 πλειόνων,
2612 2250 2753 2302 κατὰ
2784 2249 2884 2319 τὴν
2924 2249 3293 2321 ὑποκειμένην
3337 2250 3627 2305 ὑπόθεσινο
3661 2252 3852 2319 ῶσπερ

2275 2338 2587 2393 ἐντέταλται
2626 2340 2935 2409 Πατρικῶς.
2973 2340 3161 2394 Ταῦτα
3194 2342 3391 2406 πάντα,
3420 2343 3516 2397 καὶ
3554 2344 3658 2397 ὅσα
3688 2344 3853 2413 ἕτερα

579 2424 912 2495 παρέλαϐες,
946 2428 1207 2497 φυλάξοις
1241 2431 1335 2484 καὶ
1358 2431 1709 2502 φρουρήσοις,
1743 2431 1830 2483 ἵνα
1868 2426 1927 2483 εὖ
1956 2446 2039 2481 σοι
2067 2429 2326 2497 γένηται,
2357 2429 2449 2482 καὶ⁵
2512 2428 2613 2502 ἔσῃ
2680 2429 3134 2499 κατευοδούμενος
3164 2432 3222 2483 tv
3248 2432 3437 2503 Κυρίῳ
3497 2432 3683 2496 πάσας
3751 2435 3850 2497 τάς

582 2520 795 2591 ἡμέρας
840 2521 940 2592 τῆς
981 2522 1127 2594 ζωῆς
1157 2540 1271 2579 σου.
1326 2525 1401 2579 Τὸ
1444 2526 1554 2594 γὰρ
1597 2524 1838 2579 ἐναντίον
1864 2522 2031 2592 ἀπείη
2068 2522 2161 2575 καὶ
2184 2522 2364 2590 λέγειν
2390 2521 2485 2575 καὶ
2513 2523 2736 2576 ἐννοεῖν.

831 2636 921 2691 XI.
944 2668 1010 2679 -—
1048 2639 1330 2696 Anastasio
1375 2642 1612 2712 episcopo
1644 2641 1864 2699 Cnosia.

2294 2638 2470 2698 IA'.-—
2497 2640 2859 2704 Ἀναστασίφ
2885 2640 3192 2709 ἐπισκὸπῳ
3215 2644 3508 2709 Κνωσίας.

3647 2639 3804 2717 [κβ-1

1935 2757 2011 2809 De
2054 2755 2213 2807 ofﬁcio
2243 2755 2479 2819 episcopi.

656 2855 796 2925 Quid
830 2860 912 2914 vis
938 2860 1074 2926 tibi,
1122 2861 1466 2920 sanctissime
1498 2860 1659 2916 Pater
1680 2904 1695 2928 ,
1743 2871 1799 2917 et
1822 2861 1950 2932 quid
1985 2870 2160 2916 tanto-

2334 2857 2401 2912 Τί
2441 2874 2521 2911 σοι
2553 2857 2796 2927 γέγονεν,
2825 2851 2870 2912 ὦ
2900 2858 3157 2929 ἱερώτατε
3189 2858 3389 2930 Πάτερ,
3420 2861 3515 2913 καὶ
3576 2860 3631 2914 τί
3662 2863 3848 2916 τοσοῦ-

588 2963 717 3019 pere
744 2958 866 3019 post
894 2956 1056 3004 unam
1082 2958 1138 3005 et
1164 2950 1390 3005 alteram
1428 2950 1837 3006 excusationem
1867 2951 2047 3005 adhuc
2073 2953 2160 3005 in-

2270 2969 2357 3008 τον
2399 2950 2547 3019 μετά
2582 2952 2712 3021 μίαν
2756 2954 2850 3009 καὶ
2892 2952 3158 3024 δευτέραν
3190 2954 3520 3025 παραίτησιν
3550 2955 3632 3009 ἔτι
3668 2974 3847 3026 παρα-

586 3049 731 3104 stas,
767 3050 824 3094 ut
852 3056 881 3093 a
911 3056 997 3095 me
1026 3041 1279 3110 imperito
1301 3050 1357 3094 et
1377 3041 1524 3094 vitiis
1549 3041 1734 3095 dedito
1762 3042 2007 3096 utilitatis
2044 3058 2161 3096 ser-

587 3146 805 3186 monent
835 3131 1104 3202 recipias?
1135 3132 1249 3203 Ego
1274 3132 1500 3204 potiusa
1521 3142 1575 3187 te
1597 3133 1779 3188 doceri
1807 3148 1943 3203 Opus
1972 3132 2165 3199 habeo,

586 3224 682 3295 qui
711 3232 766 3279 et
791 3223 981 3279 ordine
1018 3223 1241 3279 inferior
1268 3240 1423 3290 sum,
1450 3234 1505 3280 et
1537 3224 1648 3280 vita
1681 3226 1985 3281 obcaecatus
2005 3264 2020 3288 ,
2056 3240 2167 3279 non

587 3318 656 3372 de
690 3316 1040 3387 episcopatus
1083 3315 1292 3381 oiliciis,
1318 3318 1517 3388 (quam
1552 3318 1695 3372 enim
1736 3318 1954 3388 ineptus
1997 3315 2168 3386 siml)

590 3409 686 3464 sed
706 3409 772 3463 de
789 3410 1089 3464 monastico
1112 3418 1278 3476 statu,
1297 3410 1411 3465 sive
1433 3410 1500 3465 de
1519 3410 1911 3480 pnepositura;
1933 3424 2168 3479 quonam

591 3510 752 3570 pacto
772 3501 989 3571 indigne
1020 3500 1149 3555 mibi
1172 3501 1521 3557 commissum
1564 3516 1780 3571 gregem
1807 3508 2172 3571 congruenter

592 3607 815 3664 regens,
838 3592 1134 3662 prOpitium
1167 3592 1221 3645 in
1247 3592 1470 3646 terribili
1500 3591 1874 3661 responsionis
1912 3606 2048 3646 mete
2084 3590 2172 3645 die

588 3685 828 3754 judicem
859 3685 1162 3740 nanciscar.
1219 3683 1323 3739 Sed
1365 3694 1422 3740 tu
1459 3685 1717 3739 nimirum
1766 3700 1862 3755 per
1903 3698 2171 3740 summam

592 3778 914 3833 modestiam
941 3790 1088 3833 tuam
1113 3779 1216 3834 hoc
1236 3779 1390 3849 egisti
1416 3797 1428 3833 :
1452 3780 1737 3849 explorare
1757 3778 1904 3833 enim
1928 3777 2174 3848 ignoran-

594 3874 725 3927 tiam
745 3888 920 3926 meam
940 3872 1202 3935 voluisse,
1222 3872 1273 3927 id
1299 3873 1433 3926 milii
1461 3872 1529 3927 de
1556 3870 1876 3941 pontiﬁcatu
1904 3880 1997 3926 tuo
2022 3870 2173 3925 nefas

593 3972 679 4017 est
709 3962 994 4032 suspicari.
1028 3962 1137 4033 Ego
1162 3976 1291 4017 vero
1329 3976 1512 4016 meum
1536 3961 1709 4031 ipsius
1734 3960 1959 4032 gradum
1983 3999 1998 4024 ,
2024 3974 2057 4013 ο
2086 3975 2174 4013 sa-

594 4071 747 4109 crum
778 4066 960 4123 caput,
978 4042 1318 4124 pertimesco
1339 4094 1355 4119 ,
1383 4061 1439 4107 et
1464 4052 1649 4106 animo
1671 4061 1843 4106 aestuo
1869 4052 2012 4106 circa
2054 4050 2176 4105 ani-

595 4163 805 4201 marum
826 4146 1278 4218 gubernationem
1301 4145 1610 4215 ;quomodo
1637 4144 1857 4200 tandem
1890 4159 1955 4198 ex
1986 4144 2177 4199 turbu-

596 4242 745 4295 lento
782 4255 845 4294 ac
886 4239 1189 4309 procelloso
1237 4238 1374 4291 mari
1423 4237 1692 4308 Spirituali
1741 4237 2001 4292 traditum
2040 4228 2174 4291 mihi

596 4346 823 4401 parvum
857 4332 958 4385 hoc
983 4340 1036 4386 et
1063 4330 1344 4401 spirituale
1377 4330 1708 4400 navigiolum
1733 4330 1801 4385 ad
1828 4330 2019 4386 salutis
2046 4346 2174 4401 por-

2193 3074 2237 3131 ρ
2268 3042 2455 3115 marg,
2501 3043 2643 3097 ὥστε
2670 3046 2799 3117 παρ’
2825 3045 2961 3114 ἐμοῦ
2992 3046 3087 3100 τοῦ
3113 3046 3359 3118 ἀμαθοῦς
3394 3047 3490 3101 καὶ
3510 3050 3847 3119 περιπαθοῦς

2271 3137 2555 3206 εἰληφέναι
2608 3137 2765 3205 λόγον
2818 3139 3127 3207 ώφελείας;
3194 3141 3412 3209 Ἔγωγε
3476 3141 3681 3212 μᾶλλον
3742 3143 3847 3213 ἔχω

2269 3227 2460 3299 χρείαν
2488 3228 2595 3282 ὑπὸ
2620 3228 2715 3281 σοῦ
2748 3230 3079 3301 φωτισθῆναι
3104 3248 3118 3263 ο
3145 3232 3173 3284 ὁ
3196 3232 3287 3285 καὶ
3308 3235 3373 3302 τῇ
3397 3232 3547 3297 τάξει
3570 3233 3844 3304 δεύτερος,

2270 3321 2365 3375 καὶ
2423 3320 2502 3391 τῷ
2560 3320 2661 3391 βίῳ
2715 3322 3129 3391 ἐσκοτισμένος·
3178 3322 3240 3375 οὐ
3289 3323 3356 3375 τὰ
3384 3326 3513 3393 περὶ
3540 3326 3847 3396 ἐπισκοπῆς

2268 3411 2596 3481 ὀφειλόμενα
2616 3429 2630 3443 ·
2658 3410 2761 3481 φεῦ
2795 3411 2903 3483 γὰρ
2925 3412 3023 3483 τῆς
3051 3412 3189 3483 ἐμῆς
3216 3412 3402 3489 ἀνοίας
3421 3414 3437 3466 ί
3458 3412 3595 3468 ἀλλά
3623 3417 3693 3468 τά
3723 3419 3847 3487 περὶ

2278 3506 2606 3576 μοναχικῆς,
2646 3505 2746 3558 εἰτ’
2779 3502 2873 3558 οὖν
2921 3504 3287 3577 ήγουμενικῆς
3333 3507 3743 3571 καταστάσεως,
3789 3507 3844 3562 τὲ

2272 3597 2387 3657 πῶς
2417 3596 2525 3666 ἄρα
2559 3596 2987 3666 ἀφηγησάμενος
3017 3596 3156 3649 κατά
3195 3595 3350 3664 λόγον
3392 3596 3452 3649 τὸ
3482 3597 3844 3666 ἐμπιστευθέν

2275 3704 2365 3757 μοι
2414 3687 2652 3753 ἀναξίως
2687 3688 2959 3756 ποίμνιον,
2991 3685 3209 3759 εὕροιμι
3236 3687 3369 3741 Θεὸν
3402 3686 3533 3742 ἵλεω
3572 3688 3632 3742 ἐν
3665 3690 3844 3762 ἡμέρᾳ

2270 3780 2369 3851 τῆς
2406 3780 2639 3851 φρικτῆς
2667 3778 2963 3847 ἀπολογίας
2990 3797 3112 3850 μου.
3162 3778 3321 3834 Ἀλλὰ
3367 3778 3527 3833 τοῦτο
3570 3781 3841 3844 πέπονθας

2272 3874 2491 3934 πάντως
2517 3872 2573 3937 ἐξ
2604 3870 2779 3942 ἄκρας
2807 3870 3291 3942 μετριοφροσύνης.
3327 3871 3710 3942 Ἐκπειράζειν
3738 3874 3841 3942 γάρ

2275 3983 2377 4035 μου
2409 3967 2507 4035 τὴν
2530 3965 2909 4030 ἀπαιδευσίαν,
2931 3964 2993 4017 οὐ
3024 3963 3179 4034 θέμις
3211 3981 3279 4033 με
3304 3962 3551 4017 ὑπονοεῖν
3578 3964 3679 4035 τὴν
3709 3966 3838 4036 ἀρχ-

2277 4055 2576 4127 ιερωσύνην
2622 4072 2739 4108 σου.
2782 4052 2926 4122 Ἐγὼ
2968 4053 3148 4107 τοίνυν
3174 4054 3389 4107 δέδοικα
3421 4054 3491 4107 τά
3518 4052 3617 4107 τοῦ
3646 4056 3837 4108 οίκείου

2276 4146 2508 4217 βαθμοῦ,
2540 4139 2586 4201 ὦ
2618 4145 2739 4216 ίερά
2769 4143 3000 4215 κεφαλὴ.
3034 4144 3129 4197 καὶ
3160 4143 3373 4211 ίλιγγιῶ
3408 4144 3538 4214 περὶ
3558 4143 3658 4215 τὴν
3686 4145 3836 4216 ψυχι-

2274 4240 2378 4309 κὴν
2406 4237 2729 4308 κυδέρνησιν
2755 4237 2834 4308 τῷ
2863 4236 2977 4291 δντι
2995 4254 3010 4269 ·
3045 4236 3163 4299 πῶς
3185 4236 3249 4307 δὴ
3273 4231 3367 4291 οῦν
3392 4238 3456 4290 ἐκ
3482 4237 3583 4307 τῆς
3608 4239 3835 4293 πολυταο

2277 4331 2445 4403 ράχου
2473 4330 2567 4383 καὶ
2584 4329 2946 4399 ἀεικυμάντου
2972 4330 3167 4401 νοητῆς
3192 4328 3465 4399 θαλάσσης
3494 4329 3833 4402 ἀποσώσαιμι

599 4436 712 4477 tum
742 4423 1034 4494 perducam
1060 4440 1073 4477 :
1109 4438 1233 4477 cum
1264 4423 1332 4477 ad
1362 4437 1565 4477 munus
1590 4422 1692 4477 hoc
1722 4432 1778 4477 et
1804 4422 1914 4477 vita
1940 4423 2166 4493 integra,

2272 4422 2334 4475 τὸ
2380 4420 2724 4493 ἐγχειρισθέν
2774 4437 2864 4492 μοι
2901 4420 3059 4474 τοῦτο
3107 4420 3443 4491 βραχύτατον
3487 4422 3583 4475 καὶ
3624 4421 3833 4491 λογικὸν

593 4526 654 4583 et
697 4516 922 4571 scientia
966 4515 1161 4570 idonea
1215 4515 1287 4569 sit
1327 4529 1499 4585 opus;
1552 4524 1614 4570 ut
1666 4523 1926 4584 tanquam
1965 4515 2167 4584 duplici

600 4610 749 4665 clavo
769 4612 1099 4679 gubernans,
1118 4606 1403 4677 vigilanter
1424 4622 1488 4662 ac
1518 4607 1691 4677 perite
1722 4606 1984 4661 intactum
2017 4605 2170 4675 aquis

600 4698 807 4769 peccati
838 4698 1106 4768 meipsum
1154 4707 1210 4751 et
1250 4712 1345 4752 eos
1386 4698 1479 4767 qui
1518 4712 1606 4753 me
1648 4707 1952 4767 sequuntur
1983 4707 2168 4752 ωειοο

601 4790 764 4844 diam.
808 4787 932 4844 litec
963 4788 1126 4859 igitur
1156 4797 1264 4843 tam
1307 4789 1489 4844 miseri
1524 4797 1607 4844 est
1636 4789 1935 4844 excusatio.
1971 4789 2167 4843 Verum

601 4881 728 4950 quia
766 4881 1074 4940 sanctitatis
1107 4889 1212 4935 tum
1252 4890 1523 4951 pracepto
1556 4884 1774 4951 penitus
1812 4897 1921 4935 non
1961 4882 2172 4935 obtem-

604 4985 829 5039 perare,
867 4971 1082 5025 tametsi
1126 4972 1270 5026 vires
1313 4987 1462 5026 meas
1495 4982 1746 5042 superet,
1787 4973 2027 5043 periculo
2060 4987 2168 5025 non

605 5073 760 5118 vacat
798 5081 813 5117 ε
869 5064 1172 5133 praesertim
1210 5080 1332 5117 cum
1368 5064 1436 5119 ab
1482 5065 1602 5135 ipso
1635 5065 1794 5119 etiam
1842 5065 1999 5119 Patre
2049 5080 2171 5119 meo

608 5154 917 5209 mandatum
945 5156 1284 5225 acceperim:
1316 5155 1598 5225 utriusque
1622 5156 1932 5211 obedientia
1960 5155 2131 5210 fretus
2153 5197 2167 5221 ,

608 5248 711 5303 hoc
740 5248 855 5312 tibi,
889 5248 1227 5302 divinissime
1245 5246 1424 5311 Pater,
1454 5263 1549 5317 per
1575 5249 2016 5303 commonitionis
2036 5265 2169 5318 spe-

607 5336 747 5389 ciem
797 5334 1089 5405 proiitebor
1123 5351 1136 5387 :
1182 5335 1340 5406 longe
1377 5337 1552 5405 majus
1593 5337 1885 5406 multisque
1928 5338 2173 5406 partibus

607 5426 855 5480 navicula
886 5440 1005 5479 mea
1036 5425 1391 5480 excellentius
1416 5441 1537 5481 esse
1577 5426 1847 5496 navigium
1881 5426 2174 5498 perfectio-

610 5519 697 5572 nis
717 5527 844 5579 tuce,
868 5517 1200 5587 episcopale,
1231 5519 1470 5587 inquam,
1494 5517 1786 5589 fastigium,
1814 5519 1859 5571 si
1882 5534 2004 5572 cum
2039 5534 2175 5587 pra!-

611 5611 769 5679 positi
792 5611 1051 5681 dignitate
1077 5620 1421 5680 comparetur
1445 5628 1457 5665 :
1484 5621 1537 5665 et
1563 5620 1709 5666 tanto
1726 5612 1953 5671 scilicet,
1974 5621 2176 5681 quanto

615 5705 669 5757 in
697 5703 879 5773 plures
908 5705 1191 5775 imperium
1223 5706 1445 5760 sortitus
1466 5721 1543 5769 es,
1568 5721 1773 5774 eosque
1800 5721 1905 5758 non
1936 5704 2177 5760 volentes

2271 4514 2555 4584 πλοιάριον
2585 4514 2664 4575 είς
2694 4513 2888 4583 λιμένα
2920 4513 3192 4581 σωτηρίας
3214 4528 3225 4542 ·
3266 4513 3349 4565 ὅτι
3389 4512 3527 4582 πρὸς
3560 4512 3719 4566 τοῦτο
3746 4514 3833 4567 καὶ

2271 4603 2544 4666 πολιτείας
2572 4602 2907 4674 ἀκραιφνοῦς
2933 4602 3091 4675 χρεία
3116 4603 3210 4656 καὶ
3231 4601 3486 4669 γνώσεως
3510 4601 3701 4672 ίκανῆς
3724 4606 3831 4656 ἐπι-

2269 4693 2455 4763 τυχία,
2488 4692 2554 4744 ἶν’
2582 4692 2657 4754 ώς
2699 4692 2758 4745 ἐν
2803 4691 2957 4744 δυσὶν
2984 4690 3173 4761 αὐχέσι
3204 4689 3603 4761 πηδαλιουχῶν,
3638 4692 3831 4760 γρηγό-

2272 4800 2381 4855 ρως
2410 4783 2504 4836 καὶ
2531 4783 2912 4852 ἐπιστημόνως
2934 4778 3409 4834 ἀκαταϐάπτιστον
3432 4784 3545 4841 τοῖς
3568 4781 3723 4835 ὐδασι
3741 4784 3831 4851 τῆς

2271 4875 2550 4944 ἁμαρτίας
2583 4874 2819 4943 ἐμαυτόν
2859 4889 2920 4924 τε
2962 4874 3056 4926 καὶ
3094 4872 3219 4935 τοὺς
3267 4872 3571 4941 ἑπομένους
3601 4890 3691 4944 μοι
3721 4874 3827 4927 δια-

2271 4966 2543 5035 φυλάττω.
2594 4966 2742 5035 Δύτη
2780 4964 2959 5017 τοίνυν
3000 4965 3033 5033 ἡ
3068 4962 3175 5033 ἐμὴ
3207 4964 3470 5031 ἀπολογία
3516 4964 3612 5019 τοῦ
3658 4968 3829 5019 ταλαι-

2272 5056 2477 5127 πώρου.
2516 5056 2667 5110 Ἐπεὶ
2707 5056 2763 5109 δὲ
2794 5056 2854 5108 τὸ
2886 5055 2983 5126 τῆς
3009 5055 3286 5125 ὁσιότητος
3322 5073 3414 5109 σου
3458 5057 3706 5127 κέλευμα
3740 5061 3827 5113 οὐκ

2271 5149 2555 5202 ἀκίνδυνον
2599 5149 2772 5218 πάντη
2825 5146 3165 5209 καταλιπεῖν,
3213 5149 3262 5201 εί
3307 5148 3402 5201 καὶ
3433 5149 3573 5219 ὑπὲρ
3614 5149 3827 5220 δύναμίν

2275 5257 2380 5311 μου
2426 5241 2754 5311 ἀνυπήκοον,
2798 5238 2971 5302 ἄλλως
3024 5256 3082 5291 τε
3123 5240 3219 5292 καὶ
3262 5240 3327 5293 ὲκ
3366 5238 3461 5293 τοῦ
3493 5242 3699 5297 οἰκείου
3740 5260 3827 5313 μου

2275 5334 2485 5404 [ἰατρὸς
2522 5333 2619 5404 τὴν
2660 5331 2939 5400 ὑποταγὴν
2965 5330 3286 5399 δεξάμενος·
3319 5332 3594 5397 πεποιθὼς
3630 5338 3696 5405 τῇ
3733 5337 3824 5405 ἀμ-

2276 5429 2518 5497 φοτέρων
2542 5425 2841 5495 εὐπειθείᾳ,
2873 5423 3028 5477 τοῦτό
3055 5438 3158 5489 σοι,
3193 5416 3238 5475 ὧ
3266 5422 3509 5477 θειότατε
3547 5426 3748 5498 Πάτερ,
3773 5428 3823 5478 ἐν

2276 5519 2405 5571 εῖδει
2442 5518 2801 5586 ὑπομνήσεως
2860 5512 3279 5581 ἐπιφθέγξομαι,
3334 5516 3416 5566 ὅτι
3470 5516 3659 5585 μεῖζον
3701 5520 3825 5571 κατὰ

2280 5612 2411 5663 πολὺ
2440 5611 2534 5662 καὶ
2578 5606 2912 5677 ὑπερϐάλλον
2949 5605 3009 5658 τὸ
3038 5606 3221 5658 πλοῖον
3245 5606 3345 5676 τῆς
3380 5608 3479 5677 σῆς
3509 5607 3826 5679 τελειότητος

2280 5701 2414 5768 πρὸς
2464 5698 2522 5750 τὸ
2578 5696 2706 5767 ἐμὸν
2756 5695 3011 5765 νηάριον·
3062 5698 3203 5766 φημὶ
3254 5695 3317 5766 δὴ
3372 5698 3431 5750 τὸ
3486 5700 3826 5753 ἐπισκοπικδν
