4008 6318
151 402 253 464 945

1376 403 1908 464 EPISTOLARUM
1953 408 2096 466 LIB.
2136 409 2185 468 Ι.

3304 423 3407 486 946

149 517 345 586 ὕψωμα
391 514 532 585 πρὸς
564 515 625 568 τὸ
650 515 1011 585 ήγουμενικὸν
1044 515 1259 585 ἀξίωμα
1283 532 1298 546 ’
1343 515 1440 569 καὶ
1473 516 1723 569 τοσοῦτον

1833 517 2066 574 fortasse
2092 559 2107 580 ,
2140 532 2242 574 nec
2268 521 2646 590 conspirantes
2666 565 2678 587 ,
2714 539 2814 579 nec
2843 526 3084 596 ejusdem
3115 541 3322 589 natura:
3355 547 3406 589 et

149 613 361 679 ὅσῳπερ
392 607 462 662 ἂν
492 607 588 660 καλ⁸
626 607 886 660 πλειόνων
913 606 1103 676 ἀρχειν
1132 605 1393 676 ἡξιώθης,
1426 607 1520 659 καὶ
1552 607 1724 659 ταῦτα

147 703 241 771 οὐχ
271 699 512 752 ἑκόντων
546 698 698 760 ἴσως,
732 698 852 750 οὐδὲ
895 699 1316 768 ὁμογνωμόνων,
1349 696 1469 750 οὐδὲ
1498 697 1597 766 τῆς
1624 697 1722 750 αύ-

147 795 241 863 τῆς
271 790 492 860 φύσεως
521 791 614 843 καὶ
650 789 842 855 ἀξίας,
897 788 1034 843 ἀλλά
1079 790 1172 842 καὶ
1218 790 1464 861 ἀρρένων
1507 790 1602 842 καὶ
1630 789 1724 858 θη-

149 883 338 951 λειῶν,
371 881 655 954 μοναστῶν
688 899 747 935 τε
784 881 879 935 καὶ
926 881 1186 951 μιγάδων,
1222 881 1496 952 ἀρχόντων
1530 898 1592 934 τε
1630 881 1726 934 καὶ

150 976 490 1045 ἀρχομένων,
519 973 817 1043 γημάντων
867 973 966 1026 καὶ
1011 972 1262 1041 ἀγάμων,
1296 970 1498 1024 δούλων
1531 987 1590 1023 τε
1630 972 1725 1024 καὶ

149 1066 473 1136 ἐλευθέρων,
501 1063 753 1136 ὀρφανῶν
777 1080 837 1116 τε
866 1063 960 1115 καὶ
988 1061 1348 1132 χηρευόντων,
1374 1061 1642 1116 πλουσίων
1664 1078 1725 1114 τε

150 1157 240 1208 καὶ
280 1155 554 1226 πενήτων,
603 1151 1037 1206 δυναστευόντων
1081 1167 1141 1203 τε
1185 1152 1278 1203 καὶ
1313 1151 1724 1220 καταπονωμὲο

149 1264 270 1310 νων,
305 1243 719 1316 χρεωφειλετῶν
748 1260 808 1295 τε
845 1242 938 1295 καὶ
973 1241 1288 1304 δανειστῶν,
1321 1241 1726 1312 ἀϐροδιαιτούν-

150 1357 252 1392 των
277 1355 337 1391 τε
387 1338 486 1390 καὶ
516 1333 1038 1404 λιμοκτονουμένων,
1068 1332 1493 1401 πολυκτημόνων
1527 1349 1586 1384 τε
1630 1330 1723 1383 καὶ

150 1433 430 1494 ἀνεστίων,
468 1425 994 1499 μαλακοφορούντων
1027 1442 1086 1479 τε
1131 1424 1226 1479 καὶ
1261 1424 1719 1496 ῥακοδυτούντων.

149 1521 328 1576 Ταῦτα
370 1520 483 1591 γὰρ
534 1521 630 1574 καὶ
663 1520 833 1573 πλείω
876 1517 1083 1572 τούτων
1127 1518 1226 1570 οὐκ
1266 1518 1612 1584 ἐπιφαίνεται
1645 1516 1723 1585 τῷ

149 1615 395 1686 ἡμετέρῳ
425 1613 554 1684 βίῳ⁶
587 1615 614 1666 6
639 1612 697 1666 δὲ
741 1613 832 1675 σὸς
873 1610 1278 1681 ἐμπέπλησται.
1319 1611 1429 1664 Καὶ
1455 1611 1575 1664 οὐδὲ
1614 1613 1722 1674 πᾶς

147 1708 173 1758 6
220 1705 344 1769 λαός
402 1721 500 1757 σου
559 1703 663 1756 ύπὺ
710 1704 838 1772 μιᾶς
880 1700 1160 1772 φροντίδος
1202 1700 1550 1772 δεδιοίκηται,
1601 1702 1723 1755 οὐδὲ

149 1798 360 1851 πάντων
389 1796 463 1849 τά
489 1795 755 1864 πρόσωπα
782 1792 878 1846 καὶ
907 1793 974 1845 τά
997 1791 1237 1862 ὀνόματα
1259 1787 1436 1855 οἶσθα,
1459 1792 1570 1846 οὐδ’
1596 1791 1724 1846 ἑκά-

1833 612 2138 682 dignitatis;
2174 612 2268 665 sed
2299 628 2478 666 mares
2510 615 2712 681 pariter
2739 631 2803 671 ac
2829 617 3087 686 feminas,
3111 627 3407 683 monachos

1832 715 1887 758 et
1919 705 2208 758 saeculares
2231 746 2244 770 ,
2278 704 2508 774 imperio
2539 706 2792 775 praditos
2818 717 2871 762 et
2897 711 3178 779 subditos,
3217 718 3404 787 conju-

1832 810 1925 866 ges
1949 804 2005 850 et
2023 796 2254 858 caelibes,
2279 812 2462 850 servos
2488 812 2552 851 ac
2576 798 2795 862 liberos,
2819 801 3094 869 orphanos
3116 815 3170 860 et
3191 807 3403 872 viduas,

1831 887 2024 941 divites
2059 897 2114 941 et
2149 902 2418 957 pauperes
2443 929 2457 951 ,
2495 897 2745 957 potentes
2780 899 2834 944 et
2868 891 3058 961 inopes
3083 935 3096 959 ,
3131 896 3406 954 debitores

1830 985 1886 1030 et
1917 976 2288 1041 feneratores,
2325 978 2469 1032 laute
2493 978 2740 1034 viventes
2783 990 2841 1035 et
2884 981 3026 1038 fame
3054 985 3399 1053 laborantes,

1833 1067 2128 1136 locupletes
2169 1076 2228 1121 et
2282 1077 2426 1122 tecto
2463 1078 2714 1124 carentes
2737 1109 2752 1134 ,
2804 1073 3040 1128 molliter
3077 1078 3320 1132 vestitos.
3349 1089 3405 1134 et

1833 1174 2125 1228 pannosos.
2146 1158 2272 1214 Haec
2292 1160 2458 1222 enim,
2476 1169 2532 1214 et
2559 1160 2642 1215 his
2666 1161 2843 1230 plura,
2865 1164 2920 1217 in
2947 1165 3058 1220 vita
3080 1176 3266 1224 nostra
3291 1185 3400 1224 non

1831 1261 2164 1316 cernuntur;
2213 1261 2303 1306 tua
2342 1267 2470 1306 vero
2510 1253 2594 1306 his
2634 1254 2834 1310 referta
2875 1267 2978 1311 est.
3022 1258 3133 1314 Nec
3170 1263 3404 1331 populus

1831 1353 1957 1398 tuus
1989 1343 2092 1398 sub
2122 1359 2227 1398 una
2260 1358 2392 1398 cura
2419 1343 2706 1401 universus
2733 1347 2946 1418 cogitur
2967 1389 2983 1414 ,
3016 1365 3118 1404 nec
3156 1355 3400 1408 omnium

1830 1434 1997 1488 facies
2045 1443 2099 1488 et
2150 1434 2369 1488 nomina
2405 1435 2585 1498 nosti,
2635 1451 2739 1492 nec
2789 1437 2915 1496 vitae
2968 1441 3401 1515 uniuscujusque

1831 1525 1949 1578 vias
2005 1533 2061 1578 et
2107 1525 2347 1580 rationes
2389 1526 2713 1598 distinguis:
2755 1529 2850 1583 sed
2889 1531 2978 1584 alii
3018 1533 3174 1588 aliter
3207 1552 3402 1608 magno

1829 1615 2148 1672 discrimine
2191 1632 2251 1671 se
2295 1617 2513 1674 habent.
2562 1619 2774 1675 Etenim
2820 1621 2911 1675 alii
2943 1632 3141 1678 terram
3171 1625 3400 1684 fortasse

1831 1711 2060 1775 colunt,
2108 1708 2198 1763 alii
2228 1711 2516 1782 navigant,
2557 1711 2648 1765 alii
2673 1727 2862 1782 greges
2911 1725 3180 1784 pascunt,
3227 1719 3317 1773 alii
3345 1720 3399 1773 in

1830 1802 1943 1855 otio
1989 1800 2240 1872 degunt,
2288 1801 2378 1854 alii
2425 1802 2816 1872 negotiantur:
2872 1803 3200 1874 longumque
3253 1818 3401 1864 esset

151 1903 270 1940 στου
303 1887 403 1951 τάς
431 1885 692 1957 μεθόδους
720 1886 819 1952 τῆς
845 1882 992 1952 ζωῆς
1023 1880 1400 1950 διαγινώσκεις
1421 1898 1436 1912 ⁶
1473 1881 1608 1936 ἀλλά
1632 1882 1723 1935 ἆλ-

1827 1907 1958 1961 quas
2013 1892 2065 1945 in
2102 1891 2328 1961 singulis
2382 1892 2629 1946 videmus
2665 1893 3051 1962 occupationes
3089 1911 3397 1954 recensere.

149 1979 225 2032 λοι
257 1979 445 2042 ἄλλως
499 1976 642 2030 κατά
680 1975 817 2029 πολὺ
859 1975 921 2027 τὸ
967 1973 1221 2043 διάφορον
1254 1972 1489 2042 ἔχουσιν.
1524 1974 1588 2028 Οἱ
1619 1973 1718 2043 μὲν

150 2067 252 2140 γὰρ
306 2070 437 2132 ἴσως
486 2065 878 2136 γεωπονοῦσιν,
932 2065 983 2117 οἱ
1036 2064 1092 2116 δὲ
1135 2063 1527 2131 ναυτίλλουσιν,
1571 2065 1622 2118 οί
1662 2065 1718 2118 δὲ

151 2160 618 2232 ποιμαινεύουσιν,
654 2159 703 2211 οί
751 2157 807 2210 δὲ
849 2155 1243 2226 ἀπρακτοῦσιν,
1277 2156 1326 2207 οί
1377 2155 1431 2208 δὲ
1475 2172 1717 2227 πρακτο-

151 2255 392 2324 ρεύονται
412 2268 425 2281 °
462 2253 557 2304 καὶ
591 2251 758 2312 πολὺς
790 2252 817 2302 6
841 2249 1000 2318 λόγος
1027 2250 1127 2318 τῆς
1160 2247 1244 2316 ἐφ’
1265 2247 1479 2318 ἑκάστῳ
1505 2249 1718 2319 ὁρωμέ-

149 2362 242 2414 νης
270 2344 560 2415 ἐργασίας.
607 2343 730 2395 Ἐπὶ
750 2340 961 2404 τούτοις
984 2341 1041 2394 δὲ
1075 2343 1244 2394 πᾶσιν
1275 2341 1396 2402 ὅσος
1437 2341 1530 2393 καὶ
1559 2340 1719 2410 πηλί-

151 2451 239 2496 κος
283 2437 311 2487 6
348 2434 554 2496 κόποςί
617 2431 759 2486 καθά
813 2431 1122 2502 λογίζομαι,
1181 2433 1482 2501 ἀλόγιστος·
1512 2432 1633 2495 ὅσος
1694 2434 1722 2484 ό

152 2525 328 2596 ἱδρὼς,
365 2527 393 2578 6
441 2523 614 2592 ἀγὼν,
662 2525 690 2575 6
723 2522 942 2594 δρόμος,
977 2526 1012 2593 ἡ
1041 2524 1280 2587 εὐτονία,
1321 2526 1355 2595 ἠ
1401 2525 1640 2595 φροντὶς,
1687 2525 1721 2594 ἠ

154 2619 411 2688 μέριμνα,
445 2619 479 2686 ἡ
516 2613 733 2683 έκτηξις
763 2617 860 2685 τῆς
885 2618 1106 2687 σαρκὸς,
1131 2619 1163 2687 ή
1193 2617 1352 2686 ὀδύνη
1391 2618 1491 2688 τῆς
1517 2617 1719 2687 ψυχῆς,

153 2712 182 2778 ἡ
208 2709 303 2778 τῆς
331 2708 572 2770 διανοίας
610 2709 928 2779 κατακοπήι
971 2710 1181 2779 Ὠσπερ
1210 2705 1302 2762 οὖν
1347 2712 1375 2762 6
1403 2709 1724 2764 ἀπευθύνων

150 2804 244 2873 τὴν
278 2802 409 2856 ναῦν
453 2803 515 2853 ὲν
554 2799 765 2872 μεγάλῃ
811 2800 950 2872 ζάλῃ
983 2802 1078 2854 καὶ
1117 2802 1392 2870 καταιγίδι
1426 2785 1734 2872 θαλάσσηςί

151 2895 260 2956 ὅλος
287 2895 473 2965 νήφων
500 2891 620 2945 ἐστὶ
645 2895 740 2946 καὶ
763 2894 1186 2963 ἀπερίτρεπτος,
1220 2893 1554 2948 ἀνύστσκτον
1585 2893 1725 2963 ἔχων

151 2987 236 3036 τὸν
261 2984 541 3054 ὀφθαλμόν
561 2997 574 3012 ·
603 2984 722 3037 οὐδὲ
746 2985 853 3055 γὰρ
877 2987 954 3047 είς
983 2983 1188 3055 βραχὺν
1216 2986 1372 3057 φέρει
1396 2985 1639 3040 κίνδυνον
1666 2985 1727 3040 τὸ

154 3077 357 3146 μικρῶς
413 3093 536 3139 πως
583 3079 958 3146 παρεμπεσεῖν
1010 3078 1265 3150 ἀπειρίαν
1306 3080 1398 3132 καὶ
1427 3080 1724 3149 ἀμέλειαν·

150 3167 285 3222 οὕτω
316 3167 498 3239 πολλῷ
538 3163 738 3238 μᾶλλον
767 3168 795 3220 6
817 3170 1153 3241 κυόερνήτης
1182 3171 1288 3224 τῶν
1316 3171 1502 3241 ψυχῶν
1531 3173 1728 3238 ἀγωνι-

1821 1979 1880 2034 ln
1933 1981 2016 2034 his
2079 1991 2263 2035 autem
2313 1983 2568 2036 omnibus
2607 1983 2782 2051 qualis
2814 1996 3157 2055 quantusque
3213 1987 3401 2044 labor?

1819 2075 2078 2129 mstimari
2109 2115 2125 2140 ,
2182 2082 2243 2129 ut
2295 2085 2464 2144 puto,
2517 2090 2626 2129 non
2659 2085 2855 2146 potest.
2902 2075 3150 2143 Quantus
3194 2081 3395 2147 sudor,

1821 2176 2096 2221 certamen
2125 2205 2140 2228 ,
2176 2181 2370 2221 cursus
2398 2206 2412 2227 ,
2470 2167 2750 2222 contentio
2771 2207 2786 2232 ,
2848 2185 2976 2224 cura
2999 2207 3013 2230 ,
3056 2169 3395 2236 sollicitudo,

1821 2258 2004 2312 carnis
2058 2257 2322 2321 alﬂietio,
2378 2259 2543 2312 animi
2603 2259 2759 2313 dolor
2792 2298 2807 2323 ,
2874 2262 3074 2317 mentis
3137 2262 3398 2329 defatiga-

1824 2349 1935 2404 tio?
1982 2347 2458 2414 Quemadmodum
2501 2364 2629 2420 ergo
2664 2349 2756 2419 qui
2801 2365 2995 2405 navem
3037 2355 3301 2423 gubernat
3341 2354 3398 2408 in

1823 2437 2031 2509 magnis
2052 2437 2214 2492 maris
2238 2437 2489 2492 fluctibus
2508 2449 2564 2492 et
2588 2446 2928 2507 tempestate,
2953 2449 3100 2496 totus
3123 2443 3395 2515 advigilat.

1823 2541 1879 2585 et
1909 2531 1963 2584 in
1997 2546 2058 2584 ea
2083 2546 2214 2584 cura
2238 2530 2445 2585 defixus
2470 2540 2572 2593 est.
2608 2547 2709 2585 nec
2739 2547 2988 2587 somnum
3012 2536 3184 2590 oculis
3211 2537 3396 2592 indul-

1823 2632 1912 2693 get
1940 2627 2069 2690 (non
2096 2623 2243 2677 enim
2269 2623 2420 2692 parvi
2458 2633 2540 2677 est
2569 2626 2794 2692 periculi
2819 2625 2862 2679 si
2893 2626 2978 2680 vel
2994 2627 3186 2697 exigua
3216 2629 3396 2696 aliqua

1819 2714 2047 2783 obrepat
2083 2715 2352 2784 imperitia
2390 2715 2472 2766 vel
2512 2715 2880 2784 negligentia),
2919 2717 2998 2771 sic
3026 2719 3196 2773 multo
3226 2721 3397 2791 magis

1825 2807 2128 2860 animarunt
2156 2807 2490 2876 gubernator
2518 2806 2853 2875 praefectura:
2881 2818 3063 2877 partes
3097 2812 3394 2866 studiosius

1825 2908 1879 2950 et
1927 2899 2233 2952 accuratius
2268 2904 2453 2952 teneat
2487 2913 2709 2955 necesse
2738 2907 2853 2962 est,
2893 2915 2959 2954 ne
2979 2902 3213 2956 extremi
3241 2903 3396 2957 exitii

1827 2989 2096 3059 profundo
2121 2989 2486 3059 demergatur.
2522 2988 2814 3057 Propterea
2835 3027 2849 3050 ,
2885 2975 2943 3043 ut
2973 2990 3232 3056 arbitror,
3269 3007 3398 3047 san-

1828 3081 2070 3135 ctissime
2091 3122 2105 3144 ,
2137 3095 2365 3150 magnus
2399 3079 2688 3149 Apostolus
2715 3081 3051 3134 exclamabat
3077 3097 3090 3135 :
3125 3082 3254 3146 Quis
3312 3085 3398 3137 in-

1828 3171 2105 3239 ﬁrmatur,
2148 3180 2196 3224 et
2230 3186 2322 3240 ego
2366 3186 2468 3223 non
2503 3170 2779 3238 inﬁrmor?
2814 3173 2929 3242 quis
2967 3174 3397 3241 scandalizatur,

154 3257 479 3332 στικώτερον
509 3262 608 3313 καὶ
641 3261 1030 3332 ἀκριϐέστερον
1080 3262 1280 3315 εἰδέναι
1309 3262 1515 3331 ὀφείλει
1539 3263 1601 3315 τὸ
1624 3263 1722 3332 τῆς

1827 3274 1874 3317 et
1911 3280 2001 3334 ego
2033 3279 2135 3316 non
2166 3278 2288 3316 uror
2315 3261 2359 3293 ³⁸
2386 3262 2409 3313 ?
2459 3260 2521 3315 Et
2554 3261 2784 3316 iterum:
2824 3260 3016 3316 Factus
3047 3278 3163 3315 sum
3195 3262 3399 3318 Judwis

154 3354 480 3424 προστασίας
527 3352 708 3423 ἔργον,
744 3354 830 3406 ἵνα
880 3354 954 3424 μὴ
1007 3353 1335 3424 ὑποϐρύχιος
1376 3355 1602 3426 γένηται
1646 3354 1725 3425 τῷ

154 3444 292 3516 βυθῷ
318 3446 419 3516 τῆς
456 3444 757 3508 ἀπωλείας.
790 3445 889 3498 Διά
913 3443 1108 3510 ταῦτα,
1134 3445 1208 3508 ὡς
1233 3442 1405 3515 οἶμαι,
1430 3445 1723 3515 ἀγιώτατε,

154 3536 275 3588 ὲϐόα
325 3540 352 3590 6
406 3537 584 3608 μέγας
639 3535 979 3600 Ἀπόστολος,
1032 3537 1126 3602 Τίς
1171 3537 1433 3600 ἀσθενεῖ,
1463 3539 1563 3590 καὶ
1612 3539 1724 3592 οὐκ

150 3628 418 3694 ἀσθενῶς
449 3630 545 3695 τίς
589 3625 1067 3691 σκανδαλίζεται,
1096 3628 1194 3681 καὶ
1226 3630 1336 3681 οὐκ
1361 3627 1476 3697 ἐγὼ
1504 3628 1725 3696 πυροῦ-

147 3735 282 3788 gat;
327 3724 438 3776 Καὶ
465 3720 654 3783 πάλιν,
682 3719 798 3772 Ὅτι
830 3720 1123 3789 ἐγενόμην
1160 3719 1284 3786 τοῖς
1318 3719 1619 3785 Ἰουδαίοις
1645 3722 1725 3786 ὠς

164 3810 454 3877 Ἰουδαῖος,
500 3809 627 3874 τοῖς
668 3809 787 3863 ὑπὸ
836 3811 1028 3880 νόμον
1061 3811 1141 3876 ὡς
1196 3811 1316 3865 ὑπὸ
1361 3813 1568 3879 νόμον,
1600 3812 1726 3878 τοῖς

151 3901 389 3972 ἀνόμοις
416 3903 499 3967 ὡς
535 3900 777 3969 ἄνομος,
801 3901 887 3970 μὴ
926 3901 1012 3954 ὢν
1040 3902 1283 3972 ἄνομος,
1315 3903 1452 3956 ἀλλ’
1473 3904 1725 3974 ἔννομος

153 3993 395 4059 Χριστῷ.
446 3992 579 4060 Τοῖς
627 3990 776 4047 πᾶσι
817 3992 1035 4062 γέγονα
1084 3995 1156 4048 τὰ
1192 3994 1409 4058 πάντα,
1447 3996 1548 4051 ἵνα
1584 3995 1727 4062 τοὺς

153 4083 375 4151 πάντας
421 4084 722 4154 κερδήσω.
767 4083 902 4137 Ἰδοὺ
935 4084 1111 4148 οὕτως
1164 4086 1258 4140 καὶ
1300 4087 1350 4139 οἱ
1399 4088 1519 4140 κατ’
1565 4086 1725 4139 αὑτὸν

155 4179 366 4242 κανόνες
407 4179 505 4231 καὶ
547 4178 664 4247 ὅροι
699 4177 1003 4248 ἐπισκοπῆς
1064 4177 1316 4249 καθάπερ
1352 4179 1446 4232 καὶ
1477 4179 1632 4232 αύτοὶ
1675 4180 1724 4232 οἱ

154 4267 418 4322 Θεσπέσιοι
459 4269 707 4339 Πατέρες
732 4269 887 4338 ἡμῶν
916 4269 1311 4337 διαγορεύουσι.
1358 4271 1560 4323 Λοιπὸν
1589 4270 1724 4324 ἀνα-

153 4362 303 4425 γνοὺς
365 4362 458 4414 καὶ
505 4362 759 4428 διαγνοὺς
815 4361 881 4413 τὰ
917 4361 1025 4414 τῶν
1076 4362 1264 4429 ἀγίων,
1302 4362 1392 4414 καὶ
1420 4363 1510 4416 ἐπὶ
1537 4365 1726 4432 χεῖρας

153 4451 281 4522 ἔχων
305 4454 371 4507 τὰ
395 4453 773 4523 θεοπαράδοτα
799 4453 952 4520 λόγια
970 4471 984 4483 ·
1015 4454 1068 4505 τί
1105 4455 1240 4524 πρὸς
1269 4455 1404 4524 ἐμοῦ
1438 4455 1530 4508 τοῦ
1563 4455 1726 4508 τάλα-

153 4560 234 4606 νος
260 4545 502 4599 τοιοῦτόν
535 4564 588 4598 τι
615 4545 924 4614 ὲπιζητείςς
965 4544 1106 4612 Ἐγὼ
1133 4545 1274 4601 δοκῶ
1307 4545 1397 4598 τὸν
1425 4546 1721 4598 ἐπίσκοπον

154 4631 282 4689 εἶναι
315 4637 530 4708 ἔφορον,
562 4637 659 4688 καὶ
690 4635 988 4688 ὑπεύθυνον
1013 4637 1112 4705 τῆς
1136 4636 1231 4687 ἐπὶ
1256 4637 1389 4687 πᾶσι
1415 4636 1524 4687 τῶν
1553 4637 1720 4707 ἀρχο-

157 4726 321 4793 μένων
375 4729 680 4796 γενομένης
724 4725 1087 4796 διαπράξεως.
1124 4727 1388 4795 ’Ἄγγελον
1431 4729 1718 4797 ἀσίγητον,

152 4813 216 4866 τὰ
265 4815 360 4868 τοῦ
401 4815 540 4868 Θεοῦ
570 4813 917 4883 δικαιώματα
961 4815 1342 4885 κηρύσσοντα·
1382 4817 1536 4886 ὖμμα
1569 4817 1721 4869 ἀκοί-

157 4923 316 4975 μητον
342 4908 441 4971 τὰς
472 4908 711 4961 ἑκάστου
735 4907 886 4968 ὁδοὺς
916 4905 1020 4958 τῶν
1055 4907 1144 4957 ὑπ’
1177 4907 1341 4959 αὑτοῦ
1372 4908 1719 4977 ἐξαγομένων

155 4998 576 5071 ὲπιὸλεπόμενον
602 5015 617 5028 ο
646 5000 874 5068 μίμημα
908 4997 1168 5068 Χριστοῦ,
1199 5001 1280 5060 εἰς
1304 4998 1362 5050 ὃν
1389 5001 1437 5051 οί
1462 5001 1718 5070 ἑπόμενοι

156 5090 502 5161 προσέχοντες
521 5091 626 5160 τὴν
657 5089 866 5142 ἑαυτῶν
891 5088 1034 5158 ζωὴν
1061 5088 1426 5157 εύαγγελικῶς
1454 5105 1723 5160 χαρακτη-

157 5179 394 5247 ρίζουσι⁸
429 5183 698 5252 φωστῆρα
745 5179 1021 5248 ἁειλαμπῆ
1075 5183 1185 5241 τοῖς
1244 5181 1302 5243 ἐξ
1357 5181 1578 5247 ἀγνοίας
1628 5181 1722 5232 καὶ

156 5271 416 5343 ἁμαρτίας
437 5271 840 5343 νυκτομαχοῦσι
865 5272 1264 5342 γνωριζόμενον
1285 5288 1297 5302 ·
1324 5271 1412 5323 τὸν
1442 5272 1598 5340 λόγον
1623 5271 1721 5340 τῆς

155 5363 490 5430 διδασκαλίας
520 5365 932 5434 ὲπομὸρίζοντα
963 5367 1072 5425 τοῖς
1100 5363 1296 5432 διψῶσι
1339 5366 1404 5416 τά
1449 5365 1688 5433 σωτήρια
1708 5381 1724 5394 ·

156 5458 424 5528 οἰκονόμον
473 5461 754 5529 μέγιστον,
784 5459 873 5509 τὸν
917 5458 1148 5511 ἑκάστου
1182 5457 1294 5526 βίον
1329 5457 1726 5524 λογοθετεῖσοαι

161 5548 412 5614 μέλλοντα
441 5553 498 5603 ὲν
524 5549 703 5619 καιρῷ
731 5549 1158 5611 ἁντατιοδόσεως.
1191 5547 1328 5600 Οῦτε
1350 5544 1444 5601 οὖν
1471 5548 1653 5616 μεῖζόν
1676 5567 1727 5600 τι

158 5638 247 5705 τῆς
283 5641 412 5708 πρὸς
446 5643 581 5695 Θεὸν
627 5640 925 5709 ὲγγύτητος
969 5642 1061 5692 καὶ
1095 5639 1337 5707 ἀγάπης,
1380 5640 1490 5691 οὒτ’
1522 5635 1586 5692 αὗ
1641 5640 1726 5690 εὐ-

1827 3369 2083 3426 tanquam
2109 3356 2358 3418 Judwus;
2384 3356 2449 3408 iis
2481 3356 2570 3424 qui
2593 3355 2684 3409 sub
2718 3354 2827 3424 lege
2859 3365 3002 3420 sunt,
3033 3365 3282 3423 tanquam
3305 3358 3398 3411 sub

1825 3447 1934 3518 lege
1961 3462 2154 3511 essem;
2181 3446 2247 3500 iis
2266 3446 2358 3516 qui
2380 3445 2490 3497 sine
2517 3445 2627 3513 lege
2648 3451 2832 3506 erant,
2869 3453 3125 3513 tanquam
3149 3445 3259 3499 sine
3289 3445 3398 3515 lege

1824 3555 2019 3602 essem;
2059 3554 2178 3591 cum
2206 3538 2318 3590 sine
2342 3536 2453 3604 lege
2491 3551 2595 3587 non
2635 3550 2826 3597 essem,
2866 3536 2955 3588 sed
2996 3536 3051 3588 in
3086 3536 3194 3606 lege
3234 3552 3398 3589 essem

1823 3627 2034 3684 Christi.
2063 3626 2315 3680 Omnibus
2343 3627 2519 3679 omnia
2550 3625 2723 3695 factus
2745 3641 2861 3678 sum
2881 3667 2897 3690 ,
2929 3638 2986 3678 ut
3025 3642 3200 3679 omnes
3234 3625 3398 3680 lucri-

1825 3724 2051 3792 facerem
2080 3723 2146 3776 ".
2181 3720 2259 3775 En
2279 3761 2294 3784 ,
2325 3721 2413 3774 vel
2445 3723 2563 3788 ejus
2592 3719 2860 3774 sententia
2885 3759 2899 3782 ,
2924 3720 3070 3790 leges
3100 3728 3154 3774 et
3184 3721 3400 3791 regulas

1824 3812 2189 3881 episcopatus.
2217 3808 2676 3880 quemadmodum
2701 3817 2756 3862 et
2781 3808 2948 3862 divini
2974 3823 3188 3879 quoque
3211 3812 3399 3869 Patres

1825 3905 1996 3957 nostri
2047 3910 2336 3956 testantur.
2373 3900 2665 3964 Caeterum,
2701 3914 2824 3952 cum
2859 3910 3169 3956 sanctorum
3202 3904 3399 3973 placita

1826 3996 1972 4066 legas
2000 4003 2054 4049 et
2087 3994 2374 4062 intelligas,
2401 4001 2449 4044 et
2477 3989 2660 4045 divina
2689 3990 2905 4045 oracula
2931 3991 2982 4044 in
3019 3994 3269 4048 manibus
3303 3997 3399 4048 ha-

1827 4088 1983 4151 beas,
2017 4085 2144 4154 quid
2183 4101 2212 4138 a
2254 4099 2341 4137 me
2380 4083 2582 4138 misero
2623 4083 2726 4136 tale
2775 4082 3052 4151 quidpiam
3102 4084 3402 4155 eﬂlagitas?

1827 4179 1937 4247 Ego
1984 4177 2298 4245 episcopum
2343 4190 2544 4228 censeo
2595 4174 2958 4243 inspectorem
3019 4191 3173 4241 esse,
3226 4192 3289 4230 ac
3332 4178 3401 4233 de

1827 4269 2082 4324 omnibus
2110 4284 2231 4338 qua:
2267 4285 2296 4321 a
2339 4266 2570 4320 subditis
2599 4275 2834 4336 aguntur
2865 4267 3194 4330 obnoxium;
3239 4282 3401 4338 ange-

1827 4362 1937 4415 lum
1971 4377 2079 4414 non
2108 4361 2383 4422 silentem,
2408 4357 2826 4428 iustificationes
2853 4357 2943 4411 Dei
2975 4367 3235 4428 perpetuo
3257 4374 3399 4426 pra:-

1826 4455 2130 4517 dicantem;
2163 4452 2725 4512 oculuminsomnem,
2756 4449 2933 4519 gregis
2961 4451 3042 4503 sui
3083 4449 3400 4520 singillatim

1827 4543 1942 4597 vias
1973 4541 2442 4605 considerantem;
2498 4540 2848 4595 simulacrum
2891 4537 3128 4603 Christi,
3160 4537 3226 4592 ad
3255 4541 3401 4607 quod

1829 4633 2021 4686 intenti
2061 4633 2151 4701 qui
2190 4642 2533 4701 sequuntur,
2586 4631 2752 4684 vitam
2809 4646 2962 4685 suam
3007 4631 3073 4684 ad
3123 4630 3400 4700 Evangelii

1829 4724 2053 4781 formam
2083 4722 2363 4792 ellingant;
2394 4721 2566 4776 facem
2593 4732 2856 4791 perpetuo
2883 4722 3187 4784 ardentem.
3221 4722 3287 4776 iis
3307 4724 3402 4792 qui

1828 4815 1882 4868 in
1917 4815 2234 4884 ignorantia:
2257 4814 2575 4884 peccatique
2595 4815 2837 4868 tenebris
2866 4814 3148 4878 dimicant,
3180 4816 3402 4885 conspi-

1828 4922 2021 4970 cuam;
2052 4921 2359 4959 sermonem
2384 4905 2663 4970 doctrinae,
2696 4906 2951 4958 salutaria
2981 4905 3290 4959 sitientibus
3322 4907 3404 4958 in-

1829 4999 2182 5062 l'nndentem;
2227 4998 2657 5068 dispensatorem
2694 4999 2988 5053 maximum
3010 5037 3023 5061 ,
3059 4998 3152 5066 qui
3185 4998 3253 5052 de
3287 4998 3404 5050 sin-

1827 5090 2073 5159 gulorum
2105 5088 2236 5149 vita,
2267 5078 2646 5142 retributionis
2674 5098 2936 5157 tempore,
2975 5089 3242 5141 rationem
3280 5089 3404 5141 red-

1829 5183 2040 5235 diturus
2070 5181 2160 5234 sit.
2190 5180 2374 5249 Itaque
2405 5181 2552 5234 nulla
2590 5181 2824 5234 aliinitas
2849 5196 2972 5236 cum
3005 5180 3115 5234 Deo
3136 5190 3189 5234 et
3217 5179 3400 5234 chari-

1833 5287 1910 5327 tas
1934 5274 2105 5342 major
2130 5282 2233 5335 est,
2263 5282 2355 5326 aut
2385 5273 2470 5326 cui
2502 5272 2703 5327 certior
2724 5273 2795 5326 sit
2817 5287 3046 5333 merces.
3067 5288 3226 5340 quam
3259 5287 3402 5340 pra:-

1829 5364 2033 5417 l'ectura
2064 5372 2212 5417 tanta
2235 5359 2732 5432 ;'quemadmodum
2757 5363 3007 5416 Christus
3036 5363 3152 5431 ipse
3183 5372 3402 5429 aposto-

1829 5456 2002 5509 lorntn
2050 5455 2279 5525 principi
2308 5455 2482 5509 dixit:
2527 5455 2753 5510 Siamas
2787 5473 2896 5519 me,
2941 5454 3121 5520 Petre,
3153 5456 3269 5524 plus
3298 5455 3399 5510 liis.

1830 5565 1983 5614 pasce
2013 5565 2126 5601 oves
2161 5564 2301 5599 meas
2328 5549 2392 5601 ³⁷.
2428 5547 2537 5601 Nec
2572 5547 2928 5617 periculosius
2959 5547 3271 5616 quidquam,
3308 5555 3402 5600 aut

1831 5641 2112 5694 exitiosius
2141 5656 2302 5709 quant
2336 5639 2386 5693 in
2429 5656 2489 5693 ea
2527 5639 2744 5711 indigne
2782 5639 3000 5693 versari.

226 5817 267 5849 ³⁵
309 5820 344 5875 ΙΙ
377 5823 496 5879 Cor.
537 5841 610 5894 ιι,
643 5823 732 5879 εἶθ.
808 5823 896 5874 ⁵⁸1
940 5823 1059 5876 (lor.
1102 5839 1173 5883 tit.
1210 5820 1278 5874 20
1311 5819 1399 5886 23,
1481 5821 1519 5851 ³⁷
1550 5818 1706 5873 Joan.
1750 5835 1866 5878 xxi,
1909 5820 1986 5871 l5.
