4008 6318
619 406 720 469 947

1794 402 1853 460 S.
1904 399 2296 462 THEODORI
2337 393 2683 463 STUDlT.E

3770 405 3866 467 948

617 512 964 589 μισθότερον,
995 513 1069 577 ὼς
1105 514 1138 584 ἡ
1174 512 1479 585 τηλικαύτη
1510 511 1834 565 ἐπιστασία·
1893 512 2076 575 καθώς
2125 528 2291 582 φησιν
2351 513 2511 577 αὐτὸς
2563 516 2591 566 ὀ
2622 514 2851 583 Χριστὸς
2894 515 3030 584 πρὸς
3068 517 3158 569 τὸν
3203 518 3496 587 κορυφαῖον
3530 517 3866 570 ἀποστολον⁹

615 629 634 661 ο
673 611 733 663 El
774 609 949 679 φιλεῖς
993 625 1088 678 με,
1122 607 1315 677 Πέτρε,
1364 606 1547 659 πλεῖον
1583 606 1808 673 τούτων,
1842 606 2097 675 ποίμαινε
2126 605 2195 657 τὰ
2235 604 2484 675 πρόϐατά
2512 623 2635 676 μου.
2668 626 2685 657 ι
2722 607 2857 660 Οὔτε
2884 607 3347 679 ἐπικινδυνότερον
3366 612 3461 663 καὶ
3484 609 3867 679 όλεθριώτερον

611 706 724 765 τοῖς
762 699 1001 765 ἀναξίως
1025 700 1229 768 ταύτην
1261 697 1688 768 ἀσπαζομένοις.

681 800 750 853 At
777 808 864 863 tu,
897 804 981 850 sat
1004 796 1140 860 scio,
1169 795 1384 848 Patrum
1412 794 1637 862 optime,
1669 794 1847 847 bonus
1878 802 2062 862 pastor
2093 806 2186 857 es,
2223 800 2263 853 Α

608 893 703 962 qui
733 892 971 945 animam
1006 896 1151 941 tuam
1186 901 1284 956 pro
1322 886 1515 940 ovibus
1546 899 1764 953 semper
1796 884 2063 953 posuisti,
2090 900 2188 953 pro

610 992 936 1047 unaquaque
974 983 1139 1045 caput
1182 974 1477 1043 objiciens,
1529 974 1815 1027 hominum
1871 974 2048 1027 minas
2079 988 2187 1027 non

610 1068 993 1130 reformidans,
1032 1065 1316 1119 veritatem
1353 1065 1407 1118 in
1440 1064 1848 1119 adversantium
1871 1064 2044 1119 oculis
2079 1079 2189 1117 non

610 1159 991 1217 dissimulans,
1045 1158 1189 1211 unici
1219 1157 1361 1225 regis
1392 1156 1655 1210 voluntati
1680 1156 2081 1210 obsecundans.
2108 1155 2190 1209 Ad

610 1251 761 1313 haec,
797 1263 1029 1320 arguens
1061 1264 1184 1302 cum
1221 1248 1501 1312 libertate,
1539 1263 1754 1317 pinnam
1783 1247 2033 1318 irrogans
2063 1263 2187 1302 cum

610 1343 863 1404 lenitate,
905 1341 1194 1409 pacillcans
1220 1348 1277 1393 et
1303 1339 1664 1394 reconcilians
1688 1338 2036 1402 dissidentes,
2066 1354 2191 1409 pro-

610 1434 796 1488 fanum
848 1446 878 1485 a
938 1439 1127 1486 sancto
1169 1430 1465 1500 prudenter
1502 1430 1801 1492 dirimens,
1845 1438 1900 1483 et
1932 1445 2123 1483 sanum
2160 1447 2190 1484 a

610 1523 893 1584 morbido,
932 1537 1001 1576 ne
1022 1522 1348 1592 contagione
1381 1536 1478 1575 sua
1510 1520 1748 1574 vicinum
1781 1519 2021 1586 inliciat;
2048 1522 2190 1591 quod

618 1616 836 1669 aberrat
860 1615 914 1669 in
948 1615 1089 1669 viam
1128 1615 1415 1677 reducens,
1454 1614 1597 1683 quod
1632 1612 1904 1667 infirmum
1937 1624 2020 1668 est
2056 1630 2190 1669 con-

612 1706 888 1771 solidans,
944 1704 1089 1772 quod
1126 1704 1465 1758 confractum
1513 1712 1595 1758 est
1638 1704 1865 1774 alligans
1899 1705 1963 1762 ³⁸.
2019 1704 2190 1771 Quam

610 1795 892 1867 multiplex
918 1810 1107 1849 revera
1133 1804 1282 1848 tuum
1306 1804 1390 1849 est
1411 1795 1576 1864 opus!
1606 1794 2027 1864 Praepositorum
2059 1797 2190 1850 visi—

613 1889 791 1953 tatio,
835 1887 1175 1942 celliotarum
1234 1886 1591 1956 approbatio,
1649 1886 2088 1957 presbyterorum
2138 1898 2193 1944 et

611 1979 967 2034 diaconorum
1005 1976 1297 2040 ordinatio,
1331 1984 1386 2030 et
1418 1976 1611 2030 horum
1637 1975 1882 2029 omnium
1913 1976 2037 2030 vita:
2065 1992 2191 2031 cen-

612 2086 741 2126 sura
775 2086 788 2122 :
822 2069 1113 2125 viduarum
1140 2066 1408 2132 defensio,
1447 2067 1819 2135 orphanorum
1851 2067 2185 2133 subsidium,

2374 792 2513 845 ’Λλλ’
2536 792 2719 856 αὑτὸς,
2745 792 2807 846 εὖ
2833 788 2971 858 οἶδα,
3005 794 3263 866 Πατέρων
3291 796 3498 868 ἄριστε,
3526 798 3606 850 ὅτι
3636 799 3716 861 ὡς
3742 799 3867 866 ἀγα-

2294 883 2384 947 θὸς
2416 886 2620 955 ποιμὴν
2645 886 2744 955 τὴν
2774 888 2950 955 ψυχήν
2983 903 3076 939 σου
3104 888 3189 939 ἀεὶ
3222 888 3482 951 τεθεικὼς
3517 884 3569 941 εἴ
3596 892 3741 959 ὑπὲρ
3769 890 3868 942 τῶν

2294 975 2402 1028 σῶν
2450 976 2764 1047 προϐάτων,
2796 978 3229 1048 προκινδυνεύων
3261 980 3403 1052 ὑπὲρ
3443 981 3561 1043 ἐνὸς
3602 983 3865 1035 ἑκάστου·

2296 1065 2369 1137 μὴ
2397 1067 2728 1136 πτοούμενος
2763 1055 2993 1131 ἀπειλὰς
3019 1069 3367 1140 ἀνθρωπίνας
3436 1071 3512 1141 μὴ
3540 1072 3867 1125 ὑποστελλό-

2295 1175 2457 1226 μενος
2484 1159 2574 1211 τὸν
2594 1160 2694 1229 τῆς
2733 1159 2989 1229 ἀληθείας
3030 1160 3188 1228 λόγον
3224 1161 3284 1226 ἐξ
3312 1163 3557 1225 ἐναντίας
3585 1164 3697 1217 τῶν
3728 1167 3872 1217 ἀντι-

2290 1248 2679 1318 διατιθεμένων
2702 1266 2717 1281 ·
2762 1250 2822 1303 τὸ
2854 1250 2948 1303 τοῦ
2986 1253 3145 1321 μόνου
3176 1252 3442 1322 βασιλέως
3475 1254 3695 1323 θέλημα
3734 1257 3869 1308 ἀπο-

2293 1340 2633 1408 θεραπεύων.
2672 1341 2814 1412 Πρὸς
2842 1342 3050 1406 τούτοις
3080 1343 3318 1413 ἐλέγχων
3364 1346 3500 1415 μετὰ
3529 1348 3869 1417 παρρησίας,

2292 1431 2559 1501 ἐπιτιμῶν
2622 1434 2758 1502 μετά
2811 1435 3176 1503 συμπαθείας,
3232 1437 3530 1508 είρηνεύων
3579 1440 3679 1491 καὶ
3740 1456 3871 1491 κατ-

2291 1524 2578 1578 αλλάσσων
2620 1526 2747 1586 τοὺς
2775 1525 3177 1596 διισταμένους,
3222 1528 3498 1598 ἀφορίζων
3524 1531 3668 1600 μετὰ
3691 1532 3872 1600 εὑκρι-

2294 1615 2414 1677 σίας
2447 1612 2505 1666 τὸ
2538 1614 2764 1683 βέϐηλον
2794 1616 2904 1669 ἀπὸ
2931 1614 3026 1668 τοῦ
3056 1618 3229 1684 ὁσίου,
3260 1618 3322 1671 τὸ
3350 1620 3493 1687 ὑγιὲς
3526 1621 3639 1673 ἀπὸ
3669 1621 3765 1675 τοῦ
3791 1638 3872 1673 νε-

2291 1705 2605 1776 νοσηκότος,
2636 1705 2711 1769 ὡς
2734 1706 2799 1759 ἂν
2827 1706 2899 1777 μὴ
2928 1708 3185 1779 μεταδοίη
3210 1708 3311 1779 τῆς
3328 1711 3528 1774 οἰκείας
3557 1714 3870 1784 ἀρρωστίας

2290 1797 2368 1869 τῷ
2423 1797 2821 1868 πλησιάζοντι*
2866 1800 2925 1852 τὸ
2981 1799 3337 1869 πλανώμενον
3386 1804 3769 1875 ἐπιστρέφων·
3813 1806 3869 1858 τὸ

2290 1891 2592 1960 ἡσθενηκδς
2656 1891 2919 1959 ἐνισχύων
2949 1908 2963 1922 ·
3005 1892 3065 1944 τὸ
3123 1894 3584 1964 συντετριμμένον
3648 1898 3868 1951 καταδε-

2292 1980 2528 2049 σμεύων.
2574 1981 2660 2044 Ὠς
2693 1981 2825 2033 πολύ
2862 1998 2955 2034 σου
2990 1981 3161 2045 ὅντως
3203 1983 3263 2035 τὸ
3299 1984 3496 2054 ἔργονι
3552 1987 3871 2056 ἡγουμένων

2292 2073 2600 2143 ἐπίσκεψις,
2652 2073 2962 2127 κελλιωτῶν
3008 2075 3303 2146 ἐπίκρισις,
3343 2077 3739 2149 πρεσϐυτέρων
3782 2082 3870 2132 καὶ

612 2163 934 2217 alilictorum
976 2162 1149 2226 ultio,
1200 2174 1583 2229 oppressorum
1619 2159 2009 2229 propugnatio;
2054 2160 2187 2229 quin

2297 2162 2552 2216 διακόνων
2579 2164 2971 2235 χειροτόνησις,
3001 2166 3096 2217 καὶ
3123 2165 3239 2235 βίου
3264 2166 3466 2220 τούτων
3496 2169 3723 2222 πάντων
3752 2172 3869 2223 ἐπι-

612 2253 778 2308 etiam
799 2251 1082 2319 dignitatis
1098 2248 1461 2304 conservatio.
1492 2250 1629 2312 Quia
1662 2250 1751 2303 ubi
1777 2250 1911 2303 nihil
1934 2258 2019 2305 est
2042 2251 2186 2320 quod

613 2344 872 2415 pietatem
916 2342 1074 2397 laadat
1122 2341 1207 2395 vel
1255 2340 1548 2410 impediat,
1594 2340 1787 2411 subjici
1833 2356 1934 2395 nos
1973 2356 2189 2411 quoque

613 2435 763 2490 omni
795 2434 1020 2503 imperio
1051 2445 1107 2488 et
1146 2432 1404 2502 potestati
1437 2442 1685 2502 oportet,
1724 2432 2189 2487 benevolentiam-

613 2541 722 2596 que
767 2535 1032 2595 perpetuo
1057 2565 1071 2589 ,
1126 2525 1171 2579 si
1210 2525 1326 2578 ﬁeri
1368 2532 1581 2593 potest,
1627 2523 1870 2578 omnium
1912 2524 2188 2588 retinere,

612 2626 864 2687 prompte
895 2632 958 2671 ac
998 2617 1232 2686 benigne
1262 2614 1586 2680 salutando,
1621 2631 1684 2669 ac
1724 2616 1984 2685 majorem
2024 2616 2188 2669 etiam

616 2710 882 2763 honorem
919 2708 1273 2762 redhibendo.
1305 2707 1459 2761 Absit
1493 2707 1637 2760 enim
1674 2715 1732 2759 ut
1756 2706 1823 2760 de
1860 2706 2191 2761 beatitudine

616 2810 708 2855 tua
755 2799 1036 2864 dicantur,
1084 2814 1206 2869 quae
1254 2798 1542 2851 contrariae
1602 2798 1865 2851 malorum
1913 2807 2189 2867 pastorum

616 2892 757 2961 parti
777 2891 1108 2945 conveniunt
1138 2891 1149 2943 l
1183 2890 1275 2960 qui
1301 2892 1471 2959 turpis
1488 2889 1695 2945 scilicet
1721 2889 1857 2943 lucri
1884 2890 2051 2960 gratia
2073 2905 2190 2960 gre-

618 2997 740 3053 gem
762 2991 1011 3051 pascunt,
1035 2983 1126 3052 qui
1151 2984 1219 3037 ad
1247 2983 1368 3036 vitae
1399 2982 1681 3036 commoda
1710 2981 2024 3052 dignitatem
2051 2981 2192 3036 hanc

619 3074 886 3136 referunt,
917 3073 983 3127 ad
1017 3074 1195 3128 carnis
1222 3073 1611 3135 laxamentum,
1642 3071 1707 3125 ad
1735 3072 2048 3141 cupiditatis
2074 3071 2190 3125 fru-

619 3180 787 3235 ctum,
818 3167 884 3221 ad
909 3166 1175 3218 lluxarum
1200 3178 1365 3232 opum
1398 3162 1851 3230 conquisitionem
1871 3201 1885 3225 ,
1922 3162 1988 3215 ad
2019 3162 2191 3231 pluri-

618 3275 833 3317 morum
893 3267 1050 3311 terra:
1103 3255 1354 3324 jugerum
1411 3251 1851 3321 possessionem,
1910 3252 2194 3322 gregisque

620 3365 902 3407 servorum
930 3362 993 3402 ac
1016 3347 1285 3416 pecudum
1308 3346 1583 3398 numerosi
1616 3361 1629 3397 :
1665 3344 1894 3414 ideoque
1915 3359 2023 3399 non
2055 3345 2192 3398 divi-

621 3446 728 3506 nis,
750 3440 845 3495 sed
868 3438 1119 3492 humanis
1139 3436 1349 3489 artibus
1371 3434 1438 3488 ad
1461 3432 1800 3504 praefectura:
1826 3434 2037 3488 culmen
2065 3448 2193 3503 pro-

622 3533 833 3596 siliunt,
853 3529 982 3584 utin
1004 3527 1249 3582 subditos
1293 3526 1646 3593 supercilium
1686 3526 1950 3589 attollant,
1985 3536 2040 3579 et
2067 3537 2193 3580 ante

624 3624 1000 3682 honoratiores
1039 3628 1359 3690 arroganter
1400 3618 1643 3672 sedeant.
1696 3618 1847 3673 Mitto
1889 3619 1956 3674 de
1988 3620 2090 3673 illis
2113 3619 2194 3673 di-

623 3731 769 3780 cere,
783 3715 873 3786 qui
896 3713 1292 3769 causidicorum
1312 3724 1461 3763 more
1480 3724 1577 3778 pro
1589 3709 1807 3764 caducis
1824 3710 1985 3763 rebus
2010 3710 2196 3763 decer-

623 3816 774 3871 tant,
816 3813 871 3859 et
916 3819 1014 3874 pro
1059 3802 1302 3857 veritatis
1349 3801 1693 3868 dogmatibus
1750 3816 1860 3854 non
1913 3800 2191 3855 resistunt.

625 3895 889 3966 Quodque
919 3893 1001 3947 bis
1030 3893 1187 3961 longe
1223 3890 1441 3962 gravius
1478 3899 1595 3955 est,
1627 3891 1695 3944 de
1723 3890 1788 3944 iis
1827 3890 1919 3960 qui
1950 3892 2196 3945 subdito-

623 4006 744 4044 rum
773 3992 911 4043 bona
938 3987 1174 4056 rapiunt,
1208 3994 1264 4037 et
1284 3993 1577 4052 cxsuguut,
1607 3983 1841 4052 indeque
1872 3985 2192 4052 potentiam,

623 4091 682 4137 et
710 4080 1102 4136 redundantem
1134 4091 1299 4144 opum
1340 4075 1550 4144 copiam
1582 4076 1947 4130 accumulant.
1986 4075 2195 4139 Quibus

623 4176 773 4230 enim
797 4181 855 4227 ut
883 4170 1171 4241 egentibus
1196 4182 1417 4221 manum
1444 4167 1641 4236 porrigi
1674 4183 1769 4237 par
1792 4176 1941 4231 erat,
1976 4166 2072 4219 hos
2104 4164 2197 4235 qui

625 4267 828 4321 sensim
871 4273 1104 4317 attcrere
1149 4274 1257 4313 non
1292 4260 1572 4324 dubitant,
1620 4260 1836 4313 cuinam
1871 4259 2076 4313 similes
2115 4258 2198 4313 di-

625 4356 855 4411 centur?
886 4354 1117 4409 Petrone
1139 4362 1194 4405 et
1216 4351 1411 4406 Joanni
1431 4391 1445 4415 ,
1486 4367 1783 4421 eorumque
1815 4352 2197 4412 sectatoribus,

625 4450 842 4519 quibus,
871 4446 965 4510 ait,
999 4453 1282 4515 argentum
1311 4452 1365 4497 et
1389 4458 1579 4497 aurum
1610 4458 1717 4497 non
1744 4453 1881 4508 erat,
1902 4443 1997 4497 sed
2027 4442 2198 4496 divini

627 4539 868 4610 Spiritus
907 4537 1113 4607 gratia?
1153 4551 1221 4588 an
1247 4534 1467 4589 -Simoni
1509 4534 1696 4603 Mago,
1741 4544 1797 4588 et
1830 4535 1983 4589 Judzc
2014 4535 2199 4604 prodi-

624 4632 751 4693 tori,
778 4641 833 4684 et
860 4628 1006 4683 Giezi
1043 4627 1243 4696 cupido
1270 4626 1535 4696 pecuniae,
1560 4641 1624 4679 ac
1651 4626 1874 4694 reliquis
1908 4626 2070 4693 liujus
2103 4641 2201 4678 sa:-

626 4723 735 4777 culi
764 4720 1060 4776 divitibus?
1085 4719 1158 4773 De
1189 4718 1255 4771 iis
1286 4727 1467 4771 autem
1495 4717 1639 4781 dico,
1671 4718 1762 4785 qui
1787 4717 1933 4786 quod
1959 4732 2199 4786 praesens

2290 2256 2558 2325 τήρησις-
2618 2257 2805 2326 χηρῶν
2858 2258 3186 2325 προστασία,
3244 2259 3495 2327 ὀρφανῶν
3554 2262 3866 2334 ἐπικουρία,

2292 2344 2784 2413 καταπονουμένων
2814 2345 3116 2413 ἐκδίκησις,
3145 2347 3516 2416 ἀδικουμένων
3543 2349 3867 2422 ὑπερμάχη-

2292 2450 2399 2497 σις,
2450 2436 2540 2486 καὶ
2577 2436 2763 2504 μέντοι
2794 2438 2889 2487 καὶ
2946 2437 3219 2507 ὑπεροχῆς
3262 2437 3603 2509 διατήρησις.
3649 2442 3867 2515 Ἐπειδὴ

2290 2525 2418 2578 ὅταν
2446 2525 2614 2595 μηδὲν
2710 2528 2769 2579 τὸ
2801 2526 3039 2595 βλάπτον
3073 2532 3167 2582 καὶ
3192 2529 3400 2583 κωλύον
3430 2534 3510 2596 είς
3535 2534 3865 2601 θεοσέϐειαν,

2293 2615 2696 2668 ὑποτάσσεσθαι
2756 2616 2852 2667 καὶ
2905 2618 3053 2685 ἡμᾶς
3113 2618 3260 2685 πάσῃ
3319 2620 3461 2688 ἀρχῇ
3518 2622 3613 2672 καὶ
3654 2622 3869 2693 ἐξουσίᾳ

2293 2706 2583 2775 προσήκει,
2646 2707 2740 2759 καὶ
2796 2706 3067 2774 φιλιάζειν
3119 2709 3205 2759 διὰ
3259 2709 3478 2770 παντὸς,
3520 2712 3570 2762 εί
3622 2711 3866 2777 δυνατὸν,

2294 2794 2431 2865 πρὸς
2459 2796 2702 2857 ἅπαντας
2739 2796 2828 2848 διὰ
2861 2795 2961 2862 τῆς
2992 2796 3353 2864 εὑμεταδότου
3403 2799 3496 2853 καὶ
3545 2800 3867 2872 φελοφρόνου

2292 2886 2593 2952 δεξιώσεως
2643 2886 2737 2939 καὶ
2767 2886 3189 2957 προεπιδόσεως.
3228 2889 3420 2960 Ἀπείη
3465 2892 3577 2959 γὰρ
3616 2895 3870 2962 περὶτῆς

2298 2979 2698 3049 μακαριότητός
2738 2995 2833 3032 σου
2875 2979 2940 3032 τὰ
2980 2979 3077 3048 τῆς
3107 2979 3357 3043 ἐναντίας
3394 2982 3610 3051 μερίδος
3640 2982 3752 3035 τῶν
3779 3001 3870 3035 κα-

2295 3072 2407 3126 κῶν
2454 3073 2728 3142 ποιμένων
2756 3071 3125 3141 διαγορεύεινί
3172 3066 3282 3127 οἷον
3320 3075 3428 3128 τῶν
3468 3077 3870 3147 αἰσχροκερδῶς

2298 3166 2693 3234 ποιμαινόντων
2731 3164 2790 3216 τὸ
2838 3165 3118 3233 ποίμνιον·
3152 3165 3261 3216 τῶν
3305 3165 3386 3227 είς
3441 3166 3698 3238 ἀφορμὴν
3757 3167 3869 3237 βίου

2294 3255 2661 3325 λογιζομένων
2707 3256 2804 3327 τὴν
2860 3256 3115 3326 τοιαύτην
3167 3254 3343 3321 ἀξίαν,
3394 3259 3489 3309 καὶ
3536 3261 3617 3320 εἰς
3674 3260 3869 3330 σαρκὸς

2296 3348 2622 3410 ἀνάπαυσιν,
2656 3348 2751 3399 καὶ
2789 3348 2867 3409 εἰς
2893 3348 3184 3417 ἐπιθυμίας
3219 3348 3539 3414 ἀπόλαυσιν,
3588 3351 3672 3414 είς
3706 3352 3871 3404 κατά-

2299 3438 2483 3507 σχεσίν
2510 3454 2567 3489 τε
2599 3436 2829 3489 πλούτου
2862 3438 2955 3488 τοὺ
2990 3438 3223 3505 ῥέοντος,
3264 3438 3358 3489 καὶ
3394 3440 3475 3502 είς
3523 3440 3722 3508 κτῆσιν
3747 3440 3869 3492 πλέ·

2298 3533 2442 3602 θρων
2471 3532 2571 3600 γῆς
2598 3530 2769 3584 τόσων
2816 3530 2909 3582 καὶ
2946 3530 3138 3592 τόσων,
3173 3530 3375 3597 ἀγέλης
3417 3547 3478 3582 τε
3521 3532 3871 3601 ἀνδραπόδων

2296 3625 2390 3677 καὶ
2423 3624 2785 3694 βοσκημάτων
2827 3621 3089 3693 πληθύος.
3125 3623 3233 3675 Καὶ
3266 3622 3353 3673 διά
3403 3621 3561 3674 τοῦτο
3601 3624 3871 3695 ἀνθρωπί-

2296 3735 2402 3779 νως
2446 3716 2541 3769 καὶ
2571 3718 2631 3770 οὑ
2674 3716 2869 3778 θεῖκῶς
2902 3713 3292 3785 ἐπιπηδῶντων
3322 3712 3398 3783 τῷ
3436 3712 3560 3782 ὕψει
3601 3715 3702 3785 τῆς
3748 3733 3873 3787 προ-

2298 3806 2546 3868 στασίας,
2584 3806 2660 3868 είς
2706 3806 2768 3857 τὸ
2823 3804 3138 3876 αἴρεινητὴν
3196 3803 3367 3874 ὀψρὺν
3404 3804 3545 3855 κατὰ
3590 3805 3700 3857 τῶν
3745 3806 3872 3859 ὑπο-

2297 3895 2618 3965 δεεστέρων,
2670 3896 2764 3949 καὶ
2806 3894 3241 3965 προκαθέζεσθαι
3282 3894 3526 3965 σοϐαρῶς
3578 3897 3721 3948 κατά
3768 3897 3871 3949 τῶν

2299 3988 2616 4058 ὑπερτίμων
2682 3988 2791 4040 Kal.
2830 3986 2904 4039 ἐῶ
2934 3986 3114 4053 λέγειν
3150 3987 3278 4051 περὶ
3312 3985 3420 4037 τῶν
3453 3984 3871 4055 διαμαχομένων

2302 4080 2389 4132 ίσα
2421 4080 2647 4133 καὶτῶν
2679 4079 2973 4132 δικανικῶν
3005 4079 3144 4148 ὑπὲρ
3170 4079 3278 4129 τῶν
3308 4077 3700 4145 ἀπολλυμένων
3734 4097 3869 4148 πρα-

2299 4172 2544 4237 γμάτων,
2570 4170 2662 4221 καί
2687 4170 2786 4221 οὑκ
2818 4167 3233 4235 ἀνθισταμένων
3268 4166 3408 4236 ὑπὲρ
3436 4164 3548 4217 τῶν
3582 4165 3682 4233 τῆς
3716 4168 3868 4219 εὑσε·

2300 4260 2451 4324 ϐείας
2500 4262 2787 4330 δογμάτων
2811 4275 2823 4287 ·
2850 4260 2907 4328 ἢ,
2956 4258 3017 4310 τὸ
3058 4258 3190 4309 πολὺ
3231 4260 3411 4327 χεῖρον
3451 4256 3660 4309 τούτων
3686 4297 3700 4321 ,
3748 4260 3869 4329 περὶ

2298 4354 2406 4406 τῶν
2434 4351 2806 4405 ὑποσπώντων
2830 4350 2923 4403 καὶ
2956 4347 3385 4410 ὑπωπιαζόντων
3416 4349 3483 4401 τὰ
3513 4349 3623 4401 τῶν
3650 4350 3867 4419 ὑποχει-

2303 4445 2453 4513 ρίων,
2470 4444 2577 4496 κάκ
2597 4442 2783 4494 τούτου
2810 4440 3266 4511 συναθροιζόντων
3288 4439 3514 4507 δύναμιν
3535 4441 3633 4492 καὶ
3660 4457 3869 4513 περιου-

2303 4534 2551 4603 σιασμόν.
2589 4526 2681 4595 Οἷς
2711 4536 2817 4602 γάρ
2856 4532 3055 4601 μᾶλλον
3114 4530 3220 4583 ἔδει
3278 4531 3436 4600 χεῖρα
3470 4530 3687 4599 ὀρέγειν
3720 4551 3869 4587 πενο-

2305 4627 2506 4694 μένοις,
2538 4624 2760 4687 τούτους
2791 4623 2935 4676 κατὰ
2961 4622 3153 4693 μικρὸν
3181 4621 3452 4675 ἐκθλίϐειν
3475 4622 3536 4674 οὗ
3570 4626 3869 4694 παραιτού-

2305 4735 2476 4787 μενοι,
2505 4716 2607 4767 τίνι
2632 4715 3098 4784 ὀμοιωθήσονταις
3146 4714 3336 4783 Πέτρῳ
3369 4713 3462 4765 καὶ
3506 4713 3728 4784 Ἰωάννῃ
3767 4713 3869 4785 ἄρα

626 4825 711 4869 est
740 4815 915 4869 solum
944 4853 960 4878 ,
1004 4821 1065 4867 ut
1099 4812 1229 4881 ipsis
1260 4812 1400 4865 bene
1440 4811 1545 4873 sit,
1598 4818 1881 4877 spectant;
1924 4808 2018 4878 qui
2050 4809 2195 4862 carni

2307 4810 2398 4863 καὶ
2438 4812 2552 4870 τοῖς
2591 4807 2811 4868 ὀπαδοῖς
2847 4805 3057 4857 αὐτῶν·
3091 4800 3192 4867 οἷς,
3244 4806 3430 4873 φησὶν,
3474 4805 3743 4875 ἀργύριον
3786 4811 3870 4859 καὶ

627 4907 918 4971 serviunt,
951 4912 1007 4958 et
1030 4904 1083 4958 in
1113 4919 1248 4957 auro
1280 4902 1515 4957 deﬁxum
1558 4916 1651 4954 cor
1685 4901 1887 4953 habent
1915 4919 1928 4952 :
1971 4900 2061 4969 qui
2095 4899 2204 4951 for-

632 5011 773 5054 tasse
799 5007 856 5052 et
885 4996 983 5066 ipsi
1020 4995 1359 5059 fenerautur,
1391 5002 1445 5046 et
1483 4991 1550 5047 ad
1586 5006 1807 5047 usuram
1836 4991 1970 5045 dant
1998 5005 2203 5061 paupe-

629 5095 783 5147 ribus
808 5133 823 5157 ,
846 5092 940 5161 qui
977 5091 1117 5145 bona
1158 5091 1226 5144 ad
1280 5088 1529 5158 proprias
1566 5088 1894 5158 cupiditates
1929 5086 2202 5146 retinent,

630 5195 795 5254 atque
838 5182 1077 5252 indignis
1118 5197 1184 5235 ex
1241 5181 1435 5234 vitioso
1473 5180 1705 5243 ell‘ectu,
1755 5179 1841 5232 vel
1885 5175 2205 5247 propinquis

633 5278 748 5333 suis
780 5284 1029 5345 er0gant.
1063 5274 1303 5339 Quorum
1334 5287 1462 5327 cura
1492 5272 1669 5326 omnis
1708 5271 1764 5325 in
1796 5287 1863 5325 eo
1897 5270 2079 5325 forsan
2121 5276 2204 5322 est

632 5370 829 5442 posita,
856 5378 915 5422 ut
942 5368 1107 5422 multa
1140 5376 1321 5420 serant
1348 5374 1682 5434 metamque,
1708 5374 1767 5418 ut
1795 5363 2028 5433 plurima
2051 5362 2204 5432 plan-

635 5469 753 5516 tent
779 5469 835 5514 et
865 5459 1139 5529 colligant,
1164 5466 1221 5510 ut
1248 5465 1483 5525 augeant
1515 5465 1571 5509 ct
1592 5453 1927 5522 amplificent
1956 5461 2201 5506 armenta

636 5562 799 5622 atque
832 5565 1051 5621 greges:
1089 5559 1344 5618 tanquam
1376 5546 1623 5618 agricola:
1663 5546 1920 5616 quidam,
1962 5553 2203 5613 tempora

637 5646 1009 5709 observantes,
1044 5652 1099 5696 et
1120 5640 1331 5695 lucrum
1366 5654 1429 5693 ex
1452 5638 1593 5710 vulgi
1623 5637 1847 5707 penuria
1882 5646 2162 5705 captantes
2183 5674 2198 5698 ,

710 5821 755 5853 ”
788 5820 962 5877 Ezech
1020 5834 1220 5883 xxxiv,
1258 5817 1311 5873 4.

2304 4903 2526 4972 χρυσίον
2568 4901 2668 4969 οὑχ
2717 4900 2983 4967 ὑπῆρχεν,
3034 4897 3148 4948 ἀλλ’
3185 4898 3218 4966 ἡ
3248 4896 3338 4949 τοῦ
3379 4895 3527 4949 θείου
3559 4899 3871 4966 Πνεύματος

2306 4994 2503 5061 χάρις;
2538 4991 2571 5059 ἧ
2609 4992 2812 5059 Σίμωνι
2856 4987 2935 5057 τῷ
2969 4988 3141 5056 Μάγῳ
3182 4987 3276 5040 καὶ
3312 4987 3482 5057 ’ἰούδα
3508 4990 3585 5057 τῷ
3624 4991 3869 5061 προδότῃ,

2306 5085 2399 5137 καὶ
2435 5084 2473 5135 Γ
2480 5081 2595 5153 ιεζῇ
2626 5082 2701 5150 τῷ
2732 5079 3076 5150 φιλαργύρῳ,
3108 5079 3200 5131 καὶ
3232 5081 3343 5140 τοῖς
3368 5079 3577 5141 λοιποῖς
3606 5080 3872 5142 πλουσίοις

2304 5174 2397 5226 τοῦ
2426 5173 2621 5235 αἰῶνος
2646 5171 2836 5225 τούτου
2863 5188 2876 5235 ;
2923 5169 3178 5222 Ἐκείνων
3206 5169 3263 5221 δὲ
3287 5168 3450 5235 λέγω,
3484 5168 3594 5222 τῶν
3616 5172 3680 5223 τὸ
3710 5170 3873 5239 παρὸν

2312 5264 2471 5333 μόνον
2499 5265 2644 5325 ὅπως
2678 5261 2861 5322 αὑτοῖς
2912 5255 2970 5313 εὖ
3022 5260 3133 5324 ἔξει
3168 5258 3534 5324 σκοπούντων,
3568 5263 3662 5313 καὶ
3708 5263 3874 5331 σάρκα

2310 5355 2745 5427 θεραπευόντων,
2772 5353 2866 5405 καὶ
2890 5351 2964 5421 τῷ
2995 5350 3177 5421 χρυσῷ
3208 5353 3273 5420 τῇ
3298 5350 3495 5420 καρδίᾳ
3522 5352 3874 5421 προστιθεμέ-

2309 5466 2435 5510 νων,
2469 5448 2559 5499 καὶ
2592 5446 2796 5498 τούτων
2831 5445 2962 5505 ἴσως
2987 5443 3331 5505 τοκιζόντων,
3360 5440 3391 5512 ἧ
3427 5444 3520 5494 ἐπὶ
3558 5442 3876 5511 πλεονασμῷ

2309 5538 2703 5605 διανειμάντων
2734 5538 2846 5598 τοῖς
2877 5534 3103 5595 ἐνδεέσι,
3132 5534 3227 5585 καὶ
3255 5532 3389 5603 πρὸς
3417 5532 3485 5585 τά
3516 5536 3699 5587 οἰκεῖα
3731 5533 3876 5602 θελή-

2316 5650 2462 5705 ματα
2522 5627 3039 5702 κατακρατούντων,
3094 5627 3187 5679 καὶ
3243 5626 3579 5697 προσπαθῶς
3621 5630 3736 5692 τοῖς
3790 5628 3878 5679 οὐκ
