4008 6318
173 362 285 422 949

1415 373 1946 430 EPISTOLARUM
1981 375 2123 430 LIB.
2167 375 2214 430 Ι.

3335 385 3436 444 950

167 475 374 539 ἀξίοις,
409 473 440 543 ἢ
474 475 586 536 τοῖς
614 473 1002 543 ἀγχιστεύουσι
1033 477 1350 547 χρωμένων.
1384 481 1593 542 Οἴτινες
1648 483 1757 550 ὅλης

1877 494 1935 536 ut
1984 485 2099 536 haec
2141 492 2195 534 et
2247 481 2333 534 illa
2378 482 2613 535 vendant
2651 484 2733 536 vcl
2777 496 2997 549 emant,
3047 487 3440 566 negotiatorum

169 565 441 637 φροντίδα
467 566 766 636 κέκτηνται
806 568 947 636 τάχα
981 569 1074 620 ἐπὶ
1103 569 1196 621 τοῦ
1231 572 1446 639 σπεῖραι
1474 573 1643 624 πόλλά
1672 576 1763 626 καὶ

171 659 292 727 άμή
309 657 529 723 σασθαι,
559 661 649 711 καὶ
677 660 770 711 ἐπὶ
797 658 889 712 τοῦ
927 661 1190 727 φυτεῦσαι
1222 661 1460 741 τοσαῦτα
1496 664 1590 715 καὶ
1625 682 1760 735 καρ-

170 749 492 811 πώσασθαι,
527 753 622 804 καὶ
673 753 765 804 ἐπὶ
819 751 911 804 τοῦ
977 754 1295 822 προσθεῖναι
1348 757 1443 808 καὶ
1494 756 1762 825 πληθύναι

172 842 442 911 βουκόλια
467 842 500 911 ἢ
534 842 760 911 ποίμνια
783 857 795 870 ’
827 842 1016 912 ὥσπερ
1041 844 1185 906 τινὲς
1215 845 1454 915 γεωργοῖ⁵
1476 863 1764 916 καιροσκο-

172 933 413 995 ποῦντες
441 935 532 986 καὶ
559 935 1216 1005 καταπραγματευόμενοι
1249 936 1346 998 τὰς
1388 936 1593 998 ἐνδείας
1624 937 1762 1007 πρὸς

169 1029 233 1080 τὸ
263 1027 470 1080 πωλεῖν
497 1029 590 1079 καὶ
617 1027 906 1097 ἀγοράζειν
930 1027 1103 1081 ταῦτα
1136 1029 1229 1081 καὶ
1253 1030 1464 1095 ἐκεῖνα,
1503 1047 1761 1101 πραγμα-

171 1121 450 1182 τευτικῶς
490 1120 583 1172 καὶ
625 1119 937 1188 ἐμωρικῶς
973 1122 1138 1174 οἱονεὶ
1174 1123 1603 1194 πολιτευόμενοι,
1644 1123 1759 1178 ἀλλ’

172 1216 275 1266 οὑκ
313 1213 690 1275 ἐπισκοπικῶς
722 1213 816 1265 καὶ
853 1213 1165 1284 ἱερατικῶς·
1191 1216 1326 1286 πρὸς
1349 1217 1410 1269 τὸ
1438 1218 1601 1287 μόνον
1629 1235 1761 1270 πτε-

178 1307 360 1377 ρῶσαι
396 1304 574 1374 ψυχὴν
611 1306 702 1358 καὶ
741 1305 982 1375 ἁρπάσαι
1028 1306 1234 1376 κόσμου
1271 1310 1365 1362 καὶ
1404 1309 1586 1363 δοῦναι
1617 1309 1756 1380 Θεῷ,

174 1403 272 1454 καὶ
303 1399 430 1453 ὅλον
465 1400 526 1450 τὸ
554 1399 803 1469 ποίμνιον
828 1389 1194 1454 διασώσασθαῖ
1225 1404 1287 1454 ἐκ
1315 1402 1545 1457 θανάτου
1577 1404 1757 1474 ἀμαρ-

173 1496 331 1556 τίας,
371 1491 468 1543 καὶ
502 1489 674 1552 οὕτως
706 1490 845 1544 κατά
874 1491 1124 1560 δεύτερον
1158 1493 1315 1560 λόγον
1350 1495 1442 1547 καὶ
1468 1495 1536 1547 τὰ
1568 1496 1759 1562 ἐπιτή-

171 1585 290 1635 δεια
329 1581 432 1650 τῆς
476 1579 756 1651 παρούσης
795 1579 938 1650 ζωῆς
975 1580 1041 1632 δι’
1071 1581 1366 1650 οἰκονόμων
1413 1583 1506 1635 καὶ
1540 1584 1759 1651 ἐπιτρό-

175 1690 296 1726 πων
347 1669 693 1740 πορίζεσθαι.
738 1671 878 1722 Ἀλλ’
913 1671 1036 1722 ούαί
1079 1689 1188 1740 μοι,
1220 1673 1301 1724 ὅτι
1334 1673 1556 1743 ἐμαυτῷ
1585 1673 1758 1727 ταῦτα

176 1762 470 1825 κατέλεξα,
514 1763 577 1813 ἐκ
614 1761 724 1813 τῶν
765 1762 980 1813 οἰκείων
1020 1762 1208 1815 παθῶν
1250 1763 1317 1815 τά
1353 1764 1451 1815 οὑκ
1481 1764 1608 1818 ὅντα
1646 1769 1757 1830 τοῖς

173 1857 360 1917 ἄλλοις
388 1854 845 1924 διαγραφόμενος.
881 1853 952 1906 Σὺ
981 1854 1058 1917 δὲ,
1086 1848 1130 1906 ὦ
1159 1855 1532 1926 πανσεῦάσμιε
1559 1860 1760 1929 Πάτερ,

176 1946 426 2015 καθαρὸς
475 1944 552 1996 ὢν
603 1944 709 1996 ἀπὸ
752 1945 860 1997 τῶν
889 1946 1167 2011 τοιούτων,
1207 1949 1328 2009 ταῖς
1363 1950 1535 2018 ἱεραῖς
1579 1951 1765 2018 εὐχαῖς

173 2041 303 2102 τοὺς
339 2039 570 2107 νοητοὺς
592 2037 789 2100 λύκους
814 2039 1144 2106 ἀποσοὸοίηζ
1175 2042 1237 2092 ἐκ
1262 2041 1362 2110 τῆς
1383 2044 1768 2112 Χριστοσφρα-

177 2130 371 2195 γίστου
401 2125 682 2189 ἐπαύλεως
715 2145 828 2180 σου.
852 2127 926 2179 Εὖ
949 2123 1042 2181 οἷδ’
1067 2129 1151 2181 ὅτι
1177 2130 1267 2180 καὶ
1302 2131 1450 2181 ταῦτ’
1474 2131 1646 2198 ἄγοις,
1678 2132 1771 2183 καὶ

176 2221 452 2287 ὃιεξάγοις
500 2221 580 2281 εἰς
621 2218 687 2271 τὰ
715 2220 891 2290 χωρία
925 2219 1032 2272 τῶν
1063 2221 1295 2288 ἀρετῶν,
1353 2222 1634 2291 ἐκτρέφων
1671 2222 1766 2274 καὶ

178 2313 443 2364 λιπαίνων
474 2313 540 2380 τῇ
570 2310 676 2379 πόᾳ
712 2309 808 2377 τῆς
837 2308 1108 2378 ἐμμελοῦς
1144 2326 1238 2360 σου
1268 2309 1636 2374 διδασκαλίας,
1671 2311 1766 2364 καὶ

177 2405 254 2473 τῷ
287 2405 443 2456 ’ύδατι
493 2406 592 2472 τῆς
639 2401 883 2471 καθαρᾶς
921 2401 1157 2464 πίστεώς
1197 2417 1289 2453 σου
1312 2417 1324 2429 ·
1383 2402 1475 2454 καὶ
1506 2403 1766 2456 ἑκάστοτε

179 2497 487 2563 προσάγοις
521 2495 736 2561 θύματα
765 2494 934 2544 δεκτά
961 2495 1081 2554 ταῖς
1115 2493 1360 2558 λογικαῖς
1386 2510 1478 2547 σου
1502 2494 1594 2546 καὶ¹
1618 2495 1766 2562 ἡγνι-

181 2588 411 2654 σμέναις
454 2585 528 2653 τῷ
575 2584 693 2653 Θεῷ
745 2583 1053 2654 λατρείαις·
1109 2584 1246 2636 ἀλλά
1296 2586 1413 2646 ταῖς
1457 2585 1761 2653 ἱκετηρίαις

1866 575 2044 642 potius
2076 583 2546 643 mercatorumque
2581 574 2686 628 ritu
2719 575 2988 641 viventes,
3022 592 3183 646 quam
3209 587 3289 642 ut,
3325 583 3442 648 epi-

1865 682 2150 736 scoporum
2184 675 2238 719 et
2267 667 2605 722 sacerdotum
2641 683 2812 731 more,
2844 671 3053 723 animas
3091 679 3303 725 tantum
3338 687 3438 726 ex-

1864 761 2068 823 citent,
2100 761 2412 828 mundoque
2450 769 2664 829 ereptas
2710 761 2939 816 reddant
2980 763 3124 828 Deo,
3169 774 3224 818 et
3267 774 3440 818 totum

1866 867 2086 922 gregem
2131 867 2160 905 a
2207 853 2412 921 peccati
2461 862 2635 906 morte
2674 853 2997 909 vindicent:
3039 863 3154 908 tum
3199 855 3443 910 secundo

1863 943 2058 996 deinde
2080 942 2202 995 loco
2238 943 2539 997 necessaria
2567 943 2688 998 vita?
2717 945 2882 1014 hujus
2911 942 3151 1000 subsidia
3184 961 3279 1015 per
3303 961 3445 1000 ueco-

1864 1046 2053 1084 nomos
2072 1041 2555 1101 procuratoresque
2581 1035 2942 1102 suppeditent.
2967 1034 3070 1088 Sed
3092 1035 3194 1089 heu
3214 1036 3328 1089 me!
3349 1033 3441 1104 qui

1864 1124 1997 1177 mihi
2026 1123 2126 1193 ipsi
2147 1125 2262 1178 haec
2285 1139 2467 1187 narro,
2487 1139 2552 1178 ex
2580 1126 2817 1194 propriis
2845 1127 2991 1179 vitiis
3015 1141 3076 1181 ea
3092 1142 3212 1196 quae
3243 1127 3295 1179 in
3325 1126 3443 1180 aliis

1863 1231 1970 1269 non
2012 1223 2138 1268 sunt
2171 1215 2502 1269 describens.
2530 1215 2610 1268 'l‘u
2651 1231 2799 1280 vero,
2835 1215 3214 1270 colcndissime
3252 1214 3438 1280 Pater,

1861 1322 1984 1360 enm
2015 1307 2270 1361 omnibus
2302 1306 2389 1360 his
2417 1321 2621 1371 careas,
2650 1309 2818 1362 sacris
2847 1308 3099 1377 precibus
3135 1308 3442 1378 spirituales

1861 1399 2016 1467 lupos
2042 1414 2070 1451 a
2103 1398 2271 1468 septis
2309 1398 2416 1453 tuis
2442 1399 2640 1453 Christi
2673 1401 2873 1454 annulo
2901 1401 3196 1473 obsignatis
3215 1402 3438 1472 expelle.

1865 1489 1932 1544 Et
1972 1490 2192 1559 quidem
2249 1492 2350 1546 hoc
2387 1492 2532 1560 agis,
2588 1506 2690 1546 nec
2727 1507 2814 1547 me
2848 1493 3015 1559 latet,
3065 1495 3354 1564 educisque
3385 1495 3439 1548 in

1863 1596 2085 1651 campos
2107 1582 2387 1645 virtutum,
2420 1597 2648 1650 pascens
2680 1593 2735 1638 et
2759 1584 3103 1655 impinguans
3126 1586 3293 1640 herba
3320 1603 3442 1640 sua-

1861 1675 1942 1728 vis
2012 1675 2275 1729 doctrina!
2335 1685 2479 1738 tute,
2522 1684 2574 1729 et
2638 1691 2773 1745 aqua
2827 1679 3053 1733 sincerae
3109 1677 3232 1734 fidei
3275 1688 3378 1733 tua:
3427 1697 3438 1731 :

1861 1766 2188 1833 assidueque
2211 1765 2376 1820 oll‘ers
2403 1767 2764 1835 acceptabiles
2789 1768 3012 1833 hostias,
3041 1785 3138 1840 per
3155 1771 3443 1825 rationales

1869 1865 1925 1908 et
1953 1862 2299 1908 consecratos
2325 1852 2434 1907 Dco
2469 1855 2664 1909 t-ultus.
2695 1856 2836 1922 Quin
2869 1858 3275 1927 precationibus
3306 1874 3444 1926 pra:-

1873 1952 2099 1997 vertens
2124 1982 2139 2006 ,
2186 1958 2347 2011 pasce
2380 1959 2465 1996 me
2498 1960 2712 2013 quoque
2745 1946 2888 2000 vitiis
2925 1949 3269 2016 peceatisque
3297 1949 3444 2001 obsi-

1876 2045 1990 2088 tum
2017 2075 2031 2098 ,
2075 2049 2169 2088 oro
2200 2041 2254 2087 et
2292 2035 2572 2097 obtestor;
2626 2046 2681 2090 et
2720 2037 2956 2108 ignosce,
2981 2039 3024 2092 si
3058 2040 3150 2093 tibi
3177 2040 3343 2093 risum
3375 2056 3439 2094 ex

1875 2127 2142 2195 imperitia
2168 2143 2285 2180 mea
2317 2127 2478 2180 movi.
2513 2128 2628 2181 Non
2659 2129 2804 2183 enim
2833 2146 2951 2184 mea
2995 2143 3208 2202 sponte,
3234 2135 3326 2188 sed
3353 2150 3442 2190 co-

1877 2229 2028 2273 actus
2053 2234 2204 2272 sacra
2228 2230 2280 2271 et
2299 2220 2562 2287 spirituali
2582 2221 2844 2276 charitate
2864 2223 3061 2288 tua,vel
3076 2225 3254 2293 potius
3271 2226 3441 2295 impe-

1865 2311 1970 2370 rio,
1999 2311 2105 2363 huc
2139 2310 2415 2376 descendi,
2439 2327 2546 2363 non
2580 2311 2644 2365 ad
2676 2313 3120 2368 utilitatemtuam
3147 2317 3440 2384 quidquam

1864 2400 2060 2453 cll'atus
2083 2439 2096 2462 ,
2133 2399 2227 2453 sed
2254 2398 2320 2452 ad
2356 2401 2632 2467 specimen
2655 2441 2667 2464 ,
2696 2409 2754 2455 ut
2775 2403 2882 2457 dixi
2908 2446 2923 2469 ,
2950 2404 3176 2459 sincerae
3214 2421 3336 2475 erga
3390 2413 3442 2458 te

1863 2489 2209 2544 obedientim.
2246 2487 2376 2541 Vale
2417 2488 2470 2541 in
2506 2489 2733 2546 Domino
2783 2508 2882 2561 pro
2926 2494 3086 2549 nobis
3120 2511 3282 2550 orans
3308 2536 3322 2557 ,
3347 2498 3440 2565 qui

1863 2582 1958 2634 soli
1988 2589 2298 2649 peccatores
2317 2595 2527 2642 sumus,
2546 2579 2707 2635 Pater
2728 2585 2780 2636 in
2808 2585 3059 2641 omnibus
3074 2588 3437 2641 sanctissime.

181 2677 535 2750 προφθάνων,
567 2674 876 2741 ποιμαίνοις
913 2675 1058 2743 κάμὲ
1094 2676 1184 2727 τὸν
1223 2674 1666 2744 τληπαθέστατον
1717 2675 1810 2726 καὶ
1849 2671 2326 2741 πολυαμάρτητον,
2357 2669 2546 2740 δέομαι
2580 2673 2676 2726 καὶ
2724 2675 3007 2739 ἀντιδολῶ,
3043 2678 3138 2730 καὶ
3167 2677 3440 2745 σύγγνωθι

183 2779 233 2830 εῖ
269 2792 321 2828 τι
373 2771 608 2840 ὦφλησα
659 2770 870 2837 γέλωτά
928 2787 1008 2822 σοι
1064 2770 1303 2839 ἀμαθίας
1361 2787 1482 2839 μου.
1529 2769 1674 2839 Πλὴν
1717 2770 1795 2821 ὅτι
1853 2768 1954 2836 οὑχ
1995 2766 2158 2830 ἑκὼν,
2210 2763 2322 2818 ἀλλ’
2353 2765 2663 2830 ἐκϐιασθεὶς
2713 2769 2818 2822 ὑπὸ
2857 2771 2955 2841 τῆς
3010 2772 3159 2841 ἱερᾶς
3201 2789 3296 2826 σου
3347 2778 3440 2826 καὶ

183 2863 567 2936 πνευματικῆς
624 2862 884 2930 ἀγάπης,
955 2862 1153 2930 μᾶλλον
1204 2863 1262 2914 δὲ
1308 2863 1632 2925 κελεύσεως,
1680 2860 1901 2929 καθῆκα
1955 2859 2195 2928 ἐμαυτὸν
2247 2858 2327 2920 είς
2380 2857 2558 2911 τοῦτο.
2615 2860 2689 2912 Οὑ
2747 2863 2882 2932 πρὸς
2935 2862 3122 2934 ὄνησίν
3164 2865 3259 2918 σού
3318 2883 3439 2918 τινα

183 2959 562 3029 φθεγξάμενος
588 2972 602 2986 ο
638 2953 778 3010 ἀλλά
820 2955 956 3026 πρὸς
994 2951 1241 3015 ἔνδειξιν,
1285 2953 1356 3016 ὼς
1391 2955 1630 3024 είρηται,
1670 2951 1916 3017 ὑπακοῆς
1951 2947 2314 3018 ἀνυποκρίτου
2354 2962 2469 2999 σου.
2507 2949 2758 3021 Ἐρῤωσο
2790 2954 2847 3006 ἐν
2887 2954 3097 3024 Κυρίῳ,
3141 2955 3441 3025 ὑπερευχό.

187 3070 343 3123 μενος
418 3051 577 3121 ἡμῶν
630 3051 738 3102 τῶν
804 3051 978 3119 μόνων
1030 3047 1392 3119 ἁμαρτωλῶν,
1446 3047 1514 3099 τά
1542 3048 1720 3100 πάντα
1757 3041 2022 3098 ὁσιώτατε
2059 3043 2260 3114 Πάτερ.

427 3210 529 3263 IB'.
561 3240 630 3249 ——
659 3207 828 3277 Θωμᾷ
853 3207 1162 3271 δισυπὰτῳ
1193 3205 1327 3277 (15).
1381 3204 1541 3278 [κζ⁹.]

255 3347 388 3400 Ποία
417 3343 746 3414 πρόσρησις,
778 3343 811 3412 ἢ
854 3343 936 3404 τίς
977 3341 1132 3409 λόγος
1165 3341 1561 3410 παρακλήσεως
1602 3339 1758 3409 εὑρε-

184 3439 298 3507 θείη
331 3437 474 3507 πρὸς
505 3433 662 3504 ἡμῶν
694 3433 800 3485 τῶν
833 3433 1104 3485 ταπεινῶν
1129 3434 1193 3501 τῇ
1221 3434 1284 3501 σῇ
1318 3431 1598 3499 κυριότητι
1628 3431 1761 3500 πρὸς

183 3529 248 3581 τὶι
281 3529 474 3580 ἐνόντα
511 3527 650 3594 αὐτῇ
677 3523 917 3592 λυπηρὰ,
949 3517 993 3575 ὦ
1024 3522 1292 3585 δέσποτα;
1331 3521 1628 3591 Ἑξενώθης
1661 3522 1759 3589 τῆς

183 3618 556 3686 ἐνεγκαμένης
592 3633 648 3667 σε
681 3618 772 3667 καὶ
797 3615 1076 3683 θρεψάσης
1108 3613 1349 3675 πόλεως·
1383 3611 1761 3682 ἀπεστερήθης

184 3712 279 3779 τῆς
329 3709 598 3780 μεγίστης
649 3707 866 3768 ἑστίας·
912 3705 1314 3774 ἀπεγυμνώθης
1354 3705 1454 3773 τῆς
1501 3704 1760 3772 λαμπρᾶς

185 3804 356 3867 ἀξίας,
396 3801 695 3873 προσθήσω
711 3800 787 3862 δὲ,
821 3799 914 3850 καὶ
942 3800 1040 3866 τῆς
1081 3796 1367 3865 ὑπάρξεως
1391 3812 1402 3823 ·
1438 3793 1760 3861 omnem;

186 3897 288 3948 τῶν
319 3896 511 3963 φίλων,
541 3893 650 3944 τῶν
681 3891 941 3961 συνήθων,
979 3890 1085 3941 τῶν
1110 3888 1380 3957 φιλτάτων
1411 3905 1502 3938 σου
1530 3887 1754 3937 τέκνων·

187 3985 571 4057 ὑπερωρίσθης
601 3977 702 4035 ὧδε
731 3983 952 4035 κάκεῖσε
976 3998 988 4010 ’
1034 3981 1103 4032 τά
1128 3981 1182 4032 δὲ
1207 3980 1303 4049 τῆς
1332 3978 1624 4049 ὑπερορίας
1658 3977 1757 4029 ὅσα

187 4078 261 4138 εἰς
304 4077 678 4129 κακοπάθειαν
707 4075 784 4143 τῷ
818 4074 970 4143 ἀήθει
1001 4089 1094 4124 σου
1133 4070 1366 4140 σώματι,
1409 4069 1583 4122 ἔνδεια
1619 4069 1755 4138 βρω-

188 4170 388 4236 μάτων,
416 4170 703 4238 πομάτων,
733 4166 993 4234 λούτρων,
1033 4164 1237 4233 ἐρημία
1282 4160 1632 4230 ὁμιλούντων,
1665 4159 1756 4209 εὑ-

188 4262 346 4329 πορία
368 4258 973 4332 προσεπεμϐαινόντων,
1010 4255 1523 4326 προσπλησσόντων.
1557 4253 1619 4304 Ol
1651 4251 1757 4321 γάρ

187 4371 310 4405 ποτε
356 4351 700 4420 εὑγνώμονες
737 4349 829 4400 νῦν
864 4349 991 4409 ἴσως
1033 4345 1366 4414 ἀγνώμονες,
1402 4344 1493 4396 καὶ
1531 4344 1578 4394 οί
1611 4343 1756 4411 φίλοι

187 4448 275 4498 καὶ
303 4445 574 4513 γνώριμοι
607 4440 992 4508 τετράφθωσαν
1020 4438 1089 4491 τά
1119 4437 1408 4506 πρόσωπα,
1451 4436 1482 4506 ἢ
1524 4434 1754 4503 ἐγγύθεν

1785 3173 1827 3229 (³
2219 3205 2335 3260 xu.
2365 3205 2567 3259 Thomw
2597 3205 2671 3260 bis
2698 3206 2896 3260 consuli
2924 3206 3086 3276 (15*).

1933 3337 2120 3402 Qualis
2151 3339 2495 3408 compellatio
2515 3379 2528 3403 ,
2573 3350 2668 3394 aut
2710 3341 3018 3409 cuiusmodi
3048 3341 3440 3395 consolationis

1865 3443 1970 3483 vox
2014 3429 2143 3492 tibi.
2206 3429 2459 3493 domine,
2517 3431 2585 3486 ab
2643 3431 2938 3487 humilibus
2997 3432 3154 3486 nobis
3206 3432 3438 3486 inveniri

1863 3527 2044 3586 queat,
2071 3519 2138 3573 ad
2164 3519 2340 3573 tristia
2369 3520 2484 3574 haec
2517 3522 2654 3574 mala
2678 3538 2798 3590 quae
2824 3521 3091 3577 sustines?
3124 3521 3357 3576 Exactus
3381 3537 3438 3575 es

1863 3625 1891 3662 a
1926 3610 2144 3663 civitate
2186 3626 2308 3679 quze
2341 3620 2393 3665 te
2438 3613 2625 3682 genuit
2659 3623 2715 3667 et
2768 3614 3058 3678 educavit;
3103 3615 3347 3685 privatus
3377 3631 3437 3670 es

1863 3701 2195 3770 amplissima
2234 3702 2431 3767 domo;
2479 3704 2742 3772 spoliatus
2780 3720 2838 3759 es
2891 3707 3086 3760 illustri
3135 3707 3394 3777 dignitate
3420 3748 3434 3771 ,

1861 3794 2055 3847 addam
2090 3794 2252 3847 etiam
2277 3835 2291 3860 ,
2319 3796 2594 3865 Opulentia
2622 3814 2636 3863 ;
2672 3809 2985 3868 segregatus
3016 3813 3074 3853 es
3111 3800 3178 3854 ab
3210 3800 3399 3854 amicis
3419 3843 3432 3864 ,

1860 3903 1889 3939 a
1921 3886 2295 3952 familiaribus,
2320 3904 2348 3942 a
2380 3888 2714 3944 eharissimis
2766 3891 2953 3945 liberis
2995 3891 3122 3951 tuis.
3155 3892 3304 3946 exsul
3330 3893 3436 3946 huc

1859 3980 1985 4033 illuc
2015 3981 2223 4034 delatus
2251 3997 2343 4034 es:
2375 3982 2427 4034 in
2451 3982 2639 4035 exsilio
2665 3992 2845 4036 autem
2872 3983 3007 4037 nihil
3033 3999 3141 4038 non
3171 3985 3235 4038 ad
3267 4001 3427 4038 vexa-

1862 4073 2068 4125 tionem
2107 4084 2480 4142 eomparatum
2518 4075 2730 4144 corpori
2784 4084 2878 4129 tuo
2917 4075 3142 4131 minime
3177 4086 3429 4144 assueto,

1859 4163 2086 4231 penuria
2119 4164 2254 4226 eihi,
2286 4174 2467 4233 potus.
2499 4166 2844 4229 balneorum,
2875 4168 3110 4222 solitudo
3143 4170 3429 4235 sodalium,

1857 4252 2160 4321 frequentia
2194 4253 2518 4307 irruentium
2540 4295 2553 4319 ,
2589 4255 2989 4310 insultantium.
3023 4258 3126 4323 Qui
3155 4260 3302 4312 enim
3347 4259 3435 4313 be-

1858 4345 2035 4397 nevoli
2071 4344 2199 4397 olim
2231 4356 2406 4409 erant,
2441 4363 2586 4399 nunc
2619 4346 2756 4401 forte
2793 4347 2974 4402 infesti
3003 4366 3016 4413 ;
3054 4360 3110 4403 et
3149 4351 3240 4419 qui
3268 4350 3428 4404 amici

1859 4437 2102 4503 notique,
2145 4446 2461 4490 averterunt
2518 4438 2681 4492 facies
2710 4455 2874 4505 suas,
2925 4451 3016 4494 aut
3073 4444 3294 4512 propius
3336 4453 3430 4497 aut

187 4538 215 4604 ἢ
247 4536 518 4606 μακρόθεν
558 4534 709 4596 ὄντες
741 4532 848 4584 ἀπὸ
874 4531 964 4583 τοῦ
999 4529 1287 4600 γνωρίζειν
1332 4530 1422 4581 καί
1453 4529 1626 4596 φιλεῖν
1658 4527 1752 4580 καὶ

1863 4525 2066 4594 longius
2094 4525 2276 4594 positi,
2309 4542 2378 4580 ne
2407 4538 2738 4598 agnoscant,
2773 4531 2857 4583 vel
2887 4541 3072 4584 ament
3096 4572 3109 4596 ,
3156 4542 3210 4586 et
3243 4547 3425 4585 curam

188 4627 455 4694 κήδεσθαι.

250 4741 471 4808 Φροντὶς
547 4737 642 4788 ἐπὶ
693 4734 903 4796 τούτοις
982 4732 1092 4783 τῶν
1150 4732 1229 4784 ἐτι
1285 4732 1749 4800 ἐπιλελειμμένων

189 4831 470 4899 ὑπηρετῶν
493 4829 717 4891 δούλων,
751 4831 843 4879 καὶ
862 4825 968 4896 πρό
990 4841 1052 4891 γε
1085 4823 1289 4875 τούτων
1313 4823 1418 4874 τῶν
1448 4821 1748 4875 καλλίστων

1859 4626 2067 4685 gerant.

1929 4733 2008 4786 Ad
2046 4734 2160 4786 lime
2188 4733 2490 4788 sollicitudo
2519 4750 2705 4789 eorum
2738 4737 2828 4806 qui
2861 4739 3039 4792 adhuc
3069 4749 3294 4799 restant,
3346 4739 3423 4792 fa-

1857 4825 2148 4890 mulorum,
2180 4841 2492 4882 servorum.
2528 4835 2616 4893 ct,
2673 4839 2800 4884 ante
2834 4846 3051 4896 omnes,
3084 4830 3422 4901 egregiorum

1690 5015 1924 5071 NOTAE.

222 5165 328 5232 (15)
345 5161 1239 5232 ΘωμᾷὃισυπιὶτῳἹΙιρυιιιιξιηεξ
1255 5160 1319 5213 ad
1340 5175 1482 5212 amtu
1495 5159 1596 5232 1]ιὸ
1613 5157 1748 5212 Leo-

189 5249 217 5285 n
243 5255 265 5285 δ
279 5229 885 5320 Purphyrogennﬁéan
902 5230 1156 5320 é650§1d£5t
1173 5229 1566 5320 τῶννηστειῶν
1582 5232 1749 5320 ἐκτρα-

187 5304 316 5373 τήθη
341 5299 492 5355 Λέων
527 5299 588 5353 τε
618 5301 707 5351 καὶ
740 5299 940 5373 Θωμᾶς
984 5299 1440 5373 κουϐικουλάριοι·
1480 5300 1574 5351 καὶ
1603 5299 1747 5353 οὗτοι

189 5369 424 5425 οὖν’καὶ
479 5373 691 5440 ἑτέροις
733 5371 1015 5422 εὑλαϐἐσιν
1043 5369 1321 5440 ἀνδράσιν,
1375 5369 1451 5440 ὡς
1509 5386 1748 5438 προσκυ-

187 5442 394 5504 νοῦντες
434 5444 532 5503 τὰς
563 5437 726 5506 ἁγίας
753 5441 848 5509 καὶ
888 5440 1094 5509 σεπτάς
1125 5439 1367 5509 εἰκόνας·
1401 5437 1575 5509 Media
1610 5442 1749 5509 jeju-

187 5513 382 5564 niorum
407 5512 730 5563 hebdomade
768 5508 867 5560 Leo
895 5520 938 5561 et
965 5508 1191 5560 Thomas
1237 5507 1569 5569 cubicularii,
1593 5507 1746 5574 quasi

188 5592 385 5633 sanctas
412 5597 460 5633 et
493 5579 816 5634 venerandus
849 5581 1102 5647 imagines
1128 5579 1432 5638 coluissent,
1467 5594 1584 5629 cum
1619 5580 1744 5630 aliis

190 5651 436 5718 religiosis
469 5653 596 5702 viris
623 5650 972 5716 comprehensi
1001 5657 1142 5699 situt.
1179 5647 1307 5699 Item
1339 5656 1530 5701 auctor
1567 5651 1745 5718 ωροτε

188 5717 400 5788 tus,qui
424 5719 744 5786 Theophani
779 5721 1102 5786 sttbjnnetns
1123 5726 1206 5767 est
1233 5735 1244 5768 :
1273 5733 1396 5785 pag.
1428 5719 1530 5771 440
1556 5735 1602 5771 c.
1640 5717 1745 5770 Καί

187 5803 260 5852 τις
290 5791 482 5859 Θωμᾶς
508 5790 797 5858 πατρίκιος
843 5790 949 5841 ἀπὸ
982 5789 1295 5840 dmonitus-1
1341 5789 1652 5858 γενόμενος,
1689 5788 1744 5849 ὃς

1856 5159 1972 5238 ῖὸτε
2144 5159 2471 5238 Ἐκικλησίαν
2510 5162 2818 5238 παρ-ἐλαϐεν
2857 5165 2964 5218 ἀπὸ
3001 5167 3104 5238 ,τοῦ
3157 5170 3422 5238 βασιλέως

1854 5229 2160 5306 ἀσφαλίσας
2191 5231 2299 5306 τάςῄ
2332 5229 2510 5306 πύλας
2531 5229 3093 5306 ⁸τούαιτςαιιριαρχείου,
3123 5229 3422 5304 ἀπεδίιῦξεν

1853 5299 2070 5362 αὑτοὺς,
2109 5299 2188 5376 ὡς
2208 5299 2370 5376 δῆθεν
2398 5301 2492 5352 τού
2526 5299 2984 5376 βασιλέωξχωρΐς
3000 5308 3173 5362 ταῦτα
3198 5299 3420 5364 ποιούνο

1851 5384 1971 5446 τας,
1999 5379 2104 5423 etc.
2138 5369 2262 5446 illam
2285 5369 2533 5446 _Tltomas
2551 5372 2759 5446 quidam
2780 5369 3032 5446 patricius
3047 5379 3124 5431 bis
3148 5385 3416 5446 exconsul,

1851 5438 1939 5504 qui
1969 5448 2091 5489 tunc
2115 5440 2246 5490 velut
2278 5438 2608 5506 imperatoris
2624 5438 2788 5508 jussu.
2824 5486 2838 5506 ,
2876 5444 3169 5500 Ecclesium
3228 5438 3410 5504 tntan-l

1851 5508 1973 5558 dum
1998 5520 2312 5572 susceperat,
2341 5511 2505 5576 portis
2539 5512 2848 5576 patriarchii
2877 5518 3102 5569 occlusis
3130 5535 3216 5571 eos
3248 5537 3419 5573 remo-

1848 5577 1916 5627 t‘ll
1944 5577 2272 5652 velut'iitscio
2312 5582 2625 5645 imperatore
2651 5581 2952 5637 istiusmodi
2993 5587 3232 5652 facinora
3264 5593 3417 5642 moli-

1848 5656 1945 5707 tos,
1988 5655 2106 5719 etc.
2133 5647 2204 5700 De
2237 5652 2597 5718 appellatione
2620 5652 2853 5718 ilisypati
2887 5647 3090 5719 videsis
3137 5658 3412 5714 Glossaria

1849 5717 2132 5784 llneangii.

1915 5787 2061 5856 US“)
2101 5788 2492 5842 Consolatoria.
