4008 6318
597 359 694 422 951

1771 368 1830 426 S.
1866 366 2262 426 THEODORI
2307 366 2654 426 STUDIT/E

3739 359 3850 421 952

589 474 905 526 liberorum.
941 472 1003 526 Et
1028 473 1254 529 facultas
1287 491 1397 530 non
1426 477 1688 545 suppetit.
1719 476 1782 530 Et
1814 487 2076 544 praeterea
2101 478 2165 530 ad

2279 478 2497 532 παίδων.
2533 479 2641 530 Καὶ
2699 479 2759 530 τὺ
2810 476 3070 530 δύνασθαι
3124 476 3184 528 οὺ
3244 475 3527 546 nodosam.
3573 476 3690 528 Καὶ
3752 478 3850 529 ἐπὶ

588 567 774 619 urbem
811 566 1084 629 consides,
1117 567 1292 620 sicut:
1324 569 1402 620 Ad
1431 570 1648 637 flumina
1677 568 1958 637 Babylonis
1987 569 2159 624 abdu-

585 670 705 712 ctus
730 660 1002 728 quondam
1032 660 1084 712 in
1119 661 1364 729 Assyrios
1404 662 1600 725 Israel,
1647 662 1732 714 ubi
1781 663 2026 725 sedimus,
2072 662 2158 714 in-

586 753 800 821 quiunt,
829 762 876 804 et
900 754 1157 820 ﬂeuimus,
1180 757 1304 805 dum
1335 760 1730 806 recordaremur
1748 752 1873 806 Sion
1894 754 2031 808 '9'“.
2051 753 2157 808 Ge-

587 846 754 897 mitus
783 858 932 913 ergo,
960 854 1013 897 et
1040 845 1313 908 maeroris,
1352 854 1407 897 et
1429 845 1785 915 lacrymarum
1821 845 1993 912 plenae
2033 853 2163 898 sunt

588 953 676 989 res
702 947 826 991 tum.
869 941 940 992 At
970 952 1100 992 vero
1137 953 1259 990 cum
1289 937 1532 990 scientia:
1559 937 1752 1006 gratia,
1777 944 1831 988 et
1860 935 2163 1003 prudentiae

589 1031 735 1082 dono
765 1031 1023 1099 praeditus
1077 1030 1170 1093 sis,
1207 1029 1623 1096 haudquaquam
1657 1037 1707 1080 te
1739 1028 1791 1079 in
1815 1026 1899 1079 his
1932 1026 2164 1079 arbitror

589 1123 810 1191 penitus
851 1121 1182 1175 concidere:
1217 1121 1418 1189 quippe
1459 1119 1550 1188 qui
1595 1133 1703 1171 non
1752 1118 1968 1188 ignores
2000 1116 2163 1168 vitam

593 1212 828 1265 hominis
854 1211 1100 1264 militiam
1141 1224 1284 1268 esse.
1318 1211 1474 1278 juxta
1501 1207 1783 1262 clarissimi
1813 1206 1912 1260 Job
1944 1214 2164 1258 senten-

594 1305 723 1356 tiam
759 1304 826 1366 δι,
881 1303 972 1371 qni
1006 1309 1210 1370 quanta
1242 1315 1534 1370 perpessus
1578 1309 1687 1364 snt,
1755 1297 2165 1368 intelligentiam

593 1402 741 1446 tuam
768 1408 873 1446 non
901 1392 1072 1453 fallit;
1103 1394 1178 1444 uti
1202 1406 1302 1444 nec
1331 1391 1430 1443 alia
1460 1391 1636 1443 omnis
1661 1389 1979 1443 instabilitas
2009 1388 2169 1456 hujus

593 1487 739 1548 vitae,
778 1485 936 1537 aliter
961 1495 1122 1552 atque
1157 1484 1314 1537 aliter
1338 1483 1390 1536 in
1418 1483 1533 1536 dies
1565 1481 1732 1535 ferme
1764 1495 1952 1534 omnes
1981 1480 2166 1533 horas-

595 1594 700 1646 que
737 1578 1014 1632 variantis.
1062 1576 1254 1630 Fluxui
1288 1576 1432 1629 enim
1473 1586 1526 1628 et
1565 1574 1792 1628 relluxui
1832 1571 2024 1627 similis
2069 1581 2169 1634 est,

596 1681 652 1721 et
677 1668 922 1730 floribus,
948 1679 1002 1721 et
1027 1667 1274 1730 somniis,
1312 1667 1541 1735 aliisque
1572 1666 1622 1718 id
1657 1680 1850 1736 genus,
1887 1673 1946 1716 ut
1979 1662 2174 1717 divina:

597 1760 818 1814 Patrum
849 1776 1009 1813 voces
1047 1759 1402 1812 allirmarunt.
1435 1757 1670 1826 Reputet
1704 1757 1850 1810 enim
1880 1757 2174 1809 rationem-

2258 571 2468 632 τούτοις
2500 570 2706 640 καθέζῃ
2741 569 2848 639 πρὸ
2904 569 2997 622 τοῦ
3027 569 3218 630 ἄστεος
3241 608 3256 631 ,
3287 563 3398 620 οἷον
3440 568 3539 620 ἐπὶ
3563 567 3689 621 τῶν
3729 584 3814 619 πο

2259 659 2456 728 ταμῶν
2509 658 2860 725 Βαϐυλῶνάς
2920 677 3049 713 ποτε
3109 660 3456 728 ἀπαγόμενος
3508 662 3590 724 είς
3633 662 3842 713 Ἀσσυ-

2262 751 2411 818 ρίους
2487 751 2738 821 Ἰσραήλ·
2795 751 2866 803 ἐν
2913 744 2982 818 ᾧ,
3040 752 3240 820 φησιν,
3289 752 3681 820 ἐκαθίσαμεν,
3739 753 3844 805 καί

2260 842 2647 910 ἐκλαύσαμεν
2695 844 2764 896 ἐν
2804 843 2884 907 τῷ
2919 843 3270 912 μνησθῆναι
3318 842 3474 911 ἡμᾶς
3503 844 3615 911 τῆς
3659 845 3843 897 Σιών.

2264 933 2581 1000 Στεναγμοῦ
2628 935 2808 986 τοίνυν
2873 935 2967 986 καὶ
3017 935 3321 1003 κατηφείας
3360 934 3453 987 καὶ
3483 934 3748 1002 δακρύων
3779 934 3850 984 τὰ

2264 1023 2355 1076 σά.
2405 1022 2544 1076 Ἀλλ’
2575 1024 2698 1076 ἐπεὶ
2722 1023 2980 1094 πρόσεστί
3011 1040 3093 1075 σοι
3139 1025 3392 1093 γνώσεως
3439 1025 3713 1093 χάρισμα,
3753 1026 3855 1078 καὶ

2265 1116 2578 1185 φρονήσεως
2635 1114 2903 1184 δώρημα·
2936 1116 2998 1166 ού
3051 1116 3269 1178 πάντως
3324 1117 3699 1169 καταπίπτειν
3741 1119 3855 1169 οἰόο

2270 1205 2414 1274 μεθά
2444 1222 2506 1257 σε
2541 1207 2599 1258 ἐν
2634 1205 2843 1269 τούτοις
2871 1223 2884 1236 ·
2923 1206 3099 1258 εἰδότα
3130 1207 3211 1258 ὅτι
3265 1207 3624 1277 πειρατήριον
3655 1209 3682 1260 ό
3733 1206 3856 1276 βίος

2267 1297 2578 1366 ἀνθρώπου,
2609 1298 2754 1352 κατά
2776 1298 2867 1350 τὸν
2899 1298 3142 1366 ἀοίδιμον
3187 1298 3399 1362 Ἰὼ6,ἣς
3429 1301 3532 1352 ὅσα
3566 1300 3856 1352 πέπονθεν

2269 1387 2367 1440 οὐκ
2389 1391 2576 1453 ἀγνοεῖ
2604 1405 2698 1441 σου
2732 1391 2764 1457 ἠ
2791 1387 3122 1457 πολυπειρία
3148 1405 3160 1417 '
3184 1389 3308 1442 οὺδέ
3344 1391 3444 1460 τὴν
3471 1391 3642 1460 ἄλλην
3673 1392 3855 1444 ἄστα-

2269 1497 2362 1534 τον
2381 1482 2553 1551 φοράν
2576 1482 2674 1551 τῆς
2685 1481 3188 1550 παραυτίκα“ζωῆς,
3208 1481 3397 1535 ἄλλοτε
3419 1482 3593 1544 ἄλλως
3609 1483 3857 1550 ἐχούσης

2272 1575 2415 1625 κατά
2455 1576 2635 1626 πᾶσαν
2673 1574 2860 1643 σχεδὸν
2899 1574 3115 1644 ἡμέραν
3155 1591 3216 1626 τε
3247 1574 3340 1626 καὶ
3367 1574 3540 1642 ὥραν.
3578 1574 3708 1646 Ῥοῇ
3745 1577 3857 1645 γὰρ

2275 1663 2367 1715 καὶ
2424 1663 2670 1733 ἀποῤῥοῇ
2719 1665 2915 1726 ἔοικεν,
2953 1663 3141 1717 ἄνθεσί
3203 1680 3263 1716 τε
3298 1664 3392 1716 καὶ
3441 1664 3710 1734 ὀνείρασι,
3759 1667 3857 1718 καὶ

2275 1750 2509 1807 οἷστισιν
2559 1753 2762 1819 ἀλλοις,
2793 1755 2936 1808 κατά
2974 1755 3073 1817 τὰς
3111 1755 3262 1817 θείας
3294 1755 3478 1822 φωνὰς
3507 1755 3618 1807 τῶν
3647 1756 3854 1822 ἁγίων.

597 1870 702 1922 que
733 1869 917 1907 secum
960 1854 1108 1906 ineat
1139 1854 1442 1906 veneranda
1471 1867 1624 1904 mens
1665 1860 1775 1911 tua,
1813 1865 1974 1918 quam
2007 1848 2172 1901 multa

2289 1846 2721 1913 Ἀναλογιζέσθω
2758 1846 2867 1914 γάρ
2903 1863 2997 1898 σου
3047 1847 3080 1915 ὴ
3112 1846 3270 1916 τιμία
3301 1845 3468 1915 ψυχὴ,
3506 1847 3650 1898 πόσα
3684 1848 3749 1897 ἐν
3779 1846 3860 1914 τῷ

599 1950 666 2000 ab
706 1948 823 2015 ipso
859 1945 1034 1999 exsilii
1087 1946 1161 1998 tui
1193 1954 1433 2012 tempore
1479 1953 1693 2012 peracta
1725 1942 1833 1996 sint
1869 1958 1882 1993 :
1916 1941 2043 1994 dum
2080 1940 2171 1993 alii

599 2041 820 2103 cadunt,
851 2039 938 2092 alii
966 2046 1282 2107 exsurgunt,
1313 2036 1398 2089 alii
1433 2033 1869 2096 moriuntur,alii
1891 2047 2169 2102 prospere,

600 2131 687 2183 alii
716 2145 874 2186 secus
899 2140 1083 2199 agunt.
1120 2129 1177 2180 Et
1212 2129 1393 2182 nullus
1417 2127 1642 2182 omnino
1670 2134 1840 2179 status
1859 2133 1940 2179 est
1963 2124 2172 2178 stabilis

602 2224 656 2275 in
691 2223 792 2276 hoc
824 2221 1059 2275 versatili
1102 2222 1225 2274 vitce
1252 2230 1451 2274 nostrae
1479 2235 1661 2273 cursu.
1685 2219 1820 2272 lllud
1846 2218 2008 2272 etiam
2036 2233 2174 2286 prae-

602 2321 750 2366 terea
786 2328 973 2365 verum
1006 2321 1107 2375 est,
1130 2312 1182 2364 in
1220 2312 1410 2364 exsilio
1440 2311 1673 2379 quodam
1698 2325 1887 2363 omnes
1913 2323 2011 2362 nos
2034 2324 2171 2369 esse,

599 2415 873 2475 quatenus
896 2420 990 2473 per
1010 2404 1405 2473 protoplastum
1429 2404 1494 2457 de
1523 2403 1791 2472 paradiso,
1825 2411 1882 2456 ut
1901 2402 2174 2471 proditum

602 2507 705 2558 est,
733 2496 890 2563 ejeeti
922 2510 1132 2559 sumus,
1161 2505 1215 2547 et
1250 2494 1302 2547 in
1346 2494 1556 2547 mortali
1590 2494 1690 2546 hac
1733 2508 1826 2546 ora
1868 2508 2172 2556 versamur,

602 2586 781 2654 quoad
813 2593 1095 2639 cantemus
1123 2604 1135 2638 :
1171 2584 1318 2637 Educ
1353 2586 1415 2637 de
1447 2585 1683 2636 custodia
1710 2585 1946 2636 animam
1981 2599 2172 2644 meam,

603 2677 673 2727 ad
705 2675 1050 2742 conﬁtendum
1084 2675 1279 2727 nomini
1325 2685 1412 2727 tuo
1438 2675 1507 2738 δ’,
1535 2691 1597 2727 ex
1632 2674 1866 2727 incolatu
1906 2675 1972 2727 ad
2012 2674 2177 2727 liber-

605 2779 771 2822 tatem
808 2776 1172 2821 transeuntes.
1224 2765 1401 2831 Quare
1433 2781 1501 2820 ne
1560 2765 1613 2818 in
1660 2765 1908 2820 exsilium
1956 2766 2177 2834 quidem

605 2876 762 2930 agere
796 2859 1042 2912 homines
1080 2869 1305 2928 possunt
1336 2873 1666 2928 congeneres
1698 2873 1845 2921 suos,
1875 2858 1917 2911 si
1959 2859 2178 2927 proprie

604 2951 933 3019 loquendum
978 2961 1081 3011 est.
1119 2966 1241 3003 eum
1282 2950 1501 3018 ipsimet
1531 2958 1773 3003 extorres
1814 2949 1941 3002 sint.
1977 2946 2180 3002 Omnes

605 3045 873 3112 siquidem
904 3043 1126 3096 advenae
1168 3052 1221 3095 ct
1268 3041 1536 3111 peregrini
1591 3041 1844 3110 descripti
1880 3056 2089 3095 sumus.
2121 3040 2178 3094 Si

605 3133 734 3204 quid
766 3132 1080 3201 hujusmodi
1118 3132 1214 3185 tibi
1252 3132 1554 3186 remedium
1585 3141 1666 3186 est
1705 3131 1771 3184 ad
1809 3132 2081 3194 solatium,
2132 3131 2174 3185 si
2204 3169 2246 3225 ϐ

606 3225 998 3279 consolationis
1029 3223 1462 3286 incitamentum,
1511 3225 1771 3292 petimus,
1807 3224 2176 3286 obsecramus,

609 3325 668 3369 ut
689 3332 806 3385 quae
837 3315 1173 3375 acciderunt,
1199 3329 1395 3384 magno
1420 3315 1562 3368 feras
1595 3315 1798 3377 animo,
1830 3326 1885 3367 et
1911 3330 2035 3370 eum
2063 3329 2185 3383 gra-

611 3403 806 3457 tiarum
839 3403 1052 3457 actione
1097 3403 1271 3456 tristia
1304 3421 1316 3456 :
1346 3403 1489 3472 quod
1525 3404 1742 3472 quidem
1780 3402 1874 3458 tibi
1916 3419 2026 3457 non
2085 3403 2182 3456 de-

609 3495 777 3550 fuisse
811 3494 1300 3565 conlidimuszqui
1353 3497 1499 3549 enim
1552 3496 1707 3550 aliter
1757 3510 2051 3550 aerumnam
2101 3497 2183 3548 in-

608 3598 893 3659 gruentem
929 3589 1309 3657 perferemus?
1337 3589 1558 3643 Accedit
1589 3589 1732 3658 quod
1761 3604 2013 3659 magnum
2055 3589 2185 3644 inde

610 3683 821 3735 lucrum
852 3682 1248 3749 reportabimus
1272 3697 1285 3745 ;
1313 3697 1411 3751 per
1440 3681 1837 3744 infelicitatem,
1870 3681 2183 3735 felicitatem

610 3772 906 3840 majorem;
940 3785 1036 3839 per
1057 3781 1450 3839 paupertatem,
1471 3770 1687 3825 divitias
1718 3785 1823 3823 non
1858 3778 2181 3838 pereuntes;

609 3878 708 3932 per
746 3860 1046 3924 infamiam,
1080 3861 1304 3931 gloriam
1353 3861 1729 3914 immortalem.
1779 3859 1922 3925 Quin
1976 3869 2032 3913 et
2079 3859 2182 3928 ipsi

613 3954 843 4007 fortasse
883 3952 1181 4022 principes,
1216 3953 1288 4022 pii
1317 3952 1672 4021 imperatores
1691 3951 1882 4016 nostri,
1908 3951 2184 4005 adducen—

611 4058 700 4101 tur
735 4046 981 4105 tandem,
1001 4054 1061 4099 ut
1103 4054 1153 4098 te
1183 4045 1402 4099 domum
1433 4056 1710 4108 revocent,
1741 4053 1794 4097 et
1821 4043 1916 4096 tibi
1949 4057 2185 4112 congrua

609 4139 922 4192 restituant.
960 4137 1218 4191 Novimus
1249 4137 1395 4190 enim
1428 4137 1638 4190 illorum
1678 4137 2098 4200 humanitatem,
2131 4144 2188 4188 et

608 4247 772 4302 quam
810 4229 990 4293 facile,
1029 4229 1086 4283 in
1115 4229 1230 4283 istis
1258 4229 1556 4298 praisertim
1597 4229 1777 4294 rebus,
1812 4228 2028 4282 meliora
2053 4245 2186 4283 con-

610 4326 729 4379 silia
771 4324 1008 4392 capiant.
1050 4321 1261 4376 lnterea
1293 4330 1473 4376 autem
1502 4321 1632 4374 dum
1677 4331 1907 4391 perstas,
1938 4320 2188 4375 console-

610 4429 700 4472 tur
735 4429 783 4471 te
812 4417 1076 4471 Dominus
1108 4415 1251 4469 Deus
1280 4414 1648 4469 consolatione
1667 4414 1938 4484 patientia:
1954 4425 2007 4468 et
2028 4415 2189 4467 actio-

2279 1937 2484 2008 μεταξὺ
2513 1939 2688 2008 χρόνῳ
2730 1937 2832 2008 τῆς
2873 1938 3182 2006 ἀπαγωγῆς
3217 1939 3571 2008 πέπρακται,
3606 1937 3720 1990 τῶν
3756 1937 3856 2007 μὲν

2274 2031 2779 2097 ἀποπεπτωκότων,
2809 2031 2920 2082 τῶν
2959 2031 3014 2082 δὲ
3057 2029 3452 2098 ἀννψωθέντων
3476 2070 3491 2093 ,
3522 2029 3700 2084 ἄλλων
3767 2048 3859 2082 τε·

2275 2121 2580 2190 θνηκότων,
2625 2120 2827 2192 ἐτέρων
2853 2121 3342 2190 εὐπραγησάντων,
3369 2119 3542 2173 ἄλλων
3574 2121 3857 2190 δυστυχη-

2277 2214 2510 2266 σάντων.
2539 2212 2648 2266 Καὶ
2687 2210 2916 2280 οὐδεμία
2952 2212 3138 2272 στάσις
3174 2212 3230 2262 ἐν
3263 2211 3340 2280 τῷ
3382 2212 3606 2281 ἀστάτῳ
3632 2212 3731 2264 καὶ
3765 2211 3856 2263 εύ-

2275 2307 2478 2374 κινὴτῳ
2539 2304 2723 2374 δρόμῳ
2781 2303 2875 2356 τοῦ
2929 2303 3045 2372 βίου
3099 2303 3278 2373 ἡμῶν.
3323 2304 3528 2356 Ἐκείνό
3575 2322 3637 2356 τε
3691 2305 3856 2359 πάλιν

2275 2398 2478 2469 ἀληθὲς
2531 2400 2719 2464 δν,ὃτι
2758 2400 2956 2461 πάντες
3008 2398 3286 2468 ἄνθρωποι
3339 2402 3398 2452 ἐν
3444 2398 3632 2469 ἐξορία
3657 2400 3853 2470 ἐσμὲν,

2280 2490 2420 2542 κατά
2468 2491 2529 2542 τὸ
2565 2489 2950 2560 ἀποικισθῆναι
2982 2491 3133 2561 ἡμᾶς
3160 2491 3249 2544 διὰ
3282 2491 3376 2544 τοῦ
3424 2493 3854 2560 πρωτοπλάστου

2277 2584 2341 2633 ἐκ
2400 2580 2495 2633 τοῦ
2551 2580 2904 2652 παραδείσου,
2938 2583 3013 2644 ὡς
3061 2585 3088 2636 ὁ
3143 2583 3319 2652 λόγος,
3351 2583 3447 2635 καὶ
3503 2586 3584 2646 είς
3641 2585 3763 2638 τόδε
3796 2587 3856 2638 τὺ

2279 2672 2654 2744 θανατηφόρον
2697 2674 2896 2746 χωρίον
2951 2673 3350 2738 ἐναυλίζεσθαι,
3379 2673 3482 2736 ἓως
3505 2674 3570 2727 ἂν
3600 2675 3684 2738 τὸ,
3727 2678 3857 2739 Ἐε-

2279 2762 2464 2832 άγατε
2497 2765 2564 2818 ἐκ
2600 2765 2881 2833 φυλακῆς
2908 2763 3020 2831 τὴν
3049 2764 3261 2833 ψυχήν
3280 2781 3420 2832 μου,
3443 2765 3551 2820 τοῦ
3570 2765 3855 2834 ἐξομολο-

2280 2851 2585 2920 γήσασθαι
2615 2853 2694 2906 τῶ
2723 2855 2969 2922 ὀνοματί
3003 2868 3139 2916 σου,
3198 2853 3435 2923 ᾄδωμεν,
3491 2856 3854 2925 μεταϐαίνονο

2279 2960 2370 3004 τες
2398 2945 2461 2996 ἐκ
2503 2946 2795 3014 παροικίας
2839 2947 2918 3006 είς
2965 2944 3300 3015 ἐλευθερίαν.
3327 2947 3490 3000 Ὥστε
3524 2948 3649 3000 οὐδὲ
3679 2947 3854 3016 ἐξορί-

2282 3036 2394 3100 ζειν
2443 3036 2676 3089 δύναιντ¹
2710 3036 2775 3094 ἂν
2831 3036 3110 3107 ἄνθρωποι
3172 3039 3300 3100 τοὺς
3351 3041 3631 3109 ὁμογενεῖς
3661 3080 3676 3103 ,
3715 3042 3852 3092 κατά

2281 3129 2342 3180 τὸ
2368 3129 2591 3199 ἀκριϐὲς
2621 3127 2712 3181 τοῦ
2742 3128 2922 3196 λόγου,
2944 3130 3208 3201 ἐξόριστοι
3256 3132 3408 3193 ὅντες
3437 3131 3655 3184 καύτοί.
3701 3133 3852 3185 Ἐπεὶ

2285 3222 2482 3282 πάντες
2511 3222 2765 3290 πάροικοι
2795 3224 2889 3274 καὶ
2924 3224 3296 3294 παρεπίδημοι
3330 3225 3848 3294 περιγεγραμμεθα.

2286 3311 2352 3363 Εἴ
2388 3329 2440 3364 τι
2478 3312 2722 3365 τοιοῦτον
2753 3314 3046 3384 φάρμακόν
3088 3331 3171 3366 σοι
3204 3314 3553 3384 παρηγορίας
3597 3316 3850 3386 παραμύ-

2285 3403 2400 3456 θιον
2435 3404 2834 3476 παρακλήσεως
2861 3421 2874 3435 ·
2909 3403 3192 3474 αἰτοῦμεν,
3217 3403 3634 3475 ἀντιϐολοῦμεν,
3665 3409 3744 3470 είς
3795 3407 3851 3459 τὸ

2285 3498 2531 3563 ἐνεγκεῖν
2560 3497 2929 3566 μακροθύμως
2965 3496 3032 3548 τὰ
3068 3495 3374 3564 συμϐάντα,
3412 3497 3757 3568 εὐχαρίστως
3785 3503 3849 3552 τα

2285 3589 2548 3657 λυπηράο
2611 3590 2746 3655 ὅπερ
2819 3585 3167 3656 πεπείσμεθα
3231 3587 3523 3658 ἐσχηκέναι
3582 3606 3662 3642 σε.
3703 3591 3849 3644 Ἐπεὶ

2287 3678 2450 3730 πόθεν
2476 3677 2699 3732 ἄλλοθεν
2732 3676 2953 3746 οἴσομεν
2992 3677 3092 3746 τὴν
3123 3679 3419 3749 ἐπιφοράν;
3448 3675 3586 3732 Εἶτα
3617 3681 3697 3732 ὅτι
3724 3683 3847 3733 κάν-

2284 3769 2477 3823 τεῦθεν
2515 3769 2583 3822 τά
2644 3767 2857 3837 μεγάλα
2907 3768 3315 3837 κερδανοῦμεν,
3345 3769 3410 3822 δι’
3439 3772 3715 3840 ἀπραξίας
3765 3775 3849 3826 εύ-

2287 3858 2523 3927 πραξίαν
2570 3858 2666 3928 τὴν
2722 3858 2960 3927 μείζονα,
3001 3857 3088 3910 διὰ
3122 3859 3314 3920 πενίας
3339 3859 3568 3914 πλοῦτον
3591 3862 3684 3913 τὸν
3717 3864 3846 3932 ἁμεο

2285 3954 2586 4016 τάπτωτον,
2619 3951 2686 4002 δι’
2709 3950 2920 4016 ἀδοξίας
2945 3949 3101 4015 δόξαν
3125 3951 3222 4018 τὴν
3256 3952 3553 4022 ἀκήρατον.
3586 3956 3693 4008 Καὶ
3716 3959 3846 4027 τάχα

2286 4043 2802 4114 παρακληθήσονται
2837 4043 2928 4095 καὶ
2958 4043 3112 4096 αὐτοὶ
3161 4044 3208 4095 οἱ
3249 4043 3582 4115 κρατοῦντες
3609 4048 3846 4111 εὐσεϐεῖς

2288 4137 2318 4205 ἡ
2329 4135 2441 4204 μῶν
2472 4134 2708 4203 βασιλεῖς
2731 4133 2828 4203 ὀψέ
2854 4151 2984 4186 ποτε
3013 4135 3386 4203 ἐπαναγαγεῖν
3412 4153 3473 4190 σε
3495 4139 3573 4202 είς
3601 4139 3673 4191 τὰ
3692 4141 3841 4205 οἶκοι,

2287 4231 2382 4281 καὶ¹
2413 4229 2703 4280 ἀποδοῦναι
2727 4227 2797 4280 τὰ
2829 4228 3038 4281 δέοντα.
3076 4228 3264 4296 Ἰσμεν
3297 4229 3406 4299 γὰρ
3438 4230 3616 4283 αὐτῶν
3646 4232 3707 4285 τὸ
3735 4236 3845 4302 φιλ.

2289 4320 2580 4390 ἀνθρωπον
2615 4320 2710 4374 καὶ
2733 4320 3130 4389 εὐμετάμελον,
3163 4312 3313 4390 ᾧπερ
3348 4321 3647 4392 κιχρῶνται
3680 4327 3842 4392 μεγά-

2289 4414 2395 4477 λως
2425 4415 2516 4466 ἐπὶ
2544 4415 2658 4477 τοῖς
2688 4413 2972 4475 τοιούτοις.
2996 4412 3142 4474 Ἕως
3173 4413 3215 4465 δ’
3249 4413 3314 4465 ἂν
3346 4413 3648 4482 ἐπιμένοις,
3676 4435 3841 4489 παρα.

609 4512 696 4564 nis
730 4509 1047 4581 gratiarum.
1086 4505 1193 4560 Sed
1228 4516 1282 4560 et
1316 4507 1651 4576 principibus
1691 4505 1820 4575 ipsis
1842 4506 2177 4575 persuadeat,

2290 4506 2516 4558 καλέσαι
2547 4522 2605 4557 σε
2637 4505 2843 4574 Κύριος
2875 4505 2902 4556 ό
2928 4503 3061 4565 Θεὸς
3095 4503 3443 4574 παρακλήσει
3473 4506 3840 4582 ὑπομονητικῇ

609 4611 669 4655 ιιι
700 4617 822 4672 erga
855 4610 907 4654 te
937 4599 1296 4667 faciantquod
1326 4599 1485 4652 modo
1506 4599 1710 4652 dictum
1739 4606 1840 4662 est,
1874 4607 1927 4650 et
1950 4605 2003 4650 te
2029 4606 2180 4666 opta-

612 4695 877 4750 tissimum
917 4693 984 4746 iis
1022 4691 1316 4746 restituant
1346 4692 1438 4760 qui
1467 4701 1518 4745 te
1551 4691 1806 4760 diligunt.

935 4907 1072 4965 Xlll.
1107 4939 1176 4949 ——
1208 4909 1282 4962 De
1312 4925 1437 4961 cura
1469 4907 1864 4975 insepultorum.

681 5046 950 5112 Quoniam
972 5046 1135 5099 homo
1159 5045 1225 5099 ad
1244 5044 1531 5115 imaginem
1549 5042 1640 5097 Dei
1660 5042 2182 5110 sirnilitudinemque

611 5149 824 5192 creatus
854 5146 959 5201 est,
989 5153 1210 5191 necesse
1241 5146 1325 5190 est
1355 5136 1589 5189 humana
1620 5144 1832 5200 natura,
1864 5134 2037 5204 quoad
2067 5132 2182 5186 ﬁeri

611 5239 811 5300 potest,
848 5229 1123 5297 archetypi
1175 5229 1502 5281 lineamenta
1532 5268 1546 5291 ,
1576 5237 1826 5295 tanquam
1861 5227 2068 5296 imago,
2130 5225 2182 5278 in

613 5322 790 5391 seipsa
819 5330 989 5391 gerat.
1030 5321 1164 5374 Cum
1205 5335 1331 5390 ergo
1375 5321 1515 5374 Deus
1560 5321 1817 5374 bonitatis
1850 5335 1961 5373 suae
2005 5317 2186 5387 provi-

612 5415 849 5467 dentiam
881 5412 932 5464 in
967 5414 1146 5466 omnia
1177 5412 1467 5474 dilfundat,
1497 5427 1710 5480 aaquum
1752 5411 1913 5465 fuerit
1939 5411 2186 5464 homines

612 5505 993 5560 inenarrabilis
1023 5503 1303 5574 sapientiae
1351 5503 1624 5572 providam
1659 5503 2183 5557 administrationem

611 5614 710 5667 pro
736 5597 937 5652 viribus
966 5595 1184 5650 imitari.
1215 5595 1367 5650 Unde
1397 5605 1451 5650 et
1481 5611 1581 5650 nos
1608 5595 1838 5649 humiles
1863 5611 1924 5650 ac
1951 5595 2183 5660 minimi,

687 5777 801 5810 ""‘°
828 5775 972 5831 Psal.
1005 5791 1218 5836 ταχυ-ι,
1258 5774 1303 5828 l.

2288 4600 2383 4650 καὶ
2413 4597 2819 4665 εὐχαριστηρίῳ
2843 4612 2857 4626 ο
2882 4595 3018 4648 ἀλλά
3048 4595 3143 4648 καὶ
3194 4596 3436 4649 πείσειεν
3478 4599 3676 4662 αὐτοὺς
3727 4605 3844 4667 τοὺς

2288 4689 2627 4759 κρατοῦντας
2655 4689 2714 4740 τὸ
2749 4687 3148 4758 προειρημένον
3181 4691 3313 4759 ἡμῖν
3357 4689 3562 4758 πρᾶξαι
3626 4695 3718 4745 ἐπὶ
3750 4699 3840 4758 σοὶ,

2289 4781 2385 4833 καὶ
2417 4779 2710 4833 ἀποδοῦναί
2751 4795 2811 4830 σε
2833 4779 2924 4831 τὸν
2951 4779 3326 4850 περιπόθητον
3362 4782 3474 4844 τοῖς
3504 4783 3716 4850 φιλοῦσί
3769 4804 3840 4842 σε.

2293 4915 2386 4968 ll".
2431 4912 2607 4976 -Είς
2639 4911 2752 4978 τὴν
2774 4909 3085 4964 διακονίαν
3110 4909 3230 4965 τῶν
3251 4911 3665 4978 ἀπρονοήτων.
3707 4916 3841 4988 [κθ¹.]

2363 5047 2483 5100 Ὅτι
2537 5044 2657 5098 κατ’
2699 5044 2886 5096 είκόνα
2934 5043 3068 5095 Θεοῦ
3104 5043 3198 5096 καὶ
3227 5043 3488 5113 ὁμοίωσιν
3516 5046 3546 5098 ό
3573 5047 3842 5117 ἄνθρωπος

2291 5141 2579 5201 ἔκτισται,
2619 5139 2919 5206 ἀναγκαῖον
2956 5139 3021 5206 τῇ
3057 5136 3374 5206 ἀνθρωπίνῃ
3410 5137 3594 5206 φύσει,
3628 5141 3840 5194 καθόσον

2289 5229 2530 5299 ἐφικτὸν,
2565 5229 2640 5291 ὼς
2689 5229 2861 5282 εἰκόνι
2905 5228 2973 5279 τὰ
3002 5227 3093 5280 τοῦ
3122 5229 3431 5298 ἀρχετύπου
3465 5233 3758 5302 μιμήματα
3791 5237 3838 5286 ἐν

2288 5324 2455 5392 ἑαυτῇ
2516 5321 2854 5393 περιφέρειν.
2895 5320 3049 5372 Ἐπεὶ
3103 5319 3197 5373 οῦν
3261 5321 3323 5373 τὸ
3372 5322 3526 5374 Θείον
3557 5326 3651 5376 ἐπὶ
3683 5326 3838 5377 πάντα

2285 5415 2460 5484 διήκει
2494 5413 2593 5484 τὴν
2615 5415 2714 5482 τῆς
2738 5412 2945 5476 οἰκείας
2970 5412 3305 5480 ἀγαθότητος
3339 5413 3620 5479 πρόνοιαν,
3649 5415 3837 5468 δίκαιον

2288 5508 2352 5560 ἂν
2382 5507 2465 5577 εἴη
2506 5506 2860 5576 ὲκμιμεῖσθαι
2889 5506 2948 5559 τὸ
2978 5505 3317 5576 ἀνθρώπινον
3343 5505 3441 5576 τὴν
3479 5507 3582 5576 τῆς
3613 5510 3834 5580 ἀρρήτου

2290 5598 2481 5667 σοῳίας
2527 5597 2888 5669 προνοητικὴν
2920 5637 2932 5657 .
2957 5597 3031 5661 ὡς
3076 5595 3299 5650 δυνατὸν
3323 5637 3338 5663 ,
3369 5595 3664 5668 διοίκησιν.
3698 5600 3836 5654 Ὅθεν

1384 5774 1423 5805 δ’
1463 5774 1562 5829 Job
1603 5790 1694 5835 vn.
1724 5775 1771 5829 8.
1852 5775 1894 5805 ⁸³
1929 5772 2068 5827 Psal.
2101 5786 2241 5836 cxu,
2287 5773 2337 5825 8.
