4008 6318
169 358 275 420 953

1400 349 1936 412 EPISTOI.ARUM
1967 350 2114 410 LIB.
2147 349 2199 409 I.

3313 347 3419 412 954

171 471 266 520 καὶ
291 466 460 536 ἡμᾶς
482 463 534 515 οί
567 466 814 518 ταπεινοὶ
853 464 948 518 καὶ
977 462 1270 533 ἐλάχιστοι,
1299 462 1546 526 εὐλαδῶς
1577 463 1657 523 είς
1687 459 1749 511 τὸ

1856 459 2022 512 Deum
2055 465 2368 513 reverenter
2406 457 2702 520 intuentes.
2739 458 3138 528 cbaritatisque
3173 475 3298 532 erga
3328 479 3419 517 Cn-

169 563 326 614 Θείον
355 555 666 618 ἀπιδόντες,
689 556 779 608 καὶ
805 558 942 625 πρὸς
969 555 1030 606 τὸ
1056 554 1322 624 ὁμόφυλον
1350 555 1448 625 τὴν
1477 556 1750 622 ἀγαπητι-

169 653 272 723 κὴν
322 645 570 704 διάθεσιν
635 646 1012 708 ἀναλαϐόντες,
1036 644 1359 715 καθήκαμεν
1406 646 1626 706 ἑαυτοὺς
1671 645 1750 703 είς

169 745 289 797 τόδε
336 744 400 794 τὸ
446 740 645 802 ἀσεὸἐς
679 739 954 808 σύστημα,
985 737 1169 800 καθὼς
1202 737 1585 799 ὑποτέτακται,
1613 736 1748 805 πρό-

170 853 323 889 νοιαν
380 833 700 902 ποιούμενοι
761 832 870 884 τῶν
927 832 1284 899 ἀπρονοήτων
1349 829 1747 901 σκηνωμάτων,

172 927 271 982 εἰτ’
297 924 396 978 οῦν
422 924 868 994 νενεκρωμένων,
903 923 998 975 καὶ
1033 925 1098 975 ἐκ
1131 922 1371 992 πενίαςῆ
1392 924 1457 975 ἐκ
1486 919 1750 987 ξενιτείας

178 1020 254 1089 μὴ
285 1018 522 1087 ἐχόντων
569 1014 688 1076 πῶς
726 1011 1117 1083 ἐκκομίζεσθαι
1158 1015 1253 1066 καὶ
1289 1010 1650 1066 ἐνθάπτεσθαι
1694 1013 1750 1063 ἐν

169 1112 352 1182 ταύτῃ
384 1112 450 1178 τῇ
481 1105 841 1178 βασιλευούσῃ
870 1105 976 1157 τῶν
1000 1106 1226 1158 πόλεων.
1251 1103 1343 1174 Τῷ
1367 1103 1546 1156 τοίνυν
1577 1103 1750 1172 τούτῳ

173 1201 303 1269 θείῳ
353 1197 511 1264 τύπῳ
559 1195 983 1264 ἐπερειδόμενοι,
1019 1194 1235 1262 ἑκάστῳ
1289 1209 1347 1245 τε
1409 1191 1641 1262 ἐνιαυτῷ
1687 1192 1751 1244 ἐκ

171 1289 283 1342 τῶν
336 1287 654 1358 προσόντων
711 1283 863 1353 παρά
924 1282 1062 1335 Θεοῦ
1112 1282 1366 1354 δωρεῶν,
1395 1285 1422 1337 δ
1458 1283 1644 1346 καθεὶς
1675 1283 1750 1346 ὡς

174 1382 291 1450 ἔχει
326 1378 636 1447 δυνάμεως,
668 1373 975 1444 καταϐολὴν
1013 1374 1330 1445 ποιούμενοι
1359 1375 1492 1442 πρός
1517 1392 1576 1426 τε
1616 1374 1750 1440 ἀγοο

180 1470 381 1540 ρασίαν
406 1466 696 1534 ἐνταφίων,
730 1467 826 1516 καὶ
847 1463 914 1516 τὰ
945 1463 1055 1516 τῶν
1087 1466 1165 1526 είς
1197 1463 1376 1534 ταφὴν
1402 1463 1572 1516 ἄλλων
1621 1479 1749 1513 συν-

173 1559 465 1622 τελοῦντα,
504 1555 812 1627 διορίζομεν
835 1555 892 1606 ἐν
917 1555 1107 1624 Κυρίῳ
1131 1554 1278 1609 τάδε.
1309 1552 1528 1606 Τούτων
1553 1569 1752 1622 μηνυο-

180 1651 356 1720 μένων
389 1649 422 1718 ἢ
453 1646 850 1718 θεωρουμένων
878 1647 1020 1698 κατά
1043 1648 1294 1716 περίοδον
1330 1646 1464 1716 πρὸς
1518 1647 1749 1700 ἑκάστου

175 1742 282 1793 τῶν
310 1738 747 1808 συνειλεγμένων
784 1740 841 1790 ἐν
867 1742 932 1808 τῇ
963 1738 1288 1807 ἀδελφότητι
1318 1738 1509 1809 νεκρὸν
1536 1738 1744 1808 ἀνθρω-

175 1850 296 1896 πον,
329 1831 521 1885 τοῦτον
563 1833 673 1892 τοῖς
727 1829 1095 1900 προσήκουσιν
1152 1827 1428 1897 ἐνταφίοις
1465 1827 1749 1897 ἐκκομίζε-

179 1923 341 1986 σθαι,
399 1920 753 1975 ἀποτίθεσθαι
806 1922 864 1972 ἐν
913 1922 1034 1982 ταῖς
1086 1919 1560 1988 άποτεταγμέναις
1619 1919 1748 1988 ὐμίν

174 2015 348 2077 ὁσίαις
395 2013 614 2083 θήκαις.
641 2013 752 2064 Καὶ
787 2011 892 2082 μὴν
923 2011 1010 2064 διὰ
1052 2011 1146 2064 τοῦ
1198 2010 1478 2075 ἐνιαυτοῦ,
1514 2013 1660 2082 ἀρχῇ
1689 2026 1750 2064 τε

180 2107 433 2170 ίνδίκτου,
485 2106 581 2157 καὶ
631 2104 719 2155 διὰ
748 2104 847 2172 τῆς
879 2105 936 2155 ἐν
980 2105 1048 2172 τῇ
1108 2104 1452 2173 Πεντηκοστῇ
1509 2102 1752 2172 πολυμε-

179 2196 352 2265 ρείας,
385 2195 657 2248 ἐπιτελεῖν
685 2196 833 2263 ἡμᾶς
861 2193 1061 2257 κοινῶς
1079 2195 1146 2245 τὰ
1191 2195 1509 2264 μνημόσυνα
1533 2195 1751 2247 πάντων

177 2290 284 2342 τῶν
308 2287 683 2360 κηδευθέντων
716 2303 728 2319 ο
756 2284 1052 2338 ποιούντων
1101 2285 1261 2355 ήμῶν
1284 2288 1341 2338 ἐν
1366 2284 1548 2356 ταυτῷ
1568 2287 1632 2338 ἐκ
1654 2286 1750 2356 τῆς

178 2379 539 2449 συνεισφορᾶς
577 2379 672 2430 καὶ
696 2376 917 2446 ἀγάπην
946 2377 1352 2446 παρακλήσεως
1376 2375 1699 2446 σωματικῆς
1732 2392 1746 2405 ·

185 2473 257 2541 μὴ
326 2472 524 2542 μέντοι
562 2469 669 2535 ἐξω
697 2469 807 2520 τῶν
841 2469 1242 2541 νενομισμένων
1276 2471 1374 2538 τῆς
1420 2469 1751 2540 αὐταρκείας

180 2562 360 2630 ὅρων·
420 2560 495 2622 ὼς
544 2559 578 2628 ἢ
622 2558 898 2629 πολυοινία
946 2559 979 2628 ἦ
1040 2558 1355 2628 πολυφαγίᾳ
1411 2557 1750 2630 ἐξορχεῖσθαι

180 2655 326 2722 ἡμᾶς
350 2652 420 2704 τά
451 2650 849 2720 ἐπιτελούμενα
887 2651 1210 2720 μνημόσυνα
1266 2649 1400 2704 ἀλλὰ
1445 2650 1560 2722 μετ’
1587 2653 1751 2704 εὐλα-

179 2744 326 2806 διίας
373 2742 760 2814 ἀναφερόντων
811 2741 969 2811 ἡμῶν
1016 2741 1323 2809 δοξολογίαν
1366 2742 1445 2811 τῷ
1482 2743 1752 2810 καταξιώ-

181 2851 332 2887 σαντι
362 2837 511 2904 ἡμᾶς
542 2833 663 2902 Θεῷ
697 2833 795 2904 τὴν
825 2834 980 2887 ὁσίαν
1017 2833 1220 2901 ταύτην
1257 2833 1478 2904 τελετὴν
1514 2837 1750 2905 ποιήσα-

181 2925 336 2987 σθαι,
371 2926 549 2988 οῦτως
605 2925 698 2978 ἐπὶ
747 2925 846 2995 τὴν
875 2925 974 2992 τῆς
1025 2923 1308 2995 τραπέζης
1351 2926 1488 2977 ίέναι
1539 2927 1750 2996 χρείαν,

181 3016 834 3089 προσαναγινωσκομένου
874 3015 976 3084 ἤδη
1010 3013 1102 3066 τοῦ
1130 3014 1320 3084 τόμου,
1358 3016 1430 3077 ὡς
1461 3015 1528 3068 ἂν
1554 3018 1647 3069 καὶ
1665 3017 1751 3070 ἐπ’

181 3111 348 3178 αὐτῆς
375 3109 475 3176 τῆς
497 3105 707 3179 τροφῆς
733 3105 890 3175 ἡμῶν
917 3106 985 3159 τὰ
1014 3105 1219 3175 ἀρεστά
1256 3105 1444 3178 Κυρίῳ
1477 3108 1738 3178 μεταδιώ·
1768 3121 1811 3177 C

179 3216 311 3253 κειν·
366 3200 463 3252 τοῦ
499 3199 644 3252 κατά
680 3196 1002 3266 περισσείαν
1036 3197 1432 3267 διανεμομένου
1462 3201 1697 3269 πτωχοῖς
1729 3217 1739 3228 ·

183 3294 254 3362 μὴ
286 3290 794 3362 ἐμπολιτευομένων
838 3288 1024 3359 ἀργῶν
1083 3290 1344 3358 ῥημάτων
1371 3290 1428 3342 ἐν
1457 3293 1524 3361 τῇ
1557 3291 1745 3345 ἐστιάπ

181 3399 284 3448 σει,
335 3383 473 3453 μηδὲ
524 3381 959 3450 γελοιασμάτων,
1008 3380 1204 3432 πολλοῦ
1261 3397 1324 3447 γε
1391 3379 1567 3435 εἰπεῖν
1625 3399 1750 3435 παι-

181 3475 341 3543 γνίων
415 3477 551 3527 ὃπου
581 3489 643 3540 γε
678 3473 799 3524 οὐδὲ
822 3470 899 3540 τῷ
928 3470 1144 3540 τυχόντι
1173 3471 1482 3542 Χριστιανῷ
1508 3475 1747 3542 ἐνεργεῖν

180 3565 388 3636 δέχεται
417 3568 446 3617 ὁ
501 3563 678 3630 λόγος.
713 3562 774 3614 Ei
811 3561 868 3613 δὲ
932 3560 1027 3613 καὶ
1076 3559 1258 3612 λαλεῖν
1303 3559 1536 3629 δεήσειε,
1573 3561 1748 3615 ταῦτα

181 3655 277 3708 ὅσα
333 3655 537 3725 πρέπει
599 3651 944 3720 Χριστιανοίς
977 3664 991 3678 ·
1031 3649 1114 3711 τὸ,
1169 3648 1530 3716 φυλάττεσθαι
1598 3651 1746 3719 ἡμᾶς

181 3746 382 3815 ὅρκον·
440 3745 544 3808 τὸ,
609 3743 833 3811 ἀγάπην
911 3741 1057 3810 ἔχειν
1118 3741 1176 3792 ἐν
1255 3740 1507 3811 ἀλλήλοις
1540 3757 1554 3771 ο
1617 3743 1747 3812 ἀλή-

183 3836 326 3889 θειαν
395 3840 460 3890 ἐκ
529 3833 622 3887 τοῦ
699 3833 966 3902 στόματος
1026 3832 1322 3902 προφέρειν
1355 3848 1368 3860 ·
1427 3832 1582 3885 δόλου
1657 3834 1753 3885 καὶ

183 3926 371 3994 φθόνου
443 3925 901 3995 ἀποδιδράσκειν·
967 3923 1214 3983 εὐποιίας
1275 3921 1334 3974 τὸ
1396 3924 1534 3976 κατά
1587 3924 1751 3977 δύνα-

185 4035 270 4086 μιν
301 4015 624 4086 ἀντέχεσθαι
696 4014 1016 4082 ἐπισκέψεις
1056 4012 1326 4066 ποιεῖσθαι
1359 4014 1467 4067 τῶν
1494 4018 1553 4068 ἐν
1579 4017 1750 4085 φυλα-

182 4111 322 4171 καῖς,
343 4108 450 4161 τῶν
494 4111 552 4161 ἐν
582 4106 938 4177 ἀρρωστίαιςο
969 4105 1258 4174 προσέχειν
1282 4107 1403 4169 ταῖς
1437 4108 1748 4177 ἀναγνώσε-

1850 561 2041 622 gnatos
2070 552 2230 606 nobis
2268 551 2523 605 aﬂ'ectum
2560 551 2953 622 suscipientes,
3005 568 3106 607 nos
3148 554 3293 623 ipsos
3332 556 3421 624 pio

1851 644 1980 698 huic
2010 646 2176 699 metui
2199 644 2564 714 adjunximus,
2600 652 2656 698 ut
2685 645 3041 698 constitutum
3083 654 3188 710 est,
3221 662 3420 715 procu-

1851 749 2034 793 rantes
2062 739 2306 809 neglecta
2347 739 2691 792 tabernacula
2715 754 2810 792 seu
2845 740 3132 805 cadavera,
3167 756 3286 809 quae
3311 757 3422 811 pra:

1851 830 2033 899 inopia
2072 831 2156 884 vel
2181 830 2562 900 peregrinitate
2581 846 2690 883 non
2716 831 2915 883 habent
2937 833 3080 885 unde
3103 831 3420 896 efferantur,

1850 931 1906 974 et
1942 921 2238 974 bumentur
2273 920 2326 973 in
2363 921 2463 974 hac
2487 920 2629 990 regia
2654 921 2892 974 civitate.
2934 919 3072 975 Huic
3101 922 3260 991 igitur
3290 937 3419 974 nor-

1851 1027 1954 1066 mae
1979 1012 2178 1066 divina:
2209 1012 2402 1074 innixi,
2435 1021 2489 1066 et
2528 1013 2816 1080 quotannis
2847 1013 3042 1082 singuli
3083 1029 3149 1068 ex
3185 1014 3424 1081 acceptis

1848 1117 1880 1157 a
1912 1101 2023 1157 Deo
2055 1103 2377 1156 muneribus
2406 1103 2474 1157 ad
2519 1101 2831 1155 funebrium
2864 1103 3196 1172 emptionem
3230 1145 3245 1168 ,
3303 1117 3423 1171 qua:

1850 1195 1915 1248 ad
1952 1193 2187 1248 aliorum
2220 1193 2558 1262 sepulturam
2615 1193 2842 1252 faciunt,
2878 1209 2976 1263 pro
3008 1193 3260 1248 facultate
3289 1207 3424 1247 con-

1851 1285 2172 1347 tribuentes,
2203 1283 2320 1338 haec
2345 1284 2400 1337 in
2434 1283 2660 1338 Domino
2685 1282 3089 1338 constituimus.
3111 1283 3181 1337 Ut
3202 1284 3426 1352 quicun-

1850 1389 1956 1444 que
1988 1374 2279 1439 indicatus,
2308 1374 2754 1443 vel‘conspectus
2782 1374 2834 1426 in
2865 1374 3116 1439 transitu,
3148 1374 3216 1427 ab
3245 1375 3425 1442 aliquo

1851 1482 1880 1521 e
1910 1465 2136 1520 fratrum
2165 1466 2604 1536 congregatione,
2636 1475 2885 1520 mortuus
2925 1465 3089 1520 homo
3137 1463 3321 1529 fuerit,
3377 1467 3424 1519 is

1850 1557 2274 1626 congruentibus
2306 1556 2580 1624 exsequiis
2602 1555 2880 1620 efferatur,
2927 1556 3336 1625 deponaturque
3369 1558 3422 1610 in

1851 1648 2134 1701 destinatis
2162 1647 2316 1702 vobis
2346 1648 2516 1702 sacris
2548 1647 2887 1702 conditoriis.
2930 1645 3067 1701 Tum
3100 1658 3158 1702 ut
3190 1658 3422 1717 quotan-

1851 1739 1956 1802 nis,
1987 1749 2042 1792 et
2081 1738 2351 1807 principio
2393 1737 2707 1792 indictionis
2731 1780 2746 1804 ,
2781 1748 2837 1792 et
2873 1724 2970 1808 per
2996 1739 3112 1792 dies
3142 1738 3421 1808 Quinqua-

1851 1831 2093 1902 genarii,
2139 1829 2458 1884 memoriam
2486 1829 2729 1883 omnium
2768 1828 3140 1883 funeratorum
3186 1829 3237 1881 in
3271 1844 3424 1883 com-

1851 1937 2016 1976 mune
2047 1921 2418 1986 celebremus;
2458 1919 2719 1973 facientes
2759 1919 2960 1973 ibidem
3004 1935 3068 1973 ex
3100 1919 3342 1974 collectis
3371 1930 3426 1973 et

1849 2026 2056 2080 agapen
2086 2025 2362 2079 corporea:
2391 2008 2704 2063 refectionis
2729 2026 2743 2070 ;
2778 2023 2888 2062 non
2910 2024 3042 2063 sane
3070 2017 3222 2062 extra
3247 2008 3424 2077 legiti-

1849 2116 1952 2155 mae
1986 2100 2309 2171 frugalitatis
2341 2100 2638 2164 terminos;
2684 2100 2753 2153 ita
2795 2107 2856 2154 ut
2903 2115 3014 2169 prae
3043 2099 3308 2155 ebrietate
3343 2101 3425 2154 vel

1849 2191 2100 2261 crapula,
2134 2205 2329 2258 sacrae,
2369 2205 2530 2260 quam
2561 2189 2899 2244 celebramus
2925 2229 2941 2254 ,
2993 2191 3267 2246 memoria:
3305 2191 3430 2244 illu-

1850 2282 2043 2337 damus
2071 2300 2085 2334 :
2120 2283 2214 2336 sed
2245 2298 2368 2336 cum
2396 2281 2701 2335 reverentia
2727 2281 2938 2335 laudem
2967 2281 3076 2336 Deo
3106 2282 3425 2349 offerentes,

1851 2375 1942 2444 qui
1982 2389 2081 2428 nos
2112 2390 2280 2428 sacrae
2303 2374 2467 2442 hujus
2491 2374 2826 2428 caeremoniae
2843 2374 3207 2428 celebratione
3241 2375 3430 2445 digna-

1853 2476 1941 2520 tus
1976 2475 2079 2520 est.
2108 2465 2198 2519 Sic
2223 2465 2290 2519 ad
2316 2481 2520 2520 mensae
2537 2480 2674 2536 opus
2692 2465 3003 2527 accedatur,
3039 2465 3286 2532 adjuncta
3314 2467 3425 2534 jam

1852 2556 1974 2611 libri
2009 2557 2260 2620 lectione,
2299 2564 2358 2610 ut
2403 2557 2458 2610 in
2499 2557 2614 2626 ipso
2646 2557 2808 2611 etiam
2843 2567 3004 2627 pastu
3047 2567 3234 2612 nostro
3257 2597 3272 2623 ,
3307 2574 3427 2627 qua;

1851 2647 2082 2702 Domino
2115 2656 2242 2701 sunt
2285 2657 2436 2719 grata
2494 2657 2873 2703 consectentur
2905 2667 2918 2702 :
2951 2664 3071 2719 quae
3132 2659 3428 2720 supersunt

1852 2742 2182 2810 pauperibus
2208 2744 2521 2814 erogando;
2555 2759 2664 2797 non
2700 2743 3054 2813 gliscentibus
3076 2745 3212 2796 inter
3236 2746 3428 2812 epulas

1853 2833 2106 2888 inanibus
2135 2835 2348 2900 verbis,
2383 2851 2485 2888 nec
2519 2835 2795 2899 ridiculis,
2833 2851 2902 2889 ne
2931 2835 3107 2889 dicam
3154 2835 3376 2889 ludicris
3408 2853 3422 2889 :

1852 2924 2289 2992 quandoquidem
2313 2925 2486 2978 cuivis
2507 2925 2818 2978 Christiano
2843 2925 2894 2979 id
2922 2926 3058 2979 ratio
3079 2934 3244 2979 vetat.
3269 2925 3424 2990 Quod

1854 3014 1896 3066 si
1938 3013 2085 3082 loqui
2117 3025 2396 3082 oporteat,
2440 3029 2620 3068 sermo
2654 3015 2723 3068 sit
2751 3016 2817 3068 de
2848 3016 2914 3068 iis
2951 3032 3070 3084 quae
3098 3016 3427 3071 Christianis

1852 3107 2187 3162 conveniunt
2238 3125 2252 3160 :
2302 3107 2601 3161 cavendum
2650 3107 3062 3177 jusjurandum;
3123 3108 3426 3161 habendam

1851 3207 2042 3251 mutuo
2068 3199 2388 3251 charitatem
2415 3214 2430 3262 ;
2462 3197 2745 3250 veritatem
2775 3212 2868 3250 ore
2907 3197 3256 3266 promendam
3286 3197 3429 3262 ;-do-

1848 3291 1958 3344 lum
2006 3290 2378 3358 invidiamque
2431 3288 2784 3359 fugiendam;
2817 3287 3234 3342 beneficentiam
3276 3303 3427 3357 omni

1850 3382 2030 3436 studio
2055 3383 2431 3447 retinendam;
2462 3380 2706 3434 inﬁrmos
2737 3390 2792 3433 et
2819 3380 2913 3448 qui
2949 3381 3002 3432 in
3040 3394 3260 3433 carcere
3297 3389 3426 3432 sunt

1850 3475 2146 3529 visitandos
2173 3491 2188 3538 ;
2222 3473 2546 3528 lectionibus
2563 3469 2977 3526 auscultandum
3006 3479 3059 3523 et
3087 3468 3153 3522 iis
3171 3469 3262 3538 qui
3289 3484 3429 3538 pra:-

1853 3577 1982 3621 snnt
2019 3566 2074 3620 in
2106 3565 2393 3628 Ecclesiis;
2434 3566 2644 3618 honore
2701 3563 2932 3617 invicem
2991 3561 3426 3632 praeveniendos,

1855 3657 1948 3712 Dei
1979 3657 2276 3727 praesertim
2327 3655 2640 3709 sacerdotes
2682 3662 2735 3708 et
2766 3654 3097 3719 monachos;
3147 3653 3430 3722 hospitali-

1855 3749 1948 3802 tati
1978 3747 2337 3812 studendum;
2369 3760 2399 3798 a
2432 3744 2792 3798 fornicatione
2827 3753 2884 3798 et
2927 3744 3187 3798 ebrietate
3209 3743 3432 3812 penitus

1850 3838 2272 3902 abstinendum;
2331 3836 2690 3891 orthodoxam
2742 3833 2903 3888 fidem
2943 3832 3375 3890 conServandarn
3412 3851 3428 3887 :

1849 3931 1918 3984 ab
1954 3927 2338 3983 hatreticorum
2371 3925 2755 3980 communione
2785 3926 2978 3994 procul
3029 3922 3433 3993 refugiendum.

1851 4018 2053 4074 llorum
2088 4017 2355 4086 siquidem
2387 4016 2594 4070 mentio
2623 4024 2679 4070 et
2701 4016 2979 4070 meditatio
3005 4015 3303 4068 multorum
3335 4029 3436 4068 no-

1848 4112 1932 4166 bis
1970 4110 2239 4164 bonorum
2273 4108 2414 4162 viam
2444 4107 2674 4169 muniet.

181 4218 251 4267 σι.
277 4205 371 4256 καὶ
400 4206 520 4264 ταῖς
552 4204 608 4254 ἐν
648 4199 964 4269 ἐκκλησίαις
1009 4201 1318 4271 προεδρίαις
1339 4218 1350 4230 ·
1386 4203 1648 4272 ἀλλήλους
1686 4211 1748 4278 τῇ
1791 4212 1923 4278 τιμῇ
1948 4204 2328 4276 προηγεῖσθαι,
2351 4204 2440 4255 καὶ
2461 4203 2694 4273 μάλιστα
2717 4203 2879 4271 ἱερεῖς
2899 4218 2956 4254 τε
2975 4199 3110 4251 Θεοῦ
3151 4197 3245 4250 καὶ
3269 4215 3432 4267 μοναο

182 4296 326 4360 στάξ’
346 4297 649 4368 φιλοξενίαν
673 4295 1044 4364 μεταδιώκειν·
1067 4297 1321 4366 πορνείας
1345 4299 1438 4350 καὶ
1462 4301 1629 4371 μέθης
1649 4303 1706 4354 τὸ
1730 4305 1958 4357 καθόλου
1978 4301 2293 4372 ἀπέχεσθαι’
2313 4300 2410 4370 τὴν
2430 4295 2709 4370 ὀρθόδοξον
2734 4297 2914 4349 πίστιν
2937 4295 3203 4364 κατέχειν’
3228 4295 3435 4364 αίρετι-

179 4389 286 4442 κῶν
310 4389 596 4448 κοινωνίας
619 4385 972 4455 ἀποφεύγειν.
998 4387 1223 4456 Καὶγὰρ
1240 4389 1347 4441 τῶν
1368 4391 1624 4444 τοιούτων
1653 4393 1812 4447 λα).ιά
1851 4397 1945 4448 καὶ
1966 4395 2190 4464 μελέτη,
2212 4393 2421 4445 πολλῶν
2441 4389 2660 4458 ἀγαθῶν
2686 4387 2941 4458 πρόξενος
2968 4385 3167 4454 γένοιτ’
3185 4385 3252 4438 ἀν
3279 4387 3431 4460 ἡμῖν.

247 4481 480 4544 Ταύταις
509 4479 627 4540 ταῖς
655 4477 826 4540 θείαις
873 4477 1169 4546 συνθήκαις
1219 4481 1742 4550 συγκατατιθέμενοι

1920 4485 2014 4539 llis
2043 4485 2246 4539 divinis
2293 4481 2558 4536 institutis
2602 4487 2912 4533 annuentes
2960 4487 3016 4532 et
3067 4476 3431 4544 adhaerentes,

182 4573 269 4624 καὶ
303 4571 680 4639 συνεπόμενοι,
707 4565 1059 4637 ἐπεδώκαμεν
1094 4571 1319 4631 ἐαυτούς
1342 4571 1416 4631 ὡς
1451 4572 1526 4640 τῷ
1559 4573 1747 4645 Κυρίῳ

183 4657 308 4726 τῷδε
348 4658 423 4727 τῷ
472 4657 806 4726 συστήματι.
866 4657 1005 4724 Φησὶ
1051 4658 1160 4725 γάρ
1194 4674 1208 4688 ο
1257 4658 1319 4711 '0
1349 4661 1610 4727 ποιήσας
1655 4664 1746 4717 ἐνὶ

182 4751 397 4800 τούτων
427 4744 549 4801 τῶν
590 4744 869 4814 ἀδελφῶν
891 4763 1009 4813 μου
1058 4744 1176 4799 τῶν
1205 4747 1546 4816 ἐλαχίστων
1568 4793 1582 4814 ,
1615 4752 1746 4819 ἐμοὶ

184 4840 501 4907 πεποίηκε’
543 4839 707 4908 μηδὲν
756 4837 866 4889 τῶν
907 4838 1177 4907 κειμένων
1232 4839 1569 4906 ἀθετοῦντες,
1613 4845 1748 4914 μηδὲ

184 4931 642 5000 παραμελοῦντες.
697 4929 781 4991 Ὠς
819 4929 913 4982 ἐάν
968 4947 1098 4983 ποτε
1135 4931 1327 5001 ὀφθείη
1356 4951 1437 4996 τις
1465 4934 1573 4987 τῶν
1596 4936 1746 4988 ἀδελ-

185 5019 291 5084 φῶν
348 5021 379 5091 ἢ
430 5019 690 5090 παρορῶν
746 5021 837 5072 τὸν
915 5020 1168 5091 κείμενον
1229 5023 1419 5093 νεκρὸν
1457 5063 1471 5085 ,
1519 5025 1614 5076 καὶ
1673 5026 1748 5095 μὴ

184 5110 434 5179 ἀναφέροι
471 5113 550 5181 τῷ
590 5112 659 5162 τά
702 5111 899 5181 πρῶτα
931 5112 1153 5181 φέροντι
1203 5112 1305 5183 τῆς
1362 5114 1743 5186 άδελφότητοςο

185 5199 214 5270 ἢ
267 5202 322 5254 ἐν
353 5206 461 5266 τοῖς
497 5204 741 5274 ἀρίστοις
799 5202 1172 5273 φθεγγόμενος
1204 5204 1239 5258 ἂ
1296 5205 1370 5276 μὴ
1417 5208 1594 5276 θέμις,
1649 5207 1747 5259 καὶ

187 5295 428 5360 πράττων
456 5296 524 5349 τά
557 5296 655 5365 οὐχ
676 5295 822 5357 ὅσια,
873 5295 946 5358 ὡς
975 5295 1222 5349 ἐντεῦθεν
1251 5297 1341 5350 τὸν
1376 5297 1506 5350 Θεὸν
1541 5315 1746 5370 παρορ-

186 5385 416 5448 γίζεσθαι
441 5430 454 5453 ,
483 5387 745 5457 ἐπιτιμίῳ
772 5386 1169 5439 ὐποδάλλεσθαι
1202 5388 1350 5457 παρά
1379 5389 1472 5441 τοῦ
1502 5390 1742 5459 προκαθ-

185 5480 494 5546 ηγουμένου,
526 5480 696 5551 τριῶν
749 5478 971 5548 ἡμερῶν
1020 5480 1198 5549 ἀποχῇ
1237 5480 1401 5545 οἴνου,
1433 5481 1527 5533 καὶ
1568 5482 1740 5550 ἀργυ-

1853 4578 1985 4631 huic
2032 4593 2133 4630 nos
2191 4575 2354 4630 coetui
2404 4584 2659 4642 tanquam
2692 4570 2921 4624 Domino
2972 4568 3314 4632 addiximus;
3358 4570 3436 4623 ait

1852 4668 1994 4720 enim
2032 4685 2042 4719 :
2082 4666 2181 4730 Qui
2215 4666 2392 4736 fecerit
2422 4665 2512 4716 uni
2539 4664 2602 4716 de
2633 4663 2711 4716 his
2743 4661 2995 4732 fratribus
3020 4660 3147 4712 meis
3177 4659 3429 4726 minimis,

1852 4759 1979 4811 mihi
2010 4761 2130 4829 fecit
2159 4757 2206 4789 “
2244 4774 2258 4812 :
2288 4756 2420 4810 nihil
2452 4771 2638 4809 eorum
2669 4769 2787 4823 quae
2815 4755 3024 4808 sancita
3062 4759 3189 4805 sunt
3229 4750 3434 4819 impro-

1851 4847 2065 4910 bantes,
2099 4862 2276 4915 neque
2312 4854 2684 4914 aspernantes,
2718 4853 2777 4896 ut
2807 4842 2850 4895 si
2881 4841 3100 4912 quando
3124 4840 3432 4908 deprchen-

1851 4953 1941 4991 sus
1977 4936 2139 4990 fuerit
2165 4935 2447 5004 quisquam
2478 4950 2543 4988 ex
2589 4933 2870 4995 fratribus,
2905 4932 2998 5001 qui
3046 4930 3130 4984 vel
3155 4930 3429 4997 jacentem

1853 5035 2128 5079 mortuum
2172 5024 2468 5094 despiciat,
2511 5031 2567 5078 et
2600 5022 2666 5076 ad
2701 5021 3022 5091 primarium
3071 5019 3430 5075 fraternitatis

1851 5135 1959 5172 non
1991 5119 2208 5183 referat,
2238 5119 2323 5172 vel
2371 5118 2426 5171 in
2469 5117 2535 5170 iis
2570 5115 2815 5184 prandiis
2861 5115 3116 5184 loquatur
3155 5127 3276 5180 quae
3317 5127 3430 5167 non

1851 5211 1998 5275 licet,
2020 5222 2210 5284 agatve
2233 5226 2340 5264 non
2368 5218 2538 5270 recta,
2569 5208 2641 5260 ita
2674 5215 2730 5260 ut
2761 5207 2904 5260 Deus
2932 5205 3058 5259 inde
3092 5203 3431 5271 offendatur;

1852 5301 1998 5354 hunc
2035 5301 2360 5371 praepositus
2406 5311 2578 5367 pmnze
2621 5295 2907 5364 subjiciat,
2941 5295 3023 5350 vel
3078 5294 3345 5348 triduana:
3398 5311 3433 5349 a

1851 5394 1978 5446 vino
2007 5392 2377 5454 abstinentiae,
2418 5388 2502 5441 vel
2533 5385 2717 5439 multa:
2748 5389 2910 5439 unius
2947 5384 3190 5454 argentei
3241 5402 3254 5436 :
3313 5393 3430 5437 tum

1848 5485 1916 5536 ab
1951 5483 2042 5537 illo
2080 5482 2522 5538 emendationem
2547 5477 2600 5529 in
2641 5485 2916 5545 posterum
2949 5475 3148 5543 exigat.
3174 5472 3255 5524 Ad
3289 5474 3426 5537 haec,

190 5565 293 5630 ρίου
326 5571 440 5633 ἐνὸς
469 5571 768 5642 καταόολῇ,
796 5566 894 5622 εἷθ’
926 5567 1102 5634 οὕτως
1135 5572 1308 5626 αίτεὶν
1336 5570 1472 5638 πρὸς
1499 5571 1558 5624 τὸ
1609 5571 1739 5642 ἐξῆς

1851 5574 2244 5630 observandum
2284 5573 2455 5634 vobis,
2510 5577 2567 5622 ut
2597 5582 2718 5622 cum
2748 5565 2908 5621 alicui
2949 5567 3174 5621 fratrum
3211 5572 3426 5618 vestro-

255 5743 293 5770 “
328 5743 507 5798 Μ.ι;ι1ι.
545 5761 694 5808 χλιιι,
738 5744 816 5798 ιο.
