4008 6318
591 374 699 439 955

593 500 711 540 rum
743 483 1047 539 communis
1076 498 1222 539 mors
1249 483 1522 555 obtigerit,
1557 485 1887 539 conveniant
1913 501 2016 537 una
2042 501 2161 537 om-
2192 494 2232 547 Λ

593 592 721 641 nes,
754 585 809 629 ct
836 576 982 644 jnsta
1014 573 1087 627 illi
1117 576 1431 645 persolvant
1461 593 1473 628 :
1508 585 1567 628 ut
1606 590 1670 628 ex
1718 576 1821 630 hoc
1847 576 2012 629 etiam
2053 576 2171 628 lau-

592 668 751 718 detur
782 665 1032 735 egregius
1071 673 1245 717 caelus
1282 673 1479 722 vester.
1518 664 1582 717 ad
1614 664 1839 734 gloriam
1868 676 1922 718 et
1955 664 2167 718 Iaudem

593 755 862 823 magniﬁci
890 756 980 808 Dei
1008 758 1202 809 nostri.
1236 756 1361 808 Fide
1388 756 1548 825 igitur
1572 770 1635 808 ac
1665 764 1810 808 metu
1832 755 1960 809 huic
1988 756 2170 809 libello

592 862 691 899 nos
722 855 1091 915 aggregantes,
1112 847 1271 900 etiam
1296 848 1515 899 nomina
1549 853 1727 898 nostra
1752 846 2170 899 subnotavimus

593 952 715 990 cum
764 938 1064 1006 quantitate
1112 938 1404 993 oblationis
1435 949 1635 993 nostra:
1696 938 1975 1001 minima},
2024 937 2168 991 illius

592 1027 900 1080 mercedem
959 1028 1009 1080 in
1056 1027 1241 1081 futuro
1281 1029 1482 1082 sreeulo
1510 1034 1890 1095 exspectantes
1928 1042 1957 1079 a
1985 1042 2168 1080 remu-

590 1128 867 1180 neratore,
892 1118 1039 1186 justo
1060 1120 1243 1189 judice
1277 1118 1681 1182 omniumJesu
1699 1117 1914 1173 Christo
1939 1118 2167 1173 Domino

591 1225 655 1262 ac
692 1208 799 1265 Deo
837 1224 1048 1266 nostro.

1786 372 1845 433 S.
1878 372 2268 432 THEODORI
2319 372 2668 431 STUDI'I‘E

3749 370 3848 433 956

2269 483 2569 551 βελτίωσιν.
2606 486 2747 553 Πρὸς
2796 483 3007 546 τούτοις
3066 480 3432 552 φυλάττεσθαι
3462 480 3609 549 ὑμᾶς
3636 480 3733 531 καὶ
3762 479 3841 543 τὸ,

2276 576 2405 628 ὅταν
2454 576 2591 645 τύχῃ
2619 576 2699 628 ἐνὶ
2726 575 2835 626 τῶν
2886 575 3131 643 ἀδελφῶν
3158 573 3311 642 ὑμῶν
3343 576 3371 625 6
3395 570 3573 634 κοινὸς
3596 571 3843 632 θάνατος,

2277 666 2485 729 πάντας
2542 664 2989 736 συναθροίζεσθαι
3026 667 3119 719 ἐπὶ
3160 666 3222 719 τὸ
3246 664 3398 726 αὐτὸ,
3429 663 3524 716 καὶ
3550 663 3650 733 τὴν
3687 664 3845 715 ὲκκο-

2279 755 2442 825 μιδὴν
2471 758 2565 809 καὶ
2587 757 2907 824 ἐνταφίασιν
2936 756 3099 809 αὐτοῦ
3141 756 3417 809 ποιεῖσθαι
3445 771 3459 784 '
3488 754 3632 807 ὥστε
3663 754 3757 804 καὶ
3786 755 3848 806 ἐκ

2273 848 2468 901 τούτου
2517 849 2577 902 τὸ
2610 850 2772 903 καλὸν
2817 848 2975 919 ὑμῶν
3022 849 3310 919 σύνταγμα⁸
3341 848 3690 903 ἐπαινεῖσθαι
3714 849 3848 917 πρὸς

2273 940 2429 1004 δόξαν
2463 942 2553 994 καὶ
2598 938 2746 994 αἶνον
2779 941 2874 995 τοῦ
2931 941 3310 1012 μεγαλοδώρου
3340 940 3476 994 Θεοῦ
3521 940 3709 1010 ήμῶν.
3751 940 3848 991 Πί-

2275 1048 2387 1085 στει
2411 1028 2504 1086 οῦν
2542 1035 2636 1087 καί¹
2658 1034 2809 1103 φόϐῳ
2838 1033 2976 1103 τῷδε
3019 1034 3095 1103 τῷ
3127 1033 3496 1105 γραμματείῳ
3545 1030 3848 1096 συντάξαν-

2272 1138 2362 1185 τες
2383 1125 2631 1189 ἑαυτοὺς,
2659 1126 2754 1178 καὶ
2781 1126 2849 1179 τὰ
2872 1127 3083 1180 ἑαυτῶν
3106 1128 3344 1195 ὀνόματα
3375 1122 3849 1194 ὐπεσημηνάμεθα

2276 1217 2373 1267 σὺν
2421 1217 2498 1286 τῷ
2521 1216 2694 1286 ποσῷ,
2738 1219 2834 1288 τὴν
2877 1216 3302 1287 μισθαποδοσίαν
3327 1214 3531 1286 ταύτης
3563 1214 3723 1285 ἡμῶν
3753 1213 3850 1279 τῆς

592 1299 878 1371 ἐλαχίστης
912 1302 1221 1368 προθέσεως
1253 1300 1674 1371 ἀπεκδεχόμενοι
1704 1304 1761 1353 ἐν
1792 1301 1868 1371 τῷ
1902 1301 2149 1373 μέλλοντι
2187 1304 2343 1358 αἰῶνι
2421 1308 2574 1379 παρά
2616 1309 2711 1362 τοῦ
2784 1309 3178 1379 μισθαποδότου
3243 1308 3454 1362 δικαίου
3512 1305 3704 1377 κριτοῦ
3734 1306 3853 1358 τῶν

591 1394 726 1450 ὅλων
756 1396 929 1465 Ἰησοῦ
983 1397 1218 1466 Χριστοῦ
1264 1396 1359 1449 τοῦ
1403 1397 1604 1467 Κυρίου
1641 1398 1733 1449 καὶ
1775 1395 1908 1448 Θεοῦ
1961 1395 2142 1465 ἡμῶν.

972 1509 1111 1564 XIV.
1139 1539 1205 1549 --
1234 1509 1443 1581 lgnah’o
1468 1510 1765 1579 prwposito.

2559 1511 2655 1561 IA'.
2689 1538 2758 1548 —
2789 1509 3056 1578 Ἰγνατίῳ
3088 1509 3418 1579 ἡγουμένῳ.

1852 1599 2143 1647 Monachum
2165 1599 2424 1662 fugitivum
2448 1598 2654 1660 repetit.

666 1684 806 1737 Ante
830 1685 1010 1738 omnia
1045 1686 1388 1741 salutationis
1429 1686 1673 1740 debitum
1700 1695 1938 1756 paternae
1975 1685 2165 1740 sancti-

2354 1684 2466 1755 Πρὸ
2501 1686 2703 1749 παντὸς
2725 1686 2885 1740 ἀλλου
2913 1685 2972 1738 τι
2996 1686 3096 1755 τῆς
3121 1685 3497 1755 προσηγορίας
3521 1686 3682 1758 χρέος
3710 1688 3847 1739 ἀπο-

598 1772 691 1825 Iati
757 1784 862 1827 tua:
910 1776 1160 1843 persolvo
1191 1793 1204 1828 :
1235 1778 1311 1829 sic
1367 1776 1513 1831 enim
1564 1777 1776 1831 debui:
1814 1787 1927 1832 tum
1980 1778 2175 1833 deinde

594 1879 813 1917 causam
872 1883 1136 1934 exponam
1199 1869 1501 1921 litterarum
1556 1884 1821 1923 mearum.
1874 1870 2175 1923 Rationalis

594 1956 711 2009 ovis
736 1966 938 2020 nostra,
961 1958 1122 2013 frater
1150 1960 1257 2021 ille,
1291 1960 1570 2029 multiplici
1591 1961 1893 2014 animarum
1915 1962 2176 2016 interem-

596 2051 768 2119 ptoris
800 2051 1130 2125 lupifraude
1174 2055 1415 2119 illectus,
1452 2054 1518 2109 ab
1568 2055 1757 2108 humili
1797 2056 1923 2109 ovili
1985 2065 2173 2110 nostro

594 2141 802 2207 cjectus
833 2151 936 2208 est,
981 2155 1391 2213 susceptusque,
1427 2156 1485 2198 ut
1508 2148 1883 2216 cognovimus,
1912 2149 1965 2202 in
1992 2164 2173 2202 mona-

594 2230 761 2284 sterio
788 2233 1086 2286 sanctitatis
1120 2243 1242 2287 ture.
1279 2236 1430 2299 Quod
1464 2237 1507 2289 si
1538 2238 1719 2290 statim
1749 2254 1811 2291 ac
1835 2237 1982 2291 illum
2011 2254 2170 2294 exce-

596 2320 694 2389 pit,
738 2322 971 2375 reditum
1003 2324 1073 2376 illi
1102 2326 1381 2389 suasisset,
1408 2326 1590 2380 dolum
1631 2331 1942 2390 ostendens,
1974 2338 2025 2383 et
2053 2330 2169 2384 exi-

597 2413 729 2466 tium
760 2429 866 2481 quo
909 2414 1136 2469 affectus
1174 2427 1278 2477 est,
1309 2433 1371 2470 ac
1418 2419 1613 2473 deinde
1647 2421 1921 2475 meliorem
1968 2423 2166 2475 factum

597 2504 661 2556 ad
703 2505 1131 2560 mediocritatem
1184 2516 1420 2562 nostram
1466 2510 1790 2573 reduxisset,
1838 2513 1974 2566 nihil
2014 2514 2168 2567 abre

597 2596 793 2649 factum
818 2608 979 2661 esset,
1012 2599 1103 2652 sed
1132 2601 1274 2668 quod
1304 2602 1471 2670 ipsam
1508 2602 1897 2664 deceret,sient
1917 2605 2167 2658 asanetis

591 2688 727 2757 jnssi
760 2704 968 2742 sumus.
998 2690 1151 2745 Nunc
1175 2708 1321 2754 vero,
1354 2703 1637 2762 postquam
1672 2702 1879 2748 tantum
1908 2697 2167 2764 temporis

595 2780 822 2841 elilnxit.
856 2792 909 2836 et
943 2785 1085 2836 nulla
1117 2785 1322 2840 reditus
1363 2790 1565 2840 mentio
1589 2827 1602 2851 ,
1648 2787 1976 2857 interrogare
2013 2789 2162 2853 libet,

596 2889 703 2940 quo
734 2886 891 2942 pacto
924 2876 1247 2945 discipulum
1279 2893 1457 2931 meum
1486 2878 1657 2948 pietas
1688 2888 1777 2933 tua
1804 2883 1951 2934 velut
1982 2880 2163 2951 ignara

600 2966 849 3019 retineat.
898 2968 1056 3035 Atqui
1100 2970 1417 3038 oportebat,
1474 2986 1596 3024 cum
1638 2972 1871 3040 primum
1922 2974 2161 3045 agnovit,

598 3070 755 3123 quem
792 3072 897 3111 non
934 3060 1261 3127 totonderat,
1291 3061 1567 3119 dimittere
1604 3081 1616 3115 :
1654 3074 1713 3119 ut
1739 3081 1858 3135 quze
1906 3067 2039 3121 satis
2083 3068 2166 3121 in-

599 3149 807 3218 telligit,
842 3161 1103 3219 quantum
1142 3154 1193 3207 id
1237 3155 1431 3209 habeat
1480 3157 1813 3211 detrimenti.
1862 3158 1975 3214 Scit
2022 3159 2166 3213 enim

596 3240 724 3307 quid
756 3243 961 3295 sanciat
989 3244 1203 3298 divinus
1229 3260 1562 3315 magnusque
1586 3247 1829 3310 Basilius,
1879 3260 1936 3303 ut
1962 3266 1991 3304 a
2022 3250 2167 3303 nulla

596 3329 935 3385 fraternitate
963 3334 1274 3402 recipiatur,
1304 3336 1393 3404 qui
1420 3352 1448 3389 a
1476 3336 1700 3391 fratrum
1724 3355 1944 3393 suorum
1976 3350 2169 3395 contu-

596 3420 785 3475 bernio
830 3424 1075 3478 resiiivit.
1101 3424 1391 3491 Quomodo
1424 3428 1572 3481 enim
1622 3430 1919 3485 consistere
1959 3431 2168 3501 possint

596 3513 864 3578 cmnobia,
907 3515 1010 3569 nisi
1042 3516 1145 3571 hoc
1172 3526 1332 3585 caput
1373 3534 1485 3587 prre
1530 3520 1783 3573 omnibus
1812 3521 2169 3593 observetur?

598 3603 750 3668 Quod
787 3605 830 3659 si
863 3606 1002 3658 inter
1028 3608 1205 3661 sazculi
1233 3608 1393 3678 hujus
1420 3610 1822 3679 ludimagistros
1847 3613 1898 3665 in
1929 3613 2170 3683 discipli-

596 3713 720 3750 nam
749 3698 993 3768 recipere
1040 3717 1267 3769 puerum
1310 3718 1417 3755 non
1446 3702 1595 3767 licet,
1633 3705 1723 3775 qui
1772 3706 1924 3761 alteri
1971 3707 2171 3762 scholae

596 3789 826 3842 traditus
855 3790 944 3855 sit,
987 3802 1078 3845 aut
1105 3793 1148 3845 si
1179 3792 1300 3861 quis
1330 3793 1380 3847 id
1410 3794 1592 3859 faciat,
1626 3812 1748 3849 eum
1784 3814 1974 3852 omnes
2003 3801 2169 3853 colle-

597 3881 668 3934 eti
711 3882 891 3937 multae
922 3899 1202 3954 panaque
1233 3886 1551 3955 subjiciunt,
1600 3898 1802 3957 quanto
1834 3890 1999 3957 magis
2029 3891 2168 3944 inter

598 3988 717 4037 nos,
748 3974 1087 4030 sanctissime
1112 3975 1270 4030 Pater
1294 4019 1307 4040 ,
1340 3979 1430 4047 qui
1476 3979 1527 4031 in
1562 3978 1650 4031 Dei
1680 3978 1916 4033 Ecclesia
1958 3996 2164 4045 sumus,

595 4072 645 4116 et
670 4064 875 4118 animas
906 4065 1242 4119 instituimus
1273 4068 1338 4120 ad
1382 4068 1689 4137 exemplum
1722 4069 1878 4137 primi
1928 4071 2164 4139 magistri

595 4164 649 4206 et
695 4156 929 4223 pastoris
977 4157 1144 4210 nostri
1198 4156 1324 4211 Jesu
1370 4157 1831 4228 Christi?Utiquc
1883 4175 1991 4212 non
2046 4176 2165 4214 sum

594 4243 812 4297 nescius
860 4252 911 4298 te
963 4245 1226 4315 sapientia
1287 4247 1620 4317 scientiaque
1682 4249 1979 4304 abundare.
2036 4250 2162 4314 Sed,

2275 1777 2473 1830 τιννύω
2521 1780 2585 1848 τῇ
2639 1780 2881 1848 πατρικῇ
2938 1795 3031 1831 σου
3075 1777 3398 1848 ἁγιωσύνης
3433 1778 3644 1848 ὤφελον
3696 1779 3846 1848 γάρ’

2275 1864 2375 1921 εἷθ’
2424 1868 2597 1932 οὕτως
2630 1869 2730 1938 τὴν
2763 1870 2944 1921 αἰτίαν
2976 1869 3087 1921 τῶν
3142 1870 3483 1939 γραμμάτων
3526 1870 3845 1937 ἀπαγγελῶ.

2278 1959 2559 2028 Πρόϐατον
2621 1959 2779 2030 ἡμῶν
2826 1960 3042 2027 λογικὸν
3079 1961 3108 2011 6
3137 1961 3283 2013 δεῖνα
3317 1962 3345 2013 6
3372 1960 3599 2028 ἀδελφὸς
3619 2002 3633 2021 ,
3666 1961 3849 2013 δελεα-

2276 2052 2425 2115 σθεὶς
2474 2052 2579 2105 ὑπὸ
2620 2052 2728 2121 τῆς
2766 2050 3137 2120 πολυμεθόδου
3174 2050 3505 2120 πανουργίας
3548 2050 3645 2103 τοῦ
3677 2050 3848 2120 ψυχο-

2272 2144 2476 2214 φθόρου
2523 2144 2709 2209 λύκου,
2754 2143 3038 2213 ἀπεξεώθη
3076 2144 3176 2213 τῆς
3210 2143 3468 2211 ταπεινῆς
3528 2142 3687 2212 ἡμῶν
3728 2144 3849 2194 ποί-

2274 2253 2432 2306 μνης,
2464 2237 2576 2301 καὶ,
2601 2235 2675 2298 ὡς
2700 2235 2967 2303 ἔγνωσται
2994 2236 3147 2304 ἡμῖν,
3176 2234 3509 2304 πωσεδέχθη
3537 2235 3593 2287 ἐν
3619 2237 3686 2304 τῇ
3714 2238 3846 2305 μονῇ

2270 2330 2366 2397 τῆς
2394 2326 2671 2395 ὁσιότητος
2712 2343 2827 2381 σου.
2862 2326 2970 2378 Καὶ
3015 2327 3062 2378 εἰ
3124 2326 3223 2394 μὲν
3277 2325 3520 2396 παρευθὺ
3571 2324 3846 2395 δεξαμένη

2270 2419 2619 2488 νενουθέτηκε
2665 2419 2732 2473 τὰ
2786 2419 2922 2488 πρὸς
2983 2418 3366 2488 ὑποστροφὴν,
3422 2415 3848 2470 ὑποδεικνύουσα

2269 2510 2366 2580 τὴν
2396 2510 2615 2579 ἀπάτην
2650 2509 2745 2562 καὶ
2769 2508 2859 2562 τὸν
2888 2508 3111 2580 δλεθρον
3140 2509 3199 2562 ὃν
3229 2506 3500 2560 πέπονθεν
3528 2523 3544 2539 ’
3587 2501 3709 2559 εἶτα
3733 2506 3848 2576 βελ-

2266 2603 2507 2655 τιώσασα
2526 2602 2735 2670 ἀνθυπή
2749 2618 2880 2668 γαγε
2907 2602 3038 2671 πρὸς
3054 2602 3152 2669 τὴν
3173 2598 3448 2652 εὐτέλειαν
3466 2599 3497 2667 ἠ
3509 2596 3625 2666 μῶν
3652 2615 3663 2628 ·
3692 2599 3845 2651 οὐδὲν

2265 2694 2325 2745 τδ
2342 2695 2589 2760 ἀπεικὸς,
2619 2694 2755 2747 ἀλλά
2779 2694 2838 2747 τὸ
2861 2691 3173 2762 ἐφαρμόζου
3198 2692 3358 2761 αὐτῇ,
3375 2690 3449 2753 ὼς
3474 2690 3843 2760 ἐντετάλμεθα

2267 2785 2370 2837 ὑπὸ
2423 2784 2531 2839 τῶν
2585 2787 2779 2855 ἁγίων.
2810 2786 2965 2838 Ἐπεὶ
3006 2784 3063 2837 δὲ
3095 2784 3351 2847 τοσοῦτος
3401 2783 3591 2854 χρόνος
3630 2785 3838 2855 παρίπ-

2269 2892 2455 2937 πευσε,
2491 2874 2584 2927 καὶ
2616 2874 2904 2945 οὐδαμοῦή
2952 2874 3225 2935 ἀνάλυσις.
3254 2872 3595 2945 ἐρωτηθῆναι
3660 2872 3845 2945 βούλοο

2271 2985 2386 3036 μαι,
2407 2969 2540 3036 ποίῳ
2557 2968 2743 3037 τρόπῳ
2772 2967 2860 3018 τὸν
2886 2965 3133 3037 μαθητήν
3165 2984 3263 3036 μου
3291 2968 3632 3038 ἐπικρατεῖὴ
3660 2968 3843 3034 0:0?!-

2273 3057 2391 3109 λειά
2416 3042 2531 3118 σου,
2563 3056 2640 3119 ὡς
2673 3056 2965 3124 ἀγνοοῦσα.
3005 3056 3143 3110 Ἀλλ’
3170 3056 3276 3109 ἔδει
3318 3056 3435 3126 μετ’
3465 3056 3838 3126 ἐπιγνώσεως,

2269 3147 2326 3199 ὃν
2360 3148 2461 3201 οὐκ
2509 3147 2833 3217 ἀπέκειρεν,
2867 3146 3302 3217 ἀποπέμψασθαι
3335 3161 3350 3176 ⁶
3394 3148 3472 3212 ὡς
3500 3148 3844 3217 γινώσκουσα

2270 3239 2403 3292 πολὺ
2435 3240 2493 3292 τὸ
2545 3238 2862 3303 ἐπιϐλαϐές.
2909 3239 3232 3294 Ἐπίσταται
3271 3240 3379 3311 γὰρ
3425 3240 3477 3293 τί
3509 3241 3791 3311 νομοθετεῖ
3817 3243 3844 3294 ὁ

2271 3330 2411 3393 θεῖος
2433 3332 2527 3384 καὶ
2565 3331 2737 3401 μέγας
2762 3330 3065 3396 Βασίλειος,
3092 3331 3187 3385 τοῦ
3218 3332 3592 3403 ἀπρόσδεκτον
3618 3331 3756 3385 εἶναι
3785 3336 3841 3385 ὲν

2271 3425 2475 3486 πάσαις
2526 3426 2649 3487 ταῖς
2699 3424 3047 3493 ἀδελφότησι,
3080 3424 3170 3479 τὸν
3201 3424 3566 3494 ἀποπηδῶντα
3602 3425 3703 3493 τῆς
3733 3423 3838 3477 τῶν

2268 3515 2485 3567 οἰκείων
2526 3515 2772 3585 ἀδελφῶν
2824 3517 3142 3586 συναφείας.
3180 3518 3304 3580 Πῶς
3348 3518 3459 3587 γάρ
3503 3515 3569 3568 ἂν
3616 3516 3713 3570 καὶ
3747 3532 3841 3567 συ-

2272 3604 2535 3675 σταίησαν
2579 3605 2648 3658 τὰ
2713 3605 2973 3668 κοινόϐια,
3013 3608 3061 3659 εί
3113 3606 3188 3675 μὴ
3230 3605 3386 3659 τοῦτο
3424 3606 3841 3677 παρατηρηθείη

2272 3695 2378 3764 πρό
2405 3712 2469 3763 γε
2505 3696 2723 3748 πάντων
2756 3696 2816 3747 τὸ
2842 3697 3136 3763 κεφάλαιον
3162 3714 3177 3762 ;
3210 3696 3269 3747 El
3301 3696 3407 3766 γάρ
3430 3697 3520 3748 ἐπὶ
3567 3697 3677 3749 τῶν
3715 3714 3841 3751 παι-

2270 3783 2666 3837 δοδιδασκάλων
2691 3783 2783 3837 τοῦ
2804 3784 3004 3853 κόσμου
3023 3783 3235 3847 τούτου,
3255 3785 3351 3855 οὐχ
3372 3778 3483 3837 οίόν
3622 3786 3737 3839 ἐστι
3761 3787 3842 3840 δέ·

2270 3874 2463 3939 ξασθαι
2518 3878 2576 3928 ἐν
2609 3879 2722 3939 τοῖς
2770 3876 3059 3947 μαθήμασί
3103 3895 3224 3930 τινα
3266 3879 3359 3931 τὸν
3393 3878 3452 3931 ἐν
3484 3879 3648 3949 ἑτέρᾳ
3676 3879 3837 3951 σχολῇ

2269 3968 2649 4037 παραδοθέντα
2676 3968 2843 4021 παῖδα
2877 3986 2889 3997 ⁸
2923 3969 2954 4037 ἢ
2987 3968 3147 4021 τοῦτο
3184 3968 3443 4022 ποιοῦντα
3473 3968 3841 4023 ὑποϐάλλουσι

2270 4061 2718 4131 συνηθροισμένοι
2747 4063 2793 4114 οί
2822 4063 3018 4126 πάντες
3049 4062 3347 4131 ἐπιτιμίοις
3377 4062 3578 4135 ζημίᾳ·
3605 4066 3755 4134 πόσῳ
3777 4080 3837 4131 γε

2274 4153 2475 4222 μᾶλλον
2510 4155 2597 4223 ἐφ’
2630 4153 2806 4224 ἡμῶν,
2836 4153 3106 4221 ἀγιὼτατε
3130 4154 3333 4223 Πάτερ,
3367 4154 3475 4207 τῶν
3515 4155 3838 4225 Ἐκκλησίας

2268 4246 2406 4299 Θεοῦ
2463 4249 2823 4316 κατεχόντων,
2848 4248 2945 4301 καὶ
2988 4246 3175 4317 ψυχῶν
3211 4247 3668 4317 καθηγουμένων,
3697 4249 3837 4302 κατά

593 4348 777 4400 quaeso
812 4342 881 4398 te,
936 4334 1059 4389 facti
1114 4336 1276 4405 hujus
1303 4338 1691 4393 absurditatem
1725 4340 2007 4395 considera
2037 4385 2051 4409 ,
2109 4353 2163 4397 tu

2273 4337 2503 4405 μίμησιν
2528 4337 2622 4389 τοῦ
2654 4336 2870 4407 πρώτου
2898 4336 3219 4390 διδασκάλου
3264 4337 3361 4389 καὶ
3393 4338 3655 4407 ποιμένος
3685 4337 3839 4408 ήμῶν

593 4423 849 4487 maxime,
876 4426 967 4493 qui
1002 4426 1142 4479 inter
1180 4441 1363 4482 saeros
1394 4426 1588 4483 fratres
1634 4431 1802 4501 gradu
1849 4440 1905 4486 et
1958 4432 2162 4487 honnre

594 4518 934 4585 praeemines.
970 4519 1051 4571 An
1083 4518 1281 4582 nescis,
1305 4520 1664 4585 sanctissime,
1708 4524 1850 4591 quod
1884 4531 1973 4577 tuo
1998 4523 2158 4577 etiam

594 4608 737 4678 gregi
768 4609 988 4662 noxium
1022 4610 1093 4663 sit
1120 4610 1352 4663 alienam
1374 4625 1530 4665 ovem
1558 4614 1811 4682 copulare
1831 4615 1853 4666 ?
1877 4613 2009 4667 Cum
2033 4630 2161 4684 ergo

594 4697 648 4751 in
676 4698 925 4755 confesso
964 4701 1032 4754 sit
1072 4709 1281 4754 tantum
1329 4703 1550 4769 malum,
1623 4720 1880 4771 oramus,
1941 4713 2000 4758 ut
2038 4722 2158 4760 cum

592 4789 800 4845 litteras
824 4791 1094 4861 simplices
1116 4803 1330 4849 nostras
1360 4796 1657 4864 acceperis,
1683 4795 1939 4850 fratribus
1962 4798 2163 4852 nostris

592 4880 646 4934 in
680 4897 799 4936 eam
838 4898 950 4937 rem
989 4884 1170 4939 missis
1213 4884 1363 4939 illum
1398 4887 1615 4949 tradas,
1671 4897 1732 4942 ut
1777 4889 1843 4942 ad
1883 4888 2161 4957 proprium

591 4971 733 5025 ovile
760 4972 1042 5036 reducant,
1090 4990 1211 5028 cum
1246 4975 1412 5029 rebus
1440 4976 1696 5031 Ecclesiae
1736 4992 1875 5044 quas
1915 4976 2156 5031 abstulit.

590 5060 741 5124 Quod
784 5060 827 5114 si
871 5061 1092 5131 obsequi
1138 5063 1304 5118 frater
1349 5064 1572 5129 abnuat,
1608 5064 1891 5120 confestim
1938 5081 1967 5119 a
2006 5080 2160 5118 sacro

592 5151 742 5205 illum
774 5152 902 5207 ovili
937 5156 1105 5207 tuoin
1136 5158 1328 5209 malam
1353 5172 1465 5209 rem
1497 5156 1727 5225 ejectum
1758 5157 1908 5211 velis.
1942 5154 2035 5210 Sin
2063 5172 2161 5210 au-

593 5253 721 5305 tem,
754 5244 897 5312 quod
937 5245 1158 5299 minime
1198 5261 1395 5311 remur,
1432 5257 1552 5316 post
1586 5248 1831 5303 notitiam
1860 5250 2001 5304 hanc
2028 5250 2158 5303 reti-

592 5347 721 5385 nere
756 5334 903 5386 illum
942 5334 1121 5404 pergis
1142 5375 1157 5399 ,
1190 5336 1324 5390 scito
1358 5337 1574 5407 ligatum
1612 5355 1639 5392 a
1672 5340 1828 5395 nobis
1859 5356 1998 5404 esse,
2048 5356 2158 5395 non

594 5430 814 5485 temere,
860 5423 954 5476 sed
995 5440 1189 5494 magno
1232 5442 1455 5494 prorsus
1499 5429 1722 5497 judicio,
1772 5433 1856 5485 vel
1902 5433 2082 5501 potius
2128 5448 2157 5485 a

591 5524 775 5568 sancta
808 5514 1072 5569 Trinitate
1102 5527 1156 5571 et
1196 5518 1466 5573 universis
1499 5521 1919 5577 sacerdotalibus
1965 5523 2158 5577 decre-

588 5607 677 5666 tis,
736 5614 794 5658 nt
843 5608 1227 5663 communione
1277 5620 1459 5665 careat
1504 5612 1807 5667 divinorum
1865 5614 2154 5679 donorum,

586 5705 746 5764 atque
772 5697 1099 5751 exteriorum
1133 5715 1346 5769 quoque
1375 5702 1617 5756 ciborum
1643 5703 1938 5769 consortio,
1980 5706 2154 5773 quoad

590 5804 838 5846 reversus
870 5790 1110 5846 mandrtc
1155 5807 1266 5849 suae
1314 5795 1650 5857 restituatur.
1684 5795 2153 5863 Quemadmodum

2286 4428 2456 4498 Ἰησοῦ
2509 4428 2785 4498 Χριστοῦ;
2819 4424 2948 4480 Οἶδα
2993 4428 3172 4480 τοίνυν
3222 4427 3304 4479 ὅτι
3335 4428 3768 4498 πεπληρωμένος
3790 4423 3840 4480 εῐ

2270 4521 2460 4588 σοφίας
2484 4521 2577 4571 καὶ
2607 4520 2875 4587 γνώσεως.
2913 4518 3074 4571 Ἀλλά
3102 4519 3291 4589 δέομαί
3327 4536 3419 4571 σου
3454 4519 3753 4588 ἐπιγνῶναι
3778 4519 3835 4571 τὸ

2266 4612 2640 4681 πραττόμενον
2695 4611 2927 4663 ἔκτοπον
2958 4651 2970 4673 ,
3008 4612 3104 4662 καὶ
3169 4610 3404 4680 μάλιστα
3439 4611 3602 4673 αὐτὸς
3640 4614 3668 4664 6
3702 4627 3835 4680 προ-

2265 4703 2404 4771 έχων
2432 4701 2540 4752 τῶν
2571 4700 2766 4765 ἄλλων,
2800 4702 2893 4754 καὶ
2920 4699 3120 4770 βρίθων
3157 4703 3215 4753 ἐν
3258 4702 3379 4772 ἱερᾷ
3418 4702 3837 4771 ἀδελφότητι.Ἥ

2262 4792 2360 4844 οὐκ
2410 4787 2578 4855 οἶδας,
2610 4792 2899 4855 ὁσιώτατε,
2936 4791 3017 4844 ὅτι
3061 4792 3154 4844 καὶ
3184 4791 3334 4862 αὐτῷ
3362 4791 3438 4862 τῷ
3479 4793 3717 4863 ποιμνίῳ
3743 4810 3832 4845 σου

2262 4882 2552 4944 ἐπιϐλαϐές
2606 4884 2721 4934 ἐστι
2776 4884 3068 4936 συνάπτειν
3131 4882 3403 4951 πρόϐατον
3480 4884 3831 4953 ἐτεροδέσπο·

2261 4991 2380 5039 τον;
2413 4975 2680 5027 Τοσούτου
2709 4970 2801 5027 οῦν
2835 4975 3007 5038 ὄντος,
3044 4974 3251 5039 λοιπὸν,
3286 4974 3711 5045 ὡμολογημένου
3743 4974 3831 5026 τοῦ

2253 5067 2455 5135 κακοῦ,
2519 5067 2926 5137 ἀντιϐολοῦμεν,
2997 5067 3159 5136 ἡνίκα
3210 5065 3336 5140 δέξῃ
3393 5067 3550 5138 ἡμῶν
3613 5071 3683 5122 τὰ
3741 5069 3829 5121 εὑ-

2260 5158 2384 5227 τελῆ
2448 5158 2754 5227 γράμματα
2789 5198 2803 5221 ,
2870 5156 3201 5227 παραδοῦναι
3269 5157 3401 5212 αὐτὸ
3486 5161 3600 5220 τοῖς
3700 5161 3830 5227 πρὸς

2261 5249 2390 5302 αὐτὸ
2483 5248 2642 5302 τοῦτο
2738 5249 3061 5318 πεμφθεῖσιν
3142 5249 3393 5317 ἀδελφοῖς
3474 5249 3633 5319 ἡμῶν
3665 5290 3680 5313 ,
3749 5250 3829 5301 ἵνα

2260 5339 2540 5407 ἀγάγωσιν
2624 5339 2784 5391 αὐτὸν
2852 5339 2987 5407 πρὸς
3033 5338 3129 5409 τὴν
3199 5338 3333 5391 ίδίαν
3379 5338 3655 5407 ποίμνην,
3714 5338 3828 5408 μεθ’

2260 5422 2332 5481 ὧν
2386 5431 2772 5498 ἐσφετερίσατο
2815 5431 3157 5499 πραγμάτων
3204 5430 3300 5499 τῆς
3364 5431 3717 5503 Ἐκκλησίας.
3774 5429 3829 5483 Ei

2260 5520 2317 5573 δὲ
2340 5520 2599 5592 ἀπειθείᾳ
2630 5521 2829 5591 χρῆται
2860 5524 2888 5575 ὁ
2918 5521 3166 5590 ἀδελφὸς,
3193 5522 3631 5591 ἀποσκορακίσαι
3677 5523 3823 5574 αὖτὺε.

2260 5612 2474 5683 θελήσει
2512 5614 2608 5683 τῆς
2650 5613 2798 5683 ίερᾶς
2840 5613 3002 5667 αὑτοῦ
3036 5612 3272 5682 ποίμνης
3304 5614 3646 5682 παραυτίκα.
3681 5615 3739 5666 Et
3764 5613 3826 5675 δ’,

2261 5706 2399 5775 ὅπερ
2427 5705 2525 5757 οὐκ
2550 5705 2795 5776 οἰόμεθα,
2834 5706 2973 5776 μετά
3002 5705 3099 5776 τὴν
3125 5705 3325 5773 γνῶσιν
3356 5704 3565 5774 ταύτην
3612 5710 3823 5760 ἐπικατι

2260 5798 2404 5867 ἐχειν
2441 5798 2601 5851 αὑτὸν
2643 5798 2908 5867 βούλεται,
2942 5796 3252 5866 γινωσκέτω
3300 5797 3379 5850 ὅτι
3417 5797 3698 5868 δεδεμὲνκ
3724 5798 3826 5849 in.
