4008 6318
189 373 295 436 957

1415 381 1954 443 EPISTOLARUM
1993 382 2136 441 LlB.
2174 383 2219 442 Ι.

3370 377 3475 440 958

189 485 324 555 παρ’
345 484 528 555 ἡμῶν,
565 486 666 539 οὐκ
725 487 932 555 ἀλόγως
960 531 973 552 ,
1003 490 1137 542 ἀλλά
1169 493 1261 545 καὶ
1291 494 1412 546 λίαν
1444 496 1774 566 ὲγκεκριμέ-

1890 504 2061 547 autem
2084 493 2239 547 nefas
2263 492 2355 557 sit,
2390 509 2772 565 quemcunque
2802 509 2869 548 ex
2892 491 3168 560 discipulis
3196 489 3307 545 suis
3332 506 3460 545 san-

190 595 326 640 νως,
363 578 568 644 μᾶλλον
619 579 676 632 δὲ
722 578 826 632 ὑπὸ
855 581 950 650 τῆς
982 582 1141 650 ἁγίας
1177 582 1422 656 Τριάδος,
1455 588 1549 640 καὶ
1601 588 1782 658 πάσης

193 669 562 737 θεσμοθεσίας
593 673 898 743 ἱερατικῆς,
935 675 1033 728 τοῦ
1061 677 1426 747 ἀκοινώνητον
1453 680 1617 733 αὑτὸν
1641 677 1784 733 εἶναι

190 763 308 815 τῶν
343 765 502 817 θείων
529 764 740 835 δώρων,
774 767 899 818 ἐπεὶ
932 769 1026 822 καὶ
1055 769 1326 840 ἀμέτοχον
1360 771 1467 824 τῶν
1498 772 1783 844 ὲξωτέρων

193 853 526 923 βρωμάτων·
563 855 667 918 ἕως
702 856 767 910 ἀν
797 858 1248 929 ἀνθυποστρέψας
1275 864 1579 935 είσοικισθῇ
1619 868 1676 918 ὲν
1714 869 1781 937 τῇ

195 946 415 1017 μάνδρᾳ
461 946 648 1002 αὐτοῦ.
678 948 888 1020 Ὠσπερ
922 951 975 1002 δὲ
1030 953 1090 1006 οὐ
1148 953 1327 1022 θέμις,
1362 955 1419 1007 ὃν
1467 957 1658 1026 δεσμεῖ
1708 961 1784 1011 οξ-

192 1039 349 1089 κεῖον
384 1038 635 1110 μαθητὴν
669 1043 701 1111 ή
730 1042 1007 1111 ἀγιωσύνη
1061 1061 1181 1107 σου,
1213 1044 1361 1098 λύειν
1390 1047 1508 1100 τινά
1548 1048 1608 1101 τὺ
1643 1049 1779 1101 καθ-

192 1128 324 1181 όλου
352 1128 720 1202 (παρανομίας
742 1133 851 1204 γάρ
876 1136 1032 1187 τοῦτο
1053 1135 1233 1205 ἔργον,
1265 1138 1359 1190 καὶ
1383 1139 1445 1190 ἐκ
1464 1138 1648 1206 ψήφου
1670 1158 1784 1193 κοι-

195 1221 296 1289 νῆς
323 1218 448 1291 [ms.
486 1222 616 1292 Reg.
643 1223 845 1295 κοινοῦ]
867 1225 962 1293 τῆς
1004 1227 1130 1293 ὅλης
1165 1227 1490 1297 Ἐκκλησίας
1515 1230 1780 1300 καταδίκη

194 1312 796 1383 ὁμοιοπαθείας),οὖτω
825 1315 1043 1378 πάντως
1074 1316 1193 1369 οὐδὲ
1224 1317 1360 1387 πρὸς
1386 1319 1484 1389 τὴν
1516 1319 1789 1390 ἡμετέραν

1882 587 2044 642 ctitas
2081 594 2170 639 tua
2197 585 2396 656 ligarit,
2436 587 2580 641 hunc
2604 588 2670 642 ab
2697 587 2804 640 alio
2839 599 3111 656 quoquam
3153 583 3288 637 solvi
3346 582 3475 648 (ini-

1883 698 2048 750 quum
2076 681 2219 734 enim
2253 691 2337 735 est
2385 681 2626 747 facinus,
2661 691 2716 735 et
2765 697 2832 733 ex
2878 677 3158 733 communi
3218 674 3473 729 Ecclesiae

1890 772 2099 827 calculo
2130 773 2288 827 simili
2314 789 2473 842 poena
2513 772 2822 832 damnatur)
2853 787 2866 823 :
2893 770 2972 825 sic
3005 783 3228 839 prorsus
3275 781 3376 820 nec
3417 765 3470 816 in

1881 865 2313 934 jurisdictionem
2342 873 2610 927 nostram,
2634 879 2796 933 quam
2825 860 3060 931 indignis
3087 859 3248 912 nobis
3283 857 3474 911 tribuit

1889 954 2149 1008 Dominus
2187 969 2299 1009 non
2334 955 2402 1009 ad
2432 953 2753 1024 perniciem,
2785 953 2880 1006 sed
2938 952 3002 1004 ad
3054 947 3468 1004 aediﬁcationem

1886 1044 2212 1107 animarum,
2254 1061 2376 1099 sese
2423 1046 2636 1115 ingerat
2670 1045 2935 1100 sanctitas
2971 1052 3082 1096 tua.
3126 1036 3468 1093 Horrendum

1885 1137 2033 1190 enim
2060 1147 2143 1191 est
2170 1137 2456 1202 judicium.
2487 1136 2832 1206 Quapropter
2870 1133 3066 1187 inﬂexa
3097 1131 3336 1192 tandem,
3360 1128 3474 1195 spi-

1885 1229 2136 1282 ritualem
2171 1229 2339 1283 filium
2372 1237 2622 1284 nostrum
2654 1227 2911 1281 fratribus
2948 1224 3159 1286 reddet,
3193 1238 3289 1293 pro
3313 1218 3472 1274 nobis

1897 1320 2275 1390 peccatoribus
2302 1337 2469 1376 orans
2503 1320 2620 1375 sine
2658 1317 3066 1373 intermissione

197 1400 472 1468 ἐξουσίαν,
503 1403 568 1472 ἧν
624 1403 856 1468 ἀναξίως
907 1405 1136 1460 δέδωκεν
1192 1409 1324 1478 ἡμῖν
1365 1410 1393 1460 ὁ
1439 1409 1672 1479 Κύριος,
1706 1410 1807 1462 οὐκ
1847 1412 1925 1473 είς
1960 1410 2294 1480 καθαίρεσιν,
2343 1413 2458 1464 ἀλλ’
2486 1410 2774 1480 οἰκοδομὴν
2836 1409 3046 1479 ψυχῶν,
3075 1405 3309 1474 ἐπιϐάλῃ
3342 1405 3472 1457 ἑαυ-

197 1492 671 1568 τὴνήάγιωσύνη
714 1516 827 1553 σου.
888 1501 1119 1572 Φρικτὸν
1152 1502 1260 1573 γᾲρ
1311 1503 1368 1555 τὸ
1431 1507 1624 1574 κρῖμα.
1677 1505 1774 1556 Διά
1834 1505 1994 1558 τοῦτο
2042 1507 2523 1577 παρακαλουμένη,
2581 1507 2796 1567 πάντως
2862 1519 2925 1570 γε
2983 1502 3044 1555 τὸ
3105 1499 3473 1570 πνευματικὸν

196 1581 364 1651 ἡμῶν
428 1589 619 1642 τέκνον
663 1591 976 1662 παραδώσει
1027 1597 1139 1658 τοῖς
1187 1595 1457 1663 ἀδελφοῖς,
1509 1596 1776 1666 εὐχομένη
1808 1596 1947 1667 ὑπὲρ
1977 1597 2136 1669 ήμῶν
2167 1597 2275 1650 τῶν
2340 1597 2679 1667 ἁμαρτωλῶν
2703 1595 3080 1656 ἀδιαλείπτως.

455 1730 555 1784 ιιι.
590 1761 660 1770 -—
708 1732 1018 1797 Θεοδούλῳ
1040 1732 1087 1764 ⁸⁸
1126 1735 1390 1800 Κιονίτῃ.
1426 1733 1574 1806 [λβη]

2249 1735 2362 1791 XV.
2391 1766 2460 1775 —
2489 1736 2745 1789 Theodulo
2769 1733 2986 1790 Cioniue
3008 1731 3078 1762 ’δ’

1191 1877 1531 1938 Reprehendit
1557 1877 1794 1938 picturam
1820 1876 2112 1938 angelorum
2137 1876 2504 1928 eruciﬁxorum.

288 2006 384 2059 Ἐκ
410 2007 602 2076 χρόνου
633 2005 827 2060 πολλοῦ
855 2007 1152 2077 ἐπιθυμίαν
1174 2007 1349 2077 ἔχοντι
1373 2007 1478 2069 ἓως
1502 2006 1596 2060 τοῦ
1640 2023 1785 2076 παρ-

1958 2009 2209 2078 Cupienti
2249 2009 2381 2062 mihi
2411 2009 2731 2078 jamdudum
2761 2010 2824 2063 ad
2871 2019 2921 2065 te
2950 2010 3160 2072 venire,
3186 2007 3470 2063 sanctissi-

199 2103 356 2165 ὄντος
381 2143 396 2167 ,
429 2102 701 2170 ἁγιώτατέ
740 2121 842 2173 μου
886 2105 1088 2174 Πάτερ,
1120 2104 1293 2157 ἐλθεῖν
1322 2104 1416 2158 καὶ
1451 2104 1782 2171 κομίσασθαί

202 2208 300 2244 σου
362 2193 462 2256 τὰς
520 2194 682 2262 ἁγίας
738 2195 926 2263 εὐχὰς,
991 2195 1088 2247 οὐκ
1150 2194 1426 2263 ἐξεγένετό
1494 2213 1584 2265 μοι
1643 2195 1781 2258 ὁδὸς,

203 2284 429 2346 πάντως
485 2284 573 2337 διὰ
622 2284 721 2347 τάς
771 2286 1046 2354 ἁμαρτίας
1101 2302 1200 2355 μου
1231 2301 1244 2315 ·
1281 2287 1473 2356 ὥσπερ
1515 2286 1611 2338 καὶ
1665 2282 1780 2336 νῦν.

202 2377 296 2429 Διὸ
368 2377 720 2447 ἠναγκάσθην
780 2377 1098 2430 ἀποστεῖλαι
1153 2380 1244 2431 τὸν
1321 2379 1548 2445 ἀδελφὸν
1624 2377 1784 2446 ήμῶν

200 2468 296 2520 τὸν
355 2467 696 2538 Καλόγηρον,
774 2469 1189 2540 ἀναπληροῦντα
1245 2471 1345 2540 τῆς
1404 2467 1784 2529 ταπεινώσεως

204 2561 366 2630 ἡμῶν
410 2561 508 2628 τὴν
563 2561 870 2615 ἀπουσίανο
923 2563 1044 2615 ἐπεὶ
1092 2565 1182 2616 καὶ
1237 2564 1398 2632 ἡμεῖς
1452 2562 1783 2632 ἐλευσόμεθα

203 2652 681 2720 προσκυνήσοντες
712 2652 778 2706 τά
809 2653 965 2721 τίμιὰ
992 2671 1083 2706 σου
1122 2655 1266 2726 ἴχνη,
1284 2654 1420 2708 Θεοῦ
1447 2654 1780 2716 εὐοδοῦντος.

206 2743 492 2810 Σύγγνωθι
540 2743 598 2796 δέ
656 2761 766 2813 μοι,
802 2746 1006 2814 Πάτερ,
1035 2746 1063 2798 ὃ
1110 2747 1288 2816 μέλλω
1341 2747 1552 2813 λέγειν,
1581 2748 1664 2799 ὅτι
1727 2748 1785 2798 ὲν

205 2834 478 2903 ἁπλότητί
538 2836 657 2888 ἐστι
707 2836 766 2899 ἐξ
820 2837 1046 2905 ἀγάπης
1094 2837 1442 2906 εἰλικρινοῦς,
1474 2838 1570 2891 καὶ
1597 2839 1660 2890 ὲκ
1688 2837 1781 2889 τοῦ

206 2923 462 2991 ἐφίεσθαί
495 2941 561 2992 με
610 2926 671 2976 τὸ
713 2924 1014 2996 ἀμώμητον
1044 2927 1144 2997 τῆς
1171 2927 1446 2989 πολιτείας
1482 2944 1594 2981 σου.
1629 2928 1785 2988 Τινὲς

208 3015 560 3083 ὑπέκρουσαν
595 3016 689 3080 (ὡς
730 3019 1084 3086 ἐπιστάμενοί
1121 3035 1184 3086 γε
1237 3020 1459 3088 γνήσιόν
1504 3035 1598 3071 σου
1642 3015 1784 3072 εἶναι

209 3107 304 3159 καὶ⁸
328 3105 605 3174 ὁμόψυχον
636 3106 788 3174 φίλον
815 3109 907 3160 καὶ
933 3109 1122 3161 τέκνον
1142 3150 1156 3173 ,
1195 3110 1346 3172 ὄντες
1389 3111 1483 3161 καὶ
1514 3109 1665 3161 αὐτοὶ
1697 3109 1784 3177 φί-

209 3197 289 3251 λοι
316 3198 735 3268 διαφερόντως),
764 3201 846 3253 ὅτι
873 3200 1024 3272 παρὰ
1051 3201 1109 3254 τὺ
1142 3201 1259 3254 δέον
1295 3201 1522 3271 πράττει
1555 3202 1587 3270 ἡ
1616 3202 1783 3265 ἁγιω-

211 3292 344 3359 σύνη
372 3309 466 3343 σου
492 3309 505 3322 ·
539 3291 717 3361 κάμοῦ
750 3293 887 3363 πρὸς
912 3292 1068 3344 τοῦτο
1097 3292 1545 3363 δυσχεράναντος,
1576 3293 1670 3345 καὶ
1702 3295 1787 3345 ὲν·-

213 3383 533 3453 ισταμένου,
567 3383 660 3435 καὶ
692 3383 1162 3452 ὲπιφθεγγομένου
1213 3385 1281 3436 τά
1336 3384 1564 3454 μέγιστα
1594 3400 1787 3452 κατορ-

212 3475 449 3543 θώματα
503 3473 600 3526 τοῦ
660 3473 864 3544 ὑψηλοῦ
930 3492 1022 3527 σου
1082 3475 1219 3544 βίου,
1248 3475 1553 3544 συνείροντό
1608 3491 1697 3543 μοι
1733 3475 1790 3525 ἐν

210 3565 406 3632 τούτῳ.
444 3564 586 3634 Πρὸς
613 3563 669 3616 δὲ
703 3562 924 3633 ῥήματά
975 3580 1097 3616 τινα
1152 3563 1248 3614 καὶ
1299 3563 1600 3630 πράγματα
1657 3576 1791 3612 κατ-

212 3655 448 3726 ῃτιῶντο
477 3671 489 3683 ·
549 3655 664 3719 καὶ,
704 3655 788 3707 ἵνα
823 3654 880 3707 ἒν
938 3654 1098 3714 εἴπω,
1137 3657 1341 3721 ἔφασαν
1397 3653 1477 3704 ὅτι
1530 3651 1792 3720 ἀγγέλους

213 3748 564 3818 ἀνιστόρησε,
594 3748 689 3799 καὶ
717 3746 942 3808 τούτους
996 3745 1255 3798 ίσότυπον
1308 3744 1402 3798 τοῦ
1441 3744 1677 3813 Χριστοῦ
1696 3783 1708 3807 ,
1735 3745 1793 3795 ὲν

213 3841 324 3902 τοῖς
367 3839 614 3907 φεγγίοις
646 3837 1096 3907 ὲσταυρωμένους
1129 3855 1142 3869 ο
1177 3838 1339 3890 αὑτὸν
1362 3838 1416 3889 δὲ
1445 3838 1535 3889 τὸν
1559 3835 1794 3906 Χριστὸν

215 3933 310 3986 καὶ
328 3935 458 3994 τοὺς
482 3930 764 3998 ἀγγέλους,
794 3929 1116 3999 γηραλέους.
1146 3931 1254 3983 Καὶ
1287 3929 1456 3981 πολλὰ
1481 3928 1615 3998 πρὸς
1636 3927 1793 3980 τοῦτο

216 4025 626 4092 φιλοπευστῶν,
665 4023 765 4076 οὐκ
798 4023 1072 4096 ἠδυνήθην
1102 4025 1284 4086 αὐτοῖς
1308 4020 1788 4089 ἀντιφθέγξασθαι.

219 4119 458 4188 Ἤροντο
491 4118 599 4187 γάρ
628 4116 775 4181 ξένον
829 4133 879 4168 τι
922 4117 1017 4170 καὶ
1068 4115 1343 4185 ἀλλότριον
1395 4114 1494 4183 τῆς
1553 4112 1792 4182 παραδόο

219 4224 356 4272 σεως
443 4209 545 4278 τῆς
620 4207 944 4276 Ἐκκλησίας
1006 4208 1293 4278 εἰργάσθαι
1329 4244 1345 4270 ,
1416 4207 1510 4257 καὶ
1575 4205 1795 4265 πάντως

218 4303 314 4372 οὐχ
371 4301 479 4355 ὑπὸ
524 4301 683 4364 Θεοῦ,
713 4300 827 4354 ἀλλ’
858 4300 960 4353 ὑπὸ
993 4300 1086 4353 τοῦ
1117 4299 1359 4352 ἐναντίου
1397 4293 1534 4350 εῖναι
1558 4299 1617 4350 τὸ
1653 4298 1795 4366 πρᾶ-

218 4411 340 4463 γμσ.
361 4412 375 4426 ·
415 4393 556 4446 ὲπάν
577 4397 634 4448 ὲν
669 4392 940 4456 τοσούτοις
961 4393 1125 4456 ἔτεσι,
1162 4393 1258 4444 καὶ
1302 4390 1576 4453 τοσούτοις
1608 4390 1794 4457 θεοφό-

223 4504 334 4556 ροις
363 4489 463 4542 καὶ
494 4487 671 4555 ἀγίοις
694 4487 995 4555 Πατράσιν,
1019 4485 1117 4553 οὐχ
1146 4482 1615 4552 ὑποδειγματίσθη
1638 4481 1797 4533 τοῦτο

217 4585 278 4632 τὸ
317 4581 537 4651 ἰδίωμα.
571 4580 643 4631 Τὸ
676 4579 780 4649 γὰρ
814 4577 908 4629 νῦν
936 4576 1424 4644 καινοτομούμενον
1445 4617 1458 4638 ,
1489 4573 1588 4626 κᾶν
1613 4573 1795 4642 ὲξξάγο

222 4668 378 4736 γέλου
412 4669 583 4731 ἐστὶν,
619 4665 970 4734 ἀσφαλίζεται
1009 4666 1202 4735 ήμᾶςὸ
1240 4664 1557 4725 Ἀπόστολος
1595 4663 1668 4733 μὴ
1709 4661 1795 4714 δέ-

223 4761 435 4830 χεσθαι,
472 4761 648 4828 λέγων
701 4775 804 4810 που
830 4775 844 4788 '
885 4758 1010 4810 Κᾶν
1037 4756 1207 4824 ἡμεῖς
1249 4756 1439 4815 αὐτοὶ,
1470 4756 1502 4821 ἢ
1542 4755 1796 4824 ἄγγελος

224 4854 679 4925 suam-exlium:
729 4850 1066 4921 (προσθήσω,
1098 4851 1192 4901 καὶ
1225 4848 1606 4919 παραδιδωσι),
1660 4846 1797 4912 παρ’

225 4947 256 5000 ὃ
300 4943 840 5017 εὐηγγελισάμεθα,
863 4941 1128 5011 ἀνάθεμα
1143 4942 1317 4995 ἔστω.
1367 4941 1432 4993 Τί
1464 4935 1578 5001 οῦν,
1619 4939 1800 5007 Πάτερ

229 5057 328 5106 μου
369 5040 513 5106 ἀγιε,
546 5037 683 5108 πρὸς
720 5036 892 5090 ταῦτα
921 5034 1111 5104 φῆσαι,
1141 5034 1240 5085 οὐκ
1261 5032 1389 5101 ἔχω.
1435 5033 1539 5084 Καὶ¹
1568 5034 1633 5102 τῇ
1666 5033 1801 5084 ἀπο-

231 5133 317 5202 pia
349 5131 733 5200 συνεχόμενος,
761 5126 1114 5197 ἠναγκάσθην
1139 5125 1343 5196 γράψαι
1374 5141 1455 5176 σοι
1484 5140 1497 5153 ο
1537 5123 1623 5175 ἵνα
1663 5123 1799 5175 ἀπο-

226 5222 474 5294 λύσωμεν
504 5223 734 5284 ἑαυτοὺς
772 5221 950 5287 πάσης
983 5217 1208 5287 βλάϐης,
1240 5216 1376 5286 πρὸς
1404 5217 1529 5279 τοὺς
1559 5216 1617 5267 ὲν
1656 5215 1798 5284 λόγῳ

230 5314 618 5381 ἐγκαλοῦντας,
648 5311 741 5363 καὶ
769 5310 845 5371 ὡς
875 5312 938 5361 ὲκ
971 5308 1152 5378 πάσης
1177 5308 1276 5375 τῆς
1313 5307 1661 5376 Ἐκκλησίας.
1692 5306 1800 5358 Καὶ

227 5404 311 5456 διὰ
367 5406 458 5457 τὸν
516 5403 651 5457 Θεὸν
700 5402 845 5465 δέξαι
889 5418 954 5469 με
1000 5400 1074 5463 ὼς
1109 5397 1410 5468 σύμϐουλον
1465 5400 1654 5450 τέκνον
1684 5414 1797 5462 σου,

230 5496 491 5549 πονοῦντα
552 5495 693 5563 ὑπὲρ
722 5495 836 5559 σοῦ,
875 5493 968 5545 καὶ
1004 5492 1306 5562 ἡγούμενον
1352 5490 1448 5559 τὴν
1503 5489 1658 5552 δόξαν
1709 5505 1800 5540 σου

231 5585 382 5648 δόξαν
430 5604 532 5656 μου
566 5599 579 5613 '
614 5586 706 5638 καὶ
743 5585 818 5655 μὴ
870 5583 1090 5635 θέλοντα
1129 5580 1348 5636 ἀκούειν
1394 5579 1583 5651 μῶμόν
1618 5597 1710 5633 σου
1743 5578 1797 5630 ἓν

305 5785 347 5815 ⁸⁵
365 5786 464 5843 Ms.
497 5787 626 5860 Reg.
649 5787 930 5858 Θεοξώρω.
961 5787 1035 5819 δ”*
1058 5787 1180 5841 Sive
1210 5785 1433 5841 Slu'itu'.
1479 5788 1520 5819 "
1547 5787 1703 5842 Θαίδι
1756 5805 1792 5845 ι.
1828 5787 1878 5841 8.

1885 2111 1973 2149 me
1999 2095 2180 2159 Pater,
2212 2103 2268 2149 et
2299 2098 2469 2150 sacris
2497 2098 2750 2166 precibus
2773 2099 2881 2151 tuis
2909 2098 3152 2167 perfrui,
3198 2098 3285 2151 via
3334 2097 3470 2151 mihi

1885 2187 2169 2252 hactenus,
2203 2189 2272 2242 ob
2306 2198 2524 2257 peccata
2560 2189 2768 2244 scilicet
2803 2205 2942 2253 mea,
2999 2205 3109 2243 non
3171 2190 3367 2259 patuit,
3407 2204 3472 2243 ac

1885 2293 1953 2332 ne
1981 2294 2125 2332 nunc
2148 2279 2387 2348 quidem.
2415 2277 2707 2347 Propterea
2756 2287 2976 2333 coactus
3006 2294 3124 2332 sum
3148 2278 3468 2348 Calogerum

1885 2371 2110 2424 fratrem
2144 2379 2389 2424 nostrum
2421 2371 2486 2422 ad
2539 2379 2589 2422 te
2616 2369 2853 2432 mittere,
2890 2369 2980 2439 qui
3020 2369 3341 2423 humilitatis
3369 2385 3470 2422 no-

1884 2473 2011 2516 strze
2037 2461 2333 2515 absentiam
2362 2461 2606 2530 suppleat
2648 2479 2660 2514 :
2695 2461 2894 2514 deinde
2942 2460 3226 2515 veniemus
3252 2470 3308 2516 et
3346 2476 3466 2522 nos,

1883 2565 1940 2607 ut
1972 2554 2037 2607 ad
2067 2553 2408 2607 venerandos
2438 2553 2604 2623 pedes
2636 2563 2778 2618 tuos,
2819 2553 2930 2608 Deo
2969 2553 3127 2615 duce,
3160 2563 3471 2622 prosterna-

1883 2661 2024 2698 mur.
2057 2644 2283 2714 Ignosce
2299 2653 2479 2698 autem
2507 2645 2660 2709 mihi,
2684 2646 2862 2711 Pater,
2887 2645 3030 2714 quod
3059 2645 3305 2699 dicturus
3323 2660 3465 2710 sum,

1883 2738 2009 2805 quia
2041 2737 2364 2804 simpliciter
2395 2737 2594 2802 dicam,
2627 2747 2680 2791 et
2727 2736 2937 2790 sincera
2981 2752 3045 2790 ex
3087 2736 3374 2801 eharitate,
3406 2751 3468 2790 ac

1885 2828 2156 2882 desiderio
2187 2842 2294 2896 quo
2323 2837 2513 2882 teneor
2532 2837 2590 2881 ut
2613 2829 2719 2882 vita
2741 2837 2832 2881 tua
2862 2829 3006 2882 omni
3037 2828 3469 2898 reprehensione

1885 2931 2085 2976 careat.
2118 2920 2518 2990 Suggesserunt
2549 2920 2768 2989 quidam
2798 2961 2812 2982 ,
2866 2927 2926 2973 ut
2976 2921 3066 2990 qui
3128 2921 3332 2973 scirent
3380 2934 3468 2973 me

1886 3027 2202 3082 germanum
2235 3013 2330 3066 tibi
2364 3023 2525 3081 atque
2581 3013 2893 3066 unanimem
2941 3013 3174 3065 amicum
3207 3019 3263 3064 et
3295 3011 3465 3063 ﬁlium

1885 3120 2025 3166 esse,
2058 3120 2182 3157 cum
2225 3105 2326 3174 ipsi
2352 3120 2568 3174 quoque
2597 3103 2756 3158 amici
2797 3113 2980 3158 essent
3041 3103 3245 3164 eximii,
3272 3111 3470 3172 praeter

1886 3193 1967 3248 fas
2001 3194 2332 3248 etdecorum
2367 3210 2524 3266 agere
2551 3194 2894 3249 sanctitatem
2935 3203 3104 3246 tuam.
3137 3193 3381 3261 Cumque
3405 3192 3472 3245 ad

1891 3288 2343 3357 haecindignarer
2387 3296 2441 3342 et
2478 3288 2822 3348 resisterent,
2877 3301 3472 3355 commemoraremqne

1894 3381 2106 3450 egregia
2132 3379 2379 3435 sublimis
2407 3380 2529 3433 vita!
2561 3388 2664 3433 ture
2689 3379 2952 3443 facinora,
2996 3379 3048 3436 in
3083 3379 3185 3433 hoc
3223 3380 3357 3433 mihi
3386 3396 3474 3432 as-

1894 3472 2038 3526 sensi
2079 3482 2224 3527 sunt.
2257 3473 2330 3526 De
2367 3471 2645 3526 nonnullis
2675 3481 2854 3525 autem
2891 3473 3050 3526 dictis
3084 3471 3350 3541 factisque
3381 3488 3468 3526 ac-

1893 3564 2172 3626 cusabant,
2238 3573 2399 3632 atque
2439 3565 2520 3631 (ut
2575 3578 2742 3616 unum
2783 3562 3075 3630 proferam)
3137 3563 3391 3616 dixerunt
3420 3572 3473 3616 te

1894 3653 2114 3722 angelos
2147 3651 2460 3722 depinxisse
2491 3693 2504 3718 ,
2553 3667 2756 3720 eosque
2787 3651 2851 3705 ad
2887 3650 3087 3705 Christi
3114 3651 3366 3714 formam,
3416 3652 3472 3705 in

1894 3741 2148 3796 fenestris
2179 3741 2505 3804 crucifixos;
2538 3742 2715 3809 ipsum
2748 3755 2875 3793 vero
2913 3739 3185 3794 Christum
3213 3749 3268 3794 et
3305 3756 3474 3811 ange-

1895 3833 1974 3886 los
2008 3833 2161 3888 senili
2197 3843 2372 3888 aJtate.
2417 3831 2630 3886 Etcum
2663 3832 2830 3886 multa
2864 3834 2914 3884 in
2941 3847 3058 3885 eam
3089 3847 3200 3886 rem
3229 3833 3475 3886 sciscita-

1897 3935 1982 3979 tus
2021 3940 2234 3984 esscm,
2280 3941 2385 3978 non
2439 3925 2590 3994 potui
2634 3924 2766 3993 ipsis
2801 3923 3198 3979 contradicere.
3239 3925 3472 3979 Aiebant

1896 4019 2042 4073 enim
2075 4019 2419 4086 peregrinum
2449 4017 2701 4086 quiddam
2748 4026 2806 4071 et
2848 4017 3086 4088 alienum
3121 4017 3190 4071 ab
3218 4016 3475 4072 Ecclesia:

1897 4112 2188 4166 traditione
2229 4109 2451 4172 factum,
2517 4125 2847 4179 prorsusque
2873 4125 2982 4163 non
3022 4125 3051 4163 a
3080 4110 3210 4174 Deo,
3266 4110 3361 4164 sed
3405 4111 3475 4164 ab

1896 4203 2208 4259 adversario
2239 4218 2355 4257 rem
2385 4217 2506 4257 esse
2527 4242 2541 4266 ,
2571 4202 3007 4271 quandoquidem
3039 4211 3117 4256 tot
3153 4203 3331 4264 annis,
3363 4211 3418 4255 et
3443 4218 3474 4256 a

1897 4306 1978 4350 tot
2009 4294 2230 4348 deiferis
2268 4294 2578 4363 sanctisque
2603 4292 2855 4349 Patribus
2878 4310 3142 4363 nusquam
3177 4295 3338 4363 hujus
3371 4309 3472 4346 no-

1897 4387 2080 4442 vitatis
2109 4387 2380 4457 proditum
2425 4395 2510 4440 est
2555 4386 2885 4456 exemplum.
2927 4385 3080 4451 Quod
3128 4387 3276 4441 enim
3326 4403 3474 4441 nunc

1899 4488 2155 4539 novatur,
2193 4477 2295 4531 etsi
2335 4476 2402 4530 ab
2426 4477 2619 4547 angelo
2652 4477 2742 4541 sit,
2777 4477 2943 4546 recipi
2973 4492 3078 4530 non
3105 4477 3303 4531 debere
3340 4492 3476 4530 con-

1901 4569 2078 4622 ﬁrmat
2103 4567 2413 4636 Apostolus,
2440 4567 2629 4621 dicens
2655 4583 2669 4625 :
2700 4566 2840 4620 Licet
2876 4582 2966 4620 nos
3004 4567 3104 4634 ipsi
3135 4566 3214 4620 vel
3259 4570 3476 4636 angelus

1829 4682 1875 4738 ι)
1901 4659 2236 4729 evangelizet,
2260 4657 2474 4721 addam,
2493 4666 2547 4711 et
2569 4657 2765 4717 tradat,
2794 4667 3144 4726 prwterquam
3171 4660 3306 4727 quod
3327 4675 3477 4712 evan-

1897 4754 2203 4825 gelizamus,
2224 4751 2506 4802 analliema
2533 4747 2670 4802 sit".
2691 4747 2830 4814 Quid
2862 4749 3042 4819 igitur,
3076 4749 3233 4804 Pater
3251 4751 3323 4804 mi
3347 4768 3475 4805 san-

1899 4855 2008 4908 cte,
2051 4846 2118 4901 ad
2148 4847 2261 4898 haec
2291 4844 2494 4908 dicant,
2559 4858 2668 4896 non
2700 4841 2894 4906 habeo,
2951 4853 3006 4896 et
3036 4841 3250 4895 consilii
3294 4842 3474 4911 inepia

1900 4952 2123 5006 pressus
2150 4935 2218 4989 ad
2250 4942 2300 4989 te
2328 4933 2566 4988 scribere
2594 4947 2756 5003 cogor
2791 4950 2804 4985 :
2840 4940 2897 4985 ut
2923 4933 2990 4985 ab
3028 4933 3174 4986 omni
3201 4948 3338 4987 noxa
3375 4947 3475 4986 nos

1903 5029 2243 5082 vindicemus
2282 5025 2424 5095 apud
2459 5040 2552 5079 eos
2583 5024 2675 5094 qui
2707 5024 2900 5077 merito
2929 5023 3361 5093 reprehendunt,
3421 5035 3476 5078 et

1907 5130 2159 5189 tanquam
2212 5116 2465 5172 Ecclesia:
2505 5115 2771 5170 universae
2824 5130 2976 5168 voce.
3026 5114 3205 5179 Quare
3254 5125 3476 5184 propter

1901 5210 2068 5264 Deum
2102 5209 2316 5278 suscipe
2345 5223 2450 5271 me,
2487 5217 2547 5261 ut
2577 5205 2943 5261 consiliariqu
2980 5206 3148 5259 filium
3183 5216 3354 5269 tuum,
3375 5222 3474 5274 pro

1901 5314 1952 5358 te
1981 5306 2315 5361 laborantem
2338 5343 2352 5367 ,
2401 5309 2456 5356 et
2485 5301 2706 5372 gloriam
2749 5311 2893 5354 tuam
2927 5301 3151 5371 gloriam
3188 5315 3339 5353 suam
3369 5301 3472 5353 du-

1900 5407 2112 5451 centem
2146 5416 2157 5450 :
2190 5397 2501 5465 nullamque
2527 5396 2578 5447 in
2610 5410 2665 5448 re
2695 5395 2800 5448 ulla
2832 5395 2907 5448 tui
2932 5405 3136 5457 notam,
3171 5395 3263 5463 qui
3295 5394 3471 5462 reipsa

1902 5489 2019 5543 sine
2067 5498 2193 5542 nota
2247 5489 2410 5541 vitam
2445 5487 2578 5557 agis,
2632 5487 2820 5539 audire
2866 5486 3247 5540 sustinentem.
3303 5486 3468 5548 Doce,

1908 5602 2054 5657 rege,
2087 5583 2302 5650 exaudi,
2337 5584 2570 5645 attende,
2625 5579 3030 5645 animadverte,
3068 5579 3324 5648 omnique
3358 5578 3472 5632 hae-
