4008 6318
485 301 592 363 959
1683 306 1742 363 S.
1778 303 2168 364 THEODORI
2200 301 2546 363 STUDITE
3664 294 3782 356 960

486 417 748 471 sitationc
792 417 964 471 libera
998 433 1094 471 eos
1121 417 1214 486 qui
1245 418 1515 472 excelsam
1552 418 1714 472 vitam
1746 430 1891 474 tuam
1934 435 2103 484 conn

2208 437 2299 480 ινι,
2333 417 2430 471 τοῦ
2483 416 2655 479 ὅντως
2716 416 3036 485 ἀμωμήτως
3094 410 3449 482 βιοτεύοντας.
3482 406 3777 473 ιιιώτισον,

487 509 847 579 ι⁶ὶ⁵¹¹¹Ρ¹²¹¹ιίιηο
2175 507 2463 577 ὀὸήγησον,
2514 507 2844 569 ἐπάκουσον,
2886 505 3164 574 πρόσχες,
3209 501 3557 567 animum“.
3595 496 3782 550 λῦσον

2176 600 2359 667 πάσης
2412 598 2681 667 διχονοίας
2733 599 2861 660 τοὺς
2921 594 3168 667 ὁρῶντας
3228 609 3329 645 σου
3402 592 3496 645 τὸν
3557 588 3783 660 ὑψηλὸν

2181 688 2317 757 βίον.

822 790 960 847 XVI.
994 824 1042 836 -
1080 793 1373 862 Nicephoro
1397 793 1739 864 Imperatori.
2473 803 2587 871 ta".
2618 803 3017 871 —I\'mngadp(p
3044 796 3302 865 ,Βασιλεῖ
3327 796 3465 867 (l6).

1125 909 1197 957 De
1227 909 1497 969 patriarcha
1526 907 1576 958 in
1610 908 1800 959 Tarasii
1825 912 1986 960 locum
2018 914 2356 979 subrogando.
2381 919 2586 978 (Baron.
2610 930 2737 966 anno
2758 916 2871 975 806,
2909 929 3042 964 num.
3067 913 3140 974 ιι.)

563 1007 797 1065 Omnino
824 1009 902 1065 sic
936 1010 1178 1065 futurum
1213 1022 1360 1074 erat.
1410 1022 1468 1066 ut
1509 1015 1684 1067 bonus
1710 1015 1853 1069 Deus
1888 1027 2074 1072 noster

2255 1022 2523 1093 Ἐμελλεν
2553 1025 2579 1076 ὁ
2601 1022 2808 1091 ἀγαθὸς
2833 1020 2965 1083 Θεὸς
2991 1019 3147 1090 ἡμῶν
3168 1018 3265 1088 τῆς
3293 1013 3489 1070 ἑαυτοῦ
3532 1013 3778 1083 Ἐκκλη-

494 1100 752 1156 Ecclesiae
808 1116 920 1156 ante
977 1118 1161 1157 curam
1189 1119 1384 1171 gerens
1412 1103 1668 1173 pietatem
1703 1115 1935 1162 vestram
1972 1108 2073 1163 hac

2207 1112 2304 1176 ria;
2361 1112 2697 1184 φροντίζων,
2732 1112 2831 1181 τὴν
2878 1110 3153 1179 ὑμετέραν
3184 1105 3471 1161 εὐσέϐειαν
3523 1104 3621 1157 ἐπὶ
3665 1105 3778 1167 τῆς

493 1202 655 1247 aetate
713 1193 943 1263 imperio
998 1194 1299 1263 praeficeret
1339 1193 1823 1250 Christianorum:
1876 1206 2068 1254 utnon

2207 1202 2462 1273 παρούσης
2483 1205 2678 1270 γενεᾶς
2710 1201 3124 1273 προστήσασθαι
3160 1196 3469 1269 βασιλεύειν
3486 1195 3598 1248 τῶν
3625 1194 3775 1265 Χρι-

496 1283 773 1338 saecularis
802 1284 975 1339 solum
1012 1285 1312 1339 dominatio
1361 1286 1502 1339 male
1538 1286 1832 1341 constituta
1866 1290 2070 1343 rectius

2207 1295 2435 1349 τιανῶνθ
2464 1296 2552 1349 ἵνα
2596 1295 2672 1365 μὴ
2711 1294 2875 1365 μόνον
2901 1294 2932 1359 ἡ
2966 1293 3209 1363 κοσμικὴ
3244 1290 3388 1361 ἀρχὴ
3420 1285 3481 1343 εὖ
3509 1286 3773 1354 διατεθῇ,

494 1380 962 1447 componeretur),
982 1378 1074 1431 sed
1097 1378 1502 1432 ecclesiasticus
1521 1378 1683 1432 etiam
1708 1379 2069 1448 principatus,

2207 1389 2366 1453 ιακῶς
2413 1388 2761 1458 διακειμένη,
2826 1384 2970 1440 ἀλλὰ
3006 1385 3103 1437 καὶ
3149 1385 3184 1453 ἡ
3217 1382 3358 1438 κατὰ
3393 1382 3494 1451 τὴν
3534 1380 3777 1447 Ἐκκλη-

497 1468 540 1523 si
593 1469 722 1538 quid
760 1469 1020 1535 deesset,
1079 1471 1503 1533 instauraretur,
1554 1479 1610 1524 et
1638 1485 1779 1524 nova
1817 1472 2071 1540 quazdam

2207 1481 2301 1534 τίαν
2342 1479 2630 1550 ἡγεμονία,
2683 1476 2739 1531 εί
2780 1495 2832 1531 τι
2878 1474 3076 1539 ἐνδεῶς
3111 1474 3221 1541 ἕξει
3247 1514 3263 1539 ,
3310 1471 3621 1543 ἀνορθωθῇ,
3670 1471 3775 1523 καὶ

498 1560 814 1629 conspersio
872 1560 1026 1614 ﬁeret
1062 1561 1116 1614 in
1171 1571 1402 1629 utroque
1457 1560 1523 1614 “.
1578 1559 1734 1627 Quod
1765 1563 1984 1632 quidem
2018 1565 2071 1616 in

2212 1573 2299 1626 έον
2332 1589 2449 1635 πως
2480 1570 2710 1641 φύραμα
2739 1569 2967 1639 γένηται
2998 1566 3057 1620 ἐν
3088 1564 3445 1636 ἀμφοτέροις.
3480 1563 3667 1631 Ὅπερ
3698 1562 3771 1630 τῇ

496 1653 673 1707 altero
705 1653 951 1708 membro
986 1654 1245 1723 praeclare
1273 1652 1445 1723 ipsius
1476 1654 1646 1724 gratia
1671 1654 1782 1723 jam
1816 1656 2072 1724 praestitit

2207 1663 2345 1719 ιύτοῦ
2371 1665 2559 1734 χάριτι
2597 1661 2969 1731 κατώρθωκεν
3000 1660 3059 1713 ὲν
3088 1657 3165 1729 τῷ
3201 1656 3283 1711 ἑνὶ
3335 1657 3494 1728 μέρει
3607 1652 3773 1721 φιλό-

499 1744 700 1800 Christi
734 1760 923 1803 amans
954 1748 1243 1817 imperium
1269 1756 1535 1810 vestrum,
1587 1756 1751 1816 atque
1775 1748 1912 1801 adeo
1938 1763 2074 1817 pra:-

2207 1728 2403 1829 [ριστος
2439 1728 2594 1824 όμῶν
2643 1728 2911 1825 βασιλεία·
2962 1749 3100 1805 ἀλλὰ
3131 1748 3225 1802 καὶ
3268 1746 3349 1800 ἔτι
3389 1728 3772 1829 κατορθώσειε

502 1844 646 1890 stare
676 1846 857 1907 perget
889 1838 1099 1892 caelesti
1157 1837 1384 1891 numine
1433 1838 1868 1892 corroboratum.
1931 1836 2078 1892 Reli-

504 1942 670 1997 quum
739 1929 903 1983 modo
951 1939 1073 1995 est,
1134 1937 1196 1983 ut
1242 1928 1470 1984 alterum
1515 1929 1633 1999 pari
1675 1945 1806 1984 cura
1844 1929 2078 1997 fruatur,

505 2023 733 2092 parique
768 2024 1082 2092 prudentia.
1128 2024 1186 2078 ld
1219 2039 1352 2078 vero
1378 2032 1499 2094 post
1540 2024 1707 2077 Deum
1733 2033 1789 2077 et
1820 2039 1942 2077 cum
1972 2024 2081 2078 Deo

505 2128 535 2167 a
568 2114 723 2169 vobis
755 2115 1027 2170 tribuetur
1053 2131 1149 2186 per
1177 2115 1628 2186 approbationem
1660 2114 1911 2186 legitimae
1968 2114 2081 2169 ele-

504 2206 705 2261 ctionis
729 2206 893 2261 futuri
920 2207 1337 2277 archiepiscopi.
1360 2208 1435 2261 De
1457 2208 1811 2278 quo,quando
1832 2223 1899 2262 ex
1921 2208 2083 2262 nobis

505 2299 668 2354 etiam
719 2299 1099 2369 peccatoribus
1145 2309 1201 2355 et
1226 2300 1465 2369 indignis
1508 2301 1783 2356 sciscitari
1833 2302 2078 2367 voluisti,

505 2406 687 2445 coram
720 2390 969 2454 Domino,
996 2393 1088 2460 qui
1118 2406 1221 2445 nos
1244 2391 1587 2459 indicaturus
1615 2402 1719 2453 est,
1744 2393 1811 2447 de
1848 2407 1913 2447 eo
1938 2396 2081 2463 quod

508 2482 710 2535 dicturi
742 2496 933 2535 sumus
965 2482 1019 2535 in
1048 2483 1137 2537 die
1163 2482 1353 2551 judicii
1376 2524 1392 2547 ,
1420 2482 1510 2536 hic
1532 2492 1615 2537 est
1641 2498 1834 2537 sensus
1871 2494 2080 2539 noster.

507 2572 628 2627 Non
667 2574 951 2638 novimus,
997 2590 1100 2629 nec
1129 2575 1331 2630 scimus
1354 2576 1522 2630 ullmn
1552 2593 1565 2630 :
1608 2592 1719 2630 non
1752 2578 1899 2647 quod
1937 2578 2088 2634 defe-

510 2665 687 2719 cerint
722 2664 818 2719 viri
852 2665 959 2721 vita
989 2676 1044 2721 et
1072 2682 1327 2722 sermone
1366 2668 1606 2723 illustres
1652 2668 1807 2739 (sunt
1848 2671 1997 2725 enim
2030 2680 2087 2727 et

514 2753 627 2808 Deo
663 2756 932 2824 perspecti
976 2765 1029 2810 et
1051 2755 1365 2811 hominibus
1386 2798 1401 2817 ,
1433 2757 1628 2827 impari
1673 2758 1800 2813 licet
1829 2760 2040 2814 ratione
2069 2801 2105 2825 ,ν

512 2856 674 2915 atque
737 2846 790 2900 in
841 2847 1030 2917 primis
1074 2849 1349 2918 praeclarae
1418 2850 1587 2904 menti
1636 2851 1790 2921 tute),
1819 2851 1919 2907 sed
1959 2852 2086 2921 quia

516 2938 676 2992 talem
711 2939 851 2992 ratio
891 2940 1171 3009 deposcit,
1199 2950 1254 2995 et
1286 2941 1620 2996 desiderium
1653 2943 1862 3012 imperii
1897 2945 2084 3009 vestri,

516 3030 607 3099 qui
659 3031 832 3099 possit
881 3032 1045 3086 corde
1116 3032 1801 3103 perlectojustiiicationes
1850 3033 1943 3089 Dei
1994 3050 2088 3090 ex-

518 3120 770 3189 quirere:
803 3121 893 3190 qui
916 3120 1082 3193 gradu
1108 3130 1271 3192 atque
1288 3122 1481 3176 ordine
1510 3121 1578 3176 ab
1602 3121 1859 3177 inferiore
1889 3124 2091 3178 sensim

519 3213 587 3266 ad
615 3212 954 3281 snperiOrem
999 3214 1351 3281 ascenderit,
1407 3214 1499 3284 qui
1530 3223 1770 3269 tentatus
1803 3214 1970 3270 fuerit
2001 3231 2097 3286 per

521 3307 705 3359 omnia
727 3346 742 3368 ,
788 3307 879 3376 qui
920 3321 984 3360 ex
1016 3306 1096 3361 eis
1122 3323 1242 3377 qua:
1266 3322 1460 3377 passus
1489 3317 1608 3372 est,
1657 3309 1877 3363 tentatis
1926 3308 2101 3378 possit

524 3413 683 3467 opem
716 3396 860 3451 lerre
882 3396 948 3451 ".
1001 3398 1067 3453 Et
1111 3399 1241 3469 quid
1281 3398 1470 3453 multis
1502 3399 1648 3469 apud
1674 3409 1726 3453 te
1755 3400 1937 3454 verbis
1966 3416 2102 3469 opus

526 3498 612 3543 est
639 3488 730 3557 qui
762 3487 945 3542 omnia
968 3490 1136 3553 nosti,
1166 3499 1220 3544 et
1255 3504 1321 3544 ex
1345 3490 1420 3544 tui
1453 3490 1626 3559 ipsius
1654 3498 1795 3544 statu
1825 3505 1889 3545 ac
1924 3490 2103 3561 digni—

529 3594 637 3639 tate
674 3592 883 3639 tantum
942 3585 1120 3639 virum
1176 3585 1275 3639 tibi
1337 3585 1748 3656 repraesentas?
1804 3585 2107 3639 Praelucere

530 3678 743 3732 caeteris
796 3687 1010 3748 oportet
1064 3693 1173 3731 non
1199 3693 1357 3733 secus
1407 3694 1471 3734 ac
1504 3678 1675 3733 solem
1726 3678 1871 3732 inter
1905 3678 2103 3732 sidera.

531 3770 668 3823 Cum
725 3768 887 3840 igitur
915 3771 1076 3825 talem
1127 3785 1238 3825 non
1296 3771 1600 3836 videamus,
1647 3785 1749 3824 nec
1789 3769 2108 3840 suﬂragium

535 3864 677 3917 ferre
714 3863 999 3916 audemus.
1046 3862 1160 3917 Hoc
1189 3878 1318 3917 vero
1344 3862 1622 3917 memoriae
1662 3877 1826 3916 causa
1850 3877 1960 3916 non
1989 3862 2111 3915 sine

533 3964 681 4009 metu
717 3962 772 4007 et
805 3955 1113 4008 reverentia
1144 3955 1492 4025 suggerimus
1518 3995 1534 4019 ,
1571 3954 1717 4023 quod
1750 3953 1929 4024 ipsum
1953 3954 2113 4022 plane

537 4058 644 4098 non
663 4042 797 4114 fugit
818 4043 1197 4112 peritissimam
1219 4052 1275 4099 et
1297 4044 1538 4099 divinam
1563 4044 1913 4113 prudentiam
1940 4052 2112 4107 tuam,

538 4146 598 4190 nt
635 4152 699 4190 ex
754 4136 1028 4206 episcopis
1074 4137 1237 4192 etiam
1283 4145 1338 4192 et
1376 4153 1442 4192 ex
1472 4136 1795 4206 praepositis,
1825 4145 1880 4190 et
1909 4151 1975 4190 ex
2011 4145 2118 4205 sty-

540 4227 668 4290 litis,
700 4235 757 4281 et
780 4242 844 4281 ex
879 4227 1123 4290 inclusis,
1166 4238 1281 4282 tum
1311 4228 1511 4282 deinde
1541 4244 1609 4283 ex
1654 4227 1803 4282 clero
1848 4228 2117 4282 delectum

543 4319 772 4384 habens,
805 4334 872 4373 ex
900 4318 1005 4373 illis
1034 4319 1168 4389 ipsis
1196 4318 1456 4389 perfectis
1488 4319 1767 4380 desumas,
1809 4318 2116 4388 prudentia,

2183 1827 2304 1912 ταῖς
2350 1847 2558 1902 ἄνωθεν
2614 1846 2806 1916 ῥοπαῖς
2850 1840 3256 1913 δυναμουμένη.
3287 1836 3625 1904 Λειπόμενον
3672 1827 3773 1885 οὖν

2185 1945 2333 1996 ἐστιν
2368 1941 2517 2011 ἄρτι,
2548 1938 2644 1993 καὶ
2669 1938 2731 1990 τὸ
2774 1937 2964 2005 ἕτερον
3012 1935 3116 2003 τῆς
3148 1931 3269 2002 ἴσης
3296 1926 3605 1984 ἀπολαῦσαι
3631 1942 3773 1994 προ-

2189 2031 2421 2104 μηθείας
2466 2031 2563 2085 καὶ
2611 2026 2928 2100 θεραπείας.
2959 2024 3129 2078 Τοῦτο
3159 2024 3203 2077 δ’
3237 2023 3303 2078 ἂν
3325 2021 3409 2091 εῐη
3454 2018 3593 2089 μετὰ
3632 2014 3773 2068 Θεὸν

2187 2126 2284 2177 καὶ
2330 2124 2427 2175 σὺν
2465 2121 2585 2191 Θεῷ
2619 2120 2757 2191 πρὸς
2790 2117 2945 2189 ὑμῶν
2973 2116 3311 2186 δωρηθῆναι,
3360 2112 3450 2165 διὰ
3496 2110 3593 2177 τῆς
3643 2108 3773 2161 κατ’

2188 2215 2555 2285 εὐαρέστησιν
2587 2212 2825 2281 νομίμου
2859 2209 3091 2278 ἐκλογῆς
3127 2205 3221 2260 τοῦ
3256 2203 3544 2275 μέλλοντος
3574 2202 3773 2270 ἀρχιε-

2193 2306 2461 2376 ρατεύειν.
2502 2305 2659 2358 Ἐπεὶ
2694 2304 2751 2357 δὲ
2798 2304 2895 2355 καὶ
2932 2302 3064 2371 παρ’
3089 2299 3247 2371 ἡμῶν
3283 2295 3631 2365 ἑπεζὴτησας
3667 2308 3775 2360 μα-

2191 2401 2323 2464 θεῖν,
2364 2399 2474 2452 τῶν
2517 2394 2861 2467 ἁμαρτωλῶν
2907 2392 3003 2446 καὶ
3044 2390 3301 2457 ἀναξίων,
3329 2388 3392 2441 τὸ
3421 2383 3774 2455 παριστάμε-

2191 2510 2281 2546 νον
2311 2493 2461 2562 ἠμῖν,
2496 2490 2571 2554 ὼς
2614 2486 2845 2542 ἐνώπιον
2873 2485 3085 2555 Κυρίου
3109 2482 3201 2536 τοῦ
3232 2480 3517 2552 μέλλοντος
3547 2474 3774 2529 εὐθῦναι

2191 2586 2359 2654 ἡμᾶς,
2394 2584 2524 2653 περὶ
2561 2576 2623 2636 οὗ
2655 2579 2923 2651 μέλλομεν
2953 2576 3134 2644 λέγειν
3178 2575 3235 2627 ὲν
3274 2572 3463 2642 ἡμέρᾳ
3510 2569 3772 2637 κρίσεως,

2191 2677 2364 2740 οὕτως
2422 2675 2536 2745 ἔχει
2572 2691 2586 2705 ο
2643 2672 2719 2725 Οὐ
2779 2669 3122 2739 γινώσκομεν
3156 2708 3173 2732 ,
3243 2663 3365 2718 οὐδὲ
3425 2657 3776 2728 ἐπιστάμεθὰ

2194 2787 2316 2823 τινα
2346 2784 2362 2800 ο
2422 2769 2520 2837 οὐχ
2574 2767 2657 2819 ὅτι
2702 2763 2968 2818 ἀπέλιπον
3012 2760 3063 2813 οἱ
3106 2757 3505 2827 διαλάμποντες
3559 2753 3618 2805 ὲν
3672 2748 3776 2819 βίῳ

2195 2860 2289 2913 καὶ
2316 2858 2460 2926 λόγῳ
2492 2856 2623 2925 (εἰσὶ
2653 2854 2763 2924 γὰρ
2814 2852 2908 2906 καὶ
2937 2848 3057 2919 Θεῷ
3085 2847 3402 2917 φαινόμενοι
3439 2842 3533 2895 καὶ
3562 2838 3778 2911 ἀνθρὼ-

2196 2968 2343 3014 ποις,
2364 2953 2413 3003 εἰ
2436 2949 2531 3002 καὶ
2551 2949 2651 3000 οὐκ
2682 2945 2780 3017 [σῳ
2810 2945 2976 3014 λόγῳ,
3000 2942 3096 2996 καὶ
3125 2941 3359 3012 μάλιστα
3381 2939 3449 3007 τῇ
3482 2937 3547 3007 σῇ
3574 2948 3776 3004 φωτει-

2196 3044 2259 3113 vi)
2293 3040 2485 3110 ψυχῇ),
2514 3040 2635 3091 ἐπεὶ
2667 3036 2723 3089 δὲ
2748 3034 2989 3088 τοιοῦτον
3012 3031 3166 3101 ζητεῖ
3198 3031 3226 3082 ό
3247 3028 3402 3094 λόγος
3434 3026 3531 3078 καὶ
3558 3026 3587 3077 6
3615 3020 3778 3083 πόθος

2194 3136 2293 3203 τῆς
2322 3132 2476 3201 ὑμῶν
2512 3129 2810 3201 βασιλείας,
2844 3126 2935 3181 τὸν
2964 3126 3023 3177 ὲν
3050 3121 3233 3187 τελεία
3261 3119 3462 3189 καρδίᾳ
3478 3115 3781 3203 δυνάμενον

2198 3202 2501 3291 ἐκζητῆσαι
2542 3220 2613 3271 τὰ
2649 3217 2742 3270 τοῦ
2794 3214 2930 3269 Θεοῦ
2988 3210 3364 3281 δικαιώματα,
3440 3206 3534 3259 τὸν
3587 3202 3782 3273 βαθμῷ

2202 3315 2299 3369 καί
2331 3312 2485 3376 τάξει
2516 3312 2582 3363 ὲκ
2633 3309 2726 3361 τοῦ
2774 3306 2917 3360 κατὰ
2958 3304 3154 3376 μικρὸν
3206 3302 3286 3364 είς
3345 3300 3405 3352 τδ
3448 3296 3783 3367 ὑψηλότερον

2211 3402 2657 3475 προανηγμένον,
2682 3399 2774 3452 τὸν
2805 3395 3214 3466 πεπειραμένον
3243 3391 3383 3445 κατὰ
3404 3390 3605 3451 πάντα,
3636 3387 3694 3451 ὃς
3718 3402 3784 3453 γε

2205 3497 2263 3563 ἐξ
2291 3491 2365 3550 ὧν
2398 3494 2665 3559 πέπονθε,
2710 3494 2823 3553 τοῖς
2872 3485 3296 3557 πειραζομένοις
3322 3481 3526 3534 δύναιτ’
3556 3480 3625 3533 ἂν
3656 3477 3785 3549 βοη-

2208 3591 2391 3659 θῆσαι.
2421 3589 2535 3641 Καὶ
2563 3588 2617 3640 τί
2665 3587 2746 3639 δεῖ
2773 3581 2950 3637 πολλὰ
2984 3579 3168 3646 λέγειν
3198 3575 3335 3647 πρὸς
3382 3574 3442 3626 σὶ
3486 3573 3583 3626 τὸν
3618 3569 3677 3626 εὖ
3709 3573 3784 3624 εἱ-

2208 3682 2357 3747 δότα,
2390 3681 2488 3733 καὶ
2532 3682 2597 3733 ὲκ
2642 3678 2744 3745 τῆς
2778 3676 2987 3738 οἰκείας
3036 3662 3425 3731 καταστάσεως
3458 3667 3553 3719 καὶ
3588 3680 3786 3736 προκοο

2212 3773 2321 3842 πῆς
2346 3772 2432 3825 τὸν
2458 3770 2779 3841 τηλικοῦτον
2804 3764 3229 3837 ἀνιστοροῦντας
3253 3760 3374 3814 Τῶν
3396 3758 3612 3811 πολλῶν
3634 3756 3783 3825 ὀφεί-

2211 3863 2293 3916 λει
2330 3862 2695 3933 προλάμπειν,
2736 3859 2812 3922 ὡς
2844 3861 2901 3912 ἑν
2934 3858 3201 3927 ᾶστρασιν
3232 3853 3407 3924 ἥλιος.
3450 3847 3648 3900 Ἥνίκα
3676 3846 3784 3900 τοί-

2215 3975 2309 4009 νυν
2346 3956 2447 4026 οὑχ
2481 3954 2698 4023 ὁρῶμεν
2728 3948 2993 4014 τοιοῦτον,
3026 3948 3150 4003 οὐδὲ
3181 3939 3584 4011 ἀπτολμῶμεν
3617 3936 3785 4009 thal-

2219 4047 2437 4103 σασθαι.
2486 4045 2657 4098 Τοῦτο
2706 4043 2763 4095 δὲ
2810 4042 2886 4104 ὡς
2921 4042 2977 4095 ἐν
3013 4039 3318 4109 ὑπομνήσει
3356 4033 3496 4104 μετὰ
3528 4030 3786 4098 συστολῆς

2220 4138 2315 4191 καὶ
2362 4135 2546 4197 αίδοῦς
2578 4131 2984 4201 ὑποτιθέμεθα·
3022 4132 3160 4199 ὅπερ
3201 4124 3469 4196 ἀλάθητόν
3504 4124 3625 4175 ἐστι
3654 4121 3784 4174 πάν-

2220 4245 2328 4292 τως
2377 4230 2442 4299 τῇ
2486 4224 2805 4296 πολυπείρῳ
2860 4224 2955 4277 καὶ
3004 4222 3125 4291 θείᾳ
3162 4218 3489 4291 μεγαλονοίᾳ
3536 4231 3653 4269 σου·
3703 4214 3784 4266 ἵνα

2223 4321 2330 4373 ἀπό
2360 4336 2419 4372 τε
2448 4320 2557 4372 τῶν
2578 4318 2918 4378 ἐπισκόπων,
2941 4313 3050 4369 ἀπό
3081 4330 3139 4366 τε
3169 4312 3279 4365 τῶν
3307 4309 3649 4380 ἡγουμένων,
3684 4306 3786 4360 ἀπό

540 4428 705 4467 sensu
727 4451 742 4475 ,
775 4426 839 4465 ac
891 4414 999 4466 vita
1031 4413 1240 4467 ueteris
1302 4412 1731 4480 praestantiores.
1771 4411 2103 4465 Descendanl

2221 4428 2282 4464 τε
2317 4410 2425 4463 τῶν
2464 4409 2753 4474 στυλιτῶν,
2788 4408 2897 4461 ἀπό
2937 4422 2997 4460 τε
3033 4404 3144 4458 τῶν
3172 4401 3523 4471 ὲγκλείστων,
3555 4396 3674 4451 εἶτα
3699 4395 3784 4449 τοῦ

541 4502 688 4555 enim
732 4501 956 4571 stylitat,
1000 4512 1202 4557 exeant
1246 4503 1488 4568 inclusi;
1527 4502 1966 4572 quandoquidem
2021 4519 2121 4573 pu-

543 4594 744 4649 blicum
784 4604 867 4651 est
903 4596 1245 4650 commodum
1276 4596 1421 4666 quod
1446 4597 1729 4665 quatritur.
1768 4594 2026 4651 Discerne
2065 4606 2121 4650 et

546 4686 771 4752 confer,
817 4697 873 4742 et
932 4703 1055 4742 cum
1100 4689 1231 4758 ipsis
1283 4687 1659 4758 deprehendas
1700 4688 2026 4755 digniorem.
2057 4687 2123 4742 Et.

545 4779 741 4835 beatus
769 4795 857 4842 es,
918 4789 972 4833 et
1009 4796 1135 4834 vere
1194 4788 1276 4834 ter
1300 4780 1472 4844 beati,
1532 4780 1576 4834 si
1613 4780 1728 4833 haec
1748 4778 1931 4832 omnia
1961 4793 2118 4832 exse-

546 4872 789 4942 quamini
848 4871 1050 4925 Christi
1103 4871 1425 4933 imitatores,
1487 4869 1698 4924 Domini
1746 4869 1940 4923 nostri.
1989 4868 2123 4924 Hinc

547 4966 721 5034 magis
763 4966 1045 5034 magisque
1082 4964 1495 5019 conﬁrmabitur
1526 4963 1812 5033 imperium
1847 4973 2122 5026 vestrum,

546 5050 987 5123 ntagnil‘tcabitur
1043 5068 1242 5105 nomen
1292 5060 1531 5105 vestrum
1585 5050 1638 5103 in
1692 5051 2119 5120 generationes:

540 5145 893 5215 .angebuntur
945 5143 1181 5211 denique
1231 5142 1359 5195 anni
1410 5140 1742 5210 principatus
1794 5141 1978 5195 vestri.
2008 5141 2121 5195 Duo

551 5236 820 5306 siquidem
853 5236 971 5289 hac
997 5250 1225 5289 munera
1257 5234 1447 5288 tribuit
1472 5231 1802 5287 Christianis
1833 5232 1997 5298 Deus,
2032 5248 2123 5287 sa-

623 5351 669 5383 “
698 5349 717 5403 ι
744 5348 872 5405 Cor.
912 5365 966 5413 v,
1005 5349 1054 5401 7.
1132 5348 1175 5379 "
1206 5347 1366 5401 Hebr.
1400 5364 1474 5410 tv,
1505 5347 1588 5401 l5.

2221 4503 2424 4573 κλήρου
2459 4501 2854 4571 ὑποδεχόμενος
2886 4497 3140 4569 ἐκλογὴν,
3168 4494 3227 4560 ἐξ
3252 4492 3432 4549 αὐτῶν
3457 4507 3519 4543 τε
3547 4490 3657 4542 τῶν
3680 4491 3787 4542 ἐπι·

2221 4595 2529 4648 δεδωκότων
2581 4592 2764 4645 λαϐὼν
2800 4591 2933 4654 τοὺς
2986 4591 3044 4642 ὲν
3097 4588 3334 4648 συνέσει,
3373 4583 3468 4637 καὶ
3512 4582 3783 4650 φρονήσει,

2225 4689 2319 4741 καὶ
2380 4688 2479 4757 βίῳ
2504 4728 2518 4751 ,
2562 4687 2671 4740 τῶν
2738 4685 2913 4739 ἄλλων
2975 4682 3305 4753 προέχοντας
3363 4674 3786 4745 (καταϐάτωσαν

2223 4782 2333 4851 γὰρ
2366 4780 2463 4833 καὶ
2498 4780 2741 4833 στυλῑται
2762 4816 2776 4840 ,
2804 4772 3203 4830 ἐκϐαινέτωσάν
3238 4788 3299 4824 τε
3346 4769 3439 4822 καὶ
3469 4767 3783 4835 έγκλειστοι*

2231 4870 2463 4942 ἐπείπερ
2506 4873 2660 4940 κοινῇ
2696 4868 2976 4938 συμφέρον
3016 4866 3079 4918 τὸ
3123 4860 3518 4933 ζητούμενον),
3545 4856 3788 4927 ὲπικρίνη

2230 4967 2326 5018 καὶ
2375 4965 2472 5016 σὺν
2523 4963 2709 5024 αὐτοῖς
2744 4960 3000 5029 ἀποδείξῃ
3041 4958 3133 5011 τὸν
3169 4954 3483 5023 ἀξιώτερον.
3530 4950 3641 5003 Kal.
3691 4966 3783 5019 μα-

2228 5056 2420 5127 κάριος
2444 5050 2514 5116 εἴ,
2552 5054 2752 5124 μᾶλλον
2788 5052 2845 5104 δὲ
2884 5054 2980 5103 καὶ
3001 5046 3397 5119 τρισμακάριοι
3421 5084 3435 5105 ,
3493 5044 3590 5095 ἐὰν
3642 5039 3787 5095 τοῦτο

2228 5148 2347 5201 ὅλον
2392 5147 2784 5217 ἀπεργάσησθε
2822 5141 3259 5213 Χριστομίμητοι
3306 5134 3464 5207 ἡμῶν
3513 5133 3783 5187 δεσπόται.

2232 5238 2341 5291 Καὶ
2377 5239 2435 5290 ὲν
2467 5240 2643 5308 τούτῳ
2694 5237 2774 5289 ἐτι
2823 5234 3025 5305 μᾶλλον
3072 5228 3510 5303 κρατυνθὴσεται
3563 5223 3712 5294 ὑμῶν
3755 5223 3784 5286 ἡ

2071 5437 2299 5496 ΝΟΤ.·Ε.

632 5538 742 5607 (l6)
790 5536 1107 5603 Νικηφόρω
1177 5534 1443 5590 Βασιλεῖ,
1508 5553 1526 5584 ι
1588 5531 2129 5607 DefuttctoATarasio

562 5603 921 5677 (patriarcha)
958 5606 1255 5677 imperator
1286 5608 1530 5674 cogitare
1557 5605 1722 5677 coepit
1749 5603 1815 5657 de
1839 5604 1959 5677 ejus
2004 5619 2130 5657 suc-

561 5674 780 5737 cessore
841 5675 1126 5744 deligendo
1167 5694 1178 5728 :
1209 5678 1260 5728 in
1292 5691 1401 5739 quo
1435 5685 1493 5727 ut
1527 5674 1765 5741 speciem
1808 5676 2000 5729 saltem
2035 5688 2129 5725 os-

563 5752 807 5805 tenderet
838 5748 1075 5817 pietatis,
1129 5747 1403 5801 consuluit
1445 5745 1796 5800 Theodorum
1834 5744 2129 5807 Studitam,

2239 5535 2415 5587 virum
2466 5532 2686 5603 quidem
2744 5530 2945 5603 pietate
3000 5524 3403 5603 insigneni,_ut
3446 5512 3784 5603 prlol'erretin

2241 5587 2497 5669 medium:
2532 5618 2694 5672 quem
2729 5587 2893 5672 sciret
2923 5606 3081 5672 tanto
3115 5587 3444 5649 "sacerdotio
3489 5587 3729 5656 dignum.
3761 5598 3780 5635 ι

2241 5675 2464 5730 (Barun.
2497 5668 2585 5729 an.
2615 5673 2739 5738 806,
2775 5687 2829 5723 ιι.
2861 5668 2939 5736 5.)
