4008 6318
181 336 279 399 961

1415 355 1950 418 EPISTOLARUM
1985 361 2129 420 LIB.
2177 363 2224 422 Ι.

3345 366 3450 430 962

177 446 451 513 βασιλεία·
488 447 960 521 μεγαλυνθήσεται
991 471 1047 507 τε
1079 457 1138 508 τὸ
1169 457 1342 527 ὄνομα
1372 462 1527 530 ὑμῶν
1557 463 1638 526 είς
1668 480 1756 529 γε-

1867 469 2170 523 cerdotium
2205 481 2258 525 et
2300 472 2616 542 imperium,
2663 487 2762 542 per
2792 487 2911 542 quae
2931 473 3164 538 colitur,
3205 490 3298 544 per
3326 491 3448 547 qua:

174 537 308 590 νεάν
342 539 436 592 καὶ
465 542 684 605 γενεάν·
712 541 1085 614 αὐξηθήσεται
1112 547 1168 600 δὲ
1201 551 1384 604 καὶτὰ
1414 553 1508 606 τοῦ
1535 554 1771 623 κράτους

174 627 338 694 ὐμῶν
377 629 497 698 ἐτη.
542 631 762 704 Ἐπειδὴ
805 635 898 688 δύο
931 636 1105 690 ταῦτα
1147 639 1383 695 δέδωκεν
1424 645 1452 696 6
1491 644 1625 707 Θεὸς
1658 647 1772 708 τοῖς

175 720 538 789 Χριστιανοῖς
578 723 918 796 δωρήματα,
976 730 1278 803 ἱερωσύνην
1325 736 1419 787 καὶ
1469 736 1773 806 βασιλείαν.

173 813 256 864 Δι’
296 811 372 867 ὧν
402 814 791 887 θεραπεύεται,
818 822 886 874 δι’
912 815 987 876 ὧν
1030 829 1316 895 κοσμεῖται
1355 827 1430 892 ὼς
1462 832 1518 882 ὲν
1552 834 1767 903 οὐρανῷ

173 909 243 960 τὰ
297 911 546 980 ἐπίγεια.
592 912 884 985 Ὀπότερον
938 915 1032 970 οῦν
1081 917 1315 983 ἀναξίως
1365 921 1500 992 ἔχει,
1558 926 1656 977 καὶ
1705 926 1767 979 τὸ

175 998 298 1051 ὅλον
326 1001 434 1055 ἀνά
450 1019 548 1072 ίκη
585 1005 1047 1071 συγκινδυνεύειν.
1087 1006 1253 1061 Ὥστε
1289 1010 1340 1062 εί
1375 1009 1656 1080 βούλοισθε
1695 1019 1761 1086 τῇ

177 1089 441 1163 βασιλείᾳ
470 1094 626 1163 ὑμῶν
662 1100 978 1166 συγκροτεῖν
1013 1099 1081 1152 τὰ
1119 1100 1380 1170 μέγιστα,
1420 1105 1513 1156 καὶ
1540 1105 1629 1159 διά
1662 1107 1764 1176 τῆς

177 1181 464 1249 βασιλείας
492 1185 646 1255 ὐμῶν
682 1189 816 1241 πᾶσι
845 1191 960 1252 τοῖς
1015 1192 1390 1261 Χριστιανοῖς·
1445 1197 1760 1268 ἰσόρροπον,

174 1273 236 1323 τὸ
267 1272 400 1326 ὅσον
432 1277 511 1336 είς
532 1275 785 1345 δύναμιν,
823 1280 922 1349 τῆς
953 1281 1094 1335 κατὰ
1124 1283 1223 1354 τὴν
1256 1285 1533 1354 βασιλείαν
1559 1289 1762 1360 ἀρετῆς

177 1365 336 1432 ὐμῶν
379 1365 599 1436 δέξηται
644 1371 738 1422 καὶ
805 1372 837 1441 ὴ
893 1372 1188 1444 Ἐκκλησία
1237 1378 1327 1429 τὸν
1377 1380 1576 1448 ἑαυτῆς
1623 1383 1761 1451 πρό-

174 1455 355 1526 εδρον·
391 1456 476 1510 ἵνα
493 1459 888 1531 ἀγαλλιάσηται
910 1465 981 1517 τὰ
1013 1467 1258 1534 οὐράνια,
1280 1469 1372 1520 καὶ
1404 1469 1511 1542 ᾄσῃ
1542 1470 1610 1521 τὰ
1637 1472 1760 1523 ἐπί-

1867 571 2136 615 ornantur
2165 605 2180 627 ,
2227 572 2282 617 et
2312 565 2684 635 gubernantur
2710 566 3013 620 caelestium
3056 569 3304 638 exemplo
3336 578 3448 622 ter-

1873 665 2025 704 rena.
2061 652 2345 708 Utrumvis
2375 670 2504 725 ergo
2522 665 2719 723 praeter
2738 656 3060 725 dignitatem
3092 672 3148 711 se
3175 659 3445 723 habuerit,

1873 749 2044 794 totum
2079 758 2185 796 una
2220 744 2515 812 periclitari
2547 759 2772 798 necesse
2794 756 2895 800 cst.
2929 745 3141 814 Quare,
3171 749 3216 802 si
3243 749 3448 818 optima

1875 833 2104 904 imperio
2135 848 2316 892 vestro
2363 840 2662 893 decernere
2702 841 2888 905 vultis,
2935 850 2988 895 et
3025 858 3123 911 per
3157 842 3447 913 imperium

1873 936 2112 980 vestrum
2177 930 2432 984 omnibus
2490 929 2857 998 Christianis;
2916 934 3215 1001 aequalem,
3268 936 3447 1003 quoad

1873 1015 1989 1069 ﬁeri
2041 1028 2240 1087 potest,
2305 1019 2667 1089 imperatoria:
2718 1023 2902 1077 virtuti
2953 1033 3144 1079 vestra:
3190 1026 3452 1080 sortietur

1872 1109 2116 1165 Ecclesia
2166 1114 2455 1182 przesulem
2515 1130 2694 1180 suum,
2755 1125 2815 1169 ut
2853 1120 3130 1171 exsultent
3165 1119 3443 1180 caelestia.

1870 1201 2237 1272 laetenturque
2279 1213 2520 1260 terrena.
2564 1207 2676 1260 Dux
2709 1207 2865 1262 vobis
2895 1208 2967 1263 sit
2999 1208 3094 1262 Dei
3137 1223 3363 1274 manus,
3392 1209 3446 1263 in

1868 1308 1974 1361 qua
2005 1303 2059 1347 et
2082 1310 2176 1348 cor
2215 1306 2454 1350 vestrum
2480 1307 2584 1358 est.
2611 1300 2969 1368 ostendatque
3003 1300 3259 1366 meliora;
3296 1308 3351 1354 et
3378 1301 3447 1354 ab

1869 1398 1932 1436 ca
1984 1385 2261 1453 recipietis
2302 1388 2370 1440 ob
2421 1397 2706 1458 susceptos
2741 1406 2838 1458 pro
2871 1407 3036 1460 opere
3074 1393 3179 1446 hoc
3205 1393 3445 1457 labores,

1869 1488 2027 1527 curas
2051 1483 2106 1528 et
2129 1477 2546 1541 sollicitudines,
2581 1494 2809 1548 regnum
2839 1483 3255 1550 sempiternum.

175 1565 327 1615 γεια.
355 1547 458 1620 Εῖη
492 1551 524 1620 ή
563 1553 683 1624 χεὶρ
718 1554 811 1607 τοῦ
844 1555 1000 1618 Θεοῦ,
1028 1557 1084 1609 ὲν
1177 1558 1269 1610 καὶ
1303 1561 1335 1630 ή
1370 1560 1567 1630 καρδία
1601 1562 1757 1630 ὑμῶν
1796 1565 1969 1629 ἐστιν,
2041 1569 2121 1630 εἰς
2159 1568 2380 1638 ὁδηγίαν
2441 1572 2535 1623 καὶ
2578 1547 2924 1642 ἀποκάλυψιν
2964 1547 3064 1626 τοῦ
3111 1574 3444 1644 κρείττονος.

175 1643 282 1696 Καὶ
331 1645 686 1716 ἀπολήψεσθε
735 1648 866 1716 παρ’
901 1649 1075 1719 αὐτῆς
1119 1652 1245 1715 τούς
1294 1655 1432 1723 ὑπὲρ
1468 1654 1561 1709 τοῦ
1629 1657 1791 1728 ἔργου
1833 1659 2026 1713 τούτου
2091 1662 2598 1732 καταϐαλλομένους
2632 1665 2760 1734 ὐμῖν
2805 1667 3000 1728 πόνους
3041 1643 3445 1738 καιμερίμνας

176 1736 270 1788 καὶ
307 1740 628 1808 φροντίδας,
657 1739 754 1809 τὴν
783 1740 1065 1810 βασιλείαν
1117 1744 1215 1814 τὴν
1241 1743 1545 1816 ἀδιάδοχον.

439 1853 538 1908 ΙΖ’.
579 1885 646 1898 -—
692 1857 936 1929 Ἰωάννῃ
966 1862 1280 1929 σπαθαρίῳ
1315 1862 1445 1932 (l7).
1480 1862 1629 1935 [λδ’.]

2237 1867 2398 1922 XVII.
2425 1901 2494 1910 —
2521 1869 2716 1924 Joanm'
2755 1869 3057 1938 Spatltario.

951 1971 1023 2020 De
1049 1970 1264 2034 imagine
1291 1974 1342 2022 S.
1379 1973 1647 2036 Demetrii,
1670 1975 1720 2024 in
1748 1975 1992 2040 baptismo
2024 1978 2239 2028 adhibita
2270 1992 2360 2042 pro
2392 1987 2700 2044 susceptare.

250 2071 406 2125 Θεῖόν
433 2091 487 2127 τι
510 2073 694 2145 δρᾶμα
719 2077 1016 2146 ἀκηκοότες
1042 2082 1384 2151 πεπραχέναι
1417 2101 1511 2136 σου
1534 2086 1634 2155 τὴν
1663 2104 1756 2140 κυ-

1937 2089 2190 2144 Divinum
2252 2092 2525 2160 quoddam
2574 2093 2784 2150 facinus
2833 2108 2862 2148 a
2917 2091 3290 2148 dominatione
3351 2103 3442 2150 tua

179 2161 427 2234 ριότητα,
471 2165 900 2237 τεθαυμάκαμεν
934 2170 1027 2223 ἐπὶ
1059 2174 1127 2242 τῇ
1158 2173 1368 2244 μεγάλῃ
1393 2192 1485 2228 σου
1520 2177 1596 2241 ὡς
1622 2177 1756 2248 ἀλη-

176 2253 285 2316 θῶς
314 2254 524 2317 πίστει,
550 2255 803 2326 ἄνθρωπε
838 2258 934 2312 τοῦ
965 2259 1124 2314 Θεοῦ.

245 2346 387 2415 Φησὶ
415 2347 526 2417 γὰρ
575 2350 603 2400 6
633 2349 847 2415 διδάξας
871 2352 1178 2422 χρήσασθαί
1213 2372 1271 2408 σε
1314 2359 1378 2426 τῇ
1435 2359 1555 2429 ἱερᾷ
1585 2359 1755 2413 εἰκόνι

177 2433 268 2486 τοῦ
316 2436 806 2508 μεγαλομάρτυρος
835 2443 1171 2513 Δημητρίου,
1203 2446 1324 2498 ἀντὶ
1367 2449 1625 2518 ἁναδόχου
1676 2467 1759 2526 τις

180 2529 286 2592 νὸς,
316 2532 412 2582 καὶ
461 2529 636 2595 οὕτως
687 2535 998 2589 ἐπιτελέσαι
1030 2538 1091 2590 τὸ
1135 2538 1391 2609 φώτισμα
1438 2542 1530 2594 τοῦ
1563 2541 1756 2610 θεοφυ-

178 2620 376 2675 λάκτου
409 2640 503 2676 σου
544 2625 756 2680 τέκνου.
793 2629 923 2692 Καὶ,
951 2630 995 2682 ὣ
1021 2630 1119 2700 τῆς
1160 2633 1564 2705 πεποιθήσεωςί
1607 2636 1757 2690 Οὐδὲ

180 2715 246 2765 ἐν
276 2714 356 2779 τῷ
396 2717 644 2785 Ἰσραὴλ
675 2716 857 2788 εὗρον
880 2725 1187 2792 τοσαύτην
1207 2729 1418 2782 πίστιν
1436 2772 1449 2793 ,
1467 2733 1494 2783 6
1522 2733 1756 2800 Χριστὸς

181 2808 239 2859 οὐ
269 2809 435 2877 μόνον
465 2811 586 2863 τότε
619 2811 694 2881 τῷ
723 2814 1094 2886 ἑκατοντάρχῃ
1126 2818 1268 2870 δοκῶ
1301 2820 1755 2889 ἐπιφθέγξασθαι,

181 2901 314 2954 ἀλλά
343 2904 439 2955 καὶ
473 2904 557 2955 σοὶ
590 2904 713 2974 ἄρτι
760 2905 838 2975 τῷ
892 2910 1173 2980 ἐφαμίλλῳ
1207 2916 1272 2983 τῇ
1303 2914 1504 2969 πίστει.
1553 2916 1758 2987 Εὐρετο

182 2991 358 3043 τοίνυν
385 2993 596 3055 ἐκεῖνος
623 2993 652 3046 ὃ
685 2993 1022 3067 ἐπεζήτησεν
1042 3015 1053 3027 ·
1084 2999 1347 3070 ἐπέτυχες
1371 3003 1467 3055 καὶ
1493 3004 1656 3067 αὐτὸς
1696 2997 1756 3058 οὐ

185 3081 470 3146 πέποιθας.
497 3084 646 3138 Ἐκεῖ
668 3088 728 3141 τὸ
762 3088 906 3142 θεῖον
929 3091 1261 3161 πρόσταγμα
1283 3095 1412 3147 ἀντὶ.Δ
1433 3095 1532 3165 τῆς
1570 3115 1756 3167 σωμα-

184 3173 337 3242 τικῆς
388 3179 708 3246 παρουσίας·
738 3180 1016 3234 κάνταῦθα
1047 3183 1078 3252 ή
1127 3187 1411 3254 σωματικὴ
1443 3186 1607 3242 εἰκὼν
1637 3190 1756 3243 ἀντὶ

185 3262 277 3315 τοῦ
328 3267 712 3336 πρωτοτύπου.
742 3270 895 3323 Ἐκεῖ
937 3275 1232 3345 συμπαρῆν
1261 3276 1338 3345 τῷ
1364 3277 1508 3347 λόγῳ
1530 3281 1558 3331 6
1585 3279 1755 3348 μέγας

185 3353 372 3420 Λόγος,
394 3357 642 3426 ἀοράτως
663 3363 728 3430 τῇ
761 3360 974 3432 θεὸτητι
1012 3364 1072 3416 τὸ
1103 3367 1402 3435 παράδοξον
1427 3371 1525 3440 τῆς
1559 3371 1753 3434 ίὰσεως

186 3444 601 3518 ἐργασάμενος·
650 3452 927 3506 κάνταῦθα
951 3455 1008 3507 δὲ
1041 3457 1208 3526 συνῆν
1254 3462 1282 3510 ὁ
1333 3459 1751 3530 μεγαλόμαρτυς

187 3537 455 3606 πνεύματι
513 3543 580 3610 τῇ
639 3543 815 3614 οἰκείᾳ
867 3545 1033 3597 εἰκόνι
1087 3549 1148 3599 τὸ
1198 3546 1398 3620 βρέφος
1442 3550 1751 3620 δεχόμενος.

199 3627 352 3683 Ἀλλά
407 3630 659 3702 βεϐήλοις
717 3634 816 3703 μὲν
863 3636 1054 3700 ἀκοαῖς
1103 3640 1198 3690 καὶ
1251 3639 1506 3703 ἀπίστοις
1553 3641 1755 3712 ψυχαῖς

186 3718 353 3774 ταῦτα
395 3723 774 3792 ἀπαράδεκτα,
829 3726 906 3789 ὡς
958 3729 1182 3781 ἄπιστα·
1225 3731 1321 3783 καὶ
1371 3732 1606 3801 μάλιστα
1644 3738 1756 3799 τοῖς

188 3810 579 3884 Εἰκονομάχοις
604 3831 617 3845 ·
670 3819 735 3885 τῇ
766 3816 822 3868 δὲ
859 3821 922 3889 σῇ
978 3820 1231 3894 εὐσεϐείᾳ
1279 3823 1485 3895 ὲναργῆ
1515 3825 1582 3878 τά
1614 3843 1757 3893 γνω-

190 3905 424 3972 ρίσματά
451 3924 510 3960 τε
540 3907 635 3960 καὶ
661 3909 1033 3981 ὑποδείγματα
1086 3914 1489 3985 πεφανέρωται.
1538 3919 1605 3971 Τί
1647 3921 1757 3988 γὰρ

187 3991 259 4060 τῷ
289 3993 406 4065 Θεῷ
430 3997 681 4050 ἀδυνατεῖ
703 4000 963 4071 παρέχειν
990 4006 1102 4067 τοῖς
1145 4007 1493 4075 πιστεύουσι;
1521 4010 1612 4062 καὶ
1640 4010 1757 4072 πῶς

187 4083 302 4153 οὐχὶ
337 4087 394 4138 ὲν
442 4090 510 4158 τῇ
555 4088 722 4143 εἰκόνι
760 4093 787 4143 ὁ
809 4093 1204 4164 είκονιζὸμενος
1229 4099 1535 4166 ὁμωνύμως
1561 4101 1756 4172 ὁρᾶται

187 4190 241 4227 τε
265 4180 354 4230 καὶ
386 4175 526 4232 εἶναι
553 4182 868 4237 πιστεύεται
888 4204 934 4250 ς(
956 4188 1020 4239 Ἡ
1042 4187 1146 4258 γάρ
1166 4189 1266 4258 τῆς
1289 4191 1519 4253 εἰκόνος,
1542 4195 1706 4261 φησὶν
1726 4198 1754 4247 6

192 4264 356 4330 μέγας
384 4268 686 4333 Βασίλειος,
717 4272 852 4342 τιμὴ
869 4275 960 4327 ὲπὶ
976 4276 1033 4328 τὸ
1055 4279 1409 4347 πρωτότυπον
1428 4281 1712 4336 διαϐαίνει.
1726 4302 1744 4334 ι

190 4353 345 4408 Ὥστε
380 4359 567 4427 σαφῶς
600 4362 628 4412 6
657 4363 866 4432 μάρτυς
893 4361 959 4435 ἦν
981 4366 1067 4420 διά
1101 4370 1199 4439 τῆς
1223 4373 1432 4435 οἰκείας
1458 4374 1668 4439 εἰκόνος
1694 4376 1755 4428 τὸ

192 4443 380 4516 βρέφος
425 4453 839 4521 εἰσδεχόμενος·
889 4458 974 4526 ἐφ’
1003 4460 1125 4513 ὅσον
1179 4463 1321 4516 οῦτω
1363 4466 1751 4531 πεπίστευκας.

202 4537 352 4594 Ἀλλά
378 4544 462 4605 τίς
490 4545 522 4612 ἠ
564 4545 771 4609 εὐδοξία
805 4549 902 4619 τῆς
937 4552 1324 4623 μεγαλωσύνης
1351 4572 1464 4622 σου,
1491 4558 1571 4610 ὅτι
1603 4559 1754 4629 τηλι-

191 4630 394 4698 κοῦτον,
433 4634 496 4686 τὸ
521 4635 586 4705 δὴ
609 4635 920 4706 λεγόμενον,
943 4641 1232 4698 σύντεκνον
1265 4649 1662 4720 προσεκτήσως
1691 4652 1748 4702 οὐ

1857 2182 2057 2238 factum
2092 2185 2377 2238 audientes
2397 2222 2412 2246 ,
2443 2184 2625 2238 mirati
2654 2200 2843 2239 sumus
2869 2184 2940 2240 ob
2975 2199 3222 2255 magnam
3253 2203 3442 2241 revera

1858 2276 2039 2339 fidem,
2077 2277 2242 2330 homo
2277 2275 2396 2330 Dei.

1927 2367 2170 2422 Affirmat
2220 2370 2366 2424 enim
2407 2371 2499 2439 qui
2532 2369 2736 2437 retulit,
2765 2379 2817 2425 te
2845 2387 3053 2427 sacram
3085 2374 3262 2444 magni
3299 2389 3443 2428 mar-

1857 2461 1986 2530 tnis
2023 2459 2280 2515 Demetrii
2321 2462 2612 2532 imaginem
2648 2464 2983 2532 susceptoris
3007 2464 3288 2533 cujusdam
3321 2467 3441 2520 loco

1857 2551 2211 2613 adhibuisse.
2274 2562 2439 2622 atque
2501 2555 2575 2609 ita
2646 2554 2741 2608 filii
2796 2557 2870 2608 tui
2930 2572 2959 2610 a
3021 2556 3131 2611 Deo
3186 2559 3441 2613 custoditt

1856 2642 2181 2710 baptismum
2241 2645 2529 2714 peregisse.
2590 2647 2742 2711 Et,o
2796 2648 3048 2702 fiduciam
3105 2653 3280 2706 tuaml
3320 2651 3440 2705 Non

1856 2736 2030 2788 inveni
2079 2745 2283 2789 tantam
2323 2737 2478 2805 [idem
2510 2739 2563 2790 in
2601 2738 2774 2793 Israel
2815 2740 2895 2801 ³³,
2951 2756 3056 2794 non
3105 2741 3279 2795 solum
3310 2758 3440 2796 cen-

1858 2829 2058 2882 turioni
2117 2838 2246 2884 tunc
2273 2845 2302 2882 a
2352 2828 2573 2884 Christo
2604 2831 2808 2886 dictum
2864 2832 3100 2886 arbitror
3124 2873 3136 2895 ,
3168 2833 3260 2886 sed
3292 2848 3440 2893 nunc

1857 2920 2018 2974 etiam
2055 2920 2151 2974 tibi
2204 2921 2294 2988 qni
2340 2920 2442 2974 fide
2473 2931 2647 2976 certas
2699 2937 2821 2975 cum
2873 2922 2986 2975 illo.
3046 2921 3260 2976 Invenit
3311 2939 3442 2994 ergo

1858 3013 1948 3066 ille
1986 3013 2127 3081 quod
2176 3014 2454 3081 «maerebat
2484 3029 2498 3075 ;
2549 3013 2778 3082 adeptus
2808 3028 2866 3066 es
2901 3022 2956 3066 et
2981 3013 3098 3082 ipse
3129 3013 3272 3082 quod
3311 3030 3438 3083 spe-

1858 3103 2008 3156 rasti.
2062 3102 2140 3158 lbi
2187 3103 2433 3156 divinum
2485 3106 2800 3157 mandatum
2865 3119 2963 3172 pro
2986 3103 3251 3171 corporali
3298 3120 3439 3172 prae-

1857 3192 2030 3246 sentia
2058 3209 2069 3245 :
2109 3191 2198 3246 hic
2226 3206 2482 3260 corporea
2513 3193 2691 3262 imago
2718 3194 2834 3247 vice
2865 3193 3161 3262 protOtyp'i.
3191 3191 3262 3246 lbi
3293 3193 3436 3246 enim

1858 3284 2039 3337 verbis
2093 3283 2284 3337 aderat
2334 3297 2588 3352 magnum
2656 3283 2927 3348 Verbum,
2999 3283 3288 3338 divinitate
3341 3300 3439 3338 sua

1858 3373 2106 3428 mirabile
2149 3372 2400 3428 sanitatis
2437 3388 2574 3441 opus
2625 3373 2970 3426 invisibiliter
3002 3374 3334 3443 perliciens;
3383 3384 3437 3427 et

1858 3464 1948 3519 hic
2009 3464 2214 3533 pariter
2266 3478 2493 3533 magnus
2551 3471 2750 3532 martyr
2796 3463 3016 3533 imagini
3079 3479 3192 3518 suae
3243 3463 3436 3533 spiritu

1858 3570 2097 3623 przesens
2131 3564 2267 3616 erat,
2292 3557 2552 3609 infantem
2578 3557 2896 3623 suscipiens.
2936 3555 3130 3609 Verum
3155 3557 3268 3611 haec
3308 3573 3440 3626 pro-

1857 3649 1998 3705 fanis
2054 3650 2271 3719 quidem
2335 3649 2598 3712 auribus,
2653 3658 2709 3702 et
2764 3648 3060 3703 incredulis
3119 3651 3436 3716 mentibus,

1858 3740 2081 3794 minime
2113 3738 2448 3808 recipienda,
2488 3748 2742 3806 tauquam
2767 3737 3125 3805 incredibilia,
3160 3739 3436 3803 videntur,

1858 3835 2090 3888 maxime
2133 3832 2550 3895 lconomachis;
2599 3831 2782 3899 pietati
2824 3847 2955 3886 vero
2997 3840 3102 3885 tua:
3147 3832 3437 3885 manifesta

1859 3933 2174 3998 argumenta
2224 3930 2279 3977 et
2322 3923 2568 3992 exempla
2606 3922 2872 3992 patefacta
2918 3931 3064 3976 sunt.
3117 3921 3255 3986 Quid
3290 3925 3436 3977 enim

1857 4025 1943 4072 est
1974 4015 2119 4086 quod
2165 4015 2306 4068 Deus
2355 4023 2613 4083 praestare
2661 4014 3011 4068 credentibus
3056 4029 3166 4066 non
3216 4013 3441 4082 possit?

1857 4115 1950 4160 aut
2002 4104 2276 4175 quomodo
2309 4105 2363 4158 in
2397 4104 2629 4173 imagine
2670 4118 2779 4156 non
2818 4103 3144 4172 homonyme
3171 4105 3432 4168 cernitur,

1857 4207 1910 4251 ct
1941 4197 2119 4250 inesse
2167 4195 2443 4258 creditur,
2503 4193 2595 4262 qui
2652 4193 3120 4262 repraesentatur?
3181 4191 3438 4263 lmaginis

1857 4288 2119 4357 siquidem
2171 4286 2368 4351 honor,
2399 4294 2456 4339 ut
2497 4300 2722 4355 magnus
2759 4285 2835 4339 ait
2866 4285 3111 4346 Basilius,
3141 4285 3337 4338 transit
3364 4286 3432 4340 ad

1857 4386 2221 4447 prototypum.
2247 4373 2425 4440 Quare
2456 4373 2805 4428 manifestum
2839 4382 2892 4427 et
2920 4377 3207 4443 martyrem
3242 4372 3432 4437 fuisse,

1856 4472 1945 4540 qui
1988 4469 2249 4523 infantem
2297 4483 2394 4537 per
2423 4467 2695 4537 propriam
2735 4466 3026 4536 imaginem
3061 4466 3432 4534 suscipiebat,

1855 4570 2123 4629 quatenus
2147 4559 2218 4612 ita
2241 4559 2538 4614 credidisti.
2567 4557 2695 4622 Sed,
2717 4571 2748 4608 o
2772 4556 3226 4627 magnificentiam
3260 4567 3430 4619 tuam,

1855 4653 1944 4723 qui
1983 4654 2141 4706 talem
2189 4667 2252 4704 ac
2297 4661 2506 4704 tantum
2556 4659 2911 4718 syntecnum,
2966 4658 3025 4702 ut
3056 4657 3434 4712 vocant,sor-

189 4718 273 4771 τὸν
294 4722 438 4777 δεῖνα
463 4725 496 4796 ἢ
525 4727 616 4778 τὸν
643 4725 810 4794 δεῖνα,
841 4730 1076 4802 ἄρχοντα
1100 4736 1262 4804 τυχὸν
1352 4718 1638 4810 δυνάστην·
1676 4741 1752 4792 εἷο

1861 4718 1988 4793 titus
2010 4754 2090 4802 es,
2123 4754 2230 4790 non
2289 4736 2434 4792 hunc
2462 4737 2545 4791 vel
2578 4737 2748 4800 illum,
2814 4736 3116 4805 principem
3165 4746 3292 4806 puta
3349 4741 3435 4794 vel

195 4827 276 4864 ποι
325 4815 368 4866 δ’
396 4816 462 4869 ἂν
515 4818 626 4871 οὐδ’
651 4819 814 4874 αὐτὸν
857 4824 949 4877 τὸν
986 4824 1046 4877 τὸ
1077 4825 1313 4897 διάδημα
1347 4833 1750 4901 περικείμενον·

196 4903 388 4968 μείζων
413 4908 523 4978 γὰρ
548 4911 640 4962 καὶ
683 4911 979 4984 ὑπέρτερος
1010 4918 1038 4968 ὁ
1065 4915 1446 4990 ὲξευρημένος.
1481 4923 1600 4976 Τῶν
1644 4924 1751 4994 γὰρ

197 4997 482 5068 μαρτύρων
514 5003 541 5053 6
578 5002 866 5070 κράτιστος
892 5022 903 5036 ·
936 5008 1044 5060 τῶν
1077 5010 1508 5081 θαυματουργῶν
1560 5015 1587 5066 6
1638 5015 1753 5066 δια-

194 5084 430 5152 πρύσιος·
448 5090 559 5142 τῶν
575 5092 744 5158 φίλων
764 5095 999 5167 Χριστοῦ
1015 5099 1044 5150 ὁ
1057 5101 1299 5169 γνήσιος·
1328 5102 1436 5154 τῶν
1461 5105 1706 5171 ἄγγελων
1725 5107 1752 5157 6

196 5179 542 5264 συμπολίτης·
566 5184 802 5238 τοσαῦτα
829 5188 923 5240 καὶ
944 5190 1245 5261 τηλικαῦτα
1268 5195 1360 5246 καὶ
1388 5195 1635 5264 δυνηθεὶς
1657 5199 1752 5250 καὶ

193 5263 475 5337 δυνάμενος
504 5275 562 5325 ὲν
591 5278 700 5337 τοῖς
740 5279 843 5331 ὑπὸ
886 5281 974 5335 τὸν
998 5283 1244 5354 οὐρανόν·
1278 5285 1417 5340 ὥστε
1447 5289 1539 5342 ἀπ’
1575 5289 1746 5359 ἄκρου

263 5383 306 5415 δ’
342 5387 536 5442 Matth.
573 5404 686 5453 wn,
714 5394 797 5448 i0.

1855 4835 2182 4902 dynastam;
2232 4839 2323 4883 aut
2371 4827 2545 4897 ipsum
2603 4829 2765 4881 etiam
2823 4827 2917 4896 qui
2958 4828 3260 4883 diademate
3288 4831 3432 4884 redi-

1858 4924 2021 4976 mitus
2053 4930 2156 4975 est.
2188 4919 2356 4989 Major
2387 4920 2530 4973 enim
2564 4918 2828 4987 longeque
2859 4919 3111 4987 superior
3131 4928 3214 4973 est
3269 4936 3436 4988 quem

1855 5016 2122 5085 reperisti.
2155 5014 2445 5085 Martyrum
2479 5013 2677 5082 quippe
2700 5012 3045 5077 fortissimus,
3077 5011 3431 5067 mirificorum

1853 5107 2213 5167 clarissimus,
2267 5119 2555 5175 germanus
2601 5103 2801 5157 Christi
2847 5102 3074 5164 amicus.
3113 5104 3430 5172 angelorum

1855 5202 2032 5255 civis:
2083 5200 2172 5268 qui
2223 5207 2301 5252 tot
2341 5206 2596 5262 tantaque
2639 5196 2691 5248 in
2746 5195 2907 5248 terris
2952 5209 3169 5264 semper
3207 5198 3433 5263 potuit,

1856 5299 2139 5360 potestque
2166 5306 2182 5354 ;
2209 5297 2265 5342 ut
2290 5287 2342 5340 in
2373 5285 2624 5339 omnibus
2653 5283 2761 5338 oris
2797 5281 3178 5336 miraculorum
3206 5297 3435 5336 suorum

1685 5553 1915 5610 NOTAE.

265 5659 370 5749 L17)
391 5665 1025 5749 .‘Iw'cirm-gfqaoupiip.
1049 5669 1272 5727 Joannis
1302 5671 1747 5749 protospatharii,

1865 5674 2324 5745 Bajuli,ablrenc
2347 5675 2500 5730 electi
2537 5675 2740 5729 mentio
2799 5685 2881 5728 est
2949 5674 3090 5742 apud
3135 5670 3431 5740 Theopha-~

199 5740 310 5782 nem
339 5736 402 5788 ad
431 5751 630 5790 annum
670 5741 728 5793 l0
762 5739 962 5795 IreneS.
