4008 6318
539 309 640 376 963

1713 319 1772 374 S.
1817 316 2204 377 THEODORI
2253 317 2530 376 STUDIT
2559 316 2598 373 Ε

3683 313 3786 378 964

539 425 664 478 tuba
691 422 1014 477 celebretur.
1043 423 1237 476 Beatus
1269 422 1443 492 reipsa
1473 439 1552 486 es,
1581 426 1663 478 vir
1684 426 1946 494 piissime,
1970 427 2114 496 quod

2227 428 2312 494 τῆς
2355 428 2456 494 γῆς
2502 427 2606 490 ἕως
2641 428 2810 495 ἄκρου
2842 427 2946 496 γῆς
2971 429 3036 496 τῇ
3065 428 3329 494 σάλπιγγι
3355 427 3464 480 τῶν
3489 429 3786 498 θαυμάτων

541 515 704 568 talem
739 523 933 568 nactus
974 513 1047 568 sis
1085 525 1497 582 susceptorem:
1554 525 1635 568 ter
1675 517 1864 570 beatus
1889 528 1943 570 et
1974 518 2114 572 ﬁlius

544 616 689 669 tuus,
742 606 834 674 qui
873 622 902 660 a
946 614 1094 659 tanta
1142 606 1308 676 gloria
1356 614 1412 660 et
1453 608 1692 676 potentia
1738 609 1964 677 praedito
1993 624 2114 663 sus-

543 708 733 766 ceptus
785 698 872 751 sit.
941 697 1104 751 Nobis
1153 714 1283 752 vero
1318 700 1500 754 videre
1546 699 1704 754 liceat
1760 701 1905 754 hunc
1948 701 2113 754 ﬁlium

547 799 694 842 tuum
721 790 891 843 sancti
933 789 1186 842 Demetrii
1226 791 1622 860 cognominem,
1668 791 1710 843 si
1760 793 1974 854 annuis,
2026 802 2114 854 ut,

545 892 799 950 tanquam
829 882 997 951 ipsius
1023 882 1192 934 (ilium
1219 882 1626 950 amplectentes,
1657 891 1713 936 et
1735 883 1986 952 congruis
2015 883 2114 951 ipsi

545 976 758 1039 verbis,
817 984 875 1028 ut
909 982 1249 1042 peccatores,
1301 975 1726 1043 compellemus,
1775 982 1830 1028 et
1866 989 1978 1027 rem
2024 990 2117 1044 ge-

549 1077 686 1120 stam
718 1067 782 1119 ad
820 1066 960 1119 alios
994 1080 1208 1135 quoque
1241 1066 1688 1118 transmittamus.
1717 1064 1827 1119 Nec
1861 1065 2002 1118 enim
2033 1080 2117 1118 res

550 1159 803 1227 pulchras
832 1156 975 1210 sileri
1002 1156 1297 1218 convenit,
1321 1155 1416 1210 sed
1455 1155 1575 1210 aliis
1600 1155 1665 1209 ad
1695 1155 1797 1225 pia:
1825 1155 1949 1210 ﬁdei
1973 1156 2117 1210 clara

548 1251 868 1303 documenta
902 1247 1150 1316 proponi.

832 1532 1013 1587 XVI-ll.
1051 1564 1113 1572 ——
1146 1532 1425 1588 Staurario
1451 1532 1734 1601 Spathario
1756 1534 1824 1587 δ’.

2213 518 2379 571 αὑτοῦ
2424 518 2878 588 διαθρυλλεῖσθαι.
2911 519 3197 586 Μακάριος
3223 519 3391 582 ὅντως
3423 516 3493 584 εί,
3530 522 3664 590 ἆνερ
3699 524 3786 573 εύ-

2215 607 2522 673 σεὸέστατε,
2566 609 2646 661 ὃτι
2670 599 2911 661 τοιούτου
2953 609 3262 677 τετύχηκας
3303 610 3588 678 ἀναδόχου·
3642 629 3792 680 τρισ-

2218 699 2485 768 μακάριος
2543 717 2636 751 σου
2687 700 2779 751 καὶ
2825 702 2852 752 6
2903 701 3098 766 γόνος,
3145 699 3282 768 ἔχων
3338 701 3427 751 τὸν
3490 701 3788 769 δεξάμενον

2213 789 2529 861 τηλικοῦτον
2556 789 2636 860 τῷ
2683 790 2827 842 κλέει
2861 792 2950 842 καὶ
2995 791 3244 858 δυνάμει.
3271 790 3412 842 Ἀλλ’
3445 790 3654 860 ἴδοιμεν
3699 793 3790 843 τὸν

2216 884 2328 934 υἱόν
2358 899 2451 934 σου
2489 885 2582 936 καὶ
2609 882 2900 952 ὁμώνυμον
2928 881 3021 935 τοῦ
3073 884 3227 950 ἁγίου
3259 883 3600 952 Δημητρίου,
3632 884 3791 952 εἴπερ

2217 972 2580 1044 συγκατέμχῃ,
2608 973 2716 1036 ἵνα,
2745 974 2817 1036 ὡς
2849 974 2960 1026 υίὸν
2990 973 3154 1026 αὑτοῦ
3191 973 3691 1042 προσπτυξαμενοι,
3723 972 3792 1024 τὰ

2216 1065 2400 1117 εἰκότα
2431 1065 2528 1133 μὲν
2561 1064 3066 1135 προσφθεγξιῖιμεθα
3099 1067 3189 1117 καὶ
3231 1066 3392 1134 ἡμεῖς
3421 1064 3497 1126 ὡς
3529 1065 3792 1132 ἁμαρτω-

2225 1155 2327 1217 λοὶ,
2353 1155 2566 1225 ἔχωμεν
2609 1157 2664 1208 δὲ
2698 1156 2756 1209 τὸ
2785 1157 3030 1225 διήγημα
3076 1156 3169 1209 καὶ
3207 1157 3286 1217 είς
3342 1155 3562 1224 ἐτέρους
3611 1170 3790 1223 παρα-

2216 1247 2476 1315 πέμπειν.
2505 1251 2595 1300 Δεῖ
2616 1249 2724 1316 γὰρ
2743 1248 2811 1300 τά
2849 1248 2988 1300 καλὰ
3016 1247 3091 1316 μὴ
3122 1245 3451 1305 σιωπᾶσθαι,
3488 1243 3625 1297 ἀλλὰ
3651 1261 3790 1312 προ-

2217 1337 2432 1390 κεῖσθαι
2469 1340 2580 1400 τοῖς
2637 1338 2818 1402 ἄλλοις
2870 1343 2949 1401 εἰς
3003 1337 3238 1400 πίστεως
3287 1335 3542 1397 εὐσεϐοῦς
3576 1335 3787 1403 ἐναργῆ

2216 1427 2610 1495 ὑποδείγματα.

2379 1537 2484 1588 lll'.
2519 1567 2587 1576 —
2631 1536 2972 1604 Σταυρακίφ
3000 1533 3308 1601 σπαθαρίῳ
3337 1532 3472 1602 (18).
3501 1528 3628 1602 [λε’]

2003 1669 2054 1717 In
2088 1669 2223 1719 obitu
2253 1671 2359 1720 filii.

620 1766 846 1820 Causam
894 1770 1106 1836 quidem
1140 1772 1358 1826 humilis
1389 1771 1644 1826 absentiae
1678 1774 2004 1843 nostraejam
2034 1775 2118 1827 di-

2293 1776 2402 1845 Τὴν
2438 1776 2536 1846 μὲν
2569 1776 2748 1829 αίτίαν
2786 1776 2883 1846 τῆς
2909 1773 3168 1840 ταπεινῆς
3198 1771 3463 1833 ἀπουσίας
3501 1769 3659 1839 ἡμῶν
3689 1768 3790 1836 ἤδη

553 1863 749 1926 ximus,
779 1877 879 1916 nec
906 1878 1039 1931 opus
1067 1873 1142 1917 est
1169 1865 1398 1934 amplius
1425 1881 1702 1920 excusare.
1754 1867 1907 1921 Unde
1940 1878 2118 1920 autem

552 1953 867 2006 ordiemur?
899 1961 991 2006 aut
1023 1968 1140 2020 qua:
1165 1953 1392 2007 facultas
1420 1954 1653 2008 inveniri
1685 1965 1844 2024 queat
1869 1957 2119 2025 praesenti

553 2039 872 2093 veneranda:
894 2040 1084 2094 animae
1113 2051 1304 2094 vestrae
1337 2042 1506 2096 dolori
1537 2044 2121 2110 conveiiiens'IQuem-

549 2130 838 2181 admodum
885 2131 1034 2184 enim
1068 2131 1309 2186 medicus
1358 2135 1424 2188 ad
1479 2136 1836 2190 insanabilem
1870 2138 2121 2192 morbum

551 2223 854 2285 accedens,
914 2222 1097 2276 animo
1152 2225 1322 2279 meret
1384 2227 1606 2295 ancipiti
1669 2244 1902 2296 quonam
1966 2236 2122 2297 pacto

552 2310 886 2362 curationem
957 2312 1336 2381 aggrediatur.
1396 2315 1474 2369 sic
1528 2325 1585 2370 et
1666 2333 1766 2372 nos
1830 2327 2123 2372 aestuamus

555 2399 743 2452 incerti
810 2416 912 2468 qua
951 2403 1157 2456 ratione
1211 2406 1530 2473 gravissimo
1571 2409 1711 2461 malo
1759 2419 1941 2463 vestro
1989 2426 2123 2463 con-

553 2489 876 2544 solationem
941 2491 1251 2547 aﬂeramus.
1318 2494 1361 2548 Ο
1408 2496 1819 2551 calamitatem!
1871 2514 1904 2551 o
1952 2498 2122 2551 infor-

555 2580 764 2632 tunium
793 2584 806 2634 ι
837 2579 979 2636 Obiit
1009 2584 1162 2638 vobis
1199 2585 1340 2639 [ilius
1363 2585 1580 2654 elegans
1606 2596 1660 2641 et
1695 2587 1998 2654 lormosus;
2038 2588 2125 2642 ille

555 2673 646 2740 qui
679 2683 920 2726 materna
964 2676 1170 2730 viscera
1207 2678 1418 2746 primus
1449 2679 1783 2733 recluserat:
1842 2694 1939 2749 per
1963 2695 2123 2749 quem

558 2767 711 2820 vobis
759 2775 1044 2836 parentum
1096 2784 1295 2823 nomen
1344 2769 1598 2835 inditum,
1630 2771 1975 2840 principium‘
1999 2786 2125 2841 pro.

559 2857 864 2927 pagationis
890 2859 1106 2929 generis
1128 2898 1143 2922 ,
1190 2861 1342 2914 radix
1367 2863 1757 2930 procreationis
1795 2863 2086 2917 liberorum
2108 2902 2121 2927 ,

558 2947 806 3000 surculus
836 2948 1113 3002 rationalis
1142 2951 1566 3019 germinationis,
1603 2953 1776 3020 prima
1806 2953 1951 3005 velut
2003 2968 2124 3005 rosa

559 3046 798 3106 paternae
844 3037 1206 3093 fecunditatis.
1251 3039 1318 3092 Et
1356 3041 1481 3108 quid
1527 3041 1724 3102 dicam,
1763 3050 1820 3094 ut
1858 3041 1947 3094 lilii
2001 3043 2119 3110 pul-

557 3128 921 3181 chritudinem
973 3128 1283 3198 explicem?
1329 3130 1409 3182 An
1471 3131 1612 3198 quod
1646 3132 1924 3185 crescebat
1961 3148 2124 3199 puer,

561 3218 981 3288 proﬁciebatque
1005 3229 1163 3274 aetate
1190 3230 1241 3274 et
1271 3221 1543 3276 intellectu
1573 3265 1586 3288 ,
1619 3233 1673 3277 et
1697 3224 1864 3294 gratia
1894 3224 1984 3278 Dei
2013 3233 2129 3278 erat

561 3313 612 3362 in
641 3309 730 3361 illo
749 3309 817 3374 '°,
836 3321 1094 3378 quantum
1122 3321 1177 3365 et
1201 3311 1303 3380 ipsi
1326 3329 1387 3365 ex
1420 3328 1478 3365 re
1499 3329 1659 3380 parva
1683 3315 1888 3382 experti
1912 3315 2129 3368 sumus?

559 3398 842 3462 Quomodo
895 3400 1055 3469 igitur
1113 3401 1232 3454 talis
1262 3417 1325 3454 ac
1381 3410 1562 3456 tantus
1615 3403 1801 3456 letbali
1855 3403 2029 3466 ferro,
2062 3420 2128 3458 ex

563 3489 715 3558 ipsis.
747 3500 806 3544 ut
852 3492 923 3545 ita
1000 3492 1195 3555 dicam,
1243 3492 1442 3547 lumbis
1488 3494 1684 3549 vestris
1728 3505 1994 3559 exscctus,
2047 3497 2132 3549 in-

562 3583 947 3636 consolabilem
974 3584 1121 3637 cordi
1155 3595 1336 3639 vestro
1370 3585 1611 3639 dolorem
1644 3603 1750 3639 non
1782 3589 1999 3655 pariat?
2039 3598 2133 3642 aut

562 3673 683 3740 quis
712 3687 816 3724 non
863 3673 1276 3728 collamentetur
1325 3685 1378 3729 et
1409 3677 1712 3739 condoleat,
1756 3688 2007 3747 tanquam
2063 3681 2133 3734 ob

564 3763 780 3832 aliquod
819 3765 986 3833 ipsius
1017 3767 1318 3822 membrum
1347 3767 1398 3820 in
1431 3769 1583 3822 vobis
1615 3769 1792 3839 gladio
1817 3772 2134 3825 succisum?

567 3855 926 3924 lngemiscant
974 3859 1168 3911 merito
1221 3869 1425 3926 patres,
1471 3859 1822 3927 pulcherrimi
1855 3861 2016 3929 hujus
2041 3862 2133 3916 ﬁlii

566 3947 852 4001 orbitatem
894 3959 1219 4016 spectantes.
1261 3949 1503 4019 Lugeant
1553 3959 1607 4004 et
1647 3961 1847 4006 matres
1885 3960 1991 4006 tam
2037 3968 2135 4006 ve-

568 4049 743 4092 nusta:
777 4039 940 4108 prolis
977 4041 1271 4094 sectionem
1303 4049 1610 4095 cernentes.
1645 4039 1950 4096 Rescissum
1989 4043 2136 4096 enim

570 4144 754 4183 revera
795 4141 878 4184 est
907 4133 1207 4185 membrum
1264 4141 1502 4185 vestrum
1538 4149 1551 4185 :
1588 4132 1823 4186 abscissa
1877 4143 1960 4187 est
2011 4149 2137 4187 caro

571 4232 767 4277 vestra.
802 4223 966 4292 Seges
997 4224 1183 4292 ingens
1208 4223 1443 4286 doloris;
1476 4223 1758 4278 medicina:
1789 4224 2136 4292 pharmacum

572 4314 815 4367 invenire
840 4312 1074 4367 difficile.
1109 4311 1303 4367 Mteror
1333 4313 1385 4365 in
1420 4312 1653 4377 familia,
1705 4314 1923 4368 tristitia
1960 4316 2012 4369 in
2040 4317 2137 4370 do-

2223 1866 2470 1934 είπομεψ
2503 1866 2595 1917 καὶ
2628 1866 2688 1918 ού
2715 1866 2819 1934 χρή
2851 1881 2901 1916 τι
2931 1865 3092 1915 πλέον
3123 1861 3530 1929 ἀπολογεῖσθαι.
3573 1858 3696 1920 Πῶς
3733 1857 3793 1908 δὲ

2221 1956 2539 2025 ἀρξόμεθα;
2576 1955 2607 2025 ἢ
2649 1956 2731 2018 τίς
2763 1955 2990 2022 δύναμις
3018 1951 3326 2021 ἐξευρεθείη
3359 1952 3436 2012 είς
3463 1950 3523 2001 τὸ
3577 1946 3792 2015 συμϐὰν

2223 2047 2390 2109 πάθος
2426 2049 2544 2108 ταῖς
2572 2047 2780 2113 τιμίαις
2813 2044 2966 2113 ὑμῶν
2993 2043 3229 2112 ψυχαῖςς
3267 2041 3538 2110 Καθάπερ
3569 2040 3676 2107 γάρ
3711 2054 3794 2098 τις

2226 2137 2405 2206 ἰατρὸς
2443 2137 2536 2188 ἐπὶ
2557 2136 2792 2203 δυσιάτῳ
2817 2135 2955 2203 νόσῳ
2980 2135 3292 2203 ἐρχόμενος,
3327 2129 3611 2199 ἀμηχανίᾳ
3642 2120 3797 2194 περιο

2226 2228 2458 2287 ίσταται,
2490 2228 2636 2289 ὅπως
2665 2226 2897 2296 ἐπιϐάλῃ
2936 2224 3031 2294 τὴν
3073 2224 3381 2293 ἐγχείρησιν
3405 2239 3418 2253 ·
3453 2220 3628 2283 οὔτως
3660 2219 3798 2285 ξλιγο

2222 2320 2452 2389 γιῶμεν,
2486 2319 2600 2380 πῶς
2635 2318 2725 2370 τὸν
2754 2315 3164 2386 παρακλητικὸν
3212 2315 3369 2381 λόγον
3395 2314 3484 2366 ἐπὶ
3513 2313 3590 2380 τῷ
3623 2312 3794 2381 βαρυ-

2222 2412 2368 2479 τάτῳ
2399 2410 2552 2479 ὑμῶν
2579 2408 2741 2461 πάθει
2763 2403 3251 2474 προσενέγκασθαι.
3279 2405 3343 2455 Ὢ
3363 2403 3460 2472 τῆς
3485 2420 3546 2454 συ
3557 2401 3790 2471 μφορᾱςί

2223 2501 2268 2553 ὣ
2323 2502 2422 2569 τῆς
2473 2498 2828 2568 συμϐάσεωςί
2868 2495 3041 2566 ᾣχετο
3097 2496 3224 2563 ὑμῖν
3288 2496 3415 2556 παῖς
3476 2492 3639 2553 καλὸς
3700 2492 3796 2544 καὶ

2224 2592 2441 2661 ὡραῖος·
2481 2592 2640 2653 αὐτὸς
2687 2594 2714 2644 6
2761 2591 2856 2653 τὰς
2890 2587 3109 2658 πρώτας
3152 2587 3422 2655 μητρικὰς
3452 2584 3646 2644 ὠδῖνας
3678 2582 3797 2634 δια-

2224 2684 2410 2746 λύσας·
2457 2683 2523 2736 δι’
2545 2676 2604 2735 οὗ
2637 2683 2762 2750 ὑμῖν
2792 2683 2852 2735 τὸ
2889 2682 2996 2734 τῶν
3028 2680 3230 2747 γονέων
3260 2678 3431 2747 ὄνομα
3456 2673 3800 2745 κεχρημάτιο

2223 2788 2341 2828 κεν·
2399 2775 2431 2843 ἡ
2484 2773 2627 2844 ἀρχὴ
2658 2772 2755 2841 τῆς
2811 2771 3058 2840 διαδοχῆς
3086 2769 3180 2822 τοῦ
3210 2768 3399 2836 γένους
3427 2784 3441 2797 ·
3474 2768 3506 2836 ὴ
3540 2763 3664 2836 ῥίζα
3699 2764 3800 2831 τῆς

2225 2869 2588 2928 τεκνοποιίας*
2630 2866 2658 2917 6
2686 2863 2863 2935 ὅρπηξ
2891 2864 2987 2931 τῆς
3014 2862 3234 2930 λογικῆς
3269 2857 3660 2929 βλαστοφορίας
3736 2853 3801 2905 τὸ

2225 2964 2386 3016 οἱονεὶ
2422 2959 2745 3031 πρωτοφυὲς
2774 2957 2922 3028 ῥόδον
2952 2957 3049 3024 τῆς
3083 2954 3348 3023 πατρικῆς
3393 2947 3794 3021 καρποφορίας.

2227 3055 2335 3108 Καὶ
2370 3054 2422 3105 τί
2459 3053 2525 3106 ἂν
2558 3047 3087 3120 εἴποιμιπαριστῶν
3139 3045 3199 3097 τὸ
3256 3044 3412 3111 γόνου
3464 3038 3698 3101 κάλλος;
3748 3035 3785 3104 ἦ

2229 3146 2309 3197 ὃτι
2346 3143 2407 3196 τὸ
2445 3142 2655 3195 παιδίον
2688 3139 2887 3208 ηὔξανε
2933 3140 3029 3190 καὶ
3078 3136 3411 3204 προέκοπτεν
3461 3127 3649 3198 ἡλικίᾳ.
3699 3125 3800 3177 καὶ

2233 3237 2466 3293 συνέσει.
2492 3232 2582 3285 καὶ
2610 3232 2768 3300 χάρις
2803 3228 2937 3281 Θεοῦ
2961 3223 3028 3296 ἦν
3059 3226 3142 3277 ἐπ’
3167 3224 3332 3291 αὐτῷ,
3361 3223 3481 3273 ὅσον
3504 3223 3566 3270 ἐκ
3602 3213 3802 3284 μικροῦ

2230 3328 2322 3381 καὶ
2351 3327 2510 3395 ἡμεῖς
2542 3319 2958 3390 πεπειράμεθα;
2992 3315 3112 3377 Πῶς
3140 3314 3318 3366 τοίνυν
3347 3312 3408 3362 τὸ
3431 3308 3669 3363 τοιοῦτον
3703 3305 3803 3395 καὶ

2230 3394 2543 3486 τηλικοῦτον
2566 3411 2837 3481 ὲκτμηθὲν
2865 3411 2930 3478 τῇ
2960 3406 3222 3474 θανατικῇ
3250 3400 3509 3471 μαχαίρᾳ,
3538 3397 3596 3461 ἐξ
3625 3394 3803 3462 αὐτῆς

2232 3510 2402 3560 εἰπεῖν
2431 3506 2530 3573 τῆς
2560 3502 2758 3570 ὀσφύος
2784 3499 2957 3570 ὑμῶν,
2979 3500 3040 3550 οὐ
3063 3493 3453 3566 κατεργάσειεν
3483 3487 3547 3542 ἂν
3579 3489 3802 3554 ἀπαραο

2238 3599 2473 3668 μύθητον
2512 3596 2672 3662 ἄλγος
2701 3596 2756 3645 ὲν
2780 3594 2845 3661 τῇ
2879 3589 3075 3658 καρδίᾳ
3104 3585 3294 3657 diui»;
3325 3582 3358 3654 ἢ
3389 3581 3471 3643 τίς
3502 3579 3562 3632 οὐ
3592 3593 3806 3646 συμπο-

2234 3667 2506 3743 τνιάσεται
2560 3685 2651 3738 καὶ¹
2681 3680 3175 3746 συναλγυνθήσεται
3224 3676 3317 3728 ἐπὶ
3361 3673 3437 3742 τῷ
3488 3667 3806 3739 τεμνομένῳ

2234 3783 2320 3835 διὰ
2347 3781 2534 3848 ξίφους
2568 3776 2710 3829 κατά
2741 3792 2792 3826 τι
2821 3772 2928 3826 τῶν
2957 3765 3308 3840 ὑπαρχόντων
3337 3763 3482 3832 αὐτῷ
3516 3759 3693 3831 μελῶν
3726 3759 3805 3821 ὼς

2237 3874 2319 3941 ἐφ’
2353 3873 2520 3940 ὑμίν;
2563 3865 2880 3930 Στενάξειαν
2940 3861 2986 3914 δ’
3014 3861 3080 3915 ἂν
3127 3859 3349 3920 εἰκότως
3397 3855 3490 3908 καὶ
3543 3851 3802 3917 πατέρες,

2237 3960 2478 4013 τοιούτου
2510 3956 2794 4009 καλλίστου
2822 3953 3008 4015 παιδὸς
3041 3948 3312 4017 ἀποϐολὴν
3350 3946 3638 4012 θεώμενοι.
3664 3942 3807 4011 Θρη-

2237 4052 2455 4121 νήσειαν
2483 4048 2527 4101 δ’
2546 4048 2610 4100 ἂν
2631 4046 2724 4097 καὶ
2748 4043 3002 4113 μητέρες,
3021 4039 3335 4110 τηλικούτου
3364 4034 3565 4104 ὡραίου
3591 4032 3804 4096 σπλάγ-

2239 4160 2365 4214 χνου
2398 4139 2637 4210 ὲκνομὴν
2667 4134 3123 4206 προσϐλέπουσαι.
3148 4131 3190 4182 Τ
3194 4131 3424 4198 έτμηται
3450 4125 3559 4194 γὰρ
3589 4121 3808 4191 ἀληθῶς

2243 4235 2401 4304 μέλος
2443 4230 2615 4301 ὑμῶν.
2647 4227 3008 4279 Ἐκκέκοπται
3039 4221 3174 4292 σάρξ
3229 4220 3405 4289 ὑμῶν,
3440 4217 3499 4268 τὸ
3540 4215 3809 4285 ὀδυνηρὸν

2242 4327 2376 4380 πολὺ
2406 4365 2420 4387 ,
2482 4323 2542 4375 τὸ
2595 4317 2985 4391 Θεραπευτικον
3037 4316 3327 4384 φάρμακον
3390 4307 3806 4377 δυσεξεύρητον.

570 4404 828 4468 mesticis,
875 4405 1028 4457 dolor
1073 4405 1126 4457 in
1165 4406 1443 4475 cognatis;
1497 4406 1590 4459 sed
1641 4421 1750 4476 pra!
1789 4407 2040 4461 omnibus
2079 4410 2126 4461 in

2241 4415 2526 4482 Κατήφεια
2551 4410 2644 4462 ἐπὶ
2675 4408 2775 4476 τῆς
2832 4406 3028 4468 οἰκίας,
3069 4403 3228 4471 ὀδύνη
3262 4401 3355 4453 ἐπὶ
3389 4399 3517 4459 τοὺς
3562 4397 3804 4457 οίκέτας,

569 4513 669 4550 avo
717 4495 937 4549 domino
990 4497 1239 4565 patricio,
1297 4505 1352 4550 et
1412 4497 1466 4549 in
1519 4496 1634 4550 avia
1691 4498 1908 4552 domina
1954 4509 2136 4568 proto-

572 4586 863 4652 spatharia.
917 4584 1168 4652 Undique
1216 4585 1398 4654 gravia
1445 4595 1496 4638 et
1544 4585 1957 4639 tristia.Verum
2001 4603 2136 4657 age,

574 4677 656 4726 vir
673 4675 896 4744 optime,
923 4675 1013 4744 qui
1033 4683 1088 4728 et
1110 4676 1461 4744 intelligentia
1485 4676 1748 4741 abundas,
1772 4686 1826 4730 et
1857 4675 2138 4745 prudentia

576 4775 800 4836 praestas
825 4807 840 4831 ,
894 4775 949 4820 et
993 4766 1279 4835 plurimam
1318 4782 1381 4819 ex
1420 4767 1710 4821 multorum
1741 4784 2002 4821 annorum
2037 4786 2137 4823 usu

577 4853 805 4927 adeptus
861 4874 919 4912 es
972 4858 1276 4922 scientiam,
1303 4857 1399 4912 tibi
1451 4857 1566 4927 ipse
1600 4859 1838 4923 medere,
1906 4859 2136 4928 teipsum

579 4964 730 5002 sana.
785 4949 1007 5017 Conjice
1033 4986 1048 5012 ,
1096 4963 1314 5018 quaeso,
1369 4949 1568 5002 mentis
1595 4949 1780 5003 oculos
1810 4951 1865 5003 in
1898 4950 2134 5003 universi

2236 4505 2380 4571 λύπη
2407 4503 2498 4553 ἐπὶ
2522 4501 2649 4561 τοὺς
2682 4497 2985 4565 συγγενεῖς·
3015 4493 3214 4564 μᾶλλον
3250 4491 3308 4544 δὲ
3338 4489 3442 4560 πρὸ
3467 4487 3675 4541 τούτων
3713 4486 3807 4539 ἐπὶ

2234 4597 2324 4647 τὸν
2348 4593 2668 4663 προπάτορα
2694 4589 2880 4658 κύριον
2907 4585 3210 4654 πατρίκιον,
3246 4581 3342 4636 καὶ
3357 4580 3455 4650 τὴν
3484 4580 3808 4648 προμήτορα

2235 4684 2428 4753 κυρίαν
2457 4679 2969 4753 πρωτοσπαθαρίαν.
3029 4673 3296 4728 Πάντοθεν
3325 4671 3473 4724 δεινά
3507 4670 3600 4722 καὶ
3647 4667 3805 4736 περί-

2234 4775 2396 4826 λυπα.
2432 4771 2595 4824 Ἀλλὰ
2648 4767 2808 4838 δεῦρό
2858 4784 2967 4836 μοι,
3014 4765 3152 4835 ἀνὴρ
3204 4762 3428 4832 χρηστὲ,
3459 4760 3488 4812 6
3532 4758 3700 4819 πολὺς
3749 4760 3806 4808 ὲν

2236 4865 2471 4925 συνέσει,
2523 4863 2550 4912 6
2588 4859 2747 4926 σοφὸς
2780 4861 2837 4910 ὲν
2872 4856 3152 4924 φρονήσει,
3181 4856 3208 4905 6
3253 4852 3512 4918 πλείστην
3552 4846 3804 4913 συνειλη-

2231 4955 2339 5025 χὼς
2372 4955 2433 5004 ἐκ
2473 4948 2680 5001 πολλῶν
2727 4946 2833 4999 τῶν
2861 4945 3068 5015 χρόνων
3100 4943 3198 5012 τὴν
3230 4941 3451 5008 γνῶσινθ
3487 4938 3684 4990 σαυτὸν
3715 4937 3805 4988 θε-

581 5041 1130 5109 contcmplationem;
1186 5040 1394 5109 respice
1434 5040 1498 5093 ad
1547 5041 1798 5109 antiquas
1829 5051 2014 5096 aetates
2041 5082 2055 5106 ,
2104 5058 2126 5095 a

2236 5053 2526 5117 ραπσῡσον·
2562 5039 2757 5093 σαυτὸν
2790 5039 2959 5090 ῐασαι.
3001 5034 3261 5089 Ἐπίὸαλέ
3303 5049 3420 5095 σου,
3472 5028 3804 5099 παρακαλῶ,

582 5132 754 5201 primo
808 5132 924 5201 ipso
987 5142 1210 5201 parente
1234 5142 1418 5186 nostro
1467 5133 1634 5185 Adam
1657 5173 1671 5197 ,
1718 5143 1772 5185 et
1801 5134 1922 5187 vide
1953 5150 2014 5187 ac
2047 5151 2126 5188 re-

2230 5140 2320 5196 τὸν
2352 5134 2622 5204 ὀφθαλμὸν
2646 5132 2746 5200 τῆς
2775 5129 3008 5191 διανοίας
3035 5131 3111 5189 εἰς
3140 5127 3239 5196 τὴν
3261 5128 3356 5192 τῆς
3402 5124 3634 5185 κτίσεως
3666 5120 3805 5173 θεω-

581 5237 847 5290 cognosce
873 5261 887 5285 ,
933 5225 1056 5291 quis
1105 5224 1158 5275 in
1199 5223 1372 5276 lucem
1422 5238 1671 5292 egressus
1711 5223 1765 5276 in
1804 5224 1906 5277 hoc
1939 5226 2126 5278 saeculc

2238 5229 2374 5298 ρίαν·
2407 5224 2671 5293 ἕμὸλεψον
2725 5224 2804 5283 είς
2851 5221 3080 5292 ἀρχαίας
3113 5217 3326 5287 γενεάς,
3362 5215 3457 5269 ἀπ’
3483 5214 3648 5267 αὐτοῦ
3712 5210 3805 5264 τοῦ

582 5312 970 5380 permanserit,
1017 5321 1072 5366 et
1118 5327 1224 5364 non
1275 5311 1567 5365 exorientis
1605 5312 1774 5364 instar
1817 5311 1925 5366 feni
1978 5313 2126 5367 citius

2237 5318 2574 5386 προπάτορος
2605 5313 2763 5385 ἡμῶν
2792 5312 2982 5380 Ἀδάμ’
3041 5313 3134 5365 καὶ
3171 5310 3246 5363 ἴδε
3273 5312 3367 5361 καὶ
3399 5306 3571 5376 γνῶθι
3603 5307 3687 5368 τίς
3724 5306 3809 5356 ἐν·

654 5427 697 5459 “
736 5426 1122 5483 Consolatoria.
1197 5427 1242 5458 ”
1280 5425 1409 5480 Luc.
1460 5441 1516 5486 ιι,
1560 5426 1645 5479 40.

2105 5511 2327 5567 NOTAE.

658 5631 770 5699 (l8)
803 5630 1143 5696 Σταυρακίῳ
1176 5629 1500 5695 Σπαθαρῖῳ.
1535 5627 1696 5680 Forte
1726 5627 1771 5679 is
1815 5626 2133 5680 Stauracius

2248 5626 2386 5694 apud
2424 5622 2803 5690 Theophanem
2838 5621 2902 5674 ad
2935 5633 3136 5672 annum
3200 5617 3252 5671 ll
3309 5615 3492 5671 lrenes
3554 5627 3607 5670 et
3651 5618 3810 5674 dein-

592 5704 869 5772 patririus,
918 5701 1114 5766 publici
1169 5715 1362 5752 rursus
1407 5699 1693 5766 lngiitlieta,
1734 5699 1796 5750 de
1822 5714 1927 5764 quo
1971 5699 2136 5748 multa

2251 5712 2395 5761 reps.
