4008 6318
150 359 252 424 965

1376 365 1913 429 EPISTOLARUM
1953 374 2099 434 LIB.
2136 378 2184 436 Ι.

3307 375 3415 442 966

147 473 320 542 ἐμεινε
346 471 426 542 τῷ
451 471 608 526 αἰῶνι
638 473 811 542 τούτῳ
838 474 914 534 εἰς
940 471 1050 538 φῶς
1079 471 1270 535 ἐλθὼν,
1294 474 1406 526 ἀλλ’
1434 475 1554 543 οὐχὶ
1573 475 1728 545 δίκην

1838 482 2164 550 deﬂoruerit,
2195 503 2257 542 ac
2291 503 2387 558 per
2408 498 2638 541 mortem
2658 488 2984 543 dessiccatus
3003 486 3073 540 sit
3103 503 3115 540 :
3153 497 3248 541 ant
3275 488 3417 542 sicut

147 565 528 624 ἀνατέλλοντος
555 563 752 634 χόρτου
779 565 973 617 θᾶττον
1002 563 1266 633 ἐξήνθησε
1307 566 1399 616 καὶ
1423 566 1724 636 ἀπεξηράν-

147 657 211 727 θη
235 658 321 711 διὰ
355 655 590 709 θανάτου
612 696 625 719 ,
659 656 691 726 ἢ
728 656 800 717 ὡς
829 657 886 706 ὲν
920 655 1150 726 ῥεύματι
1182 657 1492 726 ποταμιαίῳ
1516 699 1531 722 ,
1559 660 1639 711 ὅτι
1665 659 1724 711 τὸ

152 749 248 819 μὲν
294 747 587 816 ὑπεξῆλθε,
619 747 678 798 τὸ
706 746 761 799 δὲ
793 746 1133 816 ἀντεισῆλοε,
1175 746 1269 800 τοῦ
1303 748 1442 801 κατά
1472 749 1723 821 διαδοχὴν

147 840 331 906 γένους
361 838 435 908 μὴ
473 837 783 906 ἱσταμένου,
817 836 952 889 ἀλλά
980 839 1418 909 παρατρέχοντος
1449 840 1570 893 καθ’
1597 842 1725 896 ἐκά-

151 948 275 1000 στην
301 931 536 1000 ἡμέραν·
572 928 743 992 οὕτως
769 929 818 980 oi
846 929 1212 997 γεννήσαντες
1257 933 1384 993 τοὺς
1422 933 1572 1002 ἡμᾶς
1598 950 1724 1001 γεν-

149 1025 432 1092 νήσαντας,
466 1023 561 1074 καὶ
591 1023 640 1074 oi
676 1023 899 1074 ἐκείνων
930 1024 1212 1093 ἀνώτεροι·
1261 1024 1356 1077 καὶ
1387 1024 1726 1090 ἀναποδίζων

148 1118 174 1168 ό
200 1114 356 1183 λόγος
385 1117 463 1178 είς
489 1115 588 1183 τὴν
615 1115 897 1184 καταρχὴν
931 1114 1227 1167 ἐλεύσεται·
1258 1117 1352 1167 καὶ
1379 1116 1585 1169 κατιὼν
1618 1119 1726 1171 πά-

149 1208 228 1260 λιν
257 1209 338 1271 είς
367 1209 466 1278 τὴν
500 1206 805 1260 συντέλειαν
841 1205 994 1258 τοῦδε
1021 1206 1114 1258 τοῦ
1147 1208 1349 1270 παντὸς
1375 1213 1724 1279 καταντήσει.

150 1300 253 1354 Καὶ
281 1302 394 1353 οὐκ
434 1301 607 1352 ἔστιν
635 1299 702 1365 ὃς·
735 1299 993 1365 ζήσεται,
1023 1299 1164 1352 κατά
1204 1299 1263 1351 τὸ
1314 1302 1723 1369 γεγραμμένον,

149 1391 240 1442 καὶ
269 1393 383 1445 οὐκ
414 1391 625 1459 ὄψεται
655 1391 934 1444 θάνατον.
971 1391 1042 1442 Τὸ
1086 1391 1142 1442 δὲ
1186 1393 1379 1460 παρὸν,
1415 1391 1726 1463 λειτουργία

150 1497 230 1542 τις
257 1480 614 1550 διωρισμένη,
645 1482 740 1532 καὶ
767 1481 1130 1550 πραγματεία
1155 1483 1478 1552 ἡμερήσιος·
1510 1485 1602 1535 καὶ
1628 1483 1726 1536 αὖ·

149 1574 272 1627 τίκα
322 1575 405 1636 εἰς
458 1574 528 1627 τὰ
555 1575 728 1627 οἰκεῖα
771 1574 1140 1639 ἐπανέλευσις,
1195 1575 1297 1643 τῆς
1346 1574 1454 1627 τῶν
1495 1575 1724 1640 ἐνθένδε,

150 1659 309 1728 λέγω,
342 1661 480 1732 πρὸς
508 1663 574 1716 τὰ
607 1663 785 1715 ἐκεῖσε
819 1662 1190 1733 μεταϐάσεως.
1227 1665 1591 1736 Πατριάρχαι,
1635 1667 1726 1720 καὶ

152 1753 447 1822 παρῆλθον·
499 1755 811 1824 προφῆται,
854 1755 950 1808 καὶ
1011 1757 1300 1825 μετῆλθον·
1339 1759 1576 1830 πατέρες
1633 1759 1726 1811 καὶ

157 1841 410 1910 μητέρες,
441 1842 536 1894 καὶ
560 1843 910 1909 ἀπεγένοντο·
943 1845 1158 1913 ἀδελφοὶ
1186 1848 1278 1898 καὶ
1307 1848 1449 1916 φίλοι
1475 1851 1569 1902 καὶ
1595 1867 1726 1917 συγ·
1763 1839 1802 1890 Β

153 1935 344 1999 γενεῖς,
379 1935 474 1986 καὶ
504 1934 871 2004 παρέδραμον.
907 1937 970 1988 Τί
1015 1937 1068 1990 δὲ
1108 1937 1383 2007 βασιλεῖς;
1436 1939 1488 1990 τί
1538 1940 1594 1993 δὲ
1633 1959 1728 1992 σα-

150 2025 389 2094 τράπαις
425 2027 478 2078 τί
510 2026 565 2078 δέ
599 2026 885 2096 ἄρχοντες;
916 2028 967 2081 τί
995 2029 1052 2080 δὲ
1087 2031 1238 2084 πᾶσα
1269 2032 1473 2102 ἡλικία,
1501 2033 1592 2085 καὶ
1619 2035 1727 2085 πᾶν

151 2118 302 2183 γένος
328 2115 620 2188 ἀνθρώπου
643 2135 656 2181 ;
689 2117 824 2186 Οὐχὶ
846 2119 1045 2181 πάντες
1077 2120 1180 2172 ὑπὸ
1208 2120 1313 2188 γῆν
1338 2121 1612 2188 γεγόνασι,
1635 2123 1728 2174 καὶ

153 2209 471 2277 γενήσονται
514 2207 709 2277 μικρὸν
766 2207 993 2279 ὕστερον
1041 2212 1104 2262 ἐκ
1154 2211 1259 2279 γῆς
1310 2212 1538 2278 φύντες;
1585 2213 1728 2266 Ἀλλ’

153 2287 248 2347 ὧδε
282 2296 343 2347 τὸ
377 2295 732 2366 ζητούμενον·
773 2298 856 2350 ἵνα
886 2298 1063 2362 καλῶς
1084 2299 1153 2352 τά
1187 2300 1420 2354 ἐνταῦθα
1458 2303 1728 2372 ἀμείψαν-

153 2402 258 2448 τες,
291 2386 387 2438 καὶ
416 2386 554 2456 πρὸς
579 2387 639 2440 τὸ
672 2386 918 2457 βούλημα
954 2389 1046 2441 τοῦ
1081 2390 1442 2459 πεποιηκότος
1475 2392 1610 2444 Θεοῦ
1633 2395 1732 2461 ἐμ-

156 2478 622 2547 πολιτευσάμενοι,
672 2481 766 2560 τοῦ
801 2484 979 2533 ἐκεῖσε
1014 2483 1394 2550 φοϐερωτάτου
1443 2487 1730 2556 κριτηρίου

153 2571 246 2640 τὴν
293 2571 638 2640 παράστασιν
677 2573 1041 2643 ἀκατάκριτον
1101 2575 1444 2646 εὑρήσωμεν·
1498 2577 1632 2648 ὅπερ
1672 2581 1732 2630 τὸ

155 2661 418 2731 ὑμέτερον
478 2662 667 2714 τέκνον
715 2663 972 2730 ἀσφαλῶς
1020 2666 1113 2719 καὶ
1148 2665 1380 2735 βεϐαίως
1408 2666 1606 2737 εὕρατο
1639 2669 1733 2720 καὶ

155 2756 536 2826 ἐπιτετύχηκε.
573 2756 859 2826 Μακάριος
888 2756 1016 2826 γὰρ,
1063 2759 1246 2827 φησὶν,
1274 2762 1302 2812 ὁ
1350 2763 1408 2813 ἐν
1451 2765 1734 2831 γεννητοῖς

154 2847 430 2915 γυναικῶν
459 2845 746 2915 ὀλιγὸὅιος,
791 2848 886 2900 καὶ
915 2848 973 2900 ὃν
1023 2850 1050 2900 ὁ
1088 2849 1290 2920 Κύριος
1323 2851 1604 2916 ἐξελέξατο
1640 2852 1734 2905 καὶ

157 2937 523 3008 προσελάϐετο
553 2939 611 2990 ἐν
641 2937 836 3011 πρώτῃ
887 2939 1090 3011 ἡλικίᾳ,
1127 2941 1202 3011 μὴ
1229 2943 1593 3011 πειρασθέντα
1624 2943 1733 2996 τῶν

157 3028 371 3099 πικρῶν
400 3029 820 3098 ἁμαρτημάτων
849 3023 941 3081 τοῦ
976 3031 1098 3100 τῇδε
1131 3031 1269 3101 βίου.

233 3120 458 3190 Ἐξῆλθε
499 3122 592 3173 καὶ
630 3121 870 3189 ἀπῆλθεν
909 3124 936 3174 ό
973 3122 1162 3192 κύριος
1207 3125 1517 3194 Σωτήριχος
1545 3143 1730 3197 φερω-

1827 576 1880 629 in
1913 576 2152 633 [ltuuinis
2187 580 2370 648 lapsu,
2406 580 2533 649 quia
2571 594 2699 647 pars
2728 594 2833 631 una
2868 578 3117 642 recessit,
3159 580 3327 634 altera
3361 583 3415 634 in

1825 667 2002 722 locum
2075 673 2378 736 successit,
2426 687 2629 742 genere
2687 687 2787 740 per
2837 672 3240 749 successionem
3305 689 3414 726 non

1825 761 2188 828 subsistente,
2225 766 2319 820 sed
2367 781 2463 834 per
2502 765 2622 819 dies
2679 764 2925 834 singulos
2974 766 3414 832 praetervolante,

1825 852 1898 906 ita
1948 854 2037 922 qui
2077 856 2353 926 genitores
2396 865 2615 910 nostros
2665 863 2994 925 genuerunt,
3058 863 3112 908 et
3137 857 3220 909 his
3250 871 3418 924 supe--

1826 945 1999 1000 riores
2030 965 2043 1001 :
2094 963 2422 1018 sursumque
2447 949 2696 1018 relegens
2728 945 2865 1000 ratio
2895 946 2960 998 ad
2992 947 3208 1000 initium
3243 963 3417 1015 usque

1825 1038 2124 1104 perveniet,
2178 1049 2232 1094 et
2261 1051 2450 1093 contra
2494 1039 2838 1093 descendens
2879 1039 2943 1092 ad
2986 1038 3222 1091 universi
3257 1037 3416 1090 linem

1827 1131 2231 1198 progredictur:
2264 1130 2327 1185 Et
2353 1149 2453 1184 non
2485 1140 2580 1192 est,
2607 1131 2695 1199 qui
2731 1132 2882 1193 vivet,
2916 1140 2974 1184 ut
3005 1131 3264 1199 scriptum
3290 1138 3373 1182 est
3398 1153 3412 1175 ο

1825 1226 1872 1270 et
1913 1236 2015 1271 non
2074 1219 2263 1273 videbit
2313 1235 2534 1274 mortem
2575 1220 2641 1273 ⁵¹.
2701 1218 2954 1273 Praesens
3003 1235 3131 1273 vero
3198 1229 3411 1283 status,

1827 1326 2029 1364 munus
2076 1312 2346 1379 quoddam
2393 1321 2478 1366 est
2537 1311 2843 1375 definitum,
2894 1320 2948 1364 et
2987 1311 3094 1364 dici
3130 1311 3289 1364 unius
3313 1327 3411 1364 ne-

1829 1402 2086 1470 gotiatio:
2118 1411 2231 1456 tum
2257 1403 2454 1457 deinde
2485 1405 2666 1458 statim
2697 1403 2762 1457 ad
2795 1418 2888 1456 sua
2924 1403 3166 1466 reditus;
3204 1402 3271 1456 ab
3307 1402 3410 1465 his,

1830 1494 2069 1562 inquam,
2119 1495 2184 1547 ad
2216 1494 2304 1548 illa
2354 1494 2750 1564 commigratio.
2804 1494 3134 1548 Patriarchre
3175 1494 3323 1558 olim,
3358 1503 3415 1547 et

1831 1585 2164 1640 transierunt
2209 1604 2222 1639 ι
2282 1587 2599 1655 propheta},
2652 1595 2705 1640 et
2773 1588 3026 1641 abierunt
3070 1605 3082 1640 :
3128 1596 3307 1654 patres
3361 1594 3415 1639 et

1829 1684 2060 1739 matres,
2107 1686 2162 1730 et
2191 1691 2311 1730 esse
2345 1677 2655 1732 desierunt:
2709 1676 2905 1731 fratres
2933 1686 2986 1730 et
3011 1677 3166 1730 amici
3201 1686 3256 1729 et
3287 1692 3416 1744 puo-

1829 1768 2040 1836 pinqui,
2071 1778 2125 1822 et
2149 1771 2485 1838 praetervecti
2516 1777 2663 1823 sunt.
2695 1767 2833 1834 Quid
2875 1785 3036 1838 porro
3065 1785 3216 1837 reges
3239 1769 3261 1821 ?
3285 1769 3411 1837 quid

1832 1862 2100 1928 satrapa?
2126 1862 2254 1930 quid
2288 1861 2599 1930 principeS?
2654 1862 2783 1929 quid
2815 1871 2942 1915 mtas
2968 1861 3148 1914 omnis
3173 1872 3225 1913 et
3253 1875 3416 1913 omne

1832 1964 2003 2017 genus
2031 1949 2355 2004 hominum?
2384 1951 2576 2005 Nonne
2604 1967 2794 2005 omnes
2823 1952 2924 2005 sub
2956 1961 3152 2004 terram
3193 1951 3416 2002 ierunt?

1831 2049 1887 2093 et
1941 2042 2100 2109 paulo
2132 2057 2252 2096 mox
2286 2042 2478 2105 ibunt,
2530 2059 2653 2097 cum
2686 2060 2748 2096 ex
2779 2053 2917 2096 terra
2967 2042 3067 2096 orti
3115 2042 3261 2095 sint?
3308 2042 3413 2095 Sed

1832 2132 1936 2186 hoc
1991 2131 2251 2187 nimirum
2303 2135 2554 2204 estquod
2614 2134 2914 2204 quaeritur;
2974 2143 3031 2186 ut
3057 2134 3196 2187 hanc
3249 2135 3412 2187 vitam

1832 2233 1981 2279 recte
2059 2228 2456 2295 transigentes,
2525 2235 2578 2279 et
2629 2242 2693 2281 ex
2745 2227 2837 2280 Dei
2891 2228 3187 2281 conditoris
3243 2227 3414 2281 nostri

1831 2313 2108 2368 voluntate
2180 2324 2605 2379 conversantes,
2654 2319 2793 2386 apud
2854 2317 3414 2372 formidolosissimum

1832 2406 1962 2460 illud
2010 2407 2243 2461 tribunal
2291 2408 2798 2482 condemnationem
2842 2410 3176 2465 declinemus
3214 2430 3226 2464 :
3273 2412 3415 2480 quod

1833 2497 1976 2552 filius
2009 2508 2192 2552 vester
2225 2499 2340 2553 sine
2365 2499 2530 2553 dubio
2558 2515 2619 2553 ac
2646 2501 2951 2555 certissime
2970 2511 3292 2557 consecutus
3313 2513 3414 2556 est.

1835 2587 2031 2641 Beatus
2084 2588 2254 2650 enim,
2303 2590 2398 2652 ait,
2438 2590 2592 2642 rintcr
2625 2597 2782 2642 natos
2825 2591 3152 2654 mulierum,
3195 2591 3278 2644 cui
3311 2591 3416 2643 vita

1834 2682 2016 2736 brevis
2050 2690 2153 2746 est,
2189 2691 2244 2736 et
2281 2697 2441 2757 quem
2479 2681 2736 2734 Dominus
2766 2682 2926 2751 elegit
2954 2691 3005 2735 et
3031 2683 3324 2751 assumpsit
3363 2684 3418 2736 in

1834 2774 2008 2843 prima
2055 2783 2246 2837 aetate,
2293 2775 2423 2826 'non
2489 2780 2753 2826 tentatum
2812 2772 3009 2826 amaris
3075 2773 3238 2842 hujus
3293 2774 3418 2828 vita:

1835 2878 2098 2936 peccans.

1905 3120 2151 3176 Excessit
2173 3129 2227 3176 et
2267 3121 2398 3175 abiit
2425 3119 2676 3182 dominus
2707 3119 3047 3181 Soterichus,
3087 3120 3293 3172 nomini
3321 3134 3419 3172 suo

154 3212 334 3283 νύμως
368 3215 428 3266 ἐν
455 3213 718 3283 σωτηρίᾳ·
747 3214 880 3284 ἤχου
903 3215 1266 3284 ἑορταζόντων
1292 3217 1732 3289 καταξιούμενος,

1841 3222 2222 3282 congruenter,
2253 3214 2306 3266 in
2334 3213 2507 3266 salute
2538 3229 2551 3275 ;
2586 3205 2780 3264 festum
2808 3212 2948 3264 diem
2976 3211 3252 3279 agentium
3285 3227 3420 3264 sono

155 3305 528 3372 ἀγαλλιάσεως
572 3304 959 3375 άνεκλαλήτου,
1013 3308 1462 3378 συναριθμήσεως
1511 3309 1620 3363 τῶν
1673 3313 1729 3362 ἐν

158 3398 374 3460 κόλποις
405 3396 660 3465 Ἀϐραὰμ
687 3397 1111 3467 ἀναπαυομένων
1152 3397 1364 3468 βρεφῶν
1397 3400 1590 3469 ἁγίων·
1628 3411 1731 3472 μη-

157 3488 272 3542 κέτι
326 3488 598 3541 δουλεύων
631 3488 804 3559 φθορᾷ
856 3488 948 3540 καὶ
1009 3490 1191 3558 σαρκὶ,
1244 3491 1506 3562 άῖδιότητι
1537 3493 1728 3550 συνών.

171 3577 448 3631 Ἐντεῦθεν
475 3576 774 3645 βουλόμεθά
809 3593 866 3628 σε
906 3575 1201 3646 λαμϐάνειν
1230 3579 1327 3642 τὰς
1352 3581 1606 3649 ἀφορμὰς
1634 3583 1731 3652 τῆς

158 3667 526 3739 παρηγορίας,
563 3665 812 3719 ἐντεῦθεν
855 3666 952 3729 τὰς
990 3668 1382 3740 παρακλήσεις.
1444 3671 1607 3724 Γενοῠ
1643 3673 1735 3741 δη-

161 3759 420 3829 μιουργὸς
477 3757 838 3828 εὐφροσύνης,
900 3757 994 3809 καὶ
1051 3758 1394 3830 θεραπευτής
1452 3763 1513 3814 οὐ
1575 3764 1734 3832 μόνον

161 3850 376 3913 σαυτοῦ,
413 3849 552 3903 ἀλλά
605 3851 699 3904 κα)⁵
751 3849 852 3919 τῆς
895 3843 1090 3920 κυρίας
1138 3853 1236 3922 τῆς
1270 3853 1600 3924 σπαθαρίας,
1637 3858 1735 3926 τῆς

163 3941 395 4009 μάλιστα
427 3941 691 4012 δεομένης
721 3943 961 4012 ἰατρείας
989 3945 1081 3998 καὶ
1115 3945 1530 4015 παρακλήσεως,
1560 3948 1648 4002 διὰ
1677 3951 1738 4002 τὸ

163 4035 354 4104 μικρὸν
379 4032 705 4104 περιπαθὲς·
731 4029 850 4086 εἶτα
883 4035 977 4088 καὶ
1005 4035 1112 4089 τῶν
1138 4035 1342 4091 λοιπῶν
1372 4038 1737 4110 διαφερόντων

163 4142 262 4178 σοι·
291 4127 366 4187 ὡς
390 4126 458 4180 ἂν
492 4124 708 4195 δειχθῇς
735 4127 804 4179 τὰ
831 4127 949 4179 θεῖα
981 4130 1431 4200 πεπαιδευμένος,
1455 4134 1548 4186 καὶ
1600 4133 1736 4188 Θεοῦ

160 4217 305 4286 νόμῳ
335 4215 731 4286 κρατούμενος·
763 4218 855 4268 καὶ
884 4217 1038 4280 εἰδὼς
1063 4219 1161 4271 ποῦ
1199 4237 1326 4273 ποτε
1357 4222 1522 4293 ἀπῄει
1552 4226 1579 4276 ὁ
1607 4224 1739 4293 μεθ-

162 4312 448 4378 ιστάμενος
553 4309 644 4363 καὶ
699 4310 937 4379 μάλιστα
985 4312 1077 4363 ἐπὶ
1125 4312 1219 4366 τοῦ
1253 4313 1345 4366 σοῦ
1405 4315 1739 4382 γλυκυτάτου

159 4403 370 4454 τέκνου·
411 4403 498 4455 ὅτι
544 4401 644 4453 οὐκ
677 4401 756 4464 είς
795 4401 1044 4468 θάνατον,
1069 4404 1189 4457 οὐδὲ
1223 4407 1302 4469 είς
1331 4406 1391 4459 τὸ
1418 4407 1492 4478 μὴ
1523 4408 1602 4473 ὃν,
1627 4410 1741 4461 ἀλλ’

160 4494 237 4554 εἰς
273 4493 420 4566 ζωὴν
467 4493 708 4557 αἰώνιον,
739 4494 833 4546 καὶ
861 4496 940 4557 είς
970 4496 1102 4548 Θεὸν
1134 4497 1227 4552 τὸν
1261 4497 1329 4551 τὰ
1369 4502 1548 4553 πάντα
1588 4503 1742 4570 ποιή-

1834 3305 2026 3376 dignus
2060 3306 2299 3370 habitus,
2342 3305 2701 3358 exsultatione
2731 3303 3120 3371 inexplicabili,
3157 3319 3420 3373 aggrega-

1835 3403 1921 3448 tus
1950 3396 2016 3450 ad
2045 3396 2390 3465 quiescentes
2419 3395 2472 3460 in
2504 3395 2731 3447 Abraha:
2754 3393 2873 3446 sinu
2908 3398 3124 3446 sa‘nctos
3153 3392 3419 3457 infantes,

1833 3488 1982 3541 carni
2012 3495 2065 3540 et
2117 3488 2449 3556 c0rruptioni
2493 3503 2600 3540 non
2636 3487 2866 3555 amplius
2919 3486 3183 3548 serviens,
3239 3485 3422 3538 fruens

1833 3578 2158 3632 aeternitate.
2211 3579 2345 3632 llinc
2378 3588 2690 3648 argumenta
2729 3578 3136 3640 consolationis,
3167 3578 3296 3631 hinc
3322 3577 3418 3631 do-

1835 3670 1964 3723 loris
1985 3671 2286 3723 levamenta
2313 3685 2505 3737 capere
2525 3678 2575 3722 te
2591 3669 2855 3722 volumus.
2874 3670 3073 3721 Auctor
3093 3678 3208 3721 esto
3224 3667 3426 3722 laetitia:

1835 3770 1890 3815 et
1919 3769 2156 3824 curator,
2181 3777 2286 3813 non
2318 3763 2388 3814 tui
2414 3761 2593 3822 modo,
2619 3760 2709 3813 sed
2740 3760 2973 3813 dominae
3037 3775 3253 3829 quoque
3297 3776 3427 3827 spa—

1839 3853 2044 3916 thariaz,
2076 3869 2195 3922 qua:
2225 3854 2506 3906 curatione
2565 3861 2616 3906 et
2659 3852 2850 3905 solatio
2882 3852 2950 3905 ob
2992 3852 3236 3917 exiguam
3290 3852 3426 3904 tole-

1838 3945 2070 3997 rantiam
2106 3943 2396 4012 plurimum
2428 3950 2584 4012 eget;
2618 3955 2680 3994 ac
2721 3940 3054 4008 reliquorum
3097 3939 3296 3991 deinde
3328 3938 3425 3991 tibi

1839 4036 2255 4104 coniunctorum
2293 4051 2306 4087 :
2354 4049 2423 4087 ne
2475 4033 2731 4087 ostendas
2789 4041 2840 4085 te
2875 4031 3073 4085 divinis
3109 4031 3424 4092 imbutum,

1841 4127 2044 4196 Deique
2080 4127 2182 4196 legi
2212 4126 2598 4192 obsequentem
2630 4141 2644 4186 ;
2671 4138 2771 4177 nec
2792 4123 3036 4193 ignarum
3063 4137 3170 4190 quo
3208 4121 3424 4174 tandem

1843 4220 2047 4274 abierit
2075 4219 2163 4288 qui
2197 4217 2446 4288 migravit
2476 4235 2489 4281 ;
2514 4232 2575 4269 ac
2601 4226 2726 4269 tuus
2747 4215 3048 4284 praesertim
3080 4211 3428 4266 dulcissimus

1842 4312 2026 4375 filius;
2057 4310 2199 4380 quod
2228 4326 2338 4363 non
2385 4309 2452 4363 ad
2498 4319 2725 4362 mortem
2755 4347 2770 4370 ,
2825 4321 3002 4374 neque
3053 4305 3117 4358 ad
3173 4303 3425 4367 nihilum,

1842 4403 1935 4457 sed
1965 4403 2030 4456 ad
2061 4403 2224 4457 vitam
2257 4402 2664 4470 sempiternam,
2703 4409 2758 4452 et
2786 4400 2852 4452 ad
2885 4397 3052 4451 Deum
3097 4397 3189 4464 qui
3244 4395 3426 4447 omnia

1846 4495 2048 4551 creavit
2076 4513 2088 4546 :
2115 4503 2277 4563 atque
2314 4503 2373 4546 ut
2400 4493 2602 4548 eximio
2641 4492 2903 4560 patribus,
2948 4489 3196 4557 notisque
3249 4487 3428 4540 omni-

163 4601 349 4639 σαντα·
380 4587 479 4640 καὶ
517 4585 592 4648 ὡς
621 4585 686 4638 ἂν
719 4587 1138 4657 παραδειχοείης
1193 4590 1457 4658 πατράσι,
1482 4592 1576 4643 καὶ
1607 4593 1734 4644 πᾶσι

1847 4589 1948 4643 bus
1978 4587 2181 4642 funeris
2222 4602 2381 4640 causa
2417 4586 2731 4640 convocatis
2786 4584 2859 4637 sis
2892 4581 3163 4648 exemplo,
3218 4589 3272 4632 ut
3304 4593 3429 4631 cum

162 4683 266 4743 τοῖς
288 4682 594 4753 γνωρίμοις
616 4680 708 4733 καὶ
733 4681 1167 4749 συνειλεγμένοις
1197 4684 1253 4735 ἐν
1280 4686 1345 4754 τῇ
1371 4684 1575 4755 κηδείᾳ,
1613 4686 1741 4738 ὑπό·

163 4770 356 4841 δειγμα
388 4771 579 4852 καλὸν,
607 4772 722 4840 μετ’
741 4772 1090 4843 εὐχαριστίας
1114 4773 1206 4825 καλ⁸
1240 4775 1596 4846 σωφροσύνης
1629 4777 1742 4828 δια⁸

165 4863 345 4934 φέρειν
379 4863 480 4926 τὰς
512 4862 623 4915 τῶν
649 4863 852 4917 τέκνων
880 4863 1170 4929 ἀποϐολάς,
1203 4868 1295 4918 καὶ
1331 4866 1405 4936 μὴ
1428 4868 1744 4922 ἀντιτείνειν

166 4953 295 5007 Θεοῦ
323 4958 436 5018 τοῖς
468 4955 912 5024 προστάγμασιν.

186 5071 280 5124 ΙΘ’.
325 5100 396 5112 ——
426 5074 586 5140 Πρὸς
645 5071 707 5123 τὸ
743 5071 1091 5214 κοινρνηηοῦ
1120 5074 1275 5126 λαοῦ
1319 5071 1740 5140 Ἀντισάρχου.

903 5158 958 5205 Α,
983 5183 996 5195 .

903 5158 996 5205 Λς.

1850 4679 2142 4750 gratiarum
2173 4679 2389 4732 actione
2415 4685 2470 4731 et
2509 4676 2787 4730 moderate
2826 4675 3121 4728 liberorum
3158 4670 3432 4725 orbitates

1852 4770 2047 4835 ferant,
2083 4769 2386 4840 divinisque
2415 4768 2658 4838 imperiis
2689 4783 2795 4821 non
2821 4772 3147 4836 repugnent.

1956 5083 2097 5138 XIX.
2122 5114 2186 5124 —
2211 5081 2482 5137 Communi
2536 5081 2715 5150 populi
2745 5077 3160 5132 Antisarchcnsis
3186 5077 3250 5128 δ’.

1211 5259 1286 5310 De
1317 5260 1557 5310 Marciano
1581 5266 1800 5323 apostala
1819 5266 1903 5325 qui
1920 5263 1975 5311 ad
1997 5276 2084 5312 eos
2099 5264 2379 5312 dlvertcrat.

239 5365 551 5435 Γραμματα
584 5364 881 5433 ἐδεξάμεθα
918 5365 1069 5435 παρᾶ
1107 5370 1204 5436 τῆς
1237 5371 1549 5438 τιμιότητος
1598 5367 1751 5436 ὑμῶν

173 5455 418 5522 περἰοτοῦ
463 5454 710 5523 μαθητοῦ
747 5454 922 5524 ήμῶν,
950 5455 1043 5506 τοῦ
1096 5456 1260 5508 πάλαι
1316 5456 1749 5526 ἀποδράσαντος,

175 5549 264 5598 καὶ
290 5548 347 5599 ἐν
381 5549 494 5609 τοῖς
529 5546 734 5609 αὐτόθι,
765 5548 865 5598 οὐκ
893 5543 1170 5611 οἷδ’ὂπως,
1194 5545 1403 5617 ἀμαθίᾳ
1435 5549 1525 5599 καὶ
1545 5547 1754 5600 ἀνοσιό-

177 5655 295 5708 τητι
336 5639 790 5711 προσδεχθέντος,
824 5639 918 5691 καὶ
968 5641 1024 5692 ἐν
1067 5641 1146 5692 ἑνὶ
1185 5641 1364 5708 ἄντρῳ
1417 5641 1537 5692 οὺνὶ
1591 5658 1751 5709 μονα-

257 5797 296 5826 ⁹¹
341 5798 480 5852 l‘sal.
521 5811 775 5862 Lxxxvm,
811 5798 895 5851 49.
946 5799 1016 5850 ."
1060 5796 1117 5851 l“.
1160 5797 1519 5850 Autisarcasis

1927 5372 2159 5425 Litteras
2190 5369 2552 5425 venerationis
2587 5378 2778 5424 vestrm
2809 5367 3120 5437 accepimus
3171 5364 3238 5417 de
3270 5359 3441 5414 disci-

1854 5464 1982 5532 pulo
2019 5472 2225 5527 nostro,
2265 5464 2356 5531 qui
2395 5463 2662 5532 quondam
2698 5461 2923 5530 aufugit,
2972 5467 3027 5510 et
3055 5455 3109 5507 in
3144 5453 3263 5508 istis
3307 5451 3444 5516 oris,

1856 5555 2045 5608 nescio
2078 5571 2185 5625 quo
2217 5564 2376 5624 pacto
2405 5597 2420 5619 ,
2462 5570 2556 5624 per
2604 5553 2931 5621 imperitiam
2967 5557 3022 5601 et
3066 5547 3220 5598 nefas
3285 5556 3448 5596 rece-

1856 5654 1999 5714 ptus,
2036 5647 2088 5700 in
2114 5655 2269 5700 antro
2291 5645 2541 5715 quodam,
2569 5660 2674 5698 non
2716 5639 3132 5702 monasterium,
3162 5635 3252 5692 scd
3279 5631 3446 5688 vitio-
