4008 6318
545 316 647 380 967

1736 320 1793 376 S.
1825 320 2216 379 THEODORI
2249 321 2594 382 STUDITE

3717 327 3818 392 968

545 448 662 486 rum
705 430 1018 500 Speluncam
1061 429 1347 493 exstruxit,
1388 440 1443 482 ut
1476 430 1619 486 hunc
1655 432 1935 485 absolvere
1990 432 2125 484 veli-

2254 434 2473 503 ττήριον,
2496 436 2632 489 ἀλλά
2670 436 2962 506 λῃστήριον
3015 438 3203 491 παθῶν
3246 441 3706 510 ἀναδειμαμένου·
3735 445 3819 498 ἶνα

544 540 686 578 nius.
719 522 783 576 Et
809 522 992 577 brevis
1019 533 1102 576 est
1126 525 1427 592 responsio.
1484 523 1786 577 Marcianus
1820 523 2122 592 discipulus

547 627 753 681 noster,
792 618 966 672 donec
991 617 1060 670 ad
1105 615 1492 669 monasterium
1516 631 1675 670 suum
1713 617 1917 680 redeat,
1943 617 1996 669 in
2032 631 2140 685 quo

549 709 973 764 renuntiationis
1021 724 1132 762 suae
1189 718 1342 777 pacta
1382 709 1487 762 Deo
1517 717 1656 762 teste
1684 708 1906 778 pepigit,
1947 708 2140 778 ligatus

548 805 941 870 damnatusque
973 801 1232 864 manebit,
1275 809 1329 853 et
1359 800 1744 854 communione
1765 841 1778 864 ,
1807 801 1958 869 juxta
2001 800 2142 854 divi-

549 910 650 949 nos
670 911 805 964 quos
825 894 1045 964 scripsit
1060 909 1317 952 canones.
1340 893 1611 961 indignus.
1630 893 1746 945 Non
1773 892 1915 946 enim
1937 907 1966 945 a
1985 891 2141 947 nobis

552 990 816 1041 intentata
833 999 916 1040 est
940 985 1308 1047 comminatio,
1334 985 1429 1038 sed
1452 1000 1480 1037 a
1509 983 1762 1038 Patribus
1807 983 1896 1037 Dei
1935 983 2138 1052 Spiritu

549 1083 764 1136 amatis.
786 1083 954 1150 Hujus
979 1095 1107 1150 ergo
1130 1080 1358 1134 salutem
1382 1079 1425 1132 si
1449 1078 1661 1139 amatis,
1682 1075 1973 1132 hortamini
2001 1083 2059 1130 ut
2075 1075 2141 1129 ad

551 1192 646 1228 sua
671 1175 872 1227 redeat.
897 1170 1066 1236 Quem
1091 1186 1191 1223 nos
1213 1168 1534 1238 paenitentia
1557 1169 1802 1230 ductum,
1834 1181 2143 1220 reversum-

551 1280 657 1331 que
681 1260 921 1331 paternis
973 1259 1272 1312 visceribus
1301 1257 1549 1324 excipere
1578 1255 1746 1325 parati
1778 1271 1987 1317 sumus,
2022 1270 2142 1307 om-

553 1358 813 1421 niumque
842 1361 1145 1406 erratorum
1166 1350 1378 1404 veniam
1405 1347 1643 1401 illidare.
1665 1346 2133 1412 Quemadmodum

552 1448 698 1504 enim
733 1447 846 1500 fieri
867 1461 973 1498 non
995 1452 1192 1513 potest,
1223 1443 1352 1510 quin
1375 1441 1494 1494 ovis
1524 1456 1552 1493 a
1577 1439 1800 1492 mandra
1831 1455 1928 1493 sua
1956 1438 2142 1490 avulsa

552 1550 608 1594 et
632 1539 888 1592 aberrans
912 1535 1146 1589 ferarum
1183 1534 1376 1603 paeda:
1398 1531 1739 1600 subjiciatur,
1798 1531 1877 1585 sic
1908 1546 1936 1584 a
1960 1545 2145 1583 mona-

554 1631 723 1685 sterio
749 1628 958 1682 nefarie
1003 1627 1308 1697 digressum
1333 1641 1426 1679 sua
1453 1632 1738 1694 sponte,et
1765 1623 1820 1676 in
1841 1623 1959 1676 loco
1981 1637 2142 1692 quem

555 1724 819 1777 Dominus
865 1738 973 1776 non
1002 1721 1193 1790 aspicit
1224 1719 1572 1779 residentem,
1600 1733 1631 1771 a
1654 1715 1993 1771 daemonibus
2019 1715 2140 1783 capi

2240 524 2432 578 τοῦτον
2466 526 2670 588 λύσεως
2713 527 3056 598 ἀξιώσωμεν.
3090 531 3198 583 Καὶ
3228 531 3491 601 σύντομος
3525 535 3558 604 ἠ
3593 536 3822 603 ἀπόκρισ

2243 635 2348 680 σις.
2389 619 2704 690 Μαρκιανὸς
2738 622 2766 673 ὁ
2799 620 3047 691 μαθητὴς
3081 622 3238 691 ἡμῶν
3270 623 3374 686 ἕως
3404 625 3470 677 ἂν
3501 626 3823 696 ὕποστρέψῒὶ

2243 712 2299 762 ὲν
2331 711 2407 779 τῷ
2441 711 2628 782 οἰκείῳ
2666 714 3035 783 μοναστηρίῳ,
3075 716 3133 767 ὲν
3160 709 3203 782 ᾧ
3235 715 3333 778 τὰς
3364 718 3642 786 συνθήκας
3673 718 3824 770 ἔθετο

2243 801 2348 854 ὑπὸ
2395 803 2630 872 μάρτυρι
2674 803 2793 872 Θεῷ
2821 804 2920 874 τῆς
2949 805 3227 874 ἀποταγῆς
3260 805 3447 870 αὑτοῦ,
3497 807 3651 861 ἔσται
3681 808 3824 861 δεδε-

2245 892 2406 962 μένος
2457 894 2547 946 καὶ
2597 895 3068 965 κατακεκριμένος
3117 895 3208 947 καὶ
3252 896 3468 962 ἀνάξιος
3499 898 3600 965 τῆς
3629 914 3822 951 κοινω-

2242 986 2381 1050 νίας,
2416 986 2536 1039 καθ’
2575 984 2670 1048 οὓς
2709 987 2916 1057 ἔγραψε
2967 986 3382 1052 θεοκελεύστους
3436 989 3695 1050 κανόνας.
3748 991 3822 1043 θύ

2242 1077 2349 1148 γάρ
2399 1077 2460 1141 ἐξ
2500 1078 2657 1148 ἡμῶν
2709 1080 2741 1149 ή
2803 1079 3167 1150 ἀπηρτημένη
3199 1079 3420 1150 ἀπειλὴ,
3451 1080 3568 1133 ἀλλ’
3610 1083 3677 1135 ὲκ
3709 1081 3825 1135 θεο-

2242 1169 2522 1222 πνεύστων
2571 1170 2848 1240 Πατέρων.
2904 1171 3104 1224 Τοῦτον
3155 1173 3334 1226 τοίνυν
3380 1174 3537 1243 εῖπερ
3570 1174 3826 1241 ἀγαπᾶτε

2245 1261 2535 1324 σώζεσθαι,
2552 1262 2912 1332 νουθετήσατε
2937 1262 3407 1335 ἀνθυπονοστῆσαι
3432 1266 3512 1327 εἰς
3531 1265 3601 1318 τά
3624 1268 3823 1321 οἰκεῖα.

2249 1356 2345 1406 Ὃν
2377 1356 2540 1424 ἡμεῖς
2569 1356 3029 1426 μεταμελόμενον,
3056 1358 3151 1410 καὶ
3178 1359 3607 1429 ὑποστρέφοντα,
3627 1379 3827 1430 πατρι·

2243 1449 2359 1510 κοῖς
2403 1447 2728 1517 σπλάγχνοις
2774 1448 2981 1518 ἕτοιμοί
3035 1449 3203 1519 ἐσμεν
3265 1449 3669 1513 ὑποδέξασθαι,
3727 1451 3824 1503 καὶ

2245 1537 2597 1608 συγχωρῆσαι
2632 1539 2808 1592 πάντα
2841 1539 2912 1592 τά
2963 1541 3328 1611 ἡμαρτημένα
3358 1539 3525 1610 αὑτῷ.
3578 1540 3668 1603 Ὠς
3715 1541 3826 1610 γὰρ

2242 1632 2340 1682 οὐκ
2363 1631 2477 1683 ἔστι
2511 1629 2784 1700 πρόϐατον
2811 1632 2874 1684 ἑκ
2897 1633 2994 1701 τῆς
3022 1631 3156 1694 ίδίας
3181 1632 3421 1701 μάνδρας
3443 1631 3824 1685 ἀποσπασθὲν.

2244 1724 2337 1774 καὶ
2388 1721 2795 1791 ἀποπλανηθὲν,
2844 1723 2919 1792 μὴ
2975 1723 3310 1792 θηριάλωτον
3342 1722 3616 1791 γενέσθαιο
3645 1722 3824 1787 οὕτως

555 1831 780 1869 necesse
806 1826 909 1869 est.
944 1814 1090 1868 Illius
1113 1829 1241 1883 ergo
1277 1812 1409 1867 cella
1443 1813 1752 1866 daemonum
1782 1821 1866 1865 est
1909 1810 2137 1873 latebra,

2254 1819 2335 1870 τὸν
2366 1816 2472 1869 ἀπὸ
2504 1817 2872 1888 μοναστηρίου
2923 1818 3277 1888 ἐξερχόμενον
3311 1818 3526 1888 ἀνόμως
3556 1819 3613 1869 έν
3642 1817 3722 1885 τῷ
3751 1821 3828 1872 ol-

554 1907 799 1972 dccipula
829 1905 1154 1961 animarum.
1186 1903 1370 1958 sébola
1393 1903 1702 1964 mulierum,
1725 1902 1905 1956 omnis
1947 1901 2140 1970 nequi-

555 1999 644 2053 tire
682 1998 890 2053 officina
925 2017 936 2050 :
967 1997 1304 2067 quibuslibet
1339 1996 1520 2050 verbis
1547 1995 1814 2058 modisve,
1849 2003 1942 2048 aut
1995 1993 2135 2062 ipse.

556 2102 652 2146 aut
682 2107 799 2154 vos,
857 2106 977 2160 que
1027 2090 1171 2143 dicta
1225 2099 1390 2153 sunt,
1431 2088 1776 2142 dissimulare
1844 2084 2135 2141 conemini.

556 2185 736 2250 Quare
767 2184 810 2237 si
831 2184 1169 2251 obtemperet
1191 2191 1244 2234 et
1275 2181 1682 2249 obtemperetis,
1717 2179 1972 2248 praeclare
2014 2193 2138 2230 cum

557 2276 802 2344 utrisque
843 2282 1051 2344 agetur.
1099 2281 1158 2326 ut
1191 2274 1427 2326 divinam
1467 2271 1892 2341 indignationem
1947 2268 2150 2322 minas-

558 2382 664 2434 que
712 2365 954 2419 evadatis
989 2382 1002 2416 :
1034 2364 1115 2417 sin
1172 2364 1353 2416 minus
1380 2403 1394 2423 ,
1432 2362 1750 2431 pervicacia:
1797 2371 1989 2414 vestra
2038 2359 2150 2412 fru-

559 2467 680 2511 ctus
700 2457 769 2510 ob
787 2457 975 2510 oculos
1001 2457 1258 2508 cernetis.
1288 2453 1612 2508 Benedictus
1640 2463 1820 2506 autem
1855 2467 1886 2505 a
1919 2451 2150 2505 Domino

560 2549 938 2603 sanctissimus
973 2547 1285 2615 episcopus,
1323 2545 1413 2612 qui
1451 2546 1596 2614 leges
1626 2543 1901 2603 observat,
1934 2551 1990 2595 et
2039 2540 2146 2594 im-

563 2643 711 2711 pium
751 2642 939 2711 procul
973 2648 1138 2694 arcet.
1196 2639 1379 2706 Neque
1439 2637 1584 2690 enim
1636 2635 1980 2689 ordinatione
2040 2633 2146 2686 ullo

563 2735 723 2788 modo
757 2734 950 2803 dignus
984 2739 1088 2796 est,
1126 2730 1378 2800 quamvis
1411 2729 1516 2782 buc
1548 2735 1875 2781 revertatur.
1910 2726 2146 2794 Perspe-

562 2837 645 2879 cta
684 2825 830 2878 enim
859 2824 988 2878 mihi
1024 2822 1142 2889 ejus
1170 2832 1299 2874 sunt
1338 2820 1542 2884 omnia,
1594 2833 1757 2888 supra
1805 2830 1966 2887 quam
2017 2814 2146 2885 ipsi,

564 2928 623 2970 ut
665 2917 756 2985 qui
801 2915 919 2983 ejus
954 2923 1106 2983 pater
1133 2913 1349 2966 fuerim.

2247 1911 2378 1980 κείῳ
2405 1910 2668 1980 θελήματι
2708 1910 2804 1962 καὶ
2840 1910 2896 1961 ὲν
2937 1910 3092 1980 τύπῳ
3113 1904 3173 1964 οῦ
3204 1911 3304 1963 οὐκ
3327 1912 3617 1964 ἐπισκοπεῖ
3642 1911 3671 1964 ὁ
3714 1911 3828 1964 Κύ-

2249 2022 2359 2075 ριος
2390 2003 2773 2072 καθεζόμενον,
2805 2001 2878 2072 μὴ
2915 2003 3020 2054 ὑπὸ
3066 2002 3334 2071 δαιμόνων
3366 2003 3590 2056 ἁλῶναι.
3631 2001 3707 2054 Τδ
3735 1997 3831 2055 οῦν

2247 2095 2456 2148 κελλίον
2485 2092 2674 2156 αὑτοῦ,
2723 2093 2927 2160 φωλεός
2967 2094 3083 2145 ἐστι
3115 2092 3407 2163 δαιμόνων,
3440 2091 3830 2161 ἀγρευτῆριον,

2246 2185 2453 2257 ψυχῶν,
2489 2183 2877 2254 παιδευτήριον
2905 2183 3204 2248 γυναικῶν,
3238 2184 3420 2253 πάσης
3465 2182 3699 2251 ἀνομίας
3738 2183 3834 2251 έρ-

2246 2280 2560 2350 γαστήριον·
2593 2281 2697 2332 κᾶν
2729 2276 2934 2339 ὁποίοις
2965 2276 3030 2329 ἂν
3062 2275 3243 2344 λόγοις
3272 2275 3368 2329 καὶ
3395 2276 3642 2345 τρόποις,
3670 2273 3704 2344 ἢ
3735 2274 3836 2327 αὑο

2243 2373 2337 2435 τὸς
2383 2372 2415 2443 ἢ
2472 2371 2629 2440 ὑμεῖς
2687 2367 2995 2439 μεθοδεύειν
3026 2367 3291 2437 πειρᾶσθε
3328 2365 3398 2418 τὰ
3437 2364 3727 2435 λεγόμενα.
3772 2363 3835 2415 El

2245 2461 2340 2516 οὖν
2371 2461 2637 2514 ὑπακούει
2683 2458 2775 2512 καὶ
2824 2456 3150 2522 ὑπακούετε,
3179 2452 3237 2510 εὖ
3270 2455 3336 2510 ἂν
3363 2455 3474 2525 ἔχοι
3501 2453 3834 2522 ἀμφοτέροις

2253 2554 2482 2625 φυγοῦσι
2518 2553 2614 2615 τὰς
2646 2551 2796 2613 θείας
2843 2549 3014 2621 ὀργὰς
3071 2549 3167 2602 καὶ
3195 2547 3440 2610 ἀπειλάς
3475 2547 3522 2597 εί
3546 2543 3603 2595 δὲ
3632 2543 3706 2614 μή
3747 2559 3833 2608 γε,

2254 2646 2449 2718 ὄψεσθε
2480 2645 2740 2698 ἀπέναντι
2773 2643 2881 2695 τῶν
2915 2641 3208 2711 ὀφθαλμῶν
3233 2641 3384 2710 ὑμῶν
3411 2640 3535 2700 τοὺς
3563 2640 3664 2708 τῆς
3691 2653 3837 2705 παρ-

2253 2739 2424 2808 ακοῆς
2472 2735 2626 2807 ὑμῶν
2682 2734 2947 2804 καρπούς.
2989 2734 3048 2785 Ὀ
3079 2734 3136 2785 δὲ
3177 2730 3476 2798 ἀγιὼτατος
3535 2729 3838 2788 ἐπίσκοπος

2257 2828 2621 2900 εὐλογημένος
2650 2828 2799 2878 ἐστὶν
2853 2825 2956 2877 ὑπὸ
2987 2821 3215 2892 Κυρίου,
3246 2818 3427 2890 τηρῶν
3459 2819 3583 2881 τοὺς
3612 2817 3835 2887 νόμους,

2261 2924 2355 2976 καὶ
2383 2922 2473 2973 τὸν
2505 2921 2716 2976 ἀνόσιον
2744 2919 2932 2989 πόῤῥω
2966 2933 3066 2969 που
3087 2914 3317 2967 διώκων.
3351 2913 3424 2966 Οὑ
3449 2912 3557 2982 γὰρ
3597 2926 3838 2982 χειροτο-

570 3033 688 3094 νίας
715 3031 863 3095 ἄξιος
891 3029 952 3083 τὸ
982 3028 1237 3092 καθόλου,
1267 3028 1371 3082 κᾶν
1402 3025 1635 3081 ἐνταῦθα
1663 3019 1998 3094 ὑποστρέψῃ.
2025 3015 2156 3073 Οἶδα
2192 3023 2299 3086 γὰρ
2330 3018 2396 3070 τὰ
2460 3014 2625 3068 αὐτοῦ
2691 3013 2826 3083 ὑπὲρ
2870 3013 3077 3064 ἐκεῖνον
3108 3008 3294 3073 αὑτὸν,
3326 3007 3511 3078 πατὴρ
3544 3004 3710 3059 αὐτοῦ
3741 3021 3838 3073 γε·

565 3126 759 3190 γονώς.

880 3237 997 3290 XX.
1021 3265 1089 3276 --
1112 3235 1375 3304 Pinuphio
1408 3243 1459 3290 ει
1506 3231 1650 3286 Μαι-ἱ
1677 3231 1829 3299 ﬁliis.

2356 3219 2438 3272 κ’.
2473 3216 2863 3283 -Πινουφίῳ
2897 3213 2994 3267 καὶ
3027 3210 3198 3280 Μάοῃ
3228 3209 3483 3273 τέκνοις.
3521 3202 3680 3279 [λη’.]

1613 3348 1677 3398 Ut
1698 3348 1911 3398 redeant
1930 3345 1990 3395 ad
2019 3333 2374 3392 monasterium
2395 3334 2527 3383 unde
2549 3332 2860 3393 alifugerant.

641 3465 938 3523 Consilium
974 3472 1092 3517 erat
1136 3462 1201 3515 ad
1257 3475 1356 3515 vos
1403 3475 1515 3513 non
1552 3458 1819 3523 scribere,
1863 3462 2151 3527 pr0pterea

2329 3447 2443 3500 Οὐκ
2463 3443 2762 3512 ἐϐουλόμην
2795 3442 2924 3510 ὑμῖν
2955 3438 3279 3503 ἐπιστεῖλαι,
3308 3437 3398 3492 διὰ
3429 3437 3491 3491 τὸ
3517 3437 3586 3490 τὰ
3611 3438 3843 3508 δεύτερα

567 3561 711 3632 quod
744 3557 997 3612 secundat
1044 3555 1242 3608 litterae
1293 3560 1487 3609 vestrae
1544 3567 1668 3605 cum
1717 3549 1989 3620 prioribus
2041 3560 2152 3599 non

568 3651 1004 3710 consentiebant.
1041 3647 1254 3701 Priores
1275 3645 1496 3716 quidem
1532 3643 1834 3698 celerrimae
1877 3640 2153 3711 pmniten-

573 3748 663 3801 tiae
736 3744 1054 3809 reditusque
1103 3740 1170 3793 ab
1208 3754 1307 3792 nos
1350 3737 1702 3806 sponsionem
1761 3731 2154 3794 continebant;

569 3835 910 3906 posteriores
953 3845 1086 3885 vero
1141 3829 1385 3882 abnuere
1429 3841 1526 3880 vos
1575 3833 1630 3879 et
1664 3839 1919 3878 recusare
1967 3830 2159 3875 osten‘

571 3927 729 3981 dunt.
788 3925 969 3991 Atque
1025 3921 1129 3974 boc
1189 3928 1245 3973 et
1289 3917 1418 3971 illud
1477 3917 1757 3971 causando
1814 3911 2155 3983 praetexitis.

571 4033 676 4074 nec
731 4015 915 4086 potius
966 4027 1209 4067 errorem
1260 4020 1504 4065 vestrum
1553 4007 1798 4062 veritatis
1859 4005 2042 4060 studio
2080 4002 2157 4056 fa-

572 4108 785 4172 temini,
848 4106 1041 4160 ﬂentes
1083 4117 1147 4158 ac
1192 4102 1440 4157 dolentes
1495 4101 1566 4154 ob
1607 4113 1670 4153 ea
1703 4113 1822 4168 qua:
1869 4109 2156 4166 perperam

574 4196 943 4255 commisistis.
969 4194 1025 4248 Si
1053 4209 1183 4263 ergo
1207 4207 1306 4246 vos
1328 4191 1578 4262 paenitet,
1609 4188 1919 4257 residetque
1969 4187 2021 4240 in
2060 4201 2160 4240 vo-

574 4293 658 4346 bis
689 4287 920 4345 scintilla
983 4284 1193 4339 timoris
1223 4283 1339 4348 Dei,
1387 4282 1635 4337 excitans
1670 4280 1835 4334 corda
1887 4287 2066 4333 vestra
2091 4277 2160 4331 ad

576 4380 970 4451 promissiones
999 4383 1054 4430 et
1099 4385 1276 4444 pacta.
1323 4388 1442 4442 quae
1482 4372 1590 4426 Deo
1623 4371 1888 4438 nobisque
1940 4369 2007 4422 ad
2047 4378 2160 4422 tre-

579 4473 834 4528 mendum
863 4471 984 4540 ejus
1011 4467 1269 4530 tribunal,
1307 4465 1538 4520 testibus
1593 4463 1801 4532 angelis
1823 4470 1878 4515 et
1902 4460 2163 4514 fratribus

579 4562 870 4620 universis.
905 4559 1047 4629 pacti
1078 4559 1229 4620 estis,
1282 4556 1422 4610 bene
1451 4554 1613 4607 habet
1651 4571 1662 4603 :
1697 4568 1875 4620 neque
1919 4552 2026 4604 huc
2069 4558 2163 4602 aut

579 4657 707 4709 illuc
732 4651 1078 4722 respexeritis
1110 4667 1124 4714 ;
1156 4649 1250 4704 sed
1308 4647 1560 4718 protinus
1593 4644 1825 4712 abrupto
1870 4641 2014 4710 quod
2053 4641 2162 4693 da:-

583 4764 708 4802 mon
747 4744 935 4813 injecit
958 4742 1173 4795 vinculo
1200 4740 1401 4810 preprii
1434 4752 1629 4792 sensus
1648 4751 1711 4790 ac
1737 4733 2026 4795 libertatis,
2052 4743 2162 4800 quo

2249 3541 2556 3610 γράμματα
2603 3535 2758 3606 ὑμῶν
2809 3537 2882 3606 μὴ
2914 3536 3225 3605 συμφωνεῖν
3252 3534 3368 3595 τοῖς
3419 3535 3728 3601 προτέροις.
3762 3531 3843 3582 Ta

2254 3632 2354 3701 μὲν
2398 3631 2643 3701 πρότερα
2695 3626 3031 3694 ἐπαγγελίαν
3055 3621 3198 3693 εἶχον
3236 3621 3501 3691 ταχίστης
3557 3621 3844 3690 μεταγνώ-

2253 3741 2391 3786 σεως
2432 3723 2527 3776 καὶ
2577 3719 2843 3781 ἐλεύσεως
2885 3718 3019 3790 πρὸς
3052 3717 3222 3786 ἡμᾶς·
3250 3714 3321 3767 τὰ
3347 3713 3404 3767 δὲ
3429 3711 3684 3784 δεύτερα,
3711 3713 3840 3767 dva-

2255 3832 2436 3871 νευσιν
2463 3815 2554 3866 καὶ
2581 3812 2917 3882 ἀνατροπὴν.
2946 3808 3055 3861 Καὶ
3087 3808 3168 3860 ὅτι
3194 3803 3651 3876 ὲπαφορμίζεσθε
3683 3804 3845 3858 τοῦτο

2255 3910 2350 3962 καὶ
2380 3910 2557 3960 ἐκεῖνο
2585 3921 2599 3936 ⁸
2639 3905 2732 3958 καὶ
2755 3902 2875 3972 οὐχὶ
2933 3898 3131 3972 μᾶλλον
3164 3900 3222 3952 ὲν
3253 3899 3484 3968 ἀληθεία
3525 3898 3844 3967 ὁμολογεῖτε

2253 4000 2313 4051 τὸ
2361 4000 2606 4064 πταῖσμα
2640 3994 2816 4063 ὑμῶν,
2864 3991 3189 4062 θρηνοῦντες
3239 3990 3332 4042 καὶ
3372 3989 3838 4059 μεταμελόμενοι.

2257 4091 2344 4157 ἐφ’
2381 4085 2461 4152 οἷς
2503 4088 2688 4149 κακῶς
2725 4086 3065 4154 πεπράχατε.
3119 4084 3179 4136 Ei
3227 4077 3320 4135 οὖν
3378 4083 3716 4151 μετανοεῖτε,
3751 4081 3845 4133 καὶ

2257 4182 2406 4234 ἔστιν
2460 4184 2516 4233 ὲν
2571 4180 2699 4249 ὑμῖν
2755 4176 2986 4245 σπινθὴρ
3033 4174 3195 4244 φόϐου
3234 4173 3394 4238 Θεοῦ,
3424 4173 3712 4226 ἀνακαίων
3747 4172 3844 4234 τὰς

2260 4274 2484 4342 καρδίας
2520 4271 2673 4341 ὑμῶν
2706 4272 2785 4332 είς
2831 4270 2894 4332 a;
2925 4268 3193 4321 δεδώκατε
3245 4264 3536 4337 ὁμολογίας
3595 4265 3690 4318 καὶ
3724 4282 3842 4317 συν-

2261 4367 2434 4437 θήκας
2471 4364 2590 4433 Θεῷ
2620 4380 2679 4415 τε
2732 4362 2826 4414 καὶ
2855 4363 3007 4432 ἡμῖν,
3039 4361 3132 4412 ἐπὶ
3175 4359 3266 4412 τοῦ
3302 4358 3534 4430 φοϐεροῦ
3593 4357 3842 4428 βήματος

2261 4457 2449 4514 αὑτοῦ,
2486 4455 2589 4507 ὑπὸ
2626 4456 2892 4524 μάρτυσιν
2934 4451 3183 4518 ἀγγέλοις
3213 4451 3307 4503 καὶ
3333 4450 3484 4520 πάσῃ
3509 4452 3576 4518 τῇ
3625 4448 3845 4516 ἀδελφό-

2260 4566 2407 4617 τητι,
2449 4543 2506 4598 εὖ
2538 4545 2603 4597 ἂν
2633 4545 2777 4614 ἔχοι·
2809 4543 2900 4595 καὶ
2937 4542 3071 4611 μηδὲ
3119 4541 3369 4595 ἐντεῦθεν
3407 4540 3540 4611 μηδὲ
3589 4540 3845 4592 ἐντεῦθεν

2264 4637 2630 4707 ὲπιϐλὲψησθε
2656 4651 2669 4665 ’
2704 4635 2841 4689 ἀλλά
2869 4634 3145 4704 συντόμως
3176 4632 3575 4705 διαρρήξαντες
3608 4634 3709 4702 τὴν
3739 4632 3844 4684 ἀπὸ

2267 4732 2360 4786 τοῦ
2391 4733 2640 4800 δαίμονος
2673 4727 2988 4797 συμπλοκὴν
3015 4728 3111 4795 τῆς
3141 4726 3520 4794 προσπαθείας
3567 4725 3727 4793 ὑμῶν
3754 4724 3844 4775 καὶ

582 4849 679 4885 vos
708 4831 941 4898 decepit,
970 4845 1034 4883 ex
1054 4829 1306 4883 coenobio
1335 4843 1429 4881 vos
1455 4825 1770 4887 extrudens,
1797 4833 1851 4877 et
1880 4822 2151 4875 adducens

2268 4825 2604 4893 ίδιορυθμίας
2627 4864 2641 4887 ,
2746 4820 3094 4888 πεπλάνηκεν
3145 4817 3287 4891 ὑμᾶς
3321 4817 3570 4871 ἐκϐαλὼν
3599 4817 3698 4869 τοῦ
3738 4833 3843 4868 κοι-

584 4925 650 4977 ad
689 4925 827 4985 loca,
857 4937 978 4989 qua:
1008 4919 1275 4973 Dominus
1299 4934 1408 4972 non
1452 4917 1692 4985 respicit.
1732 4914 1850 4979 Quo
1889 4912 2034 4968 enim
2069 4927 2163 4980 pa—

585 5022 676 5070 cto
698 5013 956 5077 respiciat
980 5011 1048 5064 ad
1072 5020 1382 5065 sanctorum
1410 5008 1580 5078 ipsius
1606 5006 1980 5059 mandatorum
2009 5016 2164 5055 ever-

587 5105 848 5160 sionem?
889 5101 1076 5156 Venite
1115 5103 1182 5155 ad
1263 5116 1363 5154 nos
1398 5141 1412 5163 ,
1465 5098 1646 5152 venite
1671 5138 1684 5161 ,
1729 5095 1891 5149 corde
1929 5093 2165 5147 contrito

588 5207 752 5265 atque
785 5193 977 5247 humili
1018 5206 1288 5255 sermone,
1324 5189 1675 5244 utdiversam
1701 5203 1731 5240 a
1763 5185 1987 5256 pristina
2038 5184 2166 5236 vita:

594 5288 860 5340 rationem
896 5285 1112 5339 ineatis.
1163 5283 1317 5336 Prior
1347 5281 1491 5336 enim
1521 5280 1652 5333 laeva
1678 5277 1800 5340 fuit,
1831 5292 1952 5345 quae
2003 5275 2167 5327 tacita

594 5378 797 5433 sensim
842 5378 1170 5430 relaxatione
1219 5373 1434 5428 ferocia:
1476 5380 1669 5424 vestrae
1706 5378 1760 5422 et
1790 5367 2168 5429 contumaciae,

596 5472 661 5526 ad
705 5469 993 5540 apostasia
1047 5467 1342 5537 perniciem
1391 5479 1488 5518 vos
1540 5461 1796 5530 abripuit.
1857 5459 1967 5513 Nos
2018 5473 2168 5520 vero,

599 5572 913 5634 peccatores
962 5563 1106 5623 licet,
1140 5559 1381 5630 paternis
1418 5556 1718 5611 visceribus
1781 5567 1877 5607 vos
1929 5550 2171 5619 excipie-

604 5671 744 5720 mus,
787 5655 1044 5709 humilem
1076 5653 1311 5706 animam
1347 5659 1585 5703 nostram
1627 5647 1695 5699 ad
1738 5655 1970 5698 mortem
2003 5655 2174 5709 usque

609 5755 962 5817 exponentes,
996 5755 1052 5798 ut
1081 5754 1287 5799 vestras
1322 5751 1374 5794 et
1409 5738 1645 5793 animiet
1677 5735 1918 5805 corporis
1943 5732 2168 5786 inﬁrmi-

2268 4915 2468 4970 νοϐίου.
2501 4916 2593 4967 καὶ
2632 4914 2907 4985 περιάγων
2937 4913 3078 4980 ὑμᾶς
3112 4911 3191 4974 είς
3219 4912 3420 4972 τόπους
3467 4908 3561 4972 οὒς
3593 4909 3702 4985 οὑκ
3725 4911 3842 4960 ἐπι-

2275 5009 2466 5060 σκοπεῖ
2493 4978 2859 5075 Κύριοςίπῶς
2893 4978 3000 5072 γὰρ
3025 5001 3089 5055 ἂν
3109 5003 3202 5054 καὶ
3231 5004 3580 5070 ὲπισκοπὴσῃ
3722 4998 3843 5051 ἀθε-

2269 5099 2423 5166 τήσει
2459 5095 2565 5147 τῶν
2592 5096 2760 5161 ἀγίων
2791 5091 2955 5145 αὑτοῦ
2988 5091 3214 5144 ἐντολῶν
3235 5091 3274 5159 ς)
3308 5091 3480 5160 ἧκατε
3516 5089 3653 5160 πρὸς
3675 5089 3840 5157 ἡμᾶς.

2269 5189 2438 5257 ἦκα-τε
2470 5189 2526 5238 ἐν
2556 5184 2990 5253 συντετριμμένῃ
3027 5181 3223 5252 καρδίᾳ
3253 5183 3346 5234 καὶ
3392 5180 3539 5248 λόγῳ
3597 5195 3843 5231 τεταπει-

2265 5280 2513 5348 νωμένῳ,
2555 5278 2688 5347 πρὸς
2719 5275 2779 5327 τὸ
2803 5275 2960 5328 ἄλλον
2989 5274 3131 5343 ὑμᾶς
3171 5273 3283 5342 βίον
3313 5270 3677 5323 ἀναλαϐέσθαι
3708 5269 3841 5339 ὑπὲρ

2265 5372 2356 5422 τὸν
2409 5370 2690 5440 πρότερον.
2733 5368 2794 5419 '0
2846 5368 2953 5436 γὰρ
3005 5366 3266 5435 πρότερος
3297 5363 3483 5425 σκαιὸς
3512 5359 3582 5433 ἦν
3632 5364 3698 5416 ὲκ
3745 5361 3842 5429 τῆς

2268 5461 2406 5514 κατά
2433 5459 2630 5528 μικρὸν
2653 5456 2977 5527 χαυνώσεως
3020 5456 3353 5527 θρασύτητος
3389 5454 3544 5523 ὑμῶν
3571 5455 3670 5507 καὶ
3695 5456 3841 5508 ἀντι-

2268 5553 2474 5619 λογίας,
2504 5549 2807 5617 ὑπαγαγὼν
2840 5549 2982 5617 ύμᾶς
3024 5546 3170 5617 αύτῷ
3194 5547 3291 5616 τῆς
3321 5547 3664 5609 ἀποστασίας
3705 5544 3844 5598 πτώ-

2274 5659 2422 5713 ματι.
2490 5640 2596 5694 Καὶ
2644 5642 2802 5710 ήμεῖς
2845 5640 2948 5692 κᾶν
2991 5637 3304 5707 ἁμαρτωλοί
3351 5637 3542 5705 ἐσμεν.
3601 5637 3717 5689 ἀλλ’
3754 5631 3843 5689 οὖν

2279 5733 2602 5801 σπλάγχνοις
2651 5732 2932 5800 πατρικοῖς
2975 5727 3378 5799 προσδεξόμεθα
3425 5729 3593 5793 ὑμᾶς,
3632 5729 3731 5782 καὶ
3753 5729 3844 5800 τὴν
