4008 6318
144 342 257 406 969

1380 343 1910 404 EPISTOLARUM
1953 344 2091 403 LIB.
2132 344 2179 402 l.

3303 335 3403 398 970

146 451 363 506 ἐαυτῶν
396 452 660 524 ταπεινὴν
689 451 863 522 ψυχὴν
900 453 1060 524 μέχρι
1085 453 1313 506 θανάτου
1359 455 1724 521 ὑποτιθέντες,

1839 466 1968 510 lates
2016 456 2328 510 toleremus.
2387 452 2575 524 Neque
2614 453 2757 507 enim
2808 467 2871 505 ex
2914 462 3020 519 quo
3081 447 3217 520 lapsi
3249 449 3401 510 estis,

144 545 230 608 εἰς
267 542 328 596 τὸ
360 542 739 596 ἀναϐαστάσαι
765 543 918 612 ὑμῶν
956 544 1024 596 τὰ
1054 544 1408 615 ἀσθενήματα
1450 548 1590 600 κατὰ
1617 547 1724 616 ψυ-

146 636 254 706 χήν
280 652 340 687 τε
369 635 468 688 καὶ
503 635 683 704 σῶμα.
717 636 791 688 υὺ
818 634 928 704 γὰρ
955 635 1028 699 ἐξ·
1047 636 1170 688 ὃτου
1204 637 1641 709 ἀπωλισοήσατε,
1669 641 1726 692 ἐν

145 728 461 798 ἀμεριμνία
491 727 795 798 γεγόναμεν
821 745 834 758 °
868 726 1053 798 ὥσπερ
1086 727 1206 782 οὺδέ
1262 729 1354 782 ἐπὶ
1384 729 1492 781 τῶν
1525 731 1721 783 ἄλλων·

145 818 292 871 ἀλλὰ
334 817 646 888 τηκομένην
701 817 897 888 ἔχομεν
951 821 1007 872 ἐν
1052 819 1264 884 ἑαυτοῖς
1321 820 1419 890 τὴν
1452 822 1726 891 καρδίανο

147 911 424 980 καὶπρὸς
453 910 545 964 τὸν
601 909 731 964 Θεὸν
784 909 1030 981 αἴροντες
1080 911 1262 979 φωνὴν
1300 911 1457 981 ἡμῶν
1501 913 1726 983 οἰκτρὰν

147 1001 246 1053 καὶ
298 999 548 1072 βέϐηλον.
604 1001 690 1054 ἵνα
738 1001 1182 1072 ἁνθυπονοστήσῃ
1245 1001 1388 1071 ὑμᾶς
1450 1003 1586 1074 πρὸς
1629 1003 1726 1073 τὴν

152 1091 406 1163 μάνδραν
435 1093 610 1163 ὑμῶν,
645 1091 941 1163 ἐμπνεύσει
974 1092 1236 1162 λογισμοῦ
1273 1094 1581 1162 μετανοίας.
1617 1095 1728 1147 Καὶ

147 1182 362 1251 ἐάνπερ
394 1184 568 1245 οὕτως
595 1183 869 1252 πράξοιτε,
909 1180 1258 1252 θεραπεῦοιτε
1287 1181 1450 1235 πάλιν
1477 1183 1565 1235 τὸν
1595 1183 1726 1236 Θεὸν

1827 550 1948 604 sine
1986 565 2115 604 cura
2148 549 2346 603 fuimus
2368 557 2423 602 et
2445 545 2811 602 sollicitudine
2848 544 2916 598 de
2938 543 3112 609 vobis,
3137 541 3276 597 sicut
3304 555 3408 596 nec

1825 641 1892 696 de
1920 641 2057 695 aliis.
2095 640 2235 706 Quin
2272 639 2514 695 extabuit
2540 639 2593 692 in
2626 638 2781 692 nobis
2804 653 2900 692 cor
2925 644 3197 700 nostrum,
3236 632 3408 687 mise-

1825 747 2048 800 ramque
2075 746 2136 786 ac
2165 731 2442 801 profanam
2474 746 2660 786 vocem
2688 739 2930 784 nostram
2954 729 3022 782 ad
3056 729 3233 782 Deum
3260 727 3408 782 tolli-

1828 840 1970 888 mus,
1997 833 2050 878 ut
2093 825 2161 880 ad
2209 825 2490 879 mandram
2523 831 2759 879 vestram
2796 837 2895 877 vos
2953 829 3173 875 revocet
3210 858 3225 882 ,
3270 835 3407 874 con-

1833 914 2016 969 silium
2062 917 2334 986 inSpirans
2373 916 2724 986 poenitentiae.
2783 913 2936 980 Quod
2988 913 3078 967 ubi
3128 911 3403 974 feceritis,

1835 1006 2004 1060 Deum
2023 1007 2237 1073 iterum,
2261 1018 2315 1063 et
2334 1024 2435 1062 nos
2459 1016 2773 1078 peccatores
2790 1005 3091 1076 placabitis.
3121 1004 3236 1056 Non
3255 1004 3405 1057 enim

1832 1099 2026 1164 quzerit
2077 1110 2306 1153 mortem
2353 1099 2677 1166 peccatoris,
2727 1098 2819 1152 sed
2848 1106 2906 1150 ut
2953 1102 3321 1157 convertatur,
3351 1103 3406 1148 et

1833 1199 1996 1242 vivat.

147 1271 244 1324 καὶ
272 1273 426 1342 ἡμᾶς
454 1273 578 1335 τοὺς
641 1270 1015 1343 ἁμαρτωλούς.
1085 1272 1161 1326 Οὐ
1207 1272 1315 1343 γὰρ
1353 1273 1506 1342 ζητεί
1563 1275 1651 1326 τὸν
1709 1275 1936 1343 θάνατον
1993 1282 2085 1335 τοῦ
2144 1285 2490 1353 ἁμαρτωλοῦ,
2533 1283 2604 1344 ὼς
2675 1282 2733 1334 τὸ
2783 1279 3105 1348 ἐπιστρέψαι
3157 1276 3252 1329 καλ⁸
3309 1275 3407 1344 ζῇν

147 1360 341 1415 αὐτόν.

229 1454 635 1524 Ἐπιστρέψατε
672 1454 785 1519 οῦν,
820 1456 1205 1527 ἐπιστρέψατε,
1241 1459 1368 1528 πρὶν
1415 1457 1568 1528 ἄφνω
1612 1459 1732 1514 ἐπι-

153 1546 251 1614 στῇ
284 1543 420 1614 ὑμῖν
484 1543 722 1615 ὄλεθρος,
754 1544 932 1608 καθὼς
965 1545 1042 1616 τῷ
1074 1545 1397 1617 Πετρωνίῳ“
1434 1547 1531 1600 καὶ
1571 1547 1731 1618 εὐρε-

149 1635 282 1704 θῆτε
307 1635 446 1690 κενά
466 1636 561 1690 καὶ
589 1637 818 1707 ἀνόνητα
847 1637 1302 1708 μεταμελόμενοι,
1325 1638 1413 1691 ὅτε
1451 1639 1552 1707 τῆς
1604 1656 1730 1709 μετο

150 1726 416 1796 αμελείας
451 1727 640 1798 κέρδος
687 1729 858 1783 οὐδέν.
914 1728 1020 1781 Ποῦ
1079 1729 1257 1782 τοίνυν
1307 1730 1443 1782 εἰσὶν
1490 1731 1536 1783 οί
1583 1731 1730 1799 λόγοι

153 1831 267 1880 σου,
307 1815 592 1885 Πινούέριε,
644 1818 737 1870 καὶ
766 1817 885 1881 σοῦ,
924 1817 1122 1887 Μάρη;
1178 1817 1477 1887 μαρτυρίου
1512 1819 1730 1885 ἀγῶνας

151 1907 520 1976 ὑποδέχεσθαι
556 1906 645 1960 διὰ
676 1907 774 1978 τὴν
824 1907 1154 1960 ταπείνωσιν
1188 1906 1344 1977 ἡμῶν
1403 1907 1731 1978 προεθυμεῖ-

154 1998 268 2050 σθεο
331 1998 539 2068 μᾶλλον
580 1997 636 2051 δέ
672 1998 760 2050 διὰ
802 1998 898 2066 τὴν
936 1997 1207 2068 σωτηρίαν
1239 1999 1339 2068 τὴν
1364 1997 1430 2051 δι’
1462 1999 1728 2070 ὑπακοῆς

151 2092 246 2143 καὶ
294 2089 461 2142 τοῦτο
510 2089 787 2151 πολλάκις·
822 2089 917 2141 καὶ
950 2090 1123 2160 μικρά
1171 2106 1257 2153 τις
1287 2085 1430 2160 αῦρα
1481 2089 1727 2154 ἐλθοῦσα,

153 2182 444 2253 ἐρῤίπισεν
477 2182 630 2251 ὑμῶν
653 2182 712 2254 [ί.
740 2180 928 2252 ὑμᾶς],
960 2181 1036 2244 ὡς
1068 2181 1132 2234 ἄν
1155 2199 1277 2236 τινα
1307 2183 1545 2254 ἀνέμην.
1579 2184 1736 2237 Ἀνα-

153 2272 386 2342 νήψατε,
422 2273 754 2342 ἐπιϐλέψατε
812 2274 892 2336 εἰς
945 2273 1099 2338 Θεὸν,
1139 2273 1415 2345 φοϐήθητε
1466 2275 1574 2329 ἀπὸ
1623 2275 1734 2329 τῶν

156 2365 444 2435 κριμάτων
472 2364 658 2428 αὑτοῦ,
695 2365 788 2418 καὶ
831 2363 889 2428 ἐξ
942 2357 1018 2417 ὧν
1054 2366 1447 2419 συνεπίστασθε
1485 2365 1734 2437 πράξεων

158 2456 333 2526 ὑμῶν’
363 2457 448 2510 ὅτι
476 2458 534 2510 ἐν
564 2456 799 2518 ἐκείναις
830 2457 988 2526 μόνον
1018 2457 1117 2510 οὐκ
1143 2457 1372 2528 ἀρκετὸς
1404 2458 1532 2528 ὑμῖν
1563 2459 1670 2520 πᾶς
1706 2460 1734 2511 ό

161 2547 272 2616 βίος
325 2549 411 2610 εις
450 2547 759 2618 μετάνοιαν.
783 2547 849 2600 Τί
883 2547 1068 2601 λοιπὸν
1126 2548 1443 2620 προσθήκας
1477 2550 1731 2619 ἁμαρτη-

164 2639 348 2707 μάτων
377 2639 736 2708 προστίθεσθε
764 2642 855 2693 ἐπὶ
887 2641 1253 2711 ἁμαρτήμασι
1275 2641 1563 2710 χαλεποῖς;
1591 2641 1733 2711 Πρὸς

159 2730 216 2782 δὲ
242 2730 300 2782 τὸ
331 2729 543 2800 γρᾶψαι
574 2731 718 2801 ήμᾶς
748 2732 827 2794 είς
855 2731 948 2794 οὓς
979 2732 1258 2802 εἰρήκατε,
1285 2730 1539 2801 ἀσμένως
1566 2748 1733 2800 προσ-

159 2820 442 2890 δεχθέντες
491 2821 586 2872 καὶ
639 2821 1070 2892 ξενοδοχούμενοι
1105 2823 1196 2874 ὑπ’
1222 2819 1420 2885 αὐτῶν,
1447 2820 1605 2872 τοῦτο
1635 2820 1732 2888 μὲν

161 2914 222 2966 οὐ
260 2912 545 2984 ποιοῦμεν⁸
595 2915 655 2967 οὐ
698 2915 809 2983 γὰρ
838 2914 894 2981 ἐξ
937 2915 1096 2983 ἡμῶν
1144 2913 1394 2984 ἐξήλθετε
1444 2912 1531 2965 διὰ
1572 2912 1729 2980 λόγου

163 3003 434 3072 ὑπακοῆς.
472 3003 558 3057 ἴνα
589 3005 862 3076 κρίνωμεν
895 3006 1076 3071 ἀξίους
1104 3003 1389 3073 ὑποδοχῆς.
1413 3003 1732 3056 Τοῦναντίον

165 3093 221 3148 δέ
274 3094 783 3166 καταλογιζόμενοι,
818 3096 1110 3166 ὁριζόμεθα
1141 3096 1270 3164 ὑμῖν
1291 3093 1484 3158 οὕτως.
1519 3093 1639 3162 Ἀφ’
1665 3090 1733 3166 ἦς

1904 1462 2424 1531 Revertiminiergo,
2459 1459 2814 1524 revertimini,
2854 1460 3164 1527 priusquam
3185 1465 3407 1525 repente

1831 1551 2179 1621 superveniat
2225 1548 2375 1604 vobis
2434 1547 2720 1608 interitus,
2777 1545 2918 1600 sicut
2990 1542 3288 1606 Petronio;
3355 1552 3410 1596 et

1830 1641 2104 1696 incassum
2127 1648 2180 1694 et
2209 1638 2328 1692 sine
2352 1637 2532 1692 fructu
2554 1636 2741 1690 dolere
2769 1650 2866 1689 vos
2898 1632 3168 1695 sentiatis,
3190 1631 3409 1701 quando

1828 1733 2166 1802 poenitentia:
2229 1731 2443 1786 lucrum
2501 1729 2711 1783 nullum
2773 1727 2896 1782 erit.
2957 1725 3060 1781 Ubi
3109 1740 3238 1779 vero
3280 1734 3410 1778 sunt

1829 1827 2094 1897 promissa
2157 1835 2284 1888 tua,
2337 1822 2606 1892 Pinuphi,
2647 1830 2703 1876 et
2751 1817 3108 1882 tua,l\lares?
3166 1814 3404 1888 martyrii

1835 1917 2132 1972 certamina
2161 1916 2300 1970 inire
2325 1914 2638 1986 gestiebatis
2660 1921 2884 1984 propter
2925 1912 3247 1966 tenuitatem
3305 1926 3410 1965 ιιου

1835 2017 2027 2072 stram,
2053 2009 2138 2064 vel
2196 2009 2379 2078 potius
2428 2019 2652 2078 propter
2693 2007 2920 2062 salutem
2974 2021 3093 2074 quae
3151 2020 3248 2073 per
3280 2004 3409 2059 ohe-

1835 2099 2096 2155 dientiam
2144 2097 2484 2168 requiritur:
2533 2099 2692 2166 idque
2742 2097 3097 2164 frequenter:
3159 2105 3214 2148 et
3244 2110 3407 2164 parva

1835 2189 2079 2259 quaedam
2136 2203 2266 2241 aura
2297 2202 2415 2249 vos,
2444 2187 2590 2240 velut
2618 2185 2891 2253 stipulam,
2918 2183 3266 2238 disturbavit.
3299 2183 3407 2236 Ex-

1835 2279 2227 2349 pergiscimini,
2277 2278 2447 2332 Deum
2494 2277 2770 2347 respicite,
2829 2275 3031 2344 judicia
3085 2275 3203 2340 ejus
3239 2274 3407 2343 perti-

1835 2371 2078 2430 mescite,
2126 2369 2210 2421 vel
2253 2384 2320 2422 ex
2358 2367 2555 2422 vestris
2596 2366 2900 2422 actionibus
2943 2380 3172 2436 quarum
3202 2365 3407 2419 conscii

1833 2460 1986 2523 estis,
2041 2460 2186 2528 quod
2212 2460 2282 2514 ob
2323 2474 2416 2514 eas
2464 2460 2609 2513 solas
2637 2465 2750 2512 tota
2793 2457 2902 2511 vita
2945 2471 3053 2511 non
3079 2455 3306 2511 sufﬁciat
3341 2442 3408 2510 ad

1835 2552 2232 2623 paenitentiam.
2281 2551 2420 2617 Quid
2452 2551 2518 2606 de
2575 2559 2777 2605 caetero
2803 2550 3168 2604 additamenta
3215 2563 3404 2618 peccad

1836 2653 2012 2698 torum
2057 2643 2308 2715 gravibus
2339 2641 2576 2710 peccatis
2613 2639 2931 2709 adjecistis?
2962 2637 3029 2693 Ut
3059 2653 3188 2692 vero
3215 2637 3283 2691 ad
3314 2651 3408 2691 eos

1835 2733 2166 2797 scribamus,
2227 2746 2361 2801 quos
2418 2729 2781 2802 significastis,
2835 2729 2980 2798 quod
3019 2728 3248 2798 benigne
3313 2743 3410 2783 vos

1837 2825 2173 2893 receperint,
2229 2834 2282 2879 et
2312 2823 2548 2894 hospitio
2579 2822 2896 2886 invitarint;
2959 2820 3011 2874 id
3043 2821 3260 2888 quidem
3309 2820 3408 2874 mi-

1835 2917 1980 2970 nimc
2014 2916 2279 2970 facimus:
2310 2915 2434 2984 quia
2455 2930 2517 2968 ex
2548 2912 2869 2968 obedientive
2896 2920 3031 2966 nutu
3058 2927 3085 2964 a
3121 2911 3274 2966 nobis
3297 2927 3404 2965 non

1833 3009 2060 3071 exiistis,
2119 3020 2177 3062 ut
2232 3007 2468 3076 hospitio
2526 3007 2718 3077 dignos
2778 3004 3103 3073 iudicemus,
3156 3003 3249 3073 sed
3273 3020 3405 3059 con-

1837 3100 2060 3153 trarium
2105 3112 2328 3168 prorsus
2381 3096 2702 3159 sentientes,
2761 3094 2832 3148 ita
2890 3094 3042 3148 vobis
3091 3093 3354 3147 edicimus

162 3185 253 3241 οὖν
297 3187 513 3258 ἡμέρας
539 3185 752 3252 δέξεσθε
785 3188 850 3240 τά
877 3188 1200 3258 γράμματα,
1235 3187 1603 3256 άποκινήσατε
1635 3204 1729 3241 και

1844 3207 1950 3260 quo
1980 3205 2045 3244 ex
2071 3191 2157 3244 die
2191 3191 2396 3244 litteras
2422 3187 2760 3258 acceperitis.
2781 3186 2888 3240 huc
2916 3185 3094 3238 redire
3129 3184 3404 3238 festinate.

161 3277 488 3342 ταλαϐόντες
518 3279 586 3332 τὰ
615 3279 865 3333 ἐνταῦθα.
894 3280 1024 3332 Είδέ
1042 3279 1391 3341 ἀπειθοῦντες
1415 3279 1732 3349 ἐπιμένητε,

163 3371 297 3440 ὅπερ
331 3372 406 3442 μὴ
441 3370 551 3441 δῴη
582 3373 609 3423 ὁ
637 3371 788 3435 Θεὸς,
819 3371 847 3424 ὃ
876 3371 1190 3442 ἀπεύχομαι
1223 3411 1239 3439 ,
1283 3370 1406 3423 ἐστέ
1439 3369 1736 3438 ἀκοινώνη-

164 3477 263 3524 τοι,
295 3463 760 3532 κατακεκριμένοι
812 3480 870 3514 τε
905 3463 997 3516 καὶ
1027 3463 1545 3531 καταδεδικασμένοι
1586 3465 1737 3535 παρὰ

164 3553 388 3625 ἀληθεία
410 3552 730 3626 δικαζούσῃ.
762 3557 1153 3626 νενεκρωμένοι
1186 3573 1242 3608 τε
1262 3555 1359 3624 τὴν
1411 3555 1609 3624 ψυχὴν,
1644 3559 1738 3608 καὶ

164 3642 516 3714 ἐστερημένοι
555 3642 650 3695 τοῦ
711 3644 1039 3715 πνεύματος,
1094 3645 1276 3708 καθὼς
1330 3648 1358 3698 ό
1417 3647 1590 3716 μέγας
1647 3648 1736 3700 καὶ

165 3731 304 3795 θεῖος
327 3732 608 3794 Βασίλειος
629 3733 966 3804 ἀπεφήνατο·
995 3737 1106 3788 ἀλλ’
1128 3735 1250 3789 οὔτε
1281 3737 1328 3787 οἱ
1353 3737 1732 3805 ὑποδεχόμενοι

167 3824 327 3890 ὑμᾶς,
363 3823 469 3888 ἔξω
517 3824 896 3894 κατακρίσεως
946 3829 1104 3892 εἰσιν,
1136 3826 1213 3889 ὡς
1267 3826 1342 3898 μὴ
1379 3828 1502 3890 τοῦς
1557 3827 1732 3888 θείους

168 3913 391 3979 κανόνας
433 3913 816 3983 φυλάττοντες.

443 4026 580 4083 KA'.
602 4060 672 4070 —
705 4035 947 4104 Συμεὼν
967 4037 1283 4106 μονάζοντι
1312 4037 1446 4107 (19).
1483 4033 1628 4108 [λδ’.]

1839 3287 1990 3351 Quod
2034 3286 2077 3340 si
2129 3295 2476 3340 contumaces
2529 3282 2874 3352 perstiteritis
2901 3325 2914 3345 ,
2965 3281 3109 3350 quod
3146 3296 3252 3334 non
3282 3296 3406 3350 per—

1837 3380 2015 3433 mittat
2041 3378 2201 3442 Deus,
2232 3376 2377 3447 quod
2405 3391 2678 3440 exsecror,
2711 3372 3164 3430 excommunicati
3199 3379 3371 3426 estote

1837 3469 2072 3524 convicti
2126 3477 2180 3523 et
2232 3465 2582 3522 condemnati
2631 3465 2837 3535 judicio
2888 3463 3154 3528 veritatis,
3208 3463 3404 3515 mortui

1838 3563 2037 3625 anima,
2071 3570 2126 3614 et
2157 3560 2349 3630 spiritu
2382 3559 2587 3620 orbati,
2615 3556 3072 3627 quemadmodum
3099 3570 3329 3625 magnus
3347 3567 3410 3608 ac

1843 3653 2062 3707 divinus
2114 3652 2344 3706 Basilius
2378 3649 2783 3720 pronuntiavit:
2836 3644 2930 3702 sed
2979 3663 3154 3715 neque
3185 3646 3276 3715 qui
3315 3659 3411 3700 vos

1843 3744 2200 3813 exceperint,
2249 3754 2397 3796 extra
2449 3741 2957 3796 condemnationem
3002 3748 3160 3802 sunt,
3209 3749 3265 3792 ιιι
3318 3740 3408 3806 qui

1839 3832 2050 3885 divinos
2077 3846 2313 3884 canones
2343 3846 2450 3883 non
2485 3831 2795 3884 observent.

2261 4036 2297 4087 X
2311 4035 2346 4087 X
2359 4034 2395 4086 l.
2431 4034 2660 4087 Simeom‘
2699 4033 2970 4085 monacho.

1167 4155 1241 4204 De
1263 4153 1480 4216 Josepho
1505 4155 1749 4217 deposito.
1788 4158 1988 4219 (Baron.
2017 4169 2094 4202 an.
2119 4152 2230 4210 808,
2257 4165 2302 4197 ιι.
2328 4149 2429 4206 Η.)

234 4253 543 4326 Ἐγνωμεν,
583 4251 631 4310 ὦ
663 4256 863 4326 Πάτερ,
898 4256 991 4307 καὶ
1034 4255 1121 4306 διὰ
1168 4255 1280 4307 τῶν
1329 4257 1731 4327 προλαϐόντων,

171 4340 274 4407 οἷος
305 4349 400 4400 καὶ
429 4347 617 4417 ἡλίκος
647 4347 875 4415 γέγονας
902 4347 1036 4416 πρὸς
1057 4346 1155 4415 τὴν
1183 4349 1512 4402 ταπείνωσιν
1554 4351 1731 4420 ήμῶν·

171 4435 226 4489 ἐν
261 4438 391 4491 πᾶσι
420 4439 538 4501 τοῖς
584 4437 955 4508 συμϐεϐηκόσι
993 4437 1261 4508 θλιϐεροϊς
1313 4439 1588 4507 ὁμαλίζων
1643 4442 1736 4492 καὶ

1907 4257 1969 4310 Et
1995 4263 2153 4308 antea
2177 4251 2573 4322 perspeximus,
2593 4248 2773 4312 Pater,
2789 4250 2933 4317 quis,
2949 4247 3229 4317 qualisque
3247 4247 3414 4302 fueris

1835 4363 1961 4418 erga
2001 4345 2361 4399 humilitatem
2397 4351 2635 4396 nostram
2662 4341 2714 4392 in
2748 4339 3001 4392 omnibus
3025 4337 3270 4392 adversis
3293 4354 3416 4407 quae

1835 4441 1992 4495 nobis
2015 4439 2350 4500 acciderunt,
2379 4450 2500 4489 cum
2537 4433 2708 4487 lenire
2745 4446 2806 4485 ea
2837 4431 3086 4484 studercs
3107 4470 3119 4493 ,
3156 4439 3210 4484 et
3231 4431 3409 4483 omnia

171 4525 447 4583 διευθετῶν
481 4530 660 4584 πάντα
689 4529 827 4599 πρὸς
860 4530 919 4583 τὸ
957 4530 1250 4592 λυσιτελές.
1298 4531 1484 4597 ’Ἱσμεν
1533 4531 1591 4583 δὲ
1643 4533 1731 4584 καλ

1839 4532 2066 4602 dirigere
2093 4530 2145 4582 in
2177 4538 2417 4580 nostram
2451 4524 2761 4578 utilitatem.
2795 4523 2859 4575 Et
2883 4536 3028 4574 nunc
3062 4520 3412 4573 vehementer

173 4615 261 4670 νῦν
306 4611 609 4690 περίλυπόν
639 4635 698 4670 σε
743 4619 829 4672 διὰ
863 4621 960 4688 τῆς
994 4620 1325 4688 ἐπαγγελίας
1372 4619 1464 4672 τοῦ
1505 4621 1732 4689 ἀδελφοῦ

174 4710 491 4780 γεγενῆσθαι
543 4712 601 4762 ἐν
634 4711 746 4772 τοῖς
802 4712 1243 4781 παρισταμένοις.
1278 4711 1438 4765 Ἀλλὰ
1467 4713 1517 4765 τί
1544 4715 1726 4767 πάθω-

179 4816 291 4867 μεν;
326 4803 406 4855 ὅτι
440 4803 632 4872 ἐντολὴ
664 4801 799 4854 Θεοῦ
828 4803 1136 4872 πρόκειται,
1169 4805 1260 4856 καὶ
1287 4807 1510 4868 κανόνες
1544 4807 1738 4874 Πατρι-

177 4888 258 4939 κοὶ
305 4890 660 4960 ἀπείργοντες
707 4892 850 4960 ήμᾶς
895 4894 958 4944 ἐκ
1007 4892 1103 4962 τῆς
1135 4893 1388 4963 τοιαύτης
1425 4897 1729 4949 κοινωνίαν⁸

175 4969 295 5033 Ὧδε
324 4982 380 5035 δὴ
428 4984 624 5052 φθάσοι
655 4985 896 5054 ἠταχεῖα
922 4985 1060 5055 ῥοπή
1093 5002 1205 5051 σου,
1241 4985 1336 5038 καὶ⁵
1368 4988 1400 5054 ή
1443 4987 1739 5057 εἰλικρινής

181 5084 268 5122 σου
291 5073 425 5142 πρὸς
448 5076 539 5128 τὸν
565 5073 696 5126 Θεὸν
727 5076 819 5128 καὶ
839 5077 986 5144 ἡμᾶς
1005 5078 1128 5139 τοὺς
1154 5078 1510 5148 ἁμαρτωλοὺς
1533 5080 1735 5148 σχέσις.

180 5158 271 5212 'lv‘
299 5163 486 5236 ὥσπερ
536 5167 662 5218 τινὰ
709 5169 1000 5236 τρικυμίαν
1033 5171 1363 5238 μεταγάγοις
1393 5173 1482 5224 τὸν
1546 5190 1738 5240 πείρα·

185 5250 330 5316 σμὸν,
367 5258 462 5308 καὶ
521 5256 855 5323 γαληνιάσης
913 5260 1006 5328 τὴν
1069 5263 1306 5331 ταραχὴν
1355 5263 1460 5314 τῶν
1502 5263 1739 5314 εὐσεϐῶν

253 5367 294 5396 ³²
335 5368 530 5423 Ezech.
564 5387 752 5432 χχχιιι,
789 5374 877 5428 il.

1839 4623 2130 4680 sollicitum
2183 4631 2233 4672 te
2270 4632 2392 4671 esse
2441 4616 2643 4670 scimus
2672 4614 2742 4666 ob
2770 4612 2951 4666 fratris
2981 4611 3034 4663 in
3069 4625 3123 4665 re
3156 4613 3410 4680 praesenti

1839 4714 2248 4785 professionem.
2300 4708 2502 4761 Verum
2549 4703 2677 4772 quid
2737 4702 3019 4765 faciamus,
3074 4715 3196 4754 cum
3238 4710 3414 4754 exstet

1839 4807 1931 4860 Dei
1965 4802 2297 4861 mandatum,
2341 4808 2395 4850 et
2424 4794 2642 4847 Patrum
2687 4805 2924 4846 canones
2963 4798 3214 4843 arcentes
3237 4802 3334 4840 nos
3382 4803 3412 4840 a

1838 4901 1927 4952 tali
1971 4890 2394 4950 communione?
2447 4887 2561 4940 Huc
2591 4884 2730 4939 adsit
2773 4883 2927 4937 velox
2964 4880 3254 4951 propensio
3285 4888 3409 4943 tua;

1838 4991 2190 5053 sincerusque
2214 4997 2339 5051 erga
2368 4979 2536 5033 Deum
2566 4986 2620 5030 et
2649 4989 2746 5028 nos
2787 4983 3100 5043 peccatores
3131 4970 3361 5024 affectus
3394 4984 3406 5032 ;

1843 5091 1901 5133 ιιι
1952 5087 2205 5145 tanquam
2276 5074 2638 5128 decumanum
2707 5065 2996 5134 quemdam
3055 5062 3276 5116 fluctum
3329 5077 3414 5114 re-

1843 5185 2061 5224 moveas
2128 5165 2503 5227 tentationem,
2577 5155 2999 5225 tranquillesquc
3065 5153 3410 5223 agitationem

1849 5265 2057 5332 piorum
2086 5259 2424 5313 dominorum
2466 5263 2799 5308 nostrorum.
2833 5248 2945 5301 Non
2973 5246 3115 5300 enim
3152 5243 3412 5298 adversus

1694 5481 1912 5537 NOTE.

263 5569 375 5649 (i9)_
405 5577 667 5649 ingerar.
696 5576 769 5629 De
800 5577 1110 5649 multiplici
1138 5577 1391 5632 Simeone
1420 5576 1632 5649 Studita
1657 5578 1734 5630 vi-

195 5635 330 5722 desis
353 5635 590 5722 Leonem
619 5648 901 5722 Austian
953 5635 1003 5701 in
1055 5646 1291 5701 Diatriba
1321 5649 1385 5700 de
1425 5647 1736 5722 Simeonttm

200 5714 424 5778 scriptis.
449 5733 572 5788 pag.
613 5717 703 5772 25.
741 5717 811 5773 De
836 5719 1090 5773 Sinteone
1129 5734 1290 5784 porro
1329 5717 1618 5781 monacho,
1653 5717 1743 5768 Ni-

481 5822 756 5883 PATROL.
794 5824 910 5881 Gn.
957 5822 1178 5884 XCIX.

1850 5576 2071 5644 cephori
2140 5574 2493 5644 imperatoris
2523 5572 2962 5645 consanguineo,
2991 5581 3172 5622 sermo
3193 5571 3276 5617 est
3303 5579 3412 5645 non

1851 5643 1958 5698 uno
1985 5648 2034 5715 in
2059 5646 2177 5698 loco
2205 5643 2344 5712 apud
2367 5643 2775 5715 Theophanem.
2810 5643 3035 5715 Syr-ima
3058 5647 3238 5690 autem
3276 5644 3358 5687 est
3389 5647 3415 5683 a

1849 5714 2137 5771 Theodoro
2167 5707 2278 5767 huic
2309 5707 2534 5782 epistola
2577 5714 2795 5771 nomine
2828 5707 3092 5763 Platonis.

2931 5809 2994 5862 31
