4008 6318
605 363 707 431 971

1799 366 1857 425 S.
1901 361 2293 424 THEODORI
2326 360 2672 422 STUDITAE

3760 370 3864 434 972

607 475 726 529 illos
752 474 909 530 nobis
931 488 1111 530 sermo
1141 483 1226 530 est
1253 474 1431 530 vitatas
1450 475 1871 541 communionis,
1896 490 1999 529 nec
2021 488 2172 527 causa

2287 468 2444 539 ἡμῶν
2472 466 2770 521 δεσποτῶν.
2801 467 2875 520 Ub
2910 468 3019 540 γὰρ
3047 468 3182 539 πρὸς
3229 471 3427 535 αὐτοὺς
3456 472 3595 544 ἡμῖν
3637 474 3667 528 6
3713 474 3868 546 λόγος

605 567 992 621 controversiae
1023 585 1036 621 :
1084 568 1214 637 quin
1240 568 1419 638 potius
1451 569 1648 633 honor,
1697 569 1996 634 veneratio,
2029 583 2181 623 amor

605 666 663 711 et
689 672 1031 727 congressus,
1060 667 1225 728 prout
1252 673 1341 713 res
1364 659 1529 730 exigit
1558 677 1570 713 :
1606 658 1700 714 sed
1734 659 1996 715 adversus
2029 660 2179 714 illum

605 746 697 816 qui
734 758 932 818 praeter
959 751 1049 819 jus
1070 749 1260 820 fasque
1297 766 1479 815 omne,
1505 751 1853 806 manifestum
1875 766 1942 806 ex
1969 751 2181 806 Domini

605 841 875 897 sententia
906 843 1210 898 adulterum
1244 844 1564 898 coronavit:
1598 843 1693 915 qui
1727 858 1892 899 ausus
1923 852 2007 898 est
2045 843 2179 897 tanti

604 932 828 987 sceleris
884 934 1099 1003 adjutor
1146 944 1200 989 et
1256 942 1494 989 assertor
1546 936 1660 989 fieri
1706 951 1886 990 coram
1926 936 2181 990 universo

605 1022 810 1076 mundo
841 1038 853 1075 :
888 1038 1050 1091 quem
1102 1021 1354 1078 Christus
1402 1024 1519 1093 ipse
1547 1024 1801 1095 deposuit
1827 1025 2059 1079 duorum
2090 1040 2179 1077 ca-

606 1128 811 1167 nonum
843 1128 1019 1178 reum,
1047 1123 1107 1167 ut
1128 1114 1263 1168 alios
1302 1115 1544 1168 omittam
1582 1133 1596 1169 :
1636 1115 1800 1170 unius
1839 1116 2055 1184 quidem
2085 1115 2177 1185 qui

605 1220 709 1260 nec
757 1207 966 1275 epulari
1028 1207 1407 1277 presbyterum
1467 1208 1523 1261 in
1563 1207 1759 1278 bigami
1810 1207 2012 1276 nuptiis
2049 1221 2178 1276 per-

602 1298 773 1352 mittit
798 1299 844 1330 ⁵³
893 1299 1166 1368 (adulteri
1222 1299 1367 1353 enim
1437 1300 1678 1354 scribere
1730 1315 1840 1354 non
1888 1315 2054 1354 ausus
2093 1308 2178 1354 est

602 1388 850 1456 canon),
906 1398 1111 1459 quanto
1170 1389 1350 1444 minus
1380 1391 1697 1444 coronare?
1758 1390 1981 1444 alterius
2027 1404 2172 1455 vero,

606 1479 865 1548 quoniam
922 1481 1011 1550 qui
1078 1481 1133 1534 in
1183 1482 1392 1534 crimen
1444 1481 1663 1550 aliquod
1720 1482 1903 1551 lapsus
1947 1482 2044 1546 sit,
2114 1496 2176 1535 ac

602 1578 889 1639 propterea
926 1569 1448 1634 excommunicatus,
1498 1568 1603 1623 nisi
1656 1568 1795 1623 intra
1834 1583 2037 1622 annum
2075 1581 2175 1638 pro

601 1660 1045 1716 reconciliatione
1095 1676 1192 1716 sua
1240 1669 1463 1730 pugnet,
1523 1660 1755 1731 amplius
1802 1659 2015 1714 admitti
2055 1659 2175 1729 ejus

592 1768 791 1815 vocem
852 1768 962 1807 non
1018 1753 1147 1807 licet
1199 1754 1268 1807 ”.
1298 1751 1396 1806 llic
1447 1767 1576 1807 vero
1636 1751 1730 1821 qui
1768 1766 1964 1806 novem
2000 1765 2173 1804 annos

598 1854 950 1907 excesserat,
1008 1843 1201 1899 insiliit
1255 1844 1313 1899 in
1372 1843 1691 1899 Ecclesiam.
1765 1842 1822 1897 Si
1874 1842 2037 1913 igitur
2085 1842 2175 1896 hic

599 1938 884 2002 innocens,
938 1936 1109 1991 multo
1164 1936 1331 2008 magis
1362 1937 1576 1991 adulter
1606 1936 1749 2005 ipse;
1777 1936 1822 1991 si
1885 1949 2016 1989 vero
2049 1948 2173 1989 reus

598 2025 702 2079 iste
733 2024 977 2094 peccati,
1003 2025 1125 2094 quis
1148 2025 1215 2080 de
1235 2040 1303 2080 eo
1342 2026 1615 2096 ambigat,
1649 2025 1742 2095 qui
1776 2023 2079 2093 conjunxit,
2119 2032 2175 2078 et

598 2116 654 2170 in
685 2114 948 2186 Spiritum
977 2125 1230 2172 sanctum
1273 2117 1671 2189 blasphemavit
1691 2158 1704 2184 ,
1749 2116 1878 2187 quin
1911 2114 2174 2186 impurior

598 2204 667 2258 sit
693 2214 749 2260 et
786 2204 1201 2261 detestabilior?

671 2491 797 2544 llaec
818 2502 965 2553 sunt,
998 2488 1157 2544 Pater
1196 2499 1404 2556 sancte,
1436 2503 1557 2559 quae
1576 2504 1667 2544 cor
1685 2497 1933 2543 nostrum
1956 2497 2165 2542 contra-

600 2580 763 2643 hunt,
792 2586 846 2633 ct
885 2578 1137 2633 timorem
1166 2578 1460 2632 incutiunt.
1497 2577 1649 2632 Hanc
1673 2578 1744 2631 ob
1774 2592 1993 2632 causam
2028 2576 2173 2646 quod

598 2686 720 2725 cum
751 2671 855 2723 isto
885 2684 992 2723 non
1011 2669 1472 2725 communicarem
1493 2710 1509 2736 ,
1538 2684 1641 2724 nec
1679 2684 1803 2724 cum
1834 2669 2171 2738 praecedente

596 2762 928 2833 patriarcha,
971 2762 1061 2831 qui
1094 2761 1340 2816 adultero
1369 2762 1811 2817 communionem
1854 2761 2053 2816 dabat:
2084 2760 2170 2814 in-

598 2854 735 2908 clusi
765 2854 966 2908 fuimus
992 2893 1008 2920 ,
1057 2869 1156 2925 ego
1206 2854 1426 2924 quidem
1457 2855 1510 2908 in
1547 2871 1612 2910 eo
1640 2855 1729 2910 ubi
1764 2855 1969 2909 resides
2008 2854 2168 2921 loco;

598 2949 923 3016 pneposilus
945 2955 1126 3001 autem
1158 2958 1213 3002 et
1236 2947 1427 3017 reliqui
1458 2947 1902 3002 Thessalonicam
1926 2946 2167 3017 relegati.

599 3037 705 3092 Sed
754 3037 936 3091 denuo
985 3037 1334 3108 congregavit
1368 3051 1471 3091 nos
1518 3037 1662 3092 Deus
1710 3038 1962 3107 precibus
2012 3037 2165 3091 tuis:

596 3146 660 3186 ac
678 3146 747 3185 ne
772 3130 849 3184 sic
867 3129 1086 3199 quidem
1119 3139 1327 3185 temere
1345 3144 1446 3183 nos
1463 3130 1809 3199 adjunximus
1825 3131 2168 3201 patriarchae,
2199 3167 2244 3230 ε

598 3224 702 3278 nisi
740 3233 1024 3293 postquam
1053 3223 1229 3280 fassus
1251 3232 1336 3280 est
1373 3238 1475 3278 nos
1505 3233 1655 3279 recte
1688 3224 1909 3279 fecisse.
1940 3223 1997 3277 Si
2020 3240 2169 3295 ergo,

596 3331 719 3370 cum
744 3323 996 3385 regnaret
1030 3315 1353 3371 adulterium
1384 3325 1439 3371 et
1469 3332 1740 3372 canonum
1773 3317 2135 3389 transgressio
2154 3358 2168 3384 ,

598 3414 745 3460 metu
788 3406 1018 3459 minime
1064 3405 1564 3470 dissimulavimus,
1618 3407 1713 3461 Dei
1758 3406 1958 3462 virtute
2004 3406 2170 3474 freti,

596 3498 869 3567 quomodo
889 3514 1055 3562 nunc,
1086 3499 1178 3568 pio
1208 3498 1527 3553 dominante
1552 3499 1800 3569 imperio,
1835 3499 1996 3554 unius
2044 3514 2171 3569 pre-

595 3590 800 3661 shyteri
835 3604 995 3645 causa
1034 3590 1337 3645 timidiores
1353 3592 1576 3653 erimus,
1616 3590 2017 3660 prodemusque
2047 3606 2171 3646 cum

597 3691 786 3750 aperto
816 3683 1012 3736 animae
1034 3682 1276 3751 periculo
1300 3682 1583 3737 veritatem
1609 3682 1632 3735 ?
1656 3680 2005 3752 Nequaquam
2036 3702 2048 3737 :
2077 3684 2171 3739 sed

599 3773 820 3829 ferenda
846 3773 1005 3829 nobis
1023 3774 1205 3843 potius
1234 3774 1413 3828 omnia
1441 3789 1610 3843 usque
1631 3775 1699 3830 ad
1721 3783 1976 3836 mortem,
2010 3789 2172 3843 quam

598 3877 657 3921 ut
687 3881 813 3922 eum
839 3880 904 3922 eo
927 3868 1415 3931 communicemus,
1446 3868 1532 3923 vel
1568 3883 1693 3922 cum
1716 3867 1783 3921 iis
1805 3866 1896 3936 qui
1931 3882 2053 3922 cum
2082 3866 2172 3921 illo

596 3958 951 4013 sacriﬁcant:
1004 3958 1182 4027 quoad
1231 3959 1474 4028 privetur
1524 3960 1855 4019 sacerdotio.
1910 3959 2171 4027 quemad-

595 4041 815 4095 modum
842 4040 943 4095 sub
965 4042 1149 4110 priore
1176 4042 1505 4112 patriarcha.
1534 4042 1664 4096 Esto
1692 4056 2045 4097 oeeonomus:
2075 4056 2172 4096 cur

595 4134 757 4186 etiam
785 4132 1001 4202 indigne
1023 4134 1191 4187 sacris
1216 4134 1511 4203 operatur?
1531 4133 1698 4189 Desiit
1724 4148 1845 4190 esse
1864 4132 2167 4203 presbyter.

594 4224 751 4289 Quod
805 4224 849 4278 si
910 4225 1029 4279 hinc
1055 4225 1161 4279 illis
1200 4241 1309 4280 non
1340 4227 1574 4297 placent,
1605 4228 1699 4297 qui
1737 4241 1860 4281 cum
1886 4240 1953 4281 eo
2000 4223 2171 4281 sacri-

595 4316 782 4380 ficant,
834 4316 1097 4371 videbunt
1137 4319 1411 4387 quomodo
1459 4334 1519 4374 se
1565 4328 1774 4389 gerent.
1825 4317 2056 4373 Parcant
2090 4325 2169 4372 te»

593 4409 790 4463 nuitati
822 4418 1044 4475 nostrae,
1072 4410 1163 4479 qui
1194 4410 1590 4479 acquiescimus
1610 4452 1625 4476 ,
1660 4410 1906 4480 nihilque
1927 4410 1995 4465 ad
2025 4411 2171 4465 hune

2283 561 2381 630 τῆς
2411 559 2830 631 ἀκοινωνησίας·
2859 560 2978 613 οὐδὲ
3009 563 3042 631 ή
3072 562 3219 615 αἰτία
3240 563 3341 632 τῆς
3375 566 3868 639 ἀμφισϐητήσεως·

2287 651 2486 722 μᾶλλον
2539 650 2596 704 δὲ
2641 652 2675 723 ὴ
2719 651 2855 722 τιμὴ
2895 651 2991 704 καὶ
3020 653 3054 722 ἠ
3083 655 3452 725 προσκύνησις
3474 696 3489 722 ,
3522 659 3553 728 ἠ
3588 658 3745 727 φιλία
3780 662 3873 714 καὶ

2282 743 2315 811 ἡ
2341 742 2581 808 ἔντευξις
2603 741 2745 796 κατὰ
2765 740 2827 794 τὸ
2857 741 3211 813 ὀφειλόμενον
3234 761 3249 777 ·
3282 745 3420 811 πρὸς
3449 748 3507 802 δὲ
3530 749 3621 801 τὸν
3653 751 3873 820 ἀνόμως

2284 832 2703 901 στεφανώσαντα
2748 833 2840 885 τὸν
2894 834 3259 904 μοιχεύσαντα
3289 837 3433 891 κατά
3461 839 3552 892 τὸν
3582 840 3744 909 λόγον
3778 839 3871 895 τοῦ

2282 924 2526 995 Κυρίουο
2588 925 2726 996 πρὸς
2775 924 2865 978 τὸν
2907 925 3262 996 τολμήσαντα
3315 930 3641 998 τηλικούτου
3699 932 3870 987 κακοῦ

2283 1013 2555 1084 ὑπουργὸν
2606 1015 2987 1084 γενέσθαικαὶ
3023 1009 3328 1091 βεϐαιωτήν
3379 1020 3471 1073 ἐπὶ
3519 1021 3612 1074 τοῦ
3662 1024 3869 1094 κόσμου

2281 1105 2501 1168 παντὸς.
2532 1106 2591 1159 ὃν
2619 1107 2857 1177 καθῆρεν
2884 1108 3051 1171 αὐτὸς
3095 1111 3123 1162 6
3154 1109 3411 1182 Χριστὸς,
3462 1113 3585 1166 δυσὶ
3640 1117 3868 1169 κανόσιν

2281 1198 2645 1262 ὑποπεσόντα,
2674 1201 2795 1252 ἐπεὶ
2825 1200 2920 1253 καὶ
2945 1200 3125 1265 ἄλλοις
3148 1218 3161 1233 °
3193 1204 3336 1257 κατά
3370 1203 3471 1275 μὲν
3498 1204 3590 1259 τὸν
3618 1207 3863 1279 πρῶτον,

2278 1288 2359 1341 ὅτι
2420 1287 2542 1342 οὐδὲ
2592 1289 3012 1360 ὲστιαθῆναιείς
3034 1293 3394 1365 διγαμοῦντος
3449 1297 3628 1369 γάμον
3689 1316 3871 1367 παρα-

2278 1380 2559 1450 χωροῦντα
2603 1381 2696 1434 τὸν
2750 1382 3160 1452 πρεσϐύτερονο
3216 1389 3296 1452 είς
3347 1389 3455 1460 γὰρ
3492 1390 3689 1461 μοιχοῦ
3743 1392 3868 1444 οὐδὲ

2278 1474 2577 1544 ἐτόλμησεν
2610 1477 2637 1527 ὁ
2666 1474 2848 1529 κανὼν
2874 1476 3101 1548 γράψαι,
3133 1478 3286 1550 πόσῳ
3324 1496 3387 1548 γε
3435 1481 3636 1551 μᾶλλον
3668 1500 3870 1553 στεφα-

2277 1564 2477 1631 νῶσαι;
2512 1565 2670 1620 Κατά
2722 1566 2778 1620 δὲ
2825 1567 2917 1620 τὸν
2962 1568 3233 1638 δεύτερον,
3268 1571 3351 1623 ὅτι
3380 1571 3473 1625 τὸν
3506 1573 3864 1629 ὑποπεσόντα

2277 1658 2334 1713 ἔν
2360 1662 2468 1714 τινι
2503 1661 2805 1732 σφάλματι,
2831 1662 2929 1715 καὶ
2962 1661 3052 1715 διὰ
3084 1662 3244 1717 τοῦτο
3264 1664 3650 1735 ἀφορισθέντα,
3684 1668 3735 1720 εί
3789 1666 3865 1738 μὴ

2278 1749 2430 1812 ἐντὸς
2474 1750 2721 1804 ἐνιαυτοῦ
2770 1749 3170 1817 ἐπαγωνίζεται
3223 1755 3290 1823 τῇ
3343 1752 3520 1824 οίκείᾳ
3578 1753 3860 1819 συστάσει,

2278 1842 2379 1894 οὐκ
2408 1841 2527 1906 ἐξὸν
2557 1841 2637 1895 ἔτι
2662 1841 2845 1913 φωνὴν
2874 1842 3039 1895 αὐτοῦ
3070 1844 3490 1915 προσδεχθῆναι.
3530 1845 3589 1899 Ὁ
3620 1846 3677 1899 δὲ
3709 1846 3865 1901 ἐννέα

2281 1933 2505 2004 χρόνους
2554 1933 2818 2003 ὑπερϐὰς,
2871 1935 3235 2003 είσεπήδησεν
3291 1938 3349 1989 ὲν
3412 1940 3479 2008 τῇ
3536 1936 3862 2009 Ἐκκλησία.

2280 2026 2343 2079 Εί
2375 2020 2468 2079 οὖν
2501 2020 2653 2088 οὗτος
2689 2025 2956 2090 ἀναίτιος,
2988 2027 3167 2097 πολλῷ
3221 2028 3421 2098 μᾶλλον
3469 2032 3498 2083 6
3545 2030 3859 2101 μοιχεύσας.

2281 2116 2342 2168 Et
2366 2115 2423 2168 δὲ
2453 2116 2659 2178 ἐκεῖνος
2708 2115 2893 2187 ἔνοχος
2923 2117 3023 2187 τῆς
3076 2119 3369 2189 ἁμαρτίας,
3409 2120 3493 2184 τίς
3522 2121 3861 2192 ἀμφιϐάλλει

2280 2226 2344 2260 πε
2356 2209 2407 2279 ρὶ
2435 2207 2529 2261 τοῦ
2557 2208 2915 2274 συζεύξαντος
2943 2209 3037 2263 καὶ
3063 2210 3521 2282 δυσφημήσαντος
3567 2215 3715 2268 κατά
3763 2211 3859 2266 τοῦ

2279 2301 2435 2368 ἁγίου
2467 2300 2807 2370 Πνεύματος,
2836 2301 2911 2364 ὡς
2942 2302 3061 2372 οὐχί
3101 2304 3460 2375 ἑναγέστερος
3506 2306 3601 2359 καὶ
3634 2305 3860 2377 βεϐηλό-

2277 2407 2432 2460 τερος
2454 2409 2468 2457 ;

2349 2481 2533 2534 Ταῦτά
2554 2484 2691 2549 ἐστι,
2720 2482 2903 2553 Πάτερ
2928 2483 3073 2550 ἆγιε,
3104 2482 3174 2538 τὰ
3205 2482 3477 2552 φοϐοῦντα
3509 2484 3606 2537 καὶ
3631 2484 3860 2538 συστέλ-

2278 2571 2437 2627 λοντα
2466 2572 2622 2643 ἡμῶν
2656 2574 2754 2643 τὴν
2784 2574 3033 2642 καρδίαν.
3068 2573 3176 2627 Καὶ
3201 2574 3287 2627 διὰ
3309 2574 3481 2627 ταῦτα
3525 2574 3661 2645 πρὸς
3688 2574 3751 2628 τὸ
3780 2576 3858 2645 μὴ

2278 2665 2557 2717 κοινωνεῖν
2574 2662 2722 2733 αὐτῷ
2741 2680 2800 2716 τε
2822 2664 2918 2716 καὶ
2938 2663 3017 2734 τῷ
3042 2680 3333 2736 προηγησα
3340 2664 3487 2736 μένῳ
3520 2667 3859 2739 πατριάρχῃ,

2277 2756 2416 2811 ὲπάν
2470 2755 2747 2827 μετεδίδου
2798 2754 2877 2825 τῷ
2929 2754 3281 2826 μοιχεύσαντι
3313 2771 3329 2787 ο
3388 2755 3859 2826 ἀπεκλείσθημεν,

2277 2846 2389 2915 ἐγὼ
2421 2847 2519 2918 μὲν
2548 2849 2605 2901 ὲν
2632 2839 2677 2915 ᾧ
2705 2846 2913 2919 καθέζῃ
2939 2848 3110 2919 τόπῳο
3147 2850 3175 2901 ό
3203 2846 3507 2919 ἡγούμενος
3558 2848 3617 2902 δὲ
3658 2850 3753 2902 καὶ
3810 2849 3861 2901 ot

2276 2939 2453 2993 λοιποὶ
2493 2941 2551 2993 ὲν
2592 2939 2965 3013 Θεσσαλονίκῃ
2993 2940 3469 3012 ὐπερορισθέντες.
3496 2940 3638 2993 Ἀλλ’
3668 2942 3696 2993 6
3724 2939 3861 3005 Θεὸς

2277 3030 2440 3085 πάλιν
2463 3032 3025 3103 ὲπισυνήγαγενὴμᾶς
3058 3033 3245 3103 εὐχαῖς
3275 3048 3391 3086 σου·
3413 3033 3508 3087 καὶ
3531 3034 3640 3085 οὐδ’
3658 3031 3861 3096 οὕτως,

2276 3122 2353 3185 ὡς
2412 3122 2622 3194 ἔτυχεν,
2682 3122 2976 3195 ήνώθημεν
3018 3124 3097 3194 τῷ
3129 3125 3465 3197 πατριάρχη,
3503 3126 3551 3178 εί
3595 3124 3671 3194 μὴ
3710 3124 3864 3194 ὡμο-

2274 3211 2472 3282 λόγησε
2518 3213 2699 3276 καλῶς
2732 3214 2876 3284 ἡμᾶς
2930 3215 3312 3286 πεποιηκέναι.
3360 3215 3490 3268 Ἐάν
3536 3214 3632 3268 οὖν
3686 3215 3776 3267 ὅτε
3825 3216 3861 3285 ἡ

2277 3303 2492 3374 μοιχεία
2538 3300 2627 3375 ἦν,
2682 3307 2778 3358 καὶ
2829 3309 2860 3377 ἠ
2917 3306 3025 3359 τῶν
3072 3307 3313 3361 κανόνων
3349 3307 3699 3379 παράϐασις,
3756 3308 3864 3380 οὐχ

2275 3395 2660 3466 ὑπεστάλημεν
2709 3396 2939 3465 δυνάμει
2992 3397 3128 3451 Θεοῦ
3158 3416 3173 3430 ο
3230 3399 3350 3465 πῶς
3398 3396 3493 3454 οὖν
3555 3401 3706 3471 ἄρτι,
3763 3398 3861 3453 ὅτε

2273 3486 2571 3542 εὐσεϐοῦσά
2600 3489 2746 3542 ἐστιν
2775 3488 2808 3557 ἡ
2834 3487 3098 3557 βασιλεία,
3124 3491 3311 3544 ’ἐνεκεν
3332 3490 3450 3555 ἑνὸς
3473 3490 3862 3563 πρεσϐυτέρου

2274 3580 2802 3651 ὑποσταλησόμεθα,
2858 3584 2953 3633 καὶ
3007 3581 3361 3652 προδώσομεν
3410 3584 3509 3655 τὴν
3566 3583 3861 3655 ἀλήθειαν,

2274 3674 2672 3739 κινδυνεύοντες
2700 3674 2841 3729 κατά
2878 3674 3099 3745 ψυχήν;
3151 3675 3436 3745 Οὐδαμῶς,
3477 3675 3612 3730 ἀλλά
3674 3679 3861 3729 πάντα

2271 3767 2403 3836 ἡμῖν
2430 3766 2639 3836 φορητά
2668 3766 2828 3837 μέχρι
2860 3765 3163 3837 θανάτου,ἢ
3192 3770 3485 3837 μετασχεῖν
3510 3769 3611 3837 τῆς
3635 3767 3858 3821 ἐκείνου

2273 3859 2578 3923 κοινωνίας,
2607 3858 2702 3911 καὶ
2724 3856 2834 3910 τῶν
2887 3858 3083 3926 ἐκείνῳ
3116 3858 3675 3930 συλλειτουργούντων
3698 3876 3713 3890 ⁸
3751 3858 3864 3923 ἕως

2271 3949 2338 4003 ἂν
2394 3947 2582 4021 παύσῃ
2625 3948 2973 4019 ἱερουργίας,
3024 3949 3217 4021 ὥσπερ
3268 3950 3365 4004 ἐπὶ
3410 3950 3505 4005 τοῦ
3560 3953 3857 4023 προτέρου.

2277 4041 2454 4093 Ἔστω
2483 4038 2789 4110 οἰκονόμος⁹
2814 4039 2865 4090 τί
2894 4040 2987 4092 καὶ
3007 4040 3243 4106 ἀναξίως
3272 4042 3577 4114 ίερουργεῖ;
3605 4044 3860 4109 Ἐξέλιπε

2273 4132 2662 4203 πρεσϐύτερος.
2683 4132 2744 4184 El
2766 4131 2823 4185 δὲ
2850 4130 3005 4184 οὐδὲν
3034 4132 3184 4185 δοκεῖ
3211 4136 3324 4197 τοῖς
3347 4134 3860 4208 συλλειτουργοῦσιν

2272 4224 2441 4293 αὐτῷ,
2500 4224 2723 4293 ὄψονται
2768 4224 2853 4292 ἐφ’
2879 4218 2959 4286 οἷς
3015 4224 3335 4294 πράττουσι.
3395 4226 3697 4282 Φείσωνται
3752 4228 3861 4297 τῆς

2272 4317 2427 4387 ἡμῶν
2458 4316 2862 4382 ταπεινώσεως,
2914 4316 3276 4387 στεργόντων,
3313 4318 3407 4370 καὶ
3441 4319 3610 4390 μηδὲν
3632 4321 3735 4384 ἕως
3758 4319 3858 4374 τοῦ

2273 4408 2539 4479 παρόντος
2599 4408 2968 4476 λαλησάντων,
3001 4406 3116 4461 ἀλλ’
3150 4409 3627 4479 οἱκονομησάντων
3658 4413 3715 4466 ἐν
3741 4412 3859 4474 τοῖς

594 4516 769 4571 usque
812 4501 955 4556 diem
1012 4500 1179 4556 locuti
1232 4518 1461 4557 sumus:
1501 4503 1598 4557 sed
1651 4502 1872 4558 biennio
1906 4518 2007 4556 nos
2053 4511 2166 4557 toto

2276 4500 2422 4553 δυσὶν
2453 4499 2598 4552 ἔτεσι
2635 4498 2872 4563 τούτοις,
2896 4498 2957 4564 ἐξ
2984 4500 3106 4553 ὅτου
3161 4499 3409 4569 εἰσῆλθον
3444 4498 3522 4572 [in
3568 4518 3674 4559 ms.
3716 4500 3856 4573 Reg.

591 4594 986 4661 continuimus,
1031 4609 1095 4649 ex
1132 4610 1239 4663 quo
1270 4595 1499 4666 ingressi
1528 4605 1656 4651 sunt
1687 4603 1745 4650 ut
1780 4596 2023 4665 pacatius
2062 4596 2165 4650 hoc

592 4687 754 4741 modo
805 4688 1135 4741 viveremus.
1195 4687 1407 4742 Domini
1454 4688 1624 4743 nostri
1673 4697 1801 4742 sunt
1844 4688 2037 4758 Optimi
2076 4701 2165 4741 se-

592 4785 845 4845 questres
893 4784 949 4831 et
975 4776 1165 4831 arbitri
1211 4778 1503 4846 aequitatis,
1547 4793 1735 4833 eorum
1780 4778 2022 4834 fautores
2072 4777 2163 4847 qui

592 4867 877 4923 veritatem
912 4868 1080 4923 libere
1107 4868 1432 4935 defendunt,
1464 4870 1604 4924 sicut
1628 4871 1921 4926 venerabili
1947 4885 2039 4924 ore
2068 4885 2166 4924 suo

593 4972 737 5028 saepe
766 4958 1116 5013 denuntiant.
1173 4959 1375 5014 Ferant
1404 4962 1717 5016 sacerdotes
1744 4971 1803 5016 ut
1843 4976 2024 5016 sacros
2070 4959 2168 5014 ho-

591 5050 768 5105 mines
797 5052 985 5116 decet,
1030 5062 1124 5107 aut
1150 5052 1251 5123 ipsi
1301 5054 1748 5123 persuadebunt,
1781 5063 1875 5108 aut
1906 5054 2009 5108 illis
2043 5068 2168 5123 per-

590 5143 927 5197 suadebitur.
953 5142 1050 5198 Sin
1077 5144 1273 5199 horum
1303 5145 1468 5211 nihil,
1503 5146 1600 5201 sed
1625 5161 1692 5200 ne
1720 5146 1918 5201 mutire
1946 5146 2165 5215 quidem

592 5248 695 5288 nos
722 5234 1010 5290 ferendum
1056 5244 1293 5306 putant;
1340 5235 1483 5291 Deus
1512 5236 1793 5303 intuetur,
1845 5254 1955 5309 quo
1996 5240 2167 5309 major

591 5334 674 5379 est
702 5340 885 5391 nemo,
939 5327 1095 5397 cujus
1138 5326 1306 5383 solius
1342 5337 1516 5382 terror
1550 5337 1635 5383 est
1677 5328 2063 5395 formidabilis,
2109 5343 2163 5385 et

594 5416 828 5471 tribunal
886 5417 1046 5483 illud,
1107 5418 1194 5473 cui
1246 5417 1503 5473 sislemur
1557 5434 1750 5474 omnes
1797 5421 1863 5475 de
1908 5420 2161 5475 omnibus

587 5507 891 5577 judicandi.
951 5508 1221 5564 Caeterum
1276 5524 1498 5565 oramus
1542 5511 1839 5567 bonitatem
1894 5520 2069 5576 tuam,
2108 5520 2163 5566 et

590 5605 847 5665 tanquam
886 5597 1054 5653 sacris
1096 5597 1338 5667 vestigiis
1386 5600 1495 5655 tuis
1536 5600 1777 5657 advoluti
1816 5602 2162 5659 obsecramus

678 5794 720 5825 ³³
762 5791 927 5846 Conc.
970 5790 1210 5848 Neocaes.
1246 5813 1364 5851 can.
1417 5800 1465 5851 7.

2266 4591 2539 4665 εἰσῆλθεν]
2566 4608 2581 4623 ο
2607 4592 2693 4644 ἵνα
2730 4590 2901 4652 οὕτως
2929 4591 3352 4664 εἰρηνικώτερον
3376 4591 3764 4665 διεξέλθωμεν.
3793 4595 3859 4648 Οῑ

2264 4685 2522 4738 δεσπόται
2564 4683 2719 4754 ἡμῶν
2747 4682 2797 4734 οἱ
2851 4682 3069 4749 ἀγαθοὶ,
3124 4685 3342 4753 μεσῖται
3392 4685 3488 4737 καὶ
3533 4688 3719 4756 κριταὶ
3758 4685 3859 4740 τοῦ

2265 4776 2498 4830 δικαίουο
2534 4776 2757 4845 φιληταὶ
2794 4776 2903 4829 τῶν
2950 4775 3480 4848 παρρησιαζομένων
3517 4778 3576 4829 ὲν
3604 4776 3856 4847 ἀληθείᾳ·

2266 4868 2341 4931 ὡς
2372 4867 2504 4920 αὐτὸ
2536 4868 2597 4919 τὸ
2629 4868 2809 4937 τίμιον
2840 4868 3020 4922 αὐτῶν
3044 4870 3219 4938 στόμα
3243 4868 3505 4930 πολλάκις
3523 4867 3854 4938 διαγορεύει.

2280 4960 2607 5026 Ἐνέγκωσιν
2637 4960 2685 5012 ot
2720 4960 2886 5030 ἱερεῖς
2920 4959 3099 5031 ίερῶς,
3136 4960 3169 5031 ἢ
3215 4960 3517 5021 πείσουσιν,
3554 4958 3588 5029 ἢ
3622 4959 3853 5031 πεισθή-

2268 5068 2471 5106 σονται.
2520 5052 2584 5105 Et
2645 5053 2702 5105 δὲ
2749 5052 2902 5105 οὐδὲν
2944 5050 3204 5117 τοιοῦτον,
3235 5050 3370 5103 ἀλλὰ
3417 5049 3512 5102 καὶ
3562 5048 3626 5102 τὺ
3654 5050 3857 5120 γρύξαι

2267 5145 2428 5214 μόνον
2460 5146 2608 5215 ἡμᾶς
2634 5145 2735 5198 οὐκ
2769 5145 3016 5201 ἀνεκτόν·
3039 5144 3168 5207 Θεὸς
3201 5144 3397 5212 ἐφορᾷ,
3432 5134 3492 5193 οὗ
3527 5140 3733 5211 μείζων
3766 5140 3860 5193 οὑ-

2263 5237 2371 5300 δείς
2420 5232 2480 5291 οὗ
2518 5239 2676 5307 μόνος
2698 5240 2726 5292 ό
2758 5238 2924 5307 φόϐος
2956 5236 3206 5308 φοϐερὸς,
3240 5236 3334 5289 καὶ
3354 5235 3415 5287 τὸ
3442 5234 3562 5285 ἐκεῖ
3597 5233 3859 5303 δικαστή⁸

2271 5347 2409 5401 ριον,
2536 5332 2737 5392 πάντες
2795 5327 3260 5400 παραστησόμεθα
3310 5325 3665 5397 εὐθυνόμενοι
3714 5326 3858 5379 κατά

2271 5421 2468 5475 πάντα.
2508 5421 2671 5475 Ἀλλά
2716 5420 2950 5488 δεόμεθά
3005 5436 3098 5472 σου
3137 5418 3239 5489 τῆς
3269 5417 3626 5488 ἀγαθότητος,
3660 5418 3754 5470 καὶ
3780 5416 3856 5478 ὠς

2271 5512 2751 5583 προκυλινδόμενοι
2806 5514 2918 5574 τοῖς
2978 5512 3178 5582 τιμίοις
3210 5527 3305 5564 σου
3364 5511 3560 5581 ἴχνεσι,
3600 5526 3858 5580 παρακα-

2273 5598 2470 5670 λοῦμεν
2498 5601 2591 5654 καὶ
2623 5599 3010 5671 ἀντιϐολοῦμεν
3044 5601 3268 5671 ποιῆσαι
3313 5599 3462 5665 ἔλεος
3518 5600 3641 5672 μεθ’
3671 5603 3703 5673 ἡ
3715 5599 3855 5672 μῶν,

1540 5800 1587 5829 ⁵⁵
1627 5798 1761 5854 Cod.
1800 5801 1946 5856 Eccl.
1984 5799 2171 5866 Afric.,
2205 5815 2323 5857 can.
2355 5803 2435 5857 70.
