4008 6318
207 364 310 429 973

1423 369 1969 429 EPISTOLARUM
2000 369 2145 429 LIB.
2182 369 2231 426 Ι.

3346 365 3450 428 974

199 476 294 529 καὶ
324 474 500 528 κοινὸν
535 472 721 542 ὄφελος
744 474 922 537 αὐτοῖς
948 491 1004 527 τε
1029 476 1142 538 τοῖς
1173 474 1454 529 εύσεϐἐσιν
1485 477 1641 548 ἡμῶν
1675 477 1771 546 βα-

1878 478 2326 545 obtestamurque
2346 515 2360 540 ,
2399 482 2459 527 ut
2494 471 2921 528 misericordiam
2949 471 3105 527 nobis
3135 471 3416 541 impertias
3437 511 3452 534 .

199 565 429 628 σιλεῦσι,
460 564 536 634 τῷ
581 581 640 616 τε
693 567 977 636 ἁγιωτάτῳ
1004 569 1334 638 πατριάρχῃ,
1393 569 1488 620 καὶ
1521 570 1672 640 πάσῃ
1700 572 1765 640 τῇ

211 658 528 727 Ἐκκλησία,
565 656 625 710 οὐ
653 661 717 726 τῇ
741 657 862 710 καθ’
893 660 1038 728 ἡμᾶς
1071 661 1254 728 μόνον,
1277 660 1412 712 ὰλλὰ
1443 660 1536 713 καὶ
1568 664 1632 731 τῇ
1669 661 1769 713 ἀνὰ

200 752 383 799 πᾶσαν
429 747 527 817 τὴν
555 747 880 816 οἰκουμένην
909 765 923 778 ο
953 750 1037 800 ἵνα
1081 749 1259 820 παύσῃ
1294 751 1320 801 ὁ
1370 747 1449 811 εἷς
1487 753 1564 814 είς
1607 750 1768 815 δόξαν

198 838 361 901 Θεοῦ,
421 841 515 891 καὶ
562 838 635 909 μὴ
684 839 929 909 ταραχθῇ
965 841 997 908 ή
1029 839 1192 892 αὐτοῦ
1223 839 1541 908 Ἐκκλησία.
1598 841 1661 892 Ei
1714 840 1770 893 δὲ

203 930 279 998 μή
295 945 379 996 γε,
406 928 544 982 ἀλλὰ
564 929 621 982 τό
641 945 704 997 γε
736 929 1011 998 δεύτερον,
1042 932 1102 982 τὸ
1124 932 1399 1000 ἐπιμεῖναι
1426 931 1571 1000 ἡμᾶς
1601 932 1657 982 ὲν
1695 929 1770 999 τῷ

200 1019 349 1088 αύτῷ
379 1019 631 1090 καθάπερ
662 1023 718 1074 ἐν
766 1023 878 1084 τοῖς
926 1021 1056 1075 δέκα
1108 1023 1252 1074 ἔτεσι
1283 1021 1516 1086 τούτοις.
1568 1025 1632 1076 Ui
1662 1023 1769 1093 γὰρ

199 1110 399 1175 λοιποὶ,
423 1111 525 1164 κᾶν
545 1111 725 1181 μυρίοι
747 1103 901 1175 ὦσιν,
922 1111 1169 1183 ἱερὰρχαι
1191 1112 1284 1165 καὶ
1310 1113 1472 1183 ἱερεῖς
1497 1114 1589 1165 καὶ
1614 1112 1770 1183 ήγού-

203 1221 354 1274 μενοι
393 1205 442 1255 οἱ
472 1203 850 1268 κοινωνοῦντες
876 1204 1039 1274 αὐτῷ,
1067 1205 1125 1257 ού
1158 1205 1487 1275 θαυμαστόν·
1517 1205 1642 1258 ἐπεὶ
1674 1204 1770 1258 καὶ

199 1298 355 1350 αὐτοὶ
378 1296 636 1366 συνῆλθον
664 1296 740 1367 τῷ
774 1297 1146 1366 μοιχεύσαντιο
1177 1297 1269 1349 καὶ
1298 1297 1473 1360 οὐδείς
1521 1314 1576 1349 τι
1615 1295 1769 1350 λελά-

199 1390 355 1459 ληκε.
389 1389 570 1443 Ταῦτα
597 1387 727 1452 Θεὸς
757 1388 825 1441 δι’
858 1391 890 1459 ή
901 1387 1036 1458 μῶν,
1066 1391 1157 1441 καὶ
1190 1390 1238 1441 εἰ
1266 1389 1539 1459 τολμηρὸν
1574 1391 1767 1453 εἰπεῖν,

200 1481 297 1531 καὶ
345 1479 671 1550 παρακαλεῖ,
715 1480 808 1532 καὶ
865 1479 1327 1550 προσφθέγγεται,
1389 1480 1485 1533 καὶ
1531 1479 1605 1543 ὡς
1661 1496 1769 1532 κε-

201 1571 402 1636 λεύεις.

661 1746 785 1801 KB’.
814 1779 884 1790 —
915 1749 997 1814 Τῷ
1024 1749 1203 1815 αὐτῷ.
1239 1748 1367 1821 [μ’.]

1872 578 1925 620 et
1948 583 2236 621 commune
2285 567 2710 621 emolumentum
2747 578 2851 621 tam
2894 568 2996 638 piis
3028 568 3452 635 imperatoribus

1871 657 2092 720 nostris,
2125 673 2286 726 quam
2320 658 2645 726 patriarcha
2679 658 3023 711 sanctissimo
3053 698 3064 719 ,
3110 668 3164 711 et
3195 658 3452 711 Ecclesia

1872 749 2170 814 universa,
2201 765 2310 803 non
2356 750 2483 803 huic
2522 751 2695 804 solum
2739 765 2856 818 qua
2899 750 3038 818 apud
3077 765 3176 802 nos
3221 758 3321 813 est,
3361 748 3458 801 sed

1870 856 1990 908 qua
2035 855 2133 909 per
2175 848 2347 893 totum
2387 841 2576 895 orbem
2599 880 2614 905 ,
2648 849 2708 893 ut
2742 856 2880 894 unus
2911 856 2968 894 se
2993 840 3206 893 abdicet
3229 840 3293 893 ad
3341 839 3456 909 glo-

1871 933 2002 986 riam
2054 931 2177 997 Dei,
2218 941 2274 986 et
2315 948 2423 985 non
2467 933 2816 1001 perturbetur
2875 933 2993 1001 ejus
3047 932 3312 987 Ecclesia.
3361 931 3455 984 Sin

1870 1025 2077 1087 minus,
2105 1033 2161 1079 at
2193 1025 2383 1078 saltem
2415 1025 2517 1078 hoc
2541 1024 2839 1078 secundum
2864 1067 2877 1089 ,
2916 1034 2975 1078 ut
3006 1039 3324 1077 maneamus
3354 1038 3456 1077 nos

1871 1115 1925 1169 in
1953 1116 2142 1170 eodem
2177 1125 2343 1178 statu,
2380 1132 2487 1184 quo
2517 1132 2613 1185 per
2649 1117 2836 1172 decem
2869 1116 2967 1169 hos
3000 1131 3192 1171 annos.
3222 1114 3356 1168 Nam
3387 1114 3455 1169 de

1871 1208 2110 1272 caeteris,
2161 1209 2409 1278 quamvis
2456 1210 2879 1264 innumerabiles
2907 1209 3017 1263 sint
3049 1208 3323 1277 episcopi,
3366 1223 3453 1260 sa-

1869 1297 2115 1352 cerdotes
2141 1336 2155 1361 ,
2211 1307 2264 1352 et
2317 1300 2593 1368 praepositi
2641 1301 2731 1369 qui
2762 1315 2884 1353 eum
2917 1314 2982 1353 eo
3012 1300 3413 1352 communicant
3436 1335 3452 1358 ,

1869 1388 2009 1441 nihil
2067 1389 2406 1455 mirandum,
2456 1391 2670 1459 quando
2709 1391 2924 1460 quidem
2978 1391 3140 1443 iidem
3174 1389 3278 1458 ipsi
3329 1403 3452 1442 cum

1869 1478 2117 1531 adultero
2171 1490 2585 1545 consenserunt,
2619 1493 2677 1534 et
2727 1495 2887 1533 nemo
2925 1479 3218 1548 quidquam
3243 1479 3454 1532 loculus

1868 1577 1969 1621 est.
2005 1568 2128 1622 Hac
2160 1568 2300 1622 Deus
2335 1585 2431 1638 per
2479 1586 2596 1636 nos,
2652 1571 2778 1625 licet
2817 1570 2992 1624 audax
3017 1572 3089 1624 sit
3117 1570 3358 1634 dictum,
3398 1579 3454 1624 et

1871 1659 2140 1726 hortatur,
2168 1670 2223 1714 et
2251 1663 2553 1723 denuntiat,
2583 1672 2639 1717 et
2662 1664 2803 1718 sicut
2827 1666 3005 1733 jubes.

2257 1751 2422 1805 XXII.
2451 1783 2513 1792 —-
2543 1752 2730 1806 Eidem
2762 1754 2898 1823 (20).

270 1864 384 1916 Kal.
419 1862 583 1916 πάλιν
613 1865 990 1936 παρακαλέσαι
1028 1882 1122 1919 σου
1161 1866 1258 1937 τὴν
1293 1867 1566 1938 πατρικὴν
1598 1867 1766 1935 ἁγιω-

1945 1868 2010 1922 Et
2043 1869 2239 1923 iterum
2293 1870 2498 1924 hortari
2553 1880 2834 1941 paternam
2899 1868 3243 1923 sanctitatem
3306 1877 3452 1922 tuam

203 1956 394 2027 σύνην,
427 1956 594 2009 καλὸν
636 1959 984 2030 ἡγησάμεθα,
1016 1958 1368 2013 ἐπιϐαλέσθαι
1401 1961 1599 2031 ἑαυτὴν
1641 1961 1774 2031 πρὸς

199 2050 262 2100 τὸ
303 2050 460 2118 κοινῇ
491 2048 770 2120 συμφέρον
795 2054 888 2104 καὶ
914 2050 1226 2104 λυσιτελοῦν
1256 2051 1544 2122 κράτιστα.
1573 2054 1644 2104 Οὐ
1668 2052 1775 2122 γὰρ

203 2142 342 2211 πρὸς
367 2142 491 2206 τοὺς
517 2142 760 2206 εύσεὸεἶς
785 2144 941 2212 ἡμῶν
969 2143 1236 2205 δεσπότας
1257 2143 1284 2195 ὁ
1315 2143 1470 2211 λόγος
1501 2144 1598 2213 τῆς
1627 2146 1775 2196 ἀκοι-

204 2235 498 2303 νωνησίας,
543 2235 663 2288 οὐδὲ
714 2237 746 2305 ἠ
779 2236 928 2289 αἰτία
959 2237 1059 2306 τῆς
1105 2237 1567 2307 ἀμφισϐητήσεως
1588 2275 1601 2298 ,
1634 2235 1775 2288 καθὰ

203 2329 697 2397 προγεγράφαμεψ
733 2327 931 2398 μᾶλλον
954 2329 1012 2381 δὲ
1043 2330 1074 2398 ἡ
1102 2329 1235 2398 τιμὴ
1272 2329 1365 2380 καὶ
1403 2330 1435 2398 ἡ
1466 2329 1774 2397 προσκύνη-

205 2435 312 2481 σις,
364 2419 398 2487 ἠ
449 2419 760 2482 ὑπόπτωσις
800 2421 894 2472 καὶ
937 2421 969 2489 ἠ
1009 2420 1251 2485 ἔντευξις
1291 2419 1432 2473 κατὰ
1474 2419 1535 2471 τὸ
1569 2419 1778 2488 ὀφειλό-

206 2524 398 2577 μενοψ
430 2510 564 2579 πρὸς
607 2509 665 2561 δὲ
709 2510 800 2562 τὸν
829 2511 1046 2579 ἀνόμως
1083 2511 1507 2579 στεφανώσαντα
1538 2511 1628 2563 τὸν
1659 2528 1777 2580 μοις

203 2600 496 2670 χεύσαντα,
532 2600 674 2654 κατὰ
698 2601 787 2654 τὸν
813 2601 971 2668 λόγον
996 2601 1089 2654 τοῦ
1121 2602 1345 2670 Κυρίου’
1380 2603 1512 2670 πρὸς
1539 2602 1629 2654 τὸν
1659 2605 1777 2654 τολ-

207 2694 461 2763 μήσαντα
488 2691 815 2762 τηλικούτου
850 2692 1034 2745 κακοῦ
1083 2692 1355 2761 ὑπουργὸν
1390 2692 1640 2759 γενέσθαι
1683 2693 1776 2745 καὶ

206 2783 512 2853 βεϐαιωτὴν
557 2783 649 2835 ἐπὶ
688 2782 781 2835 τοῦ
813 2784 1019 2853 κόσμου
1050 2783 1269 2846 παντός.
1304 2785 1412 2835 Καὶ
1453 2783 1538 2835 ἵνα
1566 2784 1778 2853 ἐκδηλό-

202 2889 364 2944 τερον
407 2872 492 2942 εἶη
529 2871 906 2940 τὸλεγόμενον
940 2874 1000 2924 ού
1033 2873 1167 2941 πρὸς
1197 2872 1436 2942 διδαχὴν,
1473 2872 1606 2925 ἀλλὰ
1643 2873 1776 2941 πρὸς

207 2965 519 3032 ὑπόμνησιν
551 2961 744 3033 αὐτὴν,
770 2963 818 3014 εί
843 2961 1108 3027 κελεύεις,
1135 2962 1232 3033 τὴν
1267 2963 1408 3016 κατὰ
1448 2963 1548 3032 τὴν
1576 2981 1776 3031 στεφα-

205 3056 360 3124 νικὴν
388 3054 704 3123 συνὰφειαν,
737 3053 887 3123 ἱερὰν
920 3055 1221 3125 προσευχὴν
1248 3055 1656 3127 παραθήσομεν·
1685 3056 1778 3108 καὶ

206 3146 511 3216 κατίδωμεν
539 3144 806 3210 ἐντεῦθεν,
838 3147 985 3208 ὅπως
1009 3145 1069 3209 ἐξ
1102 3147 1347 3209 ἐναντίας
1375 3147 1524 3218 αὐτῷ
1545 3146 1622 3217 τῷ
1646 3148 1778 3217 Χρι-

208 3238 336 3310 στῷ,
375 3239 426 3291 εἰ
472 3239 565 3292 καὶ
590 3237 860 3308 τολμηρὸν
887 3240 1078 3302 εἰπεῖν,
1098 3238 1498 3306 ἀντεφθέγξατο
1530 3241 1623 3292 καὶ
1651 3241 1778 3293 ἀντ-

205 3331 525 3400 εμαχήσατο
573 3329 660 3382 διὰ
686 3328 781 3381 τοῦ
811 3329 1037 3396 ἐναγοῦς
1079 3330 1243 3383 αὑτοῦ
1305 3332 1595 3400 στόματος,
1629 3334 1655 3384 ὁ
1684 3333 1779 3384 ἀν-

207 3424 392 3491 ἐνοχον
426 3420 618 3473 ἑαυτὸν
648 3420 991 3484 ἀποδεικνύς.
1025 3420 1131 3473 Τοῦ
1167 3423 1404 3492 Χριστοῦ
1437 3425 1545 3493 γὰρ
1596 3423 1780 3493 μοιχὸν

206 3511 650 3573 ἀποκαλέσαντος
690 3510 782 3563 τὸν
820 3513 1048 3579 ἀφιέντα
1080 3513 1176 3582 τὴν
1208 3515 1449 3584 νομίμως
1495 3514 1781 3582 συναφθεῖ-

209 3621 309 3658 σαν
341 3603 502 3672 ἀνδρὶ
531 3605 786 3667 γυναῖκα·
815 3603 1028 3672 μοιχεία
1054 3604 1131 3668 δὲ,
1164 3605 1238 3668 ὡς
1263 3602 1438 3672 οἶσθα,
1464 3607 1524 3658 τὸ
1545 3608 1778 3677 χαλεπδιν

206 3697 541 3767 ἁμάρτημα,
569 3694 664 3749 καὶ
690 3694 1008 3765 ἰσοδύναμον
1041 3696 1264 3764 φονέως,
1288 3697 1686 3768 ἀρῥενοφθόρου
1719 3715 1778 3751 τε

207 3791 300 3841 καὶ
335 3787 756 3856 ἁλογευομένου,
792 3785 1086 3858 φαρμακοῦ
1133 3804 1190 3839 τε
1226 3789 1322 3840 καὶ
1364 3788 1777 3860 εἰδωλολάτρου·

209 3881 352 3933 κατὰ
381 3879 476 3931 τὸν
507 3879 712 3932 κανόνα
742 3877 837 3931 τοῦ
878 3877 1022 3930 θείου
1068 3878 1372 3932 Βασιλείου·
1404 3881 1566 3943 αὐτὸς
1592 3881 1780 3933 τοῦτον

206 3971 284 4041 τῷ
323 3971 700 4041 θυσιαστηρίῳ
723 3974 1102 4042 παραστήσας,
1123 3973 1177 4024 ὲν
1210 3973 1432 4043 ἐπηκόῳ
1463 3974 1660 4036 παντὸς
1687 3972 1777 4025 τοῦ

207 4060 360 4126 λαοῦ,
400 4059 666 4130 ἐτόλμησε
701 4061 860 4131 ῥῆξαι
892 4063 988 4126 τὰς
1024 4062 1286 4135 βεϐήλους
1331 4066 1509 4132 φωνὰς
1543 4065 1776 4128 ἐκείναςο

208 4155 300 4207 καὶ
330 4154 722 4223 σκοπήσωμεν,
754 4154 955 4225 Πάτερ,
987 4156 1306 4225 παρακαλῶ,
1336 4157 1396 4209 τὸ
1429 4157 1658 4227 φοϐερὸν
1687 4158 1779 4210 καὶ

209 4244 460 4298 ἔκτοπον·
499 4243 611 4312 ἔχει
639 4243 748 4313 γὰρ
777 4243 967 4307 οὕτως’
1015 4262 1033 4295 ι
1071 4245 1262 4310 Αὐτὸς,
1300 4247 1563 4308 Δέσποτα,
1591 4247 1780 4312 ἐξαπό-

210 4337 416 4389 στειλον
451 4335 550 4404 τὴν
580 4335 738 4404 χεῖρά
787 4352 878 4387 σου
925 4335 985 4399 ἐξ
1030 4336 1185 4403 ἁγίου
1217 4338 1636 4406 κατοικητηρὶου
1686 4356 1777 4390 σου

209 4431 300 4480 καὶ
332 4427 577 4496 ἅρμοσον
612 4426 689 4494 τῷ
713 4425 887 4495 δούλῳ
912 4444 1006 4480 σου
1035 4428 1136 4496 τὴν
1164 4427 1357 4497 δούλην
1389 4429 1778 4494 σου.Σύζευξον

1876 1961 2140 2029 optimum
2187 1961 2330 2015 factu
2378 1961 2554 2015 visum
2611 1971 2733 2026 est,
2769 1969 2827 2016 ut
2857 1976 2916 2015 se
2947 1961 3122 2030 ipsam
3152 1960 3352 2015 excitet
3385 1960 3453 2014 ad

1875 2051 1929 2107 id
1949 2054 2092 2122 quod
2110 2054 2381 2109 communi
2411 2055 2555 2110 bono
2585 2062 2747 2124 atque
2772 2054 2987 2110 utilitati
3011 2053 3269 2108 conducit
3286 2068 3449 2123 quam

1877 2146 2130 2200 maxime.
2165 2146 2276 2201 Non
2315 2147 2460 2201 cnim
2495 2147 2754 2201 adversus
2804 2147 2922 2216 pios
2952 2146 3202 2201 dominos
3234 2155 3452 2199 nostros

1875 2238 2033 2290 nobis
2056 2253 2235 2291 sermo
2254 2247 2335 2292 est
2358 2239 2537 2292 vitata
2559 2240 2983 2302 communionis,
3011 2253 3112 2292 nec
3133 2253 3294 2291 causa
3322 2252 3454 2290 con-

1877 2329 2178 2392 troversia,
2206 2331 2345 2384 sicut
2361 2332 2473 2400 jam
2497 2331 2831 2401 scripsimus,
2850 2331 3030 2400 potius
3053 2338 3231 2384 autem
3253 2330 3448 2391 honor,

1875 2417 2179 2482 veneratio,
2214 2426 2267 2472 et
2295 2419 2618 2483 submissio,
2653 2429 2706 2474 et
2741 2435 3096 2490 congressus,
3148 2426 3308 2488 prout
3362 2431 3450 2471 res

1875 2509 2086 2578 exigit:
2118 2510 2210 2563 sed
2244 2511 2508 2564 adversus
2541 2511 2693 2564 illum
2743 2510 2832 2579 qui
2873 2519 3068 2580 prater
3116 2509 3205 2580 jus
3262 2508 3451 2578 fasque

1877 2613 2059 2663 omne,
2090 2599 2435 2653 manifestum
2476 2615 2540 2653 ex
2577 2600 2787 2654 Domini
2830 2599 3098 2654 sententia
3139 2598 3447 2653 adulterum

1879 2689 2164 2742 coronavit
2203 2706 2214 2740 :
2252 2690 2513 2743 adversus
2544 2704 2668 2742 eum
2702 2689 2791 2758 qui
2823 2703 2986 2741 ausus
3035 2696 3118 2741 est
3151 2687 3283 2740 tanti
3327 2701 3448 2741 scc-

1878 2778 2008 2831 leris
2057 2779 2272 2847 adjutor
2300 2787 2353 2832 et
2386 2789 2622 2832 assertor
2651 2794 2834 2832 coram
2862 2779 2992 2833 orbe
3025 2779 3280 2833 universo
3308 2777 3446 2831 ﬁeri.

1878 2871 2052 2938 Atque
2082 2878 2140 2922 ut
2171 2871 2337 2939 magis
2368 2871 2712 2940 perspicuum
2745 2870 2993 2939 ﬁatquod
3012 2870 3262 2932 dicimus,
3282 2869 3445 2937 ipsas,

1879 2959 1922 3012 si
1952 2959 2162 3027 placet,
2199 2975 2319 3028 qua
2366 2961 2418 3013 in
2455 2976 2669 3015 corona
2725 2961 3066 3030 impositione
3121 2968 3450 3029 usurpantur

1879 3065 2059 3103 sacras
2085 3065 2293 3118 preces,
2346 3067 2456 3105 non
2494 3053 2722 3107 docendi
2761 3053 2939 3106 studio
2964 3092 2977 3115 ,
3036 3051 3130 3105 sed
3175 3051 3450 3104 memoria

1880 3141 2204 3195 renovanda
2221 3156 2402 3208 causa,
2424 3143 2776 3212 subjiciemus
2805 3161 2817 3196 :
2843 3158 2907 3197 ex
2939 3158 3045 3212 quo
3060 3142 3243 3197 videre
3266 3141 3446 3204 liceat,

1881 3233 2335 3301 quemadmodum
2364 3247 2429 3286 ex
2458 3234 2725 3287 diametro
2755 3232 2970 3286 Christo
3001 3232 3103 3301 ipsi
3130 3273 3144 3296 ,
3201 3231 3448 3300 quamvis

1881 3323 2028 3377 dictu
2057 3325 2403 3378 temerarium
2434 3325 2522 3389 sit,
2570 3326 2968 3396 repugnaverit,
3003 3325 3322 3393 impuroque
3354 3337 3449 3376 orc

1882 3428 1980 3467 suo
2011 3414 2422 3478 eontradixerit,
2455 3416 2545 3484 qui
2592 3418 2864 3468 insontem
2917 3429 2976 3466 se
3017 3428 3138 3468 esse
3171 3412 3449 3483 professus

1882 3513 1982 3559 est.
2023 3504 2158 3558 Cum
2200 3506 2342 3558 enim
2382 3507 2635 3559 Christus
2660 3505 2963 3558 adulterum
2997 3515 3150 3558 vocet
3180 3520 3326 3569 eum,
3355 3505 3448 3573 qui

1881 3599 2167 3669 eonjugem
2198 3597 2434 3668 legitime
2463 3597 2579 3652 viro
2628 3598 2972 3667 eonjunctam
3005 3597 3245 3662 dimisit,
3296 3596 3450 3650 adul-

1881 3691 2210 3760 teriumque,
2253 3699 2311 3744 ut
2332 3689 2496 3755 nosti,
2529 3705 2689 3760 grave
2718 3691 2786 3744 sit
2811 3698 3112 3761 peccatum,
3141 3704 3241 3760 par
3274 3687 3452 3742 homi-

1880 3783 2031 3846 cida,
2064 3785 2445 3848 masculorum,
2468 3786 2859 3851 brutorumque
2883 3783 3244 3844 eoneubitori,
3282 3796 3451 3836 vene-

1881 3873 2003 3938 ﬁco,
2034 3883 2193 3942 atque
2221 3874 2538 3940 idololatra,
2559 3875 2710 3943 juxta
2730 3875 2895 3928 divini
2918 3873 3097 3927 Basilii
3129 3872 3449 3943 regulam";

1881 3965 2028 4020 hunc
2059 3966 2161 4019 istc
2198 3963 2266 4018 ad
2295 3965 2466 4019 altare
2515 3966 2841 4034 producens,
2877 3966 3022 4019 omni
3056 3966 3255 4035 pepulo
3282 3980 3449 4018 exau—

1879 4059 2100 4123 diente,
2160 4057 2416 4127 profanas
2478 4057 2596 4112 illas
2649 4072 2808 4111 voces
2843 4057 3084 4126 proferre
3134 4071 3300 4111 ausus
3331 4065 3449 4123 est,

1880 4150 2290 4205 consideremus
2327 4166 2533 4219 quaso,
2561 4151 2738 4217 Pater,
2766 4166 2927 4219 quam
2957 4150 3225 4204 horrenda
3281 4163 3367 4202 res
3397 4160 3452 4203 et

1880 4241 2110 4295 absurda
2139 4240 2228 4303 sit,
2272 4240 2348 4294 sic
2377 4240 2521 4294 enim
2558 4240 2660 4292 illa
2689 4255 2746 4292 se
2779 4241 2980 4294 habent
3004 4258 3046 4293 τι
3071 4239 3174 4304 Tu,
3204 4240 3447 4302 Domine,

1880 4333 2033 4386 mitte
2074 4347 2290 4385 manum
2331 4340 2475 4384 tuam
2525 4332 2592 4385 de
2624 4341 2812 4385 saneto
2844 4331 3152 4385 habitaculo
3209 4341 3338 4392 tuo,
3398 4343 3453 4385 et

1882 4424 2137 4477 famulam
2172 4432 2316 4476 tuam
2349 4422 2552 4476 famulo
2578 4432 2670 4476 tuo
2696 4424 2982 4492 conjunge.
3014 4424 3287 4477 Connecte
3329 4421 3451 4477 illos

208 4519 403 4579 αὐτοὺς
445 4518 508 4569 ἐν
537 4515 906 4587 ὁμοφροσύνῃ.
955 4517 1194 4569 Ἔνωσον
1240 4519 1438 4581 αὐτοὺς
1477 4519 1555 4581 είς
1598 4520 1777 4589 σάρκα

1883 4518 1937 4570 in
1962 4526 2147 4570 mutua
2167 4515 2478 4577 concordia,
2502 4515 2646 4569 socia
2672 4530 2765 4568 eos
2787 4516 2840 4569 in
2865 4530 3082 4569 carnem
3109 4531 3292 4579 unam,
3317 4529 3454 4582 quos

212 4607 360 4675 μίαν,
412 4607 510 4669 οὓς
553 4607 853 4676 εὐδόκησας
901 4608 1234 4675 συναφθῆναι
1278 4608 1549 4680 ἀλλήλοις.
1587 4611 1780 4679 Τίμιον

208 4700 296 4752 τὸν
346 4701 529 4768 γάμον
578 4698 878 4764 ἀνάδειξον,
901 4700 1164 4770 ἀμίαντον
1217 4700 1396 4752 αὐτῶν
1449 4701 1548 4770 τὴν
1596 4701 1783 4768 κοίτην

207 4788 564 4860 διατήρησον,
597 4789 928 4860 ἁκηλίδωτον
967 4791 1145 4843 αὐτῶν
1179 4791 1278 4860 τὴν
1324 4793 1632 4861 συμῦίωσιν
1672 4793 1785 4844 δια-

213 4883 392 4950 μεῖναι
434 4879 748 4949 εῦδόκησον.
791 4900 808 4932 ι
838 4883 951 4934 Οὐκ
983 4878 1090 4953 ἆρα
1125 4885 1359 4951 φρικτὸν
1397 4884 1489 4936 καὶ
1515 4885 1786 4953 ἀκουόμε-

209 4989 319 5035 νον,
349 4973 448 5024 καὶ
499 4971 880 5040 ὲννοούμενονς
918 4973 1082 5025 πόσον
1133 4976 1277 5026 ἐστὶν
1326 4974 1559 5027 ἐνταῦθα
1584 4976 1787 5029 ύπολα-

213 5065 324 5134 βεῖν
356 5065 450 5119 τὸν
498 5065 875 5134 παροργισμὸν
926 5066 1019 5118 τοῦ
1060 5067 1218 5133 ἁγίου
1252 5068 1568 5137 Πνεύματος
1619 5070 1675 5121 ὲν
1720 5071 1783 5138 τῇ

209 5157 433 5227 τοιαύτῃ
485 5155 844 5225 βλασφημίᾳ,
886 5158 1304 5228 στινοργισθῆναί
1349 5176 1406 5210 τε
1437 5161 1561 5222 τοὺς
1599 5161 1786 5228 ἁγίους

212 5247 476 5314 ἀγγέλους
533 5247 592 5297 ὲν
638 5246 757 5306 ταῖς
786 5245 1134 5314 τηλικαύταις
1185 5246 1554 5317 δυσφημίαις;
1596 5248 1627 5317 ἢ
1668 5248 1785 5310 πῶς

211 5339 270 5389 οὐ
300 5335 642 5407 παραυτίκα,
672 5335 746 5397 ὡς
791 5335 880 5387 τὸν
919 5335 1097 5388 Δαθὰν
1127 5337 1220 5390 καὶ
1260 5337 1542 5408 Ἀϐειρὼν,
1580 5339 1783 5390 ὑπέλα-

215 5427 305 5479 ϐεν
345 5429 378 5497 ή
415 5426 492 5495 γῆ
546 5425 758 5494 χάνασα
791 5425 880 5478 τὸν
925 5426 1212 5496 ὑφηγητὴν
1261 5428 1351 5479 τοῦ
1400 5427 1646 5493 ψεύδους,
1693 5437 1789 5485 καὶ

213 5516 496 5571 δεικνύντα
529 5515 590 5567 τὸ
638 5514 827 5577 σκότος
857 5517 992 5583 φῶς,
1020 5519 1111 5569 καὶ
1144 5516 1235 5570 τὸν
1266 5518 1498 5587 Χριστὸν
1529 5520 1608 5580 είς
1636 5519 1786 5571 ἐναν-

279 5658 322 5688 ³⁸
356 5655 534 5725 Epist.
561 5655 627 5709 ad
659 5655 1025 5726 Amphiloch.,
1057 5672 1180 5712 can.
1216 5659 1244 5708 7

1882 4608 1978 4662 tibi
2014 4608 2187 4661 visum
2212 4616 2294 4660 est
2321 4606 2460 4659 inter
2483 4620 2541 4659 se
2574 4605 2834 4674 copulari,
2857 4606 3206 4659 honorabiles
3235 4606 3454 4674 nuptias

1884 4700 2046 4754 redde
2082 4716 2095 4751 :
2133 4699 2531 4751 immaculatum
2560 4713 2745 4751 eorum
2779 4708 2956 4752 torum
2984 4713 3276 4752 conserva:
3306 4699 3452 4766 ipso-

1884 4807 2002 4844 rum
2033 4790 2446 4844 contubernium
2474 4789 2858 4842 intaminatum
2893 4804 3108 4842 manere
3143 4789 3398 4843 concede.
3430 4810 3448 4842 ι

1883 4882 2076 4934 Annon
2108 4881 2268 4951 igitur
2298 4881 2552 4933 horribile
2585 4889 2670 4934 est
2712 4881 2857 4948 quod
2905 4881 3154 4944 auditur,
3202 4881 3456 4950 quodque

1885 4974 2190 5044 cogitatur?
2247 4971 2515 5037 Quantam
2564 4973 2837 5028 astimare
2891 4983 2974 5028 est
3004 4973 3178 5027 sancti
3222 4973 3455 5042 Spiritus

1883 5065 2307 5136 indignationem
2331 5080 2451 5119 esse
2472 5066 2540 5119 ob
2559 5066 2825 5134 ejusmodi
2845 5066 3271 5134 blasphemian'i?
3292 5081 3454 5133 quam

1881 5157 2234 5210 vehementer
2257 5170 2583 5210 succensere
2619 5172 2724 5210 una
2752 5172 2942 5210 omnes
2989 5166 3206 5211 sanctos
3233 5159 3457 5227 angelos

1882 5250 1950 5303 ob
1981 5257 2186 5302 tantam
2225 5248 2604 5317 impietatem?
2638 5257 2692 5301 et
2721 5249 2992 5316 quomodo
3041 5263 3152 5300 non
3209 5250 3458 5316 protinus

1885 5339 2177 5394 dehiscens
2206 5348 2348 5392 terra
2379 5340 2670 5408 absorpsit,
2713 5341 2859 5393 velut
2902 5338 3109 5392 Dathan
3135 5349 3189 5392 et
3227 5339 3454 5406 Abiron,

1889 5433 2346 5501 promulgatorem
2378 5431 2663 5497 mendacii,
2684 5432 2773 5501 qui
2807 5430 3056 5486 tenebras
3080 5429 3260 5483 lumen
3289 5429 3455 5495 dicat,

1891 5525 1982 5592 qui
2012 5523 2288 5578 Christum
2326 5525 2615 5594 pugnantia
2648 5525 2957 5592 loquentem
2988 5522 3167 5579 facere
3193 5523 3459 5578 conetur?

286 5751 399 5817 (ΞΟ)
439 5750 560 5806 Haec
592 5766 807 5820 quoque
834 5753 1032 5819 scripta
1063 5763 1145 5810 est
1179 5753 1417 5808 Platonis
1445 5751 1683 5806 nomine.
1721 5749 1937 5819 (Baron.
1969 5768 2097 5808 ann.
2121 5752 2243 5816 808,
2275 5769 2327 5807 n.
2359 5753 2465 5814 l7.)
