4008 6318
573 345 676 406 975

1747 350 1805 407 S.
1843 348 2230 412 THEODORI
2279 353 2625 417 STUDITE

3696 374 3801 437 976

572 455 802 510 Prorsus
831 455 977 510 enim
1004 472 1341 527 quaecunque
1372 459 1690 527 pronuntiat
1723 460 1996 525 sacerdos,
2038 477 2131 517 ea-

2235 466 2507 536 τιολογίαν
2550 474 2870 542 περιπεσεῖν
2895 474 3269 546 πειρώμενονς
3304 481 3527 545 Πάντως
3561 484 3672 556 γάρ
3707 488 3806 539 ὅσα

570 547 694 601 dem
721 546 865 601 Deus
892 546 1212 603 confirmare
1245 564 1326 610 se.
1373 558 1429 603 ct
1463 559 1575 603 rata
1606 550 1804 605 habere
1826 552 2133 620 denuntiat,

572 648 632 693 ut
685 653 913 709 magnus
977 638 1205 693 afﬁrmat
1251 640 1558 711 Dionysius.
1614 641 1810 695 Verum
1854 643 1943 697 illc
1978 644 2136 715 longa

570 731 830 800 patientia
863 731 1100 799 pertulit,
1143 732 1340 785 ostium
1369 732 1702 801 poenitentiae
1733 734 1978 802 pandens
2002 736 2136 790 tanti

571 821 792 875 sceleris
819 836 913 875 reo
936 860 951 885 ,
1001 821 1162 875 istum
1202 822 1400 876 deinde
1432 862 1446 887 ,
1504 838 1601 891 pro
1639 838 1704 877 eo
1732 825 1875 892 quod
1913 824 2041 879 ﬂere
2072 840 2137 880 ac

571 912 755 981 lugere
784 927 955 980 usque
986 912 1050 965 ad
1076 924 1303 965 mortem
1335 913 1538 977 debuit,
1565 921 1620 967 et
1652 914 2043 969 abominandus
2072 930 2137 971 ac

570 1006 924 1060 detestandus
949 1005 1015 1061 ad
1047 1006 1295 1060 vindictae
1325 1006 1519 1060 divina:
1541 1008 1844 1077 exemplum
1870 1009 2010 1077 apud
2037 1024 2135 1079 po-

572 1105 746 1152 steros
768 1096 978 1151 censeri
1002 1138 1016 1162 ,
1049 1111 1237 1151 rursus
1258 1098 1311 1149 in
1336 1097 1630 1151 Ecclesiam
1659 1099 1902 1162 introire,
1937 1108 1992 1153 et
2022 1116 2137 1153 rur-

573 1202 665 1240 sus
695 1187 1031 1241 sacerdotem
1054 1202 1173 1241 esse
1207 1187 1503 1257 propalam.
1539 1186 1700 1257 Ergo,
1732 1190 1882 1258 quasi
1909 1192 2133 1259 praecla-

571 1295 691 1333 rum
730 1278 928 1347 aliquid
961 1287 1263 1347 patrasset,
1315 1278 1587 1348 ingressus
1626 1290 1708 1333 est
1738 1297 1750 1333 :
1780 1282 2133 1351 devictusque

570 1370 841 1432 Christus,
873 1377 932 1422 ut
965 1369 1054 1437 qui
1086 1369 1341 1433 absurda,
1367 1369 1524 1423 istius
1557 1370 1775 1437 quidem
1807 1385 1921 1435 ore,
1948 1382 2124 1441 protu«

572 1458 740 1515 lisset.
780 1458 859 1513 Ac
890 1460 1155 1529 reliquum
1187 1468 1325 1521 erat,
1358 1469 1418 1514 ut
1448 1475 1535 1514 res
1564 1475 1661 1530 per
1694 1462 1967 1529 publicum
2014 1464 2135 1532 ejus

572 1549 936 1604 sacerdotium
985 1559 1095 1604 tota
1126 1550 1370 1604 Ecclesia
1416 1559 1601 1604 nostra
1643 1550 2012 1622 divulgaretur
2056 1554 2135 1607 fa-

572 1647 827 1707 ctumque
860 1654 1051 1694 omnes
1074 1641 1348 1694 communi
1376 1638 1629 1710 suﬂ‘ragio
1658 1642 2095 1711 comprobarent.

641 1728 781 1795 Quid
812 1731 958 1783 enim
989 1730 1134 1785 aliud
1164 1729 1406 1785 futurum
1433 1733 1757 1787 censemus?
1779 1734 1870 1787 sed
1894 1734 2054 1801 absit,
2080 1746 2135 1789 et

2235 560 2263 613 6
2293 562 2471 632 ἱερεὺς
2501 563 2812 633 ὑποφαίνει,
2849 567 3023 621 ταῦτα
3072 569 3164 621 καὶ
3198 569 3332 634 Θεὸς
3381 573 3585 644 κυροῦν
3631 578 3808 646 ἑπαγ-

2234 651 2498 717 γέλλεται,
2535 655 2676 707 κατὰ
2706 655 2795 708 τὸν
2832 656 3009 726 μέγαν
3046 658 3346 715 Διονύσιον.
3395 663 3559 717 Ἀλλὰ
3591 684 3803 738 μακρο-

2235 740 2422 810 θυμῶν
2482 744 2732 812 ἠνεγκεν,
2783 746 3092 815 ὑπανοίγων
3141 749 3313 821 θύραν
3370 758 3661 822 μετανοίας
3723 758 3804 829 τῷ

2233 832 2401 903 ἐνόχῳ
2441 834 2535 903 τῆς
2568 836 2859 903 ἁμαρτίας,
2892 832 3010 891 εἶτα
3052 841 3171 893 ἀντὶ
3196 841 3288 893 τοῦ
3321 843 3527 898 κλαίειν
3550 849 3645 901 καὶ
3676 865 3804 902 πεν·

2234 921 2348 975 θεῖν
2397 924 2489 977 τὸν
2543 927 2787 980 τοιοῦτον
2838 930 2998 999 μέχρι
3060 931 3313 996 Θανάτου,
3350 935 3697 990 ἀπόπτυστον
3738 956 3801 992 τε

2234 1009 2487 1068 εἶναικαὶ
2515 1018 2887 1087 ἀποτρόπαιον
2914 1023 2995 1084 εἰς
3016 1022 3322 1093 ὑπόδειγμα
3345 1029 3465 1089 ταῖς
3500 1033 3799 1097 μετέπειτα

2232 1109 2467 1173 γενεαῖς.
2505 1107 2657 1172 θείας
2687 1110 3040 1180 ζηλοτυπίας·
3080 1114 3242 1167 πάλιν
3284 1117 3343 1169 ὲν
3385 1121 3450 1189 τῇ
3501 1120 3802 1192 Ἐκκλησία

2232 1199 2517 1265 εἰσελθεῖν,
2571 1201 2666 1255 καὶ
2722 1205 2885 1257 πάλιν
2928 1206 3200 1277 ὑπάρχειν
3261 1209 3414 1278 ίερέα
3468 1212 3797 1280 ἀναφανδόν.

2233 1290 2442 1344 Οὐκοῦν
2470 1292 2548 1356 ὡς
2577 1292 2740 1347 καλόν
2766 1312 2820 1348 τι
2849 1296 3151 1367 πεπραχὼς
3178 1299 3516 1372 εἰσελήλυθε·
3550 1305 3642 1356 καὶ⁵
3667 1305 3801 1375 Χρι-

2235 1382 2357 1445 στὸς
2398 1383 2647 1453 ἥττηται,
2686 1386 2808 1438 κατ’
2855 1386 3023 1449 αὑτὸν
3072 1390 3400 1460 παραλόγως
3440 1394 3797 1465 διαγορεύων.

2234 1474 2342 1526 Καὶ
2362 1474 2481 1527 δέον
2499 1474 2589 1528 διά
2617 1475 2717 1545 τῆς
2744 1479 2802 1531 ὲν
2825 1477 2902 1547 τῷ
2932 1479 3096 1550 κοινῷ
3129 1481 3441 1554 ἱερουργίας
3468 1486 3657 1552 αὑτοῦ,
3681 1488 3800 1541 δια-

2231 1565 2449 1634 δοθῆναι
2502 1567 2581 1629 εἰς
2632 1569 2814 1620 πᾶσαν
2844 1569 2942 1639 τὴν
2970 1571 3091 1623 καθ’
3134 1573 3281 1643 ἡμᾶς
3325 1576 3672 1647 Ἐκκλησίαν,
3702 1581 3801 1631 καὶ

2236 1657 2677 1721 σεδ-ίκατανεῦσαι
2708 1659 2916 1724 πάντας
2947 1663 3039 1715 ἐπὶ
3067 1665 3144 1735 τῷ
3169 1667 3396 1737 τοιούτῳ
3427 1668 3593 1740 ἔργῳ.

2305 1747 2346 1798 Τ
2354 1747 2369 1797 i
2402 1747 2508 1815 7&9
2541 1748 2667 1801 ἄλλο
2714 1753 2808 1804 καὶ
2855 1753 2916 1805 οὑ
2946 1752 3105 1808 τοῦτο
3133 1756 3467 1826 γενήσεταις
3513 1761 3678 1815 Ἀλλά
3720 1765 3799 1834 μὴ

573 1820 801 1876 fortasse
830 1821 952 1875 talia
985 1823 1242 1892 deinceps
1276 1837 1372 1892 per
1403 1822 1703 1892 improbam
1733 1825 2130 1880 aemulationem

2238 1837 2461 1904 γένοιτο.
2494 1841 2586 1892 Δεῖ
2609 1839 2665 1892 δὲ
2693 1842 2833 1911 τάχα
2863 1844 2926 1896 ὲκ
2954 1820 3269 1915 παραζηλου
3301 1849 3409 1901 άπὺ
3434 1820 3529 1903 τοῦ
3558 1820 3802 1924 δεῦρο’·εδ

572 1912 687 1967 fieri
715 1921 962 1982 oporteat
989 1932 1000 1968 :
1022 1922 1353 1968 coronentur
1370 1914 1598 1969 adulteri
1621 1953 1636 1977 ,
1658 1924 1714 1969 et
1732 1916 1826 1983 qui
1849 1926 2132 1981 coronant,

570 2003 724 2074 quasi
754 2019 1007 2074 magnum
1048 2005 1264 2073 aliquod
1291 2006 1499 2060 facinus
1533 2006 1819 2071 ediderint,
1844 2008 2135 2078 multisque

570 2094 864 2165 prodesse,
898 2104 954 2149 et
987 2096 1287 2150 uniformes
1318 2095 1452 2150 ritus
1476 2097 1731 2151 inducere
1755 2099 1983 2166 possint.
2022 2098 2132 2154 llo-

570 2186 796 2242 norifice
827 2188 896 2242 ab
928 2188 1184 2245 omnibus
1236 2188 1595 2257 excipiantur.
1657 2189 1762 2244 Sed
1810 2190 1951 2244 absit
1985 2208 1997 2243 :
2031 2205 2133 2245 nec

571 2279 716 2333 enim
750 2277 839 2333 ille
881 2280 1170 2345 sacerdos;
1218 2295 1321 2334 nec
1376 2279 1451 2333 illi
1494 2279 1585 2348 qui
1636 2280 1783 2334 illum
1833 2282 2130 2337 imitantur.

568 2369 755 2441 Neque
784 2387 914 2427 vero
934 2386 1056 2426 eum
1080 2369 1385 2440 fallatquod
1418 2370 1712 2440 imperator
1739 2372 1839 2427 fuit
1859 2374 1948 2442 qui
1982 2374 2135 2428 adul-

571 2464 767 2518 terium
787 2462 1078 2519 commisit.
1111 2462 1205 2517 Dei
1235 2462 1541 2535 enimleges
1562 2464 1813 2519 omnibus
1844 2465 2130 2535 imperant,

572 2562 633 2607 ut
661 2553 922 2623 scriptum
952 2562 1037 2607 est
1056 2552 1123 2605 “.
1163 2552 1525 2607 Nihilominus
1556 2554 1645 2623 qui
1672 2563 1777 2608 tam
1805 2564 2000 2608 tetrum
2031 2556 2134 2611 hoc

570 2641 783 2697 facinus
815 2642 1070 2708 admisit,
1118 2643 1414 2697 etiamnum
1463 2644 1826 2714 iniquitatem,
1867 2647 2131 2716 justitiam

570 2732 751 2789 facere
776 2734 1091 2800 contendit;
1122 2742 1196 2799 et,
1214 2736 1357 2804 quod
1392 2734 1499 2790 dici
1521 2736 1678 2801 solet,
1709 2752 1765 2792 se
1795 2739 1967 2807 ipsum
1986 2740 2131 2793 Prae—

570 2840 793 2880 cursore
818 2840 880 2880 ac
896 2825 1131 2895 Baptista
1156 2827 1480 2881 sanctiorem
1496 2829 1801 2884 ostendere.
1830 2827 1964 2883 Cum
1986 2831 2132 2884 enim

572 2916 662 2972 ille
699 2917 965 2972 llerodem
1003 2918 1304 2972 adulterum
1330 2921 1658 2989 coarguerit,
1686 2930 1741 2975 et
1778 2936 1876 2991 pro
1905 2923 2133 2977 veritate

570 3018 802 3064 mortem
862 3012 1169 3080 oppeticrit,
1221 3009 1322 3065 iste
1347 3009 1612 3066 Herodem
1644 3014 1894 3078 alterum,
1944 3014 2133 3069 similis

571 3100 823 3155 adulterii
848 3101 1023 3170 reipsa
1053 3110 1410 3171 compertum,
1436 3113 1490 3155 et
1514 3104 1813 3168 coronavit,
1835 3106 1967 3159 etad
1991 3121 2133 3159 mor-

572 3199 681 3246 tem
714 3206 885 3260 usque
910 3163 1227 3261 complexus
1256 3200 1338 3245 est
1369 3163 1527 3245 :vnon
1559 3193 1773 3261 quidem
1801 3194 1998 3259 verbis,
2036 3194 2132 3248 sed
2158 3163 2199 3218 Ο

570 3282 733 3337 factis
766 3282 897 3353 ipsis
940 3281 1259 3349 inclamans,
1305 3284 1571 3339 erravisse
1597 3282 1860 3341 Joannem
1890 3286 2131 3340 Praecur—

570 3388 772 3436 sorem,
791 3374 884 3443 qui
906 3373 1282 3444 intempestive
1302 3384 1463 3445 atque
1484 3376 1681 3446 injuste
1698 3377 2127 3447 reprehenderit,

571 3472 627 3519 et
667 3473 917 3518 mortuus
945 3464 1037 3518 sit.
1066 3464 1173 3520 Sed
1204 3466 1362 3520 absit.
1405 3466 1498 3522 llle
1527 3468 1674 3522 enim
1705 3470 1837 3541 legis
1878 3469 2133 3524 defensor

571 3570 637 3610 ac
675 3554 857 3626 ﬂagitii
892 3555 1237 3627 proﬂigalor;
1272 3557 1372 3612 iste
1414 3574 1543 3613 vero
1580 3559 1886 3615 divinorum
1936 3571 2133 3632 myste-

572 3644 776 3697 riorum
828 3645 1205 3710 conculcator,
1261 3656 1317 3700 et
1368 3634 1657 3718 illegitimate
1731 3652 2133 3719 conjunctionis

572 3734 853 3804 copulatur
875 3743 931 3789 et
958 3735 1286 3806 obsignator.
1320 3737 1388 3790 Et
1417 3737 1505 3791 ille
1554 3738 1771 3807 quidem
1804 3741 1999 3795 clamat
2044 3742 2131 3796 vel

571 3835 863 3880 mortuus:
898 3825 1018 3880 Non
1061 3826 1178 3880 licet
1234 3828 1326 3882 tibi
1379 3830 1569 3884 habere
1630 3848 1843 3886 uxorem
1901 3833 2130 3903 Philippi

574 3916 759 3985 fratris
796 3916 871 3969 tui
893 3916 936 3947 "
966 3936 978 3970 :
1013 3924 1069 3971 ct
1103 3917 1158 3970 in
1189 3916 1417 3972 llerodis
1456 3935 1687 3989 persona
1726 3922 1842 3976 orbi
1878 3923 2131 3979 universo

570 4006 874 4073 denuntiat,
918 4022 987 4062 ne
1028 4009 1312 4078 quisquam
1342 4010 1396 4063 in
1431 4022 1704 4081 posterum
1739 4014 1841 4068 tale
1880 4015 2005 4083 quid
2030 4031 2128 4069 au—

573 4099 720 4155 deat.
747 4100 854 4155 Iste
894 4109 1077 4155 autem
1102 4100 1299 4157 llerodi
1331 4103 1487 4158 alteri
1516 4105 1581 4159 ad
1613 4107 1757 4162 hunc
1781 4123 1950 4177 usque
1988 4108 2128 4161 diem

571 4203 761 4247 contra
790 4193 1118 4249 vociferatur
1152 4196 1279 4265 ipsis
1308 4199 1468 4253 rebus
1494 4218 1508 4254 :
1536 4199 1686 4255 Licet
1717 4201 1813 4255 tibi
1844 4202 2129 4272 conjugem

571 4283 770 4338 habere
808 4284 1143 4340 Theodotam
1168 4288 1440 4341 moecham
1479 4308 1491 4343 :
1533 4290 1669 4342 etin
1708 4290 1826 4360 ejus
1874 4306 2128 4360 persona,

571 4374 902 4440 hominibus,
941 4387 999 4430 ut
1024 4388 1284 4447 perpetuo
1309 4380 1669 4442 mcechentur,
1710 4392 1895 4450 aperte
1936 4384 2130 4451 praeci-

568 4467 667 4536 pit,
695 4477 855 4539 atque
890 4477 949 4523 ut
969 4468 1275 4523 sacerdOtes
1298 4469 1405 4522 sint
1432 4470 1523 4539 qui
1556 4470 1686 4524 tales
1716 4483 1994 4526 coronant.

637 4744 682 4801 0
711 4744 1055 4801 temerarium
1099 4746 1231 4798 corl
1290 4744 1334 4799 0
1379 4752 1750 4813 contemptum
1795 4744 2127 4815 judiciorum

570 4837 662 4892 Dei
688 4839 701 4891 l
747 4837 889 4904 Quin
920 4835 1156 4892 universi
1186 4836 1367 4905 potius
1395 4837 1723 4906 redarguunt
1756 4837 1859 4890 hoc
1891 4836 2124 4903 facinus,

567 4940 735 4994 seque
767 4926 834 4978 ab
882 4923 985 4979 isto
1014 4924 1257 4988 homine,
1306 4923 1389 4978 vel
1427 4925 1548 4978 cibo
1601 4934 1761 4978 tenus
1802 4934 1971 4994 atque,
1995 4940 2125 4980 con-

565 5032 755 5088 gressu
781 5026 1070 5087 separant,
1112 5017 1215 5070 nisi
1276 5025 1557 5086 peccatum
1600 5025 1721 5086 post
1761 5018 2126 5071 omnimodam

567 5107 855 5163 sacerdotii
885 5109 1242 5179 privationem
1288 5108 1605 5163 confiteatur
1632 5108 1654 5160 ?
1698 5108 1983 5177 Propterea
2012 5110 2128 5178 pie-

571 5208 732 5253 tatem
766 5209 1024 5264 vestram,
1055 5208 1110 5253 et
1138 5208 1404 5253 attentum
1434 5240 1449 5265 ,
1484 5216 1583 5270 pro
1610 5200 1750 5254 sacri
1791 5202 2007 5255 habitus
2038 5218 2126 5255 ra-

570 5289 734 5353 tione,
758 5290 1059 5359 disciplinae
1085 5292 1317 5345 studium
1347 5292 1702 5358 obtestamur,
1734 5303 1792 5346 ut
1813 5294 1972 5347 verba
2009 5294 2125 5348 haec

564 5384 629 5435 ad
657 5383 867 5452 piorum
900 5384 1243 5439 dominorum
1268 5400 1425 5439 aures
1454 5384 1753 5454 perferatis.
1789 5384 2122 5439 Conﬁdimus

565 5475 734 5548 enim,
768 5475 813 5529 si
854 5476 1018 5542 hunc,
1058 5476 1400 5531 sanctissimo
1432 5476 1738 5545 patriarcha
1785 5484 1970 5531 nostro
2023 5491 2121 5551 ap-

566 5567 849 5634 probante.
884 5569 1277 5639 represserint,
1313 5569 1428 5624 fore
1462 5582 1521 5623 ut
1571 5568 1897 5639 applaudant
1923 5570 2118 5639 angeli,

638 5771 685 5800 ⁶⁶
728 5770 884 5825 Rom.
913 5788 1027 5826 xm.
1067 5772 1274 5840 ﬁseqq,
1344 5774 1384 5805 ⁵⁷
1422 5772 1582 5826 Marc.
1618 5788 1692 5837 Vl,
1728 5773 1810 5827 16.
1869 5792 1872 5795 λ

2233 1927 2475 1981 τοιοῦτον
2512 1930 2776 1997 γίνεσθαι·
2823 1934 2915 1986 καὶ
2949 1936 3438 2003 στεφανούσθωσαν
3470 1944 3673 2013 μοιχοὶ,
3704 1946 3804 1999 καὶ

2234 2022 2282 2072 οἱ
2318 2024 2728 2089 στεφανοῦντες,
2779 2024 2853 2088 ώς
2889 2027 3031 2095 μέγα
3087 2044 3141 2082 τι
3195 2033 3650 2103 κατωρθωκότες,
3704 2038 3803 2093 καὶ

2234 2113 2359 2175 τοὺς
2392 2112 2621 2178 πολλοὺς
2675 2115 2929 2185 ὠφελεῖν,
2972 2120 3068 2172 καὶ
3108 2122 3325 2191 ένάγειν
3351 2126 3429 2189 εἰς
3460 2127 3801 2198 ὁμοτροπίαν

2233 2204 2537 2273 δυνάμενοι.
2581 2206 3037 2272 Ἀσπαζέσθωσαν
3074 2212 3180 2264 ὑπὸ
3213 2214 3321 2267 τῶν
3356 2216 3591 2274 πολλῶν.
3638 2222 3802 2276 Ἀλλὰ

2237 2297 2310 2367 μὴ
2340 2299 2569 2366 γένοιτο·
2596 2299 2718 2354 οὔτε
2747 2300 2855 2371 7&9
2887 2302 3095 2363 ἐκεῖνος
3132 2306 3334 2375 ἱερεὺς,
3364 2307 3487 2361 οὒτε
3515 2311 3566 2361 oi
3593 2312 3802 2364 ἐκεῖνον

2237 2390 2582 2460 μιμούμενοι.
2636 2394 2727 2463 Μὴ
2758 2394 2865 2463 γὰρ
2900 2395 2958 2447 ὲν
2998 2396 3196 2467 ὲκείνῳ
3228 2400 3548 2465 άπατάσθω,
3580 2403 3660 2453 ὅτι
3696 2402 3804 2472 βα-

2236 2482 2416 2543 σιλεὺς
2442 2477 2510 2552 ἦν
2543 2483 2571 2534 6
2616 2483 2933 2553 μοιχεύσας.
2974 2487 3236 2558 Ἀρχουσι
3271 2490 3376 2561 γὰρ
3415 2492 3465 2543 οἱ
3519 2490 3616 2544 τοῦ
3660 2493 3801 2546 Θεοῦ

2234 2572 2387 2641 νόμοι
2430 2572 2671 2638 πάντων,
2726 2576 2868 2630 κατὰ
2910 2578 2973 2630 τὸ
3018 2581 3430 2653 γεγραμμένον.
3475 2582 3616 2635 Ἀλλ’
3645 2584 3804 2653 ὅμως

2231 2663 2389 2716 τοῦτο
2440 2664 2647 2735 δράσας
2686 2668 2745 2721 τὸ
2801 2670 3175 2740 παγχάλεπον,
3234 2670 3315 2724 ἔτι
3356 2671 3654 2739 φιλονεικεί
3696 2676 3804 2745 τὴν

2232 2756 2462 2827 ἀνομίαν
2490 2757 2836 2832 δικαιοσύνην
2864 2762 3149 2829 γνωρίσαι·
3182 2762 3277 2815 καὶ
3305 2764 3363 2817 τὸ
3384 2765 3448 2836 δὴ
3480 2766 3802 2837 λεγόμενον,

2234 2848 2515 2916 ἀποδεῖξαι
2540 2851 2731 2903 ἑαυτὸν
2748 2851 2843 2903 τοῦ
2860 2852 3172 2923 Προδρόμου
3194 2855 3286 2909 καὶ
3305 2857 3610 2911 Βαπτιστοῦ
3634 2858 3803 2912 ὁσιώ-

2233 2957 2412 3010 τερον.
2470 2944 2705 2996 Ἐκείνου
2739 2946 2845 3015 γὰρ
2889 2945 3201 3017 ἐλέγχοντος
3248 2952 3349 3020 τὴν
3387 2951 3625 3021 Ἡρώδου
3674 2970 3805 3023 μοι-

2235 3035 2409 3102 χείαν,
2466 3038 2560 3089 καὶ
2606 3036 2745 3107 ὑπὲρ
2792 3036 3051 3107 ἀληθείας
3097 3040 3461 3110 θνήσκοντος·
3508 3038 3664 3107 οὗτος
3705 3046 3805 3099 τὸν

2234 3123 2490 3196 δεύτερον
2530 3124 2774 3197 Ἡρώδην
2806 3128 2881 3192 ὡς
2912 3131 3128 3201 άληθῶς
3157 3136 3221 3204 τῇ
3256 3133 3548 3204 όμοτρόπῳ
3583 3138 3807 3208 μοιχείᾳ

2231 3212 2591 3283 δεδειγμένον,
2623 3217 2717 3268 καὶ
2751 3217 3118 3286 ἐστεφάνωσε,
3149 3222 3241 3273 καὶ
3274 3221 3667 3290 κατησπάσατο
3699 3224 3805 3291 μέ-

2234 3319 2327 3373 χρι
2359 3302 2610 3357 θανάτου·
2645 3305 2829 3374 λόγοις
2861 3310 2958 3379 μὲν
2988 3309 3074 3373 οὓ,
3101 3311 3278 3373 αὑτοῖς
3315 3311 3372 3364 δὲ
3413 3312 3598 3383 ἔργοις
3625 3311 3805 3382 φθεγ-

2230 3393 2481 3461 γόμενος,
2503 3395 2575 3458 ὡς
2596 3396 2938 3469 πεπλάνηται
2975 3401 3225 3469 Ἰωάννης
3242 3401 3270 3452 6
3302 3402 3617 3474 Πρόδρομος
3638 3404 3807 3458 ἀκαί-

2234 3500 2363 3551 ρως,
2392 3484 2487 3537 καὶ
2516 3485 2732 3555 ἀνόμως
2760 3486 3039 3557 διελέγξας
3072 3491 3165 3542 καὶ
3192 3489 3497 3545 ἀποθανών.
3531 3491 3692 3545 Ἀλλά
3722 3495 3807 3566 μὴ

2231 3574 2461 3641 γένοιτο·
2495 3576 2523 3629 6
2577 3577 2678 3647 μὲν
2733 3579 2841 3650 γὰρ
2899 3579 2994 3632 τοῦ
3038 3579 3204 3649 νόμου
3242 3581 3676 3655 ὑπερασπιστὴς,
3703 3588 3808 3641 καὶ

2229 3662 2326 3716 τοῦ
2379 3665 2584 3735 μύσους
2618 3667 2903 3738 ὲλεγκτής·
2952 3669 2980 3720 6
3008 3668 3063 3721 δὲ
3098 3669 3205 3724 τῶν
3261 3670 3421 3724 θείων
3480 3675 3807 3745 μυστηρίων

2231 3760 2642 3831 καταπατητὴς,
2700 3761 2795 3813 καὶ
2842 3760 2943 3830 τῆς
2990 3761 3229 3833 ἀθέσμου
3290 3764 3616 3837 συμπλοκῆς
3667 3784 3802 3822 συν-

2230 3847 2408 3917 άπτης
2460 3847 2553 3899 καὶ
2606 3852 3111 3921 κατασφραγιστής.
3155 3852 3263 3905 Καὶ
3296 3854 3325 3905 6
3372 3853 3473 3924 μὲν
3497 3856 3593 3908 καὶ
3622 3854 3807 3914 θανὼν

2233 3938 2331 4009 βοᾷ
2364 3953 2377 3965 ·
2409 3941 2528 3993 Οὑκ
2576 3940 2779 4005 ἕξεστί
2825 3955 2923 3996 σοι
2952 3945 3115 4011 ἐχειν
3141 3944 3248 4012 τὴν
3281 3946 3538 4014 γυναῖκα
3586 3950 3805 4003 diali:—

2230 4043 2347 4083 που
2380 4030 2484 4084 τοῦ
2514 4031 2779 4101 ἀδελφοῦ
2808 4049 2947 4088 σου.
2982 4036 3100 4089 Κάν
3130 4036 3207 4107 τῷ
3245 4037 3483 4108 Ἡρώδου
3519 4041 3805 4115 προσώπῳ

2230 4122 2408 4191 ὲμὸοᾷ
2444 4122 2593 4192 πάσῃ
2646 4126 2712 4193 τῇ
2743 4125 3054 4196 οἰκουμένῃ,
3095 4128 3291 4197 μηκέτι
3321 4127 3563 4181 τοιοῦτον
3591 4130 3802 4202 τολμη-

2231 4212 2412 4283 θῆναι.
2456 4213 2512 4266 Ὀ
2558 4214 2615 4267 δὲ
2669 4215 2773 4279 ἕως
2820 4216 2915 4269 τοῦ
2960 4217 3053 4270 νῦν
3083 4220 3265 4282 αὑτοῖς
3321 4219 3504 4289 ἔργοις
3537 4221 3804 4294 ἄντικρυς

2231 4304 2423 4373 κράζει
2474 4305 2552 4375 τῷ
2596 4306 2834 4376 δευτέρῳ
2874 4307 3105 4379 Ἡρώδῃ·
3148 4308 3367 4372 Ἔξεστί
3408 4327 3493 4362 σοι
3520 4311 3670 4381 ἔχειν
3696 4330 3802 4381 γυ-

2231 4397 2393 4447 ναῖκα
2423 4395 2681 4466 Θεοδότην
2706 4397 2805 4467 τὴν
2833 4398 3145 4467 μαχλῶσαν·
3184 4401 3288 4452 κάν
3320 4399 3397 4469 τῷ
3436 4400 3606 4454 αὑτοῦ
3635 4420 3803 4475 προσ-

2230 4483 2363 4553 ώπῳ
2412 4485 2707 4555 διαρρήδην
2757 4488 3086 4558 προστάσσει
3141 4489 3245 4552 ἕως
3275 4488 3369 4543 τοῦ
3422 4490 3620 4555 αἰῶνος
3679 4511 3801 4563 μοι-

2230 4574 2411 4643 χεύειν
2445 4577 2573 4637 τοὺς
2602 4575 2943 4647 ἀνθρώπους,
2975 4580 3070 4633 καὶ
3112 4580 3236 4643 τοὺς
3288 4580 3566 4645 τοιούτους
3595 4598 3800 4653 στεφα-

2226 4665 2449 4730 νοῦντας
2479 4662 2617 4722 εἶναι
2652 4669 2850 4740 ἱερέας.

2300 4761 2363 4813 Ὢ
2414 4762 2694 4832 τολμηρᾶς
2744 4764 3004 4834 καρδίαςῒ
3046 4765 3109 4817 Ὢ
3145 4768 3611 4837 καταφρονήσεως
3660 4768 3797 4822 Θεοῦ

2227 4851 2540 4921 κριμάτωνῑ
2569 4853 2666 4906 Διὰ
2710 4854 2764 4907 τί
2817 4854 2891 4924 μὴ
2927 4856 3128 4923 μᾶλλον
3158 4856 3389 4920 ἕκαστος
3433 4859 3799 4929 καταγορεύει

2228 4942 2329 5010 τῆς
2361 4942 2687 5009 ὑποθέσεως,
2719 4943 2813 4995 καὶ
2852 4943 3215 4997 διαστέλλεται
3256 4944 3351 4998 τοῦ
3382 4945 3653 5007 τοιούτου,
3703 4948 3801 5000 καὶ

2233 5033 2390 5104 μέχρι
2422 5033 2694 5103 βρώσεως,
2714 5035 2811 5086 εἴτ’
2845 5031 2937 5088 οὖν
2964 5037 3272 5106 συντυχίας,
3308 5038 3356 5090 εί
3382 5038 3458 5107 μὴ
3480 5035 3797 5110 ἐξαγορεύει

2230 5123 2327 5193 τὴν
2358 5125 2631 5193 ἁμαρτίαν
2661 5126 2799 5195 μετὰ
2847 5127 2908 5179 τὸ
2948 5128 3295 5181 παντάπασιν
3323 5127 3606 5197 εἴργεσθαι
3635 5130 3798 5183 αὑτὸν

2228 5215 2291 5265 ὲκ
2324 5214 2505 5283 πάσης
2556 5216 2902 5285 ἱερουργίας;
2943 5216 3101 5271 Ἀλλὰ
3129 5217 3215 5271 διὰ
3251 5217 3410 5271 τοῦτο
3438 5217 3675 5287 δεόμεθά
3705 5235 3796 5271 σου

2227 5306 2322 5373 τῆς
2347 5304 2679 5369 θεοσεϐείας,
2720 5308 2814 5360 καὶ⁸
2844 5309 2942 5378 τῆς
2972 5309 3110 5363 κατὰ
3140 5309 3197 5362 τὸ
3229 5308 3371 5377 ἱερὸν
3404 5310 3594 5379 σχῆμα
3637 5311 3794 5377 ἀκρι-

2227 5395 2401 5460 ϐείας,
2438 5397 2706 5467 ὲνηχῆσαι
2736 5401 2815 5462 είς
2849 5400 2915 5453 τά
2957 5394 3069 5454 ὦτα
3110 5399 3219 5453 τῶν
3248 5399 3490 5453 εὐσεϐῶν
3517 5401 3681 5471 ἡμῶν
3714 5401 3796 5454 δε-

2228 5485 2441 5538 σποτῶν
2473 5488 2598 5551 τοὺς
2627 5489 2905 5553 τοιούτους
2945 5491 3156 5559 λόγους.
3193 5490 3539 5560 Πιστεύομεν
3577 5491 3690 5561 γὰρ
3716 5490 3796 5544 ὅτι

2226 5577 2272 5627 εξ
2303 5576 2489 5630 τοῦτον
2522 5581 2929 5649 παραστείλωσι
2960 5582 3057 5637 σὺν
3096 5582 3313 5651 εὐδοκία
3359 5580 3452 5635 τοῦ
3486 5581 3794 5650 ἀγιωτάτου
