4008 6318
183 398 282 465 977

1421 391 1958 454 EPISTOLARUM
1983 393 2129 454 LIB.
2169 393 2220 454 ῐ.

3343 395 3448 460 978

183 512 336 583 ήμῶν
373 507 758 579 πατριάρχου,
804 505 1168 576 έπικροτῆσαι
1229 500 1444 571 ἔχουσιν
1500 502 1762 570 ἄγγελοι·

1869 505 2184 560 collaudent
2203 518 2393 559 omnes
2420 502 2614 571 sancti,
2635 502 2873 574 exsultet
2890 503 3135 558 Ecclesia
3153 503 3408 559 universa
3432 526 3445 561 :

183 601 638 672 άνευφημήσουσι
686 601 889 662 πάντες
925 597 977 649 οι
1031 595 1198 664 ἆγιοι·
1232 597 1676 666 εὐφρανθήσεται
1705 595 1774 649 δὲ’

181 695 274 747 καὶ
303 694 457 744 πᾶσα
487 691 522 760 ἡ
569 688 882 759 Ἐκκλησία·
918 689 1214 754 γενήσεται
1243 684 1301 736 δὲ
1327 685 1420 737 καὶ
1449 683 1527 754 τῷ
1568 685 1763 755 κράτει

183 783 359 838 αὐτῶν
390 782 542 843 θείας
574 779 781 833 ἄνωθεν
813 777 1140 847 ἐπικουρίας
1171 775 1460 847 προσθήκη
1489 775 1678 845 πολλὴ,
1707 775 1763 828 έν

181 893 240 928 τε
271 874 581 945 προσλήψει
607 871 817 943 ἐχθρῶν
844 888 902 924 τε
927 871 1022 923 καὶ
1052 869 1349 939 πολεμίων,
1393 869 1484 922 καὶ
1519 870 1576 920 ὲν
1608 871 1762 939 είρη-

179 966 307 1036 ναίᾳ
359 966 459 1020 καὶ
515 962 888 1034 μακροημέρῳ
916 960 1097 1014 αὐτῶν
1131 959 1266 1030 ζωῇ.
1298 958 1409 1012 Ποῦ
1436 959 1494 1012 δὲ
1541 960 1636 1013 καὶ
1670 960 1766 1031 θή-

182 1074 370 1126 σομεν,
411 1055 598 1124 Πάτερ
623 1053 768 1122 ᾰγιε,
817 1053 944 1114 τοὺς
987 1050 1166 1121 ἱεροὺς
1203 1049 1431 1113 κανόνας
1475 1050 1763 1121 εἴργοντας

181 1146 342 1201 αὑτὸν
382 1145 479 1199 τοῦ
519 1142 858 1215 ἱερατεύειν;
889 1143 982 1194 τὸν
1019 1141 1115 1212 μὲν
1152 1139 1367 1209 πρῶτον
1396 1141 1472 1212 μὴ
1502 1157 1765 1211 παραχω-

185 1237 379 1310 ροῦντα
411 1236 545 1306 μηδὲ
569 1235 650 1297 εἰς
683 1231 1044 1304 διγαμοῦντος
1073 1229 1252 1300 γάμον
1275 1230 1593 1300 ἐστιαθῆναι
1625 1246 1761 1300 πρε-

181 1329 465 1398 σϐύτερον,
508 1323 900 1395 καίπεριῦντος
921 1324 986 1375 ὲκ
1017 1321 1156 1374 Θεοῦ
1198 1321 1759 1392 παρακεχωρημένου.

179 1419 298 1472 Ὀτι
347 1418 407 1470 δὲ
447 1416 528 1479 είς
570 1414 664 1468 τὸν
713 1414 1098 1483 ἁποκήρυκτον
1163 1411 1258 1462 καὶ
1306 1411 1556 1479 μοιχικὸν
1614 1409 1764 1472 ὅλαις

177 1511 471 1581 τριάκοντα
502 1505 738 1577 ἡμέραις
766 1502 1105 1575 εὐώχησατο·
1140 1502 1236 1556 καὶ
1265 1501 1326 1554 οὐ
1383 1503 1543 1572 μόνον
1578 1501 1760 1565 τοῦτο,

178 1601 292 1654 ἀλλ’
331 1601 417 1652 ὅτι
457 1596 557 1650 καὶ
594 1598 721 1660 τοὺς
757 1595 1075 1665 νικητικοὺς
1104 1594 1198 1646 ἐπὶ
1234 1595 1302 1663 τῇ
1333 1592 1604 1665 παρθενίᾳ
1638 1609 1764 1646 στε-

179 1693 379 1760 φάνους
409 1688 722 1742 ὲπιτέθεικε
748 1689 857 1749 τοῖς
886 1688 1094 1756 μοιχοῖς
1122 1685 1215 1738 καὶ
1244 1684 1597 1754 ἀκαθάρτοις·
1621 1684 1762 1748 τίνος

177 1781 262 1853 είη
292 1779 485 1845 ᾶξιοςς
532 1778 728 1850 μικρὸν
750 1777 895 1848 τάχα
931 1778 964 1848 ἡ
1000 1775 1325 1846 καθαίρεσις
1362 1773 1460 1846 [aL
1501 1775 1534 1846 ἢ
1568 1775 1764 1828 καθαι-

181 1849 411 1945 ρέσεως]
435 1887 452 1936 ;
481 1870 546 1923 Et
585 1849 644 1923 δέ
676 1868 836 1923 τοῦτο
859 1867 1240 1934 ἀνεκδίκητον,
1269 1865 1497 1933 παίγνια
1521 1866 1588 1917 τὰ
1616 1866 1757 1932 θεῖα,
1794 1849 1836 1906 Β

176 1963 269 2017 καὶ
308 1961 469 2016 ἕωλοι
511 1961 566 2014 οί
608 1959 852 2021 κανόνες.
891 1956 1050 2011 Κατὰ
1082 1955 1141 2009 δὲ
1179 1955 1278 2008 κτὸν
1315 1953 1567 2026 δεύτερον
1599 1955 1760 2008 πάλιν

180 2054 402 2119 κανόνα,
440 2053 525 2109 ὅτι
574 2054 603 2105 ὁ
635 2049 926 2106 ὑποπεσὼν
974 2049 1032 2102 έν
1068 2065 1177 2101 τινι
1219 2047 1520 2117 σφάλματι.
1552 2048 1647 2101 καὶ
1673 2046 1761 2100 διὰ

176 2146 339 2201 τοῦτο
362 2142 708 2215 ἁφορισθεὶς,
734 2143 783 2195 εί
814 2140 891 2210 μὴ
916 2139 1067 2202 ἐντὸς
1089 2138 1337 2192 ἐνιαυτοῦ
1359 2138 1760 2208 ὲπαγωνίσεται

178 2240 241 2310 τῇ
275 2237 453 2307 οἰκείᾳ.
485 2235 768 2298 συστάσει,
805 2233 905 2285 οὐκ
924 2231 1044 2296 ἐξὸν
1066 2229 1148 2283 έτι
1183 2229 1369 2300 φωνὴν
1395 2228 1561 2282 αὐτοῦ
1593 2245 1762 2298 προσ-

177 2334 451 2406 δεχθῆναι.
506 2331 564 2386 '0
605 2331 661 2384 δὲ
697 2331 855 2384 έννέα
911 2327 1138 2397 χρόνους
1169 2325 1434 2398 ὑπερϐὰς,
1469 2326 1758 2397 είσεπήδη-

183 2444 272 2480 σεν
298 2428 355 2480 έν
388 2428 455 2496 τῇ
500 2424 818 2493 Ἐκκλησία.

247 2518 308 2572 ΕΞ
339 2516 395 2570 δὲ
421 2517 607 2582 λέγοι,
650 2515 805 2584 παρὰ
848 2511 943 2566 τοῦ
985 2511 1400 2584 προηγουμένου
1440 2508 1626 2564 λαϐεῖν
1661 2508 1760 2575 τὴν

182 2610 504 2682 ἐπιτροπὴν,
545 2609 638 2662 καὶ
674 2604 1013 2675 ἀνέγκλητον
1051 2599 1193 2657 εῐναι
1235 2604 1336 2674 τὴν
1383 2601 1663 2656 ὑπόθεσινο
1706 2600 1760 2652 τί

179 2702 372 2772 δήποτε
412 2703 513 2771 οὐχ
554 2702 582 2754 ὁ
609 2697 912 2770 έπιτρέψας
961 2693 1322 2766 αύτούργησε
1363 2694 1756 2765 στεφανώσας;

183 2793 334 2848 Ἔστι
363 2795 476 2865 γὰρ
515 2791 732 2853 πάντως
763 2788 1137 2861 πατριάρχαις
1167 2785 1408 2858 βασιλεῖς
1439 2785 1756 2855 στεφανοῦν,

180 2885 272 2956 οὐχ
316 2887 467 2957 ίερὲα
520 2881 664 2937 τινά.
705 2881 777 2936 Ού
813 2881 921 2951 γὰρ
953 2879 1176 2934 πώποτε
1221 2879 1540 2949 γεγένηται.
1596 2878 1759 2931 Ἀλλὰ

183 2978 338 3048 δῆλον
361 2979 446 3031 ὅτι
475 2974 728 3036 κινδύνου
759 2972 910 3043 αύτῷ
939 2972 1201 3042 κειμένου
1232 2973 1311 3034 είς
1339 2971 1509 3042 αὐτὴν
1533 2970 1633 3042 τὴν
1658 2971 1756 3040 ἀρ·

181 3069 520 3141 χιερωσύνην
546 3066 941 3138 καθαιρέσεως,
965 3063 1142 3136 εὑρὼν
1170 3063 1424 3117 τοσοῦτον
1446 3063 1759 3134 προθυμού-

1866 596 2107 667 ipsorum
2147 606 2332 652 autem
2381 597 2611 666 imperio
2667 590 2920 666 magnum
2972 596 3158 651 auxilii
3206 597 3449 654 caelestis

1865 687 2264 741 incrementum
2310 688 2532 742 accedat
2567 705 2580 741 :
2614 696 2725 741 tum
2777 688 3213 742 adversariorum
3246 697 3302 743 et
3348 689 3448 744 ho—

1866 779 2031 833 stium
2089 779 2552 848 comprehensio,
2611 787 2664 833 et
2722 779 3026 849 tranquillae
3064 779 3449 853 diuturnaque

1865 869 1990 924 vitae
2018 883 2208 924 eorum
2238 868 2488 925 felicitas.
2539 869 2787 935 Quonam
2816 878 2999 924 autem
3045 869 3164 924 loco
3195 871 3447 925 censebi-

1864 974 2008 1027 mus,
2038 959 2200 1014 Pater
2225 969 2432 1026 sancte,
2467 975 2649 1015 sacros
2682 975 2923 1015 canones
2943 1001 2958 1027 ,
3013 959 3108 1030 qui
3141 960 3446 1015 sacerdotio

1865 1051 2015 1105 illum
2060 1053 2286 1106 arcent?
2328 1066 2393 1106 ac
2444 1051 2682 1122 priorem
2731 1051 2953 1121 quidem
3002 1051 3155 1107 illum
3199 1051 3293 1122 qui
3346 1067 3449 1107 nec

1863 1143 2077 1213 epulari
2103 1144 2482 1216 presbyterum
2513 1143 2782 1214 permittit
2839 1143 2898 1198 in
2956 1144 3156 1214 bigami
3213 1144 3446 1214 nuptiis,

1863 1236 2113 1308 quamvis
2145 1237 2309 1292 licitae
2347 1237 2451 1292 illa:
2483 1237 2593 1291 sint
2622 1244 2678 1292 et
2707 1251 2737 1290 a
2761 1235 2872 1291 Deo
2893 1237 3169 1306 permissa:
3189 1226 3256 1290 ⁸⁸.
3292 1235 3448 1303 Quod

1864 1342 1992 1382 vero
2031 1327 2134 1381 iste
2158 1342 2266 1382 non
2299 1327 2533 1381 inlicitis
2559 1328 2787 1397 nuptiis,
2822 1327 2915 1382 sed
2945 1326 3000 1381 in
3024 1326 3205 1382 vetitis
3219 1337 3272 1382 et
3293 1327 3449 1382 adul-

1864 1417 2057 1472 terinis
2087 1426 2228 1473 totos
2273 1418 2492 1489 triginta
2536 1419 2652 1473 dies
2679 1418 2929 1488 epulatus
2967 1418 3071 1483 sit;
3119 1434 3297 1488 neque
3344 1409 3448 1474 hoc

1865 1517 2098 1576 tantum,
2124 1510 2220 1565 sed
2251 1510 2513 1565 adulteris
2551 1521 2714 1579 atque
2739 1510 2968 1580 impuris
3007 1511 3262 1566 victrices
3287 1526 3447 1566 coro-

1865 1615 1964 1656 nas
2011 1601 2340 1673 virginitatis
2387 1601 2726 1671 imposuerit,
2760 1617 2865 1672 qua
2897 1617 3058 1671 poena
3098 1601 3297 1672 dignus
3327 1603 3449 1656 est?

1866 1707 1936 1746 an
1971 1692 2170 1746 minori
2201 1692 2433 1747 fortasse
2469 1707 2632 1762 quam
2666 1692 3052 1762 depositione?
3080 1691 3237 1758 Quod
3272 1692 3318 1748 si
3363 1692 3448 1747 in-

1868 1785 2043 1840 ultum
2067 1785 2388 1850 idmaneat,
2415 1784 2622 1840 ludicra
2653 1784 2763 1853 jam
2792 1792 2922 1838 sunt
2951 1784 3155 1852 divina,
3177 1794 3233 1840 et
3257 1785 3449 1840 inanes

1864 1893 1929 1933 ac
1959 1876 2137 1933 frivoli
2187 1891 2445 1932 canones.
2502 1875 2749 1931 Alterum
2788 1877 2989 1936 deinde
3013 1919 3027 1945 ,
3079 1878 3226 1948 quod
3256 1893 3450 1933 rursus

1863 1970 2134 2026 sancitum
2166 1969 2257 2035 sit,
2292 1968 2431 2039 ejus,
2465 1968 2556 2038 qui
2614 1968 2671 2022 in
2721 1967 2930 2023 crimen
2978 1968 3196 2039 aliquod
3236 1968 3445 2038 lapsus,

1863 2077 1926 2116 ac
1962 2071 2245 2131 propterea
2275 2059 2780 2115 excommunicatus
2801 2060 2892 2120 sit.
2935 2060 3041 2114 nisi
3076 2060 3218 2114 intra
3242 2075 3446 2115 annum

1863 2153 2206 2209 reconciliari
2233 2153 2561 2217 contendat,
2603 2167 2792 2206 vocem
2821 2152 3035 2208 admitti
3071 2161 3259 2222 postea
3293 2154 3447 2208 nefas

1862 2261 1985 2301 esse
2013 2249 2079 2300 ⁵⁸.
2121 2248 2229 2300 Iste
2252 2261 2399 2311 vero,
2426 2247 2518 2315 qui
2544 2259 2740 2300 novem
2768 2245 3004 2300 excessit
3031 2260 3228 2309 annos,
3257 2245 3310 2299 in
3341 2244 3444 2300 Ee-

1861 2323 2085 2392 clesiam
2117 2337 2322 2391 insiliit.

1934 2523 2090 2590 Quod
2127 2522 2173 2577 si
2204 2523 2349 2579 dicat
2375 2537 2434 2576 se
2469 2537 2496 2575 a
2533 2522 2763 2591 praesule
2788 2536 2889 2576 suo
2929 2522 3244 2576 mandatum
3283 2535 3444 2576 acce—

1861 2614 2029 2686 pisse,
2058 2614 2287 2683 ideoque
2313 2612 2470 2682 culpa
2500 2613 2553 2666 in
2586 2612 2690 2666 hoc
2744 2613 2964 2683 negotio
2991 2627 3206 2677 vacare,
3254 2611 3444 2680 quidni

1860 2721 1990 2777 ergo
2043 2704 2136 2774 qui
2187 2695 2423 2774 iusserat
2451 2746 2464 2769 ,
2521 2703 2751 2772 ipsemet
2782 2703 3109 2758 coronavit?
3143 2702 3256 2758 Mos
3294 2704 3443 2760 enim

1860 2799 2022 2869 plane
2045 2804 2140 2852 est
2170 2806 2230 2850 ut
2263 2796 2622 2865 imperatores
2651 2804 2915 2850 coronent
2943 2795 3290 2865 patriarcha,
3331 2812 3440 2851 non

1861 2891 2117 2945 sacerdos
2138 2889 2368 2958 quilibet
2396 2907 2408 2942 :
2439 2903 2616 2958 neque
2639 2888 2785 2942 enim
2813 2888 2957 2944 istud
2975 2904 3212 2958 unquam
3240 2887 3443 2944 factum

1862 2982 1984 3036 fuit.
2027 2980 2132 3036 Sed
2161 2979 2512 3052 perspicuum
2540 2989 2626 3035 est
2650 3021 2665 3046 ,
2711 2995 2835 3035 cum
2871 2981 3177 3050 periculum
3212 2980 3314 3050 ipsi
3344 2980 3446 3035 im-

1864 3078 2125 3146 penderet
2158 3090 2229 3130 ne
2260 3075 2745 3145 archiepiscopatu
2769 3075 2888 3145 ipso
2925 3074 3174 3145 dejectus
3196 3076 3446 3146 privare—

183 3180 338 3233 μενον
361 3159 454 3235 (ἦν
483 3161 597 3231 γὰρ
631 3156 1086 3227 συναυλιζόμενος
1109 3157 1185 3218 είς
1208 3155 1276 3208 τὰ
1296 3155 1588 3227 βασίλεια),
1620 3171 1758 3224 παρ-

1865 3177 1954 3221 tur
1973 3188 1984 3222 :
2005 3177 2059 3221 et
2078 3168 2223 3223 hunc
2238 3177 2551 3238 promptum
2569 3167 2751 3221 animo
2771 3174 3131 3236 paratumque
3148 3175 3342 3222 nactus
3357 3181 3447 3221 es-

180 3253 420 3327 έπεμψεν
445 3255 527 3316 είς
553 3251 616 3305 τὸ
643 3249 853 3304 ἐκείνου
877 3246 1168 3318 πρὸσωπον
1185 3246 1276 3299 τὸν
1298 3246 1561 3300 κίνδυνονο
1599 3246 1717 3299 εῐπε
1726 3263 1758 3317 ρ

180 3349 272 3402 καὶ
299 3346 502 3418 ἀληθὲς
534 3345 616 3399 ὅτι
645 3343 741 3398 καλ⁸
767 3339 1094 3412 ἐπέτρεψεν·
1136 3339 1197 3393 ού
1241 3340 1350 3410 γὰρ
1399 3337 1754 3408 πιστεύομεν,

181 3439 306 3510 ὑμῖν
334 3456 396 3492 τε
429 3438 528 3494 καὶ
549 3436 733 3499 ἄλλοις
772 3432 990 3492 πολλοῖς
1017 3427 1530 3502 πεπληροφορηκώς
1557 3429 1619 3501 μ’,
1657 3446 1756 3482 πε..

183 3523 704 3602 πληροφορηκόσιν].
741 3526 803 3578 El
834 3523 894 3578 δὲ
933 3523 1097 3578 πάλιν
1132 3521 1282 3590 λέγοι
1345 3523 1420 3592 μὴ
1458 3515 1602 3573 εἶναι
1649 3521 1756 3588 ἀφ-

181 3622 480 3694 ωρισμένος
533 3618 639 3672 ὑπὸ
679 3615 774 3671 τοῦ
805 3612 1266 3685 προηγησαμένου
1291 3653 1305 3677 ,
1327 3612 1380 3665 τί
1423 3612 1624 3682 δήποτε
1658 3610 1761 3663 ούκ

180 3712 514 3784 ἐλειτούργει
543 3710 603 3762 ὲν
633 3709 751 3771 τοῖς
797 3708 957 3762 ἐννέα
985 3705 1163 3770 Esset;
1193 3704 1248 3757 τί
1275 3703 1473 3774 δήποτε
1501 3703 1604 3756 ὑπὸ
1639 3717 1761 3754 συν-

182 3805 315 3867 όδου,
341 3805 418 3868 ὡς
462 3801 639 3872 λέγει,
671 3799 769 3854 νῦν
794 3799 1051 3864 λέλυται;
1084 3797 1254 3866 Δῆλον
1284 3796 1366 3849 ὅτι
1411 3795 1440 3848 ὁ
1472 3793 1758 3865 δεδεμένος

183 3895 417 3958 λέλυται,
449 3894 555 3964 οὐχ
577 3893 606 3946 ὁ
641 3891 850 3951 ἄδετος.
880 3890 1044 3942 Ὥστε
1078 3885 1255 3958 ἑαυτῷ
1288 3885 1605 3957 περιπίπτει
1633 3885 1762 3938 κάν·-

183 3985 352 4042 ταῦθα
371 3986 674 4057 είργμένος
699 3981 863 4047 εἶναι,
887 3981 972 4050 ἐφ’
999 3981 1122 4033 ὅσον
1150 3979 1252 4031 οὐκ
1276 3976 1427 4040 ἐντὸς
1453 3975 1550 4029 τοῦ
1581 3977 1759 4029 ἐνιαυ-

189 4077 302 4142 τοῦ,
337 4077 481 4131 κατὰ
510 4064 616 4134 τδν,
633 4074 857 4139 κανόνα,
890 4070 1170 4135 ὑπέδειξεν
1213 4069 1406 4122 ἑαυτὸν
1440 4067 1637 4132 ἀθῶον,
1667 4069 1761 4120 καὶ

184 4168 340 4221 ιλασε
373 4169 472 4238 τὴν
519 4165 677 4218 λύσιν
712 4166 992 4235 ἐμφανῶς.
1046 4165 1220 4234 Εἴπερ
1262 4157 1329 4231 ἦν
1363 4161 1516 4223 λύσις
1544 4163 1620 4231 τῷ
1645 4160 1762 4213 ὁλο-

185 4259 404 4332 δεσμίῳ,
439 4259 545 4314 κᾶν
577 4257 807 4330 μυρίους
837 4257 1079 4326 παριστᾷ
1104 4255 1581 4324 ψευδομάρτυρας.

250 4438 437 4494 Ταῦτά
457 4439 599 4502 ὲστι,
633 4436 819 4507 Πάτερ
846 4435 993 4505 ἅγιε,
1022 4433 1091 4489 τὰ
1112 4431 1383 4505 φοὸοῦντα
1408 4431 1504 4485 καὶ
1535 4431 1718 4485 συστέοὲ
1737 4461 1759 4471 -

1861 3269 1940 3314 set
1966 3259 2045 3330 (in
2071 3258 2192 3312 aula
2210 3259 2358 3313 enim
2390 3258 2728 3326 versabatur)
2753 3256 3048 3313 discrimen
3070 3257 3124 3310 in
3145 3257 3265 3326 ejus
3283 3265 3446 3326 caput

1862 3348 2230 3412 transtulisse;
2253 3347 2298 3402 si
2323 3347 2546 3417 quidem
2568 3363 2757 3402 verum
2772 3355 2856 3401 est
2876 3347 3027 3402 illum
3046 3345 3406 3401 demandasse
3428 3365 3441 3400 :

1861 3454 1963 3494 nec
1993 3439 2117 3493 enin
2165 3439 2440 3497 credimus
2467 3457 2480 3493 :
2512 3438 2667 3494 vobis
2694 3437 2921 3508 aliisque
2950 3437 3202 3507 plurimis
3227 3448 3447 3491 contra-

1859 3530 2003 3584 rium
2036 3531 2518 3601 persuadentibus.
2563 3529 2719 3595 Quod
2749 3530 2794 3584 si
2834 3543 3053 3584 rursum
3099 3528 3247 3584 dicat
3289 3542 3348 3582 se
3376 3530 3445 3583 ab

1861 3621 1952 3675 illo
1985 3631 2099 3675 tum
2133 3623 2360 3691 praesule
2391 3621 2925 3676 excommunicatum
2963 3633 3075 3673 non
3105 3618 3275 3674 fuisse
3298 3658 3313 3684 ,
3347 3634 3447 3674 cur

1861 3725 1992 3781 ergo
2018 3724 2213 3764 novem
2242 3724 2514 3763 annorum
2542 3708 2718 3777 spatio
2753 3722 2863 3761 non
2898 3704 3262 3771 sacriﬁcavit;
3291 3720 3390 3760 cur
3415 3721 3446 3759 a

1862 3797 2089 3867 synodo,
2129 3806 2191 3851 ut
2220 3798 2317 3862 ait,
2353 3812 2501 3851 nunc
2528 3807 2610 3850 est
2641 3794 2961 3850 absolutus?
2986 3793 3132 3851 Sane
3151 3834 3167 3860 ,
3195 3793 3288 3864 qui
3321 3793 3445 3849 vin-

1863 3899 1987 3946 ctus
2018 3889 2064 3942 is
2095 3889 2310 3943 solutus
2343 3897 2447 3953 est,
2475 3903 2585 3941 non
2621 3888 2712 3957 qui
2744 3887 2959 3942 vinctus
2983 3901 3094 3940 non
3124 3884 3443 3952 esset.Quo-

1861 3984 2006 4039 circa
2045 3996 2231 4036 secum
2273 3980 2389 4050 ipse
2415 3988 2620 4050 pugnat
2644 4021 2657 4045 ,
2690 3987 2746 4033 et
2771 3977 3134 4033 constrictum
3166 3976 3342 4031 teneri
3383 3990 3443 4030 se

1865 4073 1992 4127 hinc
2024 4069 2284 4134 ostendit,
2299 4069 2444 4139 quod
2471 4085 2580 4124 non
2618 4069 2758 4123 intra
2804 4069 2934 4123 anni
2974 4068 3234 4139 spatium,
3265 4073 3326 4120 ut
3345 4081 3440 4120 ca-

1862 4180 1971 4220 non
1998 4166 2175 4235 jubet,
2209 4164 2484 4218 insontem
2533 4177 2592 4216 se
2647 4159 2978 4228 exhibuerit,
3010 4161 3446 4217 absolutionem-

1862 4259 1967 4328 quc
1986 4257 2164 4328 palam
2179 4255 2504 4325 susceperit.
2524 4254 2581 4307 Si
2597 4256 2756 4309 modo
2773 4255 3055 4309 absolutus
3070 4253 3192 4317 fuit.
3213 4255 3362 4310 omni
3377 4275 3443 4317 ex

1863 4358 2017 4419 parte
2048 4347 2311 4412 irretitus,
2338 4345 2587 4414 quamvis
2610 4345 2945 4401 falsostestes
2971 4347 3121 4403 mille
3155 4350 3441 4419 producat.

1938 4437 2062 4493 Haec
2094 4445 2241 4502 sunt,
2268 4436 2427 4490 Pater
2457 4446 2667 4501 sancte,
2696 4452 2815 4505 quae
2843 4445 3106 4492 terrorem
3147 4439 3440 4504 incutiunt.

187 4528 341 4585 λοντα
377 4531 540 4602 ἡμῶν
568 4529 669 4600 τὴν
706 4528 955 4600 καρδίαν.
979 4528 1090 4581 Καὶ
1116 4526 1208 4580 διὰ
1233 4525 1407 4580 ταῦτα
1434 4525 1571 4596 πρὸς
1593 4523 1652 4576 τὸ
1685 4523 1758 4594 μὴ

1864 4539 1918 4585 οι
1955 4545 2048 4584 cor
2073 4538 2319 4583 nostrum
2355 4526 2541 4581 dolore
2585 4526 2934 4581 contrahunt.
2994 4527 3094 4594 Ac,
3152 4540 3444 4600 propterea

188 4624 511 4694 κοινωνῆσαι
538 4621 690 4693 αύτῷ
712 4638 770 4675 τε
801 4621 895 4674 καὶ
916 4619 994 4691 τῷ
1014 4618 1460 4692 προηγησαμέν“ῳ
1486 4617 1760 4688 πατριάρ-

190 4728 279 4788 κῃ,
309 4716 444 4769 ἐπὰν
480 4715 757 4788 μετεδίδου
787 4715 864 4786 τῷ
896 4714 1269 4786 μοιχεύσαντιο
1295 4711 1779 4782 ἀπεκλείσθημεν,,

191 4804 297 4874 ἑγὼ
326 4808 381 4860 ὲν
406 4801 452 4876 ᾧ
481 4806 692 4879 καθέζῃ
728 4807 901 4877 τόπῳ,
932 4808 960 4859 ὁ
1005 4803 1308 4877 ἡγούμενός
1347 4820 1408 4856 τε
1445 4802 1539 4855 καὶ
1580 4801 1629 4853 οί
1655 4800 1761 4852 λοι-

193 4897 280 4951 ποι
309 4899 404 4953 σὺν
429 4897 509 4970 τῷ
548 4898 972 4969 ἀρχιεπισκόπῳ
1003 4898 1061 4950 έν
1090 4898 1161 4968 τῇ
1193 4893 1567 4965 Θεσσαλονίκῃ
1595 4893 1763 4961 ὑπερ-

193 4988 512 5060 ορισθέντες.
557 4989 698 5042 Ἀλλ’
743 4989 926 5053 δΘεὸς
974 4989 1135 5042 πάλιν
1171 4987 1569 5054 ὲπισυνήγαγεν
1615 4984 1763 5055 ἡμᾶς

194 5079 370 5150 εὐχαῖς
400 5098 517 5136 σου.
554 5081 668 5134 Καὶ
692 5080 864 5145 οὕτως
899 5083 972 5144 ὼς
1012 5081 1202 5150 ἔτυχεν
1236 5079 1523 5150 ἠνὼθημεν
1550 5076 1626 5147 τῷ
1661 5093 1762 5128 πα-

194 5173 440 5246 τριάρχῃ,
472 5173 522 5226 εί
549 5172 627 5244 μὴ
645 5172 965 5244 ὡμολόγησε
995 5173 1174 5235 καλῶς
1204 5172 1348 5242 ἡμᾶς
1379 5169 1758 5239 πεποιηκέναι.

209 5262 325 5327 Ἐὰν
362 5260 453 5318 οὖν
485 5263 599 5318 οὐδ’
627 5264 717 5317 ὅτε
757 5267 790 5335 ἡ
832 5266 1045 5335 μοιχεία
1073 5260 1161 5335 ἦν,
1188 5263 1337 5332 καὶὴ
1372 5263 1479 5315 τῶν
1519 5262 1759 5314 κανόνων

197 5355 520 5426 παράόασις,
567 5355 669 5427 οὐχ
721 5355 1102 5425 ύπεστάλημεν
1151 5354 1378 5425 δυνάμει
1433 5352 1589 5406 Θεοῦο
1644 5352 1760 5415 πῶς

197 5437 284 5498 οῦν
311 5444 432 5518 ἄρτι
456 5447 548 5500 ὅτε
571 5444 872 5499 εύσεόοῦσά
900 5445 1046 5498 ἐστιν
1074 5447 1107 5516 ἡ
1137 5442 1404 5514 βασιλεία,
1426 5442 1610 5495 ἕνεκεν
1644 5440 1762 5504 ἑνὸς

199 5534 563 5608 πρεσϐυτέρου
614 5535 1009 5608 καθῃρημένου
1067 5533 1601 5604 ὑποσταλησόμεθα,
1667 5532 1762 5586 καὶ

200 5625 544 5699 προδώσομεν
573 5628 674 5700 τὴν
724 5627 1005 5700 ἀλήθειαν,
1053 5627 1458 5690 κινδυνεύοντες
1489 5625 1631 5680 κατὰ
1658 5625 1762 5695 ψυ-

301 5806 344 5838 ⁸¹¹
370 5805 482 5863 Jac.
525 5823 561 5874 I,
599 5807 681 5859 l7.
762 5808 804 5838 δ’
833 5806 964 5863 Cod.
999 5805 1145 5862 Eccl.
1180 5805 1372 5871 Afric.,
1408 5819 1530 5859 can.
1566 5803 1654 5860 70.

1863 4621 2008 4690 quod
2041 4634 2164 4674 cum
2201 4619 2306 4672 isto
2357 4632 2466 4670 non
2499 4616 3047 4698 communicaremus,
3098 4635 3277 4690 neque
3316 4636 3441 4676 cum

1865 4713 2211 4784 praecedente
2235 4710 2563 4779 patriarcha,
2598 4711 2688 4779 qui
2720 4710 2966 4766 adultero
2999 4713 3441 4769 communionem

1865 4805 2243 4876 impertiebat;
2269 4819 2370 4874 ego
2393 4803 2611 4873 quidem
2636 4803 2877 4858 inclusus
2906 4803 2977 4857 fui
3013 4803 3068 4857 in
3096 4821 3206 4873 quo
3235 4805 3444 4860 resides

1864 4895 2003 4961 loco,
2029 4897 2351 4965 prwpositus
2377 4903 2555 4948 autem
2587 4901 2642 4947 et
2661 4892 2850 4961 reliqui
2875 4908 2996 4946 cum
3031 4892 3443 4965 archiepiscopo

1865 4987 2308 5042 Thessalonicam
2340 4983 2584 5055 relegati.
2612 4981 2718 5037 Sed
2763 4983 2904 5038 Deus
2951 4992 3053 5038 nos
3089 4984 3284 5038 iterum
3317 5002 3443 5054 ple-

1863 5081 2020 5135 cibus
2062 5079 2170 5133 tuis
2209 5077 2578 5148 congregavit.
2612 5075 2690 5130 Ac
2729 5090 2801 5130 ne
2847 5076 2927 5130 sic
2967 5076 3186 5146 quidem
3236 5086 3442 5134 temere

1863 5188 1966 5226 nos
2000 5170 2348 5240 adjunximus
2377 5168 2737 5238 patriarchae,
2785 5167 2891 5222 nisi
2940 5178 3227 5240 postquam
3262 5171 3442 5229 fassus

1863 5273 1948 5319 est
1973 5272 2121 5318 recte
2152 5277 2252 5318 nos
2306 5261 2520 5316 fecisse.
2566 5261 2622 5314 Si
2656 5276 2805 5332 ergo,
2841 5275 2963 5314 eum
2999 5271 3250 5332 regnaret
3293 5263 3422 5319 adul

1863 5357 2060 5412 terium
2089 5363 2144 5410 et
2174 5370 2441 5410 canonum
2484 5353 2867 5424 transgressio,
2898 5361 3048 5408 metu
3083 5354 3309 5410 minime
3335 5357 3439 5414 dis.

1863 5447 2242 5503 simulavimus
2266 5444 2358 5500 Dei
2382 5444 2585 5500 virtute
2615 5444 2774 5508 freti,
2806 5447 3078 5514 quomodo
3106 5462 3255 5502 nunc
3278 5487 3293 5511 ,
3351 5450 3459 5518 pio
3505 5495 3507 5497 ,

1863 5540 2179 5595 dominante
2227 5537 2499 5608 imperio,
2548 5545 2770 5606 propter
2813 5536 3190 5606 presbyterum
3244 5552 3434 5603 unum,

1866 5644 2099 5700 cumque
2131 5628 2456 5698 depositum,
2482 5627 2781 5683 timidiores
2811 5627 3019 5682 erimus
3050 5667 3063 5691 ,
3121 5627 3436 5683 veritatem-
