4008 6318
541 371 646 434 979

1730 370 1789 429 S.
1827 368 2218 429 THEODORI
2258 367 2606 429 STUDIT/E

3688 363 3797 428 980

544 476 650 530 que
683 474 805 516 cum
841 466 1033 530 aperto
1057 458 1252 516 anima:
1288 460 1532 530 periculo
1550 460 1877 530 prodemus?
1906 461 2118 529 Nequa-

2251 460 2357 529 ήνς
2389 459 2660 530 οὐδαμῶς.
2727 455 2888 510 Ἀλλὰ
2941 457 3116 511 πάντα
3174 457 3304 528 ἡμῖν
3359 455 3575 527 φορητὰ
3634 457 3799 527 μέχρι

544 565 730 622 quam.
760 550 900 614 Quin
927 550 1149 605 ferenda
1176 551 1333 604 nobis
1359 550 1537 604 omnia
1569 565 1738 619 usque
1769 549 1834 602 ad
1863 559 2114 614 mortem,

547 643 727 712 potius
763 658 924 712 quam
954 657 1076 696 cum
1108 657 1172 695 eo
1203 643 1673 696 communicemus
1694 683 1707 706 ,
1742 642 1825 696 vel
1855 657 1978 696 cum
2029 641 2118 705 iis,

547 738 789 805 quicum
827 737 942 803 ipso
986 734 1330 799 sacriﬁcant;
1372 735 1547 803 quoad
1600 734 1902 788 sacerdotio
1931 773 1945 795 ,
1983 732 2124 787 sicut

549 827 651 881 sub
690 826 871 895 priore
900 826 1205 894 patriarcha
1227 869 1240 892 ,
1268 825 1530 894 privetur.
1574 824 1892 893 Quanquam
1941 834 2123 893 poste-

550 917 711 970 rioris
742 931 905 969 causa
937 917 1179 970 deterior
1217 927 1320 972 est.
1364 917 1497 970 Nam
1527 917 1674 984 prior
1701 933 1769 970 ne
1794 917 1962 970 semel
2005 916 2124 985 qui-

551 1012 674 1065 dem
706 1027 828 1067 cum
857 1012 948 1064 illo
980 1027 1131 1065 sacra
1161 1012 1289 1065 fecit
1319 1030 1331 1064 :
1358 1021 1412 1066 et
1433 1020 1546 1064 tum
1575 1012 1792 1081 quidem
1824 1011 1876 1063 in
1900 1025 2128 1065 consor-

554 1104 689 1156 tium
728 1103 912 1157 venire
952 1104 1252 1158 absurdum
1286 1112 1402 1156 erat
1432 1121 1446 1156 :
1480 1103 1661 1156 minus
1697 1111 1876 1156 tamen
1903 1103 2125 1156 malum.

554 1194 683 1247 Istic
723 1208 851 1246 vero
885 1193 1162 1262 proposita
1193 1193 1352 1246 nobis
1379 1201 1461 1244 est
1504 1191 1789 1244 sacerdotii
1830 1190 2127 1258 abrogatio,

554 1285 599 1338 si
647 1299 751 1338 una
810 1284 1198 1338 sacriﬁcemus.
1251 1284 1378 1337 Esto
1431 1297 1748 1337 mconomus
1780 1298 1792 1334 :
1824 1296 1923 1334 cur
1967 1279 2131 1334 etiam

555 1374 776 1443 indigne
801 1375 968 1428 sacris
997 1376 1297 1444 operatur?
1328 1375 1487 1428 desiit
1513 1389 1634 1428 esse
1663 1374 1968 1443 presbyter.

625 1461 783 1525 Quod
811 1462 850 1516 si
879 1462 994 1516 hac
1018 1463 1121 1515 illis
1153 1479 1260 1516 non
1298 1465 1531 1531 placent,
1558 1463 1650 1533 qui
1684 1478 1807 1517 cum
1839 1476 1903 1516 eo
1926 1459 2132 1516 sacriﬁ-

557 1562 725 1617 cant,
778 1554 1045 1608 videbunt
1092 1556 1351 1624 quidnam
1398 1557 1572 1610 acturi
1621 1555 1751 1608 sint.
1792 1554 2023 1608 Parcant
2055 1562 2134 1607 te-

557 1645 1005 1712 nuitatinostrae,
1039 1647 1132 1715 qui
1181 1663 1287 1702 non
1344 1662 1737 1717 provocamus,
1783 1654 1838 1699 et
1893 1645 1960 1698 ad
1993 1645 2137 1698 hunc

558 1748 732 1803 usque
769 1735 912 1788 diem
968 1735 1104 1789 nihil
1155 1737 1317 1790 locuti
1355 1752 1576 1802 sumus,
1633 1737 1728 1790 sed
1776 1735 1996 1790 biennio
2036 1748 2137 1788 nos

558 1832 675 1878 toto
699 1826 1090 1894 continuimus,
1125 1842 1190 1880 ex
1216 1843 1323 1896 quo
1341 1827 1569 1897 ingressi
1597 1837 1723 1880 sunt
1741 1867 1756 1892 ,
1806 1834 1867 1880 ut
1893 1825 2139 1896 pacatius

560 1915 667 1970 hoc
697 1917 859 1970 modo
898 1917 1224 1973 viveremus.
1256 1917 1472 1974 Domini
1502 1919 1670 1972 nostri
1704 1918 1896 1987 optimi
1949 1933 2140 1986 seque-

560 2013 702 2059 stres
736 2017 865 2060 sunt
899 2017 1063 2076 atque
1090 2009 1280 2062 arbitri
1312 2009 1618 2077 aequitatis,
1675 2008 1915 2062 fautores
1951 2022 2139 2062 eorum

559 2098 653 2166 qui
686 2099 974 2152 veritatem
1008 2099 1177 2153 libere
1207 2099 1532 2165 defendunt,
1574 2102 1718 2154 sicut
1744 2116 1809 2154 ex
1841 2099 2140 2155 venerabili

561 2190 808 2260 ipsorum
842 2207 933 2246 ore
969 2192 1167 2263 saepius
1197 2194 1442 2247 auditum
1466 2202 1567 2247 est.
1603 2193 1801 2247 Ferant
1826 2193 2141 2247 sacerdotes

563 2288 623 2334 ut
663 2296 848 2336 sacros
894 2282 1145 2336 homines
1189 2283 1388 2336 decet:
1424 2291 1517 2335 aut
1563 2283 1968 2351 persuadebunt
2015 2282 2138 2350 ipsi,

563 2385 661 2430 aut
689 2377 820 2446 ipsis
849 2379 1281 2447 persuadebitur.
1327 2379 1422 2431 Sin
1465 2380 1656 2432 horum
1715 2380 1880 2444 nihil,
1935 2379 2028 2433 sed
2074 2393 2143 2432 ne

564 2466 765 2521 mutire
791 2468 1011 2536 quidem
1050 2484 1149 2522 nos
1195 2469 1482 2522 ferendum
1518 2476 1749 2538 putant;
1781 2470 1923 2525 Deus
1966 2469 2136 2522 intue-

564 2566 679 2621 tur,
709 2573 818 2628 quo
854 2574 1014 2613 nemo
1041 2571 1123 2614 est
1150 2563 1341 2628 major,
1380 2562 1536 2630 cujus
1568 2561 1735 2615 solius
1768 2571 1850 2614 est
1885 2559 2145 2614 formida-

565 2648 692 2703 bilis
730 2659 906 2703 terror
938 2659 993 2704 et
1051 2651 1289 2706 tribunal
1342 2650 1492 2713 illud,
1527 2651 1610 2704 cui
1657 2652 1913 2705 sistemur
1955 2665 2147 2706 omnes

567 2741 638 2793 de
676 2739 930 2794 omnibus
974 2740 1276 2809 iudicandi.
1319 2741 1588 2796 Caeterum
1648 2742 1949 2796 bonitatem
1999 2751 2144 2794 tuam

567 2847 790 2888 oramus
819 2843 874 2886 et
913 2841 1168 2902 tanquam
1199 2836 1526 2889 venerandis
1552 2836 1795 2905 vestigiis
1834 2836 1942 2889 tuis
1984 2835 2148 2890 advo-

566 2921 664 2976 luti
691 2924 1041 2978 obsecramus
1068 2935 1227 2994 atque
1253 2927 1610 2989 obtestamur,
1639 2935 1695 2979 ut
1725 2928 2147 2982 misericordiam

569 3014 730 3069 nobis
761 3015 1073 3084 impertias,
1127 3025 1184 3070 et
1232 3033 1524 3072 commune
1558 3017 1988 3071 emolumentum
2040 3026 2149 3072 tam

2225 552 2456 605 θανάτου
2479 590 2494 615 ,
2529 552 2564 621 ἢ
2617 553 2904 621 μετασχεῖν
2945 553 3042 619 τῆς
3068 549 3277 602 ἐκείνου
3335 548 3618 610 κοινωνίας
3644 586 3658 612 ,
3705 550 3801 600 καὶ

2222 645 2333 698 τῶν
2381 643 2572 714 ἐκείνῳ
2614 642 3193 712 συλλειτουργούντων,
3224 641 3330 704 ἓως
3368 640 3434 693 ἂν
3465 639 3653 710 παύσῃ
3699 638 3801 708 τῆς

2226 737 2536 806 ἱερουργίας
2574 735 2764 804 ὥσπερ
2823 737 2914 786 ἐπὶ
2961 733 3055 786 τοῦ
3088 733 3395 804 προτέρου’
3452 731 3656 802 καίπερ
3710 731 3804 784 δν-

2226 844 2317 889 τος
2357 826 2741 896 χαλεπωτέρου
2771 825 2866 878 τοῦ
2917 824 3191 896 δευτέρου.
3227 823 3361 876 υὺδὲ
3411 823 3518 893 γὰρ
3566 821 3806 875 συνελει·

2227 919 2534 988 τούργησεν
2591 916 2738 986 αὐτῷ
2793 915 3046 981 καθάπαξ
3100 918 3128 968 ὁ
3183 914 3664 984 προηγησάμενος.
3699 913 3808 963 Καὶ

2229 1011 2348 1063 ἐκεῖ
2377 1010 2474 1079 μὲν
2507 1008 2782 1061 συνελθεῖν
2804 1008 3004 1060 ἄτοπον
3032 1003 3120 1078 ἦν.
3149 1007 3298 1076 Πλὴν
3326 1007 3387 1058 ού
3422 1005 3676 1058 τοσοῦτον
3711 1023 3812 1056 κα-

2231 1101 2348 1154 κὸν.
2379 1094 2507 1152 Ὧδε
2558 1101 2614 1153 δὲ
2663 1098 2982 1170 καθαίρεσις
3014 1098 3171 1168 ἡμῶν
3207 1098 3305 1167 τῆς
3353 1097 3678 1167 ἱερωσύνης,
3711 1097 3811 1148 ἐὰν

2234 1193 2839 1262 συλλειτουργήσωμεν.
2887 1193 3068 1244 Ἔστω
3109 1190 3414 1258 οἰκονόμος·
3451 1189 3504 1243 τί
3539 1190 3632 1242 καὶ
3674 1191 3811 1241 ἁναο

2236 1286 2360 1349 ξίως
2398 1285 2844 1355 συλλειτουργεῖ;
2881 1283 3097 1349 ἐξέλιπε
3132 1278 3523 1353 πρεσϐύτερος.

2308 1473 2372 1524 Ei
2423 1471 2480 1523 δὲ
2527 1470 2682 1523 οὐδὲν
2731 1469 2876 1522 δοκεῖ
2920 1470 3033 1530 τοῖς
3087 1461 3594 1533 συλλειτουργοῦσιν
3637 1460 3814 1530 αὐτῷ,

2236 1561 2457 1629 ὄψονται
2492 1557 2576 1628 ἐφ’
2604 1551 2684 1619 οἷς
2725 1557 3046 1626 πράττουσι·
3081 1554 3377 1624 φείσωνται
3407 1553 3564 1622 ἡμῶν
3590 1551 3689 1621 τῆς
3717 1568 3820 1603 τα·

2239 1650 2572 1714 πεινώσεως,
2633 1650 2994 1720 στεργόντων,
3062 1647 3176 1700 ἀλλ’
3228 1645 3704 1716 οἱκονομησάντων
3755 1645 3820 1695 ὲν

2243 1746 2356 1806 τοῖς
2388 1741 2538 1794 δυσὶν
2566 1740 2710 1793 ἔτεσι
2741 1739 2974 1804 τούτοις,
3003 1736 3062 1802 ἐξ
3093 1737 3216 1790 ὅτου
3242 1735 3494 1806 εἰσῆλθον
3521 1734 3647 1806 [ms.
3675 1733 3816 1803 Reg.

2241 1832 2550 1906 εἱσῆλθεν]·
2621 1832 2690 1884 ἶν’
2741 1831 2913 1894 οὕτως
2965 1827 3386 1900 εἰρηνικώτερον
3430 1825 3821 1895 διεξέλθωμεν.

2242 1929 2305 1981 Οἱ
2341 1928 2598 1981 δεσπόται
2634 1925 2790 1996 ἡμῶν
2817 1925 2869 1976 οἱ
2890 1922 3087 1991 ἀγαθοὶ
3120 1924 3280 1992 μεσῖτ
3294 1938 3350 1974 αι
3383 1920 3476 1974 καὶ
3511 1920 3695 1990 κριταὶ
3720 1916 3824 1970 τοῦ

2240 2019 2474 2083 δικαίου,
2512 2018 2736 2087 φιληταὶ
2775 2015 2884 2069 τῶν
2911 2013 3443 2086 παρρησιαζομένων
3473 2012 3530 2063 ἐν
3563 2006 3822 2080 ἀληθείᾳ,

2240 2109 2315 2172 ὼς
2347 2109 2479 2161 αὐτὸ
2503 2106 2562 2159 τὸ
2585 2105 2768 2175 τίμιον
2795 2104 2974 2158 αὐτῶν
3000 2102 3176 2169 στόμα
3204 2100 3466 2164 πολλάκις
3485 2097 3822 2170 διαγορεύει.

2257 2201 2591 2265 Ἐνέγκωσιν
2637 2199 2685 2249 οἱ
2725 2197 2888 2266 ἱερεῖς
2914 2194 3096 2264 ἱερῶς,
3125 2193 3158 2264 ἢ
3191 2192 3494 2257 πείσουσιν,
3515 2192 3550 2262 ἢ
3591 2189 3827 2258 πεισθή-

2247 2305 2450 2340 σονται.
2512 2286 2577 2339 Ei
2613 2285 2669 2337 δὲ
2723 2284 2876 2336 οὐδὲν
2906 2281 3172 2344 τοιοῦτον,
3204 2281 3341 2334 ἀλλὰ
3373 2282 3468 2335 καὶ
3517 2281 3579 2333 τὸ
3620 2278 3826 2350 γρύξαι

2244 2380 2393 2450 ἡμᾶς
2428 2376 2586 2447 μόνον
2631 2378 2733 2429 οὐκ
2762 2374 3004 2429 ἀνεκτόν·
3032 2374 3165 2436 Θεὸς
3197 2375 3367 2445 ἐφορᾷ
3399 2367 3458 2426 οὗ
3508 2372 3708 2442 μείζων
3731 2371 3829 2424 οὑ-

2247 2469 2378 2534 δεὶς,
2411 2465 2470 2523 οὗ
2508 2467 2672 2538 μόνος
2715 2467 2743 2518 ὁ
2776 2464 2940 2533 φόϐος
2983 2464 3236 2536 φοϐερὸς,
3270 2466 3365 2518 καὶ
3402 2463 3462 2515 τὸ
3505 2462 3712 2516 ἐκεῖθεν
3740 2460 3828 2513 δι-

2247 2562 2570 2629 καστήριον,
2622 2551 2666 2624 ᾧ
2722 2556 2926 2619 πάντες
2960 2552 3430 2626 παραστησόμεθα
3476 2549 3830 2620 εὐθυνόμενοι

2247 2654 2389 2708 κατὰ
2420 2655 2617 2708 πάντα.
2655 2652 2819 2705 Ἀλλὰ
2840 2652 3072 2722 δεόμεθά
3099 2666 3193 2700 σου
3219 2647 3317 2716 τῆς
3339 2645 3697 2714 ἁγαθότητος,
3729 2646 3831 2698 καὶ

2248 2748 2323 2809 ὡς
2372 2745 2891 2817 προκυλινδούμενοι
2917 2744 3027 2802 τοῖς
3069 2740 3268 2809 τιμίοις
3309 2755 3402 2790 σου
3443 2737 3614 2806 ἴχνεσι
3638 2753 3830 2808 παρα-

2251 2837 2524 2906 καλοῦμεν
2580 2837 2678 2887 xa‘t
2732 2829 3119 2899 ἀντιϐολοῦμεν
3158 2869 3172 2894 ,
3229 2830 3453 2897 ποιῆσαι
3510 2825 3657 2890 ἔλεος
3704 2826 3830 2896 μεθ’

2252 2929 2432 2999 ἡμῶν,
2474 2931 2567 2980 καὶ
2615 2926 2791 2978 κοινὸν
2833 2925 3024 2990 ὄφελος
3068 2922 3255 2983 αὐτοῖς
3299 2936 3359 2972 τε
3392 2920 3504 2980 τοῖς
3543 2919 3834 2971 εὐσεϐέσιν

2253 3021 2410 3092 ἡμῶν
2446 3019 2751 3089 βασιλεῦσι,
2798 3015 2876 3086 τῷ
2927 3032 2987 3067 τε
3040 3015 3328 3082 ἁγιωτάτῳ
3361 3009 3703 3081 πατριάρχῃ,
3734 3014 3838 3066 καὶ

567 3105 679 3175 piis
701 3105 1122 3176 imperatoribus
1149 3109 1369 3173 nostris,
1389 3124 1550 3177 quam
1579 3109 1899 3177 patriarcha:
1916 3109 2148 3162 sanctis-

2255 3115 2405 3182 πάσῃ
2449 3115 2512 3180 τῇ
2575 3109 2894 3179 Ἐκκλησία·
2939 3108 3001 3161 οὐ
3037 3110 3102 3177 τῇ
3135 3105 3257 3160 καθ’
3289 3107 3432 3174 ἡμᾶς
3468 3103 3649 3171 μόνον,
3694 3103 3839 3158 ἀλλὰ

570 3198 733 3262 simo,
767 3207 821 3251 et
849 3198 1102 3254 Ecclesia:
1129 3199 1420 3261 universze,
1468 3216 1577 3253 non
1631 3202 1757 3254 huic
1808 3201 1982 3254 solum
2031 3216 2152 3269 quae

571 3289 716 3358 apud
739 3305 839 3344 nos
864 3300 966 3354 est,
997 3291 1092 3344 sed
1119 3306 1236 3360 qua:
1255 3306 1352 3359 per
1382 3300 1551 3344 totum
1593 3292 1807 3353 orbem;
1859 3301 1916 3345 ut
1943 3291 2154 3345 abdicet

573 3396 633 3435 se
662 3398 802 3435 unus
831 3382 898 3435 ad
929 3382 1152 3451 gloriam
1181 3381 1295 3448 Dei,
1322 3393 1376 3436 et
1404 3398 1511 3436 non
1545 3383 1795 3435 turbetur
1825 3384 1944 3451 ejus
1967 3382 2152 3436 Eccle-

572 3473 652 3527 sia
683 3490 694 3525 :
723 3474 805 3526 sin
838 3473 1021 3527 minus
1044 3516 1058 3539 ,
1113 3483 1167 3527 at
1196 3475 1384 3528 saltem
1431 3475 1536 3528 hoc
1569 3475 1890 3538 secundum,
1937 3483 1996 3528 ut
2035 3490 2151 3528 ma-

572 3580 805 3620 neamus
835 3581 934 3620 nos
975 3566 1030 3620 in
1068 3568 1257 3621 eodem
1291 3575 1456 3630 statu,
1489 3583 1595 3636 quo
1661 3583 1759 3636 per
1810 3568 1998 3621 decem
2054 3567 2155 3620 hos

573 3670 768 3709 annos.
811 3656 948 3710 Nam
974 3657 1042 3711 de
1065 3659 1296 3719 caeteris,
1319 3659 1566 3727 quamvis
1593 3659 2019 3713 innumerabiles
2046 3659 2156 3712 sint

574 3747 843 3817 episcopi,
871 3756 925 3802 et
953 3749 1288 3813 sacerdotes,
1323 3759 1377 3803 et
1421 3750 1694 3818 praepositi
1726 3787 1740 3812 ,
1791 3749 1880 3817 qui
1923 3765 2046 3801 cum
2091 3765 2156 3803 co

574 3841 1021 3905 communicant;
1074 3839 1213 3894 nihil
1243 3840 1574 3904 mirandum,
1621 3839 2059 3908 quandoquidem
2087 3840 2153 3893 ii-

576 3931 700 3986 dem
732 3933 834 4003 ipsi
862 3949 984 3988 cum
1017 3935 1261 3989 adultero
1294 3935 1675 4000 versabantur,
1713 3943 1769 3988 et
1801 3949 1964 3988 nemo
1993 3933 2156 4003 quid—

575 4039 738 4092 quam
772 4026 987 4081 locutus
1015 4037 1122 4082 est.
1164 4027 1290 4082 Haec
1321 4029 1463 4082 Deus
1498 4043 1596 4098 per
1644 4044 1764 4091 nos,
1812 4028 1938 4082 licet
1981 4027 2157 4082 audax

576 4116 649 4170 sit
689 4117 928 4183 dictum,
967 4126 1021 4174 et
1068 4118 1329 4174 admonet
1409 4128 1466 4174 et
1519 4120 1838 4186 denuntiat,
1895 4130 1950 4175 et
2002 4119 2157 4189 quasi

573 4208 749 4278 jubet.

1115 4344 1303 4404 XXIII.
1342 4380 1409 4388 —
1432 4349 1636 4403 Eidem.

2257 3210 2349 3264 καὶ
2379 3209 2445 3276 τῇ
2488 3204 2592 3258 ἀνὰ
2626 3204 2807 3255 πᾶσαν
2853 3202 2952 3271 τὴν
2990 3198 3334 3268 οἰκουμένην·
3365 3195 3451 3248 ἵνα
3481 3193 3668 3268 παύσῃ
3700 3198 3727 3248 ό
3752 3191 3839 3260 εἷς

2253 3303 2333 3362 εἰς
2354 3299 2510 3363 δόξαν
2536 3295 2695 3357 Θεοῦ,
2729 3297 2824 3348 καὶ
2856 3294 2931 3364 μὴ
2955 3291 3202 3362 ταραχθῇ
3253 3291 3286 3357 ἡ
3325 3285 3836 3358 αύτοῦἘκκλησία·

2254 3393 2303 3444 εἱ
2332 3392 2388 3444 δὲ
2423 3393 2496 3462 μή
2523 3408 2606 3458 γε,
2642 3389 2777 3442 ἀλλὰ
2803 3389 2862 3440 τό
2896 3404 2958 3455 γε
2993 3386 3245 3454 δεύτερον
3276 3382 3336 3434 τὸ
3368 3382 3653 3450 ἐπιμεῖναι
3687 3384 3839 3452 ἡμᾶς

2255 3486 2314 3537 ὲν
2353 3484 2430 3553 τῷ
2452 3483 2618 3551 αὐτῷ,
2641 3480 2897 3549 καθάπερ
2929 3479 3116 3540 ἐντοῖς
3148 3475 3278 3528 δέκα
3306 3474 3453 3528 ἔτεσι
3487 3474 3725 3536 τούτοις.
3772 3475 3835 3527 Οἱ

2257 3579 2365 3648 γὰρ
2405 3576 2585 3630 λοιποὶ
2639 3576 2741 3628 κᾶν
2792 3575 2978 3644 μυρίοι
3019 3567 3153 3626 ὦσιν
3189 3572 3473 3641 ἱεράρχαι,
3516 3569 3611 3623 καὶ
3643 3571 3834 3640 ἱερεῖς,

2258 3673 2354 3723 καὶ
2390 3669 2707 3739 ἡγούμενοι,
2756 3665 3141 3726 κοινωνοῦντες
3183 3661 3337 3732 αὑτῷ
3358 3702 3372 3726 ,
3404 3662 3467 3714 οὐ
3500 3661 3834 3731 θαυμαστόν·

2259 3763 2382 3815 ἐπεὶ
2415 3761 2571 3812 αὐτοὶ
2602 3761 2695 3812 καὶ
2730 3756 2990 3827 συνῆλθον
3018 3755 3097 3825 τῷ
3132 3754 3504 3826 μοιχεύσαντι·
3537 3753 3635 3807 καὶ
3659 3753 3836 3816 οὐδείς

2257 3871 2310 3907 τι
2346 3852 2633 3922 λελάληκε.
2679 3849 2865 3903 Ταῦτα
2900 3848 3032 3910 Θεὸς
3061 3847 3129 3900 δι’
3158 3846 3338 3917 ἡμῶν,
3370 3845 3418 3898 εἱ
3447 3845 3543 3899 καὶ
3564 3846 3836 3918 τολμηρὸν

2259 3945 2458 4008 εἰπεῖν,
2497 3943 2593 3996 καὶ⁹
2626 3942 2955 4014 παρακαλεῖ,
2989 3940 3086 3995 καὶ
3132 3939 3604 4011 προσφθέγγεται,
3648 3941 3745 3994 καὶ
3765 3939 3838 4003 ὡς

2259 4037 2474 4091 κελεύει
2508 4036 2667 4108 (19').

2756 4349 2885 4405 Kl".
2910 4381 2978 4393 —
3009 4349 3092 4413 Τῷ
3119 4349 3300 4412 αὐτῷ.
3321 4346 3487 4419 [path]

578 4507 771 4570 Scripta
798 4510 996 4560 nomine
1020 4511 1226 4576 Josephi
1261 4514 1554 4575 archiepisc.
1589 4513 2069 4564 Thessalonicensis.
2096 4516 2327 4627 (ἒςόξηᾶὶι
2339 4512 2472 4622 1falso
2497 4509 2714 4559 acCusari
2739 4520 2814 4566 se,
2834 4505 2973 4569 quasi
3000 4505 3335 4568 episcopatum
3357 4507 3609 4554 invaserit.
3642 4507 3841 4570 (Baron.

2005 4591 2084 4625 an.
2212 4615 2223 4627 .
2249 4590 2297 4625 n.
2403 4611 2413 4622 .

2005 4591 2084 4625 an.
2113 4590 2223 4637 δυδ,
2249 4590 2297 4625 n.
2339 4590 2413 4622 ιδ.

653 4702 710 4756 1η
743 4704 828 4758 his
862 4719 982 4772 qua:
1009 4705 1187 4771 nobis,
1228 4707 1389 4760 Pater
1424 4716 1634 4772 sancte,
1664 4708 2001 4778 signiﬁcasti,
2031 4708 2143 4762 nihi

2340 4704 2508 4758 Οὐδὲν
2543 4695 2617 4755 ὧν
2645 4700 2957 4772 δεδήλωκας
2992 4701 3122 4769 ἡμῖν
3152 4699 3212 4752 τὸ
3243 4699 3437 4768 παρὸν,
3472 4698 3598 4767 ἅγιε
3639 4702 3839 4773 Πάτερ,

581 4795 863 4849 molcStius
896 4795 1016 4859 fuit,
1048 4813 1209 4867 quam
1238 4798 1382 4867 quod
1410 4799 1582 4852 nolint
1617 4799 1686 4869 pii
1730 4799 1943 4854 Domini
1985 4801 2162 4855 nostri

581 4900 684 4939 nos
711 4886 777 4940 de
811 4901 960 4939 more
995 4889 1277 4952 accedere,
1315 4889 1635 4959 dignarique
1670 4891 1977 4944 veneranda
2014 4892 2160 4960 ipso-

583 4991 701 5030 rum
758 4978 1092 5041 adOratione,
1149 4988 1203 5032 et
1258 4981 1659 5048 propempticas
1711 4997 1774 5034 ac
1828 4983 2069 5046 votivas,
2107 4989 2166 5033 ut

583 5069 765 5121 caueri
811 5067 1036 5131 faciunt,
1087 5069 1138 5123 iu
1175 5085 1363 5124 eorum
1411 5072 1654 5126 discessu
1703 5088 1864 5127 voces
1913 5074 2163 5128 reddere.

584 5159 692 5214 Sed
740 5177 847 5214 non
905 5177 1121 5230 semper
1174 5165 1276 5218 hoc
1327 5165 1394 5217 ad
1440 5165 1869 5221 humiliationem
1921 5177 2166 5221 nostram

584 5253 748 5307 faciet
794 5254 1053 5322 placabile
1080 5265 1133 5308 et
1160 5256 1480 5325 iniuriarum
1513 5257 1818 5324 immemor,
1857 5258 2168 5329 Christique

583 5344 840 5397 aemulum
903 5361 999 5400 cor
1038 5363 1226 5401 eorum
1263 5367 1276 5401 :
1310 5349 1509 5418 quippe
1564 5351 1708 5420 quod
1755 5352 2004 5406 hostibus
2038 5354 2167 5422 ipsis

587 5435 929 5490 reconciliari
959 5437 1113 5490 novit
1143 5455 1155 5490 :
1187 5439 1390 5493 nedum
1424 5449 1484 5492 ut
1515 5456 1612 5493 nos
1643 5442 1867 5510 rcjiciat,
1903 5443 1996 5511 qui
2041 5443 2170 5496 sin—

584 5541 712 5581 cero
761 5529 927 5582 cordc
979 5528 1098 5583 illos
1151 5531 1380 5587 colimus
1409 5541 1463 5586 et
1495 5548 1762 5587 amamus.
1797 5534 1940 5589 Belle
1985 5546 2168 5589 autem

2266 4799 2536 4870 λυπηρὸν,
2569 4799 2694 4850 ὅσον
2718 4795 2778 4848 τὸ
2826 4795 2900 4864 μὴ
2942 4793 3119 4846 θέλειν
3146 4793 3272 4856 τοὺς
3301 4791 3542 4856 εὐσεϐεῖς
3577 4794 3740 4864 ἡμῶν
3767 4793 3847 4846 δε-

2271 4895 2480 4956 σπότας
2508 4891 2681 4944 ἐλθεῖν
2707 4891 2850 4961 ἡμᾶς
2883 4887 3026 4941 κατὰ
3049 4888 3109 4939 τὸ
3143 4886 3395 4957 σύνηθες,
3420 4890 3514 4940 καὶ
3545 4887 3842 4956 ἀξιωθῆναι

2271 4988 2368 5057 τῆς
2421 4987 2608 5056 τιμίας
2653 4983 2832 5036 αὐτῶν
2887 4983 3332 5053 προσκυνήσεως,
3389 4982 3482 5032 καὶ
3529 4982 3660 5043 τοὺς
3711 4997 3843 5049 προ-

2272 5076 2620 5145 πεμπτικους
2649 5073 2745 5125 καλ⁹
2767 5071 3113 5142 εὑκτηρίους,
3139 5071 3213 5132 ὡς
3244 5071 3353 5132 πᾶς
3381 5068 3490 5122 τῶν
3515 5068 3842 5140 ἀνθρώπων,

2272 5169 2413 5222 κατὰ
2447 5167 2545 5238 τὴν
2579 5165 2755 5229 ἔξοδον
2786 5164 2965 5217 αὐτῶν
3013 5162 3310 5216 ἀποδοῦναι
3341 5162 3558 5230 λόγους.
3610 5161 3748 5214 Ἀλλ’
3785 5161 3841 5214 οὐ

2273 5261 2492 5321 πάντως
2525 5261 2555 5328 ἡ
2588 5257 2929 5326 εὐμείλικτος
2961 5257 3052 5308 καὶ
3083 5254 3464 5324 ἀμνησίκακος
3495 5255 3590 5307 καὶ
3619 5256 3846 5324 Χριστο-

2277 5350 2511 5421 μίμητος
2543 5347 2723 5402 αὐτῶν
2761 5347 2957 5417 καρδία
2981 5345 3142 5399 τοῦτο
3174 5346 3296 5398 ὅλον
3329 5344 3609 5413 ποιήσειεν
3643 5348 3725 5407 εἰς
3755 5343 3845 5413 τὴν

2273 5441 2552 5514 ἡμετέραν
2585 5441 2955 5494 ταπείνωσιν·
3008 5442 3132 5492 ἐπεὶ
3177 5440 3420 5501 καὶτοῖς
3468 5437 3690 5508 ἐχθροῖς
3744 5433 3845 5491 οἶδε

2274 5533 2730 5600 διαλλάττεσθαι,
2766 5534 2885 5605 οὐχὶ
2915 5533 2971 5586 δὲ
3015 5534 3162 5605 ἡμᾶς
3203 5533 3329 5597 τοὺς
3379 5530 3611 5603 ἀληθινῇ
3656 5531 3844 5604 καρδίᾳ

2088 5670 2320 5726 NOTAE.

658 5808 793 5880 (19³)
819 5810 909 5867 Sic
937 5810 1224 5883 legendum
1261 5814 1476 5871 videtur
1515 5826 1568 5873 et
1592 5817 1646 5872 in
1677 5817 1782 5874 ﬁne
1815 5817 1974 5888 epist.
2007 5816 2069 5871 :2l
2110 5833 2293 5886 δοίη-ιι.
