4008 6318
181 391 282 456 981

1409 379 1950 442 EPISTOLARUM
1984 379 2129 440 LIB.
2168 378 2221 438 Ι.

3323 377 3432 442 982

177 502 465 575 φιλοῦντας
493 499 588 555 καὶ
611 498 871 563 σέϐοντας
895 496 1360 568 αὐτούς.¹Αριστα
1388 498 1444 551 δὲ
1475 498 1748 554 ὑπέϐαλεν

1859 508 1944 554 tua
1977 497 2236 554 sanctitas
2269 509 2531 567 responsa
2571 503 2757 552 nostra
2789 495 2957 551 sacris
2979 495 3190 552 illorum
3208 497 3432 554 auribus

176 596 210 665 ή
244 589 523 660 ἀγιωσύνη
551 605 647 642 σου
674 589 772 652 τὰς
805 590 905 658 τῆς
935 585 1212 649 εὐτελείας
1235 586 1393 657 ἡμῶν
1426 586 1752 657 ἀποκρίσεις

177 684 237 735 ἐν
277 683 396 743 ταῖς
432 681 607 750 ίεραῖς
643 677 826 732 αὐτῶν
859 678 1083 740 ἀκοαῖςο
1133 675 1230 730 καὶ
1265 676 1347 730 ὅτι
1397 677 1753 745 κατένευσαν,

175 775 273 846 τῆς
295 771 476 826 αὐτῶν
515 770 600 842 εἴη
650 768 1056 840 μεγαλόφρονος
1103 767 1444 832 θεοσυνεσίας
1467 784 1480 798 °
1518 768 1754 839 καὶγὰρ

177 864 327 918 ίσασι
365 863 436 916 τὰ
469 860 588 915 θεῖα
624 861 829 932 κρίνειν
872 857 1214 922 εὐθυὸόλως,
1244 857 1321 922 ὡς
1358 858 1551 927 σοφίας
1586 875 1757 929 μεμε-

178 953 481 1023 στωμένοι,
515 951 612 1006 καῖ⁵
643 951 904 1020 γνώσεως
933 948 1071 1003 Θεοῦ
1109 949 1393 1004 ἀνάπλεοι.
1431 950 1660 1003 Κελεύει
1698 950 1756 1003 δέ

178 1045 411 1116 ἐρωτᾷν,
454 1044 599 1108 τίνος
633 1043 796 1114 χάριν
829 1040 1240 1112 ἐπιδεδώκαμεν
1272 1041 1502 1104 ἑαυτοὺς
1539 1043 1617 1105 εἱς
1655 1041 1757 1112 τὴν

180 1137 467 1207 ἱερᾳρχίαν
500 1176 513 1198 ,
565 1133 910 1203 ἐγνωσμένου
950 1132 1104 1196 ὄντος
1135 1130 1229 1185 τοῦ
1263 1131 1605 1202 σφάλματος.
1646 1131 1756 1186 Καὶ

177 1232 314 1300 πρὸς
345 1228 506 1281 τοῦτο
543 1226 659 1298 μετ’
703 1225 892 1288 αἰδοῦς
936 1225 1378 1297 ἀποκρινόμεθα,
1412 1226 1496 1279 ὅτι
1541 1226 1664 1279 ὅσον
1695 1227 1756 1279 τὸ

178 1319 297 1375 καθ’
344 1321 520 1390 ἡμᾶς,
573 1318 674 1371 οὐκ
721 1316 1089 1386 ἐϐουλόμεθα,
1133 1317 1195 1371 τὸ
1245 1319 1344 1388 μέν
1393 1318 1482 1372 διά
1529 1319 1589 1371 τὸ
1634 1319 1757 1372 ἐπι-

178 1411 422 1466 κίνδυνον
451 1409 542 1463 τοῦ
566 1407 881 1480 ἀξιώματος
902 1451 918 1476 ,
948 1408 1010 1462 τὸ
1044 1410 1101 1462 δέ
1131 1409 1199 1462 δι’
1230 1410 1361 1463 αὐτὸ
1390 1411 1492 1481 ήδη
1514 1411 1574 1464 τὸ
1606 1410 1758 1479 λεγό-

180 1508 338 1576 μενον
365 1502 462 1557 τοῦ
492 1502 803 1572 οίκονόμου.
845 1501 998 1554 Ἐπεὶ⁵
1031 1500 1087 1554 δὲ
1115 1501 1383 1573 ἐλήλυθαν
1405 1501 1458 1555 οἱ
1481 1501 1756 1557 Θεσσαλοο

180 1597 372 1660 νικεῖς,
416 1592 753 1655 ἱκετεύοντες
783 1591 858 1656 ὡς
891 1592 955 1646 ὲκ
982 1591 1166 1660 πάσης
1203 1593 1302 1660 τῆς
1334 1591 1564 1655 πόλεως,
1604 1590 1658 1644 οῖ
1694 1608 1754 1644 τε

175 1686 433 1740 δεσπόται
471 1683 628 1754 ἡμῶν
657 1685 706 1737 οἱ
748 1683 944 1748 ἀγαθοὶ
975 1682 1448 1753 συνεπιτιθέμενοι
1474 1682 1554 1753 τῷ
1587 1682 1758 1753 ψηφί-

179 1794 346 1848 σματι
367 1793 381 1806 ·
438 1776 556 1840 δέος
593 1775 726 1846 ἡμῖν
757 1775 974 1843 ἐγένετο
1007 1773 1081 1846 μὴ
1115 1775 1447 1838 ὑπακοῦσαι,
1482 1776 1576 1828 κα)⁵
1611 1776 1758 1826 ἀντι-

1858 589 2088 660 subjecit
2125 607 2140 644 :
2182 587 2381 659 quibus
2414 587 2560 657 quod
2587 595 2920 652 annuerunt,
2959 587 3306 643 tribuendum
3345 599 3428 644 est

1856 681 2215 753 magnanimae
2254 688 2308 736 et
2341 678 2540 734 divinae
2587 693 2777 734 eorum
2828 679 3133 748 prudentiae
3171 697 3184 733 :
3222 680 3428 751 optime

1857 773 2003 829 enim
2038 773 2106 829 de
2133 772 2336 828 divinis
2368 771 2639 841 iudicant,
2665 780 2725 825 ιιι
2775 771 3039 841 sapientia
3071 771 3217 841 pleni
3246 781 3302 826 et
3335 773 3433 826 Dei

1858 864 2085 920 scientia
2135 863 2342 919 referti.
2401 861 2566 917 Jubet
2601 871 2779 916 autem
2825 861 3188 932 interrogare,
3235 878 3432 932 quamo

1858 958 2046 1012 obrem
2078 955 2464 1026 ingesserimus
2497 968 2596 1009 nos
2625 952 2682 1008 in
2717 952 3118 1024 episcopatum,
3161 968 3286 1009 cum
3316 968 3433 1007 ma-

1857 1048 2116 1109 nifestum
2157 1046 2230 1102 sit
2261 1045 2473 1101 vitium.
2501 1045 2584 1100 Ad
2618 1046 2720 1100 hoc
2744 1059 2961 1115 quoque
2984 1059 3084 1099 nos
3112 1059 3236 1100 cum
3275 1060 3433 1100 reve-

1857 1141 2033 1196 rentia
2072 1139 2495 1209 respondemus,
2525 1137 2691 1207 quod,
2716 1145 2984 1206 quantum
3021 1136 3078 1191 in
3107 1136 3265 1192 nobis
3289 1144 3430 1201 erat,

1856 1230 2197 1293 nolebamus,
2240 1227 2436 1296 partim
2470 1227 2690 1297 quidem
2723 1236 2943 1298 propter
2968 1241 3176 1298 anceps,
3214 1225 3432 1295 pericu-

1855 1320 1968 1374 lum
2017 1319 2314 1392 dignitatis,
2361 1319 2558 1388 partim
2609 1317 2770 1373 etiam
2817 1327 3041 1388 propter
3083 1317 3135 1371 id
3180 1317 3324 1388 quod
3363 1318 3432 1372 de

1857 1428 2143 1468 oeconomo
2163 1412 2271 1482 jam
2300 1411 2601 1466 dicebatur.
2623 1408 2915 1480 Postquam
2942 1425 3072 1465 vero
3095 1409 3432 1465 advenerunt

1858 1504 2412 1568 Thessalonicenses,
2459 1502 2829 1572 supplicantes
2893 1509 3150 1570 tanquam
3207 1501 3432 1556 nomine

1859 1596 2025 1652 totius
2080 1595 2344 1662 civitatis,
2388 1604 2442 1650 et
2479 1593 2669 1664 Optimi
2723 1593 2937 1648 Domini
2987 1594 3161 1649 nostri
3208 1593 3432 1650 decreto

1858 1687 2067 1745 assensi
2093 1695 2253 1753 sunt;
2292 1685 2450 1742 veriti
2475 1700 2664 1741 sumus
2693 1700 2806 1740 non
2846 1685 3072 1741 obedire
3094 1695 3149 1741 et
3175 1684 3433 1741 reluctari

1863 1779 1972 1835 Deo
2017 1779 2230 1850 piisque
2248 1769 2494 1832 'dominis
2534 1776 2759 1842 nostris,
2787 1775 3109 1847 cogitantes,
3139 1777 3286 1847 quod
3310 1788 3436 1847 pos-

178 1866 442 1938 φέρεσθαι
484 1864 604 1935 Θεῷ
648 1881 707 1918 τε
736 1864 832 1917 καὶ
883 1865 996 1926 τοῖς
1043 1863 1323 1917 εύσεόέσιν
1357 1865 1516 1934 ἡμῶν
1555 1863 1752 1920 δεσπό-

1859 1872 1948 1937 sit,
1985 1886 2110 1927 cum
2159 1885 2190 1924 a
2224 1870 2462 1940 propriis
2512 1869 2786 1939 episcopis
2823 1869 2886 1924 fit
2913 1869 3207 1935 ordinatio,
3237 1869 3435 1940 praedi—-

176 1975 332 2023 ταις·
377 1959 730 2028 λογισάμενοι
775 1956 858 2010 ὅτι
894 1956 1121 2019 δυνατός
1168 1954 1230 2027 [1⁵.
1280 1955 1526 2027 δυνατόν]
1575 1957 1750 2020 ἐστιν,

177 2049 342 2120 ἧνικα
382 2049 490 2103 ὑπὸ
519 2047 626 2101 τῶν
659 2046 876 2101 οἰκείων
907 2046 1222 2101 ἐπισκόπων
1252 2048 1285 2117 ἡ
1329 2047 1634 2118 χειροτονία
1665 2048 1752 2115 γίε·

179 2158 350 2206 νεται,
387 2142 584 2210 φυγεῖν
615 2139 706 2192 τὸν
736 2137 1136 2209 προειρημένον
1168 2138 1431 2192 κίνδυνον.
1473 2140 1615 2211 Πρὸς
1645 2139 1753 2210 γάρ

177 2232 238 2285 τὸ
265 2231 408 2302 μετά
445 2229 621 2284 ταῦτα
640 2245 656 2260 ·
705 2228 766 2282 τὸ
797 2227 897 2298 μὲν
926 2229 1011 2282 ὅτι
1037 2227 1228 2299 πόρρω
1255 2228 1365 2281 τῶν
1395 2229 1628 2283 ἐνταῦθα
1651 2230 1756 2282 ἀπ-

177 2319 482 2386 οικίξεται·
513 2320 570 2372 τὸ
621 2317 679 2371 δέ
719 2317 801 2370 ὃτι
848 2319 1083 2388 ἐγχωρεῖ
1129 2318 1222 2372 καὶ
1247 2318 1622 2390 ἐπιδημοῦντα
1656 2335 1754 2388 φυ-

180 2413 474 2469 λάττεσθαι
518 2410 659 2464 κατά
684 2409 913 2474 πολλοὺς
947 2410 1203 2481 τρόπους.
1250 2406 1386 2465 Εἶτα
1417 2413 1497 2464 ὅτι
1526 2411 1620 2465 καὶ
1661 2411 1756 2465 θά-

181 2522 329 2561 νατοι
374 2501 788 2574 συμϐαίνουσιν,
823 2506 914 2555 καὶ
954 2505 1018 2556 ἐκ
1049 2505 1214 2573 μέσου
1249 2503 1460 2572 γίνεται
1501 2503 1563 2556 τὸ
1592 2504 1755 2557 σκάν-

179 2597 366 2652 δαλον·
414 2593 605 2664 ὥσπερ
649 2595 743 2646 καὶ
789 2595 876 2662 ἐφ’
912 2593 1071 2663 ἡμῶν
1105 2594 1287 2648 αὐτῶν
1332 2594 1440 2647 τῶν
1486 2595 1755 2648 ταπεινῶν

178 2684 278 2744 ὦδε
338 2684 667 2756 καθημένων
727 2684 957 2756 συνέϐη,
1009 2684 1444 2758 διαφυλαχθῆναι
1500 2686 1606 2750 ἓως
1659 2685 1752 2739 τοῦ

158 2757 448 2850 ’παρόντος
477 2816 492 2841 ,
526 2775 807 2846 οἰκονομίᾳ
851 2775 1186 2847 χρωμένων.¹
1210 2777 1303 2829 Δεῖ
1330 2757 1460 2848 γὰρ,
1509 2777 1592 2846 ἐφ’
1632 2777 1755 2830 ὅσον

181 2865 292 2925 οἷόν
328 2887 412 2936 τε,
447 2869 753 2938 ὑποχωρεῖν
775 2868 902 2931 τοὺς
940 2868 1314 2940 πειρασμοὺς,
1361 2869 1538 2934 ἄλλως
1563 2887 1621 2922 τε
1663 2870 1754 2922 καὶ

187 2961 260 3033 μὴ
289 2960 600 3028 ἐπισκοπῆς
631 2958 863 3028 ἐχόντων
909 2957 1152 3026 ἀξίωμα,
1199 2958 1298 3012 Διά
1343 2959 1513 3013 ταῦτα
1553 2960 1628 3022 ὡς
1665 2960 1757 3012 ἐπὶ

184 3054 421 3123 μάρτυρι
448 3049 570 3121 Θεῷ
614 3048 1022 3120 ἐπιδεδώκαμεν
1050 3051 1301 3117 ἑαυτοὺς,
1331 3050 1636 3114 δοκοῦντες,
1669 3051 1757 3104 ἵνα

184 3150 278 3200 καὶ
303 3143 465 3198 τοῦτο
495 3142 741 3212 εἴπωμεν
762 3184 776 3207 ,
811 3139 946 3212 μηδὲ
988 3142 1326 3214 ἠγνοημένον
1357 3137 1496 3196 εἶναι
1537 3144 1756 3206 πάντως

183 3239 293 3300 τοῖς
317 3234 602 3289 εὐσεϐέσιν
626 3200 789 3305 ημῶν
811 3200 1129 3297 δεσπόταις,
1145 3200 1322 3286 ¹εἰδόσι
1353 3235 1423 3288 τὰ
1445 3234 1636 3307 τιόρρω
1661 3200 1755 3288 καῖ
1783 3200 1824 3258 C

185 3325 402 3397 μακρὰν
420 3324 490 3378 δι’
509 3324 683 3390 ἀκρᾶν
710 3321 991 3392 ἀγχίνοι⁶ᾳν
1012 3338 1026 3354 ·
1060 3322 1196 3375 ἀλλᾶ
1223 3322 1328 3394 μὴν
1351 3322 1472 3376 οὐδὲ
1504 3321 1654 3393 αὐτῷ
1677 3323 1755 3393 τῷ

183 3417 472 3488 ἁγιωτάτῳ
503 3414 861 3485 πατριάρχη,
898 3412 1020 3465 ἐπεὶ
1064 3412 1303 3483 κάκείνῳ
1329 3413 1629 3483 τηνικαῦτα
1667 3431 1759 3482 γε·

182 3507 475 3580 γράφαμεν
517 3505 615 3576 τὴν
646 3504 932 3557 ὑπόθεσιν
965 3502 1041 3566 ὼς
1075 3505 1235 3574 ἡμεῖς
1267 3520 1331 3572 γε
1363 3503 1555 3556 τούτου
1597 3504 1756 3574 χάριν

182 3600 322 3674 ὑπὲρ
348 3599 442 3654 τοῦ
478 3599 556 3670 μὴ
584 3596 910 3665 κοινωνῆσαι
944 3594 1022 3667 τῷ
1051 3595 1460 3666 στεφανώσαντι
1505 3596 1597 3649 τὸν
1641 3613 1756 3666 μοι·

181 3693 295 3763 χδν,
328 3691 424 3746 καὶ
449 3689 532 3761 τῷ
562 3687 1005 3758 προηγησαμένῳ
1037 3689 1379 3760 πατριάρχῃ,
1407 3687 1569 3757 ἡνίκα
1599 3688 1758 3759 μόνον

185 3785 460 3854 μετεδίδου
494 3781 673 3852 αὐτῷ,
708 3779 983 3850 διαφόρως
1011 3780 1109 3850 τὴν
1159 3780 1374 3850 ἐξορίαν
1406 3780 1719 3850 ὑπέστημεν
1741 3795 1753 3809 ·

180 3876 319 3947 πλὴν
345 3877 428 3929 ὅτι
458 3872 746 3941 πολλαχῶς
780 3869 875 3923 καὶ
909 3870 1042 3923 αὐτὸ
1068 3871 1128 3924 τὸ
1153 3871 1335 3941 τίμιον
1364 3867 1546 3925 αὐτῶν
1579 3871 1752 3941 στόμα

180 3967 529 4037 ἐπανέκρινε,
573 3963 671 4016 καὶ
715 3960 913 4028 διέγνω
957 3959 1132 4015 ταῦτα
1184 3961 1358 4025 οὕτως
1401 3961 1564 4032 ἔχειν.
1601 3960 1750 4032 Αὕτη

179 4057 328 4111 ἐστὶν
359 4057 393 4127 ή
425 4052 692 4122 ἀπολογία
712 4067 726 4082 ·
745 4050 838 4104 καὶ
867 4051 1190 4122 ταύτην,ὠς
1221 4051 1490 4118 κελεύεις,
1508 4051 1750 4119 ἀνάγαγε

178 4148 253 4220 τῷ
281 4146 503 4219 εὐηκόῳ
532 4143 714 4203 αὐτῶν
741 4144 954 4215 κράτει.

315 4309 445 4364 KA'.
473 4338 546 4352 —
577 4306 911 4372 Θεοκτίστῳ
938 4305 1051 4377 (20)
1082 4307 1402 4376 Ματίστρῳ
1428 4305 1562 4377 (21).
1593 4303 1751 4377 [μβ’.]

1856 1973 2005 2021 ctum
2058 1961 2362 2034 periculum
2409 1961 2692 2017 declinari.
2729 1960 2884 2029 Quod
2934 1976 3065 2016 vero
3109 1961 3178 2016 ad
3205 1961 3434 2017 alterum

1853 2062 2053 2126 caput,
2089 2053 2415 2110 occurrebat
2455 2053 2602 2122 quod
2635 2052 2828 2123 procul
2872 2051 3000 2108 hinc
3034 2060 3276 2107 semotus
3305 2052 3377 2108 sit
3416 2076 3430 2106 :

1855 2147 2082 2218 fierique
2113 2146 2282 2216 possit
2331 2153 2392 2201 ut
2441 2159 2667 2216 peregre
2700 2158 2887 2215 agens,
2939 2143 3212 2199 devitetur
3250 2143 3437 2199 multis

1858 2239 2057 2294 modis.
2098 2237 2304 2293 Deinde
2338 2238 2479 2307 quod
2504 2243 2709 2291 mortes
2747 2233 3089 2304 contingant,
3132 2243 3188 2289 et
3213 2235 3280 2289 de
3318 2250 3436 2289 me-

1857 2332 1949 2386 dio
1999 2330 2223 2385 tollatur
2279 2327 2593 2383 scandalum
2643 2346 2658 2381 -.
2703 2325 3163 2396 quemadmodum
3193 2337 3249 2381 et
3275 2327 3436 2382 nobis

1857 2421 2160 2478 humilibus
2215 2420 2464 2492 contigit,
2507 2419 2601 2490 qui
2655 2419 2746 2474 hic
2794 2419 3118 2485 residentes,
3154 2417 3437 2488 hucusque

1857 2513 2166 2570 conservati
2217 2528 2428 2580 sumus,
2481 2513 2890 2582 dispensatione
2946 2511 3168 2566 utendo.
3214 2513 3437 2581 Oportet

1857 2607 2025 2672 enim,
2058 2605 2237 2676 quoad
2282 2606 2430 2670 licet,
2477 2605 2808 2660 tentationes
2856 2603 3240 2675 subterfugere
3273 2621 3286 2657 :
3317 2603 3436 2659 illos

1857 2695 2292 2766 praesertim,qui
2316 2693 2698 2764 episcoporum
2728 2693 3048 2765 dignitatem
3076 2709 3188 2749 non
3215 2703 3432 2766 gerunt.

1857 2788 1955 2843 His
1998 2787 2066 2843 de
2123 2786 2325 2853 causis,
2357 2784 2468 2842 Deo
2525 2794 2683 2852 teste,
2721 2801 2824 2840 nos
2874 2785 3216 2858 ingessimus,
3249 2786 3435 2842 existi-

1858 2892 2088 2950 mantes,
2167 2891 2226 2937 ut
2276 2881 2381 2937 hoc
2464 2882 2628 2936 etiam
2684 2881 2961 2947 dicamus,
3017 2882 3436 2952 haudquaquam

1858 2987 2086 3043 prorsus
2148 2973 2387 3044 ignotam
2444 2986 2561 3025 rem
2591 2969 2759 3026 fuisse
2790 2971 2895 3040 piis
2933 2970 3179 3026 Dominis
3207 2972 3433 3033 nostris,

1858 3067 1951 3137 qui
1977 3065 2136 3136 longe
2163 3064 2460 3135 proculque
2490 3063 2666 3134 posita
2691 3063 3032 3134 prospiciunt
3067 3078 3281 3119 summa
3310 3078 3436 3119 cum

1860 3153 2110 3220 solertia;
2153 3153 2248 3210 sed
2294 3167 2474 3222 neque
2518 3151 2620 3222 ipsi
2673 3151 2996 3222 patriarcha:
3045 3153 3431 3208 sanctissimo:

1857 3244 2114 3316 quoniam
2145 3243 2212 3298 ad
2238 3243 2414 3312 ipsum
2444 3243 2606 3299 etiam
2651 3252 2782 3298 tunc
2811 3243 3136 3314 scripsimus
3159 3245 3227 3300 de
3251 3260 3312 3300 ea
3353 3261 3432 3309 re,

1855 3337 2001 3407 quod
2032 3352 2163 3401 nos,
2195 3343 2483 3407 propterea
2528 3337 2674 3407 quod
2715 3339 3125 3394 communicare
3167 3338 3437 3395 ncllemus

1856 3449 1982 3488 cum
2041 3447 2106 3488 eo
2163 3433 2258 3502 qui
2314 3433 2618 3487 adulterum
2666 3441 3045 3499 coronaverat,
3080 3447 3258 3502 neque
3311 3448 3442 3488 cum.

1857 3525 2224 3580 antecedente
2254 3523 2582 3592 patriarcha,
2612 3539 2737 3578 cum
2767 3523 2818 3578 ei
2840 3525 3214 3579 tantummodo
3237 3524 3438 3594 imper-

1859 3613 2014 3678 tiret;
2043 3612 2274 3667 diversis
2305 3613 2480 3668 modis
2521 3613 2775 3667 exsilium
2807 3613 3189 3682 pertulerimus
3237 3633 3249 3667 :
3294 3629 3438 3684 pre-

1859 3709 2106 3772 terquam
2155 3703 2297 3771 quod
2342 3702 2715 3758 venerandum
2764 3703 2942 3773 ipsum
2975 3718 3037 3758 os
3066 3718 3254 3759 eorum
3291 3721 3438 3775 sche

1859 3791 2138 3857 discussit,
2172 3800 2228 3845 et
2277 3792 2540 3862 comperit
2573 3792 2687 3846 haec
2728 3792 2800 3846 ita
2846 3808 2903 3848 se
2934 3794 3155 3848 habere.
3193 3794 3306 3848 Hoc
3353 3805 3437 3850 est

1861 3893 2187 3950 responsum
2230 3890 2478 3935 nostrum
2513 3899 2525 3933 :
2561 3880 2744 3950 idque,
2780 3889 2838 3935 ut
2884 3880 3088 3946 innuis,
3136 3880 3318 3949 perfer
3368 3882 3435 3935 ad

1861 3971 2106 4043 ipsorum
2128 3971 2476 4028 audientiam.

2192 4306 2378 4364 XXIV.
2403 4339 2473 4350 —
2506 4309 2788 4366 Tlteoctisto
2823 4311 3096 4382 Magistro.

1038 4449 1136 4500 Cur
1158 4462 1186 4499 a
1209 4447 1488 4512 patriarcha
1515 4460 1572 4498 se
1594 4447 1898 4511 abjunxerit.
1926 4451 2128 4514 (Baron.
2152 4463 2232 4500 an.
2254 4451 2364 4514 808,
2396 4465 2448 4502 n.
2474 4451 2576 4511 10.)

249 4563 376 4618 Ὀτι
405 4579 476 4617 πε
487 4562 858 4633 ριπονουμένη
881 4560 998 4616 ἐστὶ
1025 4561 1096 4614 τὰ
1128 4560 1252 4616 καθ’
1276 4563 1426 4633 ἡμᾶς
1449 4565 1482 4631 ἡ
1521 4562 1754 4632 μεγίστη

1929 4565 2086 4633 Quod
2115 4566 2183 4621 de
2217 4565 2374 4624 nobis
2403 4581 2502 4635 pro
2530 4566 2727 4622 eximia
2759 4580 2855 4622 sua
2879 4565 3084 4636 pietate
3114 4563 3343 4618 sollicita
3370 4564 3440 4617 sit

183 4675 274 4713 σου
314 4655 568 4730 ὑπεροχὴ
618 4654 678 4722 ἐξ
727 4653 1179 4727 ὑπερϐαλλούσης
1213 4655 1532 4724 φιλοθεῖας,
1585 4653 1754 4719 ἔδειξε

184 4749 280 4818 μὲν
329 4749 426 4804 καὶ
471 4747 543 4801 τά
572 4746 661 4800 διὰ
708 4745 804 4799 τοῦ
854 4745 1252 4800 εὐλαόεστάτου
1301 4745 1609 4816 ἡγουμένου
1664 4748 1759 4816 ρή-

183 4856 346 4909 ματα.
387 4838 741 4909 Ἐφανέρωσε
776 4836 832 4889 δὲ
875 4839 969 4890 καὶ
1015 4836 1109 4890 νῦν
1155 4838 1224 4889 τὰ
1269 4837 1358 4891 διὰ
1389 4837 1480 4892 τοῦ
1526 4836 1756 4906 ἀδελφοῦ

181 4930 332 5000 ἡμῶν
375 4931 517 5002 πρὸς
555 4930 626 4982 τά
669 4928 933 4982 σταλέντα
963 4927 1261 4998 δηλώματά
1293 4946 1353 4980 τε
1383 4931 1478 4982 καὶ
1521 4931 1756 4982 ἀνταπο-

179 5021 451 5091 κρίματα.
492 5020 606 5074 Καὶ
654 5018 752 5088 τῆς
803 5017 946 5089 ὑπὲρ
1005 5017 1343 5090 τηλικαύτης
1396 5037 1488 5074 σου
1541 5019 1755 5090 ἀγαθῆς

1858 4655 2176 4710 excellentia
2207 4665 2318 4720 tua,
2353 4654 2629 4710 declarant
2650 4670 2780 4710 sane
2810 4669 2932 4723 qua
2953 4669 3052 4724 per
3083 4651 3433 4707 reverendis-

1856 4747 2053 4802 simum
2094 4747 2443 4818 praepositum
2487 4746 2838 4817 significasti;
2874 4753 2929 4800 at
2960 4760 3072 4799 non
3119 4745 3301 4799 minus
3346 4743 3437 4798 illa

1856 4854 1978 4908 quae
2008 4853 2152 4893 nunc
2187 4853 2283 4908 per
2312 4837 2535 4892 fratrem
2577 4845 2851 4902 nostrum,
2884 4837 3029 4890 circa
3059 4835 3256 4890 missas
3293 4834 3436 4888 rela~

1861 4929 2036 4984 tiones
2083 4938 2137 4984 et
2179 4943 2459 4998 responsa.
2487 4926 2555 4982 Et
2583 4943 2682 4998 pro
2712 4928 2814 4984 hac
2842 4929 3060 4998 quidem
3112 4936 3261 4982 tanta
3307 4942 3433 4998 erga

1859 5020 2153 5074 utilitatem
2204 5034 2549 5074 communem
2607 5019 2972 5090 propensione
3005 5028 3095 5074 tua
3127 5019 3434 5074 mercedem

181 5107 470 5175 διαθέσεως
513 5107 651 5180 πρὸς
703 5107 765 5162 τὺ
805 5111 962 5179 κοινῇ
1009 5109 1310 5181 συμφέρον,
1363 5110 1489 5172 τοὺς
1528 5109 1751 5181 μισθοὺς

1859 5111 1932 5166 illi
1966 5112 2213 5176 omnino,
2245 5112 2406 5168 etiam
2455 5110 2760 5168 tacentibus
2795 5110 2976 5176 nobis,
3009 5110 3295 5176 retribuet,
3338 5112 3433 5180 qui

1693 5308 1922 5367 ΝΟΤᾸΕ.

252 5449 363 5521 (20)
403 5450 758 5521 Θεοκτίστῳ.
799 5448 862 5521 pls
901 5447 1206 5521 Nicephoro
1260 5450 1326 5505 ad
1382 5449 1763 5521 occupandum

184 5518 468 5592 imperium
524 5519 751 5592 Aadjutor
790 5520 910 5586 fuit,
958 5518 1135 5592 eoQue
1187 5520 1240 5574 in
1291 5518 1757 5592 erpediti'onead-

183 5589 372 5645 versus
433 5589 703 5659 Buigaros
761 5602 1003 5656 mortuo,
1042 5589 1404 5646 'Stauraciut’n
1436 5591 1556 5660 ejus
1588 5591 1760 5645 lilium

186 5660 542 5726 proclamavit
599 5660 1009 5728 imperatorem.
1072 5660 1195 5717 Mox
1239 5675 1505 5717 converso
1545 5663 1610 5715 ad
1663 5660 1761 5715 Mi-

186 5728 420 5785 chaelem
470 5729 832 5800 Curopalaten
890 5731 1091 5796 studio,
1159 5731 1311 5785 illum
1357 5731 1424 5784 ad
1468 5732 1756 5801 imperium

186 5801 427 5865 provexit
467 5820 478 5856 :
517 5815 579 5857 ac
613 5801 714 5858 sub
750 5801 867 5871 ipso
898 5801 1174 5871 publicam
1212 5816 1326 5858 rem
1366 5810 1626 5872 tanquam
1663 5819 1757 5858 su-

1863 5464 2046 5518 prema
2094 5457 2360 5516 potestate
2403 5449 2824 5505 administravit.
2879 5449 3295 5518 (Τιιεοριιλινεε.)
3335 5453 3433 5509 De-

1862 5535 2011 5573 mutn
2040 5518 2333 5590 Michaelis
2355 5519 2514 5590 jussu
2546 5536 2575 5573 a
2611 5519 2779 5573 Barda
2807 5529 2862 5574 et
2891 5518 3222 5590 TheOpltaue
3274 5521 3433 5580 Phal-

1861 5604 2003 5657 gano
2044 5589 2281 5644 occisus.
2317 5588 2426 5644 ero
2467 5587 2872 5645 Grammaticus
2901 5590 2967 5644 ad
3016 5587 3219 5646 calcem
3251 5590 3433 5651 Theo-

1858 5659 2075 5727 phanis,
2112 5675 2232 5728 pag.
2262 5661 2389 5715 461.

1929 5729 2038 5795 (Ἣ)
2080 5731 2414 5805 [Hm-[arma
2473 5731 2562 5805 Sic
2607 5733 2784 5805 dictus
2819 5743 2900 5787 est
2941 5733 3057 5785 κατ’
3098 5734 3286 5805 ἐξοχὴν
3320 5751 3434 5789 nia»

1855 5799 2022 5870 gistcr
2049 5797 2348 5855 olliciorum
2381 5803 2432 5857 in
2468 5803 2666 5873 palatio
2711 5804 3118 5874 imperatorum.
