4008 6318
597 380 700 443 983

1776 370 1834 430 S.
1874 372 1970 429 TH
1983 371 2265 432 EODORI
2298 373 2645 433 STUDITA!

3741 383 3849 453 984

598 491 778 547 omnia
801 489 854 540 in
885 485 1126 556 pondere
1161 490 1215 536 et
1240 497 1494 536 mensura
1516 480 1702 535 dividit
1723 481 1863 536 Deus
1880 483 1943 534 ⁶⁰.
1979 483 2150 548 Quam

2275 484 2532 553 λογιεῖται
2579 489 2714 557 αὑτῇ
2766 488 2982 552 πάντως
3026 490 3122 543 καὶ
3167 491 3325 561 ἡμῶν
3372 495 3446 564 μὴ
3504 496 3776 564 λεγόντων
3821 507 3848 556 ό

595 597 718 638 nam
751 593 879 633 vero
907 575 1393 644 dispensationem,
1435 572 1676 635 domine,
1710 571 1826 626 fieri
1875 589 1971 641 pro
2017 584 2168 642 parte

595 681 780 727 nostra
827 667 1100 729 convenit,
1147 666 1409 734 majorem
1445 678 1508 718 ea
1543 679 1647 732 qua
1679 665 1762 717 usi
1811 666 2039 719 sumus?
2075 667 2168 735 qui

595 762 950 819 subduximus
975 773 1075 811 nos
1119 757 1400 819 hactenus,
1443 753 1717 808 silentium
1743 763 2044 818 servantes,
2069 771 2168 825 ego

593 864 648 910 et
687 852 1162 918 archiepiscopus;
1193 846 1450 915 quoniam
1505 854 1722 913 tempus
1757 856 1841 899 est
1886 847 2164 914 loquendi,

591 953 646 999 et
703 953 914 1011 tempus
971 938 1530 1001 tacendi“;omnem
1575 951 1794 1005 operam
1847 938 2168 994 adhibentes

594 1047 664 1087 ne
692 1032 746 1084 in
777 1039 1025 1099 apertum
1058 1041 1146 1080 res
1190 1026 1420 1080 veniret.
1459 1024 1562 1078 Sed
1599 1026 1849 1094 judicans
1890 1027 2166 1094 judicavit,

592 1136 694 1176 nec
723 1121 982 1173 mentitus
1014 1128 1097 1173 est
1128 1117 1220 1185 qui
1249 1116 1384 1170 dixit
1418 1134 1430 1169 :
1463 1115 1611 1168 Nihil
1645 1125 1719 1170 est
1740 1117 2001 1170 occultum
2033 1123 2169 1188 quod

591 1229 694 1265 non
742 1209 1153 1275 revelabitur“;
1195 1217 1254 1262 ut
1280 1209 1437 1261 nobis
1468 1208 1629 1261 etiam
1665 1208 1997 1274 nolentibus,
2044 1226 2166 1265 cum

587 1317 654 1355 eo
701 1312 844 1355 statu
897 1314 984 1352 res
1036 1309 1241 1365 essent,
1271 1315 1380 1352 non
1433 1299 1527 1352 diu
1582 1299 1729 1352 aliud
1768 1315 1927 1368 quam
1985 1310 2163 1373 erant,

588 1412 711 1452 esse
761 1396 1095 1452 viderentur.
1120 1395 1275 1450 Nunc
1303 1405 1481 1449 autem
1508 1396 1916 1465 dispensatione
1950 1414 2166 1469 quoque

587 1496 824 1553 utentes,
857 1489 970 1543 duo
1007 1487 1122 1541 haec
1153 1487 1400 1542 dicimus.
1439 1489 1547 1541 Aut
1590 1488 1856 1542 abstineat
1883 1489 2166 1558 depositus

586 1595 617 1634 a
667 1595 895 1634 munere
947 1579 1266 1641 sacerdotis,
1301 1588 1356 1632 et
1385 1578 1671 1633 confestim
1699 1581 2166 1636 communicamus

585 1684 712 1725 cum
744 1681 935 1725 sancto
959 1671 1050 1724 illo
1077 1670 1408 1739 patriarcha,
1433 1670 1579 1738 quod
1610 1671 1828 1741 quidem
1864 1673 2084 1741 expedit
2108 1673 2163 1728 in

586 1779 873 1819 commune
902 1784 911 1817 :
939 1775 1033 1819 aut
1063 1767 1107 1820 si
1136 1765 1420 1819 ferendum
1447 1765 1500 1819 id
1532 1782 1642 1820 non
1671 1773 1774 1830 est,
1807 1783 2089 1824 manemus
2109 1779 2163 1824 et

584 1869 688 1910 nos
733 1855 788 1909 in
840 1855 1051 1920 eadem,
1089 1870 1195 1924 qua
1230 1856 1401 1924 prius,
1431 1856 1822 1922 subtractione,
1873 1859 2036 1926 hujus
2079 1862 2156 1914 rei

584 1946 879 2001 vindictam
905 1946 1131 2002 Domino
1155 1947 1541 2015 relinquentes.
1571 1947 1815 2015 Amplius
1844 1949 1928 2004 his
1955 1949 2000 2004 si
2026 1951 2157 2018 quid

583 2045 688 2100 est,
716 2038 827 2108 jam
858 2053 966 2092 non
993 2048 1095 2100 est,
1119 2038 1358 2108 ignosce,
1379 2037 1798 2106 dispensationis
1823 2039 2036 2107 modus,
2063 2041 2156 2095 sed

585 2130 910 2199 iniquitatis,
941 2139 996 2185 et
1037 2129 1343 2185 divinorum
1385 2143 1654 2183 canonum
1712 2131 2156 2201 transgressionis

583 2222 810 2275 crimen.
843 2221 1274 2290 Dispensationis
1310 2220 1455 2274 enim
1483 2221 1744 2275 terminus
1776 2230 1879 2285 est,
1905 2230 1962 2276 ut
1986 2224 2153 2289 nosti,

583 2326 760 2381 neque
818 2327 1028 2377 eorum,
1061 2327 1181 2380 qua:
1227 2311 1519 2365 constituta
1571 2321 1716 2371 sunt.
1749 2312 1952 2367 violare
1999 2313 2155 2382 quid-

583 2420 775 2475 quam;
831 2420 1027 2472 neque,
1074 2420 1198 2458 cum
1247 2419 1436 2474 parum
1469 2403 1670 2473 aliquid
1699 2406 1972 2459 remittere
1998 2406 2157 2461 liceat

583 2516 683 2570 pro
712 2509 959 2568 tempore
990 2513 1053 2553 ac
1091 2498 1395 2562 ratione,ut
1428 2497 1551 2551 inde
1577 2496 1722 2566 quod
1764 2512 1820 2550 re
1852 2497 1969 2566 ipsa
2005 2513 2154 2567 qua:-

586 2593 746 2656 ritur,
779 2608 1117 2662 consequare
1140 2631 1154 2655 ,
1187 2591 1255 2646 ad
1283 2591 1503 2646 duriora
1538 2591 1784 2660 provehi,
1809 2601 1864 2646 et
1889 2591 2156 2661 jacturam

585 2681 763 2738 facere
792 2683 1085 2752 potiorum.
1119 2681 1295 2751 Atque
1325 2682 1428 2735 hoc
1458 2681 1634 2750 ipsum
1662 2681 1969 2747 didicimus,
2013 2683 2155 2736 inter

583 2775 858 2842 apostolos
887 2772 1126 2842 quidem,
1152 2787 1217 2824 ex
1257 2770 1420 2824 Paulo
1457 2770 1826 2824 sanctificante
1867 2786 1925 2825 se
1958 2781 2012 2825 et
2045 2773 2152 2826 cir-

585 2864 929 2918 eumeidente
963 2863 1400 2928 Timotheum“;
1433 2861 1574 2915 inter
1607 2860 1818 2926 Patres,
1842 2879 1907 2916 ex
1952 2878 2148 2933 magno

588 2954 781 3011 Basilio
825 2952 1069 3008 Valentis
1115 2968 1313 3007 munus
1342 2961 1678 3022 acceptante,
1711 2952 1913 3022 Deique
1943 2955 2143 3008 nudam

582 3062 773 3104 vocem
804 3047 870 3101 ad
916 3058 1129 3114 tempus
1177 3045 1439 3098 reticente
1486 3044 1541 3097 in
1594 3044 1871 3097 mentione
1918 3045 2153 3113 Spiritus

583 3139 780 3195 sancti.
815 3139 1078 3192 Caeterum
1129 3151 1230 3190 nec
1273 3135 1470 3189 Paulus
1522 3133 1860 3189 sanctiﬁcare
1897 3136 2151 3202 perstitit,

584 3246 687 3286 nec
717 3230 946 3286 Basilius
988 3228 1230 3283 Valentis
1252 3229 1390 3284 dona
1424 3243 1637 3298 capere,
1677 3229 1953 3297 Deumque
1983 3228 2158 3298 Spiri-

584 3331 700 3378 tum
751 3333 997 3378 sanctum
1043 3337 1152 3376 non
1189 3321 1500 3390 prmdicare.
1555 3318 1695 3384 Quin
1748 3319 1910 3387 ambp
1963 3330 2152 3376 contra

583 3431 683 3488 pro
708 3416 951 3484 utrisque
978 3423 1207 3469 mortem
1231 3422 1557 3484 praeoptasse
1575 3411 1846 3465 videntur.

2279 577 2456 629 πάντα
2487 577 2669 647 μέτρῳ
2697 579 2791 631 καὶ
2820 579 3048 650 σταθμῷ
3076 581 3324 652 διορίζων
3347 585 3501 650 Θεός.
3535 589 3670 643 Τίνα
3689 592 3744 645 δὲ
3769 595 3850 650 δεῖ

2276 667 2589 754 οἰκονομίαν
2616 669 2903 735 γενέσθαι,
2933 665 2977 723 ὦ
3009 673 3264 740 δέσποτα,
3291 676 3413 730 ὅσον
3446 679 3506 731 τὸ
3543 682 3669 734 καθ’
3701 685 3846 754 ἡμᾶς

2277 757 2437 809 πλέον
2466 753 2534 830 ἧς
2569 762 2981 830 πεποιήκαμεν;
3018 765 3099 816 ὄτι
3147 765 3252 829 ἕως
3283 767 3379 820 τοῦ
3425 773 3692 840 παρόντος
3738 777 3845 828 ὑπ-

2276 849 2594 917 εστείλαμεν
2643 853 2866 915 ἑαυτοὺς
2906 855 3115 926 σιωπὴν
3158 857 3385 925 ἄγοντες
3423 862 3532 929 ἐγώ
3591 882 3650 918 τε
3691 870 3782 920 καὶ
3819 871 3848 923 ό

2277 939 2707 1008 ἀρχιεπίσκοπος
2730 985 2744 1008 ,
2779 945 2902 998 ἐπεὶ
2931 946 3025 998 καὶ
3052 949 3245 1019 καιρὸς
3275 951 3370 1004 τοῦ
3413 953 3590 1008 λαλεῖν
3617 960 3709 1010 καὶ
3747 962 3844 1016 τοῦ

2279 1033 2458 1100 σιγᾷν,
2509 1033 2686 1086 πάντα
2727 1038 2929 1106 τρόπον
2980 1039 3358 1107 μεθοδεύοντες
3403 1045 3483 1109 εἰς
3527 1047 3592 1100 τὸ
3632 1049 3708 1121 μὴ
3762 1053 3846 1114 εἰς

2276 1122 2551 1192 προῦπτον
2578 1129 2805 1199 ἐκὸῆναι
2846 1132 2947 1201 τὴν
2987 1133 3267 1188 ὑπόθεσιν.
3307 1137 3448 1191 Ἀλλ’
3479 1142 3506 1193 ὁ
3534 1143 3846 1213 ἀνακρίνων

2273 1218 2547 1288 ἀνέκρινε,
2573 1222 2670 1273 καὶ
2693 1223 2722 1274 ὁ
2746 1223 2916 1276 εἰπὼν
2974 1225 3035 1277 οὑ
3075 1226 3403 1296 διέψευσται,
3435 1231 3517 1285 ὅτι
3559 1237 3679 1288 Οὐκ
3709 1237 3844 1293 ἔστι

2274 1311 2544 1376 κρυπτὸν
2583 1312 2614 1365 ὃ
2653 1315 2725 1367 οὐ
2759 1317 3243 1385 φανερωθήσεται
3271 1337 3284 1349 ·
3316 1323 3392 1382 ὡς
3430 1326 3522 1376 καὶ
3567 1327 3723 1395 ἡμῶν
3764 1329 3843 1401 μὴ

2273 1401 2650 1471 αἱρουμένων,
2698 1404 2842 1458 οὕτω
2890 1408 3107 1474 φύσεως
3139 1410 3370 1480 ἐχόντων
3415 1414 3522 1466 τῶν
3576 1420 3842 1489 πραγμά-

2275 1510 2405 1560 των,
2440 1494 2514 1565 μὴ
2541 1496 2638 1549 ἐπὶ
2669 1497 2804 1552 πολὺ
2829 1499 3007 1569 παρ’ὄ
3039 1501 3197 1567 εἰσιν,
3233 1503 3417 1572 ἕτερόν
3440 1523 3491 1560 τι
3525 1510 3838 1576 φαίνεσθαι.

2272 1583 2382 1636 Καὶ
2404 1583 2500 1638 νῦν
2528 1585 2584 1638 δὲ
2609 1588 2891 1659 οἰκονομίᾳ
2923 1589 3217 1660 χρώμενοι,
3247 1595 3341 1648 δύο
3370 1598 3541 1650 ταῦτα
3565 1598 3800 1672 λέγομεν
3822 1615 3838 1632 ·

2269 1674 2349 1726 ὅτι
2389 1676 2653 1745 ἢπαύσει
2705 1680 2732 1731 ὁ
2779 1681 3164 1754 καθῃρημένος
3211 1686 3310 1756 τῆς
3354 1687 3700 1760 ἱερουργίας,
3740 1698 3841 1749 καὶ

2271 1767 2402 1836 παρ’
2447 1770 2587 1820 αὐτὰ
2620 1773 3097 1844 συγκοινωνοῦμεν
3133 1775 3210 1845 τῷ
3253 1777 3394 1848 ἁγίῳ
3431 1781 3606 1852 τούτῳ
3636 1803 3833 1856 πατριο

2197 1846 2235 1899 Β
2267 1856 2411 1927 άρχῃ
2431 1875 2444 1889 °
2463 1858 2490 1910 δ
2513 1859 2608 1912 καὶ
2632 1861 2907 1926 λυσιτελὲς
2931 1866 3072 1917 κατά
3101 1867 3278 1920 κοινοῦ
3304 1886 3316 1899 ·
3338 1846 3377 1938 ῆ-
3401 1871 3449 1923 εἰ
3479 1871 3554 1943 μὴ
3576 1846 3835 1940 ἀνεκτδν,

2261 1950 2354 2001 καὶ
2379 1951 2547 2020 ἐσμὲν
2581 1952 2686 2005 ὑπὸ
2725 1954 2825 2022 τῆς
2859 1956 3028 2024 αὑτῆς
3064 1957 3329 2028 συστολῆς
3372 1963 3512 2014 κατὰ
3547 1964 3606 2015 τὸ
3638 1965 3838 2035 πρόιτε-

2260 2057 2373 2109 ρον,
2403 2041 2479 2112 τῷ
2505 2045 2695 2115 Κυρίῳ
2718 2047 2816 2117 τὴν
2843 2049 2984 2119 ὑπὲρ
3013 2049 3105 2104 τοῦ
3135 2052 3380 2106 τοιούτου
3410 2055 3706 2122 κεφαλαίου
3734 2060 3828 2115 Ex-

2256 2132 2471 2202 δίκησιν
2519 2140 2998 2208 παραχωροῦντες.
3034 2143 3106 2195 Τὸ
3134 2144 3189 2197 δὲ
3225 2146 3412 2215 μεῖζον
3439 2147 3653 2213 τούτου,
3699 2153 3836 2207 οὑκ-

2258 2225 2359 2291 έτι,
2392 2227 2687 2294 σύγγνωθι,
2721 2231 3036 2302 οἰκονομίας
3061 2237 3284 2306 τρόπος,
3324 2238 3458 2292 ἀλλά
3486 2243 3836 2312 παρανομίας

2255 2317 2352 2368 καὶ
2384 2318 2752 2388 παραϐάσεως
2795 2319 2904 2374 τῶν
2938 2322 3098 2380 θείων
3133 2327 3372 2383 κανόνων
3404 2330 3640 2402 ὄφλημα.
3669 2335 3836 2388 Οἰκοο

2255 2408 2447 2475 νομίας
2476 2409 2585 2479 γὰρ
2615 2412 2759 2481 ὅρος,
2791 2413 2867 2477 ὼς
2905 2411 3080 2478 οἶσθα,
3135 2419 3273 2490 μήτε
3318 2438 3371 2475 τι
3417 2423 3525 2475 τῶν
3559 2427 3834 2494 κειμένων

2256 2497 2468 2552 ἀθετεῖν
2496 2502 2726 2555 καθόλου
2748 2544 2762 2567 ,
2797 2507 2935 2575 μήτε
2964 2508 3051 2577 ἐφ’
3079 2502 3123 2576 ᾧ
3160 2506 3270 2563 οἷόν
3292 2528 3349 2564 τε
3390 2517 3583 2584 μικρὸν
3612 2519 3830 2585 ὑφεῖναι

2256 2589 2398 2682 κατὰ
2431 2593 2620 2658 καιρὸν
2655 2599 2749 2648 καὶ
2780 2597 2962 2666 λόγον⁸
3008 2600 3085 2669 ὡς
3115 2602 3365 2656 ἐντεῦθεν
3396 2606 3576 2678 εὑρεῖν
3620 2612 3682 2662 τὸ
3727 2612 3827 2682 ζη-

2253 2679 2514 2749 τούμενον
2547 2685 2785 2752 ἀτεχνῶς
2805 2705 2820 2718 ·
2850 2689 2987 2759 πρὸς
3027 2691 3087 2744 τὸ
3115 2692 3471 2766 σφοδρότερον
3520 2679 3830 2768 ὑπάγεσθαι

2252 2771 2332 2842 τῷ
2377 2774 2682 2844 πράγματι,
2718 2779 2814 2830 καὶ
2859 2780 3187 2850 ζημιοῦσθαι
3237 2784 3308 2838 τὰ
3339 2787 3670 2860 τελεώτερα.
3715 2795 3830 2847 Καὶ

2252 2863 2414 2955 τοῦτο
2440 2865 2827 2938 δεδιδάγμεθα,
2857 2873 2914 2924 ἐν
2940 2873 3040 2941 μὲν
3063 2877 3176 2940 τοῖς
3199 2876 3539 2946 ἀποστόλοις,
3560 2884 3710 2955 παρά
3729 2885 3826 2939 τοῦ

2253 2954 2485 3017 Παύλου,
2539 2960 2907 3028 ἀγνισαμένου
2940 2964 3034 3017 καὶ
3082 2971 3469 3038 περιτεμόντος
3513 2974 3606 3027 τὸν
3644 2954 3830 3047 Τιμό-

2253 3048 2374 3101 θεον
2398 3065 2409 3076 ·
2442 3051 2500 3102 ἐν
2527 3052 2582 3104 δὲ
2609 3057 2722 3113 τοῖς
2747 3055 3012 3125 Πατράσι,
3058 3062 3206 3130 παρά
3233 3061 3325 3115 τοῦ
3375 3066 3612 3134 μεγάλου
3663 3070 3829 3123 Βασι-

2259 3141 2423 3202 λείου,
2455 3146 2874 3213 προσηκαμὲνου
2899 3148 2960 3201 τὺ
2991 3149 3183 3219 λῆμμα
3224 3153 3318 3206 τοῦ
3349 3157 3652 3224 Οὐάλεντος
3675 3201 3691 3226 ,
3733 3165 3828 3217 καὶ

2265 3227 2745 3322 ὑποσιωπήσαντος
2793 3236 2929 3305 πρὸς
2958 3234 3149 3308 καιρὸν
3199 3242 3297 3308 τὴν
3326 3243 3459 3308 Θεὸς
3507 3251 3693 3322 φωνὴν
3732 3269 3829 3320 γυ-

2264 3319 2642 3411 μνὴνγὲπὶγτοῦ
2672 3323 3008 3393 Πνεῦματος.
3055 3329 3190 3381 Ἀλλ’
3224 3330 3346 3384 οὕτε
3383 3333 3411 3383 ὁ
3443 3319 3657 3402 Παῦλος
3683 3319 3830 3411 ἐμει-

2261 3426 2350 3462 νεν
2398 3410 2749 3480 άγνιζόμενος
2775 3452 2788 3474 ,
2819 3415 2942 3466 οὔτε
2973 3416 3255 3482 Βασίλειος
3288 3410 3724 3497 προσηκάμενος
3749 3431 3826 3486 ἔτι

583 3512 644 3564 τὺ
670 3509 766 3564 τοῦ
802 3509 1101 3573 Οὐάλεντος
1140 3509 1333 3579 δῶρον,
1365 3509 1458 3561 καὶ
1492 3509 1566 3577 μὴ
1596 3509 1888 3576 κηρύττων
1923 3505 2056 3559 Θεὸν
2098 3506 2158 3559 τὸ
2199 3505 2424 3577 Πνεῦμα
2451 3523 2464 3537 ·
2524 3508 2834 3563 τούναντίον
2898 3510 2997 3580 μὲν
3023 3508 3116 3565 οὖν
3145 3514 3444 3586 ἀμφότεροι
3470 3520 3607 3592 ὑπὲρ
3639 3525 3830 3579 ἑκατέ-

588 3624 694 3677 ρων
727 3604 991 3665 θανάτους
1022 3604 1381 3672 αἱρησάμενοι
1414 3603 1718 3669 φαίνονται.

655 3697 735 3751 Ad
766 3697 912 3750 hunc
941 3694 1159 3748 modum
1188 3693 1497 3763 quicunque
1527 3705 1764 3759 unquam
1789 3704 1918 3744 usus
1942 3697 2026 3744 est
2047 3690 2154 3747 dis-

584 3788 922 3859 pensatione,
978 3801 1008 3840 a
1062 3794 1211 3840 recto
1251 3800 1359 3839 non
1405 3783 1679 3839 aberravit
1728 3801 1740 3836 :
1788 3783 1938 3852 quin,
1993 3784 2155 3837 citius

584 3891 866 3937 assecutus
895 3889 976 3933 est
997 3879 1142 3947 quod
1168 3893 1461 3946 parumper
1491 3875 1781 3929 intermisit
1809 3895 1819 3928 :
1846 3877 1984 3929 sicut
2013 3877 2156 3930 acci-

586 3974 714 4026 dere
755 3970 893 4024 solet
921 3969 1292 4040 gubernatori,
1327 3968 1538 4022 clavum
1574 3968 1822 4020 nonnihil
1856 3967 2154 4020 remittenti

587 4072 806 4132 propter
843 4060 1124 4113 adversam
1155 4057 1302 4112 venti
1342 4064 1738 4125 tempestatem.
1772 4055 1873 4123 Qui
1903 4071 2032 4110 vero
2061 4055 2154 4107 ali-

586 4165 668 4212 ter
697 4166 1014 4221 progressus
1047 4159 1146 4212 est,
1185 4148 1456 4202 aberravit
1479 4163 1508 4200 a
1539 4162 1726 4215 scopo,
1755 4146 2154 4215 prmvaricatio-

585 4261 710 4300 nem
733 4244 994 4298 inducens
1015 4257 1110 4311 pro
1129 4240 1558 4308 dispensatione.
1579 4231 1647 4292 Et
1671 4239 1916 4306 exempla
1934 4237 2156 4292 omnino

587 4338 752 4390 multa
784 4343 930 4399 sunt,
969 4349 1088 4404 qua:
1125 4333 1361 4386 scribere
1387 4346 1848 4400 supervacaneum
1899 4338 2000 4393 est,
2033 4345 2156 4398 pro-

587 4436 707 4496 pter
723 4425 944 4478 nimiam
976 4421 1355 4491 prolixitatem.
1380 4418 1532 4483 Quod
1573 4433 1699 4472 vero
1720 4433 1748 4471 a
1778 4417 2155 4471 Dominatione

587 4527 678 4572 tua
707 4515 912 4570 dictum
946 4523 1049 4576 est,
1080 4513 1134 4566 in
1169 4526 1378 4567 canone
1408 4510 1772 4579 apostolorum
1790 4509 1834 4540 “
1860 4509 1927 4562 de
1955 4501 2038 4561 his
2061 4508 2152 4577 qui

587 4607 847 4677 pecunias
880 4605 1152 4666 ordinant,
1189 4613 1244 4657 et
1297 4603 1388 4671 qui
1444 4602 1786 4664 ordinantur,
1835 4601 2153 4654 remissmne

588 4697 818 4767 quadam
865 4712 1023 4750 usum
1058 4695 1225 4748 videri
1257 4693 1700 4762 Chrysostomutn
1732 4705 1859 4761 erga
1897 4708 1988 4744 sex
2038 4691 2145 4758 epi-

588 4805 780 4858 scopos
803 4803 939 4858 quos
961 4787 1239 4856 deposuit;
1270 4786 1402 4839 nihil
1439 4785 1488 4837 id
1519 4785 1806 4853 discrepat,
1832 4793 1885 4837 et
1907 4785 1948 4837 si
1974 4784 2152 4838 vidca-

591 4890 720 4934 tur:
754 4896 874 4935 cum
926 4880 1144 4948 privans
1183 4878 1300 4932 illos
1355 4878 1500 4930 omni
1555 4892 1776 4946 prorsus
1831 4876 2150 4938 sacerdotio,

591 4971 758 5025 solum
797 4970 900 5023 illis
934 4970 999 5022 ad
1036 4970 1203 5022 altare
1249 4968 1712 5037 participationem
1762 4969 2150 5036 permiserit“.

593 5063 791 5117 Demus
846 5071 1028 5114 autem
1081 5061 1409 5129 discrepare,
1443 5069 1495 5112 et
1547 5059 1918 5111 remissionem
1951 5058 2148 5111 inesse.

594 5155 877 5207 Imitentur
929 5167 1058 5207 sane
1115 5152 1204 5220 qui
1258 5151 1461 5218 volent,
1497 5150 1677 5203 nullus
1708 5149 2058 5218 prohibebit:
2091 5164 2151 5202 os

589 5247 734 5300 enim
787 5254 870 5300 est
909 5246 1022 5313 ipse
1071 5245 1184 5306 Dei,
1214 5252 1267 5295 et
1298 5243 1662 5312 apostolorum
1691 5240 2095 5296 contubernalis
2129 5258 2144 5294 :

593 5337 749 5406 cujus
795 5337 961 5391 multa
1006 5345 1374 5388 memorantur
1435 5335 1487 5386 in
1535 5334 1673 5386 hanc
1707 5333 1874 5395 diem,
1904 5340 1957 5385 et
1991 5347 2150 5384 nemo

591 5431 657 5485 de
688 5429 789 5481 hac
820 5442 876 5480 re
906 5426 1179 5481 dissensit.
1218 5427 1286 5479 At
1318 5425 1472 5494 longe
1503 5423 1685 5493 dispar
1717 5423 1806 5477 hic
1838 5424 1994 5476 ratio.
2044 5423 2150 5487 Qui

589 5521 734 5575 enim
767 5521 1036 5573 moechum
1059 5519 1355 5580 coronavit,
1375 5517 1529 5588 quasi
1558 5517 1771 5572 absurdi
1797 5515 1929 5569 nihil
1956 5514 2144 5584 egerit,

589 5610 757 5668 sacris
803 5610 996 5664 iterum
1038 5617 1312 5679 operatur,
1357 5624 1531 5678 neque
1584 5609 1636 5662 in
1687 5609 1868 5662 abdito
1893 5607 2145 5676 quopiam

660 5751 704 5783 ⁸⁸
732 5749 858 5821 Sap.
883 5750 1064 5805 H.221.
1143 5750 1181 5781 “
1207 5749 1379 5805 Ecclc.
1405 5766 1482 5814 Ill,
1503 5750 1557 5804 7.

2329 3689 2514 3752 Οὕτως
2542 3708 2626 3753 τις
2655 3694 2718 3744 ὲκ
2755 3694 2847 3748 τοῦ
2885 3696 3080 3760 αἰῶνος
3109 3690 3427 3771 οἰκονομῶν,
3463 3705 3523 3757 οὑ
3573 3707 3828 3780 διέσφαλ..

2257 3797 2357 3875 ται
2398 3781 2492 3833 τοῦ
2543 3783 2744 3835 καλοῦ·
2786 3786 2979 3842 θᾶττον
3017 3789 3128 3860 γὰρ
3174 3791 3505 3862 ἐπεδράξατο
3552 3796 3581 3851 δ
3633 3806 3827 3875 μικρὸν

2256 3873 2523 3926 ἐνέλιπεν.
2567 3875 2654 3937 Ὧς
2685 3876 2776 3928 ἐπὶ
2809 3878 2904 3929 τοῦ
2935 3881 3352 3952 οἰακοστρόφου,
3389 3887 3693 3955 ὑπανέντος
3739 3873 3828 3964 μισ

2257 3963 2386 4032 κρὸν
2408 3966 2467 4016 τὸ
2491 3967 2771 4034 πηδάλιον,
2801 3968 2891 4021 διά
2920 3970 3018 4038 τὴν
3048 3972 3483 4032 ἀντιπνεύσασαν
3513 3963 3823 4052 καταιγίδα.

2269 4055 2507 4127 Ἑτέρως
2534 4059 2587 4110 δὲ
2622 4059 2914 4129 διενεχθεὶς
2961 4061 3228 4134 διήμαρτε
3276 4066 3371 4120 τοῦ
3425 4070 3660 4124 σκοποῦ·
3707 4076 3825 4129 ἀντὶ

2252 4146 2565 4216 οἰκονομίας
2595 4151 2904 4217 παράϐασιν
2948 4154 3193 4218 τελέσας.
3250 4159 3355 4211 Καὶ
3404 4160 3475 4213 τά
3523 4165 3823 4235 παραδείγ-

2257 4253 2398 4304 ματα
2435 4238 2623 4302 πολλὰ,
2656 4239 2691 4292 ἃ
2724 4242 2998 4309 παρέλκον
3031 4246 3147 4297 ἐστί
3179 4253 3412 4317 γράφειν
3456 4252 3548 4306 διὰ
3614 4255 3678 4308 τὸ
3726 4274 3823 4327 μα-

2256 4332 2544 4399 κρηγορές.
2581 4332 2652 4383 Τὸ
2681 4331 2737 4384 δὲ
2782 4333 2881 4404 τῆν
2924 4337 3221 4408 κυριότητά
3261 4357 3354 4394 σου
3388 4345 3560 4413 φῆσαι
3603 4348 3701 4401 ἐπὶ
3731 4349 3822 4403 τοῦ

2256 4420 2478 4482 κανόνος
2511 4423 2618 4474 τῶν
2646 4425 2989 4494 ἀποστόλων,
3038 4431 3165 4500 περὶ
3191 4432 3300 4485 τῶν
3329 4435 3385 4486 ὲν
3421 4439 3668 4507 χρήμασι
3706 4459 3821 4512 χει-

2185 4497 2228 4553 Ι)
2261 4512 2615 4580 ροτονούντων
2653 4518 2749 4569 καὶ
2789 4521 3300 4590 χειροτονουμένων,
3343 4524 3533 4593 ὕφεσιν
3563 4546 3690 4586 τινα
3707 4497 3821 4585 Ἀπε-

2256 4604 2544 4673 ποιηκὲναι
2606 4606 2697 4658 τὸν
2752 4610 3137 4681 Χρυσόστομον
3193 4616 3278 4682 ἐφ’
3334 4611 3409 4671 ὧν
3471 4621 3713 4692 καθῇρεν
3764 4623 3820 4689 ἒξ

2256 4696 2603 4749 ἐπισκόπων·
2653 4698 2804 4750 οὐδὲν
2846 4701 2906 4751 τὸ
2956 4703 3364 4770 παραλλάττον,
3403 4711 3452 4759 εἰ
3496 4711 3590 4763 καὶ
3637 4711 3817 4776 δοκεῖ,

2257 4786 2418 4854 ἡνίκα
2479 4790 2765 4851 κάκείνους
2819 4792 2998 4862 πάσης
3075 4795 3369 4867 ἱερωσύνης
3428 4800 3817 4874 ἀλλοτριώσας,

2261 4877 2427 4946 μόνην
2478 4880 2575 4945 τὴν
2631 4883 2708 4942 εἰς
2752 4882 2810 4934 τὸ
2854 4883 3239 4956 θυσιαστήριον
3289 4892 3593 4963 μετάληψιν
3638 4899 3820 4964 αὑτοῖς

2258 4969 2642 5040 παρεχώρησε.
2700 4973 2889 5041 Δῶμεν
2945 4975 3002 5028 δὲ
3069 4978 3161 5030 καὶ
3224 4982 3664 5054 παραλλάττειν,
3728 4993 3820 5044 καὶ

2262 5059 2452 5128 ὕφεσιν
2501 5062 2666 5131 ἔχειν.
2714 5065 3107 5134 Μιμείσοωσαν
3134 5071 3183 5122 οἰ
3229 5071 3574 5144 βουλόμενοι.
3611 5082 3704 5133 καὶ
3729 5083 3818 5134 οὑν

2256 5148 2365 5213 δεὶς
2396 5152 2423 5202 ὁ
2455 5151 2713 5205 κωλύσων
2734 5171 2746 5183 ·
2780 5156 2950 5224 στόμα
2982 5159 3087 5225 γάρ
3114 5159 3246 5212 Θεοῦ
3278 5164 3370 5214 καί
3399 5161 3573 5233 οὗτος,
3595 5172 3817 5225 καὶτῶν

2255 5241 2569 5293 ἀποστόλων
2596 5244 2895 5312 ὁμόσκηνος
2917 5262 2928 5272 ”
2961 5243 3019 5300 οὗ
3047 5250 3135 5299 καὶ
3165 5249 3332 5304 πολλὰ
3361 5255 3675 5328 μέμνηνται
3714 5264 3814 5326 ἕως

2257 5329 2348 5382 τοῦ
2395 5335 2682 5417 παρόντος,
2738 5335 2830 5386 καὶ
2884 5336 3055 5398 οὐδεὶς
3105 5341 3228 5410 περὶ
3271 5342 3460 5397 τούτου
3514 5347 3814 5417 διήνεκται.

2270 5421 2406 5472 Ἀλλ’
2439 5413 2563 5490 οὑχΐ
2589 5415 2690 5475 ὧδε
2720 5423 2892 5487 οὑτως
2924 5425 3054 5494 ἔχει.
3095 5428 3152 5478 Ὀ
3184 5429 3293 5500 γάρ
3333 5432 3423 5484 τὸν
3467 5413 3662 5506 μοιχὸν
3700 5458 3818 5494 στε.

2257 5511 2511 5578 φοιτώσας
2538 5553 2551 5576 ,
2595 5513 2669 5576 ὡς
2707 5514 2873 5584 μηδὲν
2922 5520 3219 5587 πεπραχὼς
3252 5522 3472 5586 ἄτοπον,
3523 5528 3819 5602 ίερουργῶν

2257 5605 2420 5658 πάλιν
2449 5606 2565 5658 ὲστί
2586 5622 2599 5634 ·
2619 5605 2716 5659 καὶ
2740 5606 2860 5660 οὑδὲ
2882 5607 2938 5661 ὲν
2966 5607 3255 5680 ἀποϐὑστῳ
3284 5629 3386 5667 που
3411 5616 3816 5690 εἰσερχόμενος,

1638 5747 2059 5813 °'.\lattlt.x,26.
2116 5747 2495 5814 “Actavuﬁi.
2561 5747 2863 5803 '"Can.9.8.
2931 5747 3187 5805 "Pallad.
3219 5750 3271 5805 in
3319 5750 3434 5808 Vita
3460 5754 3630 5824 Chrys
3671 5764 3816 5819 (λιες.
