4008 6318
189 366 308 431 985

1426 372 1960 433 EPISTOLARUM
1999 376 2146 436 LIB.
2190 380 2219 438 Ι
2229 425 2243 440 .

3352 394 3458 460 986

189 478 318 532 ἀλλ’
349 479 441 531 ἐπ’
490 478 660 546 αὐτῆς
714 477 812 547 τῆς
861 469 1156 547 καθολικῆς
1193 478 1548 550 Ἐκκλησίας·
1583 482 1659 546 ὼς
1693 482 1753 534 εἰς

1879 480 2017 546 loco,
2047 484 2143 538 sed
2172 483 2228 538 in
2258 485 2376 555 ipsa
2425 486 2666 545 Ecclesia
2700 493 2988 560 catholica,
3015 506 3272 566 tanquam
3296 518 3453 577 egre-

191 570 507 639 ὑπόδειγμα
534 569 700 622 καλὸν
729 572 843 634 τοῖς
876 569 1085 641 ἱερεῦσι
1112 573 1496 643 προκείμενος.

269 665 372 729 Τίς
433 663 490 718 δὲ
543 665 677 733 ἡμῖν
737 664 772 734 ὴ
825 663 919 717 τοῦ
986 664 1437 720 Οὐαλεντινιανοῦ
1505 666 1772 735 δυογαμία

191 758 425 828 ἐθνική;
477 758 574 811 καὶ
618 755 703 821 τίς
727 756 888 810 αὑτὸν
935 756 1286 826 στεφανώσας
1314 759 1418 810 ἐπὶ.
1434 759 1608 828 τούτῳ
1641 760 1772 812 ἀνα-

191 852 532 922 κηρύττεται
581 853 760 920 ἆγιος,
791 849 887 904 καὶ
929 850 1052 920 οὐχὶ
1096 852 1440 922 παράνομος,
1478 852 1637 922 εἴπερ
1675 852 1772 904 καὶ

190 945 579 1012 ἐστεφάνωται
610 962 626 1011 ;
661 944 770 997 Καὶ
819 943 903 1007 τίς
950 943 1251 1012 τηνικαῦτα
1303 943 1412 995 τῶν
1466 943 1770 998 θεσπεσίων

191 1036 461 1104 Πατέρων
499 1038 684 1104 γραφῇ
716 1035 1055 1105 παρέδωκεν,
1085 1035 1159 1097 ὡς
1195 1034 1358 1095 ὁσίως
1391 1032 1768 1087 Οὑαλεντινια-

189 1127 288 1190 νὸς
322 1127 615 1198 πεποίηκε,
636 1126 729 1178 δύο
755 1129 1018 1193 γυναῖκας
1045 1125 1312 1195 ἀγόμενος
1337 1166 1350 1189 ,
1387 1126 1478 1178 καὶ
1505 1125 1679 1196 χρεὼν
1704 1130 1769 1180 ἐκ

188 1219 292 1275 τοῦ
324 1219 484 1287 δεῦρο
515 1218 672 1270 τοῦτο
702 1216 1071 1284 πράττεσθαι;
1103 1215 1296 1269 Πολλοὶ
1325 1215 1505 1268 τοίνυν
1540 1216 1633 1269 καὶ
1675 1216 1768 1270 ἄλ-

190 1312 300 1373 λοι,
321 1310 506 1379 ἐπειδὴ
534 1309 594 1361 τὸ
622 1308 908 1379 βούλεσθαι
936 1309 1120 1372 αὐτοῖς
1147 1308 1310 1377 νόμος
1340 1309 1488 1361 ἐστὶν
1516 1309 1577 1361 οὐ
1599 1307 1763 1371 θεῖος,

189 1401 310 1456 ἀλλ’
336 1399 676 1471 ἀνθρώπινος
700 1399 793 1452 καὶ
821 1398 1314 1468 κατηγορούμενος,
1347 1397 1640 1467 δεδράκασι
1673 1398 1766 1451 καὶ

187 1493 454 1564 δράξουσι
491 1492 655 1562 τυχὸν
698 1491 812 1554 ἕως.
846 1489 941 1543 τοῦ
990 1489 1209 1552 αἰῶνος.
1251 1489 1389 1541 Ἀλλ’
1425 1491 1455 1559 ή
1488 1489 1581 1542 τοῦ
1629 1489 1764 1543 Θεοῦ

202 1584 505 1654 Ἐκκλησία
569 1582 881 1653 μεμένηκεν
945 1581 1266 1650 ἀπήμαντος
1293 1619 1309 1644 ,
1379 1580 1482 1633 κάν
1549 1579 1764 1642 πολλοῖς

187 1679 394 1751 ἐϐλήθη
414 1677 709 1746 τοξεύμασι
726 1693 739 1706 ⁶
757 1676 849 1729 καὶ
871 1674 1036 1729 πύλαι
1066 1673 1191 1745 ᾅδου
1238 1671 1567 1744 κατισχῦσαι
1593 1673 1764 1742 αὐτῆς

187 1773 251 1824 ού
285 1772 637 1839 δεδύνηνται·
674 1767 796 1822 οὐδὲ
830 1766 983 1836 παρὰ
1007 1767 1133 1828 τοὺς
1166 1765 1453 1834 κειμένους
1479 1765 1638 1834 ὅρους
1668 1765 1759 1816 καὶ

187 1865 394 1932 νόμους
429 1862 692 1932 πράττειν
722 1876 773 1912 τι
799 1858 894 1912 καὶ
927 1856 1106 1924 λέγειν
1133 1855 1415 1925 ἀνέχεται·
1449 1854 1550 1908 κᾶν
1581 1854 1765 1907 πολλοὶ

189 1954 478 2024 πολλαχῶς
525 1953 786 2022 ποιμένες
828 1947 1270 2019 ἠφρονεύσαντο·
1321 1947 1444 1999 ἐπεὶ
1488 1947 1583 1999 καὶ
1637 1963 1763 1998 συν-

184 2046 344 2108 όδους
392 2043 800 2115 συνεκρότησαν
833 2039 1074 2110 μεγάλας
1104 2037 1216 2108 (22)
1263 2039 1355 2092 καὶ
1389 2036 1758 2108 παμπληθεῖς,

185 2140 286 2193 καὶ
327 2136 651 2207 Ἐκκλησίαν
683 2131 817 2186 Θεοῦ
857 2131 1084 2193 ἑαυτοὺς
1112 2129 1463 2200 ὡνομάκασι·
1492 2131 1586 2183 καὶ
1624 2129 1763 2198 ὑπὲρ

186 2235 433 2291 κανόνων
485 2229 810 2300 ἐφρόντισαν
853 2223 931 2294 τῷ
977 2224 1189 2289 δοκεῖν,
1234 2223 1374 2278 κατὰ
1415 2223 1656 2276 κανόνων
1701 2224 1762 2276 τὸ

186 2327 390 2398 ἀληθὲς
445 2320 776 2390 κινούμενοι.
822 2316 888 2370 Τί
934 2315 1000 2387 δὴ
1051 2314 1364 2386 θαυμαστὸν
1419 2316 1466 2368 εί
1513 2315 1608 2370 καὶ
1664 2313 1760 2368 νῦν

185 2416 354 2470 πέντε
391 2412 484 2465 καὶ
529 2410 659 2462 δέκα
698 2406 859 2476 τυχὸν
916 2404 1205 2459 ἐπίσκοποι
1253 2404 1608 2474 συναχθέντες
1667 2403 1760 2457 τὸν

185 2505 294 2560 ὑπὸ
333 2502 442 2555 τῶν
488 2497 727 2551 κανόνων
789 2495 1168 2567 καθῃρημένον
1214 2495 1358 2549 κατά
1403 2494 1496 2548 δύο
1542 2493 1755 2559 αἰτίας,

185 2595 472 2667 ὴθώωσαν,
515 2589 776 2651 λύσαντες
807 2586 899 2641 τοῦ
935 2587 1273 2658 ίερουργεῖν;
1305 2585 1529 2649 Σύνοδος
1555 2585 1754 2649 τοίνυν,

184 2691 442 2751 δέσποτα,
485 2684 546 2737 οὐ
584 2683 645 2734 τὸ
675 2680 862 2745 ἁπλῶς
900 2680 1232 2748 συνάγεσθαι
1268 2680 1528 2751 ίεράρχας
1563 2696 1623 2732 τε
1663 2681 1756 2732 καὶ

186 2777 384 2845 ἱερεῖς,
417 2771 519 2826 κᾶν
552 2769 736 2822 πολλοὶ
776 2762 899 2822 ὦσι.
946 2769 1232 2834 Κρείσσων
1279 2769 1422 2838 γὰρ,
1465 2769 1632 2838 φησὶ,
1675 2763 1754 2831 εἷς

186 2864 360 2920 ποιῶν
385 2863 446 2916 τὸ
474 2860 686 2929 θέλημα
711 2860 804 2913 τοῦ
833 2861 1062 2931 Κυρίου,
1089 2859 1122 2929 ἢ
1158 2859 1341 2931 μυρίοι
1384 2858 1755 2929 παραϐαίνον-

183 2972 306 3020 τες·
352 2953 488 3010 me
516 2951 577 3005 τὸ
606 2954 662 3005 ἐν
688 2952 912 3022 ὀνόματι
958 2950 1187 3020 Κυρίου,
1222 2953 1279 3002 ἐν
1308 2953 1376 3020 τῇ
1425 2950 1617 3020 είρήνη
1656 2948 1754 3002 καὶ

183 3049 400 3120 φυλακῇ
447 3044 556 3099 τῶν
618 3045 889 3098 κανόνων*
955 3044 1053 3096 καὶ
1114 3044 1172 3096 τὸ
1206 3043 1427 3138 δεσμεῖν
1464 3043 1557 3095 καὶ
1605 3041 1752 3138 λύειν
1779 3079 1821 3138 C

184 3139 282 3209 οὐχ
328 3137 404 3200 ὼς
433 3135 644 3205 ἔτυχεν,
689 3133 804 3188 ἀλλ’
842 3133 916 3194 ὡς
948 3131 1094 3184 δοκεί
1139 3135 1206 3201 τῇ
1235 3130 1467 3202 ἀληθείᾳ
1493 3170 1507 3194 ,
1541 3131 1633 3185 καὶ
1673 3131 1752 3201 τῷ

182 3227 393 3291 κανόνι,
437 3226 530 3279 καὶ
558 3223 638 3294 τῷ
682 3223 920 3293 γνώμονι
952 3222 1053 3292 τῆς
1080 3222 1384 3294 ἀκριϐείας.
1412 3223 1483 3278 Ἢ
1507 3221 1753 3286 δείξωσιν

181 3323 236 3374 οἱ
269 3317 617 3380 συνελθόντες
657 3315 816 3369 τοῦτο
865 3314 1249 3385 πεποιηκότεςο
1299 3315 1393 3368 καὶ
1433 3315 1596 3384 ἡμεῖς
1654 3313 1751 3366 σὺν

180 3414 399 3476 αὐτοῖς·
433 3410 466 3483 ἢ
493 3411 554 3466 οὐ
583 3408 939 3470 δεικνύουσιν,
969 3406 1350 3460 ἐκσαλέτωσαν
1391 3407 1482 3460 τὸν
1509 3404 1748 3471 ἀνάξιον,

182 3507 270 3568 ἕνα
317 3505 394 3576 μὴ
439 3506 519 3566 είς
568 3503 927 3571 κατηγόρημα
954 3499 1138 3562 αὐτοῖς
1176 3499 1270 3552 καὶ
1294 3501 1414 3561 ταῖς
1454 3498 1749 3569 μετέπειτα

178 3599 398 3666 γενεαῖς
433 3592 901 3664 παραδοθήσεται·
948 3591 1009 3644 '0
1033 3593 1215 3662 λόγος
1248 3591 1357 3661 γάρ
1389 3595 1422 3645 ό
1466 3589 1570 3644 τοῦ
1599 3589 1747 3644 Θεοῦ

177 3688 460 3744 δεδέσθαι
482 3687 670 3754 φύσιν
700 3685 809 3737 οὐκ
847 3683 973 3752 ἔχει
996 3697 1011 3713 °
1046 3685 1140 3737 καὶ
1180 3682 1398 3750 ἐξουσία
1424 3685 1536 3747 τοῖς
1566 3684 1748 3755 ίεράρ-

177 3799 302 3855 χαις
330 3783 389 3834 ἐν
418 3779 590 3833 οὐδενὶ
613 3777 821 3830 δέδοται
852 3776 946 3828 ἐπὶ
973 3775 1120 3848 πάσῃ
1149 3777 1458 3847 παραϐάσει
1487 3777 1742 3839 κανόνος*

175 3876 208 3945 ἢ
263 3873 425 3943 μόνον
473 3869 706 3937 στοιχεῖν
741 3865 812 3919 τά
858 3865 1187 3936 δεδογμένα,
1233 3868 1325 3919 καὶ
1365 3868 1594 3920 ἔπεσθαι
1631 3871 1745 3932 τοῖς

175 3962 561 4038 προλαϐοῦσιν.

244 4056 362 4110 Οὐκ
383 4050 502 4107 οἶδα
543 4055 594 4107 εἰ
625 4053 702 4124 μή
729 4068 782 4105 τι
815 4050 1167 4105 άκανόνιστόν
1189 4052 1304 4106 ἐστι
1336 4053 1430 4105 καὶ
1456 4069 1741 4123 παρεωραο

177 4144 360 4216 μένον.
394 4143 507 4216 15a).
541 4143 673 4212 πρὸς
706 4140 865 4195 τοῦτο
894 4139 1073 4193 κανὼν
1115 4141 1208 4194 τοῦ
1247 4141 1402 4209 ἀγίου
1427 4139 1740 4216 Βασιλείου,

175 4200 256 4300 είς
293 4200 444 4304 ἱερέά
474 4200 800 4305 ὀμωυμοκότσ.
832 4233 915 4285 ἐπ’
941 4231 1168 4304 ἀληθείᾳ
1200 4200 1605 4302 τοῦάρκεῖσθαι
1642 4200 1740 4303 μόεί

176 4345 266 4381 νον
297 4330 365 4398 τῇ
407 4327 584 4396 οἰκείᾳ
623 4324 947 4394 Ἐκκλησία,
979 4326 1074 4378 καὶ
1109 4324 1360 4396 μηδαμοῦ
1396 4324 1531 4398 ἄλλῃ
1572 4343 1740 4396 προσ-

1874 573 2018 643 gimn
2055 577 2366 647 exemplum
2401 583 2772 641 sacerdotibus
2803 592 3133 659 propositus.

1944 669 2200 733 Quaenam
2254 688 2383 728 vero
2428 677 2587 732 nobis
2619 676 2990 738 Valentiniani
3035 687 3258 743 ethnica
3295 689 3453 762 biga-

1873 761 2019 813 mia?
2050 770 2105 816 et
2131 762 2254 831 quis
2303 774 2589 836 propterea
2635 772 2780 841 quod
2813 773 2958 831 illum
2985 781 3282 845 coronarit,
3322 761 3451 837 san-

1872 861 1992 907 ctus
2019 855 2363 923 praedicatur,
2381 866 2560 914 etnon
2589 862 2916 933 injustus?si
2947 876 3126 924 tamen
3155 884 3449 929 coronatus

1871 944 1960 999 ille
1988 945 2112 1000 fuit.
2143 947 2210 1003 Et
2238 951 2360 1019 quis
2389 966 2420 1005 e
2450 955 2674 1021 sanctis,
2703 958 2795 1026 qui
2830 967 2958 1015 tunc
2985 960 3245 1018 vivebant
3273 964 3449 1019 Patri-

1869 1036 1993 1102 bus,
2038 1048 2226 1094 sancte
2265 1042 2460 1097 fecisse
2510 1042 2948 1105 Valentinianum
3010 1053 3268 1122 prodidit,
3316 1072 3441 1112 cum

1868 1128 2005 1182 duas
2057 1146 2257 1186 uxores
2300 1133 2486 1198 duxit;
2534 1147 2698 1206 atque
2743 1139 2815 1193 ita
2845 1140 2961 1194 fieri
3005 1142 3258 1214 deinceps
3282 1161 3444 1216 opor-

1869 1227 1984 1275 tere
2015 1221 2213 1276 ?Multi
2241 1239 2372 1294 ergo
2421 1235 2476 1279 et
2519 1229 2634 1294 alii,
2664 1232 3105 1301 quandoquidem
3137 1237 3275 1292 velle
3307 1237 3442 1308 ipsis

1867 1311 1952 1366 lex
1982 1323 2087 1378 est,
2121 1330 2230 1368 non
2261 1317 2464 1383 divina,
2494 1321 2591 1374 sed
2620 1322 2856 1378 humana
2887 1334 2943 1378 et
2984 1327 3437 1396 reprehendenda

1867 1401 1920 1457 id
1967 1403 2236 1468 fecerunt,
2271 1406 2578 1478 facientque
2612 1411 2865 1478 fortasse,
2898 1418 3140 1484 quandiu
3192 1436 3280 1476 res
3329 1431 3441 1478 sta-

1867 1494 2022 1550 bunt.
2058 1496 2164 1551 Sed
2196 1498 2291 1552 Dei
2342 1499 2588 1555 Ecclesia
2628 1503 2796 1559 illmsa
2853 1510 3178 1577 permansit,
3220 1516 3437 1571 tametsi

1866 1587 2052 1642 multis
2090 1587 2334 1657 impetita
2400 1591 2565 1646 telis:
2614 1604 2670 1648 et
2716 1605 2885 1664 porta:
2929 1597 3090 1656 inferi
3140 1604 3438 1671 praevalere

1864 1676 2126 1732 adversus
2159 1695 2276 1733 eam
2309 1695 2417 1735 non
2473 1692 2770 1752 potuerunt
2797 1704 2809 1740 :
2844 1703 2946 1743 nec
2979 1699 3177 1759 praeter
3205 1702 3438 1752 statutos

1869 1783 2108 1823 canones
2143 1785 2208 1825 ac
2256 1771 2404 1843 leges
2425 1789 2585 1844 agere
2617 1787 2709 1832 aut
2735 1778 2916 1835 dicere
2945 1782 3240 1853 quidquam
3267 1789 3437 1842 susti-

1877 1867 1986 1923 net,
2017 1861 2262 1928 quamvis
2302 1863 2457 1916 multi
2491 1881 2737 1937 persaepe
2780 1880 3024 1938 pastores
3070 1873 3433 1934 insanierint:

1863 1951 2065 2022 quippe
2090 1954 2182 2022 qui
2201 1955 2368 2009 etiam
2389 1957 2622 2024 synodos
2644 1975 2868 2032 magnas
2886 1977 2950 2018 ac
2968 1963 3437 2035 frequentissimas

1863 2055 2189 2113 coegerunt,
2223 2055 2277 2099 et
2311 2045 2605 2103 Ecclesiam
2637 2049 2730 2104 Dei
2781 2052 2989 2122 seipsos
3027 2067 3432 2127 nuncuparunt,

1861 2142 1916 2188 et
1938 2149 2037 2203 pro
2067 2137 2370 2192 canonibus
2397 2139 2451 2192 in
2481 2141 2665 2209 specie
2723 2143 2940 2198 solliciti
2999 2145 3243 2215 fuerunt,
3307 2166 3432 2205 cum

1859 2226 2121 2281 adversus
2170 2243 2408 2284 canones
2459 2246 2651 2287 revera
2701 2236 2959 2291 concitati
2989 2237 3233 2295 fuerunt.
3287 2241 3433 2310 Quid

1859 2332 1988 2389 ergo
2019 2319 2218 2373 mirum
2264 2320 2309 2375 si
2365 2337 2511 2377 nunc
2563 2339 2780 2395 quoque
2837 2329 3149 2397 quindecim
3198 2333 3425 2391 forsitan

1859 2411 2122 2482 episcOpi,
2149 2415 2482 2485 congregati,
2516 2416 2792 2473 hominem
2825 2435 2925 2490 per
2948 2437 3186 2479 canones
3225 2426 3430 2497 duplici

1857 2519 1922 2558 ex
1947 2520 2109 2559 causa
2134 2505 2821 2574 depositum,innocentem
2845 2514 3210 2583 declararunt,
3244 2519 3432 2575 absol-

1857 2605 2182 2665 veruntque,
2222 2607 2279 2652 ut
2325 2599 2632 2656 sacerdotio
2661 2601 2956 2674 fungatur?
2986 2606 3264 2679 Synodum
3299 2626 3432 2684 ergo

1855 2686 2007 2750 facit,
2037 2685 2284 2753 Domine,
2341 2703 2453 2743 non
2485 2690 2809 2761 simpliciter
2851 2700 3168 2770 congregari
3214 2697 3428 2771 episco-

1855 2793 1952 2847 pos
1979 2787 2033 2832 ct
2056 2780 2386 2846 sacerdotes,
2414 2784 2662 2851 quamvis
2690 2787 2844 2840 multi
2881 2789 3011 2847 sint.
3059 2789 3248 2849 Melior
3275 2795 3424 2851 enim

1855 2885 2017 2934 unus,
2047 2871 2145 2936 ait,
2183 2870 2389 2925 faciens
2427 2873 2764 2932 voluntatem
2811 2877 3047 2946 Domini,
3079 2898 3242 2952 quam
3274 2887 3424 2942 mille

1854 2960 2302 3027 prevaricatores
2322 2961 2367 2992 “
2396 2980 2408 3015 :
2442 2964 2538 3018 sed
2558 2964 2611 3018 in
2644 2967 2865 3023 nomine
2887 2968 3122 3037 Domini,
3157 2971 3212 3026 in
3234 2988 3426 3042 pacem

1855 3059 1909 3104 et
1937 3051 2374 3107 observationem
2404 3069 2699 3124 canonum,
2728 3069 2784 3114 et
2814 3061 2880 3115 ad
2913 3061 3185 3134 ligandum
3208 3065 3426 3122 solven-

1854 3143 2091 3214 dumque
2123 3160 2232 3199 non
2257 3148 2686 3216 quomodolibct,
2716 3152 2811 3206 sed
2844 3163 2903 3208 ut
2931 3155 3142 3211 veritati
3173 3162 3427 3231 congruit

1853 3243 1907 3288 et
1930 3237 2125 3290 cauoni
2157 3239 2467 3309 regulaeque
2500 3253 2702 3298 exactae
2734 3244 3110 3304 discussionis.
3155 3250 3264 3306 Aut
3293 3268 3424 3322 pro-

1851 3325 2060 3381 babunt
2104 3343 2163 3383 se
2203 3330 2307 3384 hoc
2349 3330 2569 3397 fecisse,
2611 3336 2702 3402 qui
2751 3349 3148 3406 convenerunt,
3204 3351 3261 3397 et
3319 3360 3424 3402 nos

1849 3430 1973 3470 cum
2005 3417 2084 3471 eis
2115 3419 2452 3476 adhaeremus
2473 3464 2487 3487 ,
2519 3434 2614 3478 aut
2637 3425 2679 3480 si
2711 3441 2822 3481 non
2853 3427 3183 3498 probabunt,
3203 3434 3428 3504 ejiciant

1852 3507 2155 3579 indignum,
2214 3526 2284 3566 ne
2331 3513 2462 3567 vitio
2506 3515 2639 3584 ipsis
2701 3528 2960 3584 vertatur,
3018 3521 3425 3597 imputeturque

1848 3602 2011 3654 etiam
2047 3603 2188 3671 apud
2220 3613 2485 3673 posteros.
2529 3606 2752 3661 Verbum
2786 3610 2902 3676 Dei,
2949 3613 3142 3681 inquit,
3181 3617 3288 3672 tale
3319 3635 3425 3674 non

1849 3699 1924 3744 est
1953 3700 2010 3744 ut
2033 3691 2247 3762 alligari
2277 3704 2434 3762 queat
2466 3696 2510 3726 ⁶⁷
2535 3713 2548 3749 :
2575 3706 2630 3751 et
2661 3705 2903 3767 potestas
2941 3703 3215 3774 episcOpis
3239 3709 3420 3764 nulla-

1849 3789 2008 3836 tenus
2039 3782 2160 3836 data
2195 3792 2296 3844 est,
2323 3793 2382 3838 ut
2415 3800 2679 3841 canonem
2707 3790 2876 3844 ullum
2909 3797 3374 3866 transgrediantur
3405 3821 3418 3859 :

1845 3873 1942 3928 sed
1975 3880 2184 3928 tantum
2225 3884 2285 3930 ut
2317 3875 2535 3933 decreta
2590 3891 2910 3951 sequantur,
2972 3886 3319 3961 barreantque
3362 3893 3420 3949 in

1844 3965 2135 4034 prioribus.

1915 4055 2110 4111 Nescio
2141 4075 2210 4113 an
2235 4059 2433 4129 aliquid
2468 4061 2556 4123 sit.
2593 4062 2660 4117 de
2687 4079 2796 4132 quo
2815 4080 2988 4122 canon
3024 4071 3204 4126 nullus
3239 4073 3420 4130 editus

1844 4147 1935 4211 sit,
1968 4151 2221 4218 quodque
2257 4153 2561 4223 neglectum
2594 4154 2782 4210 fuerit.
2824 4157 3014 4214 Exstat
3036 4165 3206 4219 sancti
3232 4163 3416 4224 Basilii

1843 4255 2020 4294 canon
2048 4241 2092 4273 ⁸⁸
2127 4242 2192 4295 de
2224 4244 2562 4315 presbytero,
2593 4247 2685 4317 qui
2719 4249 2930 4318 jnrarat
2960 4266 3018 4306 se
3063 4257 3279 4325 propria
3307 4259 3414 4316 Ec-

1843 4331 2004 4388 clesia
2032 4341 2349 4388 contentum
2388 4335 2524 4393 fore.
2549 4355 2726 4409 neque
2761 4341 2815 4395 in
2848 4344 2952 4397 alia
2976 4359 3172 4400 munus
3200 4348 3415 4405 oblatu-

174 4418 363 4490 φέρειν
392 4415 587 4485 δῶρον.
619 4416 731 4469 Καὶ
764 4413 947 4479 πᾶλιν,
998 4417 1096 4485 τῆς
1139 4415 1196 4468 ἐν
1248 4415 1610 4486 Καρθαγένῃ,
1651 4416 1743 4469 ἐπὶ

1856 4440 1989 4478 rum.
2040 4425 2106 4479 Et
2155 4442 2344 4482 rursus
2389 4431 2577 4499 synodi
2638 4432 3173 4505 Carthaginensis",
3232 4441 3301 4495 de
3344 4443 3412 4499 iis

172 4511 281 4566 τῶν
310 4508 764 4580 χειροτονούντων
799 4507 925 4569 τοὺς
951 4507 1015 4560 ἐκ
1047 4506 1157 4564 τῶν
1187 4510 1564 4578 μοναστηρίων
1603 4510 1741 4563 ἀπο-

172 4601 530 4665 στατοῦντας·
576 4599 658 4662 τὸ.
689 4601 813 4662 τοὺς
841 4599 1116 4663 τοιούτους
1155 4602 1228 4670 μὴ
1269 4601 1380 4654 δεῖν
1429 4605 1509 4665 είς
1547 4601 1740 4670 ἑτέραν

183 4694 511 4764 Ἐκκλησίαν
562 4695 694 4765 παρ’
744 4693 809 4764 ἣν
854 4692 1074 4762 κατέχει
1135 4691 1365 4757 ἕκαστος
1411 4694 1738 4766 ἐπισκοπὴν,

174 4788 521 4860 ἱερουργεῖν·
554 4788 680 4850 τοὺς
708 4785 766 4840 δὲ
801 4787 1277 4859 χειροτονηθέντας
1304 4783 1440 4842 εἶναι
1488 4788 1737 4860 καθῃρη-

173 4881 384 4952 μένους.
420 4881 482 4934 Εί
510 4880 692 4934 τοίνυν
720 4881 812 4934 ἐπὶ
857 4880 1062 4936 τούτων
1105 4880 1213 4932 τῶν
1257 4879 1452 4948 ψιλῶν,
1494 4881 1590 4934 καὶ
1627 4882 1739 4943 τοῖς

169 4973 386 5035 πολλοῖς
430 4971 551 5025 οὑδέ
594 4970 897 5024 δοκούντων
955 4990 1008 5026 τι
1056 4967 1196 5025 εἶναι
1244 4973 1578 5042 ἐφάμαρτον,
1638 4971 1740 5024 οὑκ

171 5065 502 5135 ἀνεκδίκητα
524 5064 592 5131 τᾲ
616 5064 860 5137 κρίματα
885 5065 976 5119 καὶ
995 5064 1064 5118 τὰ
1089 5064 1183 5118 τοῦ
1211 5063 1345 5118 Θεοῦ
1362 5062 1735 5135 δικαιώματα·

169 5157 318 5224 πόσῳ
346 5173 412 5224 γε
445 5156 644 5227 μᾶλλον
675 5157 769 5210 ἐπὶ
804 5156 899 5209 τοῦ
947 5157 1210 5227 παρόντος
1253 5157 1404 5224 ;Οὐκ
1439 5156 1586 5210 ἔστιν
1622 5153 1737 5222 οὖν,

169 5251 266 5306 οὐκ
298 5250 469 5316 ἐστιν,
516 5244 561 5303 ὧ
588 5249 824 5303 δέσποτα
846 5288 861 5312 ,
891 5248 1014 5302 οὕτε
1044 5251 1141 5318 τὴν
1176 5249 1295 5302 καθ’
1322 5252 1471 5321 ἡμᾶς
1506 5250 1739 5322 Ἐκκλη-

170 5341 309 5408 σίαν,
342 5341 468 5394 οὔτε
497 5341 693 5411 ἑτέραν
712 5382 728 5406 ,
761 5342 910 5412 παρά
939 5341 1064 5403 τοὺς
1091 5341 1379 5410 κειμένους
1403 5342 1601 5411 νόμους
1640 5343 1732 5397 καὶ

1838 4516 1928 4584 qui
1961 4516 2214 4570 ordinant
2241 4533 2336 4570 eos
2362 4521 2454 4588 qui
2480 4520 2741 4579 deserunt
2770 4529 3100 4583 monasteria
3128 4548 3142 4584 :
3177 4547 3286 4586 non
3316 4535 3412 4590 de-

1837 4604 1968 4659 bere
1999 4605 2134 4660 tales
2166 4607 2472 4664 sacrificare
2501 4611 2558 4664 in
2595 4613 2698 4667 alia
2733 4613 2992 4678 Ecclesia,
3047 4631 3409 4693 praeterquam

1839 4700 1891 4752 in
1919 4714 2003 4762 ea,
2035 4699 2089 4752 in
2130 4716 2233 4769 qua
2269 4701 2470 4756 habent
2498 4703 2692 4775 singuli
2736 4708 3117 4775 praefecturam
3152 4731 3166 4768 :
3207 4714 3408 4785 deponi

1835 4797 2017 4844 autem
2046 4805 2142 4844 eos
2172 4791 2262 4861 qui
2292 4793 2523 4848 ordinati
2551 4803 2698 4850 sunt.
2736 4795 2792 4852 Si
2823 4816 2953 4871 ergo
2993 4803 3049 4856 in
3084 4803 3170 4859 his
3206 4807 3407 4877 parvis,

1835 4890 1890 4935 et
1915 4897 2037 4950 quae
2063 4883 2223 4953 vulgo
2253 4883 2391 4938 nihil
2420 4885 2778 4952 aestimantur,
2825 4891 2914 4960 qui
2947 4902 3265 4963 peccarunt,
3296 4913 3410 4963 non

1836 4971 1994 5027 inulti
2033 4973 2256 5028 abibant
2281 4975 2466 5030 divino
2489 4976 2699 5046 judicio
2731 4996 2745 5035 :
2779 4991 2986 5050 quanto
3040 4984 3222 5041 minus
3257 4988 3311 5042 in
3349 5005 3416 5047 ro

1836 5066 2128 5133 praesentit
2162 5066 2280 5120 Non
2328 5067 2454 5123 licet
2478 5069 2664 5139 igitur,
2699 5071 2936 5140 domine,
2986 5092 3096 5132 non
3147 5079 3275 5136 licet
3305 5096 3410 5139 nec

1837 5155 2093 5213 Ecclesiae
2124 5167 2344 5226 nostrae,
2370 5176 2472 5216 nec
2517 5162 2671 5218 alteri
2706 5165 2820 5230 ulli,
2873 5168 3168 5239 quidquam
3211 5185 3411 5243 praatcr

1836 5259 2066 5305 statutas
2096 5253 2239 5323 leges
2273 5261 2328 5307 et
2360 5269 2600 5311 canones
2640 5243 2989 5317 committere
3014 5281 3026 5316 :
3050 5267 3331 5334 quoniam,
3362 5271 3408 5326 si

1843 5343 1945 5397 hoc
1965 5343 2141 5409 detur,
2163 5344 2322 5397 inane
2352 5353 2436 5398 est
2464 5346 2838 5418 Evangelium,
2856 5351 3126 5411 incassum
3147 5372 3406 5424 canones,

235 5463 280 5495 “
310 5462 480 5518 Eccli.
507 5478 620 5530 xvi,
642 5463 697 5517 3.
773 5462 815 5493 "
858 5461 899 5516 ll
930 5459 1072 5516 Tim.
1118 5477 1176 5525 ιι,
1204 5460 1257 5516 9.
1335 5461 1381 5494 ⁸⁸
1409 5457 1544 5516 Can.
1597 5462 1682 5516 10.
1761 5464 1803 5494 ⁶⁰
1831 5462 1965 5517 Cod.
1997 5459 2202 5519 Eccles.
2235 5461 2478 5518 African.
2507 5479 2630 5520 can.
2661 5464 2748 5519 75.

1686 5554 1918 5611 ΝΟΤᾸΞ.

232 5641 348 5712 (22)
389 5640 1008 5712 Evrddovcjtsrdlac.
1043 5641 1355 5696 Trullanam
1412 5642 1498 5698 hic
1549 5645 1728 5698 notari

168 5710 428 5783 synodum
466 5710 975 5783 ccnset_Baronius.
1015 5713 1166 5766 Hanc
1199 5723 1377 5766 tamen
1413 5712 1729 5768 Theodorus

168 5780 217 5838 in
241 5785 395 5856 epist.
445 5783 515 5838 27
549 5780 737 5838 laudat
780 5791 832 5836 et
878 5792 1122 5838 sanctam
1165 5784 1416 5855 appellat.
1472 5784 1728 5845 Fortasse

1839 5645 2105 5724 synodum
2160 5644 2380 5724 Tyriam
2437 5648 2683 5724 aliasque
2742 5651 3002 5711 adversus
3046 5656 3406 5715 Athanasium

1839 5727 2055 5772 coactas
2087 5717 2352 5786 intelligit.
