4008 6318
571 350 678 416 987

1761 353 1820 414 S.
1855 352 2248 414 THEODORI
2291 355 2638 415 STUDITE

3715 359 3834 422 988

568 457 956 528 Unusquisque
989 459 1336 528 episcopatus
1376 458 1458 514 sui
1493 469 1754 530 tempore,
1790 464 2007 531 quando
2043 465 2142 533 ipsi

2251 466 2479 526 κανόνας
2520 466 2694 516 ποιεῖν
2727 480 2799 518 τι.
2841 463 2994 517 Ἐπεὶ
3039 464 3088 517 εί
3131 464 3288 517 τοῦτο
3317 465 3519 537 δοθείη,
3565 469 3724 523 κενὸν
3766 471 3834 524 τὸ

569 550 841 620 integrum
872 558 953 604 est
985 565 1107 603 cum
1136 551 1248 604 suis
1282 551 1560 620 quodlibet
1587 551 1783 619 facere,
1821 570 1995 610 novus
2041 556 2144 609 erit

567 640 910 710 evangelista,
927 639 1064 695 alius
1075 642 1373 710 apostolus,
1388 642 1526 695 alius
1541 643 1816 713 legislator
1838 661 1849 696 :
1869 644 1962 698 sed
1981 645 2139 698 absit!

567 730 879 786 Mandatum
903 733 1049 786 enim
1067 733 1330 787 habemus
1352 734 1418 788 ab
1444 734 1560 804 ipso
1578 735 1838 804 Apostolo
1856 736 1920 800 ⁷ο,
1947 744 2145 805 praeter

569 823 621 877 id
643 824 788 892 quod
807 825 1138 894 accepimus,
1169 834 1365 893 praeter
1389 826 1440 880 id
1459 826 1603 894 quod
1623 842 1861 881 canones
1889 828 2145 882 sanciunt

566 916 897 985 synodorum
938 917 1327 970 universalium
1369 917 1717 982 etlocalium,
1749 933 1870 986 qua
1913 918 2143 973 diversis

569 1009 904 1076 temporibus
921 1008 1143 1072 fuerint,
1165 1010 1206 1063 si
1234 1011 1356 1078 quis
1378 1010 1722 1078 dogmatizet,
1741 1012 2024 1066 autfacere
2042 1012 2143 1066 ali-

568 1098 697 1165 quid
716 1097 1038 1168 nosjubeat,
1063 1099 1436 1167 recipiendum
1470 1114 1578 1152 non
1607 1115 1750 1162 esse,
1780 1115 1880 1154 nec
1909 1116 2141 1154 censen-

566 1187 696 1242 dum
723 1189 872 1242 illum
895 1190 949 1243 in
970 1200 1114 1244 sorte
1139 1201 1449 1245 sanctorum
1472 1210 1485 1246 :
1507 1192 1822 1245 utomittam
1846 1193 1984 1245 male
2005 1192 2141 1245 omi-

565 1295 762 1334 nosum
791 1281 944 1344 illud,
999 1283 1138 1350 quod
1173 1284 1462 1353 Apostolus
1515 1285 1862 1351 imprecatur.
1917 1287 1958 1337 A
1987 1286 2143 1340 nobis

567 1371 733 1441 igitur
758 1373 848 1442 qui
888 1383 1038 1427 extra
1090 1376 1351 1429 mundum
1418 1390 1628 1438 sumus,
1665 1375 1811 1429 aliud
1868 1377 2005 1430 nihil
2045 1377 2141 1430 de-

567 1463 746 1528 betur,
779 1479 941 1532 quam
965 1480 1025 1518 ea
1053 1465 1377 1536 investigare
1411 1476 1466 1520 et
1497 1466 1696 1530 facere,
1721 1482 1783 1519 ex
1818 1469 2014 1536 quibus
2043 1484 2142 1522 nos

567 1553 733 1608 etiam
756 1556 916 1609 simul
953 1558 1295 1621 extollamur,
1326 1566 1378 1610 et
1425 1558 1490 1610 ad
1517 1559 1916 1613 aemulationem
1941 1577 2139 1629 provo—

565 1658 772 1699 cemur.
807 1645 871 1698 Et
903 1648 945 1700 si
976 1648 1193 1716 quidem
1225 1648 1279 1700 in
1314 1647 1399 1702 his
1429 1649 1537 1702 vita
1587 1649 1839 1714 ducetur,
1872 1662 2018 1706 recte
2045 1652 2144 1706 ba-

565 1736 756 1802 bebit;
788 1738 871 1791 sin
900 1741 1098 1803 minus,
1133 1741 1391 1810 expedire
1421 1741 1637 1796 exsules
1658 1750 1712 1796 et
1757 1752 2004 1799 extorres
2051 1754 2134 1799 to-

2248 555 2603 624 Εὐαγγέ).ιον,
2641 557 2760 626 εἰκῇ
2790 557 2838 608 οί
2869 557 3092 621 κανόνες
3114 573 3127 587 ⁸
3158 558 3253 610 καὶ
3281 558 3509 622 ἕκαστος
3557 561 3700 615 κατά
3730 563 3833 616 τὸν

2246 648 2436 718 καιρὸν
2481 649 2582 717 τῆς
2628 648 2835 711 οἰκείας
2881 649 3327 720 ἀρχιερωσύνης,
3377 651 3566 722 ἐπειδὴ
3613 653 3831 718 ἔξεστιν

2244 739 2390 809 αὐτῷ
2424 740 2498 803 ὼς
2528 741 2677 792 δοκεῖ
2713 740 2852 810 μετὰ
2884 741 2993 792 τῶν
3022 742 3118 794 σὺν
3151 742 3298 812 αὐτῷ
3347 743 3616 814 πράσσειν
3636 784 3650 808 ,
3680 746 3830 799 ἔστω

2244 830 2364 895 νέος
2412 832 2825 903 εὐαγγελιστὴς,
2876 833 3035 896 ἄλλος
3070 833 3389 900 ἀπόστολος,
3444 837 3630 905 ἕτερος
3661 855 3830 908 νομο-

2245 922 2421 992 θέτης.
2462 925 2599 976 Ἀλλ’
2636 925 2908 994 οὐδαμῶς.
2962 926 3343 996 Παραγγελίαν
3378 928 3486 998 γὰρ
3523 929 3723 999 ἔχομεν
3766 930 3829 992 ἐξ

2244 1012 2409 1065 αὐτοῦ
2443 1013 2537 1066 τοῦ
2580 1015 2916 1080 ἀποστόλου,
2946 1017 3074 1084 παρ’
3111 1017 3138 1068 ὂ
3173 1017 3582 1088 παρελάϐομεν,
3622 1023 3758 1091 παρ’
3798 1023 3828 1073 ὃ

2242 1105 2291 1157 οἱ
2318 1105 2538 1168 κανόνες
2565 1107 2672 1160 τῶν
2706 1107 2850 1160 κατὰ
2883 1109 3108 1178 καιροὺς
3151 1109 3384 1163 συνόδων
3415 1110 3723 1164 καθολικῶν
3762 1131 3824 1165 τε

2245 1197 2340 1249 καὶ
2367 1197 2636 1262 τοπικῶν,
2661 1201 2756 1253 ἐάν
2779 1216 2861 1261 τις
2891 1199 3209 1271 δογματίζῃ,
3240 1201 3272 1270 ἢ
3303 1203 3620 1274 προστάσσῃ
3647 1206 3824 1256 ποιεῖν

2245 1289 2414 1358 ἡμᾶς,
2465 1289 2845 1358 ἀπαράδεκτον
2879 1291 3041 1344 αὐτὸν
3091 1290 3254 1360 ἔχειν,
3315 1293 3450 1362 μηδὲ
3507 1294 3821 1359 λογίζεσθαι

2243 1379 2406 1432 αὑτὸν
2450 1382 2509 1433 ἐν
2551 1382 2737 1452 κλήρῳ
2779 1382 2984 1449 ἁγίων·
3020 1383 3113 1435 καὶ
3151 1384 3213 1436 τὸ
3242 1384 3526 1456 δύσφημον
3559 1388 3822 1457 παρῆμεν

2243 1470 2424 1538 λέγειν
2447 1471 2475 1524 ὃ
2508 1473 2668 1535 αὐτὸς
2703 1473 2945 1543 εἴρηκεν.
2987 1474 3147 1542 Ἡμῖν
3175 1470 3268 1529 οὖν
3297 1478 3412 1540 τοῖς
3453 1477 3558 1542 ἔξω
3588 1480 3817 1548 κόσμου,

2242 1561 2394 1616 οὐδὲν
2427 1564 2557 1616 ἄλλο
2597 1565 2890 1630 ὀφείλεται,
2940 1566 2971 1635 ἢ
3015 1566 3072 1618 τὸ
3114 1567 3182 1620 τά
3234 1569 3460 1622 τοιαῦτα
3503 1571 3687 1638 ζητεῖν
3722 1572 3819 1622 καὶ

2245 1657 2544 1728 πράσσειν,
2577 1657 2637 1722 ἐξ
2671 1651 2746 1711 ῶν
2779 1659 2871 1710 καὶ
2903 1661 3035 1727 ἡμῖν
3061 1658 3121 1710 τὸ
3152 1661 3575 1729 συνεπαίρεσθαι
3599 1663 3694 1714 καὶ
3718 1662 3820 1731 ζη-

2244 1748 2388 1803 λούν.
2415 1750 2525 1802 Καὶ
2554 1751 2601 1803 εί
2639 1750 2737 1818 μὲν
2772 1753 2830 1803 ἐν
2859 1751 3074 1812 τούτοις
3125 1753 3157 1821 ἡ
3203 1750 3338 1822 ζωὴ,
3387 1741 3448 1804 εὖ
3482 1752 3548 1805 ἂν
3583 1752 3714 1822 ἔχοι.
3760 1753 3821 1805 Εἰ

568 1837 681 1880 tum
719 1829 907 1883 orbem
946 1831 1236 1886 circumire
1264 1848 1389 1886 cum
1428 1833 1577 1887 omni
1629 1832 1926 1890 afﬂictione
1958 1847 2013 1892 et
2044 1853 2143 1890 an-

2250 1840 2298 1894 δὲ
2332 1840 2445 1911 μὴ,
2477 1817 2758 1912 συμφέρον
2816 1838 2954 1894 εἶναι
2988 1843 3083 1894 καὶ
3128 1817 3346 1905 ἀοίκους
3389 1844 3486 1896 καὶ
3513 1817 3820 1906 ἀνεστίους,

565 1919 762 1988 gustia.
794 1920 1029 1992 Adjuvet
1065 1938 1198 1994 ergo
1228 1939 1347 1988 nos,
1383 1925 1560 1994 quoad
1605 1935 1808 1995 potest,
1844 1928 1954 1984 Deo
1979 1929 2144 1984 chara

564 2009 747 2065 anima
783 2020 895 2080 tua,
931 2023 988 2068 et
1016 2014 1328 2072 divinorum
1354 2019 1682 2074 aemulatrix.

869 2342 1033 2397 XXV.
1070 2375 1134 2384 —
1158 2345 1455 2416 Niceplioro
1480 2353 1820 2419 patriarcha.

2241 1935 2335 1988 καὶ
2364 1933 2464 2004 τὴν
2497 1934 2588 1986 ὑπ’
2622 1933 2848 2003 οὐρανὸν
2893 1933 3281 2003 περιέρχεσθαι
3317 1933 3456 2004 μετά
3483 1934 3666 2006 πάσης
3707 1935 3821 1988 θλί-

2239 2026 2387 2094 ψεως
2419 2027 2513 2079 καὶ
2547 2023 2928 2095 στενοχωρίας.
2971 2024 3304 2094 Βοηθησάτω
3357 2024 3540 2078 τοίνυν
3574 2026 3642 2078 τά
3681 2029 3822 2078 κατᾱ

2241 2121 2474 2189 δύναμιν
2508 2121 2541 2191 η
2571 2119 2826 2188 θεοφιλής
2859 2134 2953 2170 σου
2979 2116 3149 2188 ψυχὴ,
3199 2117 3295 2171 καὶ
3337 2114 3718 2188 ζηλοτυποῦσα
3758 2119 3824 2170 τὰ

2243 2213 2382 2265 θεῖα.

2445 2351 2570 2402 ΚΕ’.
2607 2379 2674 2387 --
2719 2347 3032 2418 [νικηφόρῳ
3081 2346 3434 2417 πατριάρχῃ.
3478 2345 3642 2419 [μθ’.]

1394 2490 1574 2539 Probat
1595 2505 1652 2540 se
1673 2487 2036 2540 schismaticum
2062 2503 2158 2537 non
2185 2503 2314 2538 esse.
2352 2489 2553 2550 (Baron.
2581 2502 2658 2537 an.
2685 2487 2794 2548 808,
2824 2501 2876 2535 n.
2898 2487 3005 2549 22.)

670 2596 950 2666 Tanquam
981 2597 1101 2650 velo
1120 2598 1355 2666 quodam
1384 2606 1598 2653 utentes
1617 2600 1761 2652 tenui
1785 2599 2013 2668 epistola
2043 2616 2139 2655 no-

566 2696 675 2743 stra
701 2729 718 2754 ,
745 2688 920 2759 angeli
978 2688 1325 2743 beatitudinis
1357 2702 1461 2744 tuae
1511 2692 1811 2745 reverentia
1845 2733 1858 2755 ,
1911 2691 2140 2748 humiles

567 2781 814 2834 sistimus
859 2794 961 2834 nos
1001 2781 1148 2850 ipsos
1201 2782 1566 2839 sacratissimo
1593 2785 1711 2852 ejus
1762 2784 2008 2847 culmini,
2044 2800 2143 2839 ne-

566 2871 819 2925 cessitate
849 2878 1096 2941 cogente.
1128 2871 1245 2926 Jam
1273 2874 1418 2927 enim
1461 2875 1828 2928 renuntiatum
1870 2874 2030 2929 nobis
2057 2884 2142 2929 est

567 2975 598 3014 a
633 2959 844 3016 Joanne
871 2978 1137 3017 conservo
1172 2973 1226 3018 et
1250 2964 1513 3033 discipulo
1556 2976 1761 3028 nostro,
1790 2966 2142 3033 quemadmo-

568 3051 697 3106 dum
748 3053 814 3106 ad
877 3056 1246 3108 venerandam
1307 3056 1383 3108 tui
1440 3057 1810 3109 adorationent
1845 3057 2134 3121 admissus,

569 3145 744 3198 aliena
770 3146 1038 3214 quaedam,
1073 3148 1335 3216 nobisque
1362 3148 1743 3210 abominanda,
1770 3163 1837 3201 ex
1860 3163 1922 3202 ea
1949 3148 2140 3201 audie-

2318 2598 2792 2669 Παραπετάσματί
2836 2612 2944 2648 τινι
3005 2591 3387 2665 χρώμενοι·τῷ
3416 2590 3626 2642 εὐτελεῖ
3661 2590 3826 2660 ἡμῶν

2245 2690 2619 2760 γραμματίῳ,
2653 2687 2790 2740 αἰδοῖ
2840 2684 2932 2739 τοῦ
2985 2683 3218 2752 ἀγγέλου
3265 2682 3364 2753 τῆς
3421 2680 3827 2769 μακαριότητός

2247 2801 2363 2848 σου,
2407 2778 2772 2851 ὲμφανίζομεν
2826 2777 3050 2838 ἑαυτοὺς
3083 2776 3130 2828 οἱ
3163 2772 3405 2828 ταπεινοὶ
3441 2774 3505 2842 τῇ
3549 2772 3826 2840 ίερωτάτῃ

2249 2871 2416 2941 αὐτῆς
2439 2873 2651 2941 κορυφῇ
2677 2869 2816 2922 κατά
2832 2867 2892 2921 τδ
2924 2867 3236 2935 ἀναγκαῖον.
3265 2863 3403 2933 Ἤδη
3424 2862 3531 2940 γάρ
3547 2862 3621 2915 -τὺ
3649 2859 3825 2931 παρὸν

2248 2963 2584 3032 ἀπήγγειλεν
2615 2963 2746 3031 ἡμῖν
2791 2959 3093 3030 ἰωάννης’ό
3117 2955 3400 3020 σύνδουλος
3435 2954 3532 3008 καὶ
3569 2952 3822 3024 μαθητὴς

2250 3053 2426 3122 ήμῶν,
2457 3053 2531 3116 ὡς
2573 3050 2825 3118 ἀξιωθεὶς
2866 3052 2964 3119 τῆς
3009 3048 3214 3117 σεπτῆς
3255 3063 3348 3100 σου
3377 3043 3822 3115 προσκυνήσεως.

2249 3148 2451 3215 ἀκήκοε
2508 3145 2639 3215 παρ’
2669 3142 2837 3213 αὐτῆς
2866 3141 2990 3208 ξένα
3019 3139 3140 3193 τινὰ
3177 3137 3270 3191 καὶ
3296 3138 3625 3192 ἀπευκταῖα.
3664 3135 3826 3188 Ἀπο-

569 3236 659 3290 rit.
694 3238 1026 3306 Aposchistae
1071 3238 1469 3311 [schismatici],
1529 3240 1720 3308 inquit,
1756 3255 1849 3294 vos
1915 3240 2044 3294 estis
2082 3239 2150 3294 ab

2258 3237 2472 3307 σχισταὶ
2527 3238 2666 3304 γὰρ,
2714 3233 2900 3302 φησὶν,
2944 3231 3068 3284 ἐστὲ
3109 3231 3211 3299 τῆς
3259 3228 3603 3298 Ἐκκλησίας.
3651 3227 3824 3280 Πόσον

570 3329 834 3385 Ecclesia.
891 3332 990 3397 Qui
1050 3349 1179 3403 ergo
1233 3344 1464 3402 poterat,
1498 3335 1889 3401 obeatissime,
1951 3338 2147 3392 merito

571 3423 752 3477 anima
809 3433 994 3477 nostra
1045 3426 1115 3479 ob
1178 3427 1316 3480 hanc
1352 3443 1568 3482 causam
1623 3445 1732 3482 non
1790 3431 2148 3487 contristari?

572 3515 846 3584 quomodo
878 3533 984 3569 non
1017 3520 1347 3587 respondere
1376 3522 1648 3575 sanctitati
1686 3532 1810 3588 tuae,
1849 3539 1951 3576 nec
1981 3525 2148 3578 silen-

573 3607 648 3660 tio
675 3609 1074 3662 accusationem
1121 3610 1490 3663 continuare?
1523 3611 1633 3680 Ego
1683 3629 1812 3666 vero
1880 3621 2007 3667 ante
2061 3631 2150 3669 re-

574 3699 922 3767 sponsionem
975 3717 1097 3755 cum
1134 3704 1436 3757 reverentia
1488 3704 1590 3758 hoc
1635 3715 2005 3772 rcpraesento:
2041 3721 2150 3759 non

576 3801 827 3859 oportere
861 3793 1085 3848 cuilibet
1116 3811 1276 3849 aures
1326 3806 1529 3849 temere
1579 3797 1730 3861 dare,
1797 3798 1888 3867 qui
1948 3798 2151 3868 aliquid

576 3883 706 3936 velit
735 3893 922 3937 contra
979 3888 1289 3954 quempiam
1333 3888 1499 3956 loqui.
1529 3887 1715 3956 Neque
1743 3904 1874 3943 sane
1919 3891 2036 3944 sine
2062 3891 2151 3960 ju-

576 3974 716 4030 dicio
743 3985 959 4047 oportet
992 3978 1426 4033 animadvertere
1460 3979 1511 4033 in
1537 3995 1659 4034 eum
1688 3981 1781 4050 qui
1838 3993 2148 4036 accusatur.

574 4067 692 4121 Non
721 4068 865 4123 enim
893 4069 977 4124 lex
1002 4079 1197 4134 vestra,
1231 4070 1422 4140 inquit,
1449 4072 1658 4139 jndicat
1737 4074 2016 4138 hominem,
2053 4076 2153 4128 nisi

577 4158 725 4225 prius
754 4162 981 4214 audierit
1021 4163 1085 4214 ab
1127 4164 1260 4230 ipso,
1296 4171 1345 4217 et
1401 4164 1692 4231 cognoverit
1740 4165 1864 4232 quid
1889 4165 2154 4229 faciet“?

579 4249 671 4302 Sic
690 4259 744 4305 et
766 4251 1041 4307 beatitudo
1076 4263 1166 4308 tua
1196 4271 1319 4308 cum
1373 4256 1524 4310 triste
1556 4255 1697 4311 istud
1731 4265 1785 4309 et
1808 4257 2058 4311 acerbum
2085 4257 2152 4311 de

580 4343 843 4410 parvitate
889 4356 1074 4400 nostra
1117 4347 1395 4402 audiisset.
1447 4347 1735 4412 Quodnam
1768 4348 1912 4402 enim
1949 4349 2150 4402 malum

581 4435 795 4503 gravius
821 4452 942 4491 esse
964 4447 1147 4506 queat,
1178 4455 1338 4508 quam
1371 4450 1429 4494 ut
1469 4442 1536 4494 ab
1591 4440 1832 4496 Ecclesia
1855 4443 2146 4514 separeris,

579 4537 632 4579 et
659 4526 1080 4596 archipastorem
1113 4531 1229 4586 ovis
1275 4531 1504 4594 amittat,
1543 4533 1654 4586 sive
1709 4538 2154 4603 compastorem?

583 4614 678 4670 Est
724 4617 870 4670 enim
917 4619 1078 4673 etiam
1115 4619 1274 4672 nobis
1323 4620 1718 4688 peccatoribus,
1760 4623 2008 4689 quamvis
2043 4623 2146 4676 im-

583 4706 795 4773 merito,
829 4717 882 4761 et
926 4709 1111 4762 unctio
1161 4725 1188 4761 a
1218 4710 1330 4762 Deo
1355 4719 1408 4762 et
1438 4726 1635 4764 nomen
1678 4714 1931 4781 pastoris,
1968 4716 2151 4770 dicere

582 4799 778 4863 audeo,
828 4801 894 4853 ad
947 4801 1255 4865 ferendum,
1299 4803 1718 4867 discutiendum,
1786 4809 2147 4877 arguentium,

581 4904 687 4958 qua
709 4890 977 4959 privatim,
1005 4907 1110 4960 qua
1141 4893 1374 4960 publice,
1398 4894 1814 4963 juxtatraditam
1842 4913 1872 4950 a
1895 4896 2146 4963 Domino,

583 4979 726 5035 inter
768 4991 819 5035 te
852 4990 906 5036 et
938 4981 1113 5051 ipsum
1160 4984 1353 5050 solum,
1385 4995 1478 5039 aut
1523 4986 1664 5040 inter
1698 4987 1857 5053 duos,
1908 4989 2151 5059 discipli-

584 5089 709 5128 nam
745 5093 758 5129 :
783 5084 943 5144 atque
969 5076 1041 5130 ita
1073 5076 1116 5130 si
1147 5077 1483 5146 persisteret,
1518 5077 1660 5132 sicut
1689 5078 1804 5148 ipse
1831 5080 1926 5143 ait,
1955 5081 2026 5136 sit
2055 5081 2148 5135 tibi

587 5175 847 5236 tanquam
876 5168 1125 5223 ethnicus
1151 5178 1204 5224 et
1232 5169 1551 5239 publicanus
1579 5170 1644 5224 τ’.
1680 5168 1790 5224 Nos
1846 5186 1975 5226 vero
2024 5171 2154 5226 hac-

587 5270 766 5326 tenus,
803 5275 978 5329 neque
1019 5277 1116 5331 per
1156 5261 1570 5326 internuntium,
1614 5278 1791 5331 neque
1821 5278 2023 5330 coram,
2050 5265 2156 5319 tale

588 5349 881 5419 quidquam
919 5366 948 5405 a
1000 5351 1392 5413 sanctaanima
1437 5361 1545 5416 tua,
1583 5354 1665 5406 vel
1712 5351 2036 5418 audivimus,
2069 5353 2154 5408 vel

587 5439 778 5495 moniti
839 5439 1061 5504 fuimus,
1139 5450 1194 5495 ut
1255 5441 1333 5496 sic
1408 5440 1702 5496 inferretur
1751 5440 2152 5496 condemnatio.

586 5529 909 5585 Consideret
953 5532 1211 5601 perfectio
1269 5542 1377 5598 tua,
1411 5549 1540 5588 num
1586 5533 1708 5604 jure
1755 5533 2037 5588 molestum
2103 5530 2154 5586 id

591 5620 715 5674 [iliis
745 5619 852 5675 tuis
894 5622 1147 5677 acciderit
1167 5623 1190 5676 ?

661 5758 707 5793 ⁷⁸
733 5757 985 5830 Calat.t|,
1025 5762 1075 5818 8.
1167 5763 1201 5790 ⁷¹
1230 5761 1381 5817 Joan.
1419 5777 1509 5825 HI,
1542 5762 1624 5814 ΓΗ.

2251 3325 2343 3383 οὖν
2394 3329 2486 3381 ἐπὶ
2522 3327 2764 3389 τούτοις,
2813 3318 2857 3377 ὧ
2918 3321 3325 3392 μακαριώτατε,
3356 3320 3456 3372 οὐκ
3501 3319 3729 3380 εἰκότως
3758 3312 3824 3387 ἦν

2251 3421 2406 3492 ἡμῶν
2451 3417 2762 3486 διατεθῆναι
2805 3415 2905 3485 τὴν
2937 3412 3114 3483 ψυχὴν
3157 3411 3449 3481 λυπηρῶς;
3484 3409 3602 3472 πῶς
3632 3409 3691 3462 δέ
3723 3409 3824 3460 οὐκ

2251 3514 2546 3582 ἐκλαλῆσαι
2593 3505 3007 3578 ἀπολογητικῶς
3049 3506 3115 3575 τῇ
3154 3502 3433 3572 ἁγιωσύνῃ
3462 3518 3581 3565 σου,
3613 3501 3709 3553 καὶ
3743 3500 3818 3569 μὴ

2250 3607 2316 3673 τῇ
2360 3605 2537 3672 σιωπῇ
2574 3600 2820 3672 κυρῶσαι
2866 3597 2964 3669 τὴν
3019 3592 3351 3665 κατηγορίαν
3373 3609 3395 3663 ;_
3443 3590 3585 3658 Ἐγὼ
3615 3591 3673 3643 δέ
3714 3590 3817 3657 πρὸ

2251 3694 2350 3762 τῆς
2374 3693 2691 3760 ἀπολογίας,
2715 3694 2889 3745 ἐκεῖνο
2926 3691 3044 3761 μετ’
3073 3687 3253 3750 αἰδοῦς
3288 3685 3717 3753 προσαναφέρω,
3741 3684 3822 3735 ὅτι

2251 3785 2350 3854 οὐχ
2378 3783 2449 3846 ὡς
2479 3784 2634 3853 ἔτυχε
2663 3783 2744 3835 δεῖ
2782 3783 2851 3836 τὰ
2893 3775 3006 3834 ὦτα
3038 3779 3271 3848 ἀνοίγειν
3317 3775 3482 3830 παντὶ
3534 3775 3609 3843 τῷ
3643 3773 3822 3842 βουλο-

2257 3877 2402 3948 μένῳ
2443 3876 2586 3930 κατά
2625 3876 2770 3937 τινός
2797 3891 2849 3926 τι
2878 3873 3055 3940 λέγειν
3077 3911 3092 3936 ,
3124 3871 3232 3925 οὐδ’
3264 3871 3332 3922 οὗ
3364 3867 3468 3937 μὴν
3501 3866 3824 3933 ἀποφαίνειν

2253 3971 2490 4040 ἀκρίτως
2519 3972 2596 4031 εἰς
2621 3969 2680 4022 τὸ
2704 3966 2987 4035 διαόληθὲν
3010 3965 3318 4036 πρόσωπον.
3335 3961 3427 4030 Μὴ
3450 3957 3560 4028 γὰρ
3586 3959 3619 4010 d
3642 3959 3825 4025 νόμος

2255 4062 2430 4132 ὑμῶν,
2462 4061 2614 4131 φησὶ,
2636 4063 2824 4128 κρίνει
2848 4057 2954 4110 τὸν
2983 4057 3318 4122 ἄνθρωπον,
3340 4052 3449 4106 ἐὰν
3469 4047 3556 4120 μὴ
3586 4047 3821 4113 ἀκούσῃ

2255 4153 2391 4220 παρ’
2439 4151 2623 4205 αὑτοῦ
2680 4150 2987 4217 πρότερον,
3023 4148 3137 4200 καῖ’
3177 4143 3299 4215 γνῷ
3330 4145 3389 4198 τι
3429 4140 3625 4205 aciei;
3659 4139 3822 4191 Ὥστε

2255 4244 2564 4314 ἀκουσάσης
2595 4243 2694 4312 τῆς
2723 4236 3119 4313 μακαριότητός
3151 4255 3246 4291 σου
3282 4236 3439 4292 τοῦτο
3462 4236 3524 4290 τὸ
3557 4233 3827 4304 δύσφορον

2255 4338 2350 4388 καὶ
2384 4334 2618 4387 ἐλεεινὸν
2663 4333 2790 4404 περὶ
2823 4332 2924 4402 τῆς
2956 4330 3230 4391 εὐτελείας
3260 4327 3437 4398 ἡμῶν.
3477 4326 3545 4380 Τί
3571 4324 3683 4395 γὰρ
3712 4324 3828 4394 μεῖ-

2256 4425 2348 4489 ξον
2371 4427 2538 4478 κακὸν
2567 4424 2662 4478 τοῦ
2686 4425 2788 4494 τῆς
2814 4420 3142 4492 Ἐκκλησίας
3167 4417 3471 4492 χωρισμοῦ,
3497 4416 3595 4470 καὶ
3617 4414 3716 4469 τοῦ
3735 4412 3827 4466 τδν

2255 4517 2620 4590 ἀρχιποίμενα
2677 4515 2739 4568 τὸ
2789 4513 3061 4584 πρόϐατον
3118 4510 3410 4573 ἀπολέσαι,
3465 4500 3685 4560 εῐτόὖν
3733 4503 3825 4557 τὸν

2257 4610 2638 4683 συμποίμενας
2675 4607 2789 4660 ἐστι
2819 4605 2927 4675 γάρ
2964 4607 3011 4658 εί
3042 4605 3134 4657 καὶ
3161 4600 3396 4666 ἀναξίως
3423 4600 3516 4652 καὶ
3547 4601 3682 4669 ἡμῖν
3715 4598 3825 4658 τοῖς

2251 4704 2595 4774 ἁμαρτωλοῖς
2625 4699 2831 4771 χρίσμα
2874 4699 2967 4750 καὶ
2991 4696 3160 4764 ὄνομα
3191 4693 3340 4763 παρά
3369 4691 3507 4745 Θεοῦ
3541 4691 3821 4758 ποιμένος,

2248 4796 2429 4866 τολμῶ
2443 4796 2642 4863 λέγειν,
2660 4791 2921 4861 ἐνεγκεῖν,
2947 4789 3250 4857 ἀνακρῖναι,
3270 4783 3705 4855 νουθετῆσαι,“πῆ
3730 4783 3824 4852 μὲν

2252 4889 2377 4959 ίδίᾳ,
2401 4889 2472 4955 πῆ
2491 4888 2545 4939 δὲ
2565 4887 2627 4957 δη
2639 4882 2966 4954 μοσίᾳ,κατά
2997 4881 3097 4950 τὴν
3121 4879 3226 4932 ὑπὸ
3257 4877 3352 4930 τοῦ
3381 4878 3589 4946 Κυρίου
3610 4877 3822 4942 ὑπαγο-

2252 4996 2375 5047 ρευο
2383 4978 2548 5048 μένην
2568 4975 2767 5048 μεταξὺ
2785 4974 2877 5027 σοῦ
2896 4973 2988 5026 καὶ
3003 4971 3166 5026 αὑτοῦ
3192 4971 3375 5041 μόνου,
3399 4970 3431 5039 ἢ
3449 4969 3587 5038 μετὰ
3609 4968 3726 5030 δύο,
3743 4967 3819 5019 δι·

2252 5071 2565 5125 δασκαλίαν·
2587 5068 2682 5121 καὶ
2706 5063 2806 5120 εἷθ’
2820 5065 2992 5128 οὕτως
3012 5068 3076 5136 τῇ
3094 5065 3349 5135 ἐπιμονῇ,
3365 5061 3441 5124 ὡς
3461 5059 3819 5130 αὐτός-φησιν,

2253 5162 2391 5215 ἔστω
2422 5180 2502 5214 σοι
2525 5160 2598 5223 ὡς
2637 5163 2663 5213 ό
2707 5158 2917 5218 ἐθνικὸς
2952 5156 3097 5210 καὶὸ
3118 5153 3374 5223 τελώνης.
3416 5152 3609 5222 Ἡμεῖς
3637 5151 3697 5204 δὲ
3730 5149 3820 5221 μέ-

2253 5271 2341 5323 χρι
2391 5252 2484 5304 τοῦ
2533 5251 2689 5321 δεῦρο
2717 5247 2839 5302 οὗτε
2879 5248 2947 5301 δι’
2981 5245 3313 5305 ἀποστόλου,
3343 5242 3466 5297 οὔτε
3502 5241 3731 5310 αὐτοψεί
3771 5257 3819 5292 τι

2253 5344 2489 5398 τοιοῦτον
2519 5343 2654 5412 πρὸς
2683 5342 2782 5410 τῆς
2819 5340 2979 5408 ἁγίας
3009 5355 3102 5391 σου
3130 5337 3332 5406 ψυχῆς,
3365 5335 3481 5388 ἀλλ’
3511 5334 3638 5387 οὔτε
3685 5336 3817 5401 ἀκη-

2264 5437 2489 5505 κόαμεν,
2513 5434 2633 5488 οὔτε
2675 5430 3104 5501 νενουθετήμεθα
3124 5447 3139 5461 ·
3164 5429 3258 5481 καὶ
3281 5427 3454 5489 οὕτως
3484 5427 3544 5480 τὸ
3583 5427 3819 5494 ἐνεγκεῖν

2264 5529 2554 5595 ἀπόφασιν.
2584 5523 2918 5593 Σκοπησέιτω
2949 5522 2980 5590 ὴ
3013 5517 3284 5586 τελειότης
3315 5534 3430 5584 σου,
3457 5516 3506 5569 εἰ
3534 5516 3637 5571 οὐκ
3663 5516 3820 5586 ἀξίως

2264 5618 2503 5688 λυπηρὸν
2533 5615 2821 5685 γεγένηται
2847 5613 2954 5674 τοῖς
2987 5609 3190 5671 τέκνοις
3216 5623 3328 5660 σου.

1706 5763 1744 5791 ⁷³
1785 5745 1970 5814 Matth.
1995 5773 2145 5822 mu,
2181 5756 2264 5810 l5.
