4008 6318
133 371 262 432 989

136 570 201 626 δὲ
235 573 332 626 ἐπ’
356 571 531 641 αὐτὴν
559 571 656 642 τὴν
673 573 879 644 ἀπολ.],
911 574 1030 645 Θεῷ
1064 591 1124 629 τε
1157 576 1234 646 τῷ
1259 581 1607 651 παντεφόρῳ,
1641 581 1735 634 καὶ

137 667 215 734 τῇ
243 661 628 734 ἀρχιερωσύνη
651 679 741 716 σου
766 663 1080 734 ποιούμενοι
1105 666 1198 720 τὸν
1228 667 1407 725 λόγον.
1434 671 1546 724 Οὐκ
1569 671 1736 734 ἐσμὲν

139 753 526 824 ἀποσχισταὶ,
554 747 599 806 ὦ
639 753 770 821 ἁγία
799 755 1029 826 κεφαλὴ,
1067 757 1168 827 τῆς
1200 758 1295 811 τοῦ
1328 759 1465 813 Θεοῦ
1508 762 1736 832 Ἐκκλη-

142 844 314 907 σίας*
351 844 560 913 μήποτε
590 843 748 897 τοῦτο
774 847 1062 917 πάθοιμεν.
1106 848 1248 902 Ἀλλ’
1272 853 1320 902 εἰ
1350 853 1443 904 καὶ
1477 853 1652 915 ἄλλως
1677 855 1736 906 ὲν

142 934 376 996 πολλοῖς
397 936 790 1005 ἁμαρτήμασιν
810 938 1152 1010 ὑπάρχομεν,
1179 940 1319 1012 πλὴν
1347 942 1616 1012 όρθόδοξοι
1641 946 1736 998 καὶ

139 1027 259 1096 τῆς
295 1025 586 1097 καθολικῆς
647 1029 955 1098 Εκκλησίας
985 1032 1275 1100 τρόφιμοι,
1316 1035 1496 1087 πᾶσαν
1525 1036 1735 1106 αἵρεσιν

142 1117 628 1188 ἀποϐαλλόμενοι,
662 1120 760 1174 καὶ
813 1123 994 1176 πᾶσαν
1047 1122 1338 1195 καθολικὴν
1375 1125 1466 1178 καὶ
1507 1125 1736 1195 τοπικὴν

145 1208 380 1262 σύνοδον
402 1211 803 1280 ὲγκεκριμένην
827 1213 1243 1283 ἀποδεχόμενοι·
1268 1216 1328 1267 οὐ
1359 1215 1463 1286 μὴν
1483 1215 1618 1269 ἀλλὰ
1640 1216 1735 1268 καὶ

142 1300 260 1363 τὰς
295 1301 428 1372 παρ’
476 1301 657 1354 αὐτῶν
711 1303 1111 1374 ὲκφωνηθείσας
1141 1306 1430 1368 κανονικάς
1465 1305 1734 1358 διατυπώ-

148 1408 298 1454 σεις.
328 1392 481 1462 Μηδὲ
511 1393 620 1463 γὰρ
646 1391 846 1445 τέλειον
875 1390 1012 1447 εἶναι
1040 1395 1338 1464 όρθὸδοξον,
1365 1396 1478 1448 ἀλλ’
1511 1396 1570 1461 ἐξ
1607 1399 1737 1467 ἡμι-

149 1484 340 1548 σείας,
367 1484 458 1537 τὸν
493 1483 593 1554 τὴν
636 1485 821 1536 πίστιν
853 1485 1019 1555 όρθὴν
1058 1485 1304 1555 οἰόμενον
1343 1486 1509 1556 ἔχειν,
1543 1488 1654 1549 τοῖς
1677 1487 1735 1539 δὲ

147 1576 326 1640 θείοις
360 1577 546 1630 κανόσι
585 1578 657 1646 μὴ
688 1578 1148 1646 ἀπευθυνόμενον.
1187 1581 1294 1631 Καὶ
1322 1580 1420 1649 τὴν
1472 1579 1734 1650 μακαριόε

145 1668 300 1736 τητά
334 1683 450 1732 σου,
482 1667 643 1737 ήνὶκα
674 1668 1041 1739 προσεδλήθη,
1065 1668 1466 1739 ἀπεδεξάμεθα,
1495 1669 1636 1722 καθὰ
1658 1670 1736 1731 είς

147 1759 397 1830 ἐπήκοον
447 1759 620 1827 αὐτῆς
662 1759 1144 1830 ἀπελογησάμεθα.
1190 1760 1302 1813 Καὶ
1345 1762 1410 1814 ὲκ
1468 1761 1586 1813 τότε
1640 1758 1735 1812 καὶ

154 1849 327 1919 μέχρι
359 1847 454 1902 τοῦ
475 1849 635 1918 δεῦρο
666 1851 724 1903 ὲν
747 1853 813 1922 τῇ
848 1850 1206 1922 μυσταγωγίᾳ
1234 1851 1308 1913 ὡς
1344 1851 1575 1920 καθήκει
1605 1851 1735 1903 ἀνα-

155 1941 445 2012 φέρομενο
498 1942 595 1994 καὶ
645 1941 721 2006 ὡς
773 1943 982 2013 μάρτυς
1019 1941 1170 2008 Θεὸς,
1201 1943 1251 1995 εί
1287 1941 1410 1995 κατ’
1443 1942 1612 2012 αὐτὴν
1640 1941 1738 2012 τὴν

150 2031 376 2103 ἡμέραν
400 2029 635 2101 ἐζήτησε
668 2031 1000 2101 κοινωνῆσαι
1043 2032 1212 2101 ἡμᾶς,
1245 2031 1739 2102 συνεκοινωνοῦμεν

155 2122 224 2173 ἂν
262 2122 402 2191 αὐτῇ
436 2121 602 2190 μηδὲν
627 2121 1060 2193 διακρινόμενον
1095 2123 1216 2175 ἐπεὶ
1245 2124 1338 2175 καὶ
1371 2123 1580 2193 ποθητὴ
1608 2125 1738 2192 ἡμῖν

155 2211 218 2278 ἐξ
247 2212 445 2282 ἀρχῆς.
479 2204 554 2264 Οῦ
587 2212 746 2282 χάριν
774 2213 828 2266 δὲ
866 2213 927 2266 τὸ
960 2213 1383 2283 θρυλλούμενον,
1419 2214 1505 2266 διά
1537 2215 1627 2266 τὸν
1658 2215 1737 2266 ol-

158 2305 417 2372 κονόμον,
449 2304 508 2358 ὃν
538 2305 778 2376 καθῇρεν
803 2305 938 2377 αὑτὴ
981 2308 1013 2376 ή
1054 2305 1302 2376 ἀλήθεια,
1337 2307 1551 2369 πολλοῖς
1582 2307 1740 2360 κανό-

160 2408 247 2445 σιν
272 2393 641 2449 ὑποπεσόνταο
672 2397 858 2468 ἐπειδὴ
903 2397 996 2450 καὶ
1041 2396 1147 2468 πρὸ
1182 2397 1279 2466 τῆς
1313 2396 1585 2466 ἐμφανοῦς
1623 2414 1742 2468 μοι·

161 2485 343 2555 χείας,
378 2488 686 2558 μοιχεύοντι
736 2489 813 2560 τῷ
846 2489 1356 2557 προϐεϐασιλευκότι
1387 2491 1444 2541 ὲν
1467 2490 1741 2558 διαφόροις

163 2577 502 2648 προσώποις,
534 2582 596 2634 οὐ
633 2581 790 2651 μόνον
815 2577 883 2649 ἦν
912 2581 1263 2650 λειτουργῶν,
1288 2581 1382 2634 καὶ
1407 2581 1740 2650 μεταδιδοὺς,

163 2671 261 2722 καὶ
292 2670 737 2742 συνεστιώμενος,
765 2673 900 2725 ἀλλά
940 2673 1032 2726 καὶ
1068 2674 1166 2742 τὴν
1211 2672 1405 2743 μερίδα
1437 2674 1552 2741 μετ’
1577 2669 1740 2725 αὑτοῦ

164 2762 470 2832 τιθέμενος,
513 2763 570 2830 ἐξ
613 2757 675 2816 οῦ
712 2763 964 2834 καὶπρὸς
995 2764 1095 2834 τὴν
1127 2764 1426 2832 ἀναφανδὸν
1454 2764 1742 2830 ἀσέλγειαν

166 2852 449 2923 πρόθυμος
475 2854 693 2921 γέγονε·
729 2855 1145 2925 καταφρονήσας
1165 2853 1297 2906 Θεοῦ
1336 2854 1427 2908 καὶ
1459 2855 1566 2906 τῶν
1584 2853 1743 2907 θείων

169 2945 480 3014 κριμάτων.
511 2945 619 2998 Καὶ
650 2946 737 2999 ἵνα
770 2945 1117 3015 ἐκδηλότερον
1141 2947 1224 3014 εἴη
1245 2944 1305 2997 τὸ
1333 2943 1623 3012 λεγόμενον
1643 2960 1655 2973 ·
1681 2947 1741 2998 ού

168 3036 306 3106 πρὸς
339 3035 576 3108 διδαχὴν,
603 3038 809 3106 ἄπαγε’
839 3036 952 3091 ἀλλ’
991 3039 1022 3107 ἢ
1064 3037 1222 3107 μόνον
1249 3037 1385 3108 πρὸς
1414 3037 1768 3106 ὑπόμνησιν..

169 3129 367 3199 αὐτὴν,
406 3132 454 3183 εί
486 3129 717 3194 κελεύει,
748 3131 846 3202 τὴν
885 3130 1024 3183 κατά
1057 3129 1154 3198 τὴν
1202 3129 1531 3200 στεφανικὴν
1579 3130 1742 3183 συνά-

171 3238 353 3288 φειαν,
389 3221 540 3288 ἱερὰν
573 3221 961 3289 μυσταγωγίαν
1002 3219 1358 3290 ἀναλήψεται,
1403 3222 1497 3274 καὶ
1537 3221 1741 3274 κατίδοι

171 3311 338 3364 πόσον
385 3313 529 3366 ἐστὶν
579 3313 809 3366 ἐνταῦθα
842 3313 1135 3366 ὑπολαϐεῖν
1158 3313 1250 3365 τὸν
1273 3312 1620 3383 παροξυσμὸν
1649 3311 1741 3364 τοῦ

173 3405 333 3471 ἁγίου
369 3404 684 3475 ιῐνεύματος
727 3408 784 3458 ἐν
828 3409 947 3469 ταῖς
989 3408 1267 3469 τοιαύταις
1305 3405 1740 3473 ὲναντιολογὶαις.

172 3497 397 3559 Πάντως
420 3498 528 3568 γάρ
558 3500 656 3550 ὅσα
694 3500 721 3551 ὁ
763 3501 939 3568 ἱερεὺς
973 3499 1280 3566 ὑποφαίνει,
1302 3497 1471 3552 ταῦτα
1505 3498 1597 3550 καὶ
1616 3496 1746 3559 Θεὸς

172 3589 377 3658 κυροῦν
433 3589 860 3656 ἐπαγγέλλεται,
895 3590 1036 3643 κατά
1086 3591 1175 3642 τὸν
1237 3589 1408 3658 μέγαν
1453 3588 1742 3641 Διονύσιον.

187 3679 347 3732 Ἀλλά
387 3679 474 3732 διὰ
527 3681 681 3733 τοῦτο
712 3680 945 3750 δεόμεθά
991 3697 1082 3732 σου
1126 3681 1225 3748 τῆς
1269 3680 1623 3747 τελειότητος,
1658 3678 1748 3731 τὸν

177 3771 283 3824 ὑπὸ
327 3769 435 3823 τῶν
491 3771 728 3824 κανόνων
777 3771 1174 3842 καθῃρημένον,
1208 3772 1301 3825 καὶ⁵
1351 3771 1454 3824 ὑπὸ
1490 3771 1582 3823 τοῦ
1618 3787 1748 3840 προ-

175 3859 527 3930 ηγησαμένου
552 3861 646 3930 τὴν
672 3863 978 3934 ἁγιωσύνην
997 3880 1109 3929 σου,
1129 3863 1410 3934 εἱρχθέντα
1439 3863 1577 3925 ὅλοις
1597 3863 1749 3916 ὲννέα

178 3949 344 4014 ἔτεσι,
399 3950 604 4005 παῦσαι
664 3956 764 4026 τῆς
817 3953 1146 4026 ἱερουργίας,
1197 3954 1520 4024 παραλόγως
1576 3953 1748 4006 cloel-

180 4042 362 4096 θόντα.

255 4135 412 4204 Ἀρτι
457 4134 563 4204 γὰρ
615 4134 674 4187 τὸ
715 4136 969 4190 ταπεινὸν
1019 4137 1194 4208 στόμα
1242 4137 1399 4205 ἡμῶν
1440 4134 1749 4205 ήνοίξαμεν,

185 4221 344 4292 ήνίκα
395 4224 784 4294 ὲνεκλήθημεν.
827 4225 1091 4295 Ὀπηνίκα
1122 4225 1230 4296 γάρ
1277 4225 1519 4292 ἐγεγόνει
1561 4227 1594 4295 ή
1632 4241 1755 4276 συν·

1384 378 1924 442 EPISTOLARUM
1957 380 2106 441 LIB.
2145 380 2196 441 Ι.

220 479 426 553 Ἴημεν
469 479 528 534 δὲ
571 480 660 534 ἐπ’
711 482 881 552 αὐτῆς
926 482 1028 554 τῆς
1075 483 1369 555 ἀπολογίας
1408 488 1506 560 [aL
1544 492 1741 561 Ἴωμεν
1770 495 1816 549 Α

1771 3163 1813 3218 C

3306 382 3414 444 990

1947 489 2104 545 Nunc
2125 498 2308 544 autem
2362 487 2640 560 pergimus
2683 487 2749 542 ad
2800 488 3179 560 purgationem
3228 504 3411 545 coram

1837 579 1949 636 Deo
1981 583 2072 652 qui
2110 581 2291 636 omnia
2321 581 2514 646 cernit,
2547 590 2601 635 et
2629 595 2813 635 coram
2845 582 3294 650 archiprazsulatu
3320 593 3412 638 tuo

1835 675 1999 729 verba
2039 674 2252 729 facturi.
2285 672 2403 728 Non
2435 689 2622 728 sumus
2681 673 3033 744 aposchistaz,
3088 690 3121 729 ο
3160 683 3408 729 sanctum

1835 775 2018 834 caput,
2044 766 2111 819 ab
2141 765 2382 819 Ecclesia
2407 765 2498 820 Dei
2534 782 2548 818 :
2586 764 2727 819 absit
2763 774 2821 818 ut
2876 765 2928 818 id
2961 780 3197 834 unquam
3250 764 3410 819 nobis

1835 857 2048 910 eveniat
2075 859 2087 909 l
2132 855 2238 910 Sed
2269 856 2566 925 quamlibet
2611 856 2729 910 aliis
2761 855 3010 926 plurimis
3040 856 3277 925 peccatis
3309 857 3409 910 ob-

1834 949 1981 1002 noxii
2012 957 2311 1013 teneamur,
2345 963 2532 1002 sumus
2559 955 2797 1001 attamen
2841 947 3154 1010 orthodoxi,
3190 956 3245 1000 et
3308 946 3410 1001 Ec-

1835 1040 2013 1094 clesiae
2064 1040 2348 1094 catholicae
2397 1039 2623 1104 alumni,
2681 1040 2932 1094 haeresim
2971 1054 3189 1093 omnem
3246 1054 3409 1108 repu-

1834 1131 2063 1193 diantes,
2098 1145 2422 1200 omnemque
2474 1130 2834 1184 universalem
2881 1138 2935 1184 et
2964 1130 3190 1184 localem
3240 1144 3405 1198 syno-

1835 1223 1964 1278 dum
1997 1221 2351 1291 approhatam
2409 1221 2739 1290 recipientes
2773 1239 2786 1286 ;
2839 1236 2940 1276 nec
2987 1235 3097 1274 non
3132 1219 3306 1274 editas
3338 1219 3408 1273 ab

1836 1313 1940 1367 illis
1973 1311 2260 1366 canonicas
2314 1310 2730 1364 constitutiones
2760 1327 2775 1367 ;
2806 1325 2985 1379 neque
3029 1309 3175 1364 enim
3226 1308 3408 1377 perfe—

1835 1411 1982 1456 ctum
2024 1415 2144 1455 esse
2189 1399 2575 1462 orthodoxam,
2606 1399 2700 1452 sed
2736 1398 3096 1461 dimidiatum,
3122 1397 3214 1466 qui
3244 1395 3407 1451 ﬁdem

1835 1493 2058 1562 quidem
2105 1497 2309 1544 rectam
2362 1491 2561 1544 habere
2612 1490 2883 1551 videatur,
2938 1489 3134 1544 divinis
3160 1504 3290 1542 vero
3320 1503 3410 1541 ca-

1835 1583 2074 1638 nonibus
2115 1597 2224 1636 non
2261 1590 2500 1651 regatur.
2531 1580 2929 1637 Beatitudinem
2995 1588 3163 1644 tuam,
3193 1579 3410 1649 quando

1834 1684 2083 1748 promota
2129 1674 2249 1740 fuit,
2274 1675 2634 1743 suscepimus,
2664 1673 3121 1744 quemadmodum
3150 1673 3327 1741 palam
3357 1671 3407 1725 ei

1836 1767 2015 1824 testati
2058 1781 2268 1821 sumus.
2321 1763 2388 1818 Et
2417 1780 2483 1818 ex
2544 1780 2610 1820 eo
2666 1772 2907 1834 tempore
2963 1763 3016 1817 in
3063 1763 3208 1816 hunc
3238 1775 3409 1830 usque

1840 1859 2005 1924 diem,
2042 1859 2098 1912 in
2149 1857 2474 1928 mystagogia
2528 1869 3032 1918 commemoramus,
3065 1862 3240 1923 utpar
3290 1860 3408 1916 est,

1839 1958 1914 2014 et,
1946 1951 2086 2005 sicut
2115 1949 2268 2003 testis
2292 1959 2373 2003 est
2403 1949 2564 2013 Deus,
2600 1948 2643 2002 si
2695 1947 2791 2001 illo
2855 1947 2944 2001 die
3005 1944 3410 2000 communicare

1840 2058 1942 2098 nos
1970 2041 2250 2104 voluisset,
2294 2042 2852 2095 communicassemus
2914 2037 3074 2108 plane
3103 2052 3225 2092 cum
3270 2037 3406 2106 ipsa,

1839 2129 1977 2184 nihil
2022 2129 2428 2194 discernentes;
2489 2143 2614 2182 cum
2647 2125 3006 2181 desideranda
3032 2125 3190 2179 nobis
3248 2124 3411 2179 fuerit

1840 2221 1909 2274 ab
1943 2219 2117 2273 initio.
2190 2219 2264 2274 De
2311 2232 2596 2286 ceconomo
2627 2225 2830 2280 autem,
2868 2214 3025 2284 cujus
3089 2227 3253 2266 causa
3294 2210 3411 2264 haec

1837 2311 2130 2381 jactantur,
2187 2323 2348 2378 quem
2394 2307 2592 2362 veritas
2635 2307 2750 2376 ipsa
2784 2306 3056 2375 deposuit,
3093 2304 3276 2358 multis
3309 2318 3404 2357 ca-

1840 2400 2074 2454 nonibus
2111 2397 2424 2460 obnoxium,
2463 2412 2586 2451 cum
2618 2396 2702 2450 vel
2731 2406 2858 2449 ante
2913 2404 3164 2464 apertum
3199 2394 3411 2448 adulte-

1842 2493 2004 2557 rium,
2027 2505 2150 2545 cum
2197 2490 2562 2544 moecharetur
2617 2488 2673 2541 in
2736 2487 2902 2542 variis
2933 2486 3179 2556 personis
3211 2500 3412 2556 praece-

1843 2586 1978 2640 dens
2037 2585 2356 2652 imperator,
2411 2597 2522 2635 non
2572 2581 2747 2634 solum
2801 2579 3112 2634 sacriﬁcarit
3172 2578 3306 2647 ipse,
3358 2585 3413 2630 et

1843 2674 2277 2731 communionem
2309 2672 2690 2741 impertiverit,
2726 2680 2780 2724 et
2805 2685 2910 2723 una
2934 2669 3180 2738 epulatus
3205 2668 3294 2732 sit,
3315 2667 3412 2721 sed

1844 2774 2052 2836 partem
2086 2764 2248 2818 etiam
2304 2777 2426 2816 cum
2479 2776 2544 2816 eo
2566 2760 2837 2830 posuerit:
2875 2759 3017 2812 unde
3048 2767 3102 2812 et
3131 2765 3413 2826 promptus

1845 2858 2051 2913 exstitit
2110 2857 2173 2911 ad
2215 2856 2482 2926 publicam
2529 2853 2992 2918 incontinentiam,
3062 2851 3229 2907 Deum
3285 2865 3415 2905 con-

1847 2960 2094 3004 temnens
2123 2958 2178 3002 et
2211 2949 2392 3002 divina
2451 2946 2672 3017 judicia.
2735 2945 2910 3013 Atque
2967 2953 3028 2998 ut
3077 2942 3415 2997 manifestius

1846 3040 1956 3103 ﬁat,
1997 3038 2139 3107 quod
2161 3037 2375 3100 dicitur,
2407 3051 2515 3091 non
2532 3033 2974 3095 docendistudio,
3006 3032 3175 3085 absit!
3201 3028 3294 3083 sed
3328 3042 3416 3081 re-

1847 3131 2109 3186 novandae
2136 3129 2409 3184 memoriae
2455 3130 2644 3200 gratia,
2698 3129 2873 3199 ipsam
2917 3126 2963 3181 si
3014 3124 3366 3194 placet,qu:B
3399 3160 3414 3183 9

1846 3223 1974 3277 dum
2014 3231 2341 3276 coronantur
2388 3223 2590 3292 sponsi,
2640 3229 2950 3290 usurpatur,
3029 3213 3418 3286 mystagogiam

1847 3329 2054 3370 sacram
2081 3324 2339 3379 resumat,
2363 3324 2416 3368 et
2434 3315 2727 3384 perspiciet
2769 3322 3028 3384 quantam
3073 3308 3204 3362 hinc
3243 3303 3419 3371 conji-

1846 3422 1966 3461 cere
1989 3407 2147 3460 liceat
2192 3405 2425 3476 Spiritus
2463 3409 2633 3462 sancti
2685 3404 3111 3476 indignationem
3152 3399 3205 3452 in
3256 3397 3420 3451 tantis

1846 3495 2380 3554 contradictionibus.
2415 3497 2645 3550 Omnino
2678 3494 2822 3550 enim
2853 3502 3188 3561 quaecunque
3237 3501 3419 3541 sacer-

1846 3586 1942 3641 dos
1987 3592 2332 3658 pronuntiat,
2366 3604 2428 3642 ea
2476 3588 2824 3656 impleturum
2864 3600 2922 3638 se
2955 3580 3228 3652 promittit
3271 3583 3420 3636 Deus

1844 3685 1995 3754 juxta
2018 3698 2266 3754 magnum
2323 3680 2654 3751 Dionysium.
2679 3678 2970 3747 Propterea
2989 3695 3116 3748 ergo
3166 3693 3421 3748 rogamus

1850 3776 2240 3848 perfectionem
2277 3784 2444 3836 tuam,
2478 3779 2539 3827 ut
2586 3772 2891 3840 depositum
2929 3785 2959 3824 a
2999 3771 3320 3834 canonibus,
3365 3778 3422 3823 et

1851 3886 1879 3924 a
1911 3869 2311 3939 praedecessore
2375 3863 2679 3918 sanctitatis
2741 3872 2846 3917 tua:
2895 3861 3231 3932 prohibitum
3293 3861 3422 3915 totis

1850 3975 2046 4015 novem
2075 3959 2257 4022 annis,
2285 3964 2483 4024 praeter
2505 3954 2771 4009 rationem
2836 3954 3165 4025 ingressum,
3208 3967 3424 4008 cessare

1847 4051 2040 4122 jubeas
2070 4065 2101 4102 a
2143 4045 2463 4102 sacerdotio.
2579 4115 2586 4128 Ι

1920 4139 2078 4192 Nunc
2130 4135 2402 4204 siquidem
2436 4133 2640 4188 humile
2665 4146 2727 4186 os
2765 4139 3012 4186 nostrum
3068 4129 3378 4198 aperuimus
3401 4170 3416 4194 ,

1852 4225 2067 4296 quando
2095 4221 2269 4277 vocati
2305 4219 2526 4274 fuimus.
2580 4219 2716 4275 Cum
2762 4219 2905 4274 enim
2959 4217 3133 4272 factus
3161 4226 3245 4272 est
3290 4232 3422 4271 con-

183 4313 388 4376 ἑλευσις
419 4313 602 4383 ἐκείνη
629 4316 662 4384 ή
695 4314 884 4386 μικρὰ,
910 4317 1005 4370 καὶ
1033 4316 1132 4369 οὐκ
1159 4311 1252 4368 οἷδ’
1281 4315 1436 4368 ὁποία
1457 4317 1628 4368 εἰπεῖν
1646 4331 1661 4345 ο
1691 4315 1744 4367 ὲκ

1852 4328 2047 4383 ventus
2078 4317 2166 4370 ille
2186 4329 2404 4386 parvus,
2427 4322 2482 4367 et
2510 4316 2693 4367 nescio
2720 4328 2828 4381 quo
2867 4313 3086 4366 nomine
3113 4310 3377 4380 appellem
3403 4327 3419 4376 ;

184 4407 282 4474 τῆς
311 4406 553 4474 φυλακῆς
595 4406 742 4476 ἥμην
778 4408 898 4460 κατ’
930 4408 1059 4461 αὐτὸ
1089 4405 1446 4478 ἐξεληλυθὼς.
1478 4407 1587 4459 Καὶ
1630 4405 1744 4458 ἐπεὶ

1854 4424 1922 4464 ex
1977 4421 2194 4462 carcere
2245 4419 2341 4474 per
2390 4404 2530 4457 idem
2578 4411 2789 4472 tempus
2843 4402 3106 4456 redieram
3143 4419 3155 4454 :
3191 4416 3424 4469 cumque

188 4496 372 4569 ἐώρων
411 4496 632 4560 τούτους
672 4498 1158 4568 συνηθροισμένους
1190 4499 1316 4560 τοὺς
1349 4499 1442 4550 καὶ
1486 4497 1744 4565 πρότερον

1854 4500 2091 4554 viderem
2115 4511 2208 4551 eos
2241 4509 2362 4548 esse
2387 4503 2742 4563 congregatos
2764 4533 2778 4556 ,
2832 4495 2923 4562 qui
2965 4491 3290 4546 adulterium
3323 4507 3423 4543 an-

188 4587 285 4655 τὴν
315 4586 561 4656 μοιχείαν
592 4581 1077 4658 κατὰδεξαμὲνους,
1110 4589 1203 4642 καὶ
1231 4588 1322 4640 τὸν
1357 4587 1744 4657 μοιχοζεύκτην

1857 4599 1942 4645 tea
1981 4593 2349 4657 susceperant,
2401 4593 2457 4643 et
2486 4586 2718 4639 adulteri
2788 4586 3158 4654 copulatorem
3209 4582 3425 4636 fuerant

189 4675 598 4746 ἀσπαζομένους
617 4692 632 4707 ⁸
651 4679 928 4750 ἐμνήσθην
949 4679 1042 4732 τοῦ
1059 4678 1395 4749 προφητικοῦ
1412 4679 1641 4742 ἐκείνου,
1667 4678 1744 4730 ὅτι

1855 4666 2150 4750 complexi;
2179 4682 2326 4735 venit
2368 4682 2496 4734 mihi
2534 4681 2584 4732 in
2632 4689 2869 4733 mentem
2910 4677 3053 4730 illius
3118 4675 3246 4730 dicti
3297 4689 3424 4744 pro-

205 4765 255 4818 Ὁ
284 4767 509 4820 συνιὼν
547 4769 618 4822 ἐν
650 4768 729 4833 τῷ
775 4769 958 4838 καιρῷ
997 4772 1208 4837 ἐκείνῳ
1239 4771 1629 4837 σιωπήσεται,
1662 4771 1744 4823 ὅτι

1856 4771 2098 4840 phetici:
2155 4772 2378 4841 Sapiens
2427 4771 2590 4825 inille
2653 4781 2880 4838 tempore
2935 4767 3124 4831 silebit,
3175 4767 3424 4836 quoniam

192 4858 390 4924 καιρὸς
403 4861 665 4927 πονηρός
676 4861 864 4916 ἐστιν.
884 4863 1019 4915 Ἀλλ’
1033 4863 1156 4914 ἐπεὶ
1169 4865 1196 4915 ὁ
1207 4862 1366 4924 αὐτὸς
1379 4863 1543 4930 λέγει·
1565 4862 1744 4914 Ἐσιώ-

1860 4871 2059 4932 tempus
2083 4864 2279 4917 malum
2308 4873 2382 4918 est
2414 4865 2477 4918 ⁷⁸.
2510 4863 2615 4917 Sed
2645 4879 2769 4918 cum
2801 4862 2946 4917 dicat
2975 4860 3117 4914 idem
3144 4876 3156 4912 :
3213 4856 3379 4912 Tacui
3407 4898 3421 4921 ,

192 4963 334 5017 πησα
353 4966 366 4978 ·
391 4949 464 5020 μὴ
479 4951 573 5003 καὶ
593 4951 679 5003 ἀεὶ
705 4953 1048 5022 σιωπήσομαι
1069 4971 1082 5017 ;
1107 4953 1192 5005 διὰ
1207 4951 1363 5005 τοῦτο
1384 4953 1441 5004 ὲν
1467 4951 1643 5022 καιρῷ
1663 4952 1753 5004 εύο

1857 4955 2100 5023 nunquid
2119 4971 2333 5025 semper
2356 4957 2544 5011 tacebo
2565 4956 2611 4988 ⁷⁵
2637 4956 2662 5008 2
2695 4961 2981 5024 propterea
3015 4960 3260 5018 tempore
3287 4963 3425 5003 con-

195 5038 328 5109 θέτῳ
350 5040 777 5110 συκοφαντηθεὶς
798 5044 1069 5112 ἀνήνεγκα
1090 5045 1156 5096 τὰ
1182 5043 1560 5113 παριστάμενα
1583 5061 1597 5074 ’
1629 5043 1744 5094 ἐπεὶ

1856 5044 2092 5112 gruenti,
2139 5044 2407 5096 calumnia
2455 5057 2695 5112 pressus,
2750 5042 2866 5095 haec
2896 5037 3130 5094 tamdem
3186 5035 3422 5106 protuli;

193 5130 253 5183 τὸ
283 5131 403 5183 ὅσον
451 5133 508 5183 ἐν
556 5131 700 5201 ἐμοὶ,
729 5136 890 5186 παντὶ
921 5136 1105 5204 τρόπῳ
1147 5135 1498 5203 ἐφυλαξάμην
1538 5139 1596 5187 ἐν
1637 5136 1744 5197 τοῖς

1851 5135 1996 5204 quia,
2019 5142 2278 5204 quantum
2298 5134 2350 5188 in
2383 5149 2469 5189 me
2494 5134 2614 5199 fuit,
2636 5133 2781 5187 onmi
2809 5132 3014 5186 ratione
3037 5128 3149 5185 cavi
3181 5127 3262 5180 his
3289 5127 3425 5181 duo-

195 5219 338 5272 δυσὶν
381 5219 527 5274 ἔτεσι
569 5220 801 5286 τούτοις,
841 5221 916 5292 μὴ
959 5224 1037 5286 εἰς
1070 5224 1350 5291 προῦπτον
1393 5225 1618 5293 ἐκϐῆναι
1656 5223 1757 5292 τήν

199 5310 445 5365 ὑπόθεσιν
471 5328 484 5342 ·
522 5314 699 5365 ἐκεῖνο
741 5314 799 5365 ὲν
836 5314 1056 5383 ἐμαυτῷ
1098 5315 1321 5382 λέγων,ι
1347 5317 1449 5380 ὅτι,
1492 5316 1615 5367 ἐπεὶ
1659 5315 1757 5367 οὑκ

199 5401 306 5471 εἰμὶ
355 5392 658 5456 ἐπισκόπου
697 5401 833 5471 ἔχων
871 5402 1084 5473 ἀξίωμα
1130 5405 1429 5472 δυνάμενος
1478 5403 1753 5471 ἐλέγχεινο

200 5493 418 5562 ἀρκετόν
467 5511 557 5562 μοι
592 5495 627 5562 ἡ
664 5493 837 5546 οἰκεία
864 5494 1097 5565 φυλακὴ,
1129 5497 1222 5548 καὶ
1260 5497 1321 5547 τὸ
1357 5495 1432 5564 μὴ
1473 5495 1759 5564 μετασχεῖν

202 5598 263 5653 με
289 5581 385 5652 τῆς
411 5599 472 5635 τε
503 5583 714 5636 ἐκείνου
749 5583 1048 5648 κοινωνίας,
1081 5584 1299 5637 καὶτῶν
1324 5584 1513 5655 ἐκείνῳ
1539 5587 1595 5637 ὲν
1618 5583 1759 5653 γνώ-

1853 5225 1956 5279 bus
1989 5225 2166 5289 annis,
2219 5241 2288 5278 ne
2345 5239 2432 5279 res
2480 5224 2531 5278 in
2564 5233 2806 5294 apertum
2838 5222 3100 5293 prodiret.
3128 5219 3256 5273 illud
3307 5233 3422 5271 me-

1857 5329 1982 5367 cum
2045 5315 2312 5369 volvens:
2379 5313 2818 5383 quandoquidem
2880 5309 3118 5381 episcopi
3168 5306 3426 5377 dignitate

1853 5406 2113 5471 praeditus
2158 5421 2267 5459 non
2299 5420 2496 5470 essem,
2529 5415 2588 5458 ut
2634 5404 2893 5476 arguendi
2931 5403 3157 5456 habeam
3189 5407 3426 5470 potesta-

1859 5504 1968 5550 tem
1997 5537 2011 5561 ,
2037 5497 2284 5551 sutlicere
2340 5497 2383 5550 si
2413 5513 2500 5552 me
2554 5496 2670 5567 ipse
2720 5496 3038 5561 custodiam,
3071 5503 3128 5549 et
3163 5507 3274 5546 non
3303 5507 3426 5560 par-

1864 5587 2084 5658 ticipem
2115 5588 2262 5642 illius
2289 5589 2682 5653 communioni,
2728 5603 3026 5658 eorumque
3052 5589 3142 5656 qui
3189 5585 3428 5644 scientes

201 5689 271 5726 σει
306 5674 882 5745 συλλειτουργούντων,
915 5675 1018 5740 ἕως
1047 5675 1112 5729 ἂν
1142 5678 1206 5729 ἐκ
1249 5675 1415 5746 μέσου
1448 5676 1669 5746 γένηται
1699 5673 1744 5727 τί

1863 5694 1989 5735 cum
2011 5694 2076 5736 eo
2102 5695 2252 5735 sacra
2294 5679 2513 5746 faciunt,
2564 5682 2738 5751 quoad
2779 5680 3092 5737 scandalum
3133 5681 3200 5737 de
3247 5681 3425 5737 medic

259 5793 479 5850 "Alnos
521 5812 574 5856 v.
618 5794 701 5848 15.
777 5794 819 5825 ⁷³
853 5794 951 5849 lsa.
984 5810 1084 5848 xui
1151 5793 1231 5847 li.
