4008 6318
611 360 713 425 991

1808 379 1867 439 S.
1908 378 2300 440 THEODORI
2333 379 2677 440 STUDI'M!

3763 391 3867 456 992

616 475 849 530 tollatur.
883 475 995 532 Hoc
1022 477 1187 550 igitur
1217 495 1437 537 oramus
1469 491 1525 536 et
1558 483 1912 551 obtestamur,
1957 501 2016 543 ut
2053 505 2174 559 per-

2281 490 2592 544 σκάνδαλον.
2624 487 2793 542 Τοῦτο
2824 491 2999 541 τοίνυν
3027 490 3453 560 παρακαλοῦμεν
3481 494 3577 546 καὶ
3606 494 3859 567 δεόμεθα,

612 567 824 621 suaderi
855 569 959 622 sibi
989 571 1129 624 sinat
1153 583 1341 627 sancta
1368 575 1547 627 anima
1570 584 1681 638 tua,
1727 577 1888 631 istum
1916 580 2188 636 hominem

612 659 890 723 coerceri,
930 675 999 715 ne
1033 663 1372 731 vituperetur
1411 666 1754 734 inculpabilis
1783 672 2041 724 sanctitas
2066 681 2185 738 tua,

611 764 680 802 ne
711 751 981 818 polluatur
1027 754 1271 808 divinum
1315 757 1481 810 altare
1520 757 1751 826 depositi
1815 762 2051 817 hominis
2087 766 2188 817 mi-

611 841 860 904 nisterio,
921 859 989 896 ne
1029 844 1265 914 denique
1330 849 1575 901 oriantur
1624 849 1783 916 iustae
1835 854 2183 908 schismatum

612 933 944 988 occasiones.
987 934 1125 990 Vere
1173 939 1316 991 enim
1353 950 1406 992 et
1455 941 1665 994 sincere
1698 941 1796 996 hoc
1834 946 1971 999 sciat
2015 948 2185 1000 beati-

613 1021 742 1072 tudo
772 1031 880 1084 tua,
912 1025 1054 1090 quod
1119 1026 1222 1079 nisi
1285 1029 1398 1082 haec
1432 1033 1499 1084 ita
1541 1033 1671 1088 [iant
1721 1034 1889 1089 Deum
1949 1039 2184 1091 amantis

610 1113 802 1164 animae
830 1121 934 1166 tum
966 1125 1122 1180 nutu,
1149 1128 1203 1170 et
1241 1120 1604 1187 piissimorum
1637 1143 1697 1182 ac
1732 1129 2182 1198 triumphatorum

611 1200 997 1270 imperatorum
1028 1215 1334 1264 nostrorum
1364 1230 1377 1276 ;
1415 1217 1530 1270 zelo
1555 1218 1817 1288 siquidem
1848 1221 1991 1289 pleni
2013 1231 2138 1276 sunt
2166 1239 2180 1286 ;

612 1294 679 1347 de
706 1295 862 1349 nobis
903 1298 1122 1364 quidem
1177 1317 1273 1370 pro
1333 1309 1590 1363 mandato
1645 1313 2009 1382 pugnantibus
2053 1315 2180 1382 quid

610 1383 849 1439 futurum
878 1387 970 1454 sit,
998 1391 1139 1448 Deus
1167 1395 1354 1450 novit:
1384 1399 1617 1454 schisma
1665 1413 1866 1466 autem,
1902 1403 2011 1457 Deo
2046 1413 2182 1459 teste

2288 580 2675 649 δυσωπηθῆναί
2707 596 2800 632 σου
2831 579 2928 648 τὴν
2950 580 3108 646 ἁγίαν
3131 581 3308 650 ψυχὴν
3333 587 3749 656 παρακαλῆναι
3771 590 3860 640 τὸν

2287 673 2476 741 ἀνδρα.
2509 672 2650 742 Πρὸς
2679 671 2738 723 τὸ
2764 673 2837 741 μὴ
2872 672 3177 740 μωμεῖσθαί
3202 689 3294 724 σου
3321 675 3421 744 τὴν
3450 676 3694 746 ἄληπτον
3720 680 3862 733 όσιό-

2286 780 2423 832 τητα
2446 780 2458 793 ⁸
2495 763 2630 832 μηδὲ
2673 765 2993 832 χραίνεσθαι
3033 763 3093 816 τὸ
3120 764 3263 817 θεῖον
3300 765 3689 838 θυσιαστήριον
3723 772 3859 824 καθ-

2285 855 2566 923 ῃρημένου
2620 853 2958 926 λειτουργίᾳ·
3007 857 3140 926 μηδὲ
3186 853 3324 912 εἶναι
3370 861 3547 924 αίτίας
3604 862 3863 931 εὐλόγους

2289 948 2623 1016 σχισμάτων.
2656 947 2974 999 Γινωσκέτω
3007 948 3116 1017 γὰρ
3143 948 3388 1016 accuso;
3416 952 3510 1004 καὶ
3537 952 3860 1021 ἀκραιφνῶς

2287 1039 2318 1106 ἡ
2361 1039 2698 1108 μακαριότης
2734 1056 2849 1101 σου,
2881 1041 2985 1102 ὅτι,
3016 1043 3064 1092 ει
3096 1041 3170 1110 μὴ
3201 1041 3360 1094 τοῦτο
3401 1043 3626 1112 γένηται
3679 1045 3860 1098 νεύσιι

2287 1129 2382 1178 καὶ
2411 1129 2506 1196 τῆς
2541 1129 2789 1196 φιλοθέου
2817 1128 2996 1197 ψυχῆς
3039 1131 3133 1182 καὶ
3173 1131 3284 1181 τῶν
3322 1131 3731 1186 εὐσεϐεστάτων
3766 1138 3862 1188 καὶ

2284 1220 2610 1271 καλλινίκων
2652 1219 2809 1288 ήμῶν
2857 1219 3120 1288 βασιλέων
3162 1220 3428 1290 (ζηλωταὶ
3461 1222 3571 1293 γάρ
3617 1224 3768 1293 είσι),
3799 1226 3858 1278 τὸ

2287 1310 2384 1379 μὲν
2408 1310 2673 1380 ἡμέτερον
2694 1311 2841 1373 ὅπως
2861 1310 2926 1363 ἂν
2953 1311 3064 1373 ἔξει
3094 1311 3236 1381 ὑπὲρ
3263 1313 3362 1382 τῆς
3390 1314 3611 1383 ἐντολῆς
3639 1317 3858 1368 ἐνιπα-

2287 1400 2484 1468 μένων,
2519 1399 2636 1469 Θεῷ
2666 1401 3006 1470 ἐγνωσμένον
3027 1417 3042 1432 ·
3079 1403 3283 1472 σχίσμα
3307 1403 3364 1455 δέ
3397 1404 3560 1472 μέγα,
3585 1405 3690 1458 ὑπὸ
3715 1407 3860 1476 μάρ-

613 1474 906 1548 clectisque
937 1484 1142 1554 angelis
1171 1486 1312 1554 ejus,
1357 1503 1612 1558 magnum
1675 1491 1767 1546 [iet
1812 1492 1867 1546 in
1942 1493 2175 1548 Ecclesia

2280 1506 2403 1559 τυρι
2425 1489 2542 1558 Θεῷ
2568 1491 2662 1542 καὶ
2694 1489 2966 1542 ἐκλεκτῶν
2988 1491 3151 1544 αὑτοῦ
3187 1493 3456 1560 ἀγγέλων,
3483 1474 3777 1566 γενήσεται
3799 1474 3860 1549 ἐν

613 1577 817 1624 nostra.
875 1572 977 1628 Sed
1024 1576 1300 1639 miserere,
1342 1589 1525 1647 pastor
1583 1582 1722 1636 bone
1758 1625 1772 1648 ,
1819 1586 1911 1639 sed
1962 1588 2175 1654 adjuva,

2281 1580 2345 1647 τῇ
2374 1579 2494 1631 καθ’
2539 1582 2690 1650 ἡμᾶς
2734 1581 3048 1653 Ἐκκλησία.
3089 1583 3228 1636 Ἀλλ’
3251 1585 3493 1653 ἐλέησον,
3516 1587 3546 1638 6
3583 1590 3792 1656 ποιμὴν
3829 1590 3859 1641 6

611 1657 786 1720 perite
834 1667 1067 1732 medice,
1099 1683 1315 1737 gregem
1355 1679 1505 1723 tuum
1531 1711 1545 1733 ,
1582 1687 1710 1727 oves
1736 1685 1874 1739 tuas,
1911 1677 2175 1734 Ecclesias

2283 1668 2468 1731 καλὸς,
2500 1671 2634 1724 ἀλλὰ
2659 1671 2944 1742 βοήθησον,
2975 1675 3002 1725 6
3031 1674 3212 1744 ίατρὸς
3231 1677 3259 1727 6
3283 1677 3620 1747 ἐπιστήμων,
3646 1681 3713 1749 τῇ
3741 1679 3860 1733 ποί-

610 1752 751 1813 tuas,
788 1756 1068 1823 sapientiae
1097 1768 1201 1813 tuae
1243 1761 1454 1826 modis,
1489 1766 1790 1831 prudentia:
1850 1777 1954 1822 tum
1976 1771 2173 1828 verbis.

2285 1775 2392 1832 μνη
2422 1777 2536 1825 σου,
2565 1763 2632 1816 τὰ
2659 1765 2909 1833 πρόϐατά
2942 1782 3055 1830 σου,
3090 1767 3188 1829 τὰς
3230 1767 3552 1837 Ἑκκλησίας
3583 1786 3699 1833 σου,
3729 1771 3859 1840 τρό-

609 1842 864 1896 remediis
895 1845 1026 1898 artis
1062 1855 1167 1901 tuae
1204 1866 1216 1900 :
1279 1864 1433 1904 ovem
1493 1868 1655 1908 unam
1697 1856 1927 1911 exclude
1982 1874 2011 1911 a
2061 1860 2175 1912 solo

2281 1825 2402 1913 ποις
2447 1855 2639 1920 σοφίας
2682 1825 2800 1918 σου,
2844 1825 3337 1922 λόγοιςσυνέσεώς
3377 1825 3494 1922 σου,
3540 1825 3858 1928 φαρμάιέοις

608 1933 874 1990 sacriﬁcio
901 1947 987 2000 ,et
1022 1939 1304 1994 universas
1349 1942 1580 1999 lucrare.
1621 1945 1684 1999 Et
1715 1963 1781 2001 ne
1812 1950 1974 2003 unius
1999 1952 2175 2005 scabie

2278 1943 2518 2012 ἰατρείας
2573 1961 2695 1997 σου·
2739 1946 2800 1998 τὸ
2842 1948 2900 2000 ἓν
2935 1948 3205 2018 πρόϐατον
3247 1950 3503 2021 ἀπεῖρξαι
3548 1951 3718 2020 μόνης
3756 1951 3857 2020 τῆς

610 2023 906 2081 Ecclesiam
930 2028 1106 2094 iniice,
1139 2047 1299 2100 quam
1325 2035 1612 2104 acquisivit
1648 2037 1912 2096 Dominus
1939 2051 1997 2096 et
2031 2041 2175 2098 Deus

2278 2033 2611 2105 ἱερουργίας,
2661 2037 2758 2089 καὶ
2802 2038 2869 2090 τὰ
2910 2039 3006 2090 ὅλα
3046 2039 3345 2109 κερδῆσαι·
3386 2040 3481 2093 καὶ
3520 2039 3596 2111 μὴ
3641 2043 3709 2112 τῇ
3757 2041 3856 2095 τοῦ

607 2126 795 2171 noster
825 2123 1088 2192 sanguine
1119 2138 1238 2177 suo.

960 2423 1225 2480 XXVI.—
1245 2425 1489 2497 Symeoni
1522 2433 1822 2500 prmporito.

2273 2124 2391 2187 ἐνὸς
2437 2125 2598 2198 ψὼρᾳ
2644 2127 2982 2198 λυμανθῆναι
3035 2131 3131 2200 τὴν
3180 2132 3537 2200 Ἐκκλησίαν,
3576 2134 3647 2204 ἢν
3691 2151 3856 2204 περι.

2271 2216 2570 2285 εποιήσατο
2628 2219 2657 2270 6
2719 2219 2926 2289 Κύριος
2983 2222 3078 2273 καὶ
3141 2220 3272 2285 Θεὸς
3330 2222 3488 2296 ἡμῶν
3543 2224 3620 2294 τῷ
3669 2224 3858 2296 οἰκείῳ

2281 2297 2498 2376 αἵματι.

2562 2447 2706 2516 κεῖ.
2732 2482 2800 2493 -
2821 2453 3064 2523 Συμεὼν
3083 2454 3413 2527 ἠγοῡμένφο
3451 2453 3608 2530 [με’-1

1150 2564 1224 2614 De
1244 2564 1515 2626 patriarcha
1541 2566 1817 2631 Nlcephoro
1841 2577 1894 2621 et
1913 2571 2114 2624 Simone
2144 2582 2381 2631 monacho
2405 2586 2627 2646 querela.
2657 2588 2857 2650 (Baron.
2882 2604 2963 2640 an.
2985 2591 3096 2651 808,
3119 2605 3170 2640 n.
3192 2591 3294 2654 20.)

679 2664 902 2734 Dignam
931 2677 1118 2721 sancta
1152 2666 1371 2738 Deoque
1395 2669 1551 2738 plena
1574 2673 1754 2726 anima
1781 2684 1870 2727 tua
1895 2676 2180 2745 epistolam

600 2754 760 2808 nobis
781 2759 1022 2812 exaravit
1039 2759 1355 2813 honoranda
1378 2764 1676 2830 paternitas
1693 2773 1805 2826 tua,
1831 2766 1992 2819 simul
2017 2768 2181 2822 bene-

600 2844 781 2898 volum
839 2862 963 2918 erga
1014 2864 1112 2902 nos
1159 2861 1469 2919 peccatores
1510 2852 1762 2908 allectum
1811 2872 1968 2910 suum
1998 2859 2180 2914 decla-

604 2950 752 2999 rans,
788 2937 1057 3006 simulque
1089 2955 1274 3007 parem
1318 2944 1616 2997 ostendens
1647 2944 1897 3014 idemque
1931 2949 2178 3004 sentien-

605 3032 712 3078 tem
763 3027 905 3082 cirea
958 3030 1140 3084 divina
1185 3033 1438 3087 mandata
1495 3037 2175 3107 concordiam,quinetiam

601 3117 816 3185 potiora
848 3119 1106 3183 edocens,
1138 3133 1192 3176 et
1240 3124 1491 3179 adnitens
1520 3127 1722 3193 pariter
1750 3129 2014 3182 adversus
2047 3145 2176 3198 pro-

601 3207 776 3276 posita
821 3212 1117 3262 certamina
1167 3213 1435 3281 intrepide
1471 3216 1762 3278 obsistere,
1799 3226 1853 3270 et
1889 3220 1952 3271 ad
1988 3219 2177 3274 inanes

600 3297 1053 3355 heterodoxorum
1105 3305 1623 3375 vaniloquorumque
1675 3324 1832 3362 voces
1869 3311 2175 3366 nullatenus

604 3390 846 3442 concuti.
879 3392 956 3444 Ac
987 3407 1160 3460 rerpsa
1195 3395 1348 3448 facta:
1383 3397 1542 3450 nobis
1572 3407 1699 3450 sunt
1731 3402 2052 3455 veneranda:
2087 3402 2175 3454 lit-

602 3487 727 3533 tera:
749 3482 1212 3536 tuaeineitamenta
1251 3485 1605 3551 fortitudinis,
1630 3499 1683 3542 et
1703 3491 1899 3544 vallum
1927 3493 2171 3547 virtutis:

603 3567 677 3621 ita
707 3580 763 3622 ut
791 3571 1012 3640 gloriam
1043 3573 1185 3627 bono
1231 3576 1464 3631 Domino
1514 3591 1702 3634 nostro
1759 3582 2173 3650 reddiderimus,

603 3664 692 3730 qui
729 3663 988 3717 humilem
1033 3676 1248 3720 atatem
1280 3679 1523 3724 nostram
1561 3687 1670 3725 non
1707 3675 1925 3742 penitus
1967 3676 2167 3730 derelio

601 3753 738 3820 quit,
782 3754 875 3807 sed
929 3757 1119 3809 vitales
1154 3759 1417 3813 scintillas
1464 3762 1695 3830 praebuit
1724 3763 1789 3816 iis
1814 3767 1903 3832 qui
1934 3766 1998 3819 ad
2032 3766 2173 3820 bona

601 3845 817 3915 pietatis
841 3861 1002 3915 opera
1037 3850 1264 3918 cupiunt
1291 3853 1634 3907 reviviscere.
1667 3856 1745 3909 Ad
1776 3857 1920 3911 hunc
1954 3861 2173 3913 modum

601 3937 720 3990 huic
746 3951 804 3990 se
849 3938 1068 3993 habent.
1109 3940 1358 4010 Impense
1393 3958 1676 4011 precamur
1707 3959 1806 3998 nos
1836 3956 2170 4014 peccatores,

603 4036 660 4080 ut
715 4031 1019 4084 sanctitatis
1072 4041 1174 4085 tua:
1226 4033 1333 4086 vita
1385 4044 1716 4103 perseveret,
1755 4036 1820 4090 ad
1864 4039 2171 4106 exemplum

601 4121 810 4186 salutis,
845 4134 957 4177 tum
989 4127 1166 4191 nobis,
1201 4138 1311 4181 tum
1338 4128 1461 4183 aliis
1495 4132 1909 4201 quibuscunque
1944 4135 2173 4188 volenti-

600 4213 722 4267 bus.
749 4212 983 4269 Omnino
1008 4218 1152 4270 enim
1182 4219 1271 4286 qui
1304 4234 1540 4275 canones
1565 4233 1898 4290 pervertunt,
1932 4234 1986 4279 et
2015 4240 2173 4296 regu-

603 4305 686 4358 las
727 4306 1048 4375 depravant,
1097 4312 1477 4365 rectitudinem
1510 4313 1562 4366 in
1592 4315 1678 4380 iis,
1703 4316 1792 4384 qui
1826 4326 1974 4370 recte
2000 4319 2173 4386 expli-

2364 2688 2549 2753 Ἀξίαν
2585 2693 2684 2762 τῆς
2724 2695 3062 2764 ήγιασμένης
3108 2693 3198 2747 καὶ
3239 2693 3499 2764 θεοφόρου
3548 2710 3644 2748 σου
3675 2696 3855 2768 ψυχῆς

2280 2778 2546 2850 ἐχάραξεν
2579 2784 2709 2852 ἡμῖν
2737 2786 2834 2852 τὴν
2860 2785 3146 2854 ἐπιστολὴν
3175 2786 3206 2854 ἡ
3240 2784 3397 2854 τιμία
3428 2801 3521 2839 σου
3546 2791 3846 2859 πατρότης·

2279 2867 2412 2936 όμοῦ
2461 2871 2556 2938 μὲν
2601 2873 2968 2940 σημαίνουσαν
3000 2874 3097 2943 τὴν
3137 2874 3490 2945 ἀγαπητικὴν
3531 2878 3672 2948 πρὸς
3709 2881 3855 2948 ἡμᾶς

2278 2959 2403 3020 τοὺς
2452 2961 2805 3030 ἁμαρτωλοὺς
2842 2963 3117 3018 διάθεσιν’
3147 2964 3282 3034 ὁμοῦ
3329 2966 3386 3020 δέ
3437 2966 3707 3037 δηλοῦσαν
3756 2969 3853 3040 τὴν

2280 3049 2568 3120 ἰσόρροπον
2595 3053 2686 3104 καὶ
2709 3055 3092 3125 ταυτόγνωμον
3119 3057 3218 3127 τὴν
3243 3059 3371 3129 περὶ
3391 3058 3499 3111 τῶν
3521 3060 3685 3112 θείων
3709 3061 3854 3113 ἐντοο

2279 3137 2382 3190 λῶν
2412 3141 2746 3209 συμφωνίαν,
2783 3145 2875 3196 καῖ
2906 3145 3014 3214 μὴν
3042 3146 3464 3202 ἐκδιδάσκουσαν
3497 3148 3567 3201 τὰ
3606 3151 3853 3216 κρείττο-

2277 3245 2363 3289 να,
2392 3231 2484 3281 καὶ
2517 3233 2798 3300 συμπροθυ
2807 3235 3014 3304 μοῦσαν
3039 3239 3118 3301 είς
3138 3239 3264 3303 τοὺς
3286 3240 3684 3310 προκειμένους
3705 3239 3854 3308 άγῶο

2277 3336 2372 3381 νας
2427 3321 2682 3392 άκλονητὶ
2733 3325 3068 3392 ἐνίστασθαι,
3123 3330 3218 3382 καὶ
3265 3330 3580 3400 μηδαμόθεν
3634 3334 3703 3403 τῇ
3742 3331 3851 3384 τῶν

2277 3411 2599 3480 ἑτεροδόξων
2649 3415 2741 3467 καὶ
2784 3417 3134 3486 είκαιολόγων
3159 3419 3561 3491 ἀνατρέπεσθαι
3605 3438 3849 3491 κενοφω-

2277 3500 2384 3572 νίᾳ.
2418 3503 2527 3555 Καὶ
2550 3505 2770 3573 γέγονεν
2793 3509 2924 3578 ἡμῖν
2952 3510 3014 3562 τὸ
3033 3511 3214 3581 τίμιόν
3242 3528 3335 3564 σου
3363 3513 3599 3583 γράμμα
3628 3515 3707 3577 ὡς
3726 3516 3851 3585 ἀληο

2278 3590 2386 3656 θῶς
2417 3594 2728 3667 ἐμψύχωμα
2757 3599 3026 3667 ἀνδρείας,
3060 3602 3154 3652 καὶ
3184 3602 3490 3670 χαράκωμα
3531 3603 3844 3671 δυνάμεως·

2277 3681 2352 3743 ὡς
2380 3682 2596 3748 δοξάσαι
2642 3686 2788 3755 ἡμᾶς
2831 3687 2925 3739 τὸν
2959 3687 3161 3754 ἀγαθὸν
3191 3688 3346 3758 ἡμῶν
3385 3688 3612 3759 Κύριον,
3649 3691 3742 3744 τὸν
3776 3691 3849 3762 μὴ

2276 3772 2494 3835 τελείως
2538 3774 2634 3844 τὴν
2672 3777 2931 3845 ταπεινὴν
2977 3776 3136 3845 ἡμῶν
3165 3777 3356 3844 γενεάν
3387 3779 3847 3847 ἐγκαταλιπόντα,

2275 3863 2410 3916 ἀλλά
2441 3864 2597 3916 δόντα
2642 3865 2944 3936 σπινθῆρας
2971 3865 3233 3930 ζωτικοὺς
3267 3869 3377 3928 τοῖς
3409 3867 3686 3922 ἐθέλουσιν
3714 3871 3847 3924 ἀνα-

2275 3955 2646 4024 ζωπυρεῖσθαι
2688 3957 2824 4027 πρὸς
2861 3957 2958 4028 τὴν
3002 3959 3098 4027 τῆς
3129 3958 3409 4022 εὐσεϐείας
3455 3960 3842 4030 ἀγαθοεργίαν.

2279 4046 2433 4114 Ἔχει
2495 4047 2591 4114 μὲν
2645 4046 2787 4100 οὕτω
2839 4049 3034 4102 ταῦτα.
3093 4051 3202 4104 Καὶ
3247 4052 3412 4122 εὐχὴν
3459 4052 3736 4123 εὐχόμεθα
3773 4054 3845 4116 ὼς

2274 4137 2610 4208 ἁμαρτωλοὶ,
2645 4139 2923 4208 ἐπιμένειν
2961 4156 3054 4193 σου
3091 4140 3190 4212 τὴν
3227 4144 3324 4213 τῆς
3356 4142 3668 4213 ἁγιωσύνης
3706 4144 3846 4213 ζωῂν

2277 4228 2355 4290 εἰς
2387 4229 2659 4298 σωτηρίας
2688 4229 3010 4300 ὑπόδειγμα,
3044 4232 3174 4300 ἡμῖν
3196 4249 3255 4284 τε
3286 4233 3381 4286 καὶ
3409 4227 3641 4288 οἷστισιν
3669 4233 3844 4295 ἄλλοις

2280 4317 2644 4389 βουλομένοις.
2683 4322 2757 4374 Οὐ
2792 4321 2899 4392 γὰρ
2931 4323 3146 4385 πάντως
3179 4325 3230 4374 oi
3261 4324 3387 4384 τοὺς
3419 4323 3649 4386 κανόνας
3693 4341 3846 4394 στρεο

599 4408 730 4451 cant
779 4399 1080 4454 doctrinam
1131 4404 1390 4469 veritatis,
1443 4407 1665 4460 minime
1715 4408 1939 4462 vident:
1977 4411 2071 4464 sed
2123 4420 2175 4464 et

2279 4410 2550 4474 ϐλοῦντες,
2583 4414 2673 4465 καὶ
2707 4415 2831 4474 τοὺς
2864 4413 3150 4482 γνώμονας
3180 4410 3541 4476 σκελίζοντες,
3573 4413 3844 4484 εὐθύτητα

603 4488 773 4543 risum
801 4491 990 4552 edunt,
1024 4503 1079 4546 et
1104 4495 1298 4562 probra
1333 4497 1604 4566 ingerunt.
1638 4497 1776 4562 Quid
1794 4510 1973 4553 autem
2005 4501 2170 4566 aliud,

602 4594 765 4648 quam
821 4582 962 4649 quod
1010 4582 1136 4638 hinc
1184 4587 1353 4654 magis
1402 4587 1810 4652 conlirmamur,
1860 4589 2170 4645 {utilitatem

603 4669 831 4724 istorum
867 4683 920 4726 et
949 4675 1352 4731 instabilitatem
1388 4694 1495 4731 non
1526 4680 1874 4748 ignorantes?
1904 4683 1945 4733 A
1973 4683 2173 4750 quibus

603 4763 747 4830 quod
794 4765 1004 4817 excelsa
1041 4781 1195 4821 mens
1245 4777 1334 4820 tua
1361 4782 1466 4820 non
1494 4770 1723 4837 capitur,
1758 4770 1913 4824 laude
1942 4772 2163 4841 dignum

606 4861 691 4906 est
724 4863 779 4907 et
825 4855 983 4909 nobis
1026 4858 1254 4911 multum
1298 4860 1555 4927 optabile.
1602 4859 1752 4914 Scire
1791 4872 1971 4917 autem
2021 4865 2169 4933 cupit

605 4943 738 5011 quid
770 4945 894 4998 novi
943 4947 1202 5003 acciderit
1231 4950 1284 5001 in
1335 4951 1584 5018 praesenti
1621 4954 1856 5022 negotio.
1904 4953 2013 5008 Nos
2042 4971 2170 5010 vero

605 5035 787 5090 dicere
815 5037 948 5091 nihil
992 5055 1298 5108 possumus,
1331 5057 1396 5095 eo
1420 5043 1563 5110 quod
1615 5045 1970 5114 imperatores
1998 5046 2051 5098 in
2083 5061 2172 5100 ca-

603 5129 732 5184 stris
752 5146 896 5184 nune
915 5141 1218 5186 versantur.
1247 5134 1320 5187 De
1346 5136 1648 5204 patriarcha
1673 5139 1816 5190 enim
1836 5139 1961 5207 quid
1986 5138 2180 5192 attinet

607 5217 926 5287 loqui?qui
977 5236 1151 5288 neque
1198 5222 1290 5275 dat
1345 5238 1624 5292 responsa,
1675 5241 1852 5294 neque
1911 5227 2182 5280 vultalios

608 5312 819 5376 audire,
850 5315 902 5365 in
937 5315 1186 5368 oumibus
1231 5316 1430 5370 Caesari
1461 5317 1783 5373 inserviens.
1813 5322 1880 5373 At
1914 5320 2174 5374 Dominus

605 5399 827 5456 Simeon
863 5403 1115 5474 bilinguis
1140 5413 1245 5467 est,
1270 5422 1417 5461 nunc
1465 5409 1680 5476 quidem
1732 5411 1827 5472 sic,
1852 5426 1998 5464 nunc
2023 5413 2180 5465 aliter

602 5493 862 5548 varians:
908 5494 1011 5549 nisi
1055 5497 1202 5564 quod
1246 5497 1442 5553 iterum
1498 5515 1801 5556 sermonem
1828 5504 2177 5566 contulimus,

603 5585 996 5656 veritatemque
1029 5588 1252 5644 minime
1296 5590 1776 5648 dissimulavimus.
1812 5595 1890 5649 Ac
1936 5595 2170 5650 ﬂectitur

605 5678 824 5746 quidem
855 5679 1247 5749 aliquantulum
1280 5703 1289 5736 :
1317 5684 1673 5738 nihilominus
1705 5686 1843 5740 idem
1876 5697 2076 5751 manet,
2106 5703 2164 5741 ea

608 5786 724 5841 qua:
748 5771 1081 5842 principibus
1101 5782 1246 5843 grata
1266 5785 1389 5830 sunt
1406 5793 1653 5846 quaerens
1672 5787 1721 5834 et
1751 5779 2010 5835 sentiens.
2029 5779 2163 5835 Cum

2278 4501 2566 4569 βλέπουσιν
2619 4505 2675 4554 ἐν
2722 4506 2832 4565 τοῖς
2872 4503 3225 4574 ὀρθοτομοῦσι
3261 4503 3353 4556 τὸν
3393 4504 3549 4572 λόγον
3586 4505 3690 4574 τῆς
3719 4505 3842 4576 ἀληο

2275 4591 2425 4654 θείας
2449 4607 2463 4622 ο
2492 4592 2626 4645 ἀλλά
2652 4593 2747 4646 καὶ
2773 4593 2986 4660 γέλωτα
3005 4594 3328 4658 ἀνάπτουσι,
3371 4597 3466 4648 καὶ
3509 4595 3842 4666 ὀνειδισμοὺς

2275 4682 2676 4752 προσάπτουσι.
2730 4684 2838 4737 Καὶ
2885 4685 2936 4736 τί
2985 4685 3134 4751 ἄλλο,
3182 4685 3215 4756 ἢ
3261 4688 3323 4739 τδ
3357 4685 3606 4740 ἐντεῦθεν
3648 4688 3842 4758 μᾶλλον

2277 4775 2628 4845 στερεοῦσθαι
2653 4778 2821 4846 ἡμᾶς,
2862 4777 3233 4847 μανθάνοντας
3266 4778 3326 4832 τὸ
3364 4778 3565 4848 σαθρὸν
3598 4780 3696 4832 καὶ
3723 4782 3840 4832 ἐπι-

3001 4867 3122 4888 ενιην
3165 4861 3193 4888 τ

2276 4973 2393 5010 νοια
2414 4957 2512 5026 οὐχ
2535 4957 2837 5021 ἁλίσκεται,
2867 4958 3193 5025 ἀξιάγαστον
3223 4960 3317 5012 καὶ
3341 4960 3472 5031 ἡμῖν
3494 4960 3835 5014 πολύευκτον.

2278 5051 2438 5117 Ζητεί
2467 5048 2523 5101 δὲ
2554 5048 2743 5118 μαθεῖν
2768 5049 2795 5100 ὅ
2820 5065 2872 5100 τι
2897 5049 3086 5116 γέγονε
3119 5050 3431 5119 καινότερον
3464 5052 3594 5121 πρὸς
3626 5054 3726 5122 τὴν
3758 5054 3838 5104 ἐν-

2279 5137 2572 5206 ισταμένην
2603 5137 2854 5191 ὑπόθεσιν
2877 5153 2890 5166 ·
2939 5139 3034 5191 καὶ
3067 5140 3168 5193 οὐκ
3212 5140 3408 5212 ἔχομεν
3446 5142 3626 5209 λέγειν
3656 5141 3744 5196 διὰ
3783 5143 3838 5194 τὸ

2273 5229 2400 5290 τοὺς
2431 5227 2768 5299 κρατοῦντας
2810 5229 2871 5282 τὸ
2896 5228 2990 5282 νῦν
3013 5233 3390 5299 φοσσατεύειν.
3427 5235 3568 5303 Πρὸς
3603 5234 3713 5301 γὰρ
3751 5234 3836 5286 τὸν

2277 5321 2540 5390 ἀρχιερέα
2582 5320 2633 5373 τί
2673 5321 2754 5373 δεῖ
2791 5321 2889 5374 καὶ
2915 5321 3114 5389 λέγειν,
3150 5325 3288 5393 μήτε
3317 5325 3474 5391 λόγον
3502 5323 3835 5393 διαπέμψαν-

2274 5427 2362 5476 τα,
2397 5413 2532 5482 μήτε
2560 5412 2806 5465 ἐθέλοντα
2828 5414 2998 5483 ἀκοὴν
3032 5414 3438 5482 παραδέξασθαι
3457 5456 3472 5480 ,
3507 5415 3834 5485 ταμιευόμε-

2272 5519 2360 5556 νον
2387 5504 2564 5557 πάντα
2593 5504 2856 5574 Καίσαρι;
2899 5504 2958 5557 '0
2992 5506 3098 5575 γὰρ
3132 5504 3318 5575 κύριος
3348 5505 3573 5576 Συμεὼν
3599 5509 3834 5576 ἀμφοτε-

2276 5593 2607 5664 ρόγλωσσος·
2634 5594 2711 5664 πῆ
2751 5593 2850 5664 μέν
2879 5594 3071 5658 οὕτως,
3103 5595 3178 5663 πῆ
3202 5596 3257 5649 δὲ
3287 5595 3464 5659 άλλως
3495 5596 3832 5665 μεταϐαλλό-⁸

2279 5701 2436 5754 μενος
2458 5701 2470 5715 ·
2500 5685 2637 5756 πλὴν
2663 5687 2743 5738 ὅτι
2773 5686 2865 5739 καὶ
2892 5687 3050 5740 πάλιν
3077 5689 3388 5758 συνήραμεν
3413 5689 3594 5757 λόγον,
3618 5690 3713 5743 καὶ
3739 5689 3829 5756 οὐχ

2275 5780 2561 5852 ύφήκαμεν
2594 5777 2690 5850 τῆς
2729 5777 3002 5851 ἀληθείας.
3051 5781 3156 5833 Καὶ
3195 5781 3390 5854 μικρὸν
3432 5782 3531 5852 μὲν
3563 5781 3828 5853 μαλάσσε-
