4008 6318
218 319 321 383 993

1438 333 1978 399 EPISTOI.ARUM
2019 341 2165 401 LIB.
2216 342 2264 399 Ι.

3355 348 3464 412 994

214 447 338 486 ται·
373 434 529 506 μένει
560 435 616 488 δὲ
645 432 672 487 6
698 435 877 502 αὐτὸς,
911 438 1092 493 ἐκεῖνα
1131 441 1343 510 φρονῶν
1389 445 1482 497 καὶ⁵
1528 447 1727 516 ζητῶν,
1757 452 1763 500 i

1893 461 2074 508 autem
2105 452 2539 522 proficisceretur
2569 451 2690 521 pius
2727 450 2991 507 Dominus
3015 459 3221 516 noster,
3260 452 3461 512 iterum

213 525 383 594 ἑφετά
415 527 636 588 πάντως
661 529 772 588 τοῖς
804 529 1114 596 κρατοῦσιν.
1159 533 1246 584 Ἐν
1269 533 1324 586 δὲ
1359 534 1437 605 τῷ
1471 537 1784 608 ὲξέρχεσθαι

211 617 306 668 τὸν
334 616 534 686 εὐσεϐῆ
564 616 721 686 ἡμῶν
744 618 1009 690 δεσπότην
1036 621 1196 674 πάλιν
1222 625 1599 696 γεγράφαμεν,
1627 629 1787 700 ἐκζη-

209 707 477 776 τήσαντος
511 708 675 760 αὐτοῦ
702 709 857 762 τοῦτο
879 726 893 740 ο
925 711 1018 764 καὶ
1044 711 1192 782 ὅμως
1221 716 1320 768 οὐκ
1352 716 1618 789 ἠθέλησεν
1640 722 1784 790 ἡμᾶς

207 796 292 858 είς
313 796 436 865 δψιν
462 797 627 850 αὐτοῦ
659 798 850 853 ἐλθεῖν.
877 801 1127 871 Μένομεν
1161 804 1215 857 δὲ
1246 808 1407 874 ἡμεῖς
1445 810 1492 861 οί
1520 811 1781 879 ἀμαρτω-

208 881 313 948 λοὶ,
341 884 499 954 εἴπερ
523 889 787 957 γρηγορεῖ
813 890 844 959 ἠ
879 890 1012 960 εὐχὴ
1042 892 1218 960 ἡμῶν,
1241 893 1518 961 ὡσαύτως,
1553 900 1628 969 μὴ
1660 899 1782 969 βου-

207 974 427 1045 λόμενοι
458 979 745 1048 προδοῦναι
774 980 872 1050 τὴν
897 982 1175 1050 ἀλήθειαν.
1210 986 1342 1056 μηδὲ
1371 993 1661 1060 μετασχεῖν
1683 992 1781 1062 τῆς

206 1067 497 1131 κοινωνίας
539 1070 753 1123 αὐτῶν·
786 1071 887 1124 κᾶν
923 1071 1102 1143 ἐξορία
1131 1077 1437 1146 πρόκειται,
1487 1079 1590 1134 κᾶν
1630 1081 1780 1150 ξίφος

205 1155 538 1221 στιλϐοῦται,
567 1159 670 1212 κᾶν
700 1159 810 1231 πῦρ
849 1161 1175 1234 ἀνάπτηται.
1223 1167 1361 1218 Ἀλλ’
1385 1168 1483 1221 οὐκ
1527 1169 1593 1222 ἂν
1621 1171 1780 1224 τοῦτο

201 1244 589 1318 δυνηθείημεν,
622 1248 827 1315 ἀνάξιοι
864 1253 1221 1322 τυγχάνοντες
1251 1255 1345 1308 τοῦ
1391 1258 1481 1309 καὶ
1521 1261 1781 1330 ὀνομάζε-

202 1336 330 1390 σθαι
383 1339 544 1408 μόνον
600 1344 862 1412 μοναχοί·
907 1345 957 1396 εί
1010 1346 1082 1415 μὴ
1128 1346 1378 1416 προσχὼν
1425 1349 1628 1419 Κύριος
1657 1354 1778 1414 ταῖς

201 1428 502 1500 ὑμετέραις
539 1433 710 1502 ἱεραῖς
741 1437 1068 1504 προσευχαῖς
1121 1435 1457 1506 δυναμὼσειε
1510 1440 1571 1492 τὸ
1617 1441 1777 1511 ήμῶν

199 1520 428 1584 ἀσθενὲς
455 1523 545 1574 καὶ
570 1523 786 1594 σαθρόν.
815 1525 905 1577 Διὸ
934 1529 1276 1596 γρηγορεῖτε,
1327 1529 1567 1600 Πατέρες
1607 1531 1772 1600 ἆγιοῖ,

197 1607 284 1669 είς
323 1609 456 1661 αὐτὸ
487 1607 667 1674 τοῦτο,
697 1611 961 1683 ὑμέτερον
1011 1615 1322 1684 ἡγούμενοι,
1358 1618 1492 1689 ὅπερ
1520 1620 1611 1673 καὶ
1638 1621 1773 1685 ἐστι,

196 1699 262 1750 τὸ
285 1700 610 1768 κοινωφελὲς
638 1703 950 1774 πρόϐλημα.
973 1705 1107 1758 Θεοῦ
1130 1707 1186 1760 δὲ
1215 1708 1459 1762 κελεύσει
1483 1711 1774 1782 ἐξερχόμε-

1889 543 2228 612 scripsimus,
2264 541 2381 611 ipso
2409 541 2487 596 sic
2527 542 2780 597 volente:
2822 557 2922 597 nos
2955 556 3089 597 vero
3117 541 3173 596 in
3225 558 3464 616 conspe-

1887 643 2033 687 ctum
2062 650 2216 688 suum
2240 637 2426 693 venire
2460 633 2651 688 noluit.
2679 635 2945 688 Caeterum
2989 650 3091 690 nos
3120 647 3458 705 peccatores,

1886 724 2077 778 eodem
2114 724 2168 778 in
2215 733 2380 791 statu,
2427 726 2694 794 siquidem
2739 726 2965 797 vigilant
3001 744 3192 795 preces
3236 743 3456 797 vestrae,

1887 815 2245 883 persistimus,
2298 817 2546 870 nolentes
2580 814 2805 886 prodere
2852 817 3158 885 veritatem,
3193 836 3295 876 nec
3331 838 3458 892 par-

1885 906 2075 976 ticipes
2108 908 2320 960 illorum
2346 908 2744 962 communionis
2778 924 2939 975 esse;
2983 911 3198 965 etiamsi
3235 912 3455 982 impen-

1884 997 2009 1050 deat
2028 997 2297 1060 exsilium,
2327 999 2450 1052 licet
2475 998 2673 1069 fulgeat
2691 998 2922 1069 gladius.
2949 1000 3076 1055 licet
3096 1001 3235 1071 ignis
3257 1019 3454 1058 accen-

1883 1086 2061 1141 datur.
2088 1086 2194 1140 Sed
2221 1088 2324 1141 hoc
2355 1100 2612 1157 przestare
2647 1088 2788 1143 haud
2812 1106 3081 1158 quaquam
3138 1094 3447 1160 possimus;

1883 1192 2006 1231 cum
2035 1179 2120 1232 vel
2150 1179 2264 1232 solo
2293 1179 2541 1234 monachi
2577 1180 2794 1234 nomine
2840 1181 3012 1234 simus
3049 1182 3252 1252 indigni
3287 1200 3300 1248 ;
3344 1184 3449 1237 nisi

1881 1282 2060 1323 sacras
2090 1284 2277 1339 preces
2300 1277 2506 1324 vestras
2533 1271 2820 1325 attendens
2847 1271 3126 1333 Dominus.
3160 1274 3448 1329 imbecilli-

1881 1366 2044 1412 tatem
2062 1369 2304 1414 nostram
2325 1360 2779 1431 fragilitatemque
2820 1367 3155 1418 corroboret.
3181 1363 3448 1428 Quocirca

1880 1449 1933 1503 in
1975 1451 2080 1505 hcc
2141 1453 2316 1520 ipsum
2367 1453 2604 1522 vigilate,
2652 1452 2840 1508 Patres
2891 1453 3112 1519 sancti,‘
3142 1466 3447 1511 vestrarum

1878 1540 2113 1610 partium
2145 1556 2266 1596 esse
2292 1542 2577 1608 ducentes,
2611 1544 2752 1598 sicut
2775 1545 2950 1615 reipsa
2975 1555 3077 1611 est,
3097 1561 3446 1602 communem

1878 1632 2170 1687 utilitatem
2219 1649 2577 1705 propugnare.
2628 1636 2738 1691 Deo
2764 1646 2944 1691 autem
2992 1646 3269 1693 annuente
3314 1654 3446 1709 pro-

1877 1723 2127 1779 ficiscens
2175 1726 2658 1781 reverendissimus
2690 1727 2857 1782 frater
2905 1741 3110 1793 nOSIer,
3137 1739 3193 1784 et
3222 1744 3446 1785 oecono-

195 1805 290 1852 νος
341 1791 369 1841 6
411 1791 835 1860 αίδεσιμώτατος
881 1793 1106 1862 ἀδελφὸς
1143 1797 1319 1865 ἡμῶν,
1350 1799 1441 1851 καὶ
1486 1800 1763 1870 οἰκονόμος

1876 1832 1996 1870 mus
2019 1816 2192 1871 sancti
2213 1818 2526 1871 monasterii
2550 1823 2736 1882 vestri,
2753 1820 3045 1874 missarum
3069 1822 3134 1875 ad
3156 1830 3445 1890 utramque

195 1879 302 1947 τῆς
329 1880 491 1947 ἁγίας
516 1881 671 1951 ὑμῶν
705 1884 870 1952 μονῆς
891 1883 1074 1954 ἀγάγῃ
1099 1889 1163 1954 τῇ
1191 1885 1466 1960 ἁγιωσύνῃ
1497 1906 1587 1941 σου
1627 1889 1775 1942 ἀντία

198 1989 386 2042 γραφα
414 1975 524 2027 τῶν
553 1975 994 2046 διαπεμφθεισῶν
1032 1979 1330 2033 ἐπιστολῶν
1373 1983 1506 2051 πρὸς
1539 1984 1774 2056 ἑκάτερα

197 2065 467 2134 πρόσωπα
488 2082 508 2100 ο
533 2067 619 2120 ῖνα
652 2068 942 2121 κάντεῦθεν
992 2070 1383 2144 ἐναργέστερον
1428 2075 1772 2142 μανθάνουσα

192 2155 262 2209 τά
285 2155 406 2210 καθ’
425 2157 596 2228 ἡμᾶς,
618 2159 677 2212 τὸ
701 2159 797 2229 μὲν
820 2159 984 2232 βοηθῇ
1005 2162 1316 2233 γράμμασι,
1339 2164 1398 2218 τὸ
1421 2165 1478 2218 δὲ
1504 2169 1765 2239 ἐπικουρῇ

196 2247 525 2318 ἱκετηρίαις.
557 2251 668 2305 Καὶ
697 2253 854 2306 ἀλλον
882 2253 939 2306 δέ
972 2271 1093 2307 τινα
1129 2255 1481 2326 παρεθέμεθα
1509 2258 1584 2329 τῷ
1615 2260 1768 2312 ἀδελ-

193 2338 279 2408 φῷ
308 2339 500 2409 λόγον⁹
535 2343 730 2397 καύτὶν
771 2345 986 2409 πάντως
1028 2347 1320 2416 ἀναγγελεῖ
1354 2349 1445 2402 καὶ
1472 2351 1763 2416 ἀποδώσει,

191 2430 427 2500 ὁπηνίκα
482 2433 679 2503 φθάσει
734 2438 858 2490 ἰδεῖν
911 2438 1001 2490 τὸν
1051 2440 1229 2508 τίμιόν
1276 2459 1368 2494 σου
1418 2445 1762 2514 χαρακτῆρα.

192 2524 600 2596 Προσαγορεύει
633 2529 730 2580 σύν
757 2529 890 2596 ἡμῖν
919 2532 1008 2582 καὶ
1055 2531 1084 2581 6
1113 2531 1558 2600 ἀρχιεπίσκοπος,
1590 2535 1618 2586 6
1655 2536 1769 2587 Ka-

187 2612 440 2687 λόγηρος,
474 2619 568 2670 καὶ
600 2618 628 2668 6
654 2618 826 2681 ἀϐϐἆς
861 2620 1133 2684 Λεόντιος,
1179 2622 1272 2676 καὶ
1325 2626 1357 2692 ή
1404 2624 1562 2694 λοιπὴ
1610 2624 1767 2694 ἡμῶν

184 2705 506 2777 ἀδελφότης.
556 2707 666 2779 Τὴν
717 2710 877 2779 ἁγίαν
925 2728 1018 2764 σου
1064 2712 1309 2766 συνοδίαν
1351 2717 1666 2784 προσειπεῖν
1705 2715 1763 2781 ἐξ

181 2797 344 2867 ἡμῶν
382 2799 746 2865 καταξίωσον.

508 2981 642 3038 ΚΖἍ
664 3010 736 3021 -
753 2981 981 3050 Νικήτᾳ
1012 2983 1315 3051 πατρικίῳ.
1340 2983 1510 3056 [μς’.]

1877 1920 2165 1973 personam
2189 1906 2540 1975 epistolarum
2575 1910 2899 1978 exemplaria
2939 1910 3146 1966 deferet
3170 1912 3444 1966 sanctitati

1875 2005 1981 2052 tua:
2011 2013 2025 2062 ;
2052 2007 2113 2050 ut
2143 2011 2207 2050 ex
2246 1997 2329 2051 his
2372 2013 2458 2052 res
2487 2009 2698 2053 nostras
2749 2000 3039 2056 dilucidius
3085 2017 3441 2072 cognoscens,

1871 2091 2068 2159 partim
2113 2089 2307 2145 litteris
2335 2091 2576 2161 adjuvet,
2624 2094 2816 2161 partim
2849 2093 3100 2162 precibus
3133 2103 3434 2148 succurrat.

1871 2179 1988 2231 Alia
2014 2178 2259 2248 quaedam
2287 2189 2546 2248 praeterea
2573 2180 2724 2234 fratri
2744 2181 3134 2246 commisimus,
3155 2197 3274 2250 quae
3299 2183 3442 2237 haud

1872 2270 2036 2324 dubie
2087 2271 2357 2325 nuutiabit
2410 2282 2466 2326 et
2517 2281 2776 2341 exponet,
2808 2291 2930 2327 cum
2979 2275 3027 2328 ei
3075 2275 3440 2328 venerandam

1872 2361 2067 2416 faciem
2115 2371 2261 2416 tuam
2308 2362 2493 2418 videre
2541 2365 2851 2433 contigerit.
2897 2364 3106 2419 Salutat
3153 2366 3436 2419 nobiscum

1870 2453 2032 2506 etiam
2051 2454 2512 2525 archiepiscopus,
2546 2453 2857 2526 Calogerus,
2880 2468 2936 2511 et
2962 2457 3126 2511 abbas
3156 2456 3438 2518 Leontius.

1869 2554 1926 2598 et
1955 2546 2135 2599 (δειετί
2170 2546 2364 2601 fratres
2414 2548 2606 2601 nostri.
2641 2547 2853 2604 Sancta:
2897 2547 3302 2622 congregationi
3332 2557 3439 2603 tum

1867 2639 2094 2692 salutem
2127 2653 2156 2691 a
2183 2639 2342 2694 nobis
2367 2639 2550 2695 dicere
2581 2640 2842 2712 digneris.

2215 2987 2427 3044 XXVII.
2454 3019 2524 3030 —
2561 2990 2760 3046 Nicetes
2802 2992 3047 3059 patricio.

1106 3152 1205 3202 Cur
1224 3164 1408 3201 comam
1432 3149 1538 3201 suis
1562 3146 1841 3213 preciderit
1863 3164 1875 3199 :
1912 3149 1959 3201 id
1984 3151 2120 3214 juxta
2145 3166 2358 3204 canones
2380 3156 2505 3204 fieri.

249 3295 396 3357 Τούς
426 3293 526 3364 μὲν
556 3293 748 3359 ἀλλους
775 3295 938 3366 τυχδν
969 3297 1130 3368 χάρις
1159 3299 1473 3370 ἀνθρωπίνη
1500 3299 1757 3354 ἀναϐιϐά-

1926 3299 2072 3355 Alios
2095 3302 2310 3370 quidem
2328 3303 2558 3358 fortasse
2587 3303 2755 3374 gratia
2807 3302 3087 3358 hominum
3113 3318 3432 3372 promovere

181 3387 300 3453 ζειν
332 3389 578 3456 πέφυκεν
600 3387 694 3442 ἐπὶ
714 3389 776 3441 τὸ
801 3387 935 3458 ὕψος
957 3390 1063 3443 τῶν
1092 3389 1437 3462 ἀξιωμάτων.
1475 3394 1540 3445 Σὲ
1573 3393 1631 3445 δὲ
1665 3393 1757 3445 τὸν

182 3481 579 3536 εὐσεϐέστατον
602 3482 699 3536 καὶ
717 3485 1076 3556 παμπόθητον
1102 3486 1259 3556 ἡμῶν
1282 3486 1569 3558 δεσπότην,
1591 3487 1759 3560 ἀρετὴ

181 3574 260 3638 ὡς
295 3574 538 3646 ἀληθῶς,
567 3576 665 3629 καὶ
689 3575 750 3630 οὐ
777 3576 938 3646 χάρις
968 3595 1071 3643 τις,
1102 3578 1374 3646 ἀνήγαγεν
1405 3581 1461 3631 έν
1491 3579 1568 3649 τῷ
1600 3581 1761 3649 μεγέ-

185 3663 269 3716 θει
292 3664 388 3717 τοῦ
417 3664 748 3736 ἀξιώματος,
780 3666 839 3718 οὐ
871 3666 968 3736 μὲν
996 3661 1088 3720 οὖν
1117 3666 1259 3720 κατά
1279 3684 1402 3720 τινα
1432 3670 1641 3738 χρόνον,
1667 3670 1760 3722 καὶ

182 3755 247 3808 ἐν
280 3757 379 3826 μιᾷ
425 3756 675 3828 ἐξουσίᾳο
719 3757 854 3812 ἀλλά
894 3757 983 3810 διὰ
1023 3759 1222 3821 παντὸς
1264 3759 1360 3812 καὶ
1403 3760 1461 3814 ὲν
1499 3760 1754 3824 πολλαῖς·

182 3843 378 3916 ὥσπερ
405 3848 528 3900 τινά
570 3848 769 3919 χρυσὸν
801 3850 1310 3920 μεταχειριζομένη,
1339 3851 1432 3904 καὶ
1467 3853 1547 3915 είς
1583 3853 1758 3905 πάντα

182 3937 430 3992 ὁντινοῦν
455 3938 662 4009 κόσμον
701 3942 766 4010 τῇ
799 3941 1014 3994 εὐσεϐεῖ
1042 3940 1199 4011 ἡμῶν
1233 3941 1481 4014 βασιλείᾳ
1525 3942 1759 4014 προϐαλ-

182 4029 410 4100 λομένη.
446 4031 554 4083 Καὶ
585 4032 655 4083 τὰ
693 4033 996 4102 πράγματα
1036 4034 1188 4102 δῆλα,
1230 4034 1333 4087 κᾶν
1367 4037 1530 4105 ἡμεῖς
1570 4035 1644 4105 μὴ
1674 4034 1759 4086 λέ-

182 4137 396 4189 γωμεν.
433 4120 596 4172 Ὥστε
630 4121 724 4173 καὶ
753 4122 812 4174 τὸ
841 4121 935 4174 νῦν
965 4122 1257 4191 ἀξιολόγως
1290 4125 1336 4176 oi
1375 4125 1756 4195 Χριστομίμη-

181 4226 267 4263 τοι
308 4209 468 4279 ἡμῶν
499 4210 756 4278 βασιλεῖς,
789 4211 1205 4281 ἀντιπρόσωπον
1232 4213 1330 4280 τῆς
1361 4213 1570 4265 ἑαυτῶν
1596 4212 1758 4266 καλο-

181 4300 456 4368 καγαθίας
486 4301 677 4355 ἐθεσάν
702 4319 760 4355 σε
791 4303 846 4355 ὲν
877 4303 1100 4367 ταύταις
1121 4307 1240 4366 ταῖς
1267 4306 1501 4375 ἡμέραις
1533 4307 1660 4374 τῇδε
1689 4309 1754 4377 τῇ

182 4391 546 4465 βασιλευούσῃ
569 4393 742 4447 πόλει.
771 4393 918 4463 Αὐτη
947 4395 1093 4446 ἐστὶν
1117 4394 1256 4464 ὑπὲρ
1283 4394 1383 4464 τῆς
1414 4395 1754 4465 πεμφθείσης

181 4485 558 4555 προσηγορίας
594 4486 746 4555 παρά
773 4485 872 4554 τῆς
903 4485 1183 4548 εὐσεϐείας
1211 4503 1302 4538 σου
1341 4489 1400 4539 τὸ
1425 4485 1518 4540 νῦν
1543 4487 1629 4539 διὰ
1659 4487 1751 4539 τυῦ

1863 3391 2002 3444 solet
2017 3392 2083 3446 ad
2102 3393 2314 3448 culmen
2335 3393 2656 3465 dignitatum
2684 3414 2695 3448 :
2724 3407 2776 3450 te
2791 3411 2922 3450 vero
2937 3395 3240 3465 piissimum
3257 3412 3319 3452 ac
3335 3397 3432 3452 de-

1863 3486 2308 3542 sideratissimum
2339 3490 2627 3544 Dominum
2676 3499 2923 3543 nostrum
2955 3505 3062 3544 non
3100 3491 3271 3561 gratia
3299 3492 3428 3559 ulla,

1861 3579 1955 3632 sed
2004 3593 2191 3632 revera
2231 3579 2402 3632 virtus
2429 3580 2492 3632 ad
2547 3579 2912 3648 amplissimos
2946 3579 3182 3636 honores
3226 3582 3427 3645 evexit,

1861 3684 1968 3721 non
2001 3668 2187 3737 utique
2217 3669 2284 3723 ad
2320 3679 2533 3738 tempus
2561 3668 2802 3737 aliquod,
2839 3685 3015 3739 neque
3048 3670 3102 3722 in
3132 3685 3238 3723 una
3274 3680 3431 3739 pote-

1859 3767 2043 3824 state;
2083 3759 2177 3813 sed
2206 3769 2490 3829 perpetuo,
2533 3769 2590 3813 et
2642 3759 2696 3813 in
2743 3760 2949 3823 multis,
3010 3775 3229 3814 sumens
3294 3769 3344 3814 te
3373 3759 3427 3814 in

1858 3864 2049 3901 manus
2072 3849 2223 3917 quasi
2245 3865 2434 3902 aurum
2456 3849 2747 3917 quoddam,
2786 3858 2841 3902 et
2878 3849 2945 3903 ad
2985 3864 3200 3902 omnem
3243 3849 3428 3919 cujus-

1858 3940 2110 4008 qucmodi
2164 3947 2415 3992 ornatum
2465 3940 2554 4007 pio
2590 3939 2815 4008 imperio
2853 3949 3043 3994 nostro
3082 3955 3418 4010 proponens.

1858 4029 2155 4082 Manifesta:
2197 4039 2324 4082 sunt
2368 4044 2456 4082 res
2499 4029 2648 4097 ipsae,
2691 4030 2852 4083 etiam
2887 4031 3192 4085 tacentibus
3244 4031 3428 4087 nobis.

1857 4120 2198 4190 Quapropter
2243 4120 2499 4190 praeclare
2532 4135 2677 4172 nunc
2716 4121 2877 4173 etiam
2923 4119 3200 4174 Christum
3229 4121 3424 4176 imitati

1857 4213 2210 4284 imperatores
2241 4212 2433 4273 nostri,
2465 4210 2678 4264 eximiae
2709 4226 2820 4264 sure
2845 4212 3126 4280 probitatis
3166 4213 3422 4267 aemulum

1856 4312 2164 4359 statuerunt
2203 4311 2254 4356 te
2283 4302 2370 4356 his
2413 4301 2605 4354 diebus
2642 4300 2798 4371 regiae
2847 4301 2972 4355 huic
3011 4302 3237 4356 civitati.
3298 4302 3424 4360 Haec

1856 4410 1957 4465 pro
1989 4393 2306 4448 transmissa
2352 4408 2498 4446 nunc
2529 4407 2556 4444 a
2600 4391 2801 4459 pietate
2841 4401 2928 4445 tua
2960 4408 3057 4461 per
3081 4393 3421 4450 tabellarium

1857 4485 2179 4540 salutatione
2229 4483 2565 4537 resalutatio.
2603 4483 2667 4536 Et
2707 4483 2923 4551 quidem
2975 4485 3252 4538 custodiat
3283 4495 3333 4539 te
3361 4488 3418 4540 in

182 4575 663 4645 γραμματηφόρου
703 4574 1231 4646 ἀντιπροσφιῖωησις.
1260 4577 1367 4629 Καί
1394 4594 1456 4645 γε
1492 4577 1693 4647 Κύριος
1723 4581 1750 4631 6

1866 4588 2137 4649 posterum
2193 4575 2455 4630 Dominus
2501 4575 2642 4628 Deus
2688 4584 2873 4628 noster
2898 4575 3078 4628 anima
3111 4584 3165 4628 et
3192 4589 3422 4644 corpore

183 4665 318 4728 Θεὸς
344 4665 500 4735 ἡμῶν
527 4664 871 4732 διαφυλάξειέ
905 4683 963 4718 σε
997 4667 1255 4735 ἀπήμονα
1277 4667 1420 4736 ψυχῇ
1444 4684 1502 4719 τε
1528 4669 1620 4719 καὶ
1645 4666 1751 4719 σώ-

186 4773 319 4826 ματι
350 4757 486 4828 πρὸς
504 4756 566 4810 τὸ
588 4756 736 4827 ἑξῆς,
767 4759 826 4809 ὲν
859 4756 937 4827 τῷ
967 4757 1152 4827 ἄρχειν
1180 4774 1240 4809 τε
1273 4758 1364 4810 καὶ
1393 4757 1750 4822 ὲξουσιάζεινο

182 4847 262 4912 ὡς
295 4848 360 4901 ἂν
389 4849 495 4902 ὐπὸ
531 4847 668 4901 Θεοῦ
712 4864 794 4901 σοι
824 4848 891 4901 δι’
919 4849 1098 4902 αὐτῶν
1135 4854 1244 4900 τῶν
1283 4850 1624 4919 πραγμάτων
1657 4865 1755 4918 με·

187 4939 531 5010 μαρτύρηται
578 4941 613 5010 ἡ
663 4938 876 5003 ἐξουσία
917 4938 1180 4992 δεδόσθαι.
1226 4939 1441 5010 Ἐπειδὴ
1487 4941 1541 4993 δὲ
1587 4943 1760 5009 φειδοῖ

181 5033 284 5101 τῆς
313 5031 692 5093 ταπεινώσεως
721 5031 877 5100 ἡμῶν
921 5030 1084 5101 (οὕτω
1113 5032 1219 5100 γὰρ
1273 5032 1620 5102 πιστεύομεν,
1659 5034 1752 5086 καὶ

182 5122 286 5175 οὐκ
313 5121 529 5191 ἄλλως),
554 5120 802 5190 διελέχθη
830 5137 920 5174 σου
937 5123 969 5191 ἡ
987 5121 1238 5174 εὐσέϐεια
1264 5123 1340 5192 τῷ
1362 5123 1594 5193 ἀδελφῷ,
1625 5124 1753 5194 περὶ

182 5211 285 5279 τῆς
314 5211 621 5274 ὑποθέσεως
667 5209 778 5262 τῶν
811 5210 1009 5280 τριχῶν
1048 5211 1204 5263 τοῦτο
1242 5212 1336 5263 καὶ
1372 5214 1548 5265 ἐκεῖνο
1589 5229 1748 5282 ποιηο

186 5303 392 5357 σάντων
423 5303 580 5374 ἡμῶν
601 5318 614 5332 ⁸
648 5301 745 5355 καὶ
790 5300 865 5364 ὡς
897 5301 1014 5354 δέον
1061 5305 1153 5354 καὶ
1189 5303 1380 5371 καιρὸν
1411 5303 1748 5367 σκοπεῖσθαι,

189 5395 278 5448 καὶ
322 5393 621 5456 καπνικῶς
651 5392 931 5463 πράττειν,
966 5393 1058 5445 καὶ
1100 5393 1158 5444 ὲν
1194 5396 1304 5455 τοῖς
1341 5395 1559 5456 οἰκείοις
1600 5396 1747 5463 ὅροις

186 5485 402 5556 μένειν⁹
462 5483 653 5555 ἐπειδὴ
719 5481 814 5537 καὶ
875 5483 1218 5555 πατριάρχης
1284 5483 1752 5554 προκαθεζόμενος

180 5571 322 5632 ὦδεο
371 5577 583 5647 τάληθῆ
643 5575 1079 5646 ἀπολογούμεθα.
1135 5576 1401 5646 Πρότερον
1450 5577 1750 5646 ἀπευχαρι-

184 5671 431 5733 στοῦντες
484 5671 666 5739 αὐτῇ*
725 5660 806 5719 ὅτι
867 5666 1102 5719 πονοῦσά
1163 5667 1278 5718 ἐστι
1331 5667 1424 5719 καὶ
1480 5668 1748 5738 κηδομένη

180 5765 287 5820 τῶν
319 5764 440 5818 καθ’
470 5763 643 5832 ἡμᾶς.
680 5760 789 5811 Καὶ
828 5759 965 5812 δέον.
1023 5757 1242 5826 Ὶδίωμα
1273 5759 1380 5827 γὰρ
1414 5759 1544 5812 αὐτὸ
1572 5757 1748 5822 τοῦτο,

1855 4663 2180 4723 incolumem
2211 4666 2267 4719 in
2289 4664 2755 4718 administratione
2782 4663 2995 4731 imperii
3016 4671 3070 4716 et
3091 4665 3376 4730 potestatis
3402 4684 3415 4718 :

1854 4767 1914 4812 ut
1940 4772 2027 4812 res
2049 4758 2180 4824 ipsa:
2201 4752 2512 4809 testimonio
2546 4753 2675 4814 sint,
2699 4759 3023 4818 potestatem
3042 4765 3074 4805 a
3100 4749 3209 4806 Deo
3234 4752 3415 4806 datam

1854 4850 2038 4904 fuisse.
2057 4848 2320 4913 Quoniam
2335 4855 2514 4899 autem
2533 4844 2588 4897 in
2612 4843 2929 4897 humilitatis
2952 4852 3146 4898 nostrae
3167 4845 3420 4912 gratiam,

1856 4941 1933 4994 sic
1973 4939 2118 4993 enim
2169 4937 2458 4998 credimus,
2499 4942 2553 4987 et
2586 4948 2692 4986 non
2740 4933 2914 4998 aliter,
2956 4933 3133 5001 pietas
3177 4940 3268 4986 tua
3294 4950 3417 4988 cum

1859 5028 2025 5080 fratre
2051 5034 2236 5079 nostro
2293 5025 2562 5077 collocuta
2605 5030 2708 5085 est,
2741 5037 2859 5082 nos,
2891 5022 2941 5074 in
2973 5036 3039 5075 eo
3059 5022 3203 5089 quod
3232 5023 3298 5076 ad
3339 5038 3424 5078 ca-

1858 5120 2016 5190 pillos
2045 5117 2256 5180 attinet,
2288 5116 2390 5168 hoc
2412 5124 2466 5168 et
2495 5114 2621 5167 illud
2646 5113 2821 5182 egisse
2853 5129 2867 5174 ;
2910 5122 2965 5166 et
2996 5113 3140 5180 quod
3173 5123 3423 5182 oporteat

1863 5220 2074 5279 tempus
2117 5206 2485 5270 considerare,
2512 5215 2563 5259 et
2609 5204 2909 5259 secundant
2943 5219 3180 5258 canones
3229 5220 3416 5274 agere,

1859 5311 2022 5369 atque
2061 5300 2198 5352 intra
2245 5298 2491 5366 proprios
2537 5297 2735 5349 limites
2781 5295 3098 5357 consistere,
3139 5311 3261 5350 cum
3297 5297 3420 5353 istic

1851 5392 2158 5462 patriarcha
2190 5389 2474 5458 praesideat
2507 5405 2520 5451 ;
2573 5401 2698 5440 vera
2738 5386 3128 5454 respondemus
3163 5403 3175 5438 :
3212 5388 3419 5457 gratias

1852 5487 2001 5555 prius
2016 5494 2237 5552 agentes
2256 5491 2359 5534 ture
2381 5478 2589 5548 pietati,
2611 5478 2750 5546 quod
2771 5479 2932 5531 rebus
2955 5477 3157 5531 nostris
3176 5477 3418 5534 studium

1848 5587 1902 5630 et
1933 5590 2114 5629 curam
2137 5573 2428 5643 impendat.
2463 5572 2527 5625 Et
2549 5571 2721 5623 decet.
2754 5567 2864 5622 Hoc
2885 5569 3027 5622 enim
3056 5569 3232 5636 ipsum
3267 5584 3417 5622 sutn~

1849 5683 1949 5720 ma:
1979 5665 2120 5718 illius
2139 5681 2297 5735 quam
2329 5663 2682 5732 praedicamus
2719 5660 2974 5713 bonitatis
3000 5669 3103 5712 tua:
3133 5660 3414 5728 proprium

1848 5769 1950 5819 est,
2000 5758 2224 5826 ejusque
2285 5762 2680 5824 argumentum.
2751 5750 2825 5804 Ac
2897 5751 3126 5806 fortasse
3185 5762 3410 5822 propter
