4008 6318
616 371 719 433 995

1779 372 1836 429 S.
1867 371 1910 428 Τ
1915 364 2256 427 HEODORI
2296 367 2636 429 STUDITE

3753 377 3854 439 996

612 483 1065 555 propinquitatem
1122 482 1408 556 peculiaris
1455 482 1670 553 quidam
1711 499 1820 553 prae
1848 481 2057 537 caeteris
2086 479 2169 533 af-

2278 479 2368 530 καὶ
2422 481 2694 551 μαρτυρία
2754 482 2849 551 τῆς
2908 477 3086 553 ἧσπερ
3137 482 3544 555 ἁναγγέλλομέν
3595 503 3691 540 σου
3754 507 3853 542 κα-

614 577 787 631 fectus
820 593 938 632 esse
963 577 1143 632 debet.

683 756 851 826 Leges
890 770 1017 825 ergo
1047 754 1243 809 divinae
1270 763 1418 816 sunt,
1441 753 1679 819 domine,
1706 765 1759 808 et
1790 769 2029 807 canones
2051 753 2176 823 qui-

609 847 712 902 bus
756 848 973 901 ducitur
1029 845 1276 915 quisquis
1323 845 1578 914 pietatem
1631 845 1778 905 colit,
1828 845 2023 912 quibus
2076 858 2177 898 nec

609 941 730 994 addi
777 939 1068 1008 quidquam
1103 938 1183 992 fas
1231 947 1334 1001 est,
1374 953 1474 990 nec
1503 937 1732 991 detrahi.
1767 936 1829 989 Hi
1865 951 1963 989 nos
1989 936 2172 999 etiam,

610 1032 804 1085 millies
858 1030 985 1084 licet
1025 1044 1289 1092 erremus,
1323 1037 1376 1082 et
1399 1028 1516 1081 aliis
1559 1027 1611 1080 in
1650 1026 1829 1092 rebus,
1881 1035 1935 1080 et
1969 1027 2022 1079 in
2075 1027 2176 1080 hac

609 1124 982 1193 capillatorum
1031 1137 1214 1185 causa,
1286 1121 1551 1175 inhibent.
1602 1121 1668 1174 Et
1718 1120 2172 1188 quemadmodum

609 1216 848 1286 potentia
883 1224 971 1268 tua
1007 1215 1217 1284 piorum
1251 1214 1602 1267 Dominorum
1635 1223 1944 1267 nostrorum
1978 1221 2174 1267 statuta

609 1310 897 1363 observare
945 1308 1148 1366 studet.
1200 1323 1346 1360 nunc
1396 1305 1686 1360 incidentia
1724 1305 1990 1368 referens,
2026 1319 2174 1358 nunc

610 1402 871 1468 imperata
901 1413 1227 1468 exsequens,
1279 1398 1667 1466 ineludensque
1697 1406 1751 1450 et
1784 1396 2090 1460 eliminans,
2120 1406 2175 1450 et

608 1507 946 1560 quaecunque
972 1492 1071 1546 alia
1104 1492 1445 1561 contingunt,
1487 1490 1690 1543 nullius
1720 1489 1948 1544 reverita
1976 1504 2172 1557 perso-

606 1601 731 1638 nam
762 1599 940 1654 neque
986 1600 1202 1653 parvam
1245 1599 1422 1652 neque
1467 1597 1718 1652 magnam
1769 1598 1782 1634 :
1832 1581 1978 1650 quod
2026 1580 2172 1634 enim

608 1676 776 1731 semel
805 1677 1030 1741 audivit,
1059 1685 1111 1731 et
1138 1676 1458 1745 imperatum
1509 1682 1612 1738 est,
1646 1674 1869 1743 implere
1902 1673 2122 1727 festinat
2155 1690 2169 1739 ;

2278 573 2607 640 λοκαγαθίας
2648 590 2662 603 ·
2702 574 2842 643 τάχα
2870 575 2924 627 δὲ
2959 579 3051 628 καὶ
3088 575 3176 628 διὰ
3226 578 3326 646 τὴν
3355 579 3675 646 ἀγχιστείαν
3705 582 3852 650 ὀψεί-

2279 666 2357 718 λει
2390 683 2473 728 τις
2507 663 2644 719 εἶναι
2680 666 2961 736 ῐδικωτέρα
2999 669 3148 738 παρὰ
3182 670 3309 731 τοὺς
3361 670 3552 734 ἄλλους
3590 673 3848 737 διάθεσις.

2347 760 2518 827 Νόμοι
2555 760 2863 829 τοιγαροῦν,
2899 755 2943 812 ὣ
2987 761 3254 828 δέσποτα,
3281 762 3448 828 θεῖοι,
3483 766 3578 817 καὶ
3622 768 3848 831 κανόνες

2277 852 2411 904 είσὶν
2434 853 2480 902 οἱ
2508 853 2730 918 ἄγοντες
2755 852 2931 906 πάντα
2953 854 3042 905 τὸν
3073 855 3404 909 εὐσεϐοῦντα
3427 872 3440 885 ⁸
3485 859 3619 926 παρ’
3645 854 3727 922 οἷς
3752 863 3852 914 οὑκ

2278 944 2421 996 ἔστιν
2463 943 2584 996 οὔτε
2632 945 2942 1014 πρόσθεσιν,
2970 945 3091 997 οὔτε
3127 944 3320 1014 ὕφεσιν
3356 948 3655 1002 ποιεῖσθαι.
3687 952 3851 1002 Αὑτοὶ

2276 1037 2370 1088 καὶ
2410 1037 2555 1104 ἡμᾶς
2587 1036 2714 1096 τοὺς
2742 1036 3055 1099 ταπεινοὺς,
3089 1038 3136 1088 εί
3171 1038 3264 1089 καὶ¹
3310 1039 3576 1108 μυριάκις
3612 1042 3849 1108 σφαλλό-

2279 1130 2436 1199 μεθα,
2479 1130 2614 1199 πρὸς
2642 1131 2763 1191 ταῖς
2795 1128 2984 1190 ἀλλαις
3013 1128 3327 1192 ὑποθέσεσι,
3361 1130 3453 1181 καὶ
3488 1130 3570 1192 είς
3604 1131 3706 1201 τὴν
3739 1133 3848 1185 τῶν

2276 1226 2590 1292 κομώντων,
2629 1223 2857 1291 ἴσχουσι.
2893 1223 3000 1273 Kal.
3061 1220 3249 1292 ὥσπερ
3283 1223 3316 1291 ἠ
3361 1220 3583 1285 ἐξουσία
3623 1241 3718 1277 σου
3783 1226 3849 1278 τὰ

2273 1317 2670 1385 διατεταγμένα
2722 1315 2858 1383 πρὸς
2912 1313 3018 1366 τῶν
3077 1315 3324 1366 εὐσεϐῶν
3381 1315 3539 1384 ἡμῶν
3575 1317 3848 1371 δεσποτῶν

2275 1409 2561 1478 φυλάττειν
2608 1405 2984 1474 διαγωνίζεται
3011 1422 3024 1436 ο
3054 1405 3130 1474 πῆ
3188 1407 3284 1475 μὲν
3313 1407 3718 1472 άναγγέλλουσα
3781 1410 3850 1462 τὰ

2275 1498 2677 1568 συμϐαίνοντα,
2740 1497 2815 1565 πῆ
2880 1496 2937 1548 δὲ
3018 1495 3368 1566 ἐκπληροῦσα
3428 1496 3496 1550 τά
3572 1516 3846 1568 προστασ-

2275 1590 2519 1660 σόμεναο
2562 1590 2824 1660 εἴργουσα
2876 1605 2933 1641 τε
2999 1590 3090 1642 καὶ
3159 1589 3518 1659 ἀφορίζουσα,
3590 1592 3688 1643 καὶ
3749 1593 3847 1644 ὅσα

2272 1681 2405 1734 ἄλλα
2487 1680 2910 1751 ὲπισυμϐαίνειο
2975 1680 3035 1731 οὑ
3097 1679 3496 1751 δυσωπουμένη
3577 1680 3849 1751 πρόσωπά

605 1784 730 1822 cum
756 1767 1056 1838 periculum
1089 1768 1159 1821 sit
1190 1781 1298 1819 non
1325 1767 1461 1831 leve,
1487 1765 1765 1834 paululum
1788 1763 2011 1819 differre
2043 1781 2057 1818 :
2093 1765 2173 1818 sic

2278 1791 2395 1827 τινα
2426 1772 2552 1844 [ms.
2593 1775 2726 1845 Reg.
2763 1773 3040 1844 προσώπῳ
3081 1769 3257 1852 tum],
3307 1774 3428 1828 οὔτε
3484 1774 3678 1845 μικρά,
3726 1774 3846 1826 οὔτε

606 1875 756 1929 ergo,
786 1876 850 1914 ac
884 1860 1054 1913 multo
1088 1860 1279 1928 magis,
1328 1859 1485 1912 nobis
1528 1857 1621 1927 qui
1659 1856 1962 1910 sacerdotio
1997 1855 2174 1926 fungi-

608 1968 748 2014 mur,
781 1952 954 2020 majus
984 1960 1040 2004 et
1068 1950 1383 2005 damnosius
1407 1961 1491 2004 est
1515 1950 1837 2019 periculum,
1869 1963 1976 2001 non
1995 1947 2176 2001 omnia

607 2043 847 2112 explere,
900 2058 1020 2111 quae
1051 2058 1079 2095 a
1113 2057 1238 2111 rege
1293 2043 1671 2094 universorum
1713 2040 1822 2094 Deo
1871 2055 1966 2108 per
1995 2054 2177 2093 sacros

607 2149 844 2188 canones
880 2144 934 2188 et
976 2134 1191 2188 divinos
1233 2133 1418 2186 Patres
1449 2133 1652 2186 saneita
1686 2140 1831 2185 sunt.
1865 2130 2018 2196 Quod
2047 2145 2177 2184 vero

608 2237 938 2298 praeceptum
996 2227 1064 2280 sit
1111 2227 1379 2284 divinum.
1435 2225 1611 2294 primo
1667 2224 1886 2292 quidem
1938 2223 2177 2276 declarat

608 2319 900 2387 Apostolus
927 2321 970 2349 ⁷⁵
1000 2335 1013 2381 ;
1048 2317 1243 2370 deinde
1281 2317 1712 2370 Constitutiones
1741 2316 1782 2346 ⁷⁸
1808 2335 1818 2368 :
1865 2323 1973 2366 tum
2006 2313 2176 2382 Chry-

609 2419 881 2463 sostomus
907 2409 973 2472 ⁷⁷,
1026 2417 1278 2461 astruens
1319 2416 1601 2476 peccatum
1648 2407 1702 2458 in
1748 2403 2002 2458 confesso
2031 2417 2173 2463 esse.

610 2500 653 2552 si
705 2499 785 2552 vir
818 2515 1027 2553 comam
1065 2500 1170 2554 alat
1213 2519 1224 2553 :
1262 2499 1479 2553 demum
1518 2507 1716 2551 sanctae
1761 2495 1961 2565 Synodi
2009 2504 2176 2549 sextae

610 2604 786 2643 canon
813 2590 878 2653 ⁷⁸,
928 2589 1550 2644 excommunicationem
1607 2589 1673 2640 iis
1703 2587 1793 2656 qui
1827 2602 1934 2639 non
1961 2587 2176 2639 obtem-

610 2691 805 2752 perant
839 2683 1084 2736 indicens
1117 2700 1130 2735 :
1163 2697 1322 2750 quem
1352 2697 1459 2734 una
1507 2679 1752 2734 misimus
1782 2687 1842 2732 ut
1866 2680 1968 2732 hoc
1993 2677 2176 2730 audito

609 2784 900 2844 cognoscat
921 2789 1017 2828 nos
1050 2783 1363 2843 peccatores
1391 2780 1542 2826 extra
1566 2785 1804 2826 canones
1832 2770 1966 2823 nihil
1994 2782 2172 2838 agere.

609 2865 795 2935 Neque
847 2880 947 2920 nos
976 2866 1202 2920 canonis
1240 2863 1402 2933 hujus
1441 2873 1718 2932 compotes
1757 2877 1898 2916 nunc
1938 2861 2173 2930 primum

609 2957 738 3012 facti
791 2973 997 3018 sumus,
1026 2958 1119 3011 sed
1173 2957 1376 3011 dudum
1421 2975 1434 3010 :
1491 2956 1652 3024 idque
1686 2962 2032 3024 perspectum
2073 2952 2177 3006 fuit

604 3050 936 3120 pracedenti
996 3051 1159 3104 etiam
1201 3048 1536 3118 patriarcha.
1569 3045 1701 3100 Nam
1733 3056 1785 3100 et
1814 3059 2177 3116 congruenter

2282 1865 2525 1933 μεγάλα’
2577 1864 2721 1930 ἅπαξ
2784 1862 2890 1932 γὰρ
2945 1861 2974 1914 ὃ
3021 1863 3224 1932 ἤκουσε
3266 1864 3358 1916 καὶ
3419 1863 3707 1932 ὲνετάλθη,
3757 1865 3847 1916 ὲκ-

2277 1954 2518 2024 πληροῦν
2540 1955 2976 2007 κατασπεύδεται
2999 1969 3012 1982 ·
3049 1954 3292 2016 κίνδυνος
3323 1956 3428 2026 γὰρ
3473 1956 3570 2024 οὑχ
3603 1957 3633 2008 ὁ
3671 1954 3849 2024 τυχὼν

2277 2048 2378 2100 κᾶν
2436 2048 2568 2116 πρὸς
2613 2046 2806 2117 μικρὸν
2851 2043 3288 2099 ἀναϐάλλεσθαι·
3330 2046 3470 2099 οῦτω
3517 2046 3704 2099 τοίνυν
3759 2047 3850 2100 καὶ

2276 2140 2453 2209 πολλῷ
2503 2140 2702 2208 μᾶλλον
2731 2140 2812 2208 ἐφ’
2847 2140 2976 2209 ἡμῖν
3017 2139 3134 2201 τοῖς
3174 2137 3399 2208 λαχοῦσι
3429 2139 3487 2190 τὸ
3519 2139 3846 2208 ἱερατεύειν,

2278 2227 2482 2296 μείζων
2511 2228 2604 2279 καὶ
2633 2226 3019 2295 ὀλεθριώτερος
3040 2227 3067 2277 ὁ
3089 2226 3361 2291 κίνδυνος,
3399 2229 3473 2297 μὴ
3498 2228 3850 2300 ἁποπεραιὼ-

2278 2334 2390 2368 σειν
2437 2317 2615 2371 πάντα
2639 2318 2704 2368 τὰ
2745 2318 2832 2368 διὰ
2865 2317 2971 2368 τῶν
3008 2317 3170 2370 θείων
3208 2318 3470 2382 κανόνων,
3510 2321 3606 2372 καὶ
3651 2319 3850 2371 Θεσπε-

2278 2408 2406 2460 σίων
2446 2408 2703 2476 Πατέρων
2726 2447 2740 2470 ,
2781 2407 2929 2477 παρά
2964 2409 3058 2461 τοῦ
3098 2400 3362 2478 βασιλέως
3406 2409 3512 2462 τῶν
3543 2409 3682 2463 ὅλων
3711 2409 3846 2462 Θεοῦ

2277 2496 2749 2566 προστασσόμενα.
2779 2497 2900 2548 ’Ότι
2934 2497 2990 2549 δὲ
3033 2500 3362 2569 πρόσταγμα
3405 2499 3570 2564 θεῖον,
3633 2499 3850 2569 πρῶτον

2278 2589 2377 2656 μὲν
2408 2591 2632 2658 φανεροῖ
2658 2591 2685 2641 ὁ
2715 2589 3034 2652 Ἀπόστολος
3052 2606 3066 2620 °
3091 2590 3280 2643 ἔπειτα
3311 2593 3364 2644 αί
3394 2589 3668 2654 διατάξεις
3694 2606 3709 2620 °
3734 2585 3850 2642 εἷτα

2274 2682 2301 2732 ὁ
2330 2682 2710 2750 Χρυσόστομος
2729 2699 2740 2710 ·
2767 2683 3192 2745 κατασκευάζων
3226 2684 3528 2753 ἁμάρτημα
3553 2682 3846 2752 ὁμολογού-

2280 2790 2438 2842 μενον
2457 2769 2596 2828 εἶναι
2620 2775 2682 2826 τὸ
2706 2791 2768 2827 κο
2777 2777 2883 2845 μᾷν
2906 2776 3029 2836 τοὺς
3050 2775 3249 2845 ἄνδρας
3273 2792 3287 2806 ·
3309 2775 3620 2826 τελευταῖον
3643 2775 3672 2826 ὁ
3693 2775 3845 2845 παρὰ

2275 2867 2339 2934 τῇ
2386 2865 2518 2934 ἕκτῃ
2562 2866 2694 2935 ἁγίᾳ
2740 2866 2941 2933 συνόδῳ
2990 2863 3192 2927 κανὼν,
3223 2864 3580 2934 προστάσσων
3612 2867 3709 2917 καὶ
3744 2867 3848 2934 ἀφ·-

2275 2957 2500 3027 ορισμδν
2533 2959 2642 3019 τοῖς
2672 2957 2744 3026 μὴ
2773 2956 3114 3024 πειθομένοις
3144 2971 3156 2983 '
3178 2956 3236 3008 δν
3271 2957 3364 3008 καὶ
3391 2956 3687 3009 ἀπέστειλα
3715 2973 3728 2986 ·
3762 2959 3847 3011 ἴνα

2279 3047 2544 3116 αὐτήκοος
2566 3048 2858 3116 γενομένη,
2893 3047 3048 3116 γνοίη
3076 3048 3240 3118 μηδὲν
3269 3049 3414 3117 ἡμᾶς
3433 3051 3559 3111 τοὺς
3583 3050 3848 3120 ἀμαρτω-

611 3140 770 3194 nobis
800 3141 1011 3192 locutus
1035 3149 1136 3204 est,
1173 3155 1281 3192 non
1317 3140 1606 3207 increpans
1632 3137 1756 3206 ;qui
1783 3138 1927 3191 enim
1962 3144 2173 3206 poterat

2280 3137 2402 3200 λοὺς
2434 3138 2799 3201 ἀκανονίστως
2840 3142 3028 3192 ποιεῖν.
3066 3139 3258 3208 Ἡμεῖς
3290 3139 3346 3192 δὲ
3384 3136 3580 3192 τούτου
3623 3141 3718 3194 τοῦ
3754 3159 3850 3194 καο

611 3239 859 3287 exstante
889 3245 1095 3284 canone
1123 3230 1144 3280 ?
1177 3231 1269 3283 sed
1313 3230 1639 3298 approbans,
1674 3237 1728 3282 et
1754 3229 1979 3283 canonis
2009 3228 2170 3282 etiam

611 3324 944 3377 mentionem
989 3337 1019 3375 a
1062 3336 1148 3375 me
1177 3321 1369 3374 factam
1408 3334 1529 3374 esse
1580 3319 1766 3374 dicens
1802 3337 1815 3372 :
1865 3334 2171 3388 quanquam

611 3416 779 3470 aud'rti
811 3429 918 3468 non
957 3428 1164 3468 sumus.
1197 3412 1392 3466 Verum
1421 3411 1488 3465 de
1517 3410 1925 3480 dispensatione
1953 3411 2172 3479 quidem

613 3508 757 3562 haud
801 3507 931 3561 satis
972 3515 1158 3560 exacte
1188 3505 1329 3573 apud
1367 3504 1543 3573 ipsum
1590 3502 2010 3557 disserebamus.
2065 3501 2175 3556 Nos

611 3615 738 3656 vero
779 3600 1046 3653 hactenus
1087 3597 1140 3650 in
1183 3582 1328 3651 hunc
1374 3596 1593 3650 modum
1627 3595 2010 3665 transegimus,
2063 3611 2171 3647 non

608 3693 821 3763 publice
850 3691 1014 3747 verba
1046 3689 1311 3744 facientes
1348 3706 1362 3754 ;
1388 3689 1512 3758 quia
1542 3687 1781 3757 episcopi
1804 3701 1911 3739 non
1945 3700 2171 3739 sumus:

609 3786 702 3840 sed
729 3785 781 3837 in
814 3783 1028 3853 propria
1060 3781 1296 3835 Ecclesia
1340 3781 1691 3843 excubantes,
1715 3779 1841 3846 quia
1873 3778 2173 3832 sacerdotio

607 3873 902 3944 fungimur,
939 3886 1002 3924 ac
1040 3869 1192 3924 nefas
1218 3878 1300 3923 est
1321 3883 1517 3938 corpus
1538 3875 1594 3922 et
1618 3868 1934 3937 sanguinem
1959 3867 2170 3923 Domini

606 3962 778 4019 nostri
804 3963 932 4018 Jesu
956 3961 1158 4018 Christi
1189 3961 1416 4030 prodere
1439 3960 1507 4014 iis
1535 3959 1626 4029 qui
1651 3958 1935 4013 manifeste
1969 3960 2172 4014 obstri-

607 4055 676 4108 cti
735 4062 863 4108 sunt
919 4060 1261 4123 peccato:et
1290 4050 1534 4119 quisquis
1585 4050 1675 4105 ille
1722 4051 1810 4112 sit,
1857 4067 1964 4103 non
2025 4053 2168 4117 novi,

607 4143 710 4197 nisi
753 4143 1187 4197 emendationem
1236 4139 1538 4210 promittat.
1585 4139 1873 4193 Enimvero
1904 4139 2087 4193 nndtis
2117 4149 2172 4194 et

610 4234 937 4289 indulsimus
968 4242 1024 4286 et
1070 4230 1410 4301 indulgemus
1448 4230 1514 4284 ad
1546 4245 1708 4283 unam
1754 4245 1924 4298 usque
1957 4239 2013 4284 et
2040 4231 2174 4285 alte-

609 4340 722 4376 ram
748 4321 1228 4377 commonitionem
1255 4320 1338 4373 vel
1362 4321 1525 4374 etiam
1555 4320 1792 4374 tertiam:
1817 4320 1961 4390 quod
1989 4330 2169 4375 autem

607 4419 859 4487 amplius,
909 4416 1254 4485 negligentia,
1292 4425 1344 4467 et
1374 4431 1645 4470 canonum
1688 4418 2023 4486 contemptio
2063 4427 2167 4480 est,

2282 3231 2428 3290 νόνος
2473 3231 2572 3281 οὑκ
2610 3232 2924 3299 έπικρατεῖς
2953 3231 3045 3282 νῦν
3079 3231 3404 3300 γεγόναμεν,
3441 3230 3580 3284 ἀλλὰ
3631 3231 3801 3285 πάλαι
3832 3245 3847 3260 ⁶

2281 3324 2372 3375 καὶ
2410 3323 2646 3390 γνωστὸν
2675 3323 2866 3391 γέγονε
2889 3325 2980 3376 καὶ
3008 3324 3084 3394 τῷ
3110 3326 3553 3395 προηγησαμένῳ
3585 3325 3850 3396 πατριάρ-

2284 3433 2382 3484 χῃ·
2415 3415 2539 3466 ἐπεὶ
2572 3417 2666 3467 καὶ
2717 3415 2965 3485 διελέχθη
3000 3416 3158 3486 ἡμῶν
3194 3418 3261 3469 τὰ
3293 3417 3478 3469 είκότα
3503 3429 3517 3444 ’
3550 3417 3652 3469 οὑκ
3678 3418 3849 3483 ὲγκα-

2281 3507 2407 3571 λῶν,
2449 3507 2563 3560 ἀλλ’
2603 3507 2996 3577 ἀποδεχόμενος
3026 3523 3039 3536 ·
3080 3509 3196 3569 πῶς
3225 3509 3333 3578 γὰρ
3365 3509 3429 3562 ἂν
3466 3508 3564 3560 καὶ
3594 3507 3848 3574 ἠδύνατο,

2281 3597 2502 3661 κανόνος
2544 3598 2798 3668 κειμένου
2837 3615 2852 3663 ;
2885 3598 3058 3665 λέγων
3083 3615 3144 3650 τε
3191 3600 3274 3651 ὅτι
3300 3598 3488 3665 γέγονε
3516 3598 3690 3666 κάμοὶ
3720 3597 3850 3649 ὑπό·

2285 3710 2481 3762 μνησις
2507 3691 2636 3763 περὶ¹
2660 3692 2848 3745 τούτου
2868 3707 2881 3720 ·
2907 3692 3010 3744 κᾶν
3042 3691 3143 3743 οὑκ
3166 3690 3504 3760 ἡκοὺσμεθα.
3536 3689 3680 3741 Ἀλλ’
3713 3690 3851 3742 ἐκεί-

2282 3801 2355 3852 νῳ
2397 3783 2495 3852 μὲν
2519 3781 2614 3852 τὴν
2643 3779 2952 3849 οἰκονομίαν
2985 3776 3615 3850 οὑκὴκριϐολογοὺμεθα
3640 3793 3654 3806 ·
3689 3779 3849 3849 ἡμεῖς

2281 3877 2336 3929 δὲ
2378 3876 2480 3938 ἕως
2524 3875 2618 3926 τοῦ
2657 3873 2751 3926 νῦν
2785 3872 2927 3926 οὕτω
2969 3871 3280 3942 διήλθομεν,
3313 3871 3374 3924 οὑ
3409 3870 3690 3942 δημοσίως
3730 3870 3849 3924 δια-

2281 3965 2597 4036 γορεύοντες
2627 3980 2639 3992 ·
2671 3962 2791 4015 ἐπεὶ
2853 3962 2985 4032 μηδὲ
3037 3960 3490 4028 ἐπισκοποῦμεν⁶
3559 3961 3618 4014 έν
3675 3960 3734 4013 δὲ
3783 3961 3846 4028 τῇ

2279 4057 2454 4125 οἰκεία
2497 4055 2792 4125 Ἐκκλησίιῖι⁵
2823 4053 3235 4124 φυλαττόμενοι,
3266 4053 3400 4106 διότι
3450 4050 3807 4121 ίερατεὺομεν
3831 4066 3843 4078 ’

2281 4151 2372 4203 καὶ
2392 4148 2652 4218 προέσθαι
2672 4148 2732 4201 τὸ
2756 4146 2915 4217 σῶμα
2941 4148 3032 4200 καὶ
3057 4141 3194 4216 αἷμα
3211 4145 3305 4199 τοῦ
3329 4144 3538 4215 Κυρίου
3555 4145 3589 4214 ή
3599 4143 3717 4214 μῶν
3748 4145 3849 4212 ’1η-

2283 4241 2374 4293 σοῦ
2390 4242 2431 4293 Χ
2446 4239 2626 4311 ριστοῦ
2646 4242 2701 4292 ὲν
2723 4240 2836 4301 τοῖς
2857 4239 3301 4308 ὁμολογουμένως
3327 4238 3726 4306 κρατουμένοις
3761 4235 3847 4300 ὑφ’

2283 4335 2393 4400 ἁμα
2404 4335 2497 4402 ρτή
2507 4333 2794 4403 ματος,οὑχ
2811 4327 2921 4384 οἷόν
2938 4333 2996 4383 τέ
3008 4334 3142 4384 ἐστι.
3164 4330 3565 4383 Κᾶνόστιστοῦν
3581 4329 3846 4398 τυγχάνῃ,

2277 4425 2375 4477 οὑκ
2405 4420 2538 4474 οἶδαο
2567 4424 2614 4473 εἰ
2641 4423 2714 4490 μὴ
2735 4420 3128 4487 ἐπαγγέλλεται
3157 4418 3253 4488 τὴν
3275 4417 3577 4489 διόρθωσιν.
3602 4420 3712 4470 Καὶ
3743 4419 3848 4485 γὰρ

605 4511 691 4565 vel
729 4509 824 4564 Dei
857 4507 1038 4577 potius
1066 4522 1095 4560 a
1126 4521 1233 4576 quo
1263 4508 1463 4560 conditi
1493 4518 1640 4562 sunt.
1667 4508 1792 4563 Haec
1818 4520 1900 4564 est
1929 4511 2172 4564 defensio

2282 4514 2491 4574 πολλοῖς
2518 4514 2610 4564 καὶ
2638 4487 3097 4579 συνεχωρήσαμεν
3113 4487 3666 4578 καὶγπαραχωροῦμεν
3688 4509 3848 4578 μέχρι

604 4609 812 4663 nostra,
849 4597 1093 4659 Domine,
1115 4597 1255 4666 apud
1293 4597 1556 4651 illustrem
1585 4600 1958 4653 excellentiam
1982 4610 2124 4655 tuam
2157 4617 2169 4664 ;

604 4707 765 4762 quam
830 4705 1133 4760 precamur,
1185 4698 1242 4742 ut
1267 4705 1594 4759 quocunque
1657 4689 1796 4743 fama
1847 4693 2168 4759 pervaserit,

607 4794 857 4854 tanquam
893 4783 946 4836 in
970 4783 1140 4837 oculis
1158 4781 1271 4846 Dei,
1308 4797 1337 4834 a
1359 4797 1464 4850 quo
1481 4782 1769 4851 judicanda
1787 4791 1840 4836 et
1867 4785 2172 4837 mercedem

608 4889 890 4948 receptura
943 4886 1050 4939 est,
1092 4877 1472 4931 convenientia
1515 4885 1786 4946 suggerat.
1841 4876 1994 4941 Quod
2025 4877 2171 4932 enim

608 4987 770 5024 manu
801 4979 983 5024 nostra
1007 4968 1299 5038 quidquam
1329 4969 1416 5022 hic
1438 4968 1596 5022 alicui
1631 4968 1943 5035 fecerimus,
1985 4970 2180 5024 ridicu-

607 5063 718 5115 lum
768 5070 851 5114 est
881 5060 965 5113 vel
1017 5060 1164 5112 credi
1199 5059 1268 5112 ab
1318 5060 1426 5112 ullo
1454 5059 1543 5128 qui
1576 5060 1766 5128 sapiat.
1803 5059 1962 5112 Nullo
1994 5063 2175 5116 modo.

607 5151 710 5206 Sed
740 5151 1105 5220 quodcunque
1133 5149 1360 5218 egimus,
1387 5149 1440 5204 id
1471 5165 1592 5203 cum
1627 5150 1775 5203 omni
1811 5150 2179 5207 obtestatione

608 5241 865 5309 omnique
921 5239 1299 5308 recipientium
1361 5239 1749 5307 approbatione
1802 5249 2013 5309 gestum
2071 5251 2173 5302 est,

611 5343 724 5384 tum
775 5338 831 5382 et
862 5329 1094 5383 crinium
1127 5329 1426 5397 amputatio
1458 5328 1511 5380 in
1553 5328 1617 5381 iis
1650 5328 1742 5396 qui
1777 5331 2172 5398 propemodum

609 5421 826 5491 cingulo
857 5429 1015 5474 tenus
1066 5420 1262 5474 comati
1294 5430 1471 5479 erant.
1503 5429 1752 5488 tanquam
1798 5423 2058 5476 socordia:
2078 5423 2173 5477 de-

608 5513 740 5577 diti;
767 5526 835 5565 ne
863 5511 1140 5565 videamur
1174 5511 1255 5563 vel
1288 5511 1555 5564 tantillum
1585 5526 1613 5565 a
1635 5527 1843 5566 canone
1870 5515 2124 5568 recedere
2158 5533 2174 5580 ;

612 5618 780 5672 utque
816 5603 941 5656 hinc
977 5603 1205 5657 fortasse
1237 5603 1412 5671 aliqua
1441 5601 1532 5656 fiat
1559 5604 1622 5656 ad
1655 5604 1876 5658 meliora
1913 5604 2174 5659 instaura-

2285 4605 2411 4672 μιᾶς
2438 4601 2533 4654 καὶ
2563 4601 2822 4669 δευτέρας
2853 4601 3233 4668 ὑπομνήσεως,
3268 4599 3299 4668 ἢ
3329 4601 3422 4652 καὶ
3447 4599 3640 4669 τρίτης
3675 4617 3685 4626 ·
3712 4600 3774 4652 τὸ
3795 4599 3850 4651 δὲ

2280 4693 2461 4754 πλέον,
2491 4692 2779 4762 ἀδιαφορία
2800 4731 2814 4753 ,
2841 4692 2934 4742 καὶ
2962 4690 3070 4742 τῶν
3119 4691 3357 4744 κανόνων
3397 4691 3812 4761 καταφρόνησις
3834 4729 3847 4751 ,

2285 4783 2486 4852 μᾶλλον
2531 4781 2585 4834 δὲ
2623 4779 2756 4833 Θεοῦ
2779 4822 2794 4845 ,
2825 4781 2951 4849 παρ’
2986 4772 3046 4832 οῦ
3097 4780 3376 4849 ἐδόθησαν.
3411 4780 3560 4849 Αὕτη
3617 4782 3778 4851 ήμῶν
3816 4783 3847 4847 ὴ

2279 4871 2566 4940 ἀπολογία,
2595 4871 2850 4933 δέσποτα,
2888 4871 3022 4940 πρὸς
3054 4871 3153 4939 τὴν
3215 4872 3469 4940 ὑπερφυῆ
3507 4889 3600 4924 σου
3651 4873 3849 4945 ὑπερο·

2278 4967 2397 5034 χήν.
2433 4965 2539 5016 Καὶ
2567 4963 2801 5033 δεόμεθα
2835 4963 3001 5032 αὑτῆς
3031 4963 3276 5031 ὅπουπερ
3298 4961 3362 5015 ἂν
3392 4965 3630 5032 ἐπιρρυῇ
3658 4964 3847 5032 λόγος,

2275 5057 2343 5109 τὰ
2372 5057 2560 5110 δέοντα
2589 5055 2664 5118 ὡς
2694 5055 2798 5108 ὑπὸ
2826 5055 2960 5107 Θεοῦ
2991 5055 3390 5125 ἀνακρινομένη
3438 5057 3532 5106 καὶ¹
3576 5055 3850 5124 μισθαπο-

2276 5149 2572 5218 δοτουμένη
2608 5149 2923 5201 ὑποϐαλεῖν.
2947 5149 3085 5216 Περὶ
3116 5148 3222 5218 γὰρ
3257 5148 3350 5200 τοῦ
3381 5151 3462 5202 ὃτι
3493 5150 3639 5219 χειρὶ
3665 5149 3853 5216 ἐποιή-

2277 5259 2448 5311 σαμεν
2481 5244 2642 5310 ἡμεῖς
2690 5241 2925 5294 ἐνταῦθά
2951 5259 3079 5304 τινι,
3110 5241 3315 5308 γελοῖόν
3347 5242 3462 5293 ἐστι
3493 5242 3553 5293 τὸ
3586 5243 3846 5295 πιστεύε-

2281 5334 2401 5387 σθαι
2436 5336 2570 5402 πρός
2590 5352 2735 5396 τινος
2765 5333 2874 5387 τῶν
2908 5333 3334 5404 εὑφρονούντων.
3381 5332 3671 5402 Οὐδαμῶς.
3690 5333 3852 5386 Ἀλλὰ

2274 5426 2334 5476 τὸ
2391 5425 2520 5493 παρ’
2553 5424 2711 5495 ἡμῶν
2742 5425 2877 5494 μετὰ
2932 5426 3112 5493 πάσης
3145 5423 3566 5494 παρακλήσεως,
3601 5423 3700 5475 καὶ
3745 5423 3851 5475 τῶν

2276 5517 2725 5585 καταδεχομένων
2759 5517 2894 5585 μετά
2921 5517 3101 5585 πάσης
3134 5513 3592 5582 συγκαταθέσεως
3621 5514 3816 5583 γέγονε
3835 5530 3849 5544 ο

2275 5609 2367 5660 καὶ
2395 5608 2514 5660 τότε
2540 5607 3000 5678 ἀκρωτηριασμὸς
3046 5605 3152 5660 τῶν
3186 5606 3632 5676 ὑπερκομὼντων
3670 5605 3852 5676 σχεδὸν

685 5802 731 5833 ’³⁸
761 5799 780 5854 l
820 5801 942 5856 Cor.
975 5819 1048 5866 xi,
1091 5802 1171 5855 l4.
1249 5802 1294 5832 ⁷⁸
1326 5801 1511 5858 Const.
1554 5811 1724 5870 apost.
1765 5801 1855 5858 lib.
1891 5818 1925 5871 I,
1956 5818 2075 5872 cap.
2107 5804 2160 5857 5.

2316 5804 2371 5860 S.
2403 5803 2680 5876 Chrysost.
2714 5807 2766 5860 in
2799 5805 2824 5860 1
2855 5805 2976 5862 Cor.
3055 5806 3097 5836 ⁷⁸
3125 5804 3253 5876 Syu.
3299 5801 3468 5859 Trull.
3498 5820 3624 5861 can.
3661 5808 3748 5859 96.
