  <div class='ocr_page' id='page_1' title='image "/cluster/home/n/w/nwhite01/storage/ocr_20150623/99/pst.000005714063/550.png"; bbox 0 0 4008 6318; ppageno 0'>
   <div class='ocr_carea' id='block_1_1' title="bbox 180 369 284 434">
    <p class='ocr_par' dir='ltr' id='par_1_1' title="bbox 180 369 284 434">
     <span class='ocr_line' id='line_1_1' title="bbox 180 369 284 434; baseline -0.01 -2"><span class='ocrx_word' id='word_1_1' title='bbox 180 369 284 434; x_wconf 88' lang='lat'><strong>997</strong></span> 
     </span>
    </p>
   </div>
   <div class='ocr_carea' id='block_1_2' title="bbox 1378 385 2188 454">
    <p class='ocr_par' dir='ltr' id='par_1_2' title="bbox 1378 385 2188 454">
     <span class='ocr_line' id='line_1_2' title="bbox 1378 385 2188 454; baseline 0.014 -11"><span class='ocrx_word' id='word_1_2' title='bbox 1378 385 1916 448; x_wconf 80' lang='lat' dir='ltr'><strong>EPISTOLARUM</strong></span> <span class='ocrx_word' id='word_1_3' title='bbox 1951 389 2096 452; x_wconf 91' lang='lat' dir='ltr'><strong>LIB.</strong></span> <span class='ocrx_word' id='word_1_4' title='bbox 2137 393 2188 454; x_wconf 92' lang='grc' dir='ltr'><strong>Ι.</strong></span> 
     </span>
    </p>
   </div>
   <div class='ocr_carea' id='block_1_3' title="bbox 3306 404 3410 472">
    <p class='ocr_par' dir='ltr' id='par_1_3' title="bbox 3306 404 3410 472">
     <span class='ocr_line' id='line_1_3' title="bbox 3306 404 3410 472; baseline -0.038 0"><span class='ocrx_word' id='word_1_5' title='bbox 3306 404 3410 472; x_wconf 84' lang='lat'><strong>998</strong></span> 
     </span>
    </p>
   </div>
   <div class='ocr_carea' id='block_1_4' title="bbox 184 480 1750 581">
    <p class='ocr_par' dir='ltr' id='par_1_4' title="bbox 184 480 1748 561">
     <span class='ocr_line' id='line_1_4' title="bbox 184 480 1748 561; baseline 0.011 -31"><span class='ocrx_word' id='word_1_6' title='bbox 184 480 348 549; x_wconf 84' lang='grc' dir='ltr'>μέχρι</span> <span class='ocrx_word' id='word_1_7' title='bbox 403 480 646 548; x_wconf 79' lang='grc' dir='ltr'>ζώσεως,</span> <span class='ocrx_word' id='word_1_8' title='bbox 679 487 773 538; x_wconf 74' lang='grc' dir='ltr'><strong>καὶ</strong></span> <span class='ocrx_word' id='word_1_9' title='bbox 813 487 1378 561; x_wconf 76' lang='grc' dir='ltr'>καταϐλακευομένων</span> <span class='ocrx_word' id='word_1_10' title='bbox 1412 510 1424 523; x_wconf 93' lang='grc'><strong>·</strong></span> <span class='ocrx_word' id='word_1_11' title='bbox 1470 493 1557 547; x_wconf 80' lang='grc' dir='ltr'><strong>ἵνα</strong></span> <span class='ocrx_word' id='word_1_12' title='bbox 1579 493 1748 557; x_wconf 81' lang='grc' dir='ltr'>δόξω-</span> 
     </span>
    </p>
   </div>
   <div class='ocr_carea' id='block_1_5' title="bbox 1853 480 3422 581">
    <p class='ocr_par' dir='ltr' id='par_1_5' title="bbox 1853 499 3422 581">
     <span class='ocr_line' id='line_1_5' title="bbox 1853 499 3422 581; baseline 0.011 -28"><span class='ocrx_word' id='word_1_13' title='bbox 1853 499 1948 555; x_wconf 83' lang='grc' dir='ltr'>ῑίο.</span> <span class='ocrx_word' id='word_1_14' title='bbox 1980 501 2085 555; x_wconf 90' lang='lat' dir='ltr'><strong>Ora</strong></span> <span class='ocrx_word' id='word_1_15' title='bbox 2113 517 2261 573; x_wconf 81' lang='lat' dir='ltr'><strong>ergo,</strong></span> <span class='ocrx_word' id='word_1_16' title='bbox 2297 503 2535 570; x_wconf 83' lang='lat' dir='ltr'><strong>domine,</strong></span> <span class='ocrx_word' id='word_1_17' title='bbox 2563 515 2620 561; x_wconf 90' lang='lat' dir='ltr'><strong>ut</strong></span> <span class='ocrx_word' id='word_1_18' title='bbox 2659 506 2810 576; x_wconf 90' lang='lat' dir='ltr'><strong>juste</strong></span> <span class='ocrx_word' id='word_1_19' title='bbox 2843 518 2900 565; x_wconf 91' lang='lat' dir='ltr'><strong>et</strong></span> <span class='ocrx_word' id='word_1_20' title='bbox 2923 520 3111 581; x_wconf 90' lang='lat' dir='ltr'><strong>pacate</strong></span> <span class='ocrx_word' id='word_1_21' title='bbox 3142 527 3242 568; x_wconf 91' lang='lat' dir='ltr'><strong>nos</strong></span> <span class='ocrx_word' id='word_1_22' title='bbox 3272 516 3422 571; x_wconf 79' lang='lat' dir='ltr'><strong>viva-</strong></span> 
     </span>
    </p>
   </div>
   <div class='ocr_carea' id='block_1_6' title="bbox 183 574 1749 649">
    <p class='ocr_par' dir='ltr' id='par_1_6' title="bbox 183 574 1749 649">
     <span class='ocr_line' id='line_1_6' title="bbox 183 574 1749 649; baseline 0.011 -29"><span class='ocrx_word' id='word_1_23' title='bbox 183 586 287 639; x_wconf 86' lang='grc' dir='ltr'><strong>μεν</strong></span> <span class='ocrx_word' id='word_1_24' title='bbox 315 575 510 642; x_wconf 85' lang='grc' dir='ltr'>μικρόν</span> <span class='ocrx_word' id='word_1_25' title='bbox 538 590 590 626; x_wconf 90' lang='grc' dir='ltr'><strong>τι</strong></span> <span class='ocrx_word' id='word_1_26' title='bbox 621 574 714 627; x_wconf 85' lang='grc' dir='ltr'><strong>τοῦ</strong></span> <span class='ocrx_word' id='word_1_27' title='bbox 741 578 964 641; x_wconf 85' lang='grc' dir='ltr'>κανόνος</span> <span class='ocrx_word' id='word_1_28' title='bbox 990 577 1064 649; x_wconf 81' lang='grc' dir='ltr'>μὴ</span> <span class='ocrx_word' id='word_1_29' title='bbox 1084 580 1417 636; x_wconf 84' lang='grc' dir='ltr'><strong>ἀποπίπτειν</strong></span> <span class='ocrx_word' id='word_1_30' title='bbox 1447 598 1460 612; x_wconf 88' lang='grc'><strong>·</strong></span> <span class='ocrx_word' id='word_1_31' title='bbox 1498 584 1590 637; x_wconf 78' lang='grc' dir='ltr'><strong>καὶ</strong></span> <span class='ocrx_word' id='word_1_32' title='bbox 1621 583 1749 646; x_wconf 72' lang='grc' dir='ltr'>ἴσως</span> 
     </span>
    </p>
   </div>
   <div class='ocr_carea' id='block_1_7' title="bbox 180 660 1744 742">
    <p class='ocr_par' dir='ltr' id='par_1_7' title="bbox 180 660 1744 742">
     <span class='ocr_line' id='line_1_7' title="bbox 180 660 1744 742; baseline 0.012 -32"><span class='ocrx_word' id='word_1_33' title='bbox 180 661 248 711; x_wconf 83' lang='grc' dir='ltr'>ὲκ</span> <span class='ocrx_word' id='word_1_34' title='bbox 275 660 470 715; x_wconf 81' lang='grc' dir='ltr'>τούτου</span> <span class='ocrx_word' id='word_1_35' title='bbox 500 664 722 734; x_wconf 80' lang='grc' dir='ltr'>γένηταί</span> <span class='ocrx_word' id='word_1_36' title='bbox 757 687 840 733; x_wconf 91' lang='grc' dir='ltr'><strong>τις</strong></span> <span class='ocrx_word' id='word_1_37' title='bbox 868 670 1006 740; x_wconf 84' lang='grc' dir='ltr'>πρὸς</span> <span class='ocrx_word' id='word_1_38' title='bbox 1031 671 1091 723; x_wconf 84' lang='grc' dir='ltr'><strong>τὸ</strong></span> <span class='ocrx_word' id='word_1_39' title='bbox 1121 670 1328 740; x_wconf 84' lang='grc' dir='ltr'>βέλτιον</span> <span class='ocrx_word' id='word_1_40' title='bbox 1367 672 1744 742; x_wconf 83' lang='grc' dir='ltr'>ὲπαναδρομή.</span> 
     </span>
    </p>
   </div>
   <div class='ocr_carea' id='block_1_8' title="bbox 179 750 1748 832">
    <p class='ocr_par' dir='ltr' id='par_1_8' title="bbox 179 750 1748 832">
     <span class='ocr_line' id='line_1_8' title="bbox 179 750 1748 832; baseline 0.008 -30"><span class='ocrx_word' id='word_1_41' title='bbox 179 750 359 822; x_wconf 78' lang='grc' dir='ltr'>Εὗχου</span> <span class='ocrx_word' id='word_1_42' title='bbox 411 755 612 820; x_wconf 90' lang='grc' dir='ltr'>τοίνυν,</span> <span class='ocrx_word' id='word_1_43' title='bbox 642 750 686 810; x_wconf 83' lang='grc' dir='ltr'><strong>ὧ</strong></span> <span class='ocrx_word' id='word_1_44' title='bbox 741 759 1009 826; x_wconf 81' lang='grc' dir='ltr'><strong>δέσποτα,</strong></span> <span class='ocrx_word' id='word_1_45' title='bbox 1044 762 1283 831; x_wconf 75' lang='grc' dir='ltr'><strong>ἐννόμως</strong></span> <span class='ocrx_word' id='word_1_46' title='bbox 1320 765 1416 816; x_wconf 75' lang='grc' dir='ltr'>καὶ</span> <span class='ocrx_word' id='word_1_47' title='bbox 1455 761 1748 832; x_wconf 73' lang='grc' dir='ltr'><strong>εἰρηνικῶς</strong></span> 
     </span>
    </p>
   </div>
   <div class='ocr_carea' id='block_1_9' title="bbox 177 843 1744 922">
    <p class='ocr_par' dir='ltr' id='par_1_9' title="bbox 177 843 1744 922">
     <span class='ocr_line' id='line_1_9' title="bbox 177 843 1744 922; baseline -0.003 -12"><span class='ocrx_word' id='word_1_48' title='bbox 177 843 330 911; x_wconf 68' lang='grc' dir='ltr'>ἡμᾶς</span> <span class='ocrx_word' id='word_1_49' title='bbox 387 844 486 917; x_wconf 73' lang='grc' dir='ltr'><strong>ζῇν</strong></span> <span class='ocrx_word' id='word_1_50' title='bbox 509 865 523 880; x_wconf 84' lang='grc'><strong>⁰</strong></span> <span class='ocrx_word' id='word_1_51' title='bbox 563 850 887 920; x_wconf 77' lang='grc' dir='ltr'>συμϐάλλων</span> <span class='ocrx_word' id='word_1_52' title='bbox 921 853 1016 904; x_wconf 75' lang='grc' dir='ltr'>καὶ</span> <span class='ocrx_word' id='word_1_53' title='bbox 1057 852 1127 905; x_wconf 81' lang='grc' dir='ltr'>τὰ</span> <span class='ocrx_word' id='word_1_54' title='bbox 1159 858 1290 922; x_wconf 83' lang='grc' dir='ltr'>παρ’</span> <span class='ocrx_word' id='word_1_55' title='bbox 1320 853 1514 908; x_wconf 79' lang='grc' dir='ltr'>ἑαυτοῦ</span> <span class='ocrx_word' id='word_1_56' title='bbox 1539 856 1597 906; x_wconf 83' lang='grc' dir='ltr'>ὲν</span> <span class='ocrx_word' id='word_1_57' title='bbox 1630 854 1744 916; x_wconf 87' lang='grc' dir='ltr'>τοῖς</span> 
     </span>
    </p>
   </div>
   <div class='ocr_carea' id='block_1_10' title="bbox 180 935 1387 1013">
    <p class='ocr_par' dir='ltr' id='par_1_10' title="bbox 180 935 1387 1013">
     <span class='ocr_line' id='line_1_10' title="bbox 180 935 1387 1013; baseline 0.012 -30"><span class='ocrx_word' id='word_1_58' title='bbox 180 935 501 1010; x_wconf 80' lang='grc' dir='ltr'>συμμεθέξῃ</span> <span class='ocrx_word' id='word_1_59' title='bbox 532 941 565 1010; x_wconf 82' lang='grc' dir='ltr'><strong>ή</strong></span> <span class='ocrx_word' id='word_1_60' title='bbox 599 941 754 1010; x_wconf 85' lang='grc' dir='ltr'>τιμία</span> <span class='ocrx_word' id='word_1_61' title='bbox 784 958 877 996; x_wconf 90' lang='grc' dir='ltr'><strong>σου</strong></span> <span class='ocrx_word' id='word_1_62' title='bbox 906 943 1051 1013; x_wconf 77' lang='grc' dir='ltr'>ψυχὴ</span> <span class='ocrx_word' id='word_1_63' title='bbox 1079 943 1171 996; x_wconf 86' lang='grc' dir='ltr'><strong>τοῦ</strong></span> <span class='ocrx_word' id='word_1_64' title='bbox 1199 945 1387 998; x_wconf 85' lang='grc' dir='ltr'>καλοῦ.</span> 
     </span>
    </p>
   </div>
   <div class='ocr_carea' id='block_1_11' title="bbox 391 1073 1528 1151">
    <p class='ocr_par' dir='ltr' id='par_1_11' title="bbox 391 1073 1528 1151">
     <span class='ocr_line' id='line_1_11' title="bbox 391 1073 1528 1151; baseline 0.005 -24"><span class='ocrx_word' id='word_1_65' title='bbox 391 1073 530 1129; x_wconf 75' lang='grc' dir='ltr'>κη’.</span> <span class='ocrx_word' id='word_1_66' title='bbox 557 1106 626 1116; x_wconf 88' lang='grc'><strong><em>-</em></strong></span> <span class='ocrx_word' id='word_1_67' title='bbox 653 1079 946 1142; x_wconf 81' lang='grc' dir='ltr'>Βασιλείῳ</span> <span class='ocrx_word' id='word_1_68' title='bbox 994 1077 1315 1148; x_wconf 81' lang='grc' dir='ltr'>μονάζοντι</span> <span class='ocrx_word' id='word_1_69' title='bbox 1367 1079 1528 1151; x_wconf 82' lang='grc' dir='ltr'><strong>[μζ’.]</strong></span> 
     </span>
    </p>
   </div>
   <div class='ocr_carea' id='block_1_12' title="bbox 1858 593 3422 664">
    <p class='ocr_par' dir='ltr' id='par_1_12' title="bbox 1858 593 3422 664">
     <span class='ocr_line' id='line_1_12' title="bbox 1858 593 3422 664; baseline 0.011 -19"><span class='ocrx_word' id='word_1_70' title='bbox 1858 607 1998 656; x_wconf 91' lang='lat' dir='ltr'><strong>mus,</strong></span> <span class='ocrx_word' id='word_1_71' title='bbox 2024 593 2185 647; x_wconf 90' lang='lat' dir='ltr'><strong>etiam</strong></span> <span class='ocrx_word' id='word_1_72' title='bbox 2206 610 2325 664; x_wconf 59' lang='lat' dir='ltr'><strong>qua!</strong></span> <span class='ocrx_word' id='word_1_73' title='bbox 2354 606 2441 649; x_wconf 90' lang='lat' dir='ltr'><strong>tua</strong></span> <span class='ocrx_word' id='word_1_74' title='bbox 2471 606 2598 651; x_wconf 89' lang='lat' dir='ltr'><strong>sunt</strong></span> <span class='ocrx_word' id='word_1_75' title='bbox 2638 598 2926 654; x_wconf 86' lang='lat' dir='ltr'><strong>conferens</strong></span> <span class='ocrx_word' id='word_1_76' title='bbox 2953 601 3007 654; x_wconf 91' lang='lat' dir='ltr'><strong>in</strong></span> <span class='ocrx_word' id='word_1_77' title='bbox 3034 604 3236 658; x_wconf 76' lang='lat' dir='ltr'><strong>nostris</strong></span> <span class='ocrx_word' id='word_1_78' title='bbox 3257 605 3422 662; x_wconf 86' lang='lat' dir='ltr'><strong>rebus</strong></span> 
     </span>
    </p>
   </div>
   <div class='ocr_carea' id='block_1_13' title="bbox 1856 684 3421 765">
    <p class='ocr_par' dir='ltr' id='par_1_13' title="bbox 1856 684 3421 765">
     <span class='ocr_line' id='line_1_13' title="bbox 1856 684 3421 765; baseline 0.012 -32"><span class='ocrx_word' id='word_1_79' title='bbox 1856 684 2033 752; x_wconf 84' lang='lat' dir='ltr'><strong>quoad</strong></span> <span class='ocrx_word' id='word_1_80' title='bbox 2081 693 2234 754; x_wconf 86' lang='lat' dir='ltr'><strong>potes</strong></span> <span class='ocrx_word' id='word_1_81' title='bbox 2266 704 2280 740; x_wconf 87' lang='lat'><strong>:</strong></span> <span class='ocrx_word' id='word_1_82' title='bbox 2313 695 2372 740; x_wconf 89' lang='lat' dir='ltr'><strong>ut</strong></span> <span class='ocrx_word' id='word_1_83' title='bbox 2399 687 2442 739; x_wconf 87' lang='lat' dir='ltr'><strong>si</strong></span> <span class='ocrx_word' id='word_1_84' title='bbox 2471 687 2601 756; x_wconf 89' lang='lat' dir='ltr'><strong>quid</strong></span> <span class='ocrx_word' id='word_1_85' title='bbox 2642 688 2744 742; x_wconf 89' lang='lat' dir='ltr'><strong>erit</strong></span> <span class='ocrx_word' id='word_1_86' title='bbox 2776 691 2931 756; x_wconf 91' lang='lat' dir='ltr'><strong>recti,</strong></span> <span class='ocrx_word' id='word_1_87' title='bbox 2966 693 3243 765; x_wconf 76' lang='lat' dir='ltr'><strong>particeps</strong></span> <span class='ocrx_word' id='word_1_88' title='bbox 3270 696 3340 751; x_wconf 84' lang='lat' dir='ltr'><strong>sit</strong></span> <span class='ocrx_word' id='word_1_89' title='bbox 3365 705 3421 752; x_wconf 87' lang='lat' dir='ltr'><strong>et</strong></span> 
     </span>
    </p>
   </div>
   <div class='ocr_carea' id='block_1_14' title="bbox 1854 775 2518 831">
    <p class='ocr_par' dir='ltr' id='par_1_14' title="bbox 1854 775 2518 831">
     <span class='ocr_line' id='line_1_14' title="bbox 1854 775 2518 831; baseline 0.006 -4"><span class='ocrx_word' id='word_1_90' title='bbox 1854 775 2032 827; x_wconf 90' lang='lat' dir='ltr'><strong>anima</strong></span> <span class='ocrx_word' id='word_1_91' title='bbox 2071 784 2161 828; x_wconf 90' lang='lat' dir='ltr'><strong>tua</strong></span> <span class='ocrx_word' id='word_1_92' title='bbox 2203 778 2518 831; x_wconf 86' lang='lat' dir='ltr'><strong>reverenda.</strong></span> 
     </span>
    </p>
   </div>
   <div class='ocr_carea' id='block_1_15' title="bbox 1853 867 3409 945">
    <p class='ocr_par' dir='ltr' id='par_1_15' title="bbox 1853 867 3409 945">
     <span class='ocr_line' id='line_1_15' title="bbox 1853 867 3409 945; baseline 0.006 -25"><span class='ocrx_word' id='word_1_93' title='bbox 1853 867 1976 921; x_wconf 87' lang='grc' dir='ltr'>καθ’</span> <span class='ocrx_word' id='word_1_94' title='bbox 2033 868 2180 938; x_wconf 79' lang='grc' dir='ltr'>ἡμᾶς</span> <span class='ocrx_word' id='word_1_95' title='bbox 2227 870 2367 923; x_wconf 84' lang='grc' dir='ltr'><strong>κατά</strong></span> <span class='ocrx_word' id='word_1_96' title='bbox 2424 871 2484 924; x_wconf 80' lang='grc' dir='ltr'><strong>τὸ</strong></span> <span class='ocrx_word' id='word_1_97' title='bbox 2530 871 2782 926; x_wconf 83' lang='grc' dir='ltr'>δυνατόν·</span> <span class='ocrx_word' id='word_1_98' title='bbox 2817 872 2905 927; x_wconf 80' lang='grc' dir='ltr'>ἵνα</span> <span class='ocrx_word' id='word_1_99' title='bbox 2953 873 3047 928; x_wconf 80' lang='grc' dir='ltr'><strong>ἐάν</strong></span> <span class='ocrx_word' id='word_1_100' title='bbox 3096 892 3149 929; x_wconf 91' lang='grc' dir='ltr'><strong>τι</strong></span> <span class='ocrx_word' id='word_1_101' title='bbox 3180 875 3409 945; x_wconf 83' lang='grc' dir='ltr'>ἀγαθὸν,</span> 
     </span>
    </p>
   </div>
   <div class='ocr_carea' id='block_1_16' title="bbox 2205 1072 3065 1132">
    <p class='ocr_par' dir='ltr' id='par_1_16' title="bbox 2205 1072 3065 1132">
     <span class='ocr_line' id='line_1_16' title="bbox 2205 1072 3065 1132; baseline 0.007 -6"><span class='ocrx_word' id='word_1_102' title='bbox 2205 1072 2442 1127; x_wconf 78' lang='lat' dir='ltr'><strong>XXVIII.</strong></span> <span class='ocrx_word' id='word_1_103' title='bbox 2476 1103 2540 1113; x_wconf 95' lang='lat'><strong><em>—</em></strong></span> <span class='ocrx_word' id='word_1_104' title='bbox 2567 1073 2767 1129; x_wconf 80' lang='lat' dir='ltr'><strong>Basilio</strong></span> <span class='ocrx_word' id='word_1_105' title='bbox 2796 1077 3065 1132; x_wconf 85' lang='lat' dir='ltr'><strong>monacho.</strong></span> 
     </span>
    </p>
   </div>
   <div class='ocr_carea' id='block_1_17' title="bbox 1164 1187 2470 1258">
    <p class='ocr_par' dir='ltr' id='par_1_17' title="bbox 1164 1187 2470 1258">
     <span class='ocr_line' id='line_1_17' title="bbox 1164 1187 2470 1258; baseline -0.005 -14"><span class='ocrx_word' id='word_1_106' title='bbox 1164 1195 1350 1258; x_wconf 78' lang='lat' dir='ltr'><strong>Purgat</strong></span> <span class='ocrx_word' id='word_1_107' title='bbox 1368 1209 1423 1244; x_wconf 90' lang='lat' dir='ltr'><strong>se</strong></span> <span class='ocrx_word' id='word_1_108' title='bbox 1446 1198 1508 1246; x_wconf 93' lang='lat' dir='ltr'><strong>de</strong></span> <span class='ocrx_word' id='word_1_109' title='bbox 1531 1199 1812 1247; x_wconf 82' lang='lat' dir='ltr'><strong>schismate.</strong></span> <span class='ocrx_word' id='word_1_110' title='bbox 1848 1195 2042 1258; x_wconf 87' lang='lat' dir='ltr'><strong>(Baron.</strong></span> <span class='ocrx_word' id='word_1_111' title='bbox 2065 1204 2144 1240; x_wconf 88' lang='lat' dir='ltr'><strong>an.</strong></span> <span class='ocrx_word' id='word_1_112' title='bbox 2169 1189 2278 1250; x_wconf 90' lang='lat'><strong>808,</strong></span> <span class='ocrx_word' id='word_1_113' title='bbox 2299 1205 2350 1239; x_wconf 90' lang='lat' dir='ltr'><strong>n.</strong></span> <span class='ocrx_word' id='word_1_114' title='bbox 2372 1187 2470 1251; x_wconf 75' lang='lat'><strong>26.)</strong></span> 
     </span>
    </p>
   </div>
   <div class='ocr_carea' id='block_1_18' title="bbox 262 1299 1755 1374">
    <p class='ocr_par' dir='ltr' id='par_1_18' title="bbox 262 1299 1755 1374">
     <span class='ocr_line' id='line_1_18' title="bbox 262 1299 1755 1374; baseline 0.005 -22"><span class='ocrx_word' id='word_1_115' title='bbox 262 1299 600 1370; x_wconf 83' lang='grc' dir='ltr'>Ἐδεξάμεθά</span> <span class='ocrx_word' id='word_1_116' title='bbox 629 1318 721 1354; x_wconf 92' lang='grc' dir='ltr'><strong>σου</strong></span> <span class='ocrx_word' id='word_1_117' title='bbox 749 1303 817 1356; x_wconf 84' lang='grc' dir='ltr'><strong>τά</strong></span> <span class='ocrx_word' id='word_1_118' title='bbox 838 1304 1142 1372; x_wconf 87' lang='grc' dir='ltr'>γράμματα</span> <span class='ocrx_word' id='word_1_119' title='bbox 1169 1305 1268 1373; x_wconf 82' lang='grc' dir='ltr'><strong>τῆς</strong></span> <span class='ocrx_word' id='word_1_120' title='bbox 1291 1305 1585 1374; x_wconf 83' lang='grc' dir='ltr'>ἀδελφικῆς</span> <span class='ocrx_word' id='word_1_121' title='bbox 1618 1306 1755 1374; x_wconf 91' lang='grc' dir='ltr'>ἀγά-</span> 
     </span>
    </p>
   </div>
   <div class='ocr_carea' id='block_1_19' title="bbox 178 1393 1749 1467">
    <p class='ocr_par' dir='ltr' id='par_1_19' title="bbox 178 1393 1749 1467">
     <span class='ocr_line' id='line_1_19' title="bbox 178 1393 1749 1467; baseline 0.004 -25"><span class='ocrx_word' id='word_1_122' title='bbox 178 1407 313 1460; x_wconf 80' lang='grc' dir='ltr'>πης,</span> <span class='ocrx_word' id='word_1_123' title='bbox 349 1393 442 1444; x_wconf 75' lang='grc' dir='ltr'><strong>καὶ</strong></span> <span class='ocrx_word' id='word_1_124' title='bbox 499 1393 890 1463; x_wconf 66' lang='grc' dir='ltr'><strong>ἐθαυμάσαμεν</strong></span> <span class='ocrx_word' id='word_1_125' title='bbox 920 1394 1013 1447; x_wconf 74' lang='grc' dir='ltr'>ἐπὶ</span> <span class='ocrx_word' id='word_1_126' title='bbox 1051 1397 1115 1464; x_wconf 83' lang='grc' dir='ltr'>τῇ</span> <span class='ocrx_word' id='word_1_127' title='bbox 1144 1395 1319 1466; x_wconf 81' lang='grc' dir='ltr'>ἀθρόα</span> <span class='ocrx_word' id='word_1_128' title='bbox 1347 1397 1618 1467; x_wconf 77' lang='grc' dir='ltr'>μεταϐολῇ</span> <span class='ocrx_word' id='word_1_129' title='bbox 1657 1398 1749 1449; x_wconf 79' lang='grc' dir='ltr'>αὑ-</span> 
     </span>
    </p>
   </div>
   <div class='ocr_carea' id='block_1_20' title="bbox 182 1483 1752 1556">
    <p class='ocr_par' dir='ltr' id='par_1_20' title="bbox 182 1483 1752 1556">
     <span class='ocr_line' id='line_1_20' title="bbox 182 1483 1752 1556; baseline 0.003 -21"><span class='ocrx_word' id='word_1_130' title='bbox 182 1484 302 1551; x_wconf 76' lang='grc' dir='ltr'>τῆς.</span> <span class='ocrx_word' id='word_1_131' title='bbox 337 1483 418 1536; x_wconf 83' lang='grc' dir='ltr'>Τά</span> <span class='ocrx_word' id='word_1_132' title='bbox 447 1483 544 1551; x_wconf 86' lang='grc' dir='ltr'><strong>μὲν</strong></span> <span class='ocrx_word' id='word_1_133' title='bbox 569 1484 808 1554; x_wconf 88' lang='grc' dir='ltr'>πρότερα</span> <span class='ocrx_word' id='word_1_134' title='bbox 836 1485 946 1555; x_wconf 78' lang='grc' dir='ltr'>(ἵνα</span> <span class='ocrx_word' id='word_1_135' title='bbox 973 1485 1042 1538; x_wconf 91' lang='grc' dir='ltr'><strong>τά</strong></span> <span class='ocrx_word' id='word_1_136' title='bbox 1064 1484 1197 1538; x_wconf 81' lang='grc' dir='ltr'>ἄλλα</span> <span class='ocrx_word' id='word_1_137' title='bbox 1228 1487 1374 1539; x_wconf 79' lang='grc' dir='ltr'>ἐάσω</span> <span class='ocrx_word' id='word_1_138' title='bbox 1396 1487 1618 1556; x_wconf 79' lang='grc' dir='ltr'>λέγειν),</span> <span class='ocrx_word' id='word_1_139' title='bbox 1652 1487 1752 1539; x_wconf 83' lang='grc' dir='ltr'>οὐκ</span> 
     </span>
    </p>
   </div>
   <div class='ocr_carea' id='block_1_21' title="bbox 178 1573 1748 1648">
    <p class='ocr_par' dir='ltr' id='par_1_21' title="bbox 178 1573 1748 1648">
     <span class='ocr_line' id='line_1_21' title="bbox 178 1573 1748 1648; baseline 0.006 -25"><span class='ocrx_word' id='word_1_140' title='bbox 178 1573 463 1639; x_wconf 81' lang='grc' dir='ltr'>ἀναγκαῖα</span> <span class='ocrx_word' id='word_1_141' title='bbox 501 1573 629 1625; x_wconf 73' lang='grc' dir='ltr'>ὄντα</span> <span class='ocrx_word' id='word_1_142' title='bbox 683 1574 823 1627; x_wconf 87' lang='grc' dir='ltr'>κατὰ</span> <span class='ocrx_word' id='word_1_143' title='bbox 869 1574 928 1628; x_wconf 84' lang='grc' dir='ltr'><strong>τὸ</strong></span> <span class='ocrx_word' id='word_1_144' title='bbox 956 1576 1383 1646; x_wconf 81' lang='grc' dir='ltr'>παριστάμενον·</span> <span class='ocrx_word' id='word_1_145' title='bbox 1428 1578 1627 1648; x_wconf 81' lang='grc' dir='ltr'>Ἰωσὴφ</span> <span class='ocrx_word' id='word_1_146' title='bbox 1653 1577 1748 1632; x_wconf 89' lang='grc' dir='ltr'><strong>τοῦ</strong></span> 
     </span>
    </p>
   </div>
   <div class='ocr_carea' id='block_1_22' title="bbox 177 1657 1749 1733">
    <p class='ocr_par' dir='ltr' id='par_1_22' title="bbox 177 1657 1749 1733">
     <span class='ocr_line' id='line_1_22' title="bbox 177 1657 1749 1733; baseline 0.005 -22"><span class='ocrx_word' id='word_1_147' title='bbox 177 1660 464 1730; x_wconf 77' lang='grc' dir='ltr'>οἰκονόμου</span> <span class='ocrx_word' id='word_1_148' title='bbox 493 1661 827 1732; x_wconf 79' lang='grc' dir='ltr'>κατηγορίαν</span> <span class='ocrx_word' id='word_1_149' title='bbox 866 1657 1031 1733; x_wconf 72' lang='grc' dir='ltr'>εἶχον,</span> <span class='ocrx_word' id='word_1_150' title='bbox 1059 1664 1133 1727; x_wconf 88' lang='grc' dir='ltr'>ὼς</span> <span class='ocrx_word' id='word_1_151' title='bbox 1177 1663 1368 1726; x_wconf 85' lang='grc' dir='ltr'>κακῶς</span> <span class='ocrx_word' id='word_1_152' title='bbox 1418 1665 1749 1728; x_wconf 80' lang='grc' dir='ltr'>εἰσελθόντος</span> 
     </span>
    </p>
   </div>
   <div class='ocr_carea' id='block_1_23' title="bbox 178 1752 1750 1826">
    <p class='ocr_par' dir='ltr' id='par_1_23' title="bbox 178 1752 1750 1826">
     <span class='ocr_line' id='line_1_23' title="bbox 178 1752 1750 1826; baseline 0.004 -20"><span class='ocrx_word' id='word_1_153' title='bbox 178 1752 345 1806; x_wconf 82' lang='grc' dir='ltr'>αὑτοῦ</span> <span class='ocrx_word' id='word_1_154' title='bbox 374 1753 456 1815; x_wconf 84' lang='grc' dir='ltr'>εἰς</span> <span class='ocrx_word' id='word_1_155' title='bbox 482 1753 580 1824; x_wconf 83' lang='grc' dir='ltr'>τὴν</span> <span class='ocrx_word' id='word_1_156' title='bbox 621 1753 968 1826; x_wconf 84' lang='grc' dir='ltr'>Ἐκκλησίαν.</span> <span class='ocrx_word' id='word_1_157' title='bbox 1005 1753 1085 1807; x_wconf 80' lang='grc' dir='ltr'><strong>Τά</strong></span> <span class='ocrx_word' id='word_1_158' title='bbox 1103 1754 1160 1807; x_wconf 83' lang='grc' dir='ltr'>δὲ</span> <span class='ocrx_word' id='word_1_159' title='bbox 1188 1754 1418 1825; x_wconf 86' lang='grc' dir='ltr'>δεύτερα</span> <span class='ocrx_word' id='word_1_160' title='bbox 1437 1756 1750 1812; x_wconf 79' lang='grc' dir='ltr'>τούναντίον</span> 
     </span>
    </p>
   </div>
   <div class='ocr_carea' id='block_1_24' title="bbox 183 1843 1749 1913">
    <p class='ocr_par' dir='ltr' id='par_1_24' title="bbox 183 1843 1749 1913">
     <span class='ocr_line' id='line_1_24' title="bbox 183 1843 1749 1913; baseline 0.003 -18"><span class='ocrx_word' id='word_1_161' title='bbox 183 1843 435 1895; x_wconf 85' lang='grc' dir='ltr'>ἀθώωσιν</span> <span class='ocrx_word' id='word_1_162' title='bbox 485 1844 821 1913; x_wconf 75' lang='grc' dir='ltr'>ἐμφαίνοντα</span> <span class='ocrx_word' id='word_1_163' title='bbox 869 1845 1208 1898; x_wconf 86' lang='grc' dir='ltr'>παντάπασι.</span> <span class='ocrx_word' id='word_1_164' title='bbox 1240 1847 1350 1900; x_wconf 76' lang='grc' dir='ltr'>Καὶ</span> <span class='ocrx_word' id='word_1_165' title='bbox 1395 1848 1423 1898; x_wconf 85' lang='grc' dir='ltr'>ὁ</span> <span class='ocrx_word' id='word_1_166' title='bbox 1453 1845 1541 1898; x_wconf 83' lang='grc' dir='ltr'>τὸν</span> <span class='ocrx_word' id='word_1_167' title='bbox 1590 1847 1749 1900; x_wconf 74' lang='grc' dir='ltr'>αὐτὸν</span> 
     </span>
    </p>
   </div>
   <div class='ocr_carea' id='block_1_25' title="bbox 184 1934 1748 2006">
    <p class='ocr_par' dir='ltr' id='par_1_25' title="bbox 184 1934 1748 2006">
     <span class='ocr_line' id='line_1_25' title="bbox 184 1934 1748 2006; baseline 0.002 -21"><span class='ocrx_word' id='word_1_168' title='bbox 184 1934 324 1987; x_wconf 81' lang='grc' dir='ltr'>κατὰ</span> <span class='ocrx_word' id='word_1_169' title='bbox 359 1935 422 1986; x_wconf 87' lang='grc' dir='ltr'><strong>τὸ</strong></span> <span class='ocrx_word' id='word_1_170' title='bbox 464 1935 593 1988; x_wconf 85' lang='grc' dir='ltr'>αὐτὸ</span> <span class='ocrx_word' id='word_1_171' title='bbox 629 1937 884 2005; x_wconf 79' lang='grc' dir='ltr'>πρᾶγμα,</span> <span class='ocrx_word' id='word_1_172' title='bbox 914 1937 1043 1989; x_wconf 79' lang='grc' dir='ltr'>ποτὲ</span> <span class='ocrx_word' id='word_1_173' title='bbox 1098 1937 1199 2006; x_wconf 82' lang='grc' dir='ltr'><strong>μὲν</strong></span> <span class='ocrx_word' id='word_1_174' title='bbox 1229 1935 1488 2000; x_wconf 80' lang='grc' dir='ltr'>ἐπαινῶν,</span> <span class='ocrx_word' id='word_1_175' title='bbox 1521 1937 1650 1988; x_wconf 80' lang='grc' dir='ltr'>ποτὲ</span> <span class='ocrx_word' id='word_1_176' title='bbox 1689 1936 1748 1989; x_wconf 84' lang='grc' dir='ltr'>δὲ</span> 
     </span>
    </p>
   </div>
   <div class='ocr_carea' id='block_1_26' title="bbox 178 2023 1746 2093">
    <p class='ocr_par' dir='ltr' id='par_1_26' title="bbox 178 2023 1746 2093">
     <span class='ocr_line' id='line_1_26' title="bbox 178 2023 1746 2093; baseline 0.001 -18"><span class='ocrx_word' id='word_1_177' title='bbox 178 2025 364 2092; x_wconf 71' lang='grc' dir='ltr'>ψέγων</span> <span class='ocrx_word' id='word_1_178' title='bbox 394 2040 407 2053; x_wconf 82' lang='grc'>⁶</span> <span class='ocrx_word' id='word_1_179' title='bbox 450 2025 478 2076; x_wconf 86' lang='grc' dir='ltr'><strong>ὅ</strong></span> <span class='ocrx_word' id='word_1_180' title='bbox 525 2041 578 2077; x_wconf 91' lang='grc' dir='ltr'><strong>τι</strong></span> <span class='ocrx_word' id='word_1_181' title='bbox 628 2025 775 2093; x_wconf 83' lang='grc' dir='ltr'>λέγει</span> <span class='ocrx_word' id='word_1_182' title='bbox 813 2041 894 2088; x_wconf 87' lang='grc' dir='ltr'><strong>τις</strong></span> <span class='ocrx_word' id='word_1_183' title='bbox 929 2025 1036 2077; x_wconf 82' lang='grc' dir='ltr'>τῶν</span> <span class='ocrx_word' id='word_1_184' title='bbox 1065 2025 1254 2092; x_wconf 85' lang='grc' dir='ltr'>ἀγίων,</span> <span class='ocrx_word' id='word_1_185' title='bbox 1279 2023 1566 2092; x_wconf 86' lang='grc' dir='ltr'>γινώσκειν</span> <span class='ocrx_word' id='word_1_186' title='bbox 1595 2025 1746 2093; x_wconf 76' lang='grc' dir='ltr'>ὀφεί-</span> 
     </span>
    </p>
   </div>
   <div class='ocr_carea' id='block_1_27' title="bbox 179 2115 1748 2186">
    <p class='ocr_par' dir='ltr' id='par_1_27' title="bbox 179 2115 1748 2186">
     <span class='ocr_line' id='line_1_27' title="bbox 179 2115 1748 2186; baseline 0 -19"><span class='ocrx_word' id='word_1_187' title='bbox 179 2117 261 2167; x_wconf 86' lang='grc' dir='ltr'><strong>λει</strong></span> <span class='ocrx_word' id='word_1_188' title='bbox 284 2116 317 2186; x_wconf 78' lang='grc' dir='ltr'><strong>ἡ</strong></span> <span class='ocrx_word' id='word_1_189' title='bbox 352 2115 631 2170; x_wconf 77' lang='grc' dir='ltr'>θεοσέϐειά</span> <span class='ocrx_word' id='word_1_190' title='bbox 658 2134 771 2171; x_wconf 89' lang='grc' dir='ltr'>σου.</span> <span class='ocrx_word' id='word_1_191' title='bbox 814 2116 960 2171; x_wconf 84' lang='grc' dir='ltr'>Ἀλλ’</span> <span class='ocrx_word' id='word_1_192' title='bbox 985 2115 1124 2167; x_wconf 77' lang='grc' dir='ltr'>ἔστω</span> <span class='ocrx_word' id='word_1_193' title='bbox 1154 2115 1309 2167; x_wconf 86' lang='grc' dir='ltr'>τοῦτο</span> <span class='ocrx_word' id='word_1_194' title='bbox 1327 2117 1404 2178; x_wconf 82' lang='grc' dir='ltr'><strong>είς</strong></span> <span class='ocrx_word' id='word_1_195' title='bbox 1427 2115 1597 2179; x_wconf 75' lang='grc' dir='ltr'>οὐδὲν,</span> <span class='ocrx_word' id='word_1_196' title='bbox 1630 2115 1748 2169; x_wconf 88' lang='grc' dir='ltr'>καί-</span> 
     </span>
    </p>
   </div>
   <div class='ocr_carea' id='block_1_28' title="bbox 176 2205 1748 2278">
    <p class='ocr_par' dir='ltr' id='par_1_28' title="bbox 176 2205 1748 2278">
     <span class='ocr_line' id='line_1_28' title="bbox 176 2205 1748 2278; baseline 0 -19"><span class='ocrx_word' id='word_1_197' title='bbox 176 2224 284 2278; x_wconf 85' lang='grc' dir='ltr'><strong>περ</strong></span> <span class='ocrx_word' id='word_1_198' title='bbox 309 2207 714 2274; x_wconf 80' lang='grc' dir='ltr'>ὲναντιολογίας</span> <span class='ocrx_word' id='word_1_199' title='bbox 741 2207 800 2258; x_wconf 80' lang='grc' dir='ltr'>ὃν</span> <span class='ocrx_word' id='word_1_200' title='bbox 819 2207 1059 2276; x_wconf 77' lang='grc' dir='ltr'>ὄφλημα.</span> <span class='ocrx_word' id='word_1_201' title='bbox 1093 2206 1158 2257; x_wconf 92' lang='grc' dir='ltr'>Τί</span> <span class='ocrx_word' id='word_1_202' title='bbox 1195 2205 1250 2258; x_wconf 79' lang='grc' dir='ltr'>δὲ</span> <span class='ocrx_word' id='word_1_203' title='bbox 1276 2207 1358 2260; x_wconf 82' lang='grc' dir='ltr'>ὅτι</span> <span class='ocrx_word' id='word_1_204' title='bbox 1383 2205 1555 2270; x_wconf 77' lang='grc' dir='ltr'>οὕτως</span> <span class='ocrx_word' id='word_1_205' title='bbox 1586 2208 1748 2278; x_wconf 89' lang='grc' dir='ltr'>ἀκρί-</span> 
     </span>
    </p>
   </div>
   <div class='ocr_carea' id='block_1_29' title="bbox 175 2297 1747 2369">
    <p class='ocr_par' dir='ltr' id='par_1_29' title="bbox 175 2297 1747 2369">
     <span class='ocr_line' id='line_1_29' title="bbox 175 2297 1747 2369; baseline 0 -19"><span class='ocrx_word' id='word_1_206' title='bbox 175 2315 286 2361; x_wconf 87' lang='grc' dir='ltr'><strong>τως</strong></span> <span class='ocrx_word' id='word_1_207' title='bbox 323 2298 631 2368; x_wconf 81' lang='grc' dir='ltr'>προήχθης,</span> <span class='ocrx_word' id='word_1_208' title='bbox 665 2299 796 2367; x_wconf 77' lang='grc' dir='ltr'>πρὶν</span> <span class='ocrx_word' id='word_1_209' title='bbox 848 2297 1202 2367; x_wconf 74' lang='grc' dir='ltr'>ἐξεταστικῆς</span> <span class='ocrx_word' id='word_1_210' title='bbox 1234 2298 1328 2350; x_wconf 73' lang='grc' dir='ltr'>καὶ</span> <span class='ocrx_word' id='word_1_211' title='bbox 1361 2299 1747 2369; x_wconf 84' lang='grc' dir='ltr'>μαθηματικῆς</span> 
     </span>
    </p>
   </div>
   <div class='ocr_carea' id='block_1_30' title="bbox 177 2387 1746 2461">
    <p class='ocr_par' dir='ltr' id='par_1_30' title="bbox 177 2387 1746 2461">
     <span class='ocr_line' id='line_1_30' title="bbox 177 2387 1746 2461; baseline 0.001 -20"><span class='ocrx_word' id='word_1_212' title='bbox 177 2389 379 2459; x_wconf 78' lang='grc' dir='ltr'>πείρας</span> <span class='ocrx_word' id='word_1_213' title='bbox 416 2387 801 2458; x_wconf 65' lang='grc' dir='ltr'>ἀποφήνασθαι</span> <span class='ocrx_word' id='word_1_214' title='bbox 839 2387 980 2441; x_wconf 85' lang='grc' dir='ltr'>κατὰ</span> <span class='ocrx_word' id='word_1_215' title='bbox 1012 2389 1113 2459; x_wconf 84' lang='grc' dir='ltr'><strong>τῆς</strong></span> <span class='ocrx_word' id='word_1_216' title='bbox 1159 2388 1544 2453; x_wconf 82' lang='grc' dir='ltr'>ταπεινώσεως</span> <span class='ocrx_word' id='word_1_217' title='bbox 1587 2389 1746 2461; x_wconf 83' lang='grc' dir='ltr'>ήμῶν</span> 
     </span>
    </p>
   </div>
   <div class='ocr_carea' id='block_1_31' title="bbox 175 2478 1746 2552">
    <p class='ocr_par' dir='ltr' id='par_1_31' title="bbox 175 2478 1746 2552">
     <span class='ocr_line' id='line_1_31' title="bbox 175 2478 1746 2552; baseline 0.003 -20"><span class='ocrx_word' id='word_1_218' title='bbox 175 2480 606 2548; x_wconf 78' lang='grc' dir='ltr'>ἀποσχοινισμδν</span> <span class='ocrx_word' id='word_1_219' title='bbox 660 2482 758 2549; x_wconf 87' lang='grc' dir='ltr'>τῆς</span> <span class='ocrx_word' id='word_1_220' title='bbox 799 2478 922 2532; x_wconf 84' lang='grc' dir='ltr'>καθ’</span> <span class='ocrx_word' id='word_1_221' title='bbox 951 2482 1101 2550; x_wconf 81' lang='grc' dir='ltr'>ἡμᾶς</span> <span class='ocrx_word' id='word_1_222' title='bbox 1135 2482 1488 2552; x_wconf 80' lang='grc' dir='ltr'>Ἐκκλησίας,</span> <span class='ocrx_word' id='word_1_223' title='bbox 1523 2484 1617 2536; x_wconf 71' lang='grc' dir='ltr'><strong>καὶ</strong></span> <span class='ocrx_word' id='word_1_224' title='bbox 1659 2483 1746 2536; x_wconf 85' lang='grc' dir='ltr'>διὰ</span> 
     </span>
    </p>
   </div>
   <div class='ocr_carea' id='block_1_32' title="bbox 171 2569 1744 2641">
    <p class='ocr_par' dir='ltr' id='par_1_32' title="bbox 171 2569 1744 2641">
     <span class='ocr_line' id='line_1_32' title="bbox 171 2569 1744 2641; baseline 0.002 -20"><span class='ocrx_word' id='word_1_225' title='bbox 171 2569 333 2622; x_wconf 90' lang='grc' dir='ltr'>τοῦτο</span> <span class='ocrx_word' id='word_1_226' title='bbox 391 2571 839 2639; x_wconf 80' lang='grc' dir='ltr'>ἀναθεματισμόν</span> <span class='ocrx_word' id='word_1_227' title='bbox 871 2587 886 2635; x_wconf 86' lang='grc'>;</span> <span class='ocrx_word' id='word_1_228' title='bbox 919 2573 1188 2639; x_wconf 83' lang='grc' dir='ltr'>Πρόσεχε</span> <span class='ocrx_word' id='word_1_229' title='bbox 1227 2571 1486 2637; x_wconf 83' lang='grc' dir='ltr'>σεαυτῷ,</span> <span class='ocrx_word' id='word_1_230' title='bbox 1521 2573 1688 2641; x_wconf 66' lang='grc' dir='ltr'>φησιν</span> <span class='ocrx_word' id='word_1_231' title='bbox 1717 2572 1744 2624; x_wconf 88' lang='grc' dir='ltr'>ὁ</span> 
     </span>
    </p>
   </div>
   <div class='ocr_carea' id='block_1_33' title="bbox 169 2661 1743 2732">
    <p class='ocr_par' dir='ltr' id='par_1_33' title="bbox 169 2661 1743 2732">
     <span class='ocr_line' id='line_1_33' title="bbox 169 2661 1743 2732; baseline 0.001 -20"><span class='ocrx_word' id='word_1_232' title='bbox 169 2661 350 2730; x_wconf 87' lang='grc' dir='ltr'>λόγος·</span> <span class='ocrx_word' id='word_1_233' title='bbox 377 2663 494 2726; x_wconf 73' lang='grc' dir='ltr'>καὶ,</span> <span class='ocrx_word' id='word_1_234' title='bbox 529 2663 675 2730; x_wconf 76' lang='grc' dir='ltr'><strong>Πρὶν</strong></span> <span class='ocrx_word' id='word_1_235' title='bbox 714 2661 1043 2729; x_wconf 78' lang='grc' dir='ltr'>ἐξετάσεις,</span> <span class='ocrx_word' id='word_1_236' title='bbox 1070 2662 1154 2731; x_wconf 80' lang='grc' dir='ltr'>μὴ</span> <span class='ocrx_word' id='word_1_237' title='bbox 1177 2663 1409 2732; x_wconf 76' lang='grc' dir='ltr'>μέμ-ψῃ·</span> <span class='ocrx_word' id='word_1_238' title='bbox 1438 2663 1552 2727; x_wconf 69' lang='grc' dir='ltr'>καὶ,</span> <span class='ocrx_word' id='word_1_239' title='bbox 1581 2661 1743 2729; x_wconf 86' lang='grc' dir='ltr'>Πρῶ-</span> 
     </span>
    </p>
   </div>
   <div class='ocr_carea' id='block_1_34' title="bbox 169 2752 1745 2823">
    <p class='ocr_par' dir='ltr' id='par_1_34' title="bbox 169 2752 1745 2823">
     <span class='ocr_line' id='line_1_34' title="bbox 169 2752 1745 2823; baseline 0 -19"><span class='ocrx_word' id='word_1_240' title='bbox 169 2768 281 2806; x_wconf 76' lang='grc' dir='ltr'>τον</span> <span class='ocrx_word' id='word_1_241' title='bbox 349 2754 598 2818; x_wconf 79' lang='grc' dir='ltr'>νόησον,</span> <span class='ocrx_word' id='word_1_242' title='bbox 630 2752 728 2805; x_wconf 75' lang='grc' dir='ltr'><strong>καί</strong></span> <span class='ocrx_word' id='word_1_243' title='bbox 792 2755 927 2806; x_wconf 83' lang='grc' dir='ltr'>τότε</span> <span class='ocrx_word' id='word_1_244' title='bbox 966 2754 1226 2822; x_wconf 73' lang='grc' dir='ltr'>ἐπίτιμα.</span> <span class='ocrx_word' id='word_1_245' title='bbox 1266 2753 1412 2822; x_wconf 78' lang='grc' dir='ltr'><strong>Αὐτὴ</strong></span> <span class='ocrx_word' id='word_1_246' title='bbox 1471 2753 1523 2804; x_wconf 81' lang='grc' dir='ltr'>δὲ</span> <span class='ocrx_word' id='word_1_247' title='bbox 1583 2753 1745 2823; x_wconf 79' lang='grc' dir='ltr'>μηδὲν</span> 
     </span>
    </p>
   </div>
   <div class='ocr_carea' id='block_1_35' title="bbox 169 2845 1743 2914">
    <p class='ocr_par' dir='ltr' id='par_1_35' title="bbox 169 2845 1743 2914">
     <span class='ocr_line' id='line_1_35' title="bbox 169 2845 1743 2914; baseline -0.001 -18"><span class='ocrx_word' id='word_1_248' title='bbox 169 2845 382 2896; x_wconf 83' lang='grc' dir='ltr'>τούτων</span> <span class='ocrx_word' id='word_1_249' title='bbox 432 2845 910 2913; x_wconf 86' lang='grc' dir='ltr'>παρατηρήσασα,</span> <span class='ocrx_word' id='word_1_250' title='bbox 973 2845 1110 2914; x_wconf 82' lang='grc' dir='ltr'>μηδὲ</span> <span class='ocrx_word' id='word_1_251' title='bbox 1174 2845 1607 2914; x_wconf 83' lang='grc' dir='ltr'>ὑπολογισαμένη</span> <span class='ocrx_word' id='word_1_252' title='bbox 1663 2847 1743 2898; x_wconf 84' lang='grc' dir='ltr'>ὅτι</span> 
     </span>
    </p>
   </div>
   <div class='ocr_carea' id='block_1_36' title="bbox 168 2933 1745 3004">
    <p class='ocr_par' dir='ltr' id='par_1_36' title="bbox 168 2933 1745 3004">
     <span class='ocr_line' id='line_1_36' title="bbox 168 2933 1745 3004; baseline 0.001 -20"><span class='ocrx_word' id='word_1_253' title='bbox 168 2933 438 3002; x_wconf 83' lang='grc' dir='ltr'>πρόσεστι</span> <span class='ocrx_word' id='word_1_254' title='bbox 470 2933 563 2985; x_wconf 71' lang='grc' dir='ltr'>καὶ</span> <span class='ocrx_word' id='word_1_255' title='bbox 593 2935 723 3002; x_wconf 80' lang='grc' dir='ltr'>ἡμῖν</span> <span class='ocrx_word' id='word_1_256' title='bbox 749 2935 965 2998; x_wconf 88' lang='grc' dir='ltr'>πάντως</span> <span class='ocrx_word' id='word_1_257' title='bbox 991 2935 1053 2988; x_wconf 83' lang='grc' dir='ltr'><strong>τὸ</strong></span> <span class='ocrx_word' id='word_1_258' title='bbox 1081 2937 1225 2990; x_wconf 83' lang='grc' dir='ltr'>κατὰ</span> <span class='ocrx_word' id='word_1_259' title='bbox 1255 2936 1411 3004; x_wconf 91' lang='grc' dir='ltr'>λόγον</span> <span class='ocrx_word' id='word_1_260' title='bbox 1439 2936 1618 3002; x_wconf 85' lang='grc' dir='ltr'>λέγειν</span> <span class='ocrx_word' id='word_1_261' title='bbox 1650 2936 1745 2987; x_wconf 76' lang='grc' dir='ltr'>καὶ</span> 
     </span>
    </p>
   </div>
   <div class='ocr_carea' id='block_1_37' title="bbox 172 3021 1750 3096">
    <p class='ocr_par' dir='ltr' id='par_1_37' title="bbox 172 3021 1744 3096">
     <span class='ocr_line' id='line_1_37' title="bbox 172 3021 1744 3096; baseline 0.003 -21"><span class='ocrx_word' id='word_1_262' title='bbox 172 3024 440 3093; x_wconf 86' lang='grc' dir='ltr'>πράττειν</span> <span class='ocrx_word' id='word_1_263' title='bbox 464 3038 477 3051; x_wconf 78' lang='grc'><strong><em>⁸</em></strong></span> <span class='ocrx_word' id='word_1_264' title='bbox 499 3021 671 3086; x_wconf 80' lang='grc' dir='ltr'>οὕτως</span> <span class='ocrx_word' id='word_1_265' title='bbox 692 3023 768 3087; x_wconf 86' lang='grc' dir='ltr'>ὡς</span> <span class='ocrx_word' id='word_1_266' title='bbox 791 3026 1138 3088; x_wconf 84' lang='grc' dir='ltr'>ἀπαιδεύτοις</span> <span class='ocrx_word' id='word_1_267' title='bbox 1161 3027 1255 3080; x_wconf 80' lang='grc' dir='ltr'>καὶ</span> <span class='ocrx_word' id='word_1_268' title='bbox 1282 3027 1494 3094; x_wconf 84' lang='grc' dir='ltr'>ἀλόγοις</span> <span class='ocrx_word' id='word_1_269' title='bbox 1520 3027 1612 3079; x_wconf 65' lang='grc' dir='ltr'><strong>καὶ</strong></span> <span class='ocrx_word' id='word_1_270' title='bbox 1646 3027 1744 3096; x_wconf 74' lang='grc' dir='ltr'><strong>ἀρ⁴</strong></span> 
     </span>
    </p>
   </div>
   <div class='ocr_carea' id='block_1_38' title="bbox 1853 3021 2870 3096">
    <p class='ocr_par' dir='ltr' id='par_1_38' title="bbox 1853 3025 2870 3094">
     <span class='ocr_line' id='line_1_38' title="bbox 1853 3025 2870 3094; baseline 0 -17"><span class='ocrx_word' id='word_1_271' title='bbox 1853 3027 2051 3080; x_wconf 84' lang='lat' dir='ltr'><strong>tirones</strong></span> <span class='ocrx_word' id='word_1_272' title='bbox 2099 3042 2161 3082; x_wconf 89' lang='lat' dir='ltr'><strong>ac</strong></span> <span class='ocrx_word' id='word_1_273' title='bbox 2213 3025 2464 3086; x_wconf 90' lang='lat' dir='ltr'><strong>novitios,</strong></span> <span class='ocrx_word' id='word_1_274' title='bbox 2514 3025 2806 3094; x_wconf 86' lang='lat' dir='ltr'><strong>increpasti</strong></span> <span class='ocrx_word' id='word_1_275' title='bbox 2857 3043 2870 3077; x_wconf 91' lang='lat'><strong>:</strong></span> 
     </span>
    </p>
   </div>
   <div class='ocr_carea' id='block_1_39' title="bbox 167 3112 1752 3189">
    <p class='ocr_par' dir='ltr' id='par_1_39' title="bbox 167 3112 1752 3189">
     <span class='ocr_line' id='line_1_39' title="bbox 167 3112 1752 3189; baseline 0.003 -23"><span class='ocrx_word' id='word_1_276' title='bbox 167 3112 482 3180; x_wconf 83' lang='grc' dir='ltr'>τιγεύστοις</span> <span class='ocrx_word' id='word_1_277' title='bbox 510 3113 609 3182; x_wconf 82' lang='grc' dir='ltr'>τῆς</span> <span class='ocrx_word' id='word_1_278' title='bbox 634 3116 927 3185; x_wconf 82' lang='grc' dir='ltr'>μοναδικῆς</span> <span class='ocrx_word' id='word_1_279' title='bbox 949 3115 1242 3179; x_wconf 79' lang='grc' dir='ltr'>πολιτείας,</span> <span class='ocrx_word' id='word_1_280' title='bbox 1266 3117 1360 3170; x_wconf 70' lang='grc' dir='ltr'>καὶ</span> <span class='ocrx_word' id='word_1_281' title='bbox 1373 3119 1430 3169; x_wconf 81' lang='grc' dir='ltr'>ὲν</span> <span class='ocrx_word' id='word_1_282' title='bbox 1453 3119 1752 3189; x_wconf 81' lang='grc' dir='ltr'>μαθητευθ-</span> 
     </span>
    </p>
   </div>
   <div class='ocr_carea' id='block_1_40' title="bbox 174 3204 1753 3277">
    <p class='ocr_par' dir='ltr' id='par_1_40' title="bbox 174 3204 1753 3277">
     <span class='ocr_line' id='line_1_40' title="bbox 174 3204 1753 3277; baseline 0.004 -21"><span class='ocrx_word' id='word_1_283' title='bbox 174 3205 360 3273; x_wconf 82' lang='grc' dir='ltr'>μένοις</span> <span class='ocrx_word' id='word_1_284' title='bbox 378 3204 622 3258; x_wconf 79' lang='grc' dir='ltr'>τελοῦσιν</span> <span class='ocrx_word' id='word_1_285' title='bbox 654 3207 1018 3277; x_wconf 74' lang='grc' dir='ltr'>ἐπετίμησας·</span> <span class='ocrx_word' id='word_1_286' title='bbox 1043 3209 1136 3260; x_wconf 74' lang='grc' dir='ltr'><strong>καὶ</strong></span> <span class='ocrx_word' id='word_1_287' title='bbox 1156 3209 1214 3260; x_wconf 88' lang='grc' dir='ltr'><strong>οὐ</strong></span> <span class='ocrx_word' id='word_1_288' title='bbox 1237 3208 1396 3276; x_wconf 88' lang='grc' dir='ltr'>μόνον</span> <span class='ocrx_word' id='word_1_289' title='bbox 1412 3209 1588 3274; x_wconf 88' lang='grc' dir='ltr'>τοῦτο,</span> <span class='ocrx_word' id='word_1_290' title='bbox 1618 3210 1753 3263; x_wconf 89' lang='grc' dir='ltr'><strong>ἀλλά</strong></span> 
     </span>
    </p>
   </div>
   <div class='ocr_carea' id='block_1_41' title="bbox 169 3295 1751 3370">
    <p class='ocr_par' dir='ltr' id='par_1_41' title="bbox 169 3295 1751 3370">
     <span class='ocr_line' id='line_1_41' title="bbox 169 3295 1751 3370; baseline 0.004 -23"><span class='ocrx_word' id='word_1_291' title='bbox 169 3296 272 3348; x_wconf 73' lang='grc' dir='ltr'>καὶ</span> <span class='ocrx_word' id='word_1_292' title='bbox 303 3295 644 3364; x_wconf 79' lang='grc' dir='ltr'>ἐπέπληξας.</span> <span class='ocrx_word' id='word_1_293' title='bbox 668 3299 779 3350; x_wconf 76' lang='grc' dir='ltr'><strong>Καὶ</strong></span> <span class='ocrx_word' id='word_1_294' title='bbox 828 3297 944 3351; x_wconf 80' lang='grc' dir='ltr'>εἴθε</span> <span class='ocrx_word' id='word_1_295' title='bbox 971 3299 1130 3352; x_wconf 88' lang='grc' dir='ltr'>τοῦτο</span> <span class='ocrx_word' id='word_1_296' title='bbox 1154 3318 1165 3328; x_wconf 92' lang='grc'><strong>·</strong></span> <span class='ocrx_word' id='word_1_297' title='bbox 1191 3300 1327 3353; x_wconf 85' lang='grc' dir='ltr'><strong>ἀλλά</strong></span> <span class='ocrx_word' id='word_1_298' title='bbox 1356 3303 1451 3354; x_wconf 78' lang='grc' dir='ltr'><strong>καὶ</strong></span> <span class='ocrx_word' id='word_1_299' title='bbox 1473 3302 1634 3354; x_wconf 87' lang='grc' dir='ltr'>ἀναθε</span> <span class='ocrx_word' id='word_1_300' title='bbox 1646 3319 1751 3370; x_wconf 86' lang='grc' dir='ltr'>μα-</span> 
     </span>
    </p>
   </div>
   <div class='ocr_carea' id='block_1_42' title="bbox 168 3385 1752 3459">
    <p class='ocr_par' dir='ltr' id='par_1_42' title="bbox 168 3385 1752 3459">
     <span class='ocr_line' id='line_1_42' title="bbox 168 3385 1752 3459; baseline 0.003 -22"><span class='ocrx_word' id='word_1_301' title='bbox 168 3385 356 3455; x_wconf 86' lang='grc' dir='ltr'>τισμῷ</span> <span class='ocrx_word' id='word_1_302' title='bbox 378 3386 763 3457; x_wconf 77' lang='grc' dir='ltr'>παρέπεμψας.</span> <span class='ocrx_word' id='word_1_303' title='bbox 789 3389 900 3442; x_wconf 76' lang='grc' dir='ltr'>Καὶ</span> <span class='ocrx_word' id='word_1_304' title='bbox 917 3387 1018 3458; x_wconf 88' lang='grc' dir='ltr'><strong>φεῦ</strong></span> <span class='ocrx_word' id='word_1_305' title='bbox 1046 3390 1114 3442; x_wconf 85' lang='grc' dir='ltr'>τὰ</span> <span class='ocrx_word' id='word_1_306' title='bbox 1143 3390 1250 3442; x_wconf 84' lang='grc' dir='ltr'><strong>τῶν</strong></span> <span class='ocrx_word' id='word_1_307' title='bbox 1276 3390 1597 3459; x_wconf 79' lang='grc' dir='ltr'>ἀνθρώπωνι</span> <span class='ocrx_word' id='word_1_308' title='bbox 1632 3389 1752 3452; x_wconf 86' lang='grc' dir='ltr'><strong>Πῶς</strong></span> 
     </span>
    </p>
   </div>
   <div class='ocr_carea' id='block_1_43' title="bbox 170 3475 1754 3548">
    <p class='ocr_par' dir='ltr' id='par_1_43' title="bbox 170 3475 1754 3548">
     <span class='ocr_line' id='line_1_43' title="bbox 170 3475 1754 3548; baseline 0.001 -22"><span class='ocrx_word' id='word_1_309' title='bbox 170 3475 276 3526; x_wconf 69' lang='grc' dir='ltr'>οὐκ</span> <span class='ocrx_word' id='word_1_310' title='bbox 306 3476 399 3526; x_wconf 73' lang='grc' dir='ltr'>ἐπὶ</span> <span class='ocrx_word' id='word_1_311' title='bbox 431 3476 565 3529; x_wconf 80' lang='grc' dir='ltr'>πολὺ</span> <span class='ocrx_word' id='word_1_312' title='bbox 583 3476 868 3540; x_wconf 75' lang='grc' dir='ltr'>διασώζεις</span> <span class='ocrx_word' id='word_1_313' title='bbox 905 3478 1032 3541; x_wconf 85' lang='grc' dir='ltr'>τοὺς</span> <span class='ocrx_word' id='word_1_314' title='bbox 1058 3481 1158 3548; x_wconf 77' lang='grc' dir='ltr'><strong>τῆς</strong></span> <span class='ocrx_word' id='word_1_315' title='bbox 1180 3479 1361 3546; x_wconf 87' lang='grc' dir='ltr'>φιλίας</span> <span class='ocrx_word' id='word_1_316' title='bbox 1385 3480 1754 3547; x_wconf 83' lang='grc' dir='ltr'>ὃρουςάμετα-</span> 
     </span>
    </p>
   </div>
   <div class='ocr_carea' id='block_1_44' title="bbox 172 3567 1751 3646">
    <p class='ocr_par' dir='ltr' id='par_1_44' title="bbox 172 3567 1751 3646">
     <span class='ocr_line' id='line_1_44' title="bbox 172 3567 1751 3646; baseline 0.001 -27"><span class='ocrx_word' id='word_1_317' title='bbox 172 3567 474 3635; x_wconf 84' lang='grc' dir='ltr'>κινήτους;</span> <span class='ocrx_word' id='word_1_318' title='bbox 508 3569 556 3621; x_wconf 83' lang='grc' dir='ltr'><strong>εί</strong></span> <span class='ocrx_word' id='word_1_319' title='bbox 607 3568 714 3639; x_wconf 79' lang='grc' dir='ltr'>γὰρ</span> <span class='ocrx_word' id='word_1_320' title='bbox 755 3569 917 3622; x_wconf 91' lang='grc' dir='ltr'>τοῦτο</span> <span class='ocrx_word' id='word_1_321' title='bbox 963 3570 1178 3640; x_wconf 79' lang='grc' dir='ltr'>ὑπῆρχε</span> <span class='ocrx_word' id='word_1_322' title='bbox 1223 3573 1287 3640; x_wconf 84' lang='grc' dir='ltr'>τῇ</span> <span class='ocrx_word' id='word_1_323' title='bbox 1341 3569 1615 3646; x_wconf 85' lang='grc' dir='ltr'>τιμιότητί</span> <span class='ocrx_word' id='word_1_324' title='bbox 1659 3586 1751 3621; x_wconf 94' lang='grc' dir='ltr'><strong>σου</strong></span> 
     </span>
    </p>
   </div>
   <div class='ocr_carea' id='block_1_45' title="bbox 170 3657 1753 3729">
    <p class='ocr_par' dir='ltr' id='par_1_45' title="bbox 170 3657 1753 3729">
     <span class='ocr_line' id='line_1_45' title="bbox 170 3657 1753 3729; baseline 0.002 -19"><span class='ocrx_word' id='word_1_325' title='bbox 170 3657 505 3726; x_wconf 76' lang='grc' dir='ltr'>ἀκραιφνὲς,</span> <span class='ocrx_word' id='word_1_326' title='bbox 539 3659 640 3711; x_wconf 74' lang='grc' dir='ltr'><strong>οὐκ</strong></span> <span class='ocrx_word' id='word_1_327' title='bbox 671 3658 735 3712; x_wconf 84' lang='grc' dir='ltr'><strong>ἀν</strong></span> <span class='ocrx_word' id='word_1_328' title='bbox 765 3659 939 3722; x_wconf 79' lang='grc' dir='ltr'>οὕτως</span> <span class='ocrx_word' id='word_1_329' title='bbox 992 3661 1321 3729; x_wconf 87' lang='grc' dir='ltr'>άπροόπτως</span> <span class='ocrx_word' id='word_1_330' title='bbox 1354 3660 1452 3729; x_wconf 82' lang='grc' dir='ltr'><strong>τὴν</strong></span> <span class='ocrx_word' id='word_1_331' title='bbox 1474 3659 1753 3713; x_wconf 83' lang='grc' dir='ltr'>εὐτέλειαν</span> 
     </span>
    </p>
   </div>
   <div class='ocr_carea' id='block_1_46' title="bbox 169 3747 1756 3818">
    <p class='ocr_par' dir='ltr' id='par_1_46' title="bbox 169 3747 1756 3818">
     <span class='ocr_line' id='line_1_46' title="bbox 169 3747 1756 3818; baseline 0.002 -18"><span class='ocrx_word' id='word_1_332' title='bbox 169 3748 206 3816; x_wconf 82' lang='grc' dir='ltr'>ἡ</span> <span class='ocrx_word' id='word_1_333' title='bbox 218 3747 336 3816; x_wconf 84' lang='grc' dir='ltr'><strong>μῶν</strong></span> <span class='ocrx_word' id='word_1_334' title='bbox 367 3751 781 3817; x_wconf 82' lang='grc' dir='ltr'>κατεκερτόμει.</span> <span class='ocrx_word' id='word_1_335' title='bbox 811 3750 958 3818; x_wconf 81' lang='grc' dir='ltr'>Πλὴν</span> <span class='ocrx_word' id='word_1_336' title='bbox 986 3749 1127 3812; x_wconf 80' lang='grc' dir='ltr'>άξιοι</span> <span class='ocrx_word' id='word_1_337' title='bbox 1176 3748 1285 3802; x_wconf 85' lang='grc' dir='ltr'><strong>τῶν</strong></span> <span class='ocrx_word' id='word_1_338' title='bbox 1331 3750 1595 3805; x_wconf 82' lang='grc' dir='ltr'>τοιούτων</span> <span class='ocrx_word' id='word_1_339' title='bbox 1618 3768 1630 3782; x_wconf 88' lang='grc'><strong>·</strong></span> <span class='ocrx_word' id='word_1_340' title='bbox 1660 3752 1756 3804; x_wconf 75' lang='grc' dir='ltr'><strong>καὶ</strong></span> 
     </span>
    </p>
   </div>
   <div class='ocr_carea' id='block_1_47' title="bbox 168 3837 1754 3912">
    <p class='ocr_par' dir='ltr' id='par_1_47' title="bbox 168 3837 1754 3912">
     <span class='ocr_line' id='line_1_47' title="bbox 168 3837 1754 3912; baseline 0.004 -24"><span class='ocrx_word' id='word_1_341' title='bbox 168 3837 235 3889; x_wconf 83' lang='grc' dir='ltr'>οὐ</span> <span class='ocrx_word' id='word_1_342' title='bbox 276 3837 593 3906; x_wconf 77' lang='grc' dir='ltr'>θαυμαστὸν</span> <span class='ocrx_word' id='word_1_343' title='bbox 652 3839 699 3889; x_wconf 86' lang='grc' dir='ltr'><strong>εί</strong></span> <span class='ocrx_word' id='word_1_344' title='bbox 745 3838 840 3890; x_wconf 72' lang='grc' dir='ltr'>καὶ</span> <span class='ocrx_word' id='word_1_345' title='bbox 912 3838 1016 3890; x_wconf 78' lang='grc' dir='ltr'><strong>ὑπὸ</strong></span> <span class='ocrx_word' id='word_1_346' title='bbox 1086 3839 1187 3908; x_wconf 82' lang='grc' dir='ltr'>τῆς</span> <span class='ocrx_word' id='word_1_347' title='bbox 1250 3841 1431 3909; x_wconf 83' lang='grc' dir='ltr'>φιλίας</span> <span class='ocrx_word' id='word_1_348' title='bbox 1488 3858 1578 3893; x_wconf 90' lang='grc' dir='ltr'><strong>σου</strong></span> <span class='ocrx_word' id='word_1_349' title='bbox 1620 3859 1754 3912; x_wconf 88' lang='grc' dir='ltr'>προ-</span> 
     </span>
    </p>
   </div>
   <div class='ocr_carea' id='block_1_48' title="bbox 171 3926 1754 4002">
    <p class='ocr_par' dir='ltr' id='par_1_48' title="bbox 171 3926 1754 4002">
     <span class='ocr_line' id='line_1_48' title="bbox 171 3926 1754 4002; baseline 0.003 -22"><span class='ocrx_word' id='word_1_350' title='bbox 171 3927 624 3998; x_wconf 76' lang='grc' dir='ltr'>πηλακιζόμεθα.</span> <span class='ocrx_word' id='word_1_351' title='bbox 669 3926 863 3996; x_wconf 82' lang='grc' dir='ltr'>Ἡμεῖς</span> <span class='ocrx_word' id='word_1_352' title='bbox 907 3927 966 3981; x_wconf 87' lang='grc' dir='ltr'>δὲ</span> <span class='ocrx_word' id='word_1_353' title='bbox 995 3932 1023 3982; x_wconf 87' lang='grc' dir='ltr'><strong>ὂ</strong></span> <span class='ocrx_word' id='word_1_354' title='bbox 1053 3931 1224 4000; x_wconf 74' lang='grc' dir='ltr'>ἐσμεν</span> <span class='ocrx_word' id='word_1_355' title='bbox 1249 3971 1264 3996; x_wconf 90' lang='grc'><strong>,</strong></span> <span class='ocrx_word' id='word_1_356' title='bbox 1296 3931 1413 4002; x_wconf 85' lang='grc' dir='ltr'><strong>Θεῷ</strong></span> <span class='ocrx_word' id='word_1_357' title='bbox 1444 3933 1543 4001; x_wconf 81' lang='grc' dir='ltr'>μὲν</span> <span class='ocrx_word' id='word_1_358' title='bbox 1575 3949 1754 4000; x_wconf 84' lang='grc' dir='ltr'>πεφα-</span> 
     </span>
    </p>
   </div>
   <div class='ocr_carea' id='block_1_49' title="bbox 171 4018 1756 4092">
    <p class='ocr_par' dir='ltr' id='par_1_49' title="bbox 171 4018 1756 4092">
     <span class='ocr_line' id='line_1_49' title="bbox 171 4018 1756 4092; baseline 0.004 -21"><span class='ocrx_word' id='word_1_359' title='bbox 171 4019 506 4090; x_wconf 89' lang='grc' dir='ltr'>νερώμεθα·</span> <span class='ocrx_word' id='word_1_360' title='bbox 539 4019 748 4073; x_wconf 87' lang='grc' dir='ltr'>δίκαιον</span> <span class='ocrx_word' id='word_1_361' title='bbox 799 4018 857 4072; x_wconf 83' lang='grc' dir='ltr'>δὲ</span> <span class='ocrx_word' id='word_1_362' title='bbox 921 4021 1018 4075; x_wconf 80' lang='grc' dir='ltr'>καὶ</span> <span class='ocrx_word' id='word_1_363' title='bbox 1071 4024 1140 4092; x_wconf 78' lang='grc' dir='ltr'>τῇ</span> <span class='ocrx_word' id='word_1_364' title='bbox 1191 4023 1408 4076; x_wconf 83' lang='grc' dir='ltr'>συνέσει</span> <span class='ocrx_word' id='word_1_365' title='bbox 1468 4039 1582 4085; x_wconf 85' lang='grc' dir='ltr'>σου,</span> <span class='ocrx_word' id='word_1_366' title='bbox 1619 4024 1756 4077; x_wconf 78' lang='grc' dir='ltr'>ἐπὰν</span> 
     </span>
    </p>
   </div>
   <div class='ocr_carea' id='block_1_50' title="bbox 169 4111 1757 4185">
    <p class='ocr_par' dir='ltr' id='par_1_50' title="bbox 169 4111 1757 4185">
     <span class='ocr_line' id='line_1_50' title="bbox 169 4111 1757 4185; baseline 0.003 -22"><span class='ocrx_word' id='word_1_367' title='bbox 169 4111 496 4184; x_wconf 82' lang='grc' dir='ltr'>προσκόπτῃ</span> <span class='ocrx_word' id='word_1_368' title='bbox 510 4111 600 4165; x_wconf 74' lang='grc' dir='ltr'><strong>καὶ</strong></span> <span class='ocrx_word' id='word_1_369' title='bbox 618 4111 1062 4182; x_wconf 78' lang='grc' dir='ltr'>σκανδαλίζηται,</span> <span class='ocrx_word' id='word_1_370' title='bbox 1081 4113 1434 4184; x_wconf 84' lang='grc' dir='ltr'>ὲπιδηλῶσαι.</span> <span class='ocrx_word' id='word_1_371' title='bbox 1455 4115 1571 4168; x_wconf 75' lang='grc' dir='ltr'>Οὐκ</span> <span class='ocrx_word' id='word_1_372' title='bbox 1591 4115 1757 4185; x_wconf 80' lang='grc' dir='ltr'>ἐσμὲν</span> 
     </span>
    </p>
   </div>
   <div class='ocr_carea' id='block_1_51' title="bbox 171 4198 1753 4278">
    <p class='ocr_par' dir='ltr' id='par_1_51' title="bbox 171 4198 1753 4278">
     <span class='ocr_line' id='line_1_51' title="bbox 171 4198 1753 4278; baseline 0.002 -22"><span class='ocrx_word' id='word_1_373' title='bbox 171 4205 522 4273; x_wconf 75' lang='grc' dir='ltr'>ἀποσχισταὶ,</span> <span class='ocrx_word' id='word_1_374' title='bbox 556 4198 602 4260; x_wconf 80' lang='grc' dir='ltr'><strong>ὦ</strong></span> <span class='ocrx_word' id='word_1_375' title='bbox 641 4204 932 4275; x_wconf 82' lang='grc' dir='ltr'>θαυμάσιε,</span> <span class='ocrx_word' id='word_1_376' title='bbox 958 4205 1058 4275; x_wconf 81' lang='grc' dir='ltr'>τῆς</span> <span class='ocrx_word' id='word_1_377' title='bbox 1089 4204 1182 4258; x_wconf 86' lang='grc' dir='ltr'><strong>τοῦ</strong></span> <span class='ocrx_word' id='word_1_378' title='bbox 1213 4205 1347 4259; x_wconf 89' lang='grc' dir='ltr'>Θεοῦ</span> <span class='ocrx_word' id='word_1_379' title='bbox 1396 4205 1716 4278; x_wconf 86' lang='grc' dir='ltr'>Ἐκκλησίας</span> <span class='ocrx_word' id='word_1_380' title='bbox 1737 4222 1753 4238; x_wconf 89' lang='grc'><strong>·</strong></span> 
     </span>
    </p>
   </div>
   <div class='ocr_carea' id='block_1_52' title="bbox 177 4292 1757 4368">
    <p class='ocr_par' dir='ltr' id='par_1_52' title="bbox 177 4292 1757 4368">
     <span class='ocr_line' id='line_1_52' title="bbox 177 4292 1757 4368; baseline 0.001 -20"><span class='ocrx_word' id='word_1_381' title='bbox 177 4297 391 4366; x_wconf 82' lang='grc' dir='ltr'>μήποτε</span> <span class='ocrx_word' id='word_1_382' title='bbox 413 4298 568 4350; x_wconf 92' lang='grc' dir='ltr'>τοῦτο</span> <span class='ocrx_word' id='word_1_383' title='bbox 598 4298 891 4368; x_wconf 77' lang='grc' dir='ltr'>πάθοιμεν·</span> <span class='ocrx_word' id='word_1_384' title='bbox 925 4298 1039 4352; x_wconf 87' lang='grc' dir='ltr'>ἀλλ’</span> <span class='ocrx_word' id='word_1_385' title='bbox 1070 4300 1118 4351; x_wconf 88' lang='grc' dir='ltr'><strong>εί</strong></span> <span class='ocrx_word' id='word_1_386' title='bbox 1143 4300 1233 4353; x_wconf 72' lang='grc' dir='ltr'><strong>καὶ</strong></span> <span class='ocrx_word' id='word_1_387' title='bbox 1251 4292 1430 4361; x_wconf 68' lang='grc' dir='ltr'>’άλλως</span> <span class='ocrx_word' id='word_1_388' title='bbox 1455 4302 1511 4352; x_wconf 82' lang='grc' dir='ltr'>ὲν</span> <span class='ocrx_word' id='word_1_389' title='bbox 1546 4299 1757 4363; x_wconf 84' lang='grc' dir='ltr'>πολλοῖς</span> 
     </span>
    </p>
   </div>
   <div class='ocr_carea' id='block_1_53' title="bbox 183 4388 1751 4459">
    <p class='ocr_par' dir='ltr' id='par_1_53' title="bbox 183 4388 1751 4459">
     <span class='ocr_line' id='line_1_53' title="bbox 183 4388 1751 4459; baseline 0.002 -20"><span class='ocrx_word' id='word_1_390' title='bbox 183 4389 552 4457; x_wconf 86' lang='grc' dir='ltr'>ἁμαρτήμασι</span> <span class='ocrx_word' id='word_1_391' title='bbox 581 4388 957 4458; x_wconf 85' lang='grc' dir='ltr'>τυγχάνομεν.</span> <span class='ocrx_word' id='word_1_392' title='bbox 1011 4389 1208 4459; x_wconf 69' lang='grc' dir='ltr'>ῗΟμως</span> <span class='ocrx_word' id='word_1_393' title='bbox 1254 4390 1536 4459; x_wconf 87' lang='grc' dir='ltr'>ὁμόσωμοι</span> <span class='ocrx_word' id='word_1_394' title='bbox 1583 4390 1751 4458; x_wconf 78' lang='grc' dir='ltr'>αὐτῆς</span> 
     </span>
    </p>
   </div>
   <div class='ocr_carea' id='block_1_54' title="bbox 177 4476 1755 4550">
    <p class='ocr_par' dir='ltr' id='par_1_54' title="bbox 177 4476 1755 4550">
     <span class='ocr_line' id='line_1_54' title="bbox 177 4476 1755 4550; baseline 0.003 -21"><span class='ocrx_word' id='word_1_395' title='bbox 177 4476 276 4529; x_wconf 71' lang='grc' dir='ltr'><strong>καὶ</strong></span> <span class='ocrx_word' id='word_1_396' title='bbox 296 4477 549 4545; x_wconf 82' lang='grc' dir='ltr'>τρόφιμοι</span> <span class='ocrx_word' id='word_1_397' title='bbox 569 4479 705 4545; x_wconf 83' lang='grc' dir='ltr'><strong>μετά</strong></span> <span class='ocrx_word' id='word_1_398' title='bbox 721 4478 828 4530; x_wconf 84' lang='grc' dir='ltr'><strong>τῶν</strong></span> <span class='ocrx_word' id='word_1_399' title='bbox 844 4479 1001 4532; x_wconf 90' lang='grc' dir='ltr'>θείων</span> <span class='ocrx_word' id='word_1_400' title='bbox 1015 4481 1318 4550; x_wconf 83' lang='grc' dir='ltr'>δογμάτων·</span> <span class='ocrx_word' id='word_1_401' title='bbox 1345 4483 1578 4545; x_wconf 72' lang='grc' dir='ltr'>καὶτοὺς</span> <span class='ocrx_word' id='word_1_402' title='bbox 1593 4484 1755 4534; x_wconf 78' lang='grc' dir='ltr'>κανόο</span> 
     </span>
    </p>
   </div>
   <div class='ocr_carea' id='block_1_55' title="bbox 176 4566 1717 4639">
    <p class='ocr_par' dir='ltr' id='par_1_55' title="bbox 176 4566 1717 4639">
     <span class='ocr_line' id='line_1_55' title="bbox 176 4566 1717 4639; baseline 0.005 -21"><span class='ocrx_word' id='word_1_403' title='bbox 176 4582 280 4628; x_wconf 87' lang='grc' dir='ltr'><strong>νας</strong></span> <span class='ocrx_word' id='word_1_404' title='bbox 306 4566 472 4635; x_wconf 84' lang='grc' dir='ltr'>αὐτῆς</span> <span class='ocrx_word' id='word_1_405' title='bbox 496 4568 592 4619; x_wconf 79' lang='grc' dir='ltr'><strong>καὶ</strong></span> <span class='ocrx_word' id='word_1_406' title='bbox 620 4567 981 4631; x_wconf 89' lang='grc' dir='ltr'>διατυπώσεις</span> <span class='ocrx_word' id='word_1_407' title='bbox 1002 4570 1300 4639; x_wconf 87' lang='grc' dir='ltr'>γλιχόμεθα</span> <span class='ocrx_word' id='word_1_408' title='bbox 1329 4571 1717 4637; x_wconf 84' lang='grc' dir='ltr'>φυλάττεσθαι.</span> 
     </span>
    </p>
   </div>
   <div class='ocr_carea' id='block_1_56' title="bbox 249 4655 1752 4735">
    <p class='ocr_par' dir='ltr' id='par_1_56' title="bbox 249 4655 1752 4735">
     <span class='ocr_line' id='line_1_56' title="bbox 249 4655 1752 4735; baseline 0.006 -28"><span class='ocrx_word' id='word_1_409' title='bbox 249 4655 326 4708; x_wconf 85' lang='grc' dir='ltr'><strong>Τὸ</strong></span> <span class='ocrx_word' id='word_1_410' title='bbox 355 4656 413 4708; x_wconf 82' lang='grc' dir='ltr'>δὲ</span> <span class='ocrx_word' id='word_1_411' title='bbox 454 4659 740 4726; x_wconf 85' lang='grc' dir='ltr'>ταράττειν</span> <span class='ocrx_word' id='word_1_412' title='bbox 773 4659 866 4711; x_wconf 78' lang='grc' dir='ltr'><strong>καὶ</strong></span> <span class='ocrx_word' id='word_1_413' title='bbox 914 4660 1232 4729; x_wconf 82' lang='grc' dir='ltr'>ἀποσχίζειν</span> <span class='ocrx_word' id='word_1_414' title='bbox 1277 4662 1370 4714; x_wconf 87' lang='grc' dir='ltr'>ἀπ’</span> <span class='ocrx_word' id='word_1_415' title='bbox 1419 4663 1616 4732; x_wconf 78' lang='grc' dir='ltr'>αὐτῆς,</span> <span class='ocrx_word' id='word_1_416' title='bbox 1651 4663 1752 4735; x_wconf 84' lang='grc' dir='ltr'>τὴν</span> 
     </span>
    </p>
   </div>
   <div class='ocr_carea' id='block_1_57' title="bbox 183 4745 1754 4824">
    <p class='ocr_par' dir='ltr' id='par_1_57' title="bbox 183 4745 1754 4824">
     <span class='ocr_line' id='line_1_57' title="bbox 183 4745 1754 4824; baseline 0.006 -27"><span class='ocrx_word' id='word_1_417' title='bbox 183 4745 458 4817; x_wconf 83' lang='grc' dir='ltr'>μηδεμίαν</span> <span class='ocrx_word' id='word_1_418' title='bbox 485 4747 718 4817; x_wconf 77' lang='grc' dir='ltr'>ἐχούσης</span> <span class='ocrx_word' id='word_1_419' title='bbox 745 4748 961 4818; x_wconf 83' lang='grc' dir='ltr'>ἀληθῶς</span> <span class='ocrx_word' id='word_1_420' title='bbox 1007 4750 1255 4820; x_wconf 85' lang='grc' dir='ltr'>κηλῖδαῆ</span> <span class='ocrx_word' id='word_1_421' title='bbox 1304 4753 1490 4824; x_wconf 76' lang='grc' dir='ltr'>ῥυτίδα</span> <span class='ocrx_word' id='word_1_422' title='bbox 1520 4755 1663 4808; x_wconf 89' lang='grc' dir='ltr'>κατά</span> <span class='ocrx_word' id='word_1_423' title='bbox 1695 4772 1754 4807; x_wconf 89' lang='grc' dir='ltr'><strong>τε</strong></span> 
     </span>
    </p>
   </div>
   <div class='ocr_carea' id='block_1_58' title="bbox 177 4837 1750 4915">
    <p class='ocr_par' dir='ltr' id='par_1_58' title="bbox 177 4837 1750 4915">
     <span class='ocr_line' id='line_1_58' title="bbox 177 4837 1750 4915; baseline 0.005 -25"><span class='ocrx_word' id='word_1_424' title='bbox 177 4837 276 4890; x_wconf 83' lang='grc' dir='ltr'><strong>τὸν</strong></span> <span class='ocrx_word' id='word_1_425' title='bbox 312 4837 409 4905; x_wconf 84' lang='grc' dir='ltr'>τῆς</span> <span class='ocrx_word' id='word_1_426' title='bbox 443 4837 682 4900; x_wconf 86' lang='grc' dir='ltr'>πίστεως</span> <span class='ocrx_word' id='word_1_427' title='bbox 725 4838 903 4907; x_wconf 89' lang='grc' dir='ltr'>λόγον,</span> <span class='ocrx_word' id='word_1_428' title='bbox 937 4841 1031 4893; x_wconf 71' lang='grc' dir='ltr'>καὶ</span> <span class='ocrx_word' id='word_1_429' title='bbox 1077 4842 1168 4894; x_wconf 81' lang='grc' dir='ltr'><strong>τὸν</strong></span> <span class='ocrx_word' id='word_1_430' title='bbox 1196 4842 1306 4895; x_wconf 85' lang='grc' dir='ltr'><strong>τῶν</strong></span> <span class='ocrx_word' id='word_1_431' title='bbox 1335 4845 1577 4898; x_wconf 89' lang='grc' dir='ltr'>κανόνων</span> <span class='ocrx_word' id='word_1_432' title='bbox 1605 4847 1750 4915; x_wconf 81' lang='grc' dir='ltr'>ὅρον,</span> 
     </span>
    </p>
   </div>
   <div class='ocr_carea' id='block_1_59' title="bbox 177 4928 1754 5006">
    <p class='ocr_par' dir='ltr' id='par_1_59' title="bbox 177 4928 1754 5006">
     <span class='ocr_line' id='line_1_59' title="bbox 177 4928 1754 5006; baseline 0.006 -27"><span class='ocrx_word' id='word_1_433' title='bbox 177 4928 282 4980; x_wconf 86' lang='grc' dir='ltr'>ἀπ’</span> <span class='ocrx_word' id='word_1_434' title='bbox 314 4928 486 4998; x_wconf 80' lang='grc' dir='ltr'>ἀρχῆς</span> <span class='ocrx_word' id='word_1_435' title='bbox 538 4929 733 4992; x_wconf 80' lang='grc' dir='ltr'>αἰῶνος</span> <span class='ocrx_word' id='word_1_436' title='bbox 784 4934 878 4983; x_wconf 83' lang='grc' dir='ltr'>καὶ</span> <span class='ocrx_word' id='word_1_437' title='bbox 931 4931 1092 5002; x_wconf 83' lang='grc' dir='ltr'>μέχρι</span> <span class='ocrx_word' id='word_1_438' title='bbox 1143 4933 1237 4985; x_wconf 87' lang='grc' dir='ltr'><strong>τοῦ</strong></span> <span class='ocrx_word' id='word_1_439' title='bbox 1292 4933 1475 5006; x_wconf 84' lang='grc' dir='ltr'>δεῦρο,</span> <span class='ocrx_word' id='word_1_440' title='bbox 1531 4937 1754 4990; x_wconf 79' lang='grc' dir='ltr'>ἐκείνων</span> 
     </span>
    </p>
   </div>
   <div class='ocr_carea' id='block_1_60' title="bbox 175 5013 1754 5096">
    <p class='ocr_par' dir='ltr' id='par_1_60' title="bbox 175 5013 1754 5096">
     <span class='ocr_line' id='line_1_60' title="bbox 175 5013 1754 5096; baseline 0.004 -24"><span class='ocrx_word' id='word_1_441' title='bbox 175 5019 351 5082; x_wconf 69' lang='grc' dir='ltr'>ἐστὶν,</span> <span class='ocrx_word' id='word_1_442' title='bbox 379 5013 454 5073; x_wconf 85' lang='grc' dir='ltr'>ὧν</span> <span class='ocrx_word' id='word_1_443' title='bbox 489 5021 521 5090; x_wconf 81' lang='grc' dir='ltr'>ἡ</span> <span class='ocrx_word' id='word_1_444' title='bbox 556 5019 739 5083; x_wconf 87' lang='grc' dir='ltr'>πίστις</span> <span class='ocrx_word' id='word_1_445' title='bbox 769 5022 828 5072; x_wconf 81' lang='grc' dir='ltr'><strong>τὸ</strong></span> <span class='ocrx_word' id='word_1_446' title='bbox 861 5023 1248 5093; x_wconf 80' lang='grc' dir='ltr'>ὲνδιάστροφον</span> <span class='ocrx_word' id='word_1_447' title='bbox 1274 5024 1408 5094; x_wconf 76' lang='grc' dir='ltr'>ἔχει,</span> <span class='ocrx_word' id='word_1_448' title='bbox 1441 5026 1532 5078; x_wconf 74' lang='grc' dir='ltr'><strong>καὶ</strong></span> <span class='ocrx_word' id='word_1_449' title='bbox 1568 5029 1597 5078; x_wconf 88' lang='grc' dir='ltr'><strong>ό</strong></span> <span class='ocrx_word' id='word_1_450' title='bbox 1643 5026 1754 5096; x_wconf 88' lang='grc' dir='ltr'>βίος</span> 
     </span>
    </p>
   </div>
   <div class='ocr_carea' id='block_1_61' title="bbox 172 5107 1755 5181">
    <p class='ocr_par' dir='ltr' id='par_1_61' title="bbox 172 5107 1755 5181">
     <span class='ocr_line' id='line_1_61' title="bbox 172 5107 1755 5181; baseline 0.004 -19"><span class='ocrx_word' id='word_1_451' title='bbox 172 5110 240 5162; x_wconf 83' lang='grc' dir='ltr'>τὺ</span> <span class='ocrx_word' id='word_1_452' title='bbox 270 5110 623 5164; x_wconf 86' lang='grc' dir='ltr'>ἀκανόνιστον</span> <span class='ocrx_word' id='word_1_453' title='bbox 646 5112 742 5163; x_wconf 57' lang='grc' dir='ltr'><strong>καὶ⁵</strong></span> <span class='ocrx_word' id='word_1_454' title='bbox 773 5111 1010 5181; x_wconf 77' lang='grc' dir='ltr'>ἄθεσμον</span> <span class='ocrx_word' id='word_1_455' title='bbox 1040 5129 1053 5142; x_wconf 90' lang='grc'><strong>·</strong></span> <span class='ocrx_word' id='word_1_456' title='bbox 1089 5107 1164 5167; x_wconf 82' lang='grc' dir='ltr'>ὧν</span> <span class='ocrx_word' id='word_1_457' title='bbox 1195 5109 1278 5177; x_wconf 76' lang='grc' dir='ltr'>εἷς</span> <span class='ocrx_word' id='word_1_458' title='bbox 1312 5116 1430 5167; x_wconf 75' lang='grc' dir='ltr'>ἐστι</span> <span class='ocrx_word' id='word_1_459' title='bbox 1458 5116 1551 5168; x_wconf 72' lang='grc' dir='ltr'>καὶ</span> <span class='ocrx_word' id='word_1_460' title='bbox 1575 5119 1604 5169; x_wconf 83' lang='grc' dir='ltr'><strong>ό</strong></span> <span class='ocrx_word' id='word_1_461' title='bbox 1640 5115 1755 5168; x_wconf 84' lang='grc' dir='ltr'><strong>Ἰω-</strong></span> 
     </span>
    </p>
   </div>
   <div class='ocr_carea' id='block_1_62' title="bbox 176 5201 1754 5273">
    <p class='ocr_par' dir='ltr' id='par_1_62' title="bbox 176 5201 1754 5273">
     <span class='ocr_line' id='line_1_62' title="bbox 176 5201 1754 5273; baseline 0.005 -21"><span class='ocrx_word' id='word_1_462' title='bbox 176 5201 343 5270; x_wconf 79' lang='grc' dir='ltr'>σὴφό</span> <span class='ocrx_word' id='word_1_463' title='bbox 396 5203 488 5254; x_wconf 78' lang='grc' dir='ltr'><strong>τὸν</strong></span> <span class='ocrx_word' id='word_1_464' title='bbox 542 5201 730 5272; x_wconf 78' lang='grc' dir='ltr'>μοιχὸν</span> <span class='ocrx_word' id='word_1_465' title='bbox 787 5205 1184 5272; x_wconf 87' lang='grc' dir='ltr'>στεφανώσας·</span> <span class='ocrx_word' id='word_1_466' title='bbox 1236 5205 1291 5258; x_wconf 85' lang='grc' dir='ltr'>οἴ</span> <span class='ocrx_word' id='word_1_467' title='bbox 1339 5222 1400 5258; x_wconf 90' lang='grc' dir='ltr'><strong>τε</strong></span> <span class='ocrx_word' id='word_1_468' title='bbox 1447 5207 1622 5273; x_wconf 87' lang='grc' dir='ltr'>τούτῳ</span> <span class='ocrx_word' id='word_1_469' title='bbox 1677 5206 1754 5269; x_wconf 88' lang='grc' dir='ltr'>ὡς</span> 
     </span>
    </p>
   </div>
   <div class='ocr_carea' id='block_1_63' title="bbox 176 5287 1755 5365">
    <p class='ocr_par' dir='ltr' id='par_1_63' title="bbox 176 5287 1755 5365">
     <span class='ocr_line' id='line_1_63' title="bbox 176 5287 1755 5365; baseline 0.003 -21"><span class='ocrx_word' id='word_1_470' title='bbox 176 5290 460 5362; x_wconf 84' lang='grc' dir='ltr'>ἀμέμπτῳ</span> <span class='ocrx_word' id='word_1_471' title='bbox 508 5291 828 5362; x_wconf 82' lang='grc' dir='ltr'>ἀνεχόμενοι</span> <span class='ocrx_word' id='word_1_472' title='bbox 875 5287 1336 5364; x_wconf 77' lang='grc' dir='ltr'>συλλειτούργεῖν,</span> <span class='ocrx_word' id='word_1_473' title='bbox 1370 5301 1466 5348; x_wconf 81' lang='grc' dir='ltr'>καὶ</span> <span class='ocrx_word' id='word_1_474' title='bbox 1515 5297 1622 5365; x_wconf 89' lang='grc' dir='ltr'><strong>μὴν</strong></span> <span class='ocrx_word' id='word_1_475' title='bbox 1660 5295 1755 5348; x_wconf 79' lang='grc' dir='ltr'><strong>καὶ</strong></span> 
     </span>
    </p>
   </div>
   <div class='ocr_carea' id='block_1_64' title="bbox 177 5385 1755 5458">
    <p class='ocr_par' dir='ltr' id='par_1_64' title="bbox 177 5385 1755 5458">
     <span class='ocr_line' id='line_1_64' title="bbox 177 5385 1755 5458; baseline 0.001 -21"><span class='ocrx_word' id='word_1_476' title='bbox 177 5387 230 5437; x_wconf 84' lang='grc' dir='ltr'>οἱ</span> <span class='ocrx_word' id='word_1_477' title='bbox 263 5385 626 5448; x_wconf 85' lang='grc' dir='ltr'>συνιστῶντες</span> <span class='ocrx_word' id='word_1_478' title='bbox 654 5385 817 5438; x_wconf 79' lang='grc' dir='ltr'>αὐτὸν</span> <span class='ocrx_word' id='word_1_479' title='bbox 855 5385 928 5449; x_wconf 86' lang='grc' dir='ltr'>ὡς</span> <span class='ocrx_word' id='word_1_480' title='bbox 967 5386 1158 5450; x_wconf 83' lang='grc' dir='ltr'>ἀθώως</span> <span class='ocrx_word' id='word_1_481' title='bbox 1189 5385 1597 5458; x_wconf 82' lang='grc' dir='ltr'>ἱερουργοῦντα.</span> <span class='ocrx_word' id='word_1_482' title='bbox 1632 5387 1755 5450; x_wconf 84' lang='grc' dir='ltr'>Πῶς</span> 
     </span>
    </p>
   </div>
   <div class='ocr_carea' id='block_1_65' title="bbox 180 5479 1752 5552">
    <p class='ocr_par' dir='ltr' id='par_1_65' title="bbox 180 5479 1752 5552">
     <span class='ocr_line' id='line_1_65' title="bbox 180 5479 1752 5552; baseline 0.001 -20"><span class='ocrx_word' id='word_1_483' title='bbox 180 5480 286 5552; x_wconf 90' lang='grc' dir='ltr'><strong>γάρ</strong></span> <span class='ocrx_word' id='word_1_484' title='bbox 345 5479 652 5541; x_wconf 82' lang='grc' dir='ltr'>κανονικῶς</span> <span class='ocrx_word' id='word_1_485' title='bbox 693 5479 825 5549; x_wconf 73' lang='grc' dir='ltr'>ἡμῖν</span> <span class='ocrx_word' id='word_1_486' title='bbox 875 5480 1166 5549; x_wconf 89' lang='grc' dir='ltr'>γράφουσα</span> <span class='ocrx_word' id='word_1_487' title='bbox 1193 5479 1504 5549; x_wconf 78' lang='grc' dir='ltr'>ήεύλάὁειά</span> <span class='ocrx_word' id='word_1_488' title='bbox 1550 5498 1666 5548; x_wconf 92' lang='grc' dir='ltr'>σου,</span> <span class='ocrx_word' id='word_1_489' title='bbox 1694 5481 1752 5534; x_wconf 81' lang='grc' dir='ltr'><strong>οὑ</strong></span> 
     </span>
    </p>
   </div>
   <div class='ocr_carea' id='block_1_66' title="bbox 184 5569 1777 5636">
    <p class='ocr_par' dir='ltr' id='par_1_66' title="bbox 184 5569 1777 5636">
     <span class='ocr_line' id='line_1_66' title="bbox 184 5569 1777 5636; baseline 0.002 -14"><span class='ocrx_word' id='word_1_490' title='bbox 184 5573 304 5636; x_wconf 76' lang='grc' dir='ltr'>τοὺς</span> <span class='ocrx_word' id='word_1_491' title='bbox 334 5571 519 5632; x_wconf 85' lang='grc' dir='ltr'>θείους</span> <span class='ocrx_word' id='word_1_492' title='bbox 544 5569 779 5632; x_wconf 86' lang='grc' dir='ltr'>κανόνας</span> <span class='ocrx_word' id='word_1_493' title='bbox 807 5569 1123 5634; x_wconf 78' lang='grc' dir='ltr'>ἐπίσταται,</span> <span class='ocrx_word' id='word_1_494' title='bbox 1151 5571 1236 5624; x_wconf 83' lang='grc' dir='ltr'>ὅτι</span> <span class='ocrx_word' id='word_1_495' title='bbox 1265 5572 1384 5623; x_wconf 85' lang='grc' dir='ltr'>κατ’</span> <span class='ocrx_word' id='word_1_496' title='bbox 1414 5571 1609 5634; x_wconf 82' lang='grc' dir='ltr'>αὐτοὺς</span> <span class='ocrx_word' id='word_1_497' title='bbox 1659 5589 1777 5625; x_wconf 79' lang='grc' dir='ltr'>κα·-</span> 
     </span>
    </p>
   </div>
   <div class='ocr_carea' id='block_1_67' title="bbox 180 5661 1754 5737">
    <p class='ocr_par' dir='ltr' id='par_1_67' title="bbox 180 5661 1754 5737">
     <span class='ocr_line' id='line_1_67' title="bbox 180 5661 1754 5737; baseline 0 -21"><span class='ocrx_word' id='word_1_498' title='bbox 180 5662 494 5737; x_wconf 82' lang='grc' dir='ltr'>θῃρημένος</span> <span class='ocrx_word' id='word_1_499' title='bbox 543 5662 745 5713; x_wconf 72' lang='grc' dir='ltr'>ἑστὶνό</span> <span class='ocrx_word' id='word_1_500' title='bbox 797 5661 978 5732; x_wconf 83' lang='grc' dir='ltr'>ἀνήρ;</span> <span class='ocrx_word' id='word_1_501' title='bbox 1017 5661 1065 5713; x_wconf 89' lang='grc' dir='ltr'>εἰ</span> <span class='ocrx_word' id='word_1_502' title='bbox 1113 5662 1221 5731; x_wconf 86' lang='grc' dir='ltr'><strong>γάρ</strong></span> <span class='ocrx_word' id='word_1_503' title='bbox 1272 5665 1351 5724; x_wconf 79' lang='grc' dir='ltr'>εἰς</span> <span class='ocrx_word' id='word_1_504' title='bbox 1399 5662 1754 5732; x_wconf 82' lang='grc' dir='ltr'>διγαμοῦντος</span> 
     </span>
    </p>
   </div>
   <div class='ocr_carea' id='block_1_68' title="bbox 246 5773 1272 5838">
    <p class='ocr_par' dir='ltr' id='par_1_68' title="bbox 246 5773 1272 5838">
     <span class='ocr_line' id='line_1_68' title="bbox 246 5773 1272 5838; baseline -0.008 -5"><span class='ocrx_word' id='word_1_505' title='bbox 246 5777 346 5832; x_wconf 83' lang='grc' dir='ltr'><strong>⁷⁹Ι</strong></span> <span class='ocrx_word' id='word_1_506' title='bbox 387 5775 536 5830; x_wconf 89' lang='lat' dir='ltr'><strong>Tim.</strong></span> <span class='ocrx_word' id='word_1_507' title='bbox 567 5789 639 5837; x_wconf 87' lang='lat' dir='ltr'><strong>tv,</strong></span> <span class='ocrx_word' id='word_1_508' title='bbox 675 5775 760 5828; x_wconf 73' lang='grc'><strong>16.</strong></span> <span class='ocrx_word' id='word_1_509' title='bbox 837 5776 880 5808; x_wconf 80' lang='grc' dir='ltr'><strong>⁸ο</strong></span> <span class='ocrx_word' id='word_1_510' title='bbox 913 5775 1081 5828; x_wconf 83' lang='lat' dir='ltr'><strong>Eccli.</strong></span> <span class='ocrx_word' id='word_1_511' title='bbox 1115 5790 1188 5838; x_wconf 75' lang='lat' dir='ltr'><strong>xu,</strong></span> <span class='ocrx_word' id='word_1_512' title='bbox 1218 5773 1272 5825; x_wconf 86' lang='lat'><strong>7.</strong></span> 
     </span>
    </p>
   </div>
   <div class='ocr_carea' id='block_1_69' title="bbox 1782 4359 1834 4418">
    <p class='ocr_par' dir='ltr' id='par_1_69' title="bbox 1782 4359 1834 4418">
     <span class='ocr_line' id='line_1_69' title="bbox 1782 4359 1834 4418; baseline 0 0"><span class='ocrx_word' id='word_1_513' title='bbox 1782 4359 1834 4418; x_wconf 94' lang='lat' dir='ltr'><strong>D</strong></span> 
     </span>
    </p>
   </div>
   <div class='ocr_carea' id='block_1_70' title="bbox 1927 1297 3384 1370">
    <p class='ocr_par' dir='ltr' id='par_1_70' title="bbox 1927 1297 3384 1370">
     <span class='ocr_line' id='line_1_70' title="bbox 1927 1297 3384 1370; baseline -0.002 -13"><span class='ocrx_word' id='word_1_514' title='bbox 1927 1301 2248 1370; x_wconf 86' lang='lat' dir='ltr'><strong>Accepimus</strong></span> <span class='ocrx_word' id='word_1_515' title='bbox 2269 1298 2474 1352; x_wconf 91' lang='lat' dir='ltr'><strong>litteras</strong></span> <span class='ocrx_word' id='word_1_516' title='bbox 2511 1297 2764 1353; x_wconf 81' lang='lat' dir='ltr'><strong>fraternae</strong></span> <span class='ocrx_word' id='word_1_517' title='bbox 2793 1307 2899 1352; x_wconf 87' lang='lat' dir='ltr'><strong>tuae</strong></span> <span class='ocrx_word' id='word_1_518' title='bbox 2926 1297 3224 1363; x_wconf 86' lang='lat' dir='ltr'><strong>charitatis,</strong></span> <span class='ocrx_word' id='word_1_519' title='bbox 3249 1299 3384 1363; x_wconf 89' lang='lat' dir='ltr'><strong>mira</strong></span> 
     </span>
    </p>
   </div>
   <div class='ocr_carea' id='block_1_71' title="bbox 1858 1385 3417 1460">
    <p class='ocr_par' dir='ltr' id='par_1_71' title="bbox 1858 1385 3417 1460">
     <span class='ocr_line' id='line_1_71' title="bbox 1858 1385 3417 1460; baseline -0.002 -15"><span class='ocrx_word' id='word_1_520' title='bbox 1858 1392 2004 1460; x_wconf 90' lang='lat' dir='ltr'><strong>tique</strong></span> <span class='ocrx_word' id='word_1_521' title='bbox 2024 1405 2216 1444; x_wconf 88' lang='lat' dir='ltr'><strong>sumus</strong></span> <span class='ocrx_word' id='word_1_522' title='bbox 2240 1387 2577 1457; x_wconf 86' lang='lat' dir='ltr'><strong>repentinam</strong></span> <span class='ocrx_word' id='word_1_523' title='bbox 2600 1388 2718 1455; x_wconf 84' lang='lat' dir='ltr'><strong>ejus</strong></span> <span class='ocrx_word' id='word_1_524' title='bbox 2739 1386 3114 1440; x_wconf 86' lang='lat' dir='ltr'><strong>mutationem.</strong></span> <span class='ocrx_word' id='word_1_525' title='bbox 3141 1385 3417 1442; x_wconf 88' lang='lat' dir='ltr'><strong>Prioribus</strong></span> 
     </span>
    </p>
   </div>
   <div class='ocr_carea' id='block_1_72' title="bbox 1853 1477 3418 1551">
    <p class='ocr_par' dir='ltr' id='par_1_72' title="bbox 1853 1477 3418 1551">
     <span class='ocr_line' id='line_1_72' title="bbox 1853 1477 3418 1551; baseline -0.004 -14"><span class='ocrx_word' id='word_1_526' title='bbox 1853 1482 2123 1551; x_wconf 88' lang='lat' dir='ltr'><strong>siquidem</strong></span> <span class='ocrx_word' id='word_1_527' title='bbox 2155 1479 2355 1542; x_wconf 84' lang='lat' dir='ltr'><strong>verbis,</strong></span> <span class='ocrx_word' id='word_1_528' title='bbox 2396 1487 2455 1533; x_wconf 91' lang='lat' dir='ltr'><strong>ut</strong></span> <span class='ocrx_word' id='word_1_529' title='bbox 2481 1487 2673 1532; x_wconf 59' lang='lat' dir='ltr'><strong>extera</strong></span> <span class='ocrx_word' id='word_1_530' title='bbox 2703 1478 2888 1531; x_wconf 89' lang='lat' dir='ltr'><strong>sileam</strong></span> <span class='ocrx_word' id='word_1_531' title='bbox 2923 1493 3041 1546; x_wconf 68' lang='lat' dir='ltr'><strong>quae</strong></span> <span class='ocrx_word' id='word_1_532' title='bbox 3069 1477 3134 1531; x_wconf 90' lang='lat' dir='ltr'><strong>ad</strong></span> <span class='ocrx_word' id='word_1_533' title='bbox 3162 1492 3274 1531; x_wconf 91' lang='lat' dir='ltr'><strong>rem</strong></span> <span class='ocrx_word' id='word_1_534' title='bbox 3315 1479 3418 1531; x_wconf 85' lang='lat' dir='ltr'><strong>mi-</strong></span> 
     </span>
    </p>
   </div>
   <div class='ocr_carea' id='block_1_73' title="bbox 1853 1570 3420 1640">
    <p class='ocr_par' dir='ltr' id='par_1_73' title="bbox 1853 1570 3420 1640">
     <span class='ocr_line' id='line_1_73' title="bbox 1853 1570 3420 1640; baseline -0.003 -12"><span class='ocrx_word' id='word_1_535' title='bbox 1853 1589 1960 1628; x_wconf 87' lang='lat' dir='ltr'><strong>nus</strong></span> <span class='ocrx_word' id='word_1_536' title='bbox 1986 1572 2312 1635; x_wconf 88' lang='lat' dir='ltr'><strong>necessaria,</strong></span> <span class='ocrx_word' id='word_1_537' title='bbox 2333 1570 2626 1640; x_wconf 86' lang='lat' dir='ltr'><strong>Josephum</strong></span> <span class='ocrx_word' id='word_1_538' title='bbox 2651 1584 2990 1625; x_wconf 71' lang='lat' dir='ltr'><strong>oeconomum</strong></span> <span class='ocrx_word' id='word_1_539' title='bbox 3012 1570 3326 1634; x_wconf 89' lang='lat' dir='ltr'><strong>aceusabas,</strong></span> <span class='ocrx_word' id='word_1_540' title='bbox 3354 1581 3420 1625; x_wconf 84' lang='lat' dir='ltr'><strong>ut</strong></span> 
     </span>
    </p>
   </div>
   <div class='ocr_carea' id='block_1_74' title="bbox 1852 1660 3415 1735">
    <p class='ocr_par' dir='ltr' id='par_1_74' title="bbox 1852 1660 3415 1735">
     <span class='ocr_line' id='line_1_74' title="bbox 1852 1660 3415 1735; baseline -0.004 -16"><span class='ocrx_word' id='word_1_541' title='bbox 1852 1665 1942 1735; x_wconf 88' lang='lat' dir='ltr'><strong>qui</strong></span> <span class='ocrx_word' id='word_1_542' title='bbox 1963 1678 2243 1734; x_wconf 87' lang='lat' dir='ltr'><strong>perperam</strong></span> <span class='ocrx_word' id='word_1_543' title='bbox 2265 1663 2334 1716; x_wconf 93' lang='lat' dir='ltr'><strong>sit</strong></span> <span class='ocrx_word' id='word_1_544' title='bbox 2357 1662 2633 1732; x_wconf 83' lang='lat' dir='ltr'><strong>ingressus</strong></span> <span class='ocrx_word' id='word_1_545' title='bbox 2661 1661 2714 1713; x_wconf 90' lang='lat' dir='ltr'><strong>in</strong></span> <span class='ocrx_word' id='word_1_546' title='bbox 2738 1660 3054 1714; x_wconf 90' lang='lat' dir='ltr'><strong>Ecclesiam.</strong></span> <span class='ocrx_word' id='word_1_547' title='bbox 3085 1661 3415 1714; x_wconf 88' lang='lat' dir='ltr'><strong>Posteriori-</strong></span> 
     </span>
    </p>
   </div>
   <div class='ocr_carea' id='block_1_75' title="bbox 1851 1751 3414 1824">
    <p class='ocr_par' dir='ltr' id='par_1_75' title="bbox 1851 1751 3414 1824">
     <span class='ocr_line' id='line_1_75' title="bbox 1851 1751 3414 1824; baseline -0.002 -15"><span class='ocrx_word' id='word_1_548' title='bbox 1851 1756 1953 1810; x_wconf 89' lang='lat' dir='ltr'><strong>bus</strong></span> <span class='ocrx_word' id='word_1_549' title='bbox 1985 1754 2143 1824; x_wconf 89' lang='lat' dir='ltr'><strong>plane</strong></span> <span class='ocrx_word' id='word_1_550' title='bbox 2179 1754 2526 1808; x_wconf 87' lang='lat' dir='ltr'><strong>innocentem</strong></span> <span class='ocrx_word' id='word_1_551' title='bbox 2555 1751 2898 1807; x_wconf 89' lang='lat' dir='ltr'><strong>ostendehas.</strong></span> <span class='ocrx_word' id='word_1_552' title='bbox 2937 1751 3004 1804; x_wconf 87' lang='lat' dir='ltr'><strong>Et</strong></span> <span class='ocrx_word' id='word_1_553' title='bbox 3032 1751 3124 1820; x_wconf 88' lang='lat' dir='ltr'><strong>qui</strong></span> <span class='ocrx_word' id='word_1_554' title='bbox 3165 1752 3414 1807; x_wconf 87' lang='lat' dir='ltr'><strong>eumdem</strong></span> 
     </span>
    </p>
   </div>
   <div class='ocr_carea' id='block_1_76' title="bbox 1850 1842 3415 1910">
    <p class='ocr_par' dir='ltr' id='par_1_76' title="bbox 1850 1842 3415 1910">
     <span class='ocr_line' id='line_1_76' title="bbox 1850 1842 3415 1910; baseline -0.001 -11"><span class='ocrx_word' id='word_1_555' title='bbox 1850 1845 1905 1899; x_wconf 87' lang='lat' dir='ltr'><strong>in</strong></span> <span class='ocrx_word' id='word_1_556' title='bbox 1936 1845 2120 1899; x_wconf 91' lang='lat' dir='ltr'><strong>eadem</strong></span> <span class='ocrx_word' id='word_1_557' title='bbox 2142 1859 2200 1898; x_wconf 91' lang='lat' dir='ltr'><strong>re</strong></span> <span class='ocrx_word' id='word_1_558' title='bbox 2231 1857 2378 1897; x_wconf 89' lang='lat' dir='ltr'><strong>nunc</strong></span> <span class='ocrx_word' id='word_1_559' title='bbox 2398 1842 2608 1906; x_wconf 89' lang='lat' dir='ltr'><strong>laudas,</strong></span> <span class='ocrx_word' id='word_1_560' title='bbox 2648 1857 2792 1896; x_wconf 91' lang='lat' dir='ltr'><strong>nunc</strong></span> <span class='ocrx_word' id='word_1_561' title='bbox 2837 1842 3112 1910; x_wconf 87' lang='lat' dir='ltr'><strong>vituperas</strong></span> <span class='ocrx_word' id='word_1_562' title='bbox 3147 1857 3163 1906; x_wconf 89' lang='lat'><strong>;</strong></span> <span class='ocrx_word' id='word_1_563' title='bbox 3204 1842 3348 1910; x_wconf 90' lang='lat' dir='ltr'><strong>quod</strong></span> <span class='ocrx_word' id='word_1_564' title='bbox 3383 1846 3415 1896; x_wconf 85' lang='lat' dir='ltr'><strong>a</strong></span> 
     </span>
    </p>
   </div>
   <div class='ocr_carea' id='block_1_77' title="bbox 1849 1932 3417 2004">
    <p class='ocr_par' dir='ltr' id='par_1_77' title="bbox 1849 1932 3417 2004">
     <span class='ocr_line' id='line_1_77' title="bbox 1849 1932 3417 2004; baseline -0.003 -14"><span class='ocrx_word' id='word_1_565' title='bbox 1849 1936 2083 2004; x_wconf 90' lang='lat' dir='ltr'><strong>quodam</strong></span> <span class='ocrx_word' id='word_1_566' title='bbox 2128 1945 2439 1989; x_wconf 89' lang='lat' dir='ltr'><strong>sanctorum</strong></span> <span class='ocrx_word' id='word_1_567' title='bbox 2482 1933 2686 1988; x_wconf 90' lang='lat' dir='ltr'><strong>dictum</strong></span> <span class='ocrx_word' id='word_1_568' title='bbox 2736 1941 2839 1996; x_wconf 87' lang='lat' dir='ltr'><strong>est,</strong></span> <span class='ocrx_word' id='word_1_569' title='bbox 2874 1933 3012 1986; x_wconf 88' lang='lat' dir='ltr'><strong>scire</strong></span> <span class='ocrx_word' id='word_1_570' title='bbox 3052 1932 3213 1987; x_wconf 80' lang='lat' dir='ltr'><strong>debet</strong></span> <span class='ocrx_word' id='word_1_571' title='bbox 3242 1933 3417 2002; x_wconf 86' lang='lat' dir='ltr'><strong>pietas</strong></span> 
     </span>
    </p>
   </div>
   <div class='ocr_carea' id='block_1_78' title="bbox 1849 2021 3415 2094">
    <p class='ocr_par' dir='ltr' id='par_1_78' title="bbox 1849 2021 3415 2094">
     <span class='ocr_line' id='line_1_78' title="bbox 1849 2021 3415 2094; baseline -0.003 -14"><span class='ocrx_word' id='word_1_572' title='bbox 1849 2035 1962 2080; x_wconf 89' lang='lat' dir='ltr'><strong>tua.</strong></span> <span class='ocrx_word' id='word_1_573' title='bbox 2015 2025 2122 2080; x_wconf 89' lang='lat' dir='ltr'><strong>Sed</strong></span> <span class='ocrx_word' id='word_1_574' title='bbox 2171 2040 2271 2094; x_wconf 86' lang='lat' dir='ltr'><strong>pro</strong></span> <span class='ocrx_word' id='word_1_575' title='bbox 2300 2023 2470 2077; x_wconf 89' lang='lat' dir='ltr'><strong>nihilo</strong></span> <span class='ocrx_word' id='word_1_576' title='bbox 2502 2023 2555 2076; x_wconf 94' lang='lat' dir='ltr'><strong>id</strong></span> <span class='ocrx_word' id='word_1_577' title='bbox 2596 2022 2878 2085; x_wconf 89' lang='lat' dir='ltr'><strong>habeatur,</strong></span> <span class='ocrx_word' id='word_1_578' title='bbox 2931 2021 3177 2090; x_wconf 88' lang='lat' dir='ltr'><strong>quamvis</strong></span> <span class='ocrx_word' id='word_1_579' title='bbox 3231 2032 3415 2092; x_wconf 85' lang='lat' dir='ltr'><strong>aperta</strong></span> 
     </span>
    </p>
   </div>
   <div class='ocr_carea' id='block_1_79' title="bbox 1848 2112 3419 2182">
    <p class='ocr_par' dir='ltr' id='par_1_79' title="bbox 1848 2112 3419 2182">
     <span class='ocr_line' id='line_1_79' title="bbox 1848 2112 3419 2182; baseline -0.003 -11"><span class='ocrx_word' id='word_1_580' title='bbox 1848 2118 1918 2172; x_wconf 91' lang='lat' dir='ltr'><strong>sit</strong></span> <span class='ocrx_word' id='word_1_581' title='bbox 1961 2116 2337 2171; x_wconf 89' lang='lat' dir='ltr'><strong>contradictio.</strong></span> <span class='ocrx_word' id='word_1_582' title='bbox 2394 2113 2562 2180; x_wconf 87' lang='lat' dir='ltr'><strong>Quale</strong></span> <span class='ocrx_word' id='word_1_583' title='bbox 2608 2128 2738 2168; x_wconf 90' lang='lat' dir='ltr'><strong>vero</strong></span> <span class='ocrx_word' id='word_1_584' title='bbox 2767 2113 2897 2166; x_wconf 90' lang='lat' dir='ltr'><strong>illud</strong></span> <span class='ocrx_word' id='word_1_585' title='bbox 2936 2121 3039 2177; x_wconf 90' lang='lat' dir='ltr'><strong>est,</strong></span> <span class='ocrx_word' id='word_1_586' title='bbox 3092 2112 3234 2182; x_wconf 89' lang='lat' dir='ltr'><strong>quod</strong></span> <span class='ocrx_word' id='word_1_587' title='bbox 3280 2112 3419 2166; x_wconf 84' lang='lat' dir='ltr'><strong>adeo</strong></span> 
     </span>
    </p>
   </div>
   <div class='ocr_carea' id='block_1_80' title="bbox 1848 2203 3416 2276">
    <p class='ocr_par' dir='ltr' id='par_1_80' title="bbox 1848 2203 3416 2276">
     <span class='ocr_line' id='line_1_80' title="bbox 1848 2203 3416 2276; baseline -0.004 -14"><span class='ocrx_word' id='word_1_588' title='bbox 1848 2207 2244 2262; x_wconf 90' lang='lat' dir='ltr'><strong>inconsiderate</strong></span> <span class='ocrx_word' id='word_1_589' title='bbox 2271 2213 2556 2276; x_wconf 90' lang='lat' dir='ltr'><strong>provectus</strong></span> <span class='ocrx_word' id='word_1_590' title='bbox 2584 2219 2663 2268; x_wconf 92' lang='lat' dir='ltr'><strong>es,</strong></span> <span class='ocrx_word' id='word_1_591' title='bbox 2688 2213 2765 2267; x_wconf 89' lang='lat' dir='ltr'><strong>ut,</strong></span> <span class='ocrx_word' id='word_1_592' title='bbox 2793 2203 3105 2272; x_wconf 88' lang='lat' dir='ltr'><strong>priusquam</strong></span> <span class='ocrx_word' id='word_1_593' title='bbox 3137 2203 3416 2256; x_wconf 81' lang='lat' dir='ltr'><strong>examina-</strong></span> 
     </span>
    </p>
   </div>
   <div class='ocr_carea' id='block_1_81' title="bbox 1847 2294 3414 2365">
    <p class='ocr_par' dir='ltr' id='par_1_81' title="bbox 1847 2294 3414 2365">
     <span class='ocr_line' id='line_1_81' title="bbox 1847 2294 3414 2365; baseline -0.003 -13"><span class='ocrx_word' id='word_1_594' title='bbox 1847 2314 1934 2352; x_wconf 86' lang='lat' dir='ltr'><strong>res</strong></span> <span class='ocrx_word' id='word_1_595' title='bbox 1981 2307 2035 2352; x_wconf 89' lang='lat' dir='ltr'><strong>et</strong></span> <span class='ocrx_word' id='word_1_596' title='bbox 2091 2306 2276 2352; x_wconf 80' lang='lat' dir='ltr'><strong>exacte</strong></span> <span class='ocrx_word' id='word_1_597' title='bbox 2323 2310 2698 2365; x_wconf 81' lang='lat' dir='ltr'><strong>cognosceres,</strong></span> <span class='ocrx_word' id='word_1_598' title='bbox 2749 2294 3009 2348; x_wconf 91' lang='lat' dir='ltr'><strong>adversus</strong></span> <span class='ocrx_word' id='word_1_599' title='bbox 3055 2294 3414 2348; x_wconf 86' lang='lat' dir='ltr'><strong>humilitatem</strong></span> 
     </span>
    </p>
   </div>
   <div class='ocr_carea' id='block_1_82' title="bbox 1847 2383 3415 2457">
    <p class='ocr_par' dir='ltr' id='par_1_82' title="bbox 1847 2383 3415 2457">
     <span class='ocr_line' id='line_1_82' title="bbox 1847 2383 3415 2457; baseline -0.003 -14"><span class='ocrx_word' id='word_1_600' title='bbox 1847 2399 2088 2444; x_wconf 87' lang='lat' dir='ltr'><strong>nostram</strong></span> <span class='ocrx_word' id='word_1_601' title='bbox 2141 2388 2576 2457; x_wconf 86' lang='lat' dir='ltr'><strong>pronuntiaveris</strong></span> <span class='ocrx_word' id='word_1_602' title='bbox 2629 2386 3017 2441; x_wconf 86' lang='lat' dir='ltr'><strong>discessionem</strong></span> <span class='ocrx_word' id='word_1_603' title='bbox 3057 2386 3125 2439; x_wconf 86' lang='lat' dir='ltr'><strong>ab</strong></span> <span class='ocrx_word' id='word_1_604' title='bbox 3173 2383 3415 2440; x_wconf 86' lang='lat' dir='ltr'><strong>Ecclesia</strong></span> 
     </span>
    </p>
   </div>
   <div class='ocr_carea' id='block_1_83' title="bbox 1846 2474 3419 2546">
    <p class='ocr_par' dir='ltr' id='par_1_83' title="bbox 1846 2474 3419 2546">
     <span class='ocr_line' id='line_1_83' title="bbox 1846 2474 3419 2546; baseline -0.002 -13"><span class='ocrx_word' id='word_1_605' title='bbox 1846 2486 2049 2542; x_wconf 87' lang='lat' dir='ltr'><strong>nostra,</strong></span> <span class='ocrx_word' id='word_1_606' title='bbox 2083 2493 2144 2531; x_wconf 91' lang='lat' dir='ltr'><strong>ac</strong></span> <span class='ocrx_word' id='word_1_607' title='bbox 2175 2477 2402 2546; x_wconf 89' lang='lat' dir='ltr'><strong>proinde</strong></span> <span class='ocrx_word' id='word_1_608' title='bbox 2445 2477 2953 2530; x_wconf 88' lang='lat' dir='ltr'><strong>anathematismum</strong></span> <span class='ocrx_word' id='word_1_609' title='bbox 2984 2474 3008 2527; x_wconf 78' lang='lat' dir='ltr'><em>‘I</em></span> <span class='ocrx_word' id='word_1_610' title='bbox 3056 2476 3274 2529; x_wconf 81' lang='lat' dir='ltr'><strong>Attende</strong></span> <span class='ocrx_word' id='word_1_611' title='bbox 3325 2474 3419 2530; x_wconf 70' lang='lat' dir='ltr'><strong>tibi</strong></span> 
     </span>
    </p>
   </div>
   <div class='ocr_carea' id='block_1_84' title="bbox 1848 2566 3418 2638">
    <p class='ocr_par' dir='ltr' id='par_1_84' title="bbox 1848 2566 3418 2638">
     <span class='ocr_line' id='line_1_84' title="bbox 1848 2566 3418 2638; baseline -0.001 -16"><span class='ocrx_word' id='word_1_612' title='bbox 1848 2572 1950 2638; x_wconf 83' lang='lat' dir='ltr'><strong>ipsi</strong></span> <span class='ocrx_word' id='word_1_613' title='bbox 1981 2571 2049 2636; x_wconf 74' lang='grc'>⁷³,</span> <span class='ocrx_word' id='word_1_614' title='bbox 2085 2569 2160 2622; x_wconf 87' lang='lat' dir='ltr'><strong>ait</strong></span> <span class='ocrx_word' id='word_1_615' title='bbox 2188 2567 2464 2636; x_wconf 88' lang='lat' dir='ltr'><strong>Scriptura</strong></span> <span class='ocrx_word' id='word_1_616' title='bbox 2491 2585 2504 2633; x_wconf 91' lang='lat'><strong>;</strong></span> <span class='ocrx_word' id='word_1_617' title='bbox 2536 2576 2592 2622; x_wconf 86' lang='lat' dir='ltr'><strong>et</strong></span> <span class='ocrx_word' id='word_1_618' title='bbox 2618 2585 2630 2622; x_wconf 92' lang='lat'><strong>:</strong></span> <span class='ocrx_word' id='word_1_619' title='bbox 2671 2566 2990 2635; x_wconf 73' lang='lat' dir='ltr'><strong>Priusquam</strong></span> <span class='ocrx_word' id='word_1_620' title='bbox 3021 2567 3326 2636; x_wconf 79' lang='lat' dir='ltr'><strong>interroges,</strong></span> <span class='ocrx_word' id='word_1_621' title='bbox 3355 2583 3418 2621; x_wconf 84' lang='lat' dir='ltr'><strong>ne</strong></span> 
     </span>
    </p>
   </div>
   <div class='ocr_carea' id='block_1_85' title="bbox 1843 2657 3416 2730">
    <p class='ocr_par' dir='ltr' id='par_1_85' title="bbox 1843 2657 3416 2730">
     <span class='ocr_line' id='line_1_85' title="bbox 1843 2657 3416 2730; baseline -0.001 -15"><span class='ocrx_word' id='word_1_622' title='bbox 1843 2662 2142 2730; x_wconf 79' lang='lat' dir='ltr'><strong>uituperes;</strong></span> <span class='ocrx_word' id='word_1_623' title='bbox 2183 2668 2239 2714; x_wconf 88' lang='lat' dir='ltr'><strong>et</strong></span> <span class='ocrx_word' id='word_1_624' title='bbox 2275 2659 2514 2712; x_wconf 86' lang='lat' dir='ltr'><strong>Primum</strong></span> <span class='ocrx_word' id='word_1_625' title='bbox 2564 2674 2824 2728; x_wconf 76' lang='lat' dir='ltr'><strong>cognosce,</strong></span> <span class='ocrx_word' id='word_1_626' title='bbox 2870 2667 2978 2710; x_wconf 88' lang='lat' dir='ltr'><strong>tum</strong></span> <span class='ocrx_word' id='word_1_627' title='bbox 3024 2660 3226 2726; x_wconf 86' lang='lat' dir='ltr'><strong>corripe</strong></span> <span class='ocrx_word' id='word_1_628' title='bbox 3243 2660 3307 2710; x_wconf 76' lang='lat'><strong>&quot;.</strong></span> <span class='ocrx_word' id='word_1_629' title='bbox 3335 2657 3416 2713; x_wconf 88' lang='lat' dir='ltr'><strong>Tu</strong></span> 
     </span>
    </p>
   </div>
   <div class='ocr_carea' id='block_1_86' title="bbox 1845 2749 3418 2819">
    <p class='ocr_par' dir='ltr' id='par_1_86' title="bbox 1845 2749 3418 2819">
     <span class='ocr_line' id='line_1_86' title="bbox 1845 2749 3418 2819; baseline -0.001 -13"><span class='ocrx_word' id='word_1_630' title='bbox 1845 2767 1976 2806; x_wconf 81' lang='lat' dir='ltr'><strong>vero</strong></span> <span class='ocrx_word' id='word_1_631' title='bbox 2009 2752 2145 2805; x_wconf 88' lang='lat' dir='ltr'><strong>nihil</strong></span> <span class='ocrx_word' id='word_1_632' title='bbox 2182 2752 2380 2805; x_wconf 88' lang='lat' dir='ltr'><strong>horum</strong></span> <span class='ocrx_word' id='word_1_633' title='bbox 2418 2751 2735 2813; x_wconf 80' lang='lat' dir='ltr'><strong>observans,</strong></span> <span class='ocrx_word' id='word_1_634' title='bbox 2781 2764 2882 2803; x_wconf 89' lang='lat' dir='ltr'><strong>nec</strong></span> <span class='ocrx_word' id='word_1_635' title='bbox 2904 2749 3146 2819; x_wconf 79' lang='lat' dir='ltr'><strong>cogitans</strong></span> <span class='ocrx_word' id='word_1_636' title='bbox 3177 2765 3335 2819; x_wconf 84' lang='lat' dir='ltr'><strong>posse</strong></span> <span class='ocrx_word' id='word_1_637' title='bbox 3362 2759 3418 2805; x_wconf 90' lang='lat' dir='ltr'><strong>et</strong></span> 
     </span>
    </p>
   </div>
   <div class='ocr_carea' id='block_1_87' title="bbox 1844 2840 3418 2911">
    <p class='ocr_par' dir='ltr' id='par_1_87' title="bbox 1844 2840 3418 2911">
     <span class='ocr_line' id='line_1_87' title="bbox 1844 2840 3418 2911; baseline -0.001 -15"><span class='ocrx_word' id='word_1_638' title='bbox 1844 2858 1946 2896; x_wconf 90' lang='lat' dir='ltr'><strong>nos</strong></span> <span class='ocrx_word' id='word_1_639' title='bbox 1977 2857 2040 2895; x_wconf 86' lang='lat' dir='ltr'><strong>ex</strong></span> <span class='ocrx_word' id='word_1_640' title='bbox 2071 2843 2280 2895; x_wconf 83' lang='lat' dir='ltr'><strong>ratione</strong></span> <span class='ocrx_word' id='word_1_641' title='bbox 2307 2856 2464 2910; x_wconf 78' lang='lat' dir='ltr'><strong>agere</strong></span> <span class='ocrx_word' id='word_1_642' title='bbox 2490 2857 2554 2896; x_wconf 91' lang='lat' dir='ltr'><strong>ac</strong></span> <span class='ocrx_word' id='word_1_643' title='bbox 2577 2840 2723 2911; x_wconf 90' lang='lat' dir='ltr'><strong>loqui</strong></span> <span class='ocrx_word' id='word_1_644' title='bbox 2758 2841 2877 2905; x_wconf 87' lang='lat' dir='ltr'><strong>;sic</strong></span> <span class='ocrx_word' id='word_1_645' title='bbox 2903 2850 3157 2910; x_wconf 88' lang='lat' dir='ltr'><strong>tanquam</strong></span> <span class='ocrx_word' id='word_1_646' title='bbox 3190 2841 3418 2911; x_wconf 88' lang='lat' dir='ltr'><strong>imperi-</strong></span> 
     </span>
    </p>
   </div>
   <div class='ocr_carea' id='block_1_88' title="bbox 1849 2933 3418 3003">
    <p class='ocr_par' dir='ltr' id='par_1_88' title="bbox 1849 2933 3418 3003">
     <span class='ocr_line' id='line_1_88' title="bbox 1849 2933 3418 3003; baseline 0.001 -17"><span class='ocrx_word' id='word_1_647' title='bbox 1849 2941 1952 2998; x_wconf 88' lang='lat' dir='ltr'><strong>tos,</strong></span> <span class='ocrx_word' id='word_1_648' title='bbox 1987 2947 2050 2986; x_wconf 84' lang='lat' dir='ltr'><strong>ac</strong></span> <span class='ocrx_word' id='word_1_649' title='bbox 2095 2933 2326 2987; x_wconf 88' lang='lat' dir='ltr'><strong>rationis</strong></span> <span class='ocrx_word' id='word_1_650' title='bbox 2359 2943 2630 3003; x_wconf 84' lang='lat' dir='ltr'><strong>expertes,</strong></span> <span class='ocrx_word' id='word_1_651' title='bbox 2665 2941 2917 3002; x_wconf 88' lang='lat' dir='ltr'><strong>tanquam</strong></span> <span class='ocrx_word' id='word_1_652' title='bbox 2948 2934 3075 2987; x_wconf 61' lang='lat' dir='ltr'><strong>vita;</strong></span> <span class='ocrx_word' id='word_1_653' title='bbox 3105 2933 3418 2988; x_wconf 70' lang='lat' dir='ltr'><strong>monasticae</strong></span> 
     </span>
    </p>
   </div>
   <div class='ocr_carea' id='block_1_89' title="bbox 2924 3025 3414 3092">
    <p class='ocr_par' dir='ltr' id='par_1_89' title="bbox 2924 3025 3414 3092">
     <span class='ocr_line' id='line_1_89' title="bbox 2924 3025 3414 3092; baseline 0.002 -13"><span class='ocrx_word' id='word_1_654' title='bbox 2924 3040 3026 3080; x_wconf 88' lang='lat' dir='ltr'><strong>nec</strong></span> <span class='ocrx_word' id='word_1_655' title='bbox 3079 3025 3182 3080; x_wconf 90' lang='lat' dir='ltr'><strong>hoc</strong></span> <span class='ocrx_word' id='word_1_656' title='bbox 3218 3026 3414 3092; x_wconf 81' lang='lat' dir='ltr'><strong>solum,</strong></span> 
     </span>
    </p>
   </div>
   <div class='ocr_carea' id='block_1_90' title="bbox 1853 3115 3418 3187">
    <p class='ocr_par' dir='ltr' id='par_1_90' title="bbox 1853 3115 3418 3187">
     <span class='ocr_line' id='line_1_90' title="bbox 1853 3115 3418 3187; baseline 0.002 -17"><span class='ocrx_word' id='word_1_657' title='bbox 1853 3116 1949 3171; x_wconf 90' lang='lat' dir='ltr'><strong>sed</strong></span> <span class='ocrx_word' id='word_1_658' title='bbox 1994 3117 2186 3170; x_wconf 90' lang='lat' dir='ltr'><strong>durius</strong></span> <span class='ocrx_word' id='word_1_659' title='bbox 2235 3115 2550 3187; x_wconf 77' lang='lat' dir='ltr'><strong>objurgasti.</strong></span> <span class='ocrx_word' id='word_1_660' title='bbox 2611 3117 2786 3185; x_wconf 84' lang='lat' dir='ltr'><strong>Atque</strong></span> <span class='ocrx_word' id='word_1_661' title='bbox 2830 3117 3034 3170; x_wconf 82' lang='lat' dir='ltr'><strong>utinam</strong></span> <span class='ocrx_word' id='word_1_662' title='bbox 3094 3116 3196 3172; x_wconf 90' lang='lat' dir='ltr'><strong>hoc</strong></span> <span class='ocrx_word' id='word_1_663' title='bbox 3243 3117 3418 3173; x_wconf 88' lang='lat' dir='ltr'><strong>solum</strong></span> 
     </span>
    </p>
   </div>
   <div class='ocr_carea' id='block_1_91' title="bbox 1853 3205 3420 3277">
    <p class='ocr_par' dir='ltr' id='par_1_91' title="bbox 1853 3205 3420 3277">
     <span class='ocr_line' id='line_1_91' title="bbox 1853 3205 3420 3277; baseline 0.002 -17"><span class='ocrx_word' id='word_1_664' title='bbox 1853 3207 2098 3277; x_wconf 78' lang='lat' dir='ltr'><strong>egissesl</strong></span> <span class='ocrx_word' id='word_1_665' title='bbox 2144 3207 2451 3272; x_wconf 85' lang='lat' dir='ltr'><strong>Quinetiam</strong></span> <span class='ocrx_word' id='word_1_666' title='bbox 2493 3207 2826 3260; x_wconf 89' lang='lat' dir='ltr'><strong>anathemati</strong></span> <span class='ocrx_word' id='word_1_667' title='bbox 2894 3207 3180 3262; x_wconf 80' lang='lat' dir='ltr'><strong>devovisti.</strong></span> <span class='ocrx_word' id='word_1_668' title='bbox 3236 3205 3280 3262; x_wconf 95' lang='grc' dir='ltr'><strong>Ο</strong></span> <span class='ocrx_word' id='word_1_669' title='bbox 3330 3222 3420 3263; x_wconf 87' lang='lat' dir='ltr'><strong>res</strong></span> 
     </span>
    </p>
   </div>
   <div class='ocr_carea' id='block_1_92' title="bbox 1853 3299 3421 3367">
    <p class='ocr_par' dir='ltr' id='par_1_92' title="bbox 1853 3299 3421 3367">
     <span class='ocr_line' id='line_1_92' title="bbox 1853 3299 3421 3367; baseline 0.001 -13"><span class='ocrx_word' id='word_1_670' title='bbox 1853 3299 2121 3354; x_wconf 88' lang='lat' dir='ltr'><strong>humanas</strong></span> <span class='ocrx_word' id='word_1_671' title='bbox 2157 3301 2168 3352; x_wconf 84' lang='grc' dir='ltr'><strong>ι</strong></span> <span class='ocrx_word' id='word_1_672' title='bbox 2208 3308 2262 3353; x_wconf 92' lang='lat' dir='ltr'><strong>et</strong></span> <span class='ocrx_word' id='word_1_673' title='bbox 2291 3299 2562 3367; x_wconf 90' lang='lat' dir='ltr'><strong>quomodo</strong></span> <span class='ocrx_word' id='word_1_674' title='bbox 2606 3299 2778 3367; x_wconf 87' lang='lat' dir='ltr'><strong>major</strong></span> <span class='ocrx_word' id='word_1_675' title='bbox 2824 3299 2919 3353; x_wconf 86' lang='lat' dir='ltr'><strong>tibi</strong></span> <span class='ocrx_word' id='word_1_676' title='bbox 2971 3315 3100 3354; x_wconf 91' lang='lat' dir='ltr'><strong>cura</strong></span> <span class='ocrx_word' id='word_1_677' title='bbox 3148 3315 3258 3355; x_wconf 89' lang='lat' dir='ltr'><strong>non</strong></span> <span class='ocrx_word' id='word_1_678' title='bbox 3319 3299 3421 3357; x_wconf 77' lang='lat' dir='ltr'><strong>fuit</strong></span> 
     </span>
    </p>
   </div>
   <div class='ocr_carea' id='block_1_93' title="bbox 1853 3389 3420 3458">
    <p class='ocr_par' dir='ltr' id='par_1_93' title="bbox 1853 3389 3420 3458">
     <span class='ocr_line' id='line_1_93' title="bbox 1853 3389 3420 3458; baseline 0.003 -16"><span class='ocrx_word' id='word_1_679' title='bbox 1853 3390 2101 3443; x_wconf 87' lang='lat' dir='ltr'><strong>amicitiae</strong></span> <span class='ocrx_word' id='word_1_680' title='bbox 2125 3389 2246 3458; x_wconf 88' lang='lat' dir='ltr'><strong>jura</strong></span> <span class='ocrx_word' id='word_1_681' title='bbox 2273 3390 2670 3444; x_wconf 88' lang='lat' dir='ltr'><strong>conservandi?</strong></span> <span class='ocrx_word' id='word_1_682' title='bbox 2701 3390 2825 3445; x_wconf 64' lang='lat' dir='ltr'><strong>Haec</strong></span> <span class='ocrx_word' id='word_1_683' title='bbox 2862 3391 3006 3444; x_wconf 89' lang='lat' dir='ltr'><strong>enim</strong></span> <span class='ocrx_word' id='word_1_684' title='bbox 3035 3391 3076 3444; x_wconf 90' lang='lat' dir='ltr'><strong>si</strong></span> <span class='ocrx_word' id='word_1_685' title='bbox 3107 3400 3292 3446; x_wconf 87' lang='lat' dir='ltr'><strong>sancte</strong></span> <span class='ocrx_word' id='word_1_686' title='bbox 3324 3406 3420 3447; x_wconf 90' lang='lat' dir='ltr'><strong>co-</strong></span> 
     </span>
    </p>
   </div>
   <div class='ocr_carea' id='block_1_94' title="bbox 1853 3480 3422 3551">
    <p class='ocr_par' dir='ltr' id='par_1_94' title="bbox 1853 3480 3422 3551">
     <span class='ocr_line' id='line_1_94' title="bbox 1853 3480 3422 3551; baseline 0.003 -19"><span class='ocrx_word' id='word_1_687' title='bbox 1853 3480 1988 3533; x_wconf 87' lang='lat' dir='ltr'><strong>leret</strong></span> <span class='ocrx_word' id='word_1_688' title='bbox 2015 3481 2316 3534; x_wconf 90' lang='lat' dir='ltr'><strong>reverentia</strong></span> <span class='ocrx_word' id='word_1_689' title='bbox 2351 3488 2459 3546; x_wconf 89' lang='lat' dir='ltr'><strong>tua,</strong></span> <span class='ocrx_word' id='word_1_690' title='bbox 2491 3497 2765 3550; x_wconf 89' lang='lat' dir='ltr'><strong>nunquam</strong></span> <span class='ocrx_word' id='word_1_691' title='bbox 2797 3483 2873 3536; x_wconf 92' lang='lat' dir='ltr'><strong>sic</strong></span> <span class='ocrx_word' id='word_1_692' title='bbox 2897 3498 2961 3536; x_wconf 81' lang='lat' dir='ltr'><strong>ex</strong></span> <span class='ocrx_word' id='word_1_693' title='bbox 2986 3483 3214 3551; x_wconf 88' lang='lat' dir='ltr'><strong>abrupto</strong></span> <span class='ocrx_word' id='word_1_694' title='bbox 3238 3482 3422 3536; x_wconf 81' lang='lat' dir='ltr'><strong>tenui-</strong></span> 
     </span>
    </p>
   </div>
   <div class='ocr_carea' id='block_1_95' title="bbox 1855 3572 3420 3643">
    <p class='ocr_par' dir='ltr' id='par_1_95' title="bbox 1855 3572 3420 3643">
     <span class='ocr_line' id='line_1_95' title="bbox 1855 3572 3420 3643; baseline 0.003 -19"><span class='ocrx_word' id='word_1_695' title='bbox 1855 3579 2020 3626; x_wconf 83' lang='lat' dir='ltr'><strong>tatem</strong></span> <span class='ocrx_word' id='word_1_696' title='bbox 2071 3580 2312 3626; x_wconf 89' lang='lat' dir='ltr'><strong>nostram</strong></span> <span class='ocrx_word' id='word_1_697' title='bbox 2356 3573 2725 3641; x_wconf 88' lang='lat' dir='ltr'><strong>proscidisset.</strong></span> <span class='ocrx_word' id='word_1_698' title='bbox 2764 3572 2964 3626; x_wconf 82' lang='lat' dir='ltr'><strong>Verum</strong></span> <span class='ocrx_word' id='word_1_699' title='bbox 3003 3572 3088 3627; x_wconf 89' lang='lat' dir='ltr'><strong>his</strong></span> <span class='ocrx_word' id='word_1_700' title='bbox 3145 3587 3244 3627; x_wconf 92' lang='lat' dir='ltr'><strong>nos</strong></span> <span class='ocrx_word' id='word_1_701' title='bbox 3270 3572 3420 3643; x_wconf 78' lang='lat' dir='ltr'><strong>digni</strong></span> 
     </span>
    </p>
   </div>
   <div class='ocr_carea' id='block_1_96' title="bbox 1855 3663 3423 3719">
    <p class='ocr_par' dir='ltr' id='par_1_96' title="bbox 1855 3663 3423 3719">
     <span class='ocr_line' id='line_1_96' title="bbox 1855 3663 3423 3719; baseline 0 0"><span class='ocrx_word' id='word_1_702' title='bbox 1855 3678 2043 3719; x_wconf 90' lang='lat' dir='ltr'><strong>sumus</strong></span> <span class='ocrx_word' id='word_1_703' title='bbox 2068 3681 2080 3717; x_wconf 90' lang='lat'><strong>:</strong></span> <span class='ocrx_word' id='word_1_704' title='bbox 2100 3678 2200 3718; x_wconf 91' lang='lat' dir='ltr'><strong>nec</strong></span> <span class='ocrx_word' id='word_1_705' title='bbox 2219 3663 2523 3717; x_wconf 88' lang='lat' dir='ltr'><strong>mirandum</strong></span> <span class='ocrx_word' id='word_1_706' title='bbox 2545 3665 2590 3718; x_wconf 90' lang='lat' dir='ltr'><strong>si</strong></span> <span class='ocrx_word' id='word_1_707' title='bbox 2610 3665 2677 3718; x_wconf 86' lang='lat' dir='ltr'><strong>ab</strong></span> <span class='ocrx_word' id='word_1_708' title='bbox 2706 3663 2938 3718; x_wconf 82' lang='lat' dir='ltr'><strong>amicitia</strong></span> <span class='ocrx_word' id='word_1_709' title='bbox 2961 3663 3124 3717; x_wconf 91' lang='lat' dir='ltr'><strong>etiam</strong></span> <span class='ocrx_word' id='word_1_710' title='bbox 3144 3671 3234 3717; x_wconf 87' lang='lat' dir='ltr'><strong>tua</strong></span> <span class='ocrx_word' id='word_1_711' title='bbox 3251 3664 3423 3719; x_wconf 82' lang='lat' dir='ltr'><strong>laces-</strong></span> 
     </span>
    </p>
   </div>
   <div class='ocr_carea' id='block_1_97' title="bbox 1856 3754 3418 3824">
    <p class='ocr_par' dir='ltr' id='par_1_97' title="bbox 1856 3754 3418 3824">
     <span class='ocr_line' id='line_1_97' title="bbox 1856 3754 3418 3824; baseline 0 -15"><span class='ocrx_word' id='word_1_712' title='bbox 1856 3755 2043 3810; x_wconf 82' lang='lat' dir='ltr'><strong>simur.</strong></span> <span class='ocrx_word' id='word_1_713' title='bbox 2063 3755 2328 3809; x_wconf 87' lang='lat' dir='ltr'><strong>Caeterum</strong></span> <span class='ocrx_word' id='word_1_714' title='bbox 2351 3755 2442 3824; x_wconf 93' lang='lat' dir='ltr'><strong>qui</strong></span> <span class='ocrx_word' id='word_1_715' title='bbox 2462 3755 2650 3820; x_wconf 90' lang='lat' dir='ltr'><strong>simus,</strong></span> <span class='ocrx_word' id='word_1_716' title='bbox 2673 3754 2782 3810; x_wconf 87' lang='lat' dir='ltr'><strong>Deo</strong></span> <span class='ocrx_word' id='word_1_717' title='bbox 2804 3754 3021 3824; x_wconf 89' lang='lat' dir='ltr'><strong>quidem</strong></span> <span class='ocrx_word' id='word_1_718' title='bbox 3044 3755 3418 3810; x_wconf 88' lang='lat' dir='ltr'><strong>innotuimus:</strong></span> 
     </span>
    </p>
   </div>
   <div class='ocr_carea' id='block_1_98' title="bbox 1855 3847 3423 3915">
    <p class='ocr_par' dir='ltr' id='par_1_98' title="bbox 1855 3847 3423 3915">
     <span class='ocr_line' id='line_1_98' title="bbox 1855 3847 3423 3915; baseline 0 -13"><span class='ocrx_word' id='word_1_719' title='bbox 1855 3861 2070 3915; x_wconf 82' lang='lat' dir='ltr'><strong>aequum</strong></span> <span class='ocrx_word' id='word_1_720' title='bbox 2092 3855 2272 3900; x_wconf 88' lang='lat' dir='ltr'><strong>autem</strong></span> <span class='ocrx_word' id='word_1_721' title='bbox 2302 3857 2355 3900; x_wconf 88' lang='lat' dir='ltr'><strong>et</strong></span> <span class='ocrx_word' id='word_1_722' title='bbox 2384 3847 2688 3914; x_wconf 80' lang='lat' dir='ltr'><strong>prudentiae</strong></span> <span class='ocrx_word' id='word_1_723' title='bbox 2717 3856 2838 3912; x_wconf 77' lang='lat' dir='ltr'><strong>tuae,</strong></span> <span class='ocrx_word' id='word_1_724' title='bbox 2877 3847 3310 3914; x_wconf 90' lang='lat' dir='ltr'><strong>quandoquidem</strong></span> <span class='ocrx_word' id='word_1_725' title='bbox 3340 3848 3423 3902; x_wconf 79' lang='lat' dir='ltr'><strong>of-</strong></span> 
     </span>
    </p>
   </div>
   <div class='ocr_carea' id='block_1_99' title="bbox 1856 3933 3419 4006">
    <p class='ocr_par' dir='ltr' id='par_1_99' title="bbox 1856 3933 3419 4006">
     <span class='ocr_line' id='line_1_99' title="bbox 1856 3933 3419 4006; baseline 0.001 -18"><span class='ocrx_word' id='word_1_726' title='bbox 1856 3933 2096 3988; x_wconf 80' lang='lat' dir='ltr'><strong>fenditur</strong></span> <span class='ocrx_word' id='word_1_727' title='bbox 2124 3943 2180 3988; x_wconf 91' lang='lat' dir='ltr'><strong>et</strong></span> <span class='ocrx_word' id='word_1_728' title='bbox 2206 3934 2621 3999; x_wconf 83' lang='lat' dir='ltr'><strong>scandalizatur,</strong></span> <span class='ocrx_word' id='word_1_729' title='bbox 2652 3935 2881 4005; x_wconf 87' lang='lat' dir='ltr'><strong>aperire.</strong></span> <span class='ocrx_word' id='word_1_730' title='bbox 2907 3933 3026 3989; x_wconf 87' lang='lat' dir='ltr'><strong>Non</strong></span> <span class='ocrx_word' id='word_1_731' title='bbox 3065 3950 3253 3990; x_wconf 90' lang='lat' dir='ltr'><strong>sumus</strong></span> <span class='ocrx_word' id='word_1_732' title='bbox 3283 3950 3419 4006; x_wconf 89' lang='lat' dir='ltr'><strong>apo-</strong></span> 
     </span>
    </p>
   </div>
   <div class='ocr_carea' id='block_1_100' title="bbox 1858 4024 3422 4092">
    <p class='ocr_par' dir='ltr' id='par_1_100' title="bbox 1858 4024 3422 4092">
     <span class='ocr_line' id='line_1_100' title="bbox 1858 4024 3422 4092; baseline 0.002 -14"><span class='ocrx_word' id='word_1_733' title='bbox 1858 4024 2094 4086; x_wconf 73' lang='lat' dir='ltr'><strong>schistze,</strong></span> <span class='ocrx_word' id='word_1_734' title='bbox 2119 4025 2204 4079; x_wconf 90' lang='lat' dir='ltr'><strong>vir</strong></span> <span class='ocrx_word' id='word_1_735' title='bbox 2233 4025 2452 4092; x_wconf 79' lang='lat' dir='ltr'><strong>eximie,</strong></span> <span class='ocrx_word' id='word_1_736' title='bbox 2481 4025 2548 4080; x_wconf 90' lang='lat' dir='ltr'><strong>ah</strong></span> <span class='ocrx_word' id='word_1_737' title='bbox 2576 4024 2812 4081; x_wconf 85' lang='lat' dir='ltr'><strong>Ecclesia</strong></span> <span class='ocrx_word' id='word_1_738' title='bbox 2845 4024 2937 4080; x_wconf 89' lang='lat' dir='ltr'><strong>Dei</strong></span> <span class='ocrx_word' id='word_1_739' title='bbox 2971 4042 2984 4090; x_wconf 94' lang='lat'><strong>;</strong></span> <span class='ocrx_word' id='word_1_740' title='bbox 3016 4025 3157 4080; x_wconf 89' lang='lat' dir='ltr'><strong>absit</strong></span> <span class='ocrx_word' id='word_1_741' title='bbox 3179 4037 3237 4079; x_wconf 89' lang='lat' dir='ltr'><strong>ut</strong></span> <span class='ocrx_word' id='word_1_742' title='bbox 3262 4026 3422 4082; x_wconf 91' lang='lat' dir='ltr'><strong>nobis</strong></span> 
     </span>
    </p>
   </div>
   <div class='ocr_carea' id='block_1_101' title="bbox 1860 4114 3422 4185">
    <p class='ocr_par' dir='ltr' id='par_1_101' title="bbox 1860 4114 3422 4185">
     <span class='ocr_line' id='line_1_101' title="bbox 1860 4114 3422 4185; baseline 0.003 -18"><span class='ocrx_word' id='word_1_743' title='bbox 1860 4114 1964 4167; x_wconf 90' lang='lat' dir='ltr'><strong>hoc</strong></span> <span class='ocrx_word' id='word_1_744' title='bbox 2006 4114 2253 4169; x_wconf 86' lang='lat' dir='ltr'><strong>eveniat!</strong></span> <span class='ocrx_word' id='word_1_745' title='bbox 2287 4114 2394 4170; x_wconf 90' lang='lat' dir='ltr'><strong>Sed</strong></span> <span class='ocrx_word' id='word_1_746' title='bbox 2447 4117 2692 4184; x_wconf 87' lang='lat' dir='ltr'><strong>quamvis</strong></span> <span class='ocrx_word' id='word_1_747' title='bbox 2733 4115 2853 4170; x_wconf 90' lang='lat' dir='ltr'><strong>aliis</strong></span> <span class='ocrx_word' id='word_1_748' title='bbox 2901 4117 3138 4185; x_wconf 87' lang='lat' dir='ltr'><strong>peccatis</strong></span> <span class='ocrx_word' id='word_1_749' title='bbox 3177 4117 3422 4185; x_wconf 90' lang='lat' dir='ltr'><strong>plurimis</strong></span> 
     </span>
    </p>
   </div>
   <div class='ocr_carea' id='block_1_102' title="bbox 1859 4205 3423 4278">
    <p class='ocr_par' dir='ltr' id='par_1_102' title="bbox 1859 4205 3423 4278">
     <span class='ocr_line' id='line_1_102' title="bbox 1859 4205 3423 4278; baseline 0.002 -19"><span class='ocrx_word' id='word_1_750' title='bbox 1859 4205 2100 4259; x_wconf 89' lang='lat' dir='ltr'><strong>obstricti</strong></span> <span class='ocrx_word' id='word_1_751' title='bbox 2160 4205 2348 4272; x_wconf 87' lang='lat' dir='ltr'><strong>simus,</strong></span> <span class='ocrx_word' id='word_1_752' title='bbox 2410 4215 2648 4260; x_wconf 88' lang='lat' dir='ltr'><strong>attamen</strong></span> <span class='ocrx_word' id='word_1_753' title='bbox 2700 4207 2859 4261; x_wconf 88' lang='lat' dir='ltr'><strong>unius</strong></span> <span class='ocrx_word' id='word_1_754' title='bbox 2889 4222 3012 4260; x_wconf 92' lang='lat' dir='ltr'><strong>cum</strong></span> <span class='ocrx_word' id='word_1_755' title='bbox 3054 4207 3138 4261; x_wconf 91' lang='lat' dir='ltr'><strong>illa</strong></span> <span class='ocrx_word' id='word_1_756' title='bbox 3180 4208 3423 4278; x_wconf 85' lang='lat' dir='ltr'><strong>corporis</strong></span> 
     </span>
    </p>
   </div>
   <div class='ocr_carea' id='block_1_103' title="bbox 1861 4298 3424 4369">
    <p class='ocr_par' dir='ltr' id='par_1_103' title="bbox 1861 4298 3424 4369">
     <span class='ocr_line' id='line_1_103' title="bbox 1861 4298 3424 4369; baseline 0.001 -16"><span class='ocrx_word' id='word_1_757' title='bbox 1861 4312 2068 4362; x_wconf 87' lang='lat' dir='ltr'><strong>sumus,</strong></span> <span class='ocrx_word' id='word_1_758' title='bbox 2106 4298 2332 4369; x_wconf 87' lang='lat' dir='ltr'><strong>ejusque</strong></span> <span class='ocrx_word' id='word_1_759' title='bbox 2380 4300 2581 4354; x_wconf 88' lang='lat' dir='ltr'><strong>alumni</strong></span> <span class='ocrx_word' id='word_1_760' title='bbox 2627 4311 2679 4355; x_wconf 91' lang='lat' dir='ltr'><strong>et</strong></span> <span class='ocrx_word' id='word_1_761' title='bbox 2723 4301 3026 4356; x_wconf 81' lang='lat' dir='ltr'><strong>divinorum</strong></span> <span class='ocrx_word' id='word_1_762' title='bbox 3067 4302 3424 4356; x_wconf 85' lang='lat' dir='ltr'><strong>documento-</strong></span> 
     </span>
    </p>
   </div>
   <div class='ocr_carea' id='block_1_104' title="bbox 1861 4392 3424 4462">
    <p class='ocr_par' dir='ltr' id='par_1_104' title="bbox 1861 4392 3424 4462">
     <span class='ocr_line' id='line_1_104' title="bbox 1861 4392 3424 4462; baseline 0.005 -21"><span class='ocrx_word' id='word_1_763' title='bbox 1861 4405 1980 4442; x_wconf 87' lang='lat' dir='ltr'><strong>rum</strong></span> <span class='ocrx_word' id='word_1_764' title='bbox 2012 4407 2025 4454; x_wconf 92' lang='lat'><strong>;</strong></span> <span class='ocrx_word' id='word_1_765' title='bbox 2061 4399 2114 4444; x_wconf 89' lang='lat' dir='ltr'><strong>et</strong></span> <span class='ocrx_word' id='word_1_766' title='bbox 2143 4405 2380 4446; x_wconf 85' lang='lat' dir='ltr'><strong>canones</strong></span> <span class='ocrx_word' id='word_1_767' title='bbox 2409 4393 2529 4462; x_wconf 91' lang='lat' dir='ltr'><strong>ejus</strong></span> <span class='ocrx_word' id='word_1_768' title='bbox 2557 4401 2611 4448; x_wconf 89' lang='lat' dir='ltr'><strong>et</strong></span> <span class='ocrx_word' id='word_1_769' title='bbox 2634 4392 3052 4448; x_wconf 89' lang='lat' dir='ltr'><strong>constitutiones</strong></span> <span class='ocrx_word' id='word_1_770' title='bbox 3075 4407 3290 4448; x_wconf 84' lang='lat' dir='ltr'><strong>scrvare</strong></span> <span class='ocrx_word' id='word_1_771' title='bbox 3324 4408 3424 4448; x_wconf 88' lang='lat' dir='ltr'><strong>cu-</strong></span> 
     </span>
    </p>
   </div>
   <div class='ocr_carea' id='block_1_105' title="bbox 1856 4495 2055 4549">
    <p class='ocr_par' dir='ltr' id='par_1_105' title="bbox 1856 4495 2055 4549">
     <span class='ocr_line' id='line_1_105' title="bbox 1856 4495 2055 4549; baseline 0.015 -16"><span class='ocrx_word' id='word_1_772' title='bbox 1856 4495 2055 4549; x_wconf 79' lang='lat' dir='ltr'><strong>pimus.</strong></span> 
     </span>
    </p>
   </div>
   <div class='ocr_carea' id='block_1_106' title="bbox 1927 4660 3423 4731">
    <p class='ocr_par' dir='ltr' id='par_1_106' title="bbox 1927 4660 3423 4731">
     <span class='ocr_line' id='line_1_106' title="bbox 1927 4660 3423 4731; baseline -0.001 -16"><span class='ocrx_word' id='word_1_773' title='bbox 1927 4660 2169 4715; x_wconf 88' lang='lat' dir='ltr'><strong>Turbare</strong></span> <span class='ocrx_word' id='word_1_774' title='bbox 2210 4670 2390 4715; x_wconf 90' lang='lat' dir='ltr'><strong>autem</strong></span> <span class='ocrx_word' id='word_1_775' title='bbox 2421 4671 2474 4716; x_wconf 92' lang='lat' dir='ltr'><strong>et</strong></span> <span class='ocrx_word' id='word_1_776' title='bbox 2501 4661 2569 4716; x_wconf 87' lang='lat' dir='ltr'><strong>ab</strong></span> <span class='ocrx_word' id='word_1_777' title='bbox 2599 4661 2687 4714; x_wconf 90' lang='lat' dir='ltr'><strong>illa</strong></span> <span class='ocrx_word' id='word_1_778' title='bbox 2720 4660 2928 4731; x_wconf 79' lang='lat' dir='ltr'><strong>sejungi</strong></span> <span class='ocrx_word' id='word_1_779' title='bbox 2955 4700 2970 4724; x_wconf 97' lang='lat'><strong>,</strong></span> <span class='ocrx_word' id='word_1_780' title='bbox 2999 4675 3120 4730; x_wconf 71' lang='lat' dir='ltr'><strong>quae</strong></span> <span class='ocrx_word' id='word_1_781' title='bbox 3158 4660 3423 4715; x_wconf 89' lang='lat' dir='ltr'><strong>maculam</strong></span> 
     </span>
    </p>
   </div>
   <div class='ocr_carea' id='block_1_107' title="bbox 1856 4750 3426 4821">
    <p class='ocr_par' dir='ltr' id='par_1_107' title="bbox 1856 4750 3426 4821">
     <span class='ocr_line' id='line_1_107' title="bbox 1856 4750 3426 4821; baseline 0.001 -17"><span class='ocrx_word' id='word_1_782' title='bbox 1856 4766 2045 4805; x_wconf 87' lang='lat' dir='ltr'><strong>revera</strong></span> <span class='ocrx_word' id='word_1_783' title='bbox 2089 4751 2291 4805; x_wconf 89' lang='lat' dir='ltr'><strong>nullam</strong></span> <span class='ocrx_word' id='word_1_784' title='bbox 2314 4752 2495 4814; x_wconf 88' lang='lat' dir='ltr'><strong>habet,</strong></span> <span class='ocrx_word' id='word_1_785' title='bbox 2524 4765 2700 4818; x_wconf 88' lang='lat' dir='ltr'><strong>neque</strong></span> <span class='ocrx_word' id='word_1_786' title='bbox 2726 4766 2933 4821; x_wconf 77' lang='lat' dir='ltr'><strong>rugam,</strong></span> <span class='ocrx_word' id='word_1_787' title='bbox 2955 4758 3068 4805; x_wconf 91' lang='lat' dir='ltr'><strong>tum</strong></span> <span class='ocrx_word' id='word_1_788' title='bbox 3096 4751 3150 4804; x_wconf 91' lang='lat' dir='ltr'><strong>in</strong></span> <span class='ocrx_word' id='word_1_789' title='bbox 3192 4750 3314 4804; x_wconf 86' lang='lat' dir='ltr'><strong>Iidei</strong></span> <span class='ocrx_word' id='word_1_790' title='bbox 3338 4767 3426 4805; x_wconf 86' lang='lat' dir='ltr'><strong>ra-</strong></span> 
     </span>
    </p>
   </div>
   <div class='ocr_carea' id='block_1_108' title="bbox 1857 4840 3425 4908">
    <p class='ocr_par' dir='ltr' id='par_1_108' title="bbox 1857 4840 3425 4908">
     <span class='ocr_line' id='line_1_108' title="bbox 1857 4840 3425 4908; baseline 0 -14"><span class='ocrx_word' id='word_1_791' title='bbox 1857 4842 2024 4908; x_wconf 85' lang='lat' dir='ltr'><strong>tione,</strong></span> <span class='ocrx_word' id='word_1_792' title='bbox 2050 4851 2162 4895; x_wconf 89' lang='lat' dir='ltr'><strong>tum</strong></span> <span class='ocrx_word' id='word_1_793' title='bbox 2192 4841 2245 4894; x_wconf 89' lang='lat' dir='ltr'><strong>in</strong></span> <span class='ocrx_word' id='word_1_794' title='bbox 2268 4856 2534 4895; x_wconf 88' lang='lat' dir='ltr'><strong>canonum</strong></span> <span class='ocrx_word' id='word_1_795' title='bbox 2563 4841 2859 4906; x_wconf 84' lang='lat' dir='ltr'><strong>sanctione,</strong></span> <span class='ocrx_word' id='word_1_796' title='bbox 2891 4841 2958 4895; x_wconf 92' lang='lat' dir='ltr'><strong>ab</strong></span> <span class='ocrx_word' id='word_1_797' title='bbox 2996 4840 3143 4895; x_wconf 92' lang='lat' dir='ltr'><strong>omni</strong></span> <span class='ocrx_word' id='word_1_798' title='bbox 3180 4855 3294 4895; x_wconf 70' lang='lat' dir='ltr'><strong>aevo</strong></span> <span class='ocrx_word' id='word_1_799' title='bbox 3329 4856 3425 4894; x_wconf 89' lang='lat' dir='ltr'><strong>us-</strong></span> 
     </span>
    </p>
   </div>
   <div class='ocr_carea' id='block_1_109' title="bbox 1855 4932 3425 5003">
    <p class='ocr_par' dir='ltr' id='par_1_109' title="bbox 1855 4932 3425 5003">
     <span class='ocr_line' id='line_1_109' title="bbox 1855 4932 3425 5003; baseline 0.001 -17"><span class='ocrx_word' id='word_1_800' title='bbox 1855 4949 1958 5003; x_wconf 88' lang='lat' dir='ltr'><strong>que</strong></span> <span class='ocrx_word' id='word_1_801' title='bbox 1988 4933 2053 4987; x_wconf 90' lang='lat' dir='ltr'><strong>ad</strong></span> <span class='ocrx_word' id='word_1_802' title='bbox 2077 4943 2315 4987; x_wconf 90' lang='lat' dir='ltr'><strong>nostram</strong></span> <span class='ocrx_word' id='word_1_803' title='bbox 2343 4934 2679 4998; x_wconf 89' lang='lat' dir='ltr'><strong>memoriam,</strong></span> <span class='ocrx_word' id='word_1_804' title='bbox 2699 4949 2886 4989; x_wconf 91' lang='lat' dir='ltr'><strong>eorum</strong></span> <span class='ocrx_word' id='word_1_805' title='bbox 2913 4942 2996 4987; x_wconf 92' lang='lat' dir='ltr'><strong>est</strong></span> <span class='ocrx_word' id='word_1_806' title='bbox 3015 4947 3244 5002; x_wconf 90' lang='lat' dir='ltr'><strong>quorum</strong></span> <span class='ocrx_word' id='word_1_807' title='bbox 3290 4932 3425 4988; x_wconf 87' lang='lat' dir='ltr'><strong>IIdes</strong></span> 
     </span>
    </p>
   </div>
   <div class='ocr_carea' id='block_1_110' title="bbox 1857 5025 3418 5096">
    <p class='ocr_par' dir='ltr' id='par_1_110' title="bbox 1857 5025 3418 5096">
     <span class='ocr_line' id='line_1_110' title="bbox 1857 5025 3418 5096; baseline 0.002 -18"><span class='ocrx_word' id='word_1_808' title='bbox 1857 5035 2221 5079; x_wconf 90' lang='lat' dir='ltr'><strong>transversum</strong></span> <span class='ocrx_word' id='word_1_809' title='bbox 2270 5027 2467 5095; x_wconf 83' lang='lat' dir='ltr'><strong>agitur,</strong></span> <span class='ocrx_word' id='word_1_810' title='bbox 2499 5035 2552 5079; x_wconf 91' lang='lat' dir='ltr'><strong>et</strong></span> <span class='ocrx_word' id='word_1_811' title='bbox 2583 5025 2692 5079; x_wconf 90' lang='lat' dir='ltr'><strong>vita</strong></span> <span class='ocrx_word' id='word_1_812' title='bbox 2743 5027 2896 5080; x_wconf 80' lang='lat' dir='ltr'><strong>exlex</strong></span> <span class='ocrx_word' id='word_1_813' title='bbox 2927 5032 2982 5079; x_wconf 89' lang='lat' dir='ltr'><strong>et</strong></span> <span class='ocrx_word' id='word_1_814' title='bbox 3033 5025 3150 5078; x_wconf 91' lang='lat' dir='ltr'><strong>sine</strong></span> <span class='ocrx_word' id='word_1_815' title='bbox 3195 5026 3418 5096; x_wconf 77' lang='lat' dir='ltr'><strong>regula:</strong></span> 
     </span>
    </p>
   </div>
   <div class='ocr_carea' id='block_1_111' title="bbox 1855 5115 3425 5186">
    <p class='ocr_par' dir='ltr' id='par_1_111' title="bbox 1855 5115 3425 5186">
     <span class='ocr_line' id='line_1_111' title="bbox 1855 5115 3425 5186; baseline 0.003 -17"><span class='ocrx_word' id='word_1_816' title='bbox 1855 5131 2087 5186; x_wconf 89' lang='lat' dir='ltr'><strong>quorum</strong></span> <span class='ocrx_word' id='word_1_817' title='bbox 2122 5132 2187 5170; x_wconf 76' lang='lat' dir='ltr'><strong>ex</strong></span> <span class='ocrx_word' id='word_1_818' title='bbox 2220 5131 2448 5170; x_wconf 91' lang='lat' dir='ltr'><strong>numero</strong></span> <span class='ocrx_word' id='word_1_819' title='bbox 2476 5115 2672 5185; x_wconf 88' lang='lat' dir='ltr'><strong>Joseph</strong></span> <span class='ocrx_word' id='word_1_820' title='bbox 2720 5116 2810 5169; x_wconf 90' lang='lat' dir='ltr'><strong>ille</strong></span> <span class='ocrx_word' id='word_1_821' title='bbox 2848 5115 2938 5183; x_wconf 89' lang='lat' dir='ltr'><strong>qui</strong></span> <span class='ocrx_word' id='word_1_822' title='bbox 2990 5115 3294 5170; x_wconf 88' lang='lat' dir='ltr'><strong>adulterum</strong></span> <span class='ocrx_word' id='word_1_823' title='bbox 3333 5133 3425 5173; x_wconf 86' lang='lat' dir='ltr'><strong>co-</strong></span> 
     </span>
    </p>
   </div>
   <div class='ocr_carea' id='block_1_112' title="bbox 1856 5205 3423 5276">
    <p class='ocr_par' dir='ltr' id='par_1_112' title="bbox 1856 5205 3423 5276">
     <span class='ocr_line' id='line_1_112' title="bbox 1856 5205 3423 5276; baseline 0.001 -17"><span class='ocrx_word' id='word_1_824' title='bbox 1856 5207 2068 5262; x_wconf 88' lang='lat' dir='ltr'><strong>ronavit</strong></span> <span class='ocrx_word' id='word_1_825' title='bbox 2094 5226 2106 5262; x_wconf 93' lang='lat'>:</span> <span class='ocrx_word' id='word_1_826' title='bbox 2132 5216 2185 5261; x_wconf 94' lang='lat' dir='ltr'><strong>et</strong></span> <span class='ocrx_word' id='word_1_827' title='bbox 2208 5207 2300 5276; x_wconf 92' lang='lat' dir='ltr'><strong>qui</strong></span> <span class='ocrx_word' id='word_1_828' title='bbox 2329 5222 2451 5261; x_wconf 90' lang='lat' dir='ltr'><strong>cum</strong></span> <span class='ocrx_word' id='word_1_829' title='bbox 2481 5221 2547 5260; x_wconf 94' lang='lat' dir='ltr'><strong>eo</strong></span> <span class='ocrx_word' id='word_1_830' title='bbox 2566 5216 2819 5275; x_wconf 88' lang='lat' dir='ltr'><strong>tanquam</strong></span> <span class='ocrx_word' id='word_1_831' title='bbox 2843 5205 3062 5260; x_wconf 84' lang='lat' dir='ltr'><strong>innoxio</strong></span> <span class='ocrx_word' id='word_1_832' title='bbox 3087 5206 3284 5261; x_wconf 80' lang='lat' dir='ltr'><strong>otIerre</strong></span> <span class='ocrx_word' id='word_1_833' title='bbox 3313 5221 3423 5261; x_wconf 89' lang='lat' dir='ltr'><strong>non</strong></span> 
     </span>
    </p>
   </div>
   <div class='ocr_carea' id='block_1_113' title="bbox 1856 5294 3422 5368">
    <p class='ocr_par' dir='ltr' id='par_1_113' title="bbox 1856 5294 3422 5368">
     <span class='ocr_line' id='line_1_113' title="bbox 1856 5294 3422 5368; baseline 0 -16"><span class='ocrx_word' id='word_1_834' title='bbox 1856 5297 2119 5364; x_wconf 87' lang='lat' dir='ltr'><strong>dubitant,</strong></span> <span class='ocrx_word' id='word_1_835' title='bbox 2147 5299 2347 5367; x_wconf 90' lang='lat' dir='ltr'><strong>quique</strong></span> <span class='ocrx_word' id='word_1_836' title='bbox 2375 5297 2509 5352; x_wconf 90' lang='lat' dir='ltr'><strong>adeo</strong></span> <span class='ocrx_word' id='word_1_837' title='bbox 2531 5297 2678 5349; x_wconf 91' lang='lat' dir='ltr'><strong>illum</strong></span> <span class='ocrx_word' id='word_1_838' title='bbox 2713 5294 3014 5351; x_wconf 85' lang='lat' dir='ltr'><strong>defendunt</strong></span> <span class='ocrx_word' id='word_1_839' title='bbox 3039 5305 3098 5351; x_wconf 90' lang='lat' dir='ltr'><strong>ut</strong></span> <span class='ocrx_word' id='word_1_840' title='bbox 3120 5297 3236 5351; x_wconf 90' lang='lat' dir='ltr'><strong>sine</strong></span> <span class='ocrx_word' id='word_1_841' title='bbox 3263 5297 3422 5368; x_wconf 86' lang='lat' dir='ltr'><strong>culpa</strong></span> 
     </span>
    </p>
   </div>
   <div class='ocr_carea' id='block_1_114' title="bbox 1856 5386 3423 5454">
    <p class='ocr_par' dir='ltr' id='par_1_114' title="bbox 1856 5386 3423 5454">
     <span class='ocr_line' id='line_1_114' title="bbox 1856 5386 3423 5454; baseline 0 -10"><span class='ocrx_word' id='word_1_842' title='bbox 1856 5389 2270 5444; x_wconf 85' lang='lat' dir='ltr'><strong>sacriﬁcantem.</strong></span> <span class='ocrx_word' id='word_1_843' title='bbox 2327 5389 2609 5454; x_wconf 85' lang='lat' dir='ltr'><strong>Quomodo</strong></span> <span class='ocrx_word' id='word_1_844' title='bbox 2652 5386 2821 5450; x_wconf 92' lang='lat' dir='ltr'><strong>enim,</strong></span> <span class='ocrx_word' id='word_1_845' title='bbox 2876 5387 2920 5444; x_wconf 87' lang='lat' dir='ltr'><strong>si</strong></span> <span class='ocrx_word' id='word_1_846' title='bbox 2939 5387 3199 5442; x_wconf 88' lang='lat' dir='ltr'><strong>canonice</strong></span> <span class='ocrx_word' id='word_1_847' title='bbox 3229 5387 3296 5441; x_wconf 86' lang='lat' dir='ltr'><strong>ad</strong></span> <span class='ocrx_word' id='word_1_848' title='bbox 3320 5404 3423 5444; x_wconf 89' lang='lat' dir='ltr'><strong>nos</strong></span> 
     </span>
    </p>
   </div>
   <div class='ocr_carea' id='block_1_115' title="bbox 1857 5478 3423 5551">
    <p class='ocr_par' dir='ltr' id='par_1_115' title="bbox 1857 5478 3423 5551">
     <span class='ocr_line' id='line_1_115' title="bbox 1857 5478 3423 5551; baseline -0.001 -15"><span class='ocrx_word' id='word_1_849' title='bbox 1857 5482 2043 5536; x_wconf 90' lang='lat' dir='ltr'><strong>scribit</strong></span> <span class='ocrx_word' id='word_1_850' title='bbox 2064 5481 2234 5551; x_wconf 92' lang='lat' dir='ltr'><strong>pietas</strong></span> <span class='ocrx_word' id='word_1_851' title='bbox 2269 5490 2378 5546; x_wconf 91' lang='lat' dir='ltr'><strong>tua,</strong></span> <span class='ocrx_word' id='word_1_852' title='bbox 2403 5479 2615 5533; x_wconf 90' lang='lat' dir='ltr'><strong>divinos</strong></span> <span class='ocrx_word' id='word_1_853' title='bbox 2650 5493 2886 5533; x_wconf 89' lang='lat' dir='ltr'><strong>canones</strong></span> <span class='ocrx_word' id='word_1_854' title='bbox 2919 5478 3151 5546; x_wconf 76' lang='lat' dir='ltr'><strong>ignorat,</strong></span> <span class='ocrx_word' id='word_1_855' title='bbox 3184 5487 3240 5534; x_wconf 86' lang='lat' dir='ltr'><strong>et</strong></span> <span class='ocrx_word' id='word_1_856' title='bbox 3279 5481 3423 5548; x_wconf 91' lang='lat' dir='ltr'><strong>quod</strong></span> 
     </span>
    </p>
   </div>
   <div class='ocr_carea' id='block_1_116' title="bbox 1854 5567 3424 5644">
    <p class='ocr_par' dir='ltr' id='par_1_116' title="bbox 1854 5567 3424 5644">
     <span class='ocr_line' id='line_1_116' title="bbox 1854 5567 3424 5644; baseline -0.002 -16"><span class='ocrx_word' id='word_1_857' title='bbox 1854 5575 2002 5644; x_wconf 87' lang='lat' dir='ltr'><strong>juxta</strong></span> <span class='ocrx_word' id='word_1_858' title='bbox 2036 5574 2154 5629; x_wconf 88' lang='lat' dir='ltr'><strong>illos</strong></span> <span class='ocrx_word' id='word_1_859' title='bbox 2180 5572 2456 5643; x_wconf 88' lang='lat' dir='ltr'><strong>depositus</strong></span> <span class='ocrx_word' id='word_1_860' title='bbox 2507 5570 2590 5624; x_wconf 86' lang='lat' dir='ltr'><strong>vir</strong></span> <span class='ocrx_word' id='word_1_861' title='bbox 2624 5570 2787 5626; x_wconf 83' lang='lat' dir='ltr'><strong>fuerit</strong></span> <span class='ocrx_word' id='word_1_862' title='bbox 2814 5571 2836 5622; x_wconf 90' lang='lat'><strong>?</strong></span> <span class='ocrx_word' id='word_1_863' title='bbox 2859 5567 2992 5622; x_wconf 88' lang='lat' dir='ltr'><strong>Nam</strong></span> <span class='ocrx_word' id='word_1_864' title='bbox 3050 5571 3092 5625; x_wconf 90' lang='lat' dir='ltr'><strong>si</strong></span> <span class='ocrx_word' id='word_1_865' title='bbox 3137 5571 3193 5624; x_wconf 92' lang='lat' dir='ltr'><strong>in</strong></span> <span class='ocrx_word' id='word_1_866' title='bbox 3225 5571 3424 5639; x_wconf 73' lang='lat' dir='ltr'><strong>digami</strong></span> 
     </span>
    </p>
   </div>
   <div class='ocr_carea' id='block_1_117' title="bbox 1857 5662 3425 5735">
    <p class='ocr_par' dir='ltr' id='par_1_117' title="bbox 1857 5662 3425 5735">
     <span class='ocr_line' id='line_1_117' title="bbox 1857 5662 3425 5735; baseline -0.004 -17"><span class='ocrx_word' id='word_1_867' title='bbox 1857 5666 2063 5734; x_wconf 90' lang='lat' dir='ltr'><strong>nuptiis</strong></span> <span class='ocrx_word' id='word_1_868' title='bbox 2131 5664 2337 5735; x_wconf 86' lang='lat' dir='ltr'><strong>epulari</strong></span> <span class='ocrx_word' id='word_1_869' title='bbox 2395 5663 2766 5733; x_wconf 84' lang='lat' dir='ltr'><strong>presbyterum</strong></span> <span class='ocrx_word' id='word_1_870' title='bbox 2801 5670 2984 5716; x_wconf 87' lang='lat' dir='ltr'><strong>vetant</strong></span> <span class='ocrx_word' id='word_1_871' title='bbox 3017 5680 3029 5716; x_wconf 89' lang='lat'>:</span> <span class='ocrx_word' id='word_1_872' title='bbox 3059 5662 3186 5732; x_wconf 90' lang='lat' dir='ltr'><strong>quid</strong></span> <span class='ocrx_word' id='word_1_873' title='bbox 3216 5662 3271 5716; x_wconf 91' lang='lat' dir='ltr'><strong>in</strong></span> <span class='ocrx_word' id='word_1_874' title='bbox 3302 5676 3425 5716; x_wconf 87' lang='lat' dir='ltr'><strong>eum</strong></span> 
     </span>
    </p>
   </div>
  </div>
