4008 6318
574 346 681 409 999

1758 359 1820 418 S.
1859 358 2255 421 THEODORI
2299 362 2646 424 STUDITAS

3722 380 3856 443 1000

573 457 666 527 qui
697 455 973 528 digamum
991 462 1314 519 coronavit?
1344 463 1508 533 Quid,
1538 467 1590 521 in
1618 466 1939 526 adulterinis
1960 472 2168 542 nuptiis

2277 476 2449 546 γάμον
2500 478 2600 531 οὐκ
2647 477 2779 533 eam
2840 478 2930 533 τὸν
2979 484 3351 558 πρεσϐύτερον
3402 488 3729 557 έστιαθῆναι
3759 509 3770 519 ·
3806 495 3855 543 τί

576 548 794 619 triginta
823 559 964 607 totos
980 552 1097 609 dies
1126 557 1610 628 convivari?quid,
1639 562 1782 631 quod
1812 565 2174 632 perniciosius

576 650 699 709 est,
754 642 916 697 etiam
975 660 1240 703 coronare
1293 666 1417 705 eum
1456 654 1547 722 qui
1577 668 1645 707 ex
1687 654 1902 709 Domini
1951 666 2175 711 senten—

577 732 652 786 tia
684 731 755 787 sit
804 734 1017 790 adulter
1044 737 1067 790 ?
1100 753 1283 795 sacras
1325 740 1381 795 in
1412 744 1665 814 conjugio
1720 760 1911 815 preces
1941 747 2173 802 recitare

578 823 834 879 adulterii
861 828 1253 896 copulatorem,
1284 840 1335 886 et
1356 832 1594 888 divinam
1620 836 1846 905 gratiam
1880 836 2046 908 impie
2072 853 2174 907 pro

580 913 758 984 impiis
827 916 1140 974 invocare?
1199 921 1599 989 Exsecrandus,
1669 926 1916 995 profecto
1951 969 1966 991 ,
2017 928 2172 997 juxta

579 1021 839 1077 magnum
908 999 1218 1083 Dionysium
1254 1054 1269 1079 ,
1314 1014 1424 1069 Deo
1503 1026 1588 1070 est
1642 1017 2011 1089 profanusque
2077 1014 2171 1088 qui

581 1097 702 1154 haec
760 1099 910 1157 facit.
984 1102 1463 1175 Supervacaneum
1543 1106 1709 1162 fuerit
1759 1109 1893 1164 alios
1939 1110 1996 1164 in
2046 1125 2171 1165 eum

580 1207 824 1249 canones
891 1196 1155 1266 proferre.
1221 1199 1377 1265 Quod
1444 1217 1575 1257 vero
1636 1218 1703 1258 ex
1774 1220 1883 1274 quo
1951 1204 2171 1275 deposi-

582 1292 671 1338 tus
736 1300 766 1339 a
827 1290 1174 1357 praecedente
1243 1293 1554 1361 patriarcha
1602 1294 1703 1350 fuit
1744 1336 1760 1360 ,
1822 1311 2019 1352 novem
2071 1312 2173 1352 an-

580 1388 777 1430 norum
830 1379 1066 1447 spatium
1113 1383 1467 1453 exegerit:et
1523 1401 1721 1450 canon,
1762 1386 1865 1442 nisi
1897 1387 2036 1442 intra
2069 1402 2171 1441 an-

584 1476 716 1515 num
750 1463 1081 1534 absolvatur,
1142 1469 1348 1524 absolvi
1403 1481 1590 1543 postea
1625 1491 1952 1545 quemquam
1999 1486 2167 1545 vetet,

580 1568 691 1623 quo
729 1554 850 1611 loco
897 1562 1272 1627 reponemus?
1297 1562 1368 1618 At
1397 1565 1654 1633 objicitur
1687 1584 1910 1637 prorsus
1941 1570 2165 1625 absolu-

582 1653 696 1700 tum
734 1646 925 1703 fuisse.
958 1647 1178 1716 Verum,
1200 1653 1244 1708 si
1272 1653 1484 1710 solutus
1507 1655 1709 1722 fuerat,
1734 1674 1833 1714 cur
1857 1675 1966 1715 non
1992 1661 2167 1715 sacri-

581 1735 819 1792 ficabat?
850 1740 936 1806 Et,
970 1741 1016 1796 si
1072 1743 1281 1801 solutus
1322 1756 1463 1812 erat,
1508 1764 1610 1803 cur
1656 1751 1863 1805 absolvi
1893 1766 1922 1806 a
1959 1753 2168 1823 synodo

580 1827 1031 1896 petiit?Planum
1077 1835 1225 1889 enim
1275 1847 1378 1904 est,
1427 1840 1765 1896 solutionem
1822 1842 1892 1897 ab
1938 1820 2005 1897 eo
2055 1843 2165 1912 peti
2202 1820 2241 1874 Β

582 1918 674 1986 qui
705 1918 923 1975 vinctus
964 1922 1056 1986 sit.
1108 1939 1216 1980 non
1253 1927 1349 1996 qui
1381 1929 1613 1984 solutus.
1668 1928 1870 1997 Quare,
1908 1932 2075 1986 etiam
2108 1932 2165 1987 in

585 2011 830 2081 seipsum
884 2013 1145 2086 impegit,
1197 2028 1387 2074 contra
1442 2024 1728 2077 veritatem
1776 2024 1911 2095 erigi
1952 2025 2161 2080 volens.

583 2102 881 2159 Sacrorum
918 2106 1083 2178 igitur
1109 2108 1416 2178 profanatio
1445 2122 1548 2179 est,
1583 2114 1772 2180 frater,
1801 2114 1964 2170 istum
1996 2119 2169 2172 sacris

584 2195 799 2265 operari
829 2214 844 2252 :
880 2212 1262 2271 canonumque
1294 2218 1488 2274 magna
1542 2205 1878 2274 perturbatio
1901 2207 2027 2261 talia
2067 2222 2159 2261 ne-

584 2286 810 2358 gligere.
842 2286 982 2355 Quid
1009 2290 1154 2345 enim
1181 2302 1264 2348 est
1290 2294 1433 2363 quod
1464 2296 1539 2350 ait
1579 2296 2039 2369 Chrysostomns?
2073 2313 2171 2369 pe-

582 2380 757 2435 riculo
783 2396 895 2435 non
928 2396 1141 2446 vacare.
1175 2385 1221 2439 si
1242 2385 1297 2439 in
1316 2387 1654 2443 sacerdotem
1682 2404 1792 2443 non
1817 2390 2125 2460 inquiratur
2155 2409 2167 2443 :

580 2486 693 2525 non
729 2470 800 2527 de
820 2471 926 2526 iide
966 2471 1069 2527 hoc
1098 2474 1305 2541 dicens,
1330 2484 1389 2531 ut
1418 2479 1557 2533 male
1583 2494 1796 2545 censes,
1827 2482 1923 2535 sed
1948 2480 2018 2535 de
2049 2482 2172 2536 vita:

583 2562 917 2635 integritate.
956 2563 1289 2637 Interrogare
1319 2568 1535 2638 quidem
1575 2578 1628 2624 et
1663 2580 1921 2627 excutere
1976 2588 2174 2626 unum-

581 2668 853 2725 quemque
880 2695 893 2721 ,
951 2656 1227 2726 quomodo
1293 2673 1355 2714 se
1408 2659 1647 2728 habent,
1687 2662 1826 2716 nihil
1858 2672 1942 2717 est
1987 2678 2172 2733 opus:

583 2746 752 2816 gratia
792 2748 936 2802 enim
972 2748 1134 2803 etiam
1168 2764 1333 2820 super
1359 2750 1643 2823 indignum
1682 2764 1907 2824 propter
1934 2771 2051 2819 eos,
2081 2755 2173 2829 qui

584 2838 874 2906 accedunt,
906 2840 1209 2897 descendit.
1238 2843 1300 2897 in
1338 2844 1406 2900 iis
1438 2854 1620 2899 autem
1644 2847 1735 2916 qui
1768 2847 2063 2903 manifesto
2096 2848 2172 2903 rei

585 2938 734 2996 sunt,
765 2932 943 3001 qualis
972 2942 1058 2988 est
1086 2932 1314 3006 Ioseph,
1346 2945 1401 2991 et
1440 2937 1660 3007 quidem
1699 2939 1879 3010 magni
1926 2939 2170 3002 sceleris.

584 3022 732 3093 quod
771 3024 825 3078 in
859 3025 1032 3080 oculis
1053 3026 1296 3081 omnium
1332 3030 1623 3096 commisit,
1658 3031 1855 3086 vetitas
1878 3047 1908 3086 a
1945 3031 2177 3088 Domino

586 3114 806 3184 nuptias
828 3116 1107 3185 copulans,
1126 3116 1353 3187 ipsoque
1373 3120 1622 3175 adultero
1646 3122 1984 3178 manifestior
2004 3166 2020 3190 ,
2044 3126 2171 3179 dum

586 3219 713 3260 eum
788 3207 1112 3277 conjunxit,
1164 3209 1601 3281 quandoquidem
1655 3213 1772 3268 haec
1810 3230 1919 3268 non
1966 3215 2175 3271 discre-

587 3306 737 3368 pant,
770 3298 921 3368 juxta
945 3299 1277 3373 Theologum
1308 3320 1323 3369 ;
1363 3303 1725 3369 dissimulare,
1766 3307 2054 3380 perspicua
2094 3316 2179 3363 est

588 3390 823 3460 proditio
853 3391 1117 3460 veritatis,
1148 3402 1203 3449 et
1230 3409 1502 3450 canonum
1538 3398 1874 3468 corruptela.

661 3612 745 3666 An
775 3611 952 3667 nescit
977 3612 1364 3667 benevolentia
1396 3624 1516 3679 tua,
1553 3613 1724 3669 Deum
1768 3616 1945 3684 ipsum
2000 3615 2178 3671 vindi-

591 3718 710 3759 cem
742 3703 913 3759 fuisse
945 3744 961 3771 ,
1016 3704 1236 3774 quando
1266 3719 1377 3759 non
1412 3704 1721 3761 insurrexit
1752 3708 1845 3777 qui
1885 3707 2178 3762 Ecclesiam

593 3810 709 3855 tum
735 3798 1113 3870 gubernabat;
1157 3808 1216 3853 ut
1246 3798 1484 3855 Samueli
1523 3800 1803 3870 quondam
1842 3800 2041 3857 accidit
2078 3800 2177 3856 ad-

592 3901 786 3943 versus
843 3886 1097 3941 insanum
1158 3887 1377 3943 Saulem
1410 3906 1423 3943 :
1456 3897 1510 3944 et
1542 3889 1704 3958 hujus
1748 3890 1898 3957 novi,
1935 3890 2081 3961 quod
2111 3889 2180 3945 ad

593 3981 815 4035 modum
834 3979 1080 4034 adulterii
1104 3989 1333 4051 spectat,
1358 3979 1586 4035 Herodis
1616 3997 1841 4053 regnum
1881 3983 2180 4039 evertisse?

594 4072 744 4127 Idem
782 4073 929 4127 enim
976 4071 1208 4129 Herodis
1251 4074 1397 4128 illius
1430 4072 1693 4144 ﬂagitium
1733 4073 1852 4139 fuit,
1882 4075 1976 4144 qui
2019 4090 2048 4128 a
2079 4090 2179 4145 po-

594 4166 721 4235 pqu
749 4180 849 4220 suo
878 4165 1068 4236 pulsus
1092 4165 1195 4221 fuit
1242 4175 1299 4222 et
1337 4167 1553 4222 occisus
1591 4168 1838 4238 ;quippe
1868 4168 1962 4238 qui
2002 4166 2180 4223 Arata:

595 4256 741 4327 regis
768 4256 930 4312 tiliam
959 4296 975 4323 ,
1027 4258 1323 4329 legitimam
1369 4260 1657 4329 conjugem
1714 4259 1940 4324 dimisit,
1978 4259 2180 4329 injuste

595 4346 698 4401 sibi
756 4347 1020 4417 copulans
1078 4347 1312 4418 Philippi
1383 4348 1569 4403 fratris
1611 4347 1988 4404 Herodiadem.
2022 4349 2178 4415 Quod

596 4437 641 4492 si
676 4437 793 4493 ιιωο
847 4438 1128 4494 vindicare
1164 4455 1274 4494 non
1317 4440 1577 4493 convenit
1611 4458 1621 4492 :
1664 4442 1866 4494 erravit
1897 4442 2178 4495 cliaritatis

2277 572 2414 638 πρὸς
2458 570 2519 624 τὸ
2562 572 2660 625 τὸν
2682 571 2912 644 δίγαμον
2951 577 3297 646 στεφανῶσαι
3319 598 3332 647 ;
3358 582 3410 633 τί
3444 580 3501 634 δὲ
3531 582 3594 635 τὸ
3622 584 3709 646 εἰς
3742 601 3857 653 μοι·

2275 664 2429 732 χικὸν
2452 663 2632 734 γάμον
2666 664 2984 735 ἑστιαθῆναι
3015 668 3166 732 ὅλαις
3213 672 3512 741 τριάκοντα
3570 674 3855 745 ήμέραιςς

2274 754 2427 820 τίδὲ,
2472 757 2534 809 τὸ
2584 757 2995 830 ὀλεθριώτερον,
3038 762 3098 814 τὸ
3136 764 3229 815 καὶ
3275 766 3624 833 στεφανῶσαι
3671 768 3859 837 μοιχὸν

2276 849 2417 901 κατά
2458 849 2551 903 τὸν
2600 849 2759 919 λόγον
2805 849 2900 905 τοῦ
2939 853 3170 920 Κυρίου,
3214 855 3314 925 τὴν
3344 855 3439 908 ἐπὶ
3485 860 3555 928 τῇ
3587 859 3859 932 συναφείᾳ

2279 940 2428 1010 ίεράν
2485 942 2797 1012 προσευχὴν
2849 944 3078 1012 λέγοντα
3145 947 3237 998 τὸν
3298 948 3724 1021 μοιχοζεύκτην,
3767 952 3858 1005 καὶ

2276 1030 2759 1102 προσκαλούμενον
2820 1034 2919 1099 τὴν
2961 1036 3114 1090 θείαν
3162 1038 3324 1110 χάριν
3379 1040 3560 1105 ἀθέως
3609 1043 3707 1095 ἐπὶ
3734 1044 3859 1104 τοὺς

2276 1122 2581 1192 βεϐή).ους;
2619 1124 2993 1192 Ἀπόπτυστός
3040 1129 3158 1182 ἐστι
3212 1131 3369 1202 παρὰ
3401 1131 3542 1203 Θεῷ,
3574 1135 3725 1187 κατά
3769 1134 3859 1187 τὸν

2275 1214 2418 1268 θεῖον
2467 1216 2766 1283 Διονύσιον,
2799 1220 2891 1272 καὶ
2939 1221 3156 1291 ἀνίερος
3188 1224 3217 1276 6
3265 1223 3531 1288 τοιοῦτος.
3572 1227 3859 1295 Παρέλκον

2274 1308 2383 1379 γάρ
2411 1309 2528 1361 ἐστι
2576 1312 2703 1374 τοὺς
2739 1313 2829 1365 ἐπ’
2862 1312 3011 1383 αύτῷ
3045 1315 3236 1378 ἀλλους
3284 1318 3577 1386 κειμένους
3626 1320 3861 1383 κανόνας

2274 1395 2375 1455 ὧδε
2435 1404 2689 1471 γράφειν.
2717 1406 2836 1457 Ὅτι
2867 1406 2923 1460 δὲ
2956 1410 3049 1461 καὶ
3085 1409 3190 1462 ὑπὸ
3227 1409 3322 1463 τοῦ
3389 1413 3857 1482 προηγησαμένου

2273 1495 2615 1566 πατριάρχου
2645 1497 3032 1568 ἀφωρισμένος
3060 1502 3284 1572 ἐνναετῆ
3310 1504 3499 1574 χρόνον
3522 1504 3688 1575 ἔτυχε
3712 1521 3729 1536 ·
3768 1506 3859 1559 καὶ

2272 1586 2300 1637 6
2329 1585 2513 1640 κανὼν
2537 1589 2586 1641 εἰ
2616 1587 2690 1659 μὴ
2712 1589 2864 1654 ὲντδς
2891 1591 3140 1646 ἐνιαυτοῦ
3169 1593 3302 1665 λυθῇ
3325 1640 3338 1657 ,
3366 1597 3465 1649 οὐκ
3492 1596 3760 1667 ἀνέχεται
3780 1599 3858 1651 ἔτι

2270 1679 2369 1747 τὴν
2419 1678 2595 1746 λύσιν,
2633 1680 2734 1733 ποῦ
2768 1679 3006 1753 θήσομεν
3035 1702 3051 1750 ;
3084 1685 3306 1749 Πάντως
3332 1687 3388 1740 δὲ
3436 1689 3468 1759 ἡ
3522 1690 3853 1761 ἀπάντησις,

2272 1771 2355 1825 ὅτι
2409 1772 2646 1827 ἐλέλυτο.
2684 1775 2793 1829 Καὶ
2842 1776 2891 1830 εἰ
2943 1776 3178 1840 ἐλέλυτο,
3216 1779 3331 1845 πῶς
3381 1781 3480 1852 οὐχ
3528 1782 3853 1854 ἱερουργεῖ;

2271 1865 2363 1918 καὶ
2398 1865 2445 1918 εἰ
2483 1865 2723 1933 ἐλέλυτο,
2756 1866 2873 1932 πῶς
2915 1869 3042 1940 ἀρτι
3087 1871 3317 1943 ὲξῄτησε
3371 1872 3524 1926 λύσιν
3569 1876 3681 1929 ὑπὸ
3736 1894 3858 1928 συν-

2268 1958 2428 2026 ὁδους
2484 1959 2739 2030 Δηλονότι
2790 1963 2818 2014 6
2872 1961 3157 2034 δεδεμένος
3204 1966 3361 2036 ζητεῖ
3406 1965 3657 2036 λυθῆναι,
3693 1969 3792 2039 οὐχ
3830 1972 3857 2023 ό

2269 2049 2455 2112 ἄδετος
2480 2064 2494 2079 °
2542 2048 2681 2104 ὥστε
2730 2050 3014 2106 κάνταῦθα
3058 2055 3378 2125 περιπίπτει
3419 2055 3650 2127 ὲαυτῷὁ
3686 2058 3857 2112 θέλων

2270 2140 2414 2195 κοιτά
2460 2140 2561 2211 τῆς
2622 2143 2885 2213 ἀληθείας
2930 2146 3222 2202 κινεῖσθαι.
3254 2147 3570 2217 Βεϐήλωσις
3615 2146 3712 2203 οὖν
3747 2151 3854 2203 τῶν

2270 2233 2443 2301 ἀγίων
2472 2234 2642 2296 ἐστὶν,
2676 2228 2722 2287 ὧ
2744 2235 2962 2305 ἀδελφέ,
2988 2237 3177 2292 τοῦτον
3206 2239 3509 2310 ἱερουργεῖν
3544 2257 3558 2271 ·
3593 2242 3693 2295 καὶ
3719 2241 3853 2310 σύγ-

2271 2344 2428 2397 χυσις
2449 2328 2719 2400 παντελὴς
2745 2329 2856 2383 τῶν
2884 2331 3125 2384 κανόνων
3154 2330 3213 2384 τδ
3243 2331 3318 2403 μὴ
3358 2333 3428 2385 τὰ
3488 2334 3719 2388 τοιαῦτα
3752 2353 3853 2404 φυ-

2271 2416 2586 2474 λάττεσθαι.
2610 2420 2676 2471 Τί
2710 2420 2817 2492 γάρ
2834 2418 2981 2489 λέγει
3005 2423 3144 2476 καὶὸ
3173 2424 3564 2496 Χρυσόστομος
3592 2443 3609 2493 ;
3638 2427 3724 2479 ὅτι
3758 2427 3855 2480 οὐκ

2273 2511 2557 2564 ἀκίνδυνόν
2591 2514 2709 2565 ἐστι
2766 2515 2827 2566 τὸ
2870 2514 3227 2579 ἀνεξέταστον
3271 2518 3365 2570 ἐπὶ
3396 2517 3489 2570 τοῦ
3537 2518 3754 2589 ἰερέως.
3781 2521 3853 2573 Ού

2276 2602 2406 2673 περὶ
2438 2602 2695 2666 πίστεως,
2731 2605 2806 2667 ὼς
2834 2605 2956 2669 οίει,
2985 2606 3145 2659 τοῦτο
3177 2606 3372 2673 λέγων,
3403 2609 3542 2663 ἀλλὰ
3584 2610 3719 2681 περὶ
3759 2612 3857 2680 τῆς

2277 2693 2420 2747 κατά
2443 2694 2535 2748 τὸν
2562 2693 2678 2764 βίον
2736 2695 3041 2766 ἀκριϐείας.
3082 2698 3364 2768 Ἐκζητείν
3403 2700 3584 2754 τοίνυν
3628 2702 3722 2757 καὶ
3763 2684 3861 2757 ἀνέ

2275 2787 2505 2857 ερευνᾷν
2530 2786 2765 2841 ἕκαστον
2819 2788 2968 2853 ὅπως
3010 2788 3125 2860 ἔχει
3158 2792 3217 2843 ού
3250 2791 3369 2846 δέον
3396 2807 3408 2820 ·
3450 2794 3483 2862 ἡ
3524 2793 3693 2864 χάρις
3751 2796 3855 2866 γάρ

2276 2878 2370 2933 καὶ
2395 2880 2487 2933 ἐπὶ
2522 2880 2647 2943 τοὺς
2672 2879 2923 2946 ἀναξίους
2955 2880 3043 2934 διά
3076 2883 3202 2946 τοὺς
3229 2884 3559 2954 προσιόντας
3586 2886 3853 2941 κάτεισιν.

2278 2968 2369 3033 Et;
2407 2971 2464 3025 δὲ
2504 2972 2633 3034 τοὺς
2678 2971 2961 3043 προδήλως
2992 2974 3481 3044 κατεγνωσμένους
3510 3016 3525 3041 ,
3570 2968 3649 3030 ὧν
3706 2978 3855 3030 ἐστιν

2277 3058 2358 3127 εἷς
2390 3063 2481 3116 καὶ
2508 3066 2536 3116 6
2584 3063 2803 3135 Ἰωσὴφ,
2836 3064 2982 3136 μάλα
3030 3067 3261 3136 ἀνομίαν
3307 3068 3553 3139 μεγάλην
3589 3070 3854 3141 συνάψας,

2200 3163 2243 3221 C
2276 3154 2581 3222 ἀναφανδὸν
2638 3155 2736 3224 τῆς
2783 3156 3130 3228 οἰκουμένης,
3161 3158 3228 3230 ἢν
3268 3161 3295 3211 ὀ
3329 3158 3537 3231 Κύριος
3582 3160 3854 3234 ἀπέφηνε,

2279 3246 2373 3297 καὶ
2425 3244 2823 3316 ἐναργέστερος
2876 3246 2972 3300 τοῦ
3029 3248 3418 3319 μοιχεύσαντος
3447 3253 3801 3322 χρηματίσας
3830 3253 3857 3303 6

2278 3332 2470 3389 τοῦτον
2526 3334 2789 3400 συξεύξας
2816 3353 2831 3368 ⁸
2860 3337 2940 3409 τῷ
2993 3339 3069 3409 μὴ
3126 3339 3536 3394 διαστέλλεσθαι
3570 3342 3719 3395 κατά
3766 3342 3856 3394 τὸν

2278 3425 2540 3495 Θεολόγον
2577 3466 2593 3491 ,
2628 3428 2891 3498 προδοσία
2928 3429 3031 3500 τῆς
3074 3431 3333 3502 ἀληθείας
3388 3432 3587 3504 σαφὴς,
3624 3435 3723 3489 καὶ
3752 3432 3859 3488 τῶν

2281 3519 2521 3574 κανόνων
2552 3519 2878 3590 παράλυσις.

2352 3612 2421 3664 Ἢ
2446 3612 2547 3666 οὐκ
2566 3608 2676 3666 οἶδέ
2711 3629 2805 3665 σου
2844 3613 2878 3684 ἡ
2912 3610 3085 3680 φιλία,
3117 3613 3199 3667 ὅτι
3226 3613 3358 3667 αὐτὸ
3390 3612 3450 3667 τὸ
3491 3613 3635 3681 θεῖον
3665 3614 3860 3669 αὖτειι⁹

2279 3700 2498 3770 δίκητον
2550 3701 2794 3771 γέγονεν,
2828 3702 2992 3773 ἡνίκα
3042 3703 3102 3756 οὐ
3146 3702 3401 3773 διανέστη
3450 3704 3479 3756 6
3517 3701 3716 3758 ἰθύνων
3764 3704 3859 3773 τὴν

2294 3791 2626 3863 Ἐκκλησίαν
2658 3793 2719 3845 τὸ
2744 3793 2999 3863 τηνικάδε
3023 3810 3039 3825 ⁸
3074 3793 3150 3857 ὡς
3179 3792 3435 3863 Σαμουὴλ
3458 3794 3628 3847 πάλαι
3663 3795 3759 3847 ἐπὶ
3786 3794 3859 3864 τῷ

2280 3882 2474 3954 ἄφρονι
2541 3886 2744 3940 Σαούλ’
2797 3887 3090 3960 διαρρῆξαι
3140 3886 3237 3957 τὴν
3297 3884 3391 3937 τοῦ
3448 3886 3569 3939 νέου
3619 3886 3857 3957 Ἡρώδου

2281 3976 2421 4031 κατά
2445 3977 2536 4029 τὸν
2566 3977 2666 4047 τῆς
2708 3979 2955 4049 μοιχείας
2984 3980 3184 4051 τρόπον
3209 3977 3509 4049 βασιλείαν.
3535 3978 3727 4031 Ταῦτα
3751 3980 3858 4049 γὰρ

2282 4068 2520 4123 πέπονθε
2549 4069 2643 4124 καὶ
2689 4071 2933 4143 Ἡρώδης
2972 4074 3200 4137 ἐκεῖνος,
3233 4071 3338 4127 ὑπὸ
3366 4071 3460 4125 τοῦ
3489 4072 3697 4125 οἰκείου
3731 4070 3858 4125 λαοῦ

2282 4164 2669 4228 ἀνασοὸευθεὶς
2700 4167 2794 4219 καὶ
2819 4165 3181 4229 ἀποκτανθείς
3210 4183 3223 4197 ·
3255 4164 3394 4218 ἐπὰν
3437 4163 3590 4217 εῐασε
3629 4164 3731 4234 τὴν
3766 4164 3857 4218 τοῦ

2295 4257 2492 4328 Ἀρέτα
2540 4256 2803 4326 βασιλέως
2849 4258 3125 4328 θυγατέρα
3190 4258 3424 4329 νόμιμον
3475 4255 3646 4310 αὐτοῦ
3693 4253 3859 4311 οὖσαν

2282 4353 2517 4418 γυναῖκα
2547 4366 2559 4379 ’
2588 4351 2931 4420 ἀγαγόμενος
2966 4349 3297 4421 παρανόμως
3343 4352 3442 4421 τὴν
3488 4350 3584 4407 τού
3628 4350 3857 4421 ἀδελφοῦ

2280 4444 2546 4497 Φιλίππου
2582 4443 2904 4516 Ἡρωδιάδα.
2937 4444 2999 4496 Εἰ
3049 4443 3105 4495 δὲ
3160 4443 3332 4497 ταῦτα
3359 4445 3420 4497 οὐ
3468 4444 3588 4498 δέον
3628 4445 3857 4498 ἐκδικεῖ-

598 4535 704 4581 tum
733 4526 940 4596 judicio
984 4543 1291 4598 praecursor
1337 4527 1602 4595 Joannes,
1634 4530 1780 4599 quod
1832 4531 2174 4585 temerarium

2292 4534 2439 4601 σθαι,
2472 4534 2809 4607 ἡμαρτηκὼς
2838 4536 3068 4588 ἐνώπιον
3101 4537 3199 4601 τῆς
3240 4536 3465 4605 ἀγάπης
3488 4552 3585 4589 σου
3613 4536 3853 4605 γέγονεν,

596 4628 680 4672 est
709 4615 998 4685 afﬁrmare,
1031 4634 1155 4674 cum
1190 4619 1464 4675 Herodem
1498 4620 1877 4692 reprehendit,
1912 4631 2175 4675 mortem-

596 4710 972 4780 que.0ppetiit
1003 4711 1074 4766 ob
1115 4712 1623 4782 reprehensionem.
1664 4712 1878 4769 Erravit
1930 4712 2179 4767 similiter

598 4812 655 4856 et
684 4802 1105 4873 Cbrysostomus
1131 4805 1201 4871 εί,
1233 4820 1357 4859 cum
1402 4822 1500 4875 pro
1529 4806 1707 4861 viduae
1759 4821 1888 4877 agro
1938 4805 2175 4860 validum

600 4896 873 4946 certamen
918 4892 1171 4949 instituit.
1219 4893 1324 4948 Pro
1378 4895 1508 4948 bono
1550 4896 1687 4949 enim
1716 4935 1730 4959 ,
1763 4895 1959 4965 inquit,
2016 4898 2177 4949 audet

601 4984 862 5052 quispiam
895 4986 1027 5038 mori
1049 4986 1116 5039 ⁸⁸.
1145 4985 1216 5042 Ut
1241 5002 1347 5041 non
1371 5002 1791 5042 commemorem
1818 4988 2025 5043 similes
2045 4988 2179 5041 alias

603 5084 910 5131 sanctorum
932 5091 1030 5147 pro
1050 5077 1317 5133 similibus
1344 5080 1745 5135 contentiones.
1769 5083 1847 5136 An
1875 5096 2066 5135 rursus
2104 5081 2178 5152 ig-

604 5175 761 5221 norat
800 5171 1105 5224 reverentla
1131 5178 1245 5235 tua,
1279 5187 1403 5226 cum
1432 5171 1646 5227 duabus
1678 5187 1743 5226 ex
1773 5173 1936 5227 rebus
1962 5181 2173 5227 constet

609 5256 1083 5327 Christianistnus,
1104 5259 1209 5316 fide
1250 5271 1306 5317 et
1348 5263 1643 5333 operibus;
1672 5264 1717 5318 si
1757 5264 1984 5320 alterum
2014 5264 2170 5325 desit,

605 5348 833 5405 alterum
858 5366 965 5406 non
1005 5352 1310 5421 prodesse?
1340 5354 1647 5409 IEmuletur
1666 5356 1867 5425 itaque,
1900 5371 2171 5427 rogamus,

605 5439 807 5506 divina,
835 5443 1069 5513 primum
1104 5445 1321 5515 quidem
1355 5457 1413 5501 ut
1445 5449 1756 5503 communis
1790 5449 1958 5518 patris
2011 5449 2173 5514 ﬁlius,

606 5532 871 5589 excitetur
894 5537 1095 5606 pariter
1112 5538 1178 5593 ad
1201 5539 1460 5595 honesta:
1488 5541 1711 5609 perinde
1736 5552 1840 5595 uta
1856 5542 2013 5597 beato
2038 5543 2175 5598 Saba

606 5624 870 5689 eruditus,
897 5638 1202 5684 accuratam
1226 5647 1330 5685 non
1359 5632 1531 5686 solum
1557 5632 1700 5697 fidei,
1720 5634 1815 5689 sed
1836 5634 1998 5689 etiam
2024 5650 2189 5690 cano-

607 5732 737 5773 num
778 5720 1039 5775 rationem
1074 5723 1429 5792 amplectatur
1456 5743 1467 5773 :
1495 5726 1728 5795 denique
1754 5742 2039 5798 germanus
2061 5743 2183 5783 cum

678 5832 719 5861 '“
751 5830 808 5887 In
839 5834 956 5903 ejus
1001 5835 1136 5904 Vita,
1177 5854 1232 5893 n.
1259 5839 1343 5896 59.
1405 5842 1450 5872 ἰ’
1488 5839 1641 5892 Rom.
1682 5855 1733 5891 ν.
1758 5840 1811 5892 7.

2279 4628 2328 4681 εἰ
2364 4628 2454 4681 καὶ
2479 4628 2649 4698 τολμη
2660 4628 2749 4700 ρὸν
2780 4630 2973 4692 εἰπεῖν,
2998 4629 3026 4681 6
3048 4627 3358 4698 Πρόδρομος
3404 4626 3681 4696 Ἰωάννης,
3706 4627 3856 4694 ἑλέγ·

2281 4719 2378 4785 ξας
2422 4718 2513 4771 τὸν
2558 4718 2824 4790 Ἡρώδην,
2880 4720 2972 4772 καὶ
3021 4717 3196 4772 θανὼν
3245 4717 3385 4783 ὑπὲρ
3443 4717 3539 4771 τοῦ
3595 4717 3853 4787 ἐλεγμοῧ.

2291 4811 2570 4875 Ὡσαύτως
2607 4813 2701 4865 καὶ
2733 4814 2760 4865 6
2794 4812 3200 4883 Χρυσόστομος,
3233 4812 3372 4881 ὑπὲρ
3401 4811 3498 4863 τοῦ
3540 4808 3715 4881 ἀγροῦ
3760 4810 3857 4881 τῆς

2284 4905 2460 4975 χήρας
2486 4904 2737 4958 ἔνστασιν
2770 4906 3072 4975 ἀθλητικὴν
3102 4904 3532 4974 ἐπιδειξάμενος.
3552 4905 3737 4974 ’Υπὲρ
3755 4906 3855 4960 τοῦ

2281 4998 2509 5065 ἀγαθοῦ
2536 4997 2687 5065 τάχα
2711 4998 2837 5066 γὰρ,
2871 5000 3029 5068 φησὶ,
3071 5000 3165 5052 καί
3226 4998 3416 5068 τολμᾷ
3479 5017 3573 5066 τις
3634 5002 3856 5056 ἀποθα-

2283 5089 2431 5144 νεῖν.
2456 5090 2573 5143 Ἵνα
2606 5091 2679 5160 μὴ
2703 5090 2848 5157 λέγω
2870 5093 2967 5155 τὰς
2993 5092 3099 5145 τῶν
3122 5091 3296 5146 ἄλλων
3322 5094 3493 5161 ἁγίων
3515 5094 3857 5165 ὁμοτρόπους

2283 5182 2423 5253 ὑπὲρ
2467 5183 2576 5236 τῶν
2621 5183 2876 5236 τοιούτων
2920 5185 3221 5247 ἐνστάσεις.
3269 5186 3339 5237 Ἦ
3389 5185 3552 5238 πάλιν
3612 5187 3854 5256 ἀγνοείνή

2280 5276 2527 5345 τιμιότης
2561 5292 2676 5340 σου,
2708 5277 2787 5328 ὅτι
2814 5277 2877 5327 ὲκ
2916 5275 3009 5329 δύο
3038 5275 3431 5343 συνισταμένου
3456 5274 3551 5328 τοῦ
3593 5277 3855 5348 Χριστια-

2283 5369 2499 5439 νισμοῦ,
2533 5368 2678 5436 λέγω
2730 5368 2791 5437 δὴ
2826 5370 3063 5430 πίστεως
3120 5367 3484 5437 καγέργων,
3530 5370 3581 5421 εί
3634 5369 3855 5437 θάτερον

2281 5462 2475 5527 λείπει,
2510 5463 2630 5516 οὐδὲ
2675 5462 2734 5515 τὸ
2781 5464 2966 5533 ἕτερον
3007 5461 3212 5531 ὀνίνησι
3242 5461 3331 5514 τὸν
3359 5461 3576 5531 ἔχοντας
3607 5462 3857 5531 Ζηλούτω

2284 5557 2487 5619 τοίνυν,
2519 5554 2969 5626 παρακαλοῦμεν,
2999 5556 3067 5607 τὰ
3111 5555 3249 5620 θεῖα,
3274 5556 3366 5609 καὶ
3406 5553 3629 5624 πρῶτον
3664 5554 3765 5623 μὲν
3786 5553 3854 5615 ὡς

2282 5649 2375 5701 τοῦ
2411 5649 2589 5702 κοινοῦ
2638 5649 2841 5718 πατρὸς
2890 5650 3078 5700 τέκνον
3115 5645 3569 5717 χρηματίζουσα,
3605 5662 3852 5700 cavam:-

2289 5742 2463 5812 ρέσοω
2503 5742 2637 5811 πρὸς
2676 5742 2744 5793 τὰ
2795 5741 2980 5794 δέοντα
3023 5757 3034 5771 ·
3078 5739 3328 5810 δεύτερον
3358 5739 3523 5803 δὲὼς
3555 5739 3636 5807 τῷ
3674 5755 3846 5806 μακαυ
