4008 6318
190 349 316 414 1001

1408 349 1942 412 EPISTOLARUM
1977 351 2048 410 Ll
2062 350 2125 409 Β.
2157 349 2203 408 ῐ.

3285 341 3422 408 1002

185 464 303 534 ρίτῃ
340 459 493 532 Σάϐᾳ
527 459 983 531 μαθητευσαμὲνη
1005 476 1017 490 °
1054 461 1340 534 ἀκρίϐειαν
1370 464 1430 516 οὐ
1462 464 1623 533 μόνον
1651 481 1754 516 κα-

1871 463 1946 523 sit,
1990 462 2305 525 fraternam,
2355 460 2708 529 eamdemque
2769 459 3050 516 nobiscum
3096 460 3423 514 sententiam

179 553 248 606 τὰ
285 552 386 622 τὴν
419 551 626 613 πίστιν,
653 550 790 604 ἀλλὰ
828 552 923 605 καὶ
947 551 1086 605 κατὰ
1100 551 1227 616 τοὺς
1255 552 1486 615 κανόνας
1508 553 1755 617 ἀσπαξέ-

182 644 296 698 σθω
317 660 332 675 ο
354 643 557 713 τρίτον,
578 642 645 696 τά
662 642 862 710 ἀδελφά
881 641 1034 712 ήμῶν
1053 643 1338 714 φρονείτω,
1359 644 1433 706 ὡς
1451 644 1753 714 όμάδελφος

181 731 338 789 οὖσαι
360 735 474 798 καὶ,
490 735 999 804 ὑπομιμνήσκομεν,
1013 733 1072 786 τὸ
1087 735 1283 788 οίκεῖον
1302 733 1545 805 κάθισμα
1569 735 1756 804 ἐπιτη-

185 829 376 895 ρείτω·
404 826 601 896 μήπως
631 825 878 878 ἐντεῦθεν
910 825 1198 897 σκάζωμεν
1229 825 1356 897 περὶ
1372 825 1439 878 τά
1471 825 1751 881 κάλλιστα.

256 911 538 980 Σύγγνωθι
594 913 898 982 ἀδελφικῶς
955 913 1503 985 ὑπομιμνήσκουσιν,
1568 914 1758 987 ῶσπερ

184 1003 282 1057 καὶ
328 1002 477 1072 αὐτῷ
505 1005 669 1074 ἡμεῖς
698 1019 711 1035 ·
755 1005 849 1058 καὶ
876 1005 937 1058 οὐ
989 1006 1164 1076 χρεὼν
1221 1006 1366 1075 ἡμᾶς
1423 1006 1757 1074 ἀγανακτεῖν

185 1093 658 1164 ὑπομνησθέντας.
699 1095 850 1165 Μηδέ
881 1097 912 1165 ή
949 1096 1015 1165 σὴ
1047 1095 1300 1166 τιμιότης
1329 1097 1714 1167 δριμυσσέσθω
1740 1114 1753 1130 ο

185 1182 302 1236 ἀλλ’
333 1184 656 1238 ἀναπτέσθω
687 1185 887 1254 μᾶλλον
914 1186 993 1248 είς
1033 1186 1273 1256 ἀγάπην.
1307 1187 1416 1240 Καὶ
1445 1188 1758 1242 ἐπιστελλέ-

184 1291 286 1340 τω,
309 1275 498 1338 ὁσάκις
522 1275 589 1328 ἂν
620 1275 714 1329 καὶ⁵
743 1274 1020 1346 βούληται,
1051 1276 1121 1329 τὰ
1150 1277 1398 1331 τοιαῦτα.
1431 1278 1603 1333 Οὐδὲν
1649 1280 1759 1351 γὰρ

188 1369 342 1438 παρὰ
372 1370 565 1420 τούτου
601 1367 1009 1437 βλαϐησόμεθα,
1043 1369 1075 1435 ἢ
1123 1368 1184 1422 τὸ
1234 1368 1382 1438 βιοῦν
1431 1370 1762 1438 ἀσφαλέστε-

194 1475 306 1529 ρον.
339 1459 475 1527 Περὶ
502 1458 556 1511 δὲ
590 1457 683 1510 τοῦ
710 1459 889 1523 πάπα,
919 1459 1004 1522 τίς
1035 1461 1165 1530 ἡμῖν
1201 1459 1357 1528 λόγος
1383 1459 1555 1525 οὕτως
1583 1461 1761 1531 πράσα

191 1567 379 1613 σοντος
411 1549 442 1618 ἢ
494 1550 715 1613 ἐκείνως
750 1568 762 1615 ;
795 1549 856 1611 ὃς
916 1553 1029 1612 τοῖς
1077 1549 1300 1614 οἰκείοις
1328 1593 1342 1616 ,
1378 1551 1757 1622 συγχώρησον,

189 1641 336 1695 ἐάλω
367 1644 606 1712 πτεροῖς,
642 1641 780 1694 κατά
807 1642 868 1695 τὸ
895 1641 1096 1710 λόγιον.
1125 1641 1304 1713 Μηδὲν
1339 1643 1447 1712 γὰρ
1478 1643 1606 1714 περὶ
1653 1644 1762 1698 τῶν

192 1733 437 1803 ἐκδήλων
465 1733 873 1804 ἁμαρτημάτων
897 1733 992 1786 τοῦ
1027 1733 1217 1804 ἱερέως
1253 1734 1555 1803 φροντίζειν
1586 1734 1764 1804 φάμεο

190 1842 304 1889 νος,
333 1825 393 1877 οὐ
423 1824 514 1876 τόν
550 1841 669 1877 τινα
706 1825 856 1895 ἱερέα
879 1865 894 1889 ,
924 1825 1062 1878 ἀλλά
1090 1825 1187 1895 τὴν
1216 1825 1464 1896 κεφαλὴν
1500 1829 1600 1896 τῆς
1638 1828 1762 1880 Ἐκ·-

191 1916 424 1985 κλησίας
461 1917 897 1987 κατεκωμῴδησε
935 1917 1170 1970 τοσαῦτα
1198 1919 1292 1971 καὶ
1330 1918 1720 1986 ἀπεμυσάξατο
1744 1933 1760 1949 ο

191 2007 269 2069 ὡς
319 2008 470 2076 ἡμᾶς
528 2005 839 2076 αἰδεσθῆναι
890 2008 988 2061 καὶ
1047 2006 1300 2061 ἀκοῦσαι.
1337 2008 1401 2061 El
1446 2007 1504 2061 δὲ
1549 2008 1764 2080 ἀληθῶς

191 2095 369 2159 οὕτως
396 2096 535 2160 ἐστὶ,
571 2095 671 2164 φεῦ
702 2097 800 2166 τῆς
844 2097 1157 2167 ίεραρχίαςί
1195 2097 1338 2169 Πλὴν
1368 2098 1634 2170 νουνεχῶς
1671 2117 1761 2152 κι-

191 2188 378 2258 νῶμεν
421 2185 518 2257 τὴν
562 2186 828 2254 γλῶτταν,
862 2186 1306 2258 παρακαλοῦμεν,
1337 2190 1429 2242 ἐπὶ
1461 2191 1563 2252 τάς
1589 2207 1765 2258 κεφα-

191 2282 292 2346 λάς
322 2299 338 2315 ο
369 2282 466 2334 καὶ
521 2280 596 2351 μὴ
631 2280 775 2333 οὕτω
827 2279 1074 2351 σφοδρῶς
1122 2282 1582 2353 ἀποφαινώμεθα.
1618 2283 1681 2338 El
1708 2286 1765 2339 δὲ

193 2374 276 2428 ὅτι
311 2374 360 2426 oi
387 2374 666 2444 ἄνθρωποι
694 2371 976 2441 μέλλουσιν
1003 2373 1241 2440 ἀνοίγειν
1271 2376 1339 2428 τά
1371 2376 1616 2445 στόματα
1641 2417 1655 2440 ,
1690 2377 1765 2441 ὡς

193 2466 502 2535 γέγραφας,
527 2463 620 2517 ἐπὶ
647 2462 706 2515 τὸ
733 2463 932 2532 λέγειν,
959 2465 1040 2517 ὅτι
1064 2466 1389 2531 ἐκπεσόντες
1409 2468 1506 2537 τῆς
1534 2468 1766 2523 ἐνταῦθα

196 2554 588 2625 πατριαρχίας,
624 2554 703 2618 είς
733 2555 927 2625 ἑτέραν
953 2555 1208 2609 ὑπόθεσιν
1235 2558 1615 2629 μετεπέσαμεν
1641 2575 1655 2590 ⁶
1692 2561 1766 2630 μὴ

197 2640 536 2712 φροντιζέτω
591 2658 683 2695 σου
724 2645 756 2714 ή
792 2643 1042 2715 τιμιότης
1072 2661 1085 2674 ·
1117 2641 1256 2698 οῐδεν
1282 2647 1310 2699 ὁ
1339 2647 1470 2711 Θεὸς
1522 2650 1614 2701 καὶ
1670 2649 1767 2720 τὴν

197 2733 427 2804 πρώτην
465 2736 680 2805 κίνησιν
737 2735 830 2789 καὶ
891 2735 989 2806 τὴν
1037 2736 1327 2808 δευτέραν’
1361 2737 1499 2792 ἀλλά
1535 2739 1641 2808 μὴν
1675 2740 1770 2794 καὶ

196 2825 294 2896 τὴν
343 2825 539 2897 τρίτην
570 2827 734 2890 αὐτὸς
760 2827 1044 2898 δοκιμάσει
1076 2843 1089 2856 ·
1129 2828 1290 2892 αὐτὸς
1318 2829 1587 2899 διελέγξει
1620 2847 1634 2860 ’
1669 2832 1769 2884 αῦ-

198 2916 288 2979 se;
339 2917 690 2985 παραστήσει
735 2918 831 2971 ἐπὶ
871 2918 966 2972 τοῦ
1016 2920 1247 2991 φοϐεροῦ
1284 2921 1530 2992 βήματος
1561 2939 1574 2950 ·
1607 2923 1771 2985 αὐτὸς

199 3006 492 3069 ἀποδιδοὺς
548 3007 735 3072 καθὼς
795 3009 1085 3080 διεθέμεθα
1138 3012 1229 3065 καὶ
1278 3013 1665 3084 πεπράχαμεν.
1698 3015 1771 3068 Τὸ

1858 562 2038 608 teneat
2070 573 2081 606 :
2109 555 2492 622 hortamurque
2534 551 2808 622 propriam
2861 551 3047 606 sedem
3101 559 3324 615 servet;
3357 566 3425 605 nc

1856 659 1963 714 quo
1995 653 2152 714 pacto
2189 645 2315 700 inde
2345 644 2710 700 claudicetuus
2742 643 2886 698 circa
2918 643 3191 712 praecipua

1923 735 2151 806 Ignosce
2185 735 2422 791 fraterne
2455 734 2824 800 monentibus,
2876 735 3016 789 sicut
3045 743 3102 788 et
3128 749 3228 789 nos
3279 734 3372 789 tibi
3410 752 3424 790 :

1856 842 2033 896 neque
2057 835 2266 897 oportet
2288 842 2388 882 nos
2415 826 2646 885 monitos
2681 824 2965 895 indignari.
2998 824 3075 878 Ne
3107 825 3270 895 igitur
3295 839 3424 878 suc-

1857 927 2078 973 censeat
2133 917 2440 973 reverentia
2474 926 2585 981 tua,
2618 917 2709 971 sed
2745 917 2810 970 ad
2856 916 3177 972 charitatein
3238 915 3422 984 potius

1858 1009 2204 1071 accendatur,
2236 1018 2290 1064 et
2333 1009 2457 1063 talia
2514 1009 2714 1063 scribat
2775 1007 3206 1077 quotiescunque
3258 1006 3424 1059 volet.

1859 1096 2074 1150 Nullum
2132 1097 2279 1151 enim
2333 1099 2591 1152 damnum
2647 1097 2791 1152 aliud
2845 1098 3143 1168 capiemus,
3171 1112 3331 1165 quam
3369 1105 3428 1150 ut

1860 1184 2105 1238 securius
2134 1184 2402 1239 vivamus.
2432 1184 2508 1240 De
2543 1200 2679 1254 papa
2704 1194 2906 1249 autem,
2935 1184 3062 1254 quid
3087 1185 3151 1238 ad
3176 1200 3296 1242 nos,
3325 1184 3429 1237 hoc

1860 1284 2003 1346 agat,
2035 1291 2102 1329 an
2161 1275 2292 1330 illud
2314 1277 2336 1328 ?
2358 1275 2450 1344 qui
2508 1276 2762 1345 propriis,
2809 1275 3026 1346 ignosce
3054 1315 3067 1336 ,
3097 1283 3288 1342 captus
3339 1282 3429 1328 est

1859 1368 1978 1432 alis,
2013 1377 2070 1422 ut
2091 1368 2307 1422 dicitur.
2334 1367 2470 1422 Cum
2503 1368 2647 1422 enim
2675 1368 2742 1422 de
2782 1367 3084 1422 manifestis
3127 1365 3429 1420 sacerdotis

1860 1461 2070 1517 delictis
2099 1460 2234 1515 nihil
2261 1476 2450 1516 curare
2475 1460 2626 1522 dixit,
2648 1474 2756 1513 non
2792 1458 3224 1528 qualemcunque
3250 1470 3432 1510 sacer-

1860 1553 2063 1617 dotem,
2104 1551 2198 1607 sed
2225 1561 2385 1622 caput
2419 1551 2668 1606 Ecclesiae
2698 1549 2772 1604 ita
2797 1549 2993 1604 derisit
3022 1557 3078 1603 et
3105 1556 3430 1616 aspernatus

1861 1655 1946 1701 est
1977 1664 1990 1701 :
2021 1654 2080 1700 ut
2119 1646 2202 1700 vel
2234 1645 2422 1699 audire
2451 1660 2548 1700 nos
2604 1644 2820 1714 pudeat.
2867 1640 3021 1706 Quod
3073 1642 3116 1694 si
3149 1640 3203 1694 id
3243 1655 3434 1694 verum

1864 1745 1968 1802 est,
1995 1737 2102 1790 lieu
2131 1735 2527 1790 ltierarchiam!
2559 1735 2825 1788 Caeterum
2867 1731 3183 1801 prudenter,
3219 1746 3430 1799 quaeso,

1865 1841 2176 1881 moveamus
2231 1825 2465 1896 linguam
2512 1824 2773 1878 adversus
2820 1823 3043 1890 capita,
3090 1829 3145 1875 et
3188 1835 3258 1875 ne
3298 1821 3434 1874 adeo

1864 1917 2063 1970 acriter
2120 1915 2555 1985 pronuntiemus.
2589 1912 2646 1967 Si
2681 1927 2811 1967 vero
2831 1911 3028 1966 dicturi
3067 1920 3194 1964 sunt
3251 1908 3434 1963 homi-

1864 2024 1983 2071 nes,
2019 2018 2077 2063 ut
2105 2008 2318 2070 scribis,
2351 2022 2451 2062 nos
2473 2021 2596 2060 cum
2633 2006 2700 2060 ab
2735 2005 2836 2058 hoc
2875 2003 3245 2074 patriarchatu
3286 1999 3437 2055 exci-

1865 2102 2154 2162 dissemus,
2187 2100 2253 2153 ad
2284 2097 2427 2152 aliud
2464 2104 2841 2168 argumentum
2882 2109 3068 2149 versos
3107 2093 3320 2156 fuisse;
3363 2106 3433 2146 ne

1867 2201 2022 2247 curet
2071 2190 2378 2245 reverentia
2439 2187 2754 2242 tuaznovit
2810 2186 2952 2239 Deus
3001 2184 3294 2238 motionem
3322 2181 3438 2252 pri-

1867 2290 2103 2337 mam‘et
2138 2278 2465 2344 secundam;
2513 2276 2606 2332 sed
2643 2284 2698 2331 et
2744 2275 2956 2330 tertiam
2988 2273 3104 2344 ipse
3162 2271 3436 2343 probabit,

1868 2375 1983 2445 ipse
2027 2374 2333 2441 redarguet,
2364 2370 2478 2440 ipse
2509 2367 2920 2439 repraesentabit
2948 2364 3289 2421 formidando
3330 2363 3434 2417 tri-

1867 2465 2050 2520 bunali
2085 2482 2097 2518 :
2131 2463 2362 2518 reddens
2390 2463 2527 2532 ipse,
2556 2470 2717 2531 prout
2744 2456 3160 2514 tractaverimus
3182 2454 3437 2525 etegeri-

1869 2571 2011 2612 mus.
2055 2553 2192 2609 Illud
2251 2555 2395 2609 enim
2431 2571 2443 2607 :
2484 2553 2541 2608 Si
2574 2551 2864 2606 hominibus
2888 2549 3182 2618 placerem,
3244 2545 3440 2601 Christi

1866 2664 2042 2703 servus
2070 2663 2172 2700 non
2197 2663 2356 2700 essem
2375 2643 2444 2711 ⁸³;
2473 2659 2581 2698 non
2604 2659 2633 2697 a
2657 2642 2814 2698 nobis
2837 2639 3212 2711 peccatoribus
3231 2637 3438 2693 dictum

1868 2740 2100 2796 est.Nos
2128 2754 2254 2811 ergo
2281 2745 2337 2792 et
2366 2737 2692 2792 sanctissimi
2726 2734 3055 2806 patriarchae
3106 2731 3438 2786 mentionem

1873 2829 2119 2892 facimus,
2156 2837 2216 2883 ut
2255 2826 2530 2892 convenit,
2557 2827 2611 2881 in
2660 2824 3007 2897 mystagogia,
3036 2822 3177 2878 sicut
3238 2831 3294 2877 et
3322 2821 3444 2892 pio-

1874 2937 1992 2975 rum
2024 2921 2412 2990 imperatorum
2442 2928 2749 2972 nostrorum
2784 2935 2797 2971 :
2833 2926 3039 2971 etcum
3073 2915 3219 2969 omni
3261 2928 3438 2969 sacer-

1873 3014 2000 3070 dote
2028 3014 2303 3083 inculpato
2332 3011 2732 3065 communicare
2749 3024 2857 3063 non
2879 3008 3268 3062 detrectamus.
3292 3004 3444 3060 Scri-

199 3097 329 3167 γάρ,
360 3097 432 3149 El
451 3097 781 3165 ἀνθρώποις
808 3098 1101 3168 ἤρεσκον,
1122 3103 1378 3169 Χριστοῦ
1418 3101 1640 3170 δοῦλος
1661 3106 1768 3158 οὐκ

1874 3106 2081 3177 psimus
2111 3113 2166 3160 et
2191 3105 2259 3159 ad
2292 3105 2466 3173 ipsum
2505 3102 2885 3172 patriarcham,
2943 3116 3062 3165 nos,
3092 3098 3236 3169 quod
3273 3106 3328 3153 et
3357 3097 3435 3168 pii

201 3185 278 3240 ἂν
314 3185 486 3255 ἤμην
508 3202 524 3218 ’
560 3187 620 3240 οὐ
652 3189 788 3260 πρὸς
819 3190 976 3260 ήμῶν
1011 3192 1118 3244 τῶν
1157 3191 1503 3262 ἁμαρτωλῶν
1539 3195 1768 3263 φθέγγε-

1876 3199 2230 3269 imperatores
2277 3197 2446 3251 nostri
2491 3195 2697 3258 sciunt,
2747 3194 2800 3248 in
2832 3194 2982 3248 nulla
3013 3209 3073 3248 re
3110 3193 3442 3262 discrepare.

205 3280 352 3336 σθαι,
403 3280 594 3350 Ἡμεῖς
620 3282 795 3335 τοίνυν
834 3284 927 3338 καὶ
961 3285 1052 3338 τοῦ
1085 3287 1393 3354 άγιωτάτου
1437 3291 1774 3359 πατριάρχου

206 3372 658 3443 μνημονεύομεν,
693 3375 768 3437 ὡς
821 3377 1075 3446 καθήκει,
1137 3379 1194 3431 ἐν
1246 3381 1312 3449 τῇ
1379 3381 1772 3451 μυσταγωγίᾳο

203 3463 398 3536 ὥσπερ
457 3465 550 3518 καὶ
595 3465 700 3518 τῶν
755 3467 995 3521 εὐσεϐῶν
1041 3469 1194 3539 ήμῶν
1233 3470 1497 3538 βασιλέων
1530 3487 1541 3500 ·
1580 3473 1674 3525 καὶ
1705 3473 1768 3525 ἐκ

205 3556 412 3629 παντὸς
444 3554 767 3626 ἀδιαϐλήτου
792 3561 1066 3613 κοινωνεῖν
1099 3561 1157 3612 οὐ
1189 3561 1621 3630 παραιτούμεθα.
1669 3562 1772 3614 Γε-

206 3648 506 3718 γράφαμέν
538 3663 597 3700 τε
646 3648 792 3718 αὑτῷ
830 3648 907 3718 τῷ
939 3652 1218 3720 ἀρχιερεῖ·
1253 3652 1374 3703 ἐπεὶ
1405 3651 1498 3703 καὶ
1534 3653 1644 3713 τοῖς
1687 3653 1778 3706 εὑο

208 3737 428 3790 σεϐἐσιν
487 3735 645 3805 ήμῶν
699 3736 972 3804 βασιλεῦσι
1024 3740 1264 3805 γνωστὸν
1302 3740 1546 3808 γέγονεν,
1605 3741 1685 3793 ὅτι
1720 3743 1776 3793 ὲν

1876 3299 2234 3359 praeterquam
2263 3288 2329 3344 de
2360 3287 2599 3357 Josepho
2632 3295 2721 3342 :et
2750 3286 2909 3341 simul
2931 3300 2994 3339 ac
3030 3283 3290 3354 depulsus
3327 3281 3445 3337 fue-

1879 3379 1948 3432 rit
1985 3379 2308 3442 sacerdotio,
2363 3392 2487 3433 cum
2537 3380 2655 3447 ipso
2702 3376 2883 3432 statim
2922 3375 3442 3430 communicaturos.

1879 3472 2092 3527 Etenim
2134 3470 2541 3526 desiderabilem
2583 3470 2741 3525 nobis
2765 3469 2939 3523 virum
2965 3482 3105 3533 esse,
3134 3483 3241 3523 non
3271 3467 3449 3522 solum

1882 3561 2021 3632 quod
2058 3569 2222 3630 caput
2250 3561 2320 3615 sit
2349 3561 2604 3617 Ecclesiae
2642 3570 2874 3627 nostrae;
2900 3560 2995 3615 sed
3026 3559 3150 3630 quia
3178 3559 3290 3629 jam
3318 3559 3446 3614 olim

1885 3650 2217 3706 reverendus
2250 3652 2408 3705 nobis
2431 3661 2550 3707 erat
2578 3669 2591 3705 :
2625 3661 2677 3707 et
2707 3651 2914 3725 singula
2942 3651 3113 3723 ipsius
3133 3651 3259 3706 vitae
3305 3649 3448 3704 bona

1888 3742 2105 3796 laudare
2131 3756 2241 3796 non
2272 3757 2564 3799 cessamus.

203 3829 381 3882 οὐδενὶ
409 3827 802 3897 διαφερόμεθα,
833 3827 866 3896 ἦ
909 3828 1068 3896 μόνον
1096 3829 1184 3882 διὰ
1211 3829 1301 3883 τόν
1338 3830 1532 3900 Ἰωσήφ
1562 3848 1575 3860 ·
1610 3833 1701 3884 καὶ
1725 3835 1882 3904 ήνίκα
1904 3827 2054 3896 οὗτος
2094 3833 2366 3904 ὑποσταλῇ
2395 3835 2496 3906 τῆς
2528 3837 2856 3907 ἱερουργίας,
2893 3833 3055 3898 εὐθὺς
3082 3832 3451 3902 κοινωνοῦμεν

207 3919 375 3987 αὐτῷ.
413 3918 526 3972 Καὶ
554 3917 786 3989 ποθητδς
811 3921 984 3991 ἡμῖνὸ
1004 3921 1160 3993 ἀνὴρ,
1192 3922 1252 3975 οὐ
1288 3922 1444 3992 μόνον
1474 3925 1552 3976 ὄτι
1584 3927 1793 3999 κορυφὴ
1813 3930 1910 3999 τῆς
1931 3925 2049 3980 καθ’
2079 3927 2225 3996 ήμᾶς
2269 3927 2594 3998 Ἐκκλησίας
2621 3929 2844 3999 γέγονεν
2869 3969 2884 3993 ,
2922 3926 3038 3983 ἀλλ’
3072 3929 3154 3982 ὅτι
3175 3927 3268 3981 καὶ
3287 3926 3448 3980 σεϐα-

209 4017 330 4079 στδς
364 4018 504 4085 ἡμῖν
553 4015 805 4071 ἔκπαλαι.
859 4018 968 4072 Καὶ
1010 4019 1108 4072 ὅσα
1145 4019 1239 4072 τοῦ
1306 4018 1422 4088 βίου
1489 4021 1653 4074 αὐτοῦ
1699 4023 1857 4091 καλὰ,
1893 4022 2287 4093 ἀποσεμνύνειν
2314 4023 2374 4076 οὐ
2413 4024 2718 4094 παυόμεθα.

280 4112 340 4163 Εἰ
366 4109 424 4162 δὲ
452 4107 650 4178 φθάσει
680 4109 761 4162 ὅτι
792 4111 886 4163 καὶ
945 4110 1106 4174 αὐτὸς
1145 4110 1464 4180 ἀποδέχεται
1495 4114 1585 4165 τὸν
1625 4113 1782 4182 ζῆλον

208 4201 306 4273 (ἐῶ
355 4201 470 4270 γὰρ
514 4200 695 4268 λέγειν
751 4201 1083 4265 ἐπισκόπους
1119 4203 1327 4269 ἁγίους,
1359 4205 1696 4274 ἡγουμένους
1725 4224 1782 4260 τε

209 4295 303 4347 καὶ
339 4291 700 4364 μονάζοντας,
750 4297 844 4346 καὶ
877 4294 1076 4362 πλῆθος
1109 4294 1357 4365 λαῖκῶν),
1396 4296 1448 4348 τί
1483 4297 1617 4366 φαίη
1647 4300 1679 4368 ή
1718 4299 1784 4369 σὴ

208 4386 478 4454 φιλότης;
510 4385 601 4438 Διὸ
632 4383 739 4438 ἴσθι
771 4385 845 4456 μή
875 4383 1013 4441 εἶναι
1047 4387 1252 4457 σχίσμα
1283 4388 1381 4456 τῆς
1421 4389 1745 4460 Ἐκκλησίας
1767 4407 1779 4420 ·

1951 4116 2006 4170 Si
2060 4131 2188 4169 vero
2219 4116 2515 4186 contingat,
2540 4126 2594 4170 et
2614 4116 2727 4184 ipse
2775 4130 2990 4185 quoque
3012 4114 3183 4169 zelum
3223 4116 3452 4188 accipiat

1883 4206 2061 4274 (mitto
2099 4205 2246 4258 enim
2275 4204 2343 4258 de
2407 4206 2609 4259 sanctis
2642 4205 2915 4274 episcopis
2974 4204 3180 4270 dicere,
3210 4206 3276 4260 de
3312 4223 3454 4276 prae-

1882 4297 2070 4367 positis
2107 4305 2159 4350 et
2186 4295 2484 4360 monachis,
2522 4297 2696 4367 deque
2750 4297 3009 4350 laicorum
3043 4297 3448 4367 multitudine),

1881 4389 2008 4459 quid
2037 4397 2150 4442 tum
2187 4387 2332 4442 dicet
2384 4387 2620 4442 charitas
2653 4387 2784 4440 tua?
2816 4388 2994 4452 Quare
3026 4387 3163 4443 scito
3199 4388 3452 4445 Ecclesia:

207 4477 323 4531 ἀλλ’
354 4476 618 4547 ἀληθείας
640 4477 1020 4548 ἐπικράτησιν,
1055 4479 1148 4532 καὶ
1170 4479 1278 4531 τῶν
1309 4478 1466 4531 θείων
1491 4480 1668 4549 νόμων
1691 4483 1768 4533 ἐκ·

1885 4480 2116 4534 schisma
2142 4479 2347 4533 nullum
2373 4494 2512 4546 esse,
2544 4479 2638 4534 sed
2665 4480 2907 4534 veritatis
2938 4479 3332 4546 defensionem,
3366 4484 3452 4537 di-

206 4563 425 4634 δίκησιν
450 4579 464 4591 ·
497 4562 682 4631 ἕτερον
712 4563 788 4629 δὲ,
819 4563 894 4625 ὡς
927 4565 1062 4637 ἔφθη
1095 4566 1638 4639 είποῦσαήτιμιότης
1667 4587 1780 4634 σου,

209 4655 310 4724 τῆς
339 4651 606 4724 ἀληθείας
635 4652 810 4722 ῥῆξις,
847 4656 941 4708 καὶ
968 4657 1076 4709 τῶν
1101 4657 1342 4710 κανόνων
1379 4659 1411 4728 ή
1445 4659 1746 4730 παράλυσις
1769 4677 1783 4691 ο

211 4748 306 4800 καὶ
346 4748 529 4799 έκεῖνο
555 4745 670 4816 ἔχει
707 4763 786 4799 σοι
821 4746 1002 4810 καλῶς
1032 4748 1284 4816 λέγεσθαι
1304 4767 1318 4781 ·
1361 4753 1425 4803 Οἱ
1452 4751 1625 4820 ἱερεῖς
1649 4753 1786 4820 ἠθέ-

212 4856 359 4893 τουν
384 4839 579 4908 νόμον
595 4856 735 4907 μου,
759 4839 856 4893 καί
889 4840 1219 4908 ἑϐεόήλουν
1243 4843 1311 4896 τὰ
1339 4842 1475 4912 ἅγιά
1497 4861 1615 4912 μου
1635 4859 1649 4874 °
1679 4845 1786 4909 ,ϐεο

212 4932 425 4998 ϐήλοις
457 4931 557 4984 καὶ
587 4932 778 4998 ὁσίοις
803 4934 875 4988 οὺ
908 4932 1278 4999 διέστελλον,
1310 4936 1445 4989 ἀλλ’
1479 4932 1557 5004 ἦν
1583 4937 1786 5002 αὐτοῖς

213 5025 456 5080 ἅπαντα
501 5023 691 5078 κοινά.
729 5025 800 5078 Τὸ
843 5027 952 5098 γὰρ
995 5029 1068 5098 μὴ
1102 5026 1246 5098 ἔχειν
1278 5028 1463 5081 σπῖλον
1509 5030 1540 5083 ἢ
1578 5030 1784 5100 ῥυτίδα,

214 5118 301 5170 ἵνα
331 5117 424 5169 καὶ
462 5114 628 5167 πάλιν
655 5116 914 5183 εἴπωμεν,
953 5116 1094 5170 οὕτω
1120 5116 1336 5170 νοείτω·
1374 5118 1436 5169 τὸ
1469 5119 1543 5189 μὴ
1566 5135 1788 5189 προσιε-

217 5209 384 5277 μένην
429 5205 503 5260 τά
543 5223 600 5257 τε
637 5206 803 5276 ἀσεϐῆ
831 5209 1075 5278 δόγματα
1109 5211 1201 5261 καὶ
1235 5208 1298 5260 τά
1331 5211 1649 5262 ἁκανόνιστα
1691 5212 1782 5277 ὲγ-

1885 4570 2241 4639 vinorumque
2272 4586 2538 4625 canonum
2574 4571 2991 4626 vindicationem
3021 4589 3034 4624 :
3068 4573 3298 4628 alterum
3324 4590 3454 4631 vero

1884 4663 2038 4728 illud,
2063 4663 2205 4732 quod
2231 4663 2466 4718 asseruit
2519 4664 2823 4718 reverentia
2856 4674 2967 4727 tua,
2991 4664 3235 4720 veritatis
3283 4665 3453 4722 infra-

1883 4757 2116 4812 ctionem
2149 4766 2202 4810 et
2227 4771 2495 4810 canonum
2531 4755 2868 4809 eversionem
2901 4770 3022 4810 esse
3058 4772 3072 4820 ;
3106 4771 3167 4810 ac
3199 4757 3294 4810 tibi
3323 4757 3455 4812 illud

1884 4842 1985 4899 dici
2012 4852 2152 4898 recte
2175 4859 2334 4913 posse
2361 4861 2374 4896 :
2400 4842 2703 4896 Sacerdotes
2731 4841 2894 4912 legem
2924 4860 3090 4896 meam
3120 4844 3451 4913 spernebant,

1885 4946 1932 4990 et
1953 4937 2301 5005 profanabant
2322 4935 2628 4988 sanctuaria
2660 4952 2773 4989 mea
2794 4951 2811 4987 :
2833 4937 3053 5004 profana
3076 4946 3124 4989 et
3148 4947 3332 4990 sancta
3355 4954 3457 4991 non

1885 5028 2291 5098 distinguebant,
2338 5027 2425 5080 sed
2480 5038 2629 5081 erant
2673 5028 2778 5080 illis
2835 5028 3132 5080 communia
3181 5029 3359 5082 omnia
3386 5028 3454 5082 ⁸⁸.

1893 5117 2101 5172 Nullam
2123 5118 2264 5172 enim
2295 5119 2555 5173 maculam
2581 5119 2780 5172 habere
2804 5126 2895 5170 aut
2918 5133 3126 5188 rugam,
3163 5129 3220 5173 ut
3257 5119 3454 5175 iterum

1893 5209 2087 5273 dicam,
2138 5209 2215 5263 sic
2252 5208 2687 5277 intelligendum,
2717 5208 2858 5276 quod
2892 5223 2998 5261 non
3029 5208 3252 5278 recipiat
3292 5209 3454 5279 impia

214 5301 552 5370 χειρήματα.
589 5297 664 5349 Οὐ
700 5299 805 5368 μὴν
829 5299 964 5352 ἀλλὰ
992 5303 1084 5353 καὶ
1112 5303 1177 5354 τά
1207 5303 1263 5353 ἐν
1287 5303 1397 5362 τοῖς
1429 5301 1768 5372 αὖτουργοῦση

1890 5302 2155 5372 dogmata,
2177 5317 2276 5357 nec
2302 5316 2464 5354 ausus
2491 5300 2703 5354 illicitos
2726 5309 2777 5353 et
2802 5300 3101 5354 canonibus
3120 5301 3419 5354 contrarios
3439 5319 3450 5354 :

213 5394 278 5444 τὰ
310 5393 744 5461 ἀπηγορευμένα
791 5395 1250 5462 συμφρονήματα,
1286 5393 1359 5455 ῶς
1403 5393 1502 5445 πού
1553 5412 1718 5463 φησιν
1760 5413 1768 5443 ι

1893 5409 2068 5462 neque
2103 5394 2237 5447 adeo
2255 5391 2638 5447 consentiatiis
2657 5391 2748 5461 qui
2775 5391 2938 5445 vetita
2963 5391 3061 5460 ipsi
3089 5391 3454 5454 committunt.

215 5487 357 5546 θεῖος
393 5483 674 5548 Βασίλειος
696 5502 708 5514 ·
741 5487 874 5556 πρὸς
904 5486 938 5538 ἆ
974 5486 1180 5548 Παῦλος
1210 5487 1236 5538 ὁ
1273 5485 1466 5554 μέγας,
1507 5487 1627 5538 οὐδὲ
1663 5504 1768 5538 συν-

1896 5497 1954 5540 ιιι
1980 5488 2208 5556 quodam
2264 5487 2380 5540 loco
2432 5485 2508 5538 ait
2548 5484 2764 5538 divinus
2795 5482 3022 5539 Basilius
3047 5482 3146 5550 ;de
3170 5483 3366 5552 quibus
3404 5493 3462 5538 et

217 5578 503 5630 εστιᾶσθαι
541 5579 651 5638 τοῖς
684 5578 942 5641 τοιούτοις
976 5579 1314 5649 παραχωρεῖ.
1359 5578 1510 5630 Ἐπεὶ
1543 5578 1650 5629 ἀπὸ
1680 5577 1768 5632 τῶπ

1895 5595 2119 5651 magnus
2147 5579 2341 5635 Paulus
2368 5579 2429 5642 ⁸⁵,
2448 5591 2547 5630 nec
2567 5576 2726 5629 edere
2752 5589 2872 5627 eum
2904 5573 3095 5627 talibus
3115 5574 3460 5643 permittens.

372 5779 553 5835 Galat.
583 5793 619 5842 ι,
650 5777 730 5832 10.
809 5778 854 5808 ⁸⁵
886 5779 1084 5833 Ειροιι.
1111 5796 1245 5838 xxn.
1268 5779 1356 5833 26.
1431 5779 1474 5812 ⁸⁵
1511 5780 1674 5833 lCor.
1707 5796 1756 5842 ν,
1786 5794 1843 5830 ιι.

555 5874 817 5933 ΡΑτιιοι..
866 5877 980 5936 ΟΒ.
1035 5875 1252 5933 XCIX.

3046 5861 3131 5932 32
