4008 6318
571 300 710 363 1003

1758 303 1816 360 S.
1847 299 2241 363 THEODORI
2283 303 2632 365 STUDITI‘E

3691 300 3831 366 1004

568 411 780 467 Etenim
806 408 875 462 ab
913 405 1185 477 Apostolis
1207 413 1262 461 et
1296 406 1555 476 deinceps
1585 406 1767 462 multa:
1814 420 2057 477 persmpe
2085 407 2139 460 in

2263 406 2559 461 ιποστόλων
2593 405 2686 459 καὶ
2727 406 2976 473 κατόπιν,
3015 405 3298 476 πολλαχῶς
3344 407 3541 462 πολλαὶ
3587 410 3836 481 αἱρέσεις

568 515 683 555 eam
720 500 953 553 haereses
1012 497 1286 551 irruerunt
1321 514 1333 549 :
1367 505 1421 550 et
1451 494 1650 566 flagitia
1682 496 1887 559 illicita,
1919 495 2146 550 canoni-

570 592 670 645 bus
700 590 951 653 adversa,
987 586 1228 652 fuerunt,
1262 587 1405 641 sicut
1435 602 1583 641 nunc
1607 596 1736 641 sunt
1773 604 1785 640 :
1820 588 1908 641 illa
1940 597 2144 651 tamen,

568 676 1029 750 quemadmodum
1061 676 1263 729 dictum
1319 682 1419 739 est,
1453 674 1569 728 sine
1616 674 1909 729 schismate
1937 683 1993 729 et
2035 690 2150 728 ma-

569 771 687 827 cula
712 769 930 831 mansit,
958 777 1012 822 et
1059 777 1337 836 permanet
1378 767 1431 819 in
1454 775 1743 828 mternum,
1771 765 2066 820 subtractis
2095 774 2149 819 et

571 861 758 931 ejectis
787 860 853 913 ab
879 874 942 913 ea
977 859 1115 912 male
1143 857 1506 911 sentientibus
1537 856 1783 926 maleque
1828 858 2146 925 agentibus.

575 962 830 1021 tanquam
879 950 1130 1006 fluctibus
1158 949 1226 1004 ab
1264 949 1591 1004 inconcusso
1619 958 1672 1003 et
1699 948 1971 1003 maritimo
2021 962 2151 1003 saxo

576 1045 828 1115 repulsis.

643 1239 722 1293 Ad
755 1253 856 1292 nos
886 1237 1047 1307 igitur
1064 1238 1363 1299 redeamus,
1391 1234 1579 1298 frater,
1611 1242 1663 1289 et
1690 1232 1932 1289 veritatis
1976 1232 2149 1286 lucem

574 1347 963 1401 sacrorumque
993 1345 1265 1385 canonum
1309 1328 1658 1399 aspiciamus,
1695 1321 2151 1396 quemadmodum

576 1426 822 1496 dagmata
855 1434 1038 1479 tenere
1067 1424 1315 1477 videmur
1351 1441 1363 1475 :
1403 1437 1503 1475 nos
1535 1420 1880 1489 potissimum
1904 1418 1997 1487 qui
2032 1433 2153 1471 mo-

578 1518 734 1570 nachi
766 1531 974 1579 sumus,
1012 1523 1065 1568 et
1105 1513 1306 1581 aliquid
1329 1527 1449 1567 esse
1480 1511 1875 1566 existimamur.
1933 1506 1991 1562 Si
2017 1509 2152 1561 enim

578 1608 753 1662 lumen
810 1607 947 1677 quod
1012 1608 1066 1659 in
1114 1607 1260 1658 nobis
1325 1613 1399 1658 est
1459 1605 1679 1657 tenebrat
1734 1600 2155 1656 suntnenebm

576 1710 788 1771 quanta:
842 1707 994 1754 erunt
1020 1699 1067 1730 ⁸⁶
1092 1699 1114 1752 ?
1148 1706 1193 1751 et
1223 1698 1268 1751 si
1293 1696 1375 1751 sal
1408 1697 1707 1760 eranuerit,
1742 1696 1797 1748 in
1826 1710 1925 1763 quo
1955 1692 2152 1746 salien-

2248 498 2716 569 προσερῤάγησαν
2762 498 2933 570 αὐτῇ·
2979 498 3075 553 καὶ
3121 484 3455 571 ρυίπάσματα
3485 500 3714 572 ἄθεσμα
3743 504 3837 556 καὶ

2250 588 2580 642 ἀκανόνιστα
2633 587 2999 656 ἐπεπόλασαν,
3054 588 3243 660 ῶσπερ
3285 590 3381 643 καὶ
3426 590 3485 644 τὸ
3533 590 3667 644 νῦν·
3704 593 3838 646 am

2253 679 2360 751 μὴν
2412 679 2552 750 αὑτὴ
2608 679 2688 752 τῷ
2740 681 3124 753 προειρημένῳ
3181 682 3369 753 τρόπῳ
3429 683 3692 752 ἀσχιοτος
3747 686 3838 737 καὶ

2250 771 2552 842 ἀμώμητος
2582 770 2975 844 διαμεμένηκε,
3011 774 3105 826 καὶ
3131 773 3384 842 διαμενεῖ
3427 773 3534 836 ἕως
3567 773 3667 827 τοῦ
3702 776 3836 827 alio}-

2251 880 2361 928 νος,
2387 862 2866 934 ὑπεξαιρουμένων
2906 866 2999 918 καὶ
3025 866 3511 936 ἀποπεμπομένων
3535 866 3635 920 ἀπ’
3668 867 3838 936 αὐτῆς

2250 955 2359 1009 τῶν
2422 955 2607 1019 κακῶς
2662 956 3056 1028 φρονησάντων
3112 958 3146 1027 ἧ
3211 958 3578 1029 πραξάντων
3648 956 3839 1028 ῶσπερ

2252 1050 2309 1115 ἐξ
2340 1049 2591 1102 ἀσείστου
2635 1050 2729 1103 καὶ
2774 1050 3043 1121 παραλίου
3086 1052 3294 1123 πέτρας
3324 1050 3394 1105 τά
3420 1053 3840 1124 προσρήσσοντα

2253 1141 2497 1211 κύματα.

2324 1236 2417 1299 Et;
2451 1236 2679 1301 ἑαυτοὺς
2720 1232 2814 1291 οὖν
2854 1236 3162 1308 γενώμεθα,
3190 1230 3234 1293 ὦ
3264 1239 3479 1309 ἀδελφέ,
3509 1242 3606 1295 καὶ
3629 1241 3839 1297 ἀπίδω·

2256 1345 2354 1398 μεν
2386 1329 2523 1398 πρὸς
2550 1329 2611 1382 τὸ
2638 1330 2753 1399 φῶς
2782 1330 2880 1399 τῆς
2908 1330 3190 1401 ἀληθείας,
3224 1334 3317 1385 καὶ
3344 1333 3451 1386 τῶν
3482 1334 3649 1403 ἱερῶν
3675 1336 3837 1387 κανό-

2256 1438 2383 1481 νων,
2412 1418 2562 1473 ῶσπε
2570 1439 2601 1492 ρ
2622 1423 2717 1475 xal.
2739 1424 2845 1474 τῶν
2866 1419 3151 1492 δογμάτων
3172 1426 3460 1495 ἐγκρατεῖς
3483 1427 3836 1496 φαινοίμεθα·

2258 1510 2493 1580 μάλιστα
2521 1514 2683 1582 ἡμεῖς
2714 1512 2765 1566 οί
2802 1514 3127 1583 μονάζοντες
3148 1529 3165 1545 '
3197 1515 3433 1584 μάλιστα
3466 1518 3632 1587 ἡμεῖς
3670 1517 3721 1569 οί
3750 1516 3837 1569 δο-

2255 1601 2476 1666 κοῦντες
2528 1598 2667 1657 εἶναι
2709 1621 2787 1658 τι.
2824 1607 2893 1659 El
2920 1605 3030 1675 γὰρ
3062 1606 3131 1660 τὸ
3159 1606 3229 1660 ἐν
3247 1606 3389 1675 ἡμῖν
3419 1606 3546 1677 φῶς
3570 1610 3800 1674 σκότος
3820 1623 3834 1637 '

2254 1691 2321 1745 τό
2346 1695 2566 1760 σκότος
2594 1695 2830 1762 πόσον;
2855 1697 2972 1764 καὶ,
2997 1700 3065 1753 El
3083 1699 3147 1752 τὸ
3170 1699 3327 1766 ἅλας
3356 1701 3837 1769 μιῳανθήσεται,

578 1803 664 1846 tur
693 1792 740 1823 ⁸⁷
772 1792 930 1846 laici?
961 1792 1302 1846 Arbitramur
1329 1798 1404 1855 te,
1432 1790 1592 1859 idque
1620 1804 1929 1860 precamur,
1958 1801 2147 1840 eorum

2263 1783 2321 1838 ἐν
2358 1786 2477 1839 τίνι
2526 1786 2965 1853 ἀλισθήσονται
3014 1790 3064 1841 of
3110 1786 3326 1856 λαῖκοί;
3373 1789 3565 1860 Ἡμεῖς
3611 1792 3839 1862 οἰόμεθά

576 1902 696 1955 qua:
729 1886 802 1939 ibi
829 1894 977 1948 sunt,
1004 1880 1335 1940 servatorem
1358 1881 1492 1945 fore,
1516 1881 1767 1937 etlumen
1794 1889 1845 1933 et
1875 1880 2151 1933 lucernam

578 1978 928 2048 perfectionis
952 1992 1013 2030 ac
1044 1976 1261 2045 pietatis
1289 1995 1300 2029 :
1332 1990 1438 2028 non
1474 1975 1656 2027 omnia
1688 1983 1739 2027 te
1772 1971 2024 2026 omnibus
2058 1987 2155 2024 ex-

578 2070 835 2133 hibendo,
857 2069 947 2123 sed
976 2068 1189 2123 virtutis
1215 2067 1556 2131 excellentia,
1586 2074 1640 2119 et
1667 2066 1772 2119 vita
1797 2080 1860 2117 ex
1885 2080 2154 2119 canonum

578 2162 697 2232 lege
721 2170 860 2224 acta,
888 2170 1187 2229 sanctaque
1214 2159 1630 2215 conversatione
1664 2176 1676 2211 :
1712 2168 1766 2213 et
1792 2174 1947 2229 aequo
1974 2159 2156 2214 animo

580 2254 662 2308 fer
679 2252 861 2309 fratris
889 2254 965 2308 tui
993 2253 1417 2307 admonitionem
1456 2268 1520 2306 ex
1548 2251 1811 2305 charitate
1832 2250 2153 2321 profectam,

581 2346 872 2415 studioque
921 2345 1185 2407 veritatis,
1213 2353 1267 2398 et
1298 2344 1483 2399 divino
1513 2344 1740 2413 judicio.
1776 2342 1939 2398 Plura
1972 2344 2157 2398 dicere

581 2438 797 2491 animus
828 2436 1188 2501 desiderabat,
1224 2436 1319 2491 sed
1365 2435 1607 2505 epistola:
1658 2435 1940 2505 prolixitas
1994 2436 2155 2489 ﬁnem

582 2530 760 2584 facere
790 2530 986 2599 coegit.
1013 2528 1174 2583 Grata
1200 2528 1359 2581 nobis
1388 2527 1489 2580 fuit
1517 2526 1727 2596 eulogia
1760 2536 1848 2580 tua
1872 2526 2155 2595 praedives,

582 2630 638 2677 et
663 2638 791 2677 cura
819 2636 979 2690 quam
1027 2621 1170 2690 geris
1210 2619 1277 2673 de
1310 2617 1500 2672 humili
1550 2616 1879 2671 monasterio
1907 2623 2001 2669 tuo
2032 2633 2045 2669 :
2073 2630 2160 2669 ar-

583 2718 899 2780 gumentum
930 2708 1073 2778 quod
1118 2722 1307 2777 parcas
1338 2716 1392 2761 et
1425 2721 1523 2775 pro
1554 2722 1619 2761 eo
1672 2706 1905 2759 labores.
1936 2702 2160 2774 Magnus

583 2801 737 2855 labor
770 2810 894 2856 tuus
923 2819 935 2855 :
960 2800 1054 2855 scd
1084 2800 1344 2854 Dominus
1366 2799 1462 2855 tibi
1491 2798 1755 2853 retribuet
1784 2813 1903 2866 qua:
1942 2796 2159 2851 deside-

585 2908 708 2948 ras:
734 2894 1427 2958 virtutumincrementum,
1450 2901 1504 2947 et
1525 2891 1850 2961 perennium
1874 2890 2047 2958 ipsius
2060 2888 2158 2942 bo-

586 3002 781 3040 norum
813 2986 1145 3040 fruitionem.

872 3298 1132 3353 XXIX.—
1168 3296 1329 3351 Leom’
1384 3292 1822 3362 orphanotroplio.

2259 1889 2340 1939 σε,
2371 1875 2463 1927 καὶ
2488 1875 2781 1945 εὐχόμεθα,
2807 1878 2918 1931 τῶν
2952 1878 3139 1932 αὐτόθι
3170 1878 3391 1950 σωτῆρα
3421 1876 3558 1933 εἶναι
3588 1882 3690 1935 καὶ
3726 1900 3838 1951 φω-

2260 1966 2454 2036 στῆρα,
2483 1970 2579 2019 καὶ
2608 1968 2802 2039 λύχνον
2830 1970 3120 2041 ἀκριϐείας
3163 1972 3257 2025 καὶ
3286 1972 3570 2036 εὐσεϐείας
3589 1989 3605 2005 '
3644 1975 3748 2029 οὐκ
3778 1978 3840 2028 ἐκ

2257 2055 2351 2110 τοῦ
2396 2060 2531 2111 πᾶσι
2565 2059 2632 2113 τά
2666 2062 2844 2115 πάντα
2872 2062 3139 2130 γίνεσθαι,
3169 2063 3283 2117 ἀλλ’
3318 2066 3384 2117 ἐκ
3423 2065 3519 2119 τοῦ
3573 2066 3677 2137 τῆς
3708 2070 3840 2139 άρε-

2258 2150 2355 2220 τῆς
2393 2151 2583 2221 ὕψους,
2624 2154 2719 2208 καὶ
2748 2156 2814 2208 ἐκ
2848 2155 2943 2208 τοῦ
2972 2157 3428 2229 κεκανονισμένου
3459 2160 3577 2229 βίου
3598 2201 3614 2225 ,
3651 2163 3749 2216 καὶ
3779 2164 3841 2214 ἐκ

2258 2242 2352 2295 τοῦ
2413 2245 2777 2315 ἱεροπρεποῠς
2827 2247 3242 2318 πολιτεύματος.
3289 2250 3399 2303 Καὶ
3433 2251 3566 2321 φέρε
3606 2252 3840 2322 ἀδελφοῦ

2262 2351 2355 2387 σου
2379 2335 2687 2407 ὑπόμνησιν
2712 2337 3063 2409 ἀγαπητικὴν
3084 2335 3270 2405 οὖσαν,
3303 2342 3397 2395 καὶ
3422 2342 3716 2415 φιλαλήθη,
3750 2346 3841 2397 καὶ

2260 2427 2559 2499 θεόκριτον.
2587 2430 2695 2483 Καὶ
2724 2430 2790 2483 τὰ
2825 2429 2993 2483 πλείω
3023 2429 3201 2497 λέγειν
3227 2433 3259 2501 ἡ
3284 2432 3543 2501 ἐπιθυμία
3576 2452 3647 2503 με
3673 2436 3841 2488 ἕλκειο

2259 2522 2291 2589 ἡ
2340 2521 2572 2589 ἀμετρία
2626 2522 2683 2574 δὲ
2726 2519 2818 2574 τοῦ
2854 2521 3181 2590 γράμματος
3230 2521 3561 2575 συνέλκουσα
3608 2526 3842 2578 ἐνταῦθα

2261 2609 2408 2677 ἡμᾶς
2440 2609 2768 2663 καταπαύει.
2802 2608 3211 2679 Ἀπεδεξάμεθά
3236 2626 3331 2662 σου
3355 2611 3537 2664 τοίνυν
3562 2613 3665 2683 τὴν
3696 2616 3844 2667 εὐλο-

2262 2698 2388 2765 γίαν
2423 2698 2521 2767 τὴν
2552 2698 2832 2752 πλουσίαν.
2866 2701 2977 2753 Καὶ
3005 2702 3085 2753 ὃτι
3121 2700 3443 2770 ἐφρόντισας
3468 2702 3600 2773 περὶ
3623 2703 3727 2774 τῆς
3752 2722 3846 2757 τα-

2262 2785 2574 2850 πεινώσεως
2624 2788 2717 2841 τοῦ
2751 2790 3120 2861 μοναστηρίου
3174 2807 3301 2843 σου⁸
3352 2790 3551 2862 δεῖγμα
3599 2793 3701 2862 μὲν
3749 2794 3842 2848 τοῦ

2262 2878 2540 2947 φείδεσθαι
2573 2878 2667 2932 καὶ
2696 2882 2878 2933 πονεῖν
2908 2880 3045 2951 ὑπὲρ
3068 2880 3257 2947 αὑτοῦ,
3289 2882 3454 2945 κόπος
3494 2882 3553 2936 δέ
3591 2900 3685 2936 σου
3720 2887 3841 2939 ικα-

2262 2973 2369 3032 νός.
2413 2972 2553 3025 Ἀλλ’
2576 2972 2603 3023 ὀ
2635 2974 2837 3044 Κύριος
2864 2973 3257 3044 ἀνταμείψεταί
3287 2990 3345 3025 σε
3365 2966 3445 3036 οἷς
3474 2974 3724 3045 χρῄζεις,
3749 2978 3844 3048 τὴν

2264 3062 2371 3115 τῶν
2401 3063 2611 3134 ἀρετῶν
2633 3064 2993 3137 ἐπανάληψιν,
3016 3066 3113 3118 καὶ
3139 3064 3238 3134 τὴν
3264 3062 3374 3118 τῶν
3402 3066 3642 3121 αἰωνίων
3673 3068 3842 3123 αὑτοῦ

2190 3133 2232 3189 C
2271 3133 2495 3223 ἀγαθῶν
2528 3157 2851 3213 ἀπόλαυσιν.

2479 3292 2609 3347 KG’.
2642 3324 2711 3333 —
2737 3295 2950 3350 Λέοντι
2985 3297 3427 3370 ὀρφανοτρόφῳ.
3467 3300 3635 3374 [μη’.]

1992 3448 2045 3497 In
2072 3456 2281 3501 mortem
2306 3449 2416 3502 ﬁlii.

658 3564 1026 3636 Cupiebamus
1068 3564 1287 3634 ipsimct
1313 3560 1499 3616 venire
1528 3574 1981 3629 communemque
2006 3560 2165 3614 nobis

588 3658 766 3715 facere
794 3670 1095 3711 aerumnam
1130 3661 1363 3707 vestram
1403 3652 1547 3706 circa
1591 3650 1812 3706 beatum
1864 3650 2032 3704 filium
2066 3665 2163 3705 ve-

590 3759 789 3815 strum,
822 3748 1041 3803 domine
1081 3746 1151 3801 mi
1184 3743 1666 3807 desideratissime,
1695 3758 1804 3797 non
1840 3758 1937 3812 per
1957 3742 2163 3796 litteras

590 3841 963 3898 tantummodo
1002 3855 1186 3894 casum
1217 3839 1418 3908 lugere,
1444 3835 1784 3904 tristitiaeque
1813 3844 2007 3889 vestrae
2036 3849 2163 3903 par-

591 3937 781 4005 ticipes
809 3934 1087 3988 vobiscum
1121 3929 1259 3984 ﬁeri.
1296 3928 1398 3994 Qui
1434 3928 1579 3983 enim
1605 3929 1778 3998 possit
1804 3942 1912 3982 non
1938 3926 2167 3981 misera-

587 4028 721 4092 bile,
753 4025 844 4095 qui
881 4024 1049 4095 possit
1074 4037 1185 4077 non
1226 4023 1554 4091 stupendum
1588 4019 1796 4085 videri,
1835 4019 1926 4073 filii
1952 4027 2073 4089 post
2101 4018 2164 4072 fi-

587 4120 720 4174 lium
748 4118 1108 4188 privationem
1140 4114 1270 4185 pati,
1299 4122 1353 4168 et
1382 4113 1565 4168 vivum
1607 4112 2006 4181 quodammodo
2040 4111 2162 4166 the-

588 4226 812 4267 saurum
836 4209 1107 4271 amittere,
1135 4206 1350 4261 divitias
1377 4204 1629 4277 genitiva:
1656 4204 2038 4267 successionis,
2067 4218 2165 4258 ex-

587 4311 830 4373 optatum
885 4300 1120 4354 fructum
1152 4298 1363 4369 papillae
1402 4306 1683 4362 maternze,
1733 4295 1950 4349 oculum
2003 4293 2163 4347 fami-

587 4398 672 4452 lia:
692 4394 1139 4467 pulcherrimum,
1171 4392 1305 4445 aviae
1330 4390 1593 4452 lmtitiam,
1626 4388 1794 4442 totius
1826 4384 2162 4456 cognationis

587 4491 754 4545 decus
782 4497 837 4542 et
893 4483 1311 4541 ornamentum?
1338 4480 1557 4535 Primus
1594 4488 1745 4535 ortus
1792 4489 1874 4533 est
1906 4476 2114 4533 fruetus
2147 4495 2161 4531 :

587 4594 642 4638 et
671 4582 992 4635 immaturus
1023 4577 1326 4648 genitorum
1358 4589 1388 4627 e
1416 4572 1668 4627 manibus
1700 4578 1888 4639 raptus
1917 4579 2020 4623 est.
2053 4569 2163 4623 Na—

589 4684 675 4728 tus
691 4681 773 4726 est
792 4670 1079 4732 secundus,
1105 4677 1159 4722 ct
1183 4668 1326 4720 hunc
1351 4678 1566 4735 quoque
1586 4678 1731 4716 mors
1762 4662 1953 4716 acerba
1973 4677 2164 4715 corru-

586 4767 687 4836 pit.
720 4764 899 4817 Tertia
957 4761 1123 4830 stirps
1175 4757 1395 4828 prodiit,
1450 4754 1876 4826 praecedentium
1908 4752 2163 4807 consola-

588 4834 681 4925 tio,
718 4857 1024 4917 ﬂorulenta,
1045 4852 1388 4923 perpulchra,
1411 4850 1578 4902 vitam
1606 4847 1671 4901 ad
1707 4847 1923 4899 tertium
1952 4862 2157 4900 annum
2194 4834 2241 4892 1)

586 4953 812 5013 ducens,
844 4949 898 5001 in
926 4961 1029 5016 qua
1051 4957 1328 5013 suspensae
1361 4948 1643 5010 parentum
1670 4938 1864 4992 animae
1893 4938 2159 4991 teneban-

589 5055 676 5099 tur
710 5061 723 5097 :
759 5051 832 5105 et,
875 5056 909 5094 ο
942 5035 1338 5093 calamitatem!
1375 5048 1497 5086 nam
1547 5045 1735 5085 vocem
1777 5044 1990 5099 quoque
2042 5046 2163 5099 pro-

586 5134 785 5193 scindit
820 5132 972 5188 dolor
1003 5148 1015 5185 :
1050 5126 1283 5184 excessit
1327 5125 1415 5178 hic
1448 5123 1609 5177 etiam
1640 5137 1707 5176 ex
1742 5122 1913 5177 oculis
1946 5112 2159 5187 vestris,

584 5231 838 5302 quodque
884 5225 1247 5281 miserrimum
1278 5227 1382 5282 est,
1412 5228 1564 5289 patre
1598 5234 1705 5271 non
1768 5226 2056 5287 prmscnte.
2100 5215 2165 5270 Et

582 5324 713 5395 quid
740 5336 877 5391 opus
910 5328 993 5373 est
1034 5314 1393 5371 calamitatem
1422 5325 1743 5381 exaggerare
1770 5310 1791 5362 ?
1819 5308 2162 5365 Conscissum

584 5418 668 5464 est
699 5423 793 5463 cor
843 5416 1109 5470 vestrum,
1141 5400 1329 5472 patris,
1374 5400 1583 5463 matris,
1613 5398 1843 5453 dominae
1888 5399 2160 5469 patriciae;

584 5507 640 5551 et
673 5511 768 5566 per
828 5504 1113 5562 utramque
1173 5488 1377 5561 gladius
1424 5488 1771 5560 pertransivit
1815 5505 1828 5553 ;
1882 5489 2164 5560 dolorique

590 5589 912 5651 medebitur,
946 5602 1054 5640 non
1106 5600 1306 5653 sermo,
1344 5600 1452 5640 non
1502 5581 1802 5637 consolatio
1833 5582 1912 5637 vel
1966 5583 2032 5637 ab
2067 5583 2167 5637 ho-

666 5763 708 5794 ³⁸
744 5765 931 5819 Matth.
964 5780 1038 5834 Vl,
1078 5763 1169 5819 25.
1246 5764 1288 5795 "
1312 5762 1504 5818 Matth.
1534 5782 1584 5832 γ,
1620 5764 1701 5819 15.

2351 3558 2720 3631 Ἐσουλὸμεθα
2767 3561 2930 3631 ἡμεῖς
2970 3558 3122 3614 αὐτοὶ
3152 3561 3425 3632 παρεῖναι,
3462 3560 3557 3615 καὶ
3588 3566 3846 3637 κοινωνῆο

2270 3669 2360 3705 σαι
2402 3652 2502 3721 τῆς
2548 3652 2774 3724 ἐνούσης
2808 3653 2935 3722 ὑμῖν
2972 3655 3280 3724 συμφορᾶς,
3317 3654 3444 3726 περὶ
3472 3654 3534 3708 τὸ
3574 3659 3847 3729 μακάριον

2268 3743 2420 3813 ὑμῶν
2464 3743 2673 3806 τέκνον,
2719 3743 2876 3813 κύριέ
2929 3761 3030 3815 μου
3083 3744 3452 3811 ποθεινότατε,
3484 3748 3581 3817 οὐχ
3625 3748 3710 3801 ὅτι
3759 3750 3846 3803 διά

2267 3834 2595 3904 γράμματος
2625 3833 2967 3905 θρηνῳδῆσαι
2996 3835 3057 3889 τὸ
3096 3836 3271 3899 πάθος
3309 3838 3404 3891 καὶ
3438 3843 3846 3910 συμμετασχεῖν

2268 3926 2395 3996 ὑμῖν
2420 3924 2514 3979 τοῦ
2541 3925 2810 3996 λυπηροῦ.
2835 3926 2957 3989 Πῶς
2981 3927 3091 3999 γάρ
3115 3928 3215 3981 οὐκ
3243 3928 3497 3993 ἐλεεινὸν,
3522 3932 3642 3993 πῶς
3670 3932 3726 3985 δὲ
3752 3934 3847 3984 οὐκ

2266 4019 2605 4086 ἐκστατικὸν,
2654 4019 2843 4082 παιδὸς
2882 4018 2973 4071 ἐπὶ
3018 4020 3171 4072 παιδὶ
3205 4021 3462 4090 στέρησιν
3494 4022 3711 4084 παθεῖν,
3756 4025 3847 4076 καὶ

2266 4106 2378 4165 οἷον
2430 4112 2695 4165 ἀπολέσαι
2745 4112 2836 4165 τὸν
2872 4111 3116 4183 ἔμψυχον
3161 4110 3453 4183 θησαυρὸν,
3492 4113 3587 4167 τὸν
3617 4113 3847 4168 πλοῦτον

2264 4205 2363 4275 τῆς
2412 4205 2636 4274 γονικῆς
2677 4205 2946 4275 διαδοχῆς,
2990 4206 3081 4258 τὸν
3114 4205 3447 4259 πολύευκτον
3479 4207 3697 4278 καρπὸν
3747 4209 3846 4276 τῆς

2269 4294 2527 4366 μητρῴας
2560 4296 2749 4368 θηλῆς,
2772 4297 2864 4351 τὸν
2892 4298 3189 4370 περικαλλῆ
3217 4298 3497 4368 ὀφθαλμὸν
3521 4301 3621 4371 τῆς
3648 4298 3845 4362 οἰκίας,

2265 4388 2365 4458 τῆς
2398 4390 2747 4459 προμήτορος
2775 4388 2833 4440 τὸ
2860 4387 3195 4459 άγαλλίαμα,
3220 4389 3321 4459 τῆς
3362 4390 3491 4459 ὅλης
3522 4388 3847 4460 συγγενείας

2264 4479 2326 4532 τὸ
2362 4479 2771 4549 σεμνολόγημα;
2806 4473 2982 4532 Ἷίκεν
3008 4482 3036 4532 ό
3068 4480 3283 4549 πρῶτος
3320 4481 3529 4551 καρπός
3552 4498 3567 4514 ·
3605 4484 3701 4536 καὶ
3738 4483 3844 4536 ἄω-

2268 4588 2358 4641 ρος
2383 4574 2445 4625 ἐκ
2483 4571 2589 4624 τῶν
2615 4571 2849 4637 γονικῶν
2878 4570 3076 4642 χειρῶν
3106 4572 3452 4643 ἀνηρπάσθη.
3495 4574 3638 4643 Ἐφυ
3671 4576 3700 4628 ό
3722 4574 3843 4627 δεύ-

2267 4682 2423 4735 τερος
2446 4681 2458 4693 ·
2490 4665 2585 4717 καὶ
2615 4663 2804 4717 τοῦτον
2833 4663 3139 4735 ἐλυμήνατο
3164 4668 3191 4718 ό
3227 4665 3423 4735 πικρὸς
3462 4665 3719 4731 θάνατος.
3753 4668 3850 4720 Τέ-

2269 4756 2398 4825 θηλε
2429 4755 2487 4809 τὸ
2510 4756 2691 4827 τρίτον
2723 4757 3030 4827 βλάστημα,
3058 4756 3386 4827 παραμυθία
3409 4757 3520 4810 τῶν
3546 4759 3848 4830 προτέρων,

2269 4848 2512 4912 εὐανθὲς,
2554 4849 2902 4918 περικαλλὲς,
2953 4849 3083 4915 ἄγον
3130 4848 3189 4901 τὸ
3240 4847 3503 4919 βιώσιμον
3547 4850 3629 4913 είς
3668 4851 3849 4922 τριετῆ

2269 4941 2459 5009 χρόνον
2479 4956 2492 4970 ⁸
2534 4941 2591 4994 ἐν
2619 4934 2665 5008 ᾧ
2691 4943 2745 4994 ai
2779 4941 2946 5012 ψυχαὶ
2982 4941 3370 5012 ἀπεκρέμαντο
3409 4940 3519 4994 τῶν
3544 4942 3814 4995 τεκόντων
3836 4957 3847 4970 '

2270 5032 2365 5085 καὶ
2401 5034 2500 5101 φεῦ
2540 5034 2639 5103 τῆς
2673 5034 2985 5103 συμφορᾶςί
3030 5034 3290 5101 ἐγκόπτει
3316 5033 3423 5104 γὰρ
3462 5033 3524 5086 τὸ
3555 5034 3730 5097 πάθος
3764 5035 3853 5087 καὶ

2270 5125 2332 5178 τὸ
2360 5124 2726 5195 φθέγγεσθαι·
2764 5125 2933 5196 ᾤχετο
2959 5127 3055 5178 καὶ
3079 5125 3236 5179 τοῦτο
3268 5126 3324 5192 ἐξ
3354 5126 3656 5197 ὀφθαλμῶν
3681 5127 3849 5196 ὑμῶν·

2275 5216 2368 5271 καὶ
2401 5219 2525 5286 τόγε
2556 5219 2936 5289 ἐλεεινότερον,
2972 5219 3105 5289 μηδέ
3131 5218 3219 5271 ἐπ’
3250 5218 3426 5287 ὅψεως
3452 5219 3551 5288 τῆς
3578 5218 3851 5291 πατρικῆς

2273 5313 2599 5382 παρουσίας.
2627 5313 2737 5364 Καὶ
2782 5312 2833 5365 τί
2871 5311 2951 5364 δεῖ
2980 5311 3344 5381 ἐκτραγῳδεῖν
3385 5310 3484 5381 τὴν
3526 5313 3851 5383 συμφοράν;

2273 5401 2551 5471 Τέτμηται
2585 5401 2740 5471 ὑμῶν
2775 5404 2807 5471 ἡ
2836 5401 3051 5472 καρδία,
3083 5400 3176 5453 τοῦ
3215 5401 3443 5472 πατρὸς,
3489 5401 3594 5472 τῆς
3630 5404 3850 5475 μητρὸς,

2271 5490 2372 5559 τῆς
2412 5491 2627 5562 κυρίας,
2660 5492 2759 5562 τῆς
2786 5491 3110 5563 πατρικίας·
3142 5490 3235 5544 καὶ
3269 5492 3518 5562 ῥομφαία
3564 5494 3659 5547 διὰ
3693 5499 3851 5565 μέσου

2273 5584 2602 5657 ἀμφοτέρων
2652 5584 2877 5656 ἐλήλυθε
2900 5602 2914 5617 ο
2954 5586 3049 5640 καὶ
3090 5585 3149 5639 τδ
3185 5585 3377 5656 ἄλογον
3406 5584 3765 5657 θεραπεύσει,
3795 5586 3850 5638 οὐ
