4008 6318
197 383 336 450 1005

1444 377 1973 442 EPlSTOLARUM
2003 378 2144 436 LIB.
2196 378 2234 435 i.

3318 377 3451 440 1006

185 500 364 567 λόγος,
405 498 466 549 οὐ
499 496 866 568 παραμύθιον,
892 497 990 549 οὐκ
1021 495 1079 561 ἐξ
1110 494 1427 563 ἀνθρώπου,
1464 494 1564 546 οὐκ
1601 492 1764 561 ἀγγέ-

1869 488 2015 543 mine
2045 488 2130 542 vel
2160 488 2228 540 ab
2265 484 2454 555 angelo
2488 525 2502 548 ,
2532 485 2625 540 sed
2658 501 2687 540 a
2727 486 2841 541 solo
2870 485 3000 550 Deo,
3051 487 3141 557 qui
3189 489 3311 542 vita:
3349 506 3446 542 no-

184 592 302 653 λου,
341 588 457 642 ἀλλ’
489 590 554 641 ὲκ
594 588 753 657 μόνου
786 587 879 640 τοῦ
912 585 1070 650 Θεοῦ,
1104 585 1200 639 τοῦ
1236 587 1407 649 οὕτως
1444 584 1766 655 διαθεμένου

184 685 314 745 τοὺς
365 680 468 750 τῆς
516 679 661 750 ζωῆς
709 679 864 749 ἡμῶν
913 680 1091 749 ὅρους.
1139 679 1310 742 Αὐτὸς
1355 678 1465 748 γάρ
1508 679 1646 742 ἐστι,
1685 675 1770 730 δέ-

189 775 367 828 σποτά
422 791 547 844 μου,
598 775 626 826 ό
669 772 728 825 τὸ
785 771 1108 842 τριπόθητον
1151 771 1304 841 ὑμῶν
1351 768 1543 823 τέκνον
1597 784 1767 838 προσ-

184 868 530 937 λαϐόμενοςο
566 865 757 935 ὥσπερ
805 866 898 917 καὶ
943 865 1010 916 τὰ
1054 862 1397 936 προλαϐόντα
1443 859 1767 931 προσληψά-

188 976 378 1029 μενος.

260 1050 519 1121 Λυπηρὸν
552 1049 670 1119 μὲν,
696 1049 789 1101 καὶ
825 1047 967 1112 λίαν,
990 1048 1051 1102 τὸ
1084 1047 1208 1102 καθ’
1236 1046 1380 1117 ὑμᾶς
1404 1064 1416 1076 '
1449 1048 1511 1101 οὐ
1548 1047 1769 1106 πάντως

184 1141 245 1194 δὲ
276 1140 500 1204 καὶτοῖς
526 1139 949 1212 προσληφθεῖσιν
970 1155 983 1169 ·
1014 1138 1200 1209 ἐπειδὴ
1221 1137 1478 1209 ἀχραντοι
1507 1137 1603 1191 καὶ
1633 1137 1770 1208 ἀκη-

186 1231 406 1285 λίδωτοι
442 1230 500 1296 ἐξ
535 1229 818 1302 ἁμαρτιῶν
855 1228 945 1284 διὰ
982 1228 1082 1298 τῆς
1115 1228 1480 1300 ἀρτιγενείας,
1521 1228 1768 1298 ἐγχωρή-

189 1340 392 1388 σαντες
443 1323 552 1377 τῶν
604 1321 813 1376 ἐνθένδε
861 1321 996 1391 πρὸς
1023 1321 1114 1373 τὸν
1148 1321 1416 1391 μακάριον
1453 1319 1545 1372 καὶ
1581 1318 1766 1389 ἀπαθῆ

193 1414 332 1485 βίον,
362 1417 418 1467 ὲν
451 1415 672 1476 κόλποις
704 1413 952 1484 Ἀδραὰμ
976 1409 1283 1483 χορεύουσι,
1311 1412 1449 1482 μετά
1476 1411 1646 1478 ἁγίων
1672 1428 1769 1482 νη·-

193 1505 338 1558 πίων
371 1504 799 1570 συναυλίζονται,
836 1503 973 1573 μετὰ
999 1503 1206 1556 παίδων
1240 1503 1614 1573 χριστοφόρων
1637 1503 1768 1555 ἀνα-

196 1599 520 1669 μέλπουσιν.
551 1597 716 1651 Ὥστε
749 1597 849 1649 οὐκ
889 1594 1134 1648 ἀπόλωλε
1181 1594 1249 1646 τὰ
1279 1593 1539 1648 κάλλιστα
1579 1592 1766 1659 τέκνα,

189 1691 330 1744 ἀλλά
362 1691 630 1743 σέσωσται
658 1688 786 1756 ὑμῖν
823 1686 917 1740 καὶ
939 1685 1202 1755 διαμένει.
1234 1684 1346 1737 Καὶ
1370 1684 1637 1752 ὲπόψεσθε
1667 1684 1768 1738 αὑ·-

189 1781 258 1833 τὰ
291 1779 488 1849 μικρὸν
519 1777 765 1847 ὕστερον,
793 1775 954 1846 ἡνίκα
977 1775 1044 1828 ἂν
1070 1775 1223 1838 τέλος
1246 1774 1464 1844 δέξηται
1484 1777 1517 1845 η
1542 1774 1766 1845 χρονικὴ

189 1869 305 1938 ζωὴ
340 1867 502 1937 αὕτη,
526 1866 783 1936 χαίροντα
806 1867 901 1918 καὶ
934 1863 1299 1933 ἀγαλλόμενα,
1321 1865 1422 1916 οὐκ
1451 1865 1508 1917 ὲν
1532 1866 1762 1937 βραχείᾳ

187 1956 402 2028 ἡλικίᾳ,
432 1955 547 2009 ἀλλ’
580 1957 640 2008 ὲν
667 1953 963 2023 τελειότητι
995 1951 1087 2006 τοῦ
1119 1949 1483 2022 πληρώματος
1512 1951 1604 2004 τοῦ
1625 1953 1762 2023 Χρι-

191 2048 346 2112 στοῦ,
406 2046 590 2110 καθὼς
632 2045 961 2115 γέγραπται.
1033 2044 1122 2097 Διὸ
1178 2041 1602 2114 παρακαλοῦμεν
1669 2043 1765 2096 καὶ

188 2137 601 2210 ἀντιϐολοῦμεν,
661 2139 773 2199 τοῖς
833 2137 1115 2206 λογισμοῖς
1174 2134 1385 2196 τούτοις
1441 2133 1765 2203 κατεπᾴδειν

188 2233 406 2295 ἑαυτοῖς
457 2230 598 2284 κατά
634 2227 695 2282 τὸ
738 2227 956 2298 ἀληθὲς,
993 2228 1087 2280 καὶ
1131 2226 1382 2280 ἐντεῦθεν
1425 2226 1662 2296 ἐξαίρειν
1704 2227 1765 2279 τὸ

187 2327 428 2395 ἄμετρον
469 2320 711 2392 λυπηρὸν
758 2321 858 2391 τῆς
910 2319 1109 2390 ψυχῆς.
1165 2319 1356 2390 Μέτρα
1402 2317 1510 2388 γὰρ
1567 2317 1766 2371 ἔδωκεν

185 2419 323 2487 ἡμῖν
352 2417 379 2467 ό
411 2412 615 2484 Κύριος
637 2429 652 2443 ·
698 2413 785 2466 ἴνα
813 2413 908 2466 καὶ
936 2411 1004 2464 τὰ
1033 2410 1237 2480 φυσικὰ
1278 2407 1563 2479 σπλάγχνα
1592 2408 1768 2461 ἐνδει-

186 2505 461 2576 κνύμεθα,
491 2506 584 2558 καὶ
620 2503 748 2566 τοὺς
789 2503 888 2572 τῆς
927 2502 1259 2572 αὐταρκείας
1288 2503 1447 2571 ὄρους
1483 2500 1558 2570 μὴ
1593 2500 1766 2571 ὑπερ-

186 2597 491 2667 ϐαίνωμεν.
527 2595 570 2646 Τ
573 2594 603 2647 δ
637 2592 734 2664 μὲν
757 2609 864 2662 γαρ
886 2592 965 2656 είς
990 2591 1135 2646 ἔλεον
1165 2595 1309 2645 κινεῖ
1328 2592 1387 2644 τὸ
1410 2591 1563 2644 Θεῖον
1588 2604 1606 2622 ο
1636 2593 1694 2644 τὸ
1712 2590 1766 2644 δὲ

185 2686 600 2759 ἀντιφέρεσθαι,
634 2686 780 2739 ποιεῖ
826 2687 938 2745 τοῖς
985 2683 1085 2753 τῆς
1127 2683 1391 2753 Προνοίας
1416 2682 1764 2751 διατάγμασι.

185 2782 302 2836 Καὶ
327 2780 387 2833 τὸ
417 2779 515 2850 μὲν
544 2776 829 2846 εὐφραίνει
854 2777 980 2838 τοὺς
1007 2775 1372 2838 ἀπελθόντας⁶
1403 2774 1464 2827 τὸ
1496 2774 1554 2828 δὲ
1579 2775 1768 2827 λυπεῖν

185 2871 384 2925 εἴωθεν
415 2869 616 2931 αὐτοὺς
640 2869 767 2929 τοὺς
797 2864 1167 2928 ἀναπαύσεως
1198 2864 1482 2934 τυχόντας.
1513 2864 1628 2926 Πᾶς
1660 2864 1769 2934 γάρ

185 2980 273 3026 τις
310 2961 561 3031 βούλεται
605 2960 813 3030 χαίρειν
847 2957 939 3009 ἐπὶ
970 2958 1035 3026 τῇ
1076 2956 1254 3025 οἰκεία
1296 2956 1461 3028 χαρᾷ,
1511 2954 1625 3008 ἀλλ’
1650 2955 1769 3024 οὐχὶ

186 3056 484 3109 λυπεῖσθαι
515 3055 641 3116 τοὺς
673 3052 847 3120 φιλεῖν
896 3047 1315 3119 ὁμολογοῦντας.
1364 3047 1558 3118 Ἡμεῖς
1584 3045 1641 3100 δὲ
1672 3063 1766 3098 πι-

1869 588 1996 634 strae
2021 578 2282 634 terminos
2302 577 2375 631 ita
2405 577 2688 646 disposuit.
2722 576 2837 648 Ipse
2881 578 3027 633 enim
3072 588 3174 642 est,
3210 580 3440 634 Domine

1871 668 1963 732 mi,
2007 667 2098 737 qui
2150 667 2560 722 dilectissimum
2611 666 2780 720 ﬁlium
2824 677 3066 724 vestrum
3126 670 3444 741 assumpsit,

1869 761 2011 816 sicut
2045 769 2099 815 et
2134 759 2503 831 prazcedentes
2531 768 2917 831 assumpserat.

1939 1045 2117 1100 Triste
2145 1044 2358 1116 quidem
2383 1046 2668 1100 admodum
2690 1046 2832 1114 quod
2862 1046 2927 1100 ad
2951 1061 3045 1100 vos
3061 1053 3268 1115 spectat
3292 1065 3306 1113 ;
3340 1039 3437 1102 sed
3468 1081 3483 1095 ε

1869 1154 1975 1193 non
2008 1138 2072 1193 iis
2099 1154 2324 1208 prorsus
2349 1139 2438 1208 qui
2464 1139 2727 1208 assumpti
2769 1147 2930 1192 sunt:
2961 1138 3161 1208 quippe
3190 1139 3280 1207 qui
3310 1139 3444 1193 labis

1869 1239 2122 1298 expertes
2150 1228 2219 1282 ob
2246 1237 2523 1287 recentem
2569 1237 2771 1290 ortum,
2821 1237 2874 1281 et
2909 1217 3237 1281 immaculati
3266 1244 3295 1280 a
3325 1243 3446 1296 pec.

1870 1321 2025 1384 catis,
2053 1321 2120 1374 ad
2141 1322 2354 1375 beatam
2379 1321 2542 1374 vitam
2564 1320 2691 1373 hinc
2719 1319 2967 1388 profecti,
2993 1319 3045 1371 in
3076 1317 3194 1372 sinu
3215 1318 3445 1373 Abrabaa

1871 1413 2077 1467 choros
2116 1413 2341 1474 ducunt,
2369 1427 2493 1466 cum
2546 1411 2749 1465 sanctis
2799 1410 3097 1465 infantibus
3151 1412 3442 1464 stationem

1870 1504 2096 1566 habent,
2129 1512 2336 1558 etcum
2386 1503 2571 1573 pueris
2616 1503 2890 1556 Christum
2951 1501 3302 1570 sequentibus
3343 1500 3442 1569 hy-

1871 1611 2027 1650 mnos
2069 1605 2292 1650 canunt.
2348 1594 2531 1664 Itaque
2585 1610 2691 1647 non
2746 1594 3069 1647 interierunt
3097 1593 3294 1663 egregii
3323 1592 3439 1655 filii,

1870 1688 1965 1743 sed
2012 1687 2314 1742 incolumes
2358 1687 2511 1740 vobis
2565 1694 2807 1749 manent,
2849 1700 3048 1753 eosque
3100 1685 3440 1754 postmodum

1870 1779 2234 1849 conspicictis,
2284 1793 2405 1833 cum
2461 1777 2526 1831 ad
2572 1778 2774 1832 exitum
2808 1775 3120 1846 temporalis
3173 1777 3286 1830 haec
3337 1776 3440 1834 vita

1868 1871 2199 1941 pervenerit,
2223 1870 2518 1940 gaudentes
2535 1877 2589 1922 et
2607 1869 2942 1923 exsultantes
2962 1883 3069 1921 non
3091 1867 3143 1920 in
3167 1868 3316 1921 brevi
3342 1867 3443 1921 hac

1864 1972 2044 2028 actate,
2091 1962 2184 2017 sed
2250 1963 2302 2016 in
2343 1961 2675 2032 perfectione
2727 1959 3074 2028 plenitudinis
3124 1958 3350 2024 Christi,
3383 1969 3444 2013 ut

1865 2055 2125 2127 scriptum
2157 2062 2241 2109 est
2264 2052 2332 2108 ⁸⁸.
2388 2052 2751 2118 Quamobrem
2809 2050 3087 2105 hortamur
3109 2060 3165 2105 et
3186 2052 3440 2105 obsecra-

1866 2166 2005 2213 mus.
2029 2158 2086 2203 ut
2117 2148 2199 2202 his
2227 2162 2321 2203 vos
2347 2146 2449 2216 ipsi
2473 2145 2886 2215 cogitationibus
2907 2160 3094 2200 revera
3125 2144 3434 2206 mulceatis.

1866 2251 1921 2296 et
1955 2240 2301 2295 immodicum
2333 2239 2462 2292 hinc
2485 2236 2680 2291 animae
2702 2236 2940 2290 dolorem
2959 2234 3261 2304 depellutis.
3289 2234 3441 2287 Men-

1866 2347 2020 2387 suras
2066 2330 2213 2384 enim
2243 2328 2431 2383 statuit
2462 2328 2618 2382 nobis
2669 2326 2930 2381 Dominus
2965 2346 2977 2381 :
3011 2335 3069 2380 ut
3092 2333 3146 2380 et
3176 2326 3438 2379 naturalia

1865 2421 2076 2476 viscera
2109 2418 2475 2483 ostendamus,
2501 2426 2557 2472 et
2576 2417 2843 2487 legitimos
2870 2416 3085 2497 limites
3127 2431 3234 2469 non
3261 2425 3441 2470 trans-

1867 2508 2196 2581 grediamur.
2247 2505 2489 2560 Alterum
2544 2505 2687 2558 enim
2715 2503 2782 2558 ad
2809 2501 3237 2558 misericordiam
3270 2500 3438 2554 Deum

1867 2607 2050 2654 movet
2077 2617 2090 2652 :
2122 2597 2350 2651 alterum
2379 2595 2732 2666 providentiae
2787 2593 3022 2650 decretis
3076 2600 3440 2664 repugnantes

1867 2689 2014 2745 facit.
2066 2688 2134 2742 Et
2164 2688 2394 2741 alterum
2440 2700 2629 2740 rursus
2673 2699 2767 2739 eos
2799 2683 3063 2739 exhilarat
3107 2683 3198 2752 qui
3249 2697 3439 2736 exces—

1840 2832 1842 2836 _
1869 2786 2081 2843 serunt,
2112 2777 2339 2832 alterum
2373 2776 2696 2831 contristare
2727 2775 2845 2830 illos
2886 2774 3041 2839 solet,
3072 2774 3161 2844 qui
3197 2773 3438 2842 requiem

1867 2867 2046 2937 adepti
2066 2875 2212 2921 sunt.
2231 2866 2519 2921 Vultenim
2537 2864 2909 2936 unusquisque
2927 2865 2979 2918 in
3006 2864 3223 2934 propria
3255 2863 3440 2916 laetitia

1869 2961 2060 3027 laetari,
2086 2977 2149 3016 ac
2169 2976 2277 3016 non
2309 2961 2512 3025 dolere,
2541 2975 2634 3015 eos
2660 2960 2748 3030 qui
2779 2975 2962 3014 amare
2999 2974 3059 3013 se
3090 2959 3300 3013 dicunt.
3328 2957 3439 3011 Nos

1870 3070 1999 3109 vero
2027 3063 2082 3108 et
2114 3054 2391 3108 Dominam
2420 3051 2838 3116 Chartulariam,
2871 3059 3084 3106 uterum
3135 3051 3316 3105 denuo
3345 3063 3439 3120 ges

188 3146 480 3216 στεύομεν,
504 3146 599 3199 καὶ
626 3144 785 3198 πάλιν
811 3144 868 3195 έν
901 3142 1095 3211 γαστρὶ
1133 3139 1275 3206 ἕξειν
1309 3138 1407 3210 τὴν
1440 3139 1635 3209 κυρίαν
1662 3136 1760 3208 τὴν

1868 3156 2122 3202 staturam
2153 3146 2443 3210 credimus,
2479 3152 2533 3199 et
2561 3144 2728 3198 filium
2746 3143 3175 3209 enixuram,non
3201 3152 3304 3197 tam
3331 3144 3440 3199 cito

186 3235 629 3307 Χαρτουλαρίαν,
657 3235 748 3288 καῖ⁵
785 3231 1035 3298 τέξεσθαι
1059 3230 1171 3284 υἱὸν
1207 3230 1388 3284 οὐκέτι
1429 3228 1760 3300 ταχύμορον,

184 3328 326 3382 ἀλλά
348 3325 982 3398 προμακροημερεύοντα
1014 3323 1095 3386 είς
1122 3319 1369 3391 διαδοχὴν
1402 3319 1592 3387 γένους
1615 3334 1630 3349 °
1662 3319 1762 3390 μό-

185 3438 280 3474 νον
327 3420 423 3474 ὲάν
471 3419 852 3490 μετριάσωμεν
896 3419 960 3470 τδ
1001 3414 1193 3481 πάθος,
1229 3414 1324 3468 καὶ
1370 3413 1469 3478 τὰς
1503 3413 1642 3483 ὑπὲρ
1669 3411 1764 3466 τοῦ

185 3510 382 3572 παιδὸς
408 3509 694 3578 ἀποδῶμεν
729 3508 875 3578 ἔργῳ
899 3507 995 3562 καὶ
1026 3507 1168 3579 λόγῳ
1195 3505 1512 3577 προσφορὰς
1543 3503 1765 3576 εὐχαρί-

187 3616 354 3662 στους
375 3597 456 3670 τῷ
489 3596 739 3669 Δεσπότῃ
763 3596 1009 3668 Χριστῷ.

470 3731 553 3788 Λ’.
590 3760 659 3773 --
691 3730 1009 3799 Νικηφόρῳ
1039 3731 1396 3802 πατριάρχῃ.
1439 3730 1594 3804 [να’.]

1866 3239 2217 3302 moriturum,
2247 3236 2342 3290 sed
2390 3235 2659 3289 diuturna:
2689 3233 2810 3289 vitae
2855 3233 3092 3288 futurum
3136 3233 3200 3289 ad
3229 3236 3441 3304 generis

1865 3328 2304 3401 propagationem
2337 3343 2351 3381 :
2385 3326 2676 3381 dummodo
2705 3326 2941 3381 dolorem
2992 3324 3353 3387 moderemur,
3386 3334 3442 3378 et

1866 3438 1967 3493 pro
1993 3423 2102 3476 filio
2131 3423 2425 3494 gratiarum
2443 3420 2745 3476 oblationes
2776 3418 3000 3474 Domino
3026 3417 3243 3472 Christo
3284 3417 3441 3473 factis

1868 3513 2158 3582 verbisque
2195 3513 2504 3568 reddamus.

2187 3735 2440 3795 ΧΧΧ.-
2478 3735 2768 3809 Nicephoro
2793 3738 3124 3808 patriarclmr.

941 3867 1156 3931 Exponit
1177 3881 1265 3918 cur
1297 3883 1404 3918 cum
1431 3883 1538 3932 ipso
1560 3885 1654 3923 non
1676 3873 2023 3925 communicet.
2056 3875 2257 3936 (Bal-on.
2283 3891 2363 3926 an.
2385 3877 2495 3938 806,
2517 3893 2568 3928 n.
2597 3878 2694 3939 15.)

260 3981 378 4033 Οὐκ
400 3980 690 4049 ἀναγκαῖον
712 3981 800 4035 διὰ
825 3981 1152 4052 γράμματος
1177 3984 1420 4052 σημᾶναι
1450 3984 1527 4054 τῷ
1551 3986 1766 4057 ἀγγέλῳ

185 4072 289 4141 τῆς
319 4070 720 4140 μακαριότητός
752 4089 865 4134 σου,
891 4070 926 4124 ἃ
956 4071 1043 4123 διὰ
1074 4071 1342 4140 στόματος
1372 4076 1728 4146 παρηγγέλθη
1748 4095 1762 4107 -

187 4163 238 4215 εἰ
281 4161 377 4214 xa‘t
413 4160 486 4230 μὴ
520 4161 586 4213 δι’
608 4159 933 4230 ἀμφοτέρων
963 4161 1120 4230 ἡμῶν
1151 4161 1259 4213 τῶν
1290 4165 1582 4216 ταπεινῶν.
1622 4165 1765 4222 Ἀλλ’

189 4255 280 4309 ἵνα
308 4253 402 4324 μὴ,
435 4253 469 4323 ἡ
491 4251 616 4322 χθὲς
645 4251 786 4305 κατὰ
805 4251 902 4322 τὴν
927 4252 1171 4305 κέλευσεν
1195 4270 1286 4305 σου
1316 4254 1632 4317 συνέλευσις
1657 4255 1765 4307 τῶν

185 4342 720 4412 ὲπισκόπων,έτερόν
751 4360 804 4395 τι
836 4343 1091 4406 διδάξασα
1123 4345 1276 4414 παρὰ
1308 4344 1376 4397 τὰ
1415 4343 1473 4396 ἐν
1499 4344 1635 4415 αὐτῇ
1673 4344 1763 4414 ὑφ’

1933 3988 2163 4045 Necesse
2197 4006 2300 4046 non
2350 4000 2466 4045 erat
2494 3991 2688 4046 litteris
2716 3991 2951 4048 indicare
2991 3990 3182 4064 angelo
3212 3992 3442 4047 beatitu-

1863 4081 2009 4136 dinis
2070 4092 2197 4147 tuas,
2253 4096 2373 4153 qua:
2428 4098 2523 4139 ore
2585 4084 2702 4153 ipso
2736 4085 2847 4155 jam
2903 4084 3200 4155 signiﬁcata
3262 4095 3435 4140 sunt:

1861 4172 2109 4241 quamvis
2139 4189 2236 4242 per
2261 4173 2495 4229 humiles
2526 4190 2628 4230 nos
2686 4175 2875 4229 ambos
2923 4189 3031 4228 non
3055 4175 3303 4230 fuissent.
3341 4176 3437 4230 At-

1862 4267 2042 4313 tamen
2069 4274 2154 4322 ne,
2194 4259 2285 4329 qui
2317 4260 2573 4314 hesterno
2593 4259 2680 4315 die
2703 4260 2856 4330 jussu
2879 4269 2974 4315 tuo
3001 4270 3308 4316 conventus
3337 4262 3438 4316 ha-

1860 4351 2009 4405 bitus
2037 4361 2118 4405 est
2143 4353 2542 4422 episcoporum,
2597 4353 2868 4408 diversum
2900 4352 3099 4422 aliquid
3137 4353 3340 4407 docens
3365 4355 3433 4407 ah

186 4436 351 4508 ἡμῶν
384 4433 636 4506 ρηθέντα,
668 4433 971 4504 ὲπιθολώσῃ
997 4434 1096 4496 τὰς
1127 4435 1277 4506 ίεράς
1303 4451 1395 4488 σου
1427 4436 1596 4498 ἀκοάς
1615 4453 1627 4466 ·
1654 4436 1757 4507 ἀρ-

1868 4442 1926 4497 iis
1950 4459 2069 4512 quae
2098 4443 2152 4497 in
2176 4443 2268 4499 illo
2295 4445 2438 4498 dicta
2469 4460 2497 4499 a
2529 4445 2688 4500 nobis
2715 4453 2859 4508 sunt,
2887 4456 3068 4498 saeras
3102 4459 3260 4500 aures
3308 4454 3428 4499 tuas

190 4526 360 4597 μόζον
391 4523 717 4596 ἡγησάμεθα
747 4525 1057 4590 ἀνενεγκεῖν
1081 4525 1138 4576 ὲν
1181 4525 1464 4596 κεφαλαίῳ
1492 4526 1591 4596 τὴν
1631 4526 1760 4595 ὅλην

186 4618 293 4688 τῆς
318 4616 611 4684 ἀπολογίας
642 4615 797 4686 ἡμῶν
832 4613 1110 4669 σύστασιν.
1145 4615 1334 4686 Ἡμεῖς
1358 4617 1557 4684 τοίνυν,
1587 4611 1632 4672 ὦ
1661 4635 1762 4688 μα-

187 4707 523 4778 καριώτατε,
573 4705 842 4778 όρθόδοξοί
901 4707 1068 4775 ἐσμεν
1123 4706 1267 4759 κατὰ
1317 4707 1524 4761 πάνταο
1582 4710 1762 4761 πᾶσαν

186 4800 404 4868 αἵρεσιν
437 4796 862 4866 ἀποϐαλλόμενοι
883 4836 898 4862 ,
929 4796 1022 4850 καὶ
1051 4797 1229 4850 πᾶσαν
1259 4797 1472 4851 σύνοδον
1508 4799 1761 4869 οίκουμε-

187 4891 349 4958 νικήν
370 4905 429 4942 τε
454 4887 548 4940 καὶ
575 4888 804 4959 τοπικὴν
831 4888 1231 4958 ὲγκεκριμένην
1251 4890 1670 4960 ἀ-οδεχόμενοιο
1701 4893 1762 4944 οὐ

188 4982 303 5053 μὴν
348 4979 485 5034 ἀλλά
528 4979 623 5032 καὶ
659 4979 756 5042 τὰς
787 4980 916 5049 παρ’
951 4979 1132 5032 αὐτῶν
1173 4981 1580 5052 ὲκφωνηθείσας
1612 4984 1765 5054 ἱερὰς

186 5075 286 5126 καὶ
348 5069 639 5132 κανονικάς
699 5069 1056 5132 διατυπώσεις
1120 5070 1375 5140 ἀσφαλῶς
1437 5072 1760 5142 κατέχομεν.

186 5159 342 5230 Μηδὲ
395 5158 506 5229 γὰρ
550 5156 865 5227 ὀρθοτομεῖν
916 5157 1030 5210 ἐστι
1077 5158 1298 5221 τελείως
1337 5159 1426 5212 τὸν
1473 5153 1629 5227 λόγον
1666 5161 1765 5229 τῆς

187 5249 469 5320 ἀληθείας,
509 5246 602 5300 τὸν
633 5246 730 5317 τὴν
771 5247 955 5300 πίστιν
983 5247 1150 5319 ὀρθὴν
1176 5249 1420 5314 οἰόμενον
1450 5249 1616 5320 ἔχειν,
1654 5253 1764 5314 τοῖς

185 5343 242 5397 δὲ
269 5343 435 5406 θείοις
467 5339 655 5394 κανόσι
685 5339 759 5410 μὴ
789 5340 1246 5410 ἀπευθυνόμενον.
1280 5343 1388 5395 Καὶ
1420 5341 1524 5413 μὴν
1553 5344 1764 5408 καὶτὰς

185 5436 485 5505 ἔνθέσμους
531 5433 637 5485 ὑπὸ
679 5433 789 5485 τῶν
834 5433 1006 5500 ἁγίων
1048 5432 1188 5485 κατά
1226 5434 1414 5504 καιρὸν
1455 5436 1763 5506 οίκονομίας

183 5524 528 5600 προσιέμεθα
547 5541 560 5556 ·
585 5527 706 5578 ἐπεὶ
735 5526 828 5580 καὶ
853 5525 1009 5596 ἡμῶν
1037 5526 1146 5578 τῶν
1166 5527 1435 5580 ταπεινῶν
1464 5528 1558 5580 νῦν
1582 5528 1641 5581 τὸ
1667 5529 1764 5600 τὴν

180 5619 500 5688 ἁγιωσύνην
532 5634 623 5670 σου
654 5617 740 5670 διὰ
766 5619 867 5689 τὴν
892 5616 1120 5688 ὲκῦολὴν
1153 5617 1247 5672 τοῦ
1273 5620 1554 5688 οἰκονόμου
1586 5622 1762 5676 ἀσπά-

181 5714 394 5780 ζεσθαι,
455 5712 517 5764 οὐ
568 5711 676 5765 τῶν
735 5712 1178 5784 ἀκριϐευομὲνων
1216 5713 1352 5779 ἐστὶ,
1391 5713 1497 5769 τῶν
1542 5714 1598 5770 δὲ
1644 5715 1762 5770 λίαν

248 5813 293 5844 ⁸⁸³
341 5809 546 5878 Ephcs.
587 5823 659 5871 Iv,
691 5807 774 5862 15.

1863 4535 2150 4590 conturbet
2171 4554 2185 4602 ;
2205 4546 2628 4591 consentaneum
2645 4536 2897 4591 duximus
2914 4535 3222 4590 summatim
3259 4545 3425 4590 tutam

1865 4621 2067 4676 referre
2118 4623 2376 4694 apologiae
2429 4633 2628 4678 nostrae
2681 4623 2963 4677 rationem.
3025 4621 3136 4677 Nos
3189 4622 3369 4693 igitur,
3402 4639 3434 4677 o

1863 4711 2193 4778 beatissime,
2221 4714 2504 4769 orthodoxi
2560 4730 2749 4769 sumus
2783 4715 2837 4768 in
2888 4713 3163 4778 omnibus,
3215 4729 3433 4768 omnem

1865 4801 2109 4856 bmresim
2141 4804 2468 4873 rejicicntes,
2495 4819 2821 4874 omnemque
2844 4803 3237 4857 meumcnicam
3272 4811 3330 4857 et
3349 4803 3432 4855 lo-

1864 4893 2034 4947 calem
2069 4896 2332 4964 synodum
2392 4896 2744 4966 approbatam
2777 4894 3102 4963 recipientes
3135 4911 3150 4961 ;
3187 4910 3289 4948 nec
3322 4911 3431 4949 non

1863 4989 2034 5045 editas
2089 4991 2156 5043 ab
2195 4991 2274 5046 eis
2346 5005 2528 5046 sacras
2572 4999 2627 5044 et
2669 4989 2957 5045 canonicas
3019 4990 3434 5046 constitutiones

1863 5091 2013 5137 arcte
2041 5083 2469 5153 complectimur.
2503 5082 2687 5153 Neque
2714 5083 2859 5137 enim
2891 5082 3174 5136 veritatem
3208 5098 3432 5152 prorsus

1866 5181 2016 5226 tenet
2047 5172 2113 5236 is,
2148 5173 2239 5242 qui
2275 5181 2476 5227 rectam
2537 5172 2696 5227 fidem
2759 5173 2959 5227 habere
3001 5188 3061 5227 se
3113 5173 3433 5228 existimans

1865 5264 2061 5318 divinis
2094 5264 2392 5321 canonibus
2455 5279 2562 5318 non
2601 5271 2832 5335 regatur.
2873 5265 2952 5318 Ad
2987 5265 3103 5320 haec
3159 5265 3429 5337 legitimas

1864 5368 1894 5407 a
1915 5354 2127 5408 sanctis
2163 5371 2262 5426 pro
2291 5365 2531 5425 tempore
2560 5365 2844 5425 usurpatas
2884 5355 3316 5425 dispensationcs
3336 5356 3432 5409 ad-

1866 5445 2128 5499 mittimus
2160 5465 2173 5500 :
2201 5447 2416 5516 quando
2443 5455 2497 5501 et
2527 5462 2626 5501 nos
2653 5447 2882 5501 humiles
2906 5447 3248 5501 sanctitatem
3281 5456 3427 5501 tuam

1865 5552 2009 5593 nunc
2048 5553 2146 5607 per
2197 5538 2462 5596 oeconomi
2509 5539 2827 5608 eiectionem
2859 5539 3128 5609 amplecti,
3153 5554 3261 5593 non
3302 5555 3398 5593 ex:

1864 5633 2012 5681 ctum
2035 5626 2124 5695 jus
2163 5626 2482 5686 sectantium
2528 5637 2630 5690 est,
2661 5627 2752 5681 sed
2783 5627 3068 5682 admodum
3119 5627 3431 5698 dispensan-

1868 5717 2023 5786 tium,
2062 5729 2115 5774 et
2145 5718 2570 5793 conspirantium
2599 5738 2609 5773 :
2648 5728 2701 5773 et
2731 5719 3178 5793 prmdeccssorcm
3230 5721 3428 5775 sancti-
