4008 6318
573 367 704 431 1007

1753 362 1814 421 s.
1850 327 2242 421 THEODORI
2283 353 2626 415 sruoms

3695 347 3833 412 1008

571 477 696 531 tatis
755 484 858 530 tuae
910 472 1314 528 sanctissimum
1382 467 1746 541 patriarcham
1799 468 1990 523 eadem
2048 482 2137 520 ra-

2263 463 2671 532 ιὶκονομούντων
2693 459 2786 513 καὶ
2810 459 3238 530 συνερχομένων.
3260 457 3371 511 Καὶ
3388 457 3480 510 τὸν
3505 458 3834 528 προηγησὰ-

571 569 715 623 tione
745 565 1108 634 suscepimus,
1140 563 1194 618 in
1227 563 1329 618 hoc
1359 561 1479 633 ipso
1507 560 1726 633 negotio
1761 579 1774 614 :
1806 558 2025 631 quando
2059 573 2146 612 re-

569 659 708 714 versi
739 658 807 712 ab
845 657 1033 711 exsilio
1088 669 1295 721 sumus,
1341 654 1589 724 disrupto
1623 651 1925 707 adulterino
1954 649 2145 719 conju-

572 752 677 822 gio,
699 760 753 804 et
773 763 1055 804 (nconomo
1083 746 1368 802 sacerdotii
1395 759 1620 800 munere
1642 744 1874 814 dejecto.
1905 742 2026 797 Non
2049 740 2142 804 sit,

571 825 873 904 aiebamus,
905 828 1057 894 nobis
1089 855 1215 909 pars
1249 848 1452 901 tecum,
1502 852 1679 905 neque
1725 836 1836 899 hic,
1883 848 2060 904 neque
2091 833 2146 887 in

571 932 755 986 futuro
811 931 1028 995 saeculo,
1081 938 1370 998 prOpterea
1407 927 1550 997 quod
1586 928 1796 981 adulter
1842 925 2148 996 promiscue

571 1038 601 1076 a
626 1023 909 1077 sanctitate
948 1031 1037 1076 tua
1078 1020 1429 1090 participarit.
1463 1020 1661 1075 Contra
1694 1028 1878 1072 autem
1924 1018 2016 1071 illo
2067 1015 2148 1071 di-

572 1124 730 1170 cente
782 1134 794 1168 :
842 1113 1252 1184 Dispensatione
1303 1128 1434 1167 usus
1489 1127 1643 1176 sum,
1699 1120 1759 1165 ut
1831 1109 1994 1163 etiam
2043 1108 2149 1162 im-

574 1206 827 1276 pertircm
899 1206 965 1260 ad
1041 1215 1302 1274 tempus:
1346 1205 1540 1260 deinde
1605 1204 1721 1258 haec
1767 1201 2089 1272 subjiciente
2130 1217 2145 1255 :

577 1299 796 1353 Utinam
871 1312 1063 1350 manus
1137 1296 1264 1350 mihi
1300 1296 1556 1350 abscissa:
1603 1294 1851 1357 fuissent,
1893 1308 1962 1346 ne
1994 1291 2150 1346 adul-

577 1400 720 1444 teros
783 1389 1133 1443 coronareml
1170 1387 1421 1457 Nunquid
1467 1402 1564 1458 ego
1603 1400 1826 1457 prorsus
1852 1384 2152 1439 coronavi?

575 1493 858 1553 propterea
913 1496 1035 1535 cum
1062 1497 1128 1536 eo
1162 1480 1683 1535 communicavimus
1730 1493 1902 1547 usque
1932 1477 1998 1531 ad
2029 1476 2150 1531 obi-

577 1585 690 1629 tum
719 1574 890 1644 ipsius
919 1590 932 1625 :
957 1573 1372 1627 etsanctitatem
1403 1580 1548 1625 tuam
1575 1585 1793 1624 rursum
1818 1568 2154 1638 suscepimus

573 1666 641 1720 ad
707 1665 1024 1736 dignitatem
1097 1663 1597 1732 archiepiscopatus
1640 1680 1654 1717 :
1696 1660 2152 1731 quemadmodum

575 1758 908 1812 mentionem
932 1756 1052 1827 ejus
1085 1756 1327 1826 quotidie
1357 1754 1588 1809 facimus
1616 1754 1670 1808 in
1704 1753 1971 1810 sacrificio
2004 1769 2018 1818 ;
2051 1767 2154 1808 nec

2251 571 2410 626 μενον
2429 553 2524 624 τήν
2546 551 2854 624 ἁγιωσύνην
2882 549 3039 624 [Reg.
3061 552 3162 621 τῆς
3184 547 3517 622 ἁγιωσύνης]
3541 567 3637 605 σου
3667 549 3835 618 ἁγιώ-

2245 663 2406 700 τατον
2427 645 2772 717 πατριάρχην
2804 644 2883 715 τῷ
2912 643 3056 714 λόγῳ
3085 641 3262 712 τούτῳ
3284 640 3586 711 ἐδεξάμεθα
3618 645 3701 707 εἱς
3735 642 3835 713 τὴν

2249 738 2619 810 προκειμένην
2666 737 2923 791 ὑπόθεσιν
2944 752 2958 767 ·
2996 735 3160 808 ήνίκα
3190 733 3567 806 ἐπανήλθομεν
3597 735 3700 806 τῆς
3747 735 3836 798 ἐξ-

2249 834 2437 904 ορίας·
2478 832 2871 905 διαρραγείσης
2924 831 3020 901 μὲν
3063 831 3163 901 τῆς
3216 830 3467 900 μοιχικῆς
3510 827 3834 898 συναφείας,

2250 922 2559 994 εἱρχθέντος
2588 922 2645 975 δέ
2671 922 2766 975 τοῦ
2797 921 3083 992 οἰκονόμου
3110 920 3208 991 τῆς
3241 919 3575 990 ἱερουργίας.
3606 920 3735 972 Ὀτι
3764 920 3838 991 μὴ

2249 1014 2393 1069 ἔστω
2437 1017 2572 1086 ἡμῖν
2620 1014 2785 1086 μέρος
2811 1031 2827 1044 ·
2860 1014 3045 1068 ἕνεκεν
3096 1012 3196 1066 τοῦ
3245 1013 3553 1084 ἀδιαφόρως
3589 1013 3698 1066 ὑπὸ
3738 1011 3841 1082 τῆς

2252 1107 2539 1178 ἁγιότητός
2565 1125 2659 1162 σου
2687 1106 3126 1178 μεταλαμϐάνειν
3148 1105 3241 1159 τὸν
3275 1104 3638 1175 μοιχεύσαντα
3655 1121 3669 1134 ·
3699 1104 3840 1174 μήτε

2250 1203 2310 1254 ἐν
2337 1200 2416 1271 τῷ
2449 1198 2544 1253 νῦν
2574 1200 2753 1266 αίῶνι,
2789 1200 2926 1270 μήτε
2968 1201 3024 1252 ἐν
3057 1197 3134 1268 τῷ
3174 1197 3443 1268 μέλλοντι.
3479 1197 3621 1268 Ἤδη
3653 1195 3841 1248 εἱπόν-

2253 1309 2340 1354 τος
2385 1292 2573 1353 αὐτοῦ,
2611 1291 2692 1344 ὅτι
2745 1290 3029 1361 οἰκονομίᾳ
3079 1288 3361 1359 ἐχρώμην,
3411 1289 3507 1342 καὶ
3563 1286 3716 1356 αὐτῷ
3762 1287 3843 1356 τῷ

2255 1383 2593 1455 μεταδιδόναι
2622 1384 2725 1446 ἕως
2753 1382 2945 1454 καιροῦ
2964 1399 2977 1412 ·
3009 1377 3128 1436 εἶτα
3162 1381 3258 1435 καὶ
3283 1379 3427 1436 οὕτω
3467 1380 3839 1449 δηλώσαντος,

2251 1476 2334 1529 ὅτι
2359 1477 2416 1529 αἱ
2445 1475 2634 1547 χεῖρές
2663 1493 2764 1546 μου
2791 1475 3128 1544 κεκομμέναι
3155 1473 3220 1526 ἂν
3248 1473 3488 1543 ὑπῆρχον
3517 1474 3599 1535 είς
3625 1471 3688 1524 τὺ
3724 1486 3844 1540 μοι-

2252 1567 2406 1638 χικὸν
2436 1569 2766 1637 στεφάνωμα
2787 1582 2801 1596 ⁸
2834 1561 2870 1636 ἦ
2902 1565 3010 1633 ἐγὼ
3034 1565 3168 1627 ὅλως
3193 1563 3522 1633 ἐστεφάνουν
3546 1577 3561 1626 ;
3595 1562 3691 1616 ἐπὶ
3719 1561 3845 1615 τούς

2252 1677 2365 1723 τοις
2406 1658 2588 1713 τοίνυν
2619 1657 3100 1727 κεκοινωνήκαμεν
3135 1655 3285 1725 αὐτῴ
3329 1655 3488 1725 μέχρι
3527 1655 3844 1723 κοιμήσεως

2255 1752 2418 1806 αὐτοῦ
2439 1795 2454 1820 ,
2486 1754 2580 1806 καὶ
2614 1752 2714 1824 τὴν
2749 1749 3060 1821 ἁγιωσύνην
3099 1766 3191 1802 σου
3248 1747 3411 1801 πάλιν
3454 1745 3842 1816 ἀπεδεξάμεθα

573 1851 678 1906 alia
723 1865 780 1905 re
811 1849 1208 1920 diserepamus,
1234 1863 1395 1919 quam
1424 1859 1646 1919 propter
1679 1862 2023 1902 oeconomum
2055 1860 2152 1916 per

2263 1846 2334 1908 είς
2357 1845 2420 1898 τὸ
2445 1845 2546 1915 τῆς
2571 1823 2982 1914 ἀρχιερωσύνης
3011 1841 3228 1911 ἀξίωμα
3248 1855 3261 1869 ⁸
3294 1838 3478 1902 καθὼς
3506 1839 3603 1892 καὶ
3633 1855 3844 1910 μνημο-

575 1962 758 2002 sacros
784 1958 1023 1999 canones
1053 1941 1359 2012 depositum
1393 1941 1576 1994 multis
1617 1939 1792 1995 modis
1823 1956 1839 2005 ;
1872 1954 1936 1994 ac
1965 1938 2153 2008 praeci-

578 2054 684 2109 pue
710 2037 855 2108 quod
905 2044 1028 2106 post
1063 2049 1258 2089 novem
1313 2047 1581 2086 annorum
1635 2030 2157 2086 excommunicatio-

575 2145 700 2184 nem
730 2130 924 2184 iterum
978 2125 1148 2182 sacris
1202 2134 1461 2195 operetur
1493 2142 1509 2192 ;
1545 2138 1720 2194 neque
1758 2122 1811 2177 id
1857 2124 1909 2176 in
1935 2123 2152 2189 abdito;

579 2218 861 2275 ferendum
890 2216 1035 2271 enim
1081 2223 1246 2279 esset,
1281 2214 1437 2268 nobis
1464 2215 1582 2283 ejus
1628 2213 1704 2267 rei
1741 2213 1964 2267 minime
2020 2228 2154 2268 cou-

577 2311 704 2366 sciis
734 2325 749 2374 ;
783 2309 880 2363 sed
920 2309 973 2362 in
1003 2308 1121 2376 ipso
1181 2306 1329 2360 fonte
1363 2305 1654 2360 sacerdotii
1707 2305 1900 2370 nostri,
1943 2305 2047 2359 hoc
2075 2314 2159 2360 est

578 2419 702 2458 cum
732 2403 942 2458 sincera
974 2400 1387 2456 conversatione
1416 2408 1531 2466 tua,
1563 2399 1779 2456 assidue
1835 2414 2067 2471 pergens
2090 2399 2158 2455 ad

580 2493 1026 2550 sacrificandum.

652 2755 822 2824 Igitur
840 2755 1048 2825 justum
1079 2762 1135 2809 et
1165 2763 1413 2811 sanctum
1453 2769 1518 2810 ac
1545 2755 1663 2810 sine
1691 2754 1942 2810 seandalo
1961 2755 2162 2826 populo

581 2848 679 2904 Dei
707 2849 903 2912 fuerat,
933 2848 1307 2918 imprimisque
1360 2845 1538 2902 ordini
1565 2856 1773 2913 nostro,
1808 2845 1934 2917 ejici
1963 2853 2020 2901 et
2052 2845 2164 2917 pri-

583 2941 698 2996 vari
731 2940 1055 3005 sacerdotio,
1078 2939 1167 3009 qui
1205 2920 1423 3012 indigne
1458 2938 1710 3008 prosiliit,
1727 2937 1887 2992 nobis
1959 2936 2165 2990 sancti-

583 3031 712 3087 tatis
733 3041 838 3086 tua:
864 3031 1180 3086 memoriam
1206 3031 1570 3095 servantibus,
1594 3039 1649 3086 et
1668 3031 1734 3085 ab
1747 3029 1894 3084 omni
1913 3029 2167 3099 episcopo

584 3132 642 3177 et
673 3123 975 3189 sacerdote,
1021 3124 1114 3194 qui
1141 3123 1431 3178 manifesto
1474 3123 1738 3193 reprobus
1766 3137 1876 3175 non
1905 3121 1994 3184 sit,
2023 3135 2167 3174 com-
2190 3155 2232 3213 ϐ

586 3214 1013 3279 municantibus,
1039 3215 1194 3285 juxta
1243 3213 1603 3284 Theologum.
1672 3213 1826 3279 Quod
1863 3211 1905 3266 si
1944 3221 2163 3281 propter

585 3315 808 3376 peccata
839 3314 1024 3361 nostra
1075 3305 1128 3360 id
1180 3305 1382 3360 factum
1423 3321 1534 3360 non
1561 3313 1685 3359 est:
1714 3304 1918 3358 utinam
1968 3303 2105 3357 nihil
2133 3318 2164 3356 a

587 3399 876 3452 sanctitate
921 3406 1010 3451 tua
1040 3397 1171 3462 (non
1209 3413 1277 3452 ex
1333 3407 1503 3462 metu,
1543 3395 1635 3450 sed
1685 3409 1751 3449 ex
1807 3394 1882 3448 rei
1937 3394 2166 3454 publicae

587 3490 1060 3545 commiseratione
1090 3489 1232 3544 istud
1265 3505 1364 3544 nos
1417 3498 1897 3559 quantumcunque
1934 3486 2167 3541 humiles

589 3581 840 3650 dicimus)
874 3591 1069 3651 praeter
1097 3582 1178 3637 fas
1199 3591 1254 3636 et
1274 3591 1460 3636 contra
1487 3581 1751 3635 rationem
1786 3579 1907 3633 ﬁat!
1936 3580 2166 3633 Verum-

588 3671 866 3725 enimvero
917 3686 1016 3726 nos
1064 3671 1404 3741 perferemus
1431 3672 1646 3740 quidem
1700 3671 1790 3724 Dei
1824 3670 2165 3723 virtutezat-

588 3777 692 3830 que
725 3761 930 3815 utinam
959 3763 1010 3816 id
1025 3762 1182 3817 nobis
1209 3763 1486 3832 contingat
1509 3762 1627 3830 ejus
1651 3763 1936 3816 concessu!
1963 3759 2164 3813 Verum

588 3861 849 3907 testamur
868 3855 1139 3909 sanctitati
1161 3864 1265 3909 tua:
1285 3869 1465 3909 coram
1495 3853 1737 3919 Christo,
1769 3863 1822 3908 et
1845 3853 2045 3907 sanctis
2066 3867 2166 3906 an-

588 3945 722 4014 gelis
746 3945 1113 4011 audientibus,
1156 3961 1408 4016 magnum
1445 3962 1475 4000 a
1498 3955 1550 4000 te
1580 3945 1817 4001 schisma
1870 3943 2088 3999 conﬂari
2113 3944 2165 3997 in

590 4034 829 4090 Ecclesia
882 4047 1087 4090 nostra.
1141 4034 1295 4100 Quod
1339 4037 1382 4090 si
1427 4035 1682 4106 potestati
1734 4035 2058 4105 subjicimur
2108 4042 2167 4087 ut

591 4128 838 4183 homines
867 4145 879 4182 :
907 4128 1055 4199 atqui
1097 4128 1201 4182 sub
1231 4143 1509 4183 sacrorum
1560 4137 1616 4183 et
1644 4127 1954 4182 divinorum
2000 4142 2167 4180 cano-

590 4232 721 4270 num
749 4223 1034 4286 potestate,
1079 4217 1328 4282 velimus,
1370 4218 1605 4273 nolimus
1625 4226 1681 4272 et
1708 4216 1964 4288 regimur,
1989 4225 2044 4271 et
2068 4217 2166 4272 ob-

591 4322 899 4377 sequemur.
925 4309 1192 4364 Czeterum
1211 4325 1428 4365 oramus
1447 4311 1788 4366 sanctitatem
1817 4317 1984 4374 tuam,
2014 4306 2170 4364 flecte

591 4413 781 4454 aurem
840 4409 1008 4464 tuam,
1047 4410 1104 4455 et
1150 4401 1275 4454 audi
1321 4416 1510 4457 vocem
1558 4410 1797 4457 nostram
1830 4417 1842 4453 :
1871 4408 1932 4453 ut
1963 4397 2168 4468 peritus

2254 1937 2487 2006 νεύομεν
2529 1936 2700 2006 αὐτῆς
2731 1936 2790 1988 ἐν
2822 1935 2887 2004 τῇ
2920 1932 3201 2004 ἱερουργίᾳ
3230 1931 3575 2000 καθεκὰστην
3601 1947 3616 1960 ο
3658 1930 3758 1985 καὶ
3786 1931 3844 1985 ἐν

2255 2028 2435 2082 οὐδενὶ
2465 2027 2526 2080 τὸ
2560 2026 2901 2098 ἁμφιϐἁλλον
2935 2025 2966 2096 ἢ
3001 2024 3086 2078 διὰ
3125 2023 3218 2077 τδν
3261 2022 3542 2092 οἰκονόμον
3587 2022 3840 2096 καθῃρη-

2259 2118 2420 2188 μένον
2449 2117 2578 2170 δντα
2609 2117 2713 2170 ὐπὸ
2733 2117 2844 2170 τῶν
2873 2115 3036 2188 ἱερῶν
3062 2113 3302 2168 κανόνων
3327 2113 3684 2183 πολυτρόπως
3702 2131 3718 2145 ο
3752 2115 3847 2167 καὶ

2260 2209 2498 2278 μάλιστα
2551 2210 2689 2281 μετὰ
2729 2209 2822 2263 τὸν
2867 2205 3170 2278 ἁφορισμδν
3210 2205 3310 2276 τῆς
3353 2206 3633 2269 ἐνναετίας
3681 2207 3844 2262 πάλιν

2259 2303 2584 2373 ἱερουργεῖν,
2616 2302 2710 2355 καὶ
2748 2301 2852 2353 οὐκ
2901 2300 2958 2352 ἐν
2989 2297 3283 2367 ἁποϐύστῳ
3329 2314 3471 2351 που⁸
3510 2293 3580 2369 ἦν
3627 2298 3737 2368 γὰρ
3780 2298 3846 2351 ἂν

2261 2394 2516 2465 φορητὸν,
2553 2394 2628 2463 μὴ
2657 2390 3060 2445 κοινωνούντων
3086 2389 3240 2461 ήμῶν
3265 2389 3342 2460 τῷ
3371 2390 3662 2459 πράγματι
3685 2405 3701 2418 ³
3728 2388 3846 2442 ἀλλ’

2260 2485 2342 2536 ὅτι
2379 2485 2437 2535 ἐν
2481 2483 2617 2553 αὐτῇ
2661 2485 2727 2552 τῇ
2761 2484 2912 2553 πηγῇ
2949 2481 3048 2551 τῆς
3091 2480 3213 2536 καθ’
3237 2482 3383 2550 ἡμᾶς
3419 2479 3740 2550 ἱερωσύνης.
3784 2479 3847 2532 τὸ

2263 2573 2326 2643 δὴ
2372 2571 2689 2642 λεγόμενον,
2735 2572 2875 2642 μετὰ
2920 2573 3020 2640 τῆς
3057 2569 3383 2641 εἰλικρινοῦς
3419 2587 3513 2623 σου
3543 2570 3845 2635 πολιτείας,

2264 2664 2593 2718 συνεισιέναι
2627 2665 2722 2718 καὶ
2760 2663 3195 2734 συλλειτουργεῖν
3218 2663 3301 2725 εἱς
3331 2661 3394 2715 τὺ
3423 2661 3530 2718 ἀεί.

2333 2757 2407 2810 Τὸ
2440 2757 2539 2828 μὲν
2569 2754 2663 2810 οὖν
2713 2757 2922 2809 δίκαιον
2956 2755 3049 2806 καὶ
3097 2755 3244 2807 ὅσιον
3289 2755 3384 2808 καὶ
3419 2753 3849 2810 ἁσκανδὰλιστον

2264 2852 2372 2914 τοῖς
2405 2849 2553 2910 λαοτς
2593 2845 2688 2899 τοῦ
2718 2845 2874 2913 Θεοῦ,
2907 2846 3001 2898 καὶ
3029 2845 3263 2915 μάλιστα
3298 2844 3376 2915 τῷ
3409 2845 3532 2900 καθ’
3561 2847 3712 2916 ἡμᾶς
3755 2847 3851 2901 τά-

2265 2957 2462 3011 γματι,
2499 2936 2834 3008 ἐκϐληθῆναι
2859 2937 2957 3007 τῆς
2988 2937 3303 3008 ἱερουργίας
3344 2937 3435 2990 τὸν
3460 2934 3698 3002 ἀναξίως
3733 2941 3847 2992 εἱσ-

2267 3031 2509 3095 ελθόντα,
2543 3030 2700 3100 ἡμῶν
2747 3029 3199 3100 μνημονευόντων
3239 3028 3339 3098 τῆς
3366 3027 3682 3100 ἁγιωσύνης
3712 3047 3807 3085 σου
3831 3072 3848 3098 ,

2267 3124 2362 3176 καὶ
2414 3125 2479 3175 ἐκ
2515 3121 2719 3185 παντὸς
2751 3121 3009 3193 ἱερὰρχου
3054 3121 3149 3176 καὶ
3189 3121 3380 3188 ἱερέων
3418 3124 3847 3190 κοινωνούντων,

2270 3215 2344 3286 μή
2379 3212 2660 3285 προδήλως
2682 3212 2850 3266 ὄντων
2881 3211 3344 3281 ἀπεγνωσμένων,
3367 3212 3510 3266 κατὰ
3533 3214 3628 3267 τὸν
3661 3215 3849 3269 Οεολό·

2266 3325 2382 3377 γον.
2417 3310 2478 3362 Εἱ
2522 3307 2578 3360 δέ
2617 3307 2776 3360 τοῦτο
2805 3305 3056 3376 οὐδαμῶς
3083 3303 3173 3359 διά
3207 3304 3306 3368 τὰς
3342 3305 3623 3376 ἁμαρτίας
3652 3309 3845 3378 ήμῶνο

2272 3404 2345 3473 μὴ
2391 3404 2478 3457 ἵνα
2511 3419 2563 3454 τι
2594 3403 2854 3471 γένηται·
2897 3401 2997 3453 οὐκ
3052 3402 3116 3453 ἐκ
3161 3400 3326 3469 φόϐου
3368 3403 3398 3454 ό
3436 3400 3617 3469 λόγος,
3651 3402 3846 3470 ἀλλίξ

2267 3496 2449 3548 οἴκτου
2477 3492 2569 3546 τοῦ
2605 3491 2745 3545 κατὰ
2770 3490 2864 3544 τοῦ
2891 3491 3075 3546 κοινοῦ
3100 3507 3113 3522 ·
3141 3493 3199 3546 ἐν
3233 3496 3300 3565 τῇ
3323 3493 3654 3546 ταπεινώσει
3691 3495 3846 3565 ήμῶν

2268 3588 2418 3658 παρὰ
2457 3590 2555 3656 τῆς
2603 3586 2881 3656 όσιότητός
2928 3604 3022 3640 σου
3059 3587 3409 3640 ἁκανόνιστον
3449 3587 3542 3640 καὶ
3571 3586 3842 3658 ἄθεσμονο

2266 3681 2387 3733 ἐπεὶ
2418 3681 2582 3749 ἡμεῖς
2621 3679 2718 3746 μὲν
2768 3678 3191 3748 ὐποστησόμεθα
3224 3678 3451 3747 δυνάμει
3491 3678 3627 3732 Θεοῦ
3651 3695 3667 3710 ·
3711 3680 3846 3751 ὅπερ

2268 3767 2333 3818 ἂν
2373 3765 2468 3818 καὶ
2500 3765 2741 3834 συμϐαίη
2773 3765 3168 3837 παραχωρήσει
3206 3765 3395 3821 αὐτοῦ.
3437 3767 3845 3838 Μαρτυρόμεθα

2265 3851 2321 3905 δέ
2345 3855 2410 3921 τῇ
2439 3851 2718 3922 ἁγιωσύνῃ
2744 3869 2836 3905 σου
2863 3851 3200 3906 κατενώπιον
3228 3855 3463 3925 Χριστοῦ
3490 3858 3551 3910 ἐν
3585 3859 3844 3928 ἀκροάσει

2263 3940 2374 3994 τῶν
2402 3941 2574 4008 ἁγίων
2610 3942 2880 4009 ἀγγέλων,
2909 3943 2992 3996 ὅτι
3022 3944 3163 4015 μέγα
3210 3944 3416 4018 σχίσμα
3447 3947 3656 4020 ἐργάζῃ
3693 3952 3751 4002 ἐν
3778 3952 3841 4020 τῇ

2266 4032 2390 4086 καθ’
2446 4033 2595 4104 ἡμᾶς
2659 4033 2982 4106 Ἐκκλησία.
3041 4035 3152 4089 Καὶ
3211 4038 3259 4089 εἱ
3313 4036 3531 4109 ἐξοισίᾳ
3582 4040 3844 4112 χρώμεθα

2266 4126 2543 4198 ἄνθρωποι
2586 4126 2766 4190 ϐντες·
2797 4127 2912 4181 ἀλλ’
2946 4128 3050 4182 ὑπὸ
3096 4129 3196 4199 τῆς
3232 4129 3478 4195 ἐξουσίας
3521 4133 3634 4185 τῶν
3685 4133 3844 4205 ιερῶν

2270 4220 2363 4272 καὶ
2408 4219 2568 4273 θείων
2610 4219 2872 4287 κανόνων,
2916 4221 3120 4290 νοητῶς
3153 4221 3248 4274 καὶ
3281 4221 3355 4292 μὴ
3387 4221 3725 4293 βουλόμενοι,
3756 4227 3844 4279 καὶ

2268 4311 2550 4382 ἀρχόμεθα
2598 4312 2690 4364 καὶ
2734 4312 3054 4382 πεισόμεθα.
3108 4312 3266 4365 Ἀλλὰ
3316 4313 3553 4383 δεόμεθά
3607 4331 3701 4368 σου
3745 4317 3842 4387 τῆς

2269 4401 2550 4469 ὁσιότητος
2570 4417 2584 4432 ο
2614 4401 2792 4454 κλῖνον
2816 4401 2875 4453 τὸ
2897 4396 2989 4464 οὖς
3017 4417 3133 4464 σου,
3164 4403 3257 4454 καὶ
3280 4403 3584 4457 ἐπάκουσον
3609 4406 3712 4477 τῆς
3735 4425 3843 4478 φω-

590 4493 855 4558 medicus,
885 4501 947 4548 ut
974 4501 1158 4562 pastor
1179 4492 1356 4547 bonus
1376 4508 1534 4548 ovem
1574 4507 1738 4547 unam
1767 4491 1994 4561 prohibe
2019 4504 2050 4542 a
2074 4503 2161 4542 sa-

2268 4489 2368 4559 νῆς
2394 4490 2570 4559 ήμῶν.
2607 4491 2693 4553 Ὠς
2725 4491 2906 4562 ἱατρός
2932 4492 3269 4563 ἐπιστήμων,
3290 4492 3367 4556 ὡς
3385 4494 3592 4566 ποιμὴν
3615 4497 3839 4566 ἀγαθὸς,

591 4582 814 4647 criﬁcio,
844 4591 898 4638 et
921 4596 1112 4637 omnes
1139 4597 1171 4636 a
1201 4582 1453 4636 seandalo
1480 4582 1685 4636 redime
1714 4598 1728 4646 ;
1758 4596 1828 4635 ne
1858 4580 2020 4634 unius
2051 4593 2168 4633 sca-

591 4669 678 4724 bie
705 4678 813 4722 tota
848 4669 1090 4724 Ecclesia
1124 4679 1311 4726 nostra
1345 4671 1633 4736 inficiatur,
1661 4686 1822 4741 quam
1879 4668 2169 4738 acquisivit

592 4761 854 4817 Dominus
902 4771 957 4817 ct
1004 4763 1147 4818 Deus
1199 4773 1386 4819 noster
1441 4763 1707 4835 sanguine
1737 4778 1857 4817 suo.
1902 4763 1978 4816 De
2009 4760 2169 4832 nugis

589 4856 737 4909 enim
762 4863 1036 4927 nugentur
1061 4857 1152 4926 qui
1177 4857 1472 4921 voluerint,
1508 4866 1563 4912 et
1592 4856 1993 4912 calumnientur
2020 4869 2170 4926 syco-

592 4950 830 5019 phantae.
865 4949 1042 5004 Parati
1074 4964 1264 5005 sumus
1284 4951 1354 5006 ad
1381 4966 1601 5007 omnem
1627 4949 2019 5012 defensionem,
2048 4964 2168 5003 omo

595 5059 827 5114 nemque
849 5043 1233 5100 refutationem
1255 5045 1608 5101 accusatoria:
1628 5044 1973 5114 objectionis.
1996 5043 2170 5097 Amici

592 5145 647 5193 et
688 5137 998 5192 laudatores
1051 5138 1128 5192 tui
1176 5154 1366 5193 sumus
1399 5155 1411 5187 τ
1449 5138 1502 5191 in
1539 5139 1838 5207 primisque
1897 5135 2170 5206 piissimo-

591 5246 713 5285 rum
769 5241 824 5284 et
894 5231 1351 5300 triumphatorum
1421 5231 1770 5285 dominorum
1838 5238 2168 5283 nostrorum.

591 5320 837 5392 Cumque
871 5323 1005 5376 tales
1032 5323 1226 5387 simus,
1256 5323 1609 5391 quamobrem
1644 5322 1880 5376 turbatio
1909 5322 1931 5373 ?
1962 5335 2065 5389 qua
2097 5320 2165 5374 de

592 5429 754 5468 causa
785 5414 1040 5469 evenient
1066 5430 1187 5484 qua:
1222 5423 1484 5470 eventura
1516 5423 1662 5480 sunt,
1694 5415 1738 5468 si
1777 5413 1995 5483 quidem
2026 5428 2161 5467 con-

2266 4580 2326 4633 τὸ
2374 4579 2432 4632 ἐν
2467 4579 2738 4650 πρόϐατον
2782 4577 2957 4651 εἷρξαι
3001 4581 3101 4652 τῆς
3150 4583 3480 4653 ἱερουργίας,
3512 4586 3606 4638 καὶ
3647 4586 3716 4641 τά
3749 4589 3840 4643 ὅλα

2267 4673 2670 4728 ἁσκανδὰλιστα
2712 4675 3005 4746 κερδῆσαιο
3037 4676 3236 4748 καὶμὴ
3280 4681 3345 4749 τῇ
3391 4678 3487 4733 τοῦ
3530 4681 3652 4746 ἐνὸς
3686 4683 3841 4757 ψώρᾳ

2267 4771 2606 4842 λυμανθῆναι
2664 4772 2762 4844 τὴν
2816 4774 2939 4829 καθ’
2978 4776 3124 4845 ἡμᾶς
3171 4773 3529 4844 Ἐκκλησίαν,
3577 4779 3645 4848 ήν
3691 4797 3838 4850 περι-

2270 4861 2567 4928 εποιήσατο
2585 4863 2612 4916 ὁ
2634 4862 2836 4933 Κύριος
2865 4864 2960 4917 καὶ
2985 4863 3114 4926 Θεὸς
3139 4861 3294 4932 ἡμῶν
3319 4863 3399 4934 τῷ
3420 4865 3606 4937 οίκείῳ
3628 4868 3833 4937 αἵματι.

2270 4954 2406 5023 Περὶ
2464 4953 2572 5024 γὰρ
2632 4955 2910 5025 φλυαριῶν
2963 4955 3372 5027 φλυαρεὶτωσαν
3419 4957 3466 5009 οἱ
3505 4956 3834 5029 βουλόμενοι·

2270 5046 2364 5098 καὶ
2393 5047 2900 5116 συκοφαντείτωσαν
2935 5048 2984 5100 οἱ
3016 5049 3369 5116 συκοφάνται.
3401 5050 3652 5120 Ἔτοιμοὶ
3680 5055 3839 5122 ἐσμεν

2270 5136 2405 5208 πρὸς
2444 5139 2623 5191 πᾶσαν
2655 5139 2971 5207 ἀπολογίαν,
3011 5140 3151 5210 πρὸς
3177 5142 3357 5195 πᾶσαν
3377 5141 3622 5195 διάλυσιν
3647 5142 3840 5214 προτὰ-

2271 5244 2406 5292 σεως
2440 5231 2901 5301 κατηγορητικῆς.
2923 5231 3072 5285 Φίλοι
3097 5232 3187 5285 καὶ
3216 5233 3456 5304 ὐμνηταί
3483 5251 3578 5287 σου
3607 5235 3838 5307 ὑπάρχο-

2273 5338 2371 5388 μεν
2395 5334 2412 5350 ⁸
2444 5321 2538 5374 καὶ
2565 5321 2709 5392 μάλα
2739 5337 2803 5390 γε
2833 5322 2941 5375 τῶν
2965 5323 3372 5377 εὐσεϐεστάτων
3400 5324 3494 5377 καὶ
3516 5324 3837 5380 καλλινὶκων

2268 5411 2424 5482 ήμῶν
2457 5412 2751 5469 δεσποτῶν.
2788 5413 2897 5466 Καὶ
2923 5414 3091 5469 όντων
3123 5414 3279 5485 ήμῶν
3310 5413 3504 5482 οὕτως,
3541 5416 3689 5481 τίνος
3730 5417 3836 5470 ἐνε-

594 5505 756 5558 traria
811 5505 903 5558 Dei
966 5506 1248 5575 praeceptis
1274 5507 1296 5560 ἱ
1328 5505 1530 5562 Tribue
1561 5506 1717 5560 nobis
1749 5521 1930 5561 sacras
1969 5519 2161 5574 preces

2265 5520 2361 5556 κεν
2392 5504 2426 5573 ή
2457 5506 2668 5575 ταραχή
2698 5522 2712 5570 ;
2749 5497 2956 5569 οὗτινος
2993 5505 3157 5576 χάριν
3187 5506 3531 5577 συμϐήσεται
3569 5508 3606 5562 ἁ
3638 5508 3837 5581 συμϐή-

592 5602 731 5650 tuas.

2269 5609 2449 5659 σεται,
2500 5596 2656 5668 είπερ
2687 5597 2906 5650 ἐναντία
2931 5597 3040 5652 τῶν
3070 5597 3163 5652 τοῦ
3199 5598 3332 5652 Θεοῦ
3365 5601 3831 5671 προσταγμάτωνς

2268 5684 2504 5755 Χάρισαι
2538 5688 2670 5756 ἡμῖν
2693 5686 2793 5757 τὴν
2822 5687 2974 5759 ἱεράν
2999 5705 3092 5742 σου
3122 5692 3454 5763 προσευχήν.
