4008 6318
195 399 334 464 1009

243 515 371 566 AA'.
390 540 460 551 -—-
494 507 622 576 Τοῖς
647 507 718 562 ἐν
748 507 828 573 τῷ
843 505 1249 562 Σακκουδίωνι
1279 507 1583 577 ἀδελφοῖς.
1626 505 1781 579 [νη’.]

1417 395 1956 456 EPISTOLARUM
1981 396 2129 454 LIB.
2167 396 2216 454 I-

3327 397 3467 458 1010

1997 505 2195 560 XXXI.
2225 537 2288 545 —
2323 505 2594 558 Fratribus
2616 506 2703 574 qui
2732 515 2850 560 sunt
2883 507 2936 559 in
2962 505 3308 560 Saccudione.

599 621 841 672 Hortatur
865 621 926 672 ad
944 623 1273 672 constantiam
1301 623 1540 672 adversus
1558 634 1805 673 sacrarum
1827 618 1996 685 legum
2024 617 2445 684 pra-varicatOres.
2472 619 2674 683 (Baron.
2698 633 2776 669 an.
2797 620 2908 681 808,
2932 634 2981 670 n.
3010 620 3082 681 2.)

264 729 412 794 Ἕως
459 729 563 798 μὶν
607 722 677 800 ἦν
707 730 901 801 καιρὸς
929 727 1024 784 τοῦ
1055 729 1362 800 οἰκονομεῖν
1395 729 1489 782 καὶ
1515 726 1779 800 κρύπτειν

1954 725 2209 792 Quandiu
2262 734 2478 797 tempus
2524 725 2624 781 fuit
2650 725 3050 792 dissimulandi,
3079 736 3136 783 et
3158 730 3467 787 occultandi

187 821 292 892 τὴν
313 820 574 875 ὑπόθεσιν
595 819 696 891 τῆς
718 820 1116 892 ἀκοινωνησίας
1141 820 1341 893 Ἰωσὴφ
1360 820 1454 874 τοῦ
1472 819 1779 890 οἰκονόμου,

194 911 495 983 ἐποιοῦμεν
544 910 728 977 τοῦτο,
760 911 928 966 τέκνα
957 911 1054 964 καὶ
1083 911 1323 981 ἀδελφοὶ,
1352 912 1452 964 οὐκ
1504 912 1569 965 ὲκ
1615 909 1781 980 φόϐου

188 1002 582 1076 κρατούμενοι,
623 1002 728 1057 κᾶν
771 1002 1095 1074 ἁμαρτωλοὶ
1138 1006 1518 1075 τυγχάνωμεν,
1577 1002 1691 1058 ἀλλ’
1723 1002 1782 1070 ἐξ

187 1093 550 1164 οἰκονομικῆς
573 1093 1037 1162 συγκαταϐάσεως
1054 1107 1069 1124 ⁸
1095 1092 1492 1164 ὲκμιμούμενοί
1517 1111 1634 1157 πως
1655 1093 1782 1157 τοὺς

189 1184 384 1253 ἁγίους
418 1183 668 1256 Πατέρας
698 1183 892 1255 ήμῶν·
925 1183 1068 1238 καθά
1112 1185 1360 1238 κάκεῖνοι
1401 1185 1460 1238 ὲν
1492 1184 1671 1255 καιρῷ
1702 1184 1782 1255 τῷ

188 1274 367 1329 δέοντι
418 1275 715 1348 χρώμενοι,
757 1273 932 1347 ταύτῃ
991 1274 1340 1347 ὑπεξήγαγον
1388 1277 1616 1340 ἑαυτοὺς
1669 1277 1781 1330 τῶν

190 1366 560 1438 πειρασμῶνο
603 1365 666 1418 τδ
707 1365 807 1436 μὲν
863 1365 1174 1436 φειδόμενοι
1217 1365 1326 1419 τῶν
1375 1366 1781 1438 ἀσθενεστέρων

190 1460 290 1513 καὶ
322 1458 635 1513 κακούντων
657 1473 674 1490 ’
701 1458 763 1511 τὸ
790 1458 847 1511 δὲ
877 1458 1075 1531 μικρὸν
1108 1458 1482 1524 ὑπενδιδόντες
1508 1458 1779 1532 κυϐερνη-

189 1553 367 1616 τικῶς
383 1570 396 1584 ο
427 1553 515 1605 ἵνα
538 1551 601 1604 τὺ
623 1551 958 1622 ζητούμενον
983 1552 1178 1623 μικρὸν
1198 1551 1425 1624 ὕστερον
1449 1550 1779 1606 ἀντιλάεωσι

191 1644 550 1716 κατόρθωμα.
596 1644 766 1697 Ἐπάν
814 1643 872 1698 δὲ
913 1643 1010 1698 νῦν
1061 1643 1359 1714 εὐδόκησεν
1387 1643 1592 1714 ἀγαθὸς
1619 1643 1780 1716 ήμῶν

189 1735 324 1797 Θεὸς
365 1735 447 1797 είς
495 1733 773 1805 προῦπτον
819 1733 1051 1803 ἐκϐῆναι
1081 1735 1184 1804 τὴν
1215 1734 1472 1788 ὑπόθεσιν
1502 1735 1775 1808 φανερῶς,

190 1826 320 1896 ἄρτι
350 1826 446 1879 καὶ
477 1825 786 1896 γράφομεν.
819 1825 946 1889 Πῶς
976 1825 1065 1892 δέ;
1094 1825 1182 1880 διὰ
1226 1825 1326 1896 τῆς
1358 1825 1454 1880 τοῦ
1492 1825 1775 1896 λογοθέτου

191 1917 289 1972 τοῦ
322 1917 538 1988 Δρόμου
567 1916 679 1987 (25)
711 1918 1128 1989 ἐπερωτήσεως,
1171 1920 1265 1974 καὶ
1310 1919 1411 1990 τῆς
1440 1919 1579 1990 πρὸς
1615 1919 1778 1975 αὐτὸν

188 2009 287 2064 τοῦ
314 2011 750 2082 ἀρχιεπισκόπου
773 2011 1138 2081 ἀποκρίσεως.

1886 817 2173 873 consilium
2227 831 2338 872 non
2386 817 2828 874 'communieandi
2871 835 2996 874 cum
3047 819 3288 892 Josepho
3319 839 3470 879 oeco-

1884 923 2069 972 nomo,
2129 908 2358 964 fecimus
2413 909 2486 973 id,
2525 909 2619 962 ﬁlii
2650 924 2714 965 ac
2744 908 2960 975 fratres,
2997 926 3105 964 non
3145 922 3292 967 metu
3343 930 3469 970 cor-

1884 995 2022 1065 repti
2049 997 2296 1065 quamvis
2338 1005 2652 1066 peceatores
2694 997 2866 1052 simus
2895 1017 2908 1052 :
2944 999 3037 1054 sed
3073 999 3471 1070 dispensatorie

1883 1089 2409 1150 condescendentes.
2463 1088 2850 1157 imitantesque
2892 1089 3296 1159 quodammodo
3341 1107 3472 1146 san-

1883 1188 2003 1235 ctos
2031 1180 2220 1237 Patres
2241 1191 2480 1244 nostros,
2504 1189 2779 1250 quatenus
2807 1190 2863 1235 et
2887 1181 2962 1235 illi
2995 1193 3305 1252 opportuno
3333 1195 3471 1240 tem-

1882 1288 2015 1342 pore
2049 1274 2192 1328 idem
2247 1274 2624 1339 observantes,
2679 1272 3067 1329 subduxerunt
3096 1277 3305 1345 seipsos
3353 1286 3471 1331 ten-

1883 1363 2208 1429 tationibus;
2254 1363 2453 1435 partim
2486 1362 2731 1435 quidem,
2761 1362 3232 1420 utinﬁrmioribus
3270 1375 3326 1420 et
3374 1381 3469 1420 ve-

1881 1454 2136 1509 xantibus
2163 1463 2473 1524 parcerent,
2501 1455 2701 1525 partim
2731 1463 2791 1509 ut
2817 1455 3216 1525 aliquantulum
3277 1458 3469 1511 remit-

1883 1554 2085 1612 tentes,
2137 1547 2564 1617 gubernatorum
2614 1562 2789 1613 more,
2845 1563 3072 1619 scopum
3121 1548 3466 1618 postmodum

1879 1639 2231 1709 attingerent.
2290 1636 2446 1696 Nunc
2497 1655 2630 1696 vero
2675 1649 2964 1711 postquam
3018 1641 3225 1712 Optimo
3281 1650 3470 1695 nostro

1881 1731 1993 1786 Deo
2016 1732 2095 1786 sic
2125 1731 2300 1787 visum
2328 1741 2430 1798 est,
2452 1743 2514 1787 ut
2547 1733 2602 1787 in
2645 1742 2898 1803 apertum
2923 1750 3012 1789 res
3055 1733 3316 1804 prodiret,
3341 1733 3470 1788 scri-

1879 1825 2061 1880 bimus
2109 1833 2167 1879 et
2225 1824 2350 1894 ipsi.
2413 1822 2699 1889 Quomodo
2746 1833 2929 1878 autem
2962 1823 2986 1877 ἵ
3018 1821 3124 1878 Per
3178 1824 3467 1896 logothetae

1878 1917 2064 1973 Dromi
2110 1916 2595 1988 interrogationem
2645 1925 2701 1972 et
2747 1915 3150 1988 archiepiscopi
3229 1932 3463 1987 respon-

1880 2025 2110 2066 SlOﬂem.

259 2078 564 2173 Φησῖῖγάρ,
595 2105 696 2158 Διά
719 2103 774 2158 τί
803 2078 1030 2168 ἕωςτοῦ
1060 2103 1332 2175 παρόντος
1361 2102 1422 2157 ού
1449 2105 1775 2158 συνεκοινὼ-

1951 2098 2043 2154 Sic
2064 2098 2211 2154 enim
2244 2099 2336 2153 ille
2367 2116 2382 2153 :
2442 2098 2556 2154 Cur
2592 2097 2881 2164 hactenus,
2944 2099 3140 2170 inquit,
3177 2098 3460 2154 nobiscum

188 2211 369 2266 νησας
417 2196 586 2266 ἡμῖν,
643 2197 740 2249 καὶ
786 2196 864 2266 τῷ
900 2195 1236 2267 πατριάρχῃ,
1271 2194 1543 2249 τοσούτων
1572 2195 1775 2268 ἑορτῶν

186 2285 560 2352 διελθουσῶν;
617 2288 711 2341 καὶ
753 2288 836 2341 ὅτι
876 2287 996 2341 είπὲ
1029 2288 1316 2361 παρρησίᾳ
1346 2289 1407 2341 τὸ
1435 2290 1627 2344 αῐτιον.
1665 2288 1776 2343 Καὶ

186 2375 549 2445 ὡμολόγησεν
597 2379 626 2430 ό
672 2376 1142 2449 ἀρχιεπίσκοπος,
1194 2379 1292 2432 καὶ
1341 2379 1442 2434 οὐκ
1476 2380 1773 2453 ἠρνήσατο,

189 2466 291 2521 καὶ
315 2468 707 2540 ὡμολόγησενο
757 2470 839 2524 ὃτι
869 2468 995 2524 οὔτε
1026 2471 1164 2542 πρὸς
1190 2472 1320 2536 τοὺς
1345 2472 1592 2536 εὐσεϐεῖς
1617 2471 1776 2543 ήμῶν

196 2556 448 2626 βασιλεῖς
477 2558 588 2627 ἔχω
614 2575 689 2624 τι,
720 2559 830 2612 οὐδ’
854 2556 922 2613 αὖ
956 2560 1094 2629 πρὸς
1119 2560 1209 2614 τὸν
1236 2563 1606 2634 πατριάρχην·
1638 2561 1777 2617 ἀλλὰ

189 2646 336 2716 πρὸς
364 2645 456 2699 τὸν
483 2647 806 2717 οἰκονόμον,
857 2647 950 2703 τὺν
985 2653 1411 2718 στεφανώσαντα
1442 2651 1534 2706 τὸν
1564 2651 1773 2723 μοιχὸν,

189 2736 296 2789 καὶ
347 2735 439 2791 sta
477 2736 642 2791 τοῦτο
684 2738 1074 2810 καθῃρημένον
1109 2741 1264 2813 παρά
1291 2740 1399 2795 τῶν
1427 2743 1588 2814 ἱερῶν
1614 2745 1778 2799 κανό-

187 2847 323 2883 νων.
365 2829 510 2901 Πρὸς
560 2825 645 2895 οἷς
672 2831 968 2902 ἀπόκρισις
998 2831 1092 2886 τοῦ
1121 2831 1411 2902 λογοθέτου
1432 2851 1448 2866 ·
1485 2836 1569 2891 ὅτι
1599 2837 1649 2890 οί
1682 2837 1776 2890 εύ-

195 2922 383 2986 σεϐετς
410 2921 569 2992 ήμῶν
597 2922 840 2994 βασιλεῖς
874 2923 1066 2994 χρείαν
1096 2940 1193 2978 σου
1222 2923 1323 2978 οὐκ
1351 2924 1566 2997 ἔχουσιν
1585 2943 1602 2962 °
1652 2927 1776 2983 οὔτε

188 3015 252 3067 ει
279 3013 681 3087 Θεσσαλονικῇ,
715 3012 838 3068 οὔτε
867 3014 1028 3088 ἄλλῃ.

266 3105 416 3170 Ἕως
438 3106 632 3161 τούτου
664 3108 805 3179 μήτε
828 3106 993 3171 εὐθὺς
1034 3108 1484 3182 ἀνταποκρίσεως
1507 3110 1776 3183 δοθείσης,

195 3199 342 3269 μήτε
369 3198 563 3269 ἑτέρας
588 3198 914 3272 ἑρωτήσεως
944 3199 1310 3272 προταθείσης
1337 3203 1442 3267 ἕως
1465 3203 1559 3257 τοῦ
1582 3204 1780 3275 παρόν·

190 3305 289 3351 τος
339 3288 666 3343 διελθουσῶν
710 3290 935 3362 ⁴ήμερῶν
978 3291 1318 3364 δεκατριῶν·
1373 3295 1408 3366 ἢ
1459 3295 1648 3365 μόνον,
1695 3296 1778 3350 ὃτι

191 3379 572 3450 πεπόμφαμεν
621 3381 927 3452 γράμματα
994 3384 1131 3454 πρὸς
1179 3381 1270 3438 τὸν
1321 3384 1481 3454 κῢριν
1519 3387 1777 3458 Συμεὼνο

191 3470 235 3527 ἃ
259 3468 411 3523 ινδον
432 3469 542 3524 τῶν
567 3472 915 3542 γραμμάτων
938 3473 1287 3544 ἐστείλαμεν·
1317 3475 1456 3546 πρὸς
1476 3475 1538 3528 τὸ
1557 3475 1781 3544 διαγνῶο

193 3577 293 3616 ναι
325 3560 470 3632 ὔμᾶς
497 3563 600 3633 τὴν
625 3562 756 3635 ὃλην
779 3563 1011 3634 δύναμιν
1045 3563 1140 3618 τοῦ
1168 3565 1520 3637 πράγματος.
1555 3567 1784 3639 Ἑξηχή-

197 3657 270 3724 θη
302 3653 360 3708 δι
390 3655 424 3725 ή
455 3652 715 3717 ὑπόθεσις
747 3655 840 3708 ὲπί
871 3671 931 3707 τε
962 3653 1058 3708 τοῦ
1089 3657 1454 3728 πατριάρχου,
1479 3659 1573 3713 καὶ
1601 3661 1782 3731 πάσης

195 3747 302 3816 τῆς
332 3747 543 3812 πόλεως
575 3747 762 3816 σχεδόν
785 3763 798 3777 -
859 3748 955 3801 καὶ
998 3748 1106 3802 εἰσὶ⁵
1143 3749 1240 3818 μὲν
1283 3749 1470 3804 πολλοὶ
1500 3752 1782 3805 συνθλιϐόο

201 3852 358 3908 μενοι
408 3839 503 3891 καὶ
552 3835 1035 3908 συμφθεγγόμενοι
1080 3840 1246 3910 ἡμῖν·
1296 3840 1434 3895 ἀλλά
1477 3843 1783 3914 νυκτερινοὶ⁹

198 3926 496 3992 θεοσεϐεῖς,
527 3932 624 3982 καὶ
657 3931 732 4000 μὴ
758 3930 1053 3998 δυνάμενοι
1078 3930 1136 3982 ὲν
1178 3931 1320 4000 φωτὶ
1373 3933 1783 4006 παρρησιασθῆ-

197 4037 313 4074 ναι.
357 4019 549 4089 Ἡμεῖς
575 4020 654 4086 δὲ,
688 4023 860 4075 τέκνα
895 4021 991 4074 καὶ
1019 4021 1271 4092 ἀδελφοὶ,
1307 4025 1375 4095 τῇ
1409 4027 1488 4089 είς
1513 4025 1649 4080 Θεὸν
1680 4043 1781 4080 πε-

198 4112 490 4184 ποιθήσει,
549 4115 646 4168 καὶ
693 4118 760 4186 τῇ
791 4118 891 4186 τῆς
918 4114 1178 4189 ἀληθείας
1209 4115 1522 4188 έδραιώσει,
1555 4120 1693 4192 αὐτῇ
1720 4138 1781 4174 τε

195 4208 267 4277 τῇ
316 4206 810 4276 προσγεγενημένη
862 4207 960 4260 καὶ
1009 4207 1391 4281 ἀποφανθείσῃ
1432 4210 1654 4265 ἐκϐάσει
1688 4210 1781 4265 τοῦ

194 4296 413 4351 δικαίου
460 4298 627 4351 κατά⁸
649 4300 718 4352 τὰ
764 4297 1154 4368 ὑποδειχθέντα
1187 4300 1245 4354 ἓν
1273 4299 1352 4371 τῷ
1373 4300 1585 4372 κόσμῳ,
1619 4303 1698 4361 είς
1723 4319 1783 4357 τε

195 4390 292 4442 τὸν
320 4388 710 4461 μοιχεύσαντα,
749 4390 844 4442 καὶ
873 4389 1004 4454 τοὺς
1034 4392 1510 4462 συνεργήσανταςο
1544 4392 1784 4457 ἀκλινεῖς

196 4481 371 4550 ἀσμεν
413 4479 512 4550 τῆς
541 4478 762 4550 ἐντολῆς
795 4481 892 4534 καὶ
920 4480 1029 4535 τῶν
1055 4481 1338 4553 πατρικῶν
1365 4483 1604 4537 κανόνων
1624 4498 1638 4515 ⁶
1689 4485 1786 4538 καὶ

196 4571 304 4624 οὐκ
351 4569 697 4642 ἑνδώσομεν,
762 4570 887 4625 οὐδὲ
935 4571 1290 4644 προδώσομεν
1333 4577 1433 4646 τὴν
1466 4574 1778 4629 εύσέϐειανο

196 4663 323 4718 οὐδ’
367 4663 430 4716 ού
486 4663 593 4734 μὴν
642 4663 1028 4734 καταλύσομεν
1082 4663 1118 4719 ἃ
1163 4664 1344 4729 καλῶς
1390 4667 1783 4739 προῳκοδομή-

1877 2207 1986 2246 non
2025 2192 2423 2257 communicas,
2450 2205 2551 2246 nec
2593 2205 2717 2245 cum
2774 2192 3080 2262 patriarcha
3127 2211 3140 2246 :
3200 2206 3323 2247 cum
3385 2199 3462 2246 tot

1877 2282 1998 2340 dies
2036 2283 2159 2340 [esti
2190 2283 2595 2356 praeterierint?
2635 2283 2732 2339 Dic
2761 2300 2984 2341 causam
3016 2285 3373 2352 conﬁdenter,
3405 2297 3461 2339 et

1878 2375 2163 2432 confessus
2211 2385 2296 2432 est
2340 2375 2807 2447 archiepiscopus,
2851 2385 2907 2432 et
2954 2392 3064 2432 non
3130 2378 3364 2448 negavit,
3408 2388 3464 2433 et

1879 2469 2166 2525 confessus
2196 2478 2324 2524 est:
2363 2467 2550 2539 Neque
2599 2470 2865 2525 adversus
2917 2470 3037 2540 pios
3103 2471 3462 2541 imperatores

1879 2571 2100 2617 nostros
2133 2562 2434 2632 quidquam
2486 2562 2682 2630 habeo,
2738 2577 2913 2632 neque
2967 2578 3160 2618 rursus
3197 2563 3461 2619 adversus

1887 2652 2257 2723 patriarcham
2292 2671 2305 2707 :
2357 2652 2449 2708 sed
2481 2654 2741 2708 adversus
2763 2668 3131 2718 meonomum,
3167 2656 3260 2725 qui
3305 2656 3464 2710 adul-

1882 2751 2056 2798 terum
2081 2743 2383 2808 coronavit,
2437 2741 2670 2811 ideoque
2719 2743 3000 2813 depositus
3049 2754 3134 2800 est
3159 2746 3331 2801 sacris
3371 2761 3464 2801 ca-

1882 2837 2140 2893 nonibus.
2174 2838 2256 2893 Ad
2284 2851 2405 2908 quae
2435 2837 2707 2909 logotheta
2740 2855 2754 2891 :
2789 2835 2868 2891 Pii
2902 2838 3259 2907 imperatores
3292 2841 3466 2895 nostri

1884 2939 1935 2985 te
1959 2944 2098 3006 opus
2122 2944 2231 2985 non
2256 2928 2477 2995 habent,
2504 2944 2604 2985 nec
2631 2927 3052 2996 Thessalonicae,
3089 2946 3189 2986 nec
3221 2931 3377 2985 alibi.

1954 3103 2084 3163 Post
2131 3103 2247 3160 haec
2292 3119 2469 3175 neque
2519 3120 2840 3175 responsum
2876 3107 3115 3176 amplius
3142 3108 3327 3162 datum
3361 3123 3466 3175 est,

1886 3215 1988 3255 nec
2047 3200 2406 3270 interrogatio
2441 3199 2550 3254 alia
2595 3201 2918 3269 proposita:
2982 3215 3107 3256 eum
3176 3217 3350 3272 usque
3399 3205 3467 3258 ad

1887 3291 2034 3348 hunc
2075 3292 2220 3348 diem
2251 3292 2421 3363 elapsi
2450 3293 2561 3348 sint
2615 3292 2731 3348 dies
2791 3293 3051 3348 tredecim
3089 3311 3104 3350 :
3146 3295 3250 3350 nisi
3322 3296 3467 3366 quod

1886 3383 2099 3439 litteras
2172 3383 2425 3440 misimus
2470 3384 2536 3438 ad
2576 3384 2860 3440 dominum
2929 3384 3263 3452 Simeonem,
3332 3403 3469 3457 quas

1888 3477 2007 3532 istis
2029 3474 2382 3541 inseruimus,
2426 3485 2486 3530 ut
2509 3477 2678 3530 totius
2711 3475 2788 3530 rei
2819 3483 3072 3530 naturam
3100 3478 3464 3546 cognoscatis.

1887 3566 2139 3623 Pervenit
2168 3577 2351 3624 autem
2395 3583 2480 3624 res
2509 3569 2576 3623 ad
2625 3569 2952 3640 patriarcha:
2992 3584 3179 3634 aures,
3207 3581 3263 3625 et
3302 3571 3468 3627 totius

1888 3660 2060 3716 ferme
2080 3661 2342 3718 civitatis.
2383 3661 2445 3716 Et
2489 3670 2620 3716 sunt
2668 3677 2802 3718 sane
2833 3660 2988 3717 multi
3024 3662 3117 3733 qui
3178 3662 3467 3717 nobiscum

1889 3752 2198 3823 aﬁligantur
2244 3762 2300 3808 et
2331 3754 2695 3818 consentiant,
2725 3754 2821 3810 sed
2853 3754 3111 3808 nocturni
3146 3753 3242 3809 Dei
3289 3753 3466 3810 culto-

1890 3859 2000 3912 res,
2032 3845 2126 3916 qui
2161 3845 2216 3900 in
2245 3845 2359 3900 sole
2383 3845 2688 3901 libertatem
2736 3845 3026 3901 ostendere
3082 3861 3190 3899 non
3231 3844 3463 3915 possint.

1887 3938 2002 3994 Nos
2033 3954 2185 4006 vero,
2232 3939 2328 3993 ﬁlii
2358 3947 2413 3994 et
2463 3937 2680 4005 fratres,
2717 3938 2914 3993 ﬁducia
2947 3937 3002 3992 in
3057 3936 3229 3993 Deum
3255 3938 3386 4004 nixi,
3414 3947 3467 3995 et

1889 4032 2136 4086 veritatis
2163 4030 2535 4094 fundamento,
2577 4028 2808 4099 ipsoque
2848 4028 3147 4099 praeterito,
3194 4038 3249 4084 et
3284 4028 3464 4098 palam

1890 4123 2076 4194 agnito
2134 4123 2357 4194 iustitiae
2418 4132 2640 4188 eventu,
2675 4124 2728 4178 in
2778 4121 3000 4193 iisquae
3046 4121 3283 4178 mundus
3335 4122 3468 4177 vidit

1892 4217 2037 4272 circa
2082 4216 2387 4271 adulterum
2443 4214 2672 4285 ejusque
2705 4214 2984 4283 adjutores
3016 4232 3030 4269 :
3065 4213 3374 4268 immobiles
3411 4214 3466 4269 in

1890 4307 2148 4362 mandato
2197 4306 2551 4377 paternisque
2569 4305 2881 4360 eanonibus
2927 4304 3251 4360 insistamns
3298 4321 3312 4358 :
3369 4319 3469 4359 nec

1890 4402 2155 4457 dedamns
2185 4415 2310 4464 nos,
2351 4415 2449 4455 nec
2475 4399 2771 4469 prodamus
2798 4400 3056 4469 pietatem
3083 4413 3096 4450 :
3128 4411 3303 4465 neque
3330 4393 3468 4450 adeo

1890 4493 2240 4548 destruamus
2270 4507 2391 4562 qua:
2424 4506 2520 4561 per
2540 4491 2717 4547 exsilii
2750 4489 3114 4546 constantiam
3155 4495 3301 4543 recte
3333 4487 3469 4542 ardi-

1891 4581 2220 4648 ﬁcavimus;
2253 4596 2322 4638 ne
2367 4581 2502 4652 legis
2532 4579 2981 4651 praavaricatores
3020 4578 3304 4634 videamur
3333 4595 3347 4633 :
3380 4578 3468 4632 di-

1891 4674 2020 4728 vina
2044 4681 2224 4730 autem
2255 4674 2372 4745 lege
2403 4674 2580 4728 innixi
2617 4674 2919 4740 vincamus,
2958 4681 3018 4727 ut
3047 4682 3174 4727 ante
3214 4672 3467 4736 vicimus,

201 4770 416 4824 σαμεν,
469 4753 559 4808 διὰ
604 4755 705 4825 τῆς
745 4755 890 4809 κατὰ
919 4755 1020 4824 τὴν
1051 4755 1268 4825 ἔξορίαν
1300 4757 1610 4821 ὲνστάσεως
1632 4775 1646 4790 ο
1697 4759 1779 4811 ἴνα

1893 4768 2073 4822 omnia
2122 4777 2392 4836 optantes,
2446 4767 2630 4822 omnia
2680 4768 3032 4828 sustinentes,
3073 4766 3120 4820 si
3156 4764 3470 4835 permiserit

201 4845 281 4917 μὴ
318 4843 732 4915 ἁποδειχθῶμεν
773 4845 1092 4915 παραϐάται
1124 4848 1292 4917 νόμου
1314 4864 1328 4876 ”
1381 4848 1531 4920 νόμῳ
1562 4849 1620 4903 δὲ
1654 4849 1783 4921 θείῳ

196 4934 567 5008 κρατούμενοι
597 4953 934 5007 κρατουμεν,
958 4936 1042 5000 ῶς
1066 4939 1621 5011 προκεκρατήκαμεν,
1647 4942 1783 4996 πάν-

193 5041 267 5078 τα
297 5022 642 5094 στέργοντες,
672 5029 854 5082 πάντα
879 5027 1270 5100 ὑπομένοντες,
1302 5029 1462 5101 εἴπερ
1485 5031 1581 5084 καὶ
1603 5047 1782 5103 παρα-

196 5118 443 5190 χωρήσει
473 5115 638 5180 Θεόςο
688 5117 722 5188 ἢ
756 5119 856 5190 τῆς
884 5120 1099 5175 ἐκείνου
1132 5123 1227 5177 καὶ
1253 5122 1361 5178 τῶν
1386 5122 1537 5194 αύτῷ
1567 5124 1777 5178 συλλει-

194 5208 579 5280 τουργούντων
604 5209 928 5280 μετέχοντες
951 5215 1257 5282 κοινωνίας,
1283 5214 1390 5279 ἓως
1413 5215 1479 5270 ἂν
1503 5216 1778 5288 παύσηται

193 5303 225 5355 ὁ
272 5300 664 5374 ὶαθηρημένος
710 5303 813 5375 τῆς
860 5306 1194 5379 ἱερουργίας.
1250 5311 1426 5365 [Ιολλά
1459 5310 1556 5366 οὖν
1591 5311 1781 5382 βαττο·

193 5393 524 5466 λογήσουσιν
577 5396 628 5449 οἱ
677 5395 990 5468 ἀνθρωποιο
1043 5401 1372 5472 ιμπαίζουσί
1414 5420 1474 5457 τε
1523 5405 1618 5460 καὶ
1661 5407 1783 5460 ὲπιη

194 5485 563 5554 γελάσονταιο
615 5487 714 5543 καί
753 5504 820 5559 γε
871 5489 936 5545 τὺ
978 5491 1361 5568 ιλεεινότερον,
1405 5495 1515 5551 τῶν
1543 5497 1785 5569 ὀμοσχή-

267 5602 315 5637 ⁵⁸
338 5603 529 5660 Matth.
561 5617 616 5669 x,
652 5600 739 5658 56.

1889 4858 2057 4923 Deus,
2095 4858 2440 4927 potiusquam
2473 4866 2530 4911 ut
2585 4856 2729 4912 illius
2783 4871 3084 4926 eorumque
3112 4854 3204 4926 qui
3243 4870 3365 4910 cum
3401 4870 3468 4909 eo

1885 4950 2215 5015 sacriﬁcant,
2253 4949 2695 5004 communionem
2751 4949 3100 5018 attingamus,
3148 4946 3326 5016 quoad
3358 4947 3470 5014 pri-

1884 5055 2041 5100 vetur
2073 5042 2353 5113 depositus
2390 5041 2715 5096 ministerio.
2740 5038 2909 5094 Multa
2935 5038 3098 5109 igitur
3122 5038 3470 5094 hlaterabunt

1887 5135 2137 5189 homines
2157 5175 2172 5198 ,
2202 5133 2536 5204 illudentque
2580 5141 2635 5188 et
2664 5131 2969 5188 irridebnnt
2997 5149 3012 5185 :
3060 5128 3315 5200 quodque
3342 5144 3470 5197 gra-

1885 5227 2006 5282 vius
2021 5235 2127 5294 est,
2147 5242 2214 5282 ex
2234 5226 2301 5283 iis
2327 5227 2418 5297 qui
2436 5225 2677 5294 ejusdem
2700 5231 2830 5280 sunt
2859 5222 3102 5288 habitus,
3121 5230 3175 5276 et
3190 5220 3284 5291 qui
3307 5219 3468 5272 amici

1888 5334 2009 5374 esse
2024 5318 2298 5384 videntur,
2318 5334 2426 5372 non
2449 5318 2630 5388 pauci.
2649 5316 2755 5372 Sed
2782 5329 2981 5370 novum
3011 5313 3142 5367 nihil
3166 5328 3180 5365 :
3204 5311 3467 5379 scriptum

1888 5420 2014 5467 est:
2054 5407 2123 5466 Et
2156 5411 2362 5466 inimici
2397 5410 2627 5464 hominis
2671 5407 2947 5463 domestici
2977 5406 3089 5476 ejus
3107 5406 3173 5459 ⁸⁸.
3208 5404 3276 5458 Ει
3305 5403 3358 5457 hi
3386 5402 3468 5456 Ie-

1891 5503 2131 5560 nocinati
2158 5511 2288 5561 sunt
2322 5501 2844 5573 subservieruntque
2879 5498 3197 5555 adulterinis
3236 5495 3476 5567 nuptiis,

1730 5692 1964 5756 NOTE.

271 5786 386 5866 (25)
419 5786 755 5857 Λογοθέτου
804 5785 911 5842 τοῦ
957 5785 1207 5857 Δρόμου.
1249 5785 1325 5844 De
1352 5801 1542 5844 cursus
1607 5786 1779 5858 publit

1886 5793 2123 5858 ηωιιιριο
2190 5812 2284 5855 seu
2321 5799 2595 5870 praefecto,
2638 5798 3022 5871 TlteOphanes,
3073 5797 3376 5860 (Zedrenus,
3414 5806 3467 5853 at
