4008 6318
163 385 298 453 1013

1393 386 1938 451 EPISTOLARUM
1971 385 2123 451 LIB.
2156 391 2207 450 Ι.

3315 383 3454 450 ιθιι

155 505 218 558 τὸ
279 503 476 566 σκότος
534 502 685 572 φῶς,
737 501 830 556 καὶ
870 500 964 556 τὸν
990 497 1225 572 Χριστὸν
1254 501 1336 564 είς
1362 500 1767 570 ἐναντιολογίαν

1878 502 2149 558 mendacii
2199 501 2663 572 promulgatorem
2698 517 2713 568 ;
2747 498 2840 571 qui
2865 497 3119 557 tenebras
3159 497 3335 556 lucem
3371 500 3456 556 di-

162 596 348 668 ἐαυτῷ
397 596 759 668 περιπίπτειν
807 593 1197 665 πειρώμενονς
1256 594 1484 657 Πάντώς
1513 594 1623 666 γὰρ
1658 595 1760 648 ὃσα

159 695 188 746 6
232 691 422 763 ἱερεὺς
469 688 801 759 ὑποφαίνει,
857 686 1031 741 ταῦτα
1074 687 1169 740 καὶ
1208 687 1236 739 6
1262 685 1392 751 Θεὸς
1427 685 1631 756 κυροῦν
1661 686 1760 738 ἐπ-

162 782 495 851 αγγέλλεται
517 823 532 842 ,
587 779 730 834 κατά
759 779 853 833 τὸν
886 779 1060 849 μέγαν
1092 777 1390 833 Διονΰσιον.
1441 776 1582 830 Ἀλλ’
1609 777 1762 847 ὅμως

160 875 411 930 τοιοῦτον
438 875 646 946 δράσας
674 873 932 942 πονηρὸν,
961 872 1054 928 καὶ
1078 872 1205 936 δοὺς
1225 871 1534 940 ὑπόδειγμα
1560 871 1762 932 κακίας

162 971 279 1033 τοῖς
308 966 652 1038 ὑποχειρίοις
682 966 761 1028 είς
791 965 1158 1036 ὁμοτροπίαν
1195 964 1224 1019 ὃ
1253 965 1349 1020 καὶ
1374 963 1597 1033 γέγονεν
1634 963 1764 1034 μᾶλ-

163 1061 258 1113 λον
312 1059 371 1111 δὲ
426 1059 520 1111 καὶ
565 1059 679 1118 τοῖς
731 1056 924 1127 πόρρω
962 1055 1227 1127 κρατοῦσι
1270 1055 1366 1107 καὶ
1400 1054 1693 1124 ἄρχουσιν·
1735 1055 1764 1108 ὃ

164 1149 304 1204 καθ’
351 1151 615 1220 ὁμοίωσιν
665 1147 922 1216 ἐτελέσθη
981 1149 1039 1201 ἐν
1087 1149 1155 1217 τῇ
1195 1147 1614 1217 Λογγοϐαρδίᾳ,
1669 1147 1764 1200 καὶ

166 1242 373 1312 Γοτθίᾳ
394 1283 408 1306 ,
460 1241 557 1294 καὶ
589 1242 702 1302 τοῖς
734 1239 994 1308 κλίμασιν
1025 1237 1226 1307 αὐτῆς·
1266 1237 1389 1290 οὐδὲ
1422 1238 1531 1309 γάρ
1563 1238 1621 1290 ἐν
1653 1238 1764 1300 τοῖς

168 1336 359 1391 ἔθνεσι
407 1331 655 1386 τοιοῦτόν
701 1348 754 1383 τι
801 1329 1168 1400 τετόλμηται*
1232 1331 1327 1383 καὶ
1369 1330 1429 1384 οὐ
1464 1329 1765 1400 καταισχύ-

169 1441 328 1478 νεται
362 1425 388 1474 6
417 1422 686 1483 δείλαιος·
727 1419 867 1482 ἀλλ’,
904 1419 979 1482 ὼς
1011 1420 1246 1490 εἴρηται,
1280 1419 1591 1490 λειτουργεῖ
1616 1421 1643 1472 6
1673 1421 1767 1473 άν-

176 1518 324 1587 ίερος
353 1532 364 1545 ο
423 1514 519 1566 καὶ
553 1513 682 1575 τοὺς
717 1511 900 1575 καλῶς
931 1511 1095 1566 αὑτὸν
1125 1511 1642 1582 ἀποστρεφομένους
1675 1509 1766 1576 ἐξ-

171 1609 384 1679 ορίζειν
430 1606 846 1673 κατεπείγεται.
901 1604 1105 1675 Κύριος
1142 1604 1199 1658 δὲ
1238 1603 1432 1675 βοηθὸς
1479 1603 1589 1656 τῶν
1625 1603 1768 1674 ὑπὲρ

171 1702 276 1767 τῆς
331 1698 556 1768 ἐντολῆς
603 1697 769 1751 αὐτοῦ
823 1696 1230 1768 ἐνισταμένων,
1285 1696 1344 1758 ὃς
1394 1695 1769 1768 παρακαλέσει

169 1792 277 1852 τὰς
311 1789 544 1859 καρδίας
574 1787 683 1840 τῶν
714 1786 959 1840 εὐσεϐῶν
987 1785 1144 1857 ήμῶν
1177 1785 1442 1855 βασιλέων
1467 1824 1479 1847 ,
1544 1786 1768 1854 ποιήσαι

1863 597 1959 661 cit,
1992 595 2345 650 etChristum
2375 594 2428 648 in
2455 592 2763 648 contrarias
2793 591 3099 648 sententias
3134 591 3455 662 pertrahere

1861 686 2138 740 conatur?
2167 685 2400 739 Prorsus
2425 685 2570 740 enim
2608 699 2954 755 quacunque
2985 685 3233 740 enuntiat
3270 700 3457 741 sacer—

1863 775 1987 844 dos,
2027 776 2216 830 eadem
2282 774 2426 831 Deus
2468 775 2797 831 confirmare
2834 791 2900 830 ac
2949 785 3068 830 rata
3125 776 3330 831 habere
3394 791 3456 830 se

1864 867 2346 938 proﬁtetur,juxta
2386 882 2645 938 magnum
2681 866 3030 938 Dionysium.
3071 867 3325 922 Attamen
3363 867 3457 937 qui

1865 958 2141 1030 ﬂagitium
2181 959 2284 1013 hoc
2323 959 2619 1023 commisit,
2650 958 2856 1029 quique
2881 959 3249 1027 improbitatis
3271 975 3460 1014 exem-

1864 1053 2015 1121 plum
2053 1051 2289 1107 subditis
2318 1051 2385 1106 ad
2431 1051 2794 1105 imitationem
2825 1051 3079 1121 praebuit,
3127 1059 3184 1105 ut
3223 1067 3313 1106 res
3343 1052 3456 1120 ipsa

1866 1147 2070 1210 docet;
2119 1146 2251 1217 quin
2307 1145 2472 1201 etiam
2514 1145 2702 1214 procul
2766 1146 2960 1215 positis
3009 1145 3350 1215 princrpibus
3405 1155 3461 1200 et

1868 1239 2144 1296 ducibus:
2177 1241 2320 1293 sicut
2348 1239 2460 1308 jam
2511 1238 2776 1293 imitando
2807 1237 3009 1292 laetum
3041 1247 3122 1292 est
3154 1239 3207 1291 in
3240 1237 3457 1309 Longo-

1869 1330 2061 1385 bardia
2091 1339 2145 1384 et
2191 1328 2411 1384 Gotthia
2441 1328 2672 1399 ejusque
2704 1328 3016 1383 confinibus
3047 1330 3089 1360 ⁹¹
3122 1346 3138 1383 :
3169 1346 3277 1382 non
3311 1315 3466 1384 enim.

1868 1422 2009 1491 apud
2045 1421 2272 1490 gentiles
2321 1421 2429 1475 tale
2481 1421 2609 1490 quid
2660 1429 3047 1489 perpetratur:
3117 1435 3289 1490 neque
3332 1436 3460 1476 eru-

1869 1515 2042 1569 bescit
2068 1514 2254 1577 miser,
2286 1513 2380 1567 sed
2410 1514 2698 1578 sacrificat,
2729 1514 2872 1568 sicut
2923 1513 3131 1568 dictum
3172 1523 3276 1578 est,
3331 1529 3458 1583 pro-

1870 1603 2066 1659 fanus:
2099 1612 2154 1658 et
2181 1619 2275 1658 eos
2336 1603 2429 1673 qui
2476 1603 2654 1673 ipsum
2704 1604 2901 1657 merito
2936 1615 3280 1668 aversantur,
3317 1603 3457 1657 rele-

1872 1712 1999 1769 gare
2020 1705 2271 1752 conatur.
2306 1695 2570 1750 Dominus
2631 1704 2811 1749 autem
2862 1695 3081 1764 adjutor
3130 1711 3316 1752 eorum
3362 1693 3456 1765 qui

1874 1807 1973 1862 pro
2031 1790 2150 1861 ejus
2183 1790 2440 1844 mandato
2490 1789 2818 1843 decertant:
2875 1788 2968 1858 qui
3008 1787 3245 1843 inﬂectet
3292 1789 3458 1843 corda

167 1885 278 1954 τὴν
320 1858 605 1950 ἐκδίκησιν
650 1880 751 1949 τῆς
791 1879 1120 1949 Ἐκκλησίας
1152 1877 1338 1940 αὐτοῦ,
1383 1877 1634 1947 καθάπερ
1670 1879 1763 1930 ἐπὶ

1878 1886 2088 1955 piorum
2113 1885 2529 1954 imperatorum,
2562 1883 2876 1937 utvindices
2893 1897 2952 1937 se
2974 1883 3248 1952 prabeant
3267 1882 3459 1936 Eccle-

167 1973 273 2027 τοῦ
323 1973 552 2044 μοιχοῦ,
618 1973 704 2026 ἵνα
749 1972 842 2025 καλ⁵
884 1972 1074 2025 τοῦτον
1123 1970 1389 2040 εὐδοκήσῃ
1430 1969 1761 2040 ἐκϐληθῆναι

169 2067 280 2138 τῆς
329 2067 681 2136 ἱερουργίας·
740 2063 832 2117 ἐπί
868 2081 927 2116 τε
974 2061 1284 2130 λυσιτελείᾳ
1326 2061 1420 2114 τοῦ
1452 2063 1762 2129 ἀγιωτὰτου

173 2159 530 2228 πατριάρχου
552 2198 566 2220 ,
610 2156 704 2210 καὶ
739 2155 921 2224 πάσης
952 2154 1052 2224 τῆς
1080 2152 1380 2224 καθολικῆς
1413 2153 1762 2225 Ἑκκλησίας.

252 2251 347 2305 Διδ
375 2250 652 2321 θαρσεῖτε,
684 2248 853 2300 τέκνα
884 2247 978 2299 καὶ⁵
1003 2246 1253 2316 ἀδελφοί·
1298 2246 1394 2299 καὶ
1424 2246 1499 2316 μὴ
1523 2246 1762 2312 δείσητε,

178 2345 325 2416 μηδὲ
356 2341 735 2411 καταπὲσητε.
775 2339 982 2410 Καιρὸς
1010 2339 1325 2408 ὁμολογίας,
1358 2338 1548 2410 καιρὸς
1576 2339 1765 2392 ὲνστά..

177 2453 348 2501 σεως,
389 2433 583 2503 καιρὸς
616 2432 896 2500 ἀθλήσεως
920 2471 934 2496 ,
975 2431 1138 2502 τυχὸν
1171 2432 1267 2486 γαὶ
1299 2431 1476 2485 ἄλλων
1501 2430 1765 2500 παθημάο

173 2545 292 2581 των
314 2542 327 2554 ·
367 2523 505 2578 ἀλλά
530 2525 622 2576 καὶ
651 2522 932 2590 στεφάνων
963 2523 1056 2575 καὶ
1086 2521 1242 2590 δόξης
1271 2520 1615 2590 ἐπουρανίου.
1657 2521 1768 2588 Φη-

180 2623 240 2673 σὶ
271 2621 412 2689 γάρ’
465 2615 615 2670 Ἀλλ’
643 2617 680 2684 ἢ
714 2615 854 2681 τοὺς
885 2612 1250 2678 δοξάζοντὰς
1270 2629 1346 2682 με
1378 2612 1637 2677 δοξάσω,
1669 2610 1766 2664 καὶ

179 2719 215 2770 0'
259 2709 605 2777 ὲξουθενῶν
633 2725 710 2777 με
744 2706 1241 2784 ἀτιμασθιζσεται.
1292 2707 1433 2768 Καὶ,
1476 2702 1770 2772 Μακάριοι

179 2809 240 2860 cl
270 2805 357 2875 μὴ
387 2803 778 2866 ἐκκλίνοντες
811 2800 930 2854 ἀπὸ
967 2797 1088 2852 τῶν
1115 2797 1382 2852 ἐντολῶν
1409 2797 1614 2852 αὑτοῦ.
1653 2797 1768 2862 Διὸ,

180 2899 434 2964 Χαίρετε
469 2893 566 2947 καί
599 2892 1003 2962 ἀγαλλιᾶσθε,
1048 2891 1137 2945 ὅτι
1172 2894 1204 2944 ό
1228 2890 1448 2960 μισθὸς
1477 2889 1619 2959 ὑμῖν
1657 2891 1772 2952 τοῖς

184 2987 525 3057 ὑπομένουσι
570 2985 764 3050 πολὺς
801 2983 872 3036 ἐν
904 2983 1030 3048 τοῖς
1096 2982 1407 3049 οὐρανοῖς·
1450 2981 1558 3032 τῶν
1593 2979 1770 3051 ἔργων

183 3079 347 3148 ὑμῶν
393 3075 608 3146 ἔχεσθε.
672 3075 792 3129 Τῶν
842 3073 1106 3143 βασιλέων
1153 3072 1315 3143 ἡμῶν
1372 3071 1769 3142 ὑπερεύχεσθε,

181 3174 284 3227 τοῦ
303 3168 740 3242 ἀρχιερέως,τοῦ
763 3166 1097 3238 ἐκϐληθῆναι
1115 3166 1204 3218 τὸν
1233 3165 1432 3235 Ἰωσὴφ
1457 3165 1522 3216 ἐκ
1550 3163 1644 3216 τοῦ
1676 3163 1771 3216 θυ-

1871 1979 1964 2033 sia
1993 1993 2124 2043 sua,
2159 1975 2620 2047 quemadmodum
2653 1975 2708 2029 in
2736 1975 2983 2031 adultero
3017 1993 3028 2028 :
3063 1975 3297 2044 ejicique
3319 1976 3464 2030 hunc

1870 2070 2084 2140 placeat
2117 2083 2280 2124 sacro
2311 2067 2642 2133 ministerio,
2684 2076 2844 2136 prout
2874 2067 3091 2136 expedit
3120 2067 3463 2122 sanctissimo

1872 2161 2191 2231 patriarcha
2221 2167 2426 2230 totique
2453 2160 2711 2217 Ecclesia
2741 2160 3047 2214 catholica.

1946 2254 2305 2321 Quamobrem
2331 2252 2606 2318 confidite,
2635 2252 2725 2305 lilii
2757 2267 2820 2306 ac
2839 2251 3032 2305 fratres
3056 2269 3070 2306 :
3091 2259 3145 2305 et
3171 2266 3238 2305 ne
3263 2260 3464 2305 terrea-

1874 2347 2030 2412 mini,
2065 2360 2162 2400 nec
2217 2344 2588 2399 succumbite.
2622 2343 2863 2412 Tempus
2911 2342 3293 2407 confessionis,
3325 2353 3464 2396 tem»

1874 2452 1975 2507 pus
2019 2435 2364 2498 resistentia,
2424 2443 2640 2504 tempus
2692 2433 3076 2498 certaminum,
3123 2433 3468 2501 aliorumque

1877 2527 2111 2581 fortasse
2154 2525 2532 2589 aﬂliclionum,
2566 2525 2659 2580 sed
2711 2535 2767 2579 et
2800 2539 3150 2590 coronarum,
3196 2533 3252 2580 et
3283 2525 3468 2594 gloria

1876 2622 2136 2676 C(Blestis.
2174 2621 2261 2674 Ait
2291 2619 2434 2673 enim
2459 2636 2472 2672 :
2499 2617 2602 2672 Sed
2634 2618 2998 2688 gloriﬁcantes
3023 2633 3102 2671 me
3129 2618 3463 2688 gloriﬁcabo,

1878 2716 2037 2784 etqui
2061 2713 2342 2766 contemnit
2373 2727 2452 2764 me
2500 2711 2599 2764 erit
2660 2708 2906 2780 ignobilis
2929 2710 2998 2763 θ’.
3036 2708 3144 2763 Et:
3180 2708 3336 2762 Beati
3374 2707 3466 2778 qui

1878 2822 1978 2859 non
2015 2805 2280 2857 declinant
2334 2819 2365 2855 a
2416 2801 2684 2855 mandatis
2734 2800 2847 2869 ejus
2879 2800 2944 2854 ⁸³.
2981 2800 3105 2854 Ideo
3155 2797 3389 2854 Gaudete
3416 2807 3465 2852 et

1877 2896 2158 2958 exsultate,
2193 2894 2446 2965 quoniam
2488 2909 2682 2946 merces
2709 2893 2876 2959 vobis,
2913 2907 3036 2947 cum
3059 2891 3462 2959 sustinueritis,

1879 2985 2050 3039 multa
2077 2994 2154 3039 est
2189 2986 2243 3037 in
2273 2983 2417 3037 calix
2442 2981 2510 3036 “.
2535 2981 2802 3052 Operibus
2831 2983 3028 3037 vestris
3053 2981 3243 3037 intenti
3270 2991 3463 3037 estote.

1880 3081 1985 3134 Pro
2010 3078 2432 3149 imperatoribus
2475 3079 2678 3133 nostris
2727 3088 2878 3132 orate
2925 3096 2938 3132 :
2977 3093 3076 3147 pro
3109 3076 3418 3147 patriarcha
3446 3115 3463 3141 ,

1883 3182 1943 3227 ut
1967 3172 2217 3238 ejiciatur
2248 3169 2447 3241 Josepli
2482 3169 2551 3224 ab
2600 3170 2763 3223 altari
2795 3187 2807 3234 ;
2852 3185 2949 3238 pro
3001 3184 3132 3238 pace
3163 3167 3422 3225 Ecclesia
3451 3191 3464 3225 :

186 3263 554 3333 σπαστηρίου,
603 3261 702 3330 τῆς
751 3259 979 3329 είρήνης
1021 3258 1120 3328 τῆς
1151 3257 1509 3327 Ἐκκλησίαςο
1548 3254 1773 3325 πορευό-

1882 3264 2225 3319 ambulantes
2266 3261 2319 3316 in
2351 3262 2436 3315 via
2486 3262 2838 3317 immaculata
2869 3261 2937 3327 ”,
2965 3263 3016 3315 in
3053 3262 3328 3317 mandatis
3349 3262 3467 3332 ejus

189 3374 349 3427 μενοι
382 3358 440 3408 ἐν
466 3355 569 3424 όδῷ
595 3352 812 3422 ἀμώμῳ
832 3390 847 3415 ,
901 3352 959 3402 ἐν
1002 3353 1123 3413 ταῖς
1156 3349 1396 3411 ἐντολαῖς
1422 3347 1583 3402 αὑτοῦ
1625 3347 1781 3417 θελή-

189 3465 391 3513 σαντες
442 3448 680 3518 σφόδρα·
747 3448 805 3497 ἐν
859 3443 1010 3514 πάσῃ
1060 3443 1200 3514 καλῇ
1251 3441 1624 3506 καταστάσει,
1685 3439 1782 3494 καὶ

189 3545 460 3612 κανονικῇ
510 3538 827 3594 διαϐιώσειο
886 3535 994 3599 ἕως
1051 3538 1117 3590 ἂν
1166 3535 1441 3605 ἀκούσητέ
1492 3551 1544 3587 τι
1594 3533 1778 3601 πλέον,

187 3639 225 3706 ἦ
275 3635 370 3690 καὶ
418 3635 580 3704 ἡμεῖς
625 3627 999 3700 σημανοῦμεν.
1048 3625 1108 3682 '0
1141 3627 1375 3697 Χριστὸς
1434 3625 1556 3697 μεθ’
1589 3625 1777 3696 ὑμῶν·

189 3733 225 3800 ἡ
255 3729 522 3787 Θεοτόκος
557 3723 840 3778 σκέπουσα
866 3722 1041 3792 ὑμᾶς’
1077 3722 1105 3773 6
1136 3719 1448 3791 Πρόδρομος
1479 3723 1574 3772 καὶ
1603 3720 1630 3772 6
1656 3718 1786 3771 Θεο-

190 3823 355 3890 λόγος
407 3817 771 3887 φρουροῦντες
801 3816 978 3884 ὑμᾶς*
1016 3815 1066 3867 οἱ
1120 3813 1266 3881 ἆγιοι
1305 3813 1508 3873 πάντες
1549 3814 1616 3883 τῇ
1651 3812 1783 3882 εὐχῇ

191 3914 291 3971 τοῦ
341 3911 553 3982 Πατρός
598 3926 702 3980 μου
750 3909 845 3961 καὶ
885 3907 1098 3978 Πατρός
1130 3903 1306 3975 ὑμῶν.
1361 3904 1580 3965 Πάντας
1616 3920 1786 3972 προσ-

194 4002 454 4074 αγορεῦω
506 4001 627 4056 κατ’
667 4000 841 4070 ὄνομα
935 4000 969 4070 ή
1022 3998 1182 4070 χάρις
1227 3994 1323 4049 τοῦ
1369 3994 1581 4065 Κυρίου
1628 3993 1785 4064 ἡμῶν

209 4095 390 4168 Ἰησοῦ
417 4093 656 4168 Χριστοῦ
686 4093 828 4146 ἔστω
857 4094 994 4146 αετά
1017 4092 1236 4145 πάντων
1262 4089 1290 4143 ὑ
1300 4088 1437 4159 μῶν,
1459 4087 1629 4141 τέκνα
1650 4089 1787 4160 ήγασ

198 4202 275 4254 πη
286 4182 449 4253 μένα.
489 4183 544 4235 Ἀ
555 4184 684 4253 μήν.

522 4316 1003 4382 ΛΒ¹.-Νικο.1άῳ
1029 4318 1470 4384 Χαρτουλαρίῳ.

1878 3358 2122 3411 volentes
2167 3354 2400 3409 nimis“
2439 3370 2452 3408 :
2487 3354 2541 3407 in
2586 3355 2735 3407 omni
2789 3354 3013 3407 honesta
3077 3354 3467 3407 constitutione

1879 3459 1932 3504 et
1970 3447 2232 3503 canonica
2263 3446 2683 3501 conversatione
2718 3464 2729 3500 :
2768 3445 2946 3515 quoad
2998 3446 3199 3514 aliquid
3232 3445 3466 3515 amplius

1880 3539 2136 3601 audiatis,
2166 3546 2259 3592 aut
2289 3554 2318 3590 a
2348 3537 2503 3591 nobis
2557 3535 2910 3606 significetur.
2947 3535 3204 3591 Christus
3251 3537 3325 3591 sit
3371 3551 3467 3590 vo-

1881 3630 2134 3695 biscum;
2198 3627 2427 3698 Deipara
2474 3635 2764 3699 protegens
2837 3643 2974 3694 vos;
3052 3626 3368 3683 Pracursor
3413 3638 3466 3682 et

1874 3721 2183 3792 Tlieologus
2223 3721 2593 3776 custodientes
2633 3736 2728 3775 vos
2759 3737 2773 3784 ;
2803 3720 2974 3774 sancti
3020 3735 3246 3782 omnes.
3286 3721 3464 3790 preci-

1873 3815 1976 3870 bus
2016 3814 2196 3870 Patris
2246 3814 2375 3879 mei,
2409 3830 2472 3868 ac
2501 3815 2680 3870 Patris
2711 3815 2901 3870 vestri.
2933 3815 3135 3869 Omnes
3161 3817 3339 3869 saluto
3367 3828 3465 3866 rio-

1874 3907 2143 3960 minatim.
2210 3904 2396 3960 Gratia
2448 3905 2662 3959 Domini
2713 3907 2886 3960 nostri
2956 3904 3087 3961 Jesu
3149 3905 3354 3964 Christi
3395 3906 3465 3963 sit

1872 4013 1998 4054 cum
2021 3997 2278 4054 omnibus
2301 3995 2476 4062 vobis,
2522 3996 2616 4054 filii
2657 3997 2861 4054 dilecti.
2915 3996 3109 4055 Amen.

2192 4310 2405 4367 XXXII.
2436 4340 2507 4353 —
2539 4311 2764 4368 Nicolao
2792 4313 3154 4372 Chartulario.

450 4432 768 4492 Quantopere
788 4444 958 4493 pacem
983 4438 1124 4494 optet
1145 4431 1381 4482 Ecclesia
1403 4445 1414 4480 :
1443 4437 1494 4482 et
1525 4443 1670 4493 quam
1692 4429 1823 4479 bene
1845 4427 1896 4485 in
1921 4427 2248 4492 patriarcham
2270 4427 2338 4478 sit
2368 4429 2593 4479 affectus.
2624 4429 2824 4492 (Baron.
2853 4445 2932 4480 an.
2957 4431 3068 4492 809,
3095 4447 3144 4480 n.
3170 4432 3242 4489 2.)

283 4541 664 4611 Ὗπελάὸομεν
721 4540 841 4603 πῶς
886 4541 1144 4611 ἀπεχθῶς
1192 4541 1339 4612 ἔχειν
1386 4541 1486 4613 τὴν
1535 4540 1773 4612 μεγάλην

1966 4538 2300 4608 Suspicabar
2315 4537 2720 4609 quodammodo
2742 4553 2992 4608 magnam
3017 4539 3267 4608 pietatem
3291 4549 3459 4607 tuam,

200 4653 296 4689 σου
329 4633 634 4696 εὐσέδειαν,
672 4631 990 4701 πανπόθητε
1019 4631 1178 4702 ὴμῶν
1207 4631 1466 4696 δέσποτα,
1508 4631 1645 4702 πρὸς
1681 4632 1781 4699 τὴν

197 4727 532 4782 ταπείνωσιν
580 4724 736 4794 ήμῶν
760 4762 773 4783 .
836 4724 924 4777 διά
957 4741 1079 4778 τινα
1115 4725 1614 4797 παρεμπίπτουσαν
1649 4721 1783 4776 ὑπό-

200 4822 370 4875 θεσιν.
416 4817 558 4871 Ἀλλ’
588 4815 755 4877 ὅντως
785 4815 990 4881 ἔδειξας
1026 4818 1083 4870 ἐν
1111 4817 1187 4886 τῷ
1215 4817 1446 4887 παρόντι
1475 4814 1652 4887 καιρῷ
1682 4833 1782 4868 κα-

203 4912 378 4982 θαράν
429 4927 524 4962 σου
581 4908 678 4980 τήν
723 4908 911 4977 τιμίαν
957 4907 1135 4978 ψυχήν
1192 4909 1373 4979 πάσης
1417 4908 1777 4978 δυσμενείας⁶

202 5007 262 5058 οὐ
301 5003 408 5074 μὴν
442 5000 580 5054 ἀλλὰ
619 5001 717 5054 καὶ
753 5000 933 5070 πάσης
965 4999 1272 5063 θεοσεϐείας
1303 5000 1743 5072 πεπληρωμένην
1766 5014 1780 5032 ο

204 5100 260 5149 ἐν
310 5095 388 5164 τῷ
427 5093 630 5163 γοργὸν
663 5093 756 5146 καὶ
786 5091 988 5162 θερμόν
1024 5109 1082 5147 σε
1109 5092 1363 5160 γενέσθαι
1400 5094 1479 5157 εἰς
1507 5095 1588 5158 τὸ,
1622 5092 1784 5163 χάριν

203 5188 431 5255 εἰρήνης
457 5184 556 5253 τῆς
586 5183 916 5254 Ἐκκλησίας
938 5184 1031 5239 τοῦ
1055 5183 1212 5248 Θεοῦ,
1242 5186 1405 5249 εὐθὺς
1429 5185 1536 5237 ἀπὸ
1560 5183 1786 5256 πρώτης

202 5277 360 5346 ἡμῶν
409 5274 814 5344 παρακλήσεως
858 5275 1151 5344 κινηθῆναι
1196 5276 1334 5345 πρὸς
1365 5276 1663 5336 συνάφειαν
1691 5275 1783 5327 τοῦ

205 5368 515 5436 άγιωτάτου
550 5367 708 5436 ήμῶν
733 5367 1101 5438 πατριάρχου.
1141 5366 1312 5420 Τοῦτο
1340 5367 1630 5437 γνώρισμα
1657 5366 1787 5418 είλιο

205 5460 424 5531 κρινοῦς
468 5459 650 5527 φιλίας
674 5475 686 5487 ·
739 5459 900 5512 τοῦτο
937 5459 1136 5530 ἰδίωμα
1165 5459 1456 5531 ἀνθρώπου
1490 5459 1751 5528 θεοφόόου
1773 5476 1812 5493 ο·

201 5552 359 5608 τοῦτο
392 5550 674 5616 ἀπόδειξις
704 5549 970 5622 ἐναργοῦς
1001 5551 1166 5620 ζήλου
1194 5550 1474 5621 ἀληθείας.
1514 5552 1622 5603 Καὶ
1654 5549 1784 5618 γοῦν

201 5642 504 5700 ἀποδώσειέ
552 5658 636 5695 σοι
683 5642 925 5714 Κύριος
983 5643 1031 5696 εί
1081 5643 1173 5699 καὶ
1220 5643 1388 5715 μηδέν
1428 5661 1478 5696 τι
1523 5643 1780 5714 γένηται,

266 5781 307 5852 ’f
345 5777 525 5852 Supra
558 5775 612 5852 in
659 5776 928 5852 Theodori
956 5777 1097 5844 Vita,
1139 5795 1259 5852 pag.
1307 5780 1386 5845 l6,
1423 5780 1594 5834 11.19.

199 5850 242 5884 ⁸⁸
271 5849 423 5905 l’sal.
461 5864 511 5911 ε,
551 5847 604 5902 6.
680 5849 724 5881 "
766 5849 910 5906 Psal.
947 5865 1054 5917 cxi,
1092 5847 1142 5906 1.

1713 5778 1798 5834 ⁹²Ι
1840 5777 1971 5850 Reg.
2002 5795 2060 5846 ιι,
2120 5779 2207 5836 50.
2289 5779 2333 5812 9³
2395 5778 2538 5835 Psal.
2596 5795 2780 5847 cxvm,
2832 5781 2921 5834 2i.

1888 4629 2110 4685 domine
2143 4630 2217 4684 mi
2244 4630 2724 4695 desideratissime,
2758 4630 3016 4684 alieniore
3040 4629 3222 4684 animo
3248 4647 3368 4687 esse
3397 4634 3463 4688 ab

1888 4722 2195 4778 humilitate
2227 4731 2411 4777 nostra
2464 4722 2535 4776 ob
2564 4737 2742 4776 causa
2794 4722 3025 4790 alicujus
3079 4723 3461 4780 interventum.

1891 4815 1998 4872 Sed
2029 4831 2214 4871 revera
2265 4816 2370 4869 hoc
2405 4823 2648 4884 tempore
2705 4815 3016 4879 ostendisti,
3052 4831 3279 4870 vacuam
3314 4819 3462 4872 omni

1889 4909 2016 4964 odio
2045 4923 2165 4964 esse
2193 4909 2560 4962 venerandam
2605 4907 2842 4961 animam
2906 4917 3078 4971 tuam,
3139 4909 3467 4979 plenamque

1889 5001 2025 5054 adeo
2063 5000 2426 5068 omnipietate
2459 5018 2471 5053 :
2509 5000 2732 5068 quando
2761 5009 2809 5053 te
2851 5010 3161 5069 promptum
3213 5016 3276 5056 ac
3309 5017 3466 5071 para-

1881 5098 1997 5145 tum
2028 5090 2283 5156 docuisti,
2318 5101 2377 5144 ut
2420 5090 2572 5159 pacis
2616 5089 2874 5145 Ecclesia
2910 5092 3001 5144 Dei
3050 5091 3252 5156 studio,
3277 5096 3464 5148 statim

1883 5196 1948 5236 ac
1970 5181 2204 5250 primum
2235 5181 2435 5236 hortati
2469 5196 2681 5243 sumus,
2707 5181 3009 5250 applicares
3048 5190 3098 5236 te
3132 5184 3197 5236 ad
3233 5185 3469 5253 conjun-

1884 5273 2124 5328 ctionem
2157 5273 2489 5328 sanctissimi
2539 5273 2862 5342 patriarcha
2914 5274 3113 5330 nostri.
3161 5274 3274 5330 lloc
3327 5277 3470 5331 indi-

1887 5365 2030 5420 cium
2097 5365 2326 5419 sincera
2385 5365 2661 5431 amicitia,
2721 5366 2825 5420 hoc
2885 5367 3169 5438 pr0prium
3225 5369 3467 5426 hominis

1893 5455 2060 5510 Deum
2087 5457 2330 5512 timentis
2356 5472 2368 5510 :
2398 5457 2512 5511 hac
2541 5467 2725 5526 aperta
2761 5458 3156 5514 demonstratio
3190 5462 3291 5516 zeli
3322 5468 3467 5516 veri-

1893 5548 2039 5604 tatis.
2071 5548 2256 5619 Itaque
2287 5549 2550 5604 retribuet
2579 5550 2675 5604 tibi
2741 5549 3024 5618 Dominus,
3059 5552 3275 5607 tametsi
3318 5546 3469 5608 'nihil

1892 5639 2005 5705 ﬁat,
2061 5640 2325 5712 integram
2381 5640 2609 5710 justitia
2664 5643 2992 5698 mercedem.
3045 5642 3164 5698 Non
3221 5645 3366 5699 enim
3397 5661 3466 5699 ex

3031 5780 3075 5815 "*
3107 5780 3297 5849 Matth,
3329 5798 3382 5841 ν.
3414 5784 3457 5838 1.
