4008 6318
594 346 734 418 1015

1751 359 1812 420 S.
1853 359 2246 422 THEODORI
2285 362 2425 424 STU
2437 362 2632 424 DszE

3704 367 3851 432 1016

585 483 772 524 rerum
809 468 978 534 exitu,
1003 469 1098 526 sed
1129 469 1200 525 ab
1237 484 1430 526 earnm
1466 471 1788 536 intentione,
1826 489 1920 529 seu
1971 475 2156 530 lauda-

2267 477 2562 547 ὁλόκληρον
2607 475 2956 544 δικαιοσύνης
3009 475 3224 546 μισθόν.
3281 476 3416 532 Οὐδὲ
3451 476 3561 549 γὰρ
3602 480 3719 531 ἀπὸ
3752 481 3850 533 τοῦ

585 560 706 628 bili,
739 576 832 617 seu
860 575 1040 629 secus,
1067 563 1203 618 solet
1223 561 1366 618 Deus
1393 565 1613 633 praemia
1635 564 1924 621 decernere
1951 566 2156 622 facien-

585 653 753 709 tibus.
783 653 1046 711 Lucratus
1070 671 1202 725 ergo
1226 671 1286 712 es
1311 657 1571 727 temporis
1593 667 1792 727 puncto
1823 673 1929 714 non
1960 676 2154 716 aurum

586 754 643 798 et
671 752 976 814 argentum,
1003 745 1095 800 sed
1144 745 1303 815 iuges
1339 748 1626 802 thesauros
1648 749 1886 804 caelestis
1917 751 2156 806 retribu-

584 836 771 892 tionis.
812 834 1046 892 Oramus
1091 845 1296 903 autem,
1353 847 1407 893 et
1466 839 1752 894 hortamur
1806 842 2066 912 amplius,
2100 856 2159 899 ut

583 939 783 997 pergas
814 927 868 981 in
911 928 1182 999 incepto;
1213 936 1272 982 ut
1313 937 1369 984 tu
1407 931 1625 998 quidem
1657 932 1973 987 thesaurum
2014 949 2157 1004 prae-

585 1017 813 1072 divitem
842 1023 1120 1088 acquiras,
1173 1034 1275 1074 nos
1305 1035 1433 1075 vero
1472 1021 1708 1078 humiles
1741 1035 2039 1094 conspectu
2067 1041 2161 1096 pa-

586 1112 836 1167 triarcha:
865 1111 1133 1178 fruamur,
1169 1120 1264 1166 aut
1329 1113 1508 1182 potius
1559 1121 1617 1167 ut
1671 1113 1909 1169 Ecclesia
1947 1115 2037 1171 Dei
2067 1126 2158 1171 tua

584 1218 751 1272 opera
782 1217 966 1273 pacem
1001 1205 1213 1272 adepta,
1244 1204 1443 1258 multas
1492 1205 1590 1258 tibi
1645 1204 1866 1260 laudum
1924 1221 2159 1265 coronas

584 1303 794 1349 nectat:
821 1310 920 1350 nec
941 1295 1190 1363 pluribus
1203 1295 1380 1350 verbis
1398 1303 1482 1350 est
1504 1310 1663 1365 opus.
1683 1295 1950 1364 Quoniam
1978 1309 2159 1354 autem

579 1385 790 1455 jussisti
815 1386 1121 1456 signiﬁcare
1141 1403 1258 1450 nos,
1286 1387 1415 1457 quid
1430 1389 1630 1442 sentiat
1647 1389 1926 1445 humilitas
1949 1401 2154 1447 nostra:

583 1475 695 1544 jam
717 1475 836 1530 sine
887 1475 1036 1539 luco,
1065 1475 1399 1531 excellentiae
1433 1485 1536 1530 tuae
1564 1492 1746 1532 coram
1781 1477 2033 1544 Domino,
2062 1483 2155 1551 qui

2261 568 2447 632 τέλους
2498 568 2605 620 τῶν
2651 567 3030 638 πραγμάτων,
3086 566 3205 620 ἀλλ’
3237 567 3345 620 ἀπὸ
3385 568 3484 637 τῆς
3533 571 3668 639 περὶ
3706 571 3852 623 αὐτὰ

2263 658 2578 728 προθέσεως
2601 699 2615 723 ,
2669 659 2780 711 είτε
2815 658 3116 722 ἐπαινετῶς
3135 699 3150 721 .
3188 659 3299 712 είτε
3326 661 3423 730 οὐχ
3447 659 3648 723 οὕτως,
3683 662 3850 713 ετωθε

2260 745 2358 816 τὰς
2409 752 2646 822 ἀμοιϐάς
2697 753 2759 806 τὸ
2804 753 2961 808 Θείον
3010 754 3438 823 ἐπιψηφίζεσθαι
3484 757 3601 819 τοῖς
3646 755 3848 826 δρῶσι.

2263 844 2619 916 Κεκὲρδηκας
2643 844 2936 915 τοιγαροῦν
2965 845 3022 897 ἐν
3049 845 3148 914 μιᾷ
3176 843 3369 914 καιροῦ
3398 846 3568 914 ῥοπῇ,
3611 845 3675 896 ού
3715 862 3851 912 χρυ-

2263 936 2377 990 σίον
2404 953 2464 990 τε
2493 937 2587 991 καὶ
2614 937 2898 1008 ἀργύριον,
2939 936 3074 991 ἀλλὰ
3107 936 3414 1008 θησαυροὺς
3444 935 3847 998 ἀνεκλείπτους

2263 1027 2520 1097 οὐρανίας
2553 1027 2986 1091 ἀνταποδόσεως.
3030 1029 3150 1081 Ἔτι
3183 1029 3240 1081 δέ
3273 1027 3708 1100 παρακαλοῦμεν
3747 1029 3843 1081 καὶ

2263 1119 2617 1190 δυσωποῦμέν
2647 1135 2707 1172 σε
2739 1119 3061 1190 ἐπειχθῆναι
3095 1121 3154 1173 ἐν
3185 1122 3254 1191 τῇ
3286 1120 3513 1191 τοιαύτῃ
3541 1119 3808 1173 ὑποθέσει
3829 1135 3842 1148 ·

2264 1211 2352 1264 ἵνα
2400 1211 2564 1275 αὐτὸς
2608 1211 2708 1282 μέν
2757 1210 3026 1283 κερδήσῃς
3061 1210 3320 1264 πλούσιον
3352 1212 3413 1264 τὸ
3442 1210 3809 1282 θησαύρισμα

2263 1303 2422 1372 ήμείς
2449 1299 2506 1355 δὲ
2537 1304 2584 1354 οἰ
2611 1302 2850 1364 εὐτελεῖς
2879 1301 3131 1372 τύχοιμεν
3159 1301 3254 1355 τοῦ
3285 1302 3424 1374 πρὸς
3449 1305 3540 1357 τὸν
3573 1304 3846 1375 ἀρχιερέα

2268 1393 2591 1446 συνοπτικοῦ
2614 1409 2628 1424 ⁸
2691 1392 2896 1464 μᾶλλον
2937 1393 2994 1446 δὲ
3047 1393 3135 1446 ἵνα
3175 1396 3207 1464 ή
3247 1394 3544 1465 Ἐκκλησία
3579 1395 3676 1447 τοῦ
3706 1393 3844 1447 Θεοῦ

2263 1487 2331 1554 τῇ
2369 1487 2434 1554 σῇ
2473 1483 2720 1556 μεσιτείᾳ
2750 1481 3141 1554 βραϐευθεῖσα,
3182 1483 3411 1545 πολλούς
3442 1502 3537 1537 σου
3567 1487 3700 1547 τοὺς
3733 1484 3844 1537 τῶν

583 1566 798 1622 occulta
828 1567 1002 1630 novit,
1053 1567 1449 1636 signiﬁcamus.
1504 1565 1661 1622 Nulla
1721 1570 1880 1625 nobis
1922 1582 2006 1626 est
2032 1587 2155 1626 cum

2266 1573 2559 1643 ἐγκωμίων
2597 1574 2893 1643 στεφάνους
2929 1574 3308 1641 καταπλέξειε.
3353 1575 3464 1627 Καὶ
3495 1576 3557 1627 οὐ
3590 1576 3760 1628 πλέον
3790 1593 3841 1629 τι

584 1657 894 1728 patriarcha
929 1657 997 1712 de
1042 1657 1433 1712 communione
1479 1657 1768 1723 dubitatio,
1798 1670 2155 1730 prmterquam

2266 1663 2373 1735 χρὴ
2417 1663 2622 1730 λέγειν.
2679 1663 2897 1734 Ἐπειδὴ
2926 1663 2984 1716 δέ
3015 1663 3310 1728 ἐκέλευσας
3339 1665 3683 1734 ἐπισημάναι
3710 1667 3842 1717 όπό-

583 1750 858 1804 ωεοιιοηιί
894 1764 1083 1815 causa,
1118 1766 1184 1805 eo
1226 1751 1371 1820 quod
1399 1751 1680 1821 depositus
1708 1753 1780 1806 sit
1817 1769 1912 1822 per
1945 1755 2156 1810 divinos

2266 1774 2357 1819 σος
2406 1757 2557 1811 ἐστὶν
2609 1757 2637 1808 ό
2683 1755 2833 1823 λόγος
2881 1756 2981 1825 τῆς
3051 1755 3432 1820 ταπεινώσεως
3499 1757 3682 1826 ἡμῶν,
3738 1757 3840 1827 ήδη

583 1853 846 1896 canones.
881 1839 947 1895 Et
975 1842 1194 1909 quando
1241 1842 1612 1912 prohibebitur
1638 1857 1663 1896 a
1695 1858 1852 1898 sacro
1911 1846 2156 1902 ministe-

2261 1848 2508 1917 ἀψευδῶς
2559 1846 2899 1918 γνωρίζομεν
2945 1849 3014 1917 τῇ
3063 1847 3298 1918 μεγίστῃ
3347 1847 3624 1918 ὑπεροχῇ,
3675 1849 3755 1910 ὡς
3785 1851 3842 1901 ἐν

582 1932 693 1995 rio,
718 1934 858 1988 sicut
887 1942 1045 1988 antea
1082 1933 1172 1988 Dei
1207 1934 1566 2004 beneplacito,
1591 1943 1646 1988 et
1691 1936 2027 1990 sanctissimi
2060 1953 2156 2006 pa-

2260 1939 2536 2008 προσώπῳ
2563 1937 2769 2008 Κυρίου
2800 1936 2893 1990 τοῦ
2919 1937 3028 1989 τῶν
3056 1937 3270 2007 ἀδήλων
3297 1937 3541 2006 γνώστον
3568 1941 3670 1992 οὐκ
3693 1940 3842 1996 ἔστιν

585 2025 858 2092 triarchc,
883 2025 1207 2097 piorumque
1260 2026 1613 2082 dominorum
1676 2038 2032 2094 nostrorum;
2075 2030 2156 2083 ni-

2260 2030 2387 2099 ήμῖν
2423 2028 2478 2080 ἐν
2513 2047 2616 2081 τινι
2657 2028 2719 2080 τὸ
2753 2027 3097 2098 ἀμφιϐάλλον
3141 2028 3240 2099 τῆς
3276 2029 3414 2098 πρὸς
3446 2030 3539 2082 τὸν
3571 2031 3842 2100 ἀρχιερέα

583 2119 785 2173 mirum
817 2118 944 2188 quia
1001 2133 1322 2174 (nconomus
1382 2127 1485 2183 est,
1541 2129 1596 2174 et
1647 2121 1912 2175 honorem
1965 2123 2153 2191 gerit;

2260 2120 2565 2185 κοινωνίας,
2604 2120 2637 2189 ἢ
2673 2119 2762 2172 διά
2791 2119 2881 2171 τὸν
2910 2120 3216 2189 οἰκονόμον,
3253 2120 3394 2173 κατὰ
3423 2121 3483 2173 τὸ
3511 2121 3842 2191 καθῃρημέ-

582 2218 701 2265 tum
731 2211 982 2281 protinus
1011 2211 1174 2265 simul
1205 2211 1640 2267 sacriﬁcabimus
1686 2223 1740 2267 et
1784 2215 2156 2268 communica-

2260 2229 2344 2266 νον
2379 2212 2543 2266 αὑτὸν
2576 2206 2716 2264 εἰναι
2752 2211 2856 2265 ὑπὸ
2884 2213 2994 2265 τῶν
3026 2211 3188 2264 θείων
3217 2213 3484 2266 κανόνων.
3529 2213 3643 2266 Καὶ
3676 2214 3841 2283 ήνίκα

582 2302 789 2370 bimus,
839 2310 896 2358 ot
933 2318 1152 2358 manum
1189 2303 1554 2375 pot'rigemus,
1611 2305 1747 2358 nihil
1809 2305 2151 2374 inquirentes

2261 2303 2539 2373 ὑποσταλῇ
2594 2301 2692 2372 τῆς
2737 2303 3083 2374 ἱερουργίας,
3140 2303 3281 2358 κατά
3331 2304 3389 2357 τὸ
3438 2305 3710 2375 πρότερον
3754 2305 3843 2357 εύ-

581 2395 650 2450 de
681 2394 915 2450 triennio
973 2394 1098 2462 hoc,
1133 2411 1247 2465 quo
1296 2411 1418 2450 cum
1470 2411 1537 2450 eo
1566 2397 1740 2451 sacris
1767 2405 2022 2466 operatus
2049 2405 2152 2461 est,

2260 2395 2412 2466 δοκίᾳ
2447 2394 2612 2459 Θεοῦ,
2652 2394 2747 2447 τοῦ
2784 2411 2844 2446 τε
2896 2396 3203 2462 ἀγιωτάτου
3240 2397 3608 2466 πατριάρχου,
3639 2397 3754 2450 τῶν
3783 2414 3839 2449 τε

579 2486 736 2557 pacis
758 2487 980 2541 studio:
1016 2501 1193 2556 neque
1221 2486 1272 2540 id
1307 2496 1454 2542 metu
1487 2487 1693 2558 aliquo,
1719 2487 1812 2543 sed
1841 2491 2150 2542 communis

2260 2487 2500 2540 εὐσεϐῶν
2555 2487 2716 2556 ήμῶν
2762 2486 3072 2539 δεσποτῶν
3138 2487 3296 2556 δῆλον
3345 2490 3427 2542 ὅτι
3473 2489 3630 2552 ὄντος
3673 2489 3842 2541 αὑτοῦ

581 2575 835 2632 utilitatis
861 2589 917 2632 et
945 2576 1140 2633 salutis
1162 2576 1359 2647 gratia.

2260 2580 2568 2649 οἰκονόμου,
2607 2581 2702 2633 καὶ
2734 2579 2831 2650 τὴν
2858 2578 3022 2650 τιμὴν
3051 2577 3290 2648 ἔχοντος·
3327 2579 3491 2642 εὐθὺς
3519 2581 3844 2651 παραυτίκα

579 2669 676 2723 καὶ
730 2668 1294 2740 συλλειτουργοῦμεν,
1353 2669 1450 2721 καὶ
1498 2669 2004 2740 συγκοινωνοῦμεν,
2055 2670 2150 2722 καί
2188 2670 2687 2740 χειροτονούμεθα,
2757 2671 2923 2742 μηδὲν
3015 2669 3445 2740 ἐπιζητοῦντες,
3508 2673 3643 2740 περὶ
3735 2671 3838 2740 τῆς

578 2763 641 2817 ἐν
684 2761 797 2825 τοῖς
821 2761 969 2832 τρισὶ
998 2761 1210 2831 χρόνοις
1237 2759 1450 2824 τούτοις
1485 2759 1929 2830 συλλειτουργίας
1988 2760 2176 2826 αὑτοῦ,
2215 2762 2528 2832 οἰκονομίας
2586 2763 2775 2832 χάριν,
2809 2763 2868 2815 ού
2902 2762 2990 2815 διὰ
3047 2761 3241 2833 φόὸον,
3281 2761 3416 2815 ἀ).λά
3443 2761 3530 2814 διά
3559 2762 3620 2815 τὸ
3645 2779 3842 2818 κοινω-

580 2852 743 2923 φιλές
775 2853 873 2908 καὶ
903 2855 1193 2924 σωτήριον.

651 2943 986 3001 Silentenim
1012 2945 1208 3015 lingua
1236 2944 1542 3009 mendaces,
1567 2946 1827 2999 adversus
1855 2942 1948 2999 Dei
1971 2959 2155 3014 pacem

579 3038 820 3094 incitatas
856 3045 915 3091 ut
947 3037 1150 3103 dicant,
1196 3051 1320 3101 nos,
1353 3049 1642 3108 postquam
1705 3036 1947 3106 dejectus
1979 3051 2150 3092 sacer-

580 3131 735 3186 dotio
762 3129 922 3186 fuerit
946 3143 1288 3195 meonomus,
1340 3129 1745 3185 accusationem
1795 3142 2151 3198 aggressuros

581 3222 841 3278 antistitis
901 3221 1095 3285 nostri,
1144 3231 1204 3277 nt
1241 3223 1334 3293 qui
1382 3237 1506 3278 cum
1560 3220 1809 3291 deposito
1834 3220 1946 3289 jam
1987 3220 2157 3274 sacri.

583 3315 812 3380 licavit;
849 3312 1044 3368 deinde
1093 3312 1256 3366 etiam
1301 3313 1608 3368 decessoris
1665 3311 2001 3366 sanctissimi
2052 3327 2149 3380 pa-
2180 3350 2222 3410 ε

582 3404 835 3458 ιιιὶαεοιικ
865 3421 878 3455 :
912 3402 1052 3458 labis
1105 3401 1318 3467 dolosa,
1356 3418 1477 3471 quae
1511 3403 1627 3457 haec
1691 3402 2020 3472 loquuntur:
2057 3418 2146 3456 ea-

579 3496 991 3562 lumniatorum,
1044 3495 1462 3566 invidorumque
1511 3495 1794 3550 hominum
1846 3495 2145 3560 inventum,

577 3595 632 3642 et
681 3588 775 3657 qui
809 3586 992 3642 sanari
1055 3587 1230 3642 nolint
1283 3586 1546 3642 inllictum
1599 3587 1799 3642 vulnus
1869 3586 2145 3641 Ecclesiae.

578 3677 739 3734 Nullo
777 3679 940 3733 modo
969 3696 983 3733 :
1017 3677 1206 3734 absit!
1237 3688 1291 3733 et
1343 3678 1712 3748 patriarcham
1743 3678 1837 3747 qui
1871 3677 2151 3747 precessit

579 3783 946 3838 suscepimus,
1007 3776 1062 3823 et
1097 3768 1449 3838 suscipimus,
1510 3767 1740 3837 ideoque
1795 3768 1863 3822 ad
1914 3779 2146 3822 mortem

578 3877 755 3932 nsque
777 3877 899 3917 cum
929 3876 993 3916 eo
1015 3860 1544 3917 communicabimus
1569 3877 1584 3926 ;
1635 3871 1690 3915 et
1740 3861 2149 3916 sanctissimum

580 3956 674 4024 qui
714 3969 858 4009 nunc
881 3961 987 4016 est,
1020 3953 1386 4022 patriarcham
1415 3960 1470 4006 et
1506 3952 1870 4020 suscepimus,
1896 3963 1950 4006 et
1976 3953 2153 4008 susci-

579 4047 760 4117 pimus
790 4062 806 4099 :
839 4059 936 4115 pro
963 4059 1029 4098 eo
1059 4042 1222 4099 etiam
1267 4041 1546 4097 oﬂ'erimus
1590 4042 1852 4112 quotidie.
1889 4043 2154 4097 Arceatur

579 4140 811 4196 asacris
841 4152 1184 4201 teconomus,
1237 4135 1332 4206 qui
1390 4134 1698 4189 adulterum
1750 4135 2054 4201 coronavit,
2101 4145 2155 4190 et

581 4243 704 4295 nos,
743 4237 803 4284 ut
842 4236 1000 4283 antea
1048 4225 1312 4291 diximus,
1368 4239 1492 4280 cum
1547 4239 1615 4280 eo
1663 4225 2057 4288 sacriﬁcamus,
2107 4225 2155 4281 si

575 4321 730 4392 jubet
758 4320 812 4374 in
845 4317 1088 4374 Ecclesia
1122 4315 1414 4382 catholica,
1462 4315 1616 4386 juxta
1653 4317 1878 4386 gradum
1906 4325 2153 4371 nostrum

581 4411 984 4482 unusquisque.
1038 4408 1196 4477 Quod
1244 4409 1462 4481 quidem
1503 4409 1550 4464 si
1608 4407 1721 4474 llat,
1779 4410 2042 4479 gaudium
2100 4409 2154 4463 in

580 4505 720 4560 caelo
756 4502 942 4567 luerit,
965 4518 1068 4572 pas
1099 4502 1153 4557 in
1193 4501 1434 4557 Ecclesia
1467 4499 1586 4566 Dei,
1609 4515 1730 4571 qua:
1756 4502 1896 4572 apud
1929 4514 2030 4556 nos
2052 4509 2154 4555 est.

580 4596 829 4652 Tolletur
843 4595 1104 4662 schisma,
1127 4592 1417 4650 concordia
1439 4593 1617 4664 palam
1637 4591 1921 4659 enitescet,
1948 4592 2158 4647 archie-

2327 2943 2647 3012 Σιγάτωσαν
2674 2941 2783 3012 γὰρ
2815 2944 2868 2996 αί
2897 2942 3363 3013 ψευδοκατήγοροι
3391 2941 3654 3010 γλῶτται,
3698 2944 3842 2996 κατά

2252 3035 2350 3104 τῆς
2380 3035 2605 3104 εἰρήνης
2636 3024 2731 3084 τόῦ
2765 3032 2899 3085 Θεοῦ
2931 3031 3287 3104 κινούμεναι·
3329 3035 3431 3099 ὅτι,
3469 3033 3607 3086 ἐπάν
3639 3035 3837 3109 εἰρχθῇ

2252 3125 2350 3195 τῆς
2395 3122 2708 3194 ἰερουργίας
2757 3124 2785 3176 ό
2831 3124 3150 3192 οἰκονόμος,
3204 3124 3611 3194 ἐπιδραξόμεθα
3657 3129 3839 3190 αἰτίας

2252 3218 2599 3283 κατενεγκεῖν
2649 3216 2742 3268 τὸν
2788 3215 3058 3286 ἀρχιερέα
3090 3215 3245 3284 ήμῶν
3267 3258 3280 3280 ,
3321 3217 3398 3278 ὡς
3427 3216 3526 3288 ἤδη
3557 3219 3634 3288 τῷ
3698 3222 3838 3272 καθ-

2257 3305 2520 3378 ῃρημένῳ
2553 3304 3116 3374 συλλειτουργήσαντα
3136 3317 3150 3334 ·
3175 3303 3363 3356 ἔπειτα
3390 3305 3481 3356 τὸν
3507 3309 3836 3378 προηγησά-

2256 3413 2420 3466 μενον
2480 3395 2782 3464 ἀγιὼτατον
2841 3396 3228 3466 πατριάρχην·
3293 3395 3452 3464 χείλη
3511 3395 3704 3462 δόλια,
3769 3402 3836 3451 τὰ

2250 3485 2516 3540 λαλοῦντα
2535 3487 2604 3538 τὰ
2621 3485 2846 3538 τοιαῦτα
2861 3501 2874 3515 ·
2903 3485 3204 3556 ἀνθρώπων
3228 3487 3577 3552 συκοφαντῶν
3598 3491 3694 3541 καὶ
3718 3490 3837 3557 φθο-

2252 3579 2427 3648 νερῶν
2473 3577 2534 3630 τὸ
2581 3578 2795 3647 δράμω
2843 3576 2937 3628 καὶ
2973 3578 3047 3648 μὴ
3077 3577 3339 3631 θελόντων
3373 3579 3453 3641 εἰς
3481 3579 3628 3631 ίασιν
3661 3581 3836 3633 ἐλθεῖν

2253 3669 2314 3721 τὸ
2365 3669 2675 3739 προσπεσὸν
2722 3668 2942 3738 ὄφλημα
2991 3671 3057 3739 τῇ
3114 3670 3432 3740 Ἐκκλησία.
3499 3670 3832 3740 Μηδαμῶς.

2258 3763 2333 3834 μή
2363 3762 2599 3831 γένοιτοί
2637 3761 2730 3814 καὶ
2760 3761 2848 3813 τὸν
2879 3763 3225 3832 πατριάρχην
3254 3763 3345 3816 τὸν
3371 3764 3834 3833 προηγησάμενον

2256 3858 2349 3910 καὶ
2391 3855 2691 3926 ἐδεξάμεθα
2738 3854 2836 3907 καὶ
2877 3853 3179 3924 δεχόμεθα,
3219 3855 3304 3908 διὸ
3336 3857 3430 3909 καὶ
3463 3857 3568 3920 ἐως
3599 3857 3833 3911 θανάτου

2257 3946 2724 4016 συνκοινωνοῦμεν
2753 3945 2902 4015 αὐτῷ
2923 3961 2936 3973 ·
2974 3945 3068 3997 καὶ
3097 3947 3188 3998 τὸν
3217 3945 3312 4001 νῦν
3339 3946 3647 4014 ἁγιώτατον
3699 3950 3834 4022 ἀρχ-

2259 4038 2411 4109 ιερέα
2445 4038 2540 4092 καὶ
2572 4035 2874 4106 ἐδεξάμεθα
2906 4037 3000 4090 καί⁸
3028 4036 3298 4106 δεχόμεθα
3322 4055 3336 4069 ’
3373 4037 3467 4090 ἐπὶ
3511 4038 3688 4109 τούτῳ
3729 4043 3834 4113 γὰρ

2257 4132 2353 4186 καὶ
2383 4130 2732 4200 ἀναφέρομεν
2761 4128 2880 4182 καθ’
2908 4130 3171 4199 ἐκάστην.
3212 4129 3270 4182 '0
3299 4130 3586 4199 οἰκονόμος
3612 4132 3833 4203 εἱρχθή-

2257 4239 2336 4276 τω
2383 4223 2480 4292 τῆς
2525 4224 2840 4294 ἱερουργίας
2873 4221 2902 4275 ό
2936 4220 3026 4274 τὸν
3056 4219 3248 4290 μοιχὸν
3281 4222 3639 4288 στεφανώσας
3661 4239 3675 4254 ο
3719 4226 3830 4290 καὶ,

2257 4314 2334 4378 ὡς
2376 4313 2903 4385 προδεδηλώκαμεν,
2963 4311 3491 4384 συλλειτουργοῦμεν
3541 4313 3731 4383 αύτῷ,
3788 4318 3832 4370 εἰ

2259 4407 2507 4471 κελεύει,
2564 4407 2657 4460 ἐπὶ
2703 4407 2802 4476 τῆς
2848 4405 3142 4476 καθολικῆς
3176 4405 3546 4475 Ἐκκλησίας,
3602 4405 3832 4470 ἕκαστος

2259 4498 2403 4554 κατὰ
2430 4497 2531 4570 τὴν
2555 4498 2761 4551 οἰκείαν
2789 4496 2946 4568 ήμῶν
2976 4497 3153 4561 τάξιν.
3184 4498 3295 4550 Καὶ
3321 4499 3370 4550 εί
3396 4497 3556 4550 τοῦτο
3582 4500 3830 4566 γένηται,

2260 4592 2404 4662 χαρά
2431 4598 2488 4645 ἐν
2512 4591 2790 4662 ούρανοτςο
2825 4591 3018 4661 εἰρήνη
3048 4590 3107 4642 ἐν
3135 4591 3201 4660 τῇ
3232 4587 3832 4659 καθ’ήμάςἘκκλησία

580 4691 841 4762 piscopus
875 4698 1061 4746 noster
1103 4690 1354 4745 laudibus
1393 4689 1684 4744 ornabitur
1723 4706 1738 4744 :
1786 4687 1923 4744 adeo
1975 4698 2033 4742 ut
2085 4686 2152 4742 ad

2260 4675 2350 4736 τοῦ
2376 4681 2512 4736 Θεοῦ
2529 4698 2542 4714 ο
2574 4682 2635 4736 τδ
2661 4681 2865 4754 σχίσμα
2891 4683 3188 4751 ὑποχωρεῖο
3219 4682 3251 4751 ή
3275 4681 3500 4749 ὁμόνοια
3524 4681 3831 4750 ἀναλάμψει

583 4792 832 4854 posteros
883 4792 1129 4839 transeat
1186 4781 1307 4854 ejus
1370 4783 1706 4838 encomium.
1771 4781 2150 4838 Pctentissimi

2260 4773 2514 4845 τρανῶς,
2570 4775 2599 4827 ό
2644 4773 2940 4844 ἀρχιερεὺς
2987 4772 3142 4844 ήμῶν
3194 4773 3680 4841 στεφανωθήσεται
3725 4774 3831 4834 τοῖς

583 4875 940 4946 imperatores
969 4873 1142 4930 nostri
1169 4888 1278 4928 una
1317 4887 1442 4930 cum
1499 4873 1757 4942 pretiosis
1807 4871 1996 4927 infulis
2036 4871 2152 4926 suis

2260 4867 2526 4932 ἐπαίνοις,
2554 4867 2652 4920 καὶ
2677 4866 2930 4920 τοσοῦτον
2956 4865 3032 4929 ὼς
3056 4865 3366 4935 διαδοθῆναι
3391 4863 3558 4917 αὐτοῦ
3583 4867 3644 4916 τὸ
3669 4864 3831 4931 ἐγκώο

582 4967 824 5037 angelica
862 4965 1028 5021 etiam
1054 4965 1214 5022 laude
1246 4965 1676 5021 coronabuntur.
1725 4963 2034 5018 Sacerdotes
2070 4964 2154 5016 in-

2262 4977 2383 5030 μιον
2432 4962 2537 5024 ἐως
2585 4962 2800 5028 γενεᾶς.
2843 4960 2906 5012 Ol
2947 4958 3228 5030 κράτιστοι
3265 4956 3420 5028 ήμῶν
3455 4956 3703 5027 βασιλεῖς
3738 4957 3828 5011 σὺν

581 5057 743 5113 dust
751 5058 1050 5128 justitiam,
1078 5057 1360 5128 multoque
1377 5058 1552 5127 magis
1571 5057 1740 5111 sancti
1763 5056 2150 5126 (monasticum

2260 5053 2369 5114 τοῖς
2398 5051 2789 5120 πολυτιμήτοις
2812 5049 2990 5102 αὐτῶν
3016 5049 3310 5118 διαδήμασι
3340 5047 3828 5118 καταστεφανωθήο

583 5149 830 5205 ordinem
866 5146 1082 5219 loquor)
1131 5165 1250 5202 cum
1303 5149 1659 5203 exsultatione
1709 5147 2151 5202 exsultabant".

2261 5158 2443 5196 σονται
2473 5145 2538 5214 τῇ
2569 5143 2837 5214 ἀγγελικῇ
2867 5141 3114 5212 εὐφημία
3135 5157 3148 5172 ο
3185 5142 3240 5194 οι
3269 5139 3443 5208 ἱερεῖς
3471 5140 3827 5195 ἐνδύσονται

586 5241 853 5298 Dominus
882 5241 1234 5311 nosterquod
1277 5250 1330 5294 et
1361 5241 1523 5311 quale
1575 5240 1824 5295 bravium
1874 5240 2104 5309 accipiet
2137 5241 2156 5292 ’ἰ

2260 5233 2649 5302 δικαιοσύνην
2685 5252 2698 5265 ·
2730 5235 2808 5288 ἔτι
2848 5233 3069 5304 μᾶλλον,
3103 5235 3156 5286 οἰ
3187 5231 3374 5295 ὅσιοι,
3421 5231 3485 5284 τὸ
3521 5233 3826 5302 μοναδικὸν,

585 5332 718 5403 quid
742 5333 927 5388 dicere
959 5333 1220 5402 oportet?
1267 5342 1321 5388 et
1346 5333 1476 5404 quid
1507 5347 1616 5387 non
1659 5331 1836 5402 majus
1862 5333 1996 5386 ﬁet?
2026 5331 2156 5402 quid

2260 5329 2422 5397 λέγω,
2438 5329 2652 5399 τάγμα,
2675 5325 3032 5396 ἀγαλλιάσει
3048 5323 3542 5395 ἀγαλλιάσυνται.
3564 5325 3622 5377 'U
3655 5324 3829 5376 δεσπό-

588 5423 812 5494 iucundi
845 5437 953 5478 non
979 5424 1245 5479 accedet?
1286 5422 1541 5478 Dicamus
1572 5431 1626 5478 et
1657 5424 1792 5479 hoc:
1836 5437 2156 5479 oeconomus

2260 5432 2353 5492 της
2379 5420 2540 5491 ήμῶν
2572 5417 2685 5476 οἷον
2719 5421 2813 5474 καὶ
2841 5419 3030 5489 ἡλίκον
3058 5417 3206 5487 λήψῃ
3240 5416 3300 5470 τὸ
3342 5415 3602 5487 βραϐεῖον
3625 5457 3641 5482 ,
3680 5417 3729 5468 τί
3758 5416 3830 5467 δεῖ

583 5516 704 5590 ipse
733 5515 1120 5583 celebrabitur,
1143 5524 1198 5571 et
1226 5514 1480 5571 laudibus
1499 5514 1772 5570 ederetur:
1798 5529 2156 5587 magnamque

2260 5513 2480 5582 λέγειν;
2541 5513 2634 5566 καὶ
2684 5511 2738 5564 τί
2789 5510 2990 5582 μᾶλλον
3040 5509 3100 5562 οὑ
3132 5508 3458 5576 γενήσεται;
3514 5506 3564 5559 τί
3599 5507 3824 5577 τερπνὸν

588 5609 692 5665 hoc
733 5615 893 5678 pacto
925 5605 1360 5663 misericordiam
1389 5617 1756 5679 consequetur
1793 5616 1908 5662 tum
1947 5606 2001 5662 in
2035 5606 2156 5670 hoc,

2260 5605 2358 5660 οὐκ
2385 5605 2805 5677 εἰσαχθήσεταις
2845 5604 3103 5672 Είπωμεν
3131 5598 3226 5654 καὶ
3251 5597 3431 5663 τοῦτο,
3452 5600 3535 5653 ὅτι
3561 5601 3660 5654 καὶ
3679 5599 3828 5661 αὐτὸς

661 5791 707 5822 "
741 5786 886 5846 Psal.
921 5803 1111 5849 cun.
1153 5788 1231 5843 l6.
