4008 6318
157 379 299 443 1017

1395 384 1930 447 EPISTOLABUM
1963 387 2111 447 LIB.
2151 388 2199 446 Ι.

3285 381 3419 447 1018

148 495 179 547 ὸ
209 493 515 563 οίκονόμος
566 493 1016 565 εὐφημηθήσεται
1050 494 1144 547 καὶ
1173 490 1597 565 δοξασθήσεται,
1649 497 1742 551 καὶ

1845 503 1958 551 tum
1988 498 2043 552 in
2082 496 2271 554 futuro
2306 495 2528 554 saeculo.
2570 495 2637 554 Et
2664 511 2766 554 nos
2794 503 3110 568 peccatores
3129 493 3415 559 substrati,

149 585 576 655 κληρονομήσει
626 582 712 636 διά
750 583 908 637 τοῦτο
944 585 1084 656 μέγα
1112 584 1258 647 ἕλεος
1279 627 1293 650 ,
1332 585 1427 638 καὶ
1460 585 1518 636 εν
1544 585 1624 656 τῷ
1649 585 1745 638 νῦν

147 677 322 728 αίῶνι
345 715 360 739 ,
405 677 503 728 καὶ
534 678 593 728 ὲν
621 676 698 745 τῷ
725 675 992 745 μέλλοντι.
1040 675 1228 746 Ἡμεῖς
1252 692 1312 728 τε
1343 675 1393 728 οί
1424 677 1743 748 ἁμαρτωλοὶ

145 767 412 839 ἐσόμεθα
466 767 897 831 ὑποπίπτοντες,
961 768 1058 820 καὶ
1117 767 1581 838 προσκυνοῦντες,
1646 768 1742 822 καὶ

144 858 800 930 ὑπςρευχαριστοῦντες,
853 858 1001 930 ἔργῳ
1033 861 1128 912 καὶ
1161 859 1304 928 λόγῳ
1351 859 1418 912 τά
1446 859 1632 913 δέοντα
1664 859 1742 924 ῶς

143 945 416 1014 ἀρχιερεῖ
471 945 613 1016 ὑπὲρ
661 946 843 1000 πάντα
877 945 1165 1017 ἄνθρωπον
1189 986 1204 1010 ,
1257 946 1401 1000 κατὰ
1429 947 1492 1000 τὸ
1527 947 1741 1016 ὀφειλό-

146 1051 356 1104 μενον,
418 1035 886 1106 συνεισφέροντες.
948 1037 1092 1106 Πρὸς
1126 1037 1184 1090 δὲ
1217 1037 1484 1092 πίστωσιν
1519 1037 1626 1092 τῶν
1654 1035 1735 1100 s1-

146 1126 424 1197 ρημένων
445 1165 463 1194 ,
521 1126 822 1198 ποιούμεθα
866 1127 960 1181 τὸν
990 1128 1148 1197 λόγον
1178 1128 1455 1201 ἔγγραφον
1486 1130 1574 1185 διὰ
1600 1131 1736 1202 πλά-

140 1233 275 1280 τους
302 1233 319 1249 ο
383 1218 472 1272 ὅτι
526 1219 664 1290 μετὰ
704 1218 803 1291 τὴν
838 1217 1043 1272 παῦσιν
1078 1219 1183 1290 τῆς
1215 1221 1562 1292 ἱερουργίας,
1595 1223 1737 1278 κατὰ

141 1307 206 1361 τὸ
232 1308 546 1380 πρότερον,
582 1309 678 1362 ἰὰν
712 1308 787 1380 μὴ
815 1309 978 1371 εὐθὺς
1006 1309 1338 1383 εἰσέλθωμεν
1362 1314 1458 1368 καὶ
1480 1315 1740 1385 κοινωνή-

143 1416 361 1469 σωμεν,
399 1401 480 1463 ὡς
503 1401 920 1472 προγέγραπται
948 1420 961 1432 ·
989 1402 1129 1456 εστω
1155 1404 1188 1475 ἡ
1210 1403 1390 1474 ψῆφος
1423 1406 1546 1459 καθ’
1570 1407 1736 1476 ὑμᾶς,

1842 599 1897 644 et
1918 591 2230 655 adorantes,
2264 600 2318 646 et
2375 591 2578 662 gratias
2616 598 2859 661 agentes,
2885 603 3010 660 qua
3034 588 3302 644 debentur
3326 603 3416 641 ar-

1842 682 2191 752 chiepiscOpo
2223 697 2279 736 re
2307 691 2361 736 et
2388 681 2555 736 verbo
2578 696 2690 751 prae
2710 681 2968 736 omnibus
2993 680 3332 741 hominibus.
3361 686 3419 732 ut

1842 773 2125 837 debemus,
2152 772 2480 828 deferemus.
2515 771 2598 826 Ad
2631 771 2826 825 horum
2877 779 3061 825 autem
3111 769 3413 824 faciendam

1841 861 2029 926 iidem,
2059 861 2484 916 declarationem
2516 860 2784 931 prolixam
2833 861 3038 930 scripto
3069 852 3356 914 olferimus
3392 873 3408 922 ;

1839 959 1900 1006 ut
1935 952 2062 1018 nisi,
2085 960 2370 1022 postquam
2402 967 2433 1006 a
2466 950 2738 1007 sacrificio
2757 951 3008 1016 cessarit,
3069 951 3209 1006 sicut
3228 960 3411 1015 antea,

1838 1045 2127 1100 confestim
2173 1043 2501 1100 accedamus
2538 1052 2592 1098 et
2618 1043 3111 1108 communicemus,
3152 1040 3229 1094 uti
3273 1040 3412 1095 scri-

1840 1143 1992 1206 ptum
2026 1144 2144 1202 est;
2189 1136 2260 1190 sit
2289 1137 2344 1190 in
2367 1147 2546 1191 vestra
2570 1151 2730 1190 manu
2764 1134 3058 1198 sententia,
3083 1134 3128 1187 si
3147 1133 3276 1204 quid
3299 1132 3416 1185 vul—

1838 1227 1946 1293 tis;
1986 1234 2042 1281 et
2075 1225 2234 1282 nobis
2271 1225 2418 1298 loqui
2477 1227 2714 1297 amplius
2760 1241 2870 1280 non
2908 1225 3070 1280 liceat
3093 1225 3161 1280 de
3181 1228 3286 1278 hoc
3315 1237 3414 1276 ne-

1841 1317 2008 1389 gotio.
2037 1317 2103 1373 Et
2133 1333 2260 1374 ecce
2289 1333 2398 1372 non
2421 1318 2668 1389 angelus,
2690 1333 2799 1372 non
2831 1322 3016 1382 homo,
3034 1316 3127 1370 sed
3153 1314 3416 1369 Dominus

1842 1408 1981 1478 ipse,
2009 1408 2102 1479 qui
2137 1420 2191 1465 te
2229 1423 2325 1478 per
2356 1422 2458 1463 nos
2504 1407 2671 1463 trahit
2703 1417 2757 1463 et
2780 1406 3026 1476 impellit,
3056 1415 3112 1459 et
3144 1406 3414 1458 hortatur.

142 1491 192 1542 εί
226 1506 282 1543 τι
320 1490 589 1560 βούλεσθε
614 1506 627 1521 ·
683 1491 780 1553 καὶ
831 1491 907 1564 μὴ
948 1491 1072 1557 ἐξὸν
1105 1492 1187 1546 ἔτι
1251 1495 1430 1554 λαλεῖν
1495 1496 1646 1566 ἡμᾶς
1677 1496 1808 1567 περὶ
1838 1497 1942 1567 τῆς
1990 1499 2323 1561 ὑποθέσεως.
2384 1497 2498 1552 Καὶ
2543 1497 2690 1562 ῑδοὺ,
2741 1497 2844 1551 οὐκ
2883 1496 3147 1565 ἄγγελος,
3186 1493 3288 1547 οὐκ
3319 1493 3412 1545 ἁν-

141 1583 394 1653 θρωπος,
439 1582 558 1636 ἀλλ’
583 1582 746 1647 αὐτὸς
777 1585 807 1638 ό
830 1585 1034 1657 Κύριος
1066 1586 1095 1638 δ
1122 1585 1191 1639 δι⁹
1217 1585 1372 1656 ήμῶν
1400 1586 1595 1655 ἕλκων,
1631 1588 1726 1642 καὶ
1766 1589 2022 1644 συνωθῶν
2053 1594 2149 1644 καὶ
2179 1590 2515 1661 παρακαλῶν
2544 1606 2629 1644 σε.

443 1713 569 1767 AF'.
607 1741 666 1757 --
701 1713 911 1770 Λέοντι
949 1713 1119 1782 πάπςι
1165 1714 1412 1786 Ῥώμης.
1447 1715 1595 1790 [opt]

2165 1719 2408 1777 XXXIII.
2435 1752 2507 1764 —
2535 1720 2700 1776 Leoni
2719 1737 2868 1793 papa:
2897 1719 3094 1776 Romae.

1010 1827 1194 1879 Leonis
1217 1828 1284 1880 III
1306 1844 1444 1894 papae
1467 1844 1612 1894 opem
1631 1833 1875 1895 implorat.
1905 1835 2105 1896 (Baron.
2128 1849 2242 1886 ann.
2264 1835 2374 1895 809,
2397 1848 2449 1898 ιι,
2482 1833 2582 1895 II.)

146 1949 235 2016 Τῷ
279 1949 593 2019 ἁγιωτάτῳ
625 1951 723 2005 καί
779 1952 1228 2020 κορυφαιοτάτῳ
1264 1955 1444 2023 Harp!
1471 1955 1743 2025 Πατέρων

1842 1955 2192 2013 Sunctissimo
2225 1970 2276 2014 et
2298 1976 2502 2014 summa
2539 1959 2695 2014 Patri
2722 1959 2948 2014 Patrum
2990 1957 3154 2012 Leoni
3195 1958 3409 2013 domino

212 2041 436 2096 Λέοντι
473 2039 555 2106 τῷ
605 2041 872 2111 δεσπότῃ
922 2059 1040 2111 μου
1097 2043 1484 2111 ἁποστολικῷ
1532 2044 1728 2116 nixu,

216 2131 528 2201 Θεὸὂωρος
563 2131 890 2201 ἐλάχιστος
911 2134 1315 2203 πρεσϐύτερος
1339 2135 1437 2188 καί
1471 2136 1730 2206 ἡγούμε-

210 2241 322 2290 νος
353 2223 480 2278 τῶν
509 2222 822 2279 Στουδιου.

224 2317 572 2387 Ἐπειδήπερ
618 2316 810 2386 Πέτρῳ
837 2313 914 2386 τῷ
951 2315 1178 2386 μεγάλῳ
1203 2315 1402 2371 δέδωκε
1435 2317 1669 2386 Χριστὸς
1699 2318 1728 2371 ό

141 2409 274 2473 Θεὸς
310 2409 458 2480 μετὰ
490 2411 590 2470 τὶς
644 2409 795 2471 κλεῖς
827 2407 928 2477 τῆς
965 2408 1244 2478 βασιλείας
1282 2409 1390 2463 τῶν
1440 2409 1722 2482 οὐρανῶν,

143 2505 236 2557 καὶ
266 2503 329 2555 τὸ
369 2503 476 2574 τῆς
508 2501 899 2573 ποιμνιαρχίας
923 2501 1170 2574 άξίωμαυ
1208 2504 1346 2574 πρὸς
1377 2505 1585 2574 Πέτρον
1605 2506 1726 2576 ἦτοι

141 2593 232 2646 τὸν
269 2595 446 2648 αὑτοῦ
502 2595 766 2662 διάδοχον,
817 2594 994 2649 ὁτιοῦν
1041 2595 1538 2666 καινοτομούμενον
1565 2600 1622 2650 ὲν
1653 2600 1721 2670 τῇ

144 2687 408 2759 καθολικῇ
465 2687 764 2759 Ἐκκλησία
794 2691 946 2759 παρὰ
975 2690 1082 2742 τῶν
1102 2689 1600 2760 ἀποσφαλλομένων
1625 2689 1725 2761 τῆς

143 2780 430 2850 ἀληθείας,
462 2780 759 2848 ἀναγκαῖον
787 2781 1183 2855 ἀναφέρεσθαι.
1220 2779 1394 2834 Τοῦτο
1430 2781 1722 2851 τοιγαροῦν

144 2872 519 2943 δεδιδαγμένοι
550 2873 646 2926 καὶ
670 2873 830 2945 ἡμεῖς
855 2874 906 2927 oi
934 2875 1182 2928 ταπεινοὶ
1218 2872 1313 2927 καὶ
1341 2873 1633 2942 ἐλάχιστοι,
1658 2874 1722 2926 ὲκ

145 2966 248 3018 τῶν
271 2964 544 3019 ἀνέκαθεν
564 2965 735 3034 ἁγίων
766 2965 1026 3036 Πατέρων
1083 2965 1243 3036 ἡμῶν
1265 2982 1280 2997 ο
1313 2965 1434 3018 ἐπεὶ
1466 2964 1718 3035 ὑπήρχθη

147 3073 226 3118 τις
251 3059 349 3111 καὶ
381 3057 481 3111 νῦν
511 3058 834 3128 καινοτομία
863 3060 920 3112 ὲν
939 3061 1007 3130 τῇ
1041 3058 1165 3111 καθ’
1186 3059 1338 3127 ἡμᾶς
1381 3055 1680 3128 Ἐκκλησία
1702 3075 1717 3090 ο

147 3150 241 3202 καὶ
277 3150 549 3219 πρότερον
574 3151 674 3220 μὲν
692 3150 782 3203 διὰ
810 3149 979 3220 μέσου
1004 3149 1097 3203 τοῦ
1127 3147 1527 3202 εὐλαϐεστάτου
1560 3151 1720 3219 ἀρχι-

153 3240 468 3308 μανδρίτου,
500 3243 668 3312 ἦγουν
695 3241 789 3295 τοῦ
818 3240 1054 3312 ἀδελφοῦ
1103 3241 1198 3294 καὶ
1233 3241 1521 3294 συνδούλου
1561 3241 1717 3310 ἡμῶν

1901 2067 2015 2106 meo
2049 2067 2202 2121 papa:
2222 2053 2530 2123 apostolico,
2554 2051 2852 2108 Theodorus
2875 2052 3125 2106 minimus
3146 2051 3414 2122 presbyter

1905 2150 1954 2195 et
1975 2144 2291 2213 praporitus
2316 2143 2632 2200 Studicmis.

1897 2317 2346 2389 Quandoquidem
2374 2319 2536 2375 Petro
2563 2335 2758 2391 magno
2813 2319 3067 2377 Christus
3111 2321 3256 2377 Deus
3287 2331 3410 2392 post

1824 2408 2006 2465 claves
2036 2411 2188 2482 regni
2218 2411 2504 2478 caelorum,
2542 2412 2829 2482 pastoralis
2859 2413 3026 2468 etiam
3066 2413 3409 2484 principatus

1823 2502 2056 2557 contulit
2118 2503 2463 2574 dignitatem,
2520 2504 2589 2558 ad
2637 2503 2858 2560 Petrum
2902 2505 3112 2574 utique,
3153 2505 3241 2560 vel
3287 2506 3408 2576 ejus

1823 2609 2222 2660 successorem,
2276 2595 2541 2666 quidquid
2597 2596 2653 2650 in
2700 2596 2942 2652 Ecclesia
3004 2597 3270 2651 catholica
3308 2612 3408 2667 per

1821 2701 1919 2745 eos
1946 2688 2240 2744 innovatur
2275 2690 2366 2758 qui
2407 2689 2665 2743 aberrant
2691 2703 2722 2743 a
2763 2690 3015 2754 veritate,
3062 2703 3290 2744 necesse
3322 2700 3406 2744 cst

1821 2779 2038 2836 referri.
2095 2780 2250 2846 Quod
2298 2794 2398 2834 nos
2464 2794 2682 2850 quoque
2733 2779 2968 2835 humiles
3016 2789 3073 2836 et
3120 2781 3332 2836 minimi
3369 2795 3404 2836 a

1817 2871 2026 2926 sanctis
2054 2871 2184 2925 olim
2223 2870 2473 2926 Patribus
2517 2870 2721 2927 nostris
2761 2870 2963 2935 edocti,
3023 2879 3309 2941 postquam
3344 2873 3401 2926 in

1821 2959 2062 3017 Ecclesia
2099 2972 2280 3017 nostra
2307 2961 2520 3018 novitas
2544 2963 2790 3032 quaedam
2835 2977 3012 3032 nuper
3055 2971 3242 3017 exorta
3287 2974 3397 3028 est,

1820 3064 1876 3110 et
1901 3054 2054 3125 prius
2080 3056 2297 3126 quidem
2336 3071 2433 3126 per
2479 3054 2942 3125 religiosissimum
2981 3055 3391 3110 archimandri-

1819 3155 1950 3214 tam,
1984 3147 2206 3203 fratrem
2240 3157 2296 3203 et
2325 3162 2651 3203 conservum
2706 3154 2952 3201 nostrum
2985 3145 3350 3216 Epiphanium
3382 3187 3399 3210 ,

1820 3249 1876 3294 et
1906 3256 2052 3294 nunc
2085 3256 2181 3310 per
2215 3241 2488 3310 simplices
2525 3240 2731 3296 litteras
2756 3249 2966 3293 nostras
3018 3239 3086 3292 ad
3119 3253 3396 3307 supremae

160 3331 483 3400 Ἐπιφανίου
503 3347 517 3361 ⁸
557 3335 653 3386 καὶ
690 3333 786 3387 νῦν
810 3333 897 3386 διὰ
927 3332 1022 3386 τοῦ
1051 3332 1305 3395 εὐτελοῦς
1337 3333 1496 3402 ημῶν
1534 3349 1719 3403 γραμο

1829 3331 2176 3386 beatitudinis
2199 3343 2304 3386 tua:
2323 3331 2577 3401 angelum
2612 3331 2677 3385 de
2699 3345 2761 3384 ea
2793 3329 2996 3384 referre
3027 3344 3128 3384 nos
3164 3329 3388 3396 debere,

155 3424 343 3491 ματίου
376 3426 730 3498 ὀφειλόμενον
762 3424 1089 3496 ἡγησάμεθα
1117 3425 1195 3496 τῷ
1239 3423 1459 3494 ἀγγέλῳ
1485 3424 1586 3492 τῆς
1633 3439 1726 3476 κο-

152 3517 380 3584 ρυφαίας
407 3536 505 3572 σου
527 3517 930 3589 μακαριότητος
952 3516 1157 3588 ταύτην
1175 3517 1512 3584 ἀνενεγκεῖν.
1529 3514 1724 3582 Γέγονε

150 3608 349 3674 τοίνυν,
390 3604 436 3663 ὧ
463 3610 714 3679 θειοτάτη
739 3607 845 3660 τῶν
875 3607 1012 3660 ὅλων
1057 3607 1314 3676 κεφαλῶν
1343 3605 1577 3676 κεφαλὴ,
1619 3623 1723 3659 κα-

152 3698 216 3748 τὰ
251 3699 342 3750 τὸν
365 3701 654 3770 προφήτην
687 3697 977 3767 Ἰερεμίαν,
1001 3696 1217 3759 σύνοδος
1247 3698 1322 3759 ὡς
1354 3696 1573 3767 άληθῶς
1595 3696 1722 3750 ἀθε-

151 3788 418 3854 τούντων,
485 3789 580 3842 καὶ⁵
621 3787 896 3857 συνέδριον
951 3789 1327 3857 μοιχωμένων.
1375 3787 1556 3857 Ὅπερ
1610 3787 1722 3858 γὰρ

155 3881 328 3934 ἐκεῖσε
373 3882 463 3935 διὰ
513 3880 614 3952 τῆς
647 3879 936 3950 ειδωλικῆς
986 3880 1402 3952 ἑκπορνεύσεως
1433 3880 1718 3944 λέλεκται,

153 3973 310 4030 τοῦτο
339 3975 576 4029 ἐνταῦθα
607 3975 696 4028 διὰ
709 3974 807 4044 τῆς
840 3971 1298 4043 μοιχοζευκτικῆς
1331 3972 1721 4045 ἐπικυρώσεως

155 4063 437 4122 δέδεικται.
487 4067 818 4138 ’Λμφότεροι
867 4065 979 4133 γὰρ
1023 4065 1115 4117 τὸν
1144 4065 1310 4118 αὑτὸν
1341 4065 1549 4137 Κύριον
1593 4066 1720 4136 ὴθεο

153 4159 400 4226 τήκασιν,
428 4162 478 4215 οί
511 4159 611 4231 μὲν
639 4157 726 4212 διὰ
749 4155 845 4226 τῆς
870 4158 1099 4229 νομικῆς
1119 4197 1133 4222 ,
1165 4159 1217 4210 οἱ
1245 4158 1301 4210 δὲ
1329 4157 1419 4211 διὰ
1437 4157 1536 4228 τῆς
1556 4159 1720 4225 εὐαγ-

155 4248 365 4322 γελικῆς
391 4252 778 4325 παραϐάσεως.
815 4250 923 4302 Καί
964 4266 1027 4317 γε
1062 4251 1122 4302 οὑ
1158 4249 1317 4320 μέχρι
1346 4250 1535 4302 τούτου
1562 4250 1720 4320 ἔστη-

157 4354 274 4402 σαν,
291 4342 742 4414 παρασυναγωγὴ
769 4341 857 4393 διὰ
875 4342 1147 4413 προτέρας
1174 4341 1563 4406 συνελεύσεως,
1578 4345 1635 4394 ὲν
1650 4345 1716 4413 τῇ

157 4430 245 4482 τοῦ
281 4435 670 4505 μοιχοζεύκτου
703 4432 982 4504 παραδοχῇ
1013 4436 1104 4486 καὶ
1139 4433 1543 4505 συνιερουργία,
1579 4434 1720 4488 κατὰ

157 4519 240 4572 τὸν
280 4523 422 4578 θεῖον
475 4525 781 4592 Βασίλειον,
836 4524 1311 4594 χρηματίσαντεςο
1364 4524 1482 4579 ἀλλ’
1542 4524 1619 4589 ῶς
1651 4524 1718 4578 ἂν

160 4608 364 4677 ἑαυτοῖς
399 4615 666 4686 αἱρέσεως
683 4613 896 4676 τελείας
922 4613 1093 4683 ὄνομα
1130 4615 1618 4685 περιποιήσωνται,
1647 4613 1716 4667 δι’

1749 4657 1794 4712 D

1822 3423 2068 3476 arbitrati
2109 3438 2318 3478 sumus.
2360 3422 2559 3477 Factus
2608 3429 2710 3486 est,
2760 3435 2793 3476 o
2831 3421 3233 3476 divinissimum
3274 3437 3397 3475 om-

1822 3513 1976 3566 nium
1998 3513 2236 3582 capitum
2274 3523 2439 3583 caput
2463 3513 2617 3582 juxta
2649 3511 2941 3566 Jeremiam
2981 3513 3303 3581 prophetam
3327 3515 3395 3579 ⁸⁸⁸,

1822 3615 1997 3660 cretus
2030 3620 2219 3660 revera
2247 3605 2750 3674 praevaricatorum.
2782 3611 2837 3656 et
2865 3601 3156 3656 concilium
3181 3603 3398 3655 adulte-

1824 3697 2080 3751 rantium.
2117 3697 2274 3763 Quod
2307 3696 2453 3749 enim
2518 3695 2591 3749 ibi
2640 3703 2862 3765 propter
2901 3693 3167 3748 idolorum
3227 3691 3401 3747 forni-

1823 3791 2092 3844 cationem
2121 3790 2324 3843 dictum
2385 3795 2490 3851 est,
2559 3786 2648 3840 hic
2696 3801 2794 3854 per
2842 3784 3160 3840 adulterina:
3188 3784 3398 3854 copulze

1822 3881 2290 3935 confirmationem
2319 3877 2649 3950 patefactum
2679 3884 2782 3931 est.
2824 3876 3050 3946 Utrique
3065 3876 3211 3931 enim
3237 3891 3396 3930 eum-

1821 3969 1948 4024 dem
2003 3970 2295 4024 Dominum
2344 3975 2688 4039 spreverunt,
2731 3966 2808 4021 illi
2845 3982 2943 4038 per
2989 3967 3144 4037 legis,
3201 3968 3257 4022 bi
3297 3982 3398 4038 per

1799 4045 2099 4132 'Evangelii
2133 4059 2644 4132 transgressionem.
2675 4055 2787 4112 Nec
2811 4073 2938 4112 vero
2971 4059 3104 4112 satis
3142 4056 3247 4111 illis
3269 4057 3394 4124 fuit,

1821 4155 1963 4223 quod
1993 4169 2090 4224 per
2126 4154 2362 4223 priorem
2390 4160 2741 4214 conventum,
2782 4150 2837 4203 in
2854 4150 2974 4220 ejus
3010 4150 3105 4220 qui
3143 4153 3393 4205 moechos

1820 4247 2101 4317 copularat
2137 4245 2463 4314 receptione,
2493 4257 2883 4312 sacrorumque
2916 4258 3041 4296 cum
3059 4257 3124 4296 eo
3143 4257 3394 4296 commu-

1819 4343 2004 4404 nione,
2039 4337 2455 4410 Parasynagogi,
2481 4346 2540 4392 ut
2564 4337 2787 4391 divinus
2815 4336 3055 4405 loquitur
3079 4334 3305 4389 Basilius
3321 4336 3391 4400 ”,

1820 4434 1947 4489 facti
1979 4441 2151 4487 sunt:
2193 4431 2290 4486 sed
2323 4440 2382 4484 ut
2430 4429 2658 4484 liceresis
2715 4428 2980 4483 absoluta:
3015 4441 3216 4480 nomen
3272 4427 3393 4482 adi-

1820 4527 2178 4598 piscerentur,
2211 4524 2265 4577 in
2294 4523 2463 4576 altera
2492 4521 2708 4593 publica
2733 4519 2942 4592 synodo
2969 4533 3065 4573 eos
3101 4517 3192 4587 qui
3225 4533 3394 4588 pravo

1824 4616 2065 4688 ipsorum
2123 4613 2296 4669 errori
2336 4629 2446 4668 non
2489 4613 2855 4678 adhaeserant,
2910 4620 3008 4665 aut
3078 4610 3394 4664 universam

158 4697 340 4771 ἑτέρας
376 4705 596 4760 συνόδου
654 4703 956 4775 δημοσίας,
1015 4706 1141 4769 τοὺς
1196 4703 1272 4775 μὴ
1302 4707 1370 4775 τῇ
1411 4705 1716 4775 παρανόμῳ

1829 4709 2004 4779 potius
2042 4707 2338 4763 Ecclesiam
2370 4705 2719 4768 catholicam,
2757 4702 3091 4758 anathemati
3141 4702 3396 4766 subiece-

161 4791 328 4856 αὑτῶν
350 4796 642 4868 κακοδοξίᾳ
695 4794 1222 4862 συγκαταθεμένους,
1259 4795 1462 4864 μᾶλλον
1506 4796 1560 4848 δὲ
1585 4796 1715 4866 ὅλην

161 4877 252 4946 τὴν
279 4883 571 4958 καθολικὴν
645 4885 994 4956 Ἐκκλησίαν,
1048 4887 1475 4956 ἁναθεματισμῷ
1523 4887 1719 4941 ὑποϐε-

163 4969 412 5042 6λήκασιο
443 4980 571 5041 τοὺς
604 4979 708 5049 ήδη
746 4977 1058 5047 φθάσαντας
1084 4979 1175 5030 ἐπὶ
1204 4979 1498 5049 προσώπου
1514 4980 1717 5044 αὐτῶν,

162 5059 250 5125 οὓς
281 5067 377 5134 μὲν
408 5070 892 5141 ἐξοστρακίσαντες
941 5069 1129 5141 πόρρω
1164 5089 1267 5124 που
1287 5089 1304 5103 ο
1338 5070 1429 5133 οὓς
1455 5071 1512 5124 δὲ
1545 5074 1718 5141 φυλα-

164 5157 278 5217 καῖε
309 5163 652 5232 κατέχοντες.
679 5164 931 5232 Διωγμὸν
971 5163 1113 5215 κατὰ
1143 5164 1201 5215 τὸ
1232 5163 1466 5232 σύνηθες
1492 5164 1600 5216 τῶν
1627 5167 1718 5216 ὲν-

166 5243 329 5299 ταῦθα
362 5253 520 5305 πάλιν
555 5254 1066 5321 καινουργήσαντες.
1104 5254 1214 5306 Καὶ
1236 5256 1295 5304 τὸ
1314 5253 1592 5324 δικαίωμα
1621 5256 1721 5306 αὐ-

1822 4808 1985 4855 runt:
2019 4808 2074 4853 et
2119 4807 2388 4868 quotquot
2422 4798 2686 4852 hactenus
2720 4795 2775 4849 in
2829 4803 3181 4865 conspectum
3228 4809 3396 4848 vene-

1823 4901 1971 4956 runt,
2013 4891 2209 4959 partim
2261 4889 2531 4959 loginquis
2575 4887 2783 4942 exsiliis
2843 4886 3161 4950 multantes,
3193 4886 3396 4955 partim

1823 4982 2136 5038 carceribus
2172 4981 2537 5044 includentes,
2560 4979 2847 5049 pristinam
2885 4978 3086 5032 usitato
3121 4978 3211 5032 hic
3244 4993 3395 5032 more

1826 5073 2264 5145 persecutionem
2341 5079 2693 5126 renovarunt.
2735 5071 2813 5124 Ac
2866 5069 3059 5124 nefarii
3128 5071 3398 5129 sermonis

1822 5165 2074 5236 praesidio
2121 5180 2178 5218 se
2204 5165 2357 5233 ipsos
2399 5162 2721 5217 defendunt.
2763 5160 3068 5216 Adulterini
3127 5161 3394 5228 siquidem

1818 5257 2060 5328 conjugii
2095 5256 2557 5326 coniunctionem,
2579 5254 3038 5324 dispensationem
3064 5267 3183 5306 csse
3201 5257 3396 5308 decer-

165 5335 288 5401 τοῖς.
311 5337 465 5408 λόγου
495 5342 733 5412 πονηροῦ
766 5343 1116 5414 κραταίωμα.
1150 5343 1474 5412 Οἰκονομίαν
1508 5340 1600 5397 οῦν
1623 5343 1722 5415 τὴν

1829 5356 1993 5400 nunt:
2027 5345 2080 5399 in
2131 5345 2352 5416 regibus
2410 5342 2622 5398 divinas
2668 5342 2815 5412 leges
2872 5342 3006 5395 nihil
3049 5357 3209 5411 posse
3256 5343 3395 5397 deli-

170 5421 550 5506 ζιυξιμοιχείαν
570 5435 989 5506 δογματίζουσιν
1009 5453 1022 5468 ·
1062 5436 1156 5490 ἐπὶ
1178 5437 1285 5489 τῶν
1308 5435 1578 5506 βασιλέων
1595 5437 1721 5502 τοὺς

1829 5438 2015 5492 niunt:
2050 5451 2146 5490 eos
2172 5435 2263 5505 qui
2287 5450 2384 5506 pro
2413 5433 2642 5488 veritate
2666 5449 2730 5488 ac
2754 5433 2963 5504 iustitia
2978 5447 3148 5502 usque
3168 5432 3234 5486 ad
3256 5449 3398 5487 san-

169 5512 333 5585 θείους
370 5529 568 5597 νόμους
619 5527 696 5598 μὴ
744 5531 967 5598 κρατεῖν
1010 5528 1365 5599 διορίζονται³
1405 5528 1529 5590 τοὺς
1580 5529 1721 5601 ὑπὲρ

171 5604 411 5682 ἀληθείας
451 5621 546 5675 καὶ
598 5620 812 5675 δικαίου
865 5620 1062 5692 μέχρις
1119 5620 1351 5692 αἵματος
1400 5621 1718 5691 ἐνστάντας,

241 5788 278 5817 ’⁸
303 5790 495 5852 lerem.
523 5814 595 5862 lx,
621 5796 677 5851 9..
753 5797 796 5830 ⁹⁹
833 5795 999 5865 Epist.
1029 5797 1098 5850 ad
1120 5796 1443 5867 Amphiloch.
1479 5811 1598 5851 can.
1640 5799 1683 5851 1.

1828 5527 2048 5598 guinem
2081 5527 2423 5590 restiterunt,
2459 5533 2515 5579 ut
2541 5525 2941 5580 Praecursorem
2973 5533 3032 5579 et
3074 5523 3398 5594 Chrysosto-

1830 5635 2000 5686 mum,
2049 5618 2246 5674 imitari
2290 5627 2518 5673 vetant:
2567 5617 2884 5689 episcopum
2954 5632 3398 5688 unumquemque
