  <div class='ocr_page' id='page_1' title='image "/cluster/home/n/w/nwhite01/storage/ocr_20150623/99/pst.000005714063/561.png"; bbox 0 0 4008 6318; ppageno 0'>
   <div class='ocr_carea' id='block_1_1' title="bbox 603 345 740 411">
    <p class='ocr_par' dir='ltr' id='par_1_1' title="bbox 603 345 740 411">
     <span class='ocr_line' id='line_1_1' title="bbox 603 345 740 411; baseline 0 -1"><span class='ocrx_word' id='word_1_1' title='bbox 603 345 740 411; x_wconf 84' lang='grc'><strong>1019</strong></span> 
     </span>
    </p>
   </div>
   <div class='ocr_carea' id='block_1_2' title="bbox 1859 335 2747 403">
    <p class='ocr_par' dir='ltr' id='par_1_2' title="bbox 1859 335 2747 403">
     <span class='ocr_line' id='line_1_2' title="bbox 1859 335 2747 403; baseline 0.001 -2"><span class='ocrx_word' id='word_1_2' title='bbox 1859 343 1917 402; x_wconf 93' lang='lat' dir='ltr'><strong>S.</strong></span> <span class='ocrx_word' id='word_1_3' title='bbox 1972 335 2364 402; x_wconf 85' lang='lat' dir='ltr'><strong>THEODORI</strong></span> <span class='ocrx_word' id='word_1_4' title='bbox 2404 341 2747 403; x_wconf 80' lang='lat' dir='ltr'><strong>STUDlT/E</strong></span> 
     </span>
    </p>
   </div>
   <div class='ocr_carea' id='block_1_3' title="bbox 3722 339 3867 405">
    <p class='ocr_par' dir='ltr' id='par_1_3' title="bbox 3722 339 3867 405">
     <span class='ocr_line' id='line_1_3' title="bbox 3722 339 3867 405; baseline 0.021 -3"><span class='ocrx_word' id='word_1_5' title='bbox 3722 339 3867 405; x_wconf 68' lang='lat'><strong>1020</strong></span> 
     </span>
    </p>
   </div>
   <div class='ocr_carea' id='block_1_4' title="bbox 598 448 2174 536">
    <p class='ocr_par' dir='ltr' id='par_1_4' title="bbox 598 456 2165 529">
     <span class='ocr_line' id='line_1_4' title="bbox 598 456 2165 529; baseline -0.005 -17"><span class='ocrx_word' id='word_1_6' title='bbox 598 458 656 513; x_wconf 91' lang='lat' dir='ltr'><strong>in</strong></span> <span class='ocrx_word' id='word_1_7' title='bbox 691 470 875 511; x_wconf 92' lang='lat' dir='ltr'><strong>sacros</strong></span> <span class='ocrx_word' id='word_1_8' title='bbox 915 469 1173 519; x_wconf 88' lang='lat' dir='ltr'><strong>canones,</strong></span> <span class='ocrx_word' id='word_1_9' title='bbox 1213 465 1414 526; x_wconf 90' lang='lat' dir='ltr'><strong>prater</strong></span> <span class='ocrx_word' id='word_1_10' title='bbox 1471 472 1535 513; x_wconf 92' lang='lat' dir='ltr'><strong>ea</strong></span> <span class='ocrx_word' id='word_1_11' title='bbox 1569 474 1689 529; x_wconf 88' lang='lat' dir='ltr'><strong>qua</strong></span> <span class='ocrx_word' id='word_1_12' title='bbox 1722 459 1777 513; x_wconf 89' lang='lat' dir='ltr'><strong>in</strong></span> <span class='ocrx_word' id='word_1_13' title='bbox 1833 456 1938 513; x_wconf 85' lang='lat' dir='ltr'><strong>illis</strong></span> <span class='ocrx_word' id='word_1_14' title='bbox 1964 461 2165 511; x_wconf 81' lang='lat' dir='ltr'><strong>statuta</strong></span> 
     </span>
    </p>
   </div>
   <div class='ocr_carea' id='block_1_5' title="bbox 2278 448 3866 536">
    <p class='ocr_par' dir='ltr' id='par_1_5' title="bbox 2278 448 3866 536">
     <span class='ocr_line' id='line_1_5' title="bbox 2278 448 3866 536; baseline 0.001 -35"><span class='ocrx_word' id='word_1_15' title='bbox 2278 448 2456 522; x_wconf 70' lang='grc' dir='ltr'>ὥσπερ</span> <span class='ocrx_word' id='word_1_16' title='bbox 2481 450 2573 536; x_wconf 67' lang='grc' dir='ltr'>τὸν</span> <span class='ocrx_word' id='word_1_17' title='bbox 2606 450 2922 521; x_wconf 87' lang='grc' dir='ltr'>Πρόδρομον</span> <span class='ocrx_word' id='word_1_18' title='bbox 2968 453 3063 504; x_wconf 76' lang='grc' dir='ltr'>καὶ</span> <span class='ocrx_word' id='word_1_19' title='bbox 3091 450 3503 522; x_wconf 84' lang='grc' dir='ltr'>Χρυσόστομον,</span> <span class='ocrx_word' id='word_1_20' title='bbox 3555 451 3866 520; x_wconf 77' lang='grc' dir='ltr'>μιμεῖσθαι</span> 
     </span>
    </p>
   </div>
   <div class='ocr_carea' id='block_1_6' title="bbox 594 550 1725 622">
    <p class='ocr_par' dir='ltr' id='par_1_6' title="bbox 594 550 1725 622">
     <span class='ocr_line' id='line_1_6' title="bbox 594 550 1725 622; baseline 0 -16"><span class='ocrx_word' id='word_1_21' title='bbox 594 552 727 616; x_wconf 86' lang='lat' dir='ltr'><strong>sint,</strong></span> <span class='ocrx_word' id='word_1_22' title='bbox 759 557 1083 620; x_wconf 86' lang='lat' dir='ltr'><strong>potestatem</strong></span> <span class='ocrx_word' id='word_1_23' title='bbox 1114 550 1318 606; x_wconf 84' lang='lat' dir='ltr'><strong>habere</strong></span> <span class='ocrx_word' id='word_1_24' title='bbox 1350 552 1725 622; x_wconf 89' lang='lat' dir='ltr'><strong>pronuntiant.</strong></span> 
     </span>
    </p>
   </div>
   <div class='ocr_carea' id='block_1_7' title="bbox 670 812 2170 884">
    <p class='ocr_par' dir='ltr' id='par_1_7' title="bbox 670 812 2170 884">
     <span class='ocr_line' id='line_1_7' title="bbox 670 812 2170 884; baseline 0.001 -15"><span class='ocrx_word' id='word_1_25' title='bbox 670 815 849 883; x_wconf 86' lang='lat' dir='ltr'><strong>Quare</strong></span> <span class='ocrx_word' id='word_1_26' title='bbox 894 815 941 870; x_wconf 89' lang='lat' dir='ltr'><strong>si</strong></span> <span class='ocrx_word' id='word_1_27' title='bbox 991 829 1151 884; x_wconf 82' lang='lat' dir='ltr'><strong>quem</strong></span> <span class='ocrx_word' id='word_1_28' title='bbox 1187 813 1329 869; x_wconf 79' lang='lat' dir='ltr'><strong>forte</strong></span> <span class='ocrx_word' id='word_1_29' title='bbox 1375 814 1544 869; x_wconf 89' lang='lat' dir='ltr'><strong>sacris</strong></span> <span class='ocrx_word' id='word_1_30' title='bbox 1574 813 1849 868; x_wconf 90' lang='lat' dir='ltr'><strong>initiatum</strong></span> <span class='ocrx_word' id='word_1_31' title='bbox 1890 812 2170 884; x_wconf 74' lang='lat' dir='ltr'><strong>conlingat</strong></span> 
     </span>
    </p>
   </div>
   <div class='ocr_carea' id='block_1_8' title="bbox 604 905 2170 975">
    <p class='ocr_par' dir='ltr' id='par_1_8' title="bbox 604 905 2170 975">
     <span class='ocr_line' id='line_1_8' title="bbox 604 905 2170 975; baseline -0.001 -13"><span class='ocrx_word' id='word_1_32' title='bbox 604 908 743 962; x_wconf 90' lang='lat' dir='ltr'><strong>clam</strong></span> <span class='ocrx_word' id='word_1_33' title='bbox 776 905 1020 975; x_wconf 77' lang='lat' dir='ltr'><strong>palamve</strong></span> <span class='ocrx_word' id='word_1_34' title='bbox 1048 920 1344 972; x_wconf 87' lang='lat' dir='ltr'><strong>canonum,</strong></span> <span class='ocrx_word' id='word_1_35' title='bbox 1394 920 1492 975; x_wconf 91' lang='lat' dir='ltr'><strong>per</strong></span> <span class='ocrx_word' id='word_1_36' title='bbox 1541 921 1678 975; x_wconf 89' lang='lat' dir='ltr'><strong>quos</strong></span> <span class='ocrx_word' id='word_1_37' title='bbox 1714 906 1984 975; x_wconf 90' lang='lat' dir='ltr'><strong>depositio</strong></span> <span class='ocrx_word' id='word_1_38' title='bbox 2033 906 2170 961; x_wconf 88' lang='lat' dir='ltr'><strong>irro—</strong></span> 
     </span>
    </p>
   </div>
   <div class='ocr_carea' id='block_1_9' title="bbox 599 998 2172 1069">
    <p class='ocr_par' dir='ltr' id='par_1_9' title="bbox 599 998 2172 1069">
     <span class='ocr_line' id='line_1_9' title="bbox 599 998 2172 1069; baseline 0.001 -17"><span class='ocrx_word' id='word_1_39' title='bbox 599 1008 776 1069; x_wconf 86' lang='lat' dir='ltr'><strong>galur,</strong></span> <span class='ocrx_word' id='word_1_40' title='bbox 821 1012 972 1052; x_wconf 89' lang='lat' dir='ltr'><strong>reum</strong></span> <span class='ocrx_word' id='word_1_41' title='bbox 1025 998 1235 1065; x_wconf 89' lang='lat' dir='ltr'><strong>teneri;</strong></span> <span class='ocrx_word' id='word_1_42' title='bbox 1279 1000 1427 1053; x_wconf 91' lang='lat' dir='ltr'><strong>hunc</strong></span> <span class='ocrx_word' id='word_1_43' title='bbox 1484 1000 1597 1054; x_wconf 89' lang='lat' dir='ltr'><strong>sola</strong></span> <span class='ocrx_word' id='word_1_44' title='bbox 1653 1000 1883 1054; x_wconf 86' lang='lat' dir='ltr'><strong>volentis</strong></span> <span class='ocrx_word' id='word_1_45' title='bbox 1933 1000 2172 1055; x_wconf 85' lang='lat' dir='ltr'><strong>auctori-</strong></span> 
     </span>
    </p>
   </div>
   <div class='ocr_carea' id='block_1_10' title="bbox 601 1087 2169 1157">
    <p class='ocr_par' dir='ltr' id='par_1_10' title="bbox 601 1087 2169 1157">
     <span class='ocr_line' id='line_1_10' title="bbox 601 1087 2169 1157; baseline 0 -14"><span class='ocrx_word' id='word_1_46' title='bbox 601 1098 729 1152; x_wconf 88' lang='lat' dir='ltr'><strong>tate,</strong></span> <span class='ocrx_word' id='word_1_47' title='bbox 769 1087 1121 1157; x_wconf 78' lang='lat' dir='ltr'><strong>depositionis</strong></span> <span class='ocrx_word' id='word_1_48' title='bbox 1156 1096 1429 1143; x_wconf 76' lang='lat' dir='ltr'><strong>exsortem</strong></span> <span class='ocrx_word' id='word_1_49' title='bbox 1464 1104 1708 1143; x_wconf 82' lang='lat' dir='ltr'><strong>manere.</strong></span> <span class='ocrx_word' id='word_1_50' title='bbox 1756 1090 2001 1154; x_wconf 87' lang='lat' dir='ltr'><strong>Quorum</strong></span> <span class='ocrx_word' id='word_1_51' title='bbox 2050 1104 2169 1143; x_wconf 92' lang='lat' dir='ltr'><strong>om-</strong></span> 
     </span>
    </p>
   </div>
   <div class='ocr_carea' id='block_1_11' title="bbox 600 1180 2169 1249">
    <p class='ocr_par' dir='ltr' id='par_1_11' title="bbox 600 1180 2169 1249">
     <span class='ocr_line' id='line_1_11' title="bbox 600 1180 2169 1249; baseline 0.001 -17"><span class='ocrx_word' id='word_1_52' title='bbox 600 1181 752 1233; x_wconf 88' lang='lat' dir='ltr'><strong>nium</strong></span> <span class='ocrx_word' id='word_1_53' title='bbox 777 1180 934 1234; x_wconf 87' lang='lat' dir='ltr'><strong>testis</strong></span> <span class='ocrx_word' id='word_1_54' title='bbox 964 1180 1135 1246; x_wconf 90' lang='lat' dir='ltr'><strong>estis,</strong></span> <span class='ocrx_word' id='word_1_55' title='bbox 1189 1180 1281 1249; x_wconf 90' lang='lat' dir='ltr'><strong>qui</strong></span> <span class='ocrx_word' id='word_1_56' title='bbox 1322 1180 1487 1236; x_wconf 85' lang='lat' dir='ltr'><strong>variis</strong></span> <span class='ocrx_word' id='word_1_57' title='bbox 1528 1180 1831 1235; x_wconf 90' lang='lat' dir='ltr'><strong>canonibus</strong></span> <span class='ocrx_word' id='word_1_58' title='bbox 1882 1196 2007 1236; x_wconf 90' lang='lat' dir='ltr'><strong>cum</strong></span> <span class='ocrx_word' id='word_1_59' title='bbox 2048 1180 2169 1235; x_wconf 86' lang='lat' dir='ltr'><strong>aliis</strong></span> 
     </span>
    </p>
   </div>
   <div class='ocr_carea' id='block_1_12' title="bbox 601 1270 2167 1340">
    <p class='ocr_par' dir='ltr' id='par_1_12' title="bbox 601 1270 2167 1340">
     <span class='ocr_line' id='line_1_12' title="bbox 601 1270 2167 1340; baseline 0.003 -18"><span class='ocrx_word' id='word_1_60' title='bbox 601 1270 895 1325; x_wconf 73' lang='lat' dir='ltr'><strong>obstrictus</strong></span> <span class='ocrx_word' id='word_1_61' title='bbox 950 1280 1191 1333; x_wconf 87' lang='lat' dir='ltr'><strong>tenetur,</strong></span> <span class='ocrx_word' id='word_1_62' title='bbox 1253 1271 1486 1325; x_wconf 86' lang='lat' dir='ltr'><strong>adulteri</strong></span> <span class='ocrx_word' id='word_1_63' title='bbox 1544 1271 1845 1340; x_wconf 90' lang='lat' dir='ltr'><strong>copulator,</strong></span> <span class='ocrx_word' id='word_1_64' title='bbox 1897 1287 2005 1325; x_wconf 92' lang='lat' dir='ltr'><strong>una</strong></span> <span class='ocrx_word' id='word_1_65' title='bbox 2042 1286 2167 1326; x_wconf 89' lang='lat' dir='ltr'><strong>cum</strong></span> 
     </span>
    </p>
   </div>
   <div class='ocr_carea' id='block_1_13' title="bbox 603 1363 2173 1435">
    <p class='ocr_par' dir='ltr' id='par_1_13' title="bbox 603 1363 2173 1435">
     <span class='ocr_line' id='line_1_13' title="bbox 603 1363 2173 1435; baseline 0.003 -20"><span class='ocrx_word' id='word_1_66' title='bbox 603 1363 736 1431; x_wconf 90' lang='lat' dir='ltr'><strong>ipsis</strong></span> <span class='ocrx_word' id='word_1_67' title='bbox 764 1364 980 1432; x_wconf 90' lang='lat' dir='ltr'><strong>publice</strong></span> <span class='ocrx_word' id='word_1_68' title='bbox 1011 1364 1344 1419; x_wconf 88' lang='lat' dir='ltr'><strong>ministrans.</strong></span> <span class='ocrx_word' id='word_1_69' title='bbox 1380 1364 1569 1420; x_wconf 85' lang='lat' dir='ltr'><strong>Testes</strong></span> <span class='ocrx_word' id='word_1_70' title='bbox 1595 1366 1630 1419; x_wconf 91' lang='lat' dir='ltr'><strong>ii</strong></span> <span class='ocrx_word' id='word_1_71' title='bbox 1675 1366 1788 1435; x_wconf 86' lang='lat' dir='ltr'><strong>qui,</strong></span> <span class='ocrx_word' id='word_1_72' title='bbox 1810 1365 1940 1420; x_wconf 92' lang='lat' dir='ltr'><strong>dum</strong></span> <span class='ocrx_word' id='word_1_73' title='bbox 1972 1365 2173 1434; x_wconf 87' lang='lat' dir='ltr'><strong>iniqui-</strong></span> 
     </span>
    </p>
   </div>
   <div class='ocr_carea' id='block_1_14' title="bbox 605 1457 2170 1528">
    <p class='ocr_par' dir='ltr' id='par_1_14' title="bbox 605 1457 2170 1528">
     <span class='ocr_line' id='line_1_14' title="bbox 605 1457 2170 1528; baseline 0.004 -21"><span class='ocrx_word' id='word_1_74' title='bbox 605 1462 744 1509; x_wconf 83' lang='lat' dir='ltr'><strong>tates</strong></span> <span class='ocrx_word' id='word_1_75' title='bbox 778 1464 1033 1525; x_wconf 88' lang='lat' dir='ltr'><strong>tanquam</strong></span> <span class='ocrx_word' id='word_1_76' title='bbox 1077 1457 1513 1527; x_wconf 86' lang='lat' dir='ltr'><strong>dispensationes</strong></span> <span class='ocrx_word' id='word_1_77' title='bbox 1563 1458 1770 1512; x_wconf 75' lang='lat' dir='ltr'><strong>faciunt</strong></span> <span class='ocrx_word' id='word_1_78' title='bbox 1804 1476 1819 1525; x_wconf 90' lang='lat'><strong>;</strong></span> <span class='ocrx_word' id='word_1_79' title='bbox 1858 1458 1913 1512; x_wconf 92' lang='lat' dir='ltr'><strong>in</strong></span> <span class='ocrx_word' id='word_1_80' title='bbox 1950 1473 2017 1513; x_wconf 88' lang='lat' dir='ltr'><strong>eo</strong></span> <span class='ocrx_word' id='word_1_81' title='bbox 2051 1460 2170 1528; x_wconf 90' lang='lat' dir='ltr'><strong>ipso</strong></span> 
     </span>
    </p>
   </div>
   <div class='ocr_carea' id='block_1_15' title="bbox 606 1546 2169 1619">
    <p class='ocr_par' dir='ltr' id='par_1_15' title="bbox 606 1546 2169 1619">
     <span class='ocr_line' id='line_1_15' title="bbox 606 1546 2169 1619; baseline 0.003 -21"><span class='ocrx_word' id='word_1_82' title='bbox 606 1555 720 1599; x_wconf 89' lang='lat' dir='ltr'><strong>tum</strong></span> <span class='ocrx_word' id='word_1_83' title='bbox 750 1546 901 1611; x_wconf 89' lang='lat' dir='ltr'><strong>alios,</strong></span> <span class='ocrx_word' id='word_1_84' title='bbox 938 1557 1048 1601; x_wconf 89' lang='lat' dir='ltr'><strong>tum</strong></span> <span class='ocrx_word' id='word_1_85' title='bbox 1090 1563 1147 1602; x_wconf 90' lang='lat' dir='ltr'><strong>se</strong></span> <span class='ocrx_word' id='word_1_86' title='bbox 1172 1548 1319 1618; x_wconf 91' lang='lat' dir='ltr'><strong>ipsos</strong></span> <span class='ocrx_word' id='word_1_87' title='bbox 1359 1558 1576 1603; x_wconf 89' lang='lat' dir='ltr'><strong>sanctos</strong></span> <span class='ocrx_word' id='word_1_88' title='bbox 1607 1559 1823 1614; x_wconf 87' lang='lat' dir='ltr'><strong>vocant,</strong></span> <span class='ocrx_word' id='word_1_89' title='bbox 1859 1557 1913 1605; x_wconf 83' lang='lat' dir='ltr'><strong>et</strong></span> <span class='ocrx_word' id='word_1_90' title='bbox 1944 1565 2040 1605; x_wconf 91' lang='lat' dir='ltr'><strong>eos</strong></span> <span class='ocrx_word' id='word_1_91' title='bbox 2076 1550 2169 1619; x_wconf 86' lang='lat' dir='ltr'><strong>qui</strong></span> 
     </span>
    </p>
   </div>
   <div class='ocr_carea' id='block_1_16' title="bbox 606 1638 2172 1703">
    <p class='ocr_par' dir='ltr' id='par_1_16' title="bbox 606 1638 2172 1703">
     <span class='ocr_line' id='line_1_16' title="bbox 606 1638 2172 1703; baseline 0.004 -12"><span class='ocrx_word' id='word_1_92' title='bbox 606 1638 726 1693; x_wconf 90' lang='lat' dir='ltr'><strong>illas</strong></span> <span class='ocrx_word' id='word_1_93' title='bbox 770 1654 877 1692; x_wconf 90' lang='lat' dir='ltr'><strong>non</strong></span> <span class='ocrx_word' id='word_1_94' title='bbox 915 1640 1230 1703; x_wconf 85' lang='lat' dir='ltr'><strong>admittunt,</strong></span> <span class='ocrx_word' id='word_1_95' title='bbox 1285 1641 1487 1696; x_wconf 88' lang='lat' dir='ltr'><strong>veluta</strong></span> <span class='ocrx_word' id='word_1_96' title='bbox 1525 1640 1635 1695; x_wconf 92' lang='lat' dir='ltr'><strong>Deo</strong></span> <span class='ocrx_word' id='word_1_97' title='bbox 1691 1642 1898 1696; x_wconf 88' lang='lat' dir='ltr'><strong>alienos</strong></span> <span class='ocrx_word' id='word_1_98' title='bbox 1944 1643 2172 1697; x_wconf 83' lang='lat' dir='ltr'><strong>anathe-</strong></span> 
     </span>
    </p>
   </div>
   <div class='ocr_carea' id='block_1_17' title="bbox 606 1730 2171 1805">
    <p class='ocr_par' dir='ltr' id='par_1_17' title="bbox 606 1730 2171 1805">
     <span class='ocr_line' id='line_1_17' title="bbox 606 1730 2171 1805; baseline 0.004 -23"><span class='ocrx_word' id='word_1_99' title='bbox 606 1737 752 1784; x_wconf 88' lang='lat' dir='ltr'><strong>mate</strong></span> <span class='ocrx_word' id='word_1_100' title='bbox 794 1730 1016 1788; x_wconf 83' lang='lat' dir='ltr'><strong>feriunt.</strong></span> <span class='ocrx_word' id='word_1_101' title='bbox 1060 1731 1239 1787; x_wconf 90' lang='lat' dir='ltr'><strong>Testis</strong></span> <span class='ocrx_word' id='word_1_102' title='bbox 1263 1733 1426 1786; x_wconf 86' lang='lat' dir='ltr'><strong>etiam</strong></span> <span class='ocrx_word' id='word_1_103' title='bbox 1456 1748 1576 1802; x_wconf 87' lang='lat' dir='ltr'><strong>qua</strong></span> <span class='ocrx_word' id='word_1_104' title='bbox 1626 1733 1714 1787; x_wconf 92' lang='lat' dir='ltr'><strong>hic</strong></span> <span class='ocrx_word' id='word_1_105' title='bbox 1734 1733 1946 1788; x_wconf 81' lang='lat' dir='ltr'><strong>exsistit</strong></span> <span class='ocrx_word' id='word_1_106' title='bbox 1983 1748 2171 1805; x_wconf 85' lang='lat' dir='ltr'><strong>perse—</strong></span> 
     </span>
    </p>
   </div>
   <div class='ocr_carea' id='block_1_18' title="bbox 604 1820 2170 1890">
    <p class='ocr_par' dir='ltr' id='par_1_18' title="bbox 604 1820 2170 1890">
     <span class='ocr_line' id='line_1_18' title="bbox 604 1820 2170 1890; baseline 0.003 -17"><span class='ocrx_word' id='word_1_107' title='bbox 604 1821 773 1875; x_wconf 87' lang='lat' dir='ltr'><strong>cutio.</strong></span> <span class='ocrx_word' id='word_1_108' title='bbox 802 1820 941 1887; x_wconf 86' lang='lat' dir='ltr'><strong>Quid</strong></span> <span class='ocrx_word' id='word_1_109' title='bbox 973 1821 1135 1890; x_wconf 80' lang='lat' dir='ltr'><strong>igitur</strong></span> <span class='ocrx_word' id='word_1_110' title='bbox 1167 1823 1233 1876; x_wconf 90' lang='lat' dir='ltr'><strong>ad</strong></span> <span class='ocrx_word' id='word_1_111' title='bbox 1266 1824 1400 1888; x_wconf 88' lang='lat' dir='ltr'><strong>hac,</strong></span> <span class='ocrx_word' id='word_1_112' title='bbox 1434 1824 1664 1888; x_wconf 85' lang='lat' dir='ltr'><strong>obeate,</strong></span> <span class='ocrx_word' id='word_1_113' title='bbox 1712 1825 2003 1879; x_wconf 90' lang='lat' dir='ltr'><strong>dicendum</strong></span> <span class='ocrx_word' id='word_1_114' title='bbox 2047 1824 2170 1880; x_wconf 83' lang='lat' dir='ltr'><strong>est?</strong></span> 
     </span>
    </p>
   </div>
   <div class='ocr_carea' id='block_1_19' title="bbox 604 1912 2169 1986">
    <p class='ocr_par' dir='ltr' id='par_1_19' title="bbox 604 1912 2169 1986">
     <span class='ocr_line' id='line_1_19' title="bbox 604 1912 2169 1986; baseline 0.003 -21"><span class='ocrx_word' id='word_1_115' title='bbox 604 1912 709 1966; x_wconf 86' lang='lat' dir='ltr'><strong>nisi</strong></span> <span class='ocrx_word' id='word_1_116' title='bbox 738 1913 1098 1982; x_wconf 87' lang='lat' dir='ltr'><strong>apostolicum</strong></span> <span class='ocrx_word' id='word_1_117' title='bbox 1134 1914 1264 1969; x_wconf 90' lang='lat' dir='ltr'><strong>illud</strong></span> <span class='ocrx_word' id='word_1_118' title='bbox 1292 1933 1305 1969; x_wconf 89' lang='lat'><strong>:</strong></span> <span class='ocrx_word' id='word_1_119' title='bbox 1345 1915 1499 1969; x_wconf 84' lang='lat' dir='ltr'><strong>Nunc</strong></span> <span class='ocrx_word' id='word_1_120' title='bbox 1527 1916 1834 1970; x_wconf 75' lang='lat' dir='ltr'><strong>Antichristi</strong></span> <span class='ocrx_word' id='word_1_121' title='bbox 1864 1917 2015 1970; x_wconf 84' lang='lat' dir='ltr'><strong>multi</strong></span> <span class='ocrx_word' id='word_1_122' title='bbox 2042 1918 2169 1986; x_wconf 79' lang='lat' dir='ltr'><strong>facti</strong></span> 
     </span>
    </p>
   </div>
   <div class='ocr_carea' id='block_1_20' title="bbox 602 2005 2170 2079">
    <p class='ocr_par' dir='ltr' id='par_1_20' title="bbox 602 2005 2170 2079">
     <span class='ocr_line' id='line_1_20' title="bbox 602 2005 2170 2079; baseline 0.005 -23"><span class='ocrx_word' id='word_1_123' title='bbox 602 2014 721 2056; x_wconf 71' lang='lat' dir='ltr'><strong>sunt</strong></span> <span class='ocrx_word' id='word_1_124' title='bbox 753 2006 807 2070; x_wconf 88' lang='grc'><strong>¹;</strong></span> <span class='ocrx_word' id='word_1_125' title='bbox 836 2006 881 2058; x_wconf 91' lang='lat' dir='ltr'><strong>si</strong></span> <span class='ocrx_word' id='word_1_126' title='bbox 909 2005 1107 2061; x_wconf 81' lang='lat' dir='ltr'><strong>divinis</strong></span> <span class='ocrx_word' id='word_1_127' title='bbox 1137 2008 1347 2079; x_wconf 79' lang='lat' dir='ltr'><strong>legibus</strong></span> <span class='ocrx_word' id='word_1_128' title='bbox 1384 2021 1438 2063; x_wconf 92' lang='lat' dir='ltr'><strong>et</strong></span> <span class='ocrx_word' id='word_1_129' title='bbox 1493 2009 1793 2064; x_wconf 90' lang='lat' dir='ltr'><strong>canonibus</strong></span> <span class='ocrx_word' id='word_1_130' title='bbox 1844 2025 2036 2064; x_wconf 85' lang='lat' dir='ltr'><strong>omnes</strong></span> <span class='ocrx_word' id='word_1_131' title='bbox 2069 2011 2170 2066; x_wconf 89' lang='lat' dir='ltr'><strong>ho—</strong></span> 
     </span>
    </p>
   </div>
   <div class='ocr_carea' id='block_1_21' title="bbox 604 2095 2170 2170">
    <p class='ocr_par' dir='ltr' id='par_1_21' title="bbox 604 2095 2170 2170">
     <span class='ocr_line' id='line_1_21' title="bbox 604 2095 2170 2170; baseline 0.004 -23"><span class='ocrx_word' id='word_1_132' title='bbox 604 2095 779 2148; x_wconf 87' lang='lat' dir='ltr'><strong>mines</strong></span> <span class='ocrx_word' id='word_1_133' title='bbox 805 2096 1005 2151; x_wconf 89' lang='lat' dir='ltr'><strong>subditi</strong></span> <span class='ocrx_word' id='word_1_134' title='bbox 1035 2112 1145 2151; x_wconf 91' lang='lat' dir='ltr'><strong>non</strong></span> <span class='ocrx_word' id='word_1_135' title='bbox 1192 2113 1404 2153; x_wconf 86' lang='lat' dir='ltr'><strong>sumus.</strong></span> <span class='ocrx_word' id='word_1_136' title='bbox 1442 2097 1537 2154; x_wconf 87' lang='lat' dir='ltr'><strong>His</strong></span> <span class='ocrx_word' id='word_1_137' title='bbox 1574 2114 1703 2170; x_wconf 89' lang='lat' dir='ltr'><strong>ergo</strong></span> <span class='ocrx_word' id='word_1_138' title='bbox 1748 2115 1777 2153; x_wconf 88' lang='lat' dir='ltr'><strong>a</strong></span> <span class='ocrx_word' id='word_1_139' title='bbox 1826 2100 2170 2169; x_wconf 87' lang='lat' dir='ltr'><strong>simplicitate</strong></span> 
     </span>
    </p>
   </div>
   <div class='ocr_carea' id='block_1_22' title="bbox 603 2188 2167 2261">
    <p class='ocr_par' dir='ltr' id='par_1_22' title="bbox 603 2188 2167 2261">
     <span class='ocr_line' id='line_1_22' title="bbox 603 2188 2167 2261; baseline 0.004 -23"><span class='ocrx_word' id='word_1_140' title='bbox 603 2197 788 2241; x_wconf 86' lang='lat' dir='ltr'><strong>nostra</strong></span> <span class='ocrx_word' id='word_1_141' title='bbox 823 2188 940 2242; x_wconf 92' lang='lat' dir='ltr'><strong>sine</strong></span> <span class='ocrx_word' id='word_1_142' title='bbox 971 2188 1096 2246; x_wconf 85' lang='lat' dir='ltr'><strong>fuco</strong></span> <span class='ocrx_word' id='word_1_143' title='bbox 1126 2191 1409 2259; x_wconf 82' lang='lat' dir='ltr'><strong>expositis,</strong></span> <span class='ocrx_word' id='word_1_144' title='bbox 1450 2207 1635 2247; x_wconf 91' lang='lat' dir='ltr'><strong>vocem</strong></span> <span class='ocrx_word' id='word_1_145' title='bbox 1682 2207 1827 2246; x_wconf 91' lang='lat' dir='ltr'><strong>nunc</strong></span> <span class='ocrx_word' id='word_1_146' title='bbox 1876 2192 2020 2245; x_wconf 85' lang='lat' dir='ltr'><strong>illam</strong></span> <span class='ocrx_word' id='word_1_147' title='bbox 2066 2208 2167 2261; x_wconf 90' lang='lat' dir='ltr'><strong>qua</strong></span> 
     </span>
    </p>
   </div>
   <div class='ocr_carea' id='block_1_23' title="bbox 604 2280 2169 2352">
    <p class='ocr_par' dir='ltr' id='par_1_23' title="bbox 604 2280 2169 2352">
     <span class='ocr_line' id='line_1_23' title="bbox 604 2280 2169 2352; baseline 0.003 -22"><span class='ocrx_word' id='word_1_148' title='bbox 604 2280 925 2348; x_wconf 84' lang='lat' dir='ltr'><strong>coryphaus</strong></span> <span class='ocrx_word' id='word_1_149' title='bbox 956 2296 1077 2335; x_wconf 90' lang='lat' dir='ltr'><strong>cum</strong></span> <span class='ocrx_word' id='word_1_150' title='bbox 1134 2282 1354 2352; x_wconf 91' lang='lat' dir='ltr'><strong>reliquis</strong></span> <span class='ocrx_word' id='word_1_151' title='bbox 1397 2280 1654 2351; x_wconf 85' lang='lat' dir='ltr'><strong>apostolis</strong></span> <span class='ocrx_word' id='word_1_152' title='bbox 1703 2282 1980 2336; x_wconf 87' lang='lat' dir='ltr'><strong>Christum</strong></span> <span class='ocrx_word' id='word_1_153' title='bbox 2023 2298 2169 2337; x_wconf 90' lang='lat' dir='ltr'><strong>com-</strong></span> 
     </span>
    </p>
   </div>
   <div class='ocr_carea' id='block_1_24' title="bbox 606 2371 2170 2443">
    <p class='ocr_par' dir='ltr' id='par_1_24' title="bbox 606 2371 2170 2443">
     <span class='ocr_line' id='line_1_24' title="bbox 606 2371 2170 2443; baseline 0.004 -21"><span class='ocrx_word' id='word_1_154' title='bbox 606 2371 838 2435; x_wconf 83' lang='lat' dir='ltr'><strong>pellavit,</strong></span> <span class='ocrx_word' id='word_1_155' title='bbox 890 2388 1011 2425; x_wconf 87' lang='lat' dir='ltr'><strong>cum</strong></span> <span class='ocrx_word' id='word_1_156' title='bbox 1070 2373 1232 2426; x_wconf 90' lang='lat' dir='ltr'><strong>maris</strong></span> <span class='ocrx_word' id='word_1_157' title='bbox 1298 2372 1492 2428; x_wconf 81' lang='lat' dir='ltr'><strong>ﬂuctus</strong></span> <span class='ocrx_word' id='word_1_158' title='bbox 1556 2374 1957 2437; x_wconf 79' lang='lat' dir='ltr'><strong>excitarentur;</strong></span> <span class='ocrx_word' id='word_1_159' title='bbox 2028 2374 2170 2443; x_wconf 92' lang='lat' dir='ltr'><strong>apud</strong></span> 
     </span>
    </p>
   </div>
   <div class='ocr_carea' id='block_1_25' title="bbox 604 2459 2167 2518">
    <p class='ocr_par' dir='ltr' id='par_1_25' title="bbox 604 2459 2167 2518">
     <span class='ocr_line' id='line_1_25' title="bbox 604 2459 2167 2518; baseline 0.003 -6"><span class='ocrx_word' id='word_1_160' title='bbox 604 2459 807 2514; x_wconf 86' lang='lat' dir='ltr'><strong>Christi</strong></span> <span class='ocrx_word' id='word_1_161' title='bbox 835 2461 1178 2516; x_wconf 84' lang='lat' dir='ltr'><strong>imitatricem</strong></span> <span class='ocrx_word' id='word_1_162' title='bbox 1208 2463 1597 2518; x_wconf 86' lang='lat' dir='ltr'><strong>beatitudinem</strong></span> <span class='ocrx_word' id='word_1_163' title='bbox 1624 2473 1771 2517; x_wconf 88' lang='lat' dir='ltr'><strong>tuam</strong></span> <span class='ocrx_word' id='word_1_164' title='bbox 1810 2464 2167 2518; x_wconf 84' lang='lat' dir='ltr'><strong>adhibemus:</strong></span> 
     </span>
    </p>
   </div>
   <div class='ocr_carea' id='block_1_26' title="bbox 607 2548 2168 2623">
    <p class='ocr_par' dir='ltr' id='par_1_26' title="bbox 607 2548 2168 2623">
     <span class='ocr_line' id='line_1_26' title="bbox 607 2548 2168 2623; baseline 0.004 -22"><span class='ocrx_word' id='word_1_165' title='bbox 607 2548 767 2602; x_wconf 85' lang='lat' dir='ltr'><strong>Salva</strong></span> <span class='ocrx_word' id='word_1_166' title='bbox 790 2565 903 2614; x_wconf 78' lang='lat' dir='ltr'><strong>nos,</strong></span> <span class='ocrx_word' id='word_1_167' title='bbox 940 2552 1281 2620; x_wconf 84' lang='lat' dir='ltr'><strong>archipastor</strong></span> <span class='ocrx_word' id='word_1_168' title='bbox 1308 2553 1562 2608; x_wconf 89' lang='lat' dir='ltr'><strong>Ecclesia</strong></span> <span class='ocrx_word' id='word_1_169' title='bbox 1588 2569 1707 2623; x_wconf 83' lang='lat' dir='ltr'><strong>qua</strong></span> <span class='ocrx_word' id='word_1_170' title='bbox 1741 2555 1841 2609; x_wconf 91' lang='lat' dir='ltr'><strong>sub</strong></span> <span class='ocrx_word' id='word_1_171' title='bbox 1888 2555 2024 2609; x_wconf 72' lang='lat' dir='ltr'><strong>calo</strong></span> <span class='ocrx_word' id='word_1_172' title='bbox 2065 2564 2168 2619; x_wconf 88' lang='lat' dir='ltr'><strong>est,</strong></span> 
     </span>
    </p>
   </div>
   <div class='ocr_carea' id='block_1_27' title="bbox 605 2641 2168 2711">
    <p class='ocr_par' dir='ltr' id='par_1_27' title="bbox 605 2641 2168 2711">
     <span class='ocr_line' id='line_1_27' title="bbox 605 2641 2168 2711; baseline 0.004 -20"><span class='ocrx_word' id='word_1_173' title='bbox 605 2642 836 2707; x_wconf 77' lang='lat' dir='ltr'><strong>perimus</strong></span> <span class='ocrx_word' id='word_1_174' title='bbox 859 2642 898 2693; x_wconf 85' lang='lat'><strong>&#39;.</strong></span> <span class='ocrx_word' id='word_1_175' title='bbox 938 2641 1155 2695; x_wconf 83' lang='lat' dir='ltr'><strong>Imitare</strong></span> <span class='ocrx_word' id='word_1_176' title='bbox 1188 2642 1501 2711; x_wconf 83' lang='lat' dir='ltr'><strong>magistrum</strong></span> <span class='ocrx_word' id='word_1_177' title='bbox 1545 2651 1697 2699; x_wconf 91' lang='lat' dir='ltr'><strong>tuum</strong></span> <span class='ocrx_word' id='word_1_178' title='bbox 1727 2643 2025 2706; x_wconf 88' lang='lat' dir='ltr'><strong>Christum,</strong></span> <span class='ocrx_word' id='word_1_179' title='bbox 2060 2660 2168 2698; x_wconf 88' lang='lat' dir='ltr'><strong>ma-</strong></span> 
     </span>
    </p>
   </div>
   <div class='ocr_carea' id='block_1_28' title="bbox 606 2729 2168 2803">
    <p class='ocr_par' dir='ltr' id='par_1_28' title="bbox 606 2729 2168 2803">
     <span class='ocr_line' id='line_1_28' title="bbox 606 2729 2168 2803; baseline 0.004 -21"><span class='ocrx_word' id='word_1_180' title='bbox 606 2743 846 2797; x_wconf 89' lang='lat' dir='ltr'><strong>numque</strong></span> <span class='ocrx_word' id='word_1_181' title='bbox 880 2729 1134 2786; x_wconf 79' lang='lat' dir='ltr'><strong>Ecclesia</strong></span> <span class='ocrx_word' id='word_1_182' title='bbox 1166 2740 1367 2786; x_wconf 86' lang='lat' dir='ltr'><strong>nostra</strong></span> <span class='ocrx_word' id='word_1_183' title='bbox 1393 2733 1626 2803; x_wconf 79' lang='lat' dir='ltr'><strong>porrige,</strong></span> <span class='ocrx_word' id='word_1_184' title='bbox 1678 2734 1817 2790; x_wconf 89' lang='lat' dir='ltr'><strong>sicut</strong></span> <span class='ocrx_word' id='word_1_185' title='bbox 1852 2737 1941 2790; x_wconf 90' lang='lat' dir='ltr'><strong>ille</strong></span> <span class='ocrx_word' id='word_1_186' title='bbox 1973 2736 2130 2790; x_wconf 71' lang='lat' dir='ltr'><strong>Petro</strong></span> <span class='ocrx_word' id='word_1_187' title='bbox 2156 2754 2168 2788; x_wconf 93' lang='lat'>:</span> 
     </span>
    </p>
   </div>
   <div class='ocr_carea' id='block_1_29' title="bbox 606 2820 2171 2903">
    <p class='ocr_par' dir='ltr' id='par_1_29' title="bbox 606 2820 2171 2903">
     <span class='ocr_line' id='line_1_29' title="bbox 606 2820 2171 2903; baseline 0.006 -30"><span class='ocrx_word' id='word_1_188' title='bbox 606 2820 711 2873; x_wconf 87' lang='lat' dir='ltr'><strong>nisi</strong></span> <span class='ocrx_word' id='word_1_189' title='bbox 751 2821 894 2888; x_wconf 88' lang='lat' dir='ltr'><strong>quod</strong></span> <span class='ocrx_word' id='word_1_190' title='bbox 946 2822 1035 2877; x_wconf 86' lang='lat' dir='ltr'><strong>ille</strong></span> <span class='ocrx_word' id='word_1_191' title='bbox 1062 2821 1342 2892; x_wconf 88' lang='lat' dir='ltr'><strong>incipienti</strong></span> <span class='ocrx_word' id='word_1_192' title='bbox 1386 2825 1448 2903; x_wconf 45' lang='lat' dir='ltr'><strong>.in</strong></span> <span class='ocrx_word' id='word_1_193' title='bbox 1478 2840 1629 2879; x_wconf 88' lang='lat' dir='ltr'><strong>mare</strong></span> <span class='ocrx_word' id='word_1_194' title='bbox 1669 2827 1859 2898; x_wconf 87' lang='lat' dir='ltr'><strong>mergi,</strong></span> <span class='ocrx_word' id='word_1_195' title='bbox 1897 2836 1952 2881; x_wconf 93' lang='lat' dir='ltr'><strong>tu</strong></span> <span class='ocrx_word' id='word_1_196' title='bbox 1988 2838 2171 2883; x_wconf 89' lang='lat' dir='ltr'><strong>autem</strong></span> 
     </span>
    </p>
   </div>
   <div class='ocr_carea' id='block_1_30' title="bbox 606 2913 2169 2985">
    <p class='ocr_par' dir='ltr' id='par_1_30' title="bbox 606 2913 2169 2985">
     <span class='ocr_line' id='line_1_30' title="bbox 606 2913 2169 2985; baseline 0.007 -22"><span class='ocrx_word' id='word_1_197' title='bbox 606 2927 796 2966; x_wconf 89' lang='lat' dir='ltr'><strong>rursus</strong></span> <span class='ocrx_word' id='word_1_198' title='bbox 831 2913 941 2981; x_wconf 77' lang='lat' dir='ltr'><strong>jam</strong></span> <span class='ocrx_word' id='word_1_199' title='bbox 980 2929 1173 2968; x_wconf 83' lang='lat' dir='ltr'><strong>mersa</strong></span> <span class='ocrx_word' id='word_1_200' title='bbox 1207 2916 1259 2969; x_wconf 93' lang='lat' dir='ltr'><strong>in</strong></span> <span class='ocrx_word' id='word_1_201' title='bbox 1286 2917 1508 2972; x_wconf 78' lang='lat' dir='ltr'><strong>haresis</strong></span> <span class='ocrx_word' id='word_1_202' title='bbox 1539 2917 1823 2985; x_wconf 76' lang='lat' dir='ltr'><strong>profundo.</strong></span> <span class='ocrx_word' id='word_1_203' title='bbox 1871 2918 2169 2982; x_wconf 65' lang='lat' dir='ltr'><strong>IEmulare.</strong></span> 
     </span>
    </p>
   </div>
   <div class='ocr_carea' id='block_1_31' title="bbox 609 3006 2169 3079">
    <p class='ocr_par' dir='ltr' id='par_1_31' title="bbox 609 3006 2169 3079">
     <span class='ocr_line' id='line_1_31' title="bbox 609 3006 2169 3079; baseline 0.009 -26"><span class='ocrx_word' id='word_1_204' title='bbox 609 3016 915 3069; x_wconf 83' lang='lat' dir='ltr'><strong>precamur,</strong></span> <span class='ocrx_word' id='word_1_205' title='bbox 956 3006 1331 3073; x_wconf 82' lang='lat' dir='ltr'><strong>cognominem</strong></span> <span class='ocrx_word' id='word_1_206' title='bbox 1374 3008 1466 3062; x_wconf 84' lang='lat' dir='ltr'><strong>tibi</strong></span> <span class='ocrx_word' id='word_1_207' title='bbox 1509 3009 1727 3078; x_wconf 87' lang='lat' dir='ltr'><strong>Papam,</strong></span> <span class='ocrx_word' id='word_1_208' title='bbox 1765 3019 1926 3079; x_wconf 89' lang='lat' dir='ltr'><strong>atque</strong></span> <span class='ocrx_word' id='word_1_209' title='bbox 1965 3021 2024 3065; x_wconf 92' lang='lat' dir='ltr'><strong>ut</strong></span> <span class='ocrx_word' id='word_1_210' title='bbox 2062 3012 2169 3078; x_wconf 88' lang='lat' dir='ltr'><strong>ille,</strong></span> 
     </span>
    </p>
   </div>
   <div class='ocr_carea' id='block_1_32' title="bbox 608 3094 2248 3181">
    <p class='ocr_par' dir='ltr' id='par_1_32' title="bbox 608 3094 2248 3181">
     <span class='ocr_line' id='line_1_32' title="bbox 608 3094 2248 3181; baseline 0.007 -35"><span class='ocrx_word' id='word_1_211' title='bbox 608 3094 909 3162; x_wconf 86' lang='lat' dir='ltr'><strong>pullulante</strong></span> <span class='ocrx_word' id='word_1_212' title='bbox 940 3104 1051 3148; x_wconf 92' lang='lat' dir='ltr'><strong>tum</strong></span> <span class='ocrx_word' id='word_1_213' title='bbox 1082 3096 1273 3151; x_wconf 75' lang='lat' dir='ltr'><strong>Itaresi</strong></span> <span class='ocrx_word' id='word_1_214' title='bbox 1303 3099 1656 3169; x_wconf 84' lang='lat' dir='ltr'><strong>Eutychiana,</strong></span> <span class='ocrx_word' id='word_1_215' title='bbox 1690 3101 1967 3155; x_wconf 88' lang='lat' dir='ltr'><strong>leoninum</strong></span> <span class='ocrx_word' id='word_1_216' title='bbox 1989 3104 2041 3155; x_wconf 90' lang='lat' dir='ltr'><strong>in</strong></span> <span class='ocrx_word' id='word_1_217' title='bbox 2066 3118 2173 3156; x_wconf 90' lang='lat' dir='ltr'><strong>mo-</strong></span> <span class='ocrx_word' id='word_1_218' title='bbox 2202 3124 2248 3181; x_wconf 67' lang='grc' dir='ltr'><strong>ρ</strong></span> 
     </span>
    </p>
   </div>
   <div class='ocr_carea' id='block_1_33' title="bbox 610 3187 2172 3260">
    <p class='ocr_par' dir='ltr' id='par_1_33' title="bbox 610 3187 2172 3260">
     <span class='ocr_line' id='line_1_33' title="bbox 610 3187 2172 3260; baseline 0.007 -20"><span class='ocrx_word' id='word_1_219' title='bbox 610 3202 724 3240; x_wconf 91' lang='lat' dir='ltr'><strong>rem</strong></span> <span class='ocrx_word' id='word_1_220' title='bbox 764 3187 954 3255; x_wconf 90' lang='lat' dir='ltr'><strong>spiritu</strong></span> <span class='ocrx_word' id='word_1_221' title='bbox 997 3200 1344 3256; x_wconf 80' lang='lat' dir='ltr'><strong>experrectus</strong></span> <span class='ocrx_word' id='word_1_222' title='bbox 1374 3200 1475 3254; x_wconf 89' lang='lat' dir='ltr'><strong>est,</strong></span> <span class='ocrx_word' id='word_1_223' title='bbox 1512 3200 1572 3245; x_wconf 93' lang='lat' dir='ltr'><strong>ut</strong></span> <span class='ocrx_word' id='word_1_224' title='bbox 1601 3206 1791 3248; x_wconf 90' lang='lat' dir='ltr'><strong>omnes</strong></span> <span class='ocrx_word' id='word_1_225' title='bbox 1824 3205 2045 3260; x_wconf 90' lang='lat' dir='ltr'><strong>norunt,</strong></span> <span class='ocrx_word' id='word_1_226' title='bbox 2077 3197 2172 3251; x_wconf 80' lang='lat' dir='ltr'><strong>do-</strong></span> 
     </span>
    </p>
   </div>
   <div class='ocr_carea' id='block_1_34' title="bbox 609 3279 2168 3356">
    <p class='ocr_par' dir='ltr' id='par_1_34' title="bbox 609 3279 2168 3356">
     <span class='ocr_line' id='line_1_34' title="bbox 609 3279 2168 3356; baseline 0.007 -25"><span class='ocrx_word' id='word_1_227' title='bbox 609 3279 858 3347; x_wconf 85' lang='lat' dir='ltr'><strong>gmaticis</strong></span> <span class='ocrx_word' id='word_1_228' title='bbox 897 3280 1009 3332; x_wconf 90' lang='lat' dir='ltr'><strong>suis</strong></span> <span class='ocrx_word' id='word_1_229' title='bbox 1062 3281 1348 3349; x_wconf 90' lang='lat' dir='ltr'><strong>epistolis:</strong></span> <span class='ocrx_word' id='word_1_230' title='bbox 1382 3284 1458 3336; x_wconf 92' lang='lat' dir='ltr'><strong>sic</strong></span> <span class='ocrx_word' id='word_1_231' title='bbox 1510 3293 1562 3337; x_wconf 89' lang='lat' dir='ltr'><strong>et</strong></span> <span class='ocrx_word' id='word_1_232' title='bbox 1608 3294 1684 3348; x_wconf 92' lang='lat' dir='ltr'><strong>tu,</strong></span> <span class='ocrx_word' id='word_1_233' title='bbox 1739 3286 1920 3342; x_wconf 90' lang='lat' dir='ltr'><strong>dicere</strong></span> <span class='ocrx_word' id='word_1_234' title='bbox 1976 3289 2168 3356; x_wconf 85' lang='lat' dir='ltr'><strong>audeo,</strong></span> 
     </span>
    </p>
   </div>
   <div class='ocr_carea' id='block_1_35' title="bbox 605 3370 2175 3451">
    <p class='ocr_par' dir='ltr' id='par_1_35' title="bbox 605 3370 2175 3451">
     <span class='ocr_line' id='line_1_35' title="bbox 605 3370 2175 3451; baseline 0.01 -30"><span class='ocrx_word' id='word_1_235' title='bbox 605 3370 756 3438; x_wconf 81' lang='lat' dir='ltr'><strong>juxta</strong></span> <span class='ocrx_word' id='word_1_236' title='bbox 788 3385 983 3423; x_wconf 88' lang='lat' dir='ltr'><strong>nomen</strong></span> <span class='ocrx_word' id='word_1_237' title='bbox 1029 3372 1169 3439; x_wconf 91' lang='lat' dir='ltr'><strong>quod</strong></span> <span class='ocrx_word' id='word_1_238' title='bbox 1202 3373 1364 3442; x_wconf 88' lang='lat' dir='ltr'><strong>geris.</strong></span> <span class='ocrx_word' id='word_1_239' title='bbox 1424 3374 1587 3445; x_wconf 89' lang='lat' dir='ltr'><strong>irrugi</strong></span> <span class='ocrx_word' id='word_1_240' title='bbox 1645 3376 1923 3442; x_wconf 81' lang='lat' dir='ltr'><strong>divinitus,</strong></span> <span class='ocrx_word' id='word_1_241' title='bbox 1963 3381 2046 3434; x_wconf 86' lang='lat' dir='ltr'><strong>vel</strong></span> <span class='ocrx_word' id='word_1_242' title='bbox 2080 3398 2175 3451; x_wconf 92' lang='lat' dir='ltr'><strong>po-</strong></span> 
     </span>
    </p>
   </div>
   <div class='ocr_carea' id='block_1_36' title="bbox 613 3461 2176 3534">
    <p class='ocr_par' dir='ltr' id='par_1_36' title="bbox 613 3461 2176 3534">
     <span class='ocr_line' id='line_1_36' title="bbox 613 3461 2176 3534; baseline 0.008 -22"><span class='ocrx_word' id='word_1_243' title='bbox 613 3462 719 3513; x_wconf 86' lang='lat' dir='ltr'><strong>tius</strong></span> <span class='ocrx_word' id='word_1_244' title='bbox 780 3461 965 3515; x_wconf 88' lang='lat' dir='ltr'><strong>intona</strong></span> <span class='ocrx_word' id='word_1_245' title='bbox 1016 3472 1203 3517; x_wconf 89' lang='lat' dir='ltr'><strong>contra</strong></span> <span class='ocrx_word' id='word_1_246' title='bbox 1269 3474 1594 3532; x_wconf 83' lang='lat' dir='ltr'><strong>prasentem</strong></span> <span class='ocrx_word' id='word_1_247' title='bbox 1649 3466 1787 3521; x_wconf 88' lang='lat' dir='ltr'><strong>hanc</strong></span> <span class='ocrx_word' id='word_1_248' title='bbox 1814 3468 2086 3534; x_wconf 84' lang='lat' dir='ltr'><strong>baresim,</strong></span> <span class='ocrx_word' id='word_1_249' title='bbox 2118 3479 2176 3524; x_wconf 91' lang='lat' dir='ltr'><strong>ut</strong></span> 
     </span>
    </p>
   </div>
   <div class='ocr_carea' id='block_1_37' title="bbox 611 3553 2177 3625">
    <p class='ocr_par' dir='ltr' id='par_1_37' title="bbox 611 3553 2177 3625">
     <span class='ocr_line' id='line_1_37' title="bbox 611 3553 2177 3625; baseline 0.005 -16"><span class='ocrx_word' id='word_1_250' title='bbox 611 3554 787 3609; x_wconf 86' lang='lat' dir='ltr'><strong>decet.</strong></span> <span class='ocrx_word' id='word_1_251' title='bbox 822 3554 875 3606; x_wconf 81' lang='lat' dir='ltr'><strong>Si</strong></span> <span class='ocrx_word' id='word_1_252' title='bbox 919 3554 1062 3606; x_wconf 87' lang='lat' dir='ltr'><strong>enim</strong></span> <span class='ocrx_word' id='word_1_253' title='bbox 1093 3553 1203 3617; x_wconf 85' lang='lat' dir='ltr'><strong>isti,</strong></span> <span class='ocrx_word' id='word_1_254' title='bbox 1238 3564 1481 3624; x_wconf 88' lang='lat' dir='ltr'><strong>arrogata</strong></span> <span class='ocrx_word' id='word_1_255' title='bbox 1524 3557 1625 3611; x_wconf 92' lang='lat' dir='ltr'><strong>sibi</strong></span> <span class='ocrx_word' id='word_1_256' title='bbox 1648 3560 1987 3625; x_wconf 84' lang='lat' dir='ltr'><strong>auctoritate,</strong></span> <span class='ocrx_word' id='word_1_257' title='bbox 2015 3565 2177 3617; x_wconf 82' lang='lat' dir='ltr'><strong>hare-</strong></span> 
     </span>
    </p>
   </div>
   <div class='ocr_carea' id='block_1_38' title="bbox 612 3643 2175 3718">
    <p class='ocr_par' dir='ltr' id='par_1_38' title="bbox 612 3643 2175 3718">
     <span class='ocr_line' id='line_1_38' title="bbox 612 3643 2175 3718; baseline 0.004 -22"><span class='ocrx_word' id='word_1_258' title='bbox 612 3644 775 3697; x_wconf 86' lang='lat' dir='ltr'><strong>ticam</strong></span> <span class='ocrx_word' id='word_1_259' title='bbox 828 3643 1093 3712; x_wconf 84' lang='lat' dir='ltr'><strong>synodum</strong></span> <span class='ocrx_word' id='word_1_260' title='bbox 1129 3658 1321 3713; x_wconf 85' lang='lat' dir='ltr'><strong>cogere</strong></span> <span class='ocrx_word' id='word_1_261' title='bbox 1356 3645 1512 3698; x_wconf 84' lang='lat' dir='ltr'><strong>veriti</strong></span> <span class='ocrx_word' id='word_1_262' title='bbox 1544 3661 1652 3699; x_wconf 90' lang='lat' dir='ltr'><strong>non</strong></span> <span class='ocrx_word' id='word_1_263' title='bbox 1683 3658 1829 3713; x_wconf 89' lang='lat' dir='ltr'><strong>sunt,</strong></span> <span class='ocrx_word' id='word_1_264' title='bbox 1863 3649 1956 3718; x_wconf 91' lang='lat' dir='ltr'><strong>qui</strong></span> <span class='ocrx_word' id='word_1_265' title='bbox 1985 3666 2053 3705; x_wconf 89' lang='lat' dir='ltr'><strong>ne</strong></span> <span class='ocrx_word' id='word_1_266' title='bbox 2084 3666 2175 3704; x_wconf 86' lang='lat' dir='ltr'><strong>or-</strong></span> 
     </span>
    </p>
   </div>
   <div class='ocr_carea' id='block_1_39' title="bbox 614 3733 2176 3805">
    <p class='ocr_par' dir='ltr' id='par_1_39' title="bbox 614 3733 2176 3805">
     <span class='ocr_line' id='line_1_39' title="bbox 614 3733 2176 3805; baseline 0.006 -19"><span class='ocrx_word' id='word_1_267' title='bbox 614 3733 908 3786; x_wconf 77' lang='lat' dir='ltr'><strong>thodoxam</strong></span> <span class='ocrx_word' id='word_1_268' title='bbox 937 3733 1153 3801; x_wconf 90' lang='lat' dir='ltr'><strong>quidem</strong></span> <span class='ocrx_word' id='word_1_269' title='bbox 1186 3734 1391 3803; x_wconf 85' lang='lat' dir='ltr'><strong>absque</strong></span> <span class='ocrx_word' id='word_1_270' title='bbox 1413 3735 1722 3805; x_wconf 83' lang='lat' dir='ltr'><strong>cognitione</strong></span> <span class='ocrx_word' id='word_1_271' title='bbox 1758 3748 1958 3805; x_wconf 75' lang='lat' dir='ltr'><strong>vestra,</strong></span> <span class='ocrx_word' id='word_1_272' title='bbox 2001 3749 2176 3796; x_wconf 87' lang='lat' dir='ltr'><strong>utan-</strong></span> 
     </span>
    </p>
   </div>
   <div class='ocr_carea' id='block_1_40' title="bbox 617 3823 2179 3899">
    <p class='ocr_par' dir='ltr' id='par_1_40' title="bbox 617 3823 2179 3899">
     <span class='ocr_line' id='line_1_40' title="bbox 617 3823 2179 3899; baseline 0.005 -20"><span class='ocrx_word' id='word_1_273' title='bbox 617 3826 799 3893; x_wconf 88' lang='lat' dir='ltr'><strong>tiquus</strong></span> <span class='ocrx_word' id='word_1_274' title='bbox 827 3839 942 3879; x_wconf 91' lang='lat' dir='ltr'><strong>mos</strong></span> <span class='ocrx_word' id='word_1_275' title='bbox 964 3823 1193 3887; x_wconf 90' lang='lat' dir='ltr'><strong>obtinet,</strong></span> <span class='ocrx_word' id='word_1_276' title='bbox 1216 3840 1411 3896; x_wconf 86' lang='lat' dir='ltr'><strong>cogere</strong></span> <span class='ocrx_word' id='word_1_277' title='bbox 1444 3834 1738 3896; x_wconf 88' lang='lat' dir='ltr'><strong>potuerunt</strong></span> <span class='ocrx_word' id='word_1_278' title='bbox 1772 3846 1785 3881; x_wconf 88' lang='lat'><strong>:</strong></span> <span class='ocrx_word' id='word_1_279' title='bbox 1826 3841 2030 3899; x_wconf 87' lang='lat' dir='ltr'><strong>quanto</strong></span> <span class='ocrx_word' id='word_1_280' title='bbox 2064 3848 2179 3887; x_wconf 87' lang='lat' dir='ltr'><strong>ma-</strong></span> 
     </span>
    </p>
   </div>
   <div class='ocr_carea' id='block_1_41' title="bbox 615 3917 2180 3992">
    <p class='ocr_par' dir='ltr' id='par_1_41' title="bbox 615 3917 2180 3992">
     <span class='ocr_line' id='line_1_41' title="bbox 615 3917 2180 3992; baseline 0.006 -23"><span class='ocrx_word' id='word_1_281' title='bbox 615 3918 694 3987; x_wconf 79' lang='lat' dir='ltr'><strong>gis</strong></span> <span class='ocrx_word' id='word_1_282' title='bbox 726 3933 939 3987; x_wconf 85' lang='lat' dir='ltr'><strong>aquum</strong></span> <span class='ocrx_word' id='word_1_283' title='bbox 968 3927 1130 3985; x_wconf 87' lang='lat' dir='ltr'><strong>atque</strong></span> <span class='ocrx_word' id='word_1_284' title='bbox 1165 3917 1299 3971; x_wconf 87' lang='lat' dir='ltr'><strong>adeo</strong></span> <span class='ocrx_word' id='word_1_285' title='bbox 1334 3920 1702 3973; x_wconf 88' lang='lat' dir='ltr'><strong>necessarium</strong></span> <span class='ocrx_word' id='word_1_286' title='bbox 1733 3920 1896 3975; x_wconf 80' lang='lat' dir='ltr'><strong>fuerit</strong></span> <span class='ocrx_word' id='word_1_287' title='bbox 1942 3924 2084 3992; x_wconf 90' lang='lat' dir='ltr'><strong>(cum</strong></span> <span class='ocrx_word' id='word_1_288' title='bbox 2116 3926 2180 3979; x_wconf 86' lang='lat' dir='ltr'><strong>ti-</strong></span> 
     </span>
    </p>
   </div>
   <div class='ocr_carea' id='block_1_42' title="bbox 617 4008 2180 4086">
    <p class='ocr_par' dir='ltr' id='par_1_42' title="bbox 617 4008 2180 4086">
     <span class='ocr_line' id='line_1_42' title="bbox 617 4008 2180 4086; baseline 0.004 -21"><span class='ocrx_word' id='word_1_289' title='bbox 617 4027 766 4065; x_wconf 92' lang='lat' dir='ltr'><strong>more</strong></span> <span class='ocrx_word' id='word_1_290' title='bbox 792 4008 1150 4081; x_wconf 81' lang='lat' dir='ltr'><strong>suggerimus)</strong></span> <span class='ocrx_word' id='word_1_291' title='bbox 1183 4009 1251 4063; x_wconf 90' lang='lat' dir='ltr'><strong>ab</strong></span> <span class='ocrx_word' id='word_1_292' title='bbox 1299 4009 1487 4065; x_wconf 88' lang='lat' dir='ltr'><strong>divino</strong></span> <span class='ocrx_word' id='word_1_293' title='bbox 1518 4020 1611 4064; x_wconf 89' lang='lat' dir='ltr'><strong>tuo</strong></span> <span class='ocrx_word' id='word_1_294' title='bbox 1640 4012 1947 4083; x_wconf 85' lang='lat' dir='ltr'><strong>principatu</strong></span> <span class='ocrx_word' id='word_1_295' title='bbox 1999 4016 2180 4086; x_wconf 84' lang='lat' dir='ltr'><strong>legiti-</strong></span> 
     </span>
    </p>
   </div>
   <div class='ocr_carea' id='block_1_43' title="bbox 614 4103 2180 4171">
    <p class='ocr_par' dir='ltr' id='par_1_43' title="bbox 614 4103 2180 4171">
     <span class='ocr_line' id='line_1_43' title="bbox 614 4103 2180 4171; baseline 0.005 -14"><span class='ocrx_word' id='word_1_296' title='bbox 614 4120 756 4158; x_wconf 81' lang='lat' dir='ltr'><strong>mam</strong></span> <span class='ocrx_word' id='word_1_297' title='bbox 792 4104 1053 4171; x_wconf 76' lang='lat' dir='ltr'><strong>synodum</strong></span> <span class='ocrx_word' id='word_1_298' title='bbox 1081 4103 1365 4157; x_wconf 84' lang='lat' dir='ltr'><strong>convocari</strong></span> <span class='ocrx_word' id='word_1_299' title='bbox 1409 4112 1468 4156; x_wconf 91' lang='lat' dir='ltr'><strong>ut</strong></span> <span class='ocrx_word' id='word_1_300' title='bbox 1526 4104 1889 4160; x_wconf 81' lang='lat' dir='ltr'><strong>orthodoxum</strong></span> <span class='ocrx_word' id='word_1_301' title='bbox 1929 4105 2180 4165; x_wconf 84' lang='lat' dir='ltr'><strong>Ecclesia</strong></span> 
     </span>
    </p>
   </div>
   <div class='ocr_carea' id='block_1_44' title="bbox 612 4194 2182 4271">
    <p class='ocr_par' dir='ltr' id='par_1_44' title="bbox 612 4194 2182 4271">
     <span class='ocr_line' id='line_1_44' title="bbox 612 4194 2182 4271; baseline 0.005 -23"><span class='ocrx_word' id='word_1_302' title='bbox 612 4194 804 4259; x_wconf 77' lang='lat' dir='ltr'><strong>dogma</strong></span> <span class='ocrx_word' id='word_1_303' title='bbox 834 4194 1145 4250; x_wconf 85' lang='lat' dir='ltr'><strong>hareticum</strong></span> <span class='ocrx_word' id='word_1_304' title='bbox 1164 4195 1415 4249; x_wconf 72' lang='lat' dir='ltr'><strong>extrudat</strong></span> <span class='ocrx_word' id='word_1_305' title='bbox 1436 4212 1449 4248; x_wconf 86' lang='lat'><strong>:</strong></span> <span class='ocrx_word' id='word_1_306' title='bbox 1469 4201 1710 4262; x_wconf 85' lang='lat' dir='ltr'><strong>etueque</strong></span> <span class='ocrx_word' id='word_1_307' title='bbox 1738 4211 1989 4265; x_wconf 88' lang='lat' dir='ltr'><strong>suprema</strong></span> <span class='ocrx_word' id='word_1_308' title='bbox 2007 4200 2182 4271; x_wconf 57' lang='lat' dir='ltr'><strong>digni-</strong></span> 
     </span>
    </p>
   </div>
   <div class='ocr_carea' id='block_1_45' title="bbox 618 4280 2184 4344">
    <p class='ocr_par' dir='ltr' id='par_1_45' title="bbox 618 4280 2184 4344">
     <span class='ocr_line' id='line_1_45' title="bbox 618 4280 2184 4344; baseline 0.007 -10"><span class='ocrx_word' id='word_1_309' title='bbox 618 4292 698 4335; x_wconf 86' lang='lat' dir='ltr'><strong>tas</strong></span> <span class='ocrx_word' id='word_1_310' title='bbox 720 4293 807 4334; x_wconf 88' lang='lat' dir='ltr'><strong>tua</strong></span> <span class='ocrx_word' id='word_1_311' title='bbox 827 4296 947 4336; x_wconf 89' lang='lat' dir='ltr'><strong>cum</strong></span> <span class='ocrx_word' id='word_1_312' title='bbox 990 4280 1310 4335; x_wconf 82' lang='lat' dir='ltr'><strong>orthodoxis</strong></span> <span class='ocrx_word' id='word_1_313' title='bbox 1327 4282 1582 4336; x_wconf 89' lang='lat' dir='ltr'><strong>omnibus</strong></span> <span class='ocrx_word' id='word_1_314' title='bbox 1609 4286 1951 4342; x_wconf 83' lang='lat' dir='ltr'><strong>anathemate</strong></span> <span class='ocrx_word' id='word_1_315' title='bbox 1968 4300 2184 4344; x_wconf 85' lang='lat' dir='ltr'><strong>notetur</strong></span> 
     </span>
    </p>
   </div>
   <div class='ocr_carea' id='block_1_46' title="bbox 613 4374 2181 4445">
    <p class='ocr_par' dir='ltr' id='par_1_46' title="bbox 613 4374 2181 4445">
     <span class='ocr_line' id='line_1_46' title="bbox 613 4374 2181 4445; baseline 0.006 -17"><span class='ocrx_word' id='word_1_316' title='bbox 613 4391 641 4428; x_wconf 89' lang='lat' dir='ltr'><strong>a</strong></span> <span class='ocrx_word' id='word_1_317' title='bbox 662 4374 815 4427; x_wconf 80' lang='lat' dir='ltr'><strong>novis</strong></span> <span class='ocrx_word' id='word_1_318' title='bbox 832 4375 1201 4445; x_wconf 81' lang='lat' dir='ltr'><strong>nugatoribus;</strong></span> <span class='ocrx_word' id='word_1_319' title='bbox 1221 4386 1394 4441; x_wconf 87' lang='lat' dir='ltr'><strong>neque</strong></span> <span class='ocrx_word' id='word_1_320' title='bbox 1410 4374 1708 4442; x_wconf 88' lang='lat' dir='ltr'><strong>iniquitatis</strong></span> <span class='ocrx_word' id='word_1_321' title='bbox 1727 4393 1885 4445; x_wconf 91' lang='lat' dir='ltr'><strong>porro</strong></span> <span class='ocrx_word' id='word_1_322' title='bbox 1900 4380 2181 4437; x_wconf 83' lang='lat' dir='ltr'><strong>classicum</strong></span> 
     </span>
    </p>
   </div>
   <div class='ocr_carea' id='block_1_47' title="bbox 2271 541 3868 614">
    <p class='ocr_par' dir='ltr' id='par_1_47' title="bbox 2271 541 3868 614">
     <span class='ocr_line' id='line_1_47' title="bbox 2271 541 3868 614; baseline -0.001 -19"><span class='ocrx_word' id='word_1_323' title='bbox 2271 542 2709 614; x_wconf 74' lang='grc' dir='ltr'><strong>ἀπαγορεύουσιν</strong></span> <span class='ocrx_word' id='word_1_324' title='bbox 2729 558 2743 573; x_wconf 86' lang='grc'><strong>·</strong></span> <span class='ocrx_word' id='word_1_325' title='bbox 2780 542 3010 597; x_wconf 73' lang='grc' dir='ltr'>ἕκαστον</span> <span class='ocrx_word' id='word_1_326' title='bbox 3036 544 3145 596; x_wconf 89' lang='grc' dir='ltr'><strong>τῶν</strong></span> <span class='ocrx_word' id='word_1_327' title='bbox 3202 542 3475 613; x_wconf 81' lang='grc' dir='ltr'>ίεραρχῶν</span> <span class='ocrx_word' id='word_1_328' title='bbox 3502 541 3868 609; x_wconf 75' lang='grc' dir='ltr'>ὲξουσιάζειν</span> 
     </span>
    </p>
   </div>
   <div class='ocr_carea' id='block_1_48' title="bbox 2268 632 3866 706">
    <p class='ocr_par' dir='ltr' id='par_1_48' title="bbox 2268 632 3866 706">
     <span class='ocr_line' id='line_1_48' title="bbox 2268 632 3866 706; baseline 0 -21"><span class='ocrx_word' id='word_1_329' title='bbox 2268 632 2326 685; x_wconf 73' lang='grc' dir='ltr'>ὲν</span> <span class='ocrx_word' id='word_1_330' title='bbox 2344 635 2459 696; x_wconf 86' lang='grc' dir='ltr'>τοῖς</span> <span class='ocrx_word' id='word_1_331' title='bbox 2493 633 2660 697; x_wconf 77' lang='grc' dir='ltr'>θείοις</span> <span class='ocrx_word' id='word_1_332' title='bbox 2704 633 2916 699; x_wconf 78' lang='grc' dir='ltr'><strong>κανόσι,</strong></span> <span class='ocrx_word' id='word_1_333' title='bbox 2946 634 3102 706; x_wconf 83' lang='grc' dir='ltr'>παρὰ</span> <span class='ocrx_word' id='word_1_334' title='bbox 3133 633 3202 686; x_wconf 75' lang='grc' dir='ltr'>τὰ</span> <span class='ocrx_word' id='word_1_335' title='bbox 3248 636 3306 687; x_wconf 80' lang='grc' dir='ltr'>ἐν</span> <span class='ocrx_word' id='word_1_336' title='bbox 3338 636 3524 697; x_wconf 74' lang='grc' dir='ltr'>αὐτοῖς</span> <span class='ocrx_word' id='word_1_337' title='bbox 3557 642 3866 687; x_wconf 72' lang='grc' dir='ltr'>κεκανῑονι-</span> 
     </span>
    </p>
   </div>
   <div class='ocr_carea' id='block_1_49' title="bbox 2270 725 2902 795">
    <p class='ocr_par' dir='ltr' id='par_1_49' title="bbox 2270 725 2902 795">
     <span class='ocr_line' id='line_1_49' title="bbox 2270 725 2902 795; baseline 0.003 -18"><span class='ocrx_word' id='word_1_338' title='bbox 2270 725 2467 795; x_wconf 79' lang='grc' dir='ltr'>σμένα,</span> <span class='ocrx_word' id='word_1_339' title='bbox 2484 726 2902 793; x_wconf 84' lang='grc' dir='ltr'>ἀποφαίνονται.</span> 
     </span>
    </p>
   </div>
   <div class='ocr_carea' id='block_1_50' title="bbox 2339 815 3867 888">
    <p class='ocr_par' dir='ltr' id='par_1_50' title="bbox 2339 815 3867 888">
     <span class='ocr_line' id='line_1_50' title="bbox 2339 815 3867 888; baseline -0.004 -16"><span class='ocrx_word' id='word_1_340' title='bbox 2339 820 2450 872; x_wconf 76' lang='grc' dir='ltr'><strong>Καὶ</strong></span> <span class='ocrx_word' id='word_1_341' title='bbox 2477 818 2563 872; x_wconf 82' lang='grc' dir='ltr'><strong>διὰ</strong></span> <span class='ocrx_word' id='word_1_342' title='bbox 2584 818 2741 871; x_wconf 92' lang='grc' dir='ltr'>τοῦτο</span> <span class='ocrx_word' id='word_1_343' title='bbox 2771 817 2972 870; x_wconf 77' lang='grc' dir='ltr'><strong>ὁπόταν</strong></span> <span class='ocrx_word' id='word_1_344' title='bbox 3018 816 3157 888; x_wconf 82' lang='grc' dir='ltr'>τύχῃ</span> <span class='ocrx_word' id='word_1_345' title='bbox 3188 815 3283 870; x_wconf 77' lang='grc' dir='ltr'>καὶ</span> <span class='ocrx_word' id='word_1_346' title='bbox 3311 815 3575 884; x_wconf 79' lang='grc' dir='ltr'><strong>κρυπτῶς</strong></span> <span class='ocrx_word' id='word_1_347' title='bbox 3611 815 3715 868; x_wconf 69' lang='grc' dir='ltr'>καὶ</span> <span class='ocrx_word' id='word_1_348' title='bbox 3760 817 3867 884; x_wconf 79' lang='grc' dir='ltr'><strong>ὲμ-</strong></span> 
     </span>
    </p>
   </div>
   <div class='ocr_carea' id='block_1_51' title="bbox 2271 907 3868 981">
    <p class='ocr_par' dir='ltr' id='par_1_51' title="bbox 2271 907 3868 981">
     <span class='ocr_line' id='line_1_51' title="bbox 2271 907 3868 981; baseline -0.005 -16"><span class='ocrx_word' id='word_1_349' title='bbox 2271 910 2454 981; x_wconf 75' lang='grc' dir='ltr'>φανῶς</span> <span class='ocrx_word' id='word_1_350' title='bbox 2512 910 2715 964; x_wconf 77' lang='grc' dir='ltr'>ἁλῶναί</span> <span class='ocrx_word' id='word_1_351' title='bbox 2766 926 2888 963; x_wconf 90' lang='grc' dir='ltr'>τινα</span> <span class='ocrx_word' id='word_1_352' title='bbox 2934 908 3043 961; x_wconf 88' lang='grc' dir='ltr'><strong>τῶν</strong></span> <span class='ocrx_word' id='word_1_353' title='bbox 3091 907 3403 978; x_wconf 72' lang='grc' dir='ltr'><strong>ἱερωμένων</strong></span> <span class='ocrx_word' id='word_1_354' title='bbox 3435 908 3868 977; x_wconf 77' lang='grc' dir='ltr'>καθαιρετικοῖς</span> 
     </span>
    </p>
   </div>
   <div class='ocr_carea' id='block_1_52' title="bbox 2270 998 3867 1072">
    <p class='ocr_par' dir='ltr' id='par_1_52' title="bbox 2270 998 3867 1072">
     <span class='ocr_line' id='line_1_52' title="bbox 2270 998 3867 1072; baseline -0.004 -17"><span class='ocrx_word' id='word_1_355' title='bbox 2270 1003 2481 1062; x_wconf 83' lang='grc' dir='ltr'>κανόσι.</span> <span class='ocrx_word' id='word_1_356' title='bbox 2520 1004 2586 1072; x_wconf 81' lang='grc' dir='ltr'>τῇ</span> <span class='ocrx_word' id='word_1_357' title='bbox 2616 1001 2712 1054; x_wconf 91' lang='grc' dir='ltr'><strong>τοῦ</strong></span> <span class='ocrx_word' id='word_1_358' title='bbox 2746 1000 3076 1071; x_wconf 74' lang='grc' dir='ltr'><strong>βουλομένου</strong></span> <span class='ocrx_word' id='word_1_359' title='bbox 3106 998 3324 1067; x_wconf 73' lang='grc' dir='ltr'>ἐξουσία</span> <span class='ocrx_word' id='word_1_360' title='bbox 3376 998 3562 1068; x_wconf 85' lang='grc' dir='ltr'>μένειν</span> <span class='ocrx_word' id='word_1_361' title='bbox 3611 999 3867 1052; x_wconf 79' lang='grc' dir='ltr'>ἁκαθαί-</span> 
     </span>
    </p>
   </div>
   <div class='ocr_carea' id='block_1_53' title="bbox 2274 1090 3864 1165">
    <p class='ocr_par' dir='ltr' id='par_1_53' title="bbox 2274 1090 3864 1165">
     <span class='ocr_line' id='line_1_53' title="bbox 2274 1090 3864 1165; baseline -0.004 -17"><span class='ocrx_word' id='word_1_362' title='bbox 2274 1111 2449 1165; x_wconf 90' lang='grc' dir='ltr'>ρετον.</span> <span class='ocrx_word' id='word_1_363' title='bbox 2482 1095 2593 1148; x_wconf 74' lang='grc' dir='ltr'><strong>Καὶ</strong></span> <span class='ocrx_word' id='word_1_364' title='bbox 2626 1093 2837 1164; x_wconf 79' lang='grc' dir='ltr'><strong>μάρτυς</strong></span> <span class='ocrx_word' id='word_1_365' title='bbox 2884 1091 2978 1144; x_wconf 90' lang='grc' dir='ltr'><strong>τοῦ</strong></span> <span class='ocrx_word' id='word_1_366' title='bbox 3010 1091 3203 1159; x_wconf 84' lang='grc' dir='ltr'>λόγου,</span> <span class='ocrx_word' id='word_1_367' title='bbox 3254 1093 3282 1143; x_wconf 86' lang='grc' dir='ltr'><strong>ὁ</strong></span> <span class='ocrx_word' id='word_1_368' title='bbox 3316 1090 3604 1161; x_wconf 75' lang='grc' dir='ltr'>διαφόροις</span> <span class='ocrx_word' id='word_1_369' title='bbox 3651 1090 3864 1143; x_wconf 74' lang='grc' dir='ltr'>κανόσι</span> 
     </span>
    </p>
   </div>
   <div class='ocr_carea' id='block_1_54' title="bbox 2274 1180 3864 1254">
    <p class='ocr_par' dir='ltr' id='par_1_54' title="bbox 2274 1180 3864 1254">
     <span class='ocr_line' id='line_1_54' title="bbox 2274 1180 3864 1254; baseline -0.006 -15"><span class='ocrx_word' id='word_1_370' title='bbox 2274 1188 2373 1239; x_wconf 75' lang='grc' dir='ltr'>σὺν</span> <span class='ocrx_word' id='word_1_371' title='bbox 2397 1185 2577 1248; x_wconf 76' lang='grc' dir='ltr'>ἄλλοις</span> <span class='ocrx_word' id='word_1_372' title='bbox 2604 1184 3020 1254; x_wconf 79' lang='grc' dir='ltr'><strong>κεκρατημένος</strong></span> <span class='ocrx_word' id='word_1_373' title='bbox 3056 1180 3474 1250; x_wconf 77' lang='grc' dir='ltr'>μοιχοζεύκτης.</span> <span class='ocrx_word' id='word_1_374' title='bbox 3510 1181 3607 1233; x_wconf 72' lang='grc' dir='ltr'><strong>καὶ</strong></span> <span class='ocrx_word' id='word_1_375' title='bbox 3634 1180 3864 1231; x_wconf 83' lang='grc' dir='ltr'>συλλει-</span> 
     </span>
    </p>
   </div>
   <div class='ocr_carea' id='block_1_55' title="bbox 2270 1268 3864 1344">
    <p class='ocr_par' dir='ltr' id='par_1_55' title="bbox 2270 1268 3864 1344">
     <span class='ocr_line' id='line_1_55' title="bbox 2270 1268 3864 1344; baseline -0.007 -15"><span class='ocrx_word' id='word_1_376' title='bbox 2270 1275 2516 1344; x_wconf 90' lang='grc' dir='ltr'>τουργῶν</span> <span class='ocrx_word' id='word_1_377' title='bbox 2538 1275 2720 1337; x_wconf 83' lang='grc' dir='ltr'>αὐτοῖς</span> <span class='ocrx_word' id='word_1_378' title='bbox 2750 1273 3008 1343; x_wconf 78' lang='grc' dir='ltr'><strong>δημοσίᾳ.</strong></span> <span class='ocrx_word' id='word_1_379' title='bbox 3062 1270 3200 1334; x_wconf 82' lang='grc' dir='ltr'>Τοὺς</span> <span class='ocrx_word' id='word_1_380' title='bbox 3223 1269 3573 1339; x_wconf 74' lang='grc' dir='ltr'>παρανομίας</span> <span class='ocrx_word' id='word_1_381' title='bbox 3601 1268 3685 1330; x_wconf 83' lang='grc' dir='ltr'>ὡς</span> <span class='ocrx_word' id='word_1_382' title='bbox 3706 1270 3864 1320; x_wconf 81' lang='grc' dir='ltr'>οἱκο-</span> 
     </span>
    </p>
   </div>
   <div class='ocr_carea' id='block_1_56' title="bbox 2272 1358 3863 1435">
    <p class='ocr_par' dir='ltr' id='par_1_56' title="bbox 2272 1358 3863 1435">
     <span class='ocr_line' id='line_1_56' title="bbox 2272 1358 3863 1435; baseline -0.008 -16"><span class='ocrx_word' id='word_1_383' title='bbox 2272 1365 2469 1435; x_wconf 86' lang='grc' dir='ltr'>νομίας</span> <span class='ocrx_word' id='word_1_384' title='bbox 2491 1364 2800 1426; x_wconf 80' lang='grc' dir='ltr'>ποιοῦντας,</span> <span class='ocrx_word' id='word_1_385' title='bbox 2836 1361 3031 1424; x_wconf 83' lang='grc' dir='ltr'>ἄλλους</span> <span class='ocrx_word' id='word_1_386' title='bbox 3075 1378 3133 1414; x_wconf 88' lang='grc' dir='ltr'><strong>τε</strong></span> <span class='ocrx_word' id='word_1_387' title='bbox 3172 1361 3267 1413; x_wconf 77' lang='grc' dir='ltr'>καὶ</span> <span class='ocrx_word' id='word_1_388' title='bbox 3302 1360 3528 1422; x_wconf 75' lang='grc' dir='ltr'>ἑαυτοὺς</span> <span class='ocrx_word' id='word_1_389' title='bbox 3561 1359 3769 1425; x_wconf 84' lang='grc' dir='ltr'>ἁγίους</span> <span class='ocrx_word' id='word_1_390' title='bbox 3803 1358 3863 1407; x_wconf 76' lang='grc' dir='ltr'>ὲν</span> 
     </span>
    </p>
   </div>
   <div class='ocr_carea' id='block_1_57' title="bbox 2270 1447 3863 1528">
    <p class='ocr_par' dir='ltr' id='par_1_57' title="bbox 2270 1447 3863 1528">
     <span class='ocr_line' id='line_1_57' title="bbox 2270 1447 3863 1528; baseline -0.007 -17"><span class='ocrx_word' id='word_1_391' title='bbox 2270 1458 2449 1528; x_wconf 87' lang='grc' dir='ltr'>τούτῳ</span> <span class='ocrx_word' id='word_1_392' title='bbox 2475 1456 2833 1525; x_wconf 71' lang='grc' dir='ltr'>ὀνομάζουσι·</span> <span class='ocrx_word' id='word_1_393' title='bbox 2882 1453 2977 1506; x_wconf 82' lang='grc' dir='ltr'>καὶ</span> <span class='ocrx_word' id='word_1_394' title='bbox 3026 1453 3151 1514; x_wconf 74' lang='grc' dir='ltr'>τοὺς</span> <span class='ocrx_word' id='word_1_395' title='bbox 3181 1451 3257 1522; x_wconf 81' lang='grc' dir='ltr'>μὴ</span> <span class='ocrx_word' id='word_1_396' title='bbox 3279 1450 3484 1512; x_wconf 85' lang='grc' dir='ltr'>ταύτας</span> <span class='ocrx_word' id='word_1_397' title='bbox 3538 1447 3863 1521; x_wconf 77' lang='grc' dir='ltr'>προσιεμέο</span> 
     </span>
    </p>
   </div>
   <div class='ocr_carea' id='block_1_58' title="bbox 2272 1543 3855 1618">
    <p class='ocr_par' dir='ltr' id='par_1_58' title="bbox 2272 1543 3855 1618">
     <span class='ocr_line' id='line_1_58' title="bbox 2272 1543 3855 1618; baseline -0.007 -14"><span class='ocrx_word' id='word_1_398' title='bbox 2272 1569 2435 1615; x_wconf 89' lang='grc' dir='ltr'>νους,</span> <span class='ocrx_word' id='word_1_399' title='bbox 2492 1549 2568 1609; x_wconf 82' lang='grc' dir='ltr'>ὡς</span> <span class='ocrx_word' id='word_1_400' title='bbox 2613 1546 3082 1618; x_wconf 78' lang='grc' dir='ltr'>ἠλλοτριωμένους</span> <span class='ocrx_word' id='word_1_401' title='bbox 3136 1544 3272 1598; x_wconf 87' lang='grc' dir='ltr'>Θεοῦ</span> <span class='ocrx_word' id='word_1_402' title='bbox 3335 1543 3855 1611; x_wconf 72' lang='grc' dir='ltr'>άναθεματίζουσι·</span> 
     </span>
    </p>
   </div>
   <div class='ocr_carea' id='block_1_59' title="bbox 2277 1632 3859 1713">
    <p class='ocr_par' dir='ltr' id='par_1_59' title="bbox 2277 1632 3859 1713">
     <span class='ocr_line' id='line_1_59' title="bbox 2277 1632 3859 1713; baseline -0.008 -16"><span class='ocrx_word' id='word_1_403' title='bbox 2277 1645 2485 1713; x_wconf 82' lang='grc' dir='ltr'>μάρτυς</span> <span class='ocrx_word' id='word_1_404' title='bbox 2515 1642 2569 1695; x_wconf 81' lang='grc' dir='ltr'>δὲ</span> <span class='ocrx_word' id='word_1_405' title='bbox 2592 1639 2869 1695; x_wconf 84' lang='grc' dir='ltr'>κάνταῦθα</span> <span class='ocrx_word' id='word_1_406' title='bbox 2900 1638 2993 1693; x_wconf 91' lang='grc' dir='ltr'><strong>τοῦ</strong></span> <span class='ocrx_word' id='word_1_407' title='bbox 3019 1639 3176 1707; x_wconf 80' lang='grc' dir='ltr'>λόγου</span> <span class='ocrx_word' id='word_1_408' title='bbox 3208 1636 3282 1692; x_wconf 84' lang='grc' dir='ltr'><strong>ῶν</strong></span> <span class='ocrx_word' id='word_1_409' title='bbox 3306 1638 3402 1691; x_wconf 81' lang='grc' dir='ltr'>καὶ</span> <span class='ocrx_word' id='word_1_410' title='bbox 3428 1638 3457 1690; x_wconf 85' lang='grc' dir='ltr'>ὁ</span> <span class='ocrx_word' id='word_1_411' title='bbox 3483 1635 3758 1705; x_wconf 87' lang='grc' dir='ltr'>διωγμός.</span> <span class='ocrx_word' id='word_1_412' title='bbox 3793 1632 3859 1685; x_wconf 88' lang='grc' dir='ltr'>Τί</span> 
     </span>
    </p>
   </div>
   <div class='ocr_carea' id='block_1_60' title="bbox 2273 1724 3859 1800">
    <p class='ocr_par' dir='ltr' id='par_1_60' title="bbox 2273 1724 3859 1800">
     <span class='ocr_line' id='line_1_60' title="bbox 2273 1724 3859 1800; baseline -0.006 -14"><span class='ocrx_word' id='word_1_413' title='bbox 2273 1730 2364 1787; x_wconf 74' lang='grc' dir='ltr'>οὖν</span> <span class='ocrx_word' id='word_1_414' title='bbox 2395 1734 2541 1785; x_wconf 85' lang='grc' dir='ltr'>ἔστιν</span> <span class='ocrx_word' id='word_1_415' title='bbox 2560 1735 2616 1786; x_wconf 82' lang='grc' dir='ltr'>ὲν</span> <span class='ocrx_word' id='word_1_416' title='bbox 2640 1730 2870 1794; x_wconf 74' lang='grc' dir='ltr'>τούτοις,</span> <span class='ocrx_word' id='word_1_417' title='bbox 2898 1724 2943 1784; x_wconf 81' lang='grc' dir='ltr'><strong>ὧ</strong></span> <span class='ocrx_word' id='word_1_418' title='bbox 2974 1730 3178 1800; x_wconf 80' lang='grc' dir='ltr'>μάκαρ,</span> <span class='ocrx_word' id='word_1_419' title='bbox 3211 1730 3416 1793; x_wconf 82' lang='grc' dir='ltr'>είπεῖν;</span> <span class='ocrx_word' id='word_1_420' title='bbox 3440 1728 3475 1798; x_wconf 82' lang='grc' dir='ltr'>ἢ</span> <span class='ocrx_word' id='word_1_421' title='bbox 3505 1726 3568 1779; x_wconf 77' lang='grc' dir='ltr'>τὸ</span> <span class='ocrx_word' id='word_1_422' title='bbox 3605 1726 3859 1779; x_wconf 81' lang='grc' dir='ltr'>ἀποστο-</span> 
     </span>
    </p>
   </div>
   <div class='ocr_carea' id='block_1_61' title="bbox 2271 1820 3856 1889">
    <p class='ocr_par' dir='ltr' id='par_1_61' title="bbox 2271 1820 3856 1889">
     <span class='ocr_line' id='line_1_61' title="bbox 2271 1820 3856 1889; baseline -0.006 -11"><span class='ocrx_word' id='word_1_423' title='bbox 2271 1826 2419 1878; x_wconf 72' lang='grc' dir='ltr'>λικὸν</span> <span class='ocrx_word' id='word_1_424' title='bbox 2456 1826 2649 1887; x_wconf 72' lang='grc' dir='ltr'>ἐκεῖνο,</span> <span class='ocrx_word' id='word_1_425' title='bbox 2671 1825 2753 1878; x_wconf 84' lang='grc' dir='ltr'>ὅτι</span> <span class='ocrx_word' id='word_1_426' title='bbox 2775 1824 2903 1878; x_wconf 81' lang='grc' dir='ltr'><strong>Νῦν</strong></span> <span class='ocrx_word' id='word_1_427' title='bbox 2924 1822 3138 1877; x_wconf 72' lang='grc' dir='ltr'>πολλοὶ</span> <span class='ocrx_word' id='word_1_428' title='bbox 3180 1821 3570 1889; x_wconf 77' lang='grc' dir='ltr'>Ἀντίχριστοι</span> <span class='ocrx_word' id='word_1_429' title='bbox 3592 1820 3856 1887; x_wconf 65' lang='grc' dir='ltr'>γεγόνα-</span> 
     </span>
    </p>
   </div>
   <div class='ocr_carea' id='block_1_62' title="bbox 2269 1910 3855 1986">
    <p class='ocr_par' dir='ltr' id='par_1_62' title="bbox 2269 1910 3855 1986">
     <span class='ocr_line' id='line_1_62' title="bbox 2269 1910 3855 1986; baseline -0.006 -16"><span class='ocrx_word' id='word_1_430' title='bbox 2269 1933 2405 1972; x_wconf 73' lang='grc' dir='ltr'>σινο</span> <span class='ocrx_word' id='word_1_431' title='bbox 2435 1918 2595 1985; x_wconf 77' lang='grc' dir='ltr'>εἴπερ</span> <span class='ocrx_word' id='word_1_432' title='bbox 2638 1916 2713 1986; x_wconf 82' lang='grc' dir='ltr'>μὴ</span> <span class='ocrx_word' id='word_1_433' title='bbox 2764 1914 2868 1967; x_wconf 69' lang='grc' dir='ltr'><strong>ὑπὸ</strong></span> <span class='ocrx_word' id='word_1_434' title='bbox 2896 1914 3004 1967; x_wconf 86' lang='grc' dir='ltr'><strong>τῶν</strong></span> <span class='ocrx_word' id='word_1_435' title='bbox 3029 1913 3192 1966; x_wconf 80' lang='grc' dir='ltr'>θείων</span> <span class='ocrx_word' id='word_1_436' title='bbox 3234 1911 3417 1980; x_wconf 87' lang='grc' dir='ltr'>νόμων</span> <span class='ocrx_word' id='word_1_437' title='bbox 3464 1910 3562 1962; x_wconf 76' lang='grc' dir='ltr'>καὶ</span> <span class='ocrx_word' id='word_1_438' title='bbox 3597 1910 3855 1963; x_wconf 82' lang='grc' dir='ltr'>κανόνων</span> 
     </span>
    </p>
   </div>
   <div class='ocr_carea' id='block_1_63' title="bbox 2270 1999 3853 2075">
    <p class='ocr_par' dir='ltr' id='par_1_63' title="bbox 2270 1999 3853 2075">
     <span class='ocr_line' id='line_1_63' title="bbox 2270 1999 3853 2075; baseline -0.008 -12"><span class='ocrx_word' id='word_1_439' title='bbox 2270 2009 2471 2070; x_wconf 85' lang='grc' dir='ltr'>πάντες</span> <span class='ocrx_word' id='word_1_440' title='bbox 2500 2008 2775 2075; x_wconf 77' lang='grc' dir='ltr'>ἄνθρωποι</span> <span class='ocrx_word' id='word_1_441' title='bbox 2807 2000 3250 2072; x_wconf 71' lang='grc' dir='ltr'>ὲξουσιαζόμεθα,</span> <span class='ocrx_word' id='word_1_442' title='bbox 3285 1999 3505 2054; x_wconf 82' lang='grc' dir='ltr'><strong>Τούτων</strong></span> <span class='ocrx_word' id='word_1_443' title='bbox 3531 2000 3637 2071; x_wconf 76' lang='grc' dir='ltr'>ἠδη</span> <span class='ocrx_word' id='word_1_444' title='bbox 3674 2001 3853 2069; x_wconf 80' lang='grc' dir='ltr'>ἀψευ-</span> 
     </span>
    </p>
   </div>
   <div class='ocr_carea' id='block_1_64' title="bbox 2269 2091 3849 2167">
    <p class='ocr_par' dir='ltr' id='par_1_64' title="bbox 2269 2091 3849 2167">
     <span class='ocr_line' id='line_1_64' title="bbox 2269 2091 3849 2167; baseline -0.008 -14"><span class='ocrx_word' id='word_1_445' title='bbox 2269 2100 2376 2163; x_wconf 88' lang='grc' dir='ltr'><strong>δῶς</strong></span> <span class='ocrx_word' id='word_1_446' title='bbox 2406 2099 2511 2152; x_wconf 83' lang='grc' dir='ltr'><strong>ὑπὸ</strong></span> <span class='ocrx_word' id='word_1_447' title='bbox 2538 2098 2638 2167; x_wconf 82' lang='grc' dir='ltr'>τῆς</span> <span class='ocrx_word' id='word_1_448' title='bbox 2668 2096 2942 2159; x_wconf 82' lang='grc' dir='ltr'>εὐτελείας</span> <span class='ocrx_word' id='word_1_449' title='bbox 2978 2095 3135 2165; x_wconf 80' lang='grc' dir='ltr'>ἡμῶν</span> <span class='ocrx_word' id='word_1_450' title='bbox 3165 2091 3582 2162; x_wconf 80' lang='grc' dir='ltr'>ἀνενεχθέντων,</span> <span class='ocrx_word' id='word_1_451' title='bbox 3616 2091 3849 2158; x_wconf 74' lang='grc' dir='ltr'>ἐκείνην</span> 
     </span>
    </p>
   </div>
   <div class='ocr_carea' id='block_1_65' title="bbox 2271 2181 3853 2259">
    <p class='ocr_par' dir='ltr' id='par_1_65' title="bbox 2271 2181 3853 2259">
     <span class='ocr_line' id='line_1_65' title="bbox 2271 2181 3853 2259; baseline -0.006 -17"><span class='ocrx_word' id='word_1_452' title='bbox 2271 2191 2370 2259; x_wconf 79' lang='grc' dir='ltr'>τὴν</span> <span class='ocrx_word' id='word_1_453' title='bbox 2396 2188 2599 2258; x_wconf 73' lang='grc' dir='ltr'>φωνὴν,</span> <span class='ocrx_word' id='word_1_454' title='bbox 2630 2188 2696 2258; x_wconf 81' lang='grc' dir='ltr'>ἣν</span> <span class='ocrx_word' id='word_1_455' title='bbox 2717 2188 2746 2239; x_wconf 83' lang='grc' dir='ltr'>ὁ</span> <span class='ocrx_word' id='word_1_456' title='bbox 2778 2187 3069 2255; x_wconf 76' lang='grc' dir='ltr'>κορυφαῖος</span> <span class='ocrx_word' id='word_1_457' title='bbox 3098 2185 3198 2238; x_wconf 75' lang='grc' dir='ltr'>σὺν</span> <span class='ocrx_word' id='word_1_458' title='bbox 3224 2184 3337 2245; x_wconf 88' lang='grc' dir='ltr'>τοῖς</span> <span class='ocrx_word' id='word_1_459' title='bbox 3364 2181 3568 2244; x_wconf 80' lang='grc' dir='ltr'>λοιποῖς</span> <span class='ocrx_word' id='word_1_460' title='bbox 3606 2181 3853 2234; x_wconf 77' lang='grc' dir='ltr'>ἀποστό-</span> 
     </span>
    </p>
   </div>
   <div class='ocr_carea' id='block_1_66' title="bbox 2270 2269 3851 2346">
    <p class='ocr_par' dir='ltr' id='par_1_66' title="bbox 2270 2269 3851 2346">
     <span class='ocr_line' id='line_1_66' title="bbox 2270 2269 3851 2346; baseline -0.005 -17"><span class='ocrx_word' id='word_1_461' title='bbox 2270 2278 2383 2340; x_wconf 88' lang='grc' dir='ltr'>λοις</span> <span class='ocrx_word' id='word_1_462' title='bbox 2401 2275 2718 2346; x_wconf 77' lang='grc' dir='ltr'>προσήγαγε</span> <span class='ocrx_word' id='word_1_463' title='bbox 2740 2273 2984 2343; x_wconf 85' lang='grc' dir='ltr'>Χριστῷ,</span> <span class='ocrx_word' id='word_1_464' title='bbox 3019 2272 3184 2342; x_wconf 81' lang='grc' dir='ltr'>ἡνίκα</span> <span class='ocrx_word' id='word_1_465' title='bbox 3221 2273 3249 2324; x_wconf 89' lang='grc' dir='ltr'><strong>ό</strong></span> <span class='ocrx_word' id='word_1_466' title='bbox 3271 2270 3373 2340; x_wconf 81' lang='grc' dir='ltr'><strong>τῆς</strong></span> <span class='ocrx_word' id='word_1_467' title='bbox 3409 2269 3696 2338; x_wconf 84' lang='grc' dir='ltr'>θαλάσσης</span> <span class='ocrx_word' id='word_1_468' title='bbox 3728 2270 3851 2322; x_wconf 80' lang='grc' dir='ltr'>κλύ-</span> 
     </span>
    </p>
   </div>
   <div class='ocr_carea' id='block_1_67' title="bbox 2270 2362 3849 2437">
    <p class='ocr_par' dir='ltr' id='par_1_67' title="bbox 2270 2362 3849 2437">
     <span class='ocr_line' id='line_1_67' title="bbox 2270 2362 3849 2437; baseline -0.006 -15"><span class='ocrx_word' id='word_1_469' title='bbox 2270 2371 2376 2421; x_wconf 88' lang='grc' dir='ltr'><strong>δων</strong></span> <span class='ocrx_word' id='word_1_470' title='bbox 2412 2366 2752 2436; x_wconf 83' lang='grc' dir='ltr'>ὲπεγείρετο,</span> <span class='ocrx_word' id='word_1_471' title='bbox 2786 2365 3173 2437; x_wconf 77' lang='grc' dir='ltr'>προσφέρομεν</span> <span class='ocrx_word' id='word_1_472' title='bbox 3198 2365 3263 2433; x_wconf 82' lang='grc' dir='ltr'>τῇ</span> <span class='ocrx_word' id='word_1_473' title='bbox 3289 2362 3735 2433; x_wconf 84' lang='grc' dir='ltr'>Χριστομιμήτῳ</span> <span class='ocrx_word' id='word_1_474' title='bbox 3755 2378 3849 2413; x_wconf 88' lang='grc' dir='ltr'><strong>σου</strong></span> 
     </span>
    </p>
   </div>
   <div class='ocr_carea' id='block_1_68' title="bbox 2276 2451 3848 2528">
    <p class='ocr_par' dir='ltr' id='par_1_68' title="bbox 2276 2451 3848 2528">
     <span class='ocr_line' id='line_1_68' title="bbox 2276 2451 3848 2528; baseline -0.006 -16"><span class='ocrx_word' id='word_1_475' title='bbox 2276 2459 2677 2528; x_wconf 84' lang='grc' dir='ltr'>μακαριότητι·</span> <span class='ocrx_word' id='word_1_476' title='bbox 2724 2457 2933 2511; x_wconf 82' lang='grc' dir='ltr'>Σῶσον</span> <span class='ocrx_word' id='word_1_477' title='bbox 2990 2454 3167 2523; x_wconf 72' lang='grc' dir='ltr'>ἡμᾶς.</span> <span class='ocrx_word' id='word_1_478' title='bbox 3203 2453 3540 2523; x_wconf 85' lang='grc' dir='ltr'>ἀρχιποίμην</span> <span class='ocrx_word' id='word_1_479' title='bbox 3594 2452 3701 2522; x_wconf 82' lang='grc' dir='ltr'><strong>τῆς</strong></span> <span class='ocrx_word' id='word_1_480' title='bbox 3759 2451 3848 2505; x_wconf 82' lang='grc' dir='ltr'><strong>ὑπ’</strong></span> 
     </span>
    </p>
   </div>
   <div class='ocr_carea' id='block_1_69' title="bbox 2272 2541 3849 2616">
    <p class='ocr_par' dir='ltr' id='par_1_69' title="bbox 2272 2541 3849 2616">
     <span class='ocr_line' id='line_1_69' title="bbox 2272 2541 3849 2616; baseline -0.004 -17"><span class='ocrx_word' id='word_1_481' title='bbox 2272 2547 2500 2616; x_wconf 76' lang='grc' dir='ltr'>οὐρανὸν</span> <span class='ocrx_word' id='word_1_482' title='bbox 2540 2544 2888 2613; x_wconf 82' lang='grc' dir='ltr'>Ἐκκλησίας,</span> <span class='ocrx_word' id='word_1_483' title='bbox 2918 2543 3593 2612; x_wconf 74' lang='grc' dir='ltr'>ἁπολλύμεθα.Μίμησαί</span> <span class='ocrx_word' id='word_1_484' title='bbox 3629 2559 3730 2594; x_wconf 92' lang='grc' dir='ltr'><strong>σου</strong></span> <span class='ocrx_word' id='word_1_485' title='bbox 3761 2541 3849 2594; x_wconf 81' lang='grc' dir='ltr'>τὸν</span> 
     </span>
    </p>
   </div>
   <div class='ocr_carea' id='block_1_70' title="bbox 2273 2631 3849 2706">
    <p class='ocr_par' dir='ltr' id='par_1_70' title="bbox 2273 2631 3849 2706">
     <span class='ocr_line' id='line_1_70' title="bbox 2273 2631 3849 2706; baseline -0.004 -13"><span class='ocrx_word' id='word_1_486' title='bbox 2273 2638 2594 2693; x_wconf 86' lang='grc' dir='ltr'>διδάσκαλον</span> <span class='ocrx_word' id='word_1_487' title='bbox 2624 2636 2881 2706; x_wconf 74' lang='grc' dir='ltr'>Χριστὸν,</span> <span class='ocrx_word' id='word_1_488' title='bbox 2932 2634 3026 2686; x_wconf 70' lang='grc' dir='ltr'>καὶ</span> <span class='ocrx_word' id='word_1_489' title='bbox 3049 2633 3234 2704; x_wconf 71' lang='grc' dir='ltr'>ὄρεξον</span> <span class='ocrx_word' id='word_1_490' title='bbox 3256 2634 3414 2701; x_wconf 81' lang='grc' dir='ltr'>χεῖρα</span> <span class='ocrx_word' id='word_1_491' title='bbox 3442 2634 3508 2702; x_wconf 79' lang='grc' dir='ltr'>τῇ</span> <span class='ocrx_word' id='word_1_492' title='bbox 3543 2631 3671 2686; x_wconf 77' lang='grc' dir='ltr'>καθ’</span> <span class='ocrx_word' id='word_1_493' title='bbox 3701 2633 3849 2700; x_wconf 78' lang='grc' dir='ltr'>ἡμᾶς</span> 
     </span>
    </p>
   </div>
   <div class='ocr_carea' id='block_1_71' title="bbox 2286 2723 3849 2801">
    <p class='ocr_par' dir='ltr' id='par_1_71' title="bbox 2286 2723 3849 2801">
     <span class='ocr_line' id='line_1_71' title="bbox 2286 2723 3849 2801; baseline -0.008 -15"><span class='ocrx_word' id='word_1_494' title='bbox 2286 2730 2605 2801; x_wconf 75' lang='grc' dir='ltr'>Ἐκκλησία,</span> <span class='ocrx_word' id='word_1_495' title='bbox 2643 2729 2720 2791; x_wconf 82' lang='grc' dir='ltr'><strong>ὡς</strong></span> <span class='ocrx_word' id='word_1_496' title='bbox 2744 2729 2947 2788; x_wconf 77' lang='grc' dir='ltr'>ἐκεῖνος</span> <span class='ocrx_word' id='word_1_497' title='bbox 2978 2727 3200 2794; x_wconf 70' lang='grc' dir='ltr'><strong>Πέτρῳ·</strong></span> <span class='ocrx_word' id='word_1_498' title='bbox 3232 2724 3356 2777; x_wconf 82' lang='grc' dir='ltr'>ὅσον</span> <span class='ocrx_word' id='word_1_499' title='bbox 3378 2726 3405 2777; x_wconf 89' lang='grc' dir='ltr'><strong>ό</strong></span> <span class='ocrx_word' id='word_1_500' title='bbox 3436 2723 3534 2792; x_wconf 77' lang='grc' dir='ltr'>μὲν</span> <span class='ocrx_word' id='word_1_501' title='bbox 3554 2724 3849 2793; x_wconf 78' lang='grc' dir='ltr'>ἀρχομένῳ</span> 
     </span>
    </p>
   </div>
   <div class='ocr_carea' id='block_1_72' title="bbox 2273 2812 3850 2889">
    <p class='ocr_par' dir='ltr' id='par_1_72' title="bbox 2273 2812 3850 2889">
     <span class='ocr_line' id='line_1_72' title="bbox 2273 2812 3850 2889; baseline -0.005 -11"><span class='ocrx_word' id='word_1_502' title='bbox 2273 2822 2775 2886; x_wconf 75' lang='grc' dir='ltr'>καταποντίζεσθαι</span> <span class='ocrx_word' id='word_1_503' title='bbox 2815 2822 2873 2874; x_wconf 84' lang='grc' dir='ltr'>ὲν</span> <span class='ocrx_word' id='word_1_504' title='bbox 2911 2822 2976 2889; x_wconf 83' lang='grc' dir='ltr'>τῇ</span> <span class='ocrx_word' id='word_1_505' title='bbox 3013 2818 3257 2887; x_wconf 83' lang='grc' dir='ltr'>θαλάσσῃ</span> <span class='ocrx_word' id='word_1_506' title='bbox 3277 2834 3291 2850; x_wconf 72' lang='grc'><em>“</em></span> <span class='ocrx_word' id='word_1_507' title='bbox 3325 2816 3486 2879; x_wconf 80' lang='grc' dir='ltr'>αὐτὸς</span> <span class='ocrx_word' id='word_1_508' title='bbox 3509 2818 3552 2873; x_wconf 76' lang='grc' dir='ltr'>δ’</span> <span class='ocrx_word' id='word_1_509' title='bbox 3580 2812 3647 2869; x_wconf 85' lang='grc' dir='ltr'>αὖ</span> <span class='ocrx_word' id='word_1_510' title='bbox 3679 2833 3850 2870; x_wconf 80' lang='grc' dir='ltr'>κατα-</span> 
     </span>
    </p>
   </div>
   <div class='ocr_carea' id='block_1_73' title="bbox 2276 2907 3850 2985">
    <p class='ocr_par' dir='ltr' id='par_1_73' title="bbox 2276 2907 3850 2985">
     <span class='ocr_line' id='line_1_73' title="bbox 2276 2907 3850 2985; baseline -0.003 -18"><span class='ocrx_word' id='word_1_511' title='bbox 2276 2914 2626 2985; x_wconf 79' lang='grc' dir='ltr'>ποντισθείσῃ</span> <span class='ocrx_word' id='word_1_512' title='bbox 2652 2914 2756 2984; x_wconf 76' lang='grc' dir='ltr'>ήδη</span> <span class='ocrx_word' id='word_1_513' title='bbox 2787 2913 2846 2965; x_wconf 81' lang='grc' dir='ltr'>ὲν</span> <span class='ocrx_word' id='word_1_514' title='bbox 2880 2911 2954 2981; x_wconf 86' lang='grc' dir='ltr'>τῷ</span> <span class='ocrx_word' id='word_1_515' title='bbox 2974 2911 3073 2981; x_wconf 86' lang='grc' dir='ltr'>τῆς</span> <span class='ocrx_word' id='word_1_516' title='bbox 3105 2909 3368 2979; x_wconf 80' lang='grc' dir='ltr'>αἱρέσεως</span> <span class='ocrx_word' id='word_1_517' title='bbox 3398 2907 3573 2979; x_wconf 80' lang='grc' dir='ltr'>βάθει.</span> <span class='ocrx_word' id='word_1_518' title='bbox 3594 2909 3850 2977; x_wconf 82' lang='grc' dir='ltr'>Ζήλωσόν</span> 
     </span>
    </p>
   </div>
   <div class='ocr_carea' id='block_1_74' title="bbox 2278 3000 3851 3077">
    <p class='ocr_par' dir='ltr' id='par_1_74' title="bbox 2278 3000 3851 3077">
     <span class='ocr_line' id='line_1_74' title="bbox 2278 3000 3851 3077; baseline -0.003 -18"><span class='ocrx_word' id='word_1_519' title='bbox 2278 3023 2394 3068; x_wconf 86' lang='grc' dir='ltr'>σου,</span> <span class='ocrx_word' id='word_1_520' title='bbox 2419 3006 2675 3077; x_wconf 83' lang='grc' dir='ltr'>δεόμεθα,</span> <span class='ocrx_word' id='word_1_521' title='bbox 2707 3006 2798 3059; x_wconf 83' lang='grc' dir='ltr'>τὸν</span> <span class='ocrx_word' id='word_1_522' title='bbox 2826 3005 3117 3074; x_wconf 82' lang='grc' dir='ltr'>ὁμώνυμον</span> <span class='ocrx_word' id='word_1_523' title='bbox 3150 3003 3359 3064; x_wconf 87' lang='grc' dir='ltr'>πάπαν,</span> <span class='ocrx_word' id='word_1_524' title='bbox 3396 3001 3491 3055; x_wconf 73' lang='grc' dir='ltr'>καὶ</span> <span class='ocrx_word' id='word_1_525' title='bbox 3512 3000 3586 3063; x_wconf 86' lang='grc' dir='ltr'>ὠς</span> <span class='ocrx_word' id='word_1_526' title='bbox 3638 3002 3851 3063; x_wconf 74' lang='grc' dir='ltr'>ἐκεῖνος</span> 
     </span>
    </p>
   </div>
   <div class='ocr_carea' id='block_1_75' title="bbox 2276 3092 3849 3167">
    <p class='ocr_par' dir='ltr' id='par_1_75' title="bbox 2276 3092 3849 3167">
     <span class='ocr_line' id='line_1_75' title="bbox 2276 3092 3849 3167; baseline -0.004 -16"><span class='ocrx_word' id='word_1_527' title='bbox 2276 3098 2580 3167; x_wconf 76' lang='grc' dir='ltr'>τηνικαῦτα</span> <span class='ocrx_word' id='word_1_528' title='bbox 2620 3098 2720 3167; x_wconf 79' lang='grc' dir='ltr'>τῆς</span> <span class='ocrx_word' id='word_1_529' title='bbox 2752 3096 3157 3166; x_wconf 82' lang='grc' dir='ltr'>Εὐτυχιανικῆς</span> <span class='ocrx_word' id='word_1_530' title='bbox 3192 3094 3457 3164; x_wconf 81' lang='grc' dir='ltr'>αἱρέσεως</span> <span class='ocrx_word' id='word_1_531' title='bbox 3506 3092 3849 3162; x_wconf 81' lang='grc' dir='ltr'>ἁναφυείσης</span> 
     </span>
    </p>
   </div>
   <div class='ocr_carea' id='block_1_76' title="bbox 2278 3182 3849 3259">
    <p class='ocr_par' dir='ltr' id='par_1_76' title="bbox 2278 3182 3849 3259">
     <span class='ocr_line' id='line_1_76' title="bbox 2278 3182 3849 3259; baseline -0.01 -6"><span class='ocrx_word' id='word_1_532' title='bbox 2278 3189 2546 3243; x_wconf 73' lang='grc' dir='ltr'>λεόντειόν</span> <span class='ocrx_word' id='word_1_533' title='bbox 2578 3202 2695 3250; x_wconf 80' lang='grc' dir='ltr'>πως</span> <span class='ocrx_word' id='word_1_534' title='bbox 2720 3188 2977 3259; x_wconf 82' lang='grc' dir='ltr'>διηγέρθη</span> <span class='ocrx_word' id='word_1_535' title='bbox 3014 3187 3091 3256; x_wconf 87' lang='grc' dir='ltr'>τῷ</span> <span class='ocrx_word' id='word_1_536' title='bbox 3122 3186 3413 3256; x_wconf 89' lang='grc' dir='ltr'>πνεύματι,</span> <span class='ocrx_word' id='word_1_537' title='bbox 3432 3182 3508 3246; x_wconf 84' lang='grc' dir='ltr'>ὡς</span> <span class='ocrx_word' id='word_1_538' title='bbox 3543 3184 3695 3236; x_wconf 74' lang='grc' dir='ltr'>ἴσασι</span> <span class='ocrx_word' id='word_1_539' title='bbox 3722 3185 3849 3241; x_wconf 65' lang='grc' dir='ltr'><strong>πάνι</strong></span> 
     </span>
    </p>
   </div>
   <div class='ocr_carea' id='block_1_77' title="bbox 2278 3273 3848 3346">
    <p class='ocr_par' dir='ltr' id='par_1_77' title="bbox 2278 3273 3848 3346">
     <span class='ocr_line' id='line_1_77' title="bbox 2278 3273 3848 3346; baseline -0.006 -12"><span class='ocrx_word' id='word_1_540' title='bbox 2278 3298 2390 3344; x_wconf 86' lang='grc' dir='ltr'>τες,</span> <span class='ocrx_word' id='word_1_541' title='bbox 2420 3283 2541 3342; x_wconf 88' lang='grc' dir='ltr'>ταῖς</span> <span class='ocrx_word' id='word_1_542' title='bbox 2585 3279 2943 3346; x_wconf 84' lang='grc' dir='ltr'>δογματικαῖς</span> <span class='ocrx_word' id='word_1_543' title='bbox 2972 3277 3140 3334; x_wconf 79' lang='grc' dir='ltr'>αὐτοῦ</span> <span class='ocrx_word' id='word_1_544' title='bbox 3195 3275 3542 3336; x_wconf 75' lang='grc' dir='ltr'>ἑπιστολαῖς’</span> <span class='ocrx_word' id='word_1_545' title='bbox 3574 3273 3723 3327; x_wconf 86' lang='grc' dir='ltr'>οῦτω</span> <span class='ocrx_word' id='word_1_546' title='bbox 3754 3276 3848 3328; x_wconf 74' lang='grc' dir='ltr'>καὶ</span> 
     </span>
    </p>
   </div>
   <div class='ocr_carea' id='block_1_78' title="bbox 2279 3366 3844 3441">
    <p class='ocr_par' dir='ltr' id='par_1_78' title="bbox 2279 3366 3844 3441">
     <span class='ocr_line' id='line_1_78' title="bbox 2279 3366 3844 3441; baseline -0.022 -12"><span class='ocrx_word' id='word_1_547' title='bbox 2279 3374 2465 3437; x_wconf 82' lang='grc' dir='ltr'>αὐτὸς,</span> <span class='ocrx_word' id='word_1_548' title='bbox 2500 3372 2684 3441; x_wconf 83' lang='grc' dir='ltr'>τολμῶ</span> <span class='ocrx_word' id='word_1_549' title='bbox 2736 3370 2936 3438; x_wconf 84' lang='grc' dir='ltr'>λέγειν,</span> <span class='ocrx_word' id='word_1_550' title='bbox 2997 3370 3358 3440; x_wconf 74' lang='grc' dir='ltr'>φερωνύμως,</span> <span class='ocrx_word' id='word_1_551' title='bbox 3406 3366 3603 3438; x_wconf 78' lang='grc' dir='ltr'>βρύξον</span> <span class='ocrx_word' id='word_1_552' title='bbox 3651 3366 3844 3428; x_wconf 58' lang='grc' dir='ltr'><strong>θείως.</strong></span> 
     </span>
    </p>
   </div>
   <div class='ocr_carea' id='block_1_79' title="bbox 2283 3456 3844 3536">
    <p class='ocr_par' dir='ltr' id='par_1_79' title="bbox 2283 3456 3844 3536">
     <span class='ocr_line' id='line_1_79' title="bbox 2283 3456 3844 3536; baseline -0.006 -18"><span class='ocrx_word' id='word_1_553' title='bbox 2283 3466 2487 3536; x_wconf 83' lang='grc' dir='ltr'>μᾶλλον</span> <span class='ocrx_word' id='word_1_554' title='bbox 2514 3463 2572 3517; x_wconf 81' lang='grc' dir='ltr'>δὲ</span> <span class='ocrx_word' id='word_1_555' title='bbox 2604 3462 2899 3534; x_wconf 87' lang='grc' dir='ltr'>βρόντησον</span> <span class='ocrx_word' id='word_1_556' title='bbox 2930 3461 3071 3512; x_wconf 84' lang='grc' dir='ltr'>κατὰ</span> <span class='ocrx_word' id='word_1_557' title='bbox 3093 3462 3192 3528; x_wconf 83' lang='grc' dir='ltr'>τῆς</span> <span class='ocrx_word' id='word_1_558' title='bbox 3218 3459 3497 3530; x_wconf 82' lang='grc' dir='ltr'>παρούσης</span> <span class='ocrx_word' id='word_1_559' title='bbox 3527 3456 3844 3522; x_wconf 80' lang='grc' dir='ltr'>κακοδοξίας</span> 
     </span>
    </p>
   </div>
   <div class='ocr_carea' id='block_1_80' title="bbox 2280 3546 3845 3623">
    <p class='ocr_par' dir='ltr' id='par_1_80' title="bbox 2280 3546 3845 3623">
     <span class='ocr_line' id='line_1_80' title="bbox 2280 3546 3845 3623; baseline -0.006 -12"><span class='ocrx_word' id='word_1_560' title='bbox 2280 3558 2345 3611; x_wconf 78' lang='grc' dir='ltr'><strong>τὰ</strong></span> <span class='ocrx_word' id='word_1_561' title='bbox 2387 3556 2590 3610; x_wconf 73' lang='grc' dir='ltr'>εἰκότα.</span> <span class='ocrx_word' id='word_1_562' title='bbox 2633 3556 2694 3608; x_wconf 84' lang='lat' dir='ltr'><strong>Ei</strong></span> <span class='ocrx_word' id='word_1_563' title='bbox 2745 3554 2857 3623; x_wconf 85' lang='grc' dir='ltr'>γὰρ</span> <span class='ocrx_word' id='word_1_564' title='bbox 2904 3546 3052 3606; x_wconf 73' lang='grc' dir='ltr'>οὗτοι</span> <span class='ocrx_word' id='word_1_565' title='bbox 3088 3552 3304 3613; x_wconf 79' lang='grc' dir='ltr'>ἑαυτοῖς</span> <span class='ocrx_word' id='word_1_566' title='bbox 3355 3551 3845 3619; x_wconf 73' lang='grc' dir='ltr'>ὲξαυθεντήσαντες</span> 
     </span>
    </p>
   </div>
   <div class='ocr_carea' id='block_1_81' title="bbox 2281 3642 3843 3722">
    <p class='ocr_par' dir='ltr' id='par_1_81' title="bbox 2281 3642 3843 3722">
     <span class='ocr_line' id='line_1_81' title="bbox 2281 3642 3843 3722; baseline -0.008 -17"><span class='ocrx_word' id='word_1_567' title='bbox 2281 3651 2563 3722; x_wconf 76' lang='grc' dir='ltr'>αἱρετικὴν</span> <span class='ocrx_word' id='word_1_568' title='bbox 2603 3648 2818 3701; x_wconf 85' lang='grc' dir='ltr'>σύνοδον</span> <span class='ocrx_word' id='word_1_569' title='bbox 2843 3644 3200 3717; x_wconf 80' lang='grc' dir='ltr'>ἐκπληρῶσαι</span> <span class='ocrx_word' id='word_1_570' title='bbox 3245 3644 3350 3696; x_wconf 62' lang='grc' dir='ltr'>οὐκ</span> <span class='ocrx_word' id='word_1_571' title='bbox 3367 3644 3600 3711; x_wconf 81' lang='grc' dir='ltr'>ἔδεισαν,</span> <span class='ocrx_word' id='word_1_572' title='bbox 3648 3642 3843 3711; x_wconf 76' lang='grc' dir='ltr'>καίπερ</span> 
     </span>
    </p>
   </div>
   <div class='ocr_carea' id='block_1_82' title="bbox 2282 3732 3841 3811">
    <p class='ocr_par' dir='ltr' id='par_1_82' title="bbox 2282 3732 3841 3811">
     <span class='ocr_line' id='line_1_82' title="bbox 2282 3732 3841 3811; baseline -0.005 -16"><span class='ocrx_word' id='word_1_573' title='bbox 2282 3744 2331 3794; x_wconf 86' lang='grc' dir='ltr'><strong>εί</strong></span> <span class='ocrx_word' id='word_1_574' title='bbox 2360 3742 2456 3795; x_wconf 75' lang='grc' dir='ltr'>καὶ</span> <span class='ocrx_word' id='word_1_575' title='bbox 2478 3740 2755 3811; x_wconf 78' lang='grc' dir='ltr'>ὀρθόδοξον</span> <span class='ocrx_word' id='word_1_576' title='bbox 2776 3739 2877 3792; x_wconf 81' lang='grc' dir='ltr'>οὐκ</span> <span class='ocrx_word' id='word_1_577' title='bbox 2906 3738 3035 3792; x_wconf 79' lang='grc' dir='ltr'>ἄνευ</span> <span class='ocrx_word' id='word_1_578' title='bbox 3071 3735 3171 3804; x_wconf 86' lang='grc' dir='ltr'>τῆς</span> <span class='ocrx_word' id='word_1_579' title='bbox 3203 3733 3358 3803; x_wconf 84' lang='grc' dir='ltr'>ὑμῶν</span> <span class='ocrx_word' id='word_1_580' title='bbox 3409 3736 3673 3805; x_wconf 79' lang='grc' dir='ltr'>είδήσεως</span> <span class='ocrx_word' id='word_1_581' title='bbox 3702 3732 3841 3797; x_wconf 75' lang='grc' dir='ltr'>ἑξουο</span> 
     </span>
    </p>
   </div>
   <div class='ocr_carea' id='block_1_83' title="bbox 2284 3823 3837 3899">
    <p class='ocr_par' dir='ltr' id='par_1_83' title="bbox 2284 3823 3837 3899">
     <span class='ocr_line' id='line_1_83' title="bbox 2284 3823 3837 3899; baseline -0.008 -13"><span class='ocrx_word' id='word_1_582' title='bbox 2284 3833 2578 3898; x_wconf 80' lang='grc' dir='ltr'>σιάζοντες,</span> <span class='ocrx_word' id='word_1_583' title='bbox 2609 3831 2684 3895; x_wconf 85' lang='grc' dir='ltr'><strong>ὡς</strong></span> <span class='ocrx_word' id='word_1_584' title='bbox 2703 3831 2765 3884; x_wconf 80' lang='grc' dir='ltr'>τὸ</span> <span class='ocrx_word' id='word_1_585' title='bbox 2803 3829 3009 3884; x_wconf 76' lang='grc' dir='ltr'>ἄνωθεν</span> <span class='ocrx_word' id='word_1_586' title='bbox 3040 3825 3381 3899; x_wconf 80' lang='grc' dir='ltr'>κεκρατηκὸς</span> <span class='ocrx_word' id='word_1_587' title='bbox 3410 3823 3530 3888; x_wconf 77' lang='grc' dir='ltr'>ἔθος</span> <span class='ocrx_word' id='word_1_588' title='bbox 3549 3842 3563 3855; x_wconf 94' lang='grc'><strong>·</strong></span> <span class='ocrx_word' id='word_1_589' title='bbox 3603 3826 3752 3894; x_wconf 79' lang='grc' dir='ltr'>πόσῳ</span> <span class='ocrx_word' id='word_1_590' title='bbox 3779 3841 3837 3893; x_wconf 72' lang='grc' dir='ltr'>τε</span> 
     </span>
    </p>
   </div>
   <div class='ocr_carea' id='block_1_84' title="bbox 2287 3914 3839 3995">
    <p class='ocr_par' dir='ltr' id='par_1_84' title="bbox 2287 3914 3839 3995">
     <span class='ocr_line' id='line_1_84' title="bbox 2287 3914 3839 3995; baseline -0.007 -18"><span class='ocrx_word' id='word_1_591' title='bbox 2287 3924 2486 3995; x_wconf 81' lang='grc' dir='ltr'>μᾶλλον</span> <span class='ocrx_word' id='word_1_592' title='bbox 2511 3921 2731 3988; x_wconf 79' lang='grc' dir='ltr'>εὔλογον</span> <span class='ocrx_word' id='word_1_593' title='bbox 2754 3922 2847 3974; x_wconf 69' lang='grc' dir='ltr'>καὶ</span> <span class='ocrx_word' id='word_1_594' title='bbox 2873 3920 3168 3987; x_wconf 80' lang='grc' dir='ltr'>ἀναγκαῖον</span> <span class='ocrx_word' id='word_1_595' title='bbox 3200 3917 3265 3970; x_wconf 79' lang='grc' dir='ltr'>ἂν</span> <span class='ocrx_word' id='word_1_596' title='bbox 3286 3914 3395 3984; x_wconf 72' lang='grc' dir='ltr'>εἴη,</span> <span class='ocrx_word' id='word_1_597' title='bbox 3429 3914 3839 3983; x_wconf 77' lang='grc' dir='ltr'>ὑπομιμνήσκο-</span> 
     </span>
    </p>
   </div>
   <div class='ocr_carea' id='block_1_85' title="bbox 2288 4004 3838 4085">
    <p class='ocr_par' dir='ltr' id='par_1_85' title="bbox 2288 4004 3838 4085">
     <span class='ocr_line' id='line_1_85' title="bbox 2288 4004 3838 4085; baseline -0.008 -18"><span class='ocrx_word' id='word_1_598' title='bbox 2288 4033 2387 4085; x_wconf 90' lang='grc' dir='ltr'><strong>μεν</strong></span> <span class='ocrx_word' id='word_1_599' title='bbox 2413 4014 2580 4084; x_wconf 79' lang='grc' dir='ltr'>φόϐῳ,</span> <span class='ocrx_word' id='word_1_600' title='bbox 2614 4011 2719 4065; x_wconf 79' lang='grc' dir='ltr'><strong>ὑπὸ</strong></span> <span class='ocrx_word' id='word_1_601' title='bbox 2746 4011 2846 4079; x_wconf 80' lang='grc' dir='ltr'>τῆς</span> <span class='ocrx_word' id='word_1_602' title='bbox 2901 4010 3051 4073; x_wconf 88' lang='grc' dir='ltr'>θείας</span> <span class='ocrx_word' id='word_1_603' title='bbox 3083 4005 3438 4080; x_wconf 85' lang='grc' dir='ltr'>πρωταρχίας</span> <span class='ocrx_word' id='word_1_604' title='bbox 3473 4020 3593 4068; x_wconf 84' lang='grc' dir='ltr'>σου,</span> <span class='ocrx_word' id='word_1_605' title='bbox 3622 4004 3838 4073; x_wconf 72' lang='grc' dir='ltr'>ἔννομον</span> 
     </span>
    </p>
   </div>
   <div class='ocr_carea' id='block_1_86' title="bbox 2285 4096 3839 4177">
    <p class='ocr_par' dir='ltr' id='par_1_86' title="bbox 2285 4096 3839 4177">
     <span class='ocr_line' id='line_1_86' title="bbox 2285 4096 3839 4177; baseline -0.009 -17"><span class='ocrx_word' id='word_1_606' title='bbox 2285 4106 2619 4177; x_wconf 78' lang='grc' dir='ltr'>κρατηθῆναι</span> <span class='ocrx_word' id='word_1_607' title='bbox 2664 4104 2903 4168; x_wconf 82' lang='grc' dir='ltr'>σύνοδον,</span> <span class='ocrx_word' id='word_1_608' title='bbox 2938 4102 3013 4165; x_wconf 81' lang='grc' dir='ltr'><strong>ὡς</strong></span> <span class='ocrx_word' id='word_1_609' title='bbox 3044 4102 3110 4155; x_wconf 80' lang='grc' dir='ltr'>ἂν</span> <span class='ocrx_word' id='word_1_610' title='bbox 3158 4099 3222 4154; x_wconf 75' lang='grc' dir='ltr'>τὸ</span> <span class='ocrx_word' id='word_1_611' title='bbox 3270 4096 3554 4168; x_wconf 77' lang='grc' dir='ltr'>όρθύδοξον</span> <span class='ocrx_word' id='word_1_612' title='bbox 3592 4096 3694 4165; x_wconf 84' lang='grc' dir='ltr'>τῆς</span> <span class='ocrx_word' id='word_1_613' title='bbox 3728 4096 3839 4148; x_wconf 85' lang='grc' dir='ltr'><strong>Ἐκ-</strong></span> 
     </span>
    </p>
   </div>
   <div class='ocr_carea' id='block_1_87' title="bbox 2286 4184 3837 4269">
    <p class='ocr_par' dir='ltr' id='par_1_87' title="bbox 2286 4184 3837 4269">
     <span class='ocr_line' id='line_1_87' title="bbox 2286 4184 3837 4269; baseline -0.01 -17"><span class='ocrx_word' id='word_1_614' title='bbox 2286 4198 2514 4269; x_wconf 87' lang='grc' dir='ltr'>κλησίας</span> <span class='ocrx_word' id='word_1_615' title='bbox 2569 4195 2765 4265; x_wconf 82' lang='grc' dir='ltr'>δόγμα,</span> <span class='ocrx_word' id='word_1_616' title='bbox 2824 4195 2884 4247; x_wconf 77' lang='grc' dir='ltr'>τὸ</span> <span class='ocrx_word' id='word_1_617' title='bbox 2934 4191 3209 4263; x_wconf 74' lang='grc' dir='ltr'>αἱρετικὸν</span> <span class='ocrx_word' id='word_1_618' title='bbox 3261 4186 3708 4258; x_wconf 85' lang='grc' dir='ltr'>ἀποκρούσηται·</span> <span class='ocrx_word' id='word_1_619' title='bbox 3751 4184 3837 4239; x_wconf 72' lang='grc' dir='ltr'>καὶ</span> 
     </span>
    </p>
   </div>
   <div class='ocr_carea' id='block_1_88' title="bbox 2290 4276 3836 4361">
    <p class='ocr_par' dir='ltr' id='par_1_88' title="bbox 2290 4276 3836 4361">
     <span class='ocr_line' id='line_1_88' title="bbox 2290 4276 3836 4361; baseline -0.008 -17"><span class='ocrx_word' id='word_1_620' title='bbox 2290 4291 2477 4361; x_wconf 82' lang='grc' dir='ltr'>μήτεή</span> <span class='ocrx_word' id='word_1_621' title='bbox 2507 4287 2878 4357; x_wconf 76' lang='grc' dir='ltr'>κορυφαιότης</span> <span class='ocrx_word' id='word_1_622' title='bbox 2914 4301 3005 4337; x_wconf 88' lang='grc' dir='ltr'><strong>σου</strong></span> <span class='ocrx_word' id='word_1_623' title='bbox 3041 4284 3138 4336; x_wconf 79' lang='grc' dir='ltr'>σὺν</span> <span class='ocrx_word' id='word_1_624' title='bbox 3190 4283 3364 4336; x_wconf 82' lang='grc' dir='ltr'>ἆπασι</span> <span class='ocrx_word' id='word_1_625' title='bbox 3390 4282 3504 4341; x_wconf 86' lang='grc' dir='ltr'>τοῖς</span> <span class='ocrx_word' id='word_1_626' title='bbox 3546 4276 3836 4348; x_wconf 76' lang='grc' dir='ltr'>ὀρθοδόξοις</span> 
     </span>
    </p>
   </div>
   <div class='ocr_carea' id='block_1_89' title="bbox 2288 4367 3836 4449">
    <p class='ocr_par' dir='ltr' id='par_1_89' title="bbox 2288 4367 3836 4449">
     <span class='ocr_line' id='line_1_89' title="bbox 2288 4367 3836 4449; baseline -0.01 -15"><span class='ocrx_word' id='word_1_627' title='bbox 2288 4378 2740 4449; x_wconf 75' lang='grc' dir='ltr'>ἁναθεματίζοιτο</span> <span class='ocrx_word' id='word_1_628' title='bbox 2791 4374 2943 4445; x_wconf 85' lang='grc' dir='ltr'>παρὰ</span> <span class='ocrx_word' id='word_1_629' title='bbox 2968 4373 3077 4426; x_wconf 87' lang='grc' dir='ltr'><strong>τῶν</strong></span> <span class='ocrx_word' id='word_1_630' title='bbox 3119 4373 3256 4427; x_wconf 86' lang='grc' dir='ltr'>νέων</span> <span class='ocrx_word' id='word_1_631' title='bbox 3307 4368 3666 4439; x_wconf 79' lang='grc' dir='ltr'>κενοφώνων·</span> <span class='ocrx_word' id='word_1_632' title='bbox 3722 4367 3836 4437; x_wconf 74' lang='grc' dir='ltr'>μήτ’</span> 
     </span>
    </p>
   </div>
   <div class='ocr_carea' id='block_1_90' title="bbox 614 4456 2174 4540">
    <p class='ocr_par' dir='ltr' id='par_1_90' title="bbox 614 4467 2170 4540">
     <span class='ocr_line' id='line_1_90' title="bbox 614 4467 2170 4540; baseline 0.004 -20"><span class='ocrx_word' id='word_1_633' title='bbox 614 4468 971 4520; x_wconf 90' lang='lat' dir='ltr'><strong>adulterinam</strong></span> <span class='ocrx_word' id='word_1_634' title='bbox 1006 4467 1143 4521; x_wconf 87' lang='lat' dir='ltr'><strong>hanc</strong></span> <span class='ocrx_word' id='word_1_635' title='bbox 1163 4468 1428 4537; x_wconf 83' lang='lat' dir='ltr'><strong>synodum</strong></span> <span class='ocrx_word' id='word_1_636' title='bbox 1461 4468 1628 4530; x_wconf 90' lang='lat' dir='ltr'><strong>nacti,</strong></span> <span class='ocrx_word' id='word_1_637' title='bbox 1656 4469 1855 4537; x_wconf 87' lang='lat' dir='ltr'><strong>quibus</strong></span> <span class='ocrx_word' id='word_1_638' title='bbox 1882 4470 1933 4524; x_wconf 88' lang='lat' dir='ltr'><strong>id</strong></span> <span class='ocrx_word' id='word_1_639' title='bbox 1975 4473 2170 4540; x_wconf 87' lang='lat' dir='ltr'><strong>placet,</strong></span> 
     </span>
    </p>
   </div>
   <div class='ocr_carea' id='block_1_91' title="bbox 2278 4456 3833 4540">
    <p class='ocr_par' dir='ltr' id='par_1_91' title="bbox 2278 4456 3833 4540">
     <span class='ocr_line' id='line_1_91' title="bbox 2278 4456 3833 4540; baseline -0.01 -17"><span class='ocrx_word' id='word_1_640' title='bbox 2278 4471 2343 4523; x_wconf 85' lang='grc' dir='ltr'><strong>αῦ</strong></span> <span class='ocrx_word' id='word_1_641' title='bbox 2369 4467 2704 4540; x_wconf 81' lang='grc' dir='ltr'>ὁρμητήριον</span> <span class='ocrx_word' id='word_1_642' title='bbox 2721 4464 2949 4535; x_wconf 78' lang='grc' dir='ltr'>ἀνομίας</span> <span class='ocrx_word' id='word_1_643' title='bbox 2974 4463 3074 4531; x_wconf 86' lang='grc' dir='ltr'>τὴν</span> <span class='ocrx_word' id='word_1_644' title='bbox 3106 4460 3481 4531; x_wconf 85' lang='grc' dir='ltr'>μοιχοσύνοδον</span> <span class='ocrx_word' id='word_1_645' title='bbox 3501 4456 3833 4529; x_wconf 77' lang='grc' dir='ltr'>εὑρίσκοντες</span> 
     </span>
    </p>
   </div>
   <div class='ocr_carea' id='block_1_92' title="bbox 615 4558 2177 4634">
    <p class='ocr_par' dir='ltr' id='par_1_92' title="bbox 615 4558 2177 4634">
     <span class='ocr_line' id='line_1_92' title="bbox 615 4558 2177 4634; baseline 0.004 -22"><span class='ocrx_word' id='word_1_646' title='bbox 615 4560 669 4613; x_wconf 92' lang='lat' dir='ltr'><strong>in</strong></span> <span class='ocrx_word' id='word_1_647' title='bbox 722 4569 1005 4629; x_wconf 83' lang='lat' dir='ltr'><strong>peccatum</strong></span> <span class='ocrx_word' id='word_1_648' title='bbox 1036 4558 1194 4613; x_wconf 83' lang='lat' dir='ltr'><strong>facile</strong></span> <span class='ocrx_word' id='word_1_649' title='bbox 1241 4559 1617 4628; x_wconf 87' lang='lat' dir='ltr'><strong>prolabantur.</strong></span> <span class='ocrx_word' id='word_1_650' title='bbox 1648 4560 1791 4627; x_wconf 83' lang='lat' dir='ltr'><strong>Hac,</strong></span> <span class='ocrx_word' id='word_1_651' title='bbox 1827 4562 1967 4618; x_wconf 83' lang='lat' dir='ltr'><strong>sicut</strong></span> <span class='ocrx_word' id='word_1_652' title='bbox 1994 4567 2177 4634; x_wconf 86' lang='lat' dir='ltr'><strong>parvi-</strong></span> 
     </span>
    </p>
   </div>
   <div class='ocr_carea' id='block_1_93' title="bbox 613 4651 2179 4713">
    <p class='ocr_par' dir='ltr' id='par_1_93' title="bbox 613 4651 2179 4713">
     <span class='ocr_line' id='line_1_93' title="bbox 613 4651 2179 4713; baseline 0.004 -8"><span class='ocrx_word' id='word_1_653' title='bbox 613 4652 709 4705; x_wconf 79' lang='lat' dir='ltr'><strong>tali</strong></span> <span class='ocrx_word' id='word_1_654' title='bbox 734 4665 935 4706; x_wconf 82' lang='lat' dir='ltr'><strong>nostra</strong></span> <span class='ocrx_word' id='word_1_655' title='bbox 972 4651 1352 4713; x_wconf 81' lang='lat' dir='ltr'><strong>conveniebat.</strong></span> <span class='ocrx_word' id='word_1_656' title='bbox 1382 4661 1441 4705; x_wconf 91' lang='lat' dir='ltr'><strong>ut</strong></span> <span class='ocrx_word' id='word_1_657' title='bbox 1480 4652 1704 4708; x_wconf 90' lang='lat' dir='ltr'><strong>minima</strong></span> <span class='ocrx_word' id='word_1_658' title='bbox 1732 4654 1990 4710; x_wconf 85' lang='lat' dir='ltr'><strong>Ecclesia</strong></span> <span class='ocrx_word' id='word_1_659' title='bbox 2010 4672 2179 4711; x_wconf 86' lang='lat' dir='ltr'><strong>mem-</strong></span> 
     </span>
    </p>
   </div>
   <div class='ocr_carea' id='block_1_94' title="bbox 613 4743 2180 4817">
    <p class='ocr_par' dir='ltr' id='par_1_94' title="bbox 613 4743 2180 4817">
     <span class='ocr_line' id='line_1_94' title="bbox 613 4743 2180 4817; baseline 0.004 -22"><span class='ocrx_word' id='word_1_660' title='bbox 613 4744 707 4796; x_wconf 84' lang='lat' dir='ltr'><strong>bra</strong></span> <span class='ocrx_word' id='word_1_661' title='bbox 744 4751 1215 4811; x_wconf 88' lang='lat' dir='ltr'><strong>reprasentantes,</strong></span> <span class='ocrx_word' id='word_1_662' title='bbox 1242 4752 1297 4797; x_wconf 91' lang='lat' dir='ltr'><strong>et</strong></span> <span class='ocrx_word' id='word_1_663' title='bbox 1334 4743 1519 4798; x_wconf 89' lang='lat' dir='ltr'><strong>divino</strong></span> <span class='ocrx_word' id='word_1_664' title='bbox 1550 4746 1802 4813; x_wconf 86' lang='lat' dir='ltr'><strong>pastorali</strong></span> <span class='ocrx_word' id='word_1_665' title='bbox 1835 4758 2017 4801; x_wconf 81' lang='lat' dir='ltr'><strong>vestro</strong></span> <span class='ocrx_word' id='word_1_666' title='bbox 2036 4748 2180 4817; x_wconf 85' lang='lat' dir='ltr'><strong>prin-</strong></span> 
     </span>
    </p>
   </div>
   <div class='ocr_carea' id='block_1_95' title="bbox 614 4837 2173 4906">
    <p class='ocr_par' dir='ltr' id='par_1_95' title="bbox 614 4837 2173 4906">
     <span class='ocr_line' id='line_1_95' title="bbox 614 4837 2173 4906; baseline 0.001 -15"><span class='ocrx_word' id='word_1_667' title='bbox 614 4837 813 4906; x_wconf 81' lang='lat' dir='ltr'><strong>cipatui</strong></span> <span class='ocrx_word' id='word_1_668' title='bbox 846 4846 1130 4906; x_wconf 85' lang='lat' dir='ltr'><strong>parentes;</strong></span> <span class='ocrx_word' id='word_1_669' title='bbox 1184 4837 1532 4891; x_wconf 86' lang='lat' dir='ltr'><strong>obsecramus</strong></span> <span class='ocrx_word' id='word_1_670' title='bbox 1579 4838 1646 4893; x_wconf 90' lang='lat' dir='ltr'><strong>de</strong></span> <span class='ocrx_word' id='word_1_671' title='bbox 1696 4847 1890 4892; x_wconf 86' lang='lat' dir='ltr'><strong>catero</strong></span> <span class='ocrx_word' id='word_1_672' title='bbox 1933 4847 2173 4894; x_wconf 89' lang='lat' dir='ltr'><strong>sanctam</strong></span> 
     </span>
    </p>
   </div>
   <div class='ocr_carea' id='block_1_96' title="bbox 615 4928 2172 4997">
    <p class='ocr_par' dir='ltr' id='par_1_96' title="bbox 615 4928 2172 4997">
     <span class='ocr_line' id='line_1_96' title="bbox 615 4928 2172 4997; baseline 0.001 -18"><span class='ocrx_word' id='word_1_673' title='bbox 615 4928 849 4980; x_wconf 89' lang='lat' dir='ltr'><strong>animam</strong></span> <span class='ocrx_word' id='word_1_674' title='bbox 873 4935 1129 4989; x_wconf 89' lang='lat' dir='ltr'><strong>vestram,</strong></span> <span class='ocrx_word' id='word_1_675' title='bbox 1163 4935 1221 4980; x_wconf 93' lang='lat' dir='ltr'><strong>ut</strong></span> <span class='ocrx_word' id='word_1_676' title='bbox 1241 4942 1339 4981; x_wconf 90' lang='lat' dir='ltr'><strong>nos</strong></span> <span class='ocrx_word' id='word_1_677' title='bbox 1367 4943 1465 4981; x_wconf 91' lang='lat' dir='ltr'><strong>ceu</strong></span> <span class='ocrx_word' id='word_1_678' title='bbox 1498 4929 1748 4997; x_wconf 86' lang='lat' dir='ltr'><strong>proprias</strong></span> <span class='ocrx_word' id='word_1_679' title='bbox 1780 4943 1907 4982; x_wconf 87' lang='lat' dir='ltr'><strong>oves</strong></span> <span class='ocrx_word' id='word_1_680' title='bbox 1938 4937 2172 4997; x_wconf 89' lang='lat' dir='ltr'><strong>reputet,</strong></span> 
     </span>
    </p>
   </div>
   <div class='ocr_carea' id='block_1_97' title="bbox 613 5016 2175 5085">
    <p class='ocr_par' dir='ltr' id='par_1_97' title="bbox 613 5016 2175 5085">
     <span class='ocr_line' id='line_1_97' title="bbox 613 5016 2175 5085; baseline 0.004 -18"><span class='ocrx_word' id='word_1_681' title='bbox 613 5025 669 5068; x_wconf 87' lang='lat' dir='ltr'><strong>et</strong></span> <span class='ocrx_word' id='word_1_682' title='bbox 708 5016 876 5069; x_wconf 86' lang='lat' dir='ltr'><strong>sacris</strong></span> <span class='ocrx_word' id='word_1_683' title='bbox 897 5016 1151 5084; x_wconf 90' lang='lat' dir='ltr'><strong>precibus</strong></span> <span class='ocrx_word' id='word_1_684' title='bbox 1181 5016 1295 5070; x_wconf 90' lang='lat' dir='ltr'><strong>suis</strong></span> <span class='ocrx_word' id='word_1_685' title='bbox 1321 5017 1535 5070; x_wconf 91' lang='lat' dir='ltr'><strong>eminus</strong></span> <span class='ocrx_word' id='word_1_686' title='bbox 1561 5018 1814 5081; x_wconf 74' lang='lat' dir='ltr'><strong>illustrat,</strong></span> <span class='ocrx_word' id='word_1_687' title='bbox 1857 5026 2017 5085; x_wconf 89' lang='lat' dir='ltr'><strong>atque</strong></span> <span class='ocrx_word' id='word_1_688' title='bbox 2044 5033 2175 5073; x_wconf 90' lang='lat' dir='ltr'><strong>con-</strong></span> 
     </span>
    </p>
   </div>
   <div class='ocr_carea' id='block_1_98' title="bbox 615 5104 2177 5172">
    <p class='ocr_par' dir='ltr' id='par_1_98' title="bbox 615 5104 2177 5172">
     <span class='ocr_line' id='line_1_98' title="bbox 615 5104 2177 5172; baseline 0.002 -14"><span class='ocrx_word' id='word_1_689' title='bbox 615 5106 810 5158; x_wconf 86' lang='lat' dir='ltr'><strong>ﬁrmet.</strong></span> <span class='ocrx_word' id='word_1_690' title='bbox 841 5104 994 5170; x_wconf 86' lang='lat' dir='ltr'><strong>Quod</strong></span> <span class='ocrx_word' id='word_1_691' title='bbox 1050 5106 1093 5161; x_wconf 91' lang='lat' dir='ltr'><strong>si</strong></span> <span class='ocrx_word' id='word_1_692' title='bbox 1124 5106 1287 5160; x_wconf 91' lang='lat' dir='ltr'><strong>etiam</strong></span> <span class='ocrx_word' id='word_1_693' title='bbox 1322 5107 1696 5172; x_wconf 91' lang='lat' dir='ltr'><strong>documentis;</strong></span> <span class='ocrx_word' id='word_1_694' title='bbox 1758 5116 1862 5161; x_wconf 85' lang='lat' dir='ltr'><strong>tua</strong></span> <span class='ocrx_word' id='word_1_695' title='bbox 1897 5108 1949 5162; x_wconf 89' lang='lat' dir='ltr'><strong>id</strong></span> <span class='ocrx_word' id='word_1_696' title='bbox 2013 5106 2177 5163; x_wconf 76' lang='lat' dir='ltr'><strong>fuerit</strong></span> 
     </span>
    </p>
   </div>
   <div class='ocr_carea' id='block_1_99' title="bbox 614 5193 2175 5267">
    <p class='ocr_par' dir='ltr' id='par_1_99' title="bbox 614 5193 2175 5267">
     <span class='ocr_line' id='line_1_99' title="bbox 614 5193 2175 5267; baseline 0.004 -21"><span class='ocrx_word' id='word_1_697' title='bbox 614 5193 810 5249; x_wconf 84' lang='lat' dir='ltr'><strong>divina</strong></span> <span class='ocrx_word' id='word_1_698' title='bbox 843 5196 1226 5266; x_wconf 83' lang='lat' dir='ltr'><strong>benignitatis:</strong></span> <span class='ocrx_word' id='word_1_699' title='bbox 1271 5197 1707 5267; x_wconf 85' lang='lat' dir='ltr'><strong>quandoquidem</strong></span> <span class='ocrx_word' id='word_1_700' title='bbox 1747 5207 1804 5252; x_wconf 91' lang='lat' dir='ltr'><strong>et</strong></span> <span class='ocrx_word' id='word_1_701' title='bbox 1840 5197 2088 5252; x_wconf 86' lang='lat' dir='ltr'><strong>Christus</strong></span> <span class='ocrx_word' id='word_1_702' title='bbox 2108 5200 2175 5253; x_wconf 87' lang='lat' dir='ltr'><strong>ad</strong></span> 
     </span>
    </p>
   </div>
   <div class='ocr_carea' id='block_1_100' title="bbox 616 5285 2174 5358">
    <p class='ocr_par' dir='ltr' id='par_1_100' title="bbox 616 5285 2174 5358">
     <span class='ocr_line' id='line_1_100' title="bbox 616 5285 2174 5358; baseline 0.004 -23"><span class='ocrx_word' id='word_1_703' title='bbox 616 5285 889 5353; x_wconf 80' lang='lat' dir='ltr'><strong>Ahgarum</strong></span> <span class='ocrx_word' id='word_1_704' title='bbox 939 5285 1175 5354; x_wconf 86' lang='lat' dir='ltr'><strong>scripsit,</strong></span> <span class='ocrx_word' id='word_1_705' title='bbox 1209 5295 1264 5341; x_wconf 90' lang='lat' dir='ltr'><strong>et</strong></span> <span class='ocrx_word' id='word_1_706' title='bbox 1298 5287 1452 5340; x_wconf 84' lang='lat' dir='ltr'><strong>multi</strong></span> <span class='ocrx_word' id='word_1_707' title='bbox 1483 5288 1647 5341; x_wconf 84' lang='lat' dir='ltr'><strong>etiam</strong></span> <span class='ocrx_word' id='word_1_708' title='bbox 1682 5303 1712 5342; x_wconf 88' lang='lat' dir='ltr'><strong>e</strong></span> <span class='ocrx_word' id='word_1_709' title='bbox 1772 5287 2004 5342; x_wconf 90' lang='lat' dir='ltr'><strong>subditis</strong></span> <span class='ocrx_word' id='word_1_710' title='bbox 2030 5288 2174 5358; x_wconf 91' lang='lat' dir='ltr'><strong>digni</strong></span> 
     </span>
    </p>
   </div>
   <div class='ocr_carea' id='block_1_101' title="bbox 618 5376 2179 5452">
    <p class='ocr_par' dir='ltr' id='par_1_101' title="bbox 618 5376 2179 5452">
     <span class='ocr_line' id='line_1_101' title="bbox 618 5376 2179 5452; baseline 0.003 -23"><span class='ocrx_word' id='word_1_711' title='bbox 618 5376 789 5431; x_wconf 85' lang='lat' dir='ltr'><strong>habiti</strong></span> <span class='ocrx_word' id='word_1_712' title='bbox 815 5385 961 5442; x_wconf 89' lang='lat' dir='ltr'><strong>sunt,</strong></span> <span class='ocrx_word' id='word_1_713' title='bbox 1002 5378 1092 5447; x_wconf 91' lang='lat' dir='ltr'><strong>qui</strong></span> <span class='ocrx_word' id='word_1_714' title='bbox 1129 5378 1197 5432; x_wconf 87' lang='lat' dir='ltr'><strong>ab</strong></span> <span class='ocrx_word' id='word_1_715' title='bbox 1225 5379 1482 5450; x_wconf 85' lang='lat' dir='ltr'><strong>apostolis</strong></span> <span class='ocrx_word' id='word_1_716' title='bbox 1521 5380 1831 5448; x_wconf 90' lang='lat' dir='ltr'><strong>sanctisque</strong></span> <span class='ocrx_word' id='word_1_717' title='bbox 1867 5379 2179 5452; x_wconf 81' lang='lat' dir='ltr'><strong>acciperent</strong></span> 
     </span>
    </p>
   </div>
   <div class='ocr_carea' id='block_1_102' title="bbox 617 5468 2179 5538">
    <p class='ocr_par' dir='ltr' id='par_1_102' title="bbox 617 5468 2179 5538">
     <span class='ocr_line' id='line_1_102' title="bbox 617 5468 2179 5538; baseline 0.001 -16"><span class='ocrx_word' id='word_1_718' title='bbox 617 5468 844 5523; x_wconf 87' lang='lat' dir='ltr'><strong>litteras.</strong></span> <span class='ocrx_word' id='word_1_719' title='bbox 882 5468 928 5523; x_wconf 85' lang='lat' dir='ltr'><strong>A</strong></span> <span class='ocrx_word' id='word_1_720' title='bbox 957 5484 1043 5523; x_wconf 87' lang='lat' dir='ltr'><strong>me</strong></span> <span class='ocrx_word' id='word_1_721' title='bbox 1081 5478 1261 5524; x_wconf 87' lang='lat' dir='ltr'><strong>autem</strong></span> <span class='ocrx_word' id='word_1_722' title='bbox 1308 5469 1423 5523; x_wconf 89' lang='lat' dir='ltr'><strong>solo</strong></span> <span class='ocrx_word' id='word_1_723' title='bbox 1443 5482 1748 5538; x_wconf 84' lang='lat' dir='ltr'><strong>peccatore,</strong></span> <span class='ocrx_word' id='word_1_724' title='bbox 1783 5478 1839 5524; x_wconf 90' lang='lat' dir='ltr'><strong>et</strong></span> <span class='ocrx_word' id='word_1_725' title='bbox 1868 5469 1923 5525; x_wconf 91' lang='lat' dir='ltr'><strong>in</strong></span> <span class='ocrx_word' id='word_1_726' title='bbox 1958 5484 2179 5525; x_wconf 88' lang='lat' dir='ltr'><strong>carcere</strong></span> 
     </span>
    </p>
   </div>
   <div class='ocr_carea' id='block_1_103' title="bbox 616 5560 2169 5632">
    <p class='ocr_par' dir='ltr' id='par_1_103' title="bbox 616 5560 2169 5632">
     <span class='ocr_line' id='line_1_103' title="bbox 616 5560 2169 5632; baseline 0 -17"><span class='ocrx_word' id='word_1_727' title='bbox 616 5560 857 5626; x_wconf 89' lang='lat' dir='ltr'><strong>detento,</strong></span> <span class='ocrx_word' id='word_1_728' title='bbox 877 5560 1113 5616; x_wconf 88' lang='lat' dir='ltr'><strong>mittitur</strong></span> <span class='ocrx_word' id='word_1_729' title='bbox 1140 5562 1259 5616; x_wconf 84' lang='lat' dir='ltr'><strong>hac</strong></span> <span class='ocrx_word' id='word_1_730' title='bbox 1306 5561 1554 5631; x_wconf 87' lang='lat' dir='ltr'><strong>epistola,</strong></span> <span class='ocrx_word' id='word_1_731' title='bbox 1579 5567 1865 5632; x_wconf 89' lang='lat' dir='ltr'><strong>propterea</strong></span> <span class='ocrx_word' id='word_1_732' title='bbox 1892 5562 2036 5632; x_wconf 91' lang='lat' dir='ltr'><strong>quod</strong></span> <span class='ocrx_word' id='word_1_733' title='bbox 2069 5560 2169 5616; x_wconf 88' lang='lat' dir='ltr'><strong>Pa-</strong></span> 
     </span>
    </p>
   </div>
   <div class='ocr_carea' id='block_1_104' title="bbox 626 5760 1694 5828">
    <p class='ocr_par' dir='ltr' id='par_1_104' title="bbox 626 5760 1694 5828">
     <span class='ocr_line' id='line_1_104' title="bbox 626 5760 1694 5828; baseline 0 -12"><span class='ocrx_word' id='word_1_734' title='bbox 626 5764 637 5793; x_wconf 84' lang='lat'>&#39;</span> <span class='ocrx_word' id='word_1_735' title='bbox 686 5760 884 5817; x_wconf 83' lang='lat' dir='ltr'><strong>Hoan.</strong></span> <span class='ocrx_word' id='word_1_736' title='bbox 915 5778 974 5828; x_wconf 89' lang='lat' dir='ltr'><strong>ll,</strong></span> <span class='ocrx_word' id='word_1_737' title='bbox 1010 5762 1094 5819; x_wconf 80' lang='lat' dir='ltr'><strong>l9.</strong></span> <span class='ocrx_word' id='word_1_738' title='bbox 1172 5766 1190 5796; x_wconf 85' lang='lat'><strong>’</strong></span> <span class='ocrx_word' id='word_1_739' title='bbox 1223 5761 1415 5817; x_wconf 84' lang='lat' dir='ltr'><strong>Matth.</strong></span> <span class='ocrx_word' id='word_1_740' title='bbox 1455 5778 1572 5827; x_wconf 69' lang='lat' dir='ltr'><strong>rm,</strong></span> <span class='ocrx_word' id='word_1_741' title='bbox 1605 5762 1694 5817; x_wconf 71' lang='lat'><strong>9.5.</strong></span> 
     </span>
    </p>
   </div>
   <div class='ocr_carea' id='block_1_105' title="bbox 2281 4547 3833 4628">
    <p class='ocr_par' dir='ltr' id='par_1_105' title="bbox 2281 4547 3833 4628">
     <span class='ocr_line' id='line_1_105' title="bbox 2281 4547 3833 4628; baseline -0.01 -15"><span class='ocrx_word' id='word_1_742' title='bbox 2281 4563 2330 4613; x_wconf 86' lang='grc' dir='ltr'>οἱ</span> <span class='ocrx_word' id='word_1_743' title='bbox 2361 4558 2672 4628; x_wconf 82' lang='grc' dir='ltr'>βουλόμενοι</span> <span class='ocrx_word' id='word_1_744' title='bbox 2732 4553 3213 4610; x_wconf 89' lang='grc' dir='ltr'>κατολισθαίνωσιν</span> <span class='ocrx_word' id='word_1_745' title='bbox 3264 4551 3510 4612; x_wconf 83' lang='grc' dir='ltr'>εὐπετῶς</span> <span class='ocrx_word' id='word_1_746' title='bbox 3563 4548 3701 4620; x_wconf 82' lang='grc' dir='ltr'>πρὸς</span> <span class='ocrx_word' id='word_1_747' title='bbox 3743 4547 3833 4617; x_wconf 78' lang='grc' dir='ltr'>τὴν</span> 
     </span>
    </p>
   </div>
   <div class='ocr_carea' id='block_1_106' title="bbox 2285 4637 3829 4720">
    <p class='ocr_par' dir='ltr' id='par_1_106' title="bbox 2285 4637 3829 4720">
     <span class='ocr_line' id='line_1_106' title="bbox 2285 4637 3829 4720; baseline -0.01 -18"><span class='ocrx_word' id='word_1_748' title='bbox 2285 4647 2577 4720; x_wconf 84' lang='grc' dir='ltr'>ἁμαρτίαν.</span> <span class='ocrx_word' id='word_1_749' title='bbox 2611 4645 2815 4709; x_wconf 84' lang='grc' dir='ltr'>Ταῦτα,</span> <span class='ocrx_word' id='word_1_750' title='bbox 2841 4644 2917 4705; x_wconf 84' lang='grc' dir='ltr'>ὡς</span> <span class='ocrx_word' id='word_1_751' title='bbox 2939 4643 3000 4695; x_wconf 83' lang='grc' dir='ltr'>τὸ</span> <span class='ocrx_word' id='word_1_752' title='bbox 3024 4643 3221 4713; x_wconf 77' lang='grc' dir='ltr'>ἀνῆκον</span> <span class='ocrx_word' id='word_1_753' title='bbox 3241 4644 3307 4710; x_wconf 79' lang='grc' dir='ltr'>τῇ</span> <span class='ocrx_word' id='word_1_754' title='bbox 3331 4638 3642 4708; x_wconf 83' lang='grc' dir='ltr'>ούθενότητι</span> <span class='ocrx_word' id='word_1_755' title='bbox 3668 4637 3829 4708; x_wconf 74' lang='grc' dir='ltr'>ἡμῶν,</span> 
     </span>
    </p>
   </div>
   <div class='ocr_carea' id='block_1_107' title="bbox 2284 4728 3831 4807">
    <p class='ocr_par' dir='ltr' id='par_1_107' title="bbox 2284 4728 3831 4807">
     <span class='ocr_line' id='line_1_107' title="bbox 2284 4728 3831 4807; baseline -0.009 -14"><span class='ocrx_word' id='word_1_756' title='bbox 2284 4738 2701 4807; x_wconf 85' lang='grc' dir='ltr'>ἀνηγγελκότες,</span> <span class='ocrx_word' id='word_1_757' title='bbox 2733 4737 2808 4798; x_wconf 83' lang='grc' dir='ltr'>ὡς</span> <span class='ocrx_word' id='word_1_758' title='bbox 2837 4734 3090 4803; x_wconf 81' lang='grc' dir='ltr'>ἐλάχιστα</span> <span class='ocrx_word' id='word_1_759' title='bbox 3122 4732 3261 4803; x_wconf 83' lang='grc' dir='ltr'>μέλη</span> <span class='ocrx_word' id='word_1_760' title='bbox 3274 4729 3729 4800; x_wconf 83' lang='grc' dir='ltr'>τῆςἘκκλησίας,</span> <span class='ocrx_word' id='word_1_761' title='bbox 3748 4728 3831 4781; x_wconf 83' lang='grc' dir='ltr'>καὶ</span> 
     </span>
    </p>
   </div>
   <div class='ocr_carea' id='block_1_108' title="bbox 2284 4820 3828 4900">
    <p class='ocr_par' dir='ltr' id='par_1_108' title="bbox 2284 4820 3828 4900">
     <span class='ocr_line' id='line_1_108' title="bbox 2284 4820 3828 4900; baseline -0.007 -18"><span class='ocrx_word' id='word_1_762' title='bbox 2284 4834 2348 4900; x_wconf 82' lang='grc' dir='ltr'>τῇ</span> <span class='ocrx_word' id='word_1_763' title='bbox 2385 4830 2473 4897; x_wconf 81' lang='grc' dir='ltr'><strong>ὑφ’</strong></span> <span class='ocrx_word' id='word_1_764' title='bbox 2505 4828 2659 4899; x_wconf 83' lang='grc' dir='ltr'>ὑμῶν</span> <span class='ocrx_word' id='word_1_765' title='bbox 2695 4825 3012 4887; x_wconf 85' lang='grc' dir='ltr'>ὑπείκοντες</span> <span class='ocrx_word' id='word_1_766' title='bbox 3056 4823 3177 4893; x_wconf 76' lang='grc' dir='ltr'>θείᾳ</span> <span class='ocrx_word' id='word_1_767' title='bbox 3211 4821 3609 4890; x_wconf 77' lang='grc' dir='ltr'>ποιμεναρχία·</span> <span class='ocrx_word' id='word_1_768' title='bbox 3645 4820 3705 4872; x_wconf 84' lang='grc' dir='ltr'>τὸ</span> <span class='ocrx_word' id='word_1_769' title='bbox 3732 4820 3828 4872; x_wconf 84' lang='grc' dir='ltr'>λοι-</span> 
     </span>
    </p>
   </div>
   <div class='ocr_carea' id='block_1_109' title="bbox 2281 4910 3827 4987">
    <p class='ocr_par' dir='ltr' id='par_1_109' title="bbox 2281 4910 3827 4987">
     <span class='ocr_line' id='line_1_109' title="bbox 2281 4910 3827 4987; baseline -0.006 -14"><span class='ocrx_word' id='word_1_770' title='bbox 2281 4922 2381 4973; x_wconf 76' lang='grc' dir='ltr'><strong>πὸν</strong></span> <span class='ocrx_word' id='word_1_771' title='bbox 2404 4919 2723 4987; x_wconf 80' lang='grc' dir='ltr'>ὲξαιτοῦμεν</span> <span class='ocrx_word' id='word_1_772' title='bbox 2755 4917 2855 4986; x_wconf 87' lang='grc' dir='ltr'>τὴν</span> <span class='ocrx_word' id='word_1_773' title='bbox 2892 4916 3052 4983; x_wconf 81' lang='grc' dir='ltr'>ἁγίαν</span> <span class='ocrx_word' id='word_1_774' title='bbox 3100 4913 3271 4982; x_wconf 81' lang='grc' dir='ltr'>αὐτῆς</span> <span class='ocrx_word' id='word_1_775' title='bbox 3300 4912 3499 4981; x_wconf 75' lang='grc' dir='ltr'>ψυχὴν,</span> <span class='ocrx_word' id='word_1_776' title='bbox 3533 4910 3827 4978; x_wconf 78' lang='grc' dir='ltr'>λογίζεσθαι</span> 
     </span>
    </p>
   </div>
   <div class='ocr_carea' id='block_1_110' title="bbox 2281 5004 3824 5084">
    <p class='ocr_par' dir='ltr' id='par_1_110' title="bbox 2281 5004 3824 5084">
     <span class='ocr_line' id='line_1_110' title="bbox 2281 5004 3824 5084; baseline -0.009 -16"><span class='ocrx_word' id='word_1_777' title='bbox 2281 5014 2426 5084; x_wconf 76' lang='grc' dir='ltr'>ἡμᾶς</span> <span class='ocrx_word' id='word_1_778' title='bbox 2471 5014 2544 5076; x_wconf 84' lang='grc' dir='ltr'><strong>ὡς</strong></span> <span class='ocrx_word' id='word_1_779' title='bbox 2590 5014 2765 5065; x_wconf 77' lang='grc' dir='ltr'>οἰκεῖα</span> <span class='ocrx_word' id='word_1_780' title='bbox 2807 5009 2977 5079; x_wconf 82' lang='grc' dir='ltr'>αὐτῆς</span> <span class='ocrx_word' id='word_1_781' title='bbox 3009 5007 3292 5078; x_wconf 75' lang='grc' dir='ltr'>πρόϐατα,</span> <span class='ocrx_word' id='word_1_782' title='bbox 3351 5006 3445 5059; x_wconf 73' lang='grc' dir='ltr'>καὶ</span> <span class='ocrx_word' id='word_1_783' title='bbox 3500 5005 3623 5066; x_wconf 87' lang='grc' dir='ltr'>ταῖς</span> <span class='ocrx_word' id='word_1_784' title='bbox 3672 5004 3824 5073; x_wconf 76' lang='grc' dir='ltr'>ἱεραῖς</span> 
     </span>
    </p>
   </div>
   <div class='ocr_carea' id='block_1_111' title="bbox 2281 5096 3822 5176">
    <p class='ocr_par' dir='ltr' id='par_1_111' title="bbox 2281 5096 3822 5176">
     <span class='ocr_line' id='line_1_111' title="bbox 2281 5096 3822 5176; baseline -0.007 -17"><span class='ocrx_word' id='word_1_785' title='bbox 2281 5106 2611 5176; x_wconf 78' lang='grc' dir='ltr'>προσευχαῖς</span> <span class='ocrx_word' id='word_1_786' title='bbox 2637 5102 2923 5174; x_wconf 73' lang='grc' dir='ltr'>πόρρωθεν</span> <span class='ocrx_word' id='word_1_787' title='bbox 2950 5099 3202 5169; x_wconf 73' lang='grc' dir='ltr'>φωτίζειν</span> <span class='ocrx_word' id='word_1_788' title='bbox 3228 5098 3323 5150; x_wconf 71' lang='grc' dir='ltr'>καὶ</span> <span class='ocrx_word' id='word_1_789' title='bbox 3353 5096 3653 5167; x_wconf 74' lang='grc' dir='ltr'>στηρίζειν.</span> <span class='ocrx_word' id='word_1_790' title='bbox 3688 5096 3745 5149; x_wconf 76' lang='lat' dir='ltr'><strong>Et</strong></span> <span class='ocrx_word' id='word_1_791' title='bbox 3774 5096 3822 5149; x_wconf 79' lang='grc' dir='ltr'>δὲ</span> 
     </span>
    </p>
   </div>
   <div class='ocr_carea' id='block_1_112' title="bbox 2283 5186 3817 5263">
    <p class='ocr_par' dir='ltr' id='par_1_112' title="bbox 2283 5186 3817 5263">
     <span class='ocr_line' id='line_1_112' title="bbox 2283 5186 3817 5263; baseline -0.006 -15"><span class='ocrx_word' id='word_1_792' title='bbox 2283 5196 2376 5248; x_wconf 75' lang='grc' dir='ltr'>καὶ</span> <span class='ocrx_word' id='word_1_793' title='bbox 2405 5194 2643 5263; x_wconf 81' lang='grc' dir='ltr'>διδαχαῖς</span> <span class='ocrx_word' id='word_1_794' title='bbox 2663 5235 2676 5257; x_wconf 88' lang='grc'><strong>,</strong></span> <span class='ocrx_word' id='word_1_795' title='bbox 2708 5192 2804 5259; x_wconf 80' lang='grc' dir='ltr'>τῆς</span> <span class='ocrx_word' id='word_1_796' title='bbox 2857 5191 2954 5260; x_wconf 84' lang='grc' dir='ltr'>σῆς</span> <span class='ocrx_word' id='word_1_797' title='bbox 2977 5189 3043 5243; x_wconf 80' lang='grc' dir='ltr'>ἂν</span> <span class='ocrx_word' id='word_1_798' title='bbox 3066 5189 3155 5258; x_wconf 79' lang='grc' dir='ltr'>εἴη</span> <span class='ocrx_word' id='word_1_799' title='bbox 3181 5186 3331 5250; x_wconf 89' lang='grc' dir='ltr'>θείας</span> <span class='ocrx_word' id='word_1_800' title='bbox 3359 5186 3817 5252; x_wconf 74' lang='grc' dir='ltr'>συγκατασάσεως.</span> 
     </span>
    </p>
   </div>
   <div class='ocr_carea' id='block_1_113' title="bbox 2276 5276 3819 5351">
    <p class='ocr_par' dir='ltr' id='par_1_113' title="bbox 2276 5276 3819 5351">
     <span class='ocr_line' id='line_1_113' title="bbox 2276 5276 3819 5351; baseline -0.007 -13"><span class='ocrx_word' id='word_1_801' title='bbox 2276 5286 2430 5338; x_wconf 74' lang='grc' dir='ltr'>Ἐπεὶ</span> <span class='ocrx_word' id='word_1_802' title='bbox 2452 5286 2543 5339; x_wconf 74' lang='grc' dir='ltr'><strong>καὶ</strong></span> <span class='ocrx_word' id='word_1_803' title='bbox 2575 5286 2603 5337; x_wconf 83' lang='grc' dir='ltr'><strong>ό</strong></span> <span class='ocrx_word' id='word_1_804' title='bbox 2635 5282 2864 5351; x_wconf 76' lang='grc' dir='ltr'>Χριστὸς</span> <span class='ocrx_word' id='word_1_805' title='bbox 2898 5281 3135 5349; x_wconf 77' lang='grc' dir='ltr'>Αὐγάρῳ</span> <span class='ocrx_word' id='word_1_806' title='bbox 3160 5277 3444 5331; x_wconf 76' lang='grc' dir='ltr'>ἐπέστειλε</span> <span class='ocrx_word' id='word_1_807' title='bbox 3465 5292 3478 5306; x_wconf 89' lang='grc'><strong>·</strong></span> <span class='ocrx_word' id='word_1_808' title='bbox 3530 5280 3621 5330; x_wconf 73' lang='grc' dir='ltr'><strong>καὶ</strong></span> <span class='ocrx_word' id='word_1_809' title='bbox 3652 5276 3819 5329; x_wconf 83' lang='grc' dir='ltr'>πολλοὶ</span> 
     </span>
    </p>
   </div>
   <div class='ocr_carea' id='block_1_114' title="bbox 2275 5368 3815 5444">
    <p class='ocr_par' dir='ltr' id='par_1_114' title="bbox 2275 5368 3815 5444">
     <span class='ocr_line' id='line_1_114' title="bbox 2275 5368 3815 5444; baseline -0.008 -13"><span class='ocrx_word' id='word_1_810' title='bbox 2275 5377 2384 5431; x_wconf 88' lang='grc' dir='ltr'><strong>τῶν</strong></span> <span class='ocrx_word' id='word_1_811' title='bbox 2416 5378 2721 5444; x_wconf 73' lang='grc' dir='ltr'>ύφειμένων</span> <span class='ocrx_word' id='word_1_812' title='bbox 2774 5372 2926 5444; x_wconf 70' lang='grc' dir='ltr'>παρὰ</span> <span class='ocrx_word' id='word_1_813' title='bbox 2965 5370 3277 5425; x_wconf 83' lang='grc' dir='ltr'>ἀποστόλων</span> <span class='ocrx_word' id='word_1_814' title='bbox 3308 5369 3403 5422; x_wconf 77' lang='grc' dir='ltr'>καὶ</span> <span class='ocrx_word' id='word_1_815' title='bbox 3448 5368 3621 5434; x_wconf 78' lang='grc' dir='ltr'>ἁγίων</span> <span class='ocrx_word' id='word_1_816' title='bbox 3653 5368 3815 5437; x_wconf 78' lang='grc' dir='ltr'>γράμ-</span> 
     </span>
    </p>
   </div>
   <div class='ocr_carea' id='block_1_115' title="bbox 2279 5462 3812 5541">
    <p class='ocr_par' dir='ltr' id='par_1_115' title="bbox 2279 5462 3812 5541">
     <span class='ocr_line' id='line_1_115' title="bbox 2279 5462 3812 5541; baseline -0.008 -16"><span class='ocrx_word' id='word_1_817' title='bbox 2279 5489 2423 5541; x_wconf 89' lang='grc' dir='ltr'>ματα</span> <span class='ocrx_word' id='word_1_818' title='bbox 2452 5469 2708 5534; x_wconf 76' lang='grc' dir='ltr'>δέξασθαι</span> <span class='ocrx_word' id='word_1_819' title='bbox 2755 5466 3193 5536; x_wconf 78' lang='grc' dir='ltr'>κατηξιώθησαν.</span> <span class='ocrx_word' id='word_1_820' title='bbox 3243 5463 3379 5534; x_wconf 83' lang='grc' dir='ltr'>Παρ’</span> <span class='ocrx_word' id='word_1_821' title='bbox 3418 5462 3554 5533; x_wconf 78' lang='grc' dir='ltr'>ἐμοῦ</span> <span class='ocrx_word' id='word_1_822' title='bbox 3583 5463 3642 5515; x_wconf 80' lang='grc' dir='ltr'>δὲ</span> <span class='ocrx_word' id='word_1_823' title='bbox 3676 5464 3812 5533; x_wconf 84' lang='grc' dir='ltr'>μόνου</span> 
     </span>
    </p>
   </div>
   <div class='ocr_carea' id='block_1_116' title="bbox 2276 5553 3810 5633">
    <p class='ocr_par' dir='ltr' id='par_1_116' title="bbox 2276 5553 3810 5633">
     <span class='ocr_line' id='line_1_116' title="bbox 2276 5553 3810 5633; baseline -0.005 -18"><span class='ocrx_word' id='word_1_824' title='bbox 2276 5561 2369 5616; x_wconf 84' lang='grc' dir='ltr'><strong>τοῦ</strong></span> <span class='ocrx_word' id='word_1_825' title='bbox 2399 5559 2719 5633; x_wconf 83' lang='grc' dir='ltr'>ἁμαρτωλοῦ</span> <span class='ocrx_word' id='word_1_826' title='bbox 2751 5560 2843 5613; x_wconf 72' lang='grc' dir='ltr'>καὶ</span> <span class='ocrx_word' id='word_1_827' title='bbox 2864 5556 3197 5628; x_wconf 77' lang='grc' dir='ltr'>τηρουμένου</span> <span class='ocrx_word' id='word_1_828' title='bbox 3221 5556 3279 5609; x_wconf 81' lang='grc' dir='ltr'>ἐν</span> <span class='ocrx_word' id='word_1_829' title='bbox 3319 5553 3534 5626; x_wconf 79' lang='grc' dir='ltr'>φυλακῇ</span> <span class='ocrx_word' id='word_1_830' title='bbox 3559 5556 3591 5625; x_wconf 77' lang='grc' dir='ltr'><strong>ἡ</strong></span> <span class='ocrx_word' id='word_1_831' title='bbox 3619 5556 3810 5607; x_wconf 67' lang='grc' dir='ltr'>ἐπιστο-</span> 
     </span>
    </p>
   </div>
  </div>
