4008 6318
122 357 267 422 1021

1364 372 1905 432 EPISTOLARUM
1946 374 2092 432 LIB.
2126 373 2173 430 Ι.

3268 372 3407 433 1022

113 478 184 554 λή
205 495 223 513 ο
260 478 363 533 διὰ
384 480 465 542 τὸ,
483 481 576 533 τὸν
608 482 824 554 Πατέρα
853 484 945 536 καὶ
973 483 1253 539 σύνδουλόν
1271 503 1376 557 μου
1394 488 1483 540 τὸν
1513 486 1723 556 ἐγκλει-

1832 519 1912 563 ter
1947 521 2354 578 conservusque
2398 521 2552 562 meus
2590 506 2857 573 inclusus,
2896 514 2950 561 et
3002 503 3408 560 Thessalonicae

121 587 279 634 στον,
309 569 410 621 τόν
440 586 502 623 τε
555 572 987 643 ἁρχιεπίσκοπον
1021 578 1121 645 τῆς
1145 576 1569 649 Θεσσαλονίκης,
1627 580 1722 632 καὶ

114 661 367 728 ἀδελφὸν
391 661 575 734 ἡμῶν,
599 665 679 727 είς
704 665 895 737 ἑτέρας
916 667 1113 737 νήσους
1129 668 1391 734 ὡσαύτως
1411 671 1720 740 τηρεῖσθαι.

117 752 278 823 Πλὴν
329 755 432 807 καὶ
460 756 618 809 αὐτοὶ
641 755 708 808 δι’
739 757 896 827 ἐμοῦ,
945 759 1037 812 καὶ
1066 761 1164 814 σὺν
1201 761 1325 831 ἐμοὶ
1353 761 1421 815 τὰ
1459 762 1603 816 αὐτὰ
1627 765 1724 817 καὶ

118 842 475 911 φθέγγονται
509 847 603 898 καὶ
629 848 1105 916 προσπτύσσονται
1133 853 1246 916 τοῖς
1296 852 1463 923 ἱεροῖς
1487 853 1586 923 τῆς
1620 871 1724 923 μαο

120 937 472 1007 καριότητός
505 955 598 992 σου
632 941 859 1012 avecti}.

601 1093 723 1148 AA'.
752 1124 824 1136 —
847 1094 930 1160 Τῷ
961 1095 1141 1162 αὐτῷ.
1165 1095 1321 1171 [ςε’.]

1826 601 2276 673 archiepiscopus
2323 615 2616 672 germanus
2673 609 2882 665 noster,
2926 599 2982 654 in
3039 599 3161 654 aliis
3206 598 3407 653 insulis

1822 690 2025 761 pariter
2069 691 2469 746 custodiuntur.
2508 691 2614 763 Ipsi
2670 691 3024 746 nihilominus
3078 706 3177 761 per
3215 702 3302 744 me
3352 698 3406 742 et

1821 797 2035 837 meeum
2073 783 2265 838 eadem
2299 783 2512 849 dicunt,
2568 791 2626 839 et
2678 782 2851 839 sacris
2892 781 3253 837 beatitudinis
3297 791 3404 837 tua:

1821 873 2065 946 vestlgiis
2100 875 2489 930 advolvuntur.

2149 1110 2387 1168 XXXIV.
2414 1142 2482 1153 —
2513 1110 2702 1167 Eidem
2736 1109 2898 1168 Leoni
2932 1127 3101 1182 papae.

288 1230 397 1281 Pro
419 1232 636 1296 acceptis
664 1248 800 1298 papae
830 1235 1012 1287 litteris
1031 1237 1210 1300 gratias
1233 1241 1351 1303 agit,
1377 1247 1482 1291 tum
1504 1256 1617 1306 quas
1636 1243 1696 1298 ab
1711 1245 2007 1298 adversariis
2026 1255 2167 1312 gesta
2189 1254 2331 1302 erant
2355 1251 2577 1314 exponit.
2609 1251 2809 1310 (Baron.
2832 1264 2912 1303 an.
2934 1250 3045 1308 809,
3067 1263 3116 1299 n.
3152 1246 3249 1310 18.)

130 1339 220 1405 Τῷ
253 1341 570 1412 Ζσαγγέλῳ
602 1341 1023 1409 μακαριωτάτῳ
1056 1345 1152 1397 καὶ
1171 1345 1572 1414 Ἀποστολικῷ
1605 1351 1720 1403 Πα-

197 1434 297 1504 τρὶ
335 1433 555 1492 Λέοντι
585 1434 753 1502 πὰπᾳ
785 1435 1030 1504 Ῥώμης,
1063 1436 1315 1492 Πλάτων
1350 1439 1723 1508 ἔγκλειστος,

200 1526 306 1581 καὶ
348 1525 652 1594 Θεόδωρος
690 1527 1091 1596 πρεσϐύτερος
1121 1529 1220 1585 καὶ
1250 1530 1583 1602 ἡγούμενος
1606 1529 1727 1586 τῶν

199 1614 531 1674 Στουδίου.

1827 1351 2049 1422 Ᾱίφιαίί
2070 1354 2271 1424 angelis
2309 1354 2608 1407 beatissimo
2639 1364 2688 1406 et
2716 1352 3001 1422 apostolico
3040 1351 3190 1404 Patri
3238 1350 3401 1405 Leoni

1898 1460 2050 1514 papae
2087 1444 2284 1510 Ronue,
2312 1445 2466 1499 Plato
2487 1445 2742 1513 inclusus,
2763 1454 2811 1498 et
2834 1444 3124 1498 Theodorus
3144 1443 3408 1514 presbyter

1901 1549 1964 1586 ac
1979 1535 2289 1605 praepositus
2315 1533 2632 1590 Studiensis.

201 1708 375 1776 Μέγα
418 1700 555 1778 ἡμῖν
609 1710 720 1775 τοῖς
754 1712 1034 1774 ταπεινοῖς
1066 1710 1141 1774 ὡς
1169 1710 1404 1782 ἀληθῶς,
1433 1714 1526 1768 καὶ
1554 1713 1723 1785 εὐχῆς

1895 1729 2146 1801 Magnum
2177 1746 2368 1785 revera
2402 1731 2561 1786 nobis
2604 1729 2904 1784 humilibus
2942 1738 2999 1784 et
3034 1728 3235 1785 summi
3286 1727 3404 1784 voti

131 1800 300 1869 ἔργον
335 1801 441 1871 τῆς
499 1801 783 1865 ἀνωτάτω,
837 1800 1117 1867 ἀξιωθεῖσι
1157 1803 1410 1869 δέξασθαι
1443 1805 1595 1877 παρά
1620 1807 1719 1877 τῆς

133 1893 514 1963 ἀποστολικῆς
583 1895 736 1962 ὑμῶν
773 1896 1176 1967 μακαριότητος
1217 1897 1521 1968 πρόσρησιν
1552 1916 1721 1969 προσ-

133 1988 534 2058 αγορευτικὴν,
570 1988 662 2040 καὶ
692 1989 799 2058 μὴν
828 1989 1240 2060 ἀποσημείωσιν
1271 1991 1380 2043 τῶν
1411 2007 1722 2061 πνευματο-

135 2077 382 2145 κινήτων
415 2078 588 2148 αὐτῆς
613 2079 773 2149 ἱερῶν
793 2079 1009 2147 λογίων,
1035 2080 1102 2135 δι’
1129 2080 1448 2149 Ἐπιφανίου
1479 2081 1573 2136 τοῦ
1596 2099 1723 2136 συν-

135 2167 352 2232 δούλου,
391 2169 488 2222 καὶ
524 2171 812 2241 ἀγαπητοῦ
843 2174 1001 2243 ήμῶν
1029 2174 1222 2228 τέκνου
1245 2189 1257 2203 ⁸
1300 2175 1395 2231 καὶ
1424 2174 1595 2229 ταῦτα
1627 2192 1722 2229 κε·

136 2261 496 2332 κλεισμένοις
550 2259 701 2317 οὖσιν
753 2265 859 2318 ὑπὸ
905 2265 1014 2319 τῶν
1064 2267 1407 2332 κακοδόξων,
1453 2269 1548 2323 καὶ
1597 2268 1722 2338 ὄψει

139 2350 509 2420 Θεασαμένοις
566 2351 656 2405 τὸν
679 2355 1179 2427 γραμματηφόρον.
1211 2357 1328 2426 Ἐφ’
1351 2350 1433 2422 οἷς
1462 2359 1723 2429 ὲσκιρτή-

139 2458 316 2511 σαμεν
334 2463 346 2474 ·
381 2445 840 2515 ἡγαλλιασάμεθα
864 2463 876 2476 ⁸
906 2448 1484 2522 ἀνθωμολογησάμεθα
1507 2451 1584 2522 τῷ
1611 2453 1723 2505 Κυ-

144 2534 264 2605 ρίῳ,
289 2536 371 2606 τῷ
398 2541 516 2601 ταῖς
545 2538 716 2602 θείαις
739 2540 912 2610 αὐτῆς
942 2545 1292 2614 προσευχαῖς,
1316 2543 1384 2596 τὰ
1416 2544 1549 2615 παρ’
1571 2544 1723 2597 ἑλπί-

142 2625 206 2679 ὂα
231 2629 565 2698 παραδόξως
600 2633 733 2702 ἡμῖν
758 2636 870 2695 τοῖς
904 2634 1144 2698 ἀναξίοις
1186 2635 1543 2708 χαρισαμὲνῳ
1565 2651 1578 2666 ³
1628 2653 1725 2707 μο-

146 2721 359 2788 νονουχὶ
402 2721 499 2772 καὶ
535 2722 666 2792 όρᾷν
698 2722 868 2792 αὐτῆς
918 2724 1011 2776 τὸν
1069 2723 1213 2795 ἱερὸν
1253 2725 1581 2795 χαρακτῆρα
1635 2725 1724 2779 διὰ

149 2809 311 2878 μέσου
361 2813 472 2865 τῶν
511 2814 705 2881 φωνῶν
754 2817 1210 2885 φανταζομένοις.
1251 2817 1392 2870 Ἀλλ’
1428 2819 1565 2889 αὐτὴ
1625 2817 1725 2889 μὲν

149 2900 618 2977 Χριστομιμήτως
641 2909 734 2960 καὶ
760 2910 1176 2981 προσηγόρευκε
1193 2912 1320 2975 τοὺς
1345 2911 1605 2977 εὐτελεῖς,
1631 2912 1726 2964 καὶ

148 2993 576 3069 ἀνεζωπύρησεν
591 3001 744 3073 ἡμῶν
769 3002 828 3055 τὸ
845 3001 1373 3074 πνεῦμα,ὲπέρῤωσέ
1398 3021 1456 3058 τε
1478 3005 1538 3057 τὸ
1559 3004 1723 3058 ἀσθε-

151 3084 256 3147 νὲς,
285 3091 381 3145 καὶ
411 3091 751 3160 ὲστιὸάρωσε
801 3094 862 3147 τὸ
887 3095 1119 3166 ἀδρανές
1141 3111 1153 3124 ·
1189 3097 1353 3151 οἱονεὶ
1381 3097 1725 3166 ὲπαλείψασα.
1752 3074 1797 3134 C

150 3180 259 3240 τοῖς
288 3181 433 3252 ὑπὲρ
469 3185 615 3252 ἡμᾶς
647 3186 1083 3256 παρακλητικοῖς
1119 3189 1214 3242 καὶ
1243 3189 1578 3251 νουθετικοῖς
1607 3188 1730 3259 φθέ-

158 3287 360 3340 γμασι·
402 3279 627 3347 στήκειν
660 3295 720 3331 τε
746 3281 804 3332 ἐν
847 3282 913 3351 τῇ
956 3280 1224 3351 όρθοδόξῳ
1272 3280 1454 3334 πίστει
1493 3281 1730 3344 ἀκλινῶς

159 3361 318 3433 μέχρι
349 3366 542 3430 τέλους
569 3371 962 3440 παρεγγυῶσα.
995 3374 1103 3426 Kal
1144 3373 1354 3441 γένοιτο
1391 3376 1522 3444 ἡμῖν
1565 3375 1731 3437 ἱλέοις

158 3453 323 3524 αὐτῆς
359 3459 684 3530 ἱκετηρίαις.
721 3463 908 3534 Ἡμεῖς
938 3464 994 3518 δὲ
1017 3466 1067 3519 οἱ
1097 3465 1340 3530 οὐθενεῖς
1362 3468 1456 3521 καὶ
1479 3468 1643 3523 πάλιν
1668 3465 1728 3523 εὖ

159 3543 297 3613 ἔχειν
327 3551 716 3622 νενομίκαμεν,
737 3554 926 3627 ὥσπερ
951 3557 1009 3609 τὸ
1033 3561 1299 3629 πρότερον
1331 3559 1395 3612 δι’
1422 3559 1589 3614 αὐτοῦ
1615 3562 1734 3615 1:06-

160 3635 212 3688 δε
236 3639 328 3691 τοῦ
355 3645 686 3697 πιστοτάτου
716 3646 873 3716 ἡμῶν
903 3650 1379 3720 γραμματηνιεόρου
1404 3692 1420 3714 ,
1459 3653 1552 3706 καὶ
1575 3649 1732 3718 αὖθις

160 3726 223 3780 δι’
263 3731 567 3788 Εὑσταθίου
599 3736 692 3789 τοῦ
721 3738 909 3806 ἑτέρου
959 3740 1054 3791 καὶ
1099 3741 1265 3793 αὐτοῦ
1299 3742 1456 3811 ήμῶν
1495 3745 1728 3810 τέκνου,

162 3817 299 3874 οὕτω
331 3827 426 3878 καὶ
457 3825 552 3880 νῦν
585 3827 900 3896 ἀνενεγκεῖν
954 3830 1092 3900 αὐτῇ
1147 3831 1216 3884 τὰ
1243 3833 1447 3887 εἰκότα.
1502 3835 1731 3899 Σύνοδος

164 3908 379 3976 γέγονεν
405 3917 464 3977 ὲν
491 3920 605 3980 τοῖς
636 3919 756 3981 καθ’
797 3921 965 3989 ἡμᾶς,
993 3914 1036 3974 ὧ
1080 3923 1504 3992 μακαριώτατεν
1529 3925 1732 3995 πάνδηο

170 4016 260 4066 μος
287 4008 766 4071 συγκαθεσθέντων
790 4011 882 4064 καὶ
913 4013 1190 4083 ἀρχόντων
1209 4014 1318 4070 τῶν
1341 4017 1400 4068 ὲν
1433 4017 1578 4072 τέλει
1597 4033 1611 4047 ⁸
1639 4021 1732 4072 καὶ

166 4090 560 4181 ὴῌσύνοδος-ὲτέ
586 4103 842 4172 ἀθετήσει
875 4105 970 4157 τοῦ
998 4106 1332 4174 Εὑαγγελίου
1354 4107 1449 4162 τοῦ
1471 4111 1729 4181 Χριστοῦ,

166 4177 223 4237 οὗ
253 4189 314 4240 σὺ
348 4189 446 4254 τὰς
474 4191 622 4255 κλεῖς
652 4194 814 4260 ἐδέξω
866 4196 1002 4265 πρὸς
1058 4197 1255 4264 αὑτοῦ,
1298 4200 1385 4253 διὰ
1421 4201 1590 4270 μέσου
1637 4201 1730 4255 τοῦ

167 4281 271 4327 τῶν
316 4281 634 4334 ἀποστόλων
684 4286 1092 4354 πρωτοστάτου,
1129 4289 1366 4343 καὶτῶν
1414 4293 1730 4358 ἀμοιϐαδὸν,

1820 1836 1960 1892 opus
1981 1820 2101 1885 fuit,
2136 1821 2280 1890 quod
2313 1821 2460 1892 digni
2487 1820 2655 1875 habiti
2687 1835 2899 1882 sumus,
2933 1819 3025 1888 qui
3052 1818 3123 1873 ab
3179 1826 3406 1887 aposto-

1821 1914 1922 1969 lica
1954 1913 2292 1968 beatitudine
2348 1922 2529 1968 vestra
2579 1911 2925 1966 salutationis
2991 1910 3404 1971 allocutionem,

1820 2015 1874 2061 et
1901 2019 2179 2060 sacrorum
2205 2005 2324 2074 ejus
2364 2005 2457 2074 qui
2484 2020 2514 2058 a
2555 2004 2750 2074 spiritu
2774 2011 3066 2058 moventur
3088 2016 3405 2056 sermonum

1821 2099 2272 2170 significationem
2301 2098 2693 2166 acciperemus,
2723 2111 2820 2166 per
2867 2109 3192 2150 conservum
3222 2107 3287 2147 ac
3319 2093 3406 2146 di-

1822 2189 2020 2244 lectum
2040 2189 2212 2245 ﬁlium
2253 2197 2498 2244 nostrum
2527 2186 2892 2256 Epiphanium
2923 2201 2938 2251 ;
2963 2194 3019 2240 et
3042 2184 3181 2247 haec,
3205 2183 3402 2238 inclusi

1821 2281 1951 2338 licet
1974 2291 2257 2336 teneamur
2279 2282 2346 2335 ab
2397 2282 2703 2346 hareticis;
2737 2291 2901 2351 atque
2956 2283 3029 2336 ita
3069 2289 3129 2335 ut
3176 2280 3403 2334 tabella-

1822 2371 1965 2426 rium
2007 2371 2185 2441 ipsum
2217 2371 2389 2426 oculis
2416 2371 2882 2441 conspexerimus.
2914 2368 3280 2436 Quamobrem
3303 2369 3399 2424 lae-

1822 2463 1938 2518 titia
1963 2462 2370 2529 exsultavimus,
2422 2463 2589 2533 gavisi
2642 2478 2852 2527 sumus,
2906 2462 3133 2517 Domino
3205 2462 3405 2532 gratias

1821 2555 2052 2626 egimus,
2095 2553 2186 2622 qui
2233 2552 2433 2607 divinis
2499 2552 2642 2607 illius
2671 2552 2925 2622 precibus
2961 2567 3026 2607 ea
3071 2566 3192 2621 quas
3250 2566 3406 2620 spem

1822 2656 2066 2702 nostram
2095 2645 2425 2714 superabant
2451 2642 2609 2698 nobis
2647 2643 2881 2715 indignis
2913 2643 3052 2698 miro
3087 2643 3248 2698 modo
3295 2643 3406 2695 lar-

1824 2736 1968 2808 gitus
1991 2743 2112 2789 est:
2154 2734 2226 2788 ita
2257 2741 2316 2787 ut
2366 2733 2537 2802 ipsam
2578 2733 2971 2802 propemodum
3021 2749 3230 2788 sacram
3281 2733 3404 2802 ejus

1823 2827 2054 2882 formam
2091 2840 2188 2896 per
2227 2825 2540 2893 interiectas
2585 2839 2745 2878 voces
2782 2823 2969 2878 videre
2994 2824 3155 2878 nobis
3193 2824 3406 2878 videre-

1823 2934 1965 2972 mur.
2003 2917 2204 2972 Verum
2245 2917 2332 2970 illa
2363 2916 2580 2985 quidem
2611 2915 2677 2970 ad
2716 2914 2918 2969 Christi
2960 2915 3271 2984 exemplum
3300 2930 3404 2968 nos

1828 3010 2062 3066 humiles
2093 3009 2253 3062 allata
2283 3015 2386 3070 est,
2420 3017 2476 3061 et
2501 3013 2713 3060 mentes
2740 3011 2955 3060 nostras
2981 3005 3264 3066 recreavit,
3303 3003 3410 3056 im-

1831 3101 2180 3158 becillitatem
2209 3096 2606 3161 corroboravit,
2649 3096 3077 3166 languentesque
3110 3096 3404 3150 conﬁrma-

1829 3196 1927 3260 vit,
1947 3192 2060 3248 suis
2082 3207 2182 3246 nos
2203 3190 2355 3260 quasi
2380 3203 2684 3259 perungens
2741 3197 2959 3257 captum
2982 3196 3227 3242 nostrum
3251 3203 3412 3242 exce-

1830 3287 2086 3344 dentibus
2131 3281 2526 3347 consolatoriis,
2583 3281 2998 3349 monitoriisque
3042 3280 3408 3345 sermonibus,

1831 3381 1886 3436 in
1927 3380 2031 3434 fide
2075 3377 2375 3433 orthodoxa
2417 3381 2734 3428 constanter
2761 3372 2826 3426 ad
2875 3373 3038 3426 linem
3073 3385 3243 3440 usque
3289 3385 3410 3422 ma-

1831 3487 1962 3526 nere
1986 3469 2341 3540 persuadens,
2370 3465 2515 3535 quod
2548 3464 2754 3518 utinam
2781 3461 3032 3533 propitiis
3065 3461 3183 3529 ejus
3225 3460 3408 3528 preci—

1830 3564 1935 3619 bus
1977 3563 2049 3616 ita
2089 3560 2251 3614 nobis
2309 3558 2608 3627 contingat.
2644 3555 2755 3610 Nos
2800 3569 2932 3608 vero
2962 3553 3121 3608 nihili
3175 3553 3411 3606 homun-

1831 3653 2016 3709 ciones
2065 3649 2356 3706 convenire
2405 3645 2856 3710 existimavimus,
2912 3643 3072 3698 sicuti
3119 3650 3277 3697 antea
3313 3657 3411 3711 per

1833 3746 1978 3800 hunc
2031 3740 2349 3796 ﬁdissimum
2395 3735 2740 3791 tabellarium
2801 3743 3076 3798 nostrum,
3121 3741 3177 3787 et
3225 3743 3410 3801 postea

1832 3850 1931 3904 per
1974 3831 2315 3887 Eustathium
2344 3829 2576 3881 alterum
2609 3825 2777 3879 lilium
2834 3835 3104 3889 nostrum,
3153 3823 3224 3878 ita
3263 3839 3412 3877 nunc

1833 3919 1994 3976 etiam
2020 3917 2087 3974 ad
2108 3917 2353 3971 eamdem
2385 3914 2588 3967 referre
2611 3928 2672 3966 ea
2710 3929 2832 3982 qua:
2863 3928 2960 3982 par
2985 3921 3089 3968 est.
3129 3911 3406 3984 Synodus,

1833 4027 1866 4066 ο
1899 4008 2228 4071 beatissime,
2269 4006 2413 4076 apud
2443 4020 2544 4059 nos
2582 4005 2797 4074 publica
2866 4005 3139 4059 celebrata
3191 4015 3293 4069 est,
3347 4005 3412 4060 iis

1833 4103 2019 4167 etiam,
2053 4100 2147 4171 qui
2182 4098 2496 4169 magistatus
2535 4105 2749 4168 gerunt,
2800 4112 2908 4151 una
2972 4097 3408 4159 considentibus,

1834 4203 1889 4249 ct
1926 4194 2160 4263 synodus
2184 4190 2250 4245 ad
2297 4189 2812 4243 condemnationem
2855 4189 3132 4261 Evangelii
3179 4189 3408 4255 Christi,

1835 4288 1990 4355 cujus
2014 4294 2069 4338 tu
2102 4284 2282 4338 claves
2325 4282 2392 4335 ab
2426 4283 2659 4350 ipsomet
2710 4283 2964 4350 accepisti
3003 4298 3099 4352 per
3144 4282 3414 4336 interme-

173 4366 325 4461 μέχρι
359 4373 452 4426 τοῦ
491 4377 949 4445 προηγησαμένου
978 4379 1077 4449 τὴν
1109 4382 1414 4454 ἱερωτάτην
1443 4402 1535 4438 σου
1565 4403 1730 4454 κεφα-

1840 4374 1988 4429 dium
2017 4373 2320 4442 principem
2365 4369 2735 4438 apostolorum
2766 4378 2819 4423 et
2854 4385 3200 4426 successores
3239 4386 3411 4439 usque

170 4453 283 4526 λήν.
314 4464 420 4518 Καὶ
473 4468 623 4530 ὅπως
657 4469 948 4540 ἀνάσχοιτο
982 4474 1354 4545 ὲπακηκοέναι
1388 4478 1420 4547 ἡ
1464 4476 1735 4549 θεομίμη-

169 4563 254 4612 τος
282 4554 555 4611 ὶπιείκειά
587 4576 680 4612 σου
706 4578 720 4626 ;
757 4561 1077 4633 Ἀρξώμεθα
1098 4565 1155 4618 δὲ
1186 4565 1295 4619 ἀπὸ
1315 4567 1410 4620 τοῦ
1445 4568 1610 4638 νόμου
1639 4570 1736 4622 καὶ

172 4641 272 4695 τῶν
299 4652 614 4722 προφητῶν.
657 4652 770 4707 Καὶ
814 4655 967 4723 γοῦν.
999 4659 1184 4727 φησὶν,
1248 4662 1329 4713 Οὐ
1349 4663 1698 4729 μοιχεύσεις
1721 4679 1734 4692 ·

173 4734 237 4785 οὐ
261 4738 868 4811 ψευδομαρτυρήσεις.
899 4775 968 4785 —-—
995 4748 1076 4801 Οὐ
1098 4746 1270 4816 λήψῃ
1305 4749 1374 4801 τὸ
1403 4749 1591 4818 ὄνομα
1623 4753 1737 4804 Κυ-

168 4825 296 4886 ρίου
330 4833 433 4887 τοῦ
465 4833 613 4888 Θεοῦ
640 4849 756 4888 σου
779 4836 875 4888 ἐπὶ
891 4838 1142 4905 ματαίῳ.
1182 4839 1291 4891 Καὶ
1323 4839 1590 4908 Ἱερεμίας
1611 4841 1734 4909 μέν’

180 4914 395 4985 Ἄφρων
424 4924 520 4978 καὶ
556 4925 782 4993 ἀσεϐὴς
813 4929 846 4980 ὀ
878 4926 1148 4996 κατέχων·
1170 4930 1512 4995 μοιχαλίδα.
1547 4929 1738 4982 Μαλαο

177 5007 288 5075 χίας
323 5012 397 5074 δέ’
453 5018 634 5087 Χείλη
692 5017 893 5084 ἱερέως
944 5017 1277 5087 φυλάξεται
1327 5019 1586 5088 γνῶσιν·
1639 5020 1741 5074 καὶ

177 5099 353 5168 νόμον
380 5107 823 5177 ἐκζητήσουσιν
864 5108 932 5164 ἐκ
980 5111 1280 5179 στόματος
1315 5109 1502 5164 αὐτοῦ
1529 5127 1541 5139 ·
1589 5110 1740 5164 διότι

181 5189 415 5266 ἅγγελος
460 5201 682 5269 Κυρίου
715 5202 1196 5271 παντοκράτορος
1237 5203 1387 5257 ἐστι.
1449 5203 1740 5257 Μετὲλθω-

185 5297 274 5348 μεν
305 5288 393 5343 ἐπὶ
417 5293 477 5346 τὸ
530 5292 898 5361 Εὑαγγέλιον·
944 5293 1006 5346 '0
1059 5294 1366 5360 ἀπολύων,
1411 5294 1567 5364 φησὶ,
1625 5295 1740 5361 τὴν

184 5379 416 5440 γυναῖκα
443 5385 652 5449 αὑτοῦ,
699 5386 798 5440 καὶ
830 5385 1032 5455 γαμῶν
1059 5385 1288 5454 ἑτέραν,
1318 5387 1607 5461 μοιχεύει.
1629 5388 1739 5441 Kal

183 5468 351 5540 πάλιν,
387 5479 502 5544 Οὓς
531 5481 564 5532 δ
587 5479 731 5546 Θεὸς
763 5478 1144 5544 συνέζευξεν,
1172 5477 1480 5546 ἅνθρωπος
1499 5479 1583 5548 μὴ
1625 5497 1738 5547 κω·

182 5560 378 5624 Ριξέτω.
404 5571 564 5625 Ὅσον
595 5571 652 5625 δὲ
687 5573 747 5626 τὸ
793 5573 1051 5641 διάφορον
1075 5572 1244 5642 νόμου
1279 5573 1372 5624 καὶ
1406 5573 1650 5643 χάριτος,
1681 5570 1740 5636 ἐξ

189 5654 472 5719 αὐτῶντῶν
505 5667 682 5734 λόγων
719 5665 813 5719 τοῦ
846 5665 1048 5736 Κυρίου
1105 5664 1385 5734 εἰσόμεθα,
1446 5665 1693 5732 λέγοντος
1722 5681 1734 5695 ⁸

294 5772 451 5832 Exod.
488 5797 576 5844 .\x,
619 5780 697 5834 15.

781 5781 795 5810 ³
820 5778 950 5841 ibid.
987 5779 1035 5833 7.
1114 5780 1132 5809 '
1168 5776 1296 5842 lnto,
1327 5777 1481 5833 I'rov.
1509 5794 1656 5844 xvtu,
1688 5779 1776 5832 2'2.

1839 4464 1906 4518 ad
1945 4479 2070 4518 eum
2104 4462 2196 4531 qui
2251 4459 2652 4514 sanctissimum
2689 4469 2842 4515 tuum
2882 4468 3048 4528 caput
3092 4461 3407 4514 antecessit.

1839 4553 1906 4608 Et
1939 4553 2210 4622 quomodo
2269 4551 2457 4606 audire
2513 4550 2629 4606 hzec
2676 4551 2944 4608 sustineat
2995 4550 3090 4606 Dei
3152 4551 3415 4606 imitatrix

1839 4645 2066 4714 aequitas
2097 4642 2231 4696 tua?
2266 4642 2591 4711 Incipiamus
2620 4641 2765 4695 enim
2807 4657 2836 4694 a
2865 4642 2982 4710 lege
3023 4649 3076 4695 et
3111 4642 3410 4710 prophetis.

1841 4737 1908 4792 Et
1937 4736 2155 4806 quidem
2199 4734 2373 4803 inquit
2402 4752 2415 4787 :
2445 4731 2562 4788 Non
2599 4733 2932 4786 masc/laberis
2963 4749 2976 4785 :
3009 4730 3130 4785 Non
3186 4731 3413 4802 loqueris

1841 4829 2034 4898 falsum
2063 4826 2413 4881 testimonium
2435 4825 2453 4855 ³
2483 4841 2498 4878 :
2532 4823 2649 4877 Non
2691 4840 2925 4876 assumes
2964 4839 3147 4876 nomen
3201 4822 3414 4876 Domini

1843 4923 1918 4976 tui
1945 4923 2210 4974 incanum
2238 4918 2280 4970 ⁸.
2325 4915 2679 4970 EtJeremias
2706 4933 2718 4966 ε
2750 4914 2980 4979 Stultus,
3011 4914 3107 4978 ait,
3143 4924 3190 4967 et
3217 4915 3412 4983 impius

1841 5015 1930 5085 qui
1967 5022 2101 5066 tenet
2125 5011 2423 5065 adulteram
2444 5009 2485 5061 ⁸.
2527 5007 2820 5062 Malachias
2842 5022 2971 5062 vero
3004 5024 3018 5060 :
3051 5006 3215 5059 Labia
3241 5024 3414 5060 sacer-

1841 5107 1976 5160 dotis
2001 5105 2287 5160 custodient
2315 5101 2615 5165 scientiam,
2651 5111 2697 5154 et
2722 5098 2885 5168 legem
2925 5099 3190 5169 requirent
3221 5115 3286 5150 ea:
3324 5115 3413 5151 ore

1841 5200 1994 5269 ejus:
2026 5198 2151 5267 quia
2176 5195 2391 5264 angelus
2417 5193 2625 5246 Domini
2664 5191 2990 5245 exercituum
3033 5199 3109 5243 est
3138 5189 3180 5241 ⁸.
3212 5187 3414 5243 Trans-

1841 5307 2030 5349 eamus
2085 5289 2152 5344 ad
2181 5285 2566 5358 Evangelium:
2599 5282 2920 5351 Quicunque.
2941 5282 3132 5351 inquit,
3159 5282 3412 5335 dimiserit

1842 5401 2056 5441 uxorem
2085 5398 2257 5444 suam,
2290 5389 2337 5433 et
2362 5379 2528 5432 aliam
2560 5377 2789 5442 duxerit,
2821 5375 3108 5429 iniec/tatur
3129 5375 3171 5426 ⁷.
3205 5374 3271 5427 Ει
3299 5390 3417 5426 rur-

1841 5491 1966 5532 sus:
1991 5473 2128 5539 Quos
2152 5471 2288 5525 Deus
2311 5469 2601 5538 conjunxit,
2620 5468 2770 5520 homo
2783 5482 2884 5522 non
2900 5474 3107 5532 separet
3133 5464 3175 5519 ⁸.
3202 5463 3413 5529 Quanta

1842 5583 1972 5622 vero
2012 5565 2084 5622 sit
2113 5561 2420 5619 dill‘erentia
2449 5561 2580 5631 legis
2615 5567 2670 5613 et
2695 5559 2901 5629 gratiae,
2934 5572 3000 5611 ex
3034 5556 3166 5625 ipsis
3195 5556 3411 5610 Domini

1845 5658 2022 5714 verbis
2046 5653 2323 5717 discimus,
2349 5649 2438 5721 qui
2460 5650 2570 5703 ait:
2611 5648 2676 5702 Et
2697 5664 2811 5700 ecce
2837 5645 2951 5715 plus
2979 5665 3135 5716 quant
3166 5645 3414 5714 templum

1855 5775 1872 5798 '
1903 5770 2126 5828 )lalaclt.
2156 5783 2214 5834 tt,
2238 5767 2288 5819 7.
2365 5766 2383 5796 ⁷
2416 5763 2602 5822 Matth.
2630 5778 2738 5827 tux,
2765 5764 2817 5817 9.
2855 5761 3020 5817 I’ibid.
3056 5761 3108 5815 6.
