4008 6318
579 290 714 353 1023
1764 298 1824 358 S.
1868 297 2267 359 THEODORI
2295 299 2643 358 STUDI'I‘rE
3723 292 3871 354 1024

569 404 653 455 hic
682 405 723 457 '.
760 402 964 458 Deinde
987 419 1051 458 ex
1079 404 1259 460 verbis
1320 405 1560 476 Apostoli
1606 405 1841 464 dicentis
1883 428 1895 464 :
1932 409 2152 462 Irritam

2285 406 2364 459 {al
2390 406 2522 460 ἰδοὺ
2554 406 2747 460 πλέον
2784 404 2891 460 τοῦ
2936 404 3096 475 ἱεροῦ
3122 398 3239 459 ὧδε
3265 420 3278 436 ·
3313 402 3456 470 εῖτα,
3507 404 3606 458 καὶ
3637 403 3715 457 ἐκ
3747 403 3868 456 τῶν

569 495 686 564 quis
711 494 908 564 faciens
940 495 1103 564 legem
1132 495 1316 566 Moysi,
1338 499 1450 551 sine
1475 497 1584 552 ulla
1619 500 1981 563 miseratione,
2013 501 2149 552 duo-

2286 497 2346 550 οῦ
2374 497 2704 552 Ἀποστόλου
2754 497 2970 566 φωνῶν,
3007 496 3344 567 φάσκοντος·
3389 495 3734 562 Ἀθετήσας
3773 512 3869 558 τις

568 587 662 640 bus
687 587 767 640 vel
796 587 961 641 tribus
988 591 1203 643 testibus
1224 591 1447 643 moritur
1468 608 1486 644 :
1523 601 1720 661 quanto
1751 593 1918 662 magis
1950 593 2151 660 putatis

2282 587 2442 656 -όμον
2469 587 2744 654 Μωσέως,
2769 587 2946 656 χωρίς
2961 588 3299 656 οἰκτιρμῶν,
3319 587 3414 640 ἐπὶ
3439 586 3655 653 δυσίῆ
3693 587 3865 654 τρισί

569 679 833 733 deteriora
882 682 1073 735 mereri
1116 684 1396 751 supplicia,
1434 687 1523 754 qui
1559 684 1760 740 Filium
1799 686 1893 740 Dei
1941 684 2151 739 concul-

2287 679 2552 747 ιάρτυσιν
2606 680 3009 746 ἀποθνήσκει·
3056 682 3230 745 πόσῳ
3280 679 3508 733 δοκεῖτε
3565 678 3870 746 χείρονος

571 772 726 835 carit,
757 781 806 826 et
849 773 1159 842 sanguinem
1201 777 1503 829 testamenti
1537 777 1798 846 pollutum
1829 779 2062 846 duxerit,
2099 789 2150 834 et

2282 771 2645 836 ἰξιωθήσεται
2673 773 3020 841 τιμωρίας-,ό
3041 772 3146 826 τὸν
3173 772 3309 826 Υἱόν
3339 771 3448 826 τοῦ
3479 770 3636 825 Θεοῦ
3664 785 3865 823 κατα-

571 863 788 930 spiritus
814 865 1005 934 gratia:
1043 866 1413 920 contumeliam
1443 869 1623 937 fecerit
1651 869 1734 924 “ll

2289 862 2530 930 :atrjo'ac
2561 905 2576 930 ,
2637 864 2734 918 καὶ
2790 864 2858 918 τὸ
2926 859 3071 933 αἷμα
3131 863 3242 933 τῆς
3293 863 3589 931 διαθήκης
3644 861 3872 915 κοινὸν

2257 954 2659 1024 ἡγησάμενος,
2701 959 2799 1012 καὶ
2826 957 2941 1025 τὴν
2979 956 3156 1026 χάριν
3205 955 3310 1011 τοῦ
3353 959 3721 1026 Πνεύματος
3768 955 3870 1008 ἐν·

2257 1049 2509 1114 υὸρίσας
2530 1066 2549 1113 ;

645 1127 772 1182 Haec
802 1126 964 1199 igitur
987 1142 1113 1182 cum
1163 1127 1235 1182 ita
1279 1143 1338 1183 se
1367 1129 1604 1184 habeant
1635 1147 1648 1196 ;
1684 1132 1769 1185 isti
1805 1133 2013 1189 nefaria
2049 1135 2154 1191 lin-

2329 1139 2546 1195 Τούτων
2574 1141 2755 1195 τοίνυν
2787 1139 2963 1204 οὓτως
2995 1139 3229 1210 ἐχόντων
3253 1157 3268 1172 ο
3305 1142 3355 1194 οἰ
3411 1141 3557 1212 μετά
3587 1142 3869 1211 γλώσσης

575 1234 678 1289 gua
717 1217 945 1273 Domino
974 1218 1326 1286 reluctantes,
1350 1221 1484 1292 legis
1508 1229 1668 1291 atque
1707 1223 2157 1296 Evangeliisolu-

2284 1229 2499 1303 ιθέσμου
2528 1232 2597 1286 τὰ
2632 1233 2766 1302 πρὸς
2785 1232 2991 1305 Κύριον
3023 1231 3397 1300 ἀπειθοῦντες,
3429 1233 3532 1304 τὴν
3562 1233 3734 1287 λύσιν
3767 1232 3867 1286 τοῦ

575 1310 803 1376 tionem,
845 1309 900 1366 id
921 1321 1026 1379 est,
1048 1312 1211 1381 hujus
1240 1328 1417 1382 nuper
1446 1315 1783 1383 imperatoris
1807 1317 2155 1383 adulterium.

2283 1340 2318 1376 τε
2352 1324 2516 1394 νόμου
2538 1322 2744 1377 καὶτοῦ
2771 1322 3129 1392 Εὐαγγελίου,
3156 1322 3321 1393 ἦγουν
3345 1323 3444 1390 τὴν
3475 1323 3740 1394 μοιχείαν
3767 1320 3866 1374 τοῦ

575 1405 692 1474 qui,
719 1404 958 1476 legitima
989 1405 1186 1474 ejecta,
1215 1408 1493 1461 moecham
1525 1407 1776 1464 induxit:
1814 1419 1869 1465 et
1909 1412 2010 1468 hac
2042 1413 2158 1483 ipsa

2281 1415 2391 1483 πρὶν
2446 1416 2842 1486 κρατήσαντος,
2870 1414 2962 1466 ἐπὶ
2997 1415 3065 1484 τῇ
3095 1412 3295 1483 ἐκϐολῇ
3327 1411 3429 1480 τῆς
3461 1413 3738 1484 νομίμου,
3767 1411 3864 1463 καί

576 1498 839 1564 majorem
901 1507 956 1553 et
1011 1501 1314 1571 graviorem
1362 1500 1728 1569 iniquitatem,
1787 1505 2158 1562 adulterorum

2278 1506 2544 1558 εἰσοικίσει
2579 1507 2678 1575 τῆς
2710 1503 3016 1574 μοιχαλίδος
3037 1521 3050 1534 ·
3083 1503 3180 1557 καὶ
3213 1503 3313 1574 τὴν
3358 1501 3567 1572 ταύτης
3623 1501 3861 1573 μείζονα

576 1585 787 1641 scilicet
834 1589 1325 1658 coniunctionem:
1382 1602 1604 1660 propter
1651 1592 1846 1648 falsum
1910 1597 2159 1652 testimo-

2280 1596 2358 1650 ιαῖ⁵
2388 1595 2775 1667 χαλεπωτέραν
2827 1595 3195 1666 παρανομίαν,
3231 1593 3350 1663 ἦτοι
3404 1593 3504 1663 τήν
3562 1591 3863 1664 μοιχοζευ-

577 1676 727 1730 ιιίιιηι
759 1680 902 1747 quod
932 1681 1197 1736 adversus
1227 1681 1395 1737 Deum
1435 1683 1596 1738 locuti
1624 1694 1770 1751 sunt,
1805 1687 1922 1754 ejus
1960 1703 2158 1743 nomen

2281 1689 2417 1753 ξίαν·
2452 1688 2546 1742 διὰ
2574 1687 2634 1741 τὸ
2683 1686 3212 1759 ψευδομαρτυρήσαι
3268 1683 3407 1739 κατὰ
3440 1683 3603 1747 Θεοῦ,
3663 1683 3767 1736 καὶ
3803 1683 3864 1734 τὸ

578 1768 632 1821 in
662 1769 846 1825 illicita
875 1772 1092 1828 actione
1120 1773 1264 1828 inter
1314 1791 1465 1830 sacra
1495 1778 1755 1847 mysteria
1804 1789 2158 1850 usurpantes,

2280 1781 2454 1833 τούτου
2509 1779 2679 1847 ὄνομα
2728 1777 2914 1832 λαὸεῖν
2945 1778 3036 1831 ἐπὶ
3066 1779 3133 1848 τῇ
3183 1775 3430 1847 ἀθεμίτῳ
3476 1775 3683 1846 πράξει
3716 1773 3863 1826 κατὰ

575 1860 938 1930 victricesqne
969 1863 1037 1918 de
1070 1861 1290 1919 Christo
1319 1880 1550 1922 coronas
1571 1869 1834 1924 adulteris
1870 1870 2158 1941 imponen-

2278 1874 2362 1944 τὴν
2403 1873 2813 1944 μυσταγωγίαν.
2839 1872 2951 1926 Καὶ
2987 1872 3097 1942 μὴν
3127 1871 3219 1924 καὶ
3243 1868 3428 1924 δοῦναι
3457 1870 3570 1930 τοῖς
3598 1884 3861 1938 μοιχευο-

577 1959 660 2005 tes
707 1951 760 2004 in
808 1953 922 2022 ipsa
981 1955 1292 2010 divinorum
1362 1972 1654 2014 munerum
1715 1962 2157 2033 participatione,

2278 1966 2445 2034 aevom
2468 1967 2786 2038 νικητικοὺς
2809 1965 2952 2018 κατὰ
2984 1962 3224 2036 Χριστοῦ
3250 1964 3373 2026 τοὺς
3408 1961 3745 2029 στεφάνους,
3767 1961 3861 2012 ὲπι

576 2041 775 2109 quibus
813 2045 1033 2115 quidem
1079 2047 1246 2102 veluti
1282 2052 1665 2106 communibus
1694 2063 1745 2108 et
1777 2054 1997 2123 pollutis
2031 2073 2159 2111 con-

2272 2056 2605 2128 μεθέξειτῶν
2630 2055 2789 2110 θείων
2816 2054 3153 2126 δὼρων,τῶν
3181 2055 3256 2118 ὼς
3291 2053 3486 2109 κοινῶν
3505 2050 3855 2125 ὲνυσρισθέν-

578 2134 857 2190 tumeliam
895 2136 1024 2191 fecit
1065 2139 1301 2193 adulteri
1342 2142 1646 2210 copulator,
1680 2147 1928 2215 angelum
1961 2162 2020 2202 se
2051 2163 2159 2203 non

2273 2168 2369 2204 των
2401 2151 2553 2223 παρὰ
2593 2154 2690 2204 τοῦ
2719 2149 3134 2221 μοιχοζεύκτου,
3167 2149 3264 2202 καὶ
3319 2147 3579 2217 ἀγγέλου,
3642 2148 3709 2200 οὐ
3763 2143 3856 2199 τοῦ

583 2224 672 2279 Οιθί
727 2231 1140 2299 omnipotentis,
1191 2235 1288 2289 sed
1342 2237 1604 2306 principis
1677 2240 1865 2294 mundi
1922 2239 2160 2309 Satanae,

2270 2243 2706 2314 παντοκράτορος
2749 2241 2908 2305 Θεοῦ,
2945 2240 3084 2294 ἀλλὰ
3111 2239 3206 2293 τοῦ
3241 2239 3698 2311 κοσμοκράτορος
3747 2240 3853 2291 Σα-

578 2318 756 2387 reipsa
809 2321 1129 2390 declarans;
1179 2341 1480 2397 omnesque
1527 2345 1654 2394 una,
1685 2333 1775 2401 qui
1812 2334 1937 2390 huic
1983 2345 2161 2392 trans-

2275 2337 2419 2401 τανᾶ,
2457 2335 2824 2404 ἀποφανέντος
2845 2333 2989 2387 κατὰ
3017 2332 3078 2386 τὸ
3095 2331 3320 2403 ἀληθές·
3355 2330 3437 2385 ἔτι
3466 2332 3575 2403 μὴν
3603 2331 3701 2386 καὶ
3727 2330 3858 2383 πάν-

581 2409 840 2476 gressioni
864 2415 1228 2482 conparando,
1263 2433 1492 2487 eamque
1539 2424 1912 2491 approbando,
1952 2437 2161 2496 partem

2269 2444 2372 2480 των
2402 2425 2513 2480 τῶν
2543 2425 2633 2479 διὰ
2690 2424 3000 2496 συνδρομῆς
3032 2424 3126 2477 καὶ
3175 2422 3446 2488 εὐδοκίας,
3503 2426 3563 2477 ὲν
3595 2423 3733 2493 τῇδε
3786 2423 3852 2490 τῇ

581 2512 736 2552 suam
767 2516 890 2554 cum
924 2504 1192 2570 adultero,
1223 2517 1280 2561 et
1304 2508 1536 2565 adulteri
1578 2515 1914 2585 copulatorc,
1962 2535 2162 2590 posue-

2270 2518 2580 2590 παραϐάσει
2619 2518 2720 2587 τήν
2771 2516 2968 2587 μερίδα
3026 2515 3271 2586 θεμένων
3318 2516 3458 2587 μετά
3514 2511 3715 2584 μοιχοῦ
3761 2511 3853 2564 καὶ

581 2600 710 2645 runt
739 2609 754 2656 ;
793 2595 1086 2651 salutarem
1113 2597 1206 2652 Dei
1241 2597 1492 2656 Ecclesiae
1523 2604 1985 2675 dispensationem
2009 2616 2163 2684 apel-

2272 2609 2696 2682 μοιχοζεύκτου’
2730 2607 3047 2679 οἰκονομίαν
3105 2610 3373 2678 σωτήριον
3425 2609 3490 2676 τῇ
3545 2603 3855 2674 Ἐκκλησία

583 2683 803 2752 larunt;
838 2688 977 2742 adeo
1001 2689 1211 2745 ﬁrmam
1239 2693 1385 2746 illam
1421 2704 1476 2749 et
1501 2698 1642 2766 apud
1681 2699 1846 2756 Deum
1876 2715 2074 2772 ratam,
2103 2717 2164 2764 ut

2272 2699 2360 2754 τοῦ
2391 2698 2526 2754 Θεοῦ
2557 2698 3074 2771 προσηγορεύκασι·
3098 2698 3351 2751 τοσοῦτον
3376 2695 3582 2766 ὀχυρὰν
3617 2693 3716 2746 καὶ
3749 2691 3855 2744 θεο-

584 2781 789 2848 eosqui
822 2782 954 2851 ipsis
981 2799 1090 2839 non
1142 2799 1450 2854 cesserunt,
1508 2805 1685 2862 neque
1739 2809 2160 2867 consenserunt,

2269 2790 2514 2862 κύρωτον
2541 2791 2918 2861 ὑπάρχουσαν,
2958 2790 3032 2853 ὡς
3059 2790 3186 2851 τοὺς
3219 2789 3294 2856 μὴ
3317 2785 3571 2849 εἴξαντας
3595 2783 3694 2836 καὶ
3728 2799 3852 2835 συν-

585 2871 843 2939 synodice
871 2876 1406 2943 anathematizarint.
1427 2883 1630 2937 additis
1668 2888 1982 2950 carceribus
2009 2890 2165 2948 aliis-

2268 2881 2531 2952 θεμένους
2574 2882 2777 2944 αὐτοῖς,
2827 2879 3130 2947 άναθέματι
3185 2874 3481 2937 συνοδικῶς
3531 2872 3850 2933 ὑποϐαλεῖν,

583 2975 693 3029 que
747 2964 1058 3033 suppliciis,
1102 2978 1395 3037 propterea
1437 2973 1580 3042 quod
1617 2973 1774 3030 fateri
1806 2979 1983 3035 nolint
2036 2997 2166 3037 san-

2272 2973 2412 3044 μετά
2433 2970 2711 3042 φυλακῶν,
2740 2969 2833 3024 καὶ
2864 2965 3462 3039 ἑτέρων-παθημάτων,
3492 2964 3570 3028 ὡς
3597 2964 3676 3034 μὴ
3708 2964 3854 3033 δεξα-

582 3061 734 3108 ctum
753 3070 893 3127 opus
916 3059 1104 3125 fuisse,
1129 3062 1436 3120 istiusmodi
1466 3067 1927 3137 dispensationem
1959 3093 1971 3128 :
2005 3075 2162 3142 Audi,

2274 3065 2468 3136 μένους
2497 3065 2700 3131 ταύτην
2750 3062 2850 3128 τὴν
2895 3061 3209 3132 οἰκονομίαν
3261 3058 3638 3129 ἀγιὸπρακτον
3691 3055 3849 3112 εἶναι.

587 3146 890 3214 cce!um,ait
915 3151 1106 3219 Isaias,
1137 3163 1186 3207 et
1215 3158 1434 3212 auribus
1452 3163 1679 3228 percipe,
1717 3173 1880 3230 terra,
1911 3171 2160 3237 quoniam

2286 3158 2502 3219 Ἄκουε,
2529 3153 2766 3222 οὐρανὲ,
2785 3154 2951 3224 φησὶν
2982 3153 3230 3216 Ἡσαΐας,
3254 3149 3350 3203 καί
3370 3147 3671 3215 ὲνωτίζου,
3688 3150 3728 3217 ἠ
3757 3148 3869 3218 γῆ..

587 3237 844 3295 Dominus
873 3243 1073 3299 locutus
1103 3257 1176 3300 est
1210 3248 1275 3302 “.
1307 3248 1414 3304 Nos
1445 3266 1574 3305 vero
1631 3254 1868 3311 humiles
1917 3273 2065 3316 nunc
2096 3263 2162 3315 ad

2271 3244 2361 3299 ὅτι
2393 3245 2606 3311 Κύριος
2633 3242 2963 3310 ἐλάλησεν.
2992 3242 3185 3312 Ἡμεῖς
3210 3240 3267 3293 δὲ
3293 3241 3343 3293 oi
3370 3239 3610 3302 εὐτελεῖς
3633 3241 3771 3309 πρὸς
3796 3238 3851 3290 σὲ

588 3341 682 3388 te:
714 3333 874 3401 Audi,
927 3353 1182 3408 magnum
1236 3341 1326 3397 Dei
1381 3353 1564 3414 caput,
1596 3355 1650 3400 et
1692 3349 1916 3404 auribus
1943 3353 2164 3424 percipe

2271 3337 2454 3391 τανῦν·
2479 3338 2700 3402 Ἄκουε,
2728 3337 2762 3407 ή
2798 3335 3007 3406 μεγάλη
3047 3333 3140 3388 τοῦ
3172 3331 3307 3386 Θεοῦ
3337 3331 3570 3403 κεφαλὴ,
3603 3330 3701 3383 καὶ
3733 3330 3853 3424 ἑνω-

587 3438 705 3493 qua:
735 3427 964 3482 Satanas
989 3430 1206 3486 molitus
1238 3439 1342 3487 est.
1375 3431 1430 3488 Si
1461 3435 1606 3489 enim
1647 3452 1710 3491 ex
1749 3437 1845 3493 Dei
1886 3419 2165 3499 voluntate

2271 3430 2423 3493 τίξου
2464 3429 2501 3484 ἃ
2533 3431 2561 3482 ὁ
2593 3429 2841 3490 Σατανᾶς
2898 3425 3296 3496 ἀπειργάσατο.
3358 3423 3424 3478 Εἰ
3483 3422 3668 3475 τοίνυν
3713 3419 3849 3472 κατά

589 3524 647 3571 et
673 3528 809 3572 nutu
838 3529 1014 3575 castus
1066 3522 1174 3587 ille,
1216 3531 1273 3577 et
1321 3527 1691 3582 anathematis
1741 3533 2163 3600 pronuntiatio:

2274 3521 2410 3575 Θεοῦ
2439 3521 2693 3592 βούλησιν
2722 3521 2815 3573 καὶ
2842 3519 3113 3588 ἀποδοχὴν
3145 3521 3179 3589 ή
3215 3515 3565 3584 συνάθροισις
3620 3511 3782 3580 αὕτη,
3816 3512 3847 3580 ἡ

595 3609 685 3662 Dei
721 3611 963 3680 profecto
991 3613 1077 3668 lex
1126 3631 1236 3671 non
1266 3626 1371 3681 est,
1407 3633 1512 3674 nec
1553 3621 1856 3691 prophetas.
1892 3639 2014 3678 cum
2043 3627 2170 3696 qui-

2273 3633 2333 3670 τε
2366 3611 2837 3684 άναθεματιστικὴ
2872 3612 3151 3680 ἀπόφασις
3170 3624 3184 3637 ·
3237 3609 3298 3696 οὐ
3327 3605 3462 3661 Θεοῦ
3514 3607 3544 3658 ὁ
3573 3605 3736 3674 νόμος
3766 3603 3851 3696 δη.

591 3697 695 3752 bus
721 3710 776 3754 et
798 3699 1131 3766 Przrcursor,
1160 3708 1253 3775 qui
1279 3707 1587 3763 adulterum
1629 3712 1986 3780 reprehendit
2018 3732 2032 3782 ;
2063 3692 2167 3772 nec

2275 3708 2483 3761 λονότιο
2531 3705 2584 3758 οἰ
2623 3720 2685 3757 τε
2726 3706 3028 3774 προφῆται,
3077 3701 3195 3772 μεθ’
3242 3692 3317 3753 ὧν
3351 3700 3378 3751 6
3414 3696 3734 3768 Πρόδρομος
3779 3695 3849 3757 ὠς

592 3793 967 3863 Evangelium.
1002 3805 1187 3851 contra
1217 3799 1361 3868 quod
1393 3799 1480 3853 isti
1518 3816 1672 3855 suam
1705 3803 1849 3858 illam
1882 3815 2168 3876 tantopere

2280 3793 2701 3866 μοιχοελέγκτης
2722 3807 2736 3823 ο
2772 3785 2889 3844 εἶτα
2915 3792 3011 3843 καὶ
3042 3789 3105 3842 τὸ
3130 3787 3486 3855 Εὖαγγὲλιον,
3514 3784 3648 3856 παρ’
3669 3785 3698 3837 ὃ
3723 3786 3850 3837 ἐκεῖ·

593 3884 899 3940 adamatam
924 3887 1380 3958 dispensationem
1406 3889 1674 3947 fecerunt.
1697 3892 1831 3948 Nam
1858 3896 1902 3951 si
1923 3896 2167 3967 ejusdem

2278 3887 2537 3958 νοιφίλην
2569 3886 2667 3956 τὴν
2715 3883 3029 3954 οἰκονομίαν
3065 3881 3244 3936 αὐτῶν
3275 3880 3623 3948 πεποίηνται.
3654 3878 3718 3931 Εἰ
3749 3877 3847 3947 γὰρ

593 3991 715 4036 esse
753 3978 946 4046 aiunt;
975 3983 1202 4036 alterum
1239 3983 1468 4037 duorum
1499 4000 1722 4041 necesse
1749 3998 1868 4042 est:
1904 3998 2170 4045 autmen-

2279 3981 2438 4047 φαῖεν
2469 3976 2563 4030 τοῦ
2601 3975 2766 4028 αὑτοῦ
2787 3993 2802 4007 ο
2835 3975 2980 4029 δυοῖν
3012 3973 3239 4043 θάτερον
3260 3988 3274 4002 °
3322 3971 3355 4042 ἢ
3385 3970 3737 4041 ψευδηγόρον
3763 3970 3849 4022 τὸν

594 4067 782 4122 dacem
811 4067 1088 4124 Christum
1120 4079 1384 4134 statuent,
1415 4074 1507 4143 qui
1546 4075 1672 4129 olim
1703 4078 1921 4146 quidem
1955 4079 2009 4132 in
2033 4096 2172 4150 pro-

2279 4067 2533 4138 Χριστὸν,
2567 4066 2736 4120 πάλαι
2771 4064 2871 4135 μὲν
2910 4065 2969 4117 ὲν
2999 4065 3113 4126 τοῖς
3163 4064 3473 4134 προφήταις
3523 4063 3845 4133 λαλήσαντα.

593 4159 774 4228 pinetis
803 4159 1017 4216 locutus
1043 4170 1149 4228 est,
1172 4172 1228 4217 et
1261 4162 1434 4235 legem
1469 4165 1638 4233 dedit,
1682 4184 1828 4224 nunc
1855 4180 2040 4226 autem
2072 4188 2173 4243 per

2281 4161 2377 4213 καὶ
2405 4157 2869 4230 νομοθετήσαντα,
2923 4154 3020 4210 νῦν
3040 4155 3098 4209 δὶ
3148 4154 3217 4208 δι’
3247 4153 3442 4207 ἑαυτοῦ
3469 4154 3527 4206 ὲν
3564 4153 3643 4223 τῷ
3684 4152 3847 4218 Εὐαγ-

595 4250 834 4319 seipsuui
875 4251 930 4305 in
971 4252 1305 4324 Evangelio:
1353 4264 1448 4311 aut
1501 4274 1774 4326 veracem,
1804 4262 1880 4316 uti
1916 4272 2065 4319 certe
2089 4274 2175 4320 est

2283 4250 2469 4322 γελίῳ,
2530 4247 2968 4319 ἀποφανοῦνταυ
3010 4247 3044 4317 ἢ
3078 4245 3432 4316 ἀληθεύοντα,
3467 4243 3661 4314 ὥσπερ
3713 4243 3849 4294 ῖστὶν

593 4339 710 4410 ipsa
754 4341 1001 4397 veritas:
1035 4343 1181 4412 ipsos
1209 4360 1343 4400 vero
1392 4349 1636 4415 mentiri,
1685 4359 1739 4405 et
1791 4351 1885 4407 Dei
1922 4353 2176 4410 crimina-

2285 4343 2448 4406 αὐτὸς
2491 4343 2524 4412 ή
2561 4339 2817 4411 ἀλήθεια·
2865 4340 3064 4400 αὐτοὺς
3101 4336 3429 4408 ψεύδεσθαι,
3485 4335 3582 4387 καὶ
3639 4333 3845 4388 θεοκατ-

596 4439 741 4486 tores
758 4444 1178 4503 consequenter,
1200 4437 1413 4493 ostendi
1436 4456 1449 4493 :
1471 4451 1633 4510 atque
1652 4442 1772 4496 ideo
1793 4445 2176 4510 anathematis,

2283 4437 2523 4505 ηγόρους
2547 4430 2998 4519 ὲναποδειχθῆναι
3024 4428 3328 4499 ἀραρότως·
3360 4426 3460 4480 καὶ
3483 4425 3571 4519 διά
3595 4423 3750 4519 τοῦτο
3763 4422 3846 4519 τοῦ

593 4524 740 4594 quod
769 4534 960 4580 contra
985 4524 1261 4582 Christum
1309 4539 1643 4600 sanctosque
1664 4534 1783 4603 ejus
1809 4536 2174 4603 protulerunt,

2285 4525 2649 4595 ἀναθέματος,
2676 4519 2736 4579 οὗ
2758 4523 2903 4578 κατὰ
2926 4513 3165 4594 Χριστοῦ
3189 4519 3284 4574 καὶ
3315 4516 3425 4571 τῶν
3475 4515 3650 4584 ἁγίων
3695 4513 3843 4569 αὐτοῦ

595 4631 719 4671 reos
737 4631 881 4683 esse,
906 4626 966 4672 ut
993 4617 1086 4688 qui
1117 4619 1472 4685 adulterium,
1495 4623 1978 4695 adulterorumque
2009 4641 2176 4696 copu-

2287 4620 2637 4689 ὰπεφήνατο,
2694 4614 2833 4672 εῖναι
2871 4615 3231 4680 ὑπευθύνους,
3260 4609 3733 4682 βεδαιωσαμένους
3759 4609 3845 4677 τὴν

598 4708 878 4774 lationem,
931 4718 985 4765 et
1010 4709 1386 4767 adulterorum
1414 4715 1857 4771 communionem
1895 4731 2018 4772 esse
2048 4733 2179 4773 con-

2289 4711 2556 4782 μοιχείαν,
2607 4710 2704 4764 καὶ
2751 4707 3168 4781 μοιχοζευξίαν,
3208 4704 3304 4759 καὶ
3354 4700 3840 4774 μοιχοσυνδρομίαν,

598 4804 835 4864 timent.

2285 4803 2601 4872 οἰκονομίαν
2621 4802 2756 4856 Θεοῦ
2787 4802 2884 4855 καὶ
2914 4800 3105 4869 ἁγίων.

666 4897 778 4952 Nec
805 4897 964 4953 aliter
998 4914 1058 4954 se
1103 4914 1192 4955 res
1230 4900 1397 4956 habet
1433 4920 1448 4956 :
1486 4900 1604 4956 Non
1656 4903 1795 4957 enim
1838 4911 1912 4958 est
1949 4906 2182 4975 acceptio

2359 4898 2468 4952 Καὶ
2489 4895 2717 4959 ἀλλοίως
2740 4895 2842 4948 οὐκ
2869 4893 3037 4946 ἐστιν.
3098 4891 3180 4944 Οὐ
3227 4886 3340 4959 γὰρ
3383 4883 3841 4975 προσωποληψίο

598 5006 944 5059 personarum
973 4993 1116 5061 apud
1142 4993 1311 5048 Deum
1330 4995 1400 5058 ",
1433 4993 1575 5049 sicut
1597 4994 1841 5051 indicant
1869 4973 2178 5065 Maechiani,

2288 4995 2447 5062 παρὰ
2474 4989 2556 5058 τῷ
2587 4988 2706 5055 Θεῷ
2730 5003 2744 5020 ο
2776 4988 2852 5050 ὡς
2873 4982 3318 5040 ὑποδεικνύουσιν
3347 4979 3398 5034 οῖ
3428 4977 3756 5046 Μοιχειανοὶ,
3779 4973 3839 5044 μὶ-

600 5084 690 5152 qui
725 5083 845 5152 ejus
877 5085 1024 5156 leges
1046 5085 1300 5141 omnibus
1327 5101 1394 5142 ex
1423 5103 1580 5158 :equo
1609 5090 1814 5158 positas
1841 5100 2060 5161 negant,
2086 5092 2181 5147 sed

2289 5085 2483 5156 ἐπίσης
2514 5082 2639 5145 τοὺς
2668 5079 2867 5151 νόμους
2917 5074 3083 5133 αὐτοῦ
3117 5072 3329 5127 κεῖσθαι
3379 5069 3472 5124 ἰπὶ
3501 5069 3689 5131 πᾶσιν,
3741 5065 3825 5119 ἀλλ

602 5176 654 5228 ἱιι
691 5176 910 5246 regibus
942 5191 1159 5232 cessare
1187 5193 1280 5233 eas
1317 5180 1826 5238 comminiscuntur.
1863 5180 1924 5236 Et
1963 5183 2179 5238 ubinam

2289 5179 2381 5231 ἐπὶ
2409 5177 2518 5230 τῶν
2550 5173 2837 5246 βασιλέων,
2895 5171 2971 5236 ὥς
3002 5183 3188 5240 φησιν,
3223 5163 3532 5235 ὑποχωρεῖν
3562 5161 3655 5214 καὶ
3688 5175 3839 5212 καινο-

602 5279 685 5322 est
717 5285 903 5340 regum
941 5268 1334 5340 Evangelium?
1364 5271 1471 5326 Sed
1495 5272 1660 5342 impie
1694 5273 1769 5327 illi
1806 5290 2028 5344 prorsus
2053 5291 2183 5346 ege-

2287 5267 2597 5339 τομεῖσθαι.
2638 5265 2751 5320 Καὶ
2800 5261 2903 5317 ποῦ
2931 5263 2994 5315 τὸ
3036 5259 3146 5313 τῶν
3177 5255 3441 5346 βασιλέων
3493 5251 3835 5346 Εὐαγγέλ-ιθῃ

604 5367 754 5425 runt,
780 5339 890 5415 non
915 5339 1283 5430 intelligentes
1310 5360 1455 5430 quod
1487 5339 1625 5414 Deus
1652 5339 1876 5414 hominis
1906 5339 2182 5429 personam

2287 5357 2429 5413 Ἀλλ’
2455 5357 2622 5419 ὅντως
2654 5353 2963 5426 ἠσεϐήκασι
2993 5350 3134 5416 λίαν,
3171 5348 3247 5420 μὴ
3284 5344 3581 5409 συνιέντες,
3611 5343 3692 5396 ὅτι
3717 5339 3837 5404 Θεὸς

607 5466 711 5505 non
737 5451 929 5522 accipit
951 5450 1018 5516 η,
1047 5449 1506 5521 quemadmodum
1541 5460 1768 5507 testatur
1792 5461 2013 5508 sanctus
2040 5452 2186 5523 Apo-

2288 5452 2615 5522 πρόσωπον
2672 5445 2988 5516 ἀνθρώπου
3039 5445 3112 5498 οὺ
3158 5438 3467 5512 λαμϐάνει,
3527 5435 3672 5490 καθὰ
3698 5435 3838 5505 ἔφηὸ

606 5541 815 5610 slolus;
861 5557 1041 5618 neque
1080 5543 1224 5614 quod
1273 5542 1416 5602 idem
1465 5558 1566 5615 per
1613 5559 1787 5600 unum
1829 5557 1860 5600 e
1897 5542 2185 5616 prochetis

2289 5543 2432 5616 ἱερὸς
2473 5539 2840 5604 Ἀπόστολος·
2902 5535 3026 5607 μηδ’
3080 5534 3165 5588 ὅτι
3213 5535 3242 5588 ὁ
3287 5531 3450 5595 αὐτὸς
3491 5528 3561 5584 δι’
3590 5527 3705 5592 ἑνὸς
3747 5525 3836 5580 τῶν

687 5747 708 5780 '
739 5747 932 5808 Matth.
958 5764 1052 5815 xu,
1085 5748 1136 5801 6.
1217 5750 1258 5782 '°
1294 5747 1457 5806 llebr.
1489 5767 1539 5815 χ,
1576 5748 1662 5805 28.
1747 5750 1788 5782 ”
1814 5747 1917 5805 lsa.
1954 5751 2068 5817 1,2.
2181 5750 2221 5779 ¹¹
2266 5748 2270 5803 1

1595 5749 1662 5805 l8.
1747 5747 1917 5805 “lsa.
1954 5751 2068 5817 1,2.
2181 5750 2221 5779 ¹¹
2266 5747 2423 5805 Rom.
2458 5762 2517 5809 ιι,
2569 5746 2648 5800 ll.
2732 5744 2772 5776 ¹³
2812 5743 2992 5802 Galat.
3026 5754 3086 5801 ιι,
3130 5735 3178 5791 6.
