4008 6318
151 307 304 378 1025

1389 329 1923 395 ΕΡΙΞΤΟΙΛΒΠΜ
1955 335 2101 401 LIB.
2145 338 2194 398 Ι.

3277 335 3414 403 1026

138 426 492 526 προφητῶν,
546 430 843 499 ταλανίζων
883 437 1104 506 αὐτοὺς,
1148 441 1332 512 λέγει·
1407 447 1592 518 Ὑμεῖς
1624 455 1735 506 οὐκ

1843 452 1987 522 ipsos
2026 455 2316 526 increpans
2342 457 2418 513 ait
2475 474 2488 513 :
2530 456 2623 512 Vos
2654 472 2755 510 non
2800 456 3044 511 servastis
3068 453 3184 511 uias
3228 474 3372 512 meas
3395 497 3413 524 ,

141 519 514 588 ἐφυλάξατε
539 524 645 592 τὰς
656 526 827 594 ὁδούς
843 546 982 598 μου,
1007 532 1144 587 ἀλλ’
1163 535 1522 606 ἐλαμϐάνετε
1547 545 1738 610 πρόσ-

142 626 284 663 ωπα
321 611 405 664 ἐν
435 614 619 684 νόμῳ.
663 619 808 687 Οὐχί
833 621 976 688 Θεὸς
997 618 1084 690 εἷς
1107 624 1350 682 ἔκτισεν
1370 630 1560 700 ὑμᾶς;
1590 633 1736 702 Οὐχὶ

143 702 485 799 ηατὴρ-εἷς
508 711 750 799 ,πάντων
775 715 976 799 υμῶη
1027 721 1232 792 Γράφει
1255 724 1312 778 δὲ
1356 727 1450 780 καὶ
1483 728 1736 799 Σολομὼν

141 793 276 846 τάδε
302 810 317 824 ·
369 797 705 854 Ἀκούσατε
732 796 864 868 οὖν,
891 805 1197 874 βασιλεῖς,
1215 813 1313 866 καί
1355 815 1592 870 σύνετε.
1618 793 1736 873 Kal.

149 883 274 950 μεθ’
303 883 486 954 ἕτερα
505 903 519 916 ·
544 887 669 941 Ὀτι
689 891 974 959 ὑπηρέται
996 895 1165 965 ὄντες
1185 899 1294 969 τῆς
1316 902 1424 957 τοῦ
1455 904 1737 973 Ὑψίστου

139 975 510 1044 βασιλείας,
543 981 652 1033 οὐκ
676 982 946 1051 ἐκρίνατε
973 989 1158 1057 ὀρθῶς
1177 1031 1193 1057 ,
1232 993 1374 1047 οὐδὲ
1401 994 1739 1064 ἐφυλάξατε

145 1065 373 1133 νόμον,
422 1069 565 1124 οὐδέ
584 1073 733 1127 κατὰ
749 1074 863 1144 τὴν
893 1078 1140 1149 βουλὴν
1174 1082 1280 1137 τοῦ
1307 1086 1456 1141 Οεοῦ
1495 1087 1740 1156 ἐπορεύ-

149 1157 322 1223 θητε.
350 1159 620 1227 Φρικτῶς
646 1165 742 1218 καὶ
772 1168 998 1236 ταχέως
1023 1171 1413 1239 ἐπιστήσεται
1440 1176 1603 1246 ὑμῖν,
1648 1177 1740 1232 ὅτι

151 1249 366 1316 κρίσις
389 1251 692 1324 ἀπότομος
723 1258 791 1312 ἐν
826 1260 949 1328 τοῖς
991 1264 1352 1334 ὑπερέχουσι
1382 1269 1624 1337 γίνεται.
1656 1272 1739 1325 Οὐ

151 1341 269 1409 γὰρ
288 1345 722 1402 ὐποστελεῖται
745 1353 1068 1418 πρόσωπον
1088 1358 1120 1408 ό
1144 1355 1385 1410 πάντων
1407 1360 1738 1428 Δεσπότης.

154 1432 335 1486 Πάλιν
386 1435 448 1488 δὲ
478 1437 559 1488 ὃτι
593 1439 687 1492 καὶ
718 1441 836 1494 ὅλον
867 1443 927 1496 τὸ
957 1445 1289 1514 Εὐαγγέλιον
1325 1449 1414 1504 διὰ
1450 1450 1560 1504 τῶν
1599 1452 1740 1520 φθα-

157 1525 380 1577 σάντων
412 1531 772 1601 παρανομιῶν
808 1533 1142 1607 ὴθετήκασιν
1166 1581 1181 1605 ,
1213 1533 1260 1593 ὦ
1301 1541 1422 1612 ἱερὰ
1471 1543 1567 1597 καὶ
1622 1542 1741 1597 θεία

155 1616 378 1686 κορυφή
402 1631 420 1647 ⁸
481 1617 604 1670 ἐπεὶ
642 1621 736 1674 καὶ
766 1620 824 1675 ἓν
879 1624 1136 1697 ἁνόμημα
1172 1628 1334 1700 ἀρκεῖ
1384 1631 1475 1684 τὸν
1508 1631 1740 1687 καθόλου

156 1705 329 1795 νόμον
368 1707 696 1778 ἀνατρέψαι.
729 1713 907 1768 Πᾶσαι
956 1718 1065 1786 γὰρ
1089 1719 1332 1789 ἀλλήλων
1365 1721 1602 1792 ἔχονται,
1643 1742 1742 1795 φη-

157 1793 245 1845 σὶν
271 1797 300 1848 ό
355 1796 536 1864 μέγας
569 1797 864 1869 Βασίλειος,
897 1783 1235 1862 αίνὲντολαίνο
1275 1809 1349 1874 ὡς
1469 1815 1537 1882 τῇ
1589 1783 1740 1866 λύσει
1772 1783 1816 1838 Β

157 1883 259 1952 τῆς
306 1888 468 1954 μιᾶς,
515 1889 610 1941 καὶ
638 1891 732 1953 τὰς
763 1891 955 1957 λοιπὰς
989 1895 1046 1962 ἐξ
1072 1897 1317 1970 ἀνάγκης
1377 1902 1743 1970 συγκαταλύε-

160 1972 318 2026 σθαι’
353 1975 460 2028 οὐκ
487 1976 544 2043 ἐξ
577 1979 771 2034 ἑαυτοῦ
795 1981 972 2050 τοῦτο,
1008 1985 1124 2039 ἀλλ’
1153 1989 1217 2042 ὲκ
1238 1988 1332 2042 τοῦ
1367 1989 1741 2061 φθεγγομένου

159 2064 216 2114 ὲν
257 2065 416 2136 αὐτῷ
466 2068 702 2138 Χριστοῦ
756 2070 967 2140 λέγων’
1036 2076 1094 2140 ὃς
1124 2096 1292 2150 φησι,
1356 2080 1483 2148 Πᾶς
1512 2085 1545 2137 ό
1577 2084 1745 2137 λύων

152 2152 308 2223 μίαν
339 2153 462 2208 τῶν
482 2156 747 2212 ἐντολῶν
766 2162 993 2218 τούτων
1023 2165 1142 2220 τῶν
1181 2169 1538 2238 ἐλαχίστων,
1567 2167 1745 2240 οὗτος

160 2241 494 2332 ἐλάχιστος
523 2251 891 2319 κληθήσεται
912 2256 980 2310 ἐν
1020 2256 1092 2327 τῇ
1111 2259 1401 2328 βασιλείᾳ
1417 2261 1536 2316 τῶν
1566 2266 1744 2332 οὐρα-

163 2329 288 2384 νῶν
311 2350 326 2364 ·
345 2333 595 2405 δηλονότι
623 2337 1012 2411 ἀπολλύμενος.
1053 2347 1161 2399 Καὶ
1180 2349 1208 2400 ὁ
1238 2345 1526 2412 Θεσπέσιος
1564 2329 1746 2404 Ἰἇκωο

163 2421 276 2485 6ος·
311 2425 550 2493 Ὅστις,
583 2430 736 2499 φησι,
758 2433 990 2487 τελέσει
1013 2436 1163 2490 ὅλον
1188 2437 1296 2492 τὸν
1330 2441 1540 2510 νόμον,
1572 2441 1745 2496 πταί-

163 2528 258 2566 σει
286 2514 358 2568 es
397 2517 470 2569 ἐν
496 2519 607 2586 ἐνί,
637 2520 840 2590 γέγονε
868 2525 1110 2582 πάντων
1164 2530 1396 2600 ἔνοχος.

217 2605 528 2702 (λελύκασιν
543 2607 635 2665 οὖν
652 2614 892 2672 Παλαιὰν
909 2620 1002 2673 καὶ
1017 2618 1463 2696 ΝέανΔιαθήκην,
1477 2621 1521 2681 ὧ
1536 2628 1742 2702 μάκαρ,

165 2698 251 2753 διὰ
310 2702 415 2772 τῆς
452 2703 682 2771 λύσεως,
735 2709 798 2763 οὐ
830 2709 938 2763 τῶν
968 2713 1263 2783 ἐλαχίστων
1283 2754 1299 2781 ,
1331 2717 1468 2772 ἀλλὰ
1522 2721 1615 2774 καὶ
1638 2698 1746 2777 των

169 2792 450 2882 μεγίστων
470 2797 698 2851 ἐντολῶν
727 2801 958 2871 Κυρίουο
986 2805 1150 2875 νόμον
1168 2807 1311 2862 κατὰ
1326 2810 1492 2881 νόμου
1516 2812 1746 2882 εὐαγγε-

167 2881 318 2975 λικοῦ
337 2887 710 2955 ὲκτεθεικότες
735 2895 784 2946 οί
810 2894 1060 2961 τάλανες,
1094 2899 1154 2952 τὸ
1185 2900 1433 2972 βούλημα
1456 2905 1565 2959 τῶν
1593 2881 1746 2975 βασι-

167 2973 299 3028 λέων
324 2980 644 3048 προκρίνειν
667 2982 804 3037 Θεοῦ
826 2987 1027 3042 ὁπόταν
1048 2989 1341 3060 βούλοιντο.
1372 2973 1659 3052 Βούλονται
1688 2998 1747 3053 δὲ

1838 545 1930 598 sed
1978 548 2252 616 accepistis
2301 550 2487 620 faciem
2534 550 2590 602 in
2636 547 2766 618 lege.
2815 547 3068 618 Nunquid
3113 563 3216 600 non
3278 547 3417 603 Deus

1839 651 1973 689 unus
2005 639 2202 691 creavit
2231 639 2367 694 vos?
2412 639 2646 710 nunquid
2677 654 2780 691 non
2811 647 2965 708 pater
3007 654 3146 691 unus
3184 639 3417 692 omnium

1839 727 2185 782 vestrum"?
2218 729 2473 785 Salomon
2501 740 2682 785 autem
2718 729 2804 784 bis
2834 729 3051 784 verbis:
3083 729 3296 796 Audite,
3332 747 3418 784 re-

1839 833 1948 887 ges,
1987 826 2038 872 et
2082 819 2450 891 intelligite".
2497 819 2564 874 Et
2605 829 2729 891 post
2772 819 2876 875 alia
2923 837 2937 874 :
2989 821 3251 885 Quoniam
3301 837 3418 873 cum

1838 909 2014 962 essetis
2045 910 2272 964 ministri
2336 913 2480 982 regni
2514 911 2779 977 altissimi,
2824 928 2927 966 non
2951 921 3087 966 recte
3114 911 3415 980 iudicastis,

1840 1015 1932 1053 nec
1975 1002 2274 1056 custodistis
2324 1003 2506 1074 legem,
2562 1020 2724 1074 neque
2765 1004 3049 1058 secundum
3095 1003 3419 1057 voluntatem

1836 1089 1936 1145 Dei
1980 1093 2312 1148 ambulastis.
2350 1094 2620 1149 Horrende
2667 1103 2715 1148 et
2777 1095 2879 1148 cito
2920 1095 3192 1164 apparebit
3232 1094 3373 1147 vobis
3397 1108 3417 1146 :

1838 1187 2088 1255 quoniam
2126 1187 2388 1256 judicium
2434 1187 2778 1241 durissimum
2815 1188 2870 1239 in
2919 1187 2996 1240 his
3047 1187 3137 1256 qui
3182 1193 3418 1256 praesunt

1837 1277 1945 1346 ﬁet.
1979 1278 2098 1332 Non
2132 1281 2270 1333 enim
2310 1280 2578 1334 subtrahet
2623 1294 2901 1346 personam
2940 1278 3251 1348 cujusquam
3310 1277 3418 1330 Do-

1839 1369 2013 1423 minus
2048 1370 2279 1423 omnium
2305 1370 2369 1422 ¹⁶.
2400 1368 2520 1423 Jam
2552 1383 2685 1424 vero
2714 1367 2859 1438 quod
2885 1375 2939 1422 et
2970 1376 3139 1422 totum
3172 1366 3419 1438 Evange-

1840 1460 1970 1515 lium
2013 1459 2235 1517 nefariis
2285 1460 2433 1515 ausis
2504 1459 2798 1525 violarunt,
2864 1474 2897 1513 ο
2927 1473 3142 1514 sacrum
3185 1466 3241 1512 et
3281 1455 3420 1512 divi-

1840 1568 1972 1608 num
2017 1561 2200 1622 caput,
2249 1550 2600 1606 manifestum
2648 1559 2752 1615 est,
2811 1550 3080 1621 siquidem
3129 1560 3417 1620 peccatum

1841 1641 2039 1698 sufficit
2080 1643 2147 1696 ad
2177 1641 2527 1696 evertendam
2573 1649 2740 1695 totam
2787 1640 2982 1712 legem.
3025 1638 3221 1694 Omnia
3269 1637 3418 1693 enim

1841 1732 2097 1788 mandata
2142 1739 2333 1785 mutuo
2381 1744 2628 1784 connexa
2676 1735 2826 1794 sunt,
2875 1736 2929 1783 et
2971 1726 3073 1782 sibi
3120 1726 3416 1789 cohmrent,

1843 1824 1919 1878 ait
1964 1837 2193 1894 magnus
2243 1819 2499 1886 Basilius,
2555 1820 2628 1874 ita
2681 1829 2761 1884 ut,
2817 1834 2926 1873 uno
2957 1821 3153 1882 soluto,
3209 1817 3419 1887 reliqua

1842 1916 2010 1970 etiam
2057 1913 2190 1968 solvi
2239 1927 2466 1967 necesse
2514 1910 2623 1966 sit:
2673 1925 2784 1965 non
2821 1925 2889 1964 ex
2942 1923 3001 1963 se
3049 1909 3192 1978 ipso,
3245 1907 3340 1962 sed
3387 1923 3419 1963 a

1843 2006 2060 2062 Christo
2084 2004 2214 2059 dicit
2243 2007 2294 2056 in
2323 2002 2439 2073 ipso
2497 2002 2752 2071 loquente
2800 2019 2815 2056 :
2855 1999 3161 2070 Quicunque
3203 1999 3417 2053 solverit

1844 2114 2003 2151 unum
2031 2097 2094 2150 de
2134 2095 2399 2150 mandatis
2429 2094 2542 2148 istis
2577 2092 2832 2160 minimis,
2877 2092 2958 2145 hic
2990 2091 3235 2145 minimus
3267 2105 3422 2143 voca-

1845 2190 1986 2243 bitur
2024 2189 2077 2241 in
2107 2202 2264 2256 regno
2328 2185 2574 2238 caelorum
2601 2185 2680 2248 ";
2722 2185 3010 2239 damnatus
3053 2182 3284 2238 scilicet.
3353 2181 3421 2237 Et

1843 2280 2035 2334 beatus
2081 2277 2316 2332 Jacobus
2362 2294 2375 2331 :
2430 2270 2752 2346 Quicunque,
2778 2277 2873 2340 ait,
2915 2285 3080 2330 totam
3104 2274 3265 2344 legem
3295 2289 3409 2329 ser-

1845 2371 2066 2434 vaverit,
2105 2371 2332 2440 oﬂ'endat
2373 2380 2554 2424 autem
2600 2370 2655 2424 in
2695 2384 2820 2434 uno,
2864 2369 3034 2439 [actus
3078 2375 3151 2420 est
3185 2367 3419 2420 omnium

1845 2480 1963 2519 reus
1985 2462 2049 2516 “'.

1915 2634 2207 2691 Solverunt
2236 2636 2419 2706 itaque
2451 2633 2622 2692 Vetus
2653 2642 2708 2691 et
2733 2634 2951 2690 Novum
2981 2633 3414 2699 Testamentum,

1846 2743 1880 2784 ο
1909 2729 2084 2793 beate,
2115 2728 2307 2783 solutis
2334 2743 2443 2782 non
2485 2726 2747 2794 minimis,
2791 2729 2887 2782 sed
2921 2734 2977 2782 et
3013 2728 3264 2782 maximis
3310 2728 3417 2782 Do-

1847 2820 1984 2876 mini
2018 2821 2314 2885 mandatis,
2346 2821 2519 2892 legem
2555 2819 2815 2876 adversus
2847 2820 3213 2891 evangelicam
3243 2819 3414 2890 legem

1848 2913 2255 2984 promulgantes
2288 2913 2496 2978 miseri,
2533 2928 2721 2984 regum
2759 2912 3096 2967 voluntatem
3127 2911 3235 2966 Deo
3264 2922 3418 2966 ante-

1848 3003 1992 3058 ferre
2038 3018 2162 3057 cum
2207 3003 2500 3059 voluerint.
2544 3003 2746 3058 Volunt
2790 3012 2974 3057 autem
3017 3003 3108 3058 alii
3144 3003 3310 3068 aliud,
3361 3007 3419 3061 ά

169 3067 316 3171 ἄλλοι
339 3071 494 3171 ἄλλο,
513 3076 606 3128 καὶ
629 3076 815 3131 ἄλλοτε
831 3078 1025 3144 ἄλλως.
1050 3084 1158 3138 Καὶ
1177 3085 1263 3140 διὰ
1286 3088 1444 3143 τοῦτο
1462 3091 1740 3163 ἀνατροπὴ

1848 3097 1980 3151 alias
2022 3095 2220 3154 aliter:
2257 3110 2321 3150 ac
2360 3094 2589 3165 proinde
2623 3096 2839 3150 eversio
2869 3094 2928 3150 ﬁt
2961 3095 3200 3148 omnium
3241 3109 3414 3164 usque

168 3165 510 3257 toﬁ-navem,
555 3168 716 3240 μέχρι
769 3171 865 3225 τοῦ
900 3173 1300 3246 ’Δντιχρίστουο
1352 3183 1446 3235 καὶ
1491 3183 1738 3239 ἐντεῦθεν

1842 3191 1909 3246 ad
1954 3189 2374 3244 Antichristum.
2420 3187 2575 3243 Unde
2617 3187 2812 3242 merito
2853 3202 2974 3257 quae
3018 3188 3158 3257 apud
3209 3187 3328 3242 illos
3382 3203 3412 3242 a

172 3252 416 3322 εἰκότως,
481 3260 514 3330 ἡ
549 3259 818 3335 λεγομένη
854 3266 984 3336 παρ’
1016 3267 1197 3333 αὐτοῖς
1235 3271 1341 3326 ὑπὸ
1394 3272 1489 3327 τοῦ
1525 3276 1740 3332 Σατανᾶ

171 3344 481 3440 οἰκονομία,
526 3357 1095 3427 προσαγορευθήσεται
1148 3361 1552 3439 Ἀντιχριστικὴ
1609 3386 1741 3440 προσ

171 3435 384 3507 δρομία.
419 3443 555 3513 Περὶ
577 3445 687 3516 γὰρ
714 3449 1077 3518 παραϐάσεως
1111 3435 1352 3512 κανόνων
1378 3498 1394 3524 ,
1439 3462 1492 3514 τί
1522 3435 1605 3515 δεῖ
1646 3435 1741 3517 καὶ

172 3523 383 3623 illusus;
436 3533 629 3589 Ὁπότε
665 3537 774 3607 γὰρ
822 3538 916 3592 τοῦ
968 3542 1302 3612 Εὑαγγελίου
1357 3548 1740 3623 ἀποτροπάδην

171 3610 353 3714 ξιλθον,
387 3627 554 3699 σχολὴ
586 3629 716 3700 περὶ
739 3631 918 3686 αὐτῶν
938 3610 1264 3714 φροντίζειν.
1301 3641 1408 3693 Καὶ
1437 3645 1464 3696 ὁ
1487 3610 1584 3712 μὲν
1607 3610 1740 3708 Θεός

176 3707 263 3762 διὰ
318 3717 412 3769 τοῦ
443 3721 729 3792 προφήτου
766 3723 894 3777 τάδε
947 3709 1081 3796 φήσί
1104 3745 1118 3759 ·
1154 3729 1332 3784 Δώσω
1381 3707 1499 3801 τὴν
1529 3707 1739 3789 κλεῖδα

179 3803 342 3862 οικου
374 3810 558 3863 Δαυΐὸ
583 3812 681 3866 ἐπὶ
709 3814 818 3868 τοῦ
877 3815 1041 3886 ὤμου
1073 3821 1261 3875 αὐτοῦ
1281 3837 1294 3852 ·
1344 3824 1441 3877 καί
1490 3826 1737 3894 ἀνοίξει,

178 3894 274 3949 καί
293 3900 404 3953 οὐκ
441 3901 617 3956 ἔσται
647 3906 680 3958 ὁ
703 3905 1070 3962 ἀποκλείωνο
1094 3911 1192 3966 καί
1223 3915 1473 3982 κλείσει,
1506 3919 1604 3972 καί
1626 3920 1739 3973 οὐκ

174 3983 342 4080 satae
381 3994 415 4046 ό
440 3993 718 4063 ἀνοίγων.
753 3999 814 4050 Ol
837 3998 894 4052 δὲ
931 4001 1212 4068 ἀντιθέως,
1253 4006 1338 4076 ἐφ’
1368 4002 1450 4071 οἷς
1475 4008 1572 4077 μὲν
1602 4009 1741 4080 ἤνοι-

177 4076 280 4143 ξεν,
309 4081 642 4141 ἀπέκλεισαν
661 4128 676 4154 ,
721 4089 1068 4161 καθήραντες
1102 4095 1229 4158 τοὺς
1277 4076 1634 4162 ἀνευθύνους,
1663 4100 1739 4164 ὠς

175 4167 318 4258 δοκεί
347 4175 555 4239 αὐτοῖς,
575 4177 689 4231 ἀλλ’
712 4179 773 4232 οὐ
799 4179 917 4252 Θεῷ
937 4198 950 4213 ο
983 4183 1068 4251 ἐφ’
1102 4179 1183 4248 οἷς
1213 4185 1268 4238 δὲ
1300 4184 1563 4251 ἔκλεισεν,
1586 4188 1737 4258 ἤνοι-

178 4257 268 4323 ξαν
287 4267 766 4338 προχειρισάμενοι
819 4270 947 4335 τοὺς
983 4272 1390 4338 ὑποπίπτοντας
1422 4275 1737 4346 καθαιρέσει

178 4348 482 4425 θεοκρίτως,
521 4357 668 4423 ἅπαξ
702 4359 837 4430 πρὸς
861 4362 924 4415 τὸ
953 4365 1137 4428 αὐτοῖς
1167 4364 1358 4420 δοκοῦν
1387 4366 1482 4419 καὶ
1505 4366 1737 4437 ἀρέσκον

1843 3279 2042 3335 Sataua
2085 3278 2420 3350 dispensatio
2463 3277 2684 3344 dicitur,
2746 3277 3070 3333 Antichristi
3119 3279 3414 3347 pracursio

1840 3372 2140 3427 vocabitur.
2192 3372 2264 3425 De
2297 3385 2566 3425 canonum
2610 3369 2754 3424 enim
2800 3369 3243 3439 pmvaricatione
3283 3369 3412 3437 quid

1837 3461 2034 3516 attinet
2067 3461 2254 3531 loqui?
2279 3461 2413 3515 Cum
2451 3461 2598 3516 enim
2642 3461 2710 3515 ab
2755 3459 3047 3529 Evangelio
3093 3459 3196 3531 ipsi
3238 3460 3412 3515 aversi

1842 3552 2230 3618 discesserint;
2267 3552 2505 3607 otiosum
2549 3560 2631 3606 est
2667 3551 2734 3606 de
2778 3551 2884 3606 illis
2915 3566 3129 3606 curare.
3161 3551 3238 3605 Ac
3269 3551 3412 3606 Deus

1840 3641 2057 3712 quidem
2096 3655 2193 3711 per
2229 3640 2548 3711 prophetam
2572 3639 2652 3693 sic
2677 3639 2752 3693 ait
2777 3654 2793 3692 :
2831 3637 2977 3691 Dabo
3008 3637 3200 3690 clavem
3230 3637 3412 3690 domus

1839 3733 2012 3787 Dauid
2055 3747 2209 3799 super
2247 3733 2519 3785 humerum
2553 3731 2709 3800 ejus:
2741 3737 2789 3783 et
2823 3729 3043 3798 aperiet,
3079 3737 3129 3782 et
3170 3745 3272 3781 non
3312 3728 3412 3782 erit

1840 3826 1929 3894 qui
1959 3825 2172 3876 claudat
2205 3840 2218 3876 :
2256 3832 2304 3876 et
2343 3823 2571 3888 claudet,
2610 3831 2658 3876 et
2703 3836 2807 3875 non
2847 3822 2945 3875 erit
2988 3821 3077 3891 qui
3120 3819 3407 3890 aperiat".

1839 3914 2050 3969 Inimici
2100 3923 2282 3968 autem
2327 3914 2420 3968 Dei
2471 3929 2592 3983 qua:
2647 3913 2738 3968 ille
2788 3912 3004 3983 aperuit
3061 3912 3407 3977 clauserunt,

1839 4005 1968 4062 dum
1991 4005 2239 4059 innoxios
2260 4006 2649 4074 deposuerunt,
2675 4012 2734 4058 ut
2774 4003 2904 4073 ipsis
2930 4002 3146 4073 quidem
3186 4002 3408 4072 placuit,

1839 4098 1937 4153 sed
1983 4113 2095 4152 non
2141 4097 2282 4162 Deo;
2327 4112 2448 4166 quae
2481 4112 2611 4151 vero
2651 4095 2864 4157 clausit,
2913 4105 3269 4164 aperuerunt.
3315 4111 3412 4150 eos

1838 4188 1932 4257 qui
1957 4186 2319 4256 depositionis
2349 4201 2566 4256 prunam
2600 4185 2785 4240 divino
2821 4185 3029 4254 judicio
3069 4194 3406 4248 meruerant,

1840 4279 2144 4336 honoribus
2190 4279 2542 4334 restituentes
2582 4295 2595 4332 :
2643 4285 2833 4348 atque,
2885 4285 2945 4332 ut
2992 4277 3159 4333 semel
3202 4277 3406 4342 dicam,

1841 4370 2009 4425 sacris
2039 4369 2339 4425 canonibus
2367 4369 2434 4423 ad
2462 4368 2644 4423 omnia
2671 4383 2792 4438 quat
2817 4367 3058 4423 arrident
3081 4375 3138 4421 et
3173 4366 3406 4437 placent,

179 4443 553 4520 ἀποχρώμενοι
575 4449 662 4505 ἀεὶ
691 4450 1026 4518 δεσποτικῶς
1060 4458 1172 4520 τοῖς
1204 4458 1376 4528 ’ἱεροῖς
1418 4459 1639 4512 κανόσιν
1662 4458 1736 4521 ὡς

1842 4472 2098 4532 tauquam
2147 4462 2410 4517 ministris
2437 4470 2493 4517 et
2534 4461 2754 4516 famulis
2801 4477 2896 4531 pro
2924 4461 3150 4516 arbitrio
3194 4474 3412 4529 semper

179 4533 470 4605 ὑπηρέταις
499 4540 594 4594 καὶ
632 4540 982 4606 ὑποδουλίοις.
1014 4544 1199 4600 Ταῦτα
1220 4548 1317 4618 τῆς
1353 4548 1738 4620 Μοιχειανικῆς

181 4625 430 4696 αἱρέσεως
467 4629 537 4685 τὰ
570 4631 750 4702 ἄνομα
797 4633 891 4687 καὶ
919 4634 1092 4706 ἀσεσῆ
1124 4637 1506 4710 ἐγχειρήματά
1547 4655 1607 4692 τε
1642 4640 1736 4693 καὶ

179 4712 608 4792 ἀποτελέσματα.
666 4723 774 4777 Kal.
800 4723 973 4777 ταῦτα
1006 4725 1082 4790 ὡς
1127 4727 1386 4798 ἐλάχιστα
1427 4727 1590 4782 τέκνα
1635 4729 1735 4799 τῆς

182 4805 464 4881 καθολικῆς
505 4811 859 4882 Ἐκκλησίας,
893 4814 978 4868 σοὶ
1005 4818 1072 4887 τῇ
1106 4818 1381 4890 πρωτίστῃ
1410 4819 1570 4890 ἡμῶν
1599 4821 1734 4873 ἀπο-

182 4895 386 4971 στολικῇ
444 4902 657 4974 κεφαλῇ
716 4905 1074 4974 ἀναγγεῖλαι,
1128 4910 1268 4963 κατὰ
1316 4911 1376 4963 τὸ
1439 4911 1735 4980 ἀναγκαῖον

181 4987 652 5064 προεθυμήθημεν.
673 4994 870 5049 Λοιπὸν
904 4998 1074 5069 αὐτῆς
1100 5000 1214 5054 ἐστι
1250 5001 1319 5056 τὰ
1355 5001 1561 5073 ἀρεστὰ
1593 5003 1732 5075 Θεῷ,

182 5075 265 5162 διαὶ
285 5076 634 5154 διανοηθῆναι
669 5087 762 5138 καὶ
800 5088 1024 5158 πρᾶξαι,
1067 5090 1170 5142 ὑπὸ
1198 5091 1515 5162 Πνεύματος
1553 5094 1732 5162 ἁγίου,

184 5161 254 5256 ὡς
278 5169 360 5221 ἐπ’
381 5172 585 5241 ἄλλοις,
618 5175 712 5229 καὶ
739 5179 796 5231 ἐν
827 5178 960 5249 τῷδε
992 5182 1316 5254 κινουμένης
1337 5161 1355 5213 ’ί
1379 5185 1438 5237 οὐ
1474 5185 1581 5256 μὴν
1598 5161 1732 5240 ἄλλα

184 5255 268 5307 καὶ
289 5257 706 5338 δυσωπουμένης
732 5269 964 5335 ἀξιῶσαι
984 5271 1130 5341 ἡμᾶς
1163 5274 1460 5329 abscisum
1485 5255 1578 5329 καὶ
1610 5277 1728 5330 θεο-

183 5343 605 5446 χξρακτααὺτῆς
645 5358 950 5430 γράμματα
1004 5359 1294 5431 δέξασθαι,
1325 5365 1468 5420 κατὰ
1499 5367 1730 5436 μίμησιν

185 5441 283 5526 τῷν
311 5441 586 5520 ὁμοζήλων
621 5450 790 5521 αὐτῆς
817 5451 1010 5520 ἁγίων,
1070 5453 1256 5526 ὥσπερ
1290 5454 1384 5510 νῦν
1416 5457 1514 5521 τὰς
1564 5459 1729 5513 πλου-

188 5525 315 5594 σίας,
339 5538 429 5592 xui.
455 5541 596 5614 ὑπὲρ
629 5542 792 5613 ἡμᾶς,
825 5545 1031 5618 δωρεὰς
1059 5547 1227 5620 αὐτῆς
1256 5549 1349 5602 καὶ
1379 5550 1647 5621 εὐλογίας.

254 5701 292 5734 ⁸⁵
325 5706 545 5772 Malach.
592 5733 650 5782 ιι,
691 5717 743 5776 9.
825 5723 868 5754 "
910 5721 1039 5791 Sap.
1077 5739 1151 5789 Vl,
1180 5724 1235 5780 2.
1316 5725 1359 5757 "
1401 5724 1533 5782 ibid.
1566 5726 1679 5782 5-8.

1841 5727 2032 5786 Matth.
2069 5747 2119 5797 ν,
2164 5732 2247 5786 19.

1835 4553 1991 4612 abusi
2034 4562 2180 4608 sunt.
2217 4551 2282 4609 lli
2327 4561 2454 4608 sunt
2500 4553 2816 4609 Maachianaz
2838 4554 3107 4608 bzereseos
3151 4550 3306 4620 impii
3353 4561 3410 4606 et

1833 4644 2022 4714 injusti
2059 4654 2307 4710 conatus,
2353 4645 2469 4700 haec
2511 4660 2674 4715 opera
2707 4660 2723 4698 :
2758 4659 2877 4714 quae
2918 4657 3040 4707 nos,
3090 4649 3150 4697 ut
3196 4641 3407 4698 minimi

1833 4737 1928 4791 lilii
1963 4735 2214 4790 Ecclesia
2239 4735 2539 4800 catholicae,
2581 4734 2678 4790 tibi
2709 4734 2884 4804 primo
2913 4731 3156 4787 omnium
3187 4741 3405 4800 aposto-

1832 4828 1938 4883 lico
1967 4827 2132 4896 capiti
2168 4840 2377 4892 nostro,
2409 4826 2684 4889 nuntiare,
2721 4822 3031 4878 necessario
3072 4821 3404 4891 optavimus.

1837 4921 1968 4989 Ejus
1989 4926 2069 4974 est
2097 4919 2164 4973 de
2187 4929 2404 4985 caetero,
2433 4933 2554 4988 quae
2581 4917 2691 4971 Deo
2716 4924 2845 4970 sunt
2874 4914 3068 4985 pLacita
3097 4913 3408 4985 excogitare

1835 5019 1890 5064 et
1929 5009 2109 5064 facere
2141 5008 2377 5079 Spiritus
2413 5007 2586 5064 sancti
2627 5007 2815 5070 ductu,
2847 5021 2878 5059 a
2903 5020 3031 5075 quo,
3069 5012 3130 5058 ut
3169 5005 3224 5059 in
3265 5004 3405 5069 aliis,

1834 5099 1914 5154 sic
1937 5107 1992 5153 et
2015 5100 2068 5152 in
2098 5099 2202 5154 hoc
2231 5113 2467 5170 quoque,
2506 5098 2709 5170 regitur
2740 5107 2795 5152 et
2827 5097 3160 5169 gubernatur
3190 5113 3204 5151 :
3243 5096 3406 5166 quin-

1833 5192 1997 5246 etiam
2027 5198 2361 5256 sanctorum,
2394 5191 2592 5261 quibus
2621 5190 2762 5245 idem
2796 5190 2946 5244 zelus
2978 5187 3101 5254 fuit,
3131 5188 3403 5257 exemplo,

1839 5284 2054 5349 adduci,
2090 5292 2150 5338 ut
2182 5299 2212 5340 a
2246 5299 2303 5338 se
2337 5283 2568 5340 dictatas
2592 5291 2648 5336 et
2671 5281 2932 5336 divinitus
2971 5287 3220 5336 exaratas
3256 5278 3405 5333 litte-

1839 5390 1928 5431 ras
1963 5375 2029 5430 ad
2070 5390 2171 5431 nos
2199 5376 2417 5430 mittere
2439 5374 2710 5445 dignetur,
2745 5373 2884 5430 sicut
2930 5386 3078 5425 nunc
3123 5369 3403 5439 opulenta,

1839 5475 1894 5520 et
1919 5467 2128 5521 meritis
2161 5467 2363 5523 nostris
2396 5466 2601 5538 majora
2631 5465 2746 5538 ejus
2771 5478 3034 5526 munera.
3055 5461 3405 5533 eulogiasque

1838 5556 2166 5627 accepimus.

2357 5733 2399 5765 "
2437 5729 2553 5786 lac.
2597 5746 2658 5798 ιι,
2695 5731 2780 5786 l0.
2891 5731 2933 5762 ¹⁹
2978 5725 3089 5781 lsa.
3132 5739 3268 5789 xxii,
3307 5723 3399 5782 £2.
