4008 6318
608 333 740 395 1027

674 442 873 501 Retulit
895 464 1052 518 porro
1072 454 1227 510 nobis
1256 456 1397 513 idem
1425 458 1590 517 frater
1612 475 1797 520 noster
1823 468 2177 539 Epiphanius,
2209 481 2252 534 Α

605 553 636 591 0
663 538 999 596 divinissime
1034 555 1239 609 vertex,
1274 564 1332 603 se
1359 554 1848 620 cxpostulationem
1877 538 1993 628 ejus
2020 576 2180 616 exce-

602 629 746 698 pisse
786 644 1009 702 propter
1056 629 1513 711 Barsanuphium,
1562 643 1880 718 lsaiamquc,
1927 662 1982 706 et
2010 653 2179 708 Doro-

604 722 790 776 theum
825 725 1109 784 haereticos
1145 748 1159 783 :
1200 735 1343 801 quod
1389 752 1481 790 eos
1525 739 1731 794 scilicet
1768 758 1864 811 pro
1897 745 2179 801 catholicis

604 814 952 884 recipiamus.
988 819 1053 874 Et
1081 824 1236 878 valde
1262 826 1440 881 mirati
1469 845 1677 895 sumus,
1720 833 1763 886 si
1794 849 1895 888 nos
1921 834 2175 901 humiles,

602 908 693 974 qui
730 923 827 975 pro
860 920 1004 964 recta
1041 912 1143 968 fide
1180 917 1435 984 patimur,
1473 921 1744 977 limreticis
1779 925 2172 982 adluereamus.

604 996 903 1052 Obturetur
940 1016 1001 1055 os
1039 1018 1199 1059 omne
1234 1018 1422 1062 contra
1455 1025 1557 1064 nos
1605 1011 1850 1082 loquens,
1886 1023 1940 1068 et
1974 1016 2177 1069 calum-

603 1087 723 1141 nias
753 1090 1099 1148 submittens.
1122 1094 1421 1152 Orthodoxi
1456 1116 1665 1164 sumus,
1697 1104 1947 1171 quamvis
1975 1103 2172 1175 alioqui

603 1190 938 1246 peccatores,
983 1199 1015 1237 ο
1045 1185 1357 1243 beatissime
1388 1209 1400 1243 :
1437 1206 1615 1262 neque
1647 1193 1699 1247 in
1728 1196 1830 1249 hoc
1865 1195 1933 1249 ab
1959 1205 2177 1265 aposto-

602 1271 702 1325 lica
740 1273 845 1327 fide
891 1275 1159 1332 ullatenus
1202 1279 1593 1352 discrepamus.
1638 1284 1866 1340 Omnem
1908 1287 2173 1341 svnodum

601 1366 997 1421 (ecumenicam
1046 1378 1101 1424 et
1147 1370 1394 1439 localem,
1431 1378 1807 1445 approbatam,
1852 1380 2174 1449 veritatique

601 1465 990 1523 congruentem
1017 1500 1031 1522 ,
1078 1476 1203 1516 cum
1246 1467 1449 1520 sanctis
1490 1483 1676 1521 earum
1714 1472 2013 1525 canonibus
2058 1486 2174 1525 am-

602 1546 910 1614 plectimur,
940 1566 1158 1608 onmem
1187 1552 1435 1612 haeresim
1469 1571 1521 1614 et
1554 1561 1865 1615 haereticum
1893 1563 2172 1617 detestan-

601 1648 701 1704 tes,
748 1652 909 1711 atque
959 1647 1504 1706 anathematizantes.
1552 1654 1853 1709 Anathema
1902 1655 2174 1710 Barsanu-

1815 356 1855 414 S
1896 357 2287 421 THEODORI
2325 363 2668 427 ΞΊἪῘΠΤᾹΞ

2366 477 2689 549 ’Λπὴγγειλε
2723 480 2779 533 δὲ
2813 480 2942 550 ἡμῖν
2970 480 2998 531 ό
3036 480 3197 544 αὐτὸς
3230 480 3455 549 ἀδελφὸς
3494 481 3657 552 ἡμῶν
3717 484 3874 536 Ἰ-ῖττι·

2282 569 2490 635 φάνιος,
2523 571 2771 642 θειοτάτη
2802 573 3039 643 κορυφὴ,
3075 574 3151 636 ὼς
3180 572 3439 642 ἔγκλησιν
3473 573 3701 640 ἐδέξατο
3732 578 3873 645 παρ’

2278 662 2470 732 αὐτῆς,
2499 662 2662 715 ἓνεκα
2717 663 3145 734 Βαρσανουιρίου,
3198 664 3422 717 Ἡσαΐου
3455 682 3516 718 τε
3545 669 3645 721 καὶ
3676 672 3868 737 Δωρο-

2278 753 2421 814 θέου.
2480 755 2589 807 τῶν
2645 754 2955 825 αἱρετικῶν,
3010 755 3085 818 ὠς
3116 756 3422 825 δεχομένων
3471 757 3631 826 ἡμῶν
3659 759 3869 821 αὐτοὺς

2278 846 2591 918 ὀρθοδόξους
2611 863 2623 877 ·
2652 848 2745 901 καὶ
2766 848 2905 901 πάνυ
2939 847 3280 917 ἠγάσθημεν,
3315 851 3362 901 εί
3385 850 3545 919 ἡμεῖς
3576 851 3627 903 oi
3659 863 3869 903 ταπει-

2276 940 2357 993 νοὶ
2392 940 2532 1010 ὑπὲρ
2561 940 2868 1011 όρθοδοξίας
2896 941 3216 1009 πάσχοντες,
3250 943 3548 1011 αἱρετικοῖς
3595 944 3860 1013 προςπάα

2278 1048 2495 1101 σχομεν.
2539 1031 2962 1103 Ἐμφραττέσθω
2988 1033 3095 1086 πᾶν
3115 1031 3176 1084 τὸ
3211 1031 3331 1084 καθ’
3366 1032 3522 1103 ἡμῶν
3548 1034 3868 1089 ὑποϐάλλειν

2276 1124 2369 1177 καὶ
2396 1123 2765 1193 συκοφαντοῦν
2799 1124 2993 1193 στόμα.
3053 1122 3353 1193 Ὀρθόδοξοί
3389 1125 3579 1194 ἐσμεν,
3618 1126 3730 1180 κᾶν
3760 1126 3860 1179 άλ-

2274 1214 2379 1277 λως
2409 1214 2743 1285 ἁμαρτωλοὶ,
2773 1208 2818 1268 ὦ
2850 1214 3262 1285 μακαριώτατε*
3300 1215 3425 1286 μηδ’
3444 1216 3625 1271 ὁτιοῦν
3646 1218 3863 1286 ὕφεσιν

2273 1304 2486 1375 ἔχοντες
2512 1307 2570 1358 ἐν
2596 1305 2769 1375 τούτῳ
2812 1309 2912 1375 τῆς
2942 1304 3305 1375 ἀποπολικῆς
3358 1308 3630 1371 πίστεωςο
3668 1311 3863 1361 πᾶσαν

2276 1398 2492 1452 σύνοδον
2517 1400 2907 1469 οίκουμενικήν
2936 1415 2995 1450 τε
3029 1398 3123 1453 καὶ
3150 1401 3403 1468 τοπικὴν,
3446 1402 3673 1470 ἐγκεκρι
3683 1400 3863 1469 μένην

2272 1492 2337 1560 τῇ
2368 1489 2614 1560 ἀληθείᾳ,
2649 1488 2787 1558 μετὰ
2825 1488 2933 1542 τῶν
2962 1489 3288 1543 ἐκτεθέντων
3320 1490 3510 1552 αὐταῖς
3538 1491 3720 1558 ἁγίων
3763 1509 3861 1543 κα-

2273 1581 2438 1634 νόνων
2472 1582 2860 1649 ἀσπαζόμενοι,
2904 1581 2995 1634 καὶ
3036 1584 3217 1635 πᾶσαν
3249 1582 3478 1651 αἵρεσιν,
3521 1581 3616 1633 καὶ
3646 1584 3861 1651 αίρετιο

2273 1672 2367 1725 κδν
2389 1673 2803 1742 μυσαττόμενοι,
2823 1673 2916 1726 καὶ
2938 1673 3445 1742 ἀναθεματίζοντες.
3466 1675 3575 1727 Kal.
3596 1675 3858 1743 ἀνάθεμα

599 1732 747 1800 phio,
779 1734 952 1801 Isaiae,
1009 1737 1303 1806 Dorotheo,
1341 1750 1396 1797 et
1446 1745 1727 1811 Dositheo,
1785 1763 1920 1817 quos
1952 1756 2169 1803 sanctus

2275 1732 2681 1832 Βαρσανουφίιρ,
2741 1732 2955 1831 Ἡσαΐᾳ,
3020 1732 3281 1832 Δωροθέιρ
3325 1732 3421 1816 -τε⁷
3450 1764 3545 1817 καὶ
3584 1732 3854 1834 Δοσιθέῳ,

597 1821 939 1891 Sophronius
969 1829 1448 1888 anathematizavit
1471 1834 1539 1889 '°.
1577 1833 1682 1890 Sed
1724 1846 1778 1891 et
1811 1836 1854 1890 si
1885 1836 2006 1907 quis
2037 1838 2174 1891 alius
2205 1820 2246 1874 Β

599 1914 794 1968 horum
827 1920 1168 1987 cognominis
1202 1922 1404 1990 pariter
1444 1925 1752 1987 haereticus,
1781 1943 1972 1982 eorum
1998 1929 2172 1983 haere-

596 2005 721 2070 sim,
756 2006 840 2060 vel
877 2008 1041 2065 aliam
1084 2014 1384 2080 quamlibet
1424 2032 1677 2087 sequens,
1709 2019 1825 2075 sive
1862 2021 2169 2091 episcopus,

596 2094 709 2150 sive
733 2098 1053 2165 monachus,
1084 2103 1168 2156 vel
1192 2104 1502 2176 quicunque
1522 2108 1736 2163 demum
1759 2111 1829 2164 sit
1849 2127 1861 2169 :
1884 2112 2171 2166 anathema

594 2195 734 2242 esto.
773 2189 831 2243 Si
864 2191 986 2260 quis
1022 2192 1149 2248 item
1180 2204 1504 2266 opportune,
1543 2209 1601 2255 ut
1635 2203 1909 2264 convenit,
1952 2218 2169 2258 omnem

597 2281 916 2336 haereticum
942 2299 1052 2339 non
1084 2287 1529 2355 anathematizat,
1556 2290 1802 2359 ejusdem
1832 2291 1997 2346 sortis
2027 2302 2167 2346 esto.

595 2370 705 2426 Nos
746 2374 893 2428 enim
933 2376 1051 2445 puri
1095 2388 1285 2432 sumus
1318 2380 1386 2434 ab
1427 2382 1575 2434 omni
1620 2382 1875 2438 haeretica
1911 2386 2170 2453 opinione

596 2466 959 2523 sanctissimis
1001 2470 1254 2538 precibus
1294 2473 1422 2537 tuis,
1457 2474 1883 2545 religiosissime.
1926 2476 2170 2548 Denique

601 2557 705 2611 hoc
727 2558 891 2613 etiam
937 2560 1326 2631 significamus,
1364 2568 1575 2620 tametsi
1618 2568 1669 2620 in
1717 2569 1963 2637 epistola,
2007 2587 2166 2639 quam

594 2664 692 2718 per
728 2649 1078 2707 Eustathium
1117 2653 1341 2709 fratrem
1371 2657 1639 2722 misimus,
1672 2659 2029 2729 significatum
2056 2677 2165 2715 non

595 2740 686 2803 sit,
712 2756 813 2795 nos
836 2756 932 2812 per
958 2741 1317 2813 Epiphanium
1343 2762 1496 2801 sacro
1517 2749 1705 2803 vertici
1731 2759 1823 2804 tuo
1848 2752 2162 2821 scripsisse:

596 2849 939 2904 nequaquam
970 2838 1260 2893 mentitum
1288 2839 1453 2895 fuisse
1478 2840 1836 2911 Epiphanium
1865 2862 1877 2898 :
1906 2860 1994 2898 res
2017 2846 2164 2899 enim

593 2925 645 2979 in
686 2926 833 2981 hunc
872 2927 1094 2983 modum
1139 2939 1288 3000 gesta
1332 2939 1435 2986 est.
1478 2931 1807 2988 Dederamus
1850 2933 1923 2988 illi
1974 2950 2165 2990 revera

591 3017 879 3086 epistolam
926 3035 941 3071 :
991 3028 1177 3090 postea
1232 3032 1362 3077 vero
1411 3023 1793 3094 imperantium
1848 3035 1996 3081 metu
2042 3042 2163 3082 eam

590 3109 958 3178 expunximus
1006 3130 1020 3166 :
1067 3112 1184 3182 ipse
1226 3114 1617 3181 nihilominus,
1670 3132 1793 3171 cum
1835 3118 1954 3186 ejus
2007 3129 2163 3172 notas

594 3176 823 3263 teneret,
855 3202 1034 3255 attulit
1069 3204 1135 3258 ad
1169 3219 1322 3259 sacra
1361 3205 1507 3260 illius
1535 3207 1782 3278 vestigia,
1815 3208 2077 3263 benevole
2102 3209 2156 3264 id
2186 3176 2229 3233 ϐ

589 3305 788 3360 agens,
832 3291 1116 3362 pestquam
1162 3294 1216 3347 in
1267 3296 1517 3350 exsilium
1564 3298 1671 3351 acti
1716 3298 2012 3353 fueramus.
2064 3300 2158 3354 Est

587 3381 735 3435 enim
760 3397 824 3436 os
853 3383 1170 3441 humilitatis
1192 3396 1408 3452 nostrae,
1438 3396 1494 3443 et
1518 3402 1697 3443 sermo
1716 3390 2064 3460 proficiscens
2092 3407 2158 3446 ex

587 3472 750 3526 corde
776 3482 984 3529 nostro.
1013 3475 1189 3541 Quare
1213 3488 1399 3535 sancta
1426 3479 1606 3534 anima
1637 3489 1725 3535 tua
1754 3496 1817 3535 ne
1843 3482 2157 3536 scandalum

587 3564 901 3633 suspicetur
950 3566 1004 3621 in
1049 3582 1317 3626 conservo
1357 3581 1545 3627 nostro
1592 3589 1691 3643 per
1730 3574 1910 3627 omnia
1950 3573 2156 3627 fidelis-

587 3656 745 3711 simo.
792 3656 983 3715 Frater
1038 3669 1226 3718 noster
1270 3663 1713 3736 archiepisc0pus
1757 3666 2160 3721 Thessalonicae

586 3748 925 3817 supplicibus
963 3754 1145 3807 cordis
1200 3757 1451 3811 manibus
1488 3757 1838 3813 beatitudinis
1874 3768 1979 3814 tuae
2013 3759 2159 3813 salu-

590 3839 846 3894 tationem
878 3852 931 3896 et
958 3846 1220 3915 suscepit,
1251 3857 1307 3901 et
1332 3863 1432 3917 per
1462 3864 1562 3903 nos
1602 3850 2008 3907 sanctissimum
2037 3865 2161 3905 ver-

588 3930 746 3987 ticem
779 3941 932 3990 tuum
972 3938 1354 3996 adorabundus
1382 3941 1601 3996 salutat.

916 4028 1137 4085 XXXV.
1166 4030 1458 4087 -—Basilio
1491 4037 1791 4103 praeposito.

2276 1854 2378 1907 ὑπὸ
2406 1858 2518 1918 τοῖς
2577 1854 2670 1907 τοῦ
2722 1856 2879 1923 ἁγίου
2934 1855 3241 1924 Σωφρονίου
3302 1854 3851 1924 ἀναθεματισθεῖσιν.

2286 1945 2445 1998 Ἀλλὰ
2472 1946 2565 1997 καὶ
2614 1945 2771 2007 ἄλλος
2813 1945 2866 1998 εί
2884 1962 2967 2007 τις
3004 1945 3090 2014 εἴη
3138 1944 3349 2008 τούτοις
3384 1944 3678 2015 ὁμώνυμος
3701 1949 3854 2016 ὅμως

2271 2038 2566 2109 αἱρετικὸς,
2601 2038 2742 2092 κατὰ
2769 2037 2868 2109 τὴν
2890 2036 3113 2091 ἐκείνων
3139 2037 3370 2108 αἵρεσιν,
3407 2037 3440 2108 ἢ
3470 2039 3689 2107 ἑτέραν,
3746 2040 3854 2093 κᾶν

2271 2131 2585 2195 ἐπίσκοπος,
2641 2132 2743 2186 κᾶν
2797 2131 3041 2201 ἀσκητὴς
3067 2171 3083 2196 ,
3129 2130 3230 2184 κᾶν
3274 2129 3545 2197 ὁστισοῦν,
3585 2131 3849 2202 ἀνάθεμα

2271 2223 2428 2278 ἔστω.
2468 2222 2628 2278 Ἀλλά
2665 2223 2759 2277 καὶ
2792 2223 2847 2276 εἴ
2886 2240 2972 2286 τις
3004 2223 3078 2293 μὴ
3128 2220 3516 2291 ἁναθεματίζοι
3568 2222 3853 2294 εὐκαίρως

2270 2317 2410 2371 κατὰ
2432 2317 2494 2370 τὸ
2532 2317 2825 2383 ἀναγκαῖον
2857 2315 3032 2366 πάντα
3063 2313 3361 2383 αἱρετικὸν,
3392 2315 3476 2386 εἴη
3523 2317 3624 2385 τῆς
3664 2316 3851 2369 αὐτῶν

2275 2408 2507 2479 μερίδος.
2552 2407 2741 2475 Ἡμεῖς
2768 2404 2876 2474 γὰρ
2908 2403 3141 2475 καθαροί
3186 2405 3354 2475 ἐσμεν
3396 2408 3599 2469 παντὸς
3628 2407 3843 2476 αἱρετιο

2270 2498 2367 2552 κοῦ
2418 2500 2786 2568 φρονήματος,
2833 2496 3023 2566 εὐχαῖς
3063 2512 3156 2548 σου
3209 2496 3554 2566 ἱερωτάταις,
3602 2494 3851 2561 παναγέ-

2269 2603 2451 2640 στατε.
2480 2585 2599 2637 ΙἘτι
2640 2584 2746 2655 μὴν
2786 2585 2880 2638 καὶ
2906 2584 3065 2638 τοῦτο
3095 2584 3456 2656 άναφέρομεν,
3486 2585 3567 2638 ὅτι
3596 2584 3644 2637 εί
3673 2585 3771 2637 καὶ
3791 2586 3851 2636 ἐν

2265 2680 2331 2748 τῇ
2361 2675 2614 2747 ἐπιστολῇ
2638 2675 2794 2747 ἡμῶν
2826 2678 2891 2746 τῇ
2919 2674 3007 2728 διὰ
3040 2674 3133 2727 τοῦ
3185 2673 3412 2743 ἀδελφοῦ
3445 2672 3749 2726 Εὑσταθίου
3784 2675 3844 2725 οὐ

2265 2763 2558 2834 δεδήλωται
2578 2779 2592 2794 ο
2625 2764 2924 2817 ἐπιστεῖλαι
2948 2764 3097 2832 ἡμᾶς
3126 2765 3192 2832 τῇ
3221 2763 3352 2833 ἁγίᾳ
3400 2779 3493 2814 σου
3526 2766 3746 2835 κορυφῇ
3776 2762 3846 2815 δι’

2278 2856 2613 2925 Ἐπιφανίου.
2641 2857 2715 2909 Οὐ
2749 2855 3060 2923 διέψευσται
3100 2854 3445 2921 Ἐπιφάνιος’
3471 2854 3565 2907 καὶ
3589 2856 3619 2907 ὁ
3637 2856 3843 2925 τρόπος

2264 2949 2322 3001 ὲν
2348 2948 2542 3017 τούτῳ.
2577 2942 2757 3017 Ἦμεν
2789 2944 2865 3008 ὼς
2894 2943 3112 3015 ἀληθῶς
3166 2944 3500 3008 ἐκδώσαντες
3539 2945 3691 3016 αὑτῷ
3741 2947 3842 3014 τὴν

2263 3040 2552 3106 ἐπιστολὴν
2577 3078 2592 3103 ,
2653 3038 2745 3089 καὶ
2792 3034 2954 3088 πάλιν
3018 3034 3169 3107 φόϐῳ
3208 3035 3317 3089 τῶν
3356 3035 3703 3107 κρατούντων
3737 3038 3845 3092 ἀπ⁴

2263 3130 2579 3199 αλείψαντες
2593 3144 2607 3157 ⁸
2626 3131 2655 3182 ὀ
2677 3127 2731 3181 δέ
2748 3128 2885 3199 ἔχων
2907 3128 3015 3182 τῶν
3047 3128 3288 3198 σημείων
3306 3131 3401 3198 τὴν
3423 3127 3643 3195 γνῶσιν,
3664 3130 3842 3198 ἤγαγε

2262 3223 2397 3293 πρὸς
2425 3221 2491 3275 τὰ
2515 3221 2645 3289 ἂγια
2680 3219 2847 3273 αὐτοῦ
2901 3220 3020 3289 ίχνη
3078 3217 3357 3289 εὐφρονῶν
3399 3220 3540 3289 μετὰ
3570 3220 3633 3273 τὸ
3663 3220 3842 3290 ἐξορι-

2265 3314 2458 3381 σθῆναι
2485 3313 2653 3381 ὴμᾶς.
2679 3311 2786 3364 Kal.
2814 3308 2921 3379 γάρ
2950 3311 3065 3362 ἐστι
3100 3309 3275 3378 στόμα
3327 3308 3428 3378 τῆς
3458 3307 3841 3370 ταπεινώσεως

2264 3404 2441 3475 ἡμῶν,
2481 3403 2575 3456 καὶ
2609 3401 2769 3469 λόγος
2792 3399 3215 3471 ἐξερευγόμενος
3242 3399 3343 3469 τῆς
3388 3400 3616 3470 καρδίας
3651 3402 3682 3469 ἡ
3694 3399 3836 3469 μῶν.

2264 3495 2376 3549 Kal.
2407 3496 2564 3565 μήτοι
2592 3510 2655 3562 γε
2684 3492 2996 3563 ὑπολάϐοιὴ
3026 3493 3160 3561 ἁγία
3187 3509 3277 3546 σου
3298 3492 3440 3561 ψυχὴ
3463 3491 3760 3544 σκάνδαλον
3782 3492 3840 3543 ἐν

2264 3586 2340 3657 τῷ
2376 3585 2643 3655 συνδούλῳ
2673 3584 2829 3656 ήμῶν
2863 3584 2978 3639 δντι
3011 3584 3321 3653 πιστοτάτῳ
3359 3581 3497 3635 κατὰ
3527 3581 3735 3635 πάντα.
3780 3582 3837 3634 '0

2265 3676 2492 3745 ἀδελφὸς
2549 3675 2706 3745 ἡμῶν
2764 3675 2861 3731 καὶ
2918 3674 3345 3747 ἀρχιεπίσκοπος
3410 3671 3834 3740 Θεσσαλονίκης.

2267 3762 2485 3827 ὑπτίαις
2505 3763 2729 3834 καρδίας
2758 3762 2916 3833 χερσὶ
2950 3763 3044 3816 καὶ
3070 3761 3288 3825 ἐδέξατο
3316 3759 3413 3829 τὴν
3442 3759 3544 3830 τῆς
3569 3761 3837 3831 μακαριό-

2264 3856 2425 3925 τητός
2460 3873 2554 3909 σου
2588 3856 2982 3927 προσηγορίαν,
3014 3855 3108 3907 καὶ
3140 3854 3208 3907 δι’
3240 3854 3397 3925 ἡμῶν
3442 3856 3833 3925 προσκυνητῶς

2268 3946 2756 4017 κατασπαζόμενός
2787 3950 2903 4000 ἐστι
2926 3947 3025 4017 τὴν
3053 3946 3355 4017 ἱερωτάτην
3396 3964 3489 4001 σου
3528 3950 3797 4019 κορυφήν.

2488 4039 2613 4094 ΛΕ’.
2637 4069 2701 4079 -—
2728 4038 3022 4103 Βασιλείφ
3051 4039 3379 4108 ἡγουμένῳ.
3415 4036 3570 4109 [ος’.]

586 4117 880 4169 Theodorus
920 4135 1011 4171 suo
1051 4129 1103 4172 et
1143 4122 1362 4173 Platonis
1405 4125 1603 4178 nomine
1644 4129 2031 4251 hortatur-(anne
2080 4131 2333 4243 Basiliggé,
2364 4136 2421 4181 ut
2446 4133 2714 4255 ggnpuncto
2734 4145 2844 4182 cum
2880 4130 3004 4195 ipsis
3039 4131 3207 4182 studio
3256 4128 3830 4193 brereticisseOpponat.

1938 4206 2075 4243 aron.
2107 4208 2187 4243 an.
2328 4232 2340 4255 ,
2369 4208 2421 4243 ο.
2513 4230 2524 4241 .

1938 4206 2075 4243 aron.
2107 4208 2187 4243 an.
2232 4206 2340 4255 δυυ,
2369 4208 2421 4243 n.
2446 4206 2524 4242 23.

588 4266 788 4321 Basilio
841 4270 1231 4339 religiosissima
1287 4274 1563 4341 pra’posito
1627 4284 1673 4328 et
1720 4277 2154 4333 archimandrin

659 4360 853 4423 Roma}.
886 4362 1040 4416 Plato
1081 4363 1291 4417 humilis
1332 4364 1597 4431 inclusus,
1634 4376 1681 4422 et
1722 4367 2012 4423 Theodorus
2054 4372 2157 4425 mi-

660 4454 831 4507 nimus
864 4457 1133 4524 presbyter
1185 4466 1231 4510 et
1275 4460 1586 4525 prmpositus
1643 4458 1957 4515 Studiensis.

690 4628 923 4684 Litteras
946 4639 1186 4699 paternae
1214 4631 1519 4686 sanetitatis
1551 4642 1654 4688 tua:
1708 4648 1817 4688 non
1847 4634 2006 4688 aliter
2036 4634 2141 4689 hu-

586 4718 741 4776 miles
768 4720 1236 4790 exspectabamus,
1295 4736 1455 4792 quam
1493 4732 1631 4778 terra
1662 4724 1852 4781 sitiens
1935 4725 2161 4782 imbrem

588 4828 764 4868 suum.
798 4812 866 4866 Et
926 4822 1209 4881 postquam
1263 4830 1358 4882 spe
1406 4823 1589 4868 nostra
1640 4814 1882 4870 frustrati
1947 4832 2157 4885 sumus,

587 4904 879 4968 doluimus,
923 4914 982 4958 ut
1020 4920 1116 4974 par
1169 4916 1302 4969 erat,
1331 4907 1705 4960 vehementer.
1751 4908 2006 4962 Attamen
2031 4924 2156 4965 cum

588 5011 655 5049 ex
678 4993 983 5063 Epiphanio
1013 4993 1367 5050 dilectissimo
1423 5004 1477 5051 et
1519 4996 1778 5051 ﬁdissimo
1810 4996 1918 5050 filio
1968 5010 2159 5055 nostro

587 5103 805 5143 causam
834 5086 1294 5161 cognovissemus,
1329 5089 1471 5159 quod
1525 5090 1783 5144 nimirum
1838 5101 2054 5147 coactus
2104 5094 2155 5147 id

585 5179 834 5246 fecisses,
863 5194 971 5235 non
1005 5186 1318 5248 contemptu
1357 5180 1537 5250 aliquo
1564 5190 1808 5235 nostrum
1847 5183 1939 5252 qui
1980 5198 2151 5252 quan-

588 5270 790 5324 tumvis
833 5270 1102 5335 tenuium,
1170 5269 1426 5338 pietatem
1476 5280 1620 5326 tuam
1676 5272 2026 5329 nihilominus
2051 5274 2150 5329 ob-

585 5375 865 5415 scrvamus
889 5378 903 5413 :
934 5360 1099 5414 animi
1124 5359 1363 5435 dolorem
1380 5363 1752 5428 abstersimus,
1778 5379 2150 5435 summamque

585 5452 822 5507 laetitiam
851 5434 1239 5523 percepimus:
1277 5451 1627 5507 Renuntiarit
1683 5455 1826 5509 enim
1867 5434 2150 5521 nobis,7te

583 5545 833 5599 eumdem
859 5559 998 5608 esse,
1035 5543 1124 5613 qui
1153 5558 1279 5615 erga
1310 5560 1409 5599 nos
1431 5560 1647 5615 semper
1688 5546 1905 5611 fuisses,
1948 5547 2145 5604 aﬂectu

582 5645 637 5690 et
676 5635 939 5690 charitate
972 5634 1138 5704 ;quin
1170 5635 1348 5705 potius
1388 5652 1495 5690 non
1547 5652 1736 5706 parum
1765 5638 2025 5695 bonitatis
2048 5641 2146 5697 ad-

655 5746 698 5777 ²⁰
746 5744 863 5798 νίιι.
900 5745 1039 5801 infra
1079 5747 1131 5802 in
1162 5745 1431 5805 Theodori
1467 5748 1692 5805 Tcstam.
1729 5766 1878 5807 num.
1913 5752 1967 5805 4.

2257 4280 2553 4341 Βασιλείῳ
2592 4274 2671 4342 τῷ
2709 4275 3126 4342 εὐλαϐεστάτῳ
3171 4273 3486 4344 ἡγουμένῳ
3529 4272 3630 4327 καὶ
3668 4273 3829 4341 ἀρχι-

2322 4368 2617 4440 μανδρίτῃ
2669 4368 2935 4437 Ῥώμης,
2995 4367 3243 4421 Πλάτων
3286 4366 3567 4431 ταπεινὸς
3609 4364 3833 4435 ἐγκλει-

2329 4478 2496 4527 στος,
2511 4462 2609 4515 καὶ
2636 4460 2933 4529 Θεόδωρος
2959 4459 3281 4527 ἐλάχιστος
3304 4459 3713 4528 πρεσϐύτερος
3736 4458 3829 4511 καὶ

2332 4551 2665 4620 ἡγούμενος
2693 4548 2811 4604 τῶν
2846 4550 3155 4605 Στουδὶου.

2314 4640 2501 4706 Οὕτως
2513 4637 2925 4712 ἀπεκαραδοκοῦ
2934 4656 3033 4713 μεν
3055 4640 3105 4694 οἱ
3124 4637 3368 4694 ταπεινοὶ
3385 4635 3643 4705 δέξασθαι
3653 4652 3829 4715 γραμ-

2270 4749 2415 4803 ματα
2441 4734 2539 4805 τῆς
2566 4734 2839 4805 πατρικῆς
2868 4746 2961 4786 σου
2991 4729 3286 4803 ὁσιότητος,
3315 4731 3391 4795 ὡς
3417 4727 3491 4802 γῆ
3509 4732 3722 4802 διψῶσα
3743 4734 3827 4787 τὸν

2264 4823 2467 4894 ἐαυτῆς
2499 4822 2675 4881 ὑετόν.
2707 4826 2819 4879 Kal.
2842 4825 3033 4895 ἐπειδὴ
3068 4819 3410 4895 ἀπετῦχομεν
3456 4824 3556 4894 τῆς
3585 4826 3823 4890 ἐλπίδος,

2256 4913 2578 4985 ἢλγὴσαμεν
2600 4953 2614 4976 ,
2645 4912 2719 4979 ὡς
2750 4916 2811 4968 τὸ
2843 4916 3017 4979 εἰκόςο
3059 4916 3210 4985 ὅμως
3238 4911 3499 4985 μαθόντες
3522 4915 3622 4985 τὴν
3650 4918 3825 4969 αἰτίαν

2256 5007 2406 5076 παρὰ
2435 5005 2764 5076 Ἐπιφανίου
2815 5003 2910 5059 τοῦ
2948 5000 3331 5059 ποθεινοτάτου
3379 5006 3474 5058 καὶ
3502 5007 3822 5060 πιστοτάτου

2253 5096 2416 5167 ἡμῶν
2441 5095 2582 5161 υἱοῦ,
2610 5097 2691 5151 ὅτι
2717 5094 2777 5161 ἐξ
2812 5097 3132 5165 ἀναγκαίου,
3177 5096 3273 5151 καὶ
3328 5097 3430 5150 οὐκ
3455 5097 3520 5150 ἐκ
3548 5115 3817 5169 καταφροο

2257 5190 2465 5257 νήσεως
2521 5189 2680 5260 ἡμῶν
2712 5190 2818 5243 τῶν
2865 5190 3097 5244 εὐτελῶν
3130 5190 3226 5244 καὶ
3274 5190 3395 5244 λίαν
3435 5191 3686 5261 ἐραστῶν
3733 5192 3819 5260 τῆς

2258 5280 2563 5351 θεοφιλείας
2595 5296 2719 5335 σουο
2751 5280 3117 5352 μετεϐάλομεν
3140 5282 3201 5334 τὸ
3233 5281 3393 5350 ἄλγος
3428 5281 3528 5350 τῆς
3575 5281 3816 5352 καρδίας,

2258 5374 2431 5445 χαρὰν
2464 5372 2941 5443 προσκτησάμενοι
2964 5373 3346 5443 ίκανουμένην.
3374 5372 3697 5441 Ἀνήγγειλε
3719 5373 3815 5441 γὰρ

2257 5465 2388 5534 ἡμῖν
2416 5464 2506 5517 τὸν
2540 5464 2702 5519 αὑτὸν
2732 5463 3008 5535 διαμένειν
3026 5466 3084 5517 ἐν
3120 5467 3185 5535 τῇ
3222 5463 3356 5534 πρὸς
3392 5465 3541 5533 ἡμᾶς
3589 5463 3813 5517 διαθέσει

2254 5571 2314 5607 τε
2344 5556 2437 5609 καὶ
2467 5555 2657 5628 ἀγάπῃ
2678 5574 2691 5586 ·
2714 5558 2772 5609 οὐ
2806 5558 2913 5628 μὴν
2936 5557 3071 5610 ἀλλὰ
3105 5557 3198 5610 καὶ
3230 5554 3661 5625 προστιθέμενον
3688 5556 3811 5626 μᾶλα

2254 5642 2346 5701 λον
2375 5646 2713 5719 ἀγαθότητος
2742 5646 3008 5711 ποικίλοις
3035 5646 3275 5719 τρόποις.
3301 5646 3413 5715 Τὴν
3446 5645 3505 5699 δὲ
3541 5643 3640 5699 τοῦ
3662 5646 3809 5717 ζήλου
