4008 6318
179 329 308 396 1029

1385 335 1924 395 EPISTOLARUM
1965 337 2110 399 LIB.
2147 339 2196 401 I.

3272 338 3411 400 1030

169 446 265 512 τῆς
294 445 574 510 εὐσεϐείας
613 445 961 502 διανάστασιν
983 489 996 514 ,
1059 445 1156 517 όση
1188 446 1305 501 ἐστὶ
1340 451 1407 518 τῇ
1458 448 1590 518 ἁγίᾳ
1640 464 1723 499 σοι

1841 447 2039 515 jecissc
2081 451 2245 504 variis
2307 449 2501 504 modis.
2552 449 2662 503 Zeli
2699 464 2830 504 vero
2851 464 3014 519 quem
3076 464 3174 518 pro
3203 452 3411 518 pietate

169 535 330 605 ψυχῇ,
352 537 776 606 ἐξηγησάμενος,
804 539 1006 608 ἤχησεν
1029 539 1061 607 ή
1071 537 1184 608 μῶν
1210 539 1491 610 ἀμφότερα
1508 542 1574 592 τὰ
1593 534 1726 593 ὦτα.

170 627 277 678 Καὶ
300 626 589 696 εὐλογητὸς
631 628 835 699 Κύριος
865 629 973 682 τῶν
1009 629 1311 699 δυνάμεων,
1341 631 1368 682 6
1407 630 1634 700 θέμενός
1671 649 1730 685 σε

168 716 225 769 ὲν
268 721 334 788 τῇ
368 718 644 789 πρωτίστη
697 719 804 771 τῶν
840 720 1066 787 πόλεων,
1127 721 1389 791 φωστῆρα
1424 721 1729 792 θεολαμπῆ,

167 806 321 876 λόγον
353 807 498 878 ζωῆς
550 809 813 880 ἐπέχοντα
842 811 1186 883 ἀμφιλαφείᾳ
1211 813 1315 865 τῶν
1341 813 1561 881 ἀγαθῶν
1588 816 1729 885 πρά-

171 897 302 960 ξεων
359 900 388 951 6
413 899 534 962 δούς
562 917 640 952 σοι
665 901 915 967 γλῶσσαν
938 903 1496 972 ἐλευθεροστομοῦσαν
1521 906 1588 957 τὰ
1615 906 1732 960 θεῖα

171 989 267 1057 τῆς
296 989 604 1058 όρθοδοξίας
619 991 918 1059 διδάγματα
950 994 1087 1061 μετά
1124 994 1325 1064 ὑψηλοῦ
1356 996 1728 1066 κηρύγματος.

174 1077 265 1131 Ἐν
289 1075 332 1146 ᾧ
365 1081 459 1133 καὶ
501 1083 922 1152 παρακαλοῦμεν
953 1083 1165 1154 βοηθεῖν
1194 1086 1259 1156 τῇ
1291 1087 1411 1139 καθ’
1445 1090 1731 1159 ἠμᾶςἘκ-

174 1167 388 1237 κλησίᾳ,
412 1172 478 1239 τῇ
513 1186 570 1221 τε
604 1171 777 1239 οἰκείᾳ
806 1173 1180 1244 κραταιότητι,
1215 1176 1309 1228 καὶ
1343 1179 1408 1248 τῇ
1455 1179 1592 1247 πρὸς
1640 1180 1729 1233 τὸν

168 1257 472 1325 ἁγιώτατον
496 1261 847 1313 άποστολικὺν
886 1264 1156 1334 μεσιτείᾳ.
1213 1265 1277 1319 Ἡ
1319 1269 1426 1338 γάρ
1454 1268 1608 1338 ὑμῶν
1633 1273 1729 1325 ἁν-

170 1347 324 1418 δρικὴ
350 1349 491 1419 ὑπὲρ
528 1349 622 1402 τοῦ
653 1351 810 1419 λόγου
840 1354 938 1423 τῆς
989 1354 1249 1425 ἀληθείας
1302 1358 1581 1430 ἐκδίκησις
1629 1361 1731 1432 τῆς

174 1437 260 1490 ὐπ’
295 1441 524 1510 οὐρανὸν
549 1442 646 1511 τῆς
668 1444 994 1514 Ἐκκλησίας
1024 1448 1257 1521 ὑπάρχει
1292 1452 1582 1523 στερέωσις
1603 1467 1616 1482 ⁸
1639 1455 1731 1508 καὶ

171 1531 198 1581 6
225 1530 315 1598 ἀφ’
347 1531 502 1601 ὑμῶν
539 1532 731 1604 ζῆλος,
783 1537 1042 1592 ἀνάπτειν
1101 1541 1344 1609 πέφυκεν
1386 1545 1472 1598 ἀεὶ
1515 1544 1731 1601 ἅπασαν

171 1619 264 1690 τὴν
292 1624 619 1694 οἰκουμένην
643 1628 721 1689 εἰς
757 1629 854 1698 τὴν
874 1629 1134 1702 διάπυρον
1183 1636 1242 1687 ἐν
1275 1636 1550 1706 Πνεύματι
1592 1639 1732 1709 ἁγίῳ

170 1711 266 1780 τῆς
299 1711 536 1777 πίστεως
561 1716 717 1784 ἡμῶν
747 1719 1055 1787 ὁμολογίαν.
1080 1724 1239 1776 Ὥστε
1278 1725 1545 1790 είκαζέτω
1575 1745 1669 1781 σου
1696 1730 1728 1799 ἡ

173 1800 469 1869 θεοσέϐεια,
498 1805 619 1867 ὅσος
647 1807 674 1858 6
701 1807 854 1874 λόγος
882 1812 1009 1881 ὑμῖν
1036 1813 1126 1866 τοῦ
1168 1815 1265 1884 τῆς
1294 1815 1575 1880 εὐσεϐείας
1596 1820 1732 1888 κρά-

174 1907 320 1954 τουςο
371 1895 467 1946 καὶ
517 1895 709 1958 ὁπόσος
761 1901 789 1948 6
838 1899 1055 1965 ἔπαινος
1098 1904 1206 1956 ἀπὸ
1253 1905 1387 1959 Θεοῦ
1432 1910 1571 1976 μετά
1621 1909 1732 1963 τῶν

171 1981 331 2072 ἀξίων
360 1983 605 2054 άμοιϐῶν
638 1990 695 2040 ἐν
716 1992 778 2060 τῇ
809 1991 1010 2062 ταῦτης
1045 1995 1258 2067 φυλακῇ
1286 1997 1378 2050 καὶ
1407 2000 1727 2072 ἀναρρήσει-

172 2071 234 2138 ῆν
267 2073 360 2125 καὶ
385 2073 701 2142 φυλάττοιτε
726 2079 815 2130 καὶ
842 2079 1135 2149 κηρύσσειν
1161 2085 1222 2136 οὐ
1244 2084 1482 2156 λήγοιτε,
1506 2071 1561 2142 oi
1588 2089 1726 2143 θειό-

169 2177 318 2214 τατοι
352 2165 446 2216 καὶ
462 2165 780 2234 ἀξιάγαστοι
810 2169 842 2237 ἡ
853 2169 966 2236 μῶν
989 2172 1249 2245 Πατέρες.

239 2247 313 2308 υῦ
336 2255 392 2308 δὲ
426 2259 588 2329 χάριν
618 2261 1018 2333 ἀπεστείλαμεν
1055 2268 1217 2322 πάλιν
1248 2270 1339 2323 τὸν
1384 2271 1608 2341 ἀδελφὸν
1638 2273 1731 2327 καὶ

171 2349 551 2420 προσκυνητὴν
603 2351 709 2403 τῶν
762 2354 920 2422 ἰχνῶν
988 2374 1082 2411 σου
1122 2360 1453 2430 Ἐπιφάνιον,
1513 2364 1579 2417 ἵν’
1612 2367 1733 2419 ἀντ-

171 2439 460 2510 αναγγείλῃ
495 2443 521 2494 6
546 2443 704 2507 αὐτὸς
761 2447 828 2500 τά
880 2449 1001 2502 καθ’
1037 2453 1211 2520 ἡμᾶς·
1256 2455 1330 2515 ὼς
1368 2455 1550 2523 εὐχαῖς
1580 2456 1730 2526 ὑμῶν

173 2526 348 2593 ἁγίαις
388 2526 447 2581 εὖ
505 2530 652 2600 ἔχει·
688 2539 1027 2608 χαίρομένων
1068 2541 1225 2611 ἡμῶν
1256 2543 1360 2595 τῶν
1397 2545 1730 2614 ἁμαρτωλῶν

171 2617 260 2669 καὶ
290 2619 674 2690 θυμηδιώντων
702 2628 759 2679 ἐν
784 2629 860 2697 τῷ
894 2630 1136 2701 διωγμῷ,
1165 2633 1256 2686 καὶ
1281 2638 1399 2698 ταῖς
1430 2635 1694 2703 φυλακαῖς
1712 2653 1726 2668 ⁶

169 2705 238 2769 ὡς
265 2709 472 2781 τολμᾷν
524 2712 730 2781 λέγειν·
793 2719 956 2788 Ἡμῖν
1010 2723 1275 2795 ἐχαρίσθη
1325 2726 1386 2778 οὐ
1446 2729 1608 2796 μόνον
1650 2731 1730 2792 είς

171 2797 395 2866 Χριστὸν
427 2804 720 2871 πιστεύειν,
753 2810 887 2864 ἀλλά
917 2814 1092 2867 καὶτὸ
1118 2815 1255 2886 ὑπὲρ
1281 2817 1445 2872 αὐτοῦ
1479 2820 1726 2890 πάσχεινο

178 2888 265 2983 ίνα.
285 2891 363 2954 είς
391 2894 783 2969 ἐκτενεστέραν
831 2902 974 2972 ὑμᾶς
1005 2908 1313 2978 προσευχὴν
1343 2888 1691 2983 παρακινῆσῃ
1711 2928 1725 2943 ⁶

171 2979 303 3051 ὐπέρ
332 2999 391 3075 τε
417 2986 576 3055 ήμῶν
595 2989 704 3044 τῶν
726 2992 968 3049 ἀσθενῶν
993 2997 1295 3069 εὐανδρίας,
1330 2979 1434 3054 καὶ.
1453 3003 1546 3055 τοῦ
1574 2979 1726 3075 κοινῇ

1833 542 1993 609 geris,
2036 550 2232 610 quanta
2271 541 2352 593 vis
2392 549 2446 594 et
2470 539 2768 594 constantia
2799 548 3001 593 sanctae
3054 539 3249 593 animm
3301 549 3408 592 tua:

1833 630 1922 696 sit,
1953 645 2400 692 commemorans,
2427 630 2612 684 ambas
2649 630 2802 684 nobis
2850 644 3010 684 aures
3046 629 3309 698 implevit.
3342 631 3409 683 Et

1834 720 2149 775 benedictus
2188 720 2534 776 sitDominus
2593 721 2870 784 virtutum,
2901 720 2990 789 qui
3045 728 3095 773 te
3125 721 3177 772 in
3228 720 3404 789 prima

1833 811 2072 865 omnium
2103 811 2318 866 civitate
2345 810 2627 866 collocavit
2674 811 2855 865 lumen
2914 807 3175 864 divinitus
3206 826 3405 865 accen-

1833 919 1976 964 sum,
2018 903 2242 958 verbum
2287 904 2408 958 vitae
2444 902 2804 972 proferentem
2862 902 3124 955 bonorum
3171 917 3400 971 operum

1833 996 2202 1060 abundantia;
2255 995 2344 1064 qui
2412 995 2646 1064 linguam
2698 994 2794 1048 tibi
2852 994 3001 1048 dedit
3043 994 3226 1047 divina
3273 993 3397 1047 fidei

1833 1088 2144 1142 orthodoxae
2189 1087 2510 1140 documenta
2562 1086 2726 1139 libere
2760 1085 3012 1154 celsoque
3065 1085 3246 1139 animo
3289 1086 3398 1138 elo-

1833 1187 2108 1242 quentem.
2134 1175 2191 1230 in
2219 1193 2325 1246 quo
2355 1187 2407 1230 et
2439 1185 2489 1230 te
2525 1177 2879 1238 obtestamur,
2900 1191 3058 1244 opem
3108 1175 3248 1229 ferre
3293 1175 3393 1226 Ec-

1833 1267 2012 1323 clesia:
2074 1281 2296 1330 nostrae,
2358 1278 2470 1321 tum
2532 1275 2717 1337 tuopte
2797 1268 3012 1332 robore,
3081 1277 3191 1320 tum
3248 1265 3390 1333 apud

1831 1359 2230 1412 sanctissimum
2301 1357 2650 1427 apostolicum
2725 1355 3126 1411 intercedendo.
3176 1353 3388 1408 Etenim

1831 1448 2000 1502 virilis
2017 1458 2191 1500 vestra
2227 1462 2321 1515 pro
2349 1447 2572 1500 veritate
2608 1446 2961 1508 concertatio,
2987 1445 3246 1499 universa:
3272 1460 3392 1512 qua:

1833 1541 1933 1595 sub
1988 1540 2124 1594 coelo
2184 1548 2268 1593 est
2315 1537 2566 1592 Ecclesia:
2615 1537 3010 1591 firmamentum
3052 1545 3258 1590 estzet
3302 1537 3392 1604 qui

1832 1647 1861 1684 a
1891 1633 2040 1685 vobis
2069 1631 2240 1684 oritur
2269 1631 2436 1692 zelus,
2469 1644 2682 1698 semper
2707 1636 2874 1682 tetum
2928 1629 3113 1682 orbem
3142 1629 3276 1681 solet
3328 1628 3396 1681 ad

1833 1722 2128 1776 ferventem
2161 1722 2213 1775 in
2248 1720 2463 1790 Spiritu
2493 1729 2681 1774 sancto
2716 1720 2834 1774 fidei
2876 1731 3074 1774 nostra:
3097 1719 3395 1774 confessio-

1833 1828 1952 1866 nem
1982 1812 2296 1867 accendere.
2328 1813 2503 1877 Quare
2532 1811 2780 1880 conjiciat
2806 1811 2990 1880 religio
3037 1821 3144 1872 tua,
3195 1818 3394 1879 quanta

1832 1903 1985 1957 vobis
2023 1919 2181 1958 causa
2212 1902 2334 1959 ﬁdei
2368 1905 2600 1969 tuendze,
2633 1912 2687 1959 et
2713 1912 2912 1972 quanta
2937 1903 3052 1957 laus
3081 1917 3108 1955 a
3142 1904 3246 1955 Deo
3271 1917 3392 1954 cum

1831 1995 2024 2050 debitis
2070 1996 2305 2064 praemiis
2345 2011 2440 2050 vos
2464 2005 2677 2050 maneat
2730 1995 2870 2048 illam
2927 1994 3297 2048 conservando
3336 1999 3394 2045 et

1831 2087 2152 2156 proﬁtendo,
2184 2102 2343 2156 quam
2369 2102 2582 2156 semper
2608 2086 2959 2149 conservetis,
2987 2094 3038 2138 et
3070 2085 3392 2137 annuntiare

1830 2193 1937 2234 non
1963 2179 2204 2242 cessetis,
2232 2179 2550 2232 divinissimi
2579 2186 2634 2232 et
2661 2177 2962 2232 admirandi
2986 2177 3169 2229 Patres
3197 2175 3391 2230 nostri.

1935 2270 2229 2339 Propterea
2279 2278 2458 2324 autem
2529 2270 2778 2324 misimus
2834 2271 3029 2323 iterum
3073 2268 3287 2322 fratrem
3339 2276 3394 2322 et

1833 2362 2175 2432 vestigiorum
2221 2371 2434 2415 tuorum
2484 2375 2851 2415 veneratorem
2904 2359 3286 2429 Epiphanium,
3333 2368 3394 2412 ut

1831 2453 2105 2506 renuntiet
2151 2452 2264 2520 ipse
2313 2452 2380 2506 de
2434 2451 2594 2505 rebus
2662 2452 2884 2511 nostris,
2939 2449 3389 2518 quemadmodum

1830 2544 2034 2599 sanctis
2090 2545 2342 2613 precibus
2405 2543 2602 2598 vestris
2667 2552 2813 2597 recte
2873 2542 3106 2596 habeant
3161 2541 3388 2594 omnia:

1830 2637 2186 2706 gaudentibus
2213 2636 2369 2689 nobis
2391 2635 2784 2704 peccatoribus,
2827 2643 2882 2688 et
2913 2633 3308 2688 exsultantibus
3333 2633 3388 2685 in

1829 2728 2203 2796 persecutione
2230 2736 2282 2780 ct
2316 2727 2370 2780 in
2402 2726 2734 2789 carceribus,
2770 2726 2840 2779 ita
2867 2734 2927 2779 ut
2961 2726 3142 2779 dicere
3189 2724 3388 2777 audea-

1830 2833 1991 2872 mus:
2041 2816 2208 2871 Nobis
2247 2817 2430 2871 datum
2487 2825 2572 2870 est
2648 2831 2757 2869 non
2790 2816 2962 2869 solum
3037 2814 3262 2868 credere
3331 2814 3388 2867 in

1830 2910 2125 2975 Christum,
2148 2925 2335 2964 verum
2383 2911 2544 2964 etiam
2589 2924 2687 2979 pro
2716 2910 2835 2977 ipso
2865 2908 2970 2977 pati
2996 2907 3069 2960 “z
3104 2915 3163 2959 ut
3193 2906 3390 2959 excitet

1829 3020 1925 3059 vos
1953 3005 2018 3059 ad
2044 3004 2256 3059 enixius
2280 3005 2567 3066 orandum,
2596 3014 2650 3059 ct
2699 3021 2797 3073 pro
2845 3002 3229 3058 imbecillitatis
3285 3018 3388 3055 no-

170 3074 556 3166 συμφέροντος,
596 3082 736 3155 ὑπὲρ
773 3080 834 3140 οῦ
862 3088 889 3140 6
916 3087 1072 3157 λόγος
1102 3092 1252 3161 ἡμῖν,
1289 3093 1383 3145 καὶ
1414 3097 1551 3166 πρὸς
1577 3074 1720 3166 ὑμᾶς

1829 3101 1953 3147 straa
2020 3093 2359 3156 fortitudine,
2400 3103 2454 3147 et
2527 3108 2624 3162 pro
2674 3092 2948 3146 communi
2989 3091 3237 3154 utilitate,
3291 3106 3390 3158 pro

167 3165 289 3256 τοὺς
317 3166 653 3235 ἀγιωτάτους
678 3174 860 3242 δέησις
894 3180 1012 3249 τρὶς
1036 3181 1161 3251 ἄρτι
1200 3183 1484 3254 γινομένη’
1519 3165 1723 3256 οὐχίῖνα

169 3254 459 3348 ἀφεθῶμεν
493 3261 592 3329 τῆς
619 3264 860 3336 φυλακῆς
882 3286 895 3298 ο
925 3269 1006 3321 ὅτι
1046 3272 1180 3341 μηδὲ
1206 3271 1530 3343 λογιζόμεθα
1556 3254 1723 3348 αὐτὴν

168 3346 403 3438 ἀδοξίαν·
436 3349 576 3405 ἀλλὰ
599 3355 854 3423 μέγιστον
882 3360 978 3412 καὶ
1007 3360 1146 3431 ὑπὲρ
1171 3364 1272 3434 τὴν
1299 3367 1570 3438 ἡμετέραν
1600 3346 1722 3423 ἀνα-

169 3436 381 3511 ξιὸτητα
413 3443 598 3507 κλέος’
627 3447 742 3500 ἀλλ’
774 3448 921 3513 ὅπως
971 3449 1079 3516 ἕξει
1113 3454 1172 3507 τὸ
1198 3436 1480 3525 ἐπωφελὲς
1541 3462 1598 3514 ἐν
1645 3463 1724 3532 τῷ

168 3531 354 3624 κρινῶ,
375 3535 484 3624 κᾷν
502 3537 612 3588 τῶν
631 3539 872 3608 ἐσχάτων
915 3544 1100 3612 ἐσμέν.
1144 3547 1422 3618 Πανταχοῦ
1456 3551 1582 3622 γὰρ,
1626 3531 1722 3624 φη·

171 3619 247 3669 σίν
271 3621 298 3671 6
324 3622 604 3691 Οεολόγος.
627 3625 687 3677 τὸ
716 3626 836 3678 καθ’
866 3628 1092 3692 ἑαυτοὺς
1137 3635 1473 3703 παρορατέον
1505 3619 1722 3707 πρὸς-τὺ

166 3710 269 3762 τῶν
303 3713 517 3766 πολλῶν
573 3716 869 3784 συμφέρον.
922 3718 1209 3790 Συμφέρον
1257 3721 1302 3774 δ’
1330 3724 1396 3776 ἂν
1439 3726 1545 3796 εἴη,
1589 3727 1664 3791 ὠς
1692 3731 1720 3782 6

162 3801 424 3872 ἡμέτερος
457 3805 656 3866 σκοπὸς
677 3806 768 3858 καὶ
792 3806 976 3872 πόθος,
1013 3811 1401 3884 ἐπιτιμηθῆναι
1429 3819 1720 3885 συνοδικῶς

164 3892 247 3945 διὰ
275 3893 364 3948 τοῦ
394 3897 820 3966 κορυφαιοτάτου
851 3903 1230 3974 ἀποστολικοῦ,
1267 3907 1457 3981 ῶσπερ
1491 3913 1584 3964 ἐπὶ
1611 3913 1721 3967 τῶν

165 3985 363 4040 ἄνωθεν
395 3990 489 4042 καὶ
512 3991 570 4054 ἐξ
602 3991 794 4062 ἀρχῆς,
821 3997 944 4059 τοὺς
967 3999 1423 4070 συνεδρεύσαντας
1459 4007 1596 4058 κατά
1624 4006 1718 4059 τοῦ

165 4073 499 4145 Εὐαγγελίου
530 4079 624 4132 τοῦ
651 4081 906 4150 Χριστοῦ,
943 4086 1036 4140 καὶ
1069 4088 1568 4159 ἀναθεματίσαντας
1594 4093 1720 4158 τούς

164 4165 552 4239 ἀντεχομένους
574 4172 736 4227 αὐτοῦ
758 4191 771 4205 °
809 4176 901 4227 καὶ
936 4177 1012 4248 μὴ
1041 4179 1139 4248 τὴν
1172 4181 1440 4249 μοιχείαν,
1479 4185 1572 4236 καὶ
1607 4200 1720 4252 μοι-

162 4256 460 4327 χοζευξίαν,
499 4261 593 4314 καὶ
631 4266 1128 4337 μοιχοσυνδρομίαν,
1151 4269 1474 4339 δεξαμένους
1527 4273 1602 4336 ὡς
1650 4277 1718 4328 oi-

162 4351 415 4420 κονομίαν
457 4353 571 4406 τῶν
622 4354 813 4422 ἁγίων,
847 4358 988 4428 καθά
1016 4362 1062 4413 οἱ
1097 4362 1408 4432 Μοιχειανοὶ
1441 4365 1717 4436 ἐδογμάτι-

1827 3200 1932 3253 qua
1979 3185 2135 3239 nobis
2178 3199 2355 3239 sermo
2386 3192 2468 3237 est
2500 3193 2591 3249 ;et
2632 3183 2698 3238 ad
2740 3199 2836 3238 vos
2861 3182 3228 3237 sanctissimos
3277 3191 3388 3235 ter-

1827 3277 1900 3330 tia
1954 3276 2063 3346 jam
2113 3277 2340 3345 repetita
2395 3274 2704 3345 deprecatio
2739 3291 2752 3327 :
2793 3289 2901 3329 non
2946 3281 3003 3326 ut
3064 3288 3093 3326 e
3146 3273 3389 3327 custodia

1824 3367 2152 3432 liberemur;
2183 3366 2306 3435 quia
2338 3365 2476 3419 hanc
2503 3381 2609 3420 non
2651 3365 2898 3419 ducimus
2944 3362 3239 3426 infamiam,
3295 3364 3391 3417 sed

1824 3458 2111 3511 maximam
2153 3464 2210 3510 ut
2241 3471 2405 3524 supra
2453 3456 2641 3510 merita
2680 3464 2867 3510 nostra
2900 3454 3120 3526 gloriam
3152 3469 3167 3519 ;
3197 3468 3388 3507 verum

1825 3557 1882 3602 ut
1903 3547 2165 3602 redundet
2187 3548 2385 3602 utilitas
2405 3547 2458 3600 in
2483 3562 2790 3611 commune,
2843 3547 3057 3600 tametsi
3102 3561 3166 3599 ex
3190 3545 3390 3599 infimis

1822 3641 2010 3696 simus.
2079 3642 2305 3711 Semper
2360 3641 2524 3704 enim,
2581 3641 2655 3694 ait
2717 3638 3056 3709 Theologus,
3123 3637 3388 3707 privatum

1822 3732 2164 3786 commodum
2212 3732 2577 3802 spernendum
2611 3745 2721 3799 prae
2780 3730 3012 3783 utilitate
3068 3729 3386 3782 multorum.

1820 3825 1963 3882 Utile
1992 3833 2172 3880 autem
2205 3825 2406 3890 fuerit,
2440 3824 2582 3894 quod
2619 3839 2786 3878 unum
2825 3832 2912 3878 est
2961 3822 3244 3878 consilium
3290 3837 3390 3875 no-

1820 3926 1991 3971 strum
2038 3927 2094 3972 et
2162 3917 2509 3979 desiderium,
2576 3917 2830 3985 synodica
2901 3932 2997 3986 per
3073 3931 3386 3984 supremum

1819 4008 2171 4077 apostolicum
2198 4049 2213 4075 ,
2267 4009 2408 4062 sicut
2461 4009 2528 4062 ab
2572 4008 2727 4061 initio
2791 4021 3008 4076 semper
3041 4006 3238 4060 factum
3280 4017 3383 4069 est,

1819 4099 2062 4154 damnari
2083 4114 2176 4153 eos
2206 4099 2294 4166 qui
2323 4108 2508 4153 contra
2550 4096 2899 4167 Evangelium
2929 4096 3129 4150 Christi
3183 4106 3384 4151 coetum

1821 4187 2078 4252 inierunt,
2110 4196 2164 4241 et
2190 4187 2536 4241 anathemate
2588 4185 2909 4241 defensores
2947 4185 3091 4238 illius
3139 4185 3384 4254 appetie-

1819 4287 1983 4347 runt;
2048 4279 2190 4349 quod
2260 4279 2618 4342 adulterium,
2693 4285 2747 4332 et
2775 4276 3005 4330 adulteri
3047 4275 3378 4345 conjugium,

1819 4381 1873 4426 et
1907 4370 2151 4426 adulterii
2184 4370 2538 4440 patrocinium
2603 4385 2713 4424 non
2764 4368 3070 4439 receperint
3124 4376 3378 4438 tanquam

163 4454 276 4504 σαν,
307 4443 746 4508 ἀποκαλέσαντες
790 4449 846 4500 ἐν
877 4450 1048 4520 τούτῳ
1080 4455 1205 4514 τοὺς
1258 4454 1447 4522 ἁγίους
1483 4457 1716 4525 παρανό-

1826 4462 2275 4533 dispensationem
2313 4471 2622 4517 sanctorum
2650 4475 2664 4515 :
2705 4461 2846 4516 sicut
2870 4459 3151 4515 Moechiani
3176 4469 3378 4514 statue-

163 4550 322 4600 μους·
378 4536 462 4590 ὅτι
515 4535 703 4606 μηδεὶς
755 4538 908 4608 ἅγιος
955 4542 1054 4613 τὴν
1104 4544 1299 4614 μερίδα
1335 4546 1474 4614 μενὶ
1523 4548 1712 4617 μοιχοῦ

159 4622 304 4678 ἔθετο
322 4643 336 4658 ·
367 4629 467 4698 οὐχ
486 4628 568 4682 ὄτι
591 4630 681 4682 καὶ
713 4633 1079 4701 μοιχωμένους
1106 4636 1468 4704 ἐστεφάνωσε,
1496 4640 1588 4691 καὶ
1621 4639 1718 4692 δώ-

166 4733 267 4782 ρων
299 4719 408 4771 τῶν
441 4720 603 4773 θείων
629 4722 1001 4790 μεταδέδωκεν
1023 4740 1036 4754 '
1060 4727 1218 4780 ὁπότε
1255 4729 1373 4782 οὐδὲ
1403 4731 1602 4802 στέγης
1625 4734 1718 4786 καὶ

160 4809 326 4878 πυρὸς
360 4811 701 4880 μεταδιδόναι
740 4815 941 4879 αὐτοῖς,
977 4815 1077 4868 κᾶν
1107 4817 1341 4886 βασιλεῖς
1364 4815 1489 4885 εἷεν,
1529 4822 1716 4894 διηγο-

160 4900 407 4970 ρεύκασι.
434 4903 646 4956 Καὶὄτι
686 4907 778 4958 καὶ
807 4907 938 4960 αὐτὸ
974 4908 1035 4962 τὸ
1064 4909 1218 4963 Θεῖον
1248 4911 1539 4982 ἐξύϐρισαν
1591 4919 1713 4980 ταῖς

158 4995 507 5057 στεφανικαῖς
545 4996 971 5063 μυσταγωγίαις,
1021 4998 1402 5067 ἀνενεγκόντες
1436 5002 1497 5056 τὸ
1524 5006 1715 5060 ἀνάθε-

159 5094 229 5144 μα
253 5080 338 5130 ἐπ“
371 5081 528 5144 αὐτὸ,
563 5080 652 5134 διὰ
685 5083 782 5152 τῆς
810 5085 918 5137 τῶν
972 5087 1344 5158 ἀντεχομένων
1394 5093 1487 5146 τοῦ
1538 5095 1706 5164 νόμου

157 5167 314 5219 αὐτοῦ
349 5171 812 5241 ἀναθεματίσεως.
849 5176 909 5229 Et
938 5177 992 5229 δέ
1023 5181 1178 5232 τοῦτο
1203 5179 1262 5233 οὒ
1284 5222 1298 5245 ,
1334 5184 1495 5252 ἡμεῖς
1528 5185 1588 5238 τὸ
1603 5185 1713 5238 λοι-

159 5257 254 5310 πὸν
279 5261 555 5331 εὐχόμεθα
586 5263 737 5331 ὐμῶν
777 5265 883 5317 τῶν
912 5269 1226 5338 προσευχῶν
1259 5271 1319 5322 τὸ
1343 5272 1549 5338 σθένος,
1604 5277 1713 5330 τῶν

158 5343 252 5413 τῆς
281 5347 504 5419 ἀγάπης
541 5350 755 5420 θεσμῶν
795 5354 853 5406 τὸ
886 5355 1072 5425 κῦρος,
1118 5358 1226 5411 τῶν
1254 5361 1603 5432 ἀντιγράφων
1657 5368 1716 5420 τὸ

159 5439 386 5506 κράτος·
448 5442 476 5494 ὃ
513 5442 730 5508 πάντως
765 5447 1202 5522 παρακληθείητε
1246 5454 1490 5522 ποιῆσαι,
1531 5473 1712 5528 παρα-

164 5529 488 5602 μυθούμενοι
536 5535 663 5598 τοὺς
709 5535 1058 5608 ὀλιγοψύχους
1137 5543 1228 5595 καὶ
1285 5544 1715 5617 ἐπιρῤωννύντες

232 5732 271 5760 ιι
301 5731 494 5802 Philip.
518 5749 553 5799 ι,
582 5735 675 5787 29.

1823 4564 1986 4622 runt;
2033 4565 2345 4610 sanctorum
2397 4555 2452 4609 in
2486 4556 2576 4609 illo
2632 4570 2829 4608 nomen
2876 4555 3068 4608 dantes
3113 4553 3379 4623 iniustis;

1822 4646 2073 4715 quoniam
2100 4656 2408 4702 sanctorum
2432 4647 2613 4701 nullus
2636 4654 2840 4715 partem
2869 4644 3051 4714 posuit
3080 4661 3201 4699 cum
3227 4647 3381 4699 adul-

1823 4743 1976 4789 tero:
2013 4736 2210 4789 nedum
2251 4744 2304 4789 et
2336 4735 2612 4789 adulteros
2643 4735 2943 4799 coronavit,
2975 4745 3028 4789 et
3086 4734 3266 4789 divina
3303 4738 3381 4791 eis

1821 4827 1964 4882 dona
2013 4825 2272 4892 tradidit;
2303 4826 2520 4897 quando
2576 4841 2678 4881 nec
2707 4834 2852 4882 tecto
2912 4826 3160 4897 autigni,
3190 4843 3379 4896 quam-

1819 4920 1901 4973 vis
1928 4932 2076 4988 reges
2125 4927 2325 4982 essent,
2384 4919 2770 4986 impertiendos
2834 4920 3153 4974 docuerunt.
3241 4918 3377 4984 Quid

1815 5017 1992 5064 autem
2023 5010 2164 5078 quod
2240 5009 2404 5062 Deum
2462 5010 2636 5077 ipsum
2689 5009 3015 5063 contumelia
3075 5009 3380 5062 affecerunt

1815 5102 2112 5156 coronariis
2147 5101 2250 5156 illis
2279 5100 2566 5171 mysteriis,
2605 5102 2966 5156 etanathema
2994 5101 3044 5154 in
3080 5116 3201 5154 eum
3227 5102 3378 5154 dixe-

1816 5200 1960 5256 runt,
2013 5206 2106 5245 eos
2152 5191 2242 5260 qui
2298 5190 2470 5261 legem
2503 5191 2621 5260 ejus
2672 5191 3121 5261 propugnabant,
3153 5192 3380 5244 anathe-

1816 5281 2135 5336 matizantes
2164 5283 2186 5335 ?
2219 5281 2372 5347 Quod
2416 5282 2461 5335 si
2504 5282 2615 5337 haec
2664 5298 2770 5336 non
2808 5282 2958 5347 (iant,
3021 5282 3256 5352 petimus
3311 5284 3378 5335 de

1819 5381 2015 5426 caetero
2033 5387 2250 5440 precum
2285 5384 2584 5427 vestrarum
2626 5374 2790 5428 robur
2814 5414 2828 5440 ,
2859 5373 3139 5429 charitatis
3177 5373 3375 5427 vinculi

1821 5464 2303 5531 confirmationem,
2336 5468 2718 5537 rescriptorum
2785 5466 3156 5521 auctoritatem
3187 5484 3200 5519 :
3232 5465 3375 5533 quod

1821 5553 2042 5607 omnino
2087 5562 2341 5624 praestare
2373 5555 2688 5626 dignemini.
2721 5555 3051 5611 consolando
3095 5552 3377 5626 pusillani-
