4008 6318
604 323 734 392 1031

1781 332 1841 395 S.
1865 332 2259 395 THEODORI
2291 335 2638 398 ΞΤυῡΙΤιΕ

3723 333 3860 397 1032

601 453 739 501 mes,
815 437 1112 493 imbecilles
1183 437 1610 504 corroborando,
1692 442 2018 498 sanctissimi
2115 452 2170 498 et

2277 444 2396 507 τοὺς
2426 445 2739 513 ἀνάλκιδας,
2797 447 3088 517 ἁγιώτατοι
3131 445 3288 518 ἡμῶν
3327 447 3420 500 καὶ
3477 445 3712 516 ποθητοὶ
3767 465 3839 500 κα

597 527 984 584 desiderabiles
1016 536 1074 582 et
1115 542 1333 600 semper
1377 531 1672 586 venerandi
1735 531 1922 588 Patres
1973 533 2168 587 nostri.

688 662 928 721 XXXVI.
953 693 1018 704 —
1047 664 1382 735 Euprepiano
1413 679 1461 723 et
1495 669 1560 724 iis
1589 670 1678 740 qui
1703 687 1822 724 cum
1846 685 1904 724 eo
1934 679 2075 724 sunt.

2280 536 2629 590 ἀεισέϐαστοι
2657 539 2920 610 Πατέρες.

2284 673 2424 740 Λςν.
2439 677 2916 744 -Εὺπρεπιανῴ
2935 675 3176 743 καὶτοῖς
3198 674 3321 730 σὺν
3344 674 3522 741 αὐτῷ.
3562 673 3736 748 Ῐπη⁶.]

987 779 1252 830 Conﬁrmat
1274 780 1508 829 adversus
1531 778 1796 830 hereticos
1819 801 1830 829 :
1855 793 2064 843 quorum
2093 779 2284 832 facinus
2304 783 2510 846 impium
2531 785 2784 836 describit.
2814 786 3012 850 (Baron.
3041 800 3101 836 au
3144 787 3258 849 809,
3281 801 3330 835 ιι.
3357 787 3436 835 28.

667 880 969 937 Plurimum
1005 884 1240 950 conﬁdo,
1286 885 1468 940 dilecti
1525 886 1642 948 lilii,
1705 902 1803 941 vos
1829 887 1992 942 vitam
2024 903 2182 961 agere

601 975 940 1044 tranquillam
967 979 1336 1032 etsecundum
1372 978 1539 1032 Deum
1570 979 1950 1048 compositam.
1985 978 2174 1044 Quare

2352 890 2579 954 Εὕελπίς
2612 893 2747 961 εἶμι,
2784 891 2948 945 τέκνα
2998 891 3354 963 ἠγαπημένα,
3391 890 3649 959 περὶτῆς
3701 892 3830 961 εξρη

2278 981 2433 1046 ναίας
2461 983 2555 1036 καὶ
2583 982 2872 1036 θεοτάκτου
2911 982 3190 1052 διαγωγῆς
3228 982 3402 1050 ὑμῶν.
3460 981 3552 1033 Διὸ
3590 980 3862 1049 μετελεύο

601 1068 742 1121 adid
781 1069 923 1136 quod
970 1079 1125 1139 urget
1149 1085 1457 1125 sermonem
1493 1080 1833 1126 convertam.
1892 1071 2176 1139 Quidnam

2278 1088 2442 1142 σομαι
2472 1072 2564 1125 τὸν
2610 1072 2766 1140 λόγον
2793 1072 2889 1126 ἐπὶ
2940 1073 3000 1126 τὸ
3035 1075 3379 1140 κατεπεῖγον.
3434 1071 3498 1123 Ti
3540 1072 3600 1124 δὲ
3654 1071 3859 1134 τοῦτο;

603 1155 747 1210 istud
775 1166 958 1211 autem
986 1158 1128 1214 ?Ubi
1157 1175 1322 1228 prava
1347 1160 1562 1215 illorum
1599 1162 1848 1233 dogmata
1904 1163 2175 1233 patefece-

601 1247 794 1310 rimus,
847 1257 1134 1304 et-causas
1161 1251 1586 1317 ostenderimus,
1639 1262 1862 1322 propter
1909 1269 2044 1323 quas
2071 1267 2170 1308 nos

601 1355 724 1393 cum
759 1339 878 1393 aliis
899 1342 1246 1397 anathemate
1281 1344 1645 1412 contixerunt,
1697 1355 1811 1400 tum
1849 1348 2009 1417 plane
2033 1363 2170 1403 con-

600 1431 764 1486 stabit
793 1446 886 1485 eos
914 1446 1024 1486 non
1051 1435 1326 1503 simplices
1349 1443 1557 1490 tantum
1597 1437 1876 1493 hzereticos
1897 1453 2037 1506 esse,
2073 1439 2168 1494 sed

602 1537 632 1576 ιι
675 1523 764 1576 Dei
807 1523 1097 1596 Evangelio
1154 1535 1452 1596 apostalas,
1499 1538 1554 1584 et
1610 1531 2168 1586 excommunicatores

602 1624 936 1690 sanctorum,
964 1626 1018 1670 et
1038 1632 1307 1673 canonum
1334 1633 1636 1676 eversores.
1673 1620 1914 1676 Primum
1947 1622 2167 1692 quidem

599 1709 742 1778 quod
780 1719 834 1764 et
860 1707 1041 1764 Veteri
1083 1720 1138 1764 et
1164 1709 1314 1767 Novo
1355 1714 1728 1768 adversentur.
1778 1715 1898 1769 Non
1942 1717 2169 1770 moecha-

602 1799 904 1864 beris",ait
929 1802 1012 1856 lex
1049 1819 1063 1857 :
1096 1801 1219 1856 Non
1239 1821 1471 1858 assumes
1503 1822 1688 1859 nomen
1709 1806 1802 1860 Dei
1818 1807 1871 1860 in
1892 1807 2166 1862 vanum".

607 1889 719 1945 Una
770 1891 853 1945 lex
911 1903 1018 1947 esto
1072 1893 1260 1948 Iudaeo
1309 1905 1356 1949 et
1406 1897 1757 1966 proselyto“.
1813 1898 2167 1968 Evangelium

603 1979 799 2036 deinde
833 1982 946 2038 sive
1006 1982 1288 2039 Christus:
1329 1987 1589 2049 Audistis,
1639 1986 1838 2055 inquit,
1879 1987 2004 2056 quia
2059 1987 2171 2039 dic-

607 2080 717 2126 tum
745 2083 820 2127 est
845 2076 1115 2147 antiquis:
1147 2075 1266 2130 Non
1294 2078 1648 2132 ntwcltaberis.
1696 2078 1806 2148 Ego
1850 2088 2026 2132 autem
2058 2080 2172 2132 dico

598 2165 738 2220 uobis
753 2183 844 2220 nec
858 2171 1088 2235 aspicere
1108 2168 1381 2223 mulierem
1402 2171 1470 2223 ad
1485 2170 1947 2237 concupiscendum
1969 2187 2082 2223 eam
2102 2171 2170 2235 ³⁵,

605 2254 672 2309 Et
714 2273 728 2310 :
783 2253 884 2321 Qui
914 2257 1123 2312 soluerit
1160 2276 1320 2313 unum
1369 2262 1432 2314 de
1477 2261 1740 2314 mandatis
1775 2261 1886 2314 istis
1920 2261 2171 2322 minimis,

603 2348 688 2401 hic
740 2351 985 2403 minimus
1035 2353 1306 2406 vocabitur
1377 2355 1433 2406 in
1478 2370 1636 2423 regno
1673 2355 1918 2408 calorum
1946 2355 2033 2418 ²⁶;
2070 2355 2174 2408 hoc

602 2447 709 2502 est,
741 2439 794 2492 in
833 2439 1011 2510 ignem
1037 2480 1052 2505 ,
1087 2451 1148 2495 ut
1200 2445 1630 2512 interpretantur
1666 2443 1877 2509 Patres,
1912 2445 2172 2510 conjicie-

602 2535 712 2584 tur.
755 2528 822 2583 Hi
876 2545 1023 2592 vero,
1067 2545 1099 2584 ο
1125 2547 1236 2585 rem
1261 2534 1446 2587 auditu
1472 2535 1784 2589 horribilem
1817 2535 2176 2589 ladulterium

603 2635 634 2675 ιι
663 2619 780 2689 lege
798 2631 852 2675 et
876 2622 1048 2694 gratia
1081 2623 1300 2677 vetitum
1329 2626 1411 2678 vel
1435 2625 1549 2694 ipso
1600 2626 1880 2680 oculorum
1910 2625 2177 2680 desiderio

607 2729 788 2782 tenus,
841 2720 1433 2789 transgressionemque
1479 2720 1715 2776 mandati
1786 2735 1895 2774 non
1966 2719 2174 2774 minimi

602 2807 744 2874 dico,
771 2808 864 2863 sed
899 2810 1152 2873 maximi,
1189 2819 1242 2864 et
1275 2812 1417 2880 quod
1474 2814 1708 2882 primum
1731 2811 1934 2866 servari
1977 2811 2173 2878 debet;

602 2901 670 2954 ad
697 2900 830 2966 haec,
882 2901 1120 2955 nominis
1148 2900 1262 2968 Dei,
1297 2917 1407 2958 non
1443 2904 1499 2958 in
1537 2918 1694 2965 vano,
1727 2903 1820 2957 sed
1851 2903 1904 2957 in
1943 2918 1999 2957 re
2038 2902 2175 2956 adeo
2201 2942 2245 2998 ο

605 2991 786 3046 illicita
814 3003 866 3047 et
892 2991 1119 3057 nefaria,
1164 2993 1222 3048 in
1255 2994 1622 3049 adulterorum
1676 2993 1884 3048 scilicet
1910 2995 2174 3063 conjunc—

606 3083 774 3146 tione,
829 3082 1261 3153 usurpationem,
1289 3083 1602 3153 Christique
1641 3085 2022 3153 mysteriorum
2074 3083 2176 3136 im-

605 3175 983 3242 mutationem,
1055 3185 1110 3230 et
1165 3176 1440 3233 inimicam
1504 3177 1613 3232 Deo
1648 3177 2054 3232 coronationem
2112 3175 2180 3229 ab

603 3267 850 3322 adulterii
887 3278 1107 3323 auctore
1157 3269 1372 3324 diabolo
1425 3269 1651 3339 ejusque
1689 3267 1939 3322 ministro
1960 3266 2175 3328 factam,

605 3356 696 3412 Dei
740 3358 1194 3427 dispensationem
1231 3359 1586 3429 appellarunt,
1615 3374 1842 3428 eamque
1862 3357 2177 3413 laudabilem

602 3457 659 3505 et
685 3450 944 3506 Ecclesia:
972 3453 1287 3508 salutarem.

671 3694 1002 3750 Obturemus
1045 3709 1242 3759 aures,
1291 3709 1358 3746 ne
1405 3693 1742 3763 blasphemia
1796 3694 2173 3761 tabescamus,

605 3785 815 3841 fratres.
851 3787 1023 3855 Atque
1051 3787 1151 3841 hac
1184 3786 1504 3840 defensione
1534 3796 1764 3840 utuntur
1785 3827 1799 3850 ,
1835 3787 2176 3858 evangeliea-

604 3894 720 3932 rutn
752 3879 928 3948 legum
964 3878 1251 3942 rationem,
1272 3893 1394 3930 cum
1419 3878 1486 3931 de
1511 3878 1726 3947 regibus
1753 3877 1946 3945 agitur,
1969 3878 2171 3942 haberi,

605 3980 662 4025 ut
689 3971 874 4034 aiunt,
916 3986 1022 4024 non
1053 3970 1271 4024 debere.
1308 3968 1382 4022 En
1424 3969 1524 4022 alia
1559 3970 1877 4023 Antichristi
1920 3987 2174 4039 persecu-

605 4063 700 4126 tio,
733 4072 786 4116 et
819 4062 1038 4115 ubinam
1075 4061 1200 4115 illud
1231 4079 1242 4113 :
1275 4059 1473 4114 Eadem
1499 4060 1581 4113 lea:
1605 4062 1701 4114 erit
1733 4062 1814 4114 ’7?
1856 4063 1921 4116 Et
1961 4064 2052 4115 ubi
2082 4061 2177 4115 Ju-

604 4156 800 4208 dicium
848 4155 1185 4207 durissimum
1221 4155 1301 4206 his
1338 4155 1426 4222 qui
1460 4165 1691 4222 pra’sunt
1714 4153 1801 4206 ⁸⁸2
1829 4163 1884 4208 et
1913 4155 2002 4209 ubi
2036 4155 2175 4208 Deus

2277 1161 2444 1215 Ὅταν
2499 1163 2936 1234 ἀνακαλύψωμεν
2990 1163 3059 1217 τά
3116 1163 3327 1231 πονηρά
3362 1162 3542 1215 αὐτῶν
3575 1162 3857 1230 δόγματα.

2266 1252 2367 1306 καὶ
2401 1251 2769 1323 ὑποδείξωμεν
2795 1253 2894 1317 τὰς
2921 1253 3100 1316 alsia;
3129 1253 3199 1306 δι’
3229 1253 3296 1316 ἃς
3333 1253 3480 1322 ἡμᾶς
3516 1252 3860 1321 ἀνεθεμάτι-

2277 1360 2376 1396 σαν
2409 1344 2546 1413 μετὰ
2577 1344 2684 1397 τῶν
2709 1342 2902 1409 ἄλλων,
2932 1344 3279 1397 παντάπασιν
3303 1343 3727 1396 ἀποδείκνυνται
3758 1345 3858 1411 οὐχ

2273 1436 2536 1506 αίρετικοὶ
2567 1435 2712 1505 ψιλοί
2747 1453 2886 1499 πως,
2911 1436 3024 1489 ἀλλ’
3058 1436 3362 1489 ἀποστάται
3394 1433 3488 1486 τοῦ
3513 1433 3857 1501 Εὐαγγελίου

2272 1527 2366 1581 τοῦ
2397 1526 2554 1592 Θεοῦ,
2611 1527 2721 1581 τῶν
2759 1545 2816 1580 τε
2867 1527 3038 1596 ἀγίων
3081 1527 3534 1598 ἀναθεματισταὶ,
3600 1528 3700 1579 καὶ
3744 1525 3857 1578 τῶν

2207 1607 2246 1660 Β
2276 1619 2518 1672 κανόνων
2555 1619 2870 1672 καταλυταί.
2925 1619 2998 1670 Τὸ
3043 1619 3291 1688 πρῶτον,
3329 1617 3853 1686 ἀντικαθιστάμενοι

2274 1712 2518 1775 Halani;
2583 1712 2676 1766 καὶ
2739 1711 2900 1773 Νέας.
2959 1708 3055 1778 Μὴ
3116 1709 3503 1778 μοιχεύσεις,
3564 1710 3594 1761 6
3639 1709 3852 1778 νόμοςο

2271 1798 2366 1868 Μὴ
2416 1799 2588 1868 λήψῃ
2632 1800 2697 1854 τὸ
2746 1800 2934 1868 ὄνομα
2965 1799 3072 1852 τοῦ
3119 1799 3268 1853 θεοῦ
3329 1798 3426 1851 ἐπὶ
3466 1799 3721 1865 ματαίῳ.
3753 1792 3855 1863 Εἷς

2270 1897 2454 1961 νόμος
2507 1893 2662 1946 ἔστω
2703 1890 2784 1956 τῷ
2850 1889 3118 1955 Ἰουδαίῳ
3172 1889 3270 1942 καὶ
3331 1887 3409 1953 τῷ
3454 1890 3851 1955 προσηλύτφ.

2270 1983 2436 2046 Αὖθις
2462 1985 2520 2036 τὸ
2553 1986 2900 2054 Εὐαγγέλιον,
2935 1985 3057 2055 ἡτοι
3113 1985 3142 2036 6
3197 1980 3455 2052 Χριστός,
3485 1981 3852 2043 Ἠκούσατε,

2272 2077 2456 2147 φησιν,
2504 2076 2594 2129 ὅτι
2652 2076 2870 2145 semion
2938 2074 3062 2142 τοῖς
3114 2073 3426 2142 ἀρχαίοιςθ
3481 2074 3564 2125 Οὐ
3601 2071 3853 2140 μοιχεύ-

2271 2183 2438 2234 σεις·
2474 2167 2588 2236 ἐγὼ
2638 2167 2706 2220 δὲ
2766 2167 2919 2235 λέγω
2978 2166 3151 2235 ῠμῖνο
3183 2163 3338 2233 μηδὲ
3396 2162 3697 2232 ἐμϐλέψαι
3748 2181 3852 2231 γυ-

2271 2258 2450 2312 ναῖκα
2481 2256 2627 2326 πρὸς
2653 2256 2719 2309 τὸ
2749 2255 3114 2324 ἐπιθυμῆσαι
3161 2253 3372 2319 αὑτήν.
3418 2253 3547 2315 Kal,
3593 2252 3656 2304 '0
3688 2253 3856 2305 λύων

2269 2350 2415 2418 μίαν
2445 2347 2562 2402 τῶν
2590 2346 2854 2401 ἐντολῶν
2870 2347 3094 2399 τούτων
3124 2344 3242 2398 τῶν
3271 2345 3637 2411 ἐλαχίστων,
3671 2339 3855 2407 οὗτος

2273 2439 2592 2509 ἐλάχιστος
2615 2438 2979 2505 κληθήσεται
2998 2436 3068 2489 ἐν
3101 2434 3174 2502 τῇ
3195 2436 3484 2499 ,βασιλείᾳ
3518 2433 3637 2486 τῶν
3677 2435 3855 2500 cupa:

2273 2531 2422 2586 νῶν·
2449 2534 2616 2603 ἡγουν
2645 2535 2724 2594 είς
2750 2532 2810 2584 τὸ
2843 2529 2970 2600 πῦρ,
2997 2530 3072 2591 ὡς
3093 2529 3142 2580 ei
3171 2526 3408 2596 Πατέρες
3428 2525 3852 2598 ἑρμηνεύουσιν,

2277 2622 2701 2693 ἐμϐληθήσεται.
2740 2623 2804 2674 Di
2829 2621 2907 2683 δὲ,
2944 2619 2989 2674 ὣ
3039 2618 3133 2672 τοῦ
3165 2615 3398 2687 φοϐεροῦ
3457 2615 3849 2684 ἀκούσματοςι

2274 2712 2373 2784 τὴν
2405 2713 2648 2782 μοιχείαν
2674 2714 2770 2782 τὴν
2794 2714 3131 2783 ὲκκήρυκτον
3162 2710 3327 2778 νόμου
3353 2707 3447 2761 καὶ
3481 2707 3730 2776 χάριτος,
3760 2707 3854 2776 μὲ-

2275 2822 2366 2875 χρι
2404 2805 2498 2857 καὶ
2536 2802 2826 2874 ἐπιθυμίας
2857 2803 3332 2874 ὲμϐλεμματικῆς,
3366 2800 3463 2870 τήν
3493 2814 3550 2850 τε
3578 2797 3736 2850 λύσιν
3753 2796 3854 2864 τῆς

2274 2895 2373 2948 οὐκ
2408 2891 2717 2962 ἐλαχίστης,
2750 2891 2884 2945 ἀλλά
2906 2891 3125 2963 πρώτης
3161 2892 3335 2944 εἰπεῖν
3355 2891 3412 2941 ὲν
3443 2887 3518 2958 τῷ
3556 2887 3853 2958 πρακτικῷ

2281 2984 2373 3038 καὶ
2399 2983 2661 3053 μεγίστης
2682 2980 2901 3050 ἐντολῆς
2918 2997 2931 3010 ·
2963 2981 3058 3033 καὶ
3088 2980 3221 3050 πρὸς
3245 2978 3476 3044 τούτοις,
3510 2977 3610 3047 τὴν
3635 2976 3733 3028 οὐκ
3759 2975 3852 3027 ἐπὶ

2282 3078 2494 3150 ματαίῳ
2527 3075 2689 3146 λῆψιν
2712 3073 2806 3128 τοῦ
2834 3073 3094 3143 ὀνόματος
3122 3071 3216 3125 τοῦ
3246 3069 3403 3138 Θεοῦ,
3436 3069 3550 3122 ἀλλ’
3587 3070 3680 3121 ἐπὶ
3722 3065 3850 3120 ἀθε-

2282 3171 2421 3242 μίτῳ
2449 3169 2752 3242 τηλικὰυτῃ
2782 3165 2979 3232 πράξει
3030 3169 3258 3236 πονηρᾷ,
3294 3165 3436 3229 λέγω
3477 3163 3540 3234 δὴ
3568 3163 3853 3232 μοιχοζευ-

2282 3263 2390 3332 Eia,
2417 3262 2574 3331 λῆψιν
2613 3260 2706 3314 τοῦ
2745 3260 3006 3329 ὀνόματος
3057 3256 3149 3309 τοῦ
3179 3256 3335 3320 Θεοῦ,
3389 3255 3481 3308 καὶ
3543 3251 3850 3323 μετάληψιν

2278 3353 2384 3408 τῶν
2421 3351 2737 3424 μυστηρίων
2778 3347 3038 3420 Χριστοῦ,
3101 3348 3193 3400 καὶ
3223 3345 3550 3414 στεφανικὴν
3589 3343 3684 3396 τοῦ
3726 3361 3847 3414 μοι·

2277 3443 2510 3515 χουργοῦ
2550 3443 2799 3495 διαϐόλου
2831 3442 2926 3500 καὶ
2969 3439 3240 3510 ὑπηρέτου
3295 3435 3460 3488 αὑτοῦ
3520 3436 3844 3505 θεομαχίαν.

2279 3534 2584 3603 οἰκονομίαν
2606 3533 2740 3586 Θεοῦ
2775 3533 3243 3605 προσηγόρευσαν,
3277 3529 3492 3599 ἀγαθήν
3529 3544 3589 3579 τε
3617 3528 3714 3580 καὶ
3748 3543 3850 3579 σω-

2276 3625 2468 3695 τήριον
2493 3627 2560 3695 τῇ
2609 3623 2930 3693 Ἐκκλησία.

2348 3713 2609 3783 Βύσωμεν
2652 3712 2717 3764 τὰ
2771 3706 2906 3772 ὦτα,
2947 3712 3019 3781 μή
3063 3725 3190 3762 ποτε
3224 3707 3481 3777 τακῶμεν
3508 3708 3573 3777 τῇ
3609 3705 3849 3776 βλιισιρη⁴

2280 3807 2398 3878 μία,
2446 3801 2490 3860 ὦ
2527 3804 2767 3874 ἀδελφοί.
2801 3805 2909 3857 Kal
2960 3804 3019 3856 τὸ
3052 3802 3326 3870 δικαίωμα
3364 3801 3566 3863 αὐτοῖς,
3618 3800 3712 3852 ἐπὶ
3743 3800 3848 3853 τῶν

2279 3898 2536 3967 βασιλέοιν
2558 3936 2571 3960 ,
2629 3897 2784 3967 φησὶ,
2818 3898 3016 3965 χρῆναι
3060 3891 3434 3963 παραϐλέπειν
3463 3891 3591 3952 τοὺς
3619 3892 3848 3958 εὐαγγε-

2277 3989 2461 4049 λικοῦς
2477 3987 2691 4056 νόμους.
2715 3987 2819 4039 Ἴδε
2835 3985 2966 4055 ἀλλη
2987 3982 3362 4055 ἀντιχριστικὴ
3388 3982 3713 4052 προδρομία.
3741 3983 3847 4035 Kal

2277 4079 2380 4131 ποῦ
2410 4080 2493 4144 τὸ,
2537 4076 2642 4144 Εἷς
2686 4080 2867 4145 νόμος
2889 4077 3057 4129 ἔσται
3082 4117 3096 4139 ,
3118 4077 3229 4129 Kal
3250 4075 3352 4126 ποῦ
3379 4076 3676 4142 τὸ,Κρίσις
3703 4074 3848 4127 ἀπό·

2281 4189 2459 4240 τομος
2486 4171 2556 4224 ἐν
2585 4170 2709 4236 τοῖς
2761 4169 3166 4237 ὺπερὲχουσι;
3214 4168 3324 4220 Καὶ
3377 4167 3478 4218 ποῦ
3523 4166 3605 4231 τὸ,
3653 4167 3846 4234 Πρόσ-

605 4261 881 4314 personam
915 4245 1138 4298 hominis
1177 4261 1276 4298 non
1309 4247 1499 4314 accipit
1546 4245 1624 4297 "?
1661 4246 1728 4299 Et
1770 4247 1891 4314 quis
1933 4247 2170 4316 impera-

2277 4277 2438 4313 ωπον
2453 4260 2765 4327 ἀνθρώπου
2794 4259 2937 4322 Θεὸς
2953 4259 3023 4311 οὺ
3041 4255 3362 4326 λαμϐάνει;
3397 4255 3504 4308 Kal
3523 4255 3606 4318 τίς
3630 4257 3659 4308 6
3688 4271 3846 4324 νομο-

609 4336 740 4390 toris
765 4334 1073 4406 legislator?
1099 4334 1163 4388 Et
1186 4334 1441 4404 quoniam
1467 4345 1526 4388 ut
1551 4335 1824 4404 princeps,
1857 4336 1934 4391 sic
1960 4350 2015 4390 et
2045 4338 2178 4392 sub-

606 4428 790 4494 ditus;
839 4428 1180 4482 subditorum
1229 4443 1444 4496 quoque
1489 4443 1598 4480 non
1638 4437 1801 4481 erunt
1844 4429 2177 4500 Evangelica:

606 4521 771 4592 leges.
797 4520 930 4574 Nam
958 4522 1002 4573 si
1030 4519 1195 4585 illius,
1223 4528 1279 4573 et
1297 4519 1523 4575 istorum
1551 4535 1768 4589 quoque
1796 4540 1808 4574 :
1836 4529 1894 4573 ut
1919 4530 2177 4592 tanquam

607 4613 710 4665 suh
741 4627 844 4664 una
899 4611 1014 4680 lege
1053 4626 1115 4664 ac
1161 4610 1466 4682 legislatore
1505 4611 1699 4679 positi,
1733 4612 2180 4682 obtemperantes

605 4713 662 4759 et
708 4704 826 4758 sine
875 4703 1108 4757 tumultu
1164 4712 1438 4757 maneant.
1469 4702 1624 4769 Quod
1673 4704 1716 4757 si
1766 4704 1860 4759 ille
1907 4707 2009 4762 sub
2062 4707 2182 4778 lege

607 4811 716 4848 non
748 4795 819 4849 sit
850 4795 1065 4864 quando
1107 4796 1221 4848 vult
1247 4836 1261 4857 ,
1299 4796 1428 4849 velit
1467 4804 1648 4848 autem
1701 4794 1929 4851 fortasse
1972 4798 2180 4852 nullam

606 4901 858 4951 servare;
907 4886 991 4940 isti
1041 4902 1167 4940 vero
1201 4887 1558 4943 nihilominus
1587 4888 1695 4942 sint
1745 4891 1845 4945 sub
1895 4891 2058 4959 lege:
2113 4892 2186 4946 al-

607 4985 780 5032 terum
827 4994 857 5032 e
903 4977 1113 5032 duobus
1176 4978 1324 5048 sequi
1358 4995 1579 5033 necesse
1610 4989 1710 5045 est,
1738 4991 1832 5034 aut
1886 4983 2184 5051 imperato-

610 5086 724 5124 rem
770 5069 935 5124 Demn
991 5086 1148 5135 esse;
1202 5071 1349 5124 solus
1397 5071 1662 5140 siquidem
1722 5073 1866 5126 Deus
1913 5075 2014 5127 sub
2065 5076 2184 5145 lege

609 5177 719 5214 non
749 5169 868 5224 est;
905 5169 1000 5214 aut
1045 5160 1392 5215 rebellionem
1452 5162 1683 5217 existere
1731 5174 1786 5217 et
1837 5166 2181 5220 seditionem.

611 5251 709 5306 Ubi
746 5252 892 5306 enim
935 5252 1120 5306 eadem
1155 5253 1237 5306 lex
1282 5269 1391 5306 non
1448 5253 1662 5322 est,qui
1697 5270 1801 5323 pax
1838 5271 1958 5310 esse
1993 5259 2184 5327 queat?

612 5342 937 5412 lmperatore
988 5343 1131 5398 aliud
1187 5344 1430 5407 volente,
1481 5345 1738 5398 mmchari
1789 5348 2033 5411 scilicet,
2094 5359 2186 5403 aut

613 5431 803 5487 haeresi
832 5432 1107 5486 adhaerere
1137 5449 1149 5485 :
1187 5433 1428 5488 subditos
1449 5444 1629 5488 autem
1669 5434 2000 5506 astringente
2033 5437 2146 5507 lege
2168 5478 2182 5501 ,

613 5532 674 5579 ut
726 5539 850 5578 cum
897 5525 1142 5581 adultero
1201 5539 1308 5579 non
1385 5527 1791 5581 communicent
1839 5544 1853 5580 :
1920 5543 2021 5583 nec
2074 5530 2185 5583 hze-

614 5613 719 5667 resi
751 5630 873 5668 eum
910 5615 997 5669 illo
1023 5616 1333 5670 adhzercant
1363 5635 1373 5669 :
1408 5633 1506 5670 nec
1535 5617 1676 5670 aliud
1720 5619 2011 5688 quidquam
2062 5621 2176 5673 vio-

1329 5732 1372 5760 ²³
1423 5730 1547 5782 ibid.
1589 5747 1677 5783 νιι.
1757 5732 1797 5760 ’⁸

1383 5801 1425 5831 ’θ
1457 5800 1624 5854 Calat.
1663 5817 1696 5851 ll
1720 5842 1731 5862 ,
1765 5802 1816 5853 6.

689 5727 929 5779 "Exod.
984 5743 1069 5790 xx,
1135 5744 1253 5793 xm,

617 5809 711 5860 sn,
740 5796 824 5851 49.
900 5797 942 5828 ’³
980 5797 1102 5866 Sap.
1136 5814 1217 5856 γι,
1253 5800 1304 5853 6.

1878 5731 2047 5786 Exod.
2109 5750 2199 5799 xu,
2239 5735 2323 5792 49.

2281 4352 2439 4422 θέτης
2464 4352 2760 4421 pactum;
2801 4351 2908 4404 Kal
2963 4349 3147 4420 ἐπειδὴ
3179 4347 3319 4402 κατὰ
3367 4345 3430 4399 τὸ
3463 4345 3628 4414 ἄρχον
3655 4347 3748 4400 καὶ
3791 4347 3848 4398 τὸ

2280 4444 2598 4514 ἀρχόμενον,
2631 4441 2754 4495 οὐδὲ
2795 4442 2902 4495 τῶν
2935 4441 3254 4512 ἀρχομένων
3283 4440 3329 4492 οἱ
3361 4438 3513 4508 νόμοι
3541 4439 3590 4490 οἱ
3618 4439 3847 4506 εὐαγγε-

2279 4533 2442 4586 λικοί.
2469 4534 2531 4586 El
2557 4532 2667 4602 γὰρ
2697 4531 2924 4596 ἐκείνου,
2951 4531 3218 4584 κάκείνων
3238 4546 3250 4559 ·
3276 4530 3363 4582 ἵνα
3392 4528 3628 4599 μένωσιν
3653 4528 3728 4592 ὡς
3760 4527 3845 4594 ὑφ’

2282 4624 2363 4676 ἑνὶ
2401 4624 2722 4692 ταττόμενοι
2775 4623 2924 4692 νόμῳ
2971 4623 3063 4676 καὶ
3101 4621 3382 4691 νομοθέτῃ,
3429 4619 3702 4681 εὐπειθεῖς
3756 4619 3846 4671 καὶ

2282 4715 2652 4768 ἀστασίαστοι.
2687 4714 2748 4766 Εἰ
2773 4712 2829 4765 δὲ
2853 4714 3061 4775 ἐκείνου
3091 4709 3175 4776 οὓ,
3203 4713 3290 4764 ὅτε
3318 4710 3568 4781 βούλεται
3596 4726 3610 4739 ·
3635 4711 3696 4763 οὺ
3725 4709 3845 4776 {306-

2282 4805 2426 4858 λοιτο
2455 4806 2510 4857 δὲ
2543 4806 2702 4875 τυχὸν
2729 4805 2917 4858 οὐδένα
2946 4805 3234 4874 φυλάττειν
3258 4819 3272 4834 ο
3313 4803 3492 4856 αὐτῶν
3517 4803 3573 4854 δὲ
3603 4803 3690 4854 ναξ
3715 4820 3727 4832 ·
3761 4801 3846 4854 δύο

2285 4895 2478 4956 ταῦτα,
2513 4896 2545 4966 ἢ
2574 4896 2703 4958 Θεός
2731 4896 2878 4948 ἐστιν
2905 4897 2932 4948 6
2969 4895 3217 4963 βασιλεύς
3237 4911 3250 4923 ·
3277 4893 3434 4964 μόνον
3469 4895 3577 4961 γὰρ
3615 4892 3675 4944 τὸ
3701 4893 3845 4944 Θείον

2284 4988 2379 5057 οὐχ
2411 4987 2515 5040 ὑπὸ
2548 4989 2710 5057 νόμον
2738 5003 2751 5017 ·
2787 4988 2819 5058 ἢ
2854 4988 3111 5057 ἀναρχία,
3142 4989 3234 5039 καὶ
3266 4986 3472 5048 στάσις.
3518 4979 3594 5038 Οὗ
3628 4984 3733 5054 γὰρ
3764 4986 3845 5035 νό-

2289 5096 2384 5148 μος
2418 5081 2492 5149 μὴ
2521 5080 2733 5142 ταυτὸς,
2767 5080 2882 5142 πῶς
2917 5081 3145 5150 εἰρήνης
3186 5079 3276 5131 τοῦ
3311 5078 3575 5148 βασιλέως
3614 5077 3740 5130 ἄλλο
3764 5077 3846 5127 Θέ-

2284 5169 2486 5234 λοντθῦ
2523 5172 2689 5239 ἤγουν
2733 5171 3026 5240 μοιχεύειν,
3057 5171 3089 5240 ἢ
3122 5168 3448 5239 αἱρετὶζειν·
3481 5170 3575 5221 καὶ
3611 5168 3718 5220 τῶν
3752 5166 3846 5218 ὑπὸ

2288 5264 2444 5332 χεῖρα
2475 5263 2548 5332 μὴ
2581 5262 2925 5316 συντίθεσθαι
2947 5263 3043 5331 τὴν
3082 5262 3295 5332 μερίδα⁸
3314 5260 3451 5330 μετά
3477 5259 3671 5328 μοιχοῦ
3695 5273 3843 5323 νομο-

2288 5354 2644 5424 Θετουμένων,
2680 5355 2812 5425 μηδὲ
2837 5354 3223 5424 συναιρετίζειν
3247 5370 3262 5384 ·
3299 5352 3422 5421 μηδ’
3445 5352 3529 5403 ὅτι
3557 5349 3655 5404 οὖν
3680 5365 3844 5417 παρα·

2289 5444 2492 5499 ϐαίνειν
2522 5446 2581 5499 τὸ
2613 5448 2718 5499 ὑπὸ
2750 5447 2985 5518 Χριστοῦ
3021 5447 3112 5499 καὶ
3138 5446 3244 5498 τῶν
3269 5445 3589 5498 ἀποστόλων
3620 5442 3841 5512 παραδε-

2286 5537 2684 5607 δομένον;Καὶ
2735 5539 2850 5601 πῶς
2901 5538 3146 5591 ἐντεῦθεν
3193 5539 3252 5590 οὐ
3308 5538 3765 5603 συναναφαίνεται
3815 5531 3840 5582 ὁ

2299 5629 2656 5699 ’Λντίχριστος
2699 5631 2786 5682 ἐπὶ
2831 5629 3018 5698 Ούραις
3064 5625 3238 5694 εἷναι;
3271 5629 3344 5680 Οὐ
3381 5628 3491 5699 γὰρ
3521 5629 3840 5697 τολμήσουσι

2452 5742 2493 5771 ³⁵
2522 5739 2706 5794 Matth.
2756 5758 2822 5808 γ,
2864 5741 2950 5806 27,
2996 5741 3083 5796 98.
3159 5741 3204 5773 “
3239 5739 3368 5794 ibid.
3431 5739 3515 5794 19.
3597 5740 3639 5771 ³⁷
3680 5737 3833 5792 Brod.
