4008 6318
176 331 322 395 1033

1399 337 1938 403 EPISTOLARUM
1965 337 2110 399 ΕΓΒ.
2151 339 2200 399 Ι.

3279 335 3416 405 1034

165 441 342 511 φάναι
365 443 414 494 οἱ
439 444 755 514 Μοιχειανοί
777 461 790 478 ο
826 446 916 516 Μὴ
959 446 1078 518 ούχὶ
1116 446 1144 500 ὃ
1175 449 1368 519 ἀνομεϊ
1404 452 1432 502 ὁ
1469 450 1737 520 βασιλεὺς,

1848 447 1959 503 lent
1988 464 2176 504 eorum
2207 461 2327 519 qua:
2351 463 2381 502 a
2409 449 2627 504 Christo
2662 457 2717 503 et
2746 449 3008 519 apostolis
3042 450 3238 507 tradita
3269 463 3416 510 sunt.

166 535 322 586 ποιεῖ
347 551 405 587 τε
436 532 531 587 καὶ
563 535 771 589 κελεύει
797 538 1044 591 ὑπείκειν
1070 539 1161 593 τὸν
1190 540 1315 594 λαόν
1339 559 1353 605 ;
1391 543 1500 596 Καὶ
1533 542 1608 596 ἴδε
1633 546 1747 597 eto-

164 622 339 694 ἦλθεν
369 626 426 678 ἐν
454 625 529 696 τῷ
554 627 698 698 λόγῳ
731 629 910 682 αὑτῶν
937 630 1154 695 πάντως
1176 633 1205 684 ό
1237 633 1619 704 ’Δντίχριστος.
1650 633 1748 688 Ba-

165 714 356 779 σιλεὺς
396 716 503 788 γάρ
533 716 607 770 ὢν
646 721 914 782 κάκεῖνος,
949 719 1109 775 τοῦτο
1150 723 1308 793 μόνον
1343 726 1685 797 ὲπιζητήσοι,
1718 725 1748 780 ὃ

164 805 314 858 θέλει
370 807 468 860 καὶ
515 807 664 876 λέγει
714 809 996 878 γίνεσθαι’
1033 813 1128 865 καὶ⁵
1173 814 1325 868 οὐδὲν
1379 815 1442 868 τὸ
1491 816 1748 888 διάφορον

163 896 310 963 πρὸς
341 897 470 961 τοὺς
501 898 607 968 πρὸ
634 899 820 964 αὐτοῦ,
857 899 889 972 ἢ
925 901 1006 966 τὸ,
1041 902 1116 974 μὴ
1141 903 1396 958 τοσοῦτον
1437 905 1611 959 θέλειν
1652 906 1748 960 καὶ

163 985 482 1055 βούλεσθαι,
507 989 641 1053 ὡσεὶ
671 993 764 1044 καὶ⁵
785 990 1064 1063 θελήσοιεν
1092 995 1184 1047 καὶ
1215 995 1360 1066 ἄρτι.
1407 997 1471 1050 Ἦ
1499 997 1635 1067 αὑτὴ
1662 997 1748 1064 ἐξ·

160 1077 325 1130 ουσία
371 1078 523 1149 παρὰ
560 1079 666 1133 τῶν
697 1082 965 1154 ἱεραρχῶν
1006 1085 1297 1149 συνοδικῶς
1339 1087 1742 1159 ὲκπεφώνηται.

162 1167 275 1219 Καὶ
299 1167 420 1230 πῶς
460 1168 659 1223 συνιών
692 1187 794 1236 τις,
820 1176 911 1225 καὶ
939 1172 1038 1226 οὑκ
1068 1173 1143 1226 ὢν
1171 1175 1408 1248 δύσερις,
1432 1178 1529 1246 οὑχ
1553 1178 1742 1249 ὁμολοο

162 1255 232 1324 γή
243 1272 393 1308 σειεν
416 1257 590 1322 οὑτως
619 1258 797 1329 ἔχεινς
827 1260 892 1312 Τί
924 1261 981 1315 δὲ
1004 1262 1208 1336 ταύτης
1232 1265 1328 1336 τῆς
1352 1265 1617 1339 αἱρέσεως
1641 1271 1748 1337 χεῖ-

164 1362 258 1397 οον
286 1345 466 1412 ἔσται,
507 1348 614 1412 ἕως
651 1350 972 1416 ἀναδείξεως
1004 1355 1175 1425 αὐτῆς
1198 1355 1292 1409 τοῦ
1333 1358 1700 1429 ’Δντιχρίστου
1727 1376 1740 1424 ;

173 1437 320 1504 Ἐγὼ
351 1437 506 1492 οὑπω
523 1440 664 1494 δοκῶ
687 1439 825 1495 εἷναι
849 1459 862 1472 ·
889 1443 1004 1497 ἀλλ’
1033 1446 1203 1518 αὑτὴν
1232 1447 1438 1518 ταύτην
1468 1452 1547 1512 είς
1573 1451 1745 1520 πέρας

161 1530 487 1602 ἀρξαμένην
520 1533 584 1584 ὲκ
627 1533 722 1587 τοῦ
756 1525 917 1606 δεῦρο
953 1537 1029 1607 τῷ
1067 1539 1189 1590 τότε
1222 1540 1398 1610 καιρῷ
1436 1541 1703 1612 ἀπολῆξαι
1725 1555 1738 1572 ⁸

160 1622 255 1674 καὶ
276 1623 394 1674 ὅσοι
422 1623 481 1676 ὲν
509 1622 677 1695 ταύτῃ
704 1625 1038 1692 ὑποπέσωσι,
1067 1628 1171 1683 κᾶν
1199 1630 1319 1683 τότε
1346 1631 1609 1703 ὑπῆρχον,
1638 1635 1742 1687 ὑπ-

160 1714 361 1768 έπεσον
391 1715 457 1768 ἄν
478 1733 491 1747 ο
525 1717 619 1770 καὶ
655 1717 838 1772 ὁπόσοι
865 1719 1092 1791 δυνάμει
1121 1721 1254 1776 Θεοῦ
1301 1724 1738 1795 ἀνταγωνιζόμε-

158 1822 236 1858 νοι
264 1807 491 1873 στῶσιν,
526 1805 636 1863 εἷεν
663 1809 730 1863 ἂν
759 1811 851 1863 καὶ
872 1814 991 1874 ταῖς
1006 1788 1253 1884 ῄήμέραις
1281 1788 1518 1879 ἐκείναις
1543 1788 1736 1871 νινκων-
1771 1788 1814 1846 Β

158 1912 247 1960 τες
282 1897 376 1952 τὸν
403 1899 771 1971 Ἀντίχριστον
792 1903 849 1956 ὲν
873 1902 1087 1974 θανάτῳ
1115 1906 1251 1975 μετὰ
1281 1908 1540 1978 Χριστοῦ.
1573 1910 1734 1975 Ἀλλ’,

155 1983 202 2036 ὦ
243 1986 348 2056 τῆς
393 1988 742 2062 ἀνθρωπίνης
783 1993 1186 2063 ταλαιπωρίαςί
1237 1995 1352 2059 πῶς
1403 1998 1737 2054 άπεντεῦθεν

157 2075 304 2129 νῶτα
335 2077 645 2150 Emped/av;
680 2081 793 2146 πῶς
816 2084 1243 2155 ὑποδεικνύομεν
1263 2086 1315 2140 τί
1339 2087 1611 2157 ἐσόμεθας
1638 2091 1737 2145 Διὰ

155 2168 317 2224 τοῦτο
345 2170 521 2241 ὀλίγοι
564 2175 610 2227 οἱ
642 2175 926 2245 μέλλοντες
966 2178 1178 2248 στῆναι.
1220 2179 1318 2233 Διά
1347 2181 1508 2235 τοῦτο
1551 2183 1736 2249 Ἠλίας

156 2261 251 2311 καὶ
296 2261 470 2334 Ἑνώχ
495 2277 509 2292 ⁶
561 2265 660 2319 οὑκ
684 2267 906 2336 οἴδαμεν
955 2270 1003 2321 εἰ
1045 2269 1136 2335 καὶ
1171 2272 1199 2322 ό
1232 2270 1490 2340 Θεολόγος
1521 2275 1613 2326 καὶ
1646 2277 1737 2327 εύη

157 2352 508 2426 αγγελιστὴς,
534 2357 740 2426 ἀρωγοὶ
777 2358 877 2428 τῆς
911 2361 1262 2433 ἀνθρωπίνης
1294 2365 1596 2431 ἀσθενείας,
1640 2369 1735 2422 κα)⁸

156 2445 562 2512 πρωτοστάται,
620 2447 711 2500 καὶ
758 2447 1048 2518 ἀθλοφόροι
1102 2452 1199 2522 τῆς
1250 2454 1389 2524 ὑπὲρ
1444 2456 1734 2526 ὁμολογίας

156 2532 398 2602 Χριστοῦ
437 2534 614 2607 νίκης.
656 2538 756 2593 Διά
800 2537 957 2594 τοῦτο
1004 2541 1470 2615 κολοϐωθήσονται
1504 2549 1561 2600 αἱ
1594 2551 1732 2619 ὴμέ-

157 2639 246 2691 ραι
282 2625 386 2698 τῆς
415 2627 662 2700 ἀνάγκης
693 2631 910 2703 ἐκείνης
940 2635 1004 2704 τῇ
1039 2634 1332 2710 ἐπιφανείᾳ
1365 2640 1602 2711 Χριστοῦ
1634 2645 1730 2696 ἀν·

155 2731 310 2786 αιρου
319 2717 514 2789 μένης.

224 2998 289 3050 Οἱ
318 2999 596 3065 συνιόντες
628 3004 813 3076 στῆτε,
855 3009 930 3080 μὴ
979 3010 1292 3082 ἀρνήσησίὴ
1340 3015 1577 3086 Χριστὸν
1620 3019 1729 3073 ἀπὸ

157 3087 246 3203 ἰού
291 3090 490 3200 δεῦρο;
523 3096 762 3203 ἀρκτικά
808 3103 916 3172 γὰρ
968 3102 1034 3156 τά
1072 3106 1313 3176 παρόντα
1351 3108 1460 3162 τῶν
1484 3111 1627 3165 τότε.
1656 3113 1728 3166 Τὸ
1754 3143 1797 3203 c

157 3177 404 3251 δεύτερον
434 3184 495 3235 οὑ
527 3186 724 3257 πολλῆς
751 3189 923 3244 δεῖται
955 3193 1273 3262 σαφηνείας,
1304 3197 1368 3250 ὲκ
1407 3199 1502 3252 τοῦ
1531 3202 1726 3271 προτέ-

160 3286 250 3339 ρου
292 3273 740 3348 ὲπιδηλούμενον.
799 3281 1320 3353 ’Λναθεματίσαντες
1356 3286 1450 3342 οὖν
1482 3293 1607 3356 τοὺς
1654 3293 1728 3364 μὴ

156 3361 479 3435 δεχομένους
507 3369 605 3441 τὴν
633 3373 1011 3444 μοιχοζευξίαν
1054 3378 1148 3432 καὶ
1197 3379 1295 3450 τὴν
1343 3382 1586 3451 μοιχείαν
1633 3361 1726 3437 τού

160 3453 440 3524 βασιλέως,
474 3463 568 3515 καὶ
590 3463 690 3534 τὴν
721 3463 814 3518 τοῦ
843 3467 1042 3532 παντὸς
1066 3470 1383 3539 εὑρεθέντος
1418 3474 1510 3526 καὶ
1545 3475 1602 3526 ἐν
1627 3476 1728 3529 αὑ-

156 3549 221 3619 τῇ
249 3550 346 3620 τὴν
377 3553 573 3623 μερίδα
606 3555 834 3625 θεμένου
870 3561 1237 3630 παρανομίαν,
1278 3565 1354 3626 ὡς
1381 3564 1541 3632 ἀγίαν
1584 3568 1729 3621 οίκοο

158 3641 348 3708 νομίαν
371 3659 385 3674 ο
433 3644 486 3696 τί
520 3645 647 3699 ἄλλο
678 3646 710 3716 ἢ
753 3649 878 3711 τοὺς
921 3650 1129 3718 ἁγίους,
1161 3654 1255 3706 καὶ
1285 3655 1501 3726 πρῶτόν
1539 3675 1604 3727 γε
1639 3659 1730 3713 τὸν

159 3729 469 3804 Πρόδρομον
498 3736 998 3806 ἀναθεματίκασιν;
1049 3743 1249 3814 ἀληθὲς
1294 3749 1486 3810 εἰπεῖν,
1537 3751 1585 3802 εί
1635 3751 1731 3804 καὶ

160 3821 404 3893 φοϐερὸν,
455 3825 550 3878 καὶ
587 3826 750 3881 αὑτὸν
798 3828 892 3882 τὸν
934 3831 1043 3884 τῶν
1074 3834 1249 3902 ἁγίων
1284 3837 1594 3907 Δεσπότην;
1635 3842 1730 3904 Ὃς

158 3911 262 3981 γὰρ
307 3915 482 3968 ταῦτα
529 3916 928 3987 ἀπηγόρευσεν,
972 3924 1032 3976 οὑ
1076 3925 1310 3994 δέχεται.
1361 3928 1480 3980 οὐδὲ
1521 3929 1732 3986 εὐδοκεῖ

156 3999 412 4071 δηλονότι,
435 4005 569 4058 ἀλλά
588 4006 710 4063 λίαν
737 4009 1030 4082 ἠπείλησεν
1055 4014 1428 4085 ἀπαραίτητον
1454 4017 1512 4070 τὸ
1536 4023 1729 4092 κρῖμα,

161 4092 332 4146 καὶτὸ
365 4096 526 4166 μόνον
555 4097 692 4166 μετὰ
724 4100 914 4170 μοιχοῦ
941 4103 1036 4173 τὴν
1072 4106 1263 4175 μερίδα
1290 4105 1483 4173 θεῖναι,
1514 4111 1575 4164 ού
1607 4112 1730 4165 τοῦ·

157 4181 229 4246 δε,
259 4185 290 4256 ἧ
319 4187 499 4253 τοῦδε,
539 4190 676 4244 ἀλλά
715 4194 915 4257 παντὸς
954 4196 1280 4266 οὑτινοσοῦν,
1314 4201 1598 4270 βασιλέως,
1639 4205 1730 4258 δυ-

159 4274 370 4346 νάστου,
409 4281 607 4352 μικροῦ
656 4285 749 4336 καὶ
795 4286 1051 4354 μεγάλου.
1088 4286 1179 4352 Εἷς
1207 4292 1316 4363 γὰρ
1349 4294 1511 4362 νόμος
1552 4295 1726 4362 ἔσται,

159 4369 306 4437 φησὶ,
341 4373 437 4425 καὶ
483 4373 540 4425 ἓν
586 4375 912 4443 Εὑαγγέλιον
956 4382 1374 4452 παρελάϐομεν
1432 4385 1528 4439 καὶ
1569 4385 1628 4450 ὃς
1664 4390 1728 4441 ὲκ

158 4459 303 4515 τοῦδε
346 4465 442 4520 τοῦ
478 4469 811 4537 Εὑαγγελίου
850 4472 952 4526 κᾶν
1002 4475 1063 4528 τὸ
1091 4475 1251 4545 τυχὸν
1296 4480 1722 4547 παρασαλεύσοι,
1757 4499 1801 4554 ι)

160 4551 257 4605 κᾶν
293 4555 528 4628 ἄγγελος
565 4561 623 4627 ἐξ
656 4561 911 4633 ούρανοῦ,
943 4567 1103 4634 ἀρκεῖ
1133 4583 1215 4618 σοι
1253 4567 1285 4638 ἡ
1316 4568 1601 4636 ἀσφάλεια.
1635 4571 1724 4642 Μὴ

161 4644 402 4715 βασιλεὺς
437 4651 639 4720 μείζων
671 4654 909 4722 ἀγγέλου
935 4675 949 4723 ;
980 4658 1071 4727 Μὴ
1098 4659 1218 4727 οὑχὶ
1259 4659 1287 4712 ό
1327 4665 1725 4733 κοσμοκράτωρ

158 4737 211 4788 ὲν
239 4739 310 4808 τῷ
345 4743 537 4812 κόσμῳ
581 4743 783 4813 μείζων
821 4747 1034 4801 πάντων
1063 4748 1171 4800 τῶν
1200 4755 1724 4823 κοσμοκρατορικῶς

160 4833 490 4898 κρατούντων
528 4834 797 4904 δαιμόνων
838 4839 934 4891 καὶ
968 4838 1288 4909 ἀνθρώπων,
1315 4841 1430 4894 ἀλλ’
1458 4843 1579 4914 οὑχὶ
1615 4845 1726 4897 θεῖ-

159 4920 294 4988 κῶς;
329 4926 437 4978 Καὶ
459 4927 512 4978 τί
541 4928 569 4978 ὁ
605 4928 956 4998 ’Δπόστολο;;
994 4929 1264 5000 ’Δνάθεμα
1285 4930 1442 4986 ἔστω.
1465 4935 1723 5003 ’Ἄγγελοι

160 5011 216 5061 ού
245 5015 478 5084 τολμῶσι
515 5019 948 5089 παρασαλεῦσαι,
982 5022 1103 5076 οὑδὲ
1148 5023 1465 5088 σαλεύοντες
1498 5027 1723 5096 μένουσι

166 5099 234 5170 μὴ
265 5104 801 5178 ἀναθεματιζόμενοι,
832 5110 907 5173 ὠς
951 5113 978 5164 ὁ
1009 5112 1254 5177 διάϐολος
1290 5114 1383 5167 καὶ
1415 5117 1447 5184 ἡ
1483 5117 1723 5172 ἀποστα-

162 5191 281 5261 τικὴ
303 5195 464 5249 αὑτοῦ
497 5197 726 5267 πληθύς.
755 5200 867 5253 Καὶ
891 5201 1006 5264 πῶς
1033 5201 1320 5272 ἄνθρωπος
1344 5207 1450 5269 πᾶς
1474 5208 1533 5260 ἐν
1564 5210 1728 5279 σαρκὶ

163 5278 250 5347 ὢν,
285 5286 522 5341 σαλεύων
558 5291 652 5342 καὶ
683 5293 1043 5363 καινοτομῶν,
1077 5295 1169 5347 καὶ
1204 5296 1438 5363 μάλιστα
1471 5301 1727 5362 τοιαύτας

167 5380 529 5449 καινοτομίας,
555 5381 656 5433 οὑκ
685 5381 963 5454 ἀλλότριος
994 5383 1163 5449 Θεοῦ;
1202 5387 1295 5447 Ὃς
1320 5384 1375 5437 δὲ
1404 5386 1464 5439 οὑ
1490 5387 1727 5457 δέχεται,

164 5462 199 5514 ἀ
228 5466 603 5544 ἀπηγόρευσεν
627 5474 986 5546 (ἀναληπτέος
1012 5477 1118 5547 γὰρ
1150 5477 1207 5539 ἐξ
1240 5468 1300 5528 οὑ
1333 5477 1413 5539 είς
1439 5479 1732 5546 μεταξυλοα

168 5555 286 5620 γίαν
314 5563 576 5635 μετῆλθεν
603 5567 631 5618 ὁ
654 5565 830 5637 λόγος)
854 5561 1008 5630 οὗτος
1030 5568 1168 5622 κατὰ
1193 5569 1319 5632 τοὺς
1344 5569 1722 5640 Μοιχειανοὺς.

176 5648 358 5715 μᾶλλον
382 5655 437 5710 δὲ
487 5658 909 5728 Ἀντιχρίστους,
946 5659 1047 5729 ήδη
1078 5658 1523 5729 ἀναθεμάτισται.
1561 5664 1621 5716 Εἰ
1660 5663 1725 5715 ’δὲ

251 5763 290 5795 ⁸⁸
316 5769 498 5826 Matth.
529 5789 676 5835 xxw.
701 5773 790 5827 22.
869 5774 911 5803 "
942 5773 1111 5828 Exod.
1140 5791 1234 5836 xu,
1268 5775 1356 5829 49.

437 5871 708 5931 Ριιτιιοι..
740 5871 857 5932 Gn.
887 5871 1099 5933 XCIX.

1851 538 1918 592 Et
1948 540 2219 608 quomodo
2243 555 2309 594 ex
2335 538 2421 596 his
2457 541 2829 598 Antichristus
2860 557 2968 597 non
2997 543 3270 599 videbitur
3295 559 3420 602 esse

1847 627 1900 680 in
1923 628 2146 697 januis?
2187 629 2306 685 Non
2346 630 2493 685 enim
2536 631 2717 688 dicere
2758 633 3039 688 audebunt
3087 634 3414 690 Mtechiani:

1847 719 2035 776 Nonne
2065 737 2157 777 rex
2179 763 2194 788 ,
2225 723 2437 778 etiamsi
2465 733 2688 795 peccet,
2722 725 2852 781 facit
2878 742 2942 782 ac
2967 727 3123 796 jubet
3153 737 3213 783 ut
3241 744 3416 799 popu-

1848 809 1932 864 lus
1961 811 2065 881 legi
2095 815 2324 882 pareat?
2353 813 2416 869 Et
2464 830 2594 870 ecce
2633 816 2691 870 in
2724 815 2940 872 illorum
2975 833 3229 874 sermone
3261 837 3423 891 pror-

1848 918 1943 959 sus
1970 904 2192 959 advenit
2216 905 2598 962 Antichristus.
2634 906 2767 962 Nam
2794 923 2920 964 cum
2952 918 3008 964 et
3037 909 3155 980 ipse
3193 927 3291 967 rex
3318 913 3422 982 sit,

1848 1001 1963 1049 tum
2009 994 2062 1049 id
2098 995 2361 1050 duntaxat
2399 998 2543 1067 quod
2575 998 2688 1053 vult
2732 1008 2787 1054 et
2831 999 2998 1067 dicit,
3049 1000 3164 1055 ﬁeri
3206 1003 3419 1075 exiget:

1847 1098 2030 1154 neque
2050 1083 2119 1138 ab
2140 1084 2228 1151 iis,
2260 1085 2354 1154 qui
2383 1085 2558 1155 ipsum
2588 1089 3004 1155 antecesserint,
3038 1090 3194 1145 aliter
3218 1090 3423 1146 disere-

1845 1173 2018 1242 pabit,
2041 1189 2202 1243 quam
2227 1175 2351 1245 quia
2375 1191 2477 1232 nec
2496 1191 2560 1231 ea
2586 1179 2808 1248 quidem
2831 1179 2976 1234 volet
2997 1195 3118 1249 quae
3143 1181 3252 1250 jam
3281 1198 3425 1236 nunc

1843 1262 1923 1318 illi
1959 1265 2250 1320 voluerint.
2295 1264 2495 1322 Eadem
2542 1268 2762 1324 licentia
2802 1285 2901 1338 per
2933 1270 3219 1341 episcopos
3258 1287 3423 1341 syno-

1845 1349 1966 1406 dice
1993 1353 2330 1424 promulgata
2360 1362 2463 1409 est.
2500 1356 2566 1411 Et
2598 1357 2850 1426 quisnam
2873 1373 3099 1428 compos
3131 1361 3351 1425 mentis,
3376 1361 3422 1417 si

1843 1442 2218 1499 contentiosus
2249 1461 2360 1499 non
2390 1455 2492 1512 est,
2526 1463 2641 1502 rem
2676 1448 2746 1503 ita
2779 1464 2837 1503 se
2870 1449 3071 1504 habere
3102 1466 3209 1506 non
3244 1452 3416 1508 fatea-

1844 1531 1973 1584 tur?
1997 1530 2136 1597 Quid
2165 1542 2347 1588 autem
2379 1535 2482 1590 hac
2523 1535 2717 1592 haeresi
2751 1538 2995 1594 deterius
3025 1538 3270 1594 futurum
3301 1549 3419 1600 est.

1843 1621 1910 1676 ad
1952 1622 2124 1693 ipsam
2170 1639 2344 1695 usque
2371 1626 2691 1681 Antichristi
2735 1629 3230 1685 manifestationem
3255 1631 3278 1683 ?
3308 1632 3423 1702 Ego

1842 1713 2084 1768 nondum
2106 1716 2324 1784 quidem
2355 1717 2550 1772 factam
2577 1719 2718 1774 hanc
2748 1734 2871 1774 esse
2893 1720 3163 1776 arbitror:
3196 1723 3290 1777 sed
3309 1724 3421 1789 jam

1843 1818 1990 1858 nunc
2024 1804 2366 1872 inchoatam,
2404 1807 2495 1862 illo
2535 1817 2781 1878 tempore
2820 1809 3026 1865 exitum
3075 1813 3418 1881 habituram:

1842 1902 1898 1949 et
1925 1903 2187 1965 quotquot
2215 1896 2269 1950 in
2305 1897 2406 1953 hac
2431 1899 2823 1955 succubuerint
2846 1941 2860 1964 ,
2893 1916 3007 1967 eos,
3046 1903 3090 1958 si
3120 1912 3247 1958 tunc
3277 1903 3423 1959 exsi-

1841 1993 2084 2052 sterent,
2120 1988 2337 2058 penitus
2373 2005 2668 2046 cessuros:
2719 2002 2773 2048 et
2801 2004 3067 2066 quotquot
3100 1997 3193 2053 Dei
3218 1999 3421 2055 virtute

1842 2077 2176 2134 reluctantes
2217 2089 2529 2153 steterunt,
2576 2085 2793 2139 eosdem
2841 2081 2945 2140 illis
2987 2087 3180 2144 diebus
3205 2129 3220 2154 ,
3260 2090 3421 2145 Anti-

1842 2170 2035 2225 christi
2073 2172 2307 2226 victores
2349 2189 2444 2243 per
2488 2186 2718 2230 mortem
2766 2192 2887 2230 cum
2931 2178 3148 2234 Christo
3182 2180 3414 2238 futuros.

1843 2260 1970 2326 Sed,
2004 2277 2038 2316 o
2068 2264 2428 2318 calamitatem
2460 2265 2753 2320 humanam
2772 2269 2794 2321 -ι
2823 2277 2881 2323 ιιι
2915 2277 3061 2340 terga
3083 2272 3196 2339 jam
3222 2273 3419 2329 exinde

1839 2357 2150 2409 verterunt!
2197 2364 2288 2421 ut,
2320 2357 2410 2426 qui
2445 2357 2611 2412 futuri
2640 2357 2832 2426 simus,
2873 2362 3242 2418 ostendimus!
3286 2362 3419 2419 Pro-

1838 2453 2023 2515 pterea
2057 2446 2214 2515 pauci
2244 2446 2413 2502 futuri
2446 2457 2576 2503 sunt
2604 2451 2697 2519 qui
2728 2459 2873 2506 stent
2894 2492 2906 2514 ,
2947 2463 3237 2523 propterea
3272 2455 3418 2512 Elias

1838 2547 1893 2591 et
1916 2536 2124 2600 Enoch,
2146 2537 2288 2593 haud
2313 2539 2514 2595 scimus
2532 2555 2601 2594 an
2629 2549 2683 2595 et
2706 2539 3013 2612 Theologus
3045 2560 3107 2599 ac
3135 2548 3412 2617 evangeli-

1838 2636 1940 2692 sta,
1973 2626 2305 2684 inﬁrmitatis
2329 2631 2580 2687 humanae
2618 2633 2965 2688 auxiliatores
2990 2646 3170 2702 erunt,
3191 2646 3247 2693 et
3265 2651 3418 2692 ante-

1836 2719 2068 2788 signani,
2100 2731 2155 2776 et
2177 2721 2230 2776 in
2261 2722 2458 2778 Christi
2487 2725 2829 2782 confessione
2869 2727 3124 2783 victores.
3157 2729 3416 2800 Pr0pter-

1835 2822 1899 2862 ea
1951 2809 2342 2866 breviabuntur
2377 2811 2495 2866 dies
2540 2828 2799 2870 aerumnae
2830 2815 3003 2881 illius,
3032 2815 3118 2871 cui
3148 2816 3418 2872 adventus

1835 2901 2039 2959 Christi
2067 2904 2229 2961 tinem
2261 2906 2504 2976 imponet
2530 2907 2597 2963 ³⁸.

1904 2992 2078 3060 State,
2096 2997 2406 3066 quicunque
2456 2999 2682 3068 sapitis,
2728 3009 2784 3056 et
2831 3000 3110 3057 Christum
3157 3001 3417 3071 deinceps

1835 3098 1904 3139 ne
1933 3086 2231 3158 abnegetis.
2263 3086 2390 3142 Haec
2426 3089 2571 3145 enim
2616 3106 2737 3161 quae
2775 3091 3052 3158 videmus,
3099 3091 3250 3146 initia
3285 3100 3415 3146 sunt

1829 3190 2017 3230 eorum
2048 3192 2169 3246 quae
2200 3187 2328 3233 tunc
2356 3188 2538 3234 erunt.
2575 3179 2817 3236 Alterum
2852 3182 3012 3253 longa
3041 3182 3407 3254 explicatione

1830 3281 1940 3320 non
1969 3277 2110 3339 eget,
2145 3283 2269 3324 cum
2292 3271 2404 3340 jam
2429 3287 2495 3325 ex
2520 3271 2688 3343 priori
2717 3273 3069 3327 manifestum
3104 3273 3193 3329 sit.
3219 3273 3406 3343 Itaque

1828 3358 1921 3426 qui
1950 3358 2070 3413 illos
2095 3362 2627 3417 anathematizarunt
2653 3364 2745 3433 qui
2775 3365 3223 3436 conjunctionem
3256 3366 3412 3422 adul-

1829 3449 2084 3515 terinam,
2113 3460 2168 3505 et
2193 3451 2540 3522 imperatoris
2567 3454 2894 3510 adulterium
2922 3463 2976 3510 et
3007 3458 3282 3524 omnium,
3317 3461 3412 3528 qui

1827 3544 1946 3614 ejus
1977 3545 2268 3616 participes
2301 3548 2507 3603 inventi
2543 3560 2700 3616 sunt,
2746 3552 3252 3622 praevaricationem
3297 3571 3410 3610 non

1829 3636 2105 3706 recipiunt
2149 3647 2404 3708 tanquam
2446 3639 2914 3710 dispensationem
2957 3654 3239 3713 sanctam;
3280 3646 3411 3715 quid

1828 3736 2058 3798 egerunt
2082 3729 2226 3786 aliud
2251 3730 2358 3784 nisi
2384 3741 2621 3797 sanctos,
2651 3749 2715 3788 ac
2746 3733 2981 3803 primum
3012 3734 3234 3804 quidem
3263 3735 3411 3791 Prae-

1829 3833 2104 3874 cursorem
2124 3860 2138 3884 ,
2164 3821 2731 3888 anathematizarunt,
2767 3833 2930 3894 atque
2960 3833 3021 3879 ut
3041 3843 3228 3881 verum
3262 3828 3411 3883 dica-

1829 3919 1918 3964 tur
1943 3951 1956 3975 ,
2006 3911 2223 3966 tametsi
2270 3913 2604 3968 horrendum
2631 3955 2645 3980 ,
2683 3915 2858 3986 ipsum
2897 3918 3061 3971 etiam
3096 3926 3410 3974 sanctorum

1833 4003 2132 4058 Dominum
2156 4004 2178 4057 ?
2207 4001 2310 4070 Qui
2345 4004 2487 4059 enim
2517 4005 2632 4059 haec
2653 4007 2954 4076 prohibuit,
2983 4009 3127 4064 haud
3154 4009 3318 4065 dubie
3348 4026 3410 4065 ea

1830 4110 1939 4149 non
1971 4095 2181 4164 recepit
2213 4110 2313 4149 nec
2333 4097 2634 4166 approbat:
2675 4099 2805 4166 quin
2845 4098 3112 4167 judiciutn
3156 4100 3410 4156 inexora-

1828 4184 1936 4239 bile
1968 4185 2210 4239 minatus
2236 4193 2319 4240 est
2340 4185 2504 4240 etiam
2532 4187 2960 4243 communicanti
2989 4204 3111 4244 cum
3142 4191 3408 4258 adultero,

1829 4293 1938 4331 non
1971 4277 2074 4332 hoc
2100 4277 2182 4332 vel
2217 4277 2328 4344 illo,
2361 4279 2455 4335 sed
2486 4295 2834 4352 quocunque,
2860 4282 3209 4353 imperatore,
3241 4286 3411 4357 dyna-

1829 4379 1908 4423 sta
1931 4408 1946 4434 ,
1983 4385 2154 4440 parvo
2191 4379 2246 4424 et
2291 4387 2506 4442 magno.
2539 4372 2657 4427 Una
2692 4374 2837 4428 enim
2864 4413 2879 4438 ,
2905 4375 3020 4440 ait,
3073 4376 3156 4430 lex
3191 4378 3296 4432 erit
3325 4381 3365 4412 ³¹
3394 4399 3406 4432 :

1830 4469 1886 4515 et
1933 4477 2102 4515 unum
2155 4461 2507 4532 Evangelium
2545 4463 2859 4536 accepimus
2902 4484 2915 4520 :
2966 4476 3021 4521 et
3060 4466 3153 4537 qui
3196 4483 3263 4523 ex
3310 4470 3410 4525 hoc

1836 4552 2127 4623 Evangelia
2155 4553 2434 4623 quidpiam
2470 4553 2897 4621 labefactaverit,
2932 4557 3058 4610 licet
3089 4559 3316 4628 angelus
3341 4567 3411 4615 dc

1831 4644 1971 4698 cmlo
1996 4684 2010 4706 ,
2046 4643 2246 4697 sufficit
2270 4643 2366 4698 tibi
2402 4648 2754 4701 asseveratio.
2789 4645 2927 4702 Num
2963 4649 3259 4720 imperator
3291 4669 3408 4708 ma-

1827 4736 1914 4805 jor
1935 4744 2018 4790 est
2043 4735 2275 4804 angelo?
2302 4735 2441 4789 Num
2474 4738 2662 4792 mundi
2687 4739 2946 4809 princeps
2973 4740 3027 4794 in
3058 4743 3264 4796 mundo
3287 4760 3403 4798 ma-

1825 4827 1910 4896 jor
1936 4826 2149 4881 cunctis
2173 4829 2510 4883 daemonibus
2536 4838 2587 4884 et
2622 4829 2972 4897 hominibus,
3010 4831 3102 4902 qui
3130 4835 3404 4890 mundana

1829 4928 2116 4988 potestate,
2149 4936 2256 4974 non
2289 4922 2492 4986 divina,
2526 4923 2581 4977 in
2614 4924 2818 4978 mundo
2847 4925 3236 4980 dominantur?
3267 4928 3407 4994 Quid

1828 5019 2010 5062 autem
2046 5009 2177 5063 dicit
2221 5010 2551 5078 Apostolus?
2578 5013 2880 5066 Anathema
2912 5012 3000 5065 sit.
3034 5013 3221 5084 Angeli
3254 5014 3403 5070 labe-

1830 5101 2031 5156 factare
2075 5116 2184 5154 non
2214 5101 2456 5165 audent,
2491 5111 2545 5155 et
2571 5140 2584 5163 ,
2628 5102 2672 5156 si
2709 5101 3071 5166 labefactent,
3114 5104 3404 5160 anathema

1826 5209 1936 5248 non
1965 5193 2246 5266 eﬂ‘ugiunt,
2273 5196 2728 5264 quemadmodnm
2750 5194 2995 5248 diabolus
3018 5208 3082 5248 ac
3104 5195 3223 5264 ejus
3245 5198 3402 5251 turba

1827 5265 2094 5340 deseruit
2118 5328 2132 5350 ,
2174 5296 2228 5340 et
2256 5301 2492 5355 quonam
2521 5285 2683 5339 modo
2715 5284 2768 5338 in
2817 5299 2980 5338 carne
3008 5285 3200 5338 vivens
3228 5289 3404 5342 omnis

1830 5379 1997 5434 homo
2018 5419 2030 5441 ,
2065 5378 2110 5432 si
2136 5377 2426 5433 labefactet
2450 5421 2462 5439 ,
2493 5386 2549 5431 et
2577 5391 2717 5431 nova
2747 5375 3083 5438 introducat,
3113 5391 3175 5430 ac
3206 5380 3404 5446 praeci-

1829 5486 1937 5541 pue
1974 5485 2111 5524 nova
2146 5469 2455 5538 hujusmodi
2481 5509 2496 5533 ,
2535 5469 2746 5522 alienus
2785 5483 2817 5520 a
2846 5467 2956 5520 Deo
2987 5483 3095 5520 non
3129 5469 3269 5522 erit?
3299 5468 3403 5535 Qui

1833 5577 1964 5617 vero
1999 5577 2060 5615 ea
2107 5576 2228 5630 quae
2264 5560 2404 5614 Deus
2447 5559 2762 5629 prohibuit,
2811 5574 2920 5612 non
2967 5559 3160 5628 recipit
3207 5562 3405 5630 (revo-

1832 5655 2001 5710 canda
2032 5654 2178 5710 enim
2208 5653 2350 5710 unde
2377 5653 2619 5724 digressa
2646 5660 2728 5708 est
2756 5651 2972 5721 oratio),
2995 5650 3039 5705 is
3067 5650 3402 5710 Mmchiano—

3086 5857 3164 5918 33
