4008 6318
609 367 741 433 1035

1785 364 1845 424 S.
1878 356 2266 421 THEODORI
2317 358 2661 421 STUDITZE

3721 359 3865 425 1036

603 500 722 538 rum
745 524 759 549 ,
799 478 878 536 vel
910 478 1091 551 potius
1133 476 1598 533 Antichristorum
1642 473 1913 529 sententia
1950 473 2059 541 jam
2092 475 2176 523 est

2285 469 2365 520 τδν
2396 471 2675 542 Δεσπότην
2705 470 2896 535 οὕτως,
2936 468 3121 541 ὥσπερ
3155 469 3204 522 οἱ
3228 468 3495 535 Ἰουδαῖοι,
3530 470 3591 522 ὲν
3626 469 3866 534 Βεελζε-

602 572 1121 631 excommuuicatus.
1160 569 1316 634 Quod
1344 569 1387 622 si
1417 568 1703 622 Dominum
1726 609 1739 631 ,
1790 566 1926 620 sicut
1960 560 2128 618 Judaei
2156 600 2171 625 ,

601 665 872 721 daemonia
927 664 982 717 in
1014 661 1322 716 Beelzebub
1371 660 1684 729 ejicieutem
1729 664 2063 712 vocaverunt
2093 655 2173 721 ",

600 757 730 829 quid
756 757 823 811 de
854 756 1023 825 ipsius
1055 753 1226 809 servis
1253 762 1308 807 et
1336 752 1595 806 famulis?
1629 751 1735 805 Aut
1762 750 1908 804 enim
1939 763 2034 803 eos
2070 747 2175 800 Do-

602 850 736 905 mini
774 849 917 919 leges
964 847 1018 901 in
1073 846 1186 900 suis
1225 843 1728 915 dispensationibus
1776 857 1885 895 non
1932 853 2177 894 servasse

602 943 730 1007 rati,
754 940 1202 1011 cunjunctionem
1234 938 1463 992 adulteri
1494 947 1548 991 et
1577 935 2019 990 communionem
2051 946 2176 985 cum

602 1035 846 1089 adultero
874 1033 1062 1102 parilis
1095 1046 1215 1085 esse
1240 1028 1500 1084 momenti
1528 1043 1592 1083 ac
1622 1028 1807 1098 gloria:
1842 1031 2176 1087 statuerunt,

603 1142 757 1181 suam
808 1126 912 1178 illis
962 1123 1429 1193 dispensationem
1492 1121 1893 1191 adjungentes,
1949 1118 2179 1185 ideoque

603 1218 829 1272 minime
850 1216 972 1271 illos
994 1224 1248 1283 tanquam
1274 1214 1488 1284 exleges
1531 1222 1585 1265 et
1608 1211 1985 1265 mandatorum
2015 1216 2183 1260 trans-

604 1324 901 1379 gressores,
932 1306 1466 1360 anathematizarunt
1490 1345 1504 1368 ,
1532 1302 1870 1372 proindeque
1898 1298 1999 1367 ipsi
2029 1312 2182 1367 pror-

606 1416 699 1453 sus
722 1397 1213 1453 anathematizandi
1244 1405 1372 1450 sunt
1399 1414 1412 1449 :
1446 1406 1538 1448 aut
1578 1394 1749 1464 legem
1776 1392 1842 1445 ab
1866 1391 1969 1443 illis
1993 1405 2180 1444 serva-

607 1499 718 1543 tam
749 1503 868 1542 esse
899 1490 1244 1552 conlitentes,
1276 1500 1333 1540 se
1365 1486 1513 1555 ipsos
1547 1482 2178 1542 anathematizavcrunt,

604 1595 714 1633 non
747 1587 929 1632 autem
965 1588 1182 1633 sanctos
1204 1617 1216 1641 ,
1266 1586 1581 1630 sanctorum
1618 1574 1722 1629 sibi
1764 1588 1963 1627 nomen
1996 1570 2179 1625 miseri

603 1672 946 1725 vindicantes
973 1671 1025 1723 in
1052 1668 1480 1739 dispensatione,
1506 1675 1565 1721 ut
1588 1676 1803 1728 vocant,
1841 1663 2179 1733 conjunctio-

606 1765 694 1817 nis
721 1762 948 1817 adulteri
984 1779 995 1814 :
1032 1776 1096 1815 ac
1126 1776 1191 1815 eo
1224 1760 1342 1829 ipso
1367 1774 1557 1813 rursus
1576 1766 1795 1813 sanctos
1819 1754 2181 1810 anathemati-

606 1864 869 1911 zaverunt
898 1864 1156 1924 tanquam
1189 1854 1415 1909 minime
1448 1862 1667 1907 sanctos
1695 1869 1707 1906 :
1739 1848 2180 1919 quandoquidem

605 1946 779 2002 sancti
812 1960 999 2000 eorum
1026 1943 1233 2015 judicio
1253 1944 1291 1997 ii
1323 1952 1471 2009 sunt,
1495 1942 1587 2012 qui
1612 1957 1710 2012 pro
1733 1940 1942 1995 viribus
1964 1939 2182 2007 dispen—

603 2036 842 2091 sationes
877 2033 1280 2104 coniunctionis
1308 2032 1663 2096 adulterinae,
1712 2040 1767 2085 et
1810 2028 2182 2083 communica-

606 2130 770 2183 tionis
798 2143 920 2183 eum
958 2127 1207 2181 adultero
1251 2125 1501 2199 principe
1542 2123 1791 2178 fecerunt
1837 2132 1892 2175 et
1936 2121 2178 2176 faciunt:

603 2220 765 2276 alieni
796 2229 978 2275 autem
1003 2236 1031 2272 a
1060 2218 1171 2273 Dco
1198 2228 1254 2273 et
1276 2218 1493 2289 exleges
1520 2232 1581 2272 ac
1613 2216 1987 2275 mandatorum
2008 2224 2184 2269 trans-

605 2308 883 2388 gressores
907 2354 922 2379 ,
957 2322 1012 2367 et
1041 2312 1503 2367 excommunicati
1538 2312 1681 2382 apud
1716 2315 1861 2380 ipsos
1890 2319 2050 2375 sunt,
2090 2308 2183 2378 qui

605 2409 821 2463 illorum
843 2407 1307 2478 dispensationem
1332 2406 1595 2460 adulteris
1620 2404 2047 2473 patrocinantcm
2073 2418 2181 2457 non

606 2500 906 2570 recipiunt,
940 2516 1041 2554 nec
1073 2499 1220 2553 illius
1250 2499 1495 2569 vestigiis
1528 2498 1803 2551 insistunt.

677 2591 1059 2659 Undecunque
1095 2592 1258 2660 igitur
1287 2589 1509 2644 libuerit
1538 2598 1594 2642 et
1621 2602 2003 2657 quamcunque
2036 2585 2182 2654 ipso-

608 2696 727 2733 rum
763 2681 1059 2750 impietatis
1103 2696 1291 2734 voccm
1327 2679 1551 2744 intueri,
1598 2678 1795 2748 cogita,
1839 2678 1928 2746 qui
1965 2676 2183 2730 solertia

612 2773 802 2842 polles,
838 2782 892 2826 et
923 2776 1120 2826 mirare
1146 2815 1160 2837 ,
1189 2773 1351 2827 altam
1385 2770 1557 2842 magis
1586 2770 1864 2840 magisque
1894 2770 2184 2839 impietatis

606 2864 918 2935 voraginem
947 2866 1321 2933 contemplans
1345 2880 1408 2919 ac
1434 2862 1743 2917 revolvens.
1771 2861 1885 2915 Non
1916 2862 2058 2915 enim
2099 2871 2182 2915 to-

608 2966 717 3011 tam
749 2957 930 3012 statim
956 2958 1289 3026 impietatem
1316 2972 1468 3010 suam
1500 2956 1740 3025 produnt
1773 2955 2045 3009 haereses:
2087 2955 2183 3008 sed

605 3047 725 3101 ali-.2
748 3050 964 3117 quidem
994 3063 1215 3117 prorsus
1236 3048 1425 3100 aliena:
1454 3058 1584 3101 sunt
1611 3046 1678 3099 ab
1706 3045 2005 3115 Evangelio
2025 3085 2039 3110 ,
2067 3046 2186 3099 alia:

2276 559 2406 612 ϐοὺλ
2464 561 2748 615 ἐκϐάλλειν
2798 561 2959 613 αὐτὸν
3006 561 3073 613 τά
3129 561 3379 630 δαιμόνια
3429 561 3775 629 κεκλήκασις
3815 563 3867 614 τί

2277 650 2539 720 περὶτῶν
2568 652 2773 704 δούλων
2808 651 2900 704 καὶ
2942 650 3288 721 θεραπόντων
3324 650 3524 713 αὑτοῦ;
3558 650 3590 720 ἢ
3632 651 3753 720 γὰρ
3791 651 3870 713 ὡς

2276 740 2337 792 οὑ
2370 741 2847 811 πειθαρχήσαντας
2878 744 2991 804 τοῖς
3018 743 3365 804 Δεσποτικοῖς
3395 742 3583 811 νόμοις
3631 744 3695 793 ἐν
3744 744 3871 803 ταῖς

2277 834 2611 902 οἰκονομίαις
2643 833 2825 886 αὐτῶν
2869 832 3233 901 ὲδογμάτισαν
3276 833 3563 903 ἰσόρροπον
3602 834 3701 885 καὶ
3754 834 3871 884 ἰσο-

2279 925 2408 995 κλεῆ
2446 925 2545 995 τὴν
2588 924 2960 995 μοιχοζευξίαν
3005 923 3096 977 καὶ
3149 927 3615 993 μοιχοκοινωνῐαν,
3650 925 3872 977 οἱκονο·

2283 1018 2412 1089 μίαν
2445 1020 2633 1082 αὑταῖς
2667 1020 3045 1083 συντάξαντες,
3081 1019 3175 1072 καὶ
3203 1018 3291 1070 διά
3322 1017 3479 1070 τοῦτο
3515 1017 3591 1080 ὡς
3621 1018 3871 1087 ἀνόμους

2278 1111 2403 1172 τοὺς
2436 1109 2645 1176 ἁγίους,
2678 1110 2770 1162 καὶ
2800 1108 3119 1180 παραϐάτας
3164 1109 3273 1161 τῶν
3310 1108 3541 1161 ἐντολῶν
3582 1109 3871 1179 ἀνεθεμά-

2279 1217 2457 1266 τισαν,
2491 1201 2582 1253 καὶ
2611 1200 2855 1254 ἐντεῦθεν
2883 1201 3099 1263 πάντως
3128 1199 3576 1269 ἀναθεματιστέοι
3596 1216 3611 1230 ⁸
3643 1200 3678 1269 ἢ
3714 1217 3873 1269 νομοσ

2283 1292 2529 1363 φύλακας
2563 1292 2759 1355 αὑτοὺς
2794 1291 3203 1361 ὁμολογοῦντες,
3250 1295 3475 1356 ἑαυτοὺς
3532 1293 3872 1362 ἀνεθεμάτι-

2285 1399 2404 1437 σαν.
2440 1382 2579 1434 Ἀλλ’
2607 1383 2666 1434 οὑ
2690 1383 2817 1445 τοὺς
2839 1384 3042 1451 ἁγίους,
3073 1386 3521 1455 σφετερισάμενοι
3552 1389 3600 1438 cl
3633 1386 3871 1439 δείλαιοι

2282 1469 2363 1532 είς
2394 1469 2618 1532 ἑαυτοὺς
2644 1469 2705 1522 τὸ
2733 1470 2840 1522 τῶν
2874 1472 3044 1539 ἁγίων
3070 1472 3237 1542 ὄνομα
3271 1476 3329 1526 ὲν
3355 1478 3421 1546 τῇ
3454 1476 3732 1546 λεγομένῃ
3771 1476 3873 1530 αὑ-

2281 1564 2395 1624 τοῖς
2425 1562 2705 1630 οἰκονομία
2739 1564 2837 1631 τῆς
2882 1564 3257 1633 μοιχοζευξίας
3280 1580 3293 1593 ·
3324 1567 3417 1619 καὶ⁵
3447 1566 3535 1619 διὰ
3567 1567 3736 1621 τοῦτο
3763 1568 3872 1621 πά-

2282 1651 2365 1705 λιν
2395 1653 2521 1715 τοὺς
2554 1653 2741 1721 ἁγίους
2787 1655 3184 1725 ἀνεθεμάτισαν
3214 1657 3289 1722 ὡς
3333 1659 3407 1729 μὴ
3440 1657 3602 1722 ὄντας
3633 1660 3865 1727 ἀγίους’

2286 1745 2406 1798 ἐπεὶ
2424 1745 2567 1813 ἀγιοι
2597 1746 2716 1798 κατ’
2738 1746 2933 1811 αὐτοὺς
2959 1748 3008 1800 oi
3038 1748 3178 1802 κατά
3202 1748 3426 1819 δύναμιν
3451 1752 3549 1821 τῆς
3575 1751 3865 1823 μοιχοξευ-

2285 1838 2401 1902 ξίας
2440 1837 2533 1889 καὶ
2566 1839 3079 1908 μοιχομεριδαρχίας
3131 1840 3230 1903 τὰς
3270 1843 3580 1913 οἰκονομίας
3623 1862 3871 1915 πεποιη-

2282 1927 2438 1990 κότες
2490 1928 2584 1981 καὶ
2632 1928 2933 1993 ποιοῦντες,
2979 1930 3075 1985 καὶ
3107 1924 3251 1986 οὗτοι
3294 1933 3560 2004 ἀλλότριοι
3595 1935 3739 1988 Θεοῦ
3773 1936 3870 1989 καὶ

2282 2020 2494 2089 ἄνομοι,
2552 2019 2647 2073 καὶ
2703 2022 3014 2093 παραϐάται
3070 2024 3321 2087 ἐντολῶν,
3375 2026 3469 2078 καὶ
3527 2027 3871 2097 ἀναθεματιο

2285 2112 2473 2182 σμένοι
2513 2112 2642 2184 παρ’
2672 2114 2879 2179 αὑτοῖς,
2910 2116 2958 2167 ol
2987 2115 3063 2187 μὴ
3091 2116 3188 2186 τὴν
3219 2118 3647 2187 μοιχοσὺστατον
3682 2119 3870 2174 αὐτῶν

2283 2204 2596 2275 οἰκονομίαν
2631 2204 2933 2278 δεχόμενοι,
2968 2207 3062 2261 καὶ
3088 2207 3155 2262 τά
3186 2210 3308 2263 κατ’
3341 2210 3487 2280 ἴχνος
3514 2210 3690 2283 αὐτῆς
3721 2215 3868 2266 οἱκο-

2284 2312 2598 2367 νομουντες.

2357 2584 2520 2640 Ὅθεν
2553 2580 2647 2641 οὖν
2686 2586 2887 2658 βούλει,
2919 2586 3009 2642 καὶ
3036 2589 3274 2662 ποτέραν
3302 2591 3411 2645 τῶν
3438 2592 3652 2646 ἀσεϐῶν
3683 2593 3868 2648 αὐτῶν

2286 2674 2469 2746 φωνὴν
2519 2677 2720 2742 ἐθέλοις
2759 2680 2909 2745 ίδεῖν,
2940 2682 3072 2746 νόει,
3105 2683 3133 2735 ὁ
3164 2683 3438 2752 ἀγχίνους,
3463 2684 3558 2737 καὶ
3587 2684 3865 2756 θαύμαζε,

2286 2768 2451 2837 βάθος
2479 2770 2542 2821 ὲκ
2571 2770 2767 2839 βάθους
2797 2774 2983 2834 ἁθεῖας
3009 2772 3336 2843 ἀναθεωρῶν
3365 2776 3459 2829 καὶ
3488 2776 3867 2847 ἀναλαμϐανό-

2287 2875 2467 2928 μενος.
2505 2860 2637 2912 Οὐδὲ
2667 2862 2773 2931 γὰρ
2805 2864 2858 2914 αἱ
2890 2863 3127 2934 αἱρέσεις
3165 2866 3416 2937 προφανῆ
3446 2868 3544 2937 τὴν
3574 2867 3706 2936 ὃλην
3736 2869 3865 2921 ἀσέ-

2285 2951 2438 3005 ϐειαν
2481 2951 2696 3022 ἔχουσιν
2721 2970 2735 2984 ο
2770 2956 2885 3007 ἀλλ’
2918 2958 2973 3009 αἱ
3025 2958 3125 3027 μὲν
3173 2961 3358 3030 πόρρω
3391 2959 3485 3011 τοῦ
3526 2958 3864 3027 Εὑαγγελίου

2286 3045 2462 3115 πάντη
2494 3061 2588 3111 γε·
2621 3046 2676 3096 αἱ
2708 3045 2763 3098 δὲ
2797 3045 3157 3114 ὑποδούμεναι
3184 3050 3248 3101 ὲκ
3272 3051 3364 3102 τοῦ
3398 3051 3741 3120 Εὑαγγελίου
3766 3051 3865 3122 ρήο·

606 3153 737 3193 vero
764 3139 928 3193 verba
960 3138 1206 3206 quaedam
1235 3152 1298 3191 ex
1335 3138 1632 3208 Evangelio
1676 3146 1961 3206 captantes
1988 3178 2001 3201 ,
2059 3152 2182 3190 cum

2288 3149 2401 3195 σεις
2433 3134 2605 3197 τινὰς,
2636 3136 3068 3207 συνεισέρχονται
3095 3158 3108 3171 ·
3141 3140 3203 3192 οὐ
3227 3140 3477 3207 λέγουσαι
3518 3142 3593 3213 μὴ
3626 3151 3863 3213 στοιχεῖν

608 3230 693 3284 his
714 3245 771 3283 se
810 3229 1125 3291 insinuant,
1170 3228 1589 3297 haudquaquam
1629 3227 1948 3297 proﬁtentes
1973 3242 2031 3281 se
2064 3242 2187 3281 ora-

607 3322 727 3375 cula
758 3321 1069 3393 evangelica
1117 3336 1226 3374 non
1274 3321 1471 3390 sequi:
1517 3320 1626 3375 imo
1672 3336 1771 3392 pro
1812 3321 1916 3376 illis
1953 3319 2186 3376 maxime

610 3423 911 3482 pugnantes
942 3414 996 3466 in
1028 3414 1269 3485 speciem
1306 3456 1321 3479 ,
1358 3416 1501 3484 quod
1546 3416 1650 3471 isto
1682 3425 1733 3470 et
1769 3431 1875 3469 non
1904 3415 1993 3469 illo
2024 3415 2186 3470 modo

608 3504 777 3575 accipi
813 3505 1087 3570 debeant,
1144 3508 1195 3559 in
1226 3506 1425 3563 divinis
1472 3508 1819 3562 sermonibus
1863 3507 2187 3577 ambiguita-

609 3606 717 3650 tem
749 3606 1072 3652 statuentes.
1109 3597 1174 3651 Et
1203 3614 1323 3651 cum
1364 3616 1391 3652 a
1435 3609 1585 3653 recto
1617 3615 1780 3653 sensu
1804 3598 2182 3661 discesserint.

609 3689 845 3742 haereses
885 3691 1180 3743 nominata:
1242 3699 1391 3743 sunt.
1441 3688 1578 3744 Hinc
1612 3704 1741 3744 vero
1783 3687 2066 3742 manifesta
2105 3698 2189 3742 est

608 3778 880 3833 deerratio
906 3795 935 3833 a
959 3778 1083 3833 ﬁde.
1106 3778 1227 3833 Non
1250 3788 1436 3833 errant
1460 3780 1601 3849 quod
1630 3780 1697 3834 ad
1720 3794 1940 3834 sensum
1959 3781 2181 3833 attinet:

608 3870 702 3925 sed
725 3870 868 3939 quod
896 3869 1079 3924 dicant
1102 3888 1115 3944 f,
1150 3871 1400 3926 Christus
1422 3872 1638 3939 quidem
1668 3873 1746 3926 sic
1773 3872 1866 3932 ait,
1891 3884 2185 3941 quantum-

606 3962 688 4013 vis
718 3961 803 4013 lex
834 3960 911 4014 sic
944 3960 1159 4023 habeat,
1194 3960 1248 4013 in
1284 3961 1501 4032 regibus
1535 3963 1608 4016 ita
1639 3962 1755 4016 ﬁeri
1787 3982 1799 4016 :
1835 3964 1978 4017 vinei
2008 3963 2186 4018 Evan-

606 4051 826 4122 gelium.
855 4051 989 4106 Vide
1012 4052 1469 4121 quemadmodum
1501 4052 1626 4107 ﬁnis
1659 4054 1929 4123 principio
1956 4070 2184 4123 respon-

607 4140 752 4194 deat.
805 4139 846 4191 A
901 4140 1100 4193 Christi
1161 4139 1539 4194 incarnatione
1588 4139 1827 4193 haereses
1877 4150 2016 4194 natae
2059 4149 2187 4195 sunt

607 4239 759 4282 extra
803 4226 1195 4299 Evangelium;
1243 4229 1439 4284 deinde
1486 4230 1733 4284 diabolus
1778 4232 2035 4300 paulatim
2091 4249 2187 4303 per

606 4321 792 4391 gratiae
825 4320 1161 4374 incrementa
1190 4322 1462 4390 repulsus,
1498 4337 1561 4375 ex
1599 4322 1833 4391 ipsemet
1891 4323 2187 4393 Evangelio

605 4414 911 4469 clanculum
960 4413 1310 4469 subintravit.
1362 4413 1655 4484 Scriptura;
1701 4415 1878 4469 verbis
1927 4425 2184 4485 textuque

605 4506 725 4575 ipso
756 4514 939 4576 tegens
962 4520 1165 4567 eseam,
1198 4506 1431 4559 hmreses
1465 4517 1734 4575 procreat,
1770 4521 1939 4575 usque
1970 4509 2036 4562 ad
2064 4509 2182 4564 lco-

604 4598 923 4662 nomachos,
956 4613 1020 4651 ac
1054 4606 1339 4666 postquam
1369 4613 1429 4651 se
1449 4598 1740 4652 auscultari
1771 4599 1840 4653 ab
1871 4599 2185 4655 hominibus

606 4692 797 4757 sensit,
829 4690 1303 4759 appropinquante
1339 4689 1498 4742 simul
1536 4689 2022 4743 consummationis
2046 4698 2184 4744 tem-

605 4793 739 4847 pore
760 4816 773 4840 ,
815 4782 983 4846 cmpit
1025 4778 1283 4847 deinceps
1307 4820 1322 4843 ,
1355 4779 1496 4832 sicut
1535 4778 1688 4831 initio
1716 4819 1728 4840 ,
1762 4778 1983 4831 exitium
2016 4779 2185 4848 ipsius

607 4867 884 4937 Evangelii
917 4867 1129 4933 moliri,
1163 4878 1221 4922 ut
1259 4884 1498 4939 congrue
1532 4878 1783 4922 occurrat
1814 4870 2181 4936 Antichristo,

606 4959 661 5011 in
690 4974 796 5027 quo
828 4956 1125 5023 habitabit,
1158 4968 1213 5013 et
1243 4959 1298 5012 in
1326 4974 1435 5028 quo
1463 4966 1573 5012 tota
1608 4958 1777 5027 ipsius
1806 4960 2108 5014 amaritudo
2130 4970 2186 5015 et

605 5052 875 5119 apostasia
920 5049 1180 5118 pateﬁet,
1236 5066 1398 5119 quem
1445 5050 1708 5104 Dominus
1750 5051 2034 5119 praesentia
2086 5066 2183 5106 sua

605 5159 766 5214 quam
796 5144 1060 5198 citissime
1094 5143 1389 5197 interimet.
1430 5143 1503 5197 De
1537 5143 1695 5197 tertio
1724 5153 1904 5196 autem
1936 5142 2063 5212 quid
2099 5143 2182 5196 di-

606 5236 830 5290 cemus?
865 5236 965 5300 Qui
998 5235 1145 5289 enim
1188 5235 1538 5305 Evangelium
1573 5246 1759 5305 aperta
1798 5236 1976 5290 fronte
2007 5246 2184 5290 trans-

606 5328 756 5399 gredi
811 5329 927 5381 ausi
983 5339 1148 5391 sunt,
1199 5344 1403 5397 eosque
1464 5329 1556 5397 qui
1608 5328 1908 5399 transgredi
1959 5328 2182 5381 noluere

605 5404 1244 5482 anatlnenratiiaveruut,
1297 5435 1525 5488 ecquam
1578 5419 1653 5473 illi
1708 5435 1891 5473 curam
1946 5418 2179 5472 habituri

607 5518 734 5563 sunt
769 5524 1038 5563 canonum
1064 5549 1078 5572 ,
1112 5511 1466 5577 quantumvis
1492 5525 1522 5563 a
1548 5510 1752 5579 Spiritu
1808 5521 1999 5565 sancto
2032 5510 2182 5564 obsi-

607 5598 752 5669 gnati
775 5598 903 5663 sint,
927 5612 990 5651 ac
1014 5614 1203 5653 eorum
1222 5599 1578 5655 dissolutione
1605 5599 1970 5655 dissolvantur
1998 5604 2180 5656 omnia

606 5704 726 5759 qua:
755 5689 820 5742 ad
854 5690 1083 5744 salutem
1118 5700 1359 5746 nostram
1398 5691 1671 5747 attinent?
1716 5691 1997 5761 Nusquam
2033 5693 2178 5747 enim

685 5806 726 5835 "
755 5805 888 5857 Luc.
920 5821 991 5868 XI,
1030 5806 1117 5858 15.

2285 3224 2397 3283 τοῖς
2426 3224 2798 3291 εὑαγγελικοῖς
2830 3227 3216 3300 θεσπίσμασιν,
3246 3230 3379 3285 ἀλλά
3406 3233 3495 3285 καὶ
3527 3236 3670 3288 πάνυ
3700 3236 3761 3288 τὸ
3784 3236 3861 3289 δο-

2287 3316 2402 3367 κεῖν
2435 3315 2575 3383 ὑπὲρ
2610 3317 2787 3369 αὐτῶν
2817 3319 3369 3392 ἀντιποιούμεναι,τῷ
3400 3324 3573 3389 οὕτως
3599 3326 3860 3391 νοεῖσθαι,

2287 3410 2381 3461 καὶ
2422 3410 2496 3480 μὴ
2531 3407 2699 3473 οὕτως
2724 3424 2736 3440 ο
2780 3412 2858 3472 εἰς
2888 3413 3014 3476 τοὺς
3044 3412 3220 3478 θείους
3249 3414 3439 3483 λόγους
3484 3419 3582 3489 τὴν
3621 3420 3862 3492 ἀμφιϐο-

2285 3500 2404 3553 λίαν
2451 3500 2696 3569 ἔχουσαι.
2736 3500 2846 3554 Καὶ
2874 3502 3061 3574 ἐπειδὴ
3093 3506 3527 3577 ἀποτυγχάνουσι
3568 3512 3665 3564 τοῦ
3699 3512 3859 3582 ὀρθοῦ

2287 3595 2652 3663 φρονήματος,
2678 3594 2917 3662 αἱρέσεις
2938 3597 3455 3667 κατωνομάσθησαν.
3505 3602 3774 3655 Ἐνταῦθα
3805 3603 3859 3655 δὲ

2288 3684 2499 3753 φανερά
2526 3686 2797 3747 ἔκπτωσις
2823 3686 3077 3749 πίστεως.
3107 3687 3181 3739 UO
3211 3689 3335 3756 περὶ
3362 3689 3452 3741 τὸν
3479 3692 3604 3743 νοῦν
3633 3693 3861 3762 σφαλλό-

2290 3788 2460 3841 μενοι,
2506 3773 2638 3826 ἁλλά
2688 3774 2969 3842 λέγοντεςο
3004 3777 3113 3829 Καὶ
3152 3771 3305 3829 εἶπεν
3345 3779 3372 3830 ὀ
3417 3781 3654 3850 Χριστὸς
3699 3786 3857 3850 οὕτω,

2289 3862 2388 3916 κᾶν
2426 3864 2588 3934 νόμος
2630 3866 2728 3938 ἔχῃ
2763 3868 2909 3928 τάδε,
2939 3868 3032 3920 ἐπὶ
3066 3868 3173 3921 τῶν
3208 3870 3471 3939 βασιλέων
3505 3873 3678 3939 οὕτως
3714 3877 3860 3947 γίνε-

2289 3955 2434 4021 σθαι,
2461 3957 2716 4010 νικᾶσθαι
2744 3959 2804 4010 τὸ
2826 3960 3175 4028 Εὑαγγέλιον.
3205 3962 3486 4029 Σκόπησον
3515 3967 3635 4029 πῶς
3662 3970 3730 4037 τῇ
3764 3970 3857 4038 ἀρ-

2286 4047 2355 4114 χῇ
2379 4043 2439 4096 τὸ
2464 4045 2614 4107 τέλος
2642 4046 2945 4102 ἀκολουθεῖ.
2982 4049 3112 4103 Ἀπὸ
3133 4050 3369 4120 Χριστοῦ
3393 4054 3857 4128 ὲνανθρωπήσεως

2287 4135 2523 4206 ἧρξαντο
2566 4130 2763 4200 ἔξωθεν
2807 4140 2900 4192 τοῦ
2947 4139 3280 4207 Εὑαγγελίου
3326 4143 3380 4194 αἱ
3425 4142 3687 4213 αἱρέσεις.
3729 4145 3854 4201 Εἶτα

2288 4226 2685 4297 ἀποκρουσθεὶς
2719 4229 2747 4280 ὁ
2775 4228 3017 4295 διάϐολος
3054 4231 3141 4286 διά
3176 4232 3273 4302 τῆς
3316 4233 3457 4287 κατά
3496 4238 3696 4307 μικρὸν
3728 4258 3853 4311 προ-

2287 4320 2461 4389 κοπῆς
2486 4319 2587 4389 τῆς
2615 4319 2854 4390 χάριτος,
2887 4321 3181 4390 ὑπεισῆλθε
3213 4321 3581 4388 λανθανόντως
3608 4327 3665 4392 ἐξ
3694 4327 3851 4381 αὑτοῦ

2287 4411 2382 4465 τοῦ
2414 4411 2765 4480 Εὑαγγελίου.
2797 4412 2964 4482 Γεννᾷ
2994 4412 3090 4476 τὰς
3112 4414 3353 4484 αἱρέσεις
3380 4415 3542 4485 μέχρι
3566 4416 3677 4470 τῶν
3701 4419 3852 4472 Εἰκο-

2288 4502 2559 4571 νομὰχων,
2612 4500 2721 4554 ἀπὸ
2777 4500 2998 4572 Γραφῆς
3047 4502 3137 4555 καὶ
3199 4504 3306 4556 τῶν
3357 4504 3631 4572 κειμένων
3680 4508 3852 4561 αὐτῶν

2286 4592 2649 4662 ὑποδούμενος
2698 4591 2757 4644 τὸ
2801 4592 3011 4663 δέλεαρ.
3055 4594 3164 4647 Καὶ
3205 4596 3341 4648 ἐπάν
3375 4594 3570 4666 ᾔσθετο
3601 4597 3851 4667 εὐηκόους

2284 4681 2433 4751 αὑτῷ
2473 4683 2597 4745 τοὺς
2630 4681 2948 4751 ἀνθρώπους
2987 4682 3273 4753 ὑπάρχειν,
3308 4686 3723 4750 συνελαύνοντος
3763 4690 3850 4743 καὶ

2282 4774 2377 4828 τοῦ
2411 4774 2602 4845 καιροῦ
2649 4774 2747 4844 τῆς
2778 4774 3106 4838 συντελείας,
3136 4776 3342 4846 ἤρξατο
3370 4778 3433 4830 ὲκ
3466 4775 3560 4829 τοῦ
3591 4777 3752 4850 δεῦρο
3779 4782 3851 4843 ὠς

2283 4868 2344 4920 τὸ
2392 4866 2485 4919 ἀπ’
2511 4864 2707 4935 ἀρχῆς,
2737 4866 2855 4917 κατ’
2883 4864 3047 4918 αὑτοῦ
3088 4867 3182 4920 τοῦ
3221 4866 3555 4936 Εὑαγγελὶου
3599 4869 3849 4924 ἀνάπτειν

2283 4958 2374 5010 τὸν
2403 4957 2583 5026 φόνον,
2614 4957 2762 5018 ὅπως
2804 4957 3115 5031 καταντήσῃ
3145 4958 3225 5020 είς
3250 4958 3341 5011 τὸν
3368 4958 3737 5028 Ἀντίχριστον
3762 4961 3846 5015 εὖ·

2285 5050 2473 5110 θέτως,
2500 5048 2583 5116 ἐφ’
2611 5048 2668 5101 ὃν
2705 5051 3041 5117 κατοικήσει,
3072 5050 3164 5103 καὶ
3197 5049 3253 5101 ὲν
3274 5042 3318 5116 ᾧ
3340 5050 3847 5121 ἀποκαλυφθήσεται

2282 5144 2316 5213 ἡ
2342 5144 2491 5193 πᾶσα
2526 5139 2692 5192 αὑτοῦ
2724 5139 2923 5208 πικρία
2953 5140 3046 5193 καὶ
3074 5141 3400 5206 ἀποστασία,
3440 5140 3500 5193 ὃν
3531 5142 3713 5195 ἀνελεῖ
3745 5142 3846 5196 Κύ,

2285 5250 2399 5301 ριος
2424 5234 2490 5303 τῇ
2514 5232 2805 5301 ἐπιφανείᾳ
2829 5230 2992 5283 αὑτοῦ
3016 5232 3096 5285 ὃτι
3119 5233 3367 5300 τάχιστα.
3397 5233 3534 5303 Περὶ
3560 5233 3656 5286 τοῦ
3676 5234 3844 5303 τρίτου

2281 5323 2333 5374 τί
2380 5323 2470 5375 καὶ
2516 5322 2741 5391 φῶμεν;
2775 5323 2835 5373 υἱ
2867 5320 2975 5389 γὰρ
3015 5321 3077 5373 τὸ
3121 5322 3451 5388 Εὑαγγέλιον
3498 5324 3845 5392 παραϐαίνειν

2283 5416 2464 5483 γυμνῇ
2521 5414 2588 5484 τῇ
2632 5412 2842 5482 κεφαλῇ
2888 5413 3423 5483 κατατολμήσαντες,
3461 5414 3557 5465 καὶ
3604 5417 3728 5479 τοὺς
3777 5418 3843 5485 μὴ

2282 5503 2644 5575 παραϐαίνειν
2697 5504 3146 5572 αἱρετισαμένους
3206 5503 3746 5573 ἀναθεματίσαντες,
3796 5505 3844 5559 τί

2283 5597 2413 5668 περὶ
2457 5597 2697 5648 κανόνων
2746 5594 2930 5656 αὑτοῖς
2974 5593 3235 5663 μελήσει;
3271 5595 3378 5648 Καί
3415 5613 3476 5664 γε
3514 5596 3613 5649 καὶ
3657 5597 3843 5651 τούτων

2282 5690 2386 5743 ὑπὸ
2412 5686 2728 5757 Πνεύματος
2758 5686 2913 5755 ἁγίου
2952 5684 3425 5758 ἐσφραγισμένων,
3455 5689 3552 5741 καὶ
3587 5692 3644 5743 ὲν
3672 5692 3736 5761 τῇ
3758 5687 3842 5742 λύ-
