4008 6318
158 366 302 431 1037

1383 368 1919 426 EPISTOLARUM
1955 369 2099 426 LIB.
2125 369 2175 428 1.

3263 372 3398 434 1038

152 493 244 528 σει
285 475 465 528 αὐτῶν
495 473 803 539 λελυμένων
834 472 999 522 ὄντων
1038 473 1144 522 τῶν
1179 472 1429 524 ἁπάντων
1459 475 1536 534 εἰς
1567 490 1734 540 σωτη-

1842 473 2224 534 sacerdotium,
2254 472 2598 537 sacriﬁcium,
2628 488 2689 525 ac
2722 475 2926 541 reliqua
2963 476 3274 530 morborum
3307 495 3404 532 no-

149 569 283 637 ρξαν
341 562 497 633 ἡμῶν
549 561 811 631 ἡκόντων.
853 561 1100 631 Ούδαμοῦ
1159 564 1260 631 γὰρ
1309 563 1591 632 ἱερωσύνη,
1644 564 1736 614 eu-

147 661 270 720 σία,
306 655 478 710 τᾶλλα
518 653 722 722 ἰάματα
767 652 874 706 τῶν
911 653 1156 722 ψυχικῶν
1182 653 1337 724 ἡμῶν
1374 655 1734 724 ἀρρωστημά-

148 767 294 801 των.

222 841 296 892 Τί
328 841 383 893 δὲ
409 839 552 907 λέγω
577 838 838 904 κανόνων,
861 837 954 891 καὶ¹
979 837 1238 907 ποιοῦμαι
1264 838 1526 908 διαφοράν
1553 854 1566 902 ;
1595 839 1736 890 Ταυ-

146 932 244 983 τδν
277 933 428 983 ἔστιν
459 933 633 984 εἰπεῖν
652 932 746 984 καὶ
776 930 861 983 ἐπ’
890 929 1066 982 αὐτῶν
1086 928 1226 1001 [καὶ]
1249 930 1580 997 Εύαγγελίου
1604 931 1736 1000 Χρι-

149 1022 310 1075 στοῦ.
339 1022 508 1085 Αὐτὸς
537 1023 644 1092 γὰρ
671 1022 768 1084 τὰς
796 1022 943 1084 κλεῖς
970 1021 1167 1075 δέδωκε
1197 1026 1292 1092 τῆς
1313 1021 1598 1090 ’βασιλείας
1626 1023 1735 1075 τῶν

144 1115 402 1185 οὐρανῶν
441 1114 519 1185 τῷ
551 1113 769 1184 ι.ιεγάλῳ
803 1113 993 1184 Πέτρῳ
1025 1113 1249 1183 φάσκων
1270 1131 1284 1144 ο
1315 1115 1410 1167 Ὃν
1448 1113 1513 1167 ἂν
1546 1113 1732 1185 λύσῃς,

149 1207 248 1260 καὶ¹
299 1206 362 1258 ὃν
409 1205 476 1259 ἂν
519 1205 707 1278 δήσῃς,
735 1204 883 1257 ἔσται
919 1205 979 1257 τὸ
1009 1205 1102 1256 καὶ
1131 1204 1210 1257 τό.
1248 1205 1358 1258 Καὶ
1397 1205 1558 1257 πάλιν
1600 1206 1733 1257 πᾶσι

145 1301 264 1360 τοῖς
296 1281 640 1359 ἀποστόλοιςι
681 1295 900 1350 Λάϐετε
939 1296 1179 1364 Πνεῦμα
1222 1297 1419 1364 ἅγιοιν
1455 1297 1532 1350 ἄν
1558 1313 1735 1350 τινων

145 1388 351 1456 ἀφῆτε
372 1388 474 1453 τὰς
495 1387 801 1456 ἁμαρτίας,
827 1386 1099 1454 ἀφίενται
1118 1403 1130 1416 ·
1160 1387 1256 1440 καὶ
1293 1384 1368 1440 ἅν
1392 1405 1568 1442 τινων
1591 1404 1733 1455 κρα-

145 1480 317 1548 τῆτε,
353 1478 766 1545 κεκράτηνται.
807 1479 918 1530 Καὶ
954 1478 1231 1548 ἑπομένως
1262 1478 1470 1541 τούτοις
1501 1480 1580 1544 εἰς
1607 1480 1735 1542 τοὺς

151 1574 272 1640 μετ’
321 1572 522 1630 αὐτοὺς
557 1568 886 1632 διαδιόάζων
927 1571 1024 1638 τὴν
1068 1569 1348 1634 ἐξουσίαν,
1385 1571 1588 1640 ἐάνπερ
1626 1571 1734 1623 ὠσ-

147 1663 338 1726 αύτως
380 1660 658 1731 πράξοιεν,
714 1659 824 1712 Καὶ
867 1658 953 1711 διὰ
987 1659 1140 1712 τοῦτο
1177 1658 1480 1730 Βασι-λείου,
1508 1661 1603 1714 καὶ
1625 1661 1734 1713 τῶν

153 1751 484 1802 ἰσοστασίων
536 1748 682 1818 αὐτῷ
712 1749 900 1814 ἁγίων,
930 1748 1005 1811 ὡς
1035 1738 1142 1801 τῶν
1166 1750 1538 1805 ἀποστολικῶν
1569 1751 1731 1805 κανό-

1841 575 2078 619 strorum
2109 564 2471 634 spiritualium
2497 565 2908 621 medicamenta.

1913 825 2049 891 Quid
2085 837 2263 881 autem
2301 845 2538 884 canones
2570 829 2690 884 dico
2715 871 2728 895 ,
2766 846 2828 886 ac
2871 832 3158 886 discrimen
3190 831 3406 901 aliquod

1842 919 2063 971 statuo?
2100 920 2326 973 Perinde
2353 931 2431 975 est
2467 922 2532 975 de
2566 924 2855 993 Evangelio
2882 923 3082 978 Christi
3114 940 3178 978 ac
3206 924 3271 977 de
3304 925 3408 977 illis

1841 1009 2043 1063 dicere.
2081 1009 2195 1078 Ipse
2228 1013 2371 1064 enim
2403 1013 2581 1067 claves
2609 1014 2759 1081 regni
2787 1015 3047 1068 caelorum
3082 1029 3277 1084 magno
3307 1016 3408 1068 Pe-

1844 1106 1926 1152 tro
1968 1099 2188 1154 tradidit
2239 1101 2324 1154 his
2367 1103 2545 1156 verbis
2592 1119 2604 1154 :
2641 1102 3031 1172 Quemcunque
3075 1105 3299 1159 solveris
3353 1116 3408 1160 et

1841 1203 2221 1260 quemcunque
2248 1192 2501 1262 ligaveris
2527 1235 2540 1259 ,
2581 1203 2681 1248 hoc
2707 1196 2812 1249 erit
2845 1206 2899 1250 et
2930 1196 3059 1250 illud
3087 1197 3149 1249 ³³.
3191 1198 3259 1250 Ει
3287 1212 3409 1250 rur-

1842 1293 1960 1333 sum
1991 1283 2244 1336 omnibus
2275 1285 2533 1352 apostolis
2557 1303 2569 1336 :
2596 1285 2824 1354 Accipite
2852 1285 3108 1353 Spiritum
3134 1296 3405 1340 sanctum:

1842 1385 2060 1438 quorum
2092 1373 2392 1426 remiseritis
2421 1384 2654 1443 peccata,
2681 1378 3019 1430 remittuntur
3050 1379 3159 1440 eis;
3200 1388 3246 1431 et
3276 1394 3405 1447 quo-

1842 1477 1957 1513 rum
1990 1463 2338 1528 retinueritis,
2387 1474 2588 1518 retenta
2638 1478 2760 1520 sunt
2790 1469 2833 1499 ”
2869 1484 2974 1523 :ac
3013 1480 3409 1540 consequenter

1841 1561 2159 1620 potestatem
2188 1555 2561 1611 transmittens
2586 1557 2650 1611 ad
2678 1573 2865 1612 eorum
2889 1575 3249 1625 successores,
3284 1577 3406 1615 cum

1842 1642 1983 1697 idem
2029 1646 2260 1715 egerint.
2327 1647 2572 1717 Cumque
2627 1649 2832 1705 idcirco
2888 1651 3155 1718 Basilius,
3199 1653 3408 1723 ipsique

1842 1752 2106 1806 suppares
2133 1738 2347 1802 sancti,
2389 1756 2624 1796 canones
2667 1752 2922 1813 tanquam
2955 1747 3283 1814 apostolicos
3319 1762 3407 1800 re-

148 1860 257 1892 νων
306 1839 666 1910 δεδεγμένων,
711 1839 897 1892 καθότι
929 1838 1390 1910 ἐξηκολουθήκασι
1436 1843 1598 1912 μηδὲν
1636 1860 1730 1895 κε-

1838 1830 2105 1898 ceperint,
2134 1840 2401 1898 quatenus
2430 1847 2524 1886 eos
2554 1834 2725 1886 secuti
2760 1845 2907 1896 sunt,
2937 1836 3074 1888 nihil
3109 1837 3408 1890 immutan-

151 1930 643 1999 καινοτομηκότες,
694 1928 829 1980 ἀλλὰ
883 1928 978 1980 καὶ
1025 1925 1428 1994 ὲπαυξήσαντες
1480 1928 1619 1981 κατὰ
1673 1928 1733 1980 τὸ

149 2022 302 2074 δέον·
335 2016 480 2075 οὗτοι
527 2019 619 2072 οῦν
661 2019 708 2072 οἰ
748 2019 856 2072 νέοι
881 2017 1304 2086 ψευδαπόστολοι
1344 2017 1734 2086 ἀποφαίνονται

153 2115 516 2184 ἐμπράκτως,
557 2110 632 2182 μὴ
667 2110 884 2174 πάντως
931 2111 1072 2164 κατὰ
1103 2112 1226 2174 τοὺς
1263 2110 1550 2180 κειμένους
1576 2110 1733 2182 ὅρους

150 2208 261 2260 τῶν
290 2206 488 2273 ἁγίων,
526 2206 639 2257 ἀλλ’
671 2204 845 2274 οἰκείᾳ
885 2203 1103 2274 ἐξουσίᾳ
1133 2203 1225 2256 καὶ
1252 2203 1541 2273 διακρίσει,
1583 2202 1734 2274 παρὰ

153 2298 214 2350 to
263 2297 361 2349 ὑπ’
399 2295 578 2348 αὐτῶν
621 2293 1044 2363 διατεταγμένον
1077 2293 1185 2346 ἔσθ’
1219 2294 1307 2345 ὅτε
1351 2293 1580 2345 ἕκαστον
1627 2292 1734 2344 τῶν

155 2387 432 2458 ἰεραρχῶν
457 2389 630 2440 ποιεῖν
651 2402 663 2416 ο
697 2385 843 2438 λύειν
873 2386 928 2437 ὲν
964 2380 1044 2447 οἷς
1083 2384 1143 2436 ού
1174 2383 1302 2454 παρ’
1324 2382 1502 2436 αὐτῶν
1543 2381 1697 2444 λύσις
1718 2398 1732 2411 ο

153 2482 249 2532 καὶ.
301 2480 524 2548 δεσμεῖν
569 2478 652 2546 ἐφ’
696 2468 776 2538 οἷς
819 2475 915 2544 οὐχ
967 2476 1060 2527 ὑπ’
1088 2475 1262 2528 αὐτῶν
1310 2476 1337 2526 6
1380 2473 1595 2542 δεσμός.
1624 2472 1736 2526 Καὶ

153 2571 320 2639 ὁρᾶτε
363 2568 533 2622 ταῦτα
570 2566 915 2635 καθεκάστην
943 2565 1261 2634 γιγνόμενα.
1284 2566 1393 2617 Καὶ
1420 2560 1735 2633 ἐδεϐηλώθη

157 2661 224 2712 τὰ
266 2660 424 2727 ἆγια,
473 2657 567 2711 κά).
597 2657 804 2726 ἑφόδιον
855 2656 1132 2726 ἁμαρτίας
1157 2653 1396 2723 κρύϐδην
1435 2671 1495 2706 τε
1529 2655 1624 2706 καὶ
1655 2654 1735 2715 εἰς

154 2750 465 2820 τούμφανὲς
501 2751 534 2818 ή
582 2747 989 2818 μοιχοσύνοδος·
1029 2746 1122 2799 καὶ
1163 2745 1489 2816 καθαίρεται
1513 2745 1540 2799 6
1565 2744 1735 2799 άκαθ-

155 2844 404 2912 αἱρετοςσ
468 2841 562 2892 καὶ
613 2839 998 2909 χειροτονεῖται
1054 2839 1081 2890 6
1125 2837 1586 2908 διαϐεϐλημένοςο
1639 2836 1735 2889 καὶ

157 2936 308 2986 ἐᾶται
376 2934 405 2984 6
467 2930 785 2985 ὑποπίπτων
844 2929 1035 2982 κανόσι
1094 2928 1516 2998 καθαιρετικοῖς,
1571 2929 1731 2981 ἀνευ-

159 3024 327 3088 ούνως
375 3022 699 3094 ἱερουργῶν,
732 3022 827 3074 καὶ
869 3022 931 3071 ἐκ
962 3019 1333 3089 κελεύσματος
1371 3018 1731 3089 ἀνθρωπίνου,

1837 1930 1937 1985 tes,
1969 1922 2063 1975 sed
2094 1931 2147 1974 et
2177 1922 2566 1991 ampliﬁcantcs
2601 1926 2764 1978 etiam
2800 1935 2963 1995 prout
3002 1929 3362 1983 conveniebat
3392 1946 3404 1979 :

1835 2011 1922 2069 isti
1957 2011 2175 2066 demum
2208 2014 2332 2068 novi
2369 2016 2804 2084 pseudoapostoli
2854 2019 3030 2088 reipsa
3078 2021 3406 2082 ostendunt,

1835 2117 1892 2156 se
1930 2118 2269 2174 nequaquam
2299 2107 2594 2161 secundum
2621 2109 2966 2179 praescriptos
2993 2127 3021 2165 a
3053 2111 3255 2166 sanctis
3297 2122 3406 2166 ter-

1833 2195 2045 2260 minos,
2093 2197 2189 2252 sed
2237 2198 2452 2268 propria
2498 2200 2821 2255 auctoritate
2864 2211 2918 2256 et
2957 2203 3184 2257 arbitrio
3215 2214 3404 2258 contra

1834 2301 1993 2354 quam
2026 2288 2092 2342 ab
2122 2288 2226 2342 illis
2255 2298 2517 2343 statutum
2549 2300 2670 2356 est,
2716 2291 2927 2358 facere,
2957 2294 3083 2346 dum
3114 2295 3408 2364 episcopus

1834 2379 2062 2445 quilibet
2095 2381 2253 2435 solvit
2282 2382 2551 2438 interdum
2579 2423 2593 2448 ,
2635 2383 2724 2438 ubi
2773 2385 2984 2439 solvere
3031 2401 3138 2438 non
3184 2395 3401 2455 potest:

1834 2468 1983 2539 ligat,
2009 2471 2097 2525 ubi
2127 2472 2325 2541 ligandi
2347 2474 2436 2542 jus
2464 2488 2573 2526 non
2608 2473 2790 2527 habet.
2819 2477 2995 2542 Atque
3021 2475 3135 2530 haec
3159 2476 3405 2546 qu0tidie

1836 2560 1952 2614 ﬁeri
1987 2563 2253 2629 cernitis;
2298 2574 2352 2618 et
2398 2565 2622 2634 profana
2667 2575 2793 2620 sunt
2830 2574 3014 2620 sancta
3039 2609 3054 2632 ,
3105 2576 3159 2622 et
3197 2569 3402 2637 peccati

1837 2651 2087 2706 illecebra
2118 2654 2255 2708 clam
2285 2654 2570 2723 palamque
2610 2655 2749 2710 facta
2785 2667 2869 2710 est
2905 2658 3359 2729 mcechosynodus
3386 2677 3400 2724 ;

1837 2745 2239 2818 deponiturque
2288 2747 2378 2818 qui
2425 2749 2621 2818 deponi
2672 2766 2782 2803 non
2835 2750 3030 2815 debet,
3079 2759 3132 2805 et
3185 2751 3404 2806 ordina-

1839 2844 1926 2888 tur
1965 2838 2055 2905 qui
2125 2837 2343 2891 infamia
2417 2838 2661 2902 laborat,
2704 2845 2759 2891 et
2819 2839 2910 2906 qui
2967 2839 3268 2893 canonibus
3311 2839 3404 2893 de-

1835 2927 2160 2996 positionem
2230 2928 2591 3000 irrogantibus
2658 2929 2925 2984 obnoxius
2994 2939 3116 2993 est,
3185 2930 3405 2998 impune

1836 3034 1986 3073 sacra
2048 3018 2225 3074 facere
2301 3000 2679 3089 permittitur:
2745 3020 2987 3089 ﬁuntque
3047 3036 3112 3074 ex
3160 3021 3406 3090 iussione

160 3117 250 3167 καὶ
308 3117 410 3169 οὐκ
464 3117 526 3168 ὲκ
579 3114 760 3184 ψήφου
813 3111 962 3174 Θείας
1006 3111 1101 3162 καὶ
1157 3109 1468 3179 κανονικῆς,
1509 3111 1562 3161 αἱ
1600 3126 1733 3180 προ-

1840 3106 2112 3173 humana,
2161 3122 2268 3161 non
2318 3109 2413 3162 Dei
2459 3117 2515 3163 et
2563 3123 2834 3164 canonum
2885 3109 3140 3175 decreto,
3184 3125 3404 3179 promo-

162 3206 333 3259 ϐολαί.

229 3297 356 3361 Καὶ,
409 3295 510 3364 φεῦ
573 3312 698 3363 μοι,
746 3293 843 3361 τῆς
892 3288 1290 3359 ταλαιπωρίας,
1341 3287 1518 3341 πάντα
1562 3304 1731 3339 καταο

159 3385 491 3455 τραγῳδείνί
553 3384 648 3436 καί⁸
705 3381 786 3444 τίς
830 3379 964 3449 ἔχων
1009 3377 1236 3448 καρδίαν
1265 3375 1604 3445 αἰσθητικὴν,
1636 3375 1734 3426 οὐκ

163 3477 312 3544 ἀλγεῖ
340 3479 440 3530 καὶ⁹
463 3475 634 3527 στένει
657 3489 671 3537 ;
699 3472 806 3524 Καὶ
836 3473 986 3532 ποῖος
1016 3468 1138 3529 νοῦς
1165 3465 1338 3519 ταῦτα
1364 3463 1735 3534 ἀναθρώσκων

164 3566 252 3616 καὶ
286 3564 634 3635 συμϐάλλων,
665 3559 763 3630 ούχ
791 3561 1047 3630 ὁμολογεί
1075 3558 1336 3628 αἱρέσεων
1365 3557 1462 3625 τὴν
1497 3554 1735 3608 ἀποστά-

162 3673 311 3723 τριαν
349 3653 494 3708 εἶναι
537 3651 772 3724 Χριστοῦ
802 3671 815 3717 ;
851 3652 944 3705 καὶ
991 3649 1092 3702 ποῦ
1134 3666 1222 3718 μοι
1255 3648 1430 3700 πάντα
1459 3645 1637 3713 λέγειν
1666 3646 1736 3697 τά

164 3758 298 3803 κατά
337 3748 488 3811 νοῦν,
517 3748 610 3799 κα)⁵
643 3744 992 3815 ὑπερϐαίνειν
1039 3740 1236 3810 μέτρον
1269 3737 1591 3807 ὲπιστολῆς;
1631 3735 1735 3788 Εὑ-

165 3842 395 3895 σύνοπτα
457 3845 526 3894 τά
576 3837 865 3906 λεγόμενα,
916 3835 976 3887 ού
1009 3831 1451 3902 κεκομψευμένα,
1497 3829 1558 3882 οὐ
1612 3829 1735 3879 δυσ-

165 3931 353 4000 νόητα⁹
398 3929 463 3984 τὸ
509 3930 628 3998 μὲν,
669 3930 751 3981 ὅτι
788 3924 911 3980 οὐδὲ
941 3921 1052 3993 ἐγὼ
1086 3923 1380 3992 ὑψηγορείν
1417 3918 1732 3988 δυνάμενος,

164 4021 294 4074 ἀλλὰ
315 4023 406 4075 καὶ
438 4021 560 4074 λίαν
587 4021 784 4087 ὀλίγος,
817 4018 911 4071 καὶ
933 4015 1263 4086 όλιγόλογος,
1296 4013 1389 4066 καὶ
1417 4011 1733 4081 βραχύγνω-

167 4127 302 4175 στος,
340 4114 478 4166 αὐτὰ
519 4110 689 4164 ταῦτα
735 4110 802 4162 δι’
832 4110 994 4179 εὐχῆς
1037 4107 1130 4161 τοῦ
1167 4104 1346 4160 κοινοῦ
1387 4105 1598 4174 Πατρὸς
1641 4103 1735 4156 καὶ

168 4203 312 4272 ὑμῶν
340 4204 480 4274 ἔχων
505 4221 519 4233 ο
554 4202 613 4255 τὸ
637 4203 692 4254 δὲ
724 4201 815 4254 καὶ
849 4201 933 4252 διὰ
955 4200 1014 4253 τό
1048 4214 1200 4258 τινας
1231 4195 1381 4265 ὑμῶν
1412 4195 1485 4264 μὴ
1531 4192 1734 4263 ἰσχύειν

169 4292 630 4364 δογματικώτερον
661 4291 1093 4360 καταλαμϐάνειν
1123 4290 1219 4359 τὴν
1249 4287 1478 4356 αἵρεσιν,
1505 4285 1596 4338 καὶ
1620 4284 1732 4354 ἅμα

169 4383 243 4435 ὅτι
273 4388 362 4438 καὶ
387 4384 593 4446 ἁπλοῦς
626 4385 654 4436 6
681 4383 837 4450 λόγος
879 4384 976 4452 τῆς
1020 4380 1310 4450 ἀληθείας⁸
1350 4379 1384 4446 ἦ
1426 4395 1485 4428 τε
1529 4377 1734 4446 αἵρεσις

1841 3197 2036 3252 tiones.

1907 3291 1974 3343 Et
1996 3329 2013 3355 ,
2065 3289 2167 3344 heu
2213 3289 2344 3343 mihi
2375 3291 2387 3343 l
2437 3298 2674 3361 quantus
2704 3290 2857 3347 dolor
2887 3300 2972 3346 est
3003 3291 3183 3347 omnia
3216 3292 3406 3361 deplo-

1838 3380 1993 3433 rare?
2026 3389 2080 3433 et
2110 3381 2359 3449 quisnam
2392 3396 2552 3435 sensu
2599 3383 2779 3451 aliquo
2812 3383 3075 3453 praeditus
3121 3399 3226 3435 non
3258 3383 3406 3437 dolet

1837 3482 1890 3526 et
1921 3472 2266 3543 ingemiscit?
2293 3482 2346 3526 et
2377 3488 2496 3542 quae
2526 3489 2679 3528 mens
2705 3474 2807 3528 ista
2843 3483 3095 3543 spectans
3126 3481 3180 3528 et
3212 3490 3407 3544 expen-

1837 3565 1992 3629 dens,
2024 3580 2133 3618 non
2165 3565 2453 3619 conﬁtetur
2477 3566 2828 3619 desertricem
2880 3564 3081 3620 Christi
3109 3580 3228 3621 esse
3265 3566 3407 3621 hanc

1839 3654 2133 3709 hteresim?
2179 3664 2233 3708 et
2271 3671 2368 3708 cur
2410 3655 2592 3708 omnia
2631 3671 2752 3724 quae
2796 3655 2849 3708 in
2891 3655 3073 3710 animo
3119 3666 3410 3710 versantur

1837 3761 2175 3816 expromam,
2202 3755 2254 3800 et
2282 3746 2521 3814 epistola:
2551 3745 2768 3800 modum
2791 3747 3089 3800 excedam?
3116 3747 3408 3816 Comperta

1836 3846 1964 3891 sunt
1992 3852 2112 3906 quae
2145 3837 2266 3892 dico
2286 3880 2300 3902 ,
2337 3853 2444 3891 non
2473 3835 2608 3891 scite
2639 3836 2937 3906 composita
2961 3879 2973 3901 ,
3003 3852 3109 3889 non
3145 3836 3411 3901 difﬁcilia,

1838 3931 1964 3984 licet
1995 3945 2100 3982 non
2136 3929 2332 3998 dignus
2359 3927 2449 3997 qui
2482 3928 2689 3991 audiar,
2730 3928 3010 3996 utriusque
3040 3927 3410 3993 concordiam,

1835 4037 1934 4092 per
1965 4036 2128 4092 quam
2156 4029 2210 4074 et
2235 4019 2432 4074 clarius
2461 4020 2658 4072 emicat
2687 4018 2869 4074 radius
2897 4019 3141 4073 veritatis
3165 4061 3178 4082 ,
3208 4028 3264 4074 et
3290 4035 3414 4088 pra-

1835 4114 1974 4167 vitas
2016 4110 2090 4166 illi
2127 4109 2553 4172 adversantium,
2600 4108 2687 4162 vel
2738 4109 2917 4177 potius
2965 4117 3234 4163 nocturna
3281 4109 3411 4173 lux,

1838 4201 2112 4256 intellectu
2140 4218 2152 4254 :
2196 4200 2392 4272 partim
2431 4200 2554 4269 quia
2584 4215 2691 4255 non
2723 4215 2842 4255 sum
2872 4200 3122 4256 sublimia
3147 4201 3412 4270 loquendi

1836 4294 2093 4348 facultate
2123 4293 2416 4363 praeditus,
2466 4291 2558 4346 sed
2598 4291 2780 4346 tenuis
2815 4290 3104 4345 admodum
3144 4302 3199 4345 et
3234 4289 3415 4359 exigui

1837 4385 2109 4440 sermonis
2131 4425 2145 4449 ,
2177 4392 2233 4438 et
2259 4393 2500 4455 angustae
2529 4383 2773 4438 scientiae
2800 4423 2814 4447 ,
2861 4383 2977 4436 haec
3006 4382 3121 4452 ipsa
3160 4381 3416 4452 precibus

172 4479 387 4547 φανερὰ,
424 4479 519 4531 καὶ
553 4476 974 4545 άδογμάτιστος,
1007 4475 1099 4526 καὶ
1131 4471 1282 4526 παιδὶ
1305 4469 1734 4540 εὐκατάληπτος.

1845 4475 2027 4530 Patris
2054 4475 2362 4530 communis
2391 4489 2454 4528 ac
2490 4473 2687 4528 vestris
2720 4473 2988 4541 adeptus;
3020 4471 3216 4542 partim
3248 4471 3411 4525 etiam

171 4560 237 4636 Ὦ
287 4570 391 4639 γὰρ
447 4571 476 4622 ό
528 4567 658 4629 Θεὸς
712 4562 852 4628 εἰπε,
883 4565 1142 4633 σύντομος
1188 4565 1215 4615 ό
1263 4562 1440 4630 λόγος.
1475 4556 1632 4615 Οὗτοι
1683 4561 1741 4612 οὐ

176 4662 501 4730 στοιχοῦσιν·
550 4660 683 4714 ἀλλὰ
734 4657 831 4711 καὶ
879 4656 1222 4725 στοιχοῦντας
1265 4654 1743 4723 ἀναθεματίζουσι.

1841 4568 1984 4637 quod
2018 4568 2267 4621 nonnulli
2292 4577 2528 4622 vestrum
2563 4565 2953 4620 accuratiorem
2985 4564 3210 4619 haeresis
3249 4579 3414 4632 expo-

1844 4659 2096 4712 sitionem
2127 4673 2322 4725 capere
2355 4666 2628 4726 nequeant
2655 4673 2668 4710 :
2705 4655 2924 4708 demum
2951 4693 2966 4719 ,
2999 4653 3138 4722 quod
3186 4651 3414 4721 simplex

175 4746 286 4817 Δῴη
338 4752 392 4804 δὲ
440 4754 570 4821 ὑμῖν
604 4751 762 4819 χάριν
814 4749 840 4799 6
891 4748 1091 4817 Κύριος
1132 4747 1224 4800 ἐπὶ
1263 4748 1447 4811 πᾶσιν,
1486 4746 1734 4816 ἀγαπητὰ

1843 4750 1914 4802 sit
1943 4750 2189 4804 veritatis
2220 4749 2392 4803 oratio
2413 4790 2427 4814 ,
2475 4757 2530 4802 et
2582 4748 2804 4802 haaresis
2834 4748 2950 4800 hac
2993 4744 3275 4798 manifesta
3305 4744 3411 4808 sit,

175 4833 351 4892 τέκνα.

1838 4849 1894 4893 et
1915 4840 2177 4895 doctrinm
2201 4854 2413 4908 expers,
2445 4847 2498 4892 ct
2526 4855 2687 4908 quam
2716 4852 2849 4906 puer
2874 4835 3045 4906 possit
3074 4850 3285 4904 capere.
3314 4833 3411 4888 Cui

181 4926 316 4981 enim
349 4930 487 4985 Deus
521 4930 796 4998 loquitur,
842 4929 890 4982 ei
925 4927 1104 4982 brevis
1146 4936 1231 4981 est
1275 4942 1473 4982 sermo.
1523 4927 1584 4981 lli
1631 4946 1735 4984 non
1776 4944 1922 4986 recta
1985 4934 2264 4996 incedunt,
2293 4943 2348 4986 et
2378 4941 2525 4988 recta
2587 4932 2904 4987 incedentes
2931 4927 3411 4988 anathematizant.

185 5019 278 5074 Det
318 5033 492 5079 autem
547 5024 701 5078 vobis
744 5022 1009 5077 Dominus
1058 5021 1284 5091 gratiam
1340 5022 1392 5074 in
1448 5021 1740 5086 omnibus,
1783 5023 1964 5078 dilecti
2000 5025 2115 5079 ﬁlii.

279 5133 392 5188 AZ'.
442 5166 512 5176 -—
562 5137 775 5202 Ἰωσηφ
836 5134 1285 5202 ἁρχιεπισκόπῳ
1341 5135 1647 5188 Θεσσαλο-

770 5205 964 5270 νίκης.
1011 5202 1158 5275 [τεκ]

1891 5136 2153 5191 XXXVII.
2184 5167 2250 5178 —-
2278 5137 2499 5207 Joaepho
2541 5136 2927 5202 archiepiscopo
2981 5133 3377 5188 Thessalonica.

1389 5337 1645 5386 Adversus
1678 5336 1878 5385 eosdem
1915 5335 2196 5383 haereticos.

243 5456 335 5509 Διὰ
373 5460 466 5529 τῆς
507 5461 1009 5529 ταπεινοφροσύνης
1050 5462 1146 5513 καὶ
1178 5460 1366 5529 σοφίας
1401 5478 1516 5524 σου,
1554 5463 1662 5530 τῆς
1684 5477 1742 5513 τε

183 5544 304 5610 πρός
339 5565 400 5615 με
423 5552 512 5605 τὸν
544 5551 887 5622 ταλαίπωρον
911 5553 1152 5622 ἀγάπης,
1176 5551 1268 5603 καὶ
1295 5552 1432 5622 ὑπὲρ
1457 5552 1611 5617 άξίαν
1640 5567 1742 5620 μου

183 5629 546 5710 ἀποτιμήσεώς
575 5660 690 5706 σου,
711 5644 777 5696 τὰ
803 5641 896 5696 νῦν
926 5661 1015 5713 μοι
1043 5642 1444 5712 ἐπεσταλμένα,
1474 5640 1742 5712 εἰλικρινῆ

248 5745 289 5777 ³³
319 5748 497 5811 Matth.
528 5773 636 5820 va,
679 5757 759 5810 i9.
842 5758 885 5789 ”
923 5757 1081 5813 Joan.
1123 5774 1218 5824 xx,
1254 5756 1345 5811 ἓξ.

1922 5458 2088 5527 Digna
2131 5457 2434 5511 humilitate
2473 5471 2538 5510 ac
2575 5455 2836 5526 sapientia
2888 5464 2976 5508 tua
3003 5493 3018 5517 ,
3064 5460 3119 5506 et
3155 5452 3416 5508 charitate

1851 5567 1974 5621 erga
2022 5565 2108 5606 me
2156 5550 2416 5604 miserum
2444 5589 2457 5615 ,
2498 5561 2561 5601 ac
2597 5548 2663 5602 de
2700 5561 2785 5600 me
2816 5560 2981 5615 supra
3011 5558 3171 5613 quam
3203 5559 3419 5597 mereor

1849 5641 2208 5696 aestimatione
2257 5648 2385 5694 sunt
2417 5653 2479 5694 ea
2517 5653 2638 5707 qua:
2681 5637 2748 5691 ad
2795 5650 2881 5692 me
2922 5650 3067 5690 nunc
3113 5633 3415 5703 scripsisti;
