4008 6318
566 332 700 396 1039

1747 318 1808 378 S.
1837 309 2230 374 THEODORI
2267 307 2614 369 STUDlT/E

3671 292 3833 356 1040

561 447 828 500 sinceram
871 449 925 496 et
974 441 1342 506 incorruptam
1373 449 1437 488 ex
1483 430 1728 484 radiante
1780 425 1961 479 anima
1994 432 2083 477 tua
2113 460 2129 485 ,
2164 463 2170 482 ι

2279 419 2329 473 αὶ
2358 418 2713 486 ἀσύμφυρτον
2740 408 3113 482 τηλαυγοῦντα
3139 406 3201 458 ὲκ
3237 404 3334 473 τῆς
3363 401 3700 470 φωτοειδοῦς
3738 420 3843 455 σου

563 550 644 591 ter
696 537 852 589 beate
898 533 972 586 mi
1021 531 1370 598 fratripater,
1425 519 1783 578 dill'undentia
1824 515 2132 569 veritatem.

562 629 733 694 Quam
763 625 1129 694 amplexatus,
1163 618 1361 690 gratias
1387 615 1468 685 egi
1499 612 1714 668 Christo
1740 605 1998 663 desiderii
2029 603 2137 657 mei

565 718 848 790 expletori,
874 717 1138 769 bonorum
1162 708 1406 764 omnium
1432 701 1703 772 largitori;
1735 697 1926 767 quidni
1956 695 2140 750 enim?

568 822 618 865 te
647 808 871 863 scientia
892 802 1238 872 locupletem.
1267 797 1490 865 zeloque
1515 787 1886 850 convenienti,
1920 799 1982 838 ac
2012 795 2138 853 ger-

568 916 785 957 manum
821 902 1080 966 praeterea
1124 887 1433 946 communis
1472 882 1649 937 Patris
1694 878 1864 933 tilium
1891 915 1904 937 ,
1943 885 2142 930 conve-

569 992 771 1048 nientia
804 988 961 1043 nobis
995 981 1235 1039 minimis
1266 986 1322 1034 et
1362 988 1555 1044 sapere
1581 1012 1595 1036 ,
1649 979 1704 1024 et
1739 967 1792 1022 in
1829 965 2009 1018 animo
2044 961 2144 1014 ha-

571 1086 720 1139 bere.
761 1082 831 1135 At
883 1077 1023 1133 belle
1067 1087 1200 1130 sane
1248 1070 1390 1132 ista,
1425 1081 1549 1121 cum
1597 1064 1649 1116 in
1701 1060 1842 1113 votis
1895 1055 2144 1117 habeam,

572 1176 698 1229 licet
725 1187 832 1226 non
862 1170 1059 1240 dignus
1091 1163 1179 1234 qui
1219 1160 1431 1224 audiar,
1465 1156 1751 1222 utriusque
1779 1146 2148 1204 concordiam,

573 1281 669 1336 per
694 1277 856 1334 quam
884 1268 940 1315 et
964 1257 1164 1312 clarius
1187 1253 1386 1307 emicat
1416 1248 1598 1303 radius
1623 1241 1871 1298 veritatis
1901 1281 1914 1304 ,
1943 1247 1998 1292 et
2027 1251 2151 1307 gra-

574 1360 710 1412 vitas
745 1355 820 1410 illi
862 1347 1263 1407 adversantium
1292 1386 1307 1410 ,
1347 1341 1434 1396 vel
1479 1337 1661 1409 potius
1701 1341 1970 1386 nocturna
2015 1328 2108 1380 lux
2135 1361 2151 1386 ,

575 1457 864 1504 encrvatur
890 1484 904 1507 ,
945 1452 1001 1497 et
1041 1437 1284 1496 tenebris
1318 1430 1636 1489 oﬂunditur.
1683 1425 1821 1479 Cum
1866 1430 2048 1475 autem
2097 1417 2155 1471 in

579 1537 776 1594 litteris
807 1533 1132 1604 reperissem
1174 1520 1464 1580 necessarii
1502 1516 1861 1576 divisionem;
1902 1511 2155 1579 ignosce,

579 1629 833 1699 obstupui
860 1646 872 1681 :
906 1641 1015 1680 non
1046 1623 1192 1677 enim
1224 1628 1306 1671 est
1335 1616 1448 1669 hazc
1479 1606 1796 1667 necessarii,
1827 1603 1923 1657 sed
1946 1599 2159 1655 contin-

581 1692 771 1796 gentis,
803 1721 943 1791 quod
978 1715 1239 1771 trifariam
1264 1708 1525 1764 dividitur
1545 1744 1559 1767 ,
1590 1703 1642 1756 in
1678 1700 1732 1754 id
1763 1696 1905 1766 quod
1937 1692 2156 1762 saepius,

2241 508 2440 580 ψυχῆς,
2495 502 2768 576 τρισόλϐιέ
2819 519 2921 572 μου
2955 498 3347 567 ἀδελφοπάτορ,
3397 494 3499 564 τὴν
3533 493 3845 563 ἀλήθειαν·

2243 602 2311 670 ἣν
2346 596 2733 666 ἀσπασάμενος
2779 591 3158 662 ηὑχαρίστησα
3194 586 3270 655 τῷ
3309 584 3690 654 άποπληρωτῇ
3738 582 3849 649 τῆς

2247 690 2537 759 ἐπιθυμίας
2583 685 2683 756 μοῦ
2726 682 2963 752 Χριστῷ,
2989 679 3066 750 τῷ
3108 678 3214 732 τῶν
3241 676 3418 730 καλῶν
3444 675 3718 727 ἁπάντων
3754 674 3850 724 δο-

2247 782 2375 849 τῆρι
2394 796 2405 808 ·
2442 778 2538 832 καὶ
2573 777 2691 839 πῶς
2712 792 2778 842 γε
2803 773 2922 843 οὐχί
2947 789 2962 838 ;
2993 768 3242 840 γνώσεώς
3270 780 3330 820 σε
3361 765 3852 834 πεπλουτιαμένον

2251 873 2402 933 ὄντα,
2455 869 2551 922 καὶ
2583 867 2748 935 ζήλου
2782 863 2875 917 τοῦ
2905 861 3292 932 προσήκοντος,
3326 857 3500 920 ἄλλως
3535 873 3596 908 τε
3637 855 3856 907 τέκνον

2253 959 2506 1031 ἀληθινὸν
2535 956 2629 1010 τοῦ
2657 953 2840 1009 κοινοῦ
2870 953 3105 1022 Πατρδς,
3138 950 3347 1020 συνῳδά
3389 950 3521 1020 ἡμῖν
3552 950 3672 1010 τοῖς
3714 946 3859 998 ἐλα-

2253 1054 2460 1123 χίστοις
2503 1050 2600 1104 καὶ
2632 1048 2848 1119 φρονεῖν
2877 1044 2971 1098 καὶ
3011 1040 3463 1096 συνδιατίθεσθαι.
3504 1038 3646 1091 Ἀλλ’
3685 1032 3753 1090 εὖ
3788 1050 3856 1102 γε

2259 1145 2358 1214 μὲν
2381 1143 2572 1197 ταῦτα’
2603 1137 2880 1193 εὐκταιότε
2892 1153 2983 1208 ρον
3004 1134 3220 1204 ἔχοντός
3249 1149 3349 1202 μου
3374 1129 3468 1183 τοῦ
3492 1127 3858 1184 ἀνακούστου

2256 1236 2357 1306 τὴν
2385 1232 2710 1304 ἀμφοτέρων
2734 1228 3044 1300 ὁμοφωνίαν
3066 1244 3080 1256 ·
3112 1225 3179 1279 δι’
3200 1224 3266 1294 ἢν
3293 1224 3327 1292 ἥ
3359 1239 3417 1274 τε
3443 1221 3542 1291 τῆς
3574 1219 3858 1289 ἀληθείας

2259 1329 2414 1390 ἀκτὶς
2454 1325 2756 1397 μαρμαίρει
2784 1321 3184 1391 λαμπρότερον,
3219 1317 3312 1372 καὶ
3337 1317 3369 1385 ή
3399 1315 3508 1367 τῶν
3538 1314 3858 1368 ἀντιδιατι-

2262 1417 2506 1487 θεμένων
2529 1415 2665 1484 αὐτῇ
2703 1412 3004 1479 σκολιότης,
3041 1407 3241 1476 μᾶλλον
3264 1407 3320 1459 δὲ
3351 1403 3682 1471 νυκταυγία,
3713 1403 3860 1455 ἀπο·

2263 1505 2549 1579 νευροῦταί
2597 1521 2656 1557 τε
2690 1504 2787 1557 καὶ
2821 1498 3208 1567 άποξοφοῦται.
3252 1493 3515 1566 Εὑρηκὼς
3549 1495 3596 1548 δ’
3627 1497 3690 1546 ὲν
3740 1495 3859 1554 τοῖς

2264 1599 2557 1668 γράμμασι
2605 1594 2705 1666 τὴν
2753 1592 2846 1644 τοῦ
2876 1589 3172 1658 ἀναγκαίου
3212 1586 3495 1656 διαίρεσιν,
3537 1581 3857 1651 σύγγνωθι,

2267 1687 2610 1759 ἀπηνεώθην.
2642 1685 2717 1737 Οὺ
2751 1683 2860 1754 γὰρ
2893 1681 3030 1752 αῦτη
3062 1679 3153 1732 τοῦ
3185 1677 3502 1744 ἀναγκαίου,
3538 1675 3634 1727 τοῦ
3663 1675 3727 1726 δὲ
3765 1675 3858 1723 ἐν·

582 1759 771 1796 κει-διδ,
803 1759 943 1791 ιμιυυ
979 1759 1239 1771 ...ια-.--η
1268 1759 1316 1764 _-
1339 1759 1410 1762 .-τ
1445 1759 1454 1760 κ
1548 1759 1558 1767 ,
1781 1759 1792 1766 _
2015 1759 2027 1762 ν

582 1815 724 1885 quod
750 1809 1028 1881 tequaliter
1048 1845 1064 1871 ,
1106 1813 1160 1858 et
1191 1799 1334 1871 quod
1364 1796 1558 1851 rarius.
1601 1788 1805 1844 Prioris
1843 1793 2022 1839 autem
2048 1822 2062 1846 ,
2100 1780 2154 1833 in

2279 1777 2572 1848 ἱεχομένου,
2603 1776 2630 1828 6
2659 1774 2914 1843 διῄρηται
2954 1769 3186 1839 τριχῶς·
3221 1767 3296 1828 εἷς
3328 1782 3387 1816 τε
3425 1763 3486 1816 16
3525 1762 3622 1815 ἐπὶ
3657 1759 3855 1821 πλέον,

2342 1869 2353 1885 ο
2547 1867 2609 1885 ηλ
2651 1863 2973 1885 1_'Il\___-..
3027 1856 3134 1885 'l‘...".
3175 1857 3227 1885 ιι
3262 1854 3526 1885 ..ΑλολΑΑιι
3582 1853 3661 1885 ρι’-
3701 1866 3762 1885 QE
3797 1850 3855 1885 ab

583 1871 828 1977 praesens
855 1911 909 1956 et
942 1898 1186 1953 futurum
1226 1911 1238 1946 :
1282 1887 1477 1944 deinde
1508 1879 1792 1954 praesentis
1821 1876 1988 1930 altera
2017 1871 2160 1926 divi-

585 1961 667 2052 sio
696 1997 749 2049 in
781 1993 1084 2061 subjectum
1126 1993 1182 2040 et
1224 1980 1616 2052 praedicatum:
1659 1986 1782 2027 eum
1823 1967 1954 2022 illud
1980 2007 1994 2030 ,
2035 1961 2163 2033 quia

585 2087 783 2157 sapius
810 2079 1069 2151 contingit
1098 2117 1112 2142 ,
1142 2076 1197 2129 in
1227 2071 1496 2128 exsistens
1523 2083 1536 2119 :
1572 2076 1626 2121 et
1649 2063 1791 2118 istud
1823 2062 1875 2115 in
1907 2070 2161 2114 necessa-

590 2179 731 2232 rium
753 2172 970 2232 transit,
997 2147 1105 2222 non
1131 2174 1307 2218 tamen
1331 2154 1567 2212 vicissim
1592 2154 1695 2208 hoc
1719 2152 1773 2205 in
1801 2147 1954 2212 illud,
1976 2157 2166 2214 quam-

589 2270 673 2324 vis
703 2266 829 2321 inde
847 2259 1158 2320 descendat.

662 2467 781 2523 Non
811 2464 957 2520 enim
997 2460 1039 2516 si
1077 2457 1207 2530 quid
1240 2457 1349 2528 jam
1382 2445 1748 2506 necessarium
1771 2487 1784 2507 ,
1822 2438 2085 2498 continuo
2117 2442 2172 2488 et

596 2561 937 2630 contingens.
971 2554 1030 2608 Si
1064 2525 1192 2622 quid
1238 2525 1417 2602 autem
1447 2551 1503 2596 ut
1542 2535 1838 2609 plurimum
1867 2525 2168 2595 contingit;

597 2669 696 2724 per
727 2652 778 2706 id
801 2665 908 2720 quo
931 2644 1161 2707 exsistit,
1197 2638 1391 2695 transit
1425 2642 1815 2697 nonnunquam
1871 2625 1925 2676 in
1975 2633 2173 2675 neces-

599 2748 820 2803 sarium.
903 2744 1078 2809 Atque
1140 2736 1236 2796 ita,
1302 2727 1482 2783 omnis
1532 2725 1696 2778 homo
1769 2710 2171 2788 grammaticus,

608 2837 802 2907 aliquis
863 2835 1024 2886 homo
1087 2821 1479 2896 grammaticus
1531 2833 1545 2868 :
1597 2825 1832 2882 quorum
1863 2804 2014 2876 prius
2041 2799 2164 2869 qui-

604 2932 726 2986 dem
813 2894 1152 2991 contingens,
1233 2923 1410 2986 potest
1484 2907 1630 2962 enim
1699 2899 1851 2962 ﬁeri;
1947 2894 2176 2948 alterum

606 3037 769 3085 vero,
829 3017 873 3073 si
941 3013 1102 3069 modo
1149 3017 1301 3063 actus
1369 3000 1544 3062 adsit,
1609 2992 2018 3051 necessarium;
2073 2986 2180 3037 isto

607 3121 788 3166 autem
832 3105 1120 3165 exstincto,
1170 3093 1435 3152 abscessit
1479 3097 1632 3144 actus
1689 3077 1983 3138 necessarii
2015 3096 2024 3128 :
2053 3076 2178 3141 hoc,

2261 1869 2481 1938 ἐπίσης,
2521 1867 2618 1919 καὶ
2648 1865 2734 1917 ἐπ’
2757 1863 2994 1916 ἔλαττον.
3027 1856 3135 1911 Τοῦ
3174 1857 3230 1908 6‘s
3262 1854 3548 1926 προτέρου,
3581 1853 3661 1913 εἷς
3701 1866 3764 1901 τε
3797 1850 3857 1899 τὸ

2263 1963 2460 2032 παρὸν,
2495 1962 2588 2014 καὶ
2617 1959 2872 2027 ὲσόμενον
2895 1969 2907 1982 ·
2941 1949 3058 2007 εἶτα
3097 1951 3192 2004 τοῦ
3234 1950 3502 2019 παρόντος
3543 1946 3858 2014 ὲπιδιαίρεο

2266 2071 2382 2118 σις’
2428 2054 2506 2115 είς
2560 2051 2749 2111 ἀΐδιον,
2777 2048 2872 2101 καὶ
2911 2047 2991 2108 εἰς
3035 2045 3094 2096 16
3128 2043 3238 2095 ἐστ’
3275 2043 3342 2094 ἂν
3466 2039 3573 2092 Τοῦ
3626 2036 3688 2090 δὲ
3735 2036 3853 2088 ἐστ’

2265 2145 2332 2200 ἂν
2363 2140 2417 2214 ἦ,
2457 2140 2828 2211 ὑποδιαίρεσις
2871 2137 2950 2198 είς
2995 2135 3056 2188 16
3096 2132 3453 2201 ὑποκείμενον
3486 2130 3580 2185 καὶ
3613 2143 3859 2196 κατηγο-

2271 2236 2571 2306 ρούμενον·
2613 2229 2707 2283 τοῦ
2741 2229 2815 2290 ὼς
2853 2227 2948 2279 ἐπὶ
2977 2223 3113 2276 πολὺ
3151 2220 3502 2291 ἐνδεχομένου
3541 2217 3859 2288 χωροῦντος

2269 2331 2346 2390 εἰς
2374 2327 2433 2379 16
2458 2324 2701 2395 ὑπάρχον
2722 2337 2734 2351 ·
2765 2319 2858 2371 106
2884 2318 2961 2383 δὲ,
2993 2317 3073 2378 είς
3109 2315 3166 2367 τὸ
3190 2315 3508 2381 ἀναγκαῖον.

2342 2435 2417 2487 Οὐ
2453 2434 2558 2504 μὴν
2588 2427 3058 2499 ἀντιστρέφοντος,
3095 2424 3143 2478 εί
3175 2424 3267 2477 καὶ
3307 2421 3515 2475 ἐκεῖθεν
3547 2416 3859 2477 κατιόντος·

2272 2531 2332 2583 οὑ
2376 2529 2484 2598 γὰρ
2539 2525 2591 2579 εί
2635 2542 2689 2577 τι
2728 2524 3019 2590 ἀναγκαῖον
3050 2521 3150 2592 Ιἤδη
3181 2519 3272 2572 καὶ
3295 2516 3679 2585 ἐνδεχόμενονο
3717 2511 3773 2564 εἴ
3808 2528 3859 2562 τι

2273 2621 2329 2674 δὲ
2357 2620 2417 2672 16
2440 2619 2515 2680 ὼς
2546 2616 2640 2670 ἐπὶ
2669 2615 2802 2668 πολὺ
2830 2613 3200 2684 ἐνδεχόμενον,
3227 2608 3412 2660 ὁδεῦον
3441 2607 3528 2659 διὰ
3564 2605 3738 2673 μέσου
3763 2603 3857 2655 τοῦ

2279 2712 2637 2781 ὑπάρχοντος,
2673 2707 2781 2760 ἐστ’
2815 2706 2880 2758 ἂν
2975 2703 3290 2769 ἀναγκαῖον.
3323 2700 3434 2751 Καὶ
3467 2699 3599 2766 γοῦν
3629 2697 3741 2757 πᾶς
3767 2694 3858 2746 ἀν-

2279 2804 2494 2873 θρωπος
2535 2797 2938 2871 γραμματικὸς,
2971 2793 3064 2846 καὶ
3094 2792 3174 2854 τίς
3205 2790 3492 2860 ἄνθρωπος
3535 2804 3860 2858 γραμματι-

2280 2893 2394 2954 κός.
2436 2890 2597 2942 Ἀλλά
2621 2890 2681 2942 16
2713 2889 2808 2958 μὲν
2834 2885 3048 2955 πρῶτον
3084 2880 3432 2950 ἐνδεχόμενον
3451 2895 3464 2910 ·
3502 2876 3731 2929 δυνατὸν
3753 2877 3859 2944 γὰρ

2281 2981 2565 3049 γενέσθαιο
2601 2978 2661 3030 16
2705 2977 2760 3028 δὲ
2806 2973 3052 3041 δεύτερον
3110 2973 3424 3038 ἀναγκαῖον,
3465 2967 3554 3020 ἐπ’
3592 2965 3660 3019 ἂν
3713 2965 3861 3018 ἔστιν

2285 3073 2558 3142 ἐνέργεια·
2598 3063 2658 3123 o6
2687 3067 2958 3129 θανέντος,
2987 3064 3196 3133 ἀπέστη
3227 3067 3259 3134 ὴ
3307 3061 3444 3115 κατά
3472 3060 3530 3112 16
3561 3059 3862 3125 ἀναγκαῖον

609 3145 788 3166 ιρις...
832 3145 1120 3165 υ-.,....ν.ν,
1170 3145 1431 3152 ___--_-_,

609 3205 855 3272 inquam,
896 3207 979 3252 est
1007 3195 1052 3249 si
1082 3192 1172 3256 sit,
1204 3188 1457 3244 videlicet
1494 3178 1733 3251 quandiu
1782 3184 1900 3235 est;
1953 3170 2170 3223 alterum

2286 3165 2554 3233 ἐνέργεια.
2584 3158 2754 3213 Τοῦτό
2786 3174 2970 3228 φησιν,
2995 3156 3106 3209 ἐστ’
3133 3156 3197 3208 ἂν
3227 3152 3282 3225 ᾖ,
3315 3154 3373 3205 16
3402 3153 3507 3213 ἕως
3538 3150 3605 3203 ἂν
3635 3145 3694 3222 ᾖ,
3721 3150 3858 3220 ἦτοι.

2289 3254 2352 3272 vi“
2411 3252 2459 3272 ex
2508 3251 2692 3272 01-----.
2748 3249 2802 3272 ,λ
2845 3249 3051 3272 --.ι--..-
3084 3244 3228 3272 -.εον
3253 3245 3389 3272 2......
3421 3243 3572 3272 ικῖ..
3613 3240 3858 3272 λιῖἱλιιυῖ-

609 3311 740 3352 vero
773 3294 828 3348 in
865 3305 930 3345 eo
951 3287 1094 3358 quod
1127 3292 1212 3339 est
1249 3291 1525 3347 nunquam
1557 3272 1797 3326 variatur
1828 3283 1841 3318 :
1875 3257 2182 3332 cujusmodi

610 3393 740 3439 sunt
791 3355 1014 3442 aeterna,
1071 3371 1298 3444 angelus
1339 3376 1394 3421 et
1422 3363 1624 3419 anima.
1677 3355 1832 3424 Quod
1873 3368 2005 3423 ergo
2035 3362 2183 3418 qua:-

614 3476 833 3531 rebatur
858 3471 967 3539 jam
1000 3477 1290 3522 tenemus:
1327 3468 1387 3513 ut
1417 3455 1507 3526 qui
1553 3466 1679 3508 reus
1722 3457 1806 3505 est
1844 3442 2070 3501 canonis
2116 3439 2183 3493 de

613 3561 1199 3635 contingenti,p(enam
1216 3551 1489 3609 interdum
1520 3553 1740 3616 propter
1761 3541 1920 3596 aliam
1947 3533 2184 3592 hominis

618 3625 1024 3723 improbitatem
1055 3645 1320 3703 sustineat
1348 3641 1466 3710 ejus
1495 3637 1585 3707 qui
1620 3643 1703 3690 est
1732 3633 1800 3687 de
1830 3625 2137 3684 necessario
2168 3641 2183 3688 ;

614 3757 670 3800 at
710 3759 819 3801 non
868 3741 958 3796 hic
993 3738 1232 3792 vicissim
1283 3734 1403 3803 ejus
1433 3729 1523 3798 qui
1553 3727 1620 3781 de
1650 3719 2006 3792 contingenti.
2040 3715 2184 3771 Fieri

615 3837 758 3892 enim
791 3847 897 3887 non
934 3836 1133 3900 potest,
1169 3840 1291 3880 cum
1347 3817 1668 3890 :equivaleat
1698 3814 1806 3880 jam
1840 3806 2182 3880 impossibili,

616 3940 775 3979 nume
808 3920 1072 3990 siquidem
1112 3914 1254 3986 quod
1281 3906 1633 3981 impossibile,
1663 3903 1804 3958 idem
1831 3916 1926 3971 per
1955 3911 2184 3953 conver-

616 4016 824 4068 sionem
853 4006 1218 4064 necessarium
1245 4011 1330 4058 est
1361 4019 1373 4053 :
1407 3995 1680 4068 quomodo
1706 3989 2077 4048 necessarium
2102 3994 2187 4041 est

617 4106 783 4160 solem
816 4104 1019 4162 lucere,
1073 4097 1166 4151 sed
1215 4103 1269 4148 et
1322 4087 1658 4161 impossibile
1690 4093 1775 4139 est
1824 4097 1932 4136 non
1980 4080 2182 4134 lucere.

616 4197 768 4263 Quod
799 4207 928 4246 vero
944 4189 1198 4246 sanctitas
1221 4195 1310 4240 tua
1335 4183 1465 4237 dicit
1492 4175 1783 4248 aliquando
1812 4188 1919 4227 non
1947 4170 2180 4224 luxisse:

620 4288 805 4355 utique
834 4285 887 4337 in
912 4279 1167 4334 Passione
1194 4273 1418 4340 Christi,
1457 4287 1582 4326 nam
1615 4269 1682 4324 de
1709 4274 1871 4321 nocte
1907 4261 2052 4317 haud
2075 4256 2188 4313 scio

619 4395 726 4449 quo
756 4386 932 4446 pacto.
966 4373 1093 4428 l-lzec
1123 4385 1287 4442 porro
1312 4375 1440 4421 sunt
1466 4362 1731 4435 prodigia,
1765 4373 1872 4411 non
1908 4359 2187 4412 consueta,

621 4487 721 4525 nec
755 4467 1055 4540 regularia;
1091 4464 1186 4519 sed
1219 4461 1302 4515 vel
1348 4473 1529 4526 supra,
1567 4454 1650 4507 vel
1684 4458 1878 4522 praeter
1909 4454 2185 4499 naturam:

2289 3254 2361 3306 T6
2407 3252 2464 3304 δὲ
2508 3251 2714 3321 ἕτερον,
2746 3249 2807 3302 16
2844 3249 3052 3320 μήποτε
3083 3244 3228 3299 τοῦθ’
3253 3245 3389 3313 ὅπερ
3421 3243 3572 3294 ἐστὶν
3613 3240 3860 3294 ἀλλοιού-

2291 3360 2451 3413 μενον
2472 3358 2485 3371 ’
2516 3338 2604 3396 οἷα
2632 3341 2700 3394 τὰ
2723 3341 2891 3402 ἀΐδια,
2933 3337 3160 3407 ἄγγελος
3189 3336 3282 3388 καὶ
3311 3334 3477 3404 ψυχή.
3508 3333 3617 3387 Καί
3645 3351 3710 3401 γε
3742 3333 3858 3404 έχο-

2293 3452 2392 3505 μεν
2413 3433 2473 3486 τὸ
2500 3432 2662 3505 ζητού
2673 3450 2829 3503 μενον
2853 3449 2865 3462 ·
2899 3431 3038 3483 ὥστε
3059 3427 3148 3481 τὸν
3177 3427 3371 3480 ἁλόντα
3401 3426 3736 3497 ἐνδεχομένῳ
3759 3443 3859 3478 κα·

2289 3524 2421 3586 νόνι,
2457 3522 2739 3576 πείσεσθαι
2771 3521 2917 3574 ἔστιν
2949 3519 3036 3570 ὅτε
3083 3517 3171 3570 διὰ
3205 3515 3305 3586 τὴν
3333 3514 3425 3568 τοῦ
3471 3515 3664 3584 ἀνδρὸς
3698 3513 3858 3582 ἀλλην

2294 3615 2615 3686 μοχθηρίαν,
2645 3614 2712 3668 τὰ
2739 3611 2831 3666 τοῦ
2856 3608 2993 3663 κατὰ
3021 3609 3082 3661 τὸ
3108 3609 3403 3675 ἀναγκαῖον
3430 3607 3682 3676 κειμένου
3704 3620 3718 3633 ⁵
3748 3605 3857 3658 ἀλλ’

2289 3710 2410 3778 οὐχὶ
2461 3707 2610 3760 τοῦδε
2651 3705 2718 3758 τά
2746 3703 2838 3756 τοῦ
2864 3700 3004 3754 κατὰ
3037 3703 3098 3753 16
3130 3699 3499 3769 ἐνδεχόμενον.
3529 3698 3606 3750 υὺ
3634 3697 3741 3768 γάρ
3779 3697 3858 3749 ὲν-

2290 3799 2536 3869 δέχεται·
2583 3794 2995 3867 ίσορῤοποῦντος
3046 3793 3148 3863 ἤδη
3196 3790 3274 3862 τῷ
3307 3790 3575 3860 ἀδυνάτῳ.
3612 3791 3725 3843 Πᾶν
3753 3791 3855 3859 γὰρ

2291 3889 2319 3941 δ
2363 3887 2640 3951 ἀδύνατον,
2689 3882 3183 3956 ἀντεστραμμένως
3227 3881 3322 3934 καὶ
3367 3881 3702 3948 άναγκαῖοντ
3747 3874 3856 3932 οἷον

2293 3981 2587 4047 ἀναγκαῖον
2615 3977 2706 4030 16v
2730 3975 2880 4046 ¹ἣλιον
2911 3974 3149 4044 λάμπειν
3171 3988 3184 4002 ·
3210 3971 3347 4026 ἀλλά
3374 3972 3468 4026 καὶ
3497 3971 3758 4026 ἀδύνατον
3782 3971 3852 4039 μή

2292 4072 2550 4142 λάμπειν.
2587 4069 2657 4121 T6
2691 4068 2746 4121 δὲ
2788 4067 2948 4135 φάναι
2989 4065 3087 4135 τὴν
3126 4064 3435 4134 ἁγιωσύνην
3473 4061 3570 4116 σού
3611 4079 3739 4116 ποτε
3781 4063 3850 4132 μὴ

2291 4163 2537 4234 λάμψαι·
2584 4162 2799 4223 πάντως
2842 4159 2934 4212 ἐπὶ
2974 4156 3066 4210 τοῦ
3112 4157 3317 4220 πάθους
3347 4154 3440 4210 106
3480 4154 3733 4227 Χριστοῦ.
3770 4155 3851 4207 Ἐν

2297 4257 2452 4310 νυκτὶ
2480 4256 2586 4324 γάρ
2631 4255 2730 4306 οὐκ
2758 4250 2855 4305 οἶδ’
2882 4252 3048 4314 ὅπως.
3076 4249 3259 4303 Ταῦτα
3289 4249 3346 4302 δὲ
3377 4248 3598 4318 τέρατα,
3633 4247 3726 4300 καὶ
3757 4248 3852 4300 οὐκ

2297 4350 2516 4418 ἔννομα,
2575 4346 2691 4400 οὐδὲ
2742 4343 3046 4412 ὲγκάνονα-⁶
3101 4340 3214 4392 ἀλλ’
3247 4341 3383 4409 ὑπὲρ
3416 4339 3664 4406 (piam?)
3712 4340 3850 4408 παρὰ

2298 4441 2457 4510 φύσιν
2482 4456 2493 4468 ·
2540 4439 2629 4490 καὶ
2667 4439 2724 4490 16
2774 4436 2871 4504 μὲν
2901 4434 3110 4504 πρῶτον
3135 4431 3284 4500 δηλοῖ
3315 4432 3347 4500 ἡ
3381 4429 3620 4500 Χριστοῦ
3663 4431 3852 4482 οίκονεν-

621 4515 721 4525 ""'
755 4515 1055 4540 ’νιν-’νην
1094 4515 1185 4519 υτ
1417 4515 1429 4526 .
1519 4515 1527 4520 -
1686 4515 1700 4522 -

621 4577 852 4633 quorum
888 4559 1119 4611 alterum
1165 4551 1406 4607 declarat
1433 4545 1634 4600 Christi
1687 4537 1986 4594 inearnatio
2018 4551 2028 4585 :
2060 4532 2164 4585 alte

2302 4533 2396 4600 μία
2424 4548 2436 4560 υ
2467 4530 2526 4580 16
2555 4527 2606 4578 δὲ
2645 4527 2913 4595 δεύτερον,
2942 4526 2974 4592 ἠ
3008 4522 3101 4574 νῦν
3132 4522 3469 4592 παρανομία,
3504 4520 3736 4589 μάλιστα
3758 4522 3848 4573 οὐκ

622 4671 738 4709 rum
773 4664 1011 4723 praesens
1051 4644 1325 4714 iniquitas,
1356 4654 1464 4693 non
1495 4638 1546 4690 in
1583 4634 1764 4687 abdito
1799 4643 1899 4682 nec
1930 4627 1982 4678 in
2017 4634 2191 4678 trans-

622 4721 784 4800 cursu
817 4740 974 4802 facta,
1005 4735 1100 4789 sed
1140 4732 1314 4802 palam
1345 4735 1505 4796 atque
1537 4725 1589 4777 in
1622 4721 1755 4791 legis
1780 4729 2004 4771 .morem
2059 4723 2191 4764 con-

697 5177 738 5250 ὁ
775 5168 1238 5263 prazvarieantium
1271 5183 1585 5242 audaciam!
1641 5177 1836 5246 quibus
1885 5178 2083 5240 quanta
2123 5168 2194 5220 ob

629 5288 933 5343 divinarum
975 5284 1174 5351 legum,
1205 5279 1288 5331 vel
1322 5275 1498 5344 potius
1518 5268 1786 5337 Evangelii
1814 5273 2191 5326 canonuunque

629 5374 800 5430 ferme
835 5372 1077 5427 omnium
1108 5373 1477 5432 contemptum
1524 5374 1682 5428 poena
1727 5353 2040 5423 impendet;
2081 5357 2194 5401 tan-

630 5476 742 5520 tum
780 5461 1070 5516 humilibus
1099 5457 1256 5511 nobis
1286 5451 1560 5522 impendet
1592 5446 1910 5517 periculum,
1966 5444 2010 5495 si
2061 5439 2190 5508 quid

629 5555 696 5608 de
725 5551 900 5606 ofﬁcio
932 5545 1375 5603 subtraxerimus.
1402 5541 1658 5606 Quaenam
1690 5544 1868 5587 autem
1918 5531 2194 5600 dispensa-

624 5643 704 5696 tio
731 5655 850 5695 esse
875 5647 1178 5707 queaterga
1217 5649 1309 5688 eos
1335 5631 1426 5700 qui
1455 5644 1576 5684 cum
1609 5624 1837 5679 adulteri
1878 5623 2192 5691 copulatore

631 5730 976 5796 sacriﬁcant,
1017 5728 1217 5797 quique
1260 5723 1505 5778 adulterii
1551 5715 1932 5772 conﬁrmatrici
1991 5711 2194 5782 synodo

2291 4625 2348 4674 ὲν
2375 4619 2668 4688 ἀποϐύστῳ
2702 4619 2796 4669 καί⁷
2817 4617 2890 4678 ὼς
2921 4617 2977 4667 ὲν
3022 4614 3376 4690 παρεκδρομῇ
3426 4612 3714 4682 γενομένη,
3744 4613 3847 4665 ἀλλ’

2289 4710 2544 4780 ἐμφανῶς
2580 4710 2674 4760 καὶ
2717 4709 2796 4769 εἰς
2825 4705 2986 4775 νόμον
3017 4703 3382 4774 κρατυνθεῖσα
3420 4702 3480 4754 τὸ
3520 4701 3642 4754 καθ’
3672 4703 3844 4772 αὐτὴν,

2178 4838 2191 4860 ,
2291 4801 2377 4854 διὰ
2405 4802 2505 4870 τῆς
2531 4797 2813 4866 συνοδικῆς
2846 4794 3100 4866 πράξεως
3124 4811 3137 4825 ’
3177 4794 3273 4847 καὶ
3306 4795 3405 4862 τῆς
3432 4792 3542 4845 τῶν
3570 4792 3709 4863 ὑπὲρ
3733 4795 3847 4858 diu.

2293 4890 2444 4952 θείας
2471 4885 2836 4955 ἐνισταμένων
2860 4882 3165 4952 ὲξορίσεως,
3189 4882 3263 4945 ὡς
3280 4882 3370 4934 ὲπί
3395 4897 3538 4943 τινος
3559 4881 3847 4933 τούναντίον

2294 4982 2453 5033 θείων
2479 4979 2714 5031 κανόνων
2744 4975 3128 5045 παραϐάσεως,
3160 4971 3560 5042 τάληθέστερον
3587 4970 3644 5024 δὲ
3670 4972 3841 5034 εἰπεῖν,

2300 5071 2560 5139 στιϐαρᾶς
2596 5070 2689 5121 καὶ
2721 5067 2963 5137 πονηρᾶς
2991 5065 3271 5135 αἱρέσεως.

2375 5162 2437 5212 Ὢ
2467 5159 2564 5225 τῆς
2591 5159 2793 5226 τόλμης
2824 5157 2932 5208 τῶν
2965 5154 3280 5226 δρασάντων
3307 5155 3318 5206 l
3352 5148 3431 5216 οἷς
3461 5154 3586 5205 ὅσον
3620 5154 3673 5205 :6
3697 5156 3845 5206 κατὰ·

2297 5269 2470 5322 κριμα
2501 5254 2597 5318 τῆς
2628 5249 2734 5301 τῶν
2771 5248 2929 5301 θείων
2957 5247 3156 5316 νόμων,
3190 5245 3386 5315 μᾶλλον
3419 5244 3474 5297 δὲ
3509 5244 3603 5296 τοῦ
3637 5244 3845 5313 Εὑαγγεο

2296 5343 2406 5395 λίου
2474 5342 2566 5393 καὶ
2633 5341 2849 5393 πάντων
2917 5339 3100 5407 σχεδὸν
3167 5336 3404 5388 κανόνων
3455 5335 3840 5405 καθυϐρίσεωςο

2295 5435 2546 5489 τοσοῦτον
2575 5434 2707 5504 ἡμῖν
2739 5434 2850 5494 τοῖς
2875 5425 3506 5491 ταπεινοῖςὲπικίνδυνον
3535 5426 3840 5494 καθυφιοῦσί

2296 5546 2347 5579 τι
2373 5526 2465 5579 τοῦ
2507 5525 2823 5595 πρέποντος.
2862 5523 2983 5583 Πῶς
3030 5522 3071 5573 δ’
3103 5520 3168 5573 ἂν
3202 5518 3287 5587 εἴη
3334 5515 3619 5587 οίκονομία
3667 5520 3718 5570 ὲν
3751 5521 3842 5580 τοῖς

2303 5617 2769 5687 συλλειτουργοῦσι
2800 5615 2878 5685 τῷ
2907 5613 3288 5684 μειχοζεύκτῃ,
3311 5611 3402 5664 καὶ
3434 5610 3736 5680 προάρξασι
3762 5610 3842 5676 τῆς

2304 5708 2702 5782 μοιχοκυρώτου
2758 5706 3009 5771 συνόδου,
3043 5704 3117 5767 ὼς
3158 5704 3185 5755 ὁ
3232 5703 3371 5764 θείος
3412 5702 3517 5771 ἔφη
3558 5700 3839 5762 Βασίλειος;
