4008 6318
165 379 296 442 1041

1379 385 1915 449 EPISTOLARUM
1956 390 2102 452 LIB.
2128 393 2176 448 Ι.

3301 393 3442 459 1042

157 495 298 568 Φησὶ
333 497 464 567 γὰρ,
504 495 766 562 πολλάκις
790 497 886 552 καὶ
911 497 1036 560 τούς
1064 499 1175 560 τοῖς
1206 499 1602 564 ἀνυποτάκτοις
1629 519 1736 556 συν·

1858 503 2222 573 przefuerunt,
2263 514 2324 558 ut
2377 505 2592 560 divinus
2648 499 2724 561 ait
2757 507 3026 565 Basilius?
3081 509 3213 568 Dicit
3267 514 3435 580 enim,

158 591 524 656 ἀπελθόντας,
577 593 664 646 ἐπ’
703 593 769 646 ἂν
815 591 1285 662 μεταμεληθιῦσιν,
1317 594 1396 656 είς
1440 593 1539 664 τὴν
1579 594 1750 667 αὐτὴν

155 684 525 755 ἀποδέχεσθαι
565 685 740 751 τάξιν,
773 685 889 738 ἀλλ’
921 684 983 736 οὐ
1034 685 1166 752 παρ’
1201 684 1388 754 ἡμῶν⁹
1424 687 1584 756 εἰπερ
1617 689 1750 741 ποτὲ

157 779 252 831 καὶ
278 779 600 847 μεταγνοῖεν
617 793 630 808 ⁸
658 779 809 848 παρά
834 777 890 830 δὲ
923 775 1033 830 τῶν
1060 774 1450 848 [taleas-acin
1470 778 1545 840 ὡς
1562 782 1589 833 ὁ
1611 779 1752 843 θεῖος

154 870 263 939 ἔφη
305 870 602 935 Διονύσιος.
634 872 715 926 Τά
744 871 915 925 πλείω
952 870 1158 940 ἀφίημι
1207 874 1274 942 τῇ
1309 872 1524 926 συνέσει
1553 891 1647 927 σου
1680 876 1751 927 ie-

157 961 269 1030 ρῶς
303 963 565 1036 ίσχυούσῃ
588 964 914 1018 ἐποπτεύειν
941 963 1010 1015 τά
1049 963 1199 1032 ἡμᾶς
1225 961 1579 1020 λανθάνοντα.
1612 963 1751 1029 Δόξα

154 1052 278 1122 Θεῷ
327 1053 422 1106 ἐπὶ
473 1057 540 1125 τῇ
590 1055 699 1109 τῶν
731 1053 978 1123 ἀδελφῶν
1013 1053 1298 1116 ἀπολύσει,
1330 1055 1488 1125 εἴπερ
1523 1054 1745 1123 ἀληθές.

155 1145 295 1209 Δόξα
335 1144 456 1217 Θεῷ
495 1147 589 1200 καὶ
633 1147 762 1217 περὶ
804 1146 904 1215 τῆς
940 1145 1186 1199 θεοδότου
1219 1163 1335 1208 σου,
1374 1146 1570 1215 ἀδελφέ
1622 1165 1746 1217 μου,

154 1238 482 1307 καρτερίας,
519 1239 577 1291 ὲν
627 1241 739 1302 τοῖς
781 1238 888 1292 τῶν
917 1237 1102 1291 αὐτόθι
1137 1237 1392 1307 σκληροῖς
1430 1238 1523 1291 καὶ
1553 1238 1746 1309 ἀπεριο

152 1329 388 1400 τμήτοις
433 1327 512 1399 τῷ
562 1330 831 1400 πνεύματι
873 1329 1199 1400 κεντήμασι.
1242 1329 1489 1400 Χαρίζου
1527 1348 1617 1400 μοι
1649 1332 1748 1401 τὴν

154 1419 333 1470 εἰσαεὶ
358 1416 688 1488 ὑπόμνησιν,
719 1418 1101 1489 νηφαλεοῦσάν
1136 1436 1203 1490 με
1245 1418 1338 1472 τὸν
1370 1419 1705 1486 νυστάξοντα
1731 1437 1743 1451 ·

151 1508 271 1564 εἶτα
332 1512 428 1564 καὶ
481 1510 577 1565 νῦν
635 1512 788 1585 ἱερὰν
845 1511 1154 1582 προσευχὴν
1197 1511 1338 1566 πάνυ
1372 1511 1612 1572 πάντων,
1649 1512 1745 1565 τοῦ

149 1603 207 1654 δὲ
257 1603 476 1674 Πατρός
526 1603 686 1674 ἡμῶν
737 1606 834 1658 καὶ
876 1605 970 1658 σοῦ
1025 1604 1412 1674 διαφερόντως,
1470 1603 1745 1674 χρῄζοντι.

150 1695 472 1767 Μεμάθηκα
504 1699 864 1767 πεποιηκέναι
911 1714 972 1751 σε
1017 1696 1203 1768 χάριτι
1247 1694 1486 1767 Χριστοῦ
1527 1694 1747 1766 πόνημά

151 1805 239 1841 τι·
297 1790 414 1858 καὶ,
457 1791 506 1844 εί
553 1790 818 1857 κελεύεις,
865 1789 1247 1860 ἀναγνώσαιμι
1303 1787 1434 1841 αὐτὸ
1483 1787 1743 1856 ἐπ’ὼφε-

153 1881 301 1953 λείᾳ.

549 2000 679 2053 AH'.
704 2028 770 2039 —
800 1996 1077 2066 Ἀρσενίῳ
1109 1995 1318 2063 τέκνῳ.
1363 1994 1511 2068 [ρδ’.]

1853 611 1997 666 saepe
2049 596 2169 652 illos
2211 597 2375 652 etiam
2411 600 2504 667 qui
2553 600 2606 653 in
2635 601 3018 657 obedientilms
3067 604 3438 672 adhieserunt,

1853 695 2140 757 postquam
2169 702 2264 742 eos
2291 688 2625 757 plenituerit,
2666 691 2717 744 in
2757 693 3009 747 eumdem
3041 695 3264 764 gradum
3296 696 3437 750 reci-

1854 778 2064 846 pit,sed
2096 793 2438 848 nequaquam
2475 795 2503 833 a
2533 781 2711 846 nobis,
2743 782 2788 836 si
2814 783 2974 836 modo
3011 799 3248 851 unquam
3282 799 3436 838 erro-

1853 884 1965 922 rem
1998 879 2315 940 agnoscent.
2344 887 2531 926 verum
2567 887 2594 924 a
2625 875 3002 944 comparibus,
3033 884 3090 929 ut
3116 875 3192 929 ait
3223 875 3448 930 divinus

1852 959 2162 1032 Dionysius.
2219 963 2425 1017 Caetera
2469 964 2719 1033 relinquo
2776 966 3081 1035 prudentiae
3134 976 3270 1031 tute,
3317 983 3438 1037 quae

1850 1060 2030 1120 potest
2060 1053 2223 1106 etiam
2253 1069 2316 1107 ea
2347 1070 2468 1122 quae
2512 1071 2613 1109 nos
2644 1055 2833 1120 latent,
2867 1067 3054 1113 sancte
3101 1059 3433 1128 perspicere.

1851 1141 1996 1197 Laus
2030 1144 2138 1197 Deo
2172 1153 2227 1200 et
2258 1145 2328 1199 de
2362 1145 2590 1199 fratrum
2627 1147 2970 1213 liberatione,
3017 1149 3061 1202 si
3102 1166 3288 1204 verum
3331 1160 3434 1205 est.

1851 1233 1994 1287 Laus
2030 1234 2140 1288 Deo
2176 1237 2326 1290 etde
2361 1244 2474 1299 tua,
2513 1237 2582 1290 mi
2622 1238 2822 1301 frater,
2855 1238 3116 1294 divinitus
3148 1240 3272 1295 data
3307 1255 3431 1295 con-

1851 1330 2074 1394 stantia,
2107 1330 2162 1384 in
2191 1331 2342 1385 duris
2383 1342 2438 1386 et
2477 1332 2872 1388 incircumcisis
2911 1334 3104 1402 spiritu
3155 1335 3434 1390 hominum

1852 1422 2081 1476 istorum
2114 1422 2367 1478 stimulis.
2409 1422 2628 1495 Largire
2670 1425 2803 1478 mihi
2849 1435 3164 1494 perpetuam
3195 1427 3438 1481 admoni-

1851 1513 2076 1578 tionem,
2109 1529 2229 1584 quae
2256 1531 2344 1569 me
2365 1515 2751 1570 dormitantem
2783 1516 3212 1585 expergefaciat;
3241 1518 3435 1574 deinde

1848 1614 1902 1658 et
1927 1621 2073 1659 nunc
2107 1621 2287 1660 sacras
2313 1622 2506 1676 preces
2547 1609 2793 1662 omnium
2841 1623 3094 1677 prorsus,
3135 1613 3229 1664 sed
3261 1609 3436 1666 Patris

1849 1697 2019 1751 nostri
2051 1706 2106 1752 et
2147 1707 2267 1752 tuas
2314 1698 2679 1768 potissimum,
2732 1700 3018 1771 indigenti.
3053 1700 3223 1757 Didici
3258 1713 3310 1756 te
3339 1718 3437 1773 per

1846 1786 2050 1843 Christi
2098 1790 2324 1859 gratiam
2374 1805 2513 1859 Opus
2565 1791 2784 1860 aliquod
2827 1792 3177 1857 elaborasse;
3237 1793 3340 1859 fac,
3388 1796 3434 1861 si

1781 1870 1820 1924 Β
1853 1880 2050 1950 placet,
2086 1889 2144 1934 ut
2172 1895 2297 1934 cum
2328 1880 2561 1935 utilitate
2587 1881 2782 1953 legam.

2244 1993 2536 2049 XXXVIII.
2563 2026 2633 2036 —
2664 1996 2879 2051 Arsem‘o
2920 1999 3050 2067 ﬁlio.

749 2113 925 2164 Scelus
948 2111 1149 2163 nomine
1181 2113 1564 2176 dispensationis
1590 2116 1928 2174 praetexentes
1959 2109 2164 2161 refellit.
2200 2111 2399 2174 (Baron.
2436 2126 2515 2162 an.
2552 2112 2662 2172 787,
2692 2125 2738 2160 n.
2773 2114 2876 2175 58.)

231 2218 454 2273 Ἢλίκον
484 2217 690 2290 ἐχάρην
712 2218 805 2272 καὶ
825 2217 1014 2284 τανῦν,
1041 2216 1308 2288 ἀναγνούς
1343 2236 1437 2273 σου
1470 2219 1539 2274 τὰ
1560 2218 1743 2290 γράμ-

153 2329 322 2380 ματα,
390 2311 579 2365 τέκνον
649 2308 1060 2364 ποθεινότατον
1125 2311 1186 2364 οὐ
1245 2309 1502 2364 τοσοῦτον
1559 2312 1618 2365 ἐν
1671 2313 1740 2380 τῇ

150 2402 491 2472 ἀνεῳχθείσῃ
524 2419 606 2455 σοι
635 2402 834 2470 μᾶλλον
867 2401 1009 2473 θύρᾳ
1038 2401 1139 2469 τῆς
1172 2401 1308 2473 πρὸς
1332 2402 1595 2472 ἀδελφοὺς
1621 2419 1742 2455 συν-

147 2496 339 2563 τυχίας
409 2495 456 2545 εί
485 2493 580 2545 καὶ
609 2493 745 2562 αὐτὴ
775 2493 1004 2545 εὐκταία
1023 2509 1037 2522 ·
1082 2493 1203 2545 ὅσον
1231 2493 1323 2545 ἐπὶ
1351 2495 1416 2562 τῇ
1444 2493 1546 2562 τῆς
1570 2493 1742 2560 γλώτο

150 2602 246 2654 της
271 2584 526 2654 εὐχάριτι
548 2583 703 2647 Θεοῦ,
726 2583 792 2635 δι’
812 2576 880 2652 ἧς
905 2583 1104 2645 κλείεις
1124 2583 1190 2635 τά
1215 2583 1473 2636 ἀπύλωτα
1495 2584 1740 2654 στόματα

156 2675 261 2728 τῶν
291 2675 699 2746 αἱρετιζόντων.
740 2674 1008 2744 Προσθείη
1059 2692 1142 2727 σοι
1185 2675 1476 2745 τοιγαροῦν
1521 2675 1601 2727 ἔτι
1628 2675 1740 2727 Κύ-

166 2784 274 2835 pro;
317 2767 476 2834 λόγον
514 2765 762 2834 γνώσεώς
811 2782 871 2817 τε
912 2766 1012 2818 καὶ
1055 2767 1266 2835 σοφίας,
1299 2767 1740 2837 διακατελέγχειν

160 2859 282 2920 τούς
311 2858 413 2926 τῆς
464 2857 746 2920 εὐσεϐείας
778 2854 1274 2926 προ[σ]ασπιστάς·
1305 2859 1381 2921 ὡς
1418 2859 1482 2911 ἂν
1513 2859 1622 2924 ἕξει
1655 2877 1738 2912 σοι

155 2946 209 3002 εὖ
245 2949 393 3018 μάλα
418 2948 499 3018 τῷ
529 2949 657 3018 θείῳ
687 2949 848 3002 Δαυῒδ
880 2949 1218 3018 συμψάλλειν
1247 2967 1258 2978 ·
1285 2950 1355 3004 Τὸ
1391 2953 1585 3021 στόμα
1616 2970 1735 3020 μου

151 3042 386 3110 ἦνοιξα,
437 3041 536 3096 καί
577 3041 836 3094 εἵλκυσα
886 3041 1154 3111 πνεῦμα·
1203 3043 1291 3096 ὅτι
1339 3044 1445 3109 τὰς
1483 3044 1737 3109 ἐντολάς

151 3154 264 3190 σου
325 3137 442 3190 οὐκ
499 3135 899 3204 ἐπελαθόμην.
956 3135 1090 3187 Καθ’
1131 3129 1205 3189 ὧν
1264 3135 1629 3207 λυττὴσαντες
1686 3140 1736 3191 οἱ

151 3228 646 3299 Μοιχειανίζοντες,
678 3227 853 3280 ἐκεῖνό
884 3244 1000 3289 πως
1025 3227 1085 3279 τὸ
1110 3227 1384 3297 Γραφικὸν
1421 3230 1602 3290 αὐτοῖς
1624 3229 1735 3292 τοῖς

152 3321 328 3387 ἔργοις
366 3319 740 3389 φθέγγονται·
787 3317 1043 3371 Ἀπόστα
1071 3319 1170 3372 ἀπ’
1196 3319 1363 3387 ἐμοῦ,
1408 3320 1587 3385 ὁδούς
1616 3338 1731 3375 σου

149 3411 367 3466 ειδέναι
398 3412 473 3464 οὺ
507 3410 831 3477 βούλομαι.
871 3410 930 3462 Εἰ
960 3409 1066 3479 γὰρ
1105 3410 1342 3479 ⁴ᾔδεισαν,
1369 3412 1468 3462 οὐκ
1500 3413 1564 3464 ἂν
1592 3430 1730 3482 παρ-

153 3501 350 3571 έϐησαν
382 3500 452 3554 τὰ
481 3499 576 3552 τοῦ
606 3475 814 3568 Κυρίου
844 3475 1154 3566 ἐντάλματα
1179 3515 1190 3527 ·
1221 3498 1320 3550 οὐκ
1351 3499 1412 3552 ἂν
1445 3475 1730 3572 παραϐάν-
1759 3475 1800 3531 C

149 3610 257 3655 τες,
281 3591 604 3661 οἰκονομίαν
634 3591 901 3660 σωτήριον
931 3593 996 3658 τῇ
1029 3589 1326 3660 Ἐκκλησία
1368 3591 1604 3660 Χριστοῦ
1631 3592 1730 3654 τὰς

151 3684 494 3753 παραϐάσεις
541 3680 834 3744 συνοδικῶς
878 3680 1255 3750 ὲδογμάτιζον,
1298 3681 1388 3733 ὐπ’
1427 3683 1729 3753 ἀναθέματι

149 3776 252 3828 τῶν
277 3775 486 3838 ταύτας
517 3774 590 3844 μὴ
619 3772 760 3827 οὐτω
793 3773 1188 3842 προσιεμένων.
1211 3774 1392 3842 Ὅπερ
1426 3775 1620 3838 ἀσεϐὲς
1643 3776 1730 3828 δό-

150 3882 261 3934 γμα
294 3865 550 3920 τοσοῦτόν
584 3867 753 3927 ἐστιν,
788 3863 862 3927 ὡς
893 3865 967 3934 μὴ
1002 3866 1159 3933 μόνον
1188 3865 1248 3916 τὸ
1287 3866 1431 3935 ἱερὸν
1481 3867 1728 3937 Εὐαγγέο

150 3958 256 4012 λιον
284 3958 635 4029 ἀνατρέπειν,
683 3957 825 4010 κατὰ
861 3956 922 4008 τὸ
953 3959 1017 4010 ὲκ
1052 3958 1251 4027 μέρους
1285 3957 1446 4024 φύσιν
1485 3958 1627 4029 ἔχειν
1666 3960 1728 4014 τὸ

149 4049 263 4103 ὅλον
291 4046 730 4119 ἀνατρέπεσθαι⁸
762 4045 900 4100 ἀλλὰ
934 4049 1026 4106 καὶ
1060 4047 1229 4117 αὐτὴν
1256 4047 1625 4119 τὴννΧριστοῦ
1657 4051 1726 4102 ol-

150 4142 403 4212 κονομίαν
442 4142 684 4210 ἀναιρεῖν
708 4155 724 4172 ο
753 4139 1071 4208 ἀναιρετικά
1109 4139 1216 4208 γὰρ
1250 4138 1492 4209 ἀλλήλων
1529 4140 1726 4192 τάναν-

150 4229 256 4284 τία.
289 4232 411 4284 Ὀτι
455 4229 513 4282 δὲ
545 4228 764 4282 ἐναντία
813 4228 846 4297 ἡ
885 4226 1269 4296 μοιχοζευξία,
1301 4227 1727 4296 δογματισθεῖσα

152 4323 415 4392 σωτήριος
450 4319 756 4389 οἰκονομία,
787 4320 852 4388 τῇ
889 4317 1030 4387 θείᾳ,
1062 4319 1159 4370 καὶ
1187 4317 1272 4370 ἐπ’
1301 4319 1576 4387 ἀναιρέσει
1629 4321 1727 4388 τῆς

151 4414 420 4483 ἁμαρτίας
450 4411 760 4481 οἰκονομίᾳ,
787 4408 949 4462 παντί
976 4425 1078 4462 που
1103 4409 1282 4478 δῆλον.
1321 4409 1482 4464 Ἀλλά
1515 4411 1614 4480 μὲν
1634 4406 1726 4466 οὖν

155 4505 239 4554 καὶ
266 4503 473 4574 ἑτέρων
503 4500 870 4570 ἀσεϐημάτων
893 4499 1040 4552 ἐστὶν
1067 4500 1361 4570 ἐπίμεστος
1387 4501 1419 4570 ὴ
1453 4504 1727 4571 μοιχοσύν-

149 4596 290 4657 οδος·
321 4595 378 4659 ἃ,
419 4597 471 4647 εἰ
502 4592 818 4663 περιτύχοις
861 4591 1026 4644 πάλιν
1074 4591 1200 4644 ἰδεῖν
1238 4591 1328 4646 τὸν
1367 4592 1592 4662 ἀδελφὸν
1621 4596 1725 4649 Εὐ-

151 4687 467 4755 πρεπιανὸν,
497 4683 794 4747 ὐποδείξειέ
827 4699 931 4736 σοι.

220 4863 472 4935 Ἐρῤωσο
499 4862 595 4915 καὶ
632 4860 899 4921 εὐσθένει,
935 4859 1147 4926 τέκνον,
1182 4862 1570 4933 ἀμφοτέρωθεν
1599 4867 1724 4930 τοὺς

152 4953 437 5023 βάλλοντας
465 4953 737 5024 ἀοράτως,
756 4951 1036 5004 ὲκϐἀλλων
1065 4952 1256 5021 κράτει
1279 4952 1532 5020 πίστεως,
1557 4957 1723 5025 φόϐου

148 5058 202 5094 τε
255 5044 398 5097 θείου
451 5044 547 5096 καὶ
604 5041 847 5111 ἀγάπης.
876 5040 1096 5110 Ἐπειδὴ
1144 5042 1253 5112 γὰρ
1307 5042 1506 5106 ἔξωθεν
1563 5040 1726 5101 δι’ὦν

149 5134 518 5204 ὲπεγείρουσιν
543 5131 810 5203 αἱρέσεων
842 5130 1294 5202 προσϐάλλοντες,
1325 5133 1725 5204 ἀποκρούονται

151 5225 249 5277 ὐπὸ
284 5225 378 5278 τοῦ
425 5223 711 5297 ὀρθοδόξου
751 5224 1115 5293 φρονήματοςο
1153 5221 1362 5275 ἔνδοθεν
1396 5225 1722 5296 ἐπέρχονται

149 5318 194 5368 oi
224 5317 402 5380 δόλιοι,
435 5310 667 5386 συλῆσαι
697 5314 787 5368 τὸν
811 5314 910 5382 τῆς
939 5313 1116 5383 ψυχῆς
1161 5313 1436 5384 θησαυρὸν
1469 5318 1721 5387 τεχναζό-

156 5423 316 5473 μενοι.
353 5404 455 5460 Ὧν
489 5403 900 5477 λυτρωθείημεν
952 5403 1052 5472 τῆς
1102 5403 1296 5472 θήρας,
1339 5405 1524 5473 χεῖρας
1585 5407 1720 5478 πρὸς

150 5494 274 5549 Θεὸν
323 5498 592 5567 αἴροντες,
647 5493 909 5565 συνεργίᾳ
945 5492 1053 5545 τῶν
1110 5491 1205 5544 τοῦ
1265 5489 1446 5543 κοινοῦ
1509 5495 1720 5567 Πατρὺς

151 5589 297 5657 ἡμῶν
343 5587 684 5659 προσευχῶν,
746 5586 838 5639 καὶ
891 5585 1111 5638 πάντων
1169 5582 1278 5636 τῶν
1329 5584 1718 5652 εὐσεϐούντων,

153 5678 256 5746 ἐγώ
299 5695 356 5731 τε
387 5681 482 5732 καὶ
513 5680 579 5731 σὺ
611 5677 706 5730 καὶ
733 5677 934 5738 πάντες
961 5676 1008 5728 οἱ
1033 5673 1256 5742 ἀδελφοὶ
1293 5673 1469 5743 ἡμῶν.
1516 5676 1574 5731 'O
1622 5679 1717 5734 τοῦ

219 5814 259 5847 ³³
289 5812 426 5868 Psal.
464 5828 652 5876 exuit,
686 5811 804 5878 I31,
848 5809 960 5866 I76.
1042 5809 1086 5840 ³⁸
1111 5806 1211 5864 Job
1248 5823 1352 5872 ut,
1385 5807 1465 5863 l6.

1917 2218 2132 2284 Quanto
2163 2233 2310 2273 nunc
2353 2219 2516 2273 etiam
2548 2220 2744 2291 gaudio
2799 2221 3053 2289 perfusus
3101 2239 3221 2278 sum
3279 2227 3434 2283 lectis

1846 2311 2041 2366 litteris
2065 2311 2191 2375 tuis,
2227 2310 2300 2364 fili
2330 2310 2826 2368 desideratissime!
2862 2329 2970 2368 non
2990 2319 3260 2385 tamquod
3284 2335 3437 2390 aper-

1845 2412 1960 2458 tum
1991 2403 2086 2457 tibi
2123 2402 2321 2456 ostium
2347 2403 2510 2457 fuerit
2529 2403 2751 2458 liberius
2778 2419 2902 2458 cum
2926 2403 3182 2464 fratribus
3207 2425 3434 2481 congre-

1843 2495 2067 2554 diendi;
2099 2495 2350 2562 quamvis
2374 2504 2429 2549 et
2458 2495 2593 2550 illud
2629 2495 2965 2565 optandum,
3015 2513 3178 2567 quam
3209 2510 3434 2571 propter

1844 2585 2064 2640 insitam
2097 2585 2294 2655 linguae
2325 2595 2430 2640 tuae
2464 2584 2556 2640 Dei
2587 2587 2836 2656 gratiam,
2861 2604 2967 2657 qua
2992 2591 3234 2648 obstruis
3267 2593 3430 2648 etl‘re-

1842 2685 1970 2729 nata
1995 2690 2086 2728 ora
2125 2675 2529 2730 haereticorum.
2557 2676 2843 2748 Adaugeat
2881 2695 3012 2751 ergo
3040 2681 3136 2735 tibi
3163 2683 3430 2739 Dominus

1841 2781 2153 2822 sermonem
2202 2767 2444 2822 scientiae
2494 2783 2558 2822 ac
2610 2771 2892 2839 sapientiae
2945 2774 3010 2827 ad
3063 2775 3429 2833 confutandos

1841 2859 2138 2927 impietatis
2191 2858 2559 2916 defensores:
2599 2869 2658 2915 ut
2702 2862 2800 2916 tibi
2848 2865 3044 2920 merito
3087 2882 3221 2922 sane
3270 2870 3427 2924 liceat

1839 2963 1962 3003 cum
1987 2950 2172 3004 divino
2198 2950 2366 3005 David
2391 2965 2588 3005 canere
2616 2969 2627 3005 :
2653 2951 2720 3006 0:
2739 2954 2912 3007 meum
2930 2958 3202 3024 aperui,et
3227 2960 3432 3016 attraxi

1837 3042 2287 3112 spiritum;quia
2356 3045 2609 3096 mandata
2665 3053 2757 3097 tua
2814 3061 2916 3098 ron
2965 3064 3083 3101 sum
3138 3049 3326 3103 oblitus
3360 3051 3426 3108 ³⁸.

1837 3130 2036 3186 Contra
2067 3147 2188 3201 quas
2229 3132 2568 3188 insanientes
2601 3133 2914 3198 Mtecbiani,
2948 3135 3077 3190 illud
3107 3135 3424 3206 Scriptura,

1837 3220 2094 3289 operibus
2141 3220 2292 3289 ipsis,
2327 3222 2730 3289 quodammodo
2777 3222 3116 3279 inclamant:
3152 3225 3353 3281 Recede
3392 3247 3425 3282 a

1837 3329 1938 3375 me,
1972 3313 2084 3364 vias
2115 3320 2234 3364 tuas
2260 3312 2393 3365 scire
2419 3312 2617 3368 nolo”.
2655 3311 2708 3365 Si
2734 3314 2877 3367 enim
2915 3315 3222 3380 scivissent,
3257 3320 3426 3374 haud-

1836 3418 2105 3472 quaquam
2133 3398 2345 3457 Domini
2370 3405 2624 3459 mandata
2655 3404 3004 3460 violavissent
3027 3425 3040 3460 :
3062 3423 3259 3477 neque,
3283 3421 3428 3480 post-

1836 3509 1996 3562 quam
2025 3494 2389 3560 violaverunt,
2424 3495 2718 3550 salutarem
2760 3493 2962 3548 Christi
3009 3497 3268 3553 Ecclesiae
3310 3500 3426 3555 dis-

1837 3585 2215 3654 pensationem
2243 3586 2412 3639 fuisse
2444 3585 2920 3655 pravaricationes
2975 3602 3122 3652 suas,
3167 3591 3424 3659 synodice

1836 3678 2166 3739 sanxissent,
2197 3677 2546 3731 anathemate
2580 3677 2632 3730 in
2666 3693 2760 3731 eos
2791 3677 3014 3733 decreto
3060 3680 3151 3749 qui
3185 3696 3278 3736 eas
3310 3698 3419 3736 non

1836 3769 2064 3838 perinde
2103 3769 2518 3838 approbassent.
2563 3768 2720 3834 Quod
2751 3769 2968 3838 quidem
2998 3771 3136 3826 adeo
3189 3784 3273 3828 est
3319 3775 3421 3828 im-

1835 3861 1982 3930 pium
2014 3860 2228 3930 dogma,
2260 3869 2320 3914 ut
2359 3876 2471 3915 non
2498 3862 2660 3915 modo
2691 3877 2906 3916 sacrum
2940 3861 3291 3933 Evangelium
3324 3867 3421 3921 de-

1836 3959 2030 4014 struat,
2064 3959 2334 4018 quatenus
2365 3958 2541 4003 totum
2573 3949 2781 4003 destrui
2805 3951 2857 4002 in
2882 3961 3035 4018 parte
3058 3951 3216 4022 vulgo
3245 3953 3418 4017 solet;

1835 4042 1931 4097 sed
1978 4041 2150 4110 ipsam
2197 4041 2360 4095 etiam
2408 4039 2610 4094 Christi
2664 4041 3096 4097 incarnationem
3151 4045 3301 4098 tollat
3352 4046 3421 4100 de

1833 4133 2048 4198 medio;
2070 4133 2268 4187 tollunt
2294 4132 2560 4201 siquidem
2585 4146 2704 4186 sese
2728 4141 2917 4187 mutuo
2943 4135 3234 4188 contraria.
3260 4133 3414 4199 Quod

1834 4233 2018 4277 autem
2046 4223 2352 4278 adulterina
2387 4221 2726 4292 conjunctio,
2774 4237 2936 4290 quam
2991 4223 3076 4277 isti
3122 4225 3414 4279 salutarem

1834 4315 2301 4385 dispensationem
2335 4313 2504 4368 fuisse
2535 4322 2801 4377 statuunt,
2845 4313 3076 4377 divinae,
3111 4325 3165 4368 et
3192 4318 3256 4369 ad
3285 4332 3415 4385 pec-

1835 4404 1936 4458 cati
1969 4402 2400 4458 destructionem
2430 4401 2693 4456 institutae
2713 4402 3104 4470 dispensationi
3142 4405 3417 4459 contraria

1834 4496 1924 4560 sit,
1958 4495 2215 4550 omnibus
2269 4493 2620 4552 manifestum
2649 4504 2752 4548 est.
2788 4493 3270 4553 Verumenimvero
3298 4497 3422 4553 aliis

1833 4603 2050 4658 quoque
2079 4587 2372 4656 impietatis
2392 4587 2685 4656 generibus
2709 4595 2882 4641 scatet
2921 4589 3384 4657 mmchosynodus
3407 4609 3420 4645 :

1833 4695 1976 4750 quae,
2010 4678 2053 4733 si
2102 4677 2511 4748 Euprepianum
2545 4677 2764 4733 fratrem
2815 4679 3013 4734 iterum
3049 4681 3236 4737 videre
3284 4695 3426 4734 con-

1835 4768 2026 4838 tingat,
2054 4769 2147 4822 tibi
2179 4767 2596 4823 demonstrabit.

1754 4848 1800 4902 Ῐ)
1903 4861 2053 4924 Vale,
2089 4870 2144 4915 et
2171 4870 2428 4916 constans
2461 4874 2613 4918 esto.
2647 4862 2720 4916 ﬁli
2748 4903 2762 4924 ,
2796 4860 3055 4928 utrinque
3082 4877 3177 4916 eos
3209 4862 3300 4931 qui
3330 4863 3416 4917 in-

1835 4950 2119 5008 visibiliter
2154 4952 2359 5005 feriunt
2407 4960 2764 5022 prosternens
2800 4950 2923 5006 ﬁdei
2960 4952 3154 5009 robore
3177 4997 3192 5020 ,
3253 4955 3414 5008 timo-

1835 5042 2022 5111 risque
2062 5040 2232 5095 divini
2260 5048 2315 5094 et
2343 5041 2654 5095 charitatis.
2687 5040 2980 5109 Postquam
3010 5040 3152 5094 enim
3202 5043 3414 5096 extrin-

1834 5149 1994 5190 secus
2023 5149 2119 5203 per
2157 5133 2426 5197 haereses,
2479 5147 2614 5201 quas
2643 5133 2933 5196 suscitant,
2987 5132 3280 5195 irruentes,
3319 5148 3416 5201 per

1835 5225 2196 5280 orthodoxam
2255 5224 2579 5278 sententiam
2634 5224 2837 5292 repulsi
2871 5233 3040 5278 sunt:
3077 5223 3414 5280 intrinsecus

1831 5315 2224 5386 aggrediuntur
2253 5314 2582 5369 fraudulenti
2610 5357 2625 5380 ,
2671 5316 2865 5370 anima:
2913 5316 3231 5370 thesaurum
3279 5315 3414 5368 diri-

1832 5423 1962 5477 pere
1993 5409 2283 5462 molientes
2312 5425 2324 5460 :
2350 5422 2583 5476 quorum
2610 5422 2639 5460 a
2672 5407 3074 5476 depraedatione
3093 5406 3406 5472 liberemur,

1830 5515 2023 5553 manus
2049 5499 2115 5552 ad
2134 5499 2306 5553 Deum
2335 5499 2666 5564 attollentes,
2691 5509 2744 5553 et
2774 5498 2943 5568 adjuti
2972 5496 3227 5565 precibus
3257 5514 3408 5552 com-

1828 5589 2012 5644 munis
2042 5590 2217 5644 Patris
2261 5589 2430 5645 nostri
2472 5600 2526 5645 et
2556 5591 2768 5660 piorum
2798 5590 3047 5645 omnium
3067 5632 3083 5656 ,
3124 5603 3222 5660 ego
3248 5599 3302 5644 et
3327 5601 3405 5656 tu,

1828 5691 1880 5736 et
1911 5681 2109 5738 fratres
2150 5681 2320 5738 nostri
2354 5681 2617 5738 universi.
2653 5683 2862 5738 Aulctae
2916 5682 3241 5753 praepositus
3277 5682 3404 5737 tibia
