4008 6318
607 371 741 439 1043
1787 363 1848 422 8.
1880 356 2181 421 THEODO

2306 354 2650 417 STUDITA‘I
3705 338 3855 405 1044

596 488 763 550 canit,
789 483 882 540 sed
916 482 1151 537 obscuro
1182 493 1318 535 sono
1342 520 1356 545 ,
1398 492 1499 532 nec
1530 476 1757 547 Spiritui
1791 483 1981 530 sancto
2029 487 2158 528 con-

2284 466 2508 536 iblqtoi
2544 462 2955 535 καθηγούμενος
3002 460 3175 523 αὐλεῖ,
3205 456 3342 513 ἀλλὰ
3385 458 3593 526 ἄσημα,
3626 456 3732 509 καὶ
3788 456 3854 507 οὐ

596 577 823 636 cincnti.
858 574 1013 642 Quod
1042 574 1189 649 enim
1220 572 1296 627 ait
1333 586 1390 626 se
1418 569 1643 625 Romam
1673 576 1919 638 spectare
1946 584 1959 634 ;
1994 565 2165 620 imbe-

2284 559 2343 628 τῷ
2376 556 2651 627 Πνεύματι
2689 555 2768 626 τῷ
2797 554 2936 623 ἁγίῳ
2968 549 3235 622 εὔρυθμαθ
3259 548 3355 601 καὶ
3381 547 3441 600 τὸ
3470 546 3652 615 λέγειν
3678 544 3859 598 αὐτὸν

597 671 836 725 cillitatis
857 646 1056 731 causas,
1084 665 1337 735 falsmque
1363 663 1417 717 in
1445 678 1504 717 re
1538 660 1793 731 praesenti
1828 656 2165 715 defensionis

2284 651 2474 721 ὶφορᾷν
2525 650 2585 702 ὲν
2647 645 2857 716 Ῥώμῃ,
2916 642 3199 705 ἀσθενείας
3226 640 3407 709 λόγου,
3446 638 3543 692 καὶ
3589 637 3740 708 πρὸς
3796 635 3863 688 τὸ

595 762 891 834 suffugium
932 726 1054 815 est;
1089 726 1352 827 Quodque
1408 756 1475 811 de
1526 726 1665 809 Saba
1717 761 1773 809 et
1824 752 2162 817 Theoctisto,

2284 740 2440 810 παρὸν
2489 735 2921 808 ψευδαπολογίας
2974 732 3332 800 καταφύγιον.
3386 729 3496 783 Καὶ
3555 726 3617 780 τὸ
3675 726 3863 795 φάναι

597 816 1019 923 religiosissimis
1050 816 1353 911 monachis,
1392 846 1494 901 hoc
1525 845 1723 900 illudve
1745 843 1910 908 dicat,
1932 852 1988 897 et
2020 816 2165 911 quod

2284 833 2429 887 ιὺτὸν
2454 832 2581 902 περὶ
2610 829 2760 884 Σάδα
2787 844 2846 880 τε
2876 827 2971 881 καὶ
2994 826 3166 879 Θεοκτ
3195 839 3343 887 στου,
3372 820 3480 872 τῶν
3510 816 3865 872 εὐλαϐεστά-

597 909 785 998 Roma:
817 943 923 996 hoc
960 949 1014 995 et
1045 940 1197 1005 illud,
1262 909 1458 993 falsum
1502 946 1605 991 est.
1653 934 1716 990 Hi
1745 935 1888 990 enim
1926 933 1996 987 ob
2026 909 2167 985 hanc

2284 942 2375 979 των
2430 920 2700 993 μοναχῶν,
2732 919 2892 973 τοῦτο
2925 918 3165 979 κάκεῖνο,
3226 915 3322 968 καὶ
3350 911 3424 974 ὡς
3455 913 3515 965 ἐν
3557 909 3767 978 Ῥώμῃ
3800 909 3866 960 τὺ

599 1048 816 1088 causam
871 1048 941 1086 ne
987 1032 1055 1085 ab
1084 1030 1567 1086 lconomachorum
1625 1024 1818 1081 haeresi
1876 1024 2169 1078 redeuntes

599 1123 839 1194 episcopi
899 1121 954 1175 in
1012 1121 1274 1190 pristinos
1325 1119 1523 1190 gradus
1567 1116 2025 1171 restituerentur:
2056 1127 2166 1166 non

598 1215 818 1284 quidem
839 1227 1051 1275 omnes,
1070 1210 1163 1265 sed
1183 1207 1460 1279 prtecipni.
1496 1214 1551 1261 et
1570 1204 1846 1276 principes
1876 1203 2166 1265 haereseos,

595 1307 749 1376 juxta
802 1303 976 1358 sancti
1026 1300 1306 1354 Athanasii
1362 1298 1566 1357 verba,
1626 1296 1965 1350 restiterunt.
2012 1290 2169 1356 Quod

600 1412 732 1452 sane
762 1395 1060 1449 absurdum
1101 1408 1212 1447 non
1251 1399 1389 1446 erat.
1437 1389 1543 1443 Sed
1592 1397 1877 1458 postquam
1908 1383 2166 1454 synodus,

599 1503 721 1557 qua:
759 1494 947 1540 coacta
974 1492 1086 1537 tum
1123 1482 1255 1546 fuit,
1285 1479 1631 1549 recipiendos
1668 1491 1859 1532 omnes
1884 1472 2168 1545 judicavit,

595 1575 907 1644 exemplum
941 1580 1126 1626 secuta
1168 1577 1375 1639 quarta:
1408 1575 1609 1623 sancta:
1642 1563 1866 1635 synodi;
1917 1575 2170 1617 assense-

601 1673 729 1719 runt
756 1672 810 1718 et
836 1662 937 1731 ipsi
961 1680 972 1715 :
993 1674 1173 1729 neque
1200 1658 1347 1713 enim
1375 1656 1484 1712 ulla
1507 1656 1728 1711 suberat
1756 1652 1832 1707 rei
1853 1647 2171 1706 necessaria:

602 1751 982 1823 transgressio.

671 1924 748 1977 De
784 1922 1106 1976 Simoniacis
1135 1930 1317 1976 autem
1353 1931 1465 1975 tum
1493 1919 1709 1989 quidem
1739 1914 2168 1988 praetermissum

603 2020 723 2078 est,
772 2012 898 2080 quia
932 2011 999 2064 de
1042 2026 1105 2065 eo
1141 2011 1317 2080 capite
1356 2018 1481 2079 post
1518 2008 1782 2079 synodum
1816 2002 2168 2075 quaarendum

604 2111 743 2156 erat.
785 2102 1079 2170 Postquam
1112 2117 1243 2155 vero
1274 2101 1562 2170 quaesitum
1591 2098 1691 2152 fuit
1732 2138 1744 2150 .
1776 2137 1790 2151 .
1833 2134 1848 2150 .
1896 2136 1908 2149 .
1954 2134 1967 2149 .
2004 2136 2018 2149 .
2055 2134 2069 2149 .
2102 2132 2117 2147 .
2152 2130 2165 2144 .

605 2192 844 2261 primum
882 2192 1100 2261 quidem
1131 2206 1327 2245 annum
1358 2188 1724 2260 poenitentiae,
1766 2196 1861 2243 aut
1897 2186 2171 2256 aliquanto

605 2282 855 2351 amplius.
900 2281 944 2336 Ο
977 2282 1186 2337 facinus
1231 2282 1440 2335 audax!
1479 2295 1599 2333 cum
1632 2278 1912 2333 monachis
1945 2277 2172 2346 quibus-

606 2374 755 2437 dam,
790 2388 1023 2442 quorum
1052 2373 1363 2427 nominibus
1390 2386 1553 2441 parco
1573 2411 1588 2437 ,
1634 2370 1837 2424 editum
1867 2378 1951 2422 est
1989 2368 2057 2421 ab
2107 2381 2173 2420 eo

610 2464 895 2519 decretum
924 2466 1230 2519 relaxandze
1254 2462 1609 2533 depositionis
1640 2468 1913 2532 perpetuae
1935 2498 1951 2526 ,
1992 2458 2066 2512 ita
2115 2467 2174 2511 ut

608 2555 808 2612 Christi
837 2557 1147 2611 sacerdotes
1172 2556 1364 2609 iterum
1392 2555 1589 2618 forent,
1614 2568 1751 2623 quos
1768 2552 1909 2605 Deus
1931 2566 2027 2621 per
2044 2560 2175 2619 apo-

609 2648 875 2702 stolorum
932 2648 1235 2717 principem
1289 2646 1509 2701 Petrum
1559 2643 1917 2712 deposuisset.
1974 2640 2174 2695 Deinde

610 2753 735 2792 cum
787 2738 886 2807 ipsi
937 2739 991 2791 in
1047 2753 1109 2792 ea
1168 2752 1228 2791 re
1279 2752 1387 2791 non
1427 2735 1783 2790 assentiretur
1820 2732 2023 2796 Sabas,
2080 2730 2174 2785 sed

610 2830 774 2899 plane
809 2831 1225 2893 adversaretur;
1265 2828 1391 2897 quid
1416 2828 1566 2898 agit?
1592 2826 1793 2880 malum
1820 2831 1968 2878 recto
2001 2822 2177 2877 corri-

612 2921 709 2991 git.
732 2920 901 2992 Negat
930 2936 987 2976 se
1021 2920 1395 2991 paenitentiam
1425 2918 1659 2984 dedisse,
1683 2926 1743 2971 ut
1768 2932 1862 2972 eos
1890 2915 2178 2970 admittere

613 3010 708 3079 qui
742 3027 841 3081 per
855 3013 1139 3081 pecuniam
1170 3012 1534 3075 ordinassent,
1560 3010 1645 3065 vel
1666 3008 1901 3065 ordinati
1923 3007 2174 3071 fuissent,

614 3102 758 3171 quod
790 3117 913 3157 cum
939 3103 1090 3168 dicit,
1135 3104 1477 3158 convincitur
1500 3103 1568 3157 ab
1598 3102 1745 3156 illius
1777 3100 2035 3171 temporis
2062 3100 2179 3152 Au-

617 3202 794 3263 gusta,
821 3206 851 3244 a
871 3207 975 3262 qua
1002 3193 1252 3248 inductus
1269 3192 1443 3248 fuerat
1468 3201 1527 3247 ut
1545 3192 1783 3262 iniquam
1805 3189 2182 3262 pmnitenliam
2210 3176 2253 3235 C

619 3284 795 3339 daret.

692 3370 895 3424 Aderat
926 3370 1041 3425 dies
1084 3369 1562 3441 Thcophaniorum
1618 3370 1870 3439 Christi,
1914 3379 2186 3428 venerunt

618 3460 714 3516 illo
749 3460 840 3516 die
866 3461 1065 3531 quibus
1129 3462 1379 3533 imposita
1408 3476 1568 3532 pmna
1618 3462 1794 3517 fuerat
1826 3481 1838 3516 :
1869 3472 1946 3526 et,
1983 3480 2046 3519 ea
2075 3464 2184 3534 jam

618 3562 861 3623 peracta,
895 3570 954 3609 se
979 3554 1185 3610 absolvi
1229 3555 1593 3623 postularunt,
1626 3556 1899 3610 abnuebat
1924 3556 2034 3622 ille,
2073 3557 2186 3610 Au-

619 3652 773 3714 gusta
790 3645 1037 3715 urgebat,
1063 3654 1123 3699 ut
1142 3644 1578 3700 admitterentur.
1597 3646 1796 3701 lterum
1820 3648 1961 3702 malo
1978 3656 2184 3701 rectum

618 3735 853 3791 destruit
891 3737 1240 3805 patriarcha:
1276 3752 1398 3791 cum
1444 3738 1553 3790 illis
1586 3752 1653 3791 eo
1684 3738 1802 3807 ipso
1832 3738 1969 3793 festo
2008 3739 2186 3808 palam

622 3827 912 3893 sacrificat,
950 3843 1059 3881 non
1089 3827 1296 3881 invitus
1324 3842 1473 3892 sane,
1505 3828 1599 3882 sed
1622 3842 1719 3882 sua
1749 3838 1978 3898 sponte;
2012 3844 2187 3898 quan-

620 3918 914 3988 doquidem
944 3934 1066 3973 cum
1095 3926 1419 3988 possetcum
1449 3918 1709 3988 depositis
1727 3935 1834 3974 non
1860 3919 2184 3984 sacrificare,

620 4011 988 4066 sacrificavit:
1018 4012 1404 4080 quoquomodo
1426 4013 1552 4080 quis
1584 4011 1727 4065 dicat
1764 4026 1885 4065 eum
1935 4026 2045 4065 non
2085 4026 2187 4081 po-

622 4103 812 4156 tuisse.
838 4098 976 4156 Hinc
1006 4103 1094 4155 illa
1124 4100 1277 4155 Sabae
1292 4115 1415 4154 cum
1438 4115 1502 4154 eo
1530 4101 1841 4155 contentio:
1863 4101 1991 4155 hinc
2015 4116 2189 4154 emer-

620 4196 690 4250 sit
716 4196 946 4265 amplior
977 4209 1139 4264 quam
1177 4193 1345 4247 divini
1375 4206 1612 4248 canones
1643 4192 1839 4257 ferant,
1894 4192 2186 4247 absolutio.

621 4289 793 4342 Roma
824 4304 951 4343 vero
972 4286 1196 4341 minime
1224 4286 1340 4340 hac
1364 4285 1632 4355 probavit,
1668 4286 1841 4340 absiti
1885 4286 1979 4341 sed
2012 4301 2191 4349 neque

620 4380 885 4450 synodum
916 4380 1089 4449 ipsam
1123 4376 1312 4431 habuit
1338 4393 1439 4447 pro
1460 4378 1814 4443 (ecumenica,
1844 4378 1938 4432 sed
1976 4394 2075 4447 pro
2107 4378 2189 4430 lo—

2269 1015 2364 1069 καὶ
2421 1014 2503 1076 τὸ,
2556 1012 2657 1065 οὐκ
2713 1009 2931 1081 ἀληθές.
2986 1008 3051 1059 Ol
3092 1006 3192 1076 μὲν
3242 1002 3351 1072 γὰρ
3387 1001 3573 1054 ἕνεκεν
3612 998 3716 1052 τοῦ
3784 998 3866 1067 μὴ

2271 1103 2671 1175 προσδεχθῆναι
2706 1102 2835 1165 τοὺς
2875 1102 2939 1153 ἐκ
2966 1100 3065 1167 τῆς
3095 1093 3535 1164 Εἰκονομαχικῆς
3575 1091 3863 1160 αἱρέσεως

2272 1195 2707 1267 ύποστρέφοντας
2762 1194 3093 1254 ἐπισκόπους
3135 1190 3217 1253 είς
3267 1188 3393 1251 τοὺς
3443 1185 3685 1248 οἰκείους
3728 1182 3867 1253 βαθ-

2275 1286 2428 1359 μούς·
2490 1286 2587 1340 καὶ
2612 1286 2673 1339 ού
2708 1285 2935 1347 πάντας,
2964 1280 3099 1336 ἀλλὰ
3126 1280 3251 1343 τοὺς
3280 1278 3496 1347 ἐξόχους
3527 1276 3624 1330 καὶ
3664 1290 3868 1343 πρωτ-

2272 1382 2470 1451 άρχους
2517 1379 2615 1447 τῆς
2653 1377 2954 1448 αἱρέσεως,
3003 1372 3147 1427 κατά
3196 1372 3288 1425 τὸν
3330 1369 3491 1438 λόγον
3540 1367 3639 1422 τοῦ
3693 1367 3864 1433 ἁγίου

2286 1471 2624 1537 Ἀθανασίου,
2675 1466 3190 1535 ὲνίσταντο.“”οπερ
3214 1463 3313 1517 οὐκ
3346 1461 3677 1523 ἀπεικότως.
3712 1456 3865 1511 Ἀλλ’

2274 1563 2396 1616 ἐπεὶ
2425 1564 2458 1633 ἡ
2486 1559 2787 1633 τηνικαῦτα
2828 1557 3043 1620 σύνοδος
3088 1554 3344 1625 κέκρικεν
3395 1553 3553 1615 ὅλους
3605 1551 3865 1614 εἰσδέξα-

2275 1654 2419 1718 σθαι,
2449 1653 2645 1724 ἔχουσα
2682 1650 2783 1721 τὴν
2812 1649 3075 1722 τετάρτην
3105 1645 3267 1715 ἁγίαν
3312 1642 3549 1697 σύνοδον·
3591 1640 3861 1713 παράδειο

2273 1761 2410 1815 γμασ
2443 1742 2723 1813 συνῆλθονο
2751 1741 2811 1794 ού
2842 1740 2949 1811 γὰρ
2971 1734 3038 1810 ἦν
3066 1737 3175 1791 τῶν
3201 1735 3516 1804 ἀναγκαίων
3569 1750 3626 1785 τι
3668 1746 3863 1801 παρα-

2203 1828 2247 1888 Β
2275 1834 2616 1905 ϐαινόμενον.

2345 1926 2480 1996 Περὶ
2501 1924 2560 1977 δὲ
2593 1922 2701 1976 τῶν
2724 1919 3099 1991 Σιμωνιανῶν,
3138 1912 3441 1987 τηνίκαῦτα
3473 1914 3573 1985 μὲν
3604 1927 3860 1983 παρεκα-

2275 2016 2471 2087 λύφθη,
2501 2016 2575 2079 ὡς
2612 2014 2749 2085 μετά
2773 2013 2871 2085 τὴν
2899 2008 3583 2080 σύνοδονέκζητησομένου
3625 2005 3727 2059 τοῦ
3764 2020 3863 2057 κε-

2276 2108 2712 2177 φαλαίου.Ἐπεὶ
2766 2106 2824 2159 δὲ
2880 2104 3141 2177 ἑζητήθη.
3229 2142 3243 2156 .
3321 2140 3337 2156 .
3415 2140 3430 2155 .
3507 2139 3522 2155 .
3604 2139 3618 2153 .
3704 2138 3718 2152 .
3803 2096 3861 2149 τὸ

2279 2199 2494 2271 πρῶτον
2526 2201 2623 2270 μὲν
2656 2202 2735 2260 εἰς
2772 2197 3045 2268 ἐπιτίμιον
3076 2195 3404 2248 ἐνιαυσιαῖον
3452 2193 3486 2263 ἢ
3534 2190 3631 2244 καὶ⁵
3664 2189 3859 2240 πλέον.

2282 2289 2346 2341 Ὠ
2380 2286 2475 2341 τοῦ
2500 2287 2879 2358 τολμήματοςι
2918 2284 3016 2337 σύν
3055 2300 3166 2336 τισι
3200 2285 3513 2352 μονασταῖς,
3540 2276 3861 2347 ὧν-ἀφίημι

2278 2378 2457 2447 λέγειν
2483 2378 2549 2431 τὰ
2573 2378 2835 2447 ὀνόματα,
2870 2374 3023 2445 ἐδόθη
3058 2374 3183 2445 ὄρος
3205 2373 3297 2427 ὑπ’
3315 2372 3478 2427 αὑτοῦ
3518 2373 3862 2439 ὲξιλεώσεως

2278 2470 2377 2537 τῆς
2405 2472 2485 2531 εἰς
2521 2468 2725 2530 αἰῶνας
2757 2467 3152 2536 καθαιρέσεωςο
3202 2465 3281 2527 εἰς
3312 2463 3373 2516 τὺ
3404 2459 3542 2516 εἶναι
3568 2466 3699 2526 τοὺς
3752 2463 3862 2515 ὑπὸ

2279 2558 2415 2611 Θεοῦ
2468 2557 2557 2610 διά
2609 2556 2814 2628 Πέτρου
2861 2555 2955 2609 τοῦ
2994 2554 3101 2608 τῶν
3158 2551 3497 2605 Ἀποστόλων
3552 2551 3858 2621 κορυφαίου

2281 2649 2721 2721 καθῃρημένους,
2782 2647 2943 2702 πόλιν
3010 2645 3325 2713 ἱερουργοὺς
3411 2641 3679 2712 Χριστοῦ.
3746 2644 3862 2697 Καὶ

2282 2742 2405 2798 ἐπεὶ
2427 2744 2488 2796 ού
2522 2741 2782 2813 συνῆλθον
2812 2742 2861 2793 οἱ
2890 2737 3017 2807 περὶ
3043 2735 3221 2789 Σάϐαν
3252 2737 3310 2788 ὲν
3340 2733 3535 2803 τούτῳ,
3578 2734 3718 2785 ἀλλὰ
3764 2736 3861 2787 καὶ

2281 2834 2641 2906 διηνέχθησαν
2696 2832 2832 2901 πρὸς
2885 2829 3065 2893 αὐτὸν,
3131 2829 3183 2881 τί
3216 2830 3427 2893 -ποιεῖ;
3482 2826 3653 2879 κακὸν
3708 2827 3861 2895 καλῷ

2284 2927 2633 2982 ἀπαλλάττει.
2658 2925 2931 2993 ’Δρνεῖται
2955 2920 3029 2991 μὴ
3061 2920 3355 2973 δεδωκέναι
3381 2918 3685 2988 ἐπιτίμιον,
3721 2920 3859 2989 μηδὲ

2284 3018 2606 3091 προσίεσθαι
2634 3016 2759 3078 τοὺς
2787 3015 2845 3067 ἐν
2872 3014 3119 3085 χρήμασι
3158 3011 3644 3084 χειῳτονήσαντάς
3669 3028 3729 3063 τε
3766 3012 3862 3064 καὶ

2284 3107 2777 3181 χειροτονηθέντας.
2798 3106 2988 3173 Λόγων
3008 3104 3340 3174 διελέγχεται
3363 3102 3467 3155 ὑπὸ
3486 3102 3584 3173 τῆς
3601 3102 3861 3171 τηνικάδε

2286 3200 2618 3272 κρατούσης,
2666 3198 2759 3268 ἀφ’
2792 3192 2859 3270 ἦς
2888 3199 2981 3253 καὶ
3025 3196 3284 3266 εἱλκύσθη
3331 3194 3515 3256 δοῦναι
3549 3194 3613 3247 τὸ
3656 3194 3860 3263 ἀνομον

2284 3292 2576 3363 ἐπιτίμιον.

2356 3384 2547 3464 Παρῆν
2574 3385 2607 3454 ἡ
2637 3381 2819 3453 ἡμέρα
2857 3380 2964 3432 τῶν
3013 3377 3324 3445 Θεοφανίων
3372 3374 3631 3446 Χριστοῦ·
3662 3374 3857 3441 ἐληλύ-

2286 3473 2443 3528 θασιν
2486 3462 2549 3526 ἐν
2597 3473 2771 3543 ταύτῃ
2809 3472 2856 3523 οί
2908 3466 3399 3537 ἐπιτιμιασθέντες,
3435 3462 3857 3533 πεπληρωκότες

2285 3564 2345 3617 τὸ
2362 3561 2655 3633 ἐπιτίμιον,
2682 3560 2777 3614 καὶ
2805 3556 2960 3610 λύσιν
2987 3555 3391 3626 ἐπιζητοῦντες
3414 3553 3443 3605 ό
3472 3552 3574 3621 μὲν
3602 3550 3855 3620 ἀπηξίου,

2286 3655 2321 3723 ὴ
2355 3653 2641 3723 βασίλισσα
2672 3648 3038 3718 κατηπείγετο
3067 3645 3165 3716 τὴν
3198 3643 3465 3714 είσδοχήν.
3507 3642 3676 3695 Πάλιν
3705 3642 3858 3711 κακῷ

2286 3746 2348 3797 τὸ
2377 3743 2540 3796 καλὸν
2562 3738 2836 3810 διαμείδει
2869 3740 2897 3792 ό
2936 3737 3218 3807 πρόεδρος
3254 3734 3657 3803 συλλειτουργεῖ
3677 3734 3854 3796 αὐτοῖς

2286 3838 2353 3905 τῇ
2394 3834 2528 3903 αὐτῇ
2575 3833 2735 3903 ἑορτῇ
2768 3832 2848 3893 είς
2881 3828 3180 3899 προῦπτον*
3236 3826 3335 3879 οὐκ
3371 3824 3639 3889 ἀκουσίως
3676 3824 3851 3893 δῆθεν,

2288 3926 2403 3979 ἀλλ’
2434 3924 2718 3986 ἑκουσίως
2764 3922 2902 3974 ὲπάν
2956 3920 3252 3991 δυνάμενος
3310 3917 3384 3987 μὴ
3426 3914 3854 3985 συλλειτουργεῖν

2290 4015 2716 4087 καθῃρημένοις,
2758 4010 3260 4082 συνελειτούργησε·
3293 4009 3398 4063 κᾶν
3424 4006 3676 4062 ὁπωσοῦν
3725 4008 3849 4075 φαίη

2288 4127 2373 4173 τις
2410 4108 2690 4163 ἀδυνατεῖν
2711 4105 2894 4160 αὐτόν.
2920 4103 3199 4158 Ἐντεῦθεν
3222 4106 3257 4173 ἡ
3284 4101 3419 4174 πρὸς
3441 4100 3606 4157 αὐτὸν
3626 4100 3853 4169 διαφορά

2288 4200 2398 4254 τῶν
2429 4201 2558 4270 περὶ
2578 4198 2777 4252 Σάδανο
2804 4195 3055 4250 ἐντεῦθεν
3074 4195 3412 4249 ἐπεπόλασεν
3439 4194 3472 4263 ή
3496 4193 3650 4255 λύσις
3682 4192 3847 4243 πλειόο

2291 4309 2396 4355 νως
2448 4292 2559 4344 τῶν
2596 4291 2754 4344 θείων
2812 4289 3073 4344 κανόνων.
3113 4287 3179 4341 Ἢ
3228 4287 3284 4340 δὲ
3325 4284 3513 4355 Ῥώμη
3570 4283 3737 4337 ταῦτα
3790 4285 3847 4336 οὗ

2292 4382 2625 4454 προσήκατο⁸
2651 4380 2726 4451 μὴ
2755 4379 2997 4447 γένοιτοί
3027 4377 3141 4431 ἀλλ’
3164 4375 3285 4429 οὐδὲ
3316 4374 3486 4443 αὐτὴν
3517 4373 3615 4443 τὴν
3643 4372 3847 4426 σύνοδον

620 4472 760 4537 cali,
804 4480 859 4526 et
902 4485 1026 4541 qua
1059 4470 1337 4539 proprium
1387 4468 1630 4523 locorum
1680 4469 1893 4523 illorum
1947 4483 2181 4522 errorem

2291 4472 2368 4533 ὡς
2416 4470 2818 4539 οίκουμενικὴν,
2869 4467 2984 4520 ἀλλ’
3022 4467 3098 4530 ὡς
3150 4464 3403 4533 τοπικὴν,
3463 4464 3559 4516 καὶ
3615 4461 3675 4515 τδ
3730 4463 3849 4516 [διον

620 4563 967 4618 emendasset
996 4561 1060 4613 ⁸⁷.
1097 4558 1284 4628 Neque
1308 4560 1454 4613 enim
1482 4560 1712 4613 aliorum
1748 4559 2181 4613 Patriarcharum

2294 4567 2491 4638 πτῶμα
2520 4566 2629 4618 τῶν
2657 4564 2783 4635 τῇδε
2806 4560 3211 4633 ἀνορθώσασαν.
3245 4558 3382 4613 Οὐδὲ
3416 4556 3526 4625 γὰρ
3553 4557 3603 4609 oi
3635 4555 3847 4607 κεκαθι-

621 4656 806 4710 vicarii
856 4662 1011 4709 erant
1044 4652 1136 4721 qui
1177 4667 1276 4721 pro
1313 4651 1378 4705 iis
1415 4651 1713 4706 sedebant:
1742 4650 1936 4705 falsum
1962 4692 1976 4715 ,
2012 4649 2181 4718 siqui-

2288 4658 2444 4720 κότῑς
2496 4656 2901 4725 ἀντιπρόσωποι
2929 4652 3039 4707 τῶν
3085 4653 3258 4706 ἄλλων
3302 4647 3678 4719 πατριαρχῶν·
3718 4646 3845 4716 ψευ-

620 4750 742 4805 dem
774 4746 1003 4803 Romani
1044 4761 1151 4799 non
1182 4752 1402 4814 propter
1433 4744 1726 4815 synodum,
1781 4743 1874 4797 sed
1919 4744 1989 4797 ob
2019 4742 2179 4795 aliam

2284 4748 2371 4811 δές
2529 4748 2637 4801 τῶν
2681 4747 2777 4816 μὲν
2818 4744 3104 4814 Ῥωμαίων
3128 4743 3195 4796 δι’
3223 4741 3370 4803 ἄλλο,
3409 4741 3470 4793 ού
3505 4739 3594 4792 διὰ
3621 4738 3842 4801 σύνοδον,

620 4854 840 4894 causam
869 4836 1018 4891 missi
1048 4835 1154 4889 huc
1195 4844 1472 4889 venerant.
1502 4833 1681 4899 Quare
1725 4841 1782 4888 et
1829 4833 2081 4902 depositi,
2122 4840 2179 4886 ut

2284 4836 2791 4910 παραπεμφθέντων
2844 4834 3096 4889 ἐνταῦθα.
3148 4833 3239 4885 Διὸ
3307 4831 3402 4885 καὶ
3452 4829 3842 4902 καθῃρέθησαν,

621 4930 827 4990 fertur,
877 4935 1000 4996 post
1029 4926 1261 4979 reditum
1294 4924 1515 4979 fuerunt
1565 4924 1634 4977 ab
1677 4939 1743 4978 eo
1784 4922 1875 4993 qui
1928 4923 2185 4989 miserat;

620 5020 867 5090 quamvis
883 5026 1100 5074 coactos
1122 5032 1179 5071 se
1205 5016 1376 5072 fuisse
1393 5026 1765 5071 causarentur.
1788 5015 1892 5070 Alii
1913 5024 2094 5069 autem
2123 5032 2188 5069 ex

620 5113 831 5166 oriente
858 5111 1097 5182 quidem.
1140 5110 1233 5164 sed
1264 5125 1293 5162 a
1332 5108 1661 5163 nostratibus
1687 5108 1930 5177 persuasi
1955 5116 2010 5161 et
2030 5106 2189 5160 indu-

622 5206 714 5267 cti,
738 5220 850 5259 non
878 5214 1058 5258 autem
1090 5218 1118 5255 a
1145 5201 1473 5257 Patriarchis
1502 5200 1671 5265 missi,
1700 5200 1789 5270 qui
1831 5199 1966 5253 nihil
2009 5199 2185 5254 scive-

624 5307 829 5349 runtne
850 5303 1033 5364 postea
1052 5294 1290 5361 quidem,
1304 5301 1527 5361 propter
1541 5291 1716 5362 gentis
1736 5301 1939 5346 metum
1961 5290 2187 5346 scilicet.

625 5387 737 5441 Hoc
754 5396 933 5441 autem
956 5385 1157 5439 idcirco
1176 5384 1448 5439 faciebant
1467 5384 1716 5437 homines
1732 5383 1925 5449 nostri,
1946 5392 2009 5437 ut
2022 5384 2189 5438 haere-

2290 4932 2365 4994 ὧς
2398 4947 2550 4998 φασι,
2583 4928 3072 4998 παλινοστήσαντες
3103 4924 3208 4978 ὑπὸ
3236 4923 3332 4977 τοῦ
3362 4924 3729 4993 πεπομφότος,
3751 4924 3843 4976 κᾶν

2291 5025 2634 5079 ὲπεκαλῶντο
2675 5022 2980 5093 βεϐιάσθαι.
3009 5023 3073 5077 Oi
3109 5021 3153 5074 δ’
3176 5020 3325 5075 ἄλλοι
3351 5022 3415 5073 ὲκ
3448 5020 3545 5090 μὲν
3566 5018 3840 5088 ἀνατολῆς,

2291 5115 2407 5170 ἀλλ’
2432 5116 2537 5169 ὑπὸ
2561 5116 2670 5168 τῶν
2703 5114 2933 5167 ἐνταῦθα
2968 5113 3371 5185 προτραπέντες
3429 5110 3525 5163 καὶ
3558 5109 3840 5180 ὲλχθὲντες,

2292 5208 2393 5278 οὐχ
2434 5208 2541 5261 ὑπὸ
2590 5206 2697 5260 τῶν
2744 5205 3099 5277 πατριαρχῶν
3132 5201 3552 5265 ἀποσταλέντες,
3587 5201 3672 5253 ὅτι
3725 5201 3841 5270 μηδὲ

2296 5299 2543 5365 ἐνόησαν,
2570 5300 2601 5370 ἢ
2634 5297 2877 5368 ὕστερον,
2910 5297 2995 5351 διὰ
3021 5296 3082 5348 τὺ
3108 5293 3198 5348 τοῦ
3232 5293 3415 5355 ἔθνους
3446 5291 3565 5354 δέος
3598 5290 3837 5361 δηλονότι.

2296 5388 2468 5443 Τοῦτο
2507 5390 2564 5444 δὲ
2594 5389 2807 5443 ἐποίουν
2850 5389 2900 5442 οἱ
2930 5386 3182 5452 ἐνταῦθα,
3233 5384 3320 5437 ἵνα
3373 5382 3464 5436 τὸν
3520 5379 3839 5453 αἱρετίζοντα

696 5506 737 5536 ³⁷
778 5505 854 5559 De
886 5504 989 5557 hoc
1019 5504 1137 5557 loco
1168 5500 1366 5557 videsis
1385 5500 1602 5557 Baronii
1634 5500 2049 5567 dubitationem,
2079 5516 2169 5555 an.
2208 5502 2331 5569 787,
2356 5520 2411 5561 n.
2446 5505 2532 5561 58.

2124 5616 2355 5677 NOTE.

696 5756 773 5825 (l)
816 5754 975 5811 Forte
1004 5756 1118 5811 haec
1150 5770 1249 5811 vox
1279 5770 1341 5810 ev
1384 5767 1479 5808 ora
1511 5751 1629 5807 libri
1666 5752 1717 5807 in
1746 5760 1949 5808 textum
1984 5750 2222 5821 irrepsit.
