4008 6318
157 332 301 396 ῖθδιῖι

1391 331 1929 395 EPISTOLARUM
1975 332 2119 392 LIB.
2163 331 2210 390 ῐ.

3305 333 3444 398 1046

149 448 286 500 λαὸν
320 445 521 516 μᾶλλον
552 447 816 502 πείσωσιν
853 448 1176 520 όρθοδοξεῖν,
1212 451 1274 501 ἐκ
1301 445 1395 500 τοῦ
1438 450 1745 517 οἰκονμενι-

1853 444 1894 498 si
1917 445 2287 498 adhaerentem
2313 443 2570 513 populum
2587 443 2799 499 facilius
2821 445 2885 500 ad
2910 445 3269 500 orthodoxam
3287 447 3446 502 fidem

148 538 254 608 κὴν
285 537 452 607 δῆθεν
474 539 830 610 ἀθροισθῆναι
863 540 1103 594 σύνοδον.

219 630 286 683 Et
305 631 364 683 δὲ
387 630 574 700 φαίης,
592 631 706 696 πῶς
727 633 887 702 ἡμεῖς
907 634 1005 686 οὐκ
1029 631 1390 702 ἐνιστὰθημεν
1413 629 1737 697 τηνικαῦτα,

147 723 246 773 καὶ
291 721 386 774 διὰ
416 721 468 774 τί
508 722 843 792 χειροτονίαν
894 722 1194 792 ἐδεξάμεθα
1229 721 1366 792 μετά
1396 722 1492 792 τὴν
1525 719 1743 772 σύνοδον

147 811 310 880 παρὰ
364 810 460 864 τοῦ
516 811 687 881 κυροῦ
741 813 1036 884 Ταρασίουο
1070 811 1486 881 ἀπολογούμεθα
1521 811 1616 864 καὶ
1660 811 1744 863 σοὶ

148 906 247 956 καὶ
271 907 469 968 πᾶσιν,
497 904 660 956 ὅτιτὸ
692 905 791 974 μὲν
821 907 878 957 ἐν
915 906 1180 974 ὑπηκόοις
1227 904 1540 974 ἐτελοῦμεν.
1576 904 1648 971 μὴ
1679 903 1746 955 τὰ

148 994 390 1064 ὕστερον
443 995 758 1062 γνωσθέντα
809 996 942 1066 ἡμῖν
1003 995 1261 1068 πρότερον
1319 995 1540 1056 εἰδότες·
1571 993 1632 1046 τὸ
1665 992 1748 1058 δὲ,

146 1085 500 1156 δραξάμενος
525 1087 706 1138 αἰτίαν
736 1085 979 1154 εὔλογον,
999 1086 1059 1138 τὸ
1087 1087 1266 1153 λέγειν
1287 1086 1579 1156 Ταράσιον,
1608 1086 1745 1153 μήτε

148 1181 438 1248 ἐπιτίμιον
458 1177 768 1238 δεδωκέναι,
800 1176 922 1247 μηδ’
955 1172 1021 1230 αὖ
1046 1179 1093 1230 εί
1128 1179 1325 1245 γνοῖεν,
1356 1176 1463 1229 τῶν
1490 1175 1748 1228 τοιούτων

150 1270 571 1340 συνιερουργεῖν
605 1285 731 1333 τινι,
786 1267 923 1320 ἀλλά
963 1268 1056 1320 καὶ
1112 1268 1416 1338 καθαιρεῖν.
1478 1266 1594 1319 Κᾶν
1651 1265 1750 1335 οὐχ

147 1361 330 1424 οὕτως
361 1357 432 1430 ἦν
477 1359 539 1413 τὸ
588 1359 809 1430 ἀληθὲς,
845 1359 933 1412 διὰ
989 1361 1049 1411 τὸ
1101 1359 1396 1428 προφανές.
1430 1357 1572 1410 Ἀλλ’
1599 1357 1750 1427 ὅμως

146 1454 318 1523 ἡμεῖς
370 1449 694 1521 ὀρεγόμενοι
739 1452 840 1519 τὴν
901 1449 1181 1518 ὁμόνοιαν,
1231 1448 1584 1519 ἡρκέσθημεν
1639 1449 1752 1510 τοῖς

149 1544 480 1614 λεγομένοις
508 1560 524 1575 ο
556 1541 714 1596 τοῦτο
745 1544 1085 1612 κεκρικότες,
1128 1543 1222 1594 ἐπὶ
1255 1542 1316 1594 τὸ
1369 1540 1753 1612 φιλανθρωπό-

147 1655 310 1708 τερον
333 1637 438 1706 τῆς
473 1636 700 1707 εἰρήνης
722 1634 911 1688 νεῦσαι
943 1637 1000 1687 ἐν
1031 1634 1107 1704 τῷ
1131 1632 1419 1704 ἀμφιϐόλῳ
1444 1633 1753 1704 πράγματι⁹

151 1728 342 1792 καθώς
415 1727 549 1797 φησί
579 1743 683 1779 που
746 1728 775 1779 ό
827 1725 1106 1793 Θεολόγος.
1156 1725 1265 1777 Καὶ
1310 1724 1448 1794 ἅμα,
1499 1725 1581 1777 ὅτι
1613 1723 1758 1777 δεδε-

1841 536 2243 604 pertralierent,
2263 550 2385 589 cum
2408 536 2746 590 oecumenica
2760 536 2998 607 synodus
3015 549 3200 592 coacta
3227 538 3440 593 fuisset.

1912 630 2068 696 Quod
2097 630 2138 683 si
2175 645 2386 698 quazras
2414 629 2769 698 quamobrem
2817 646 2918 684 nos
2954 640 3068 686 tum
3091 632 3320 686 minime
3345 633 3444 686 ob-

1845 724 2149 777 stiterimus
2177 762 2191 785 ,
2225 732 2281 776 et
2329 737 2426 775 cur
2457 721 2862 775 ordinationem
2907 728 3032 790 post
3067 724 3335 794 synodum
3380 724 3448 778 de

1846 814 2053 869 domini
2081 813 2290 868 Tarasii
2317 827 2480 866 manu
2515 814 2958 882 susceperimus;
2997 813 3104 868 hoc
3137 814 3232 868 tibi
3267 815 3448 868 omni-

1846 905 2056 974 busque
2080 905 2607 976 aliisrespondemus
2636 921 2648 957 :
2680 903 2911 973 primum
2945 903 3169 974 quidem
3216 921 3318 959 nos
3345 906 3449 960 sub

1848 996 2162 1052 obedientia
2223 1005 2312 1050 tua
2361 997 2598 1060 vixisse,
2648 1011 2748 1050 nec
2814 995 2943 1049 (lum
2988 1012 3050 1049 ea
3099 998 3443 1066 cognovisse,

1848 1105 1970 1158 quae
2006 1097 2287 1157 perspecta
2321 1088 2480 1142 nobis
2502 1095 2687 1156 postea
2713 1086 2932 1139 fuerunt
2959 1104 2970 1138 :
2993 1085 3192 1140 deinde
3224 1103 3446 1141 causam

1851 1189 2040 1233 nactos
2079 1179 2248 1233 fuisse
2281 1179 2654 1248 probabilem;
2687 1194 2810 1231 cum
2844 1179 3053 1232 diceret
3076 1178 3350 1243 Tarasius,
3387 1195 3446 1233 sc

1851 1286 1955 1328 nec
1980 1270 2359 1340 paenitentiam
2391 1270 2717 1339 imposuisse
2743 1311 2757 1333 ,
2813 1285 2916 1324 nec
2967 1286 3131 1340 porro
3162 1287 3286 1324 cum
3334 1273 3447 1328 ullo

1853 1378 2044 1418 eorum
2073 1405 2086 1427 ,
2136 1364 2180 1416 si
2213 1363 2478 1428 novisset,
2517 1363 3091 1429 communicaturum;
3146 1365 3446 1433 quinetiam

1856 1455 2259 1524 depositurum.
2300 1453 2619 1523 Quanquam
2675 1454 2728 1507 id
2778 1468 2967 1506 verum
3001 1468 3109 1507 non
3147 1463 3284 1518 erat,
3321 1469 3446 1508 cum

1857 1547 2145 1601 manifesta
2202 1561 2290 1599 res
2331 1554 2495 1600 esset.
2557 1544 2662 1598 Sed
2705 1560 2806 1598 nos
2859 1555 3042 1599 tamen
3093 1546 3446 1600 concordiam

1858 1647 2198 1708 appetentes,
2236 1637 2302 1690 iis
2336 1636 2576 1691 contenti
2614 1635 2816 1690 fuimus
2845 1651 2968 1706 qua:
3001 1637 3067 1691 ab
3101 1652 3168 1691 c0
3191 1637 3448 1692 diceban-

1865 1738 1988 1783 tur:
2017 1730 2095 1784 sic
2134 1738 2460 1794 statuentes,
2509 1729 2575 1782 ad
2605 1729 2985 1782 humaniorem
3035 1729 3184 1799 pacis
3234 1739 3444 1799 partem

149 1823 359 1889 γμένος
407 1815 476 1889 ἦν
517 1818 608 1872 διά
649 1817 745 1889 τὴν
792 1816 1122 1888 ὀρθοδοξίαν,
1180 1816 1273 1869 καὶ
1313 1817 1374 1868 τὸ
1424 1817 1543 1869 κατ’
1575 1817 1745 1887 αὐτὴν

1855 1821 1909 1873 in
1944 1835 2000 1873 rc
2043 1820 2297 1890 ambigua
2335 1820 2788 1889 propendcndum
2845 1836 2966 1874 esse
2992 1861 3006 1885 ,
3053 1820 3195 1875 sicut
3243 1821 3445 1876 alicubi

153 1912 407 1982 ἀνδρεῖον
459 1911 555 1962 καὶ
609 1908 895 1961 σπουδαῖον
940 1908 1221 1975 γενέσθαι,
1277 1907 1384 1960 ὑπὸ
1438 1907 1545 1960 τῶν
1574 1907 1747 1961 ἄλλων

165 1999 743 2072 Ἐκκλησιῶν.Ταῦτά
771 2016 851 2051 σοι
887 1998 1178 2068 ἐγνώρισα,
1202 1999 1413 2058 τέκνον,
1436 2001 1512 2060 είς
1544 1999 1747 2067 εἴδησιν

153 2096 265 2149 τῶν
301 2095 680 2165 καθηκόντων·
716 2092 811 2145 καὶ
829 2093 911 2144 ὅτι
931 2093 980 2144 οί
1008 2092 1136 2160 περὶ
1165 2091 1343 2145 Σάϐαν
1373 2093 1421 2144 εἰ
1452 2092 1540 2145 διά
1570 2093 1746 2158 τοῦτο,

155 2188 248 2239 καὶ
288 2187 392 2238 οὐκ
419 2185 601 2246 ἄλλοις
631 2183 772 2234 τισὶν
808 2181 1024 2246 ἀλόγοις
1056 2181 1366 2250 διεφέροντο
1397 2182 1532 2252 πρὸς
1564 2183 1746 2246 αὐτὸν,

157 2272 303 2347 εἶχον
353 2274 579 2342 εὔλογον
627 2273 722 2324 καὶ
756 2270 990 2340 ἔχουσιν.
1030 2272 1117 2334 Ὠς
1147 2273 1256 2342 γὰρ
1284 2273 1387 2324 ὑπὸ
1424 2273 1748 2341 παραπετά-

159 2386 325 2438 σματι
362 2369 527 2437 ἡμεῖς
556 2364 647 2418 τοῦ
672 2363 857 2431 λέγειν
885 2362 962 2432 μὴ
995 2362 1246 2432 δέχεσθαι
1281 2365 1408 2425 τοὺς
1446 2364 1745 2426 τοιούτους,

159 2461 293 2513 ἀλλά
319 2459 420 2512 καὶ
447 2457 752 2526 καθαιρεῖν,
784 2453 1122 2523 συνήλθομεν
1146 2453 1223 2524 τῷ
1253 2455 1504 2523 προέόρῳ
1535 2470 1546 2482 ·
1575 2453 1748 2515 οὕτως

160 2553 360 2605 ἐκεῖνοι
420 2549 483 2602 τὸ
535 2547 780 2618 πραχθὲν
835 2547 1092 2616 ἐμφανῶς
1152 2548 1367 2615 ἔχοντες
1429 2548 1745 2617 δικαίωμα,

159 2641 568 2695 ἀντιποιοῦνται
618 2639 843 2702 εἰκότως
895 2638 986 2691 τοῦ
1037 2638 1182 2691 θείου
1237 2641 1482 2702 κανόνος.
1514 2640 1623 2693 Καὶ
1651 2640 1774 2701 οὐκ,

160 2733 302 2785 ἐστιν
349 2735 378 2786 ό
409 2733 570 2803 χάριν
590 2729 782 2782 τούτου
823 2730 917 2784 τοῦ
950 2731 1240 2798 κεφαλαίου
1271 2730 1570 2801 δυνάμενος
1600 2733 1748 2784 ἀντι-

162 2827 353 2895 στῆναι
389 2825 595 2886 αὑτοῖς,
632 2822 685 2874 εῐ
727 2839 788 2891 γε
832 2823 1040 2890 λέγοιεν
1065 2825 1147 2876 ὅτι
1175 2824 1447 2893 Ταρὰσιος
1472 2826 1746 2894 οἰκονομι-

162 2913 272 2977 κῶς
295 2914 520 2979 ἐδέξατο
545 2913 669 2976 τοὺς
693 2930 796 2984 χρη
807 2911 1408 2982 ματοχειροτονοῦντας.
1447 2911 1609 2964 Ἀλλά
1642 2911 1749 2980 γὰρ

161 3005 268 3057 οὐδ’
309 3007 376 3058 ἂν
434 3004 639 3074 Πέτρος
705 3004 800 3057 καὶ
858 3001 1068 3065 Παῦλος
1130 3003 1326 3072 ἐπιστῇ
1360 3018 1373 3032 ⁸
1433 3001 1589 3055 αὐτοὶ
1642 3002 1749 3073 γὰρ

163 3091 407 3154 ἐξέθεντο
456 3090 547 3144 τὸν
591 3091 812 3156 κανόνα,
844 3091 939 3143 καὶ
969 3091 1122 3144 αύτοί
1161 3109 1324 3161 φασιν
1349 3106 1362 3119 ·
1421 3090 1602 3145 Ἀλλᾶ
1633 3089 1750 3145 κᾶν

1849 1909 2165 1982 Tlieologus
2212 1912 2311 1964 ait.
2347 1911 2524 1964 Simul
2574 1912 2676 1965 hoc
2714 1912 2877 1964 etiam
2916 1921 3256 1981 reputantes,
3291 1913 3447 1968 illum

1847 2012 2070 2072 propter
2100 2003 2260 2056 fidem
2306 2003 2708 2066 orthodoxam,
2742 2018 3018 2073 suumque
3059 2004 3112 2056 in
3153 2019 3215 2058 ea
3245 2006 3446 2060 tuenda

1849 2093 2127 2156 studium,
2175 2094 2243 2147 ab
2286 2094 2407 2147 aliis
2439 2094 2699 2148 Ecclesiis
2746 2104 3026 2163 receptum
3074 2094 3262 2149 fuisse.
3320 2096 3448 2150 Haec

1851 2182 1943 2236 tibi
1977 2183 2238 2251 exposui,
2273 2183 2386 2246 fili,
2434 2193 2492 2236 ut
2532 2184 2673 2237 scias
2711 2199 2832 2250 quae
2871 2184 3013 2238 scire
3067 2195 3118 2240 tc
3163 2187 3443 2251 convenit,

1849 2282 1904 2326 et
1924 2271 2143 2336 Sabam,
2181 2273 2225 2326 si
2261 2281 2484 2342 propter
2521 2274 2638 2328 hazc
2670 2290 2777 2327 non
2815 2274 2885 2329 ob
2914 2275 3016 2329 alia
3057 2278 3329 2346 quaepiam
3358 2294 3444 2332 ra-

1851 2363 1984 2416 tioni
2025 2363 2166 2417 haud
2206 2375 2575 2419 consentanea
2612 2366 2660 2419 ei
2695 2367 3017 2421 adversatus
3043 2377 3147 2434 cst,
3183 2369 3443 2438 probabi-

1850 2452 1958 2506 lem
2007 2469 2229 2509 causam
2279 2457 2534 2511 habuisse
2581 2467 2636 2512 et
2695 2459 2917 2514 habere.
2972 2459 3442 2526 Quemadmodum

1848 2544 1994 2598 cnim
2028 2561 2130 2600 nos
2160 2547 2264 2600 hoc
2306 2557 2593 2617 prietextu,
2622 2551 2768 2618 quod
2804 2551 3029 2617 diceret,
3067 2568 3125 2607 se
3173 2555 3306 2608 tales
3333 2571 3441 2609 non

1850 2635 2114 2703 recipere,
2141 2637 2233 2690 scd
2248 2637 2548 2706 deponere,
2569 2655 2690 2692 eum
2711 2642 3022 2710 patriarcha
3047 2645 3440 2701 convenimus:

1849 2725 1928 2779 sic
1959 2726 2035 2778 illi
2057 2727 2264 2794 justam
2291 2730 2366 2781 rei
2411 2729 2588 2797 palam
2619 2740 2784 2801 gesta:
2818 2733 3195 2788 defensionem
3235 2733 3444 2793 haben-

1851 2821 1952 2876 tes,
1989 2829 2089 2882 pro
2119 2814 2304 2869 divino
2335 2830 2546 2871 canone
2575 2819 2772 2873 meri'to
2803 2820 3106 2877 decertant.
3139 2821 3326 2892 Neque
3359 2832 3445 2878 est

1847 2905 1942 2973 qui
1971 2906 2076 2961 hoc
2109 2908 2337 2962 nomine
2367 2913 2695 2980 redarguere
2744 2911 2867 2967 illos
2911 2916 3114 2983 possit,
3168 2915 3214 2970 si
3260 2916 3445 2972 dicant

1849 2996 2134 3053 Tarasium
2159 3015 2257 3068 per
2279 3002 2747 3071 dispensationem
2777 3021 2872 3059 eos
2905 3007 3201 3076 recepisse,
3226 3007 3317 3078 qui
3345 3023 3444 3078 per

1851 3088 2140 3155 pecuniam
2171 3090 2510 3145 ordinarant.
2543 3093 2612 3145 At
2643 3109 2822 3163 neque
2857 3095 2899 3149 si
2931 3097 3126 3151 Petrus
3155 3107 3212 3152 et
3241 3100 3444 3155 Paulus

163 3180 328 3248 ἡμεῖς
356 3180 393 3249 ἢ
428 3181 686 3252 ἅγγελος
704 3182 772 3246 ἐξ
803 3182 1066 3248 οὐρανοῦ
1119 3181 1567 3251 εὐαγγελίζηται
1604 3181 1745 3252 ὑμῖν

1853 3178 2073 3245 adsint;
2107 3181 2206 3250 ipsi
2257 3183 2404 3236 cnim
2449 3199 2717 3240 canonem
2758 3186 3161 3254 condiderunt,
3223 3190 3442 3260 ipsimet

165 3270 296 3338 παρ’
331 3271 363 3325 ὃ
394 3273 931 3343 εὐηγγελισάμεθα,
961 3272 1229 3341 ἀνάθεμα
1261 3272 1436 3325 ἔστω.

410 3583 538 3638 ΛΘ’.
573 3612 643 3625 -
676 3582 944 3651 Θεοφίλῳ
982 3581 1317 3652 ἡγουμένῳ.
1351 3581 1516 3656 [ρς’.]

1849 3269 2041 3323 dicunt
2069 3288 2082 3323 :
2110 3269 2215 3325 Sed
2239 3274 2355 3326 licet
2396 3290 2518 3338 nos,
2559 3287 2652 3328 aut
2679 3276 2910 3348 Angelus
2943 3280 3005 3332 de
3033 3281 3177 3347 εωίο,
3215 3298 3436 3351 evange-

1853 3360 1972 3413 lizet
2007 3363 2147 3416 vobis
2175 3374 2527 3436 praeterquam
2564 3370 2702 3438 quod
2745 3373 3255 3443 euangelizavimus,
3303 3391 3439 3429 ana-

1856 3457 2027 3506 thema
2049 3455 2117 3507 sit
2145 3455 2211 3508 ³⁸.

2159 3589 2398 3646 XXXIX.
2427 3625 2496 3633 —-
2534 3595 2812 3665 Theophila
2839 3602 3136 3670 prwpost’to.

478 3699 576 3750 Cur
600 3701 864 3749 haereticos
888 3706 1031 3750 vocet
1052 3713 1157 3761 eos,
1178 3699 1473 3763 quibuscum
1505 3703 1612 3764 ipse
1640 3702 1904 3766 aliquando
1931 3711 2397 3760 communicaverat.
2426 3713 2632 3774 (Baron.
2666 3724 2778 3764 ann.
2807 3716 2918 3775 809,
2949 3730 2998 3766 η.
3026 3719 3132 3781 28.)

244 3808 580 3881 Ἐϐουλόμην
628 3808 928 3880 ταχύτερον
982 3813 1288 3866 ἐπιστεῖλαι
1342 3817 1408 3884 τῇ
1466 3815 1745 3887 ἁγιωσύνῃ

171 3916 282 3966 σου,
331 3901 445 3955 ἀλλ’
489 3903 591 3955 οὐκ
641 3902 956 3974 εὐωδούμην
1013 3906 1418 3977 φρουρούμενος
1465 3907 1745 3976 ἀσφαλῶς.

171 3989 294 4043 Ὀτε
321 3993 378 4046 δὲ
409 3994 705 4062 εὐδόκησεν
733 3994 760 4045 ὁ
786 3993 989 4062 ἀγαθὸς
1016 3995 1151 4060 Θεὸς
1180 3996 1510 4066 χαρίσασθαι
1535 4000 1630 4051 καὶ
1655 3999 1746 4051 τὸν

170 4079 362 4149 τρόπον
395 4083 490 4137 καὶ
521 4083 582 4136 τὸ
615 4080 926 4154 πρόσωποψ
969 4084 1272 4154 τηνικαῦτα
1302 4086 1392 4138 τὸν
1425 4088 1553 4156 ἐμὸν
1583 4087 1744 4140 πόθον

171 4165 353 4238 πληρῶ
385 4171 414 4224 ὁ
438 4172 723 4238 ταπεινὸς,
750 4173 842 4226 καὶ
868 4176 1288 4246 προσαγορεύω,
1309 4176 1405 4230 καὶ
1425 4178 1742 4248 ἀσπάζομαι

169 4258 255 4310 τὸν
282 4261 411 4331 ἐμὸν
436 4265 807 4334 πνευματικὸν
829 4267 1076 4336 Πατέρα,
1101 4268 1194 4320 καὶ
1214 4269 1332 4321 λίαν
1359 4270 1527 4332 ὅντως
1560 4269 1743 4337 φιλού-

172 4366 344 4416 μενον.
378 4356 453 4409 Ού
490 4357 597 4426 γὰρ
623 4357 810 4424 ἐπειδὴ
838 4356 1127 4429 διέστησαν
1163 4362 1309 4431 ἡμᾶς
1336 4361 1666 4431 σωματικῶς
1692 4363 1740 4415 οί

171 4439 421 4513 ἄρχοντες
466 4447 564 4501 τοῦ
597 4448 792 4511 αίῶνος
833 4449 1051 4514 τούτου,
1095 4453 1192 4524 ἤδη
1235 4453 1486 4507 διέλυσαν
1525 4455 1619 4507 καὶ
1642 4455 1739 4525 τὴν

171 4530 258 4584 ἐπὶ
287 4534 416 4590 Θεὸν
441 4537 600 4609 ήμῶν
628 4539 762 4609 πρὸς
793 4539 1058 4610 ἀλλήλους
1085 4543 1342 4612 ὁμόνοιαν
1373 4562 1431 4596 τε
1462 4545 1556 4598 καὶ
1611 4545 1736 4615 σχέ-

1924 3819 2180 3876 Volebam
2232 3825 2485 3894 equidem
2533 3827 2696 3882 citius
2746 3829 2815 3883 ad
2880 3831 3228 3888 sanctitatem
3289 3847 3436 3897 tuam

1847 3913 2117 3980 scribere,
2154 3915 2251 3969 sed
2297 3917 2440 3972 viam
2477 3919 2685 3974 nullam
2737 3922 3103 3991 reperiebam,
3147 3937 3296 3984 arcta
3332 3946 3434 3987 cu-

1845 4004 2018 4058 stodia
2079 4006 2346 4062 inclusus.
2382 4009 2678 4080 Postquam
2730 4021 2913 4066 autem
2951 4013 3063 4070 Deo
3114 4017 3262 4074 bono
3316 4023 3434 4091 pla-

1844 4095 1980 4160 cuit,
2010 4105 2065 4149 et
2094 4097 2316 4153 modum
2349 4109 2404 4154 et
2428 4101 2705 4157 hominem
2739 4106 3044 4162 concedere
3073 4125 3087 4161 :
3117 4125 3265 4166 nunc
3291 4115 3436 4168 desi-

1847 4185 2058 4240 derium
2088 4204 2271 4243 meum
2301 4191 2521 4246 humilis
2560 4194 2771 4264 expleo,
2804 4207 2854 4252 et
2892 4200 3069 4253 saluto
3097 4201 3432 4270 amplector-

1848 4295 1954 4347 que
2003 4279 2340 4349 spiritualem
2386 4282 2601 4340 Patrem
2643 4303 2823 4342 meum
2873 4306 3033 4360 quem
3086 4308 3276 4349 revera
3308 4311 3433 4352 amo

1847 4369 2160 4438 plurimum.
2205 4371 2390 4442 Neque
2419 4375 2587 4437 enim,
2621 4379 2840 4445 quando
2867 4396 3096 4450 corpore
3128 4399 3225 4438 nos
3252 4400 3434 4456 segre-

1847 4467 2043 4526 garunt
2089 4460 2368 4531 principes
2414 4465 2598 4518 saeculi
2627 4466 2810 4535 hujus,
2862 4471 3067 4538 pariter
3096 4482 3339 4527 mutuam
3373 4476 3428 4529 in

1847 4550 1957 4604 Deo
1980 4561 2168 4606 nostro
2206 4555 2551 4609 concordiam
2584 4556 2954 4630 aﬂ'ectumque
3003 4564 3381 4620 dissolverunt
3413 4585 3426 4621 :

174 4634 271 4671 σιν-
305 4625 505 4693 μᾶλλον
536 4628 635 4697 μὲν
677 4623 768 4681 οῦν
810 4631 902 4681 καὶ
929 4630 1285 4688 ἐϐεϐαίωσαν.
1323 4633 1590 4704 Πείθομαι
1633 4635 1739 4705 γὰρ

1851 4643 2091 4711 quinimo
2123 4645 2292 4713 magis
2341 4647 2757 4704 confirmarunt.
2790 4653 3018 4708 Confido
3048 4657 3194 4710 enim
3264 4666 3431 4712 etme

173 4711 260 4764 καὶ
295 4716 394 4785 τὴν
443 4720 543 4789 σὴν
586 4719 844 4790 ὁσιότητα
875 4722 1058 4774 ποθεῖν
1085 4724 1187 4794 τὴν
1218 4724 1492 4795 ἡμετέραν
1523 4723 1741 4789 ἀναξιό-

172 4815 318 4872 τητα·
354 4809 446 4860 xa‘t
476 4809 672 4881 ἀκλινῆ
707 4811 984 4882 διαμένειν
1037 4817 1133 4884 τῆς
1178 4814 1460 4885 ὁρθοδόξου
1489 4816 1581 4868 καὶ
1611 4816 1738 4868 θεα-

176 4892 358 4962 ρέστου
398 4902 727 4964 ἐνστάσεως,
758 4902 815 4968 ἐξ
848 4895 921 4955 ὧν
960 4920 1019 4955 τε
1052 4905 1316 4976 πρότερον
1371 4907 1465 4958 καὶ
1518 4905 1740 4976 ὕστερον

175 4985 440 5056 ὑπέδειξεν
469 4994 672 5063 ἑαυτὴν
698 4993 818 5061 Θεῷ
846 5011 907 5046 τε
942 4997 1033 5047 καὶ
1065 4996 1394 5066 ἀνθρώποις,
1430 4997 1505 5062 ὡς
1557 5015 1740 5052 συναιο

176 5079 373 5143 ρεῖσθαι
419 5086 551 5156 ἡμῖν
595 5088 707 5149 τοῖς
737 5090 1011 5150 ταπεινοῖς
1039 5088 1130 5139 καὶ
1163 5089 1254 5140 τὸν
1287 5089 1428 5159 ὑπὲρ
1454 5089 1740 5153 εὐσεϐείας

173 5163 415 5240 διωγμόνο
459 5177 561 5231 κᾶν
588 5178 686 5230 ούκ
719 5177 1101 5248 ἠϐουλήθησαν
1140 5181 1186 5232 οἱ
1236 5179 1584 5249 κρατοῦντες,
1619 5196 1739 5249 φειο

173 5253 246 5309 δοῖ
278 5262 368 5316 τοῦ
409 5267 484 5339 μὴ
549 5269 780 5331 πολλοὺς
825 5269 1090 5339 ἐξορίζειν
1136 5271 1229 5324 καὶ
1265 5270 1598 5342 καθείργεινο
1641 5269 1738 5322 καὶ

173 5345 242 5410 ὡς
270 5350 332 5405 ἂν
353 5356 574 5424 δόξωσιν
606 5359 856 5414 ἐντεῦθεν
881 5362 1089 5415 πείθειν
1123 5362 1214 5414 τὸν
1238 5361 1462 5431 κόσμον.
1489 5365 1566 5428 εἰς
1589 5366 1737 5435 ἡμᾶς

179 5437 358 5508 μένους
383 5453 768 5521 περιίστασθαι
797 5457 896 5522 τὴν
928 5453 1064 5524 πρὸς
1092 5455 1290 5515 αὐτοὺς
1322 5454 1606 5525 διαφορᾶν,
1644 5458 1736 5509 καὶ

179 5526 246 5598 μὴ
275 5528 408 5591 εἶναι
440 5545 634 5606 ἄλλους
660 5546 787 5608 τοὺς
819 5547 1206 5616 ἐνισταμένους
1233 5563 1245 5574 ·
1279 5547 1328 5599 οἳ
1359 5549 1604 5602 τοσοῦτοι
1658 5549 1735 5619 τῷ

178 5619 353 5692 πλήθει
379 5632 435 5684 ἐν
460 5640 522 5707 τῇ
559 5637 651 5691 ὑπ’
678 5637 847 5707 αὐτῆς
893 5637 1131 5710 ἐξουσία*
1167 5641 1273 5694 κᾶν
1309 5641 1456 5712 φόϐῳ
1497 5642 1605 5696 εἴτε
1641 5644 1744 5726 καί.

240 5736 280 5768 ⁸⁸
311 5741 475 5803 Galat.
506 5768 543 5816 i,
583 5753 634 5817 8,
680 5754 730 5808 9.

1843 4736 2095 4803 quamvis
2123 4737 2408 4808 indignum
2457 4757 2487 4794 a
2523 4750 2615 4795 tua
2642 4745 2931 4800 sanctitate
2977 4747 3152 4818 diligi,
3181 4748 3312 4803 etin
3336 4765 3431 4804 or-

1846 4824 2083 4880 thodoxa
2116 4826 2334 4898 Deoque
2367 4846 2590 4901 accepta
2630 4837 3066 4906 propugnatione
3090 4838 3426 4896 immobilem

1846 4916 2017 4985 ipsam
2045 4934 2370 4988 permanere
2397 4940 2409 4976 :
2437 4925 2591 4979 exiis
2618 4927 2816 4994 quibus
2852 4944 2908 4982 se
2933 4937 2988 4983 et
3018 4937 3202 4995 antea,
3229 4940 3428 5001 etpost

1843 5007 2033 5071 etiam,
2067 5009 2177 5062 Deo
2231 5023 2394 5080 atque
2434 5012 2749 5070 hominibus
2803 5019 3220 5086 comprobavit:
3261 5022 3334 5076 ita
3366 5029 3427 5076 ut

1847 5113 1970 5152 cum
2016 5101 2316 5157 humilibus
2367 5105 2528 5159 nobis
2589 5109 3035 5176 persecutionem
3093 5114 3257 5166 etiam
3321 5131 3424 5184 pro

1847 5190 2048 5260 pietate
2077 5192 2240 5263 eligat
2269 5213 2282 5248 :
2325 5196 2449 5250 licet
2478 5197 2756 5252 noluerint
2784 5201 2877 5269 qui
2907 5218 3089 5256 rerum
3113 5205 3422 5274 potiuntur,

1845 5295 1915 5334 ne
1948 5290 2055 5334 tam
2083 5284 2282 5338 multos
2321 5285 2376 5338 in
2409 5286 2659 5341 exsilium
2691 5292 3069 5355 amandarent,
3108 5296 3191 5349 vel
3231 5297 3285 5350 in
3329 5315 3418 5352 cu.

1845 5372 2078 5427 stodiam
2113 5377 2430 5444 traderent;
2461 5391 2628 5448 atque
2684 5391 2743 5435 ut
2788 5383 2891 5438 hac
2945 5385 3160 5441 ratione
3220 5392 3428 5446 mundo

1844 5467 2261 5534 persuaderent,
2289 5485 2389 5524 nos
2416 5473 2561 5524 solos
2591 5472 2659 5525 ab
2690 5473 2822 5542 ipsis
2845 5475 3132 5541 dissidere,
3159 5493 3258 5533 nec
3286 5480 3424 5535 alios

1845 5570 1967 5611 esse
1997 5559 2087 5628 qui
2131 5563 2384 5617 resistant
2417 5581 2429 5616 :
2457 5581 2580 5618 eum
2612 5575 2792 5622 tamen
2827 5570 2964 5624 adeo
2991 5571 3144 5625 multi
3185 5571 3292 5625 sint
3318 5574 3423 5628 sub

1843 5665 2031 5705 eorum
2065 5652 2335 5724 imperio;
2371 5658 2618 5725 quamvis
2660 5669 2754 5714 aut
2801 5671 2947 5716 metu
2983 5672 3076 5717 aut
3109 5663 3422 5719 dissimula-
