4008 6318
563 348 701 415 1047

1761 353 1821 415 S.
1854 349 2252 416 THEODORI
2282 355 2629 417 STUDlTrE

3692 354 3841 420 1048

557 471 707 525 tione
737 484 796 525 se
819 469 968 541 ipsos
998 476 1225 542 tegant;
1256 477 1317 525 ut
1340 468 1587 525 divinum
1616 468 1790 526 David
1808 470 2138 526 clamantem

2254 471 2525 542 δίκονομία
2555 471 2982 542 ὐποκρύπτωσιν
3015 471 3264 536 ἑαυτούς·
3294 471 3370 537 ὡς
3421 471 3573 526 ἐστιν
3606 472 3841 529 ἀκούειν

552 561 819 617 exaudire
844 562 1045 618 liceat:
1093 560 1458 617 Dinumerabo
1496 578 1582 618 eos
1626 574 1676 618 et
1716 580 1876 635 super
1919 580 2141 621 arenam

556 650 1050 721 multiplicabuntur
1077 652 1144 707 ³⁸.

627 737 744 793 Non
787 741 934 796 enim
968 743 1087 798 leve
1132 752 1217 800 est
1266 760 1371 801 nec
1417 744 1717 809 occultum,
1773 743 1923 814 quod
1973 743 2143 815 impie

559 830 739 901 agitur
764 849 778 898 ;
808 832 905 887 sed
937 841 992 889 et
1025 851 1188 907 grave
1214 852 1440 907 prorsus
1467 847 1523 893 et
1548 852 1714 893 sensu
1745 837 1987 903 praeditis
2024 852 2142 891 ma-

557 920 843 981 nifestum.
892 924 1331 984 lncarnationem
1400 929 1628 993 Christi,
1686 943 1721 984 ο
1768 929 2137 994 sanctissime,

558 1022 827 1081 quantum
868 1016 923 1070 in
955 1017 1093 1089 ipsis
1123 1029 1230 1087 est,
1293 1031 1631 1090 everterunt,
1685 1036 1810 1076 cum
1860 1021 2143 1093 Evangelii

556 1106 1065 1173 praevaricationem
1124 1111 1179 1166 in
1232 1111 1468 1169 adulteri
1521 1113 1711 1184 copula
1744 1126 1802 1169 et
1846 1113 2141 1179 adulterio,

557 1195 851 1253 salutarem
881 1201 1141 1258 Ecclesiae
1172 1203 1636 1274 dispensationem
1668 1219 1791 1260 esse
1819 1212 2140 1269 sanxerunt,

557 1288 849 1343 anathema
878 1289 931 1344 in
962 1306 1059 1347 eos
1086 1292 1469 1356 decernentes.
1492 1295 1586 1365 qui
1621 1295 1747 1349 talia
1779 1308 1892 1349 non
1943 1294 2145 1365 proba-

558 1375 1089 1451 rent.Evangelium
1148 1398 1248 1453 per
1285 1384 1449 1439 unius
1508 1384 1756 1439 mandati
1813 1383 2141 1439 solutionem

559 1467 863 1535 solverunt,
918 1472 1250 1531 solutionem
1300 1474 1442 1531 hanc
1508 1474 1605 1531 Dei
1667 1475 2143 1546 dispensationem

559 1559 920 1628 appellantes.
957 1562 1095 1619 Nam
1140 1566 1207 1633 si,
1262 1576 1323 1622 ut
1355 1568 1625 1638 scriptum
1678 1575 1802 1622 est:
1837 1566 2146 1638 Quicunque

560 1658 723 1705 totam
749 1651 913 1722 legem
939 1659 1489 1729 servaverit,oﬂ‘endat
1515 1668 1695 1713 autem
1723 1660 1780 1713 in
1807 1676 1936 1728 uno,
1970 1661 2147 1731 factus

557 1749 633 1796 est
672 1745 908 1799 omnium
938 1763 1055 1802 rem
1084 1748 1166 1816 “;
1221 1750 1309 1805 isti
1362 1766 1499 1807 vero
1527 1752 1763 1821 lapsum,
1797 1752 1908 1807 imo
1934 1753 2140 1823 lapsus,

560 1841 673 1887 tum
702 1834 953 1903 adulleri,
993 1848 1107 1893 tum
1132 1841 1251 1910 ejus
1276 1841 1368 1911 qui
1408 1842 1690 1898 adulteros
1742 1822 2052 1914 conjunxit,
2090 1852 2146 1897 et
2175 1822 2219 1878 Β

559 1925 804 1981 omnium
828 1929 923 1997 qui
971 1929 1221 1986 adultero
1248 1933 1618 1999 adhaeserunt,
1664 1942 1987 2004 partemque
2016 1949 2144 1989 cum

558 2016 806 2073 adultero
837 2033 1173 2090 posuerunt;
1227 2040 1408 2096 neque
1427 2026 1575 2081 enim
1608 2041 1639 2080 a
1673 2041 1732 2081 se
1777 2027 2015 2083 invicem
2054 2042 2145 2081 se-

554 2109 710 2178 jungi
737 2122 969 2181 possunt
993 2114 1087 2184 qui
1143 2114 1415 2181 fecerunt,
1473 2126 1531 2172 et
1562 2118 1659 2189 qui
1706 2118 1871 2174 simul
1928 2119 2144 2191 abrepti

560 2210 727 2269 sunt;
772 2204 1192 2277 haudquaquam
1232 2223 1356 2264 reos
1390 2224 1511 2265 esse
1549 2210 1760 2275 dicunt,
1793 2210 1887 2265 sed
1920 2210 2145 2281 dispen-

560 2303 768 2351 satores
799 2295 932 2363 Dei;
988 2300 1252 2355 mentitus
1288 2309 1372 2356 est
1403 2302 1495 2371 qui
1554 2317 1676 2357 reos
1728 2317 1851 2358 esse
1908 2318 2148 2372 pronun-

563 2385 763 2453 tiavit;
814 2389 979 2443 alieni
1021 2400 1204 2445 autem
1253 2402 1384 2447 sunt
1441 2407 1471 2447 a
1528 2393 1625 2448 Dei
1677 2393 2148 2464 dispensatoribus

561 2476 734 2532 sancti
788 2494 1007 2549 quoque
1057 2482 1208 2550 ipsi:
1259 2484 1529 2553 siquidem
1592 2484 1775 2539 nullus
1828 2492 2146 2540 sanctorum

564 2566 657 2620 Dei
690 2567 865 2638 legem
919 2578 1293 2642 transgressus
1315 2586 1418 2641 est,
1452 2589 1575 2637 nec,
1605 2576 1652 2630 si
1695 2575 2147 2645 transgrediatur,

561 2665 784 2712 sanctus
823 2657 928 2714 dici
999 2670 1201 2729 potest.
1266 2663 1360 2717 lsti
1407 2680 1539 2719 vero
1597 2665 1653 2717 in
1714 2665 2151 2736 transgressione

561 2749 755 2820 dogma
807 2751 1142 2821 inviolabile,
1182 2764 1443 2827 tanquam
1489 2757 1584 2813 Dei
1616 2757 1822 2829 legem,
1847 2758 2152 2813 constitue-

562 2852 715 2905 runt,
744 2852 800 2897 et
836 2859 1030 2901 omnes
1055 2849 1147 2916 qui
1184 2849 1317 2918 ipsis
1346 2865 1408 2903 ea
1452 2851 1508 2905 in
1540 2867 1599 2906 re
1634 2867 1741 2906 non
1776 2853 2149 2912 consentiunt,

561 2931 1127 2988 anathematizarunt.
1183 2935 1299 2990 Non
1373 2939 1729 2995 consentiunt
1792 2940 2153 3010 proculdubio

562 3023 761 3089 sancti,
787 3025 878 3094 qui
910 3026 964 3079 in
1012 3028 1152 3082 cwlo
1175 3031 1378 3100 quique
1423 3032 1476 3085 in
1521 3043 1661 3087 terra
1687 3044 1835 3097 sunt,
1865 3033 2149 3088 adulterio.

2240 563 2335 617 τοῦ
2363 564 2508 617 θείου
2524 563 2688 617 Δαϐὶδ
2719 560 3840 638 κράζοντοςοἘξαριθμήσομαιαύτοὺς,

2241 657 2338 711 καί
2372 655 2525 725 ὑπὲρ
2556 656 2756 726 ἄμμον
2791 656 3352 724 πληθυνθήσονται.

2312 747 2446 800 Οὐδὲ
2472 746 2582 818 γὰρ
2613 748 2809 819 μικρόν
2838 764 2889 801 τι
2915 748 3009 801 καὶ
3042 747 3305 802 λανθάνον
3337 747 3397 801 τὸ
3431 746 3838 818 ἀσεϐούμενον·

2242 831 2379 885 ἀλλίι
2411 832 2505 887 καὶ⁵
2538 833 2744 906 σφόδρα
2774 834 2918 904 μέγα
2966 851 3028 887 τε
3081 837 3179 889 καὶ
3233 837 3511 908 προφανὲς
3551 838 3675 900 τοῖς
3706 835 3844 890 νοῦν

2242 922 2445 993 έχουσι.
2502 924 2613 995 Τὴν
2666 926 2982 997 οἰκονομίαν
3020 927 3280 998 Χριστοῦ,
3331 922 3376 981 ὧ
3415 926 3719 1006 άγιώτατε,
3772 927 3844 981 τὸ

2243 1014 2366 1066 καθ’
2398 1015 2627 1079 ἑαυτοὺς
2653 1016 2983 1087 ἀνέτρεψαν,
3014 1016 3116 1089 τὴν
3150 1016 3465 1087 παράϐασιν
3518 1017 3617 1071 τοῦ
3652 1018 3847 1086 Εὐαγ-

2242 1104 2422 1174 γελίου
2477 1108 2536 1159 ἐν
2579 1110 2645 1177 τῆ
2699 1106 3049 1180 μοιχοζευξίᾳ
3100 1109 3193 1162 καὶ
3248 1108 3465 1180 μοιχείᾳ
3512 1110 3846 1180 οἰκονομίαν

2246 1199 2518 1268 σωτήριον
2563 1201 2632 1271 τῇ
2677 1200 2974 1271 Ἐκκλησία
3006 1200 3453 1271 δογματίσαντες,
3505 1202 3600 1255 ὑπ’
3632 1202 3845 1255 ἀναθέ-

2248 1302 2378 1355 ματι
2410 1286 2518 1340 τῶν
2550 1287 2624 1359 μὴ
2654 1286 2799 1342 οὕτω
2846 1288 3316 1362 προσδεχομένων.
3373 1293 3446 1346 Τὸ
3492 1292 3845 1361 Εὐαγγέλιον

2244 1379 2333 1433 διά
2383 1378 2591 1445 λύσεως
2641 1382 2740 1451 τῆς
2779 1383 2909 1450 μιᾶς
2941 1383 3163 1454 ἐντολῆς
3195 1384 3469 1450 διέλυσαν,
3518 1385 3622 1456 τὴν
3678 1385 3847 1438 λύσιν

2244 1472 2557 1542 οἰκονομίαν
2607 1471 2742 1526 Θεοῦ
2793 1474 3231 1544 ἀποφηνάμενοι.
3273 1476 3336 1529 El
3385 1476 3493 1547 γάρ
3522 1477 3599 1540 ὡς
3624 1478 3845 1548 γέγρα-

2246 1578 2399 1616 πται·
2434 1563 2647 1629 Ὅστις
2674 1561 2826 1617 ὅλον
2852 1563 2962 1617 τὸν
3002 1564 3194 1632 νόμον
3227 1563 3553 1633 πληρώσει,
3585 1566 3845 1619 πταίσει

2246 1655 2316 1709 δὲ
2350 1654 2422 1708 ἐν
2452 1654 2563 1719 ἐνὶ,
2605 1654 2815 1724 γέγονε
2853 1654 3097 1708 πάντων
3139 1656 3376 1724 ἔνοχος.
3434 1650 3599 1710 Οὗτοι
3650 1656 3712 1710 δὲ
3775 1658 3845 1710 τὸ

2248 1750 2518 1818 πταῖσμα,
2564 1746 2765 1817 μᾶλλον
2792 1747 2851 1801 δὲ
2884 1746 2955 1801 τὰ
3004 1747 3346 1819 πταίσματα,
3378 1749 3473 1803 τοῦ
3514 1766 3578 1803 τε
3637 1748 3843 1820 μοιχοῦ

2248 1841 2344 1895 καὶ
2381 1838 2475 1893 τοῦ
2504 1837 2911 1909 μοιχοζεύκτου,
2954 1839 3438 1911 μοιχοσυνδρόμων
3462 1857 3521 1893 τε
3566 1841 3665 1893 καὶ
3698 1840 3844 1894 ὅλων

2246 1935 2355 1989 τῶν
2390 1934 2529 2004 μετά
2567 1933 2757 2004 μοιχοῦ
2802 1932 2902 2004 τὴν
2957 1932 3151 2002 μερίδα
3182 1930 3459 2001 θεμένων·
3495 1930 3558 1984 ού
3586 1930 3703 2002 γὰρ
3724 1927 3844 1985 οἷόν

2248 2040 2307 2077 τε
2332 2023 2394 2088 ἐξ
2424 2022 2671 2093 ἀλλήλων
2700 2021 3039 2092 χωρισθῆναι
3068 2020 3197 2084 τοὺς
3227 2019 3564 2091 πράξαντας,
3586 2020 3686 2075 καὶ
3712 2023 3845 2082 τοὺς

2251 2114 2720 2186 συναπαχθένταςο
2760 2113 2860 2167 οὐκ
2908 2112 3130 2183 ἐνόχους
3153 2115 3337 2182 φασιν,
3369 2112 3485 2167 ἀλλ’
3512 2114 3843 2183 οίκονόμους

2249 2205 2385 2261 Θεοῦ
2416 2222 2430 2235 ο
2496 2204 2756 2274 ἔψευσται
2812 2206 2841 2257 ὁ
2891 2203 3316 2273 ἀποφηνάμενος
3376 2201 3598 2271 ἐνόχους
3647 2197 3839 2254 εἶναι·

2248 2297 2656 2368 ἀλλοτριοῦνται
2693 2297 2749 2349 δὲ
2781 2297 2873 2348 καὶ⁵
2904 2297 2954 2349 οἱ
2988 2296 3130 2364 ἆγιοι
3178 2294 3289 2348 τῶν
3319 2295 3623 2365 οίκονόμων
3673 2293 3839 2346 Θεοῖν

2250 2390 2331 2443 ὅτι
2359 2389 2535 2452 οὐδεὶς
2589 2390 2743 2457 ἅγιος
2786 2388 2879 2441 τὸν
2908 2387 3000 2441 τοῦ
3041 2387 3176 2441 Θεοῦ
3205 2389 3370 2457 νόμον
3416 2386 3840 2457 παραϐέϐηκεν,

2252 2481 2375 2535 σύδέ
2412 2480 2666 2552 παραϐάς
2694 2480 2917 2535 δύναται
2956 2479 3243 2550 καλεῖσθαι
3276 2480 3453 2548 άγιος.
3473 2480 3537 2531 Οἱ
3563 2478 3621 2530 δέ
3657 2476 3843 2547 δόγμα

2253 2576 2310 2626 ἐν
2344 2578 2409 2645 τῇ
2463 2573 2775 2643 παραϐάσει
2828 2573 3115 2641 ἐκθέμενοι
3154 2570 3510 2641 ἀπαράϐατον
3552 2570 3629 2632 ὡς
3671 2570 3843 2639 νόμον

2253 2664 2412 2729 Θεοῦ,
2447 2667 2542 2719 καὶ
2578 2667 2705 2729 τοὺς
2728 2664 2803 2735 μὴ
2831 2663 3291 2733 συναιρουμένους
3322 2662 3506 2725 αὐτοῖς
3538 2662 3600 2714 ἐν
3655 2660 3842 2731 τούτῳ

2253 2755 2757 2825 ἀναθεματίζοντες.
2814 2754 2891 2808 Ού
2938 2754 3264 2822 συνάρονται
3291 2752 3348 2806 δέ
3394 2751 3639 2822 δηλονότι
3682 2753 3734 2803 oi.
3781 2752 3841 2803 ἐν

2252 2848 2467 2921 οὐρανῷ
2500 2850 2595 2902 καὶ
2622 2849 2715 2900 ἐπὶ
2746 2846 2851 2915 γῆς
2879 2846 3026 2913 ἅγιοι
3059 2847 3126 2916 τῇ
3162 2844 3400 2916 μοιχείᾳ.
3450 2842 3695 2916 Φανερδν
3730 2841 3842 2912 ἄρα

2253 2944 2335 2996 ὅτι
2379 2945 2443 3013 τῇ
2491 2941 2642 2994 λύσει
2692 2939 2794 3011 τῆς
2842 2941 2970 3011 μιᾶς
3002 2939 3221 3009 ἐντολῆς
3257 2937 3353 2991 τοῦ
3382 2935 3746 3005 Εὑαγγελιου,
3774 2936 3839 2987 οὐ

2259 3033 2418 3102 μόνον
2478 3030 2597 3084 ὅλον
2652 3029 2713 3082 τὺ
2762 3028 3094 3097 Εύαγγέλιον
3151 3028 3481 3098 ἀνέτρεψαν,
3514 3027 3841 3097 ὁρισάμενοι

563 3113 743 3179 Quare
761 3118 1109 3187 perspicuum
1134 3132 1217 3175 est
1238 3138 1353 3185 eos,
1377 3123 1557 3178 soluto
1576 3124 1850 3193 Evangelii
1869 3140 1978 3179 uno
1999 3140 2150 3178 man-

2258 3124 2428 3194 αὐτὴν
2458 3122 2747 3185 συνοδικῶς
2778 3122 3089 3192 οίκονομίαν
3121 3120 3388 3189 σωτήριον
3409 3122 3475 3189 τῇ
3512 3118 3840 3189 Ἐκκλησία,

564 3207 711 3271 dato,
747 3223 856 3262 non
890 3211 1064 3265 solum
1113 3210 1470 3285 Evangelium
1509 3224 1681 3269 totum
1731 3216 2017 3278 evertisse.
2068 3230 2157 3269 sa-

565 3300 797 3354 lutarem
854 3302 1114 3358 Ecclesia:
1152 3306 1623 3375 diSpensationem
1662 3308 1803 3363 hanc
1831 3322 1953 3363 esse
1995 3324 2157 3380 syno-

565 3392 686 3445 dice
714 3392 1044 3459 definiendo,
1096 3397 1404 3468 legemque.
1442 3399 1589 3469 quod
1640 3400 1694 3454 in
1737 3400 1869 3470 ipsis
1908 3401 2033 3468 fuit,
2066 3402 2155 3456 in-

566 3480 874 3537 violabilem
904 3486 1226 3549 sanciendo,
1258 3489 1311 3541 in
1345 3489 1495 3543 omni
1527 3490 1780 3545 mandato
1800 3491 1947 3560 quod
1986 3492 2157 3546 viole-

572 3581 681 3638 tur,
744 3575 1094 3632 violationem
1137 3579 1311 3648 ipsam
1370 3581 1838 3652 dispensationem
1915 3600 2056 3648 esse,
2091 3600 2157 3639 ac

2260 3214 2443 3278 θέντες
2465 3215 2629 3285 νόμον
2656 3212 3034 3283 ἀπαράϐατον,
3059 3213 3120 3265 τὸ
3140 3212 3515 3278 καθ’ἐαυτοὺς,
3530 3211 3631 3264 ἐπὶ
3652 3211 3843 3278 πάσης

2259 3309 2479 3380 ἐντολῆς
2526 3307 3012 3379 παραϐαινομένης
3056 3304 3372 3376 οἰκονομίαν
3426 3304 3677 3375 γίνεσθαι
3738 3304 3841 3373 τὴν

2257 3400 2463 3471 ταύτης
2495 3399 2834 3468 παράϐασιν,
2867 3397 3005 3468 ὁμοῦ
3036 3414 3095 3450 τε
3128 3398 3222 3451 καὶ
3258 3396 3659 3466 ὀνομάζεσθαι·
3702 3396 3843 3449 ἀλλὰ

2258 3492 2367 3561 γὰρ
2427 3490 2522 3545 καὶ
2576 3490 2704 3551 τοὺς
2757 3486 2946 3552 ἁγίους
2997 3488 3072 3556 μὴ
3111 3486 3528 3556 προσῖεμένους,
3584 3488 3669 3541 ὅτι
3705 3485 3841 3557 μηδὲ

2257 3584 2389 3645 Θεὸς
2421 3582 2541 3635 κατ’
2568 3579 2787 3643 αὐτοὺς,
2813 3577 3237 3649 ἀνεθεμάτισαν.

569 3669 875 3738 nuncupari
909 3688 923 3724 :
960 3687 1149 3726 verum
1188 3675 1354 3728 etiam
1400 3686 1619 3731 sanctos
1653 3693 1763 3733 non
1831 3679 2260 3745 consentientes,
2323 3680 2581 3749 quoniam
2648 3691 2752 3732 nec
2794 3676 2935 3731 Deus
2977 3672 3271 3738 consentit,
3306 3686 3407 3728 suo
3447 3673 3657 3744 judicio
3715 3689 3841 3729 ana-

578 3765 985 3823 thematizasse.

643 3859 721 3911 Ac
745 3856 966 3913 demum
996 3859 1126 3929 quid
1178 3862 1425 3932 pluribus
1454 3881 1590 3935 opus
1623 3876 1731 3930 est,
1774 3882 1897 3921 cum
1929 3866 2156 3938 epistola

569 3964 765 4019 capere
796 3966 904 4005 non
935 3954 1145 4022 possit?
1174 3955 1435 4011 Perversa
1463 3968 1518 4011 et
1545 3959 1663 4013 dira
1680 3960 1862 4028 opinio
1885 3959 1938 4013 in
1972 3960 2158 4017 Eccle-

570 4042 702 4096 siam
730 4053 967 4099 nostram
1002 4045 1213 4103 invecta
1260 4059 1360 4105 est.
1407 4050 1639 4106 Hzeresis
1670 4051 1773 4106 ista
1802 4050 2157 4107 Mocchianica

572 4150 677 4188 una
708 4150 832 4190 cum
856 4135 1133 4209 Evangelii
1163 4140 1555 4207 destructione,
1584 4150 1641 4197 et
1671 4158 1907 4198 canones
1941 4142 2157 4198 divinos

570 4241 670 4295 per
708 4226 853 4282 illius
892 4229 986 4298 qui
1009 4229 1076 4284 ab
1104 4231 1184 4285 eis
1236 4232 1518 4301 depositus
1549 4232 1746 4299 fuerat,
1777 4234 2148 4289 adulterorum

572 4318 902 4387 copulatoris
924 4321 1320 4377 absolutionem
1358 4324 1622 4379 dissolvit.
1662 4326 1875 4381 Etenim
1907 4326 1951 4381 si
1983 4325 2152 4379 Evan-

2326 3869 2439 3923 Καὶ
2470 3866 2659 3930 ἁπλῶς
2682 3867 2736 3920 τί
2768 3863 2943 3918 πολλὰ
2992 3864 3192 3933 λέγειν,
3231 3861 3306 3934 μὴ
3345 3862 3701 3933 ἐγχωρούσης
3740 3866 3839 3933 τῆς

2257 3961 2542 4029 ἐπιστολῆς
2568 3958 2814 4029 δέχεσθαι
2838 3976 2852 4025 ;
2880 3957 3105 4027 Χαλεπὴ
3144 3954 3437 4019 κακοδοξίσ.
3468 3953 3836 4026 ἐδογματίσθη

2258 4058 2316 4109 ἐν
2366 4057 2432 4125 τῇ
2490 4053 2609 4107 καθ’
2642 4055 2789 4122 ἡμᾶς
2833 4048 3151 4121 Ἐκκλησία.
3184 4047 3331 4118 Αὕτη
3388 4049 3422 4118 ή
3480 4046 3835 4118 Μοιχειανικὴ

2259 4148 2467 4218 αἵρεσις
2504 4145 2622 4215 ἅμα
2651 4146 2719 4214 τῇ
2751 4144 3032 4212 ἀνατροπῇ
3072 4139 3165 4193 τοῦ
3204 4136 3557 4209 Εὐαγγελίου,
3588 4138 3684 4190 καὶ
3715 4140 3836 4201 τοὺς

2256 4238 2433 4297 θείους
2490 4234 2720 4297 κανόνας
2768 4232 2856 4285 διὰ
2905 4231 3006 4298 τῆς
3037 4229 3340 4293 άθωώσεως
3370 4227 3463 4281 τοῦ
3492 4230 3625 4295 παρ’
3659 4229 3835 4282 αὐτῶν

2254 4331 2640 4403 καθῃρημένου
2697 4325 3084 4400 μοιχοζεύκτου
3142 4324 3462 4378 διαλύσασα.
3501 4322 3561 4374 Ei
3618 4324 3728 4394 γὰρ
3776 4322 3835 4376 τὸ

570 4411 768 4481 gelium
794 4412 1167 4483 neglexerunt,
1205 4416 1440 4471 otiosum
1494 4416 1598 4470 illis
1627 4416 1820 4475 fuisset
1863 4418 1929 4473 de
1984 4417 2150 4477 sacris

2257 4423 2590 4492 Εὑαγγέλιον
2620 4421 2913 4491 ἠθέτησαν,
2953 4416 3118 4487 σχολὴ
3166 4416 3348 4479 αὐτοῖς
3380 4415 3507 4486 περὶ
3536 4413 3650 4467 τῶν
3678 4413 3835 4485 ἱερῶν

571 4503 873 4557 canonibus
907 4518 1028 4558 esse
1090 4504 1375 4561 sollicitos.
1435 4504 1562 4561 Haec
1596 4506 1758 4577 igitur
1803 4522 1926 4561 cum
1955 4506 2155 4563 saluta-

574 4592 719 4646 tione
745 4594 1055 4662 paternitati
1104 4606 1209 4651 tuae
1237 4612 1527 4669 suggerere
1566 4599 1933 4654 necessarium
1964 4598 2153 4653 existi-

570 4686 735 4749 mavi,
766 4695 826 4741 ut
857 4688 1108 4742 haeresim
1138 4704 1257 4744 esse
1292 4690 1623 4761 intelligens,
1675 4691 1922 4746 haeresim
1958 4690 2150 4761 fugiat,

569 4781 685 4836 sive
717 4783 1024 4851 haereticos,
1058 4784 1132 4837 ita
1155 4793 1213 4838 ut
1239 4800 1341 4841 nec
1367 4801 1490 4840 cum
1519 4787 1600 4841 eis
1634 4788 2022 4853 communicet,
2050 4800 2153 4840 nec

570 4889 667 4929 eos
698 4875 752 4928 in
783 4875 967 4929 divina
1008 4876 1221 4948 liturgia
1265 4888 1657 4953 commemoret
1710 4879 1766 4933 in
1807 4867 2149 4950 religiosissi-

570 4981 660 5020 mo
707 4969 1038 5024 monasterio
1073 4984 1173 5023 suo
1225 4987 1240 5023 :
1298 4971 1553 5041 quoniam
1627 4970 1874 5043 ingentes
1929 4972 2151 5026 minata

570 5058 773 5112 sanctis
828 5057 1161 5115 denuntiata:
1211 5069 1337 5115 sunt
1370 5061 1438 5116 iis
1484 5061 1733 5131 quicum
1795 5077 1858 5116 ea
1916 5062 1999 5117 vel
2030 5062 2152 5117 cibo

572 5160 735 5207 tenus
779 5154 1124 5225 participant.
1182 5156 1338 5222 Quod
1369 5157 1414 5211 si
1463 5166 1675 5226 quaerat
1726 5157 1982 5213 sanctitas
2034 5167 2149 5223 tua,

570 5244 697 5313 quid
727 5260 906 5301 causa:
934 5248 1022 5312 sit,
1048 5263 1148 5302 cur
1179 5248 1296 5303 haec
1335 5249 1436 5319 ipsi
1462 5258 1588 5303 ante
1640 5248 2012 5320 captivitatem
2041 5265 2150 5304 non

568 5336 888 5403 dixerimus,
920 5339 1015 5393 sed
1037 5346 1091 5393 et
1116 5337 1535 5411 Byzantinorum
1576 5340 2147 5396 commemorationem

568 5427 670 5496 ipsi
699 5428 1033 5498 fecerimus;
1083 5433 1190 5487 hoc
1220 5433 1441 5499 habeto,
1492 5432 1761 5503 synodum
1800 5450 1865 5487 eo
1904 5442 2149 5502 tempore

568 5510 812 5575 nondum
862 5532 1104 5577 coactam
1139 5524 1327 5589 fuisse,
1374 5540 1477 5581 nec
1529 5525 1927 5595 promulgatum
1971 5525 2149 5580 adhuc

565 5626 799 5683 pravum
827 5613 1022 5685 dogma
1071 5626 1126 5670 et
1172 5617 1482 5673 anathema.
1527 5616 1593 5671 Et
1622 5626 1749 5672 ante
1802 5617 1919 5673 haec
1970 5625 2147 5675 tutum

644 5780 686 5812 ³³
719 5778 860 5836 Psal.
901 5795 1161 5847 cxsxvm,
1197 5781 1278 5838 l8.
1361 5782 1405 5814 ⁸ο
1430 5781 1544 5838 Jac.
1581 5795 1641 5848 ιι,
1678 5780 1763 5836 l0.

2256 4515 2501 4568 κανόνων
2529 4512 2855 4582 φροντίζειν.
2891 4506 3078 4563 Ταῦτα
3103 4504 3196 4561 οὖν
3232 4507 3329 4561 σὺν
3354 4509 3421 4576 τῇ
3470 4508 3830 4578 προσηγορίᾳ,

2255 4607 2550 4674 ἀναγκαῖον
2590 4605 2816 4673 ἐνόμισα
2860 4600 3171 4671 ὑπομνῆσαι
3195 4599 3295 4670 τὴν
3324 4596 3688 4669 πατρωσύνην
3720 4614 3829 4651 σοιν

2255 4700 2403 4763 ὅπως
2453 4696 2624 4751 εἰδυῖα
2676 4698 2755 4750 ὃτι
2790 4694 3024 4767 αἵρεσις,
3051 4691 3227 4763 φεύγῃ
3258 4690 3357 4761 τὴν
3400 4690 3637 4762 αἵρεσιν,
3669 4690 3831 4762 ἤγουν

2251 4791 2378 4853 τοὺς
2432 4787 2763 4861 αἰρετικούς·
2796 4785 2889 4840 τοῦ
2925 4786 3060 4857 μήτε
3110 4785 3383 4837 κοινωνεῖν
3421 4782 3629 4846 αὐτοῖς,
3694 4784 3829 4854 μήτε

2254 4881 2546 4951 ἀναφέρειν
2592 4881 2651 4933 ἐν
2703 4880 2768 4950 τῇ
2829 4877 3174 4948 εύαγεστάτῃ
3204 4874 3377 4944 αὐτῆς
3426 4875 3562 4945 μονῇ
3611 4874 3706 4926 ἐπῖ
3738 4874 3829 4943 τῆς

2253 4974 2402 5036 θείας
2452 4972 2792 5043 λειτουργίας
2824 4985 2837 4999 ⁸
2893 4969 2975 5022 ὃτι
3031 4968 3287 5039 μέγισται
3340 4966 3563 5021 ἀπειλαὶ
3624 4969 3827 5021 κεῖνται

2256 5065 2407 5135 παρά
2439 5064 2547 5116 τῶν
2582 5064 2753 5131 ἁγίων
2785 5059 3183 5133 ἐκφωνηθεῖσαι
3212 5060 3325 5122 τοῖς
3368 5058 3829 5126 συγκαταϐαίνον-

2256 5174 2341 5210 σιν
2368 5157 2503 5227 αὐτῇ
2540 5156 2702 5227 μέχρι
2732 5156 2825 5207 καὶ
2855 5152 3174 5215 ἑστιάσεως.
3204 5150 3268 5203 El
3295 5150 3353 5205 δὲ
3389 5149 3528 5223 λέγῃ
3557 5151 3593 5220 ἡ
3621 5150 3828 5219 ὁσιότης

2257 5265 2371 5313 σου,
2396 5248 2511 5311 πῶς
2546 5248 2682 5319 αὐτῇ
2711 5246 2815 5316 πρὸ
2836 5246 2934 5315 τῆς
2960 5242 3252 5313 λεηλασίας
3273 5241 3433 5295 τοῦτο
3456 5242 3558 5295 οὐκ
3582 5242 3825 5313 εἴπομεν,

2257 5339 2370 5393 ἀλλ’
2400 5341 2480 5392 ὅτι
2512 5339 2603 5392 καὶ
2637 5340 2795 5409 ἡμεῖς
2830 5334 3276 5406 ἐμνημονεύομεν
3301 5334 3410 5387 τῶν
3440 5335 3498 5386 ἐν
3527 5337 3595 5404 τῇ
3635 5334 3829 5399 Βυζαν-

2254 5432 2380 5487 τίδι·
2416 5433 2589 5485 ἐκεῖνο
2634 5428 2968 5498 γινωσκέτω
3016 5428 3097 5481 ὅτι
3146 5425 3300 5479 οῠπω
3345 5423 3563 5489 σύνοδος
3596 5421 3689 5496 ῆν,
3720 5426 3828 5480 οὐδὲ

2257 5524 2570 5593 ἐκφωνητὸν
2597 5523 2808 5593 ὑπῆρχε
2849 5520 2909 5573 τὸ
2944 5519 3180 5590 πονηρὸν
3207 5518 3385 5587 δόγμα
3434 5519 3531 5571 καὶ
3564 5518 3823 5591 ἀνάθεμα.

2256 5614 2369 5670 Καὶ
2434 5614 2540 5683 πρὸ
2595 5612 2798 5668 τούτων
2846 5610 2947 5664 οὐκ
2981 5605 3049 5681 ῆν
3098 5608 3336 5679 ἀσφαλὲς
3365 5608 3679 5679 ἀποστῆναι
3726 5609 3826 5663 τῶν
