4008 6318
177 393 319 459 1049

1381 389 1920 451 EPISTOLARUM
1974 390 2122 452 LIB.
2155 389 2205 449 Ι.

3303 388 3443 453 1050

174 505 642 578 παρανομούντων
689 504 932 569 τελείως,
971 505 1004 575 ἢ
1053 504 1114 557 τὸ
1161 503 1384 573 φεύγειν
1443 507 1605 575 μόνον
1654 510 1753 575 τὴν

1876 522 1964 559 Ion
1987 505 2402 562 eratdiscedere
2433 503 2653 576 penitus
2677 518 2707 559 a
2728 503 3232 575 pravaricantibus.
3251 506 3335 562 vel
3364 523 3448 561 so-

178 601 435 670 προφανῆ
494 597 779 652 κοινωνίαν
816 596 1018 664 αὐτῶν,
1045 596 1328 666 οἰκονομίᾳ
1368 595 1426 650 δὲ
1468 597 1757 668 πρεπούσῃ

177 691 474 762 ἀναφέρειν
498 690 602 753 ἓως
628 688 842 759 καιροῦ.

267 783 422 850 Ἐπεὶ
449 782 505 836 δὲ
544 781 766 851 ἐξῆλθεν
790 781 870 843 είς
896 778 1173 850 προῦπτον
1201 781 1233 850 ἠ
1257 779 1508 852 αἱρετικὴ
1536 779 1760 836 ἀσέϐεια

176 874 269 927 διὰ
317 873 536 927 συνόδου
574 873 653 936 εἰς
687 871 1016 941 τούμφανὲς,
1067 871 1148 923 δεῖ
1185 870 1306 941 ἄρτι
1358 871 1455 924 καὶ
1500 871 1600 942 τὴν
1662 872 1761 940 σὴν

178 965 472 1020 εὐλάϐειαν
539 965 635 1018 σὺν
697 967 863 1018 πᾶσιν
922 963 1224 1031 ὀρθοδόξοις
1285 964 1761 1035 παρρησιάζεσθαι

175 1057 273 1110 διά
298 1057 392 1110 τοῦ
425 1057 500 1127 μὴ
524 1059 802 1110 κοινωνεῖν
824 1057 938 1118 τοῖς
959 1055 1295 1120 κακοδόξοις,
1314 1056 1448 1126 μηδὲ
1468 1057 1764 1127 ἀναφέρειν

174 1150 304 1203 τινά
357 1149 465 1203 τῶν
509 1151 567 1201 ἐν
607 1152 672 1220 τῇ
746 1147 1108 1218 μοιχοσυνόδῳ
1163 1145 1573 1218 εύρεθέντων,ἢ
1633 1150 1764 1218 ὁμο-

178 1240 528 1311 φρονούντων
560 1241 720 1310 αὑτῇ.
753 1239 927 1306 Καίγε
958 1237 1186 1302 δίκαιον,
1216 1237 1330 1290 ὄσιε
1374 1238 1578 1310 Πάτερ,
1622 1239 1764 1292 κατὰ

179 1335 362 1385 πάντα
417 1349 474 1384 σε
513 1331 643 1384 ὅντα
671 1329 1007 1400 φερωνύμως
1055 1327 1333 1396 Θεόφιλον,
1370 1328 1545 1396 φιλεῖν
1583 1331 1676 1383 κα¹ι
1708 1331 1766 1383 ὲν

175 1423 360 1492 τούτῳ
385 1423 479 1474 τὸν
501 1422 656 1476 Θεόν.
675 1419 931 1491 Ἐχθροὺς
955 1419 1062 1489 γάρ
1096 1418 1230 1472 Θεοῦ
1270 1421 1298 1473 ό
1355 1420 1764 1493 Χρυσόστομος,

177 1514 244 1566 ού
272 1513 432 1581 μόνον
460 1513 586 1574 τοὺς
617 1510 950 1580 αίρετικοὺς,
990 1510 1128 1564 ἀλλά
1160 1509 1258 1563 καὶ
1299 1511 1426 1574 τοὺς
1449 1513 1561 1575 τοῖς
1595 1511 1768 1565 τοιούο

177 1619 296 1663 τοις
325 1600 750 1666 κοινωνοῦντας,
805 1600 1018 1673 μεγάλῃ
1046 1603 1141 1654 καὶ
1177 1602 1343 1673 πολλῇ
1374 1604 1439 1674 τῇ
1469 1607 1619 1675 φωνῇ
1665 1607 1771 1658 άπ-

181 1695 450 1766 εφήνατο.
487 1696 598 1749 Καὶ
626 1694 722 1748 ὲὰν
753 1696 786 1765 ή
822 1693 888 1764 σὴ
917 1695 1215 1765 στερρότης
1243 1695 1343 1748 οὐκ
1380 1695 1769 1766 άσφαλίσηται,

178 1790 267 1852 τίς
307 1787 491 1840 λοιπὸν
533 1786 871 1858 σωθήσεται;
921 1788 1017 1840 καὶ
1064 1787 1160 1840 ἐὰν
1188 1786 1216 1838 ὁ
1247 1788 1772 1857 παρρησιασάμενος

177 1878 414 1949 δυνάμει
463 1877 620 1944 Θεοῦ,
675 1877 752 1942 ὡς
803 1879 992 1946 άγιοςρ
1038 1878 1180 1948 πλὴν
1227 1865 1441 1941 τελείας
1476 1878 1764 1950 αἱρέσεως,

179 1970 312 2041 ἄρτι
354 1970 494 2039 μετὰ
542 1970 644 2041 τὴν
691 1970 904 2039 αἵρεσιν
936 1970 1370 2033 ὑποστείληται·
1427 1955 1541 2031 πῶς
1580 1970 1768 2041 ἕτερος

179 2061 449 2130 τολμήσει
477 2060 712 2131 γρύξαι;
744 2062 836 2113 καὶ
871 2061 966 2114 ὲάν
993 2061 1054 2114 τὸ
1095 2058 1380 2131 μοναδικδν
1430 2058 1620 2128 τάγμα
1667 2061 1768 2131 οὐχ

180 2154 467 2222 ἡγήσηται
513 2153 692 2206 πάντα
747 2151 1030 2206 σκύϐαλα·
1070 2152 1406 2221 μοναστήρια
1458 2151 1622 2218 λέγω,
1674 2153 1769 2206 καὶ

183 2258 368 2295 πάντα
419 2241 487 2294 τά
536 2242 679 2312 περὶ.
713 2241 852 2294 αὑτά
885 2258 898 2272 ·
955 2242 1072 2302 πῶς
1126 2239 1314 2302 λαῖκὸς
1362 2243 1768 2312 καταφρονήσει

181 2336 468 2402 γυναικὸς,
501 2335 728 2397 τέκνων,
765 2335 857 2386 καὶ
883 2333 991 2387 τῶν
1014 2333 1194 2388 ἄλλων
1221 2348 1236 2398 ;

257 2519 352 2569 Διὸ
395 2516 800 2586 ὑπομιμνῄσκω
821 2557 837 2582 ,
871 2516 947 2579 ὡς
975 2516 1259 2587 ἐλάχιστος
1284 2518 1509 2590 ἀδελφὸς
1550 2521 1641 2573 καὶ
1677 2521 1770 2574 τέ-

184 2626 341 2673 κνον,
378 2609 453 2679 μὴ
485 2610 820 2677 σιγήσωμεν,
847 2607 934 2660 ἵνα
971 2610 1044 2679 μὴ
1075 2612 1292 2682 κραυγὴ
1322 2612 1570 2682 Σοδόμων
1596 2615 1769 2681 γενώ-

187 2701 335 2770 μεθα
357 2718 370 2732 ·
413 2700 487 2770 μὴ
512 2698 828 2768 φεισώμεοα
855 2699 966 2752 τῶν
999 2702 1170 2764 κάτω,
1196 2703 1281 2755 ἵνα
1312 2703 1385 2772 μὴ
1414 2703 1770 2774 ἀπολέσωμεν

183 2795 257 2848 τά
314 2793 458 2847 ι’ὶνω⁸
516 2792 591 2861 μὴ
634 2790 817 2860 Θῶμεν
869 2793 1166 2846 σκάνδαλον
1205 2796 1271 2864 τῇ
1329 2795 1627 2867 Ἐκκλησία
1677 2795 1769 2848 τοῦ

185 2883 352 2950 Θεοῦ,
379 2887 500 2954 ἥτις
534 2882 650 2936 ἐστὶ
692 2883 788 2936 καὶ
826 2885 883 2937 έν
928 2887 1108 2955 τρισὶν
1147 2885 1450 2956 ὀρθοδὸξοις
1476 2888 1768 2957 ὁριζομένη

189 2976 339 3028 κατὰ
381 2973 506 3036 τοὺς
545 2973 736 3042 ἁγίους
756 2990 769 3003 ·
799 2975 890 3028 ῖνα
920 2976 996 3045 μὴ
1022 2979 1087 3044 τῇ
1121 2977 1395 3045 ἀποφάσει
1437 2977 1532 3030 τοῦ
1564 2979 1769 3048 Κυρίου

189 3063 709 3135 καταδικασθῶμεν.
741 3067 855 3120 Καὶ
895 3068 958 3120 ού
1006 3067 1073 3120 δι’
1119 3069 1310 3122 ἑαυτὸν
1356 3069 1533 3123 ταῦτά
1576 3072 1771 3141 φημιὸ

1858 598 2134 653 lummodo
2151 605 2394 668 apertam
2412 597 2625 651 illorum
2645 597 3084 652 communionem
3105 595 3369 668 refugere.
3392 607 3448 653 et

1859 689 2178 760 congruenti
2209 689 2612 758 dispensatione
2647 689 2712 742 ad
2742 697 2957 758 tempus
2993 703 3444 744 commemorare.

1933 783 2003 835 At
2058 790 2344 851 postquam
2403 779 2651 850 impietas
2712 780 2962 834 hzeretica
3019 795 3118 850 per
3171 779 3447 850 Synodum

1861 875 1917 931 in
1969 884 2218 947 apertum
2263 890 2411 930 nunc
2458 875 2673 945 erupit,
2723 874 3036 945 religionem
3088 881 3237 927 tuam
3288 889 3450 943 opor-

1863 976 1960 1032 tet,
1999 983 2106 1022 una
2148 982 2273 1021 eum
2298 966 2510 1021 caeteris
2556 967 2894 1032 orthodoxis,
2925 965 3096 1020 libere
3127 980 3312 1036 agere,
3339 957 3443 1020 nec

1869 1059 2328 1114 communicando
2357 1073 2481 1113 cum
2532 1057 2823 1122 baarelicis,
2881 1072 2985 1112 nec
3033 1057 3197 1111 ullius
3244 1071 3447 1110 nomen

1865 1149 2342 1206 commemorando
2376 1165 2442 1204 ex
2496 1149 2582 1213 iis,
2614 1149 2704 1218 qui
2761 1147 3186 1218 mmehosynodo
3245 1147 3442 1202 adfue-

1865 1252 2014 1307 runt,
2042 1251 2136 1296 aut
2160 1243 2252 1311 qui
2284 1243 2425 1296 idem
2451 1256 2577 1296 cum
2604 1256 2666 1295 ea
2686 1241 2952 1295 sentiunt.
2987 1239 3052 1294 Et
3075 1256 3291 1310 aequum
3315 1255 3450 1295 sane

1866 1342 1970 1400 est,
2005 1333 2167 1388 Pater
2205 1343 2413 1398 sancte,
2443 1343 2504 1388 ut
2547 1333 2640 1402 qui
2695 1334 2747 1386 in
2783 1333 3059 1397 omnibus,
3093 1349 3190 1401 pro
3239 1333 3450 1387 ratione

1866 1424 2108 1480 nominis
2152 1424 2254 1491 tui,
2313 1422 2652 1494 TheOphilus
2682 1440 2761 1486 es,
2811 1423 2914 1478 hac
2962 1425 3130 1478 etiam
3185 1425 3240 1478 in
3297 1433 3450 1494 parte

1870 1516 2041 1572 Deum
2069 1532 2235 1570 ames.
2268 1514 2521 1571 Inimicos
2549 1516 2696 1570 enim
2724 1514 2818 1570 Dei
2863 1516 3306 1588 Chrysostomus,
3337 1532 3447 1571 non

1873 1609 2163 1664 haereticos
2219 1609 2418 1672 solum,
2462 1609 2558 1663 sed
2608 1623 2800 1664 omnes
2850 1609 3013 1663 etiam
3054 1609 3144 1677 qui
3179 1624 3301 1663 cum
3345 1609 3450 1662 illis

1873 1701 2299 1762 communicant,
2337 1715 2531 1771 magna
2579 1709 2636 1756 et
2672 1700 2818 1755 clara
2865 1715 2999 1755 voce
3048 1699 3448 1769 pronuntiavit.

1875 1789 2031 1856 Quod
2071 1789 2174 1844 nisi
2197 1789 2502 1844 constantia
2533 1797 2622 1842 tua
2659 1789 2866 1844 stabilis
2894 1797 3233 1858 permaneat,
3264 1787 3452 1857 ecquis

1875 1883 2098 1937 demum
2149 1882 2483 1936 salvabitur?
2529 1891 2603 1946 et,
2651 1881 2696 1934 si
2729 1881 2774 1935 is
2829 1880 2920 1951 qui
2978 1880 3071 1934 Dei
3129 1880 3352 1944 virtute,
3393 1891 3454 1934 ut

1869 1983 2110 2038 sanctus,
2148 1971 2397 2027 fiduciam
2434 1987 2546 2041 prae
2578 1986 2637 2026 se
2668 1971 2793 2025 tulit
2842 1979 2970 2024 ante
3014 1970 3232 2040 plenam
3276 1971 3452 2024 haere-

1870 2060 1994 2124 sim,
2025 2074 2173 2114 nunc
2199 2068 2326 2129 post
2371 2059 2626 2114 haeresim
2668 2059 2937 2130 ignaviter
2981 2074 3040 2113 se
3085 2069 3277 2130 gerat;
3319 2073 3456 2128 quo-

1869 2151 2031 2206 modo
2064 2153 2203 2206 alius
2235 2152 2446 2206 hiscere
2478 2151 2742 2206 audebit?
2769 2161 2822 2205 et
2861 2151 2966 2205 nisi
3019 2151 3155 2205 ordo
3188 2150 3455 2206 monasti-

1869 2258 1968 2298 cus
1992 2243 2174 2297 omnia
2198 2243 2496 2296 arbitretur
2531 2252 2591 2295 ut
2617 2251 2892 2304 stercora;
2927 2244 3265 2296 monasteria
3303 2241 3449 2310 dico,

1870 2343 1925 2388 et
1944 2342 2141 2388 cuncta
2166 2347 2288 2402 quae
2314 2332 2366 2385 in
2393 2331 2473 2385 eis
2502 2341 2630 2386 sunt
2655 2347 2670 2397 ;
2700 2334 2974 2400 quomodo
2998 2332 3167 2387 laicus
3199 2347 3452 2400 uxorem,

1871 2425 2091 2490 liberos,
2116 2435 2173 2478 et
2195 2433 2390 2478 caetera
2427 2425 2787 2478 contemnet?

1939 2516 2303 2582 Quamobrem
2345 2515 2633 2577 admoneo,
2679 2523 2738 2568 ut
2785 2517 3048 2572 minimus
3079 2515 3247 2572 frater
3285 2533 3351 2572 ac
3387 2518 3451 2571 fi-

1871 2607 2013 2674 lius,
2077 2621 2418 2676 nequaquam
2476 2606 2753 2671 sileamus,
2786 2622 2857 2661 ne
2911 2607 3117 2660 clamor
3172 2608 3452 2661 Sodomo-

1872 2716 1994 2754 rum
2033 2700 2248 2764 simus;
2289 2713 2631 2768 nequaquam
2699 2699 2933 2752 terrenis
2990 2714 3314 2768 parcamus,
3382 2715 3452 2754 ne

1873 2788 2113 2843 coelestia
2174 2787 2532 2854 amittamus;
2600 2802 2940 2857 nequaquam
2997 2789 3314 2843 scandalum
3353 2790 3452 2844 de-

1872 2895 1994 2934 mus
2055 2877 2313 2934 Ecclesia:
2369 2879 2502 2944 Dei,
2578 2893 2741 2948 quam
2819 2879 2903 2932 vel
2960 2887 3070 2934 tres
3122 2880 3449 2944 orthodoxi,

1872 2981 2187 3027 sanctorum
2218 2970 2508 3037 sententia,
2541 2971 2920 3036 constituunt,
2967 2986 3037 3025 ne
3086 2971 3298 3025 Domini
3353 2972 3451 3026 de-

1875 3073 2025 3120 creto
2069 3063 2519 3117 condemnemur.
2555 3061 2744 3131 Neque
2795 3063 2912 3117 lucc
2963 3078 3070 3134 ego
3121 3065 3286 3119 miser
3332 3080 3453 3119 mea

189 3160 398 3220 τάλας·
445 3157 570 3226 ἐμοὶ
599 3158 742 3228 γὰρ,
791 3159 841 3211 εί
882 3159 977 3212 καὶ
1021 3159 1293 3230 τολμηρὸν
1337 3163 1530 3228 εἰπεῖν,
1567 3163 1662 3214 καὶ
1717 3163 1772 3216 τὸ

1878 3169 2039 3209 causa
2063 3153 2187 3208 dico
2216 3170 2230 3207 :
2257 3153 2390 3207 mihi
2418 3151 2586 3213 enim.
2618 3153 2832 3207 tametsi
2882 3153 3057 3207 audax
3105 3154 3314 3209 dictum
3345 3167 3453 3221 est,

190 3249 492 3308 ἀποθανεῖν
543 3248 683 3319 ὑπὲρ
711 3251 810 3319 τῆς
851 3249 1109 3320 ἀληθείας
1150 3251 1339 3318 κέρδος
1373 3253 1467 3305 καὶ
1501 3255 1644 3324 χαρὰ
1684 3255 1777 3307 καὶ

194 3345 335 3412 ζωή.
394 3340 525 3410 Εἶγε
581 3341 964 3412 δυναμωθείην
1025 3345 1146 3406 ταῖς
1207 3345 1378 3413 ἱεραῖς
1450 3348 1778 3417 προσευχαῖς

193 3434 389 3505 ὑμῶν’
431 3433 570 3486 άλλά
615 3433 703 3486 διά
749 3433 848 3503 τὴν
889 3436 946 3486 ὲν
981 3437 1114 3505 ἡμῖν
1153 3438 1374 3507 ἀγάπην
1417 3438 1652 3508 άρχαίαν
1686 3439 1778 3490 καὶ

195 3524 607 3596 πνευματικὴν,
645 3524 741 3577 καὶ
764 3525 824 3578 τὸ
857 3528 1009 3596 κοινῇ
1039 3528 1340 3598 συμφέρον.
1373 3528 1435 3581 Εἰ
1468 3530 1574 3599 γάρ
1597 3532 1625 3582 ὁ
1653 3530 1779 3594 Υἱὸς

194 3616 296 3669 τοῦ
340 3616 477 3670 Θεοῦ
519 3619 548 3671 ὁ
577 3617 782 3688 Κύριος
832 3619 926 3670 καὶ
975 3619 1249 3684 Δεσπότης
1287 3620 1542 3674 ἁπάντων
1587 3623 1778 3677 ἑαυτὸν

196 3708 504 3778 ἀνήνεγκεν
534 3707 678 3777 ὑπὲρ
708 3707 927 3758 πάντων
950 3707 1029 3778 τῷ
1067 3708 1186 3779 Θεῷ
1217 3711 1313 3762 καὶ
1341 3712 1515 3784 Πατρὶ
1547 3712 1738 3768 θυσίαν
1762 3731 1774 3745 ’

196 3800 251 3853 τί
283 3799 575 3869 ὀφείλομεν
610 3798 769 3868 ἡμεῖς
796 3837 809 3862 ,
861 3799 955 3851 καὶ
1003 3798 1170 3852 πόσον
1200 3801 1260 3853 οὐ
1294 3803 1677 3873 χρεωστοῦμεν
1709 3804 1778 3858 δι’

197 3893 369 3946 αὑτὸν
401 3892 592 3946 παθεῖν
622 3889 717 3943 καὶ
749 3886 1076 3959 ὑπομεῖναι;
1111 3895 1219 3947 Καί
1255 3911 1316 3963 γε
1359 3896 1410 3948 οί
1454 3897 1778 3965 μονάζοντες

199 3987 297 4038 καὶ
329 3988 395 4054 τῇ
427 3986 674 4054 άποταγῇ
703 3983 1106 4053 σταυρωθέντες
1126 4003 1140 4017 ·
1160 3987 1212 4040 οἵ
1237 4005 1300 4056 γε
1330 3988 1543 4056 άληθῶς
1566 3992 1656 4042 καὶ
1680 3991 1779 4044 οὐκ

199 4079 480 4146 ανονήτως
528 4076 968 4146 άποταξάμενοι·
1021 4079 1147 4132 ἐπεὶ
1180 4080 1255 4152 μὴ
1287 4081 1396 4134 άπὸ
1437 4081 1530 4134 τοῦ
1578 4082 1778 4148 ἔξωθεν

201 4171 484 4239 σχήματος
521 4170 679 4240 μόνον
713 4167 826 4221 ἔστι
861 4169 1070 4239 κρίνειν
1117 4173 1184 4226 τὰ
1215 4172 1549 4260 πράγματα·
1593 4177 1779 4230 πολλοὶ

198 4264 312 4331 γάρ
339 4263 388 4314 οῖ
415 4264 735 4331 προσωπεῖα
767 4261 1147 4332 ὑποδυόμενοι,
1199 4267 1292 4318 καὶ
1321 4267 1420 4318 ούκ
1450 4265 1604 4330 ὄντες
1640 4270 1778 4340 ὅπερ

199 4353 486 4422 φαίνονται
508 4371 521 4384 ο
551 4353 668 4405 ἀλλ’
693 4355 758 4405 ὲκ
788 4352 894 4404 τῶν
920 4352 1100 4422 ἔργων
1129 4355 1369 4426 δηλονότι
1399 4356 1468 4410 τά
1499 4359 1773 4429 σχήματα.

199 4448 266 4500 Ei
293 4443 390 4498 οὖν
422 4447 647 4516 μοναχοί
675 4445 783 4498 είσί
811 4462 956 4508 τινες
987 4450 1045 4500 έν
1069 4451 1184 4512 τοῖς
1213 4449 1307 4503 νῦν
1333 4453 1567 4523 καιροῖς,
1601 4451 1776 4518 δειξά-

199 4559 385 4596 τωσαν
410 4543 504 4595 ἐπὶ
537 4542 646 4594 τῶν
691 4541 887 4610 ἔργων.
926 4540 1125 4612 Ἔργον
1152 4544 1208 4597 δὲ
1242 4546 1500 4618 μοναχοῦ,
1544 4548 1679 4618 μηδὲ
1718 4548 1776 4601 τὸ

198 4636 366 4703 τυχὸν
395 4634 682 4703 ἀνέχεσθαι
711 4621 1243 4703 καινοτομεῖσθαίτὸ
1276 4637 1612 4702 Εὑαγγέλιον
1634 4656 1648 4671 ·
1692 4640 1778 4692 ἴνα

203 4729 280 4798 μὴ
315 4726 624 4794 ὑπόδειγμα
679 4728 791 4789 τοῖς
837 4726 1050 4789 λαῖκοῖς
1089 4728 1469 4799 προτιθέμενοι
1512 4733 1778 4802 αἱρέσεως

201 4821 298 4873 καὶ
333 4819 618 4891 αίρετικῆς
652 4819 1069 4886 συγκοινωνίας,
1113 4818 1213 4888 τῆς
1245 4822 1384 4891 ὑπὲρ
1409 4822 1586 4874 αὐτῶν
1624 4823 1778 4876 ἀπω-

203 4911 358 4972 λείας
393 4911 554 4977 λόγον
584 4909 844 4978 ύφέξωσι.
873 4909 1015 4964 Πολύ
1045 4926 1112 4980 με
1139 4910 1499 4981 ληρολογῆσαι
1526 4912 1623 4983 τὴν
1654 4913 1778 4965 ύπό-

205 5003 354 5056 θεσιν
385 5003 418 5071 ή
440 5001 585 5072 ἄκρα
614 5001 1086 5072 ταπεινοφροσύνη
1113 5001 1209 5071 τῆς
1240 5003 1550 5074 ἁγιωσύνης
1582 5020 1674 5056 σου
1702 5004 1778 5067 ὡς

203 5093 471 5164 δεχομένη
516 5095 806 5164 πεποίηκε.
870 5094 942 5146 Σὺ
989 5094 1068 5155 δὲ,
1115 5084 1160 5146 ὦ
1214 5095 1419 5165 Πάτερ,
1471 5093 1626 5164 εὔχου
1683 5095 1778 5148 καὶ

204 5189 513 5258 ὕπερεύχου
550 5185 692 5256 ὑπὲρ
741 5185 942 5257 σαθροῦ
993 5185 1088 5238 καὶ
1121 5185 1448 5256 άμαρτωλοῦ
1475 5225 1490 5251 ,
1533 5185 1648 5239 ἀλλ’
1685 5183 1778 5239 οὖν

201 5277 436 5348 ἐραστοῦ
472 5293 568 5330 σου
600 5276 682 5329 ὅτι
730 5276 987 5346 μάλιστα.
1029 5277 1087 5329 ὐ
1132 5277 1652 5348 συμφρουρούμενός
1690 5293 1779 5347 μοι

198 5371 466 5434 ὡσαύτως
527 5369 624 5424 καὶ
683 5369 1103 5440 προσαγορεύει,
1161 5372 1255 5423 καὶ
1304 5370 1482 5422 δέεται
1531 5387 1623 5424 σου
1672 5371 1778 5422 τῶν

200 5461 444 5519 ίκεσιῶν.

595 5532 761 5586 Μ’π-
773 5532 1125 5600 Ναυκρατίῳ
1155 5533 1364 5599 τέκνῳ.
1598 5531 1775 5603 [piam]

1801 4503 1854 4562 D

1880 3247 1965 3301 vel
2000 3245 2138 3300 mori
2166 3261 2265 3314 pro
2302 3245 2529 3300 veritate
2570 3243 2804 3308 lucrum,
2856 3245 3113 3314 gaudium
3145 3256 3201 3300 et
3249 3247 3380 3312 vita,
3408 3249 3452 3301 si

1877 3338 2040 3391 modo
2077 3337 2244 3391 sacris
2270 3337 2523 3405 precibus
2554 3336 2749 3390 vestris
2773 3338 3064 3391 contirmer
3083 3355 3097 3402 ;
3118 3339 3210 3390 sed
3231 3347 3454 3407 propter

1877 3439 2118 3484 veterem
2150 3430 2292 3483 inter
2323 3444 2422 3482 nos
2469 3429 2804 3497 spiritualem
2859 3429 3226 3492 dilectionem,
3269 3439 3323 3484 et
3359 3446 3456 3499 pro

1877 3520 2153 3575 communi
2209 3519 2456 3573 utilitate.
2488 3517 2703 3573 Etenim
2751 3518 2794 3571 si
2837 3517 2933 3573 Dei
2980 3517 3149 3572 Filius
3190 3519 3457 3576 Dominus

1878 3626 1941 3666 ac
1961 3612 2268 3666 dominator
2297 3612 2678 3664 universorum
2708 3611 2949 3679 seipsum
2977 3611 3176 3664 obtulit
3197 3627 3298 3680 pro
3331 3629 3451 3665 om-

1877 3701 2039 3754 nibus
2077 3699 2187 3752 Deo
2223 3708 2278 3753 et
2302 3697 2445 3752 Patri
2495 3699 2751 3763 hostiam,
2774 3699 2906 3768 quid
2943 3699 3205 3753 debemus
3251 3715 3370 3764 nos,
3399 3707 3456 3756 et

1877 3801 2137 3861 quantum
2193 3806 2290 3860 pro
2316 3805 2381 3843 eo
2425 3791 2637 3860 perpeti
2681 3806 2744 3844 ac
2791 3790 3038 3860 perferre
3093 3806 3195 3845 nos
3236 3807 3453 3860 aequum

1878 3891 1981 3946 est,
2015 3882 2308 3936 monachos
2343 3883 2644 3950 prassertim
2673 3891 2728 3935 et
2758 3882 3161 3936 renuntiatione
3193 3884 3305 3952 ipsa
3336 3900 3461 3938 cru-

1878 3972 2117 4028 ciiixus?
2166 3972 2209 4026 si
2242 3974 2404 4026 modo
2438 3988 2627 4026 revera
2669 3979 2725 4024 et
2766 3989 2874 4026 non
2932 3973 3204 4027 incassum
3247 3991 3454 4028 remut-

1879 4065 2175 4118 tiavimus:
2247 4062 2690 4132 quandoquidem
2741 4079 2851 4118 non
2894 4065 2961 4116 ab
3012 4074 3234 4119 externa
3278 4066 3453 4120 solum

1878 4155 2060 4224 Specie
2090 4154 2372 4221 dijudicari
2400 4169 2486 4207 res
2515 4153 2755 4218 debent;
2805 4154 2959 4207 multi
3005 4157 3150 4209 enim
3195 4173 3456 4225 personas

1878 4249 2133 4306 induunt.
2167 4261 2269 4299 nec
2300 4258 2424 4300 sunt
2483 4247 2532 4299 id
2575 4246 2718 4315 quod
2767 4245 3020 4300 videntur
3057 4263 3216 4303 esse:
3261 4250 3355 4303 sed
3384 4252 3457 4305 ab

1878 4340 2136 4410 operibus
2197 4337 2329 4406 ipsis
2366 4338 2578 4406 species
2632 4348 2877 4392 externa.
2919 4337 2974 4392 Si
3016 4355 3143 4410 ergo
3200 4344 3451 4397 monachi

1880 4433 1972 4487 ulli
2005 4438 2134 4486 sunt
2165 4430 2251 4484 his
2281 4431 2638 4498 temporibus,
2667 4429 2825 4482 factis
2855 4431 3164 4484 ostendant.
3199 4431 3452 4490 Monacbi

1877 4535 2060 4579 autem
2082 4539 2281 4578 munus
2306 4531 2407 4587 est,
2443 4531 2500 4576 ut
2524 4537 2624 4577 nec
2654 4522 2926 4576 tantillum
2962 4523 3015 4576 in
3049 4521 3338 4595 Evangelio
3364 4526 3459 4580 in-

1879 4616 2067 4671 navari
2113 4617 2282 4680 sinat,
2314 4629 2383 4668 ne
2430 4614 2740 4682 exemplum
2778 4613 2930 4668 laicis
2976 4615 3246 4670 haereseos
3291 4626 3453 4685 atque

1879 4706 2144 4760 haeretica:
2161 4704 2560 4759 communionis
2577 4704 2901 4773 prmbentes,
2937 4705 3201 4759 rationem
3225 4707 3456 4763 reddant

1878 4800 1945 4852 de
1970 4799 2184 4852 illorum
2222 4797 2550 4866 perditione.
2586 4796 2837 4850 Pluribus
2865 4813 2954 4852 me
2979 4798 3189 4867 nugari,
3214 4807 3268 4852 et
3291 4815 3458 4869 argu—

1880 4899 2120 4944 mentum
2152 4890 2256 4942 hoc
2281 4888 2554 4957 persequi,
2588 4888 2762 4958 coegit
2795 4904 3008 4943 summa
3034 4890 3310 4944 humilitas
3334 4904 3462 4944 san-

1879 4982 2075 5036 ctitatis
2111 4990 2236 5041 tuae,
2262 4987 2321 5032 ut
2359 4994 2480 5048 quae
2533 4979 2587 5033 id
2616 4979 2842 5033 minime
2874 4981 3170 5050 improbat.
3219 4981 3302 5035 Tu
3334 4995 3464 5037 vero

1878 5089 1992 5136 ora,
2025 5074 2202 5135 Pater,
2236 5081 2291 5125 et
2322 5072 2612 5140 deprecare
2645 5073 3038 5141 proimbecillo
3067 5083 3120 5127 et
3151 5082 3460 5142 peccatore,

1887 5167 1982 5220 sed
2035 5165 2126 5233 qui
2163 5171 2215 5216 te
2249 5179 2437 5216 revera
2501 5164 2795 5234 plurimum
2863 5173 3029 5219 amat.
3092 5166 3462 5235 Concaptivus

1888 5270 2041 5308 meus
2079 5252 2328 5307 similiter
2349 5262 2404 5307 et
2433 5261 2483 5308 te
2517 5255 2735 5319 salutat,
2781 5263 2836 5309 et
2885 5270 3074 5326 preces
3143 5265 3261 5310 tuas
3288 5271 3459 5326 expo-

1887 5357 2012 5401 SCll.

2335 5524 2808 5585 XL.—Naucratio
2837 5529 2966 5597 ﬁlio.

802 5624 1088 5685 Respondet
1117 5623 1174 5671 ad
1203 5623 1422 5684 quaedam
1447 5625 1750 5685 interrogata
1774 5637 1829 5673 ac
1861 5621 2116 5686 praecipue
2146 5619 2210 5668 de
2229 5617 2476 5681 baptismo
2498 5620 2868 5670 hazreticorum.

261 5713 439 5768 Πάλιν
492 5709 662 5779 ἑτέρα
707 5725 792 5760 σοι
845 5709 1103 5780 φυλακὴ,
1158 5710 1345 5761 τέκνον
1399 5710 1779 5779 ἠγαπημένον,

197 5808 332 5862 ἀλλὰ
373 5805 472 5860 καὶ
515 5801 682 5856 πάλιν
715 5801 886 5870 στήλη
928 5802 1026 5871 μὲν
1057 5801 1165 5854 τῶν
1195 5801 1527 5872 δυσωνύμων
1572 5802 1776 5870 αίρετι-

1960 5708 2107 5761 Alter
2130 5704 2224 5760 tibi
2266 5705 2460 5759 iterum
2490 5722 2696 5769 carcer,
2750 5709 2951 5763 dilecte
2982 5707 3052 5762 fili
3089 5724 3104 5775 ;
3146 5709 3241 5763 sed
3290 5719 3344 5764 et
3371 5710 3456 5764 in-

1890 5802 2066 5858 famiae
2091 5815 2277 5856 rursus
2326 5810 2454 5855 nota
2485 5800 2703 5857 infausti
2737 5803 2975 5858 nominis
3021 5802 3291 5859 haireticis
3318 5821 3331 5869 ;
3361 5805 3459 5860 tibi
