4008 6318
558 303 685 369 1051
1742 309 1803 374 S.
1832 304 2229 369 THEODORI
2271 307 2496 369 STUD]
2509 308 2622 369 T/E
3685 305 3851 372 1052

555 436 687 475 vero
719 420 1119 475 incrementum
1158 420 1507 491 praemiorum
1540 419 1922 493 honorumque
1961 422 2126 477 coele-

2259 423 2343 477 εῶν
2365 439 2380 456 ο
2417 424 2501 477 σοὶ
2526 423 2582 477 δέ
2616 422 2909 494 προσθήκη
2939 420 3121 476 ἄθλων
3146 437 3207 475 τε
3254 420 3348 475 καλ⁵
3384 420 3628 474 ἐπαίνων
3664 421 3848 489 οὐρα-

555 512 743 567 stium.
786 510 1047 578 Quocirca
1083 528 1182 582 pro
1232 513 1336 568 illis
1374 513 1595 582 quidem
1652 527 1870 584 gemere
1907 530 1972 569 ac
2009 512 2138 568 ﬂere

2259 515 2389 569 νίων.
2435 515 2536 568 Διά
2581 512 2743 567 τοῦτο
2781 513 2922 585 ὑπὲρ
2958 513 3062 585 μέν
3095 514 3323 567 ἐκείνων
3369 512 3432 566 τὸ
3484 512 3702 566 στένειν
3748 529 3853 582 μοι

558 604 693 658 mihi
719 604 980 674 suppetit,
1018 620 1118 674 pro
1154 613 1207 659 te
1232 613 1413 659 autem
1444 606 1609 660 laetari
1642 614 1696 660 et
1725 604 1925 676 gratias
1953 620 2136 677 agere.

557 697 754 749 Annon
798 698 1076 765 acceptius
1122 697 1211 762 sit,
1242 706 1314 761 te,
1372 697 1564 751 iterata
1617 698 1886 763 custodia,
1934 698 2140 753 factum

559 802 686 841 esse
722 788 869 842 velut
894 804 1088 841 aurum
1120 789 1174 842 in
1202 788 1425 844 fornace
1457 789 1542 845 bis
1571 793 1969 861 expurgatum?
2002 793 2142 864 Ergo

567 879 750 934 lirmas
776 880 985 936 radices
1015 896 1131 951 age,
1161 897 1295 950 puer
1338 892 1547 948 sancte,
1575 892 1738 953 teque
1788 885 2000 940 auctori
2032 884 2144 937 Do-

559 970 708 1025 mino
761 986 959 1040 purum
1011 980 1066 1026 et
1114 974 1346 1041 probum
1402 974 1457 1028 in
1500 975 1754 1030 omnibus
1796 976 2016 1039 exhibe,
2051 992 2145 1033 vas

560 1060 692 1113 utile
721 1075 965 1129 prorsus,
988 1062 1055 1114 ad
1082 1077 1243 1117 omne
1281 1078 1418 1132 opus
1440 1063 1644 1119 bonum
1674 1074 1920 1134 paratus.
1950 1065 2144 1137 Magno

564 1152 748 1221 itaque
784 1152 865 1207 fer
895 1155 1079 1207 animo
1109 1154 1393 1209 custodem
1432 1156 1662 1210 alterum
1685 1156 1775 1226 qui
1814 1156 1911 1211 tibi
1944 1167 2145 1228 praeter

563 1258 773 1297 morem
803 1243 963 1298 datus
996 1254 1099 1299 est.
1138 1244 1255 1298 Non
1289 1245 1433 1299 enim
1460 1247 1811 1316 praepositum
1848 1248 1933 1303 vel
1962 1264 2146 1304 sacer-

565 1335 751 1389 dotem
792 1335 1023 1390 dixerim
1056 1357 1068 1390 :
1109 1337 1377 1406 siquidem
1409 1338 1592 1392 nullus
1623 1336 1716 1392 Dei
1748 1338 2019 1404 minister,
2042 1340 2149 1394 sal-

567 1437 676 1481 tem
708 1429 1028 1493 monachus,
1056 1429 1386 1485 militaribus
1413 1430 1607 1485 oliiciis
1640 1431 2007 1495 ministraret,
2050 1431 2147 1487 sed

565 1533 743 1588 neque
772 1533 893 1573 cum
917 1520 993 1573 sic
1022 1520 1366 1576 ministrante
1398 1522 1844 1577 communicaret.
1877 1522 2147 1577 Caeterum

564 1609 818 1664 renuntia
868 1610 1001 1665 mihi
1052 1612 1322 1681 quomodo
1373 1622 1424 1667 te
1456 1621 1648 1667 tractet
1682 1633 1693 1666 :
1725 1600 2147 1669 commodiorem

565 1702 712 1756 cnim
743 1717 866 1758 esse
905 1712 1060 1772 puto,
1088 1719 1251 1772 quam
1305 1704 1456 1773 prior
1494 1702 1619 1759 fuit.
1663 1703 1794 1758 Sive
1824 1714 2009 1759 autem
2044 1705 2149 1759 hoc

565 1795 728 1850 modo
757 1810 817 1850 se
844 1810 933 1849 res
976 1796 1161 1860 habet,
1208 1795 1323 1851 sive
1356 1796 1532 1861 aliter,
1578 1807 1633 1851 tu
1684 1805 1890 1862 tamen,
1942 1797 2016 1850 [ili
2050 1796 2145 1862 mi,

564 1884 691 1939 forti
719 1885 794 1939 sis
823 1886 1039 1939 animo:
1072 1900 1194 1955 qua:
1228 1885 1407 1940 tristia
1437 1894 1588 1951 sunt,
1620 1885 1739 1956 spei
1762 1887 1921 1941 bona:
1949 1886 2147 1958 gaudio

564 1979 848 2034 allevans:
882 1987 936 2032 et
968 1993 1033 2031 ex
1064 1977 1358 2031 solitudine
1420 1994 1674 2048 qmerens
1720 1988 1775 2033 et
1822 1995 2149 2050 comparans

565 2070 663 2125 tibi
707 2070 1199 2140 aequanimitatem,
1230 2069 1360 2123 dum
1392 2070 1459 2123 ad
1513 2069 1683 2123 Deum
1732 2086 1926 2133 unum,
1973 2072 2065 2141 qui
2100 2085 2151 2127 te

566 2162 833 2227 intuetur,
866 2160 1054 2215 oculos
1083 2160 1435 2229 animumque
1455 2161 1729 2217 convertis
1752 2180 1765 2216 :
1788 2161 2150 2233 cogitationes

565 2254 857 2320 fui-furcas,
887 2269 1007 2323 quae
1035 2270 1065 2307 a
1096 2254 1437 2307 zizaniorum
1491 2263 1676 2309 satore
1740 2255 2035 2310 identidem
2063 2256 2148 2309 in-

562 2344 853 2414 jiciuntur,
906 2343 1214 2413 despiciens
1248 2358 1312 2397 ac
1354 2343 1669 2413 dispellens.
1712 2344 1844 2410 Quae
1899 2357 2082 2401 autem
2121 2362 2151 2400 a

565 2453 653 2492 me
673 2436 976 2507 postulasti,
1008 2444 1066 2490 ut
1091 2435 1159 2490 de
1184 2435 1480 2490 lmresibus
1509 2445 1564 2490 et
1582 2436 1865 2507 baptismis
1882 2440 2152 2509 sigillatim

567 2527 985 2598 responderem;
1019 2542 1081 2581 ea
1103 2526 1346 2597 epistolae
1369 2528 1589 2582 modum
1616 2530 1892 2585 excedunt
1919 2549 1930 2583 :
1967 2546 2031 2585 ac
2060 2546 2175 2586 su-'

567 2637 965 2693 pervacaneum
987 2630 1073 2675 est
1104 2637 1293 2675 rursus
1314 2637 1603 2678 recensere
1632 2640 1753 2693 qua
1780 2625 1997 2680 divinus
2022 2626 2154 2695 Epi-

566 2712 801 2782 phanius
850 2710 1077 2775 invenit,
1135 2717 1297 2778 atque
1330 2710 1404 2763 ita
1434 2714 1765 2781 conscripsit
1789 2723 1850 2767 ut
1894 2730 2057 2769 nemo
2085 2731 2153 2769 ex

569 2802 819 2859 Patribus
848 2803 1064 2858 melius.
1108 2805 1249 2876 Lege
1297 2805 1464 2877 igitur
1494 2820 1710 2859 sacrum
1757 2805 1825 2859 de
1876 2806 1994 2860 istis
2034 2808 2155 2876 ejus

572 2897 793 2960 librum,
838 2906 891 2951 et
945 2912 1067 2965 qua:
1116 2898 1259 2952 scire
1319 2898 1620 2961 desideras,
1676 2897 1786 2951 illic
1837 2913 2153 2968 cognosces.

573 2988 734 3045 Hune
769 2997 956 3045 autem
984 2990 1083 3044 tibi
1110 2989 1168 3044 in
1211 3005 1409 3045 manus
1440 2990 1619 3047 tradet
1665 2990 1918 3063 egregius
1944 2991 2155 3061 Eupre-

573 3082 791 3152 pianus.

648 3174 724 3228 De
748 3173 1033 3245 baptismis
1086 3189 1251 3244 porro
1298 3173 1522 3229 brevius
1575 3176 1937 3245 resItondeho.
1976 3176 2147 3231 Trifa-

577 3266 712 3319 riam
746 3268 863 3321 haec
891 3267 1280 3321 commentatio
1314 3265 1598 3322 dividitur.
1635 3268 1991 3335 Baptizantur
2009 3270 2155 3323 enim

580 3357 962 3423 Marcionistae,
985 3357 1410 3430 Taseodrugitaz,
1444 3357 1750 3421 Manichaei,
1780 3368 1835 3413 et
1872 3360 1965 3429 qui
2010 3362 2159 3430 ejus-

578 3450 702 3504 dem
727 3450 933 3505 ordinis
970 3466 1140 3519 usque
1171 3450 1247 3504 ad
1287 3450 1868 3514 Melchisedechianos,
1920 3449 2159 3506 haereses

578 3557 811 3596 numero
858 3542 1048 3613 viginti
1076 3543 1338 3613 quinque.
1384 3541 1725 3613 lnunguntur
1776 3552 1962 3597 autem
2000 3559 2159 3599 sacro

578 3631 878 3686 chrismate
915 3631 1527 3698 Tessarescaadecatitaa,
1589 3632 1896 3697 Novatiani,
1945 3633 2157 3700 Ariani,

578 3720 977 3787 Macedoniani,
1033 3719 1439 3791 Apolinaristaa,
1501 3722 1665 3777 simul
1736 3723 1999 3793 quinque.
2058 3723 2162 3790 Qui

578 3828 711 3867 vero
737 3828 916 3882 neque
939 3811 1301 3882 baptizantur,
1338 3829 1514 3883 neque
1554 3814 1914 3885 inunguntur,
1941 3814 2037 3869 sed
2069 3830 2161 3871 so-

581 3904 857 3960 lummodo
876 3906 1126 3960 haeresim
1152 3916 1264 3960 tum
1296 3907 1592 3977 prOpriam,
1625 3918 1737 3962 tum
1762 3924 1981 3963 omnem
2000 3911 2162 3965 aliam

579 3998 1060 4064 anathematizant,
1122 3998 1413 4066 Meletiani,
1476 3997 1808 4065 Nestoriani,
1862 4001 2165 4073 Eutychia-

2241 608 2334 658 καὶ
2366 605 2656 677 δακρύειν·
2704 607 2845 677 ὑπὲρ
2886 605 2944 658 δὲ
2977 604 3099 668 σοῦ,
3126 603 3189 657 τὸ
3222 603 3440 674 χαίρειν
3473 605 3569 657 καὶ
3606 604 3855 674 εὐχαρι-

2244 697 2410 748 στεῖν.
2447 696 2515 748 Ἢ
2563 694 2684 765 οὐχὶ
2736 694 3104 765 δοκιμώτερόν
3154 694 3271 747 ἐστί
3330 710 3390 747 σε
3439 692 3708 761 γενέσθαι
3776 696 3853 762 τῇ

2245 786 2720 857 μεταφρουρήσει,
2769 786 3023 855 καθάπερ
3051 784 3255 855 χρυσὸν
3279 782 3692 853 διπυρούμενον
3733 782 3855 834 ὑπὸ

2244 880 2507 951 χωνείας;
2539 878 2909 951 Εὑριζωθείης
2944 875 3060 946 οὖν,
3091 873 3136 934 ὦ
3164 880 3277 950 ίερέ
3317 881 3452 943 παῖ,
3482 878 3579 931 καὶ
3604 878 3855 946 ὀφθεὶης

2244 970 2321 1039 τῷ
2348 970 2593 1040 Δεσπότῃ
2625 969 2817 1041 Κυρίῳ
2852 971 2911 1024 ἐν
2946 973 3081 1023 πᾶσι
3112 969 3353 1039 καθαρὸς
3380 969 3476 1022 καὶ
3511 968 3853 1039 ἀκίϐδηλος,

2248 1062 2441 1125 σκεῦος
2490 1062 2658 1126 ὅντως
2694 1061 3015 1133 εὔχρηστον,
3071 1060 3512 1133 κατηρτισμένος
3544 1062 3689 1132 πρὸς
3728 1062 3855 1112 πᾶν

2246 1154 2407 1226 ἔργον
2444 1154 2671 1223 ἀγαθόν.
2712 1156 2848 1227 Φέρε
2893 1150 2988 1208 οὖν
3031 1154 3387 1226 μακροθυμίᾳ
3422 1153 3485 1206 τὸ
3526 1152 3703 1222 ἄηθες
3743 1151 3853 1204 τοῦ

2246 1248 2499 1319 δευτέρου
2547 1247 2786 1317 φύλακός
2839 1265 2932 1300 σου
2957 1261 2974 1278 ⁸
3004 1249 3066 1301 οὐ
3100 1247 3210 1317 γὰρ
3239 1244 3573 1316 ἡγουμένου,
3600 1244 3727 1297 οὐδὲ
3774 1246 3855 1296 ἱε-

2250 1342 2390 1412 ρέως
2437 1340 2694 1411 λέγοιμν
2749 1340 2927 1405 οὐδεὶς
2969 1340 3079 1413 γὰρ
3110 1339 3246 1393 Θεοῦ
3276 1338 3595 1408 λειτουργὸς
3636 1337 3737 1389 καί
3784 1352 3855 1403 γε

2252 1432 2550 1504 μοναστὴς,
2585 1433 3001 1503 στρατιωτικοῖς
3027 1430 3211 1503 ἔργοις
3242 1431 3677 1501 ὑπουργήσειεν,
3704 1429 3857 1481 ἀλλὰ

2252 1526 2359 1597 μὴν
2400 1525 2519 1579 οὐδὲ
2548 1525 2627 1595 τῷ
2656 1524 2832 1588 οὕτως
2866 1524 3237 1595 ὑπουργοῦντι
3266 1525 3647 1593 κοινωνήσειε.
3692 1520 3855 1589 Πλὴν

2249 1616 2490 1688 δήλωσόν
2518 1635 2609 1686 μοι
2634 1618 2783 1679 ὅπως
2815 1633 2874 1669 σε
2898 1617 3113 1687 κρατεῖ.
3134 1614 3287 1668 Δοκῶ
3304 1613 3413 1685 γὰρ
3429 1613 3854 1684 διαφορώτερον

2253 1705 2392 1763 εἶναι
2423 1707 2517 1761 τοῦ
2547 1707 2842 1780 προτέρου.
2863 1707 3004 1761 Ἀλλ’
3030 1706 3083 1760 εί
3112 1723 3175 1774 γε
3209 1704 3404 1770 οὕτως,
3436 1704 3468 1774 ἢ
3498 1704 3708 1775 ἑτέρως
3729 1720 3742 1734 ·
3784 1705 3852 1755 σὺ

2250 1801 2305 1854 δέ
2336 1799 2718 1869 ὃμως,τέκνον
2750 1816 2873 1869 μου,
2900 1797 3062 1868 στῆθι
3097 1795 3395 1865 γενναίωςο
3428 1794 3756 1864 εὑμαρίζων
3784 1794 3855 1846 τὰ

2250 1880 2576 1960 λυπηράτῇ
2612 1889 2720 1942 τῶν
2761 1888 2993 1943 ἐλπίδων
3029 1886 3389 1959 περιχαρεία,
3424 1885 3520 1938 καὶ
3549 1882 3857 1936 κατακτώο

2254 1998 2416 2051 μενος
2458 1979 2640 2049 ἐαυτῷ
2683 1979 2781 2049 τὴν
2830 1979 3087 2050 μόνωσιν,
3135 1975 3405 2038 ἀπαθείας
3451 1973 3714 2045 εὕρεσινο
3759 1972 3855 2025 διὰ

2252 2076 2349 2145 τῆς
2381 2076 2474 2127 ἐπὶ
2520 2074 2680 2143 μόνον
2710 2074 2802 2125 τὸν
2833 2071 3051 2141 ὁρῶντά
3101 2086 3161 2123 σε
3207 2068 3339 2122 Θεὸν
3382 2064 3749 2134 ἀποδλέψεώς
3789 2080 3853 2116 τε

2253 2167 2350 2221 καὶ
2390 2165 2629 2235 σχέσεως
2647 2180 2661 2195 ’
2710 2163 3053 2226 σκυϐαλίζων
3081 2164 3176 2216 καὶ
3208 2161 3478 2232 λικμίζων
3500 2160 3627 2222 τοὺς
3650 2159 3852 2210 ἐπεισ-

2253 2258 2558 2327 αγομένους
2592 2257 2892 2329 ἀχυρώδεις
2920 2254 3216 2325 λογισμοὺς
3246 2252 3399 2323 παρά
3428 2251 3523 2305 τοῦ
3553 2249 3668 2302 τῶν
3690 2249 3853 2314 ζιζα-

2254 2350 2383 2404 νίων
2418 2348 2669 2420 σπορέως
2704 2349 2989 2402 ἑκάστοτε.
3024 2349 3092 2400 Ἀ
3124 2346 3182 2399 δέ
3230 2344 3579 2415 ἐπεζήτησας
3609 2344 3852 2409 ἀποκρι-

2257 2442 2414 2512 θῆναί
2462 2459 2530 2513 με
2576 2440 2707 2511 περί
2752 2458 2813 2494 τε
2859 2440 2969 2493 τῶν
3012 2438 3280 2509 αἱρέσεων
3311 2438 3406 2490 καὶ
3439 2433 3851 2506 βαπτισμάπων

2256 2532 2379 2586 κατ’
2410 2532 2562 2596 ἔπος,
2599 2530 2895 2599 ἐπιστολῆς
2922 2528 3249 2599 ὑπερϐαίνει
3280 2524 3482 2596 μέτρον
3502 2541 3515 2553 ·
3555 2524 3655 2577 καὶ
3680 2520 3852 2575 πάλιν

2258 2631 2661 2701 περιττολογεῖν
2687 2629 2802 2681 ἐστι
2832 2627 3006 2680 ταῦτα
3051 2623 3409 2694 ἀφηγεῖσθαι,
3439 2619 3476 2673 ἀ
3506 2621 3535 2672 ὁ
3578 2616 3853 2687 θεοφόρος

2269 2722 2582 2791 Ἐπιφάνιος
2610 2718 2800 2788 ἐξεῦρε
2836 2715 2930 2770 καὶ
2953 2714 3245 2785 διέγραψεν
3282 2711 3358 2788 th;
3387 2709 3561 2771 οὐδεὶς
3585 2706 3701 2760 τῶν
3730 2706 3853 2759 Πα-

2255 2817 2455 2886 τέρων.
2497 2812 2725 2881 Ἔντυχε
2772 2810 2865 2863 οὖν
2891 2811 2958 2879 τῇ
2992 2808 3125 2879 περὶ
3178 2805 3362 2860 αὐτῶν
3402 2802 3525 2873 ἱερᾷ
3560 2797 3729 2853 αὑτοῦ
3772 2796 3854 2868 βί-

2259 2908 2391 2978 ϐλῳ,
2431 2908 2655 2960 κάκεῖσε
2697 2902 3061 2973 διαγνώσειας
3090 2900 3127 2956 ἀ
3156 2898 3348 2969 μαθεῖν
3388 2896 3626 2965 ἐφίεσαι.
3661 2890 3857 2963 Παράο

2262 3017 2381 3071 σχοι
2406 3000 2463 3054 δὲ
2497 2999 2669 3068 αὐτὴν
2701 2999 2758 3051 ἐν
2794 2998 2953 3067 χερσί
2984 3011 3079 3047 σου
3109 2994 3138 3046 ὁ
3166 2991 3327 3055 καλὸς
3358 2984 3770 3059 Εὺπρεπιανός.

2332 3175 2405 3227 Τὸ
2431 3174 2489 3228 δέ
2516 3176 2626 3226 τῶν
2659 3170 3080 3242 βαπτιζομένων
3111 3164 3523 3238 συντομώτερον
3543 3161 3855 3234 ἀποκριθή-

2261 3283 2449 3338 σομαι.
2508 3264 2681 3335 Τριχῇ
2727 3262 2980 3333 διῄρηται
3025 3260 3088 3312 τὸ
3143 3258 3433 3327 θεώρημα.
3479 3253 3851 3318 Βαπτίζονται

2262 3357 2362 3427 μὲν
2391 3354 2500 3427 γὰρ
2529 3350 2952 3423 Μαρκιονισταὶ,
3010 3346 3481 3418 Τασκορδιουργοὶ
3520 3346 3621 3414 (ι),
3671 3344 3850 3398 Μανι-

2259 3451 2404 3518 χαῖοι
2426 3462 2440 3477 ⁸
2475 3447 2571 3500 καὶ
2615 3446 2663 3497 οἱ
2700 3443 2977 3511 σύστοιχοι
3008 3439 3189 3493 αὐτῶν
3217 3438 3354 3506 ὁμοῦ
3384 3437 3488 3499 ἕως
3514 3435 3622 3487 τῶν
3648 3434 3852 3505 Μελχι-

2263 3537 2588 3601 σεδεκιτῶν,
2639 3537 2881 3606 αἱρέσεις
2932 3533 3108 3586 εἰκοσι
3152 3529 3334 3583 πέντε.
3376 3526 3638 3597 Χρίονται
3678 3526 3736 3579 δέ
3773 3526 3851 3596 τῷ

2262 3631 2402 3701 ἁγίῳ
2464 3630 2624 3702 μύρῳ
2697 3624 3405 3697 Τεσσαρεσκαιδεκαττται,
3472 3620 3847 3684 Ναυατιανοὶ,

2274 3723 2548 3794 Ἀρειανοὶ
2580 3761 2596 3785 ,
2646 3719 3081 3783 Μακεδονιανοὶ,
3124 3713 3642 3784 ’Δπολιναριασταὶ,
3707 3715 3845 3783 ὁμου

2263 3815 2449 3868 πέντε.
2495 3814 2561 3867 Οἱ
2604 3811 2662 3865 δέ
2695 3811 2833 3882 μήτε
2887 3810 3317 3882 βαπτιζόμενοι,
3355 3806 3499 3876 μήτε
3542 3805 3845 3876 χριόμενοι,

2265 3906 2401 3962 ἀλλά
2449 3904 2610 3975 μόνον
2660 3900 3161 3971 ἀναθεματίζοντες
3204 3899 3302 3970 τὴν
3340 3897 3476 3950 ἰδίαν
3525 3894 3623 3947 καὶ
3668 3897 3847 3947 πᾶσαν

2264 3999 2433 4069 ἀλλην
2457 3998 2693 4069 αἵρεσιν,
2720 3993 3068 4057 Μελετιανοὶ,
3117 3991 3491 4063 Νεστοριανοὶ,
3527 3989 3845 4059 Εὐτυχιανι-

581 4091 757 4155 ιιίειω,
789 4100 844 4145 et
870 4090 983 4159 qui,
1013 4106 1183 4159 usque
1212 4088 1280 4144 ad
1309 4090 1559 4145 haeresim
1583 4106 1705 4160 quze
1738 4090 1863 4147 istic
1892 4102 1997 4158 est,
2034 4101 2156 4147 sunt

2268 4094 2413 4156 σταὶ,
2443 4092 2536 4145 καὶ
2559 4091 2607 4143 οἰ
2634 4089 2839 4142 τούτων
2871 4086 3203 4157 ὁμόστοιχοι,
3241 4087 3409 4156 μέχρι
3441 4082 3542 4153 τῆς
3572 4080 3734 4150 δεῦρο
3764 4083 3844 4134 αἱ·

579 4181 792 4237 ordinis
837 4182 1102 4250 ejusdem,
1156 4181 1301 4235 haud
1359 4181 1632 4236 numerati
1690 4198 1719 4236 a
1748 4198 1836 4238 me
1874 4183 2057 4249 modo,
2100 4200 2156 4239 eo

2271 4182 2494 4255 ρέσεως,
2528 4179 2606 4249 τῷ
2634 4176 2850 4251 ἀριθμῷ
2876 4177 2975 4247 οὐχ
3023 4174 3450 4244 ὐποδαλλόμενοί
3490 4189 3580 4243 μοι
3608 4171 3747 4224 κατὰ
3783 4172 3843 4224 τὸ

580 4274 725 4345 quod
756 4274 1014 4344 Acephali
1059 4274 1167 4329 sint
1214 4273 1565 4344 multiplices,
1618 4283 1733 4328 tum
1763 4276 1927 4331 etiam
1971 4293 2041 4332 ne
2067 4292 2156 4331 ex-

2267 4274 2478 4343 παρόν·
2522 4271 2613 4324 διά
2645 4272 2707 4325 τὸ
2746 4268 3065 4338 πολυσχιδὲς
3114 4266 3221 4320 τῶν
3278 4265 3619 4337 Ἀκεφάλων,
3660 4264 3751 4316 καὶ
3787 4266 3845 4316 τὸ

582 4366 1060 4435 creseatepistola.
1092 4364 1247 4430 Quod
1284 4374 1469 4419 autem
1510 4365 1720 4432 dixisti,
1753 4382 2023 4421 canonem
2062 4367 2156 4421 mi-

2270 4362 2562 4435 ὑπερτενὶς
2609 4362 2707 4432 τῆς
2753 4358 3065 4427 ἐπιστολῆς.
3104 4357 3178 4409 Τὸ
3221 4356 3278 4409 δέ
3327 4356 3612 4426 εἰρηκέναι
3644 4370 3730 4419 σε,
3773 4355 3844 4423 μὴ

583 4458 729 4514 nime
755 4458 1108 4529 distinguere,
1162 4458 1257 4512 sed
1308 4458 1589 4515 deﬁnitive
1644 4461 2023 4529 pronuntiare,
2070 4476 2156 4516 eos

2272 4426 2544 4528 διακρῖναι
2570 4426 2674 4508 τὸν.
2690 4453 2913 4516 κανόνα,
2951 4426 3065 4510 ἀλλ’
3092 4449 3383 4535 ὁριστικῶς
3412 4449 3708 4517 ἀποφάναι,
3726 4446 3843 4509 τοὺς

583 4551 677 4619 qui
703 4550 771 4605 ab
797 4550 1065 4605 haereticis
1092 4548 1324 4604 ordinati
1353 4556 1448 4603 aut
1469 4550 1725 4619 baptizati
1755 4559 1903 4615 sunt,
1924 4565 2028 4606 nec
2050 4551 2156 4605 cle-

2273 4550 2380 4603 ἀπὸ
2432 4546 2726 4618 αἱρετικῶν
2777 4540 3277 4613 χειροτονηθέντας,
3337 4539 3370 4610 ἢ
3426 4537 3841 4608 βαπτισθέντας,

584 4643 727 4696 ricos
753 4657 873 4697 esse
900 4657 1083 4712 posse,
1114 4656 1218 4695 nec
1248 4640 1432 4695 ﬁdeles
1463 4657 1476 4694 :
1510 4641 1642 4696 illud
1664 4642 1837 4712 cogita
1864 4642 2009 4711 quod
2034 4657 2156 4712 apo~

2272 4638 2396 4693 οὔτε
2432 4634 2729 4706 κληρικοὺς
2756 4629 2895 4685 εἶναι
2940 4630 3165 4685 δυνατὸν
3186 4670 3200 4693 ,
3230 4628 3353 4682 οὔτε
3392 4628 3643 4692 πιστούς·
3676 4630 3842 4680 ἐκεῖνο

585 4735 809 4791 stolicus
838 4750 1012 4789 canon
1058 4733 1345 4789 haereticos
1387 4734 1509 4788 illos
1553 4734 1707 4796 dicit,
1739 4734 1831 4804 qui
1858 4736 1910 4788 in
1940 4735 2164 4790 nomine

586 4826 761 4883 Patris
799 4836 854 4882 et
884 4825 1007 4880 Filii
1041 4836 1096 4881 et
1127 4824 1365 4895 Spiritus
1400 4824 1576 4880 sancti
1618 4840 1727 4879 non
1752 4834 1882 4879 sunt
1903 4826 2162 4894 baptizati

586 4934 690 4974 nec
743 4918 1039 4988 baptizant.
1095 4914 1248 4970 Istud
1288 4929 1448 4985 porro
1495 4916 1677 4986 magni
1721 4932 1937 4986 quoque
1977 4915 2163 4971 Basilii

587 5027 722 5067 voce
752 5012 937 5068 divina
976 5010 1260 5067 docemur.
1301 5008 1393 5062 Ait
1447 5008 1595 5064 enim
1626 5009 1861 5063 haereses
1890 5023 2014 5063 esse
2066 5022 2161 5061 eas

588 5120 710 5175 qua;
738 5106 957 5176 penitus
1012 5104 1259 5172 abrupta:
1298 5111 1447 5166 sunt,
1499 5110 1557 5156 et
1603 5101 1749 5156 eirea
1789 5099 1961 5171 ipsam
2003 5100 2164 5155 ﬁdem

589 5196 879 5253 alienatae:
920 5196 1213 5252 schismata
1253 5209 1406 5253 vero.
1459 5208 1555 5247 eos
1586 5193 1676 5261 qui
1705 5200 1929 5261 propter
1976 5206 2171 5247 causas

590 5288 799 5358 aliquas
829 5287 1225 5343 ecclesiasticas
1259 5294 1314 5340 et
1361 5283 1692 5354 quaestiones
1737 5283 1937 5352 quibus
1988 5299 2169 5338 reme-

592 5382 741 5450 dium
786 5380 1033 5436 adhiberi
1066 5387 1265 5450 potest,
1296 5377 1440 5431 inter
1476 5392 1536 5431 se
1562 5376 1831 5430 dissident
1856 5393 1869 5428 :
1894 5390 2163 5446 parasyn-

590 5486 786 5544 agogas
854 5480 1078 5537 autem,
1132 5467 1579 5540 congregationes
1634 5482 1755 5536 qum
1812 5483 1841 5519 a
1882 5475 2169 5520 contuma-

2272 4730 2487 4800 λογίζου
2510 4745 2524 4759 ο
2560 4729 2642 4782 ὄτι
2672 4727 2984 4798 αἱρετικοὺς
3020 4728 3049 4779 ὁ
3079 4723 3444 4786 ἀποστολικδς
3474 4719 3660 4775 κανὼν
3706 4720 3841 4772 ἐκεί-

2273 4839 2399 4885 νους
2423 4821 2555 4889 ἔφη,
2597 4821 2725 4883 τοὺς
2776 4817 2851 4889 μὴ
2885 4818 2963 4879 εἰς
2994 4816 3169 4887 ὄνομα
3204 4814 3417 4885 Πατρὸς
3458 4812 3553 4866 καὶ
3590 4811 3719 4864 Υἱοῦ
3755 4810 3842 4865 καὶ

2265 4914 2423 4983 ἁγίου
2477 4911 2792 4981 Πνεύματος
2857 4908 3255 4979 βαπτισθέντας
3314 4907 3410 4958 καὶ
3467 4904 3837 4974 βαπτίζοντας.

2266 5004 2377 5057 Καὶ
2417 5002 2574 5055 τοῦτο
2622 5002 2687 5052 ἐκ
2736 5000 2887 5064 θείας
2934 5000 3118 5068 φωνῆς
3165 4996 3259 5050 τοῦ
3294 4995 3534 5067 μεγάλου
3566 4995 3837 5049 Βασιλείου

2264 5094 2650 5165 διδασκόμεθα.
2692 5096 2830 5164 Φησὶ
2863 5093 2992 5163 γὰρ,
3028 5093 3276 5161 αἱρέσεις
3308 5090 3407 5158 μὲν
3438 5090 3538 5151 τὰς
3570 5087 3838 5150 παντελῶς

2267 5186 2718 5259 ἀπερῤηγμένας,
2778 5185 2874 5237 καὶ
2927 5183 3047 5237 κατ’
3092 5181 3263 5251 αὐτὴν
3308 5182 3407 5252 τὴν
3459 5179 3652 5233 πίστιν
3701 5178 3839 5248 ἠλλο-

2268 5280 2580 5351 τριωμένας
2605 5296 2618 5309 ·
2665 5278 2940 5349 σχίσματα
2985 5277 3042 5329 δὲ
3073 5275 3202 5337 τοὺς
3246 5274 3315 5327 δι’
3356 5273 3538 5336 αἰτίας
3570 5273 3722 5336 τινὰς
3754 5275 3840 5326 ἐκ-

2276 5371 2671 5444 κλησιαστικὰς
2703 5372 2797 5424 καὶ
2840 5370 3133 5440 ζητήματα
3173 5366 3367 5435 ἰάσιμα
3401 5366 3541 5435 πρὸς
3589 5364 3841 5434 ἀλλήλους

2278 5463 2649 5535 διενεχθέντας
2672 5479 2685 5493 ·
2719 5458 3197 5535 παρασυναγωγὰς
3234 5457 3314 5523 δὲ,
3341 5455 3441 5521 τὰς
3478 5458 3732 5525 συνάξεις
3755 5454 3840 5518 τὰς

2101 5627 2333 5684 NOTAE.

679 5749 757 5817 (ι)
797 5747 953 5819 Apud
987 5746 1376 5819 Epiphaniam,
1416 5744 1607 5803 hat-esi
1639 5745 1728 5812 47,
1777 5744 2263 5815 τασκοδρουγῖται.
