4008 6318
247 375 386 444 105⁸3

1462 385 2000 448 EPISTOLARUM
2023 390 2168 452 LIB.
2213 394 2259 453 Ι.

3339 399 3473 465 1054

242 493 399 565 παρὰ
429 493 538 547 τῶν
574 492 963 549 άνυποτάκτων
994 496 1379 567 πρεσϐυτέρων
1417 497 1448 568 ἢ
1478 499 1811 559 ἐπισκόπων,

1919 501 2067 554 cihus
2090 501 2418 573 presbyteris
2450 501 2532 556 vel
2555 503 2844 574 episcopis,
2887 505 3027 561 vela
3061 509 3270 579 populis
3302 511 3478 580 impe-

239 589 395 659 παρὰ
427 589 535 640 τῶν
561 588 902 640 ἀπαιδεύτων
935 588 1080 641 λαῶν
1110 591 1402 658 γινομένας
1455 593 1562 644 Καὶ
1595 592 1686 645 τοῦ
1715 593 1813 662 μὲν

241 677 462 749 πρώτου
495 678 656 741 αὑτὸς
683 678 960 748 ἐπιφέρων
989 678 1046 730 ἓν
1095 680 1466 750 παράδειγμα,
1507 683 1640 750 φησὶ
1677 682 1814 751 πρὸς

242 769 334 820 τὸν
362 769 517 834 ἆγιον
554 767 926 838 Ἀμφιλόχιοψ
964 787 982 820 ι
1016 771 1150 823 Τίνα
1174 766 1266 824 οὖν
1297 771 1455 838 λόγον
1488 772 1598 841 ἔχει
1623 773 1684 825 τὸ
1707 775 1814 826 τῶν

242 857 611 926 Πεπουζηνῶν
645 858 927 930 βάπτισμα
951 861 1270 931 ἐγκριθῆναι
1306 863 1411 915 τῶν
1443 863 1813 928 βαπτιζόντων

237 950 323 1012 εἰς
357 950 577 1020 Πατέρα
625 952 718 1004 καὶ
753 953 881 1005 Υἱὺν
928 955 1022 1005 καὶ
1052 955 1328 1007 Μοντανὸν
1366 956 1398 1025 ἢ
1448 954 1809 1024 Πρίσκιλλαν;

238 1042 318 1093 Οὑ
361 1040 471 1111 γὰρ
503 1042 914 1111 ἐϐαπτίσθησαν
955 1044 1005 1096 ot
1055 1046 1136 1108 εἰς
1176 1047 1245 1099 τὰ
1283 1047 1356 1116 μὴ
1386 1046 1644 1117 δεδομένα
1678 1049 1811 1117 ἡμῖν

241 1130 660 1200 βαπτισθέντες.
703 1153 722 1186 ι
761 1135 994 1199 Τούτους
1026 1131 1119 1189 οὖν
1160 1138 1252 1190 καὶ
1282 1139 1406 1200 τοὺς
1437 1138 1558 1192 κατ’
1586 1139 1807 1203 αὐτοὺς,

237 1224 269 1275 6
291 1223 472 1276 κανὼν
496 1228 589 1278 καὶ
618 1227 668 1279 οἰ
690 1226 956 1298 Πατέρες.
990 1227 1064 1293 ὥς
1094 1247 1258 1299 φησιν
1278 1229 1307 1282 6
1335 1229 1478 1293 θεῖος
1507 1231 1807 1296 Βασίλειος,

236 1316 559 1384 αἱρετικοὺς
590 1315 900 1387 ὠνόμασαν.
931 1319 1040 1371 Τοῦ
1083 1319 1139 1372 δὲ
1167 1320 1419 1390 δευτέρου
1465 1322 1810 1391 παράδειγμα

238 1403 407 1457 πάλιν
445 1406 611 1476 φησὶν
660 1410 689 1461 ὁ
740 1407 895 1473 ἆγιος
927 1408 1246 1473 Βασίλειοςο
1281 1429 1300 1462 ι
1337 1413 1400 1465 Ol
1431 1411 1676 1483 Καθαροί.
1715 1415 1810 1467 καὶ

239 1497 399 1550 αὑτοὶ
421 1498 531 1550 τῶν
554 1499 973 1570 ἀπεσχισμένων
999 1503 1159 1559 είσίν.
1195 1521 1214 1555 ›

314 1590 375 1642 Εἰ
407 1589 463 1643 δέ
495 1590 683 1661 φαίης·
720 1593 828 1645 Kal.
857 1593 974 1657 πῶς
1004 1594 1253 1662 λέγονται
1294 1596 1560 1666 αἰρετικοὶ
1595 1598 1688 1651 καὶ
1718 1592 1809 1651 οὗ-

236 1697 324 1733 τοι
374 1681 469 1733 καὶ
503 1681 703 1746 πάντες
737 1685 785 1736 οἱ
840 1685 1321 1757 μεταγενέστεροις
1377 1690 1535 1742 τοῦτο
1577 1691 1810 1762 λέγομεν

1921 593 2036 647 ritis
2081 593 2233 648 ﬁunt.
2289 596 2363 648 Ac
2412 596 2568 664 primi
2615 597 2833 665 quidem
2902 601 3118 669 gencrls
3163 603 3473 671 exemplum

1917 701 2085 739 unum
2147 687 2261 754 ipse
2326 687 2586 752 atl‘erens,
2633 689 2697 743 ad
2749 701 2995 744 sanctum
3039 693 3476 761 Amphilochium

1915 776 2103 830 scribit
2127 777 2204 831 “z
2254 797 2272 828 ι
2311 777 2568 842 Quaenam
2629 779 2791 850 igitur
2835 781 2973 835 ratio
2999 792 3082 835 est
3113 793 3171 837 ut
3225 783 3472 852 Pepuze-

1915 883 2108 922 norum
2152 869 2419 939 baptisma
2443 886 2564 925 esse
2621 872 2914 940 indicetur,
2965 874 3055 942 qui
3110 874 3386 944 haptizant
3420 875 3476 928 in

1916 959 2151 1023 Patrem,
2197 968 2252 1012 et
2289 959 2503 1023 Filium,
2542 969 2597 1013 et
2655 960 2967 1014 Montanum
3009 963 3090 1015 vel
3137 962 3479 1016 Priscillam?

1912 1048 2100 1119 Neque
2145 1049 2290 1103 enim
2324 1050 2579 1119 baptizati
2612 1061 2759 1112 sunt,
2793 1052 2885 1120 qui
2939 1054 2992 1106 in
3027 1068 3089 1106 ea
3150 1069 3269 1122 quae
3321 1055 3478 1108 nobis

1914 1156 2022 1195 non
2049 1150 2171 1196 sunt
2212 1142 2428 1202 tradita,
2476 1141 2731 1211 baptizati
2757 1151 2902 1196 sunt.
2930 1161 2948 1194 ›
2986 1142 3094 1198 Hos
3120 1160 3248 1214 ergo
3300 1154 3353 1198 et
3384 1146 3474 1215 qui

1913 1232 2047 1302 ipsis
2093 1233 2393 1297 adhaerent,
2419 1247 2595 1286 canon
2636 1241 2690 1286 et
2739 1231 2946 1298 Patres,
2977 1243 3034 1288 ut
3079 1234 3298 1289 divinus
3331 1234 3477 1288 Basi-

1912 1326 2018 1380 lius
2063 1327 2157 1391 ait,
2207 1325 2556 1380 nominarunt
2618 1325 2924 1379 haereticos.
2977 1325 3184 1380 Rursus
3251 1328 3474 1382 secundi

1911 1416 2129 1487 generis
2155 1416 2461 1485 exemplum
2512 1415 2718 1484 profert
2749 1424 2969 1468 sanctus
3021 1415 3251 1471 Basilius
3280 1434 3292 1469 :
3323 1436 3341 1468 ι
3373 1416 3477 1471 Cn—

1913 1508 2053 1561 thari
2077 1514 2203 1561 sunt
2224 1515 2278 1560 et
2306 1506 2406 1575 ipsi
2430 1506 2573 1560 inter
2599 1520 2693 1559 eos
2719 1506 2810 1573 qui
2840 1505 3062 1559 abscissi
3093 1515 3241 1560 sunt.
3279 1525 3296 1557 ι

1981 1597 2135 1663 Quod
2163 1597 2208 1652 si
2233 1597 2380 1651 dicas
2412 1614 2426 1653 :
2463 1596 2526 1649 Et
2549 1596 2818 1665 quomodo
2852 1595 2907 1649 hi
2943 1610 3179 1665 quoque,
3216 1605 3272 1649 et
3296 1607 3478 1664 postc-

1914 1691 2084 1744 riores
2132 1705 2341 1747 omnes.
2376 1688 2614 1742 haeretici
2647 1688 2900 1741 dicuntur
2928 1687 2950 1739 ?
2978 1685 3091 1740 lloc
3121 1687 3352 1741 dicimus
3372 1726 3386 1750 ,
3424 1697 3478 1741 et

238 1771 339 1877 καὶ
365 1771 627 1877 νοοῦμενο
661 1776 710 1827 oi
748 1775 846 1845 μὲν
886 1777 1092 1847 πρῶτοι
1137 1780 1341 1848 κυρίως
1381 1781 1679 1852 αἱρετικοὶ,
1720 1783 1808 1836 διὰ

1919 1781 2304 1852 intelligimus;
2334 1781 2539 1849 primos
2590 1779 2805 1849 quidem
2842 1779 3057 1848 pr0prie
3115 1778 3219 1832 dici
3256 1780 3475 1832 haereti—

237 1863 302 1915 τὸ
335 1863 414 1926 εἰς
439 1865 571 1917 αὑτὸ
600 1865 660 1918 τὸ
695 1867 908 1939 καίριον
937 1871 1036 1939 τῆς
1082 1871 1362 1942 τριαδικῆς
1386 1874 1544 1941 ἡμῶν
1572 1876 1808 1940 πίστεως

237 1954 597 2024 ἠσεϐηκέναι.
653 1959 714 2010 Οἱ
751 1958 806 2011 δὲ
850 1957 1092 2031 δεύτεροι
1129 1963 1268 2015 κατὰ
1313 1964 1674 2034 κατάχρησιν,
1717 1967 1809 2018 καὶ

236 2047 320 2110 ὡς
371 2050 434 2100 ἐκ
475 2049 583 2101 τῶν
625 2049 858 2119 πρώτων
903 2053 1281 2123 παρηγμένον
1326 2056 1716 2124 ὁμολογοῦντες
1765 2057 1810 2110 δ’

236 2135 393 2205 ὅμως
439 2141 519 2203 εἰς
561 2141 765 2209 Τριάδα
812 2143 908 2196 καὶ
949 2144 1226 2198 πιστεύειν
1284 2148 1376 2198 καὶ
1425 2147 1707 2217 βαπτίζειν
1754 2151 1812 2202 ἐν

242 2227 501 2297 ἰδιώματι
531 2231 718 2300 οἰκείῳ
751 2233 850 2303 τῆς
879 2235 1113 2306 ἑκάστης
1145 2237 1516 2304 ὑποστάσεως,
1564 2241 1660 2293 καὶ
1691 2240 1812 2310 οὐχὶ

243 2322 376 2390 μιᾶς
393 2320 500 2375 τῶν
515 2323 685 2394 τριῶν
716 2326 1070 2398 ὑπαρχούσης
1087 2344 1099 2357 ·
1129 2329 1232 2382 κᾶν
1255 2330 1312 2382 ἐν
1333 2329 1512 2393 ἄλλοις
1539 2330 1810 2401 ᾑρέτιζον.

239 2413 352 2465 Τοῦ
385 2416 568 2485 τρίτου
605 2411 955 2490 παράδειγμα
979 2460 996 2484 ,
1037 2422 1199 2485 αὑτὸς
1226 2424 1254 2475 6
1283 2421 1439 2490 ἆγιος
1465 2424 1630 2478 πάλιν
1657 2427 1809 2492 φησὶ,

239 2501 359 2557 οἷον
397 2507 448 2562 εῐ
475 2524 558 2570 τις
600 2508 658 2561 ἐν
701 2508 1005 2579 πταίσματι
1043 2511 1373 2576 ἐξετασθείς,
1410 2512 1677 2582 ἐπεσχέθη
1714 2513 1812 2580 τῆς

240 2598 634 2669 λειτουργίας,
684 2601 778 2653 καὶ⁵
825 2603 900 2672 μὴ
947 2603 1194 2671 ὑπέκυψε
1240 2605 1356 2665 τοῖς
1401 2603 1653 2656 κανόσιν·
1698 2602 1813 2656 ἀλλ’

243 2689 428 2760 ἐαυτῷ
456 2691 734 2762 ἐξεδίκησε
761 2693 857 2763 τὴν
891 2695 1184 2764 προεδρίαν
1213 2695 1309 2748 καὶ
1336 2694 1433 2763 τὴν
1449 2694 1809 2766 λειτουργίαν.

243 2780 359 2834 Καί
383 2798 443 2849 γε
477 2783 553 2846 ὡς
578 2785 626 2836 oi
661 2783 904 2856 δεύτεροι
933 2785 1215 2855 ὁμώνυμοι
1245 2789 1358 2848 τοῖς
1384 2786 1647 2856 πρώτοις,
1672 2787 1814 2840 οὕτω

245 2875 342 2928 καὶ
376 2878 422 2928 οἱ
454 2877 628 2945 τρίτοι
658 2877 940 2950 ὁμώνυμοι
970 2883 1082 2942 τοῖς
1103 2880 1394 2951 δευτέροις.
1437 2880 1654 2949 Ἀμέλει
1691 2881 1815 2940 τοὺς

245 2968 612 3033 Μελετιανοὺς
644 2974 1035 3041 σχισματικοὺς
1063 2973 1112 3024 οἱ
1142 2972 1310 3027 πάλαι
1347 2972 1612 3037 καλοῦσι,
1642 2971 1814 3024 Μελε-

243 3058 348 3127 τίῳ
370 3058 444 3126 τῷ
469 3062 808 3132 σχισματικῴ
833 3064 1300 3133 συναπαχθέντας,
1332 3063 1425 3117 καί
1446 3081 1529 3116 τοι
1559 3063 1632 3135 μὴ
1653 3063 1813 3127 ὄντας

1909 1891 2022 1938 eos,
2053 1888 2118 1928 eo
2145 1873 2285 1941 quod
2319 1871 2645 1938 impietatem
2676 1877 3002 1923 exeruerunt
3036 1869 3090 1921 in
3127 1868 3176 1922 id
3199 1868 3340 1937 quod
3381 1885 3478 1923 no-

1911 1975 2036 2020 strae
2055 1966 2122 2019 de
2140 1964 2401 2018 Trinitate
2429 1963 2546 2017 ﬁdei
2565 1960 2893 2030 pracipnum
2912 1971 3031 2015 est:
3058 1962 3323 2014 secundos
3349 1976 3476 2015 vero

1911 2057 2153 2120 abusive,
2175 2065 2230 2108 et
2263 2064 2514 2122 tanquam
2557 2069 2585 2104 a
2615 2051 2806 2120 primis
2835 2050 3109 2104 derivatos
3133 2090 3146 2112 ,
3178 2051 3269 2118 qui
3296 2059 3475 2104 tamen

1912 2146 2314 2202 conﬁtebantur
2359 2159 2416 2197 se
2451 2143 2504 2196 in
2537 2141 2855 2195 Trinitatem
2885 2150 2938 2193 et
2968 2140 3188 2195 credere
3217 2150 3271 2194 et
3299 2141 3473 2208 bapti-

1913 2253 2056 2302 zare,
2115 2237 2170 2290 in
2206 2236 2530 2305 proprietate
2579 2232 2836 2302 singulari
2882 2247 3125 2300 persona:
3167 2231 3426 2299 cujusque
3459 2269 3474 2292 ,

1913 2344 2025 2384 non
2070 2336 2249 2383 autem
2302 2341 2422 2396 qua:
2461 2339 2564 2376 una
2617 2319 2670 2374 in
2710 2321 2886 2376 tribus
2937 2322 3162 2375 exsistat
3205 2338 3217 2372 :
3259 2321 3386 2374 licet
3419 2321 3473 2374 in

1913 2426 2036 2480 aliis
2099 2423 2261 2476 rebus
2309 2417 2621 2473 hmreticum
2678 2414 2879 2483 aliquid
2922 2423 3251 2468 assererent.
3301 2412 3471 2468 Tertii

1913 2513 2125 2586 generis
2174 2511 2480 2579 exemplum
2538 2521 2731 2560 rursus
2804 2505 2948 2559 idem
3009 2513 3232 2558 sanctus
3293 2504 3471 2557 dicit:

1915 2608 2062 2661 velut
2086 2606 2128 2660 si
2158 2604 2279 2673 quis
2314 2601 2556 2657 criminis
2585 2600 2900 2662 convictus,
2927 2615 2957 2652 a
2987 2614 3140 2653 sacro
3175 2597 3477 2651 ministerio

1913 2713 2212 2768 suspensus
2247 2697 2336 2761 sit,
2383 2704 2437 2749 et
2467 2693 2766 2748 canonihus
2791 2706 2898 2744 non
2925 2691 3099 2752 cedat.
3125 2690 3218 2743 sed
3252 2689 3476 2758 primam

1913 2789 2014 2844 sibi
2050 2789 2233 2843 sedem
2256 2797 2310 2841 et
2342 2785 2702 2840 ministerium
2737 2781 2994 2836 vindicet.
3042 2779 3218 2848 Atque
3248 2789 3306 2833 ut
3336 2779 3478 2832 idem

1913 2897 2036 2936 cum
2067 2878 2258 2950 primis
2299 2891 2496 2930 nomen
2525 2875 2702 2948 sortiti
2747 2883 2876 2927 sunt
2904 2872 3125 2928 secundi
3155 2889 3170 2936 ;
3207 2873 3277 2925 ita
3316 2871 3478 2924 etiam

1918 2973 2060 3029 tertii
2093 2987 2215 3026 cum
2247 2969 2520 3025 secundis.
2550 2967 2710 3021 Certe
2753 2965 3104 3029 Meletianos;
3137 2977 3274 3031 quos
3315 2960 3480 3013 Mele-

1919 3067 2027 3120 tius
2084 3062 2463 3118 schismaticus
2534 3059 2828 3113 abduxerat
2882 3073 2897 3121 ;
2945 3054 3150 3123 antiqui
3206 3051 3481 3121 appellant

245 3147 591 3212 κακοδὸξους.
641 3150 1150 3220 Ἀναθεματίζοντες
1182 3152 1292 3222 γὰρ
1320 3153 1380 3204 τὸ
1418 3151 1547 3204 ἴδιον
1589 3151 1810 3220 σχίσμα,

1919 3155 2309 3218 schismaticos,
2347 3151 2592 3222 quamvis
2641 3165 2749 3203 non
2799 3156 2982 3202 essent
3041 3143 3314 3200 cacodoxi.
3349 3142 3483 3196 Pro-

246 3238 326 3299 ὣς
374 3255 526 3305 φασι,
577 3241 884 3309 δεδεγμένοι
926 3244 1035 3295 εἰσὶ
1080 3246 1144 3313 τῇ
1193 3243 1452 3314 καθολικῇ
1498 3243 1815 3312 Ἐκκλησία.

254 3331 442 3383 Ἐοικε
486 3332 542 3383 δὲ
588 3333 742 3403 σειρά
773 3351 855 3397 τις
897 3329 1034 3388 εἶναι
1067 3335 1488 3404 δαιμονόπλοκος
1527 3337 1560 3405 ἡ
1589 3335 1817 3389 καθόλου

250 3421 488 3488 αἵρεσις,
519 3422 681 3491 ἑτέρα
704 3424 802 3492 τῆς
833 3427 1027 3495 ἐτέρας
1060 3425 1313 3495 ἐχομένη.
1342 3428 1437 3478 καὶ
1460 3427 1536 3488 ὡς
1563 3428 1626 3478 ἐκ
1660 3442 1822 3495 κορυ-

251 3510 361 3578 φῆς
408 3511 537 3579 μιᾶς
579 3510 967 3583 ἐξηρτημένων
1001 3515 1229 3567 ἁπασῶν
1267 3515 1369 3584 τῆς
1418 3515 1677 3577 ἀσεϐείας
1729 3515 1822 3567 καὶ

252 3604 477 3668 ἀθεϊαςο
510 3602 615 3658 κᾶν
643 3606 1014 3678 έτερωνυμίᾳ,
1049 3607 1144 3660 καὶ
1169 3607 1367 3678 χρόνῳ,
1396 3609 1490 3660 καὶ
1523 3608 1692 3677 τόπῳ,
1729 3608 1822 3659 καὶ

253 3696 538 3764 ποσότητι,
573 3697 670 3750 καὶ
704 3697 984 3768 ποιότητι,
1021 3699 1114 3750 καὶ
1149 3697 1398 3767 δυνάμει,
1445 3698 1542 3751 καὶ.
1575 3698 1824 3767 ἐνεργείᾳ

251 3785 610 3855 διαφέρωσιν.
654 3789 802 3842 Ἐπεὶ
837 3789 969 3859 μηδέ
1012 3789 1072 3842 ἓν
1114 3789 1208 3843 καὶ
1256 3789 1318 3841 τὸ
1365 3789 1496 3842 αὐτὸ
1543 3790 1725 3859 σῶμα,
1767 3789 1824 3840 ἐν

255 3879 422 3947 μόνον
452 3879 644 3949 μέλος,
675 3882 813 3935 ἀλλὰ
839 3885 933 3936 καὶ
960 3882 1161 3935 πολλάο
1193 3881 1288 3936 καλ⁵
1329 3882 1575 3953 διάφοροι
1606 3883 1663 3934 αἱ
1696 3881 1822 3934 τού-

252 3985 367 4022 των
410 3970 546 4040 πρὸς
602 3971 809 4042 ἄλληλα
859 3973 1156 4046 ἐνέργειαι,
1210 3974 1488 4043 δυνάμεις,
1541 3975 1822 4045 ἰδιότητες,

256 4061 441 4124 θέσεις
473 4077 534 4114 τε
563 4061 656 4115 καὶ
687 4065 864 4131 τιμαί.

329 4238 468 4308 Περὶ
496 4237 605 4292 τῶν
632 4239 838 4310 ἐτέρων
875 4258 968 4294 σου
1027 4240 1378 4313 ἐρωτήσεωνο
1408 4243 1441 4312 ἡ
1476 4241 1667 4311 πρώτη
1698 4240 1828 4310 περὶ

256 4333 635 4403 πρεσϐυτέρου
677 4334 770 4388 τοῦ
820 4335 1222 4404 ὀρθοδοξοῦντος
1246 4375 1262 4400 ,
1292 4335 1406 4389 ἀλλ’
1437 4337 1586 4404 ὅμως
1619 4352 1829 4404 μνημο-

1918 3249 2098 3318 prium
2134 3246 2278 3300 enim
2312 3243 2565 3303 schisma,
2611 3249 2672 3294 ut
2723 3239 2894 3302 aiunt,
2933 3232 3478 3290 anathematizantes.

1918 3343 1986 3397 ab
2021 3339 2257 3394 Ecclesia
2293 3335 2558 3392 catholica
2593 3331 2826 3399 suscepti
2856 3337 3001 3383 sunt.
3043 3325 3269 3379 Videtur
3300 3332 3482 3376 autem

1921 3433 2161 3492 haeresis.
2197 3431 2250 3484 in
2301 3427 2615 3482 universum
2672 3433 2858 3477 catena
2895 3418 3139 3488 quaedam
3173 3428 3292 3468 esse
3321 3428 3349 3466 a
3379 3412 3486 3465 da:-

1922 3541 2080 3581 mone
2099 3530 2348 3580 contexta
2383 3557 2398 3583 ,
2451 3519 2618 3572 altera
2648 3514 2799 3570 alteri
2845 3526 3088 3568 connexa
3120 3548 3134 3574 ,
3170 3506 3486 3573 cunctisque

1921 3626 2175 3684 tanquam
2209 3613 2278 3665 ab
2308 3624 2418 3662 uno
2476 3605 2766 3674 impietatis
2800 3601 2974 3670 capite
3010 3597 3260 3668 appensis
3284 3613 3295 3648 :
3317 3609 3488 3662 quan-

1923 3706 2124 3762 tumvis
2151 3700 2466 3757 diversitate
2522 3695 2802 3750 nominum
2837 3730 2851 3752 ,
2879 3700 2933 3744 et
2964 3702 3202 3759 tempore
3222 3729 3234 3750 ,
3261 3695 3316 3739 et
3346 3685 3486 3745 loco,

1924 3808 1979 3854 et
2006 3794 2326 3867 quantitate,
2356 3799 2411 3844 et
2439 3789 2717 3859 qualitate,
2745 3794 2801 3840 et
2834 3781 3091 3854 potentia.
3128 3789 3183 3833 et
3227 3786 3350 3832 actu
3383 3773 3490 3828 dif-

1924 3890 2102 3945 ferant
2134 3904 2148 3942 :
2186 3881 2623 3955 quandoquidem
2651 3893 2753 3932 nec
2779 3891 2946 3931 unum
2999 3873 3252 3939 idemque
3294 3882 3492 3935 corpus

1925 3981 2232 4036 membrum
2279 3981 2362 4030 est
2388 3986 2554 4026 unum
2586 3969 2783 4029 solum,
2808 3965 2904 4020 sed
2933 3964 3099 4017 multa
3128 3977 3143 4025 ;
3184 3957 3491 4024 diversique

1926 4080 2055 4126 sunt
2139 4068 2336 4135 horum
2439 4064 2581 4117 inter
2631 4075 2688 4114 se
2747 4066 2939 4119 actus,
2991 4052 3272 4108 facultates
3305 4088 3320 4113 ,
3362 4060 3490 4117 pro-

1927 4163 2206 4232 prietates,
2247 4159 2488 4224 situsque
2516 4163 2572 4208 et
2601 4153 2858 4206 honores.

1999 4252 2155 4319 Quod
2195 4257 2402 4319 spectat
2434 4255 2656 4302 caeteras
2711 4237 3161 4309 interrogationes
3223 4244 3385 4295 tuas;
3426 4229 3491 4283 ad

1931 4343 2179 4412 primam,
2210 4341 2278 4395 de
2318 4339 2630 4408 presbytero
2659 4331 2959 4388 orthodoxo
2992 4326 3243 4396 qnidem',
3291 4321 3384 4377 sed
3417 4330 3494 4374 ta-

255 4424 512 4488 νεύοντος
560 4425 712 4496 φόϐῳ
764 4426 1006 4497 διωγμοῦ
1047 4427 1139 4480 τὸν
1185 4428 1460 4497 αἱρετικὸν
1506 4428 1817 4491 ἐπίσκοπον,

1933 4449 2053 4487 men
2091 4432 2178 4501 qui
2213 4427 2610 4500 persecutionis
2637 4431 2782 4478 metu
2811 4418 3125 4493 haereticum
3178 4415 3493 4484 episcopum

256 4518 676 4589 προαπεκρίθην
715 4535 833 4572 σοι·
887 4520 1024 4590 πλὴν
1056 4521 1150 4574 καὶ
1193 4518 1380 4583 αὖθις·
1431 4522 1478 4573 εἰ
1512 4521 1588 4591 μὴ
1620 4520 1826 4573 συλλει-

255 4613 484 4680 τουργεϊ
502 4611 782 4681 αἱρετικῷ,
804 4611 897 4665 καὶ
922 4613 970 4664 εί
1001 4612 1077 4681 μὴ
1098 4612 1369 4682 μεταδιδοῖ
1395 4615 1510 4675 τοῖς
1542 4611 1824 4673 τοιούτοις,

256 4701 479 4755 δεκτέον
504 4701 596 4753 τὸν
620 4703 860 4755 τοιοῦτον
889 4704 968 4765 εἰς
986 4703 1458 4767 συνεστίασιν,καὶ
1485 4702 1825 4771 ψαλμῳδίαν,

259 4792 357 4845 καὶ
384 4792 636 4860 εὐλογίαν
674 4792 998 4864 βρωμάτων,
1030 4795 1124 4847 καὶ
1151 4793 1308 4847 τοῦτο
1340 4795 1458 4848 κατ’
1491 4794 1824 4863 οἰκονομίαν,

258 4885 322 4940 οὐ
352 4883 452 4954 μέν
474 4901 558 4937 τοι
584 4885 663 4946 είς
694 4884 846 4937 θείαν
877 4884 1200 4953 μετάληψιν.
1225 4888 1315 4937 Δεῖ
1341 4885 1396 4936 δὲ
1422 4886 1706 4955 ἐπερωτᾷν
1731 4885 1829 4954 τῆς

259 4977 533 5049 αἱρέσεως
569 4977 881 5047 κρατούσης
917 4977 1164 5040 πάντως’
1192 4977 1481 5046 ὁμολογίαν
1513 4977 1568 5029 δὲ
1600 4976 1828 5044 δεχομέ-

261 5088 376 5134 νοις
404 5070 716 5140 άρκεῖσθαι,
735 5069 835 5122 οὑκ
867 5065 982 5122 οἶδα
1012 5069 1060 5120 εἰ
1095 5069 1168 5139 μὴ
1197 5069 1479 5138 προδήλως
1507 5067 1831 5136 ψευδολόγος

260 5161 426 5232 αὕτη.
460 5159 533 5212 Τὸ
561 5159 666 5231 γὰρ
692 5158 860 5230 φαίην
894 5177 953 5212 σε
992 5159 1337 5212 διδάσκεσθαι
1371 5161 1518 5228 ἡμᾶς
1550 5157 1701 5228 παρὰ
1725 5156 1830 5208 τῶν

261 5253 560 5324 Πατέρων,
603 5251 679 5323 μὴ
713 5253 1032 5322 ἐπερωτᾷν,
1082 5253 1210 5322 περὶ
1240 5251 1431 5322 καιροῦ
1474 5245 1534 5306 οὖ
1567 5250 1642 5320 μὴ
1684 5250 1830 5302 ἔστιν

261 5347 475 5415 αἵρεσις
533 5343 874 5414 μαινομένη·
938 5343 1031 5394 καὶ
1087 5343 1216 5414 περὶ
1264 5343 1370 5395 τῶν
1421 5345 1496 5412 μὴ
1551 5341 1830 5411 προδήλως

261 5436 754 5508 κατεγνωσμένων.
803 5435 1056 5488 Τοιοῦτον
1085 5435 1141 5487 δὲ
1170 5435 1558 5505 πρεσϐύτερον,
1606 5434 1831 5486 σπάνιον

253 5532 442 5602 εὑρεῖν
470 5530 564 5584 νῦν
591 5529 670 5601 μὴ
701 5526 1028 5600 μιγνύμενον
1059 5528 1150 5581 καὶ
1188 5526 1652 5593 συγκοινωνοῦντα
1683 5525 1830 5594 αἱρε-

256 5641 447 5688 τικοις.

324 5806 366 5840 ⁸⁸
394 5806 524 5864 (Ian.
562 5821 600 5860 ι.

1931 4530 2341 4585 commemorat,
2371 4521 2483 4588 jam
2515 4526 2640 4572 ante
2675 4511 2931 4582 respondi
2969 4509 3061 4563 tibi
3091 4525 3104 4573 ;
3129 4506 3220 4560 sed
3253 4512 3307 4558 et
3349 4517 3496 4556 nunc

1930 4617 2125 4672 iterum
2168 4613 2260 4667 :Si
2291 4626 2413 4665 cum
2467 4606 2723 4662 haeretica
2767 4618 2874 4656 non
2924 4597 3218 4656 sacriﬁcet,
3247 4609 3349 4647 nec
3374 4591 3511 4661 tali-.

1931 4711 2033 4766 bus
2059 4705 2375 4776 impertiat;
2424 4698 2793 4768 recipiendum
2835 4695 2980 4747 hunc
3032 4703 3152 4744 esse
3203 4686 3267 4739 ad
3289 4683 3495 4773 \convi-

1931 4811 2098 4862 ctum,
2133 4808 2188 4852 et
2234 4792 2604 4865 psalmodiam.
2635 4797 2690 4842 et
2724 4781 3159 4840 benedictionem
3207 4788 3449 4830 escarum
3477 4811 3491 4832 .

1932 5074 2036 5129 resi
2074 5072 2386 5126 dominante
2418 5060 2796 5130 ;confessione
2834 5065 3012 5110 autem
3058 5058 3306 5118 suscepta
3345 5085 3360 5107 .
3405 5061 3494 5098 ac-

1931 5167 2231 5234 quiescere,
2288 5159 2391 5212 nisi
2442 5153 2724 5225 perspicue
2782 5148 2852 5201 sit
2901 5146 3052 5199 falsa.
3100 5140 3214 5195 Hoc
3265 5137 3408 5192 enim
3466 5153 3496 5188 a

1933 5228 2184 5310 Patribus
2213 5247 2396 5305 doceri
2446 5260 2544 5299 nos
2579 5240 2804 5296 dixerim
2845 5255 2859 5301 ;
2910 5251 3018 5289 non
3055 5228 3496 5299 interrogandum

1932 5361 2039 5416 quo
2067 5354 2304 5410 tempore
2334 5352 2439 5390 non
2487 5339 2760 5403 grassatur
2799 5325 3042 5386 haeresis,
3073 5336 3172 5375 nec
3201 5320 3268 5376 de
3305 5318 3372 5372 iis
3405 5317 3496 5384 qui

1934 5413 2040 5492 non
2097 5441 2224 5488 sunt
2267 5427 2554 5484 manifeste
2607 5420 2867 5478 damnati.
2931 5413 3247 5484 Huiusmodi
3315 5418 3498 5462 autem

1935 5529 2305 5599 presbyterum
2336 5519 2724 5589 reperirenunc
2760 5525 2935 5566 rarum
2967 5515 3065 5571 est,
3092 5507 3182 5574 qui
3212 5519 3316 5558 non
3349 5515 3499 5555 com-

1937 5622 2229 5676 misceatur
2259 5625 2311 5670 et
2342 5610 2705 5669 communicet
2749 5620 2868 5660 cum
2910 5599 3202 5657 hareticis.
