4008 6318
566 368 704 433 1055

630 482 901 548 Secunda,
933 481 1001 537 de
1051 481 1256 540 Christi
1314 482 1539 546 famulo,
1614 485 1704 555 qui
1744 485 1813 540 ad
1845 488 2140 541 oratorium
2169 487 2221 546 Α

560 588 719 627 suum
752 574 997 639 advocat,
1032 583 1092 629 ut
1128 575 1467 645 pervigilium
1502 576 1806 631 celebretur
1835 594 1849 631 :
1877 586 2056 632 utrum
2096 580 2149 632 in

558 680 624 720 eo
654 680 805 720 sacra
829 665 1001 732 obire,
1020 674 1217 721 etcum
1247 668 1443 737 quibus
1465 676 1733 737 oporteat.
1756 667 1869 723 Mos
1882 670 2152 739 gerendus

558 767 663 823 est,
698 757 1007 811 eteundum
1031 758 1232 827 utique,
1251 768 1305 813 et
1327 765 1432 813 una
1456 759 1814 828 psallendum,
1835 760 1879 815 si
1895 761 2154 816 orthodo-

556 865 660 903 xns
684 858 770 903 est
792 849 885 918 qui
908 850 1142 904 advocat
1170 859 1226 905 et
1254 850 1345 920 qui
1369 851 1625 920 psallunt,
1649 862 1907 907 caventes
1933 853 2151 922 utrique

557 955 628 995 ne
651 955 774 995 cum
799 940 1069 995 haereticis
1081 933 1653 1008 communicent.Quin
1672 953 1727 997 et
1741 959 1893 998 sacra
1911 943 1964 997 in
1980 955 2153 1000 orato-

558 1033 641 1086 rio
670 1034 999 1105 peragenda,
1019 1035 1066 1088 si
1094 1033 1324 1088 afﬁrmet
1349 1034 1441 1104 qui
1467 1036 1696 1097 obtinet,
1723 1036 1967 1092 nondum
1999 1037 2055 1091 in
2084 1051 2153 1093 eo

559 1121 874 1177 haereticum
899 1124 1254 1179 ministrasse.
1285 1124 1403 1180 Jam
1425 1126 1568 1179 enim
1590 1126 1792 1181 dictum
1818 1137 1925 1192 est,
1951 1144 2150 1184 neces-

558 1211 705 1266 sario
727 1212 794 1267 de
818 1213 1093 1279 omnibus,
1147 1214 1217 1269 ob
1250 1214 1523 1269 furentem
1556 1216 1831 1282 ha-resim,
1863 1217 2151 1273 sciscitan-

559 1302 711 1357 dum.

629 1392 844 1460 Tertia;
874 1396 919 1450 si
956 1397 1080 1466 quis
1135 1396 1205 1451 ab
1259 1396 1443 1466 aliquo
1480 1397 1777 1453 Ecclesiam
1846 1400 2152 1469 susceperit

558 1483 911 1552 orthodoxus,
945 1486 1115 1541 moris
1140 1495 1322 1542 autem
1354 1489 1425 1543 sit
1452 1488 1621 1544 semel
1653 1497 1746 1542 aut
1780 1489 1977 1545 iterum
2000 1500 2154 1560 quot-

567 1573 727 1627 annis
751 1575 802 1628 in
825 1590 888 1630 ea
913 1578 1233 1648 congregari
1286 1579 1569 1648 populum,
1596 1593 1658 1635 ac
1681 1579 1921 1635 hteretici
1946 1596 2150 1637 nomen

570 1662 627 1715 in
680 1662 896 1735 liturgia
952 1668 1278 1721 memorari:
1305 1669 1622 1723 necessario
1661 1669 1880 1739 quidem
1918 1670 2150 1740 permit-

559 1756 782 1810 tendum
820 1766 991 1811 estut
1019 1758 1091 1812 ibi
1126 1760 1410 1828 psallatur,
1466 1776 1576 1816 non
1622 1771 1804 1817 autem
1838 1771 1898 1816 ut
1928 1762 2145 1834 liturgia

556 1848 901 1916 celebretur;
933 1851 1079 1919 quod
1108 1851 1153 1905 si
1189 1851 1424 1906 obtineri
1466 1862 1652 1922 potest
1697 1863 1759 1908 ut
1787 1869 1905 1909 mos
1929 1854 2020 1909 ille
2051 1870 2140 1909 re-

555 1937 849 2005 scindatur,
897 1942 1060 1995 etiam
1090 1942 1303 2013 liturgia
1334 1943 1606 1999 obeunda.

625 2030 863 2099 Quarta;
893 2033 936 2087 si
972 2033 1043 2087 sit
1069 2034 1310 2089 Ecclesia
1351 2035 1405 2088 in
1435 2051 1540 2106 qua
1570 2036 1880 2092 sacrificans
1928 2039 2148 2095 haereti-

551 2134 675 2172 cum
700 2133 1106 2188 commemoret,
1150 2124 1453 2194 habeatque
1484 2127 1819 2183 ortlrodoxus
1868 2130 2144 2185 sacriﬁca-

553 2210 755 2265 torium
784 2213 1178 2269 sanctiﬁcatum
1212 2215 1267 2269 in
1298 2215 1529 2271 sindone
1555 2217 1639 2271 vel
1660 2218 1716 2271 in
1738 2220 2014 2274 asseribus
2038 2237 2052 2287 ;
2076 2236 2145 2276 an

550 2303 806 2357 convenit
827 2305 953 2358 illud
983 2304 1035 2359 in
1066 2306 1256 2360 eadem
1280 2307 1405 2376 poni
1432 2308 1694 2373 Ecclesia,
1719 2326 1829 2363 non
1870 2320 2145 2380 praesente

551 2392 643 2446 illo
663 2395 752 2462 qui
779 2406 1188 2459 commemorat,
1216 2398 1272 2451 in
1326 2412 1499 2467 eoque
1526 2399 1833 2455 sacrificare
1878 2403 2143 2458 orthodo-

554 2499 682 2537 xum
714 2485 736 2538 ?
770 2484 889 2539 Non
941 2488 1197 2541 convenit
1228 2505 1243 2553 ;
1277 2488 1373 2542 sed
1412 2490 1611 2559 potius,
1665 2506 1732 2545 ex
1784 2494 2132 2559 necessitate,

553 2575 610 2628 in
642 2579 919 2631 communi
951 2578 1134 2646 domo,
1160 2579 1374 2635 delecto
1403 2583 1657 2652 quopiam
1684 2584 1974 2640 mundiore
1994 2586 2136 2641 loco.

625 2751 827 2817 Quinta
858 2772 873 2820 ;
904 2754 947 2808 si
1001 2757 1283 2829 contingat
1316 2759 1369 2813 in
1415 2759 1608 2816 itinere
1646 2763 2005 2819 orthodoxum
2042 2780 2137 2821 vo-

553 2842 671 2900 cari
717 2859 746 2898 a
779 2847 1065 2900 sacerdote
1098 2850 1355 2918 quopiam
1407 2853 1488 2907 vcl
1530 2853 1665 2908 laico
1708 2855 1776 2909 ad
1808 2857 2138 2923 convivium,

553 2940 610 2984 et
642 2940 855 3000 tempus
878 2932 949 2987 sit
980 2934 1295 3002 psalmodia:
1327 2954 1341 3002 ;
1368 2940 1640 3007 quomodo
1668 2940 1794 2996 licet
1824 2942 2136 2999 interesse?

554 3022 691 3085 Dixi,
728 3034 783 3077 et
814 3024 1011 3079 iterum
1033 3026 1155 3081 dico
1181 3045 1195 3095 ;
1224 3029 1418 3085 hieresi
1453 3032 1755 3101 obtinente,
1796 3050 1899 3091 nec
1930 3036 2137 3093 distur-

557 3115 689 3169 bata'
713 3131 812 3185 per
837 3116 1113 3187 Synodum
1139 3121 1516 3189 orthodoxam,
1550 3141 1773 3181 necesse
1796 3138 1879 3182 est
1906 3128 2136 3183 interro-

558 3226 684 3279 gare
715 3221 826 3265 tum
861 3214 914 3266 in
946 3215 1127 3268 divina
1164 3217 1598 3286 participatione,
1628 3228 1739 3274 tum
1763 3221 1817 3274 in
1850 3222 2129 3276 communi
2163 3193 2207 3253 Ο

558 3304 856 3358 convictu:
888 3320 988 3359 nec
1024 3307 1195 3360 ullum
1250 3309 1314 3363 ad
1354 3309 1469 3364 huic
1526 3320 1740 3381 tempus
1801 3313 2144 3383 intempesti-

557 3411 685 3450 vum
718 3407 800 3451 est
828 3438 843 3463 ,
877 3414 980 3454 nec
1034 3400 1228 3469 pudori
1286 3402 1458 3458 locus.
1511 3405 1652 3475 Ergo
1693 3412 1749 3457 ut
1780 3421 1973 3475 panem
2014 3409 2141 3476 quis

562 3488 887 3556 simpliciter
910 3492 1139 3562 accipiat
1168 3510 1196 3548 a
1223 3510 1571 3565 quocunque,
1588 3497 1935 3567 interrogatio
1954 3514 2142 3554 neces-

565 3582 707 3633 saria
762 3597 873 3637 non
924 3596 1050 3648 est;
1088 3601 1266 3656 neque
1319 3595 1379 3641 ut
1424 3588 1567 3657 apud
1630 3589 1784 3643 illum
1844 3592 2138 3659 convivari,

560 3673 786 3727 scorsim
820 3675 1071 3739 fortasse,
1105 3689 1158 3732 et
1202 3680 1442 3736 dormire
1480 3681 1661 3747 liceat,
1696 3683 1743 3736 si
1794 3692 1921 3739 ante
1952 3687 2143 3741 convi-

557 3768 680 3814 ctus
710 3777 819 3815 non
851 3772 935 3817 est
966 3765 1187 3821 limresis
1232 3777 1326 3821 aut
1355 3769 1633 3837 nequitiae.
1679 3772 1753 3825 De
1808 3774 2021 3829 caeteris
2042 3791 2143 3829 au-

558 3859 669 3904 tem
702 3854 1007 3908 necessario
1035 3856 1502 3926 interrogandum.

634 3942 793 3999 Sexta
826 3963 840 4011 ;
875 3955 1056 4001 utrum
1084 3949 1136 4001 in
1171 3950 1405 4004 decursu
1436 3950 1651 4005 itineris
1679 3950 1842 4007 liceat
1872 3954 2140 4010 orthodo-

564 4048 651 4097 κο,
685 4036 727 4089 si
762 4035 1054 4092 Ecclesiam
1103 4040 1221 4095 vico
1271 4042 1352 4095 vel
1394 4042 1514 4096 urbi
1550 4043 1787 4099 vicinam
1820 4045 2135 4115 offenderit,

560 4127 631 4179 ibi
678 4142 853 4193 orare,
892 4139 987 4183 aut
1015 4131 1201 4193 etiam,
1230 4131 1359 4185 dum
1387 4132 1648 4189 laicorum
1680 4138 1836 4190 tectis
1876 4138 1953 4191 uti
1984 4138 2135 4204 vitat,

559 4218 615 4270 in
649 4233 712 4272 ea
743 4219 1009 4274 diversari
1040 4221 1062 4274 ?
1093 4220 1160 4276 Et
1213 4224 1479 4278 orandum
1526 4224 1582 4279 in
1614 4225 1700 4279 illa
1734 4267 1749 4291 ,
1782 4236 1837 4281 et
1865 4227 2141 4283 diverten-

563 4307 696 4361 dum
721 4350 734 4375 ,
767 4309 811 4363 si
843 4311 957 4364 sola
990 4313 1062 4364 sit
1091 4329 1105 4365 :
1136 4312 1231 4370 sed
1260 4322 1313 4367 et
1346 4314 1401 4368 in
1430 4314 1552 4369 laici
1602 4317 1810 4372 aedibus
1841 4318 1926 4373 vel
1958 4333 2140 4375 sacer-

561 4400 723 4464 dotis,
746 4414 993 4473 urgente,
1011 4414 1070 4458 ut
1092 4405 1295 4459 dictum
1321 4416 1423 4472 est,
1441 4407 1586 4462 hora:
1613 4410 1956 4475 necessitate,
1975 4412 2141 4468 indif-

559 4491 739 4546 ferens
803 4502 888 4546 est
942 4509 1197 4560 manere,
1253 4498 1612 4570 privatimque
1672 4502 1854 4557 cibum
1899 4519 2137 4569 sumere,

559 4585 765 4652 absque
794 4583 1242 4654 interrogatione,
1276 4599 1330 4643 et
1358 4606 1479 4659 quae
1510 4593 1632 4646 usui
1672 4602 1803 4647 sunt
1835 4594 2091 4664 accipere
2123 4614 2137 4661 ;

559 4676 604 4731 si
632 4678 791 4733 modo
835 4678 885 4733 ei
912 4679 1004 4749 qui
1045 4680 1318 4751 excipitur
1351 4722 1365 4745 ,
1409 4690 1755 4753 perspectum
1800 4700 1907 4738 non
1953 4685 2043 4749 sit,
2080 4696 2141 4741 ut

560 4766 696 4830 dixi,
728 4768 896 4838 impie
915 4769 1001 4823 vel
1030 4780 1216 4824 contra
1253 4772 1399 4842 leges
1429 4772 1613 4827 vivere
1644 4788 1766 4827 eum
1789 4774 1881 4843 qui
1912 4774 2136 4845 excipit.

562 4860 726 4913 Extra
780 4860 1162 4915 necessitatem
1213 4877 1345 4916 vero
1371 4901 1386 4923 ,
1426 4877 1538 4916 non
1584 4872 1673 4917 est
1701 4863 1905 4918 bonum
1939 4873 2142 4919 temere

560 4951 685 5015 ista,
707 4965 826 5020 qua
845 4952 985 5006 dicta
1014 4961 1160 5015 sunt,
1186 4952 1473 5007 admittere
1499 4954 1620 5020 ;sed
1638 4955 1902 5010 sciscitari
1923 4966 1978 5010 et
1998 4959 2144 5027 apud

559 5040 922 5095 orthodoxum
984 5042 1290 5107 divertere,
1320 5052 1376 5097 et
1415 5046 1484 5101 ab
1526 5044 1618 5099 illo
1649 5056 2012 5101 commeatum
2041 5087 2056 5112 ,
2093 5051 2139 5105 si

558 5150 698 5205 opus
723 5149 829 5201 εει,
862 5137 1135 5208 accipere.
1167 5138 1257 5193 Sic
1292 5139 1437 5193 enim
1464 5155 1564 5209 per
1599 5151 1817 5198 sanctos
1845 5158 1975 5199 suos
1998 5160 2141 5213 pra:-

558 5227 707 5298 cepit
733 5228 1015 5283 Dominus.
1046 5229 1368 5309 Presbytero
1397 5240 1453 5285 et
1483 5233 1779 5302 praeposito
1828 5246 1978 5291 recte
2027 5252 2141 5292 res-

557 5320 799 5390 pondisti
817 5361 832 5385 ,
860 5321 1160 5390 prohibitos
1186 5336 1310 5378 esse
1342 5340 1372 5378 a
1396 5323 1701 5380 ministerio
1734 5341 1830 5381 eos
1852 5328 1946 5397 qui
1994 5343 2142 5386 nunc

556 5409 788 5465 ordinati
818 5420 948 5466 sunt
971 5412 1040 5467 ab
1062 5427 1128 5467 eo
1154 5413 1242 5483 qui
1269 5422 1519 5483 repertus
1543 5426 1644 5482 est,
1661 5418 1876 5473 etiamsi
1924 5420 2036 5488 ipse
2061 5420 2144 5475 di-

557 5512 707 5556 ceret
730 5520 743 5556 :
770 5501 905 5559 Male
933 5514 1051 5560 acta
1080 5514 1165 5560 est
1181 5507 1442 5575 synodus,
1463 5514 1519 5562 et
1538 5510 1818 5577 periimus.
1839 5510 1949 5565 Cur
1967 5512 2135 5574 enim,

556 5608 681 5647 cum
733 5593 1001 5661 fateatur,
1075 5611 1185 5651 non
1233 5596 1369 5668 fugit
1415 5600 1675 5666 exitium,
1732 5603 2043 5660 subducens
2082 5622 2141 5662 se

557 5684 626 5739 ab
650 5684 862 5752 haeresi,
889 5696 949 5741 ut
972 5689 1115 5759 apud
1138 5688 1307 5744 Deum
1331 5700 1547 5745 maneat
1572 5692 1902 5766 episc0pus?
1932 5712 1994 5753 ac
2026 5707 2138 5752 sta-

558 5777 654 5833 tim
692 5780 1056 5851 acccptabiles
1091 5790 1253 5839 erunt
1290 5782 1408 5855 ejus
1448 5784 1834 5844 ordinationes.
1870 5790 1978 5844 Aut
2019 5806 2133 5855 cur,

1660 370 1663 372 ’
1749 375 1811 436 S.
1845 373 2241 436 THEODORI
2284 374 2636 437 STUDITE

2166 4543 2219 4602 D

3692 364 3851 431 1056

2346 488 2392 540 Η
2441 486 2706 557 δευτέρα·
2760 482 2887 555 περὶ
2941 480 3290 552 φιλοχρίστου
3339 477 3849 550 προσκαλουμένου

2253 581 2333 644 εἰς
2376 580 2439 633 τὸ
2485 579 2771 649 εὐκτήριον
2808 574 2974 630 αὑτοῦ
3006 573 3234 639 ποιῆσαι
3275 569 3602 640 παννυχίδα·
3646 570 3751 623 καὶ
3794 570 3851 621 εί

2250 671 2331 725 δεῖ
2368 672 2426 723 έν
2470 669 2623 740 αὐτῷ
2659 667 3065 739 λειτουργῆσαι·
3117 663 3212 716 καὶ
3251 662 3371 730 μεθ’
3409 654 3483 715 ὧν
3517 661 3654 731 χρή.
3700 658 3851 711 Ὑπ·

2251 762 2563 826 ἀκουστέον,
2606 760 2703 814 καὶ
2754 759 2911 822 ἰτέον,
2966 757 3060 810 καὶ
3104 752 3446 824 συμψαλτέον
3492 750 3750 820 δηλονότι
3797 749 3853 800 εί

2250 852 2531 926 όρθόδοξος
2562 854 2590 906 ὁ
2620 848 3100 924 προσκαλούμενος
3125 847 3221 899 καὶ
3246 845 3295 898 oi
3321 840 3853 932 ψαλτιρδοὶρμλαὴ

2252 949 2469 1016 τόμενοι
2489 945 2791 1015 ἀμφότεροι
2820 942 2918 1012 τῆς
2938 939 3047 993 τῶν
3074 936 3367 1010 αίρετικῶν
3391 930 3707 995 κοινωνίας.
3726 930 3855 984 Καὶ

2255 1039 2363 1108 μὴν
2394 1039 2491 1091 καὶ
2528 1032 2944 1104 λειτουργητέον
2971 1031 3030 1084 tv
3058 1028 3139 1099 τῷ
3168 1025 3472 1097 εὐκτηρίῳ,
3518 1024 3573 1077 εἰ
3599 1040 3669 1092 γε
3698 1024 3854 1091 ὁμο-

2251 1127 2438 1196 λογοίη
2480 1128 2507 1179 ὁ
2552 1126 2822 1195 κατέχων,
2858 1121 3060 1194 μηκέτι
3106 1120 3213 1174 ὑπὸ
3244 1115 3521 1189 αῖρετικοῦ
3564 1114 3708 1170 αὐτὸ
3734 1114 3854 1166 λει-

2250 1218 2620 1290 τουργεῖσθαι.
2672 1217 3008 1288 Προείρηται
3060 1212 3173 1283 γὰρ
3220 1211 3519 1278 ἀναγκαῖον
3573 1204 3720 1260 εἶναι
3781 1204 3854 1259 τὸ

2251 1311 2535 1381 ἐπερωτᾷν
2562 1311 2618 1363 ὲν
2650 1310 2785 1362 πᾶσι
2809 1307 2897 1359 διὰ
2929 1304 3028 1376 τὴν
3058 1302 3337 1357 λυττῶσαν
3361 1302 3596 1373 αἰρεσιν.

2335 1404 2398 1456 Ἢ
2442 1403 2636 1473 τρίτη·
2690 1402 2740 1452 εί
2778 1398 2933 1452 λάϐοι
2974 1412 3059 1459 τις
3106 1395 3261 1467 παρά
3298 1408 3445 1457 τινος
3494 1391 3853 1462 Ἐκκλησίαν

2250 1494 2552 1566 ὀρθέδοξος,
2589 1492 2705 1544 ἔστι
2733 1490 2790 1543 δὲ
2824 1477 3087 1559 συνήθεια
3118 1484 3215 1540 τοῦ
3248 1485 3373 1539 κατ’
3401 1483 3653 1537 ἐνιαυτὸν
3686 1479 3851 1545 ﬁmi

2250 1587 2284 1657 ἢ
2323 1586 2403 1649 δὶς
2434 1582 2824 1653 συνηθροῖσθαι
2854 1582 2913 1633 ὲν
2943 1580 3081 1651 αὐτῇ
3111 1578 3260 1643 λαὸν,
3281 1576 3378 1631 καὶ
3404 1576 3463 1629 έν
3489 1578 3559 1646 τῇ
3588 1575 3853 1641 λειτουρ-

2250 1678 2346 1748 γίᾳ
2370 1672 2743 1745 ἀναφέρεσθαι
2773 1671 2863 1725 τδν
2894 1670 3196 1742 αἱρετικὸν·
3228 1666 3324 1721 τοῦ
3358 1667 3456 1738 μὶν
3481 1665 3714 1737 ψάλλειν
3744 1663 3848 1717 ικ-

2250 1772 2363 1822 εῖσε
2392 1767 2532 1822 κατὰ
2553 1767 2800 1834 ἀνάγκην
2826 1761 3242 1833 συγχωρητέον·
3276 1760 3613 1831 λειτουργεῖν
3635 1756 3721 1818 δὲ,
3748 1754 3846 1808 οῦ.

2256 1861 2319 1915 Εί
2365 1861 2424 1914 δὲ
2472 1859 2702 1913 δυνατὸν
2730 1855 3059 1925 διακοπῆναι
3086 1854 3189 1923 τὴν
3234 1849 3548 1923 συνήθειαν,
3593 1848 3696 1903 καὶ
3725 1847 3848 1900 λιι-

2252 1970 2345 2007 του
2354 1953 2600 2024 ργητέον.

2339 2045 2402 2097 Ἦ
2434 2043 2702 2114 τετάρτη·
2738 2040 2787 2093 εί
2826 2036 3125 2109 Ἐκκλησία
3155 2035 3305 2089 ἐστὶν
3333 2032 3421 2103 ἐφ’
3460 2025 3550 2105 ᾖό
3585 2031 3846 2101 λειτουρ-

2252 2135 2366 2205 γῶν
2398 2135 2661 2205 ἀναφέρει
2695 2133 2786 2187 τὸν
2818 2130 3098 2203 αίρετικόν
3116 2144 3130 2160 ·
3158 2125 3274 2197 ἔχει
3292 2124 3398 2179 δδό
3426 2120 3711 2194 όρθόδοξος
3739 2119 3844 2174 θυ-

2252 2230 2569 2298 σιαστήριον
2603 2222 3050 2294 καθηγιασμένον
3086 2220 3145 2272 έν
3175 2216 3411 2283 σινδόνι,
3454 2214 3489 2285 ἢ
3522 2215 3583 2267 ὲν
3616 2212 3805 2266 σανίσι
3826 2228 3840 2241 ·

2250 2319 2521 2391 προσήκει
2546 2316 2677 2370 αὐτὸ
2712 2313 2938 2383 τεθῆναι
2990 2312 3049 2365 ἐν
3089 2312 3156 2380 τῇ
3195 2309 3336 2379 αὐτῇ
3382 2304 3714 2375 Ἐκκλησία,
3759 2303 3840 2373 μὴ

2249 2412 2521 2479 παρόντος
2548 2405 2641 2459 τοῦ
2674 2403 3062 2473 ἀναφέροντος,
3085 2400 3182 2453 καὶ
3205 2401 3264 2452 ὲν
3289 2395 3440 2466 αὐτῷ
3477 2394 3840 2460 συλλειτουρ-

2248 2502 2417 2569 γῆσαι
2438 2500 2529 2550 τὸν
2552 2494 2860 2567 όρθόδοεον;
2891 2493 2951 2547 οὐ
2984 2492 3254 2563 προσήκει
3276 2530 3290 2555 ,
3318 2486 3454 2542 ἀλλά
3477 2485 3683 2555 μᾶλλον
3708 2483 3839 2538 κατ’

2247 2591 2496 2660 ἀνάγκην
2525 2590 2585 2641 ὲν
2613 2586 2780 2658 κοινῷ
2806 2585 2964 2657 οἴκῳ,
3017 2580 3395 2651 ὲκλελεγμένῳ
3419 2577 3528 2631 τινὶ
3574 2577 3840 2647 καθαρω-

2245 2685 2302 2738 τέ
2314 2700 2389 2754 ρῳ
2431 2682 2605 2752 τόπῳ.

2328 2777 2391 2828 Ἢ
2420 2777 2647 2846 πέμπτη
2672 2792 2685 2804 ·
2734 2775 2784 2825 εί
2818 2765 3087 2825 καθ”όδὺν
3112 2766 3264 2836 τύχοι
3295 2763 3581 2836 ὁρθόδοξον
3610 2762 3718 2815 ὑπό
3746 2776 3839 2812 τι-

2244 2883 2332 2929 νος
2359 2865 2657 2935 ἱερωμένου
2685 2864 2717 2934 ἢ
2749 2858 2939 2916 λαῖκοῦ
2973 2856 3385 2930 προσκληθῆναι
3415 2857 3493 2917 είς
3535 2850 3836 2907 συνεστία-

2245 2974 2348 3011 σιν·
2382 2958 2469 3026 εἴη
2502 2957 2557 3009 δὲ
2580 2954 2770 3025 καιρὸς
2795 2950 3115 3023 ψαλμῳδίας
3137 2965 3150 2978 ·
3172 2949 3289 3010 πῶς
3307 2947 3421 3001 ἔστι
3437 2942 3787 3012 διαγενέσθαι
3815 2957 3833 3008 ;

2243 3045 2415 3112 εἷπον,
2449 3047 2545 3100 καὶ
2577 3045 2737 3099 πάλιν
2767 3044 2912 3113 λέγω
2931 3059 2946 3074 ·
2974 3042 3237 3113 αἱρέσεως
3268 3036 3703 3108 ἐπικρατούσης,
3730 3035 3834 3087 καὶ

2245 3138 2321 3209 μὴ
2354 3135 2793 3205 καταϐληθείσης
2826 3134 2892 3187 δι’
2923 3130 3211 3203 ὀρθοδόξου
3247 3128 3487 3192 συνόδου,
3523 3124 3833 3193 ἀναγκαῖον

2248 3232 2309 3284 τὸ
2363 3230 2651 3300 διερωτᾷν,
2714 3227 2805 3280 ὲπί
2853 3243 2912 3279 τε
2963 3226 3062 3293 τῆς
3104 3223 3252 3285 θείας
3306 3219 3684 3290 μεταλήψεως,
3734 3217 3834 3270 καὶ

2251 3323 2442 3391 κοινῆς
2494 3320 2825 3380 ἑστιάσεως·
2880 3317 2976 3370 καὶ
3019 3314 3193 3376 οὐδεὶς
3242 3312 3436 3383 καιρὸς
3474 3311 3612 3380 πρὸς
3653 3306 3832 3362 ταῦτα

2249 3412 2431 3477 αἰδοῦς
2480 3412 2575 3465 καὶ
2622 3410 2852 3481 ἀωρίας.
2900 3407 3099 3461 Λαὸεῖν
3135 3405 3235 3475 μὲν
3280 3405 3389 3475 γὰρ
3428 3404 3597 3473 ἄρτον
3640 3400 3832 3462 ἁπλῶς

2250 3503 2402 3574 παρὰ
2421 3500 2515 3556 τοῦ
2540 3501 2818 3572 τυχόντος,
2846 3499 2947 3553 οὐκ
2981 3499 3280 3567 ἀναγκαῖον
3310 3497 3390 3557 είς
3418 3494 3709 3564 ἐρώτησιν·
3734 3490 3831 3543 καὶ

2252 3597 2383 3669 παρ’
2413 3596 2563 3667 αὐτῷ
2589 3593 2926 3666 ὲστιαθῆναι,
2957 3591 3274 3661 καταμόνας
3306 3587 3490 3657 τυχὸν,
3524 3586 3619 3638 καὶ
3646 3600 3832 3636 κοιτα-

2253 3690 2484 3758 σθῆναι,
2520 3691 2570 3741 εί
2606 3690 2750 3758 μήγε
2790 3681 3244 3757 προεγνωσμένος
3278 3679 3427 3733 ἐστὶν
3453 3680 3513 3731 ὲν
3550 3675 3763 3747 αἱρέσει
3794 3674 3826 3745 ῆ

2251 3777 2441 3847 κακίᾳ.
2474 3777 2612 3845 Περὶ
2656 3774 2712 3827 δὲ
2739 3772 2849 3826 τῶν
2882 3772 3086 3825 λοιπῶν
3118 3769 3178 3835 ἐξ
3211 3768 3455 3839 ἀνάγκης
3494 3766 3825 3837 ὲρωτητέον.

2330 3958 2396 4011 Ἦ
2450 3957 2617 4027 ἕκτη·
2675 3957 2725 4009 εί
2781 3953 2924 4010 κατὰ
2978 3953 3213 4026 πάροδον
3264 3950 3496 4023 εὑρόντα
3542 3946 3825 4017 ὀρθόδοξον

2220 4108 2237 4119 ,
2261 4049 2589 4121 Ἐκκλησίαν
2618 4046 3027 4118 πλησιάζουσαν
3061 4046 3224 4117 κώμῃ
3255 4044 3485 4116 ἣπόλει,
3518 4042 3640 4096 δέον
3663 4040 3823 4094 αὐτὸν

2248 4142 2510 4208 εὔξασθαι
2542 4144 2679 4205 ἐκεῖ,
2710 4142 2743 4212 ἢ
2774 4141 2869 4194 καὶ
2895 4137 3223 4203 καταλῦσαι,
3265 4136 3537 4205 φεύγοντα
3566 4134 3818 4203 ὑφέστιον

2247 4233 2502 4303 γενέσθαι
2524 4232 2731 4295 λαῖκοῖς
2758 4249 2772 4297 ;
2806 4232 2916 4285 Καὶ
2937 4230 3182 4294 εὐκτέον,
3209 4228 3303 4282 καὶ
3335 4226 3689 4286 καταλυτέον,
3706 4224 3820 4292 εῖγε

2253 4326 2389 4396 μόνη
2412 4325 2561 4378 ἐστίν
2579 4343 2592 4355 ·
2613 4324 2750 4378 ἀλλά
2767 4324 2861 4378 καὶ⁵
2887 4325 2965 4385 εἰς
2990 4322 3167 4375 οἰκίαν
3193 4319 3406 4384 λαῖκοῡ,
3432 4319 3465 4389 ἢ
3491 4317 3811 4389 ἱερωμένου,

2248 4420 2324 4482 ὡς
2362 4417 2579 4488 εἴρηται
2622 4414 3059 4485 κατεπειγούσης
3104 4412 3413 4481 ἀναγκαίας
3445 4411 3594 4480 ὥρας
3617 4447 3633 4472 ,
3667 4410 3813 4462 ἀδιά-

2250 4510 2419 4579 φορόν
2447 4510 2563 4561 ἐστι
2601 4510 2799 4577 μεῖναι,
2833 4506 2927 4559 καὶ
2957 4505 3272 4575 ἑπιαθῆναι
3303 4502 3425 4557 καθ’
3452 4503 3667 4566 ἑαυτὸν,
3691 4500 3815 4554 ἄνευ

2243 4601 2598 4671 ἐρωτήσεως·
2650 4599 2746 4651 καὶ
2787 4598 2971 4652 λαϐεῖν
3000 4597 3069 4650 τὰ
3103 4596 3239 4667 πρὸς
3288 4597 3508 4666 χρείαν·
3556 4597 3703 4663 εῖγε,
3742 4594 3816 4657 ὡς

2243 4686 2420 4758 εἶπον,
2475 4690 2550 4761 μὴ
2598 4690 2683 4760 είη
2734 4692 2761 4741 6
2795 4688 3193 4759 ὑποδεχόμενος
3256 4688 3706 4758 προεγνωσμένος
3740 4684 3816 4755 τῷ

2244 4781 2600 4853 ὑποδεχθέντι
2632 4779 2845 4834 ἀσεϐῶν
2874 4779 2908 4848 ἢ
2933 4780 3177 4848 ἀνόμων.
3206 4777 3352 4848 Πλὴν
3375 4777 3432 4830 δὲ
3460 4777 3730 4845 ἀνάγκης,
3751 4777 3812 4829 ού

2244 4872 2407 4926 καλὸν
2441 4871 2517 4935 ὡς
2550 4871 2711 4941 έτυχε
2736 4872 2804 4924 τὰ
2834 4870 3219 4941 προρρηθέντα
3246 4867 3679 4934 καταδέξασθαι·
3702 4868 3812 4923 ἀλλ’

2244 4964 2479 5034 ἐρωτᾷν,
2529 4964 2625 5016 καὶ
2670 4962 2821 5033 παρά
2849 4960 2927 5031 τῷ
2954 4961 3223 5031 ὀρθοδόξῳ
3267 4960 3555 5014 καταλύειν
3577 4976 3592 4991 ·
3633 4960 3729 5013 καὶ
3763 4959 3811 5012 εί

2243 5057 2423 5128 χρεία,
2473 5056 2605 5127 παρ’
2641 5056 2805 5108 αὑτοῦ
2838 5054 3026 5122 ἐφόδια
3056 5054 3232 5125 αῖρειν
3256 5070 3268 5084 ·
3306 5051 3449 5105 οὕτω
3481 5052 3587 5121 γὰρ
3640 5054 3668 5104 6
3704 5050 3810 5105 Κύ-

2247 5167 2361 5221 ριος
2395 5148 2701 5202 ἐντέλλεται
2744 5147 2832 5200 διά
2862 5147 2971 5200 τῶν
3013 5146 3184 5214 ἁγίων
3220 5146 3407 5199 αὐτοῦ,
3455 5142 3547 5213 Τῷ
3572 5143 3808 5215 πρεσϐυ-

2241 5242 2386 5312 τέρῳ
2411 5241 2504 5293 καὶ
2530 5239 2821 5309 ἡγουμένῳ
2851 5236 3030 5299 καλῶς
3055 5234 3379 5306 ἀπεκρίθης,
3410 5232 3692 5305 εἱρχθῆναι
3715 5234 3807 5304 τῆς

2242 5331 2584 5403 λειτουργίας
2620 5334 2746 5393 τοὺς
2789 5329 2908 5383 νυνὶ
2934 5327 3410 5399 χειροτονηθέντας
3439 5327 3545 5379 ὑπὸ
3589 5325 3683 5378 τοῦ
3721 5326 3807 5378 εὑ-

2246 5425 2520 5497 ρεθέντος,
2559 5422 2807 5490 λέγοντος
2854 5420 2912 5473 δὲ
2946 5421 3119 5489 ὅμως,
3164 5419 3247 5471 ὅτι
3291 5415 3476 5480 κακῶς
3521 5414 3734 5483 ἐγένετο
3773 5416 3804 5486 ή

2246 5514 2479 5578 σύνοδος,
2528 5512 2622 5565 καὶ
2650 5508 3031 5580 ἀπολώλαμεν.
3080 5508 3178 5561 Διά
3204 5508 3258 5559 τί
3293 5510 3401 5575 γὰρ
3445 5505 3721 5576 ὁμολογῶν
3748 5504 3803 5558 οὐ

2244 5605 2435 5676 φεύγει
2468 5606 2565 5676 τὴν
2597 5604 2899 5666 ἀπώλειαν,
2946 5601 3270 5655 διαστέλλων
3311 5598 3505 5651 ἑαυτὸν
3534 5596 3639 5666 τῆς
3667 5594 3807 5667 αἰρέο

2246 5715 2403 5763 σεως,
2433 5697 2519 5750 ἵνα
2553 5698 2687 5769 μένῃ
2723 5695 2877 5768 παρά
2902 5694 3021 5766 Θεῷ
3064 5694 3393 5758 ἐπίσκοποςς
3428 5692 3525 5745 καὶ
3550 5692 3691 5744 είσὶν
3719 5691 3805 5743 αύ-

2246 5789 2337 5844 τοῦ
2372 5789 2561 5843 δεκταὶ
2585 5791 2640 5844 αἱ
2675 5789 2998 5864 χειροτονίαι
3033 5785 3251 5843 αὐτίκα.
3287 5784 3358 5841 Ἦ
3384 5782 3471 5839 διὰ
3507 5784 3559 5837 τί
3592 5794 3802 5849 προκει-
