4008 6318
184 375 318 444 1057

1395 382 1930 446 EPISTOLARUM
1967 386 2112 447 LIB.
2154 388 2204 448 Ι.

3296 390 3430 456 1058

179 494 349 564 μένης
393 491 492 562 τῆς
537 491 842 562 αἱρέσεως,
895 491 975 555 είς
1013 492 1350 564 χειροτονίαν
1385 496 1414 548 6
1440 495 1755 566 -ήγούμενος

1871 509 2135 567 ποειοηιε
2165 500 2391 568 haeresi,
2433 501 2500 556 ad
2547 499 2944 558 ordinationem
2969 501 3280 560 haereticam
3315 507 3429 561 fra-

176 586 462 655 προήγαγε
481 584 607 645 τοὺς
641 583 906 652 ἀδελφοὺς
925 584 1243 656 αίρετικήν;
1293 586 1362 640 ἂν
1393 581 1488 641 οὖν
1517 589 1546 641 6
1573 604 1756 659 χειρο-

173 679 407 747 τονήσας
435 674 714 746 ὤρθωσεν,
746 671 814 746 ἦν
840 676 1024 739 αὐτοῖς
1052 675 1215 748 εὐθὴς
1246 678 1575 750 ἱερουργεὶνο
1603 679 1765 745 δντος

174 769 234 822 δέ
267 769 326 821 ἐν
351 770 418 839 τῇ
452 768 663 838 αἱρέσει
695 767 781 821 διὰ
804 767 899 821 τοῦ
933 769 1226 839 ἀναφέρειν
1251 768 1415 823 αὐτὸν
1449 770 1753 842 αἱρετικὸν,

174 859 280 912 κᾶν
307 858 367 911 τὸ
395 858 649 929 φρόνημα
680 857 829 927 λέγοι
860 859 1004 929 ἔχειν
1048 859 1229 928 ὑγιές·
1264 861 1364 930 οὐχ
1392 854 1506 914 οἷόν
1550 879 1611 915 τε
1660 861 1756 926 οὓς

172 953 474 1022 χειροτονεῖ
500 953 564 1022 τῇ
589 950 818 1023 ἀληθείᾳ
848 945 986 1004 εἶναι
1016 950 1362 1023 λειτουργοὺς
1391 952 1548 1009 Θεοῦ.
1590 955 1654 1008 El
1695 955 1753 1008 δὲ

175 1041 397 1111 πνεῦμα
427 1041 593 1112 ζήλου
627 1041 762 1095 Θεοῦ
789 1041 996 1112 ἀνῆψεν
1027 1042 1086 1096 ἐν
1108 1042 1188 1114 τῷ
1212 1043 1634 1116 καθηγουμένῳ,
1661 1047 1758 1100 καὶ

174 1136 538 1205 προθυμεῖται
564 1135 856 1205 ὁμολογίας
886 1137 1149 1205 στέφανον
1173 1137 1550 1208 ἀναδήσασθαι
1573 1153 1589 1170 ο
1621 1138 1757 1209 μηδὲ

173 1229 560 1301 λειτουργεὶτω
586 1230 644 1281 ἐν
674 1233 742 1300 τῇ
772 1229 864 1282 ὑπ’
889 1229 1054 1284 αὑτοῦ
1085 1229 1531 1302 ἐνθρονιασθεὶσῃ
1555 1232 1758 1302 ἐκκλη-

175 1318 293 1389 σίᾳο
355 1321 494 1390 μήτε
549 1317 870 1391 ἀναφερέτω
923 1319 1084 1374 αὐτὸν
1143 1319 1219 1383 ὡς
1268 1320 1592 1376 ἐπίσκοπον.
1645 1323 1757 1376 Καὶ

177 1413 452 1483 μακάριος
504 1404 661 1474 οὗτος
692 1451 706 1475 ,
759 1411 970 1465 πολλῶν
1023 1412 1119 1465 καὶ
1175 1411 1352 1468 ἄλλων
1401 1415 1757 1487 παράδειγμα

175 1502 456 1575 σωτηρίας
482 1503 792 1572 γενόμενος.

245 1593 510 1657 Τεθέντος
554 1591 612 1644 δέ
655 1591 1044 1661 θυσιαστηρίου
1092 1592 1152 1645 ἐν
1185 1593 1250 1662 τῇ
1297 1591 1434 1663 αὐτῇ
1467 1593 1755 1666 ἐκκλησίᾳ,

173 1687 329 1740 οὐδὲν
368 1686 428 1739 τὸ
456 1684 666 1740 κωλῦον
690 1684 1022 1756 λειτουργεῖν
1052 1686 1252 1740 ἐκεῖσε.
1292 1687 1357 1739 Ὅ
1387 1685 1443 1740 δέ
1470 1703 1538 1756 με
1567 1685 1756 1743 ἔλαθεν

174 1780 434 1852 ἀνωτέρω
496 1775 771 1848 σημάναι,
833 1777 1222 1847 μνησθήσομαι
1303 1777 1570 1832 ἐνταῦθα’
1631 1779 1754 1844 ὅτι,

1858 598 1970 646 tres
2001 591 2256 661 produxit
2281 593 2638 664 praepositus?
2687 592 2744 649 Si
2766 609 2894 666 ergo
2918 595 2964 651 is
3014 597 3110 670 qui
3159 598 3432 654 ordinavit

1857 691 2005 739 recte
2023 682 2172 752 fecit,
2202 686 2510 742 ministrare
2533 687 2713 743 statim
2741 696 3038 758 potuerunt
3061 691 3188 747 :sed
3205 707 3330 747 cum
3361 694 3433 750 sit

1858 770 2149 832 hmreticus
2175 817 2190 843 ,
2220 791 2287 832 eo
2318 779 2464 848 quod
2515 779 2832 835 haereticum
2870 781 2987 851 ipse
3015 794 3429 847 commemorat,
3463 814 3468 820 -

1858 868 2074 923 tametsi
2101 885 2292 924 sanum
2319 885 2377 925 se
2399 871 2602 926 habere
2620 887 2843 927 sensum
2867 872 3030 939 dicat,
3059 888 3170 928 non
3196 884 3434 944 possunt

1856 973 1994 1028 quos
2021 959 2235 1015 ordinat
2267 961 2324 1014 in
2374 961 2520 1016 veris
2562 960 2658 1016 Dei
2709 963 2974 1018 ministris
3005 964 3240 1020 censeri.
3274 965 3431 1031 Quod

1858 1049 1903 1105 si
1929 1049 2152 1120 spiritus
2181 1050 2281 1105 zeli
2339 1051 2511 1107 divini
2544 1054 2747 1108 exarsit
2782 1053 2836 1108 in
2861 1056 3154 1124 praeposito
3175 1095 3193 1122 ,
3224 1063 3432 1111 etcon-

1856 1137 2110 1196 fessionis
2138 1156 2393 1196 coronam
2419 1142 2648 1212 adipisci
2681 1144 2864 1200 studet
2895 1160 2909 1210 ;
2946 1159 3049 1200 nec
3087 1158 3240 1200 sacra
3271 1148 3435 1202 obeat

1856 1231 1912 1285 in
1945 1231 2174 1286 ecclesia
2204 1231 2260 1285 in
2287 1247 2389 1302 qua
2423 1232 2511 1287 ille
2549 1233 2838 1303 praesidet,
2878 1249 3057 1303 neque
3099 1235 3253 1290 illum
3310 1244 3434 1292 tan-

1857 1339 2018 1393 quam
2069 1324 2386 1394 episcopum
2438 1333 2849 1380 commemoret.
2885 1326 2950 1380 Et
2978 1326 3170 1381 beatus
3216 1327 3308 1384 hic
3342 1328 3434 1400 qui

1857 1416 1975 1472 aliis
2004 1432 2220 1488 quoque
2248 1419 2434 1474 multis
2465 1418 2717 1488 exemplo
2740 1419 2808 1474 ad
2833 1419 3061 1474 salutem
3109 1419 3296 1477 fuerit.

1927 1591 2111 1649 Posito
2138 1603 2318 1648 autem
2350 1595 2405 1649 in
2437 1595 2665 1650 ecclesia
2699 1595 2786 1650 illa
2835 1598 3254 1668 sacriﬁcatorio,
3301 1599 3436 1656 nihil

1859 1694 1946 1740 est
1996 1685 2142 1754 quod
2187 1685 2296 1740 illic
2333 1687 2646 1742 ministrare
2693 1688 3000 1757 prohibeat.
3047 1691 3203 1757 Quod
3252 1703 3436 1748 autem

1858 1779 2111 1848 superius
2158 1793 2380 1833 monere
2427 1779 2646 1844 excidit,
2698 1795 2983 1852 suggeram
3013 1781 3119 1838 hoc
3163 1784 3300 1848 loco,
3343 1800 3436 1846 ne,

175 1870 371 1940 ἐπειδὴ
414 1868 563 1936 λέγει
593 1870 621 1921 6
647 1869 803 1937 ἅγιος
843 1868 1126 1930 Βασίλειος
1174 1868 1306 1938 περὶ
1348 1869 1458 1921 τῶν
1489 1869 1546 1922 ἐν
1579 1886 1759 1939 παρα-

1871 1885 1981 1925 :um
2005 1871 2072 1926 de
2099 1869 2164 1925 iis
2183 1869 2273 1940 qui
2309 1871 2361 1923 in
2397 1886 2798 1942 parasynagoga
2821 1872 3048 1927 fuerunt
3067 1873 3197 1930 dicit
3217 1884 3439 1930 sanctus

181 1963 480 2031 συναγωγῇ
510 1960 824 2030 γενομένων
850 1959 998 2024 τάδε,
1024 1960 1167 2012 ὥστε
1204 1959 1471 2024 πολλάκις
1512 1963 1604 2014 καὶ
1630 1963 1758 2024 τοὺς

176 2056 233 2106 ἐν
259 2053 458 2124 βαθμῷ
485 2052 927 2115 συναπελθόντας
959 2055 1072 2115 τοῖς
1117 2053 1537 2117 ἀνυποτάκτοις,
1569 2055 1691 2106 ἐπεὶ
1713 2053 1757 2106 δ’

175 2146 240 2198 ἂν
273 2144 754 2216 μεταμεληθῶσιν,
788 2146 870 2207 εἱς
900 2143 1000 2216 τὴν
1028 2144 1199 2215 αὐτὴν
1228 2145 1638 2216 παραδέχεσθαι
1660 2146 1758 2200 τά-

179 2239 258 2302 ξιν
283 2254 297 2268 ·
363 2239 441 2308 μὴ
501 2237 700 2291 οἰέσθω
743 2255 840 2291 σου
875 2239 908 2308 ὴ
940 2237 1200 2292 εὐλάϐεια
1247 2238 1625 2292 ἐναντιοῦσθαι
1667 2239 1760 2293 τὸν

177 2331 340 2400 λόγον
374 2331 452 2400 τῷ
487 2329 836 2400 ἀποστολικῷ
888 2328 1075 2383 κανόνι
1127 2328 1365 2397 λέγοντι.
1400 2348 1418 2380 r
1457 2328 1525 2382 Εἴ
1543 2344 1627 2392 τις
1657 2346 1759 2381 κα-

180 2424 485 2496 θῃρημένῳ
539 2424 800 2495 κληρικδς
847 2421 924 2478 ῶν
977 2423 1054 2488 ὡς
1105 2421 1355 2494 κληρικῷ
1411 2422 1759 2490 συνεύξεται,

180 2517 564 2588 καθαιρείσθω
598 2518 695 2570 καὶ
734 2517 916 2579 αὑτός.
962 2535 980 2568 ι
1027 2515 1190 2569 Ἀλλά
1218 2513 1509 2586 νομιζέτω,
1541 2515 1642 2577 ὅτι,
1687 2515 1763 2578 ῶς

177 2610 430 2680 διεκρίθη
485 2614 636 2679 παρά
690 2607 798 2660 τῶν
831 2607 1115 2678 Πατέρων,
1164 2608 1311 2668 τίνες
1358 2603 1470 2660 εἶεν
1523 2607 1764 2678 αἱρέσεις

182 2702 316 2772 πρὸς
377 2699 684 2771 σχίσματα’
740 2698 884 2752 οὕτω
941 2698 1290 2769 διακέκριται
1329 2697 1572 2768 δηλονότι
1619 2696 1764 2750 κατὰ

181 2797 278 2867 τὴν
333 2793 634 2847 ἀκόλουθον
676 2791 911 2856 ἔννοιαν,
967 2791 1050 2858 τίς
1107 2793 1256 2844 ἐστιν
1286 2790 1315 2842 6
1363 2791 1762 2860 ἀπαραιτήτως

181 2886 468 2956 καθαιρῶν
521 2883 704 2938 κανὼν
768 2883 862 2937 τὸν
914 2882 1286 2954 καθῃρημὲνῳ
1338 2883 1760 2952 συνευξάμενον,

184 2979 338 3049 παρὰ
368 2978 461 3031 τὸν
497 2979 555 3030 ἐν
587 2977 1038 3047 παρασυναγωγῇ
1091 2974 1422 3044 γενόμενον
1478 2975 1560 3027 ὅτι
1598 2975 1626 3025 6
1662 2974 1763 3044 μὲν

183 3073 338 3136 εἰδὼς
382 3072 466 3125 ὅτι
512 3068 962 3140 ὁμολογουμένως
1014 3067 1386 3139 καθῃρημένῳ
1421 3069 1761 3137 συνεύχεται,

183 3166 412 3229 εἱκότως
435 3162 636 3216 αὐτίκα
661 3160 1030 3230 καθαιρείται,
1049 3159 1363 3230 ἀδιαφόρως
1378 3157 1642 3227 ἐνεχθεὶς,
1671 3158 1764 3219 καὶ

195 3261 269 3331 μὴ
305 3254 706 3330 προσεσχηκὼς
732 3252 808 3323 τῷ
828 3253 1044 3305 κανόνι·
1076 3251 1104 3303 ὁ
1131 3250 1209 3314 δέ,
1246 3249 1320 3313 ῶς
1369 3251 1470 3303 οὐκ
1519 3248 1764 3322 οἰόμενος

186 3349 324 3408 εἶναι
377 3351 791 3422 καθῃρημένον,
835 3341 880 3416 ᾧ
931 3345 1258 3416 συναπήχθη
1316 3345 1455 3414 μετά
1505 3343 1765 3414 πλήθους,

187 3447 274 3500 ἐπ’
304 3445 397 3511 ἂν,
433 3444 587 3514 φησὶ,
623 3439 1006 3513 μεταμεληθῇ,
1041 3439 1122 3501 είς
1158 3436 1258 3508 τὴν
1294 3436 1466 3506 αὐτὴν
1524 3435 1769 3508 παραδέ-

187 3539 375 3593 δεκται
405 3536 584 3602 τάξιν.
610 3534 938 3606 Πρόσκειται
969 3531 1027 3585 δὲ
1074 3529 1171 3584 καὶ
1218 3529 1380 3583 τοῦτο
1409 3528 1677 3592 πολλάκις
1711 3527 1770 3580 ἐν

187 3632 264 3704 τῷ
292 3633 442 3703 λόγῳ
471 3629 568 3683 τοῦ
595 3628 754 3696 ἁγίου
780 3642 792 3655 ’
836 3625 978 3679 ὥστε
1014 3625 1132 3678 ἐστὶ
1171 3625 1267 3678 καὶ
1305 3621 1768 3693 μεταμελόμενον,

193 3727 266 3795 μὴ
318 3726 400 3788 εἰς
445 3721 546 3792 τὴν
580 3718 752 3789 αὐτὴν
783 3715 941 3780 τάξιν
991 3712 1426 3786 παραδεχθῆναι.
1479 3713 1589 3764 Καὶ
1619 3705 1773 3774 οὗτος

194 3815 290 3884 μὲν
320 3814 348 3866 6
380 3812 542 3880 λόγος
580 3807 950 3879 ἐνδεχομένως
980 3805 1275 3858 ἐκδέδοται.
1317 3803 1376 3855 '0
1406 3803 1463 3856 δὲ
1484 3799 1773 3856 ἀποστολι-

192 3906 284 3969 ab;
329 3903 512 3960 κανὼν
567 3900 888 3970 ἀναγκαίως
941 3897 1036 3952 καὶ
1095 3895 1517 3965 ἀπαραιτήτως.
1572 3893 1696 3945 ’Ὀτι
1746 3893 1774 3945 ὁ

191 3997 544 4068 ψευδώνυμος
572 3991 946 4066 Χριστοφόρος
978 3989 1141 4044 πάλιν
1172 3990 1252 4052 εἰς
1283 3987 1344 4042 τὸ
1368 3987 1498 4040 ἴδιον
1530 3983 1773 4056 ἐξέραμα

197 4084 561 4158 ὑπέστρεψεν,
604 4082 713 4136 οὐδ’
743 4082 882 4143 ὅλως
948 4078 1262 4150 ἐθαύμασα,
1311 4075 1472 4139 εἰδὼς
1517 4075 1681 4128 αὐτοῦ
1711 4074 1774 4127 τὸ

195 4180 430 4234 άστατον
465 4175 561 4229 καὶ
589 4173 826 4240 ἀπαγές.
860 4170 985 4225 Ὀτι
1011 4171 1065 4224 δὲ
1087 4173 1115 4224 6
1145 4168 1440 4238 Κληδόνιος
1469 4166 1608 4236 ὑπὲρ
1641 4165 1776 4235 ἀλη-

196 4270 344 4334 θείας
368 4269 504 4341 μίαν
535 4266 702 4338 μόνην
721 4264 936 4336 ἡμέραν
957 4264 1155 4334 ἧνεγκε
1175 4259 1421 4331 φυλακὴν
1444 4259 1536 4313 καὶ
1561 4257 1776 4330 πληγάς

198 4363 347 4434 παρά
372 4361 486 4415 τῶν
513 4357 751 4418 ἀσεϐῶν,
794 4357 934 4410 πάνυ
983 4354 1229 4422 ἐξέστην.
1269 4352 1432 4404 Ὥστε
1458 4352 1507 4403 εἱ
1540 4349 1647 4411 ἕως
1677 4347 1774 4400 τοῦ

197 4455 291 4508 νῦν
320 4452 578 4523 ἐπιμένει
605 4450 837 4518 δυνάμει
891 4446 1050 4511 Θεοῦ,
1099 4447 1172 4515 μὴ
1202 4443 1401 4515 ἀεργὸν
1425 4440 1654 4512 γένηταί
1694 4439 1776 4493 σοί

1860 1962 2110 2025 Basilius,
2144 1978 2522 2032 saepenumero
2551 1964 2716 2018 etiam
2741 1964 2861 2019 illos
2893 1967 2984 2034 qui
3017 1966 3070 2019 in
3097 1967 3265 2038 gradu
3287 1976 3436 2033 sunt,

1861 2053 1905 2107 si
1934 2061 2217 2123 postquam
2258 2063 2609 2110 contumaces
2656 2056 2850 2110 sectati
2898 2065 3045 2122 sunt,
3093 2058 3438 2128 resipiscam,

1861 2143 1914 2197 in
1963 2144 2216 2199 eumdem
2273 2144 2520 2201 ordinem
2572 2147 2786 2217 recipi;
2839 2148 3112 2202 existimet
3155 2147 3441 2217 prudentia

1864 2245 1974 2300 tua,
2014 2251 2315 2306 repugnare
2343 2237 2459 2292 hazc
2479 2238 2642 2292 verba
2675 2237 2885 2292 Canoni
2934 2238 3234 2308 apostolico
3257 2239 3444 2294 dicen-

1865 2329 1905 2383 ti
1931 2329 1976 2359 "
2003 2347 2016 2383 :
2057 2346 2075 2380 ι
2113 2328 2167 2382 Si
2202 2329 2324 2399 quis
2352 2331 2583 2385 clericus
2611 2346 2733 2386 cum
2767 2332 3016 2401 deposito
3048 2341 3305 2402 tanquam
3335 2332 3445 2388 cie--

1865 2421 1979 2476 rico
2009 2421 2265 2485 oraverit,
2300 2422 2606 2490 deponatur
2634 2423 2878 2493 etipse.»
2915 2421 3020 2479 Sed
3047 2431 3222 2493 putet,
3250 2439 3443 2493 quem-

1863 2513 2153 2567 admodum
2203 2512 2522 2567 distinctum
2590 2523 2675 2567 est
2703 2529 2734 2567 a
2769 2513 3038 2579 Patribus,
3064 2529 3173 2585 quo
3189 2513 3444 2569 differant

1866 2606 2104 2660 haereses
2153 2620 2183 2659 a
2226 2605 2660 2672 schismatibus;
2707 2606 2786 2662 sic
2832 2606 3021 2676 utique
3075 2614 3445 2662 consentanea

1866 2695 2223 2766 intelligentia
2275 2695 2590 2750 distinctum
2639 2711 2783 2762 esse,
2841 2697 2967 2766 quis
3017 2695 3088 2751 sit
3123 2711 3322 2761 canon,
3353 2695 3446 2766 qui

1866 2803 1990 2845 cum
2031 2789 2282 2859 deposito
2329 2797 2600 2854 orantem,
2631 2788 3039 2845 inexorabiliter
3072 2788 3298 2859 deponit
3333 2803 3448 2858 pra:

1868 2896 1935 2936 eo
1964 2879 2056 2951 qui
2089 2897 2504 2952 parasynagoga
2536 2880 2784 2935 interfuit
2809 2898 2823 2935 :
2853 2896 2919 2935 eo
2935 2879 3080 2951 quod
3107 2880 3196 2935 ille
3227 2879 3446 2950 quidem

1869 2972 2051 3028 sciens
2079 2988 2236 3027 orare
2274 2989 2460 3028 secum
2490 2988 2637 3038 eum,
2678 2988 2838 3041 quem
2875 2972 3180 3043 depositum
3206 2987 3327 3027 esse
3350 2987 3441 3041 pa-

1866 3065 1973 3120 lam
2023 3074 2128 3131 est,
2179 3066 2374 3121 merito
2430 3065 2613 3120 statim
2664 3064 2980 3135 deponitur,
3014 3067 3074 3118 ut
3104 3065 3197 3134 qui
3240 3064 3450 3133 absque

1869 3159 2192 3216 discrimine
2228 3161 2357 3231 egit,
2402 3169 2455 3215 et
2505 3159 2700 3215 canoni
2739 3159 2966 3214 minime
3010 3159 3446 3230 obtemperavit:

1870 3251 1963 3306 hic
2003 3266 2154 3313 vero,
2185 3261 2243 3306 ut
2267 3251 2359 3321 qui
2386 3267 2498 3306 non
2526 3251 2737 3321 putavit
2767 3250 3074 3321 depositum
3095 3249 3266 3304 fuisse
3295 3249 3448 3304 illum

1869 3343 1936 3398 ad
1970 3359 2133 3413 quem
2165 3358 2289 3398 cum
2320 3342 2672 3397 multitudine
2704 3342 2963 3411 abreptus
2982 3340 3104 3404 fuit,
3140 3349 3448 3410 postquam.

1871 3437 2067 3508 inquit,
2119 3435 2364 3507 resipuit,
2414 3435 2667 3490 eumdem
2718 3434 2772 3488 in
2797 3433 3021 3506 gradum
3061 3441 3146 3489 est
3172 3439 3448 3502 receptus.

1873 3529 1988 3585 lloc
2029 3545 2245 3599 quoque
2294 3530 2346 3583 in
2404 3529 2581 3583 sancti
2631 3527 2814 3582 verbis
2870 3526 3188 3597 frequenter
3207 3525 3448 3589 additur,

1875 3621 2128 3674 eumdem
2154 3622 2207 3673 in
2226 3620 2450 3690 gradum
2485 3635 2594 3673 non
2627 3619 2793 3688 recipi
2816 3619 2881 3672 ".
2907 3621 3083 3687 Atque
3114 3618 3203 3673 hic
3229 3618 3450 3687 quidem

1873 3726 2054 3766 sermo
2081 3712 2461 3780 contingenter
2490 3710 2825 3764 enuntiatur.
2883 3709 3068 3763 Canon
3101 3716 3282 3762 autem
3321 3723 3452 3778 apo-

1874 3805 2100 3859 stolicus
2121 3803 2432 3858 necessario
2462 3813 2514 3857 et
2555 3801 2986 3856 inexorabilitcr.
3020 3799 3174 3867 Quod
3202 3799 3451 3855 Christo-

1875 3895 2082 3967 phorus
2116 3895 2310 3950 falsum
2350 3910 2553 3949 nomen
2594 3896 2823 3958 habens,
2862 3894 2926 3947 ad
2963 3894 3243 3963 proprium
3277 3895 3453 3946 vomi-

1877 3996 1991 4041 tum
2017 4001 2270 4042 reversus
2299 3987 2390 4050 sit,
2422 3986 2655 4040 miratus
2685 3985 2844 4055 plane
2885 4000 2996 4039 non
3031 3998 3152 4038 sum
3179 4000 3194 4049 ;
3227 3997 3454 4054 perSpc-

1876 4089 2018 4134 ctam
2061 4078 2270 4132 habens
2315 4078 2433 4148 ejus
2474 4077 2881 4132 instabilitatem
2911 4085 2966 4131 et
3011 4074 3451 4131 inconstantiam.

1877 4171 2029 4238 Quod
2055 4187 2183 4227 vero
2208 4163 2499 4226 Cledouius
2538 4170 2697 4225 unica
2741 4177 2947 4224 tantum
2981 4169 3069 4224 die
3101 4184 3199 4239 pro
3225 4167 3456 4222 veritate

1877 4263 2183 4319 custodiam
2207 4272 2263 4318 et
2290 4264 2474 4334 plagas
2499 4263 2566 4317 ab
2600 4262 2785 4332 impiis
2817 4260 3055 4331 pertulit,
3099 4259 3458 4314 vehementer

1876 4356 2155 4426 obstupui.
2180 4355 2360 4423 Quare
2392 4355 2438 4410 si
2476 4355 2583 4409 huc
2615 4369 2788 4424 usque
2823 4351 3192 4424 perseveravit
3218 4350 3315 4406 Dei
3348 4350 3458 4405 vir-

1878 4459 2013 4515 tute,
2048 4448 2282 4504 otiosum
2326 4465 2439 4503 non
2480 4447 2664 4512 fuerit,
2702 4455 2756 4502 te
2791 4455 2847 4500 et
2880 4446 3016 4500 alios
3059 4445 3255 4500 fratres
3294 4459 3457 4513 opem

199 4565 256 4600 τε
285 4548 380 4601 καὶ
410 4546 597 4608 ἄλλοις
637 4543 912 4609 ἀδελφοῖς,
971 4540 1190 4608 ὀρέγειν
1223 4537 1370 4606 αὐτῷ
1400 4538 1580 4606 χεῖρα,
1619 4535 1765 4604 εἴπερ

1885 4543 1960 4597 illi
1998 4541 2160 4607 ferre,
2207 4541 2251 4594 si
2285 4541 2364 4595 fas
2397 4549 2501 4594 est.
2534 4537 2690 4605 Quod
2730 4539 2799 4595 ad
2827 4554 2922 4595 eos
2955 4551 3121 4610 porro
3155 4543 3366 4607 spectat
3386 4535 3458 4591 de

199 4635 308 4694 οἷόν
338 4657 419 4694 τε.
445 4639 583 4708 Περὶ
619 4636 678 4690 δὲ
714 4635 824 4688 τῶν
874 4631 1315 4704 προειρημένων,
1363 4626 1777 4698 βαπτιζομένων

201 4728 340 4796 λέγω
363 4727 675 4800 χριομένων
709 4743 770 4778 τε
795 4725 874 4794 τῷ
906 4724 1046 4792 άγὶῳ
1092 4722 1272 4793 μύρῳ,
1307 4721 1401 4774 καὶ
1443 4719 1778 4787 ἀναθεματι-

203 4821 402 4886 ζόντων
424 4819 523 4890 τὴν
554 4819 766 4889 αἵρεσιν
798 4832 810 4846 '
845 4817 942 4886 οὐχ
973 4815 1047 4878 ὡς
1089 4817 1117 4868 6
1157 4813 1302 4876 θεῖος
1347 4811 1663 4880 Ἐπιφάνιος
1691 4809 1780 4862 τέο

203 4931 332 4984 ταχε
363 4914 459 4967 καὶ
483 4911 782 4981 ἠρίθμησε,
807 4909 906 4972 τὰς
937 4909 1179 4977 αἱρέσεις
1204 4906 1478 4973 γέγραφα.
1527 4902 1667 4956 Ἀλλ’
1702 4901 1778 4966 ὡς

207 4998 364 5074 εὖρον
388 5002 850 5074 παρασημεὶωσὶν
874 5017 1019 5063 τινος
1063 4999 1172 5052 τῶν
1203 4997 1578 5067 ἀρχαιοτέρων
1624 4997 1779 5066 φιλο-

1885 4634 2084 4705 quibus
2135 4633 2265 4697 dixi,
2314 4632 2407 4702 qui
2467 4632 2813 4702 baptizantur
2867 4632 3095 4696 scilicet,
3159 4637 3460 4699 sanctoque

1885 4727 2184 4782 chrismate
2222 4734 2521 4794 unguntur,
2565 4732 2620 4778 et
2669 4723 2919 4778 haeresim
2972 4720 3456 4783 anathematizauit,

1885 4835 1997 4873 non
2023 4818 2100 4872 uti
2123 4817 2341 4872 divinus
2369 4816 2704 4886 Epiphanius
2729 4814 2999 4884 disposuit
3018 4821 3072 4867 et
3091 4811 3456 4876 enumeravit,

1888 4910 2124 4964 haereses
2141 4907 2435 4976 descripsi;
2464 4906 2559 4961 sed
2588 4906 2729 4961 sicut
2747 4906 2802 4960 in
2828 4903 3153 4974 antiquioris
3177 4902 3461 4973 cujusdam

1890 5001 2118 5056 studiosi
2144 5000 2240 5054 viri
2275 4998 2671 5055 commentario
2697 4995 2906 5062 inveni,
2938 4994 3031 5066 qui
3062 5009 3133 5049 ex
3155 4992 3464 5065 Byzantinus

209 5097 368 5150 πόνου
401 5096 619 5167 ἀνδρὸς,
648 5096 742 5147 καὶ
779 5095 842 5146 ἐκ
888 5094 987 5163 τῆς
1019 5094 1076 5145 ἐν
1118 5089 1406 5156 Βυξαντὶδι
1452 5090 1765 5161 Ἐκκλησία‹

1891 5094 2150 5150 Ecclesia:
2181 5092 2334 5148 libris
2365 5092 2649 5163 indagarat
2673 5097 2728 5147 et
2757 5097 2998 5147 eruerat.
3041 5087 3234 5144 Frater
3257 5086 3462 5159 Grego-

208 5192 305 5260 τὴν
334 5193 397 5243 ἐκ
431 5189 653 5259 βιϐλίων
683 5187 911 5256 ἔρευναν
947 5187 1043 5240 καὶ
1101 5183 1322 5255 εὕρεσιν
1377 5185 1777 5254 ποιησαμένου.

226 5283 284 5337 '0
313 5283 542 5353 ἀδελφὸς
574 5281 881 5353 Γρηγόριος
898 5279 1134 5348 γνησίως
1160 5277 1586 5348 προσαγορεύει.

283 5423 420 5478 MA'.
445 5452 512 5461 —
532 5415 845 5482 Σιλουανῷ
873 5417 969 5469 καὶ
1005 5411 1406 5482 Εὺπρεπιανῷ
1459 5413 1714 5478 τέκνοις.

900 5485 1088 5559 [ρκόἿ.

1891 5189 2007 5243 rius
2035 5188 2246 5242 sincere
2281 5185 2497 5241 salutat.

2121 5412 2256 5468 XLI.
2287 5440 2356 5452 -—
2394 5409 2607 5465 Silvano
2645 5417 2692 5460 et
2727 5405 3057 5476 Euprepiano
3087 5401 3233 5469 ﬁliis.

1146 5597 1384 5647 Arcanam
1414 5609 1505 5658 per
1528 5595 1765 5657 epistolas
1787 5594 2037 5646 scribendi
2062 5598 2305 5647 rationem
2341 5596 2509 5647 tradit.

307 5712 521 5782 Ἐπειδὴ
539 5711 684 5783 ζητῶ
700 5707 995 5781 μανθάνειν
1022 5709 1154 5779 περὶ
1169 5708 1280 5760 τῶν
1306 5706 1575 5777 ἀδελφῶν,
1600 5707 1784 5772 τέκνα,

299 5826 342 5858 ⁸³
373 5825 502 5881 Can.
538 5825 623 5881 11.
701 5825 748 5856 ⁸³
774 5824 859 5876 Ad
883 5822 1316 5894 Amphilochium,
1349 5836 1466 5874 can.
1502 5821 1590 5886 32,
1632 5821 1717 5874 5i.

1967 5708 2235 5774 Quoniam
2283 5713 2349 5766 de
2373 5707 2626 5763 fratribus
2659 5703 2798 5760 scire
2828 5718 2986 5768 aveo,
3031 5699 3146 5763 ﬁlii,
3180 5708 3234 5756 et
3270 5695 3370 5767 ipsi
3403 5695 3476 5752 de
