4008 6318
584 377 717 438 1059

1758 375 1815 429 S.
1846 364 2236 428 THEODORI
2279 366 2626 431 STUDIT/‘E

3678 369 3819 430 1060

572 483 681 534 illis
712 481 1025 549 frequenter
1076 478 1379 548 signiﬁcare
1410 477 1572 529 vultis
1606 493 1619 539 ;
1686 475 1993 527 consultum
2030 474 2141 523 lore

2247 474 2277 538 ἦ
2312 475 2405 524 καὶ
2437 476 2592 529 αὐτοὶ
2635 475 2895 537 πολλάκις
2927 474 3109 527 θέλετε
3162 472 3354 541 δηλοῦν
3401 474 3529 539 περὶ
3585 473 3771 523 αὐτῶν
3799 490 3816 504 ·

572 573 720 636 duxi,
768 572 1040 641 simulque
1079 570 1299 625 brevius
1349 578 1404 622 et
1430 567 1717 627 occultius.
1759 580 1821 618 ex
1853 563 2139 618 elementis

573 681 668 719 seu
702 665 891 736 viginti
940 672 1172 734 quatuor
1200 661 1395 716 litteris
1439 661 1558 715 illos
1611 656 1908 727 designari,
1960 668 2018 709 ut
2071 654 2140 707 sit

574 773 849 813 nimirum.

641 952 695 986 α.
734 933 908 987 Patris
940 931 1137 985 nostri.

647 1004 697 1070 β.
733 1000 1165 1071 Archiepiscopi.

645 1089 700 1139 γ.
725 1073 990 1139 Calogeri.

643 1142 691 1195 δ.
733 1141 1035 1195 Athanasii.

644 1228 693 1264 ε.
726 1209 1097 1278 Barsanuphii.

646 1281 697 1343 ζ.
727 1280 959 1333 Nicolai.

644 1368 700 1419 η.
730 1349 1044 1419 Sophrouii.

646 1418 697 1472 θ.
732 1418 1030 1488 Euthymii.

648 1508 686 1545 ι.
723 1488 1014 1543 Joannicii.

647 1575 703 1612 κ.
723 1557 1037 1611 Domitiani.

645 1628 696 1679 λ.
722 1626 1043 1683 (Ὲεοιιοηιὶ.

652 1715 710 1766 μ.
737 1696 972 1750 Arsenii.

651 1784 694 1818 ν.
730 1766 937 1820 Acacii.

645 1837 695 1900 ξ.
730 1834 949 1889 Meletii.

644 1923 690 1958 ο.
729 1904 971 1959 Luciani.

646 1993 705 2027 π.
726 1974 1040 2043 Epiphanii.

649 2061 698 2113 ρ.
728 2043 911 2113 Letoe.

647 2111 695 2165 σ.
728 2111 932 2167 Basilii.

643 2199 692 2235 τ.
728 2181 1141 2237 Euschemonis.

647 2270 697 2304 υ.
730 2252 956 2307 Silvani.

649 2338 705 2387 φ.
731 2322 1088 2393 Euprepiani.

644 2410 697 2461 χ.
726 2390 991 2461 Gregorii.

644 2464 704 2530 ψ.
730 2460 1015 2517 Eustatltii.

644 2550 710 2584 ω.
732 2530 932 2586 Meum.

648 2623 879 2689 Quando
908 2625 1073 2697 igitur
1102 2626 1156 2680 in
1184 2629 1539 2700 inscriptione
1576 2629 1793 2685 aﬂixum
1819 2636 1902 2683 est
1925 2625 2141 2697 aliquod

576 2714 929 2779 elementum.
975 2718 1262 2786 cujusnam
1309 2722 1380 2775 sit
1413 2722 1637 2792 epistola
1671 2722 1829 2791 plane
1858 2720 2096 2775 declarat
2125 2736 2141 2775 :

577 2807 725 2860 verbi
754 2808 944 2876 gratia,
965 2826 998 2861 α
1025 2808 1199 2863 Patris
1220 2813 1426 2878 nostri;
1463 2824 1520 2867 et
1543 2814 1967 2882 unumquodque
1989 2810 2143 2864 simi-

578 2894 719 2947 liter.
759 2896 985 2961 Rursus,
1032 2899 1401 2970 interrogante
1443 2916 1550 2966 me,
1589 2900 1873 2967 Quomodo
1899 2899 2039 2955 valet
2070 2897 2143 2969 βῖ

577 2986 781 3039 clarum
818 2997 901 3041 est
923 2988 1166 3059 intelligi,
1201 2991 1267 3045 de
1302 2991 1715 3062 archiepiscopo
1746 3008 1866 3046 esse
1891 2996 2146 3062 quaestio-

578 3092 723 3131 nem.
771 3078 971 3134 Eodem
1016 3082 1176 3135 modo
1218 3098 1343 3137 cum
1413 3084 1607 3139 iterum
1654 3084 1948 3157 interrogo,
1996 3084 2142 3151 Quo-

578 3168 739 3222 modo
772 3170 951 3224 valent
974 3173 1067 3240 qui
1095 3189 1220 3228 cum
1255 3174 1284 3245 β
1316 3175 1339 3228 ?
1382 3177 1729 3246 perspicuum
1757 3186 1858 3242 est,
1899 3178 2041 3245 quod
2074 3177 2141 3231 de

577 3258 645 3312 iis
670 3261 759 3327 qui
800 3276 923 3315 cum
960 3263 1049 3317 illo
1082 3274 1229 3328 sunt,
1277 3268 1348 3320 sit
1377 3267 1731 3338 interrogatio
1770 3284 1783 3332 ;
1838 3267 2140 3335 eodemque

578 3352 738 3407 modo
765 3353 819 3406 in
837 3356 1045 3408 caeteris
1062 3357 1368 3411 elementis.
1401 3358 1603 3412 Rursus
1623 3358 1723 3411 alia
1746 3357 2096 3428 interrogatio
2123 3375 2135 3411 :

577 3442 718 3507 Quid
768 3444 965 3498 auditis
997 3445 1065 3499 de
1108 3463 1148 3498 π
1178 3447 1260 3501 vel
1310 3450 1377 3501 de
1416 3464 1448 3518 ρ
1486 3448 1571 3502 vel
1612 3447 1678 3502 de
1709 3447 1747 3517 ψ
1775 3448 1798 3500 ?
1825 3448 1892 3502 ad
1932 3449 2141 3519 singula

575 3535 841 3591 elementa
866 3545 947 3593 est
976 3539 1277 3607 responsio.
1317 3539 1548 3593 Rursum
1576 3556 1760 3610 quaero
1790 3558 1802 3595 :
1844 3540 1977 3607 Quis
2008 3542 2142 3597 foris

578 3628 800 3682 advenit
832 3629 854 3682 ?
894 3631 1229 3699 respondere
1263 3647 1358 3686 vos
1388 3641 1602 3702 oportet
1630 3634 1781 3702 juxta
1809 3636 2139 3689 elementum

580 3722 663 3775 vel
690 3739 721 3791 η
752 3723 836 3775 vel
866 3740 894 3774 ο
918 3723 1001 3776 vel
1042 3738 1106 3777 ex
1152 3724 1412 3794 reliquis;
1443 3735 1555 3789 aut,
1586 3726 1706 3780 Non
1737 3727 1889 3781 venit
1914 3744 1949 3795 η
1978 3728 2062 3782 vel
2089 3744 2139 3792 ο,

580 3812 674 3866 sed
712 3813 801 3881 qui
833 3829 954 3867 cum
987 3832 1022 3883 η
1049 3815 1133 3869 vel
1165 3832 1192 3867 ο
1234 3824 1312 3867 tut
1357 3831 1623 3870 numero:
1664 3818 1806 3886 quod
1837 3818 1939 3873 hoc
1966 3819 2048 3873 vel
2081 3819 2142 3872 il-

580 3904 669 3958 lud
724 3905 798 3958 illi
841 3906 1110 3960 elemento
1142 3908 1421 3962 acciderit.
1458 3907 1666 3964 Rursus
1688 3910 1869 3979 itaque
1922 3914 2139 3982 quando

580 4010 768 4050 mors:
817 3996 961 4051 Obiit
1004 3998 1106 4053 hoc
1137 3998 1465 4054 elementum
1500 4018 1514 4066 ;
1559 4002 1664 4067 vel,
1695 4003 1940 4074 Egrotat
1976 4021 1990 4068 ;
2032 4007 2138 4071 vel,

2246 565 2532 635 ὲσκόπησα
2562 566 2728 621 καλὸν
2755 561 2917 632 εἶναι,
2952 564 3089 635 ὁμοῦ
3119 582 3179 616 τε
3217 564 3307 617 διὰ
3350 562 3411 616 τὸ
3464 561 3819 630 συντομώτε-

2246 673 2341 725 ρον
2368 658 2462 708 καὶ
2493 655 2986 726 ἐπικρυπτᾶτερον,
3012 653 3120 707 ἀπὸ
3167 653 3276 705 τῶν
3312 651 3614 721 στοιχείων,
3648 652 3823 719 iiwa

2243 745 2351 797 τῶν
2379 746 2833 816 εἰκοσιτεσσάρων
2866 744 3208 815 γραμμάτων
3228 780 3243 806 ,
3279 741 3501 804 τούτους
3525 740 3821 807 ὲπιδηλοῦο

2246 839 2372 893 σθαι
2402 857 2415 872 ·
2443 844 2536 894 καὶ
2562 842 2623 913 δὴ
2655 844 2820 910 λέγω,

2315 934 2387 988 Τὸ
2420 951 2455 985 α
2485 933 2578 986 τοῦ
2608 934 2819 1004 Πατρδς
2862 933 3035 1003 ἡμῶν.

2315 1005 2388 1057 Τὸ
2418 1004 2447 1073 β
2476 1004 2569 1056 τοῦ
2601 1004 3063 1073 Ἀρχιεπισκόπου

2314 1073 2388 1127 Τὸ
2417 1091 2450 1140 γ
2483 1073 2575 1125 τοῦ
2606 1073 2946 1142 Καλογήρου.

2315 1147 2388 1198 Τὸ
2412 1144 2441 1195 δ
2472 1142 2567 1195 τοῦ
2592 1142 2934 1196 ’Λθανασίου.

2317 1215 2391 1265 Τὸ
2415 1230 2438 1264 ε
2461 1212 2557 1265 τοῦ
2590 1213 3016 1281 Βαρσανουφίου.

2320 1282 2444 1346 To:
2474 1282 2569 1335 τοῦ
2600 1281 2890 1335 Νικολάου.

2317 1352 2390 1403 Τὸ
2424 1371 2456 1420 η
2493 1351 2587 1404 τοῦ
2617 1352 2950 1420 Σωφρονίου.

2317 1422 2390 1475 Τὸ
2416 1423 2445 1475 θ
2482 1421 2576 1473 τοῦ
2611 1421 2905 1489 Εὑθυμίου.

2316 1495 2390 1546 Τὸ
2427 1510 2443 1543 ι
2470 1490 2564 1543 τοῦ
2592 1491 2948 1546 Ὶωαννικίου.

2317 1564 2392 1615 Τὸ
2410 1578 2441 1612 κ
2470 1559 2565 1613 τοῦ
2599 1561 2953 1628 Δομετιανοῦζ

2318 1633 2390 1684 Τὸ
2416 1630 2445 1682 λ
2470 1629 2561 1682 τοῦ
2598 1630 2917 1698 Οίκονόμου.

2316 1703 2389 1755 Τὸ
2419 1718 2457 1768 μ
2486 1700 2577 1751 τοῦ
2608 1699 2909 1767 Ἀρσε-νίου.

2317 1772 2389 1825 Τὸ
2410 1787 2438 1821 ν
2466 1768 2559 1820 τοῦ
2590 1768 2873 1824 Ἀκακίου.

2316 1841 2390 1895 Τὸ
2420 1840 2446 1904 ξ
2485 1837 2576 1889 τοῦ
2610 1837 2897 1896 Μελετίου.

2315 1913 2387 1964 Τὸ
2406 1926 2434 1961 ο
2457 1907 2547 1959 τοῦ
2577 1908 2897 1965 Λουκιανοῦ.

2313 1981 2387 2035 Τὸ
2416 1996 2453 2030 π
2480 1979 2573 2031 τοῦ
2595 1978 2933 2044 Ἐπιφανίου.

2313 2050 2387 2103 Τὸ
2414 2066 2445 2119 ρ
2476 2049 2570 2101 τοῦ
2604 2048 2807 2119 Λητᾴη.

2312 2120 2385 2173 Τὸ
2416 2118 2448 2170 σ
2477 2120 2568 2172 τοῦ
2600 2118 2901 2175 Βασιλείου.

2311 2190 2385 2260 Τὸ
2417 2206 2448 2240 τ
2476 2188 2569 2260 τοῦ
2605 2188 2972 2260 Είξσχήμονος.

2311 2258 2385 2312 Τὸ
2414 2276 2443 2311 υ
2474 2259 2568 2312 τοῦ
2602 2257 2914 2315 Σιλουανοῦ.

2313 2328 2387 2382 Τὸ
2412 2348 2449 2398 φ
2469 2330 2564 2382 τοῦ
2596 2329 2998 2396 Εὑπρεπιανοῦ.

2314 2400 2438 2505 Τὸχ
2468 2398 2561 2451 τοῦ
2597 2401 2925 2469 Γρηγορίου.

2314 2471 2388 2505 φλ
2412 2487 2422 2505 ι
2444 2493 2452 2505 ι
2481 2468 2574 2505 mn:
2609 2469 2907 2505 Ιῖιίκττηηίωι

2314 2471 2388 2523 Τὸ
2481 2468 2574 2521 τοῦ
2609 2468 2929 2538 Εὺ-σταθίου.

2312 2539 2387 2592 Τὸ
2412 2536 2455 2592 ω
2478 2538 2536 2591 τὸ
2560 2538 2616 2590 Ἐ
2626 2536 2742 2608 μὸν.

2315 2638 2445 2689 Ὅτε
2473 2636 2654 2688 τοίνυν
2690 2638 2869 2689 κεῖται
2908 2636 2967 2689 ὲν
3012 2638 3079 2708 τῇ
3116 2636 3396 2705 ἐπιγραφῇ
3442 2650 3495 2686 τι
3527 2636 3819 2704 στοιχεῖον,

2243 2719 2304 2781 οὗ
2336 2727 2480 2789 τινός
2508 2728 2657 2780 ἐστιν
2686 2728 2718 2797 ἠ
2757 2727 3017 2795 ἐπιστολὴ
3042 2727 3260 2787 πάντως
3298 2722 3608 2795 ἐγνωρίσθη
3628 2741 3642 2753 ·
3705 2719 3824 2777 οἷον

2244 2819 2304 2872 τὸ
2336 2836 2391 2883 α,
2424 2818 2518 2872 τοῦ
2550 2819 2761 2889 Πατρὸς
2788 2819 2943 2891 ἡμῶν
2971 2835 2985 2850 ο
3016 2819 3109 2872 καὶ
3130 2817 3359 2870 ἕκαστον
3382 2815 3674 2880 ὡσαύτως.
3714 2812 3824 2869 Πά-

2246 2910 2331 2963 λιν
2359 2910 2673 2982 ὲρωτῶντός
2707 2929 2833 2980 μου,
2864 2908 2988 2972 Πῶς
3019 2908 3130 2979 ἔχει
3158 2910 3215 2961 τὸ
3246 2907 3313 2977 β;
3346 2908 3507 2977 δῆλον
3540 2908 3622 2959 ὅτι
3647 2910 3798 2975 ἐγνω

2251 3003 2407 3075 ρίσθη
2440 3004 2569 3073 περὶ
2599 3002 2692 3056 τοῦ
2724 3003 3155 3071 ἀρχιεπισκόπον
3194 2995 3333 3052 εἶναι
3372 3000 3472 3069 τὴν
3519 2999 3818 3071 ἐρώτησιν.

2258 3096 2489 3162 Ὁμοίως
2517 3096 2575 3147 ἐν
2601 3094 2679 3162 τῷ
2702 3093 2865 3145 πάλιν
2917 3091 3193 3162 ἐρωτῆσαί
3230 3107 3319 3161 με,
3369 3090 3495 3152 Πῶς
3521 3089 3739 3158 ἔχουσιν
3770 3090 3822 3139 οἱ

2248 3188 2375 3255 περὶ
2399 3187 2457 3239 τὸ
2484 3186 2546 3255 β;
2583 3184 2815 3255 φανερὸν
2841 3185 2922 3237 ὅτι
2956 3183 3087 3254 περὶ
3108 3181 3216 3235 τῶν
3246 3182 3413 3235 ὄντων
3447 3182 3565 3251 μετ’
3595 3180 3761 3234 αὑτοῦ
3788 3181 3822 3248 ἡ

2247 3276 2514 3348 ἐρώτησις
2536 3294 2551 3308 ·
2583 3276 2844 3339 ὡσαύτως
2878 3277 2970 3328 ἐπὶ
2992 3274 3099 3329 τῶν
3128 3274 3331 3327 λοιπῶν
3358 3273 3657 3341 στοιχείων.
3706 3273 3823 3324 Πά-

2245 3370 2326 3424 λιν
2357 3371 2521 3439 ὲτέρα
2556 3367 2823 3439 ἐρώτησις
2845 3383 2860 3398 ο
2892 3365 2958 3419 Τί
2988 3364 3215 3419 ἀκούετε
3249 3366 3377 3435 περὶ
3406 3363 3502 3417 τοῦ
3522 3380 3593 3415 π’
3619 3365 3653 3429 ἦ
3689 3364 3821 3431 περὶ

2246 3462 2340 3515 τοῦ
2384 3481 2413 3531 ρ
2434 3478 2448 3492 ·
2481 3461 2513 3532 ἣ
2540 3461 2672 3530 περὶ
2698 3458 2792 3512 τοῦ
2822 3460 2896 3528 LP;
2925 3458 3060 3529 πρὸς
3109 3458 3165 3511 ἓν
3200 3458 3433 3511 ἕκαστον
3488 3457 3756 3524 στοιχεῖον

2246 3555 2558 3624 ἀπόκρισις.
2601 3552 2768 3605 Πάλιν
2823 3550 3035 3622 ὲρωτῶ,
3080 3552 3176 3614 Τίς
3232 3546 3396 3621 ἦλθεν
3428 3551 3491 3601 ἐκ
3522 3548 3634 3600 τῶν
3678 3545 3817 3610 ἐξως

2246 3646 2363 3699 δέον
2393 3646 2537 3715 ὑμᾶς
2570 3644 2937 3714 ἀποκριθῆναι
2968 3643 3110 3697 κατὰ
3134 3642 3195 3694 τὸ
3232 3642 3496 3709 στοιχεῖον
3518 3654 3531 3668 ’
3576 3639 3609 3705 ἢ
3647 3639 3731 3691 ὅτι
3756 3638 3819 3691 τὸ

2246 3753 2303 3805 η,
2333 3734 2365 3803 ἢ
2399 3735 2478 3786 ὅτι
2511 3732 2572 3785 τὸ
2597 3750 2646 3796 ο,
2682 3733 2714 3804 ἦ
2748 3736 2812 3786 ὲκ
2842 3732 2950 3785 τῶν
2986 3733 3221 3784 λοιπῶψ
3248 3731 3279 3800 ἢ
3303 3731 3403 3783 οὐκ
3433 3727 3649 3799 εἰσῆλθε
3675 3730 3817 3797 τὸη,

2246 3826 2278 3895 ἢ
2310 3824 2370 3877 τὸ
2396 3842 2445 3887 ο,
2481 3823 2599 3877 ἀλλ’
2625 3825 2673 3878 οἱ
2708 3825 2837 3893 περὶ
2860 3823 2920 3875 τὸ
2946 3822 3056 3891 η,ἥ
3105 3820 3165 3872 τὸ
3190 3837 3237 3885 ο,
3293 3819 3471 3871 τόσοι·
3503 3818 3585 3869 ὅτι
3620 3816 3815 3885 γέγονε

2247 3918 2364 3971 τάδε
2393 3919 2614 3971 κάκεῖνο
2642 3917 2720 3978 είς
2744 3916 2802 3968 τὸ
2828 3915 2974 3967 δεῖνα
3012 3914 3293 3981 στοιχεῖον.
3336 3911 3464 3963 Ὅτε
3495 3909 3588 3962 οὖν
3647 3910 3817 3962 θάνα-

2245 4027 2337 4073 τος
2366 4008 2528 4061 πάλιν
2549 4026 2563 4040 ο
2581 4006 2849 4062 Ἀπέθανε
2888 4004 3005 4057 τόδε
3041 4003 3101 4056 τὺ
3123 4004 3410 4072 στοιχεῖον,
3436 3999 3751 4071 ἢἈσθενεί,
3778 4001 3812 4070 ἢ

580 4087 734 4142 Dolet
767 4104 779 4140 :
820 4096 875 4141 et
923 4088 1027 4142 alia
1063 4084 1338 4159 quaelibet.
1373 4090 1527 4157 Quod
1559 4093 1604 4147 si
1647 4095 1770 4164 quis
1810 4105 1892 4151 est
1928 4097 2018 4166 qui
2074 4100 2141 4152 ab

2248 4103 2534 4165 Λυπεῖται,
2570 4100 2665 4154 καὶ
2692 4100 2792 4152 ὅσα
2820 4096 2973 4150 ἄλλα.
3006 4096 3067 4148 El
3093 4095 3151 4148 δέ
3181 4095 3262 4157 τίς
3291 4096 3439 4147 ἐστιν
3468 4093 3532 4146 ἐκ
3565 4090 3659 4144 τοῦ
3685 4091 3815 4160 περὶ

579 4176 851 4231 elemento
888 4178 1090 4247 aliquid
1122 4194 1314 4248 passus
1343 4181 1456 4247 sit;
1501 4197 1701 4237 nomen
1739 4200 1952 4255 quoque
1999 4186 2141 4243 indi-

2248 4195 2308 4250 τὸ
2331 4195 2592 4263 στοιχεῖον
2623 4188 2809 4243 παθών
2838 4205 2911 4251 τι,
2942 4188 3034 4240 καὶ
3060 4185 3121 4238 τὸ
3150 4185 3320 4254 ὄνομα
3353 4182 3661 4253 δηλοῦντες,
3694 4175 3813 4263 οἷον

579 4277 786 4333 cantes,
834 4270 984 4325 verbi
1020 4272 1188 4340 gratia
1220 4271 1285 4328 de
1305 4272 1712 4343 Cliristopboro,
1746 4278 1887 4346 quod
1919 4279 2141 4351 aufuge-

2249 4279 2341 4332 ἐπὶ
2360 4262 2455 4329 τοῦ
2481 4274 2875 4345 Χριστοφόρου,
2901 4271 2981 4323 ὅτι
3000 4268 3309 4341 ἀπέδρασεν
3338 4268 3447 4320 ἀπὸ
3468 4264 3563 4319 τοῦ
3594 4282 3641 4329 ε,
3667 4264 3695 4316 ὃ
3716 4262 3814 4315 καὶ

582 4361 651 4415 rit
674 4361 741 4415 ab
763 4378 809 4425 ε,
833 4364 975 4431 quod
1001 4371 1054 4416 et
1079 4363 1276 4418 factum
1303 4365 1552 4419 est.Cum
1573 4380 1699 4436 ergo
1718 4368 1909 4424 missas
1935 4385 1964 4423 a
1986 4373 2141 4426 nobis

2250 4369 2461 4437 γέγονε.
2495 4366 2783 4434 Δεχὸμενοι
2806 4361 2899 4415 οὖν
2928 4361 3028 4421 τὰς
3072 4359 3201 4429 παρ’
3250 4356 3407 4427 ἡμῶν
3446 4353 3812 4425 πεμπομένας

584 4451 793 4505 litteras
837 4454 1103 4521 accipitis,
1141 4454 1183 4507 si
1206 4470 1270 4508 ex
1317 4455 1705 4510 elementorum
1740 4473 1966 4514 numero
1996 4461 2141 4515 estis

2250 4457 2560 4520 ἐπιστολὰς,
2586 4457 2803 4516 πάντως
2837 4452 2933 4505 ἐάν
2963 4452 3109 4503 ἐστιν
3142 4452 3205 4502 ὲκ
3232 4449 3339 4501 τῶν
3378 4448 3684 4517 στοιχείων,
3712 4444 3811 4513 τὴν

578 4544 671 4614 qui
713 4545 897 4609 mittit,
947 4546 1267 4615 inscriptum
1302 4547 1630 4601 elementum
1669 4563 1891 4617 prorsus
1929 4551 2141 4607 habebit

2248 4548 2560 4619 ἐπιγραφὴν
2590 4545 2683 4598 τοῦ
2712 4543 2978 4613 στοιχείου
3012 4542 3124 4605 ἕξει
3151 4543 3184 4611 ἡ
3233 4541 3519 4610 ἐπιστολή.
3552 4539 3812 4607 Πέμπον-

580 4634 828 4703 epistola.
867 4634 977 4689 Vos
1010 4649 1225 4704 quoque
1254 4634 1345 4705 qui
1375 4636 1505 4690 estis
1548 4652 1613 4690 ex
1669 4637 1971 4703 elementis,
2020 4654 2144 4693 cum

580 4725 786 4780 litteras
811 4725 1047 4787 mittitis.
1070 4725 1242 4795 ipsum
1266 4726 1593 4781 elementum
1625 4728 1679 4781 in
1708 4730 1926 4798 propria
1942 4729 2144 4799 episto-

582 4820 632 4872 la
665 4818 870 4889 ponite.
901 4818 1055 4884 Quod
1091 4819 1133 4872 si
1172 4818 1420 4888 ignorent
1448 4819 1537 4887 qui
1558 4820 1800 4881 mittunt,
1831 4836 1926 4874 vos
1949 4821 2144 4877 inscri-

584 4911 822 4980 ptionem
850 4910 1160 4980 expungite,
1182 4917 1237 4963 et
1258 4908 1545 4964 scribentis
1566 4910 1891 4965 elementum
1918 4915 2147 4983 apponi-

584 5012 655 5053 te.
688 4999 757 5052 At
790 4999 832 5052 si
864 5015 926 5053 ex
967 4999 1357 5063 elementorum
1397 5014 1625 5054 numero
1652 5014 1759 5053 non
1794 5010 1899 5068 est,
1929 5012 2146 5059 maneat

582 5090 865 5159 inscriptio
914 5106 929 5155 ;
964 5090 1418 5159 quemadmodum
1448 5099 1501 5144 et
1543 5091 1658 5160 ipse
1683 5091 1811 5146 dum
1847 5093 2046 5149 scribo.
2088 5095 2141 5149 Si

581 5195 690 5233 non
724 5189 807 5234 est
830 5194 891 5234 ex
912 5179 1213 5240 elementis,
1244 5188 1460 5232 maneat
1488 5179 1769 5250 inscriptio
1795 5182 1861 5235 ad
1909 5198 2035 5237 eum
2077 5186 2141 5238 ad

580 5287 742 5342 quem
791 5279 874 5325 est
924 5270 1170 5341 epistola.
1203 5269 1411 5324 Rursus
1450 5270 1872 5337 observandum,
1917 5275 2059 5343 quod
2089 5276 2139 5329 in

581 5376 904 5431 unaquaque
956 5361 1183 5431 epistola
1224 5376 1341 5414 mea
1391 5360 1457 5414 ad
1490 5376 1583 5416 eos
1616 5362 1705 5431 qui
1738 5373 1864 5416 sunt
1891 5365 1992 5418 sub
2035 5365 2142 5420 elc-

584 5455 801 5519 mentis,
837 5454 915 5509 sic
943 5453 1166 5507 habebit
1196 5452 1473 5523 inscriptio
1500 5471 1512 5507 :
1551 5472 1596 5506 ω
1624 5454 1689 5508 ad
1724 5473 1756 5506 α
1779 5463 1831 5508 et
1864 5456 2139 5526 deinceps,

580 5555 636 5601 et
671 5546 736 5600 ad
772 5560 858 5599 me
910 5545 1087 5598 missae
1130 5544 1367 5613 epistola:
1418 5545 1496 5598 sic
1525 5545 1760 5599 habeant
1788 5563 1823 5599 α
1859 5547 1942 5601 vel
1986 5565 2015 5600 υ
2058 5550 2141 5603 vel

582 5636 728 5690 aliud
764 5652 827 5689 ex
868 5635 1172 5691 elementis.
1209 5634 1497 5691 Sciendum
1531 5634 1631 5690 hoc
1665 5636 1847 5703 etiam,
1883 5639 2139 5710 quoniam

654 5792 698 5822 “
731 5789 918 5845 Matth.
963 5806 1015 5856 ι,
1058 5790 1145 5844 12.
1223 5791 1266 5823 ⁸⁸
1299 5790 1487 5845 Matth.
1528 5808 1599 5856 vt,
1636 5792 1689 5846 9.

2245 4657 2334 4703 τες
2366 4635 2459 4691 οὖν
2490 4637 2584 4689 καὶ
2614 4635 2765 4688 αὐτοὶ
2801 4634 2902 4693 τὰς
2928 4635 2992 4685 ὲκ
3016 4632 3126 4685 τῶν
3152 4631 3332 4684 αὐτῶν
3365 4629 3649 4698 στοιχείων
3684 4632 3810 4682 επι-

2248 4730 2460 4793 στολὰς,
2492 4728 2553 4782 τὸ
2582 4727 2712 4782 αὐτὸ
2744 4727 3006 4795 στοιχεῖον
3041 4722 3199 4777 θέσθε
3223 4724 3280 4776 ὲν
3305 4723 3370 4792 τῇ
3398 4721 3504 4791 ἰδίᾳ
3522 4722 3804 4792 ἐπιστολῇ.

2246 4823 2362 4878 Κᾶν
2399 4822 2455 4875 δὲ
2499 4817 2769 4889 ἀγνοῶσιν
2808 4816 2858 4870 οῑ
2890 4816 3221 4887 πέμποντες,
3258 4812 3419 4884 ὑμεῖς
3472 4812 3682 4867 λειοῦτε
3711 4814 3810 4884 τὴν

2246 4912 2576 4984 ἐπιγραφὴν,
2613 4911 2707 4963 καὶ
2740 4908 3001 4961 ὲντιθεῖτε
3033 4906 3094 4960 τὸ
3142 4908 3410 4976 στοιχεῖον
3441 4904 3537 4958 τοῦ
3571 4907 3811 4960 ἐπιστεί-

2244 5008 2453 5067 λαντος.
2482 5004 2545 5055 El
2568 5002 2623 5055 δὲ
2654 5002 2755 5054 οὐκ
2785 5000 2933 5053 ἐστιν
2956 5000 3020 5052 ὲκ
3052 4999 3158 5051 τῶν
3195 4998 3496 5069 στοιχείων,
3534 4998 3746 5069 μενέτω
3772 5001 3803 5069 ἡ

2246 5096 2523 5167 ἐπιγραφή
2554 5112 2567 5125 ο
2599 5093 2790 5161 ὥσπερ
2823 5092 2917 5147 καὶ
2944 5095 3001 5146 ὲν
3039 5090 3117 5162 τῷ
3165 5090 3400 5162 γράφειν
3428 5107 3520 5159 με.
3556 5091 3687 5143 Ἐὰν
3706 5091 3807 5143 οὐκ

2244 5191 2390 5242 ἐστιν
2413 5190 2476 5241 ἐκ
2504 5186 2611 5239 τῶν
2648 5184 2945 5255 στοιχείων,
2996 5183 3205 5254 μενέτω
3253 5185 3288 5253 ἡ
3329 5183 3616 5253 ἐπιγραφὴ
3669 5182 3806 5253 πρὸς

2243 5281 2300 5333 ὃν
2324 5281 2356 5349 ἡ
2382 5276 2660 5345 ἐπιστολή.
2691 5273 2858 5328 Πάλιν
2889 5271 3153 5325 σκεπτέον
3178 5272 3265 5325 ὄτι
3294 5271 3381 5339 ἐφ’
3409 5271 3653 5341 ἑκάστης
3707 5285 3806 5339 μου

2244 5371 2529 5439 ἐπιστολῆς
2562 5367 2697 5437 πρὸς
2723 5365 2848 5429 τοὺς
2875 5364 3034 5427 ὄντας
3079 5360 3186 5414 ὑπὸ
3225 5363 3290 5414 τὰ
3323 5362 3581 5430 στοιχεῖα,
3634 5357 3807 5422 οὕτως

2244 5462 2739 5535 ἓξειήὲπιγραφή.
2796 5460 2870 5512 Τὸ
2920 5477 2986 5523 ω,
3037 5456 3207 5529 τῷα·
3260 5456 3355 5509 καὶ
3402 5454 3667 5525 καθεξῆς.
3697 5454 3807 5507 Καὶ

2242 5554 2595 5628 πεμπόμεναί
2632 5569 2720 5622 μοι
2747 5552 2801 5605 ai
2837 5547 3111 5603 ἐπιστολαὶ
3148 5545 3320 5608 οὓτως
3346 5546 3626 5615 ἐχέτωσαν
3648 5544 3712 5597 τὸ
3746 5563 3803 5610 α,

2241 5653 2273 5723 ἢ
2306 5650 2365 5704 τὸ
2395 5668 2446 5717 υ,
2485 5647 2518 5718 ἢ
2553 5644 2679 5702 ἄλλο
2707 5643 2813 5697 τῶν
2849 5638 3145 5711 στοιχείων.
3170 5637 3443 5692 Γνωστέον
3480 5637 3577 5692 καὶ
3624 5635 3803 5692 τοῦτο·
