4008 6318
217 353 339 418 1061

1429 371 1968 437 EPISTOLARUM
2003 382 2150 442 LIB.
2195 381 2240 439 I.

3321 377 3459 445 1062

209 464 291 516 ὅτι
329 464 520 535 ἐπειδὴ
548 466 831 522 καὶταῦτα
855 469 923 522 τὰ
953 471 1078 540 τρία
1115 474 1223 525 εἰσὶ
1260 479 1582 548 γράμματα,
1613 481 1775 536 ἅτινά

1888 490 1963 542 lue
1992 500 2099 544 tres
2127 507 2342 560 quoque
2375 491 2566 546 littera:
2593 501 2743 546 extra
2780 506 3070 547 numerum
3098 491 3284 562 viginti
3319 508 3453 563 qua-

209 554 347 608 εἰσιν
371 555 477 619 ἐξω
510 557 618 609 τῶν
650 560 1108 632 εἰκοσιτεσσάρων
1133 569 1410 637 στοιχείων
1433 573 1492 623 τὸ
1544 592 1602 638 ς,
1630 574 1692 626 τὸ
1722 579 1780 641 ιι,

210 645 269 698 τὸ
304 664 345 699 π
368 664 380 676 ·
411 647 472 700 τὸ
503 649 721 738 ςῌδηλοῖ
735 652 861 715 τοὺς
890 653 1260 725 ἀθετήσαντας
1286 661 1490 726 πάντας
1517 666 1613 718 καὶ
1649 668 1786 738 πρό⁴

209 747 367 801 τερον
421 735 516 787 κα)⁸
555 734 782 808 ὕστερον
836 741 966 793 ποτὲ
1012 743 1273 814 ἀδελφοὺς
1301 750 1458 818 ἡμῶν
1488 770 1500 782 ·
1526 753 1586 806 τὸ
1617 774 1656 818 ι,
1687 734 1784 811 τὸν

211 824 558 915 πατριάρχην
578 843 590 856 ·
621 827 682 879 τὸ
715 847 776 891 π,
818 830 908 881 τὸν
941 832 1268 903 κρατοῦντα.
1309 838 1478 893 ’Ὀταν
1501 841 1593 896 οὖν
1625 845 1785 915 χρεία

213 911 435 982 γένηται
464 915 573 967 εἴτε
608 917 884 988 ἐρωτῆσαί
918 938 1006 990 με,
1040 924 1152 976 εῐτε
1205 926 1446 996 δηλῶσαι
1489 911 1634 1000 ὑμᾶς
1649 911 1786 1006 περὶ

212 1002 331 1065 ἑνὸς
361 1005 469 1058 τῶν
498 1009 667 1078 τριῶν
686 1026 700 1040 ’
727 1010 813 1064 διὰ
848 1013 942 1065 τοῦ
990 1015 1315 1086 γράμματος
1345 1018 1499 1076 ἔσται
1541 1026 1574 1094 ἡ
1608 1002 1783 1097 δήλω-

214 1106 321 1154 σις.

461 1213 592 1267 MB'.
622 1245 688 1256 —
716 1218 902 1286 Ἀννῃ
937 1221 1304 1293 μοιἀζωύσῃ.
1338 1223 1535 1298 [ρκγἎ]

1884 588 2004 633 tuor
2051 580 2444 634 elementorum
2485 589 2631 646 sunt,
2665 597 2726 645 ς.
2763 584 2820 647 ιι.
2855 598 2913 634 π.
2971 581 3103 635 illud
3147 599 3207 646 ς.
3262 580 3458 637 fratres

1881 676 2101 724 nostros
2133 685 2324 724 omnes
2352 669 2674 740 signiﬁcare,
2706 670 2821 741 qui,
2868 670 3024 740 prius
3060 671 3144 725 vel
3165 671 3458 741 posterius,

1881 761 2167 830 aliquando
2201 761 2533 831 praevaricati
2554 771 2681 817 sunt
2709 779 2724 827 ;
2761 767 2797 832 ιι
2830 778 2961 818 vero
2987 763 3351 832 patriarcham
3376 779 3391 827 ;
3418 781 3461 816 π

1880 852 2113 921 deinquc
2154 852 2556 922 imperatorem.
2597 853 2734 908 Cum
2760 870 2888 925 ergo
2929 870 3016 909 res
3056 857 3254 925 exiget,
3280 865 3340 910 ut
3370 861 3452 909 vel

1883 958 1984 1013 ego
2008 943 2357 1014 interrogem,
2384 945 2467 999 vel
2493 960 2593 999 vos
2612 945 2678 1000 de
2703 961 2813 1002 uno
2836 961 2866 1001 e
2893 946 3070 1001 tribus
3097 945 3453 1017 signiﬁcetis;

1885 1049 1980 1103 per
2013 1035 2245 1090 litteram
2279 1036 2372 1092 ﬁet
2403 1036 2683 1092 indicium.

2275 1229 2432 1286 XLII.
2469 1263 2538 1271 --
2579 1234 2744 1288 Amne
2789 1233 3074 1287 monacha'.

1441 1362 1601 1413 Docet
1619 1364 1859 1426 quomodo
1881 1367 1945 1414 sit
1968 1367 2222 1420 orandum.

283 1452 541 1506 Ἐδόκουν
563 1455 1012 1528 τετελευτηκέναι
1061 1463 1157 1532 τὴν
1207 1465 1485 1537 μακαρίαν
1523 1487 1623 1538 μου
1678 1488 1784 1541 μη-

213 1542 345 1612 τέρα
368 1560 381 1572 ο
429 1545 610 1616 ἐκείνη
654 1547 710 1599 δὲ
743 1548 823 1601 ἔτι
856 1552 994 1622 ὑπὲρ
1027 1555 1129 1624 γῆς
1157 1557 1326 1619 ἐστιν,
1379 1559 1456 1621 ώς
1517 1560 1683 1614 ἔοικε.
1714 1562 1781 1614 Τί

214 1631 323 1701 γὰρ
353 1631 419 1685 ἂν
452 1634 643 1705 ἔμελλε
671 1638 831 1693 πλέον
872 1646 1068 1707 ποιεῖν,
1107 1645 1183 1709 ώς
1217 1648 1356 1718 αὑτὴ
1393 1651 1530 1720 πρός
1579 1668 1646 1717 με
1689 1652 1784 1706 τὸν

213 1726 470 1778 ταπεινὸν
532 1733 770 1802 μητρικῇ
825 1734 1125 1808 κηδεμονίᾳ
1176 1740 1494 1811 φερομένης
1550 1739 1696 1796 Ἀλλ’
1733 1743 1784 1796 εί

215 1813 371 1881 κάγὼ
411 1817 767 1887 ἁμαρτωλὸς,
817 1824 966 1891 ὅμως
999 1827 1238 1900 πιστεύω
1283 1828 1361 1899 τῷ
1408 1831 1598 1902 Κυρίῳ
1657 1833 1788 1887 ἀντ-

213 1905 558 1973 αμείψασθαί
594 1925 653 1961 σε
703 1910 811 1964 τῶν
845 1913 986 1984 ὑπὲρ
1012 1917 1110 1986 τῆς
1143 1917 1492 1990 ἀναξιότητος
1527 1922 1681 1992 ἡμῶν
1729 1924 1789 1978 οὐ

210 1996 311 2065 τὴν
342 1998 612 2066 τυχοῦσαν
637 2001 817 2071 χάριν,
861 2007 955 2058 καὶ
1000 2007 1274 2073 έπίτευξιν
1326 2004 1405 2064 ὧν
1463 2013 1648 2077 ποθεῖς
1693 2016 1789 2069 καὶ

211 2086 402 2150 αίτεῖς.
437 2089 585 2157 Πλὴν
616 2091 814 2154 ἱκανῶς
842 2093 954 2163 ἔχει
983 2097 1049 2149 τὰ
1080 2100 1444 2170 γεγενημένα.
1481 2102 1650 2158 Τοῦτο
1679 2105 1788 2176 γὰρ

211 2178 303 2229 καὶ
324 2176 413 2232 διὰ
427 2180 534 2233 τῶν
565 2181 951 2250 προλαϐόντων
969 2189 1311 2258 γραμμάτων
1329 2191 1786 2268 ἀπελογησάμην.

211 2269 362 2338 Αὐτὴ
401 2270 461 2323 δὲ
511 2274 820 2328 τούναντίον
857 2278 1207 2349 προσέθηκας
1236 2283 1440 2351 μᾶλλον
1495 2286 1592 2340 τοῦ
1626 2289 1786 2343 ἐκδα-

211 2368 494 2421 πανᾶσθαι
528 2369 586 2421 ἐν
612 2373 676 2441 τῇ
711 2372 974 2427 ἐπιδόσει.
1009 2375 1180 2430 Πόθεν
1232 2378 1288 2432 δὲ
1320 2382 1414 2434 καὶ
1439 2382 1539 2436 οὐκ
1572 2385 1790 2454 ἐμέλλο-

214 2476 313 2528 μεν
352 2461 480 2528 ἄρτι
532 2463 899 2532 μνημονεύειν
935 2482 1028 2520 σου
1063 2469 1166 2537 τῆς
1197 2472 1548 2540 θεοσεϐείας;
1587 2479 1651 2529 ἐκ
1679 2478 1790 2532 τῶν

212 2551 602 2621 περιϐολαίων,
641 2555 704 2606 ἐκ
725 2554 820 2607 τοῦ
861 2557 1007 2627 ἱεροῦ
1028 2559 1399 2632 ἀναθήματος,
1435 2566 1497 2618 ἐκ
1522 2570 1620 2636 τῆς
1642 2568 1787 2639 βρώ-

212 2641 352 2705 σεώς
389 2660 450 2696 τε
498 2645 594 2697 καὶ
626 2644 857 2712 πόσεως,
897 2651 1230 2720 πανταχόθεν
1275 2656 1424 2724 ἡμᾶς
1470 2657 1787 2727 ἐξέστησας.

209 2735 310 2788 Διὰ
344 2736 507 2790 τοῦτο
532 2737 625 2791 καὶ
654 2738 805 2801 τέλος
834 2740 1019 2805 ἐπίθες
1045 2746 1159 2807 τοῖς
1186 2745 1379 2817 δώροις
1406 2763 1419 2776 ·
1447 2749 1539 2800 καὶ
1569 2749 1786 2814 εὔελπις

208 2826 301 2879 ἔσο
339 2829 468 2898 περὶ
506 2829 604 2897 τῆς
636 2828 783 2893 θείας
813 2833 1115 2902 ἀμείψεως.
1153 2838 1416 2909 Ἀψευδὴς
1435 2842 1544 2909 γὰρ
1572 2843 1599 2894 ὁ
1632 2843 1788 2912 εἰρη-

209 2917 343 2982 κὼς,
381 2919 477 2972 καὶ
502 2917 644 2988 ὑπὲρ
673 2919 879 2991 ψυχροῦ
913 2927 1174 2998 ποτηρίου
1204 2929 1429 2998 μισθοὺς
1453 2933 1783 2988 ἀποδιδόναι.

209 3010 518 3064 Λυπεῖσθαι
550 3011 606 3064 δὲ
654 3014 819 3084 φαίης
840 3016 896 3068 ἐν
928 3020 990 3089 τῇ
1029 3019 1266 3087 φροντίδι
1293 3021 1384 3072 τοῦ
1407 3022 1598 3076 τέκνου
1622 3063 1635 3086 ,
1679 3026 1788 3079 ἀπ⁴

1961 1471 2221 1534 Putabam
2276 1475 2418 1530 diem
2463 1476 2664 1532 obiisse
2714 1477 2928 1532 beatam
2972 1487 3201 1532 matrem
3237 1493 3453 1545 meam;

1890 1562 1981 1618 illa
2009 1581 2140 1620 vero
2171 1567 2352 1622 adhuc
2395 1567 2448 1621 in
2484 1576 2624 1622 terra
2651 1577 2752 1633 est,
2787 1577 2848 1622 ut
2874 1579 3117 1638 apparet.
3148 1568 3286 1634 Quid
3311 1570 3458 1624 enim

1890 1652 2098 1709 factura
2132 1664 2248 1709 erat
2278 1658 2532 1726 amplius,
2579 1671 2739 1727 quam
2787 1668 2842 1713 tu
2889 1674 3015 1730 erga
3061 1674 3148 1713 me
3201 1659 3460 1712 humilem

1893 1754 2140 1800 materna
2175 1747 2540 1803 sollicitudine
2584 1757 2703 1804 acta
2748 1749 2930 1805 facis?
2979 1750 3174 1805 Verum
3218 1752 3317 1806 etsi
3361 1766 3461 1821 ego

1892 1846 2165 1907 peccator,
2192 1839 2408 1894 conﬁdo
2440 1848 2619 1896 tamen
2651 1841 2708 1896 in
2741 1840 2999 1908 Domino,
3031 1843 3328 1897 relaturum
3360 1843 3456 1897 tibi

1890 1941 1991 1997 pro
2023 1927 2346 1999 indignitate
2377 1944 2494 1984 mea
2550 1929 2774 1999 gratiam
2810 1945 2918 1985 non
2955 1931 3150 1993 levem.
3179 1947 3242 1986 ac
3268 1947 3459 1986 eorum

1890 2033 2012 2087 qua:
2037 2018 2190 2088 cupis
2206 2028 2261 2074 et
2273 2019 2483 2089 expetis
2505 2020 2868 2090 adeptionem.
2900 2021 3164 2077 Caeterum
3189 2022 3461 2077 suﬁiciunt

1889 2122 2008 2177 quae
2037 2108 2176 2162 facta
2201 2117 2352 2162 sunt.
2381 2107 2492 2164 Hoc
2535 2109 2684 2164 enim
2712 2111 3081 2180 superioribus
3125 2127 3340 2181 quoque
3375 2111 3461 2167 lit-

1891 2198 2024 2252 teris
2051 2198 2327 2268 respondi.
2352 2200 2421 2253 At
2451 2207 2508 2252 tu
2547 2207 2735 2254 contra
2779 2200 3024 2269 adjecisti
3055 2202 3236 2270 potius
3260 2210 3319 2255 ut
3348 2202 3461 2256 lar-

1889 2285 2151 2356 gitionum
2186 2295 2435 2355 sumptus
2460 2302 2707 2357 augeres.
2734 2288 3016 2343 Undenam
3041 2291 3185 2344 enim
3214 2300 3460 2360 poteram

1891 2393 2038 2432 nunc
2083 2378 2242 2432 etiam
2276 2377 2491 2447 pietatis
2523 2387 2626 2434 tuae
2657 2394 2766 2434 non
2798 2381 3110 2436 meminisse
3136 2385 3159 2434 2
3188 2382 3266 2437 Ex
3292 2384 3460 2438 vesti-

1890 2466 2111 2534 mentis,
2143 2481 2212 2520 ex
2245 2481 2400 2521 sacro
2427 2467 2676 2534 donario,
2709 2485 2774 2524 ex
2804 2471 2926 2525 ciho
2956 2481 3011 2526 et
3035 2484 3187 2542 potu,
3223 2475 3462 2545 undique

1895 2566 2174 2626 stuporem
2202 2556 2360 2611 nobis
2392 2557 2647 2627 injecisti.
2668 2559 3028 2625 Quamobrem
3055 2563 3216 2618 ﬁnem
3243 2567 3459 2621 tandem

1891 2646 2211 2701 muneribus
2228 2646 2447 2716 impone
2468 2664 2484 2714 ;
2510 2658 2563 2702 et
2584 2648 2651 2702 de
2670 2648 2850 2703 divina
2891 2652 3248 2707 retributione
3268 2669 3460 2709 secura

1887 2745 2024 2791 esto.
2079 2736 2250 2791 Verax
2289 2736 2436 2790 enim
2470 2746 2554 2791 est
2604 2739 2696 2807 qui
2729 2739 2883 2805 dixit,
2917 2741 3080 2796 etiam
3124 2758 3222 2812 pro
3255 2742 3462 2815 frigide

1888 2828 2085 2899 poculo
2124 2829 2430 2882 mercedem
2455 2844 2513 2884 se
2557 2830 2893 2885 redditurum
2921 2832 2986 2886 “.
3037 2831 3262 2887 Tristari
3297 2834 3376 2889 ais
3407 2845 3462 2889 te

1887 2920 1955 2974 ob
1987 2919 2052 2974 de
2082 2919 2192 2973 ﬁlio
2224 2919 2664 2989 sollicitudinem,
2695 2937 2815 2991 quae
2842 2922 2934 2977 tibi
2976 2924 3042 2978 ad
3070 2934 3460 2994 congruentem

1888 3013 2086 3067 animae
2126 3027 2312 3068 curam
2342 3012 2514 3067 otium
2545 3028 2653 3067 non
2704 3014 2985 3083 permittit.
3015 3016 3084 3069 At
3108 3024 3286 3085 potest
3319 3017 3461 3071 Deus

211 3104 476 3173 ασχολίαν
498 3104 802 3178 ἐμποιούσῃ
835 3124 915 3160 σοι
945 3109 1046 3178 τῆς
1072 3109 1298 3180 δεούσης
1328 3114 1455 3182 περὶ
1482 3114 1581 3185 τὴν
1609 3115 1786 3188 ψυχὴν

1889 3115 1943 3161 et
1971 3107 2167 3177 egregii
2204 3105 2296 3159 ﬁlii
2329 3120 2416 3160 res
2443 3105 2545 3160 rite
2576 3106 2912 3176 dispensare,
2938 3117 2994 3162 et
3036 3115 3095 3161 ut
3127 3109 3322 3164 animae
3351 3109 3462 3164 uti.

213 3195 512 3265 μερίμνης.
563 3196 672 3249 Καὶ⁸
719 3198 942 3261 δυνατὸς
971 3200 1000 3250 ὁ
1054 3201 1185 3264 Θεὸς
1225 3203 1319 3255 καὶ
1361 3203 1459 3274 τὴν
1492 3206 1584 3259 τοῦ
1621 3209 1785 3262 καλοῦ

210 3283 404 3336 τέκνου
467 3285 733 3356 διοίκησιν
779 3289 1218 3360 ἀπεργάσασθαι,
1265 3294 1359 3346 καὶ
1405 3294 1464 3347 σὲ
1509 3297 1602 3349 ἐπὶ
1647 3299 1782 3351 πᾶσι

215 3375 418 3444 σχολὴν
453 3377 610 3444 ἄγειν
648 3380 907 3449 περὶτῶν
939 3381 1273 3452 ψυχωιρελῶν
1303 3389 1782 3458 καταστήσασθαι·

211 3465 286 3528 ὡς
310 3465 510 3539 ἑτοίμη
533 3471 730 3541 καρδίᾳ.
762 3473 893 3542 πρὸς
924 3475 1021 3543 τὴν
1049 3473 1226 3538 ἔξοδον
1252 3477 1344 3529 τοῦ
1372 3476 1625 3547 σώματος
1653 3498 1788 3550 παρ-

214 3559 495 3615 ίστασθαι.
552 3563 855 3631 Νηστεύειν
877 3565 932 3617 δὲ
962 3565 1054 3618 καὶ
1078 3565 1579 3638 ταλαιπωρεῖσθαι,
1628 3569 1788 3641 σῶμα

211 3650 415 3721 ἔχουσα
437 3655 660 3724 νοσερὸν
681 3656 740 3706 ού
767 3655 900 3724 δύνῃ
919 3670 932 3684 ⁸
952 3655 1052 3708 κᾶν
1080 3655 1251 3727 τούτῳ
1273 3656 1333 3723 [Ι.
1364 3659 1546 3733 τοῦτο]
1567 3661 1789 3726 ἀλύπως

213 3747 371 3817 φέρε,
421 3746 494 3799 τὰ
547 3747 749 3799 δυνατά
805 3746 1114 3800 είσοίσουσα
1175 3751 1251 3820 τῷ
1309 3752 1517 3823 Κυρίῳ,
1555 3753 1652 3807 καὶ
1708 3753 1789 3825 τῷ

216 3837 557 3906 πλεονασμῷ
613 3839 713 3907 τῆς
753 3840 1258 3910 ταπεινοφροσύνης
1285 3842 1346 3895 τὸ
1377 3844 1442 3896 ἐκ
1470 3844 1567 3914 τῆς
1616 3845 1789 3915 ἀσκή-

215 3945 353 3991 σεως
387 3927 570 3982 ἐνδέον
620 3926 1030 3998 ἀναπληροῦσα,
1087 3932 1493 4002 Προσεύχεσθαι
1549 3935 1606 3988 δὲ
1641 3936 1790 3999 ὅπως

216 4035 274 4072 σε
307 4021 437 4089 χρὴ,
465 4019 747 4087 ἐπιζητεῖς
785 4020 1187 4090 ἐκδιδαχθῆναι.
1236 4024 1345 4075 Καὶ
1393 4024 1549 4078 τοῦτο
1581 4026 1790 4089 αὐτὸςδ

215 4110 424 4180 Κύριος
455 4108 729 4176 ἐξεδίδαξε
753 4110 840 4163 διὰ
872 4112 968 4181 τῆς
997 4110 1115 4176 τοῦ,
1142 4111 1333 4192 Πάτερ
1362 4112 1552 4182 ἡμῶν,
1584 4117 1790 4184 ἐπιφω-

215 4204 453 4272 νήσεως,
484 4203 579 4255 καὶ
608 4203 701 4255 τοῦ
732 4202 900 4272 μηδὲν
924 4205 1094 4257 αἰτεῖν
1130 4203 1487 4276 πρόσκαιρον,
1517 4207 1651 4260 ἀλλὰ
1689 4207 1788 4277 τὴν

216 4295 500 4363 βασιλείαν
524 4293 828 4359 αύτοῦ,καὶ
874 4297 972 4364 τὴν
1018 4295 1365 4367 δικαιοσύνην
1407 4299 1505 4367 τὴν
1547 4296 1783 4353 αἰώνιον.

215 4391 364 4461 Πλὴν
403 4392 488 4445 ὅτι
542 4392 851 4445 τετύπωται
887 4391 992 4444 ὑπὸ
1029 4392 1133 4446 τῶν
1167 4393 1438 4464 πατέρων,
1494 4394 1711 4464 πρῶτον
1752 4396 1785 4464 ἡ

1889 3199 1958 3253 lia
1992 3198 2046 3252 in
2074 3198 2331 3252 omnibus
2377 3199 2713 3253 consecteris
2741 3198 2976 3264 elﬁcere,
3006 3209 3269 3270 utparato
3297 3201 3461 3256 cordo

1887 3291 2136 3361 corporis
2203 3291 2408 3346 exitum
2471 3292 2805 3361 praestolere.
2862 3291 3119 3362 Jejunare
3177 3303 3358 3348 autem
3406 3303 3464 3347 et

1888 3383 2099 3438 labores
2130 3382 2238 3452 pati
2262 3422 2277 3447 ,
2322 3397 2444 3435 cum
2471 3383 2723 3436 morboso
2749 3381 2823 3435 sis
2846 3397 3093 3452 corpore,
3123 3381 3231 3438 non
3257 3393 3410 3454 potes
3444 3402 3457 3438 :

1887 3483 1942 3528 et
1968 3475 2071 3528 hoc
2114 3473 2289 3543 ipsum
2324 3489 2479 3543 aquo
2507 3474 2588 3527 fer
2620 3473 2834 3538 animo,
2879 3489 2998 3543 quae
3042 3485 3198 3544 potes
3226 3475 3463 3531 oﬁerens

1883 3564 2134 3629 Domino,
2157 3566 2520 3636 supplensque
2544 3564 2864 3620 humilitatis
2883 3566 3213 3620 abundantia
3243 3566 3293 3620 id
3316 3569 3463 3637 quod

1888 3660 2040 3715 deest
2088 3657 2486 3713 exercitationi.
2532 3655 2701 3712 Orare
2773 3672 2940 3727 porro
3007 3657 3462 3727 quemadmodum

1888 3752 2108 3813 debeas,
2149 3750 2329 3805 doceri
2365 3749 2596 3818 expetis.
2627 3749 2743 3803 lloc
2770 3764 2988 3818 quoque
3037 3748 3296 3805 Dominus
3346 3750 3463 3820 ipse

1887 3844 2106 3900 edocuit
2139 3858 2235 3912 per
2262 3841 2676 3904 invocationem,
2716 3838 2881 3894 Pater
2911 3849 3085 3894 noster
3107 3842 3152 3872 "
3177 3857 3192 3906 ;
3219 3851 3274 3897 et
3299 3841 3465 3897 cadu-

1887 3951 2009 3991 cum
2040 3933 2176 3989 nihil
2208 3932 2500 4002 petendum
2548 3931 2870 3993 admonens,
2910 3932 3002 3986 sed
3037 3947 3262 4003 regnum
3296 3933 3465 4003 ipsius

1888 4035 1944 4083 et
1969 4025 2235 4096 justitiam
2266 4024 2678 4093 sempiternam.
2705 4021 3070 4091 Prteterquam
3119 4023 3262 4093 quod
3292 4039 3322 4077 a
3358 4023 3463 4078 Pa-

1889 4119 2066 4174 tribus
2095 4115 2411 4187 praescripta
2434 4123 2516 4168 est
2555 4113 2793 4183 primum
2835 4114 3128 4184 gratiarum
3170 4116 3312 4169 actio
3338 4130 3464 4187 erga

1891 4210 2057 4263 Deum
2095 4206 2330 4273 ;deinde
2368 4213 2714 4274 peccatorum
2738 4203 2883 4273 apud
2921 4203 3097 4274 ipsum
3143 4205 3461 4272 confessio;

1887 4306 2067 4353 actum
2084 4295 2300 4350 demum
2318 4293 2631 4364 postulatio,
2644 4301 2755 4347 tum
2771 4293 2835 4348 ad
2854 4309 3041 4349 eorum
3060 4296 3460 4362 remissionem,

1888 4401 2002 4446 tum
2021 4388 2088 4444 ad
2120 4395 2436 4444 exterarum
2465 4386 2777 4443 salutarium
2800 4402 2982 4441 rerum
3006 4386 3460 4456 impetrationem.

215 4487 294 4548 είς
362 4484 499 4537 Θεὸν
540 4484 856 4554 εὐχαριστία
911 4498 924 4513 ο
975 4483 1166 4536 ἔπειτα
1208 4487 1240 4555 ὴ
1284 4486 1394 4538 τῶν
1448 4484 1859 4556 ἁμαρτημάτων
1899 4484 2036 4554 πρὸς
2087 4482 2250 4537 αὐτὸν
2310 4480 2692 4552 ἐξαγόρενσις·
2750 4479 2844 4532 καὶ
2879 4477 3020 4532 οὕτω
3048 4480 3082 4550 ἠ
3117 4479 3335 4550 αἴτησις
3360 4483 3463 4552 τῆς

213 4576 395 4629 αὐτῶν
416 4575 688 4643 ἀφέσεως,
746 4575 841 4628 καὶ
890 4575 990 4642 τῆς
1043 4576 1151 4628 τῶν
1194 4577 1365 4630 ἄλλων
1418 4576 1774 4648 σωτηριωδῶν
1806 4577 2024 4648 τρόπων
2051 4573 2396 4636 ἐπιτεύξεως.

285 4667 403 4720 Ἐπ’
436 4667 505 4720 ἂν
539 4662 632 4718 οὖν
675 4664 874 4736 μέλλῃς
907 4665 1324 4735 προσεύχεσθαι,
1367 4667 1680 4737 εὐχαρίστει
1711 4666 1786 4737 τῷ

1961 4664 2094 4719 Cum
2127 4662 2292 4733 igitur
2315 4670 2534 4716 oratura
2561 4674 2642 4726 es,
2672 4659 2872 4729 gratias
2904 4673 3003 4727 age
3037 4657 3289 4724 Domino,
3314 4661 3460 4731 quod

214 4759 408 4828 Κυρίῳ
437 4756 535 4810 καὶ
563 4757 829 4827 Δεσπότη,
857 4757 937 4809 ὅτι
965 4758 1028 4808 ἐκ
1050 4755 1144 4808 τοῦ
1174 4758 1247 4826 μὴ
1271 4757 1423 4821 ὄντος
1455 4760 1532 4820 εἰς
1558 4757 1618 4810 τὸ
1650 4752 1788 4810 εἶναι

213 4847 514 4916 παρήγαγέ
549 4863 608 4898 σε
629 4861 642 4874 ·
679 4847 760 4899 ὅτι
781 4845 1124 4916 ὲλυτρώσατὸ
1155 4863 1212 4897 σε
1246 4849 1309 4899 ἐκ
1336 4847 1519 4916 πάσης
1546 4846 1785 4917 πλάνης·

212 4938 451 4998 καλέσας
483 4937 579 4989 καὶ
629 4936 868 5002 ἀξιώσας
897 4938 995 5006 τῆς
1024 4936 1219 4990 ἑαυτοῦ
1249 4937 1597 5006 ἐπιγνώσεως
1633 4937 1790 5006 μέτο-

213 5042 309 5096 χον
340 5025 622 5094 γενέσθαι,
677 5025 883 5094 πλάνης
933 5024 1175 5094 ὲθνικῆς,
1229 5026 1437 5096 πλάνης
1481 5025 1786 5096 αίρετικῆς·

214 5113 333 5170 εἶτα
359 5120 442 5171 ὅτι
470 5115 567 5169 καὶ
595 5114 689 5167 τοῦ
714 5116 999 5186 μοναδικοῦ
1041 5118 1135 5168 καὶ
1165 5117 1451 5184 ίσαγγέλου
1489 5116 1605 5184 βίου
1638 5117 1789 5178 ἐντός

217 5225 274 5261 σε
307 5205 728 5279 παρεσκεύασεν
781 5207 1016 5276 ὑπάρξαι
1053 5208 1190 5278 μετά
1219 5207 1316 5276 τὴν
1345 5206 1438 5260 τοῦ
1469 5207 1784 5260 κοινωνικοῦ

218 5298 334 5367 βίον
369 5299 675 5353 ἀπόλαυσιν
697 5315 709 5328 ’
734 5291 808 5352 ὧν
841 5300 875 5369 ἡ
900 5299 1076 5352 έννοια
1102 5299 1260 5368 ἱκανὴ
1286 5297 1669 5368 καταμαλάξαι
1688 5298 1786 5367 τὴν

214 5389 393 5460 ψυχὴν
420 5390 562 5460 πρὸς
588 5389 881 5455 κατάνυξιν
913 5391 1006 5444 καὶ
1029 5390 1279 5461 δακρύων
1306 5390 1634 5462 προσϐολήν.
1665 5389 1786 5458 Ἀφ’

216 5475 290 5535 ὧν
322 5484 608 5554 φωτισμδς
627 5483 876 5554 καρδίας,
900 5485 1176 5554 γλυκύτης
1225 5484 1554 5554 πνεύματος,
1594 5482 1787 5535 ἐπιθυ-

221 5573 319 5639 μία
345 5574 510 5629 Θεοῦ.
544 5572 761 5644 Ταύτης
782 5575 1200 5645 ἐνυπαρχούσης
1240 5577 1307 5646 τῇ
1355 5573 1574 5644 καρδία,
1608 5573 1788 5641 πάσης

221 5665 420 5728 κακίας
451 5665 601 5718 ἐστὶν
630 5665 892 5737 ἀποϐολή.
912 5666 1075 5720 Ὅταν
1092 5667 1262 5731 οὕτως
1289 5665 1636 5739 εὐχαριστίας
1658 5667 1791 5718 ἀνα-

223 5752 444 5825 πέμψῃς
476 5753 554 5824 τῷ
586 5754 725 5826 Θεῷ,
755 5756 1047 5827 ἐξαγόρευε
1077 5756 1224 5826 αύτῷ
1253 5756 1507 5825 λέγουσαι
1535 5755 1604 5807 Σὺ
1623 5751 1787 5821 οἶδας,

1886 4769 1952 4810 ex
1983 4752 2154 4808 nihilo
2201 4761 2259 4806 ut
2300 4766 2448 4805 esses
2477 4759 2527 4805 te
2571 4748 2824 4819 produxit
2860 4766 2873 4801 :
2911 4749 3056 4818 quod
3104 4750 3172 4804 ab
3205 4751 3354 4804 omni
3403 4761 3459 4806 te

1887 4860 2073 4901 errore
2141 4843 2414 4907 liberavit,
2467 4855 2670 4895 vocans
2725 4849 2777 4895 te
2827 4849 2882 4896 et
2939 4840 3022 4895 sui
3096 4841 3461 4911 cognitionem

1887 4935 2227 5006 impertiens,
2277 4934 2344 4988 ab
2376 4947 2562 4987 errore
2603 4931 2809 5002 gentili,
2849 4932 2916 4985 ab
2959 4946 3147 4986 errore
3181 4933 3458 4988 heretico.

1893 5026 2095 5080 Deinde
2140 5023 2284 5094 quod
2333 5023 2401 5077 ad
2440 5021 2793 5075 monasticam
2839 5021 3210 5091 mqualemque
3253 5021 3462 5092 angelis

1891 5119 2054 5174 vitam
2108 5126 2179 5180 te,
2234 5124 2354 5185 post
2399 5111 2673 5168 saecularis
2722 5112 2844 5166 vitae
2892 5112 3135 5177 delicias,
3165 5112 3458 5167 revocavit.

1892 5209 2134 5276 Quorum
2161 5207 2416 5278 cegitatio
2446 5205 2558 5274 ipsa
2595 5204 2787 5258 idonea
2819 5213 2897 5257 est
2940 5211 2998 5256 ut
3023 5202 3260 5256 animam
3287 5203 3461 5256 emol-

1891 5301 1986 5355 liat
2024 5299 2091 5353 ad
2144 5298 2618 5367 compunctionem
2669 5296 3135 5364 lacrymarumque
3189 5292 3461 5363 profusio-

1891 5408 2055 5456 nem;
2092 5406 2156 5444 ex
2198 5390 2394 5459 quibus
2425 5388 2606 5442 cordis
2654 5387 2995 5451 illuminatio,
3031 5385 3268 5439 suavitas
3299 5383 3462 5453 spiri-

1891 5493 1998 5548 tus,
2062 5481 2154 5536 Dei
2209 5479 2556 5534 desiderium.
2621 5476 2793 5548 Hujus
2844 5477 2899 5531 in
2939 5476 3101 5531 corde
3147 5474 3457 5545 praesentia,

1894 5573 2135 5629 omnium
2169 5571 2420 5625 vitiorum
2447 5578 2530 5622 est
2551 5567 2869 5638 proﬁigatio.
2905 5567 3041 5620 Cum
3068 5567 3133 5620 ad
3166 5566 3312 5619 hunc
3338 5579 3457 5617 mo-

1893 5664 2022 5718 dum
2070 5661 2267 5732 gratias
2319 5659 2490 5731 egeris
2537 5658 2667 5722 Deo,
2702 5656 2962 5711 conﬁtere
2994 5656 3070 5709 illi
3101 5655 3326 5709 dicens:
3370 5650 3453 5707 Tu

1895 5752 2056 5817 nosti,
2103 5751 2352 5814 Domine,
2384 5764 2545 5818 quam
2575 5748 2744 5803 multa
2769 5747 2863 5803 tibi
2897 5746 3187 5817 peccarim,
3215 5752 3269 5800 et
3293 5759 3455 5811 quam
