4008 6318
605 331 743 396 1063

1770 346 1828 405 S.
1871 345 2263 407 THEODORI
2307 345 2659 407 STUDITAZ

3706 349 3860 412 1064

599 446 767 500 multa
800 458 1018 513 peccem
1046 445 1100 499 in
1148 447 1334 512 horas,
1379 449 1547 505 bocce
1576 463 1880 522 peccatum,
1912 466 1967 510 et
2001 456 2159 513 hocce

2269 455 2537 517 Δέσποτα,
2569 457 2668 510 ὃσα
2705 473 2788 508 σοι
2815 458 3062 527 ἥμαρτον
3083 472 3096 486 ο
3124 457 3217 510 καὶ
3259 457 3357 511 ὅσα
3385 458 3694 528 ἁμαρτάνω
3727 462 3865 514 καθ’

597 538 855 592 delictum
891 557 903 590 :
935 547 991 591 et
1023 554 1144 607 quae
1189 541 1299 594 scis
1340 556 1568 612 quaeque
1596 543 1811 614 ignoras
1842 543 2165 617 reeogflans,

599 630 694 684 sed
726 630 816 684 illa
835 640 1036 686 temere
1070 647 1179 686 non
1206 633 1471 698 recolens,
1489 651 1610 704 qua:
1638 651 1892 706 expressa
1917 640 2168 693 recorda-

611 734 758 776 tione
783 722 1018 777 animam
1048 723 1270 777 laedunt.
1296 723 1362 779 Et
1388 726 1514 779 binc
1539 727 1634 780 tibi
1654 727 1970 784 humilitatis
1999 732 2168 798 gratia

595 814 873 867 exorietur
917 830 1039 870 cum
1086 816 1263 871 cordis
1297 818 1644 884 contritione,
1677 830 1932 890 metuque
1972 822 2169 877 divinae

598 905 873 959 vindictaz.
925 904 1051 960 Post
1096 907 1213 961 haec
1245 908 1478 976 postula,
1511 909 1726 980 plange,
1755 927 1846 964 ora
1878 912 2168 966 Dominum

600 1003 752 1048 tuum
781 1012 878 1065 pro
901 997 1094 1050 borum
1114 997 1453 1062 remissione,
1483 1014 1580 1067 pro
1601 1000 1815 1064 virium,
1834 1011 1890 1054 ut
1915 1001 1989 1054 illi
2016 1001 2171 1055 dein-

597 1103 728 1156 ceps
759 1089 990 1157 placeas.
1023 1088 1472 1154 conﬁrmatione;
1503 1090 1690 1144 dicens
1721 1109 1733 1144 :
1765 1092 1880 1144 Non
1913 1093 2166 1161 amplius,

599 1177 825 1232 Domine
855 1179 946 1240 mi,
974 1180 1220 1240 Domine.
1254 1179 1475 1233 irritabo
1504 1185 1720 1235 te‘:non
1754 1185 1987 1252 amplius
2009 1184 2168 1252 quid-

598 1287 757 1338 quam
789 1272 1109 1326 desiderabo
1131 1282 1328 1341 praeter
1357 1283 1406 1327 te
1433 1274 1522 1342 qui
1556 1290 1680 1328 vere
1698 1291 1756 1328 es
1780 1277 2042 1329 amabilis.
2083 1275 2165 1340 Et,

598 1363 642 1415 si
687 1363 957 1416 offendam
1011 1380 1247 1425 rursum,
1280 1366 1506 1434 supplex
1560 1366 1628 1419 (io
1682 1367 1982 1421 visceribus
2036 1368 2164 1430 tuis,

601 1463 660 1505 ut
722 1453 852 1507 mihi
887 1454 1049 1508 robur
1083 1456 1260 1518 detur,
1310 1472 1418 1524 quo
1463 1458 1555 1511 tibi
1587 1457 1793 1524 placere
1833 1473 2166 1514 assuescam.

603 1542 656 1595 Si
685 1545 813 1612 quid
837 1545 982 1598 aliud
1013 1545 1195 1600 animo
1228 1546 1321 1600 tibi
1349 1555 1600 1601 occurret
1634 1547 1833 1600 bonum
1867 1548 2010 1617 quod
2040 1563 2165 1618 aga-

601 1647 708 1697 tur,
750 1636 996 1706 impense
1037 1639 1335 1706 postulans.
1372 1638 1467 1692 His
1501 1639 1655 1705 actis,
1684 1640 1872 1694 invoea
1924 1652 2164 1695 sanctam

594 1723 902 1799 Deiparam,
943 1740 1000 1784 ut
1050 1732 1124 1785 tui
1161 1732 1503 1797 misereatur,
1557 1743 1774 1787 sanctos
1821 1735 2060 1806 angelos,
2111 1745 2167 1790 et

593 1840 755 1892 quem
783 1825 904 1877 vitae
939 1833 1042 1878 tuae
1088 1825 1371 1878 custodem
1404 1825 1572 1879 habes
1599 1826 1869 1894 angelum,
1897 1835 1956 1880 ut
1986 1834 2038 1880 te
2065 1843 2164 1881 cu-

592 1914 788 1967 stodiat
806 1923 860 1968 et
884 1925 1157 1985 protegat:
1183 1915 1599 1980 Praecursorem,
1629 1917 1923 1986 apostolos,
1947 1926 2164 1972 sanctos

591 2019 803 2069 omnes,
830 2013 884 2057 et
922 2019 1058 2072 quos
1105 2004 1373 2074 praecipue
1422 2005 1674 2060 invocare
1716 2009 2071 2071 eonsuevisti,
2109 2019 2166 2063 et

592 2095 740 2148 illum
775 2095 932 2163 cujus
983 2097 1241 2150 memoria
1273 2112 1340 2150 eo
1369 2098 1455 2150 die
1487 2098 1680 2167 agitur.
1709 2099 1834 2153 Haec
1852 2099 2012 2170 igitur
2039 2116 2163 2155 ora-

591 2188 756 2242 tionis
792 2187 900 2241 vim
935 2189 1135 2242 habere
1167 2189 1298 2242 mihi
1358 2189 1613 2244 videntur
1647 2207 1660 2256 ;
1721 2193 1932 2246 tametsi
1991 2209 2160 2248 unus-

589 2277 818 2347 quisque
861 2278 982 2332 aliis
1024 2279 1204 2334 verbis
1251 2289 1306 2334 et
1334 2296 1442 2333 non
1494 2281 1686 2336 iisdem
1734 2298 1962 2352 prorsus
1986 2293 2105 2339 oret
2140 2303 2155 2342 :

2271 547 2508 616 ἑκάστην
2533 546 2682 615 ὦραν
2705 563 2716 578 ·
2751 546 2911 615 τήνδε
2945 547 3046 615 τὴν
3073 547 3374 616 ἁμαρτίαν,
3401 551 3494 601 καὶ
3538 550 3699 619 τήνδε
3755 554 3865 620 τὴν

2271 638 2650 707 πλημμέλειαν
2673 655 2686 668 ·
2719 637 2813 691 καὶ
2839 637 2908 690 τά
2933 639 2990 689 ἐν
3015 638 3214 704 γνώσει
3246 639 3341 691 καὶ
3364 640 3558 710 ἀγνοίᾳ
3591 641 3864 710 ἀναλογι-

2270 730 2492 800 ζομένη.
2531 731 2675 800 Πλὴν
2709 733 2784 802 μὴ
2835 731 3190 801 ἀνιστοροῦσα
3238 731 3311 794 ὡς
3343 732 3502 800 ἔτυχε
3532 734 3599 784 τά
3635 732 3862 803 βλάϐην

2270 824 2334 875 ἐκ
2362 822 2462 890 τῆς
2489 823 2750 891 ἐναργοῦς
2779 823 3140 893 ὑπομνήσεως
3183 821 3518 892 ἐμποιοῦντα
3561 827 3628 894 τῇ
3670 825 3859 894 ψυχῇ.

2271 914 2582 967 Κάντεῦθεν
2632 913 2882 966 ἀνατελεῖ
2928 929 3010 966 σοι
3080 915 3583 984 ταπεινοφροσύνης
3657 917 3861 986 χάρις,

2273 1005 2412 1073 μετά
2439 1005 2780 1076 συντριμμοῦ
2805 1005 3055 1076 καρδίας,
3093 1006 3185 1058 καὶ
3207 1005 3372 1072 φόὁου
3429 1007 3863 1069 ἀνταποδόσεως

2269 1093 2423 1147 Θεοῦ.
2489 1095 2646 1147 Μετά
2693 1095 2852 1147 τοῦτο
2897 1095 3144 1163 αἴτησον,
3182 1095 3458 1159 στέναξον,
3490 1096 3723 1167 δεήθητι
3758 1097 3862 1148 τοῦ

2270 1187 2474 1255 Κυρίου
2505 1202 2596 1237 σου
2629 1185 2728 1254 τὴν
2753 1186 2956 1238 τούτων
2989 1185 3203 1252 ἄφεσιν,
3229 1187 3328 1255 τὴν
3373 1188 3507 1257 πρὸς
3556 1188 3618 1240 τὸ
3651 1189 3863 1257 uuam

2270 1279 2406 1347 πρὸς
2448 1277 2506 1329 τὸ
2540 1277 2854 1344 εὐαρεστεῖν
2905 1275 3053 1345 αὐτῷ
3101 1279 3474 1346 ἐνδυνάμωσιν
3499 1295 3511 1308 ·
3563 1279 3816 1347 λέγουσα
3843 1299 3857 1312 ·

2269 1367 2486 1428 Οὐκέτι,
2515 1366 2686 1435 Κύριέ
2709 1383 2832 1434 μου,
2857 1364 3050 1434 Κύριε,
3082 1368 3398 1436 παροργίζω
3421 1366 3857 1441 [Επαροργίσω]

2270 1474 2351 1520 σε,
2379 1456 2562 1510 οὐκέτι
2594 1457 2807 1526 φιλήσω
2835 1456 2964 1510 ἄλλο
2995 1475 3049 1509 τι
3083 1457 3232 1526 παρὰ
3265 1458 3321 1510 σέ
3351 1459 3442 1510 τὸν
3483 1459 3654 1519 ὅντως
3703 1460 3859 1526 ἀγα-

2267 1546 2472 1614 πητόν⁶
2505 1547 2607 1600 κὰν
2624 1563 2681 1599 τε
2716 1547 3246 1616 παροργίσωπάλιν,
3279 1549 3703 1619 προσπίπτουσά
3729 1552 3859 1618 είμι

2266 1643 2377 1702 τοῖς
2412 1641 2718 1709 οίκτιρμοῖς
2748 1656 2860 1701 σου,
2917 1639 3136 1707 δοθῆναί
3172 1657 3262 1709 μοι
3295 1641 3446 1710 ίσχὺν
3492 1643 3550 1693 ἐν
3602 1641 3716 1707 ἐξει
3759 1659 3857 1707 γε·

2267 1731 2454 1784 νέσθαι
2492 1731 2584 1783 τοῦ
2613 1732 2930 1799 εὐαρεστεῖν
2963 1747 3064 1784 σοι.
3091 1731 3156 1782 Et
3177 1749 3230 1809 τι
3259 1731 3387 1784 ἁλλο
3415 1732 3554 1783 κατὰ
3577 1738 3586 1745 ’
3608 1732 3737 1784 νοῦ;
3765 1749 3853 1784 σοι

2269 1823 2598 1894 παρίσταται
2622 1823 2919 1891 ἀνυσθῆναι
2964 1821 3185 1889 ἀγαθὸν,
3245 1822 3466 1892 θερμῶς
3514 1823 3851 1891 αἰτουμένη.

2266 1916 2374 1968 Καὶ
2404 1915 2540 1985 μετὰ
2565 1915 2735 1966 ταῦτα
2753 1913 3011 1966 ἐπικαλού
3029 1915 3128 1978 τὴν
3146 1914 3305 1980 ἁγίαν
3326 1913 3588 1965 Θεοτόκον
3619 1914 3851 1982 ἐλεῆσαί

2266 2023 2324 2059 σε
2350 2021 2363 2036 ·
2388 2007 2514 2067 τούς
2539 2006 2726 2072 ἁγίους
2749 2005 3035 2071 ἀγγέλους,
3071 2007 3164 2057 καὶ
3190 2005 3246 2057 ὃν
3275 2005 3414 2074 ἔχεις
3440 2005 3539 2074 τῆς
3570 2005 3716 2074 ζωῆς
3751 2025 3851 2059 σου

2263 2097 2481 2166 φύλακα
2532 2096 2800 2163 ἁγγελον·
2846 2095 2930 2146 ἵνα
2979 2112 3036 2147 σε
3070 2098 3278 2166 φρουρῇ
3331 2097 3424 2147 καὶ
3481 2097 3694 2166 σκέπῃ·
3754 2096 3852 2149 τὸν

2263 2188 2598 2258 Πρόδρομον,
2626 2187 2752 2249 τούς
2788 2187 3140 2248 ἀποστόλους,
3197 2187 3321 2248 τοὺς
3367 2186 3554 2253 ἁγίους
3603 2189 3848 2250 πάντας,

2262 2279 2364 2332 καὶ
2387 2278 2480 2341 οὓς
2508 2279 2648 2348 ἔχεις
2684 2277 2978 2348 ἐξαιρέτως
3003 2276 3249 2346 συνήθως
3303 2277 3710 2343 ἐπικαλεῖσθαι,
3743 2281 3849 2330 καὶ

589 2371 1024 2440 quandoquidem
1074 2387 1177 2426 nec
1225 2372 1342 2440 ipse
1385 2373 1474 2443 qui
1523 2384 1662 2439 orat,
1703 2375 1893 2429 eadem
1943 2391 2159 2445 semper

2264 2371 2348 2424 τὸν
2371 2369 2510 2422 κατὰ
2556 2369 2652 2438 τὴν
2683 2369 2896 2440 ήμέραν
2949 2369 3442 2438 μνημονευόμενον.
3501 2369 3692 2423 Ταῦτα
3750 2368 3850 2423 οἷν

590 2460 829 2528 loquitur
864 2479 876 2514 :
907 2463 988 2515 vis
1014 2469 1194 2515 autem
1227 2463 1412 2516 eadem
1443 2465 1746 2518 necessaria
1777 2475 1859 2518 est
1883 2467 2154 2533 omnibus,

591 2559 651 2604 ut
674 2552 946 2606 existimo.
983 2552 1110 2606 Vale
1133 2553 1332 2620 itaque,
1357 2564 1720 2622 congruenter
1745 2570 1924 2619 orans,
1951 2565 2005 2609 et
2033 2572 2156 2624 pro-

589 2641 780 2696 ﬁciens
826 2658 1232 2712 usquequaque,
1289 2653 1561 2713 totamque
1608 2655 1660 2699 te
1707 2661 1802 2715 per
1847 2655 2153 2701 accuratam

589 2732 755 2787 vitam
790 2733 1016 2788 Domino
1040 2734 1343 2804 placentem
1375 2736 1596 2790 exhibe.

2264 2481 2353 2534 μοι
2403 2464 2557 2516 δοκεῖ
2586 2461 2730 2530 ἔχειν
2763 2462 2860 2529 τῆς
2903 2461 3214 2530 προσευχῆς
3263 2461 3363 2528 τήν
3405 2461 3676 2529 δύναμιν·
3737 2463 3849 2513 κᾶν

2263 2555 2494 2616 ἕκαστος
2520 2551 2699 2613 ἀλλοις
2729 2551 2908 2618 λόγοις
2955 2551 3047 2602 καὶ
3093 2550 3214 2620 οὐχὶ
3262 2554 3375 2612 τοῖς
3406 2551 3590 2613 αὐτοῖς
3620 2553 3849 2614 πάντως

2261 2645 2629 2716 προσεύχηται
2649 2659 2663 2672 ·
2691 2643 2774 2695 ὅτι
2806 2641 2944 2710 μηδέ
2998 2641 3159 2704 αὐτὸς
3203 2640 3379 2709 ἐαυτῷ
3407 2644 3435 2693 ό
3463 2643 3848 2712 προσευχόςιεο

2260 2754 2350 2799 νος
2376 2735 2444 2787 τά
2472 2733 2610 2787 αὐτὰ
2643 2731 2936 2800 φθέγγεται
2963 2731 3193 2784 πάντοτε⁹
3217 2730 3354 2801 ’ἠδὲ
3377 2729 3609 2802 δύναμις
3636 2733 3670 2802 ἡ
3696 2734 3841 2800 αὐτὴ

587 2826 863 2894 ἀναγκαία
890 2829 1022 2879 πᾶσι
1050 2827 1356 2895 λελόγισταί
1390 2846 1500 2897 μοι.
1534 2828 1870 2898 Φυλαχθείης
1900 2825 1992 2883 οὖν
2019 2829 2428 2902 προσευχομένη
2461 2827 2528 2880 τὰ
2594 2826 2803 2888 δέοντα,
2864 2825 2960 2878 καὶ
3010 2824 3359 2894 βελτιουμένη
3384 2825 3669 2890 ἐκάστοτε,
3732 2832 3834 2881 καὶ

588 2919 721 2990 ὅλην
747 2920 947 2989 ἑαυτὴν
982 2922 1306 2990 παριστῶσα
1350 2920 1438 2973 διά
1466 2923 1564 2990 τῆς
1597 2923 1860 2992 ἀκριϐοῦς
1916 2924 2160 2994 βιώσεως
2196 2925 2536 2995 ἀρέσκουσαν
2568 2919 2645 2990 τῷ
2680 2919 2886 2989 Κυρίῳ.

740 3077 922 3135 XLIII.
955 3076 1267 3146 —Joscpho
1298 3078 1454 3147 fratri
1487 3087 1538 3132 et
1568 3077 1980 3147 archiepiscopo.

2262 3075 2381 3130 Ml‘.
2406 3104 2476 3114 -—
2507 3071 2728 3142 Ἰωσὴφ
2758 3071 2997 3140 ἀδελφῷ
3019 3073 3115 3126 καὶ
3144 3073 3612 3141 ἀρχιεπισκόπῳ.
3637 3067 3834 3145 [plan]

1323 3191 1451 3239 Sede
1475 3189 1906 3240 Thessalonicensi
1929 3196 2188 3240 extrusum
2211 3185 2414 3238 solatur.
2454 3185 2650 3248 (Baron.
2680 3199 2761 3234 an.
2795 3184 2906 3244 809,
2934 3198 2985 3232 n.
3009 3185 3114 3245 47.)

658 3297 728 3352 Ει
761 3295 907 3366 prior
935 3293 1161 3363 epistola
1216 3293 1467 3346 fraternae
1499 3308 1561 3346 ac
1589 3302 1828 3361 paterna:
1861 3301 1964 3346 tua:
1999 3306 2154 3345 sanc-

2329 3286 2440 3340 Καὶ
2477 3288 2509 3355 ή
2546 3285 2737 3356 πρώτη
2766 3285 3021 3353 ἐπιστολὴ
3055 3286 3152 3354 τῆς
3177 3284 3472 3353 ἀδελφικῆς
3505 3288 3601 3338 καὶ
3640 3305 3842 3358 πατρι-

591 3389 778 3452 titatis,
828 3385 1039 3440 tametsi
1085 3383 1262 3438 brevis
1318 3397 1545 3436 numero
1603 3382 2167 3452 syllabarunnabun-

590 3481 751 3534 dabat
781 3492 958 3534 tamen
1006 3477 1272 3547 allegorici
1306 3491 1498 3530 sensus
1537 3478 1687 3544 copia
1715 3493 1729 3540 ;
1767 3486 1820 3529 et
1855 3477 2122 3545 posterior
2145 3517 2158 3537 ,

589 3571 736 3625 omni
795 3571 1018 3624 scientia
1070 3579 1231 3638 atque
1285 3567 1628 3631 humilitate,
1681 3566 1899 3618 unicum
1959 3566 2164 3621 habens

589 3660 1126 3729 reprehendendum,
1180 3671 1329 3710 meas
1369 3655 1600 3708 infelicis
1656 3655 1902 3724 indignas
1956 3656 2161 3709 laudes.

591 3751 702 3821 Ego
733 3768 860 3806 vero
927 3768 1032 3804 non
1084 3764 1177 3817 per
1236 3747 1610 3816 antiphrasim,
1681 3746 1842 3809 absit,
1900 3748 1993 3801 sed
2038 3764 2163 3802 vere

594 3853 820 3906 prorsus
863 3837 946 3890 bis
1003 3835 1338 3904 temporibus
1393 3835 1595 3887 nostris
1629 3835 1681 3888 in
1725 3837 2161 3906 archiepiscopali

587 3928 843 4000 dignitate
861 3928 1074 3982 elucere
1101 3935 1152 3980 te
1175 3967 1189 3990 ,
1224 3935 1531 3979 sanctorum
1565 3924 1779 3978 Patrum
1813 3927 2001 3993 instar,
2028 3930 2160 3982 dixi.

589 4018 697 4072 Nec
722 4019 990 4080 aberretn,
1032 4017 1075 4070 si
1109 4018 1411 4071 columnam
1441 4025 1493 4069 et
1523 4015 1932 4070 fundamentum
1977 4020 2161 4073 Eccle-

590 4109 686 4163 siae
751 4119 802 4163 te
836 4124 1047 4171 vocem,
1109 4107 1178 4160 mi
1238 4105 1403 4160 frater
1444 4106 1675 4175 egregie.
1727 4104 1982 4174 Quisquis
2015 4109 2160 4163 enim

589 4218 690 4271 pro
714 4203 943 4255 veritate
993 4203 1238 4256 decertat
1275 4213 1328 4254 et
1377 4201 1603 4270 patitur,
1647 4199 1894 4252 columen
1927 4202 2044 4269 ejus
2081 4210 2162 4254 est

587 4305 651 4344 ac
685 4289 976 4360 Iastigiuin.
1006 4290 1151 4345 Belle
1173 4305 1351 4346 autem
1376 4293 1746 4361 accidit,quod
1776 4293 2161 4361 quaterniones

590 4380 892 4450 inspexisti.
919 4379 1270 4436 Occasionem
1301 4384 1445 4437 enim
1481 4386 1710 4454 praebuit
1737 4385 1889 4438 nobis
1917 4400 2160 4438 commo-

592 4474 750 4538 nitio,
787 4489 885 4528 seu
960 4476 1339 4544 potiusjussio
1373 4487 1482 4543 tua,
1539 4488 1597 4530 ut
1646 4479 1872 4546 hujusce
1911 4477 2159 4546 pr0posi-

592 4565 755 4619 tionis
807 4565 1180 4620 refutationem
1215 4567 1565 4637 aggrederer,
1619 4582 1779 4637 quam
1815 4581 1938 4620 cum
1993 4565 2111 4619 aliis
2140 4607 2154 4627 ,

2270 3379 2370 3449 κῆς
2411 3395 2505 3431 σου
2538 3376 2870 3446 ἁγιωσύνης,
2904 3377 2952 3426 εί
2984 3378 3076 3426 καὶ
3100 3375 3269 3444 μικρά
3291 3371 3359 3444 ἦν
3392 3375 3469 3443 τῷ
3500 3377 3696 3446 πλήθει
3725 3379 3841 3431 τῶν

2268 3471 2564 3534 συλλαῆὦν,
2602 3469 2717 3522 ἀλλ⁹
2755 3463 2850 3520 οὖν
2903 3483 2966 3534 γε
3025 3467 3331 3534 ἀπήρτιστο
3385 3465 3464 3535 τῷ
3510 3467 3706 3520 πλάτει
3739 3470 3839 3538 τῆς

2266 3563 2636 3632 ἀλληγορικῆς
2670 3559 2926 3622 διανοίας.
2967 3557 3072 3609 Καὶ
3107 3559 3140 3626 ή
3176 3557 3436 3627 δευτέρα,
3463 3559 3646 3628 πάσης
3691 3560 3838 3626 γνώ-

2267 3669 2403 3714 σεως
2466 3653 2559 3703 καὶ
2606 3649 3008 3708 ταπεινώσεως,
3038 3645 3094 3697 ἓν
3135 3645 3330 3714 ἔχουσα
3393 3645 3552 3712 μόνον
3608 3645 3835 3714 ψεκτὸν,

2263 3742 2389 3803 τοὺς
2454 3746 2582 3808 περὶ
2643 3739 2741 3806 ἐμὲ
2813 3738 2903 3789 τὸν
2964 3737 3194 3790 δείλαιον
3259 3734 3492 3799 ἀναξίως
3553 3737 3830 3800 ἐπαίνους.

2279 3830 2419 3897 Ἐγὼ
2448 3832 2502 3882 δὲ
2531 3833 2590 3882 ού
2627 3831 2747 3883 κατ’
2777 3830 3123 3897 ἀντίφρασιν,
3159 3828 3232 3898 μὴ
3259 3828 3485 3896 γένοιτο.
3538 3827 3680 3880 Ἀλλ’
3703 3829 3836 3899 ἀλη-

2264 3922 2402 3992 θείᾳ.
2440 3922 2718 3991 ἐκλάμψαι
2743 3939 2798 3974 σε
2831 3924 2886 3973 ἐν
2917 3924 2980 3991 τῇ
3004 3920 3127 3973 καθ’
3154 3923 3300 3991 ήμᾶς
3329 3921 3510 3990 γενεᾷ,
3543 3921 3599 3972 ἐν
3627 3919 3704 3990 τῷ
3734 3923 3835 3989 τῆς

2262 4012 2671 4083 ἀρχιερωσύνης
2710 4012 3016 4081 ἀξιώματι,
3061 4012 3190 4065 καθ’
3227 4011 3485 4081 ὁμοίωσιν
3518 4011 3631 4064 τῶν
3663 4013 3833 4078 ἁγίων

2265 4104 2542 4173 Ιιατέρων,
2575 4103 2790 4172 εῐρηιια.
2821 4104 2929 4155 Καὶ
2983 4103 3081 4154 οὐκ
3132 4103 3196 4154 ἂν
3245 4103 3576 4172 ἁμάρτοιμι,
3640 4103 3831 4154 στύλον

2263 4196 2356 4248 καὶ
2385 4193 2667 4264 ἑδραίωμα
2695 4191 2975 4260 κεκληκώς
3011 4209 3068 4243 σε
3097 4193 3194 4260 τῆς
3237 4194 3566 4262 Ἐκκλησίας
3589 4238 3604 4260 ³
3644 4197 3828 4247 tam.

2264 4287 2356 4338 στέ
2412 4304 2511 4354 μου
2558 4285 2777 4352 ἀδελφέ.
2809 4285 2920 4345 Πᾶς
2951 4285 3058 4352 γὰρ
3097 4284 3125 4334 ό
3156 4284 3296 4353 ὑπὲρ
3324 4285 3584 4353 ἀληθείας
3613 4289 3826 4341 ἐνιστά-

2265 4394 2421 4444 μενος
2474 4377 2569 4429 καὶ
2622 4376 2945 4437 πανθάνων,
2987 4373 3218 4443 ἔρεισμα
3269 4375 3361 4424 καὶ
3399 4372 3601 4444 ὕψωμα
3657 4378 3825 4446 αὐτῆς

2260 4470 2541 4538 τυγχάνει.
2580 4463 2653 4522 Εὖ
2703 4468 2758 4520 δέ
2797 4465 3037 4533 γέγονεν,
3068 4465 3148 4517 ὅτι
3173 4465 3464 4534 ἐπεσκέψω
3495 4469 3593 4530 τὰς
3629 4470 3824 4539 τετρά-

2259 4565 2372 4627 δας.
2419 4563 2661 4631 Ὑπῆρξε
2693 4563 2800 4633 γάρ
2842 4563 2972 4630 ήμῖν
3006 4561 3037 4629 ἡ
3067 4561 3372 4631 ὑπόμνησις
3421 4559 3623 4629 μᾶλλον
3651 4560 3707 4611 δὲ
3735 4562 3824 4611 κέ-

593 4655 808 4708 hortatu
860 4654 1032 4710 Patris
1060 4657 1268 4721 nostri,
1305 4659 1358 4710 in
1391 4658 1659 4726 praedictis
1715 4655 2156 4726 quaternionibus

2264 4654 2436 4717 λευσίς
2466 4671 2580 4718 σου,
2607 4652 2924 4714 ἐπιστασίας
2973 4652 3066 4702 καὶ
3103 4650 3394 4714 διαλύσεως
3443 4650 3540 4716 τῆς
3575 4651 3820 4720 τοιαύτης

606 4745 710 4799 nisi
747 4747 1013 4800 sanctitati
1045 4756 1148 4800 tua:
1176 4763 1190 4808 ;
1222 4748 1423 4800 nullam
1455 4763 1627 4800 meam
1655 4747 1926 4815 propriam
1956 4746 2009 4799 in
2038 4754 2152 4799 toto

2264 4747 2568 4815 προτάσεως
2599 4744 2820 4812 ἀφορμὴ
2869 4744 2935 4812 ἣν
2971 4740 3090 4810 μεθ’
3120 4741 3322 4810 ἐτέρων
3380 4740 3817 4810 ύποὸληθέντων,

592 4850 754 4903 opere
811 4837 1134 4890 sententiam
1177 4838 1452 4902 intexens;
1506 4838 1759 4906 quoniam
1792 4852 1891 4890 nec
1924 4837 2036 4906 lege
2063 4837 2151 4905 ju-

592 4928 751 4987 stius.
807 4943 909 4982 nec
958 4942 1164 4982 canone
1195 4929 1395 4982 rectius
1425 4928 1718 4997 quidquam
1749 4943 1872 4982 esse
1935 4936 2109 4997 potest
2137 4945 2149 4979 :

2249 4838 2315 4890 δι’
2351 4839 2709 4907 ὑπομνήσεως
2737 4836 2829 4889 τοῦ
2860 4835 3074 4904 [ἰατρὸς
3099 4835 3279 4904 ἡμῶν,
3316 4837 3374 4887 ἐν
3404 4837 3528 4898 ταῖς
3576 4851 3817 4904 προγραο

2251 4930 2465 4995 φείσαις
2493 4928 2749 4995 τετράσιν
2775 4924 3074 4979 ἀπέστειλα
3103 4928 3168 4996 τῇ
3205 4924 3454 4996 ἁγιότητι
3484 4942 3579 4978 σου
3605 4943 3620 4957 ο
3657 4926 3818 4995 μηδὲν

596 5017 689 5070 sed
725 5017 1028 5072 divinorum
1058 5019 1430 5072 tantummodo
1460 5018 1699 5083 Patrum,
1759 5019 2005 5088 quamvis
2033 5020 2154 5073 inc-

2264 5021 2306 5085 ἐξ
2338 5019 2530 5071 ἐαυτοῦ
2562 5021 2616 5070 ὲν
2645 5019 2750 5087 ὅλῳ
2783 5018 2861 5087 τῷ
2891 5018 3228 5086 συντάγματι
3275 5017 3533 5087 φρόνημα
3567 5019 3811 5071 εἱσκεκο-

594 5119 702 5176 pte,
723 5109 1043 5162 documenta
1077 5117 1131 5163 et
1160 5121 1426 5178 praecepta
1453 5110 1734 5177 proferens
1761 5121 1924 5179 atque
1954 5126 2154 5164 conne—

593 5207 764 5261 ctens,
798 5201 1232 5267 proutoppusitre
1264 5200 1644 5268 propositionis
1669 5201 1803 5254 ratio
1826 5201 2150 5268 postulabat.

592 5289 666 5339 Ac
727 5288 829 5340 nisi
892 5289 1180 5343 lectionem
1229 5292 1426 5346 laboris
1457 5303 1603 5346 metu
1657 5292 1909 5362 rel'ugias,
1948 5293 2150 5354 erit,ni

593 5379 762 5440 fallor,
805 5394 983 5447 operte
1014 5382 1269 5450 pretium.
1303 5383 1454 5448 Quod
1484 5393 1664 5436 autem
1695 5399 1793 5451 pax
1831 5383 2032 5450 Optima
2081 5383 2150 5436 sit

591 5471 863 5523 communi
893 5487 1191 5534 consensu;
1232 5489 1352 5527 amo
1381 5476 1523 5527 enim
1554 5475 1695 5527 illam
1762 5473 1972 5528 tametsi
2023 5490 2150 5543 pec-

595 5569 743 5614 cator
767 5577 912 5626 sum;
947 5574 999 5617 et
1021 5565 1161 5632 quod
1187 5565 1240 5618 in
1275 5581 1390 5618 eam
1421 5566 1744 5620 ﬂectendum
1782 5567 1887 5629 sit,
1923 5566 2150 5622 fecimus

592 5651 643 5704 id
699 5652 797 5721 ipsi
832 5664 1100 5722 quatenus
1133 5655 1346 5722 licebat,
1402 5673 1647 5728 magnam
1708 5658 1888 5711 oneris
1943 5667 2147 5725 partem

593 5744 948 5806 excutientcs,
1028 5747 1180 5815 juxta
1246 5748 1486 5801 divinum
1572 5747 1886 5818 Cyrillum:
1954 5750 2147 5818 partim

2260 5108 2456 5176 μικώς·
2495 5109 2574 5160 ὃτι
2601 5111 2734 5178 μηδὲ
2769 5109 2923 5177 θέμις
2955 5107 3048 5161 τοῦ
3075 5111 3240 5178 νόμου
3267 5109 3666 5180 νομιμώτερον,
3692 5112 3815 5180 μηδὲ

2255 5199 2348 5251 τοῦ
2381 5200 2602 5261 κανόνος
2635 5200 2922 5269 εὐθύτερον
2952 5200 3194 5266 γίνεσθαι
3223 5216 3236 5229 ·
3267 5201 3298 5270 ἢ
3329 5201 3489 5267 μόνον
3509 5202 3574 5252 τὸ
3609 5204 3814 5271 ὑφεῖναι

2259 5292 2351 5344 καὶ
2412 5291 2641 5359 συνάψαι
2677 5293 2743 5342 τὰ
2777 5293 2884 5344 τῶν
2924 5291 3080 5344 θείων
3117 5291 3394 5362 Πατέρων,
3420 5293 3526 5346 κᾶν
3568 5295 3807 5364 ἀμαθῶς,

2254 5383 2565 5450 διδάγματά
2601 5400 2658 5435 τε
2708 5383 2800 5435 καὶ
2848 5384 3308 5452 παραγγέλματα,
3338 5387 3417 5448 εἰς
3449 5383 3590 5456 ὅπερ
3619 5391 3652 5456 ή
3687 5391 3809 5459 πρό-

2253 5491 2403 5537 τασις
2440 5475 2661 5527 ἐκκαλεί
2693 5475 2790 5542 τῆς
2821 5474 3160 5538 ἀντιθέσεως.
3199 5477 3307 5528 Καὶ
3342 5479 3389 5528 εί
3429 5480 3507 5548 μὴ
3553 5482 3814 5551 παραιτή-

2259 5583 2403 5617 σοιτο
2451 5566 2538 5618 διὰ
2574 5567 2738 5618 κόπον
2777 5565 3108 5633 ἀναγνῶναι,
3146 5564 3241 5619 οἶδ’
3272 5570 3350 5620 ὅτι
3390 5569 3809 5642 λυσιτελήσειεν.

2259 5656 2380 5706 Ὀτι
2411 5655 2466 5707 δὲ
2520 5658 2550 5724 ἡ
2601 5657 2791 5727 είρήνη
2840 5655 2976 5725 καλὴ
3029 5656 3514 5726 ὁμολογουμένως·
3552 5662 3693 5728 φιλῶ
3717 5663 3814 5731 γάρ

2259 5746 2445 5816 αὐτὴν,
2480 5744 2580 5799 κᾶν
2639 5743 2954 5819 ἁμαρτωλός
3005 5746 3154 5814 εἰμι’
3188 5747 3280 5798 καὶ
3337 5748 3421 5800 δτι
3471 5751 3612 5818 πρὸς
3657 5753 3812 5823 αὐτήν
