4008 6318
138 358 157 418 i
170 359 273 422 065

1368 368 1906 430 EPISTOLABUM
1945 369 2094 433 LIB.
2127 369 2174 451 ι.

3265 369 3402 434 1066

137 474 458 529 ὰποκλιτέον
513 493 526 506 ·
571 479 674 543 ἕως
740 480 870 552 ἐξῆν
928 482 1333 555 πεπράχαμεν·
1389 482 1560 534 πολλὰ
1619 479 1714 534 τοῦ

1843 482 2039 551 [uident
2071 480 2293 552 quando
2329 481 2560 551 primum
2602 479 2852 534 adulterii
2891 482 3262 550 copulatorem
3303 487 3402 542 ab-

136 567 332 636 φόρτου
361 569 906 641 ἀποσκευασάμενοι,
931 576 1073 628 κατὰ
1102 575 1195 628 τὸν
1230 574 1374 627 θεῖον
1404 573 1673 642 Κύριλλον
1694 587 1706 600 ⁸

133 657 224 708 τοῦ
262 657 364 726 μὲν
411 659 577 728 ὴνίκα
627 663 691 715 τὸ
723 663 989 735 πρότερον
1016 665 1353 735 ἡθώουνπὸν
1390 663 1712 734 μοιχοζεύκ-

133 764 254 819 την,
279 751 549 819 παρόντος
573 770 675 822 μου
698 756 832 821 ἐκεῖ,
858 758 948 810 καὶ
981 749 1122 811 καθὰ
1145 754 1712 824 συνεϐουλευσάμεθα,

136 841 626 913 ἁποσιωπήσαντες
647 862 661 876 ·
704 848 736 917 ή
769 847 826 901 δὲ
877 849 1054 918 σιωπὴ
1092 849 1259 919 μέρος
1287 847 1674 915 συγκαθέσεως
1697 862 1713 878 ·

131 925 198 1001 ἧς
252 933 347 985 καὶ
400 935 728 1007 δραξάμενοι
757 942 804 992 οἱ
852 937 912 1004 ἐξ
951 940 1220 1002 ἐναντίας,
1249 939 1325 1001 ὡς
1370 933 1548 1001 οἶσθα,
1581 938 1716 990 ἀπο·-

137 1023 339 1076 κλείειν
384 1026 533 1094 ἡμᾶς
588 1029 888 1098 ὲπειριῖντο
925 1032 1024 1098 τῆς
1087 1031 1392 1091 ὲνστάσεως
1416 1045 1430 1059 ·
1465 1029 1623 1082 τοῦτο
1651 1030 1709 1082 δὲ

138 1115 367 1168 ἐπειδὰν
412 1117 691 1187 ἐκροτεῖτο
735 1121 766 1189 ἡ
807 1119 1035 1190 δευτέρα
1085 1119 1335 1183 aenum;
1368 1118 1533 1173 αὑτοῦ
1565 1118 1721 1190 παρὰ

139 1203 244 1256 τῶν
305 1208 670 1274 πατησάντων
709 1209 837 1272 τοὺς
899 1210 1099 1278 νόμους
1126 1209 1219 1263 τοῦ
1251 1209 1410 1273 Θεοῦ,
1451 1209 1722 1277 λεγόντων

140 1293 332 1360 ἡμῶν·
377 1295 460 1348 ὅτι
523 1299 702 1367 στήτω
756 1299 914 1368 μόνον
948 1301 1043 1370 τῆς
1091 1301 1402 1370 ἱερουργίας
1436 1300 1724 1354 ἀπολαύων

140 1386 239 1454 τῆς
298 1391 488 1456 τιμῆς,
523 1390 667 1441 κατὰ
697 1389 786 1442 τὸν
819 1392 1026 1445 κανόνα
1061 1393 1156 1445 τοῦ
1200 1394 1358 1459 ἁγίου
1394 1391 1672 1445 Βασιλείου
1706 1408 1720 1423 ·

142 1479 244 1548 ἤδη
305 1480 894 1552 συλλειτουργήσαντος
952 1485 1114 1540 αὑτοῦ
1161 1488 1217 1539 ὲν
1255 1489 1369 1547 τοῖς
1399 1485 1548 1538 δυσὶν
1583 1485 1725 1537 ἔτεσι

141 1569 218 1636 τῷ
250 1571 568 1642 πατριάρχῃ
596 1586 608 1599 ·
645 1570 674 1624 ὃ
702 1567 770 1642 ἦν
804 1572 1056 1641 φοὸερὸν,
1093 1574 1188 1628 καὶ
1220 1575 1361 1645 ὑπὲρ
1391 1574 1724 1644 οἰκονομίαν.

155 1657 258 1712 Ἐὦ
317 1660 499 1728 λέγειν
551 1661 653 1724 τὰς
727 1661 1196 1733 ψευδοπροφάσεις
1245 1664 1345 1734 τῆς
1398 1665 1491 1716 ἀπ’
1553 1664 1721 1718 αὑτοῦ

148 1751 331 1821 φυγῆς
351 1791 367 1816 ,
398 1753 494 1808 καὶ
545 1755 628 1816 τὸ,
661 1753 735 1818 ὡς
776 1755 927 1825 παρὰ
956 1755 1330 1826 πρεσϐυτέρου
1361 1755 1460 1819 τὰς
1498 1756 1730 1825 εὐλογή-

1816 570 2120 624 solvebant.
2155 584 2278 623 cum
2326 568 2398 623 ibi
2425 583 2624 631 essem,
2662 576 2718 621 et
2747 575 2898 622 certo
2927 567 3157 623 consilio
3198 577 3408 626 tacere-

1817 677 1974 727 mus;
2031 660 2310 715 silentium
2354 667 2534 714 autent
2573 674 2697 728 pars
2735 666 2817 712 est
2856 672 3160 712 consensus
3201 677 3214 714 :
3261 665 3408 730 quod

1817 752 2142 822 arripientes
2169 767 2384 821 quoque
2428 749 2756 815 adversarii,
2815 758 2876 803 ut
2925 750 3091 816 nosti,
3143 751 3409 807 interclu-

1819 845 1948 898 dere
1978 845 2134 898 nobis
2168 843 2573 898 dimicationem
2601 840 2780 896 conati
2814 848 2974 895 sunt:
3003 843 3204 911 partim
3242 837 3407 899 etiam

1819 953 1930 1007 quo
1987 947 2231 1006 tempore
2293 935 2460 989 altera
2519 935 2639 1004 ejus
2686 933 2952 988 absolutio
3003 948 3034 986 a
3088 933 3265 1005 legum
3314 935 3408 990 Dei

1823 1026 2296 1081 conculcatoribus
2357 1023 2758 1088 celebrabatur,
2832 1021 3139 1078 dicentibus
3197 1025 3406 1080 nobis:

1822 1117 2107 1170 Abstineat
2136 1117 2509 1170 tantummodo
2524 1130 2552 1168 a
2573 1114 2860 1176 sacriﬁcio,
2887 1116 3098 1171 retenta
3118 1115 3407 1186 dignitate.

1821 1210 1973 1280 juxta
2003 1223 2268 1263 canonetn
2300 1208 2474 1262 sancti
2521 1207 2703 1262 Basilii
2728 1210 2793 1263 ".
2842 1209 2980 1265 Cum
3049 1209 3140 1263 ille
3188 1207 3411 1262 biennio

1821 1300 1931 1369 jam
1983 1314 2089 1351 una
2124 1313 2246 1350 cmn
2288 1297 2593 1366 patriarcha
2635 1297 3035 1365 ministrasset;
3073 1297 3219 1367 quod
3251 1306 3402 1350 certe

1826 1390 2168 1444 formidabile
2201 1398 2358 1452 erat,
2419 1398 2476 1443 et
2511 1405 2673 1459 supra
2709 1389 3196 1460 dispensationem.
3259 1389 3412 1443 Mitto

1827 1483 2010 1536 dicere
2072 1481 2239 1536 falsos
2307 1490 2602 1550 prietextus
2644 1497 2741 1535 cur
2788 1499 2914 1537 eum
2969 1482 3319 1552 fugeremus.
3356 1489 3412 1533 et

1827 1572 1968 1640 quod
2000 1581 2253 1640 tanquam
2285 1572 2582 1641 presbyteri
2627 1573 3102 1626 benedictionibus
3135 1573 3186 1625 in
3218 1570 3410 1625 convi-

1830 1665 1932 1718 viis
1956 1663 2517 1728 communicaremus;
2575 1671 2631 1718 et
2664 1665 2985 1733 patriarchae
3014 1677 3411 1718 commemora.

1834 1757 2058 1811 tionem.
2123 1756 2377 1809 Attamen
2405 1755 2651 1824 quamvis
2705 1756 2842 1810 adeo
2875 1771 2976 1809 nos
3006 1770 3102 1825 per
3129 1754 3415 1824 dispensa—

151 1859 264 1905 σεις
311 1845 370 1896 ὲν
398 1847 518 1907 ταῖς
548 1845 825 1898 ἑστιάσεσι
870 1849 1170 1912 κοινωνεῖν,
1200 1848 1302 1917 τήν
1350 1866 1407 1901 τε
1449 1848 1728 1920 ἀναφορὰν

1843 1851 2038 1903 tionem
2094 1848 2529 1911 demitteremus,
2585 1847 2658 1901 illi
2723 1857 2917 1902 contra
2968 1845 3267 1916 pertinacia
3317 1860 3416 1900 sua

145 1934 237 1987 τοῦ
266 1936 636 2005 πατριάρχου.
682 1935 821 1989 Ἀλλ’
858 1937 1006 2007 ὅμως
1035 1938 1083 1989 εί
1112 1938 1204 1991 καὶ
1229 1939 1387 2009 ἡμεῖς
1411 1939 1477 1996 δι’
1514 1940 1728 1992 οἰκονο-

149 2026 277 2094 μίαν
320 2027 576 2081 τοσοῦτον
621 2028 996 2099 κατηγόμεθα.
1031 2030 1256 2082 Ἐκεῖνοι
1298 2031 1612 2084 τούναντίον
1657 2034 1724 2102 τῇ

148 2119 478 2191 σκληρότητι
529 2121 920 2192 συνεπαίροντο
959 2124 1025 2191 τῇ
1095 2122 1341 2193 ἁμαρτίᾳ
1373 2138 1385 2150 ·
1419 2122 1514 2176 τοῦ
1584 2121 1720 2175 Θεοῦ

147 2211 393 2279 κρεῖττόν
426 2229 478 2264 τι
505 2212 984 2282 προϐλεψαμένου,
1020 2213 1106 2266 ἵνα
1144 2214 1240 2265 καὶ
1268 2215 1433 2284 ἡμεῖς
1461 2215 1509 2268 οἱ
1540 2231 1730 2266 ταπει-

148 2302 226 2355 νοὶ
284 2303 360 2372 μὴ
409 2303 671 2370 ἀνόνητον
701 2303 797 2371 τὴν
831 2303 1053 2373 πρώτην
1092 2303 1309 2375 ὲξορίαν
1357 2306 1675 2376 ὑποίσωμεν
1713 2323 1726 2337 ·

1837 1937 1888 1991 in
1923 1945 2148 2006 peccato
2177 1936 2578 1990 eﬂ‘erebantur:
2611 1937 2722 1991 Deo
2753 1937 2946 1991 melius
2974 1936 3232 2006 quiddam
3287 1951 3418 2005 pro-

1835 2029 2073 2092 vidente,
2111 2038 2169 2082 ut
2201 2041 2302 2082 nec
2336 2042 2434 2082 nos
2452 2028 2682 2083 humiles
2706 2031 2857 2098 prius
2879 2031 3129 2084 exsilium
3157 2037 3407 2084 nostrum

1833 2121 1995 2176 inane
2023 2120 2392 2181 redderemus,
2424 2134 2526 2174 nec
2577 2119 2857 2174 inductum
2889 2121 2942 2173 in
2971 2121 3160 2176 orbem
3189 2120 3408 2175 adulte-

1833 2212 1975 2265 rium
2007 2210 2172 2264 nimia
2208 2209 2432 2263 forsitan
2474 2225 2600 2280 erga
2630 2211 2748 2279 ejus
2784 2211 3161 2280 copulatorem
3189 2210 3418 2281 dispen-

1829 2304 2040 2358 satione
2070 2302 2437 2367 minueretur,

162 2393 295 2461 μηδὲ
329 2393 727 2463 ήτολμηθεῖσα
770 2394 863 2444 ἐπὶ
922 2394 1020 2446 τοῦ
1089 2396 1296 2465 κόσμου
1342 2397 1559 2467 μοιχεία
1596 2396 1673 2461 ὡς
1734 2396 1895 2466 ἔτυχε
1928 2396 2014 2448 διὰ
2060 2393 2161 2463 τῆς
2189 2393 2283 2446 τοῦ
2319 2391 2651 2461 συνάψαντος
2678 2391 2848 2463 αὐτὴν
2883 2391 3279 2464 περισσοτέρας
3339 2394 3420 2444 oi-

155 2484 415 2551 κονομίας
443 2484 924 2554 κατασμικρυνοῇ.

218 2574 381 2626 Ὥστε
411 2573 603 2643 καιρὸς
624 2575 746 2643 ἄρτι
775 2577 950 2628 ἐκεῖνο
970 2575 1139 2645 ἡμᾶς,
1159 2577 1349 2647 ὴγαπη
1359 2579 1508 2646 μένε,
1530 2576 1731 2647 λέγειν·

151 2667 292 2730 Ἕως
352 2666 487 2720 πότε
545 2667 1127 2738 οίκονομήσεις,καί·
1178 2668 1550 2739 Οίκοδομῆσαί
1601 2686 1733 2722 ποτε

153 2756 558 2828 προθυμήθητι.
599 2757 707 2810 Καὶ
736 2757 878 2810 κατὰ
911 2758 1000 2808 τὸν
1034 2757 1178 2810 Θεῖον
1221 2757 1541 2824 Βασίλειον,
1570 2759 1733 2828 ἀκρι-

154 2848 274 2917 ϐείᾳ
341 2848 586 2901 κανῦνων
647 2849 797 2918 ἡμᾶς
853 2847 1147 2901 δουλεύειν.
1185 2847 1373 2900 Ἀλλοι
1421 2850 1530 2919 γὰρ
1587 2835 1734 2917 λόγοι

159 2938 259 3006 πρὸ
289 2937 552 3007 πολέμου,
588 2939 684 2990 καὶ
711 2938 864 2991 ἄλλοι
899 2938 1038 3007 μετὰ
1062 2939 1303 3006 πόλεμον
1335 2955 1348 2970 ·
1389 2939 1447 2991 ἐν
1478 2940 1730 3010 ὑπομονῇ

1907 2574 2088 2640 Quare
2142 2583 2290 2624 nunc
2342 2573 2559 2639 tempus
2612 2578 2715 2633 est,
2774 2568 3098 2625 charissime
3175 2577 3235 2622 ut
3290 2568 3419 2623 illud

1839 2675 2163 2733 usurpemus
2208 2679 2221 2714 :
2259 2658 2554 2729 Quousque
2625 2659 2848 2715 tandem
2917 2659 3302 2728 dispensabis?
3341 2671 3418 2724 et,

1840 2755 2131 2812 Edilicare
2155 2750 2446 2820 aliquando
2471 2750 2672 2820 incipe.
2703 2750 2960 2820 Et,juxta
2981 2750 3231 2805 divinum
3267 2748 3422 2805 Basi-

1839 2846 1992 2910 lium,
2051 2845 2319 2898 accuratae
2374 2856 2647 2895 canonum
2680 2839 3052 2894 observationi
3089 2839 3422 2904 serviamus;

1840 2939 1930 2994 alii
1978 2939 2124 2993 enim
2159 2951 2444 2994 sermones
2492 2943 2618 2988 ante
2645 2933 2869 2993 bellum.
2910 2941 2966 2986 et
3015 2931 3108 2986 alii
3161 2940 3283 3002 post
3313 2931 3425 2986 bel-

155 3047 212 3081 τε
241 3029 516 3097 διεξάγειν
542 3031 637 3093 τὰς
669 3031 882 3101 ἡμέρας
903 3030 1083 3100 ἡμῶν.
1113 3031 1296 3094 καθὼς
1315 3032 1730 3102 νενουθέτηκας,

1843 3033 1981 3086 lum:
2017 3041 2178 3101 atque
2225 3039 2284 3084 ut
2345 3029 2397 3083 in
2427 3027 2687 3098 patientia
2721 3024 2838 3079 dies
2881 3031 3099 3079 nostros
3140 3022 3425 3085 ducamus.

158 3124 248 3178 καὶ
305 3123 563 3194 εὔχεσθαι
612 3125 751 3193 ὑπὲρ
794 3124 904 3176 τῶν
949 3122 1279 3188 διωξάντων.
1321 3123 1629 3178 Ἀσπασταὶ
1679 3124 1735 3178 δὲ

164 3214 248 3281 μοὶ
279 3215 376 3269 καὶ
404 3215 852 3285 ὀμογνωμονικαὶ
879 3216 936 3267 αἱ
983 3216 1133 3286 τρεῖς
1165 3232 1258 3268 σου
1287 3215 1468 3285 τίμιαι
1501 3213 1587 3287 [In
1620 3231 1725 3270 ms.

162 3305 512 3377 Βος.τίμιε.]
543 3307 764 3376 ῥήσεις·
798 3307 833 3377 ἦ
878 3323 938 3358 τε
988 3307 1084 3359 τοῦ
1139 3306 1207 3359 δι’
1261 3307 1383 3370 ἑνὸς
1440 3306 1736 3377 ἀνθρώπου

163 3397 476 3452 ὑπόπτωσιν
510 3398 584 3468 μὴ
616 3398 821 3468 σχίζειν
852 3399 1314 3468 τὰςἘκκλησίας.
1341 3400 1416 3452 Ἤ
1445 3416 1504 3453 τε
1535 3399 1628 3452 τοῦ
1665 3400 1737 3470 μὴ

168 3493 551 3558 συγκοινωνεῖν
591 3493 656 3559 τῇ
686 3490 837 3544 λύσει
880 3491 973 3544 τοῦ
1009 3491 1255 3543 τοιούτου
1280 3508 1292 3520 ·
1325 3491 1420 3544 καὶ
1449 3493 1481 3560 ἡ
1513 3493 1576 3544 ὲκ
1609 3509 1741 3544 πανο

165 3579 250 3642 τὸς
278 3581 609 3648 ἀδιαῦλήτου
646 3581 836 3650 ἱερέως
865 3580 1306 3649 μεταλαμϐάνειν
1341 3597 1353 3610 ·
1385 3580 1556 3645 οὕτως
1587 3583 1742 3652 ἐχού-

170 3686 264 3740 σης
321 3672 542 3734 πάντως
599 3674 696 3741 τῆς
753 3671 1014 3732 διανοίας.
1056 3672 1163 3724 Καὶ
1211 3673 1483 3741 σύγγνωθί
1542 3692 1664 3743 μοι,
1699 3669 1743 3727 ὦ

169 3761 377 3830 ἁδελφὲ,
409 3763 473 3815 οὐ
502 3762 860 3824 διδακτικῶς,
899 3763 1036 3816 ἀλλὰ
1072 3764 1205 3834 πρὸς
1239 3765 1300 3818 τὸ
1343 3769 1495 3836 κοινῇ
1539 3767 1745 3835 συμιρέ-

174 3871 258 3922 ρον
295 3854 675 3925 διατρανοῦντι
715 3855 806 3907 τὸν
833 3855 1012 3923 λόγον.
1049 3857 1206 3910 Κατὰ
1257 3857 1356 3928 τὴν
1389 3858 1611 3928 πρώτην
1634 3899 1646 3920 ,
1683 3860 1743 3911 ού

170 3945 233 3996 δι’
263 3945 356 4000 ἕνα
410 3947 699 4015 ἄνθρωπον
737 3946 1107 4016 ἀποσχίζομεν
1151 3948 1248 4018 τῆς
1282 3949 1608 4017 Ἐκκλησίας
1648 3951 1744 4015 τῆς

172 4037 273 4088 ἀπὸ
328 4037 512 4110 uappa
558 4038 654 4089 καὶ
683 4036 903 4107 δυσμῶν
938 4039 1030 4092 καὶ
1062 4040 1337 4107 Θαλάσσης
1364 4057 1377 4070 ·
1433 4041 1527 4094 καὶ
1566 4042 1746 4110 μέντοι

172 4129 260 4181 καὶ
300 4129 400 4200 τῆς
446 4128 719 4190 ἐνταῦθα,
764 4129 1006 4199 δηλονότι
1057 4132 1195 4202 πλὴν
1243 4132 1354 4184 τῶν
1406 4149 1747 4202 μοιχοκυρω-

173 4219 292 4273 τῶν.
327 4222 402 4273 Ού
459 4222 572 4291 γὰρ
619 4218 766 4275 οὗτοι
811 4223 1107 4291 Ἐκκλησία
1153 4224 1382 4293 Κυρίου.
1428 4224 1488 4276 Ei
1521 4223 1577 4274 δὲ
1626 4225 1742 4274 Ἕκα

176 4309 388 4379 κλησία,
414 4311 793 4381 ἀποσχίζομεν
819 4312 918 4380 τῆς
956 4312 1280 4382 Ἐκκλησίας
1297 4313 1362 4365 δι’
1397 4314 1491 4365 ἕνα
1535 4313 1746 4382 ἄνθρω-

1835 3124 1978 3179 sicut
2022 3121 2377 3183 admonuisti,
2446 3128 2502 3174 et
2545 3132 2766 3172 oremus
2812 3130 2910 3186 pro
2953 3112 3424 3186 persecutoribus.

1837 3214 2243 3284 Amplectendae
2291 3221 2473 3266 autem
2501 3210 2634 3264 mihi
2672 3216 2804 3262 sunt
2855 3216 2911 3262 et
2977 3204 3282 3260 retinenda:
3311 3213 3423 3258 tres

1837 3307 2068 3378 egregiae
2103 3304 2390 3360 sententia:
2418 3313 2560 3358 tum:
2589 3300 2666 3356 Ne
2716 3308 2934 3371 propter
2965 3297 3129 3351 unius
3192 3295 3429 3350 hominis

1838 3400 2049 3468 lapsum
2089 3397 2400 3452 dividantur
2463 3393 2749 3457 Ecclesiaz;
2807 3409 2875 3445 ne
2918 3389 3062 3443 illius
3102 3386 3428 3443 absolutioni

1841 3490 2340 3554 communiccmus;
2379 3496 2520 3540 etut
2559 3486 2627 3540 ab
2659 3484 2808 3538 omni
2843 3482 3122 3551 inculpato
3171 3478 3430 3533 sacerdo-

1845 3593 1896 3638 te
1932 3582 2344 3653 participemus.
2376 3580 2426 3634 Is
2453 3579 2598 3633 enim
2659 3576 2885 3632 omnino
2937 3584 3020 3628 est
3093 3588 3311 3629 sensus.
3364 3569 3432 3624 Et

1845 3674 2064 3744 ignosce
2123 3673 2277 3736 mihi,
2307 3673 2491 3734 frater,
2531 3686 2638 3723 non
2665 3669 2894 3723 docendi
2936 3666 3137 3727 studio,
3163 3663 3259 3719 sed
3283 3678 3433 3717 com-

1847 3765 2030 3819 munis
2059 3763 2309 3817 utilitatis
2339 3777 2500 3817 causa
2546 3777 2660 3815 rem
2716 3760 2890 3815 fusius
2921 3758 3236 3829 explicanti.
3277 3755 3434 3825 Quod

1846 3857 1911 3909 ad
1954 3856 2179 3924 primam
2225 3854 2438 3916 attinet,
2505 3853 2648 3905 haud
2690 3865 2822 3905 sane
2869 3861 3094 3921 propter
3127 3869 3296 3909 unum
3330 3853 3434 3907 ho-

1850 3948 2053 4000 minem
2093 3945 2481 4000 discessionem
2532 3943 2762 3997 facimus
2819 3943 2887 3998 ab
2924 3943 3166 3997 Ecclesia
3206 3959 3327 4014 qua:
3367 3945 3435 3998 ad

1849 4039 2199 4107 Aquilonem,
2279 4046 2334 4092 et
2384 4051 2504 4106 quae
2564 4037 2632 4090 ad
2678 4035 3057 4100 Occidentem,
3114 4046 3170 4091 et
3209 4052 3330 4107 quae
3369 4038 3436 4092 ad

1850 4147 2034 4198 mare:
2078 4131 2171 4184 sed
2226 4145 2403 4199 neque
2427 4130 2495 4183 ab
2525 4144 2585 4182 ea
2629 4144 2749 4200 quae
2782 4128 2837 4182 in
2882 4129 2965 4183 his
2993 4129 3126 4184 locis
3148 4140 3260 4194 est;
3296 4146 3437 4200 prm-

1851 4233 2093 4292 terquam
2159 4223 2226 4275 ab
2269 4222 2352 4275 his
2407 4222 2496 4291 qui
2562 4222 2888 4277 adulterium
2936 4222 3279 4277 confirmant.
3319 4221 3436 4277 Non

1851 4316 1994 4369 enim
2027 4316 2098 4368 illi
2126 4324 2252 4368 sunt
2290 4314 2527 4370 Ecclesia
2578 4315 2794 4370 Domini
2831 4331 2844 4380 ;
2880 4315 3026 4384 quod
3079 4316 3122 4369 si
3170 4315 3436 4378 Ecclesia.

176 4421 269 4460 πον
304 4405 652 4478 συνημμένον
683 4406 842 4476 αὐτῇ,
880 4406 1024 4474 λέγω
1055 4407 1110 4459 δὲ
1141 4409 1232 4460 τὸν
1259 4408 1654 4478 μοιχοζεύκτην
1676 4407 1735 4477 μὶ

1858 4406 2164 4460 recedimus
2188 4407 2372 4475 utique
2410 4406 2477 4460 ab
2518 4405 2757 4461 Ecclesia
2795 4415 3018 4476 propter
3051 4423 3217 4461 unum
3261 4407 3442 4462 homi-

179 4497 546 4567 προσιέμενοι.
586 4497 804 4566 Ἐπειδὴ
853 4497 908 4550 δὲ
938 4498 1039 4550 οὐκ
1083 4497 1380 4567 Ἐκκλησία
1411 4499 1569 4560 θεοῦ,
1614 4501 1748 4552 ἁπο-

179 4588 442 4657 σχίζουσιν
470 4590 628 4644 αὐτοὶ
656 4591 730 4651 ὡς
754 4589 992 4659 ἀληθῶς,
1015 4590 1082 4642 δι’
1104 4591 1199 4641 ἕνα
1220 4590 1517 4660 ἄνθρωπον
1546 4605 1752 4658 συνηῖλε⁴⁵

182 4681 332 4747 μένον
392 4683 600 4744 αὐτοῖς,
649 4683 717 4751 τῇ
784 4681 1091 4752 Ἐκκλησία
1140 4681 1234 4734 τοῦ
1299 4683 1462 4734 Θεοῦ·
1522 4683 1752 4745 ἐκείνοις

181 4773 528 4841 παρεοικότες
575 4775 687 4836 τοῖς
739 4774 797 4825 ὲν
857 4771 935 4842 τῷ
998 4790 1356 4843 χρονογραφῳ
1428 4775 1750 4843 κειμένοις·

181 4865 331 4932 ἡμῶν
371 4866 447 4938 μὴ
477 4863 818 4937 σχιζομένων
860 4866 1028 4935 αὐτῆς
1054 4866 1139 4918 διὰ
1173 4866 1264 4920 τὸν
1294 4867 1557 4919 τοιοῦτον.
1596 4867 1753 4920 Κατὰ

181 4955 274 5025 τὴν
305 4957 563 5028 δευτέραν
590 4958 649 5010 ού
675 4956 1041 5025 κοινωνοῦμεν
1068 4961 1132 5026 τῇ
1164 4957 1315 5010 λύσει
1348 4957 1538 5021 αὐτοῦ,
1568 4958 1754 5026 δηλον-

185 5047 260 5100 ότι
306 5050 378 5119 μὴ
415 5049 802 5112 κοινωνοῦντες
833 5051 945 5112 τοῖς
985 5049 1267 5120 προδήλως
1303 5050 1532 5103 λύσασιν
1566 5050 1748 5103 αὐτόν.

187 5137 243 5188 El
272 5139 326 5192 δὲ
351 5141 582 5204 ἐκείνοις
603 5140 990 5210 κοινωνοῦμεν,
1012 5140 1488 5211 συγκοινωνοῦμεν
1513 5145 1578 5211 τῇ
1598 5141 1750 5194 λύσει

187 5232 367 5288 αὐτοῦ.
404 5235 546 5287 Ἀλλ’
587 5235 710 5287 ἐπεὶ
737 5235 965 5296 ἐκείνοις
996 5233 1317 5303 Θεοπρεπῶς
1349 5237 1408 5288 οὗ
1445 5253 1750 5303 συγκοινω-

190 5323 379 5393 νοῦμεν
435 5312 970 5393 λύσασινξάσφαλῶς
1008 5325 1118 5397 ἄρα
1168 5327 1228 5378 οὐ
1279 5328 1754 5396 συγκοινωνοῦμεν

192 5417 251 5484 τῇ
284 5416 431 5469 λύσει
458 5417 645 5470 αὑτοῦ.
681 5418 836 5471 Κατὰ
859 5419 957 5487 τὴν
987 5419 1176 5488 τρίτην
1203 5433 1215 5446 ·
1249 5421 1310 5469 ὲκ
1344 5419 1545 5482 παντὸς
1568 5421 1755 5490 ἱερέως

193 5505 504 5579 ἀδιασλήτου
559 5508 1068 5580 μεταλαμϐάνομεν.
1103 5509 1201 5562 Διὰ
1247 5511 1405 5564 τοῦτο
1447 5513 1502 5564 δὲ
1556 5516 1616 5565 ἐκ
1662 5512 1755 5566 τοῦ

204 5597 392 5670 Ἰωσὴφ
452 5603 510 5654 οὐ
576 5603 1114 5673 μεταλαμϐάνομεν.
1165 5603 1238 5666 ὡς
1319 5605 1753 5674 διαϐεϐλημένου

195 5687 348 5742 αὑτοῦ
395 5692 662 5764 δημοσίᾳ·
695 5693 1110 5762 διαϐεϐλημένοι
1172 5693 1214 5745 δ’
1249 5693 1314 5747 ἂν
1365 5691 1472 5748 εἷεν
1536 5696 1752 5759 πάντως

263 5803 304 5832 ⁸⁸
342 5806 418 5860 Ad
449 5808 890 5871 Amphilochium,
935 5823 1056 5868 cun,
1098 5807 1182 5859 '70.

466 5904 731 5964 ΡΑτιιοι..
771 5903 886 5962 Gn.
955 5905 1179 5963 XCIX.

1859 4514 1983 4552 nem
2013 4514 2135 4553 cum
2171 4514 2231 4552 ea
2260 4498 2592 4568 colligatum,
2636 4498 2867 4552 adulleri
2917 4497 3124 4552 scilicet
3162 4498 3442 4569 copulato—

1863 4608 1974 4647 rem
2013 4608 2121 4645 non
2179 4592 2548 4646 admittentes.
2605 4591 2712 4647 Sed
2755 4592 3010 4661 quoniam
3048 4591 3290 4648 Ecclesia
3348 4591 3441 4646 Dei

1861 4700 1969 4737 non
2002 4694 2152 4747 sunt,
2199 4693 2524 4753 separantur
2577 4684 2680 4754 ipsi
2747 4699 2958 4748 revera,
2995 4694 3218 4754 propter
3270 4701 3442 4739 unum

1863 4775 2137 4829 hominem
2170 4775 2299 4843 ipsis
2330 4775 2724 4838 consociatum,
2771 4776 2839 4830 ab
2873 4775 3112 4830 Ecclesia
3179 4774 3273 4831 Dei
3310 4793 3322 4829 :
3352 4763 3441 4830 lsi—

1857 4870 2017 4924 miles
2045 4883 2234 4925 eorum
2263 4868 2331 4922 de
2382 4867 2580 4937 quibus
2622 4867 2765 4936 apud
2795 4867 3276 4938 chronographum
3327 4869 3412 4940 agi

1857 4967 1981 5013 tur:
2016 4959 2171 5012 nobis
2197 4959 2264 5012 ab
2290 4972 2352 5012 ea
2393 4965 2615 5026 propter
2650 4956 2802 5010 illum
2861 4956 3088 5012 minime
3131 4959 3436 5012 secedenti-

1855 5050 1975 5105 bus.
2032 5049 2186 5115 Quod
2219 5049 2286 5103 ad
2318 5048 2636 5112 secundam,
2679 5063 2788 5102 non
2812 5049 3278 5104 communicamus
3321 5050 3439 5121 ejus

1861 5140 2209 5205 absolutioni,
2236 5140 2500 5210 siquidem
2553 5155 2663 5193 non
2714 5140 3181 5197 communicamus
3218 5158 3341 5197 cum
3378 5144 3442 5199 iis

1861 5235 1951 5304 qui
1982 5249 2104 5288 eum
2148 5233 2439 5288 manifeste
2480 5232 2853 5288 absolverunt.
2894 5232 3050 5298 Quod
3081 5233 3125 5287 si
3159 5233 3243 5288 his
3287 5249 3409 5289 com

1863 5327 2248 5391 municemus;
2297 5335 2353 5381 et
2392 5325 2537 5379 illius
2593 5340 2728 5381 sane
2765 5325 3094 5381 absolutioni
3135 5326 3412 5382 communi

1863 5429 2071 5467 camus.
2117 5413 2224 5467 Sed
2265 5413 2702 5483 quandoquidem
2737 5429 2860 5467 cum
2920 5415 2988 5469 iis
3057 5415 3150 5486 qui
3189 5415 3413 5469 absolve

1867 5513 1994 5557 runt
2021 5506 2424 5559 communicare
2475 5506 2844 5560 detrectamus
2871 5506 3011 5561 sicut
3047 5506 3190 5561 Deus
3251 5507 3439 5576 exigit,

1868 5602 2026 5669 plane
2067 5600 2230 5670 igitur
2273 5615 2380 5653 non
2413 5601 2880 5654 communicamus
2921 5601 3038 5671 ejus
3092 5601 3439 5655 absolutioni.

1863 5692 2017 5760 Quod
2072 5693 2137 5747 ad
2192 5693 2446 5757 tertiam;
2509 5692 2576 5746 ab
2623 5692 2774 5746 omni
2826 5693 3110 5747 sacerdote
3169 5693 3445 5761 inculpato

3051 5902 3123 5960 3h
