4008 6318
612 354 629 416 i
643 352 745 417 067

1791 358 1850 417 S.
1889 356 2279 417 THEODORI
2316 357 2660 417 STUDITAZ

3742 360 3879 424 1063

608 462 1015 534 participamus.
1075 459 1371 532 Pr0pterea
1436 473 1616 518 autem
1666 464 1734 518 ab
1798 464 2040 535 Josepho
2084 481 2193 519 non

2303 465 2391 518 καὶ
2424 466 2473 518 οἱ
2510 466 2688 533 τούτῳ
2715 464 3267 538 συλλειτουργοῦντες
3305 469 3609 539 καθημένῳ
3670 472 3809 523 ὄντι.
3844 474 3898 525 El

612 556 1022 626 participamus,
1066 552 1210 621 quod
1244 554 1462 624 publice
1505 554 1670 608 fuerit
1710 563 1954 609 notatus.
2012 549 2194 609 Notati

609 662 739 719 ergo
769 654 823 701 et
861 646 938 700 illi
975 660 1203 715 prorsus
1229 646 1321 716 qui
1382 662 1505 701 cum
1564 661 1631 700 eo
1684 647 2031 712 ministrant;
2073 662 2196 701 cum

607 738 891 809 depositus
923 738 1110 791 fuerit.
1151 736 1306 802 Quod
1352 737 1395 793 si
1444 738 1514 793 ab
1536 737 1621 792 his
1644 738 2035 809 participemus
2075 747 2197 792 tan-

606 845 769 901 quam
794 829 862 883 ab
885 828 1197 898 inculpatis,
1255 828 1565 897 inculpatus
1612 828 1718 882 erit
1793 838 1847 882 et
1901 828 2197 900 Josephus,

607 922 698 992 qui
739 937 864 977 cum
891 921 971 975 eis
1023 920 1319 975 sacrificat.
1372 919 1642 986 Quoniam
1677 929 1858 975 autem
1912 922 1959 976 is
2009 937 2198 976 revera

610 1024 829 1070 notatus
857 1014 981 1076 fuit,
1008 1024 1063 1069 et
1094 1015 1161 1068 ab
1213 1030 1282 1068 eo
1321 1029 1431 1067 non
1473 1013 1898 1084 participamus;
1953 1014 2199 1083 profecto

609 1120 711 1159 nec
748 1105 816 1159 ab
865 1104 932 1159 iis
976 1104 1069 1174 qui
1106 1118 1232 1158 cum
1265 1119 1331 1159 eo
1358 1104 1709 1169 ministrant;
1738 1119 1861 1157 cum
1893 1104 2010 1173 pari
2038 1104 2198 1158 modo

609 1198 779 1253 notati
811 1198 941 1253 sint.
978 1197 1311 1252 Continuata
1335 1207 1420 1251 est
1445 1197 1607 1266 igitur
1641 1196 1917 1250 sententia
1945 1197 2201 1252 sanctita-

614 1290 682 1344 tis
722 1300 849 1355 tuze,
901 1297 1064 1359 atque
1120 1288 1196 1342 ita
1249 1287 1650 1342 consentimus.
1705 1287 1785 1341 Ac
1835 1287 2041 1341 utinam
2102 1303 2198 1358 per

612 1382 817 1435 hancce
836 1380 1101 1435 sinceram
1130 1379 1217 1433 hic
1241 1377 1589 1432 concordiam
1616 1388 1897 1442 nostram,.
1915 1379 1971 1433 in
2008 1378 2196 1435 futuro

613 1474 813 1529 saeculo
844 1487 1123 1542 nunquam
1174 1471 1519 1535 divellamur,
1555 1470 1628 1523 mi
1654 1471 1822 1525 frater
1853 1472 2193 1537 citatissime,

612 1578 671 1624 ut
718 1568 864 1640 digni
887 1569 1059 1623 simus
1084 1575 1140 1622 et
1162 1582 1263 1622 nos
1308 1566 1545 1621 humiles
1571 1566 1790 1636 aliquod
1839 1565 2058 1621 Patrum
2094 1582 2195 1622 no-

610 1669 851 1714 strorum
879 1658 1099 1712 virtutis
1152 1656 1442 1727 vestigium
1485 1656 1811 1711 consectari.
1866 1656 1943 1711 De
1978 1656 2196 1712 civitate

608 1762 791 1806 autem
853 1760 941 1805 tua
986 1750 1297 1805 columnam
1357 1748 1652 1803 accendisti
1710 1749 1971 1818 pietatis,
2028 1765 2192 1819 quam

2298 555 2354 608 δὲ
2404 558 2470 609 ὲκ
2508 558 2617 609 τῶν
2657 557 2918 612 τοιούτων
2950 560 3465 632 μεταλαμϐάνομεν,
3497 563 3575 627 ὠς
3620 564 3684 629 ἐξ
3743 564 3899 617 ἀδια-

2298 647 2507 719 6λήτων
2538 692 2552 715 ,
2583 651 2907 719 ἀδιάϐλητος
2948 652 3017 706 ἂν
3066 655 3150 725 εἴη
3202 656 3297 707 καὶ
3336 657 3364 706 6
3410 656 3612 727 Ἰωσῆ-ρ
3686 657 3899 708 συλλει-

2299 739 2545 809 τουργῶν
2576 741 2781 805 αὐτοῖς.
2818 743 2971 797 Ἐπεὶ
2996 744 3053 798 δὲ
3081 745 3508 815 διαϐεϐλημένος
3537 746 3615 807 ῶς
3644 747 3894 817 ἀληθῶς,

2302 834 2395 884 καί
2449 834 2582 903 παρ’
2613 833 2780 887 αὐτοῦ
2811 837 2872 887 ού
2906 836 3421 907 μεταλαμϐάνομεν,
3462 837 3717 908 δηλονότι
3774 839 3899 891 οὐδὲ

2274 920 2277 923 ⁷
2301 926 2365 978 ὲκ
2389 925 2500 977 τῶν
2541 927 3074 997 συνιερουργούντων
3092 929 3261 997 αὐτῷ,
3281 929 3546 994 ὡσαύτως
3578 931 3757 984 ὄντων
3780 933 3897 984 δια-

2300 1016 2669 1087 6ε6λημένων.
2703 1020 2977 1090 Ἐῥρωται
3003 1021 3184 1073 τοίνυν
3204 1023 3232 1073 6
3260 1022 3419 1089 λόγος
3444 1023 3542 1092 τῆς
3576 1024 3901 1091 ἁγιωσύνης

2302 1124 2396 1161 σου
2424 1124 2437 1136 ο
2475 1108 2570 1161 καὶ
2614 1109 2788 1172 οὕτως
2828 1111 3270 1181 συμφρονοῦμεν.
3295 1112 3405 1165 Kal.
3448 1112 3592 1166 ἔστω
3647 1115 3790 1182 ἡμῖν
3836 1116 3896 1165 τὸ

2298 1199 2676 1254 ἀδιάσπαστον
2698 1202 2786 1254 διὰ
2814 1204 2913 1272 τῆς
2950 1202 3185 1256 ἐνταῦθα
3215 1204 3447 1274 ἀληθοῦς
3476 1208 3815 1275 συμφωνίας
3841 1209 3898 1257 ὲν

2296 1287 2374 1358 τῷ
2442 1289 2693 1360 μέλλοντι
2741 1292 2918 1355 αἰῶνι,
2974 1293 3200 1361 φίλτατε
3246 1310 3351 1361 μου
3407 1296 3643 1363 ἀδελφέ,
3676 1297 3757 1360 ὡς
3831 1297 3897 1350 ἂν

2301 1380 2671 1450 ἀξιωθείημεν
2709 1382 2803 1435 καὶ
2826 1384 2985 1453 ἡμεῖς
3030 1385 3079 1435 οἱ
3113 1386 3361 1438 ταπεινοὶ
3388 1386 3814 1461 ἀπενέγκασθαί
3843 1405 3893 1440 τι

2298 1474 2441 1542 [χνος
2469 1472 2892 1545 κατορθώματος
2916 1478 3027 1539 τοῖς
3051 1477 3331 1546 Πατράσιν
3370 1477 3525 1548 ἡμῶν
3572 1479 3894 1533 ἀκόλουθον.

2298 1564 2434 1634 Περὶ
2479 1563 2536 1615 δὲ
2578 1567 2678 1634 τῆς
2723 1564 2935 1629 πόλεώς
2964 1582 3058 1618 σου
3106 1566 3295 1619 στύλον
3328 1568 3542 1638 ἀνῆψας
3574 1569 3891 1633 εὐσεϐείας,

2296 1656 2357 1707 οὐ
2391 1654 2753 1725 σ6εννύμενον
2783 1657 2937 1727 παρὰ
2972 1657 3261 1725 ἀνθρώπου
3290 1659 3395 1723 ἕως
3434 1660 3651 1725 αἰῶνος.
3684 1663 3799 1715 Καὶ
3832 1663 3890 1715 ού

2300 1746 2589 1799 λυπεῖσθαι
2622 1748 2751 1817 χρὴ,
2815 1748 2952 1801 ἀλλὰ
2993 1750 3192 1818 μᾶλλον
3239 1752 3447 1820 χαίρειν
3469 1769 3483 1783 ·
3515 1751 3712 1824 ὥσπερ
3740 1756 3896 1821 κάγὼ

607 1844 902 1897 obscurare
955 1842 1140 1896 nullus
1191 1856 1428 1910 unquam
1479 1839 1668 1909 possit.
1710 1814 1908 1909 —Neque
1935 1814 2197 1911 estquod

2304 1840 2331 1889 6
2364 1836 2531 1899 τάλας
2565 1837 2623 1888 ὲν
2669 1838 2735 1907 τῇ
2766 1836 3007 1890 διαλύσει
3051 1838 3145 1891 τοῦ
3174 1839 3431 1892 ταπεινοῦ
3462 1859 3562 1911 μου
3607 1860 3893 1914 μοναστη-

607 1950 749 2006 κει-ε
785 1935 946 1989 feras.
1003 1934 1146 2000 Quin
1191 1933 1374 1987 lactare
1422 1933 1633 2002 potius,
1687 1932 1766 1986 uti
1821 1941 1875 1987 et
1904 1947 2002 2003 ego
2038 1934 2203 1988 miser

609 2028 663 2080 in
729 2026 1085 2096 dissipatione
1169 2025 1392 2079 humilis
1453 2024 1770 2079 monasterii
1832 2025 1989 2091 mei;
2072 2026 2201 2096 quia

608 2126 830 2186 propter
862 2114 1151 2169 Dominum
1212 2114 1328 2168 haec
1376 2112 1685 2168 dissolutio.
1743 2112 1928 2183 Neque
1977 2115 2046 2169 ob
2082 2130 2201 2168 eam

610 2226 855 2277 causam,
881 2210 1028 2282 quod
1060 2221 1167 2265 tam
1189 2210 1343 2264 multi
1372 2209 1617 2264 steterint
1643 2223 1819 2279 genua
1845 2224 1953 2263 non
1969 2225 2202 2264 curvan-

611 2316 737 2365 tes.
799 2320 994 2376 magna
1056 2304 1175 2358 laus
1216 2313 1299 2357 est
1341 2318 1356 2356 :
1412 2302 1509 2356 sed
1553 2301 1637 2356 vel
1686 2301 1729 2355 si
1786 2317 1947 2356 unus.
2014 2301 2203 2357 Melior

606 2396 874 2466 siquidem
925 2411 1067 2450 unus
1111 2394 1327 2448 Domini
1376 2393 1581 2448 faciens
1623 2393 1990 2455 voluntatem,
2039 2409 2200 2463 quam

606 2488 795 2543 decem
866 2487 1033 2541 millia
1087 2485 1563 2557 prazvaricantium
1622 2484 1689 2538 ⁸⁷.
1746 2484 1857 2538 Nec
1916 2502 2046 2539 vero
2086 2486 2202 2555 ipse

608 2595 769 2633 causa
800 2594 861 2634 es
884 2578 1099 2632 illorum
1129 2577 1509 2645 dispersionis,
1541 2575 1670 2629 licet
1693 2576 1744 2629 id
1777 2578 2022 2646 garriant
2058 2593 2201 2631 non-

608 2671 764 2734 nulli,
837 2670 932 2724 sed
991 2683 1092 2741 ego
1148 2667 1373 2722 infelix!
1426 2666 1541 2720 Erit
1570 2677 1753 2721 autem
1788 2668 1967 2734 nobis,
2004 2669 2047 2722 si
2080 2684 2204 2739 per-

611 2763 773 2826 feras,
829 2754 1112 2829 utriusque
1172 2759 1252 2813 rei
1284 2757 1621 2813 communio.
1687 2755 2031 2827 Tantamque
2086 2759 2203 2828 ipse

611 2854 918 2909 mercedem
964 2852 1148 2923 capies
1190 2854 1245 2905 in
1301 2851 1483 2906 divina
1554 2850 1780 2904 fratrum
1825 2850 2201 2919 diSpersione;

609 2957 869 3017 quantam
932 2961 1032 3019 ego
1096 2944 1383 2999 nanciscar
1432 2944 1485 2996 in
1534 2943 1599 2997 iis
1649 2943 1740 3013 qui
1800 2942 2202 2997 Thessalonica:

612 3044 809 3115 reliqui
851 3053 980 3098 sunt
1016 3042 1188 3113 legem
1227 3042 1467 3096 divinam
1513 3049 1817 3095 servantes.
1864 3039 1938 3095 Do
1968 3041 2202 3097 carceris

612 3145 792 3190 autem
818 3135 925 3190 mei
954 3135 1180 3190 custode
1210 3134 1347 3189 nihil
1376 3133 1570 3188 attinet
1597 3133 1763 3203 loqui,
1800 3149 1924 3187 cum
1961 3135 2082 3189 talis
2109 3134 2199 3199 sit,

613 3239 669 3283 et
716 3246 840 3284 cum
887 3229 1127 3300 Josepho
1157 3229 1338 3283 animo
1368 3227 1865 3297 conjunctissimus.
1913 3227 2200 3297 Nunquam

613 3336 793 3375 cesses
825 3337 922 3390 pro
949 3319 1261 3375 humilitate
1293 3304 1418 3373 mea
1451 3318 1610 3373 enixe
1639 3317 1846 3387 precari
1869 3358 1882 3383 ,
1930 3316 2100 3372 frater
2127 3318 2201 3372 mi

614 3430 678 3468 ac
735 3412 897 3469 Pater
944 3412 1157 3485 egregie
1188 3422 1242 3467 ct
1278 3412 1640 3467 sanctissime.
1708 3412 1857 3467 Scito
1888 3420 2200 3467 accusatum

618 3507 785 3562 fuisse
844 3507 1229 3571 Theosostum,
1272 3506 1416 3575 quod
1464 3504 1532 3558 ab
1584 3520 1649 3559 eo
1687 3521 1795 3559 non
1831 3504 2197 3573 participaret,

614 3599 704 3669 qui
736 3599 921 3655 sedem
957 3606 1103 3652 tuam
1134 3598 1392 3668 sacrilege
1419 3597 1635 3662 invasit,
1676 3598 2037 3667 cumdemque
2062 3606 2201 3652 stre-

616 3705 723 3743 nue
782 3688 1111 3743 monasterio
1176 3702 1277 3741 suo
1326 3687 1541 3757 pulsum
1602 3685 1792 3742 fuisse.
1875 3687 2201 3743 Athanasius

616 3781 781 3835 frater
825 3788 1011 3833 noster
1060 3794 1275 3833 rursum
1314 3788 1505 3849 captus
1541 3788 1625 3832 est
1657 3788 1712 3833 et
1750 3778 1876 3833 illuc
1912 3779 2196 3850 relegatus.

615 3872 813 3927 tlustos
840 3886 1011 3938 meus,
1044 3886 1167 3926 cum
1190 3870 1438 3935 exiisset,
1475 3870 1657 3925 attulit
1683 3871 1815 3925 mihi
1833 3887 1863 3925 a
1890 3872 2197 3941 patriarcha

616 3962 1044 4018 salutationem:
1105 3961 1351 4033 Ignoscet
1423 3962 1521 4016 tibi
1590 3963 1770 4027 Deus,
1830 3964 2043 4033 inquit,
2108 3965 2197 4019 hic

617 4056 817 4111 habere
852 4055 1250 4109 tc-volebamus
1279 4054 1344 4108 ad
1382 4055 1640 4109 auxilium
1671 4064 1940 4110 nostrum.
1970 4055 2195 4121 Abiisti,

614 4157 670 4204 ct
703 4148 825 4204 istic
869 4148 1195 4213 consedisti,
1237 4148 1457 4203 invideo
1499 4148 1621 4203 tibi.
1668 4148 1825 4214 Quod
1874 4164 1996 4203 cum
2044 4149 2198 4203 audi-

616 4243 838 4306 vissem,
870 4242 986 4296 risi.
1023 4240 1208 4311 Neque
1235 4241 1379 4295 enim
1404 4257 1541 4311 opus
1569 4250 1686 4296 erat
1716 4242 2049 4312 respondere
2078 4258 2193 4307 mc,

617 4333 727 4393 nisi
777 4336 878 4389 hoc
908 4344 1153 4398 tantum;
1200 4332 1343 4402 quod
1398 4334 1439 4387 si
1470 4333 1716 4398 invidet,
1773 4343 1928 4388 exeat
1975 4344 2027 4388 ct
2059 4335 2193 4405 ipse.

620 4431 894 4487 llelaxavit
938 4444 1102 4500 porro
1132 4426 1456 4488 custodiam.
1512 4428 1747 4482 invitatis
1775 4428 1841 4482 ad
1881 4428 2192 4497 requietem.

618 4524 817 4579 Attulit
869 4522 1013 4577 enim
1081 4518 1215 4573 mihi
1273 4528 1326 4572 et
1354 4534 1383 4573 a
1414 4518 1667 4574 Simeone
1698 4520 2103 4584 salutationem,
2144 4532 2195 4574 et
2228 4540 2280 4601 D

616 4617 759 4687 quod
815 4614 994 4669 dicere
1045 4610 1358 4681 imperatori
1415 4611 1563 4676 velit,
1622 4620 1671 4665 te
1712 4611 1766 4664 in
1796 4626 2016 4666 carcere
2062 4613 2201 4665 male

618 4706 839 4767 habere,
874 4712 927 4758 et
950 4717 979 4755 a
1010 4699 1236 4755 Leontio
1272 4700 1535 4755 humilem
1566 4699 1967 4754 salutationem.
2005 4700 2201 4753 Passus

618 4813 761 4859 sum,
794 4796 887 4859 ait,
943 4792 1324 4847 necessitatem
1377 4812 1387 4845 :
1449 4806 1557 4844 non
1597 4808 1681 4844 me
1722 4803 1938 4861 separet
1995 4791 2135 4846 Deus
2171 4807 2199 4845 a

619 4902 871 4943 sermone
937 4894 1048 4938 tuo.
1098 4881 1165 4936 Et
1190 4898 1309 4953 ego,
1382 4882 1520 4943 haec,
1577 4882 1820 4951 inquam,
1868 4885 1935 4936 ab
1976 4883 2065 4936 illo
2091 4899 2200 4937 non

620 4980 853 5050 requiro.
892 4977 1199 5047 Cocgcrunt
1229 4982 1412 5028 autem
1440 4975 1591 5029 illum
1640 4975 1719 5029 ire
1757 4974 1822 5029 ad
1856 4991 2199 5030 oeconomum

621 5083 673 5128 et
704 5070 990 5127 Arseuiunt
1015 5077 1069 5121 et
1090 5066 1356 5121 Joannem
1383 5106 1396 5130 ,
1430 5080 1493 5120 ac
1520 5066 1724 5130 dicere,
1757 5068 1901 5136 quod
1944 5066 2204 5122 Dominus

622 5163 877 5218 Tarasius
924 5160 1072 5213 illttnt
1132 5158 1459 5221 absolverit,
1491 5167 1547 5212 ct
1582 5159 1725 5226 quod
1756 5158 1916 5212 modo
1948 5159 2200 5213 viderim.

625 5255 789 5310 Atilli
839 5269 962 5307 cum
1020 5266 1208 5305 revera
1238 5249 1480 5319 colaphis
1528 5250 1899 5319 exploserunt.
1957 5250 2058 5316 Qui
2088 5267 2205 5305 mc-

625 5365 747 5402 t'lllll
802 5356 925 5412 cst,
982 5355 1253 5415 pastorem
1290 5356 1471 5395 meum
1522 5356 1619 5410 per
1666 5356 1753 5396 me
1783 5343 1980 5397 salutat
2011 5358 2204 5413 magno

627 5441 845 5495 affectu.

1057 5541 1235 5598 XLIV.
1266 5572 1331 5583 -——
1355 5542 1533 5613 Sergio
1562 5544 1783 5596 consuli.

2308 1926 2425 1997 ρίου
2460 1943 2474 1957 ·
2506 1928 2587 1981 ὃτι
2622 1927 2710 1981 διὰ
2742 1929 2945 2000 Κύριον
2973 1932 3005 2001 ἡ
3065 1930 3338 1995 διάλυσις.
3371 1934 3480 1985 Καὶ
3512 1934 3612 2005 οὑχ
3648 1936 3735 1988 δτι
3763 1953 3892 1988 τοσ-

2305 2020 2450 2073 οῦτοι
2485 2019 2721 2090 ἔστησαν
2752 2022 2828 2093 μὴ
2854 2024 3370 2094 κατακαμφθέντες,
3414 2025 3556 2095 μέγα
3596 2026 3660 2080 τὸ
3706 2029 3888 2092 κλέος·

2303 2113 2418 2166 ἀλλ’
2449 2114 2497 2165 εἰ
2540 2114 2635 2168 καὶ
2662 2108 2763 2178 εἷς.
2803 2115 3090 2185 Κρείσσων
3129 2118 3238 2188 γὰρ
3270 2112 3353 2181 εἷς
3395 2118 3643 2173 ποιῶντδ
3675 2120 3892 2191 θέλημα

2304 2205 2533 2273 Κυρίου,
2570 2206 2602 2276 ἢ
2646 2206 2833 2277 μύριοι
2888 2208 3340 2279 παραϐαίνοντες.
3393 2212 3505 2266 Καὶ
3560 2213 3663 2266 οὐκ
3717 2215 3890 2277 αἴτιος

2303 2296 2468 2360 αὐτὸς
2503 2297 2600 2368 τῆς
2642 2297 2853 2362 λύσεως
2894 2299 3098 2367 αὐτῶν,
3128 2302 3177 2353 εί
3230 2302 3325 2355 καὶ
3363 2302 3667 2372 φλυαροῦσί
3701 2320 3886 2365 τινες·

2302 2387 2417 2440 ἀλλ’
2444 2387 2554 2456 ἐγὼ
2584 2390 2613 2441 6
2641 2388 2924 2461 δύστηνος.
2953 2392 3050 2463 Εἷη
3093 2392 3150 2445 δὲ
3200 2396 3335 2463 ἡμῖν
3388 2395 3643 2447 κοινωνία
3669 2434 3687 2459 ,
3726 2396 3887 2464 εἴπερ

2304 2478 2506 2550 ἀνέχῃ,
2536 2479 2623 2530 ἐπ’
2647 2480 2999 2550 ἀμφοτέροις.
3038 2483 3147 2535 Καὶ
3204 2482 3459 2537 τοσοῦτον
3512 2485 3657 2550 ἕξοις
3722 2487 3886 2548 αὐτὸς

2303 2569 2394 2622 τὸν
2429 2570 2621 2640 μισθὸν
2655 2572 2714 2623 ὲν
2764 2574 2829 2641 τῇ
2868 2572 3038 2641 ὲνθέῳ
3066 2572 3309 2625 διαλύσει
3333 2574 3441 2626 τῶν
3463 2575 3739 2645 ἀδελφῶν,
3764 2578 3887 2630 ὅσον

2304 2660 2415 2725 ἐγὼ
2441 2661 2661 2732 εὕροιμι
2690 2662 2749 2715 ὲν
2776 2664 2844 2733 τῇ
2875 2662 3014 2715 κατὰ
3043 2664 3208 2733 νόμον
3236 2664 3371 2718 Θεοῦ
3430 2666 3754 2736 καταλείψει
3788 2669 3887 2737 τῆς

2304 2753 2725 2825 Θεσσαλονίκης.
2756 2755 2892 2825 Περὶ
2936 2755 2990 2808 δὲ
3040 2755 3133 2809 τοῦ
3191 2756 3485 2825 φυλακίτου
3534 2776 3637 2829 μου
3711 2762 3889 2824 οὐδε’·ς

2304 2843 2461 2912 λόγος
2483 2885 2498 2907 ,
2525 2846 2766 2897 τοιούτου
2805 2845 2971 2898 αὐτοῦ
3006 2845 3296 2916 ἀνθρώπου
3339 2847 3511 2914 ὄντος,
3541 2848 3637 2900 καὶ
3674 2852 3889 2919 συμφύ-

2306 2955 2402 3008 χου
2434 2938 2529 2991 τοῦ
2571 2939 2791 3008 Ἰωσήφ.
2816 2938 2905 3009 Μὴ
2962 2938 3259 3003 διαλείποις
3291 2940 3739 3011 ύπερευχόμενος
3789 2940 3888 3008 τῆς

2305 3028 2685 3092 ταπεινώσεώς
2718 3049 2820 3099 μου
2872 3032 3153 3100 κραταιῶς
3176 3074 3190 3096 ,
3211 3031 3589 3101 ἀδελφοπάτορ
3619 3049 3725 3102 μου
3755 3032 3887 3085 καλὲ

2310 3124 2399 3177 καὶ
2454 3124 2736 3178 ὁσιώτατε.
2794 3125 3035 3178 Γίνωσκε
3082 3125 3406 3179 ὲνσταθέντα
3441 3124 3534 3178 τὸν
3569 3125 3886 3179 Θεὸσωστον

2311 3212 2404 3266 τοῦ
2440 3213 2514 3283 μὴ
2537 3215 2860 3283 κοινωνῆσαι
2882 3214 3041 3267 αὑτὸν
3071 3217 3135 3267 ὲκ
3163 3213 3257 3267 τοῦ
3290 3215 3521 3285 ἁνιέρως
3565 3215 3887 3278 ἀνελθόντος

2309 3308 2388 3370 εἰς
2442 3306 2534 3357 τὸν
2577 3305 2764 3375 θρόνον
2798 3322 2891 3358 σου
2916 3321 2929 3333 ·
2970 3308 3064 3360 καὶ
3114 3305 3477 3376 ὲκδιωχθέντα
3521 3308 3792 3372 νεανικῶς
3825 3311 3888 3362 ἐκ

2306 3397 2402 3451 τοῦ
2464 3396 2827 3468 μοναστηρίου
2889 3397 3074 3452 αὑτοῦ.
3106 3399 3169 3451 Οἱ
3235 3398 3365 3469 περὶ
3414 3397 3505 3450 τὸν
3552 3398 3877 3453 Ἀθανὰσιον

2308 3488 2527 3557 ἀδελφοὶ
2585 3487 2770 3557 ἡμῶν,
2824 3486 3396 3558 ἀκμὴν¹κρατοῦνται
3452 3491 3884 3560 περιωρισμένοι

2308 3582 2506 3634 ἐκεῖσε.
2553 3579 2610 3632 Ὀ
2643 3579 2946 3650 φυλακίτης
2978 3597 3081 3649 μου
3115 3578 3364 3644 ἐξελθὼν,
3400 3579 3578 3650 ἤγαγέ
3601 3598 3695 3641 μοι
3726 3599 3887 3651 προσο

2308 3671 2534 3741 κύνησιν
2595 3673 2659 3723 ὲκ
2714 3669 2808 3722 τοῦ
2870 3672 3210 3742 πατριάρχου
3263 3670 3537 3738 λέγοντος.
3570 3672 3654 3724 ὅτι
3688 3674 3717 3725 6
3754 3674 3883 3735 Θεὸς

2310 3763 2659 3833 συγχωρήσει
2715 3776 2838 3815 σοι’
2870 3762 2989 3825 τοῦ,
3026 3762 3307 3833 ηὐχόμεθα
3358 3762 3503 3832 ἔχειν
3559 3778 3621 3813 σε
3648 3756 3753 3816 ὦδε
3806 3767 3884 3825 εἰς

2309 3854 2561 3924 βοήθειαν
2614 3853 2792 3923 ἡμῶν.
2837 3850 3119 3919 Ἐξῆλθες,
3180 3853 3275 3905 καὶ
3336 3852 3600 3914 ἑκάθισας
3648 3854 3877 3906 αὐτόθι·

2307 3947 2420 4010 καὶ,
2454 3948 2535 4000 ὅτι
2572 3945 2754 4015 φθονῶ
2790 3962 2872 3999 σε.
2916 3945 3025 3997 Καὶ
3074 3944 3311 4007 ἀκούσας
3343 3945 3601 4013 ἐγέλασα.
3669 3947 3744 3998 Οὐ
3778 3946 3882 4016 γὰρ

2305 4036 2373 4111 ἦν
2414 4040 2573 4109 χρεία
2615 4038 2751 4101 τέως
2801 4036 3167 4107 ἀποκριθῆναί
3202 4055 3267 4107 με
3294 4053 3307 4067 ’
3342 4037 3374 4108 ἢ
3412 4036 3594 4107 μόνον,
3626 4036 3747 4088 Ὀτι
3792 4039 3882 4089 ἐὰν

2306 4130 2499 4201 φθονῇ,
2535 4130 2724 4199 ἐξέλθῃ
2756 4129 3029 4191 κάκεῖνος.
3082 4127 3391 4197 Ἐχαύνωσε
3434 4128 3491 4180 δὲ
3526 4127 3618 4179 καὶ
3650 4128 3749 4197 τὴν
3782 4146 3877 4197 φυ-

2306 4218 2477 4288 λακὴν
2524 4217 2967 4288 προτρεπόμενος
2994 4218 3071 4279 εἰς
3102 4216 3432 4269 ἀνάπαυσιν.
3474 4215 3743 4287 Ἔξήγαγε
3777 4219 3881 4289 γάρ

2307 4329 2401 4380 μοι
2429 4311 2520 4363 καὶ
2557 4312 2619 4361 ἐκ
2650 4309 2744 4361 τοῦ
2777 4307 3003 4378 Συμεὼν
3032 4307 3405 4379 προσκύνησιν
3425 4322 3438 4336 ’
3470 4308 3565 4360 καὶ
3595 4310 3676 4361 ὅτι
3704 4309 3882 4379 βούλε-

2304 4420 2395 4455 ται
2430 4400 2746 4471 λαλῆσαιτῷ
2766 4400 2993 4471 βασιλεῖ,
3009 4400 3091 4453 ὅτι
3112 4402 3449 4463 κεκοπὲακας
3463 4401 3521 4453 ὲν
3551 4403 3617 4471 τῇ
3645 4402 3879 4473 φυλακῇ.

2307 4498 2418 4549 Καὶ
2449 4496 2513 4548 ὲκ
2552 4496 2644 4547 τοῦ
2668 4496 2921 4548 Λεοντίου
2971 4494 3445 4565 τεταπεινωμένην
3490 4495 3879 4565 προσκύνησιν,

2306 4588 2558 4655 λέγοντος
2582 4602 2595 4615 ’
2632 4588 2713 4639 δτι
2756 4587 3003 4657 ἀνάγκην
3054 4585 3255 4639 ἔπαθον
3278 4603 3290 4616 ·
3327 4586 3421 4639 καὶ
3448 4586 3524 4655 μὴ
3556 4588 3878 4657 συγχωρήσῃ

2310 4698 2377 4750 με
2401 4683 2427 4733 6
2457 4680 2587 4741 Θεὸς
2624 4680 2713 4732 τοῦ
2747 4679 2905 4747 λόγου
2962 4697 3077 4733 σου.
3113 4680 3223 4732 Καὶ
3257 4674 3411 4732 εἷπον
3453 4679 3533 4731 ὃτι
3575 4680 3639 4731 ού
3672 4680 3879 4750 χρῄζων

2306 4772 2475 4826 ταῦτα
2508 4773 2602 4824 ἀπ’
2638 4765 3189 4839 αὖτοῦ.”11νάγκασαν
3215 4771 3272 4824 δὲ
3300 4770 3465 4823 αὐτὸν
3506 4771 3770 4823 ἀπελθεῖν
3803 4771 3876 4833 εἷς

2306 4882 2363 4917 τε
2402 4866 2490 4917 τὸν
2517 4866 2824 4931 οἰκονόμον,
2860 4867 2953 4916 καὶ
2993 4864 3084 4917 τὸν
3118 4862 3417 4933 Ἀρσένιον,
3442 4862 3541 4915 καὶ
3574 4863 3672 4915 τὸν
3714 4861 3879 4916 Ἰωάν-

2310 4974 2429 5026 νην,
2455 4955 2679 5023 λέγοντα
2710 4972 2719 4982 ·
2749 4957 2829 5008 ὅτι
2862 4958 2887 5007 ὁ
2916 4953 3073 5024 κῦρις
3103 4953 3374 5023 Ταράσιος
3403 4951 3678 5005 ἀπέλυσεν
3707 4953 3876 5007 αὐτόν’

2310 5051 2404 5102 καὶ
2435 5050 2517 5100 ὃτι
2554 5048 2678 5117 ἄρτι
2716 5046 3004 5115 ἀνέϐλεψα.
3037 5046 3145 5097 Καὶ
3186 5045 3574 5115 ἀπερῤάπισαν
3610 5044 3774 5097 αὑτὸν
3812 5042 3879 5111 τῷ

2309 5139 2443 5192 ὄντι.
2492 5139 2548 5191 Ὀ
2603 5141 2700 5191 σὺν
2754 5140 2876 5208 ἐμοὶ
2929 5135 3326 5207 προσαγορεύει
3382 5135 3532 5205 πόθῳ
3588 5136 3770 5208 πολλῴ
3801 5135 3879 5187 τὸν

2312 5232 2546 5301 ποιμένα
2585 5250 2684 5301 μου
2721 5232 2777 5297 ἐξ
2803 5230 2955 5300 ἐμοῦ.

2597 5541 2727 5594 ΜΔ.
2769 5572 2833 5582 -——
2869 5540 3087 5605 ,Σεργίῳ
3129 5535 3349 5598 ὑπάτῳ.
3410 5532 3615 5605 [ρμγ’.]

1433 5635 1716 5684 Gratulatur
1739 5636 1784 5683 ei
1810 5634 2079 5696 dignitates
2102 5634 2147 5680 in
2172 5636 2281 5685 aula
2320 5650 2329 5683 :
2370 5636 2691 5693 hortaturque
2718 5637 2769 5679 ut
2806 5630 2933 5679 bene
2962 5636 3088 5691 agat.

697 5723 777 5779 Tu
810 5723 1024 5793 quidem
1053 5762 1065 5783 ,
1116 5730 1174 5775 ut
1206 5719 1361 5775 audio
1387 5760 1400 5777 .
1446 5720 1579 5774 alios
1613 5734 1675 5773 ex
1700 5719 1819 5774 aliis
1857 5720 2088 5775 honores
2120 5732 2207 5773 ca-

704 5836 744 5867 ”
784 5836 948 5890 Eccli.
988 5851 1094 5898 xvi,
1124 5835 1176 5887 ’5.

2384 5719 2553 5780 Αὐτὸς
2590 5718 2709 5786 μὲν,
2730 5717 2802 5778 ὡς
2840 5712 3115 5784 μανθάνω,
3142 5710 3389 5782 άμείόεις
3418 5708 3595 5780 ἀρχὰς
3625 5707 3686 5774 ἐξ
3716 5706 3876 5779 ἀρχῶν
