4008 6318
199 373 332 437 1060

194 582 403 650 πημένε
439 597 527 649 μοι
567 580 702 650 ὁμοῦ
734 583 826 634 καὶ
860 582 1175 650 τιμιώτατε.
1220 581 1358 648 Ἐγὼ
1399 582 1455 634 δὲ
1492 586 1520 636 ὁ
1564 600 1750 635 ταπει-

193 673 279 735 νὸς
325 674 384 724 οὐ
447 672 812 742 διαλιμπάνω,
845 671 920 740 τῷ
963 672 1076 725 ἄνω
1122 675 1215 725 καὶ
1265 675 1480 726 πάντων
1538 673 1749 743 βασιλεῖ

194 764 347 831 φίλον
376 764 573 817 οἰκεῖόν
607 781 665 816 σε
691 764 758 816 δι’
789 765 1070 828 εὐσεϐείας
1094 765 1380 835 ὑπάρχειν.
1402 764 1545 816 Διότι
1567 766 1749 831 κρεῖσο

194 873 284 907 σον
326 855 421 907 καὶ
462 854 522 907 τὺ
562 855 851 908 πολλοστὸν
883 855 1137 926 τετάχθαι
1186 856 1327 908 κατὰ
1355 856 1416 907 τὸ
1454 855 1752 925 ἀκρότατον

192 945 421 1014 ἔσχατον
449 944 525 1014 τῷ
547 945 808 1014 οὐρανίῳ,
844 946 876 1015 ἢ
916 947 1054 1000 κατὰ
1097 946 1155 998 τὸ
1189 946 1491 1017 πρώτιστον
1531 946 1609 1015 τῷ
1633 946 1754 998 ἐπι-

193 1037 345 1106 γεὶῳ.
385 1037 631 1089 Πιστεύω
669 1038 725 1089 δὲ
780 1037 934 1100 εἰδώς
995 1055 1086 1091 σου
1119 1039 1178 1090 τὸ
1229 1038 1616 1108 φιλομέριμνον
1656 1039 1754 1107 τῆς

194 1128 486 1197 σωτηρίας,
522 1129 688 1197 μηδὲν
747 1129 1229 1199 παραςημιοῦσθαι
1276 1131 1354 1192 είς
1381 1129 1580 1199 ψυχὴν.
1616 1129 1752 1185 ἀλλὰ

192 1218 287 1269 καὶ
326 1216 786 1287 παρακερδαίνειν
821 1220 884 1270 ὲκ
917 1218 1010 1270 τοῦ
1040 1218 1379 1287 ἀξιώματος·
1416 1219 1583 1271 ὄντων
1628 1219 1751 1289 τρό-

193 1326 313 1361 πων
364 1310 463 1361 ούκ
502 1308 697 1376 ὀλίγων
746 1310 824 1371 εἰς
873 1308 1222 1362 λυσιτέλειαν.
1269 1310 1508 1380 Ἥρκεσε
1541 1309 1650 1379 γὰρ
1678 1307 1755 1378 τῷ

197 1401 400 1471 πτωχῷ
448 1401 701 1454 ὑποτελεῖ
743 1402 801 1454 ού
838 1401 997 1470 μόνον
1042 1401 1209 1472 ἁνοχὴ
1240 1402 1421 1473 φόρων
1447 1418 1460 1431 ·
1492 1401 1629 1455 ἀλλά
1663 1401 1757 1454 καὶ

189 1490 317 1560 ἂψις
368 1493 602 1561 εὐμενὴς
646 1491 744 1545 τοῦ
798 1493 864 1544 τὰ
911 1488 1162 1562 βασιλικά
1190 1491 1446 1562 χρήματα
1486 1490 1752 1560 αἴροντος.

192 1581 289 1633 καὶ
356 1580 505 1650 φωνὴ
546 1580 679 1649 ἠπίσ
716 1620 732 1645 ,
766 1581 860 1634 καὶ
904 1581 1143 1650 φθόγγος
1180 1582 1577 1653 χαιρετιστικός
1604 1597 1617 1611 °
1662 1580 1758 1634 καὶ

191 1670 348 1724 οὔπω
390 1660 533 1738 λέγω
581 1672 733 1725 λύσιν
769 1672 1065 1742 συνδέσμου
1105 1674 1338 1737 ἀδικίας,
1362 1673 1498 1726 ἀλλα
1544 1690 1604 1726 τε
1656 1674 1757 1726 ὅσα

192 1763 654 1816 ἐπακολουθοῦσιν
678 1764 914 1833 εὐχερῶς
937 1766 1108 1817 ποιεῖν
1145 1764 1222 1834 τῷ
1252 1764 1469 1833 ἄρχοντι
1489 1764 1565 1833 τῷ
1598 1764 1757 1834 ἀρχο-

1402 370 1930 438 EPISTULARUM
1972 377 2114 437 LIB.
2161 378 2197 435 I.

193 489 339 559 παρά
365 486 443 557 τῷ
472 488 625 542 κάτω
656 490 915 559 Καίσαρι,
948 491 1041 544 καὶ
1074 489 1223 559 παρά
1253 491 1587 561 προαίρεσιν,
1608 496 1748 562 ὴγα-
1780 506 1821 564 Α

3281 372 3415 436 1070

1851 492 2026 560 pessis
2058 492 2201 560 apud
2225 490 2490 544 Caesarem
2515 499 2780 553 nostrum,
2799 488 2959 557 idque
2988 500 3180 555 praeter
3208 500 3414 550 votum.

1850 583 2044 637 dilecte
2089 584 2163 637 mi
2217 583 2421 653 pariter
2470 598 2534 637 ac
2574 581 3047 638 reverendissime.
3100 582 3210 652 Ego
3291 598 3419 636 vero

1852 670 2074 726 humilis
2104 681 2293 742 optare
2344 687 2451 726 non
2478 672 2670 726 desino
2690 714 2704 735 ,
2756 680 2809 725 te
2838 671 3071 725 amicum
3097 670 3418 725 familiarem

1855 761 2063 816 cmlesti
2107 764 2349 816 omnium
2386 762 2495 833 regi
2548 778 2644 833 per
2672 762 2923 830 pietatem
2961 776 3099 816 esse.
3152 760 3420 827 Quoniam

1853 852 2047 906 melius
2103 862 2188 908 est
2234 853 2523 908 millesimo
2569 861 2623 907 et
2660 853 2901 906 omnium
2952 861 3222 922 postremo
3279 849 3423 918 apud

1854 941 2129 997 cwlcstem
2158 983 2173 1008 ,
2235 957 2394 1012 quam
2453 942 2696 997 omnium
2751 941 2924 1010 primo
2970 941 3113 1012 apud
3148 950 3421 994 terrenum

1854 1050 2033 1107 regem
2079 1034 2199 1088 loco
2246 1034 2475 1089 censeri.
2521 1034 2667 1088 Bona
2693 1042 2871 1087 autem
2899 1047 2991 1100 spe
3022 1047 3171 1092 sum,
3204 1044 3426 1100 perspe-

1854 1135 2001 1186 ctum
2068 1126 2276 1180 habens
2339 1126 2485 1196 quod
2542 1140 2726 1180 curam
2778 1123 2968 1178 salutis
3012 1136 3208 1194 geras,
3278 1121 3425 1175 nulla

1854 1233 1919 1273 ex
1978 1228 2133 1288 parte
2190 1219 2308 1274 laedi
2368 1218 2603 1272 animam
2661 1226 2828 1282 tuam,
2873 1216 2969 1271 sed
3008 1216 3216 1269 lucrum
3261 1214 3426 1268 etiam

1856 1308 2034 1363 facere
2062 1324 2129 1363 ex
2159 1309 2416 1380 dignitate
2455 1327 2469 1364 :
2512 1324 2633 1364 cum
2681 1308 2788 1365 sint
2836 1322 2945 1361 non
2996 1305 3155 1377 pauci
3198 1305 3266 1360 ad
3300 1319 3426 1373 pro-

1858 1400 2146 1456 ﬁciendum
2199 1401 2366 1455 modi.
2415 1400 2623 1456 Sufﬁcit
2677 1400 2824 1477 enim
2854 1397 3078 1469 pauperi
3116 1395 3424 1458 tributario,

1858 1508 1968 1547 non
2034 1493 2209 1548 solum
2263 1492 2586 1547 tributorum
2658 1492 2907 1547 remissio
2954 1508 2967 1544 :
3021 1504 3208 1544 verum
3264 1487 3427 1542 etiam

1859 1582 2125 1652 benignus
2150 1590 2401 1650 aspectus
2428 1582 2569 1635 illius
2606 1581 2696 1650 qui
2726 1579 2983 1649 pecunias
3003 1579 3177 1649 regias
3205 1577 3425 1647 colligit,

1858 1681 1914 1725 et
1942 1685 2047 1724 vox
2080 1670 2219 1723 lenis
2259 1678 2313 1723 et
2341 1669 2548 1723 salvere
2572 1669 2813 1738 jubentis
2841 1682 3046 1721 sonus:
3086 1681 3149 1720 ac
3187 1666 3427 1719 nondum

1860 1764 1983 1818 dico
2038 1762 2367 1817 solutionem
2408 1762 2605 1816 vinculi
2648 1760 2966 1829 iniquitatis,
3022 1769 3077 1813 et
3127 1758 3227 1811 alia
3282 1773 3430 1827 quae-

194 1851 368 1920 μένῳ,
403 1852 493 1918 Μὴ
517 1852 694 1904 τοίνυν
712 1832 893 1920 ἐφ’νῶν
926 1847 1053 1923 δύνῃ
1080 1847 1137 1905 εὗ
1173 1832 1386 1917 ποιεῖν,
1419 1832 1649 1905 σεαυτὸν
1670 1832 1758 1907 διὰ

1869 1869 2079 1923 cunque
2128 1868 2157 1905 a
2209 1851 2452 1921 principe
2496 1866 2621 1921 erga
2649 1852 2891 1905 subditos
2949 1848 3063 1903 fieri
3104 1849 3299 1902 solent.
3352 1846 3431 1899 Ne

189 1938 291 2005 τῆς
326 1939 407 1999 είς
436 1937 654 2006 ἑτέρους
688 1939 1055 2008 χρηστότητος
1097 1938 1379 2008 ἀμελοίης,
1411 1939 1583 2008 Κύριέ
1617 1958 1716 2009 μου
1742 1956 1756 1971 ·

187 2027 307 2080 ἀλλ’
328 2027 404 2091 ὡς
432 2028 649 2090 συνετὸς
679 2029 772 2081 καὶ
803 2027 956 2092 εἰδὼς
1002 2029 1195 2100 μικρὸν
1228 2028 1454 2099 ὕστερον
1479 2030 1760 2096 ἐξελεύσε-

194 2120 321 2173 σθαι
351 2120 500 2189 ἡμᾶς
532 2119 685 2173 τοῦδε
710 2119 803 2172 τοῦ
829 2120 965 2189 βίου,
998 2121 1160 2190 μηδὲν
1184 2120 1310 2175 ἀλλο
1340 2122 1693 2191 συναίροντας
1724 2120 1757 2191 ἢ

191 2212 291 2274 τὰς
347 2210 577 2279 πράξεις
603 2227 615 2239 ·
641 2210 917 2274 τοιαύταις
968 2213 1062 2264 καὶ
1116 2211 1487 2282 προαείμεθα
1512 2252 1527 2275 ,
1568 2212 1665 2275 τὰς
1702 2211 1759 2264 δὲ

194 2302 288 2355 καὶ¹
322 2301 747 2372 θησαυρίζοιμεν
777 2318 790 2332 ⁸
817 2301 1060 2370 δηλονότι
1090 2301 1189 2364 τὰς
1212 2303 1417 2371 ἐφόδιον
1445 2304 1577 2371 ἡμῖν
1614 2302 1758 2371 ζωῆς

192 2393 443 2456 αἰωνίου,
473 2393 568 2446 καὶ
614 2393 964 2455 ἀπολαύσεως
1005 2378 1332 2466 ἀπορρήτων
1381 2394 1602 2462 ἀγαθῶν
1635 2395 1761 2464 μελ-

192 2484 397 2546 λούσας
454 2482 691 2537 ἑσεσθαι.
725 2484 853 2548 Ναὶ,
892 2486 1191 2553 παρακαλῶ
1230 2486 1291 2538 τὸ
1341 2486 1474 2554 ἐμὸν
1514 2480 1672 2554 αἷμα,
1702 2486 1762 2538 τὸ

193 2575 330 2643 ἐμὸν
386 2574 609 2644 πόθημα
637 2615 653 2641 ,
699 2575 760 2627 τὸ
800 2574 1012 2646 αγαθῆς
1060 2576 1226 2638 ὅντως
1276 2576 1429 2646 ῥίζης
1478 2576 1761 2645 βλάστημα

196 2667 400 2734 Ἀννης
437 2664 673 2733 ἐκείνης,
706 2664 801 2735 τῆς
840 2665 963 2734 ἐμοὶ
1012 2666 1314 2733 σεϐασμίας
1350 2667 1441 2718 καὶ
1484 2666 1761 2736 ἐρασμιω-

192 2752 367 2822 τάτης
394 2752 478 2806 ὅτι
516 2752 770 2821 μάλιστα,
810 2754 947 2806 πᾶσι
976 2753 1032 2806 δὲ
1064 2756 1177 2816 τοῖς
1206 2754 1501 2825 γνωρίμοις
1520 2757 1763 2807 ἐπαινου-

198 2845 370 2915 μένης
405 2845 496 2898 διὰ
521 2845 843 2915 σεμνότητα,
861 2846 957 2915 τῆς
980 2846 1117 2916 ἐμῆς
1145 2845 1220 2908 ὡς
1240 2846 1451 2914 ἀληθῶς
1485 2847 1763 2918 μακαρίας

196 2938 408 3009 μητρὸς
428 2937 837 3007 ἀμφοτέρωθεν.

1868 1942 2032 2012 igitur
2058 1941 2110 1994 in
2137 1940 2333 2003 quibus
2358 1949 2512 2008 potes
2542 1940 2883 2002 benefacere,
2921 1938 3174 2007 teipsum,
3210 1934 3431 1988 Domine

1866 2033 1962 2096 mi,
2019 2039 2240 2100 propter
2310 2030 2606 2084 bonitatem
2660 2028 2713 2081 in
2737 2028 2895 2091 alios,
2949 2026 3281 2098 neglexeris;
3335 2023 3432 2077 sed

1866 2130 2120 2192 tanquam
2163 2121 2403 2191 prudens
2457 2130 2513 2175 et
2537 2121 2717 2175 sciens
2753 2135 2855 2175 nos
2887 2135 2951 2175 ex
2996 2120 3096 2174 hac
3125 2120 3235 2173 vita
3274 2116 3461 2187 paulo

1866 2228 1991 2267 mox
2031 2228 2386 2275 excessuros,
2439 2211 2576 2267 nihil
2620 2212 2766 2266 aliud
2798 2211 3108 2265 auferentes
3151 2208 3434 2263 nobiscum

1865 2312 2061 2373 praeter
2089 2302 2334 2358 actiones
2363 2322 2376 2358 :
2426 2303 2480 2356 in
2510 2303 2606 2357 has
2638 2300 2863 2371 proinde
2891 2300 3265 2354 incumbamus
3291 2336 3304 2361 ,
3338 2297 3439 2350 has

1863 2403 1918 2449 et
1944 2394 2374 2449 thesaurizemus
2405 2410 2418 2446 :
2452 2392 2653 2463 quippe
2681 2406 2800 2461 quae
2829 2391 3086 2444 viaticum
3124 2387 3283 2442 nobis
3314 2385 3437 2440 vitm

1858 2495 2077 2540 aeternae
2110 2494 2166 2540 et
2196 2485 2464 2540 fruitionis
2489 2485 2753 2539 bonorum
2777 2479 3218 2537 inenarrabilium
3244 2479 3437 2533 futura:

1863 2584 2008 2630 sunt.
2032 2573 2144 2637 Nae,
2175 2577 2404 2630 obsecro
2442 2584 2494 2629 te
2525 2575 2843 2645 sanguinem
2872 2589 3075 2636 meum,
3107 2567 3437 2625 desiderium

1866 2682 2047 2721 meum
2076 2708 2092 2732 ,
2142 2667 2299 2722 bona:
2327 2668 2551 2723 omnino
2588 2666 2782 2720 radicis
2816 2680 3036 2735 germen
3074 2664 3244 2717 Annze
3271 2662 3436 2725 illius,

1867 2774 1985 2827 quae
2014 2769 2069 2813 et
2092 2760 2222 2813 mihi
2248 2761 2558 2815 veneranda
2589 2770 2643 2814 et
2672 2759 2972 2813 adamanda
3006 2771 3168 2826 supra
3194 2755 3437 2819 modum,

1870 2851 2127 2906 omnibus
2168 2868 2296 2907 vero
2351 2854 2441 2923 qui
2507 2869 2625 2907 eam
2682 2861 2883 2906 norunt
2942 2851 3154 2904 laudata
3216 2854 3440 2917 propter

1873 2942 2247 3010 honestatem;
2282 2960 2416 3000 mea:
2441 2961 2625 2999 revera
2662 2945 2831 2999 beatae
2857 2944 3047 2998 matris
3076 2940 3350 3008 utrinque.

199 3031 330 3086 Tres
355 3030 593 3099 epistola:
628 3038 891 3099 sequentes
924 3027 1107 3083 desunt
1142 3030 1194 3083 in
1220 3030 1366 3108 libris
1398 3048 1526 3108 mss.
1560 3032 1744 3108 quibu_s_
1765 3035 2043 3108 usisnmus
2072 3052 2102 3108 :_
2123 3046 2324 3092 tantum
2370 3040 2733 3108 inscriptiones
2783 3047 3033 3091 notantur
3074 3036 3175 3088 isto
3234 3034 3348 3087 loco
3390 3038 3441 3084 et

1211 3100 1390 3155 ordine
1419 3103 1472 3154 in
1501 3118 1599 3155 ms.
1641 3101 1845 3173 collegii
1871 3108 2036 3160 nostri
2070 3105 2415 3163 Parisiensis.

558 3214 694 3268 ME'.
715 3243 781 3253 —
814 3213 1160 3283 Ναυκρατίῳ
1214 3213 1423 3280 τέκνῳ.

568 3303 711 3371 MG'.
747 3336 815 3345 ——
840 3308 1017 3373 Ἅννῃ
1055 3306 1382 3374 ἡγουμένῃ.

560 3400 688 3454 ΜΖ¹.
724 3430 794 3440 --
817 3400 1164 3467 Ναυκρατίῳ
1190 3400 1396 3465 τέκνῳ.

440 3505 444 3509 ’
493 3539 712 3593 MH'.—
738 3540 1069 3603 Ἀθανασίῳ
1086 3540 1291 3602 τέκνῳ.
1321 3539 1495 3610 [σιβ¹.,

2292 3220 2450 3275 XLV.
2483 3252 2547 3267 -ο
2579 3223 2871 3277 Naucratio
2916 3223 3044 3290 ﬁlio.

2237 3310 2418 3366 XLVI.
2448 3343 2517 3353 —
2548 3313 2712 3367 Anna:
2758 3314 3067 3382 pra-positae.

2260 3399 2466 3455 XLVII.
2502 3433 2569 3442 —
2594 3402 2889 3456 Naucratio
2916 3403 3045 3471 filio.

2268 3541 2497 3597 XLVIII.
2526 3574 2591 3583 -—
2617 3545 2904 3599 Athanasio
2929 3544 3061 3612 ﬁlio.

235 3654 561 3709 Sententiazn
587 3654 986 3711 Machianorum,
1014 3653 1242 3704 haeresim
1268 3666 1380 3703 esse
1405 3655 1643 3715 ostendit,
1676 3658 1729 3704 et
1753 3654 2137 3705 orthodoxorum
2158 3659 2429 3708 certamina
2451 3659 2709 3709 describit.
2750 3660 2954 3722 (Baron.
2982 3673 3093 3709 uim.
3118 3659 3233 3722 809,
3257 3673 3306 3711 η.
3342 3662 3446 3723 50.)

285 3762 577 3832 Ἐνέτυχόν
614 3777 707 3812 σου
730 3762 841 3823 τοῖς
874 3760 1216 3831 γράμμασιν,
1254 3760 1448 3829 ἀδελφὲ
1481 3758 1775 3830 ἠγαπημέ-

198 3872 281 3917 νε,
347 3851 727 3924 μακροθύμως
759 3867 772 3881 ·
805 3853 899 3904 καὶ
934 3851 1159 3922 ἐξέστην
1216 3853 1309 3905 ἐπὶ
1353 3855 1423 3921 τῇ
1471 3851 1645 3923 ἀθρόᾳ
1681 3867 1773 3903 σου

202 3944 483 4015 μεταϐολῇ
518 3942 679 3996 λίαν.-
703 3943 924 4011 Ἀφήσω
975 3942 1037 3995 τὸ
1084 3943 1347 4014 πρότερον
1380 3960 1393 3973 ο
1421 3945 1502 3997 ὅτι
1554 3942 1771 4010 σύνοψι-

199 4035 351 4097 σθείς
384 4050 480 4103 μοι
499 4031 878 4101 ὼμοφώνησας
906 4031 1117 4101 αἵρεσιν
1165 4028 1305 4083 εἶναι
1342 4031 1438 4101 τὴν
1464 4033 1778 4100 Μοιχειανι-

195 4128 303 4197 κὴν
327 4122 700 4195 ψευδοδοξίαν·
738 4122 959 4189 ἄγνοιαν
984 4122 1416 4192 προϐαλλόμενος
1436 4125 1531 4176 καὶ
1562 4123 1659 4191 τὴν
1685 4124 1776 4175 ἀπ’

195 4218 381 4271 ἀλλων
421 4213 711 4283 συντυχίαν
738 4230 750 4242 ·
784 4214 897 4266 ἀλλ’
928 4217 1009 4267 ὃτι
1033 4232 1094 4280 γε
1124 4214 1217 4268 καὶ
1256 4214 1392 4282 μετὰ
1432 4214 1602 4267 ταῦτα
1644 4214 1774 4267 ἀνα-

195 4308 365 4375 γνοὺς
391 4303 497 4373 τὴν
525 4302 880 4369 Πεντάλογον,
913 4304 1200 4372 ἀπέφηνας
1228 4303 1397 4372 αὐτὴν
1427 4304 1778 4369 πεντάφωτον

199 4392 367 4450 εἶναι.
402 4394 522 4447 Νῦν
559 4392 638 4457 δὲ,
666 4391 739 4450 ὼς
767 4392 942 4445 ἔοικεν
969 4431 980 4456 ,
1017 4392 1309 4456 ἀντιθέτως
1337 4394 1506 4463 αὐτὴν
1537 4393 1775 4460 ὑπολαμο

1943 3760 2131 3831 Magna
2188 3778 2311 3816 cum
2364 3764 2626 3834 patientia
2685 3764 2787 3835 legi
2827 3764 3037 3820 litteras
3078 3775 3218 3828 tuas,
3280 3766 3450 3821 frater

1872 3854 2248 3910 charissime:
2305 3866 2361 3910 et
2426 3857 2583 3911 valde
2642 3857 2893 3931 obstupui
2965 3857 3034 3911 ad
3106 3858 3447 3927 repentinam

1875 3947 2226 3999 mutationem
2292 3955 2461 4000 tuam.
2526 3947 2676 4002 Mitto
2735 3949 2919 4018 priora
2967 3949 3079 4010 illa,
3134 3950 3280 4018 quod
3324 3964 3448 4005 cum

1880 4051 2062 4091 coram
2107 4052 2319 4091 mecum
2363 4052 2547 4098 esses,
2611 4038 2857 4092 haeresim
2899 4053 3021 4094 esse
3060 4038 3343 4095 confessus
3389 4056 3451 4100 es

1880 4129 2291 4184 Maachianicam
2337 4129 2528 4184 falsam
2571 4130 2926 4198 opinionem;
2990 4130 3259 4185 inscitiam
3312 4148 3451 4201 pra:-

1879 4220 2067 4274 dicans
2096 4228 2151 4273 et
2198 4220 2426 4273 aliorum
2466 4220 2555 4288 qui
2588 4229 2993 4275 convenerant:
3049 4230 3236 4290 postea
3285 4222 3449 4277 etiam

1879 4323 2001 4362 cum
2034 4307 2384 4378 Pentalogum
2415 4308 2667 4377 legisses,
2698 4310 3085 4379 quintuplicem
3116 4326 3239 4364 eum
3272 4311 3449 4366 lucem

1879 4413 1999 4451 esse
2022 4398 2407 4466 pronuntiasti.
2430 4398 2587 4453 Nunc
2616 4408 2838 4462 vero,ut
2859 4409 3100 4470 apparet,
3124 4400 3451 4473 impugnan-

197 4487 389 4548 ϐἀνεις
425 4500 441 4512 ⁸
485 4483 612 4549 ὃλην
657 4498 746 4534 σου
794 4482 894 4550 τὴν
918 4482 1132 4551 ὁμιλίαν
1160 4483 1350 4552 ὁμοίαν
1382 4501 1463 4537 σοι
1500 4484 1599 4551 τῆς
1647 4484 1766 4550 πρὶν

1879 4489 2005 4542 dum
2059 4489 2153 4543 tibi
2222 4490 2369 4544 illum
2427 4490 2839 4546 sumis:totam
2897 4492 3197 4547 orationem
3266 4500 3448 4557 tuam,

196 4576 456 4644 ἀγνοίας,
493 4573 696 4644 μᾶλλον
739 4573 793 4625 δὲ
846 4575 938 4625 καὶ
991 4575 1151 4626 πλέον
1177 4575 1624 4645 ἀπεχθανομένην
1661 4578 1774 4637 τοῖς

194 4669 303 4721 ὑπὸ
349 4668 461 4736 τῆς
508 4664 889 4727 ταπεινώσεώς
920 4682 1018 4733 μου
1060 4664 1268 4735 ῥηθεῖσι
1298 4665 1553 4727 πνεύσας.
1590 4667 1697 4717 Καὶ
1729 4666 1776 4716 εί

197 4761 298 4830 μὲν
322 4755 470 4827 ἐμοῦ
504 4755 681 4822 λόγια,
720 4755 906 4824 ἐπειδὴ
939 4756 1229 4822 σκοτεινὸς,
1259 4757 1409 4808 οὐδὲν
1441 4757 1771 4826 θαυμαστόν.

205 4848 437 4916 Ἐπειδὴ
492 4847 549 4899 δὲ
587 4845 674 4898 διὰ
720 4849 901 4916 φωνῆς
953 4847 1180 4917 Κυρίου,
1231 4849 1540 4901 ἀποστόλων
1580 4866 1639 4900 τε
1682 4852 1776 4900 καὶ

195 4937 530 5010 προφητῶν,
561 4935 695 5006 πρὸς
715 4935 926 4997 τούτοις
955 4935 1012 4987 δὲ
1041 4935 1133 4988 καὶ
1162 4935 1444 5005 θεοφόροις
1502 4934 1776 5004 Πατράσιν

196 5027 669 5089 ὲναποδέδεικται,
702 5026 782 5079 ὅτι
830 5026 1042 5097 αἵρεσις
1072 5021 1431 5095 χαλεπωτᾶτη
1457 5044 1471 5058 ο
1530 5026 1778 5095 βλεπέτω

199 5140 293 5174 σου
313 5124 346 5190 ἡ
370 5119 616 5179 σύνεσις,
638 5118 732 5170 καὶ
756 5119 802 5169 εἰ
829 5117 1071 5170 τινοσοῦν
1088 5116 1247 5170 ἄλλου
1272 5117 1778 5186 ὁμογνωμονοῦντὸς

200 5230 305 5275 σοι,
343 5209 453 5264 ποῦ
505 5206 873 5276 προσκρούειν
930 5207 1172 5277 μέλλετε.
1220 5208 1291 5259 At
1343 5206 1450 5277 γὰρ
1476 5208 1778 5275 παρ’ύμῶν

199 5304 502 5372 προτάσεις
540 5296 783 5366 περὶτοῦ
812 5298 886 5368 μὴ
919 5292 1058 5350 εἶναι
1090 5298 1320 5366 αἵρεσιν,
1351 5300 1650 5366 σύγγνωτε,
1682 5297 1780 5349 ούκ

199 5393 264 5442 ὲκ
291 5389 484 5457 φωνῆς
514 5384 742 5454 Κυρίου,
773 5387 890 5439 οὐδὲ
914 5386 978 5439 ἐκ
1002 5385 1265 5454 στόματος
1294 5387 1476 5454 ἁγίου·
1514 5401 1779 5456 προφητι-

200 5482 316 5543 κῶς
341 5481 398 5533 δὲ
423 5479 627 5539 εἰπεῖν,
665 5478 729 5529 ὲκ
750 5477 852 5547 γῆς
891 5477 1219 5547 φωνούντων
1248 5479 1342 5531 καὶ
1387 5480 1450 5531 ὲκ
1483 5477 1662 5546 νόμων
1685 5475 1780 5529 ἀλ-

198 5574 446 5626 λοκότων
479 5610 493 5636 ,
527 5567 766 5637 πληθύος
805 5587 862 5624 τε
911 5571 1009 5641 τῆς
1060 5570 1209 5641 φόϐῳ
1247 5569 1572 5641 ἀνθρωπίνῳ
1606 5562 1780 5622 πάντα

277 5731 323 5761 ³⁸
357 5727 460 5783 lsa.
503 5741 649 5790 xm,
685 5725 734 5779 4.

1880 4580 2119 4652 pristinae
2171 4580 2311 4633 illius
2379 4581 2697 4651 ignorantiae
2740 4589 2848 4636 tua:
2875 4581 3127 4647 similem,
3181 4597 3245 4637 ac
3280 4583 3452 4637 multo

1879 4671 2041 4723 etiam
2115 4670 2285 4739 magis
2355 4670 2608 4725 infestam
2663 4672 2986 4727 humilitatis
3053 4687 3188 4728 mea
3247 4672 3450 4739 dictis,

1878 4758 2152 4811 ell'utiens.
2213 4755 2280 4811 Et
2339 4758 2556 4827 quidem
2600 4761 2645 4815 si
2698 4760 2860 4815 verba
2917 4776 3035 4816 mea
3072 4762 3453 4830 essent;quia

1878 4849 2144 4903 obscurus
2198 4862 2336 4912 sum,
2391 4848 2527 4902 nihil
2580 4852 2776 4905 mirum
2824 4861 2987 4906 esset.
3042 4851 3180 4907 Cum
3229 4865 3358 4907 vero
3384 4865 3455 4906 ex

1881 4936 2095 4992 Domini
2126 4953 2258 4993 voce
2283 4977 2297 5003 ,
2364 4940 2839 5009 apostolorumque
2880 4952 2935 4996 et
2972 4943 3382 5011 prophetarum,
3423 4958 3453 4997 a

1880 5028 2131 5083 Patribus
2168 5030 2329 5083 etiam
2369 5028 2481 5084 Deo
2514 5030 2686 5098 plenis
2713 5033 3141 5086 demonstratum
3174 5033 3275 5097 sit,
3340 5032 3457 5085 hae-

1883 5118 2044 5172 resim
2086 5131 2206 5171 esse
2240 5118 2613 5187 gravissimam
2643 5137 2657 5183 ;
2714 5121 2893 5175 videat
2942 5121 3225 5187 prudentia
3255 5132 3365 5183 tua,
3394 5131 3459 5177 et

1880 5207 2129 5279 quisquis
2150 5209 2290 5265 alius
2324 5220 2409 5265 est
2430 5212 2522 5280 qui
2552 5221 2729 5266 tecum
2758 5213 2957 5267 sentiat
2978 5253 2992 5274 ,
3027 5228 3133 5282 quo
3174 5215 3453 5283 redigendi

1883 5300 2026 5353 sitis.
2074 5298 2409 5370 Argumenta
2453 5300 2599 5354 enim
2652 5302 2761 5367 illa,
2811 5292 3006 5371 quibus
3050 5305 3302 5358 haeresim
3346 5319 3455 5358 non

1883 5404 2007 5443 esse
2043 5389 2406 5454 contenditis,
2452 5390 2733 5457 ignoscite,
2762 5407 2869 5444 non
2906 5407 2969 5445 ex
2999 5392 3207 5448 Domini
3239 5393 3455 5456 verbis,

1885 5493 2067 5549 neque
2091 5492 2157 5532 ex
2185 5494 2279 5534 ore
2312 5489 2502 5537 sancto
2534 5481 2851 5550 deprompta
2892 5493 3017 5536 sunt
3046 5503 3060 5549 ;
3097 5484 3212 5549 sed,
3242 5493 3301 5538 ut
3333 5498 3457 5536 cum

1890 5568 2157 5638 propheta
2205 5569 2394 5639 loquar
2453 5570 2519 5632 “',
2578 5586 2640 5625 ex
2669 5581 2809 5626 terra
2863 5572 3234 5639 clamantium,
3288 5580 3347 5626 et
3392 5584 3461 5626 ex
