4008 6318
580 384 717 452 1071

1712 384 1772 444 S.
1814 378 2208 444 THEODORI
2250 376 2599 437 STUDlT/E

3688 371 3835 437 1072

568 498 781 568 legibus
801 493 1019 558 alienis,
1044 493 1501 563 multitudineque
1531 493 1713 550 omnia
1738 494 1982 549 humano
2006 500 2154 547 metu

2268 488 2437 556 λέγειν
2461 489 2919 560 ἐπιτρεπομένης.
2962 488 3131 558 Φαίης
3158 488 3269 559 γὰρ
3306 490 3422 551 ὅτι,
3455 491 3663 553 πάντες
3699 495 3852 560 φίλοι

566 586 709 656 loqui
764 583 1053 656 permissa.
1101 583 1195 639 Ais
1224 584 1369 637 enim
1450 584 1659 638 amicos
1684 598 1880 638 omnes
1915 598 1979 637 ac
2006 582 2149 652 pios.

564 680 861 747 doetosque
885 676 1040 747 juxta
1070 685 1125 731 et
1152 677 1401 731 indoctos
1428 715 1443 740 ,
1470 676 1713 747 percelli,
1748 691 1871 731 cum
1902 674 2151 729 haeresim

565 770 798 826 audiunt
840 785 997 825 esse:
1043 770 1160 825 haec
1206 779 1398 825 contra
1453 779 1829 841 cpponentes:
1870 768 2006 822 Cum
2056 767 2152 820 ad-

566 871 817 918 versetur
887 877 1068 929 nemo,
1113 862 1373 918 doceatve
1402 862 1683 927 mtechari,
1746 868 1801 916 et
1858 859 2152 928 sacrilegos

567 953 881 1019 absolvere;
924 954 1197 1023 quomodo
1234 954 1522 1009 haereticos
1566 953 1687 1007 illos
1718 950 2155 1022 appellabimus?

566 1042 1023 1115 Transgressores
1064 1045 1209 1099 enim
1247 1045 1632 1099 mandatorum
1680 1042 1892 1096 Domini
1938 1051 1991 1097 et
2030 1056 2154 1096 con-

567 1136 870 1192 culcatores
886 1151 1156 1191 canonum
1176 1136 1490 1191 divinorum
1504 1178 1518 1202 ,
1536 1145 1590 1190 et
1614 1134 1907 1205 sacrilegos
1936 1148 2152 1202 aequum

568 1236 653 1284 est
680 1227 955 1297 appellare
1002 1241 1099 1282 eos
1121 1226 1353 1291 scilicet,
1390 1242 1499 1283 non
1522 1236 1705 1280 autem
1727 1225 2028 1280 haereticos.
2050 1223 2153 1289 Qui

568 1336 699 1393 ergo
721 1320 996 1391 possimus
1009 1335 1119 1375 non
1139 1322 1547 1391 obstupescere,
1574 1320 1806 1389 primum
1820 1317 2151 1387 diligentiam

570 1423 807 1468 vestram
828 1452 842 1475 ,
874 1428 995 1482 quae
1022 1412 1211 1467 eadem
1240 1421 1409 1481 atque
1448 1411 1524 1465 illi
1560 1409 1855 1465 identidem
1900 1406 2151 1477 producit

570 1507 628 1562 in
658 1506 995 1571 medium,et
1024 1521 1154 1561 vera
1178 1506 1305 1560 inde
1333 1518 1595 1575 responsa
1632 1502 1798 1556 refert
1825 1542 1838 1566 ,
1872 1517 1994 1571 qua:
2019 1515 2153 1570 pue-

573 1598 652 1655 ris
687 1599 817 1669 ipsis
848 1586 1181 1670 persuadere
1210 1598 1463 1669 possint?
1492 1596 1697 1651 Deinde
1727 1609 1917 1648 rursus
1938 1593 2152 1657 eadem,

573 1692 720 1749 velut
748 1692 915 1748 oblita
941 1708 1061 1763 quae
1082 1691 1234 1762 prius
1263 1690 1502 1755 audivit,
1551 1687 1760 1760 profert
1792 1702 1916 1742 cum
1945 1686 2155 1740 acriore

572 1781 944 1837 controversia
993 1789 1048 1835 et
1112 1779 1545 1850 reprehensione
1621 1786 1829 1840 nostra,
1896 1782 2153 1843 tanquam

572 1871 851 1927 immerito
874 1871 1130 1927 haeresim
1161 1885 1284 1926 esse
1316 1869 1673 1925 afﬁrmemus.
1719 1867 1863 1932 Hoc,
1895 1867 2114 1936 inquam
2140 1905 2153 1930 ,

573 1973 679 2029 est,
705 1966 760 2018 in
798 1978 909 2033 quo
931 1963 1188 2019 demirari
1220 1978 1316 2019 vos
1345 1977 1529 2035 cogor.

644 2053 799 2121 Quod
822 2069 954 2109 vero
976 2053 1045 2109 ad
1080 2053 1229 2124 ipsos
1257 2053 1597 2108 adversarios
1623 2052 1843 2114 attinet,
1872 2051 1987 2105 haec
2013 2051 2155 2104 dico:

573 2144 823 2210 Quonam
849 2152 1029 2213 pacto,
1066 2143 1212 2213 quod
1248 2143 1509 2213 synodice
1540 2142 1976 2212 promulgarunt,
2011 2139 2157 2210 quod

574 2240 973 2295 confirmarunt
1000 2239 1101 2293 sub
1138 2252 1327 2293 eorum
1374 2236 1725 2292 anathemate
1757 2234 1850 2305 qui
1896 2233 2155 2306 dogmati,

579 2333 681 2388 hoc
718 2342 804 2386 est
839 2330 1231 2401 dispensationi
1292 2329 1531 2399 ipsorum
1559 2343 1619 2383 se
1661 2336 1969 2398 opponunt,
2014 2326 2157 2396 quod

577 2423 874 2479 etiamnum
912 2421 1156 2492 quotidie
1174 2420 1331 2476 factis
1360 2420 1493 2491 ipsis
1532 2419 1753 2484 docent,
1772 2420 1825 2474 id
1862 2418 2159 2488 praedicare

578 2524 633 2571 et
679 2514 875 2570 docere
900 2529 958 2568 se
996 2512 1246 2584 negant?
1282 2510 1453 2576 Quam
1502 2511 1664 2581 igitur
1689 2510 1759 2563 ob
1789 2522 2003 2561 causam
2059 2520 2160 2576 ego

581 2605 803 2661 humilis
831 2605 1071 2660 inclusus
1111 2604 1198 2659 hic
1238 2601 1481 2657 teneor?
1519 2602 1627 2656 Cur
1695 2600 1936 2656 inclusus
2000 2598 2160 2652 Pater

581 2710 739 2751 meus
801 2694 1060 2749 aerumnis
1126 2692 1355 2747 affectus
1417 2701 1532 2755 est,
1590 2692 1659 2746 ab
1726 2691 1847 2746 aliis
1910 2705 2159 2761 segrega-

584 2799 671 2842 tus
744 2786 1009 2857 primum,
1075 2786 1273 2841 deinde
1350 2784 1402 2838 in
1471 2800 1595 2838 eum
1664 2785 1907 2838 intrusus
1979 2784 2156 2836 locum

585 2876 674 2932 ubi
735 2892 882 2931 nunc
936 2888 1019 2931 est
1054 2876 1078 2929 ?
1113 2875 1225 2930 Cur
1275 2877 1716 2945 archiepiscopus
1772 2876 2010 2945 ipsorum
2069 2875 2160 2943 ju-

583 2970 725 3025 dicio
763 2970 1061 3040 depositus,
1091 2981 1147 3023 et
1178 2969 1230 3022 in
1269 2983 1362 3023 eas
1391 2969 1666 3037 angustias
1694 2967 1961 3027 redactus.
1996 2974 2055 3018 ut
2081 2966 2161 3019 ci-

586 3063 712 3116 bum
777 3072 923 3117 certa
984 3076 1239 3115 mensura
1304 3069 1545 3129 caperet,
1600 3058 1866 3115 ministris
1928 3057 2157 3126 imperio

2185 1826 2231 1884 B

2255 582 2348 635 καὶ
2388 582 2655 646 εὐσεϐεῖς,
2696 582 2989 651 γνωστικοί
3016 598 3076 635 τε
3113 581 3209 636 καὶ
3238 582 3469 648 ἰδιῶται,
3489 586 3854 654 ἐκμείνονται

2255 676 2552 739 ἀκούοντες
2597 677 2679 730 ὅτι
2707 677 2917 747 αἵρεσις
2948 692 2962 706 ·
2995 675 3344 746 παράστασιν
3389 675 3569 729 ταῦτα
3609 678 3858 748 προϐαλ-

2255 770 2494 841 λόμενοι,
2525 771 2608 824 ὅτι
2654 770 2881 840 μηδενὸς
2919 770 3322 840 άνθισταμένου
3364 772 3456 823 καὶ
3491 770 3857 835 διδάσκοντος

2253 860 2349 915 τοῦ
2385 861 2659 931 μοιχεύειν
2684 861 2779 914 καὶ
2811 861 2958 914 λύειν
2989 863 3115 925 τοὺς
3152 860 3419 931 ἀνιέρους.
3456 862 3583 924 Πῶς
3619 863 3858 916 καλέσοο

2258 970 2356 1023 μεν
2395 954 2592 1017 αὐτοὺς
2630 954 2981 1026 αίρετικούς;
3020 956 3353 1026 Παραϐάτας
3383 955 3493 1025 γάρ
3546 956 3662 1009 τῶν
3692 960 3858 1013 ἐντο-

2256 1045 2363 1099 λῶν
2403 1046 2499 1099 τοῦ
2527 1047 2768 1116 Κυρίου,
2811 1046 2901 1099 καὶ
2933 1047 3325 1117 καταπατητὰς
3354 1047 3460 1101 τῶν
3491 1047 3659 1103 θείων
3688 1050 3861 1103 κανό-

2255 1156 2383 1204 νων,
2420 1142 2514 1193 καὶ
2536 1139 2649 1194 άνιέ
2660 1144 2806 1209 ρους,
2834 1141 3061 1193 δίκαιον.
3084 1141 3208 1203 Πῶς
3236 1137 3330 1195 οὖν
3351 1142 3454 1195 οὐκ
3471 1142 3624 1196 ἔστιν
3639 1143 3857 1196 ἐκπλα-

2264 1231 2429 1300 γῆναι
2479 1230 2696 1303 πρῶτον
2720 1233 2800 1294 εἰς
2848 1231 2949 1302 τὴν
3002 1230 3160 1302 ἡμῶν
3214 1231 3532 1302 ἐμμέλειαν,
3591 1234 3663 1287 τά
3708 1236 3861 1287 αὐτὰ

2256 1324 2515 1389 πολλάκις
2540 1324 2701 1393 δῆθεν
2727 1324 2953 1377 ἐκείνων
2989 1326 3395 1394 προσάγουσαν,
3431 1326 3528 1379 καὶ
3572 1326 3857 1380 ἀντακού-

2255 1434 2421 1470 ουσαν
2442 1417 2674 1487 τάληθῆ.
2700 1417 2736 1471 ἃ
2765 1417 2858 1469 καὶ
2887 1418 3084 1480 παῖδας
3112 1417 3321 1470 πείθειν
3355 1418 3561 1473 δύναιτ’
3596 1421 3689 1474 ἄν.
3716 1416 3859 1473 Εἶτα

2256 1508 2411 1573 αὖθις
2438 1509 2508 1563 τά
2560 1510 2699 1563 αὐτὰ
2723 1548 2739 1571 ,
2770 1496 2981 1578 ὥσπερ
3017 1508 3418 1580 ἐπιλαϐομένην
3465 1510 3533 1563 τά
3576 1511 3860 1583 πρότερον

2256 1602 2615 1666 άκουσθέντα,
2639 1602 2958 1669 ἐπάγουσαν
2994 1602 3135 1672 μετὰ
3162 1602 3534 1673 σφοδροτέρας
3574 1603 3679 1673 τῆς
3713 1606 3860 1657 haec.

2259 1694 2382 1767 ρίας
2408 1696 2502 1747 καὶ
2535 1694 2825 1765 καθάψεως
2852 1694 3011 1765 ἡμῶν
3048 1693 3127 1758 ὡς
3159 1694 3371 1763 ἀλόγως
3397 1695 3671 1762 λεγόντων
3696 1697 3859 1767 αἴρε-

2261 1801 2385 1847 civ:
2421 1783 2567 1838 οὕτω
2606 1782 2668 1857 [f.
2702 1784 2885 1857 τοῦτο]
2945 1784 3045 1854 μέν
3073 1800 3156 1837 τοι
3185 1782 3244 1836 τὸ
3288 1784 3415 1855 περὶ
3450 1785 3598 1855 ὑμᾶς
3641 1786 3859 1857 ἐκπλη-

2264 1892 2473 1931 κτικον.

2337 2051 2473 2121 Περὶ
2501 2050 2555 2104 δὲ
2589 2050 2697 2105 τῶν
2724 2050 3001 2118 ἐναντίων,
3033 2053 3217 2105 ἐκεῖνα
3251 2052 3370 2122 εἰμὶ
3396 2051 3572 2120 λέγων
3598 2069 3612 2084 ·
3646 2052 3801 2119 Πῶς,
3827 2053 3857 2105 δ

2249 2124 2540 2210 ’ἐκήρυξαν
2578 2140 2894 2205 συνοδικῶς,
2916 2143 3010 2194 καὶ¹
3036 2140 3376 2195 ἐϐεϐαίωσαν
3410 2141 3502 2195 ὑπ’
3536 2142 3855 2212 άναθὲματι

2263 2232 2372 2284 τῶν
2410 2232 2840 2286 ἀντιπιπτόντων
2889 2232 2965 2303 τῷ
3008 2233 3263 2302 δόγματι,
3314 2234 3431 2305 ἦτοι
3463 2236 3527 2305 τῇ
3559 2235 3855 2306 οἰκονομίᾳ

2266 2320 2582 2375 αὑτῶν·κα“ι
2606 2320 2687 2374 ἐτι
2719 2322 3066 2392 καθεκάστην
3095 2324 3431 2392 ἐμπράκτως
3453 2323 3851 2378 διδασκόντων

2271 2413 2346 2482 μὴ
2377 2412 2704 2483 κηρύσσειν,
2740 2414 2875 2484 μηδὲ
2904 2414 3178 2467 διδάσκειν
3209 2414 3478 2483 λέγουσιν,
3520 2416 3667 2487 ὑπὲρ
3705 2416 3856 2480 τίνος

2265 2504 2377 2570 ἐγὼ
2401 2508 2429 2557 6
2450 2506 2704 2568 ταπεινὸς
2740 2506 2973 2559 ἐνταῦθα
3008 2507 3394 2575 άπόκλειστος;
3437 2507 3610 2579 ’Υπὲρ
3650 2510 3802 2572 τίνος
3826 2513 3856 2562 6

2268 2594 2457 2664 Πατήρ
2504 2612 2605 2664 μου
2632 2595 2658 2647 6
2687 2596 2999 2663 ἔγκλειστος
3042 2596 3522 2667 τεταλαιπώρηται
3546 2637 3563 2662 ,
3597 2615 3856 2669 μεμονω-

2271 2685 2427 2754 μένος
2456 2685 2515 2740 τὸ
2543 2687 2673 2757 πρίν
2692 2704 2706 2737 .'
2728 2686 2919 2739 ἔπειτα
2953 2687 3407 2757 παρερριμμένος
3433 2689 3490 2742 ἐν
3515 2681 3560 2755 ᾧ
3591 2690 3859 2762 περιώριο

2269 2792 2391 2828 σται
2426 2778 2609 2848 τόπῳ;
2659 2779 2797 2860 ὑπὲρ
2848 2779 2993 2841 τίνος
3041 2780 3070 2831 6
3115 2779 3553 2848 άρχιεπὶσκοπος
3597 2781 3675 2843 ὼς
3724 2783 3854 2835 κατ’

2267 2868 2466 2931 αὐτοὺς
2491 2868 2877 2939 καθῃρημένος
2906 2870 3000 2921 καὶ
3040 2870 3098 2922 ἐν
3138 2870 3305 2940 πολλῇ
3331 2872 3664 2941 στενοχωρίᾳ
3703 2888 3856 2941 παρ-

2269 2959 2499 3030 αγγελία
2547 2977 2605 3011 τε
2650 2964 2742 3012 καὶ
2789 2959 3090 3030 ἀσφαλείᾳ·
3138 2961 3215 3024 ὡς
3269 2960 3365 3013 καὶ
3411 2961 3617 3032 τροφὴν
3664 2962 3856 3033 μέτρῳ

2269 3049 2566 3117 λαμϐάνειν
2598 3050 2780 3104 αὐτόν.
2846 3050 3410 3121 Παρακελευσθέντων
3436 3050 3548 3105 τῶν
3589 3054 3855 3122 τροφοδοο

584 3152 841 3217 astrictis,
893 3159 1007 3205 tum
1041 3150 1093 3204 in
1144 3151 1345 3219 palatio
1370 3151 1635 3216 inclusus,
1666 3166 1729 3203 ac
1772 3163 1946 3219 nuper
1997 3147 2159 3201 etiam

2268 3140 2409 3193 τῶν·
2443 3135 2562 3192 εἶτα
2596 3141 2655 3191 tv
2700 3139 2777 3210 τῷ
2830 3139 3081 3211 παλατίῳ
3122 3141 3595 3211 μετεγκλεισθείς·
3624 3141 3755 3213 ἄρτι
3795 3160 3855 3196 τε

586 3244 642 3298 in
676 3242 924 3298 exsiliunt
955 3242 1206 3312 eiectus?
1242 3243 1350 3297 Cur
1385 3242 1684 3296 reverentia
1712 3251 1799 3295 tua
1831 3256 1953 3295 cum
1987 3240 2165 3294 fratri-

587 3334 690 3388 bus
739 3334 998 3389 custodia:
1030 3333 1225 3388 tradita
1260 3332 1657 3387 Thessalonicae
1694 3349 1707 3385 :
1739 3340 1795 3386 et
1832 3330 2166 3385 Theosostus

589 3426 910 3495 praepositus
931 3440 995 3481 ex
1025 3427 1215 3481 eadem
1248 3425 1467 3479 civitate
1494 3424 1682 3493 pulsus
1714 3438 1835 3478 cum
1867 3422 2165 3493 discipulis:

589 3529 644 3574 et
666 3519 802 3572 alter
832 3518 1029 3573 ibidem
1066 3516 1388 3586 praepositus
1433 3516 1718 3571 immodice
1748 3516 2171 3571 diverberatus?

591 3611 701 3665 Cur
729 3609 1055 3665 Naucratius
1086 3618 1140 3662 et
1170 3608 1429 3661 Arsenius
1464 3607 1659 3661 fratres
1717 3616 1865 3661 arcta
1922 3606 2167 3661 custodia

593 3705 889 3771 hucusque
909 3702 1244 3761 detinentur,
1272 3700 1497 3770 parique
1520 3701 1680 3754 modo
1708 3698 1938 3753 Basilius
1960 3708 2015 3753 ct
2033 3698 2137 3753 Gre
2154 3727 2169 3737 -

592 3795 811 3866 gorius?
844 3792 952 3849 Cur
975 3792 1287 3862 Stephanus
1316 3792 1405 3845 ille
1455 3791 1671 3844 virtutis
1697 3790 1886 3844 amans
1910 3789 2167 3859 praeposi-

595 3897 679 3940 tus
693 3901 814 3941 cum
831 3884 1109 3952 discipulis
1124 3882 1514 3953 quinquaginta
1532 3897 1631 3935 suo
1643 3891 1866 3935 exactus
1891 3890 2169 3934 monaste-

594 3977 712 4030 rio:
740 3991 864 4031 eum
895 3991 1002 4029 una
1032 3990 1156 4029 cum
1187 3982 1404 4028 centum
1438 3981 1492 4026 et
1515 3974 1723 4037 decem,
1749 3982 1803 4025 et
1833 3988 1956 4026 cum
1982 3986 2047 4025 eo
2075 3972 2166 4041 qui

592 4067 884 4136 episc0pus
933 4075 1057 4120 ante
1123 4064 1318 4127 fuerat,
1387 4063 1867 4134 mmchosynodnm
1913 4072 2166 4131 tanquam

592 4158 867 4230 Evangelii
904 4156 1263 4211 infractricem
1288 4159 1632 4210 anathemate
1664 4156 1997 4217 damnasset,
2029 4154 2170 4209 sicut

594 4248 770 4304 missa:
799 4249 950 4303 abeo
979 4247 1176 4301 littera:
1207 4247 1636 4301 testantur?Cur
1659 4246 1925 4300 Antonius
1954 4246 2167 4315 religio-

594 4340 839 4395 sissimus
872 4339 1196 4409 praepositus
1221 4339 1272 4393 in
1306 4339 1606 4394 custodiam
1632 4338 1775 4408 apud
1826 4337 2164 4392 Ammorium

592 4427 749 4483 datus
775 4467 795 4493 ,
818 4441 945 4481 cum
970 4426 1159 4481 eodem
1182 4441 1295 4495 quo
1325 4425 1573 4497 superior
1603 4425 1764 4479 modo
1786 4425 2169 4495 moechosyno-

2270 3236 2328 3284 ἐν
2362 3231 2511 3302 ξενίᾳ
2563 3234 2976 3303 παραρριφείςς
3031 3233 3174 3305 ὑπὲρ
3215 3232 3361 3297 τίνος
3396 3235 3430 3305 η
3463 3234 3717 3306 τιμιάτης
3758 3252 3856 3290 σου

2270 3323 2366 3375 σὺν
2420 3325 2531 3387 τοῖς
2582 3324 2835 3393 ἀδελφοῖς
2892 3325 2949 3377 tv
3005 3324 3375 3398 Θεσσαλονίκῃ
3432 3328 3853 3399 φρουρουμένη·

2268 3411 2579 3475 Θεόσωστός
2606 3431 2665 3466 τε
2703 3417 2730 3468 6
2761 3415 3067 3487 ἡγούμενος
3095 3416 3429 3487 διωκόμενος
3461 3418 3558 3471 σὺν
3586 3420 3702 3481 τοῖς
3732 3436 3847 3486 φοι-

2268 3506 2454 3573 τηταῖς
2490 3507 2552 3557 ἐκ
2587 3505 2689 3575 τῆς
2716 3506 2888 3576 αὐτῆς
2949 3508 3183 3572 πόλεως*
3230 3508 3415 3579 ἕτερός
3444 3525 3504 3561 τε
3545 3509 3858 3580 ἡγούμενος

2268 3595 2526 3665 ἀμέτρως
2555 3598 2921 3666 μαστιγωθεὶς
2956 3599 3065 3652 τῶν
3100 3600 3315 3667 ἐκεῖσε;
3349 3601 3488 3670 ὑπὲρ
3520 3602 3669 3664 τίνος
3702 3602 3856 3656 Ναυ-

2271 3685 2490 3753 κράτιος
2542 3701 2602 3737 τε
2654 3687 2749 3739 καὶ
2795 3688 3075 3758 Ἀρσένιος
3117 3690 3166 3740 οἱ
3222 3687 3463 3756 ἀδελφοὶ,
3520 3689 3626 3752 ἕως
3688 3690 3854 3761 δεῦρο

2268 3775 2524 3842 ἀσφαλῶς
2556 3777 3105 3847 καταφρουρούμενοι
3126 3816 3141 3841 ,
3179 3778 3458 3841 Βασίλειός
3494 3795 3551 3831 τε
3584 3780 3679 3831 καὶ
3708 3780 3854 3851 Γρη-

2268 3858 2452 3936 γόριος
2494 3867 2786 3934 ὡσαύτως;
2835 3869 2973 3939 ὑπὲρ
3020 3871 3164 3932 τίνος
3208 3868 3481 3938 Στέφανος
3522 3871 3553 3923 6
3594 3872 3854 3941 ἐνάρετος

2270 3957 2590 4025 ἡγούμενος,
2641 3960 2739 4011 σὺν
2794 3965 3135 4030 πεντήκοντα
3183 3961 3453 4033 μαθηταῖς
3505 3969 3854 4034 μεταναστὰς

2270 4051 2334 4102 ἐκ
2373 4049 2467 4102 τοῦ
2521 4050 2722 4105 οἰκείου
2776 4054 3201 4123 φροντιστηρίου
3251 4056 3347 4109 σὺν
3377 4057 3569 4110 ἑκατόν
3602 4075 3662 4110 τε
3694 4058 3850 4126 δέκα,

2270 4141 2387 4211 ἆμα
2420 4143 2706 4213 ἐπισκόπῳ
2739 4144 3035 4215 πρότερον,
3066 4146 3486 4215 άναθεματικὼς
3517 4148 3618 4219 τὴν
3664 4166 3853 4219 μοιχο-

2274 4234 2511 4299 σύνοδον,
2555 4234 2630 4298 ὡς
2655 4234 2713 4288 τὸ
2746 4236 3081 4304 Εὐαγγέλιον
3109 4237 3384 4293 λύσασαν*
3430 4238 3575 4293 καθὰ
3603 4242 3853 4312 περιέχει

2270 4329 2331 4382 τὸ
2356 4329 2669 4383 άποσταλὲν
2703 4333 2835 4402 παρ’
2865 4332 3027 4385 αὑτοῦ
3068 4336 3480 4404 γραμματείον;
3530 4335 3673 4406 ὑπὲρ
3706 4339 3850 4403 τίνος

2286 4420 2571 4483 Ἀντώνιος
2600 4423 2628 4474 6
2652 4422 3047 4486 εὐλαϐέστατος
3081 4425 3408 4494 ἡγούμενος,
3436 4424 3495 4476 ἐν
3519 4428 3734 4497 φρουρᾷ
3770 4431 3849 4491 είς

593 4517 721 4572 dum
752 4531 860 4569 una
884 4529 1006 4569 cum
1033 4514 1290 4571 fratribus
1327 4516 1441 4571 suis
1467 4515 1976 4570 anathematizasset
2005 4515 2026 4568 ?
2062 4514 2161 4570 Cur

2273 4509 2333 4563 τὸ
2383 4510 2719 4581 Ἀμμόριονο
2765 4512 2965 4582 ὁμοίως
3015 4512 3113 4566 τοῦ
3150 4514 3418 4585 προτέρου
3471 4515 3569 4568 σὺν
3610 4520 3678 4585 τῇ
3730 4521 3849 4572 κατ’

595 4607 921 4662 Emilianus
958 4605 1127 4661 frater
1156 4605 1609 4662 aNicomediensi
1645 4606 1700 4660 in
1732 4606 1995 4675 Thyniam
2045 4607 2167 4659 vin-

593 4710 713 4757 ctus
744 4699 942 4754 ductus
965 4707 1069 4761 est,
1100 4698 1520 4767 verberibusque
1546 4706 1602 4752 et
1629 4697 1874 4753 ludibriis
1922 4698 2168 4764 affectus,

594 4793 808 4862 direpto
834 4792 902 4846 ab
928 4790 993 4845 iis
1022 4791 1113 4866 qui
1146 4791 1451 4861 irruperant
1480 4790 1832 4855 monasterio,
1859 4789 2081 4860 perinde
2108 4806 2172 4845 ac

595 4883 638 4936 si
671 4882 909 4937 hostium
937 4880 1107 4951 Spolia
1139 4879 1366 4935 fuissent
1395 4879 1417 4933 ?
1454 4879 1564 4934 Cur
1594 4879 1646 4932 in
1666 4878 1943 4934 Chersone
1986 4893 2171 4948 perse—

594 4972 868 5029 cntionem
915 4986 1108 5043 passus
1155 4971 1265 5026 Leo
1315 4970 1589 5040 piissimus
1638 4967 1961 5040 Episcopus,
2016 4969 2172 5023 Vale-

595 5064 743 5119 lades
763 5071 1147 5134 cognomento,
1174 5071 1230 5117 et
1248 5062 1518 5116 Antonius
1550 5062 1879 5117 reverendus
1914 5063 2174 5132 praeposi-

599 5168 823 5211 tuscum
851 5155 973 5211 aliis
1000 5154 1214 5210 duobus
1239 5154 1480 5208 custodia
1515 5164 1699 5223 septus
1723 5154 1746 5206 ?
1772 5152 1949 5208 Curin
1980 5153 2173 5224 Lipara

598 5248 771 5302 insula
797 5248 937 5302 ultra
968 5248 1203 5302 Siciliam
1236 5246 1404 5314 posita
1444 5246 1639 5299 fratres
1686 5245 1853 5299 nostri
1907 5245 1961 5298 in
1991 5253 2171 5300 custo-

598 5342 683 5395 dia
712 5340 916 5396 detenti
944 5339 967 5393 ?
994 5340 1103 5395 Cur
1136 5338 1355 5393 Letoius
1383 5338 1436 5392 in
1468 5336 1747 5392 Chersone
1786 5345 2048 5401 retentus,
2086 5336 2164 5389 in-

598 5434 774 5502 deque
830 5431 932 5487 sub
980 5430 1225 5485 eustodia
1254 5430 1323 5484 ad
1368 5429 1749 5500 imperatorem
1804 5429 2023 5495 missus,
2056 5440 2167 5483 tum

600 5524 836 5595 Byzantii
858 5524 912 5578 in
933 5538 1209 5579 carcerem
1226 5523 1522 5592 conjectus,
1549 5532 1602 5575 et
1624 5521 1711 5575 alii
1745 5522 1943 5591 pariter
1972 5524 2024 5576 in
2054 5538 2170 5576 mo-

599 5618 850 5673 nasteriis
882 5618 1140 5672 detenti?
1178 5616 1359 5670 Dicam
1412 5629 1604 5668 rursus
1652 5614 1719 5668 de
1770 5615 1927 5669 nobis
1972 5615 2161 5671 tribus.

598 5707 708 5761 Cur
746 5706 810 5760 ad
851 5706 1105 5776 Agathi“
1136 5698 1286 5759 nobis
1308 5702 1393 5755 illa
1423 5716 1518 5771 per
1551 5701 1865 5770 Spatharios
1894 5703 1961 5756 ab
1993 5704 2165 5773 impe-

2276 4601 2441 4655 αὐτὸν
2471 4601 2794 4673 ἀδελφότητι
2839 4603 3256 4674 άναθεματικὼς
3286 4604 3384 4676 τὴν
3435 4608 3849 4677 μοιχοσύνοδον;

2279 4693 2417 4765 ὑπὲρ
2443 4695 2587 4758 τίνος
2620 4696 2669 4747 oi
2698 4697 2827 4767 περὶ
2853 4697 2943 4748 τὸν
2989 4696 3217 4765 ἀδελφὸν
3243 4697 3565 4768 Αίμιλιανὸν
3592 4700 3652 4751 ἐν
3682 4701 3849 4775 om;

2279 4790 2428 4859 παρὰ
2476 4787 2569 4841 τοῦ
2611 4790 2966 4860 Νικομηδέως
3001 4791 3248 4856 δεθέντες
3285 4793 3379 4846 καὶ
3411 4793 3695 4864 ἀχθέντες,
3730 4801 3848 4851 πεῖ-

2283 4881 2380 4949 ράν
2429 4897 2486 4932 τε
2526 4882 2804 4949 μαστίγων
2839 4884 2934 4937 καὶ
2964 4883 3300 4954 ἐμπαιγμῶν
3346 4884 3639 4951 λαϐόντες·
3680 4906 3849 4943 καταο

2279 4971 2437 5041 ληῖσα
2447 4970 2624 5039 μένων
2652 4970 2760 5024 τῶν
2781 4972 3219 5025 ἐπεισπεσόντων
3239 4973 3421 5038 αὐτοῖς
3437 4974 3509 5027 τὰ
3536 4974 3639 5044 τῆς
3661 4978 3846 5047 μονῆς,

2278 5063 2350 5125 ὡς
2383 5062 2654 5133 πολεμικά
2690 5063 2942 5135 λάφυρας
2993 5064 3135 5136 ὑπὲρ
3176 5065 3325 5131 τίνος
3374 5069 3433 5121 tv
3474 5068 3724 5139 Χερσῶνι
3759 5069 3845 5122 δε-

2275 5152 2571 5222 διωγμένος
2604 5153 2754 5206 Λέων
2778 5156 2810 5206 ὁ
2840 5153 3255 5221 θεοσεϐέστατος
3294 5157 3598 5222 ἐπίσκοπος
3630 5160 3692 5212 τὸ
3728 5162 3843 5214 ἐπί-

2276 5244 2409 5313 κλην
2438 5244 2744 5314 Βαλελάδης
2765 5262 2780 5277 ο
2833 5244 3112 5311 Ἀντώνιός
3144 5265 3205 5301 τε
3235 5250 3263 5301 6
3293 5249 3661 5321 τετιμημένος
3684 5253 3845 5321 ἡγού-

2280 5353 2435 5404 μενος
2464 5336 2562 5389 σὺν
2609 5337 2760 5391 δυσὶν
2801 5338 2980 5403 ἄλλοις
3010 5342 3493 5411 πεφρουρημένος;
3525 5342 3669 5414 ὑπὲρ
3707 5345 3841 5407 τινος

2275 5428 2332 5477 ἐν
2364 5426 2601 5493 Λιπάρει
2630 5430 2697 5497 τῇ
2732 5428 3059 5499 ὑπερέκεινα
3103 5431 3387 5497 Σικελίας,
3433 5432 3659 5505 ἀδελφοὶ
3693 5437 3843 5507 ἡμῶν

2275 5517 2330 5566 ἐν
2363 5516 2577 5588 φυλακῇ
2608 5519 2971 5588 τηρούμενοι;
3024 5522 3164 5594 ὑπὲρ
3193 5522 3338 5586 τίνος
3379 5526 3429 5577 οι
3463 5526 3596 5598 περὶ
3626 5530 3843 5600 Λητόῐον

2276 5609 2332 5660 ἐν
2370 5610 2619 5678 Χεροῶνι
2665 5613 3204 5684 παραφυλαχθέντες,
3244 5616 3499 5673 κάκεῖθεν
3535 5621 3597 5673 ἐν
3637 5623 3840 5691 φυλακῇ

2276 5700 2771 5769 παραπεμφθέντες
2818 5703 2954 5774 προς
2998 5706 3089 5760 τὸν
3145 5707 3390 5777 βασιλέα,
3439 5704 3561 5765 εἷτα
3619 5712 3842 5781 φυλακι-

674 5819 717 5850 ⁸⁹
753 5817 1133 5873 Monasterium.
1202 5815 1337 5871 Vide
1377 5814 1884 5886 ConstantinOpolim
1939 5816 2134 5873 Clu-ist.
2200 5822 2291 5876 lib.
2334 5836 2405 5879 Iv,
2442 5834 2563 5886 pag.
2596 5819 2714 5873 180.
