4008 6318
210 391 338 454 1οτ3

1415 385 1948 448 EPISTOLARUM
1983 385 2126 445 LIB.
2169 384 2220 444 Ι.

3302 385 3436 451 1οἹ4

205 505 416 561 σθέντες
462 499 520 550 ἐν
568 502 644 567 τῷ
704 494 1002 564 Βυζαντίῳο
1070 495 1163 547 καὶ
1228 498 1650 568 συντηρούμενοι
1705 501 1753 551 ἐκ

1869 503 2047 550 ratore
2080 493 2434 549 denuntiata:
2467 491 2575 548 Vos
2616 492 3056 548 anathematizati
3118 494 3269 562 estis,
3312 505 3368 550 et
3405 512 3437 551 a

206 590 620 660 μοναστηρίοις;
655 587 809 642 Εῐπω
851 586 1018 641 πάλιν
1045 586 1115 639 τὰ
1147 587 1227 648 εἰς
1253 588 1402 658 ἡμᾶς
1432 589 1558 653 τοὺς
1587 590 1758 660 τρεῖς.

213 683 381 752 ’Υπὲρ
412 682 556 743 τίνος
583 681 663 742 εἰς
692 679 760 734 τὰ
802 677 1030 745 Ἀγαθοῦ
1066 677 1217 747 παρά
1245 678 1340 731 τοῦ
1377 678 1640 749 βασιλέως
1677 680 1765 734 διὰ

201 773 303 825 τῶν
333 769 660 840 Σπαθαρίων
703 768 1009 839 δηλωθέντα
1045 770 1205 838 ἡμῖν·
1243 767 1318 831 ὼς
1363 769 1520 838 ὑμεῖς
1565 769 1758 824 ἀναθε-

204 865 527 932 ματισμένοι
578 861 725 925 ἐστὲ,
760 861 852 913 καὶ
884 859 1263 930 καθῃρημένοι
1304 857 1456 928 παρά
1500 857 1598 927 τῆς
1638 875 1759 910 συν-

196 956 346 1022 όδου;
383 954 526 1020 ὑπὲρ
549 952 693 1016 τίνος
721 954 754 1023 ἡ
787 953 868 1013 εἰς
892 952 1004 1005 τὸν·
1025 951 1180 1018 ἆγιον
1227 950 1502 1020 Μάμαντα
1540 948 1756 1018 φυλακὴ

202 1046 606 1118 μεμονωμένων
636 1044 744 1099 τῶν
773 1044 973 1116 τριῶν;
1003 1044 1144 1113 ὑπὲρ
1177 1043 1322 1106 τίνος
1345 1045 1379 1114 ἡ
1414 1044 1594 1096 ἐκεῖσε
1623 1060 1757 1112 παρ-

196 1139 349 1191 ουσία
394 1136 505 1189 τῶν
546 1135 724 1190 αὐτῶν
757 1135 1104 1204 Σπαοαρίων,
1157 1134 1254 1187 σὺν
1285 1133 1430 1204 τρισὶ
1458 1136 1568 1197 τοίς
1608 1134 1757 1204 παρά

197 1227 288 1280 τοῦ
317 1226 596 1292 ἀντιδόξου
638 1225 1056 1295 ἐπιφερομένοις
1107 1223 1586 1293 ὑπαναγνωστικδν
1624 1225 1757 1276 καθ-

196 1318 473 1387 αιρέσεως,
503 1315 598 1369 καὶ
622 1312 1062 1382 ἀναθεματίσεως
1104 1310 1258 1382 ἡμῶν
1276 1327 1288 1340 ·
1317 1311 1479 1364 πάλιν
1518 1310 1612 1364 καὶ
1638 1311 1759 1362 ἐπεὶ

199 1407 646 1479 περιεφράξαμεν
672 1407 738 1459 τὰ
765 1400 878 1458 ὦτα
903 1404 997 1456 καὶ
1027 1403 1120 1456 τοῦ
1147 1403 1411 1468 ἀκοῦσαι;
1443 1403 1581 1472 ὑπὲρ
1616 1402 1760 1464 τίνος

196 1501 377 1569 ήμεῖςι
408 1500 505 1568 μὲν
535 1497 801 1566 ἐξόριστοι
833 1495 986 1556 ἄλλος
1017 1494 1270 1563 ἀλλαχοῦ,
1316 1493 1409 1546 καὶ
1444 1491 1758 1546 ἐναπόκλει-

198 1607 343 1643 στοι·
382 1591 408 1642 ὃ
454 1606 511 1641 τε
553 1588 868 1655 οἰκονόμος,
905 1586 999 1640 καὶ
1033 1589 1060 1640 6
1100 1587 1370 1656 ’Δρσένιος
1409 1586 1458 1637 οἰ
1509 1584 1758 1653 ἀδελφοίο

193 1679 431 1747 διωγμὸς
455 1677 512 1731 δέ
540 1676 647 1729 τῶν
672 1676 847 1728 ἀλλων
882 1675 992 1728 ἀπὸ
1021 1675 1115 1728 δύο
1143 1675 1236 1728 καὶ
1264 1675 1397 1728 δέκα
1429 1673 1622 1744 μιλίων
1663 1675 1761 1742 τῆς

198 1767 822 1830 Κωνσταντινουπόλεως
853 1781 866 1796 °
923 1766 999 1829 ὡς
1046 1768 1172 1828 τοὺς
1246 1765 1346 1836 μὲν
1400 1766 1458 1818 ἐν
1513 1765 1762 1835 σπηλαίῳ

1871 587 2076 658 synodo
2103 584 2510 656 depositi?Cur
2560 586 2647 640 illa
2683 587 2750 642 ad
2799 596 3047 643 sanctum
3111 588 3436 646 Mamantem

1873 675 2135 742 custodia,
2165 675 2322 731 nobis
2374 675 2547 730 tribus
2601 675 2889 747 segregatis
2923 675 2946 728 ?
2977 673 3086 730 Cur
3113 676 3303 734 eodem
3338 677 3435 732 ad-

1871 773 2139 821 venerunt
2162 764 2322 819 iidem
2349 762 2621 836 Spatharii
2669 779 2792 817 cum
2834 764 3005 818 tribus
3034 764 3123 834 qui
3153 764 3221 819 ab
3245 765 3438 820 adver-

1871 857 2014 912 sario
2080 855 2434 926 depositionis
2506 865 2558 909 et
2608 853 3181 911 excommunicationis
3240 864 3440 910 nostra:

1872 947 2082 1002 tabulas
2103 946 2414 1008 alierebant,
2442 953 2500 1001 ut
2520 946 2715 1000 iterum
2738 944 3070 1010 audiremus,
3097 946 3310 1002 tametsi
3339 961 3439 1000 au-

1869 1053 1956 1092 res
1991 1037 2411 1091 occludebamus
2430 1036 2451 1088 ?
2473 1035 2584 1091 Cur
2609 1050 2711 1090 nos
2731 1035 2820 1090 alii
2845 1036 2949 1090 alio
2975 1035 3192 1107 relegati
3217 1043 3272 1090 et
3301 1051 3438 1092 con-

1868 1127 2023 1194 clusi,
2083 1137 2195 1182 tum
2247 1142 2582 1192 mconomus,
2615 1136 2732 1182 tum
2783 1126 3043 1183 Arsenius
3073 1127 3268 1184 fratres
3302 1145 3315 1180 :
3349 1127 3439 1183 alii

1865 1224 1930 1277 ad
1959 1223 2242 1278 duodecim
2271 1223 2337 1278 ab
2368 1223 2502 1277 urbe
2528 1219 2994 1290 Constantinopoli
3021 1221 3187 1277 millia
3219 1237 3438 1292 passum

1867 1315 2002 1385 pulsi
2032 1332 2043 1367 :
2073 1314 2209 1369 adeo
2255 1324 2314 1368 ut
2336 1314 2554 1384 quidam
2589 1313 2644 1367 in
2676 1313 2934 1383 spelunca
2969 1312 3306 1379 delitescant,
3332 1329 3441 1384 quo

1866 1406 2022 1459 nobis
2055 1406 2192 1460 clam
2249 1405 2577 1467 ministrent.
2614 1404 2747 1460 laica
2779 1413 2931 1459 veste
2956 1402 3130 1460 induti
3164 1421 3178 1459 :
3212 1403 3302 1458 alii
3328 1413 3443 1461 toto

1865 1496 1950 1550 die
1993 1497 2045 1550 in
2087 1497 2351 1566 sepulcris
2412 1497 2631 1560 lateant,
2674 1504 2748 1560 et,
2771 1495 2894 1565 quia
2941 1494 3184 1550 interdiu
3215 1511 3439 1569 compa-

1867 1604 1986 1642 rere
2008 1604 2117 1641 non
2175 1589 2398 1653 audent,
2444 1597 2609 1642 noctu
2645 1588 2786 1642 inter
2836 1603 2895 1644 se
2929 1583 3304 1648 concursant?
3331 1588 3442 1644 Cur

1863 1687 2128 1747 quotquot
2162 1693 2192 1732 a
2223 1678 2484 1733 militibus
2537 1678 2771 1732 inveniri
2833 1685 3148 1746 potuerunt,
3194 1679 3336 1748 capti
3383 1685 3440 1733 et

1867 1770 1920 1822 in
1967 1785 2210 1824 carceres
2245 1769 2501 1838 conjecti,
2539 1769 2736 1824 deinde
2761 1770 2829 1825 ab
2877 1771 3011 1824 urbe
3055 1769 3282 1841 projecti
3316 1767 3437 1824 l'ue-

196 1845 609 1930 κατακρυὸἧναι
674 1857 763 1910 διὰ
827 1858 928 1926 τὴν
993 1858 1129 1927 πρὸς
1189 1859 1337 1927 ἡμᾶς
1393 1856 1753 1918 λανθανόντως

1868 1861 2047 1914 runt?
2083 1861 2259 1930 Atque
2296 1871 2355 1915 ut
2381 1859 2533 1914 initia
2565 1859 2679 1931 ipsa
2731 1861 3110 1931 perstringam,
3164 1874 3263 1917 cur
3311 1856 3440 1913 Stu-

193 1950 489 2015 διακονίαν,
526 1950 1080 2020 μεταμφιασαμένους
1125 1950 1326 2018 ἐσθῆτα
1370 1949 1594 2002 λαῖκῶν.
1638 1948 1759 2000 Τῶν

194 2043 247 2094 δὲ
284 2043 412 2112 ὅλην
444 2043 662 2112 ἡμέραν
694 2042 797 2094 ὑπὸ
837 2042 1018 2095 πλάκα
1066 2040 1401 2104 ὑποδύντων,
1442 2041 1536 2093 καὶ
1574 2040 1760 2110 ἐπειδὴ

194 2134 291 2185 οὐκ
338 2129 407 2204 ἦν
459 2135 518 2185 ἐν
555 2134 740 2205 ἡμέρᾳ
788 2133 1106 2203 ἐμφανίσαι,
1161 2131 1315 2184 νυκτί
1367 2133 1447 2194 εἰς
1497 2130 1760 2201 ἀλλήλους

197 2222 655 2292 περιτρεχόντων;
709 2221 880 2292 ’Υπὲρ
925 2222 1070 2285 τίνος
1116 2222 1164 2274 οἰ
1211 2221 1587 2292 εὑρισκόμενοι
1627 2237 1762 2291 κρα-

194 2311 445 2382 τούμενοι
491 2312 597 2365 ὑπὸ
642 2312 1011 2383 στρατιωτῶν,
1065 2311 1160 2365 καὶ
1214 2312 1272 2364 ἐν
1317 2311 1395 2379 τῷ
1439 2311 1760 2382 πραιτωρίῳ

194 2404 614 2469 φυλακισθέντες
635 2421 647 2434 ·
696 2399 814 2456 εἶτα
845 2403 1208 2475 ἐξορισθέντες
1235 2404 1336 2470 τῆς
1371 2401 1608 2468 πόλεως;
1650 2402 1761 2456 Καὶ

195 2493 279 2547 ἵνα
312 2493 377 2546 τά
419 2494 539 2545 κατ’
582 2493 760 2562 ἀρχὰς
807 2493 986 2546 εῑπωο
1030 2492 1171 2561 ὑπὲρ
1207 2491 1351 2554 τίνος
1398 2492 1465 2544 τὰ
1509 2492 1760 2545 Στουδίου

195 2585 297 2638 ὑπὸ
345 2584 570 2653 στίφους
625 2583 971 2654 στρατιωτῶν
1018 2582 1173 2649 ἄφνω
1218 2582 1551 2635 ἐπελθόντων
1591 2599 1758 2653 φρου-

197 2673 474 2744 ρούμεναο
523 2673 600 2736 ὡς
634 2674 769 2744 μηδέ
811 2675 1072 2727 ἀναπνεῖν
1117 2674 1298 2744 ἡμᾶς·
1333 2675 1431 2743 τήν
1479 2690 1537 2726 τε
1577 2676 1760 2727 ἐκεῖσε

191 2765 376 2833 ἄφιξιν
405 2763 500 2818 τοῦ
532 2765 767 2829 Νικαίας
811 2767 905 2818 καὶ
948 2766 1339 2834 Χρυσοπόλεως
1360 2807 1374 2831 ,
1409 2766 1488 2827 εἰς
1515 2766 1574 2818 τὸ
1607 2765 1760 2830 δέξα-

193 2859 313 2911 σθαι
357 2859 508 2929 ἡμᾶς
565 2856 660 2909 τὸν
701 2857 1119 2928 μοιχοζεύκτην·
1170 2858 1245 2921 ὡς
1299 2859 1450 2927 παρὰ
1486 2857 1581 2911 τοῦ
1622 2875 1757 2928 προ-

190 2947 545 3016 ηγησαμένου
592 2947 932 3016 πατριάρχου
985 2947 1356 3017 ἐπιτραπέντα
1403 2949 1622 3018 ποιῆσαι
1659 2948 1759 3015 τὴν

194 3037 604 3108 μοιχοξευξίαν;
635 3037 762 3102 Καὶ,
781 3039 954 3101 Ἐπεὶ,
987 3040 1172 3109 φησιν,
1199 3039 1350 3106 ἅγιος
1379 3041 1407 3091 6
1438 3038 1758 3109 ἐπιτρέψας,

188 3129 259 3191 ὡς
287 3129 315 3180 6
353 3127 746 3199 Χρυσόστομος
771 3127 928 3195 ἁγίου
958 3129 1108 3181 ἐστὶν
1141 3127 1455 3196 οἰκονομίαο
1490 3129 1582 3180 καὶ
1609 3127 1755 3191 δέξαο

1863 1953 2079 2006 dianum
2112 1969 2141 2005 a
2181 1952 2408 2006 militum
2458 1967 2622 2006 manu
2677 1952 2857 2006 subito
2912 1951 3148 2006 immissa
3205 1965 3438 2020 occupa-

1863 2050 1995 2106 tum,
2042 2042 2111 2094 ita
2137 2049 2194 2094 ut
2215 2041 2478 2110 respirare
2521 2040 2678 2094 nobis
2705 2040 2789 2092 vix
2817 2040 3043 2096 liceret:
3077 2048 3131 2094 et
3154 2036 3345 2093 Nicaere
3375 2048 3434 2093 et

1863 2130 2210 2201 Chrysopolis
2261 2131 2506 2201 episcopi
2536 2146 2602 2186 eo
2650 2131 3033 2196 adventarunt,
3086 2139 3144 2184 ut
3201 2129 3436 2185 adulteri

1862 2223 2229 2291 copulatorem
2259 2223 2689 2293 susciperemus,
2712 2221 2874 2276 veluti
2903 2221 2992 2290 qui
3027 2236 3056 2274 a
3097 2221 3439 2290 praecedente

1861 2312 2165 2380 patriarcha
2193 2313 2376 2381 jussus
2398 2311 2647 2366 adulterii
2669 2311 3069 2382 copulationem
3099 2307 3438 2385 peregisset!

1862 2403 2279 2468 Et:Quoniam,
2319 2403 2575 2468 aiebant,
2635 2413 2854 2457 sanctus
2914 2408 3005 2472 qui
3060 2403 3240 2474 jussit,
3294 2402 3438 2456 sicut

1861 2492 2316 2562 Chryscstomus;
2357 2494 2529 2547 sancti
2560 2502 2644 2547 est
2671 2492 3007 2562 dispensatio
3037 2509 3051 2545 :
3086 2506 3253 2562 quare
3292 2490 3435 2544 illam

1862 2584 2106 2652 recipite.
2163 2584 2272 2639 Cur
2300 2593 2463 2639 noctu
2506 2600 2608 2640 nos
2646 2594 2880 2654 quatuor
2910 2585 3037 2639 inde
3089 2584 3284 2640 sublati
3341 2599 3438 2654 per

1861 2675 2053 2729 ducem
2114 2691 2178 2730 ac
2237 2676 2459 2738 milites,
2508 2684 2670 2745 atque
2731 2675 2799 2730 ad
2847 2676 3154 2731 Simeonem
3192 2675 3434 2743 abducti,

1860 2781 2020 2834 quem
2069 2767 2252 2820 nescio
2284 2781 2392 2836 quo
2415 2767 2634 2820 nomine
2664 2768 2952 2836 appellem,
2988 2775 3045 2823 et
3071 2781 3194 2836 quae
3236 2780 3334 2836 per
3363 2765 3433 2818 il-

1862 2856 1971 2908 lum
2019 2856 2175 2910 nobis
2234 2856 2303 2910 ab
2359 2855 2682 2925 imperatore
2732 2855 3053 2927 significata,
3111 2863 3173 2910 ut
3226 2863 3433 2910 mutata

1863 2946 2132 3000 sententia
2168 2947 2236 3000 ab
2265 2946 2512 3002 instituto
2565 2947 2973 3012 desisteremus,
3005 2956 3260 3016 tanquam
3293 2947 3434 3001 facta

1861 3034 2268 3104 dispensatione
2308 3053 2320 3088 :
2361 3034 2444 3088 cui
2479 3033 2552 3090 rei
2577 3036 2810 3090 adhunc
2836 3050 3007 3104 usque
3035 3035 3179 3090 diem
3227 3036 3433 3090 restiti-

1863 3142 1985 3180 mus
2013 3126 2034 3178 ?
2065 3125 2172 3179 Cur
2199 3125 2394 3180 iterum
2421 3125 2488 3180 ad
2517 3132 2768 3179 sanctum
2806 3125 3049 3196 Sergium
3081 3127 3274 3183 inclusi
3327 3129 3436 3182 fui-

191 3218 279 3271 σθε
312 3218 541 3286 ταύτην.
582 3216 754 3287 Ὑπὲρ
781 3217 924 3280 τίνος
957 3218 988 3285 ἡ
1014 3220 1072 3270 ἐν
1101 3219 1255 3270 νυκτὶ
1288 3219 1445 3288 ἄρσις
1469 3217 1625 3288 ἡμῶν
1646 3216 1753 3270 τῶν

1859 3236 1981 3274 mus
2005 3238 2018 3275 :
2042 3228 2097 3273 et
2121 3235 2309 3275 rursus
2338 3218 2560 3274 Simeon
2584 3219 2797 3284 eodem,
2824 3219 3048 3288 jubente
3077 3221 3431 3291 imperatore,

187 3309 466 3381 τεσσάρων
513 3311 578 3361 ἐκ
612 3307 718 3361 τῶν
749 3311 927 3360 ἐκεῖσε
963 3309 1030 3360 δι’
1061 3308 1318 3377 ἄρχοντος
1364 3308 1458 3362 καὶ
1490 3325 1756 3378 στρατιω-

188 3396 313 3460 τῶν,
345 3399 442 3450 καὶ
473 3398 778 3466 ἀπαγωγῆς
809 3396 1018 3469 [melius
1049 3397 1343 3469 ἀπαγωγὴ]
1372 3399 1506 3468 πρὸς
1533 3401 1627 3453 τὸν
1656 3402 1756 3452 Συ-

192 3486 336 3556 μεὼν
384 3488 476 3541 τὸν
520 3488 622 3540 οὐκ
669 3482 764 3540 οἷδ’
813 3488 960 3551 ὅπως
1005 3489 1176 3541 εῐπω·
1230 3488 1324 3541 καὶ
1370 3488 1437 3541 τὰ
1484 3489 1552 3542 δι’
1589 3488 1754 3543 αὑτοῦ

187 3577 337 3649 παρὰ
360 3578 456 3632 τοῦ
489 3577 752 3648 βασιλέως
778 3579 1106 3648 δηλωθέντα,
1141 3580 1218 3641 εἰς
1243 3577 1304 3631 τὸ
1332 3577 1586 3644 δέξασθαι
1611 3581 1755 3650 ἡμᾶς

190 3669 658 3741 μετανενοηκότας
679 3687 692 3699 ·
727 3670 823 3723 καὶ
851 3671 930 3731 εἰς
958 3672 1094 3739 ὅπερ
1121 3670 1226 3734 ἕως
1249 3671 1408 3743 δεῦρο
1434 3672 1752 3742 ἐνέστημεν,

183 3759 255 3823 ὡς
277 3761 594 3831 οἰκονομίας
623 3761 957 3829 γενομένης;
1010 3760 1176 3830 ’Υπὲρ
1221 3760 1363 3824 τίνος
1393 3760 1554 3814 πάλιν
1589 3763 1755 3815 κατά-

186 3855 422 3909 κλειστοι
452 3858 536 3917 εἰς
571 3855 663 3908 τὸν
703 3855 857 3922 ἆγιον
901 3857 1155 3926 Σέργιον·
1197 3856 1290 3909 καὶ
1321 3856 1482 3910 πάλιν
1514 3858 1608 3910 τοῦ
1649 3858 1750 3908 Συ-

187 3944 328 4010 μεὼν
385 3947 569 3997 ἐκεῖσε
617 3945 767 4015 παρά
816 3944 908 3999 τοῦ
959 3945 1223 4015 βασιλέως
1271 3949 1455 4016 ἄφιξις
1499 3950 1579 4013 εἰς
1621 3949 1755 4002 αὐτὸ

183 4036 358 4088 τοῦτο.
388 4037 565 4108 ’Υπὲρ
596 4039 739 4100 τίνος
767 4041 799 4110 ἡ
831 4039 897 4093 δι’
927 4041 1202 4111 ἀρχόντων
1230 4044 1573 4114 παράστασις
1597 4044 1753 4114 ἡμῶν

182 4124 236 4173 ἐν
284 4127 352 4194 τῇ
407 4106 823 4196 πολυανθρώπιμ
871 4106 1091 4198 συνόδω,
1139 4106 1752 4201 συγκανθεζομένωνηκαὶ

183 4214 350 4282 τριῶν
375 4215 486 4268 τῶν
520 4218 792 4284 μεγίστων
819 4217 1143 4288 ἀξιωμάτων
1165 4235 1180 4284 ;
1228 4219 1398 4290 Ὑπὲρ
1424 4221 1564 4286 τίνος
1591 4220 1700 4289 ἐγὼ
1726 4225 1753 4276 6

179 4307 434 4369 ταπεινὸς
457 4309 642 4360 ἐκεῖσε
678 4308 1167 4379 ὑϐριζόμενος,καί⁹
1194 4312 1452 4366 κυκλόθεν
1481 4330 1753 4384 περιστοι-

181 4395 496 4466 χιζόμενοςς
533 4398 624 4450 καὶ
654 4399 865 4454 ἀκούων
888 4416 901 4430 ’
940 4402 1054 4454 Οὐκ
1099 4397 1245 4466 οἶδας
1274 4403 1325 4455 τί
1364 4404 1658 4473 φλυαρεῖς,
1699 4405 1751 4456 τί

1857 3314 2131 3380 proiectus
2155 3311 2397 3365 eamdem
2426 3313 2495 3367 ob
2517 3313 2770 3367 causam?
2790 3312 2898 3368 Cur
2920 3327 3015 3382 per
3039 3312 3204 3368 duces
3230 3329 3434 3382 reprw-

1858 3402 2057 3456 sentati
2095 3417 2195 3457 nos
2253 3402 2307 3456 in
2372 3404 2580 3474 synodo
2629 3418 2939 3468 numerosa,
2971 3404 3026 3459 in
3067 3419 3171 3472 qua
3223 3414 3280 3462 et
3324 3414 3434 3462 tres

1859 3493 2108 3549 maximae
2125 3494 2412 3564 dignitates
2425 3495 2811 3551 considebant?
2837 3493 2946 3548 Cur
2957 3508 3055 3566 ego
3067 3494 3283 3551 humilis
3295 3511 3429 3552 conv

1867 3587 2155 3640 tumeiiosc
2183 3587 2256 3640 ibi
2277 3596 2561 3650 tractatus.
2589 3597 2645 3642 et
2673 3588 2910 3658 undique
2933 3587 3238 3644 obvallatus
3255 3589 3279 3643 ?
3298 3589 3430 3646 illud

1856 3678 2089 3733 subinde
2111 3679 2339 3734 audiens
2369 3696 2383 3732 ι
2415 3679 2604 3735 Nescis
2631 3679 2761 3749 quid
2790 3679 3031 3750 nugeris,
3062 3680 3196 3751 quid
3229 3681 3378 3737 dicas
3408 3696 3424 3750 ;

1855 3783 1976 3825 cum
2005 3781 2105 3837 ego
2135 3769 2485 3824 inclamarem
2518 3788 2530 3823 :
2561 3768 2812 3825 Concidit
2835 3768 3165 3837 Praecursor,
3197 3770 3428 3826 solvitur

1855 3854 2224 3926 Evangelium,
2253 3874 2361 3913 non
2383 3867 2466 3912 est
2490 3858 2860 3927 dispensatio;
2894 3866 2948 3913 et
2973 3857 3050 3914 illi
3085 3859 3287 3929 saepius
3317 3861 3420 3915 ite-

1855 3955 2040 4002 rarent
2071 3965 2083 4001 :
2120 3947 2456 4018 Dispensatio
2483 3958 2567 4003 est
2601 3965 2616 4016 ;
2648 3957 2811 4020 atque
2859 3949 2934 4004 ita
2973 3949 3149 4005 sancti
3198 3948 3425 4022 dispen-

1852 4047 2042 4094 sarunt
2068 4046 2123 4092 et
2154 4039 2464 4108 precedens
2497 4047 2719 4094 sanctus
2746 4040 3074 4112 patriarcha.
3108 4039 3188 4095 En
3245 4048 3418 4100 testes

1853 4129 1997 4198 quod
2030 4129 2124 4182 ille
2150 4128 2380 4183 adulteri
2407 4129 2802 4197 copulationem
2851 4131 3190 4201 praceperit.
3235 4131 3424 4201 Quanc

1853 4232 2014 4286 quam
2048 4216 2122 4269 illi
2155 4231 2264 4270 non
2289 4217 2368 4270 sic
2388 4230 2507 4269 eam
2532 4215 2874 4285 appellabant
2898 4231 2913 4280 ;
2937 4215 3070 4284 quin
3093 4215 3419 4282 fremebant,

1853 4318 1904 4362 et
1932 4307 2184 4362 dentibus
2231 4307 2548 4370 stridebant,
2591 4321 2713 4360 cum
2771 4304 3001 4359 adulteri
3052 4305 3420 4374 copulatorem

1853 4399 2123 4453 audirent.
2172 4397 2282 4452 Cur
2334 4398 2620 4451 anathema
2651 4396 2735 4460 iis,
2763 4396 2855 4465 qui
2876 4405 3184 4450 sanctorum
3207 4397 3421 4466 dispen-

180 4483 376 4549 λαλεῖς.
415 4484 661 4548 Βοῶντός
714 4503 846 4556 μου’
879 4489 1075 4541 Πίπτει
1111 4491 1140 4542 6
1186 4490 1495 4560 Πρόδρομος
1517 4507 1530 4521 ο
1564 4490 1748 4544 λύεται

1857 4491 2089 4544 sationes
2113 4506 2219 4543 non
2251 4488 2561 4553 admittunt,
2590 4488 2732 4542 clara
2760 4501 2892 4542 voce
2918 4486 3292 4542 denuntiatum
3324 4506 3335 4540 :
3362 4497 3419 4541 et

177 4576 234 4626 τὸ
267 4577 638 4644 Εὑαγγέλιονο
684 4578 783 4630 οὐκ
831 4577 978 4632 ἔστιν
1014 4580 1330 4649 οἰκονομίαο
1383 4580 1648 4634 κάκείνων
1685 4581 1746 4633 τὸ

177 4665 450 4734 ἐπιλέγειν
499 4667 655 4733 πολὺ,
713 4668 794 4720 ὅτι
837 4671 1148 4740 οἰκονομία·
1184 4673 1276 4724 καί
1316 4669 1485 4734 οὕτως
1517 4673 1565 4724 οἰ
1606 4673 1750 4736 ἀγιοι

177 4753 560 4828 ᾠκονόμησαν,
618 4757 716 4812 καὶ
756 4759 784 4811 6
826 4761 883 4813 ἐν
916 4760 1090 4829 ἁγίοις
1135 4762 1608 4831 προηγησάμενος.
1646 4760 1747 4814 Ἴδε

180 4846 456 4918 μάρτυρες
486 4849 570 4901 ὅτι
621 4849 886 4922 ἐπέτρεψε
915 4853 1014 4921 τὴν
1061 4851 1466 4921 μοιχοζευξίανο
1510 4853 1612 4905 κᾶν
1649 4853 1748 4905 οὐκ

176 4936 358 5005 ἔλεγον
398 4939 573 5010 αὐτὴν
611 4939 784 5004 οὕτως
809 4982 823 5006 ,
875 4943 1009 4995 ἀλλά
1037 4944 1130 4996 καὶ
1158 4943 1216 4996 τὸ
1264 4946 1441 4997 εἰπεῖν
1476 4944 1750 5014 μοιχοζεύ-

178 5045 334 5098 κτην,
371 5030 687 5102 διεπρίοντο
733 5035 860 5097 τοὺς
886 5034 1101 5097 ὀδόντας
1145 5034 1242 5104 τοῦ
1284 5037 1447 5089 οἰονεί
1488 5038 1746 5106 ῥοφῆσαι.

187 5121 355 5193 Ὑπὲρ
390 5123 538 5187 τίνος
568 5123 631 5176 τὸ
652 5124 900 5196 ἀνάθεμα
931 5128 1044 5190 τοῖς
1088 5127 1164 5196 μὴ
1194 5127 1499 5197 δεχομένοις
1530 5127 1629 5190 τὰς
1665 5129 1744 5179 οἰ-

174 5215 432 5284 κονομίας
478 5215 592 5269 τῶν
639 5215 813 5285 ἁγίων
867 5217 1168 5288 διαῆοήτως
1218 5218 1589 5289 ἀνακραχθέν·
1650 5217 1745 5271 καὶ

172 5303 280 5369 ἐγὼ
298 5306 397 5358 σὺν
425 5306 506 5378 τῷ
532 5305 708 5377 Πατρί
736 5324 838 5377 μου
857 5309 949 5360 καὶ
963 5305 1266 5379 Καλογήρῳ
1295 5310 1383 5361 ὑπ’
1417 5309 1743 5378 ἀρχοντικῆς

174 5395 352 5464 χειρὸς
403 5398 727 5467 ἀφορισθεὶς
779 5400 842 5451 ἐκ
882 5399 1086 5469 μέσου·
1135 5401 1162 5451 6
1209 5400 1266 5453 δὲ
1315 5398 1742 5469 ἀρχιεπίσκοπος

173 5487 614 5555 ἐναπολειφθείς·
672 5491 764 5556 καὶ
805 5490 938 5543 διότι
987 5489 1146 5560 μόνον
1198 5489 1610 5562 ἐλειτούργησεν
1650 5488 1740 5542 ὑπ’

174 5574 300 5643 ἐμοῦ
331 5580 704 5650 παρακληθεὶς
733 5583 810 5645 εἰς
830 5583 898 5636 τὰ
924 5581 1281 5645 Στουδίου,ὡς
1307 5583 1478 5646 κοινὸς
1505 5580 1741 5650 πρεσϐύ-

175 5682 324 5735 τερος
357 5669 710 5740 καθαιρεθεὶς
741 5675 862 5725 κατ’
890 5671 1121 5737 αὐτούς;
1171 5672 1272 5724 Τὸν
1298 5674 1404 5742 γὰρ
1444 5673 1536 5726 ὑπ’
1574 5670 1738 5725 αὑτοῦ

179 5754 406 5824 Χριστοῦ
443 5760 838 5831 καθαιρεθέντα
873 5763 967 5816 καὶ
1016 5761 1121 5814 τῶν
1153 5760 1314 5815 Θείων
1347 5761 1586 5815 κανόνων
1628 5779 1738 5830 μοι·

1848 4596 1946 4651 ego
1986 4597 2110 4636 cum
2157 4591 2306 4651 patre
2329 4595 2450 4634 meo
2489 4587 2544 4633 et
2583 4575 3172 4650 Calogeroaprincipis
3193 4592 3354 4631 manu
3387 4596 3417 4632 e

1849 4672 2024 4726 medio
2053 4672 2446 4726 exterminatus
2477 4688 2492 4736 ;
2539 4669 2979 4739 archiepiscopus
2999 4677 3180 4722 autem
3203 4668 3417 4738 deposi-

1850 4770 1956 4826 tus,
1988 4770 2150 4830 atque
2197 4761 2267 4816 ob
2297 4775 2417 4815 eam
2443 4761 2612 4815 solam
2666 4774 2904 4824 causam,
2930 4758 3074 4829 quod
3097 4774 3127 4821 a
3152 4773 3238 4813 me
3258 4774 3415 4833 roga-

1848 4862 1933 4908 lus
1955 4853 2010 4907 in
2041 4851 2317 4907 Studianis
2341 4852 2682 4915 celebrasset,
2714 4850 2864 4905 velut
2910 4850 3214 4904 communis
3258 4865 3413 4919 pres-

1846 4942 2020 5011 byter,
2048 4928 2286 5014 ipserum
2318 4943 2584 4995 sententia
2608 4939 2924 5010 depositus?
2951 4939 3164 4994 Etenim
3195 4954 3225 4993 a
3255 4938 3415 4995 Chri-

1847 5045 1930 5088 sto
1957 5035 2073 5104 ipso
2099 5044 2152 5089 et
2171 5034 2367 5089 divinis
2387 5033 2688 5089 canonibus
2707 5032 3012 5102 depositum
3044 5031 3298 5087 adulterii
3322 5047 3412 5088 co-

1846 5123 2142 5192 pulatorem
2198 5121 2568 5186 absolverunt,
2613 5121 2891 5176 innoxium
2941 5137 3035 5192 per
3082 5121 3261 5177 omnia
3293 5138 3414 5194 pro-

1843 5215 2176 5277 nuntiantes,
2202 5212 2293 5282 qui
2321 5221 2516 5266 etcum
2553 5211 2684 5281 ipsis
2719 5211 2825 5281 iam
2858 5220 3014 5267 antea
3048 5211 3406 5278 sacriﬁcabat,

1844 5303 1978 5357 Eum
2007 5317 2134 5356 vero
2164 5303 2254 5370 qui
2291 5300 2488 5372 deponi
2520 5316 2618 5371 per
2643 5317 2878 5356 canones
2912 5303 3031 5356 non
3054 5310 3287 5372 poterat,
3309 5302 3407 5357 dc-

1841 5393 2094 5462 positioni
2119 5393 2459 5457 addixerunt,
2484 5409 2639 5448 suum
2672 5393 2798 5448 illud
2841 5394 3046 5449 dictum
3077 5392 3233 5449 factis
3277 5410 3408 5450 cou-

1844 5481 2137 5549 iirmantes,
2165 5498 2323 5553 posse
2363 5484 2662 5554 episc0pos,
2693 5494 2852 5555 prout
2883 5485 2964 5539 eis
2992 5485 3166 5539 visum
3221 5484 3404 5552 fuerit,

1843 5573 1918 5628 uti
1975 5573 2296 5629 canonibus.
2354 5573 2506 5639 Quod
2564 5575 2639 5629 illi
2658 5575 2872 5645 quidem
2917 5585 3178 5646 perpetuo
3224 5575 3296 5629 ita
3330 5575 3407 5632 fa-

1841 5665 1990 5719 ciunt
2014 5682 2028 5733 ;
2056 5679 2153 5719 nec
2189 5664 2289 5718 hoc
2330 5664 2517 5718 saltem
2565 5664 2910 5718 considerare
2956 5664 3222 5729 volentes,
3254 5663 3297 5718 si
3332 5664 3405 5720 ita

1842 5771 1926 5812 res
1943 5773 1999 5812 se
2032 5757 2244 5821 habeat,
2269 5771 2427 5826 posse
2466 5755 2556 5825 qui
2593 5755 2909 5828 episcopum
2935 5756 3232 5827 deponunt,
3249 5757 3318 5812 ab
3340 5773 3406 5812 co
