4008 6318
551 411 684 473 1075
1733 398 1793 456 S.
1837 391 2228 455 THEODORI
2264 389 2605 451 STUDlTiE
3678 369 3823 434 1076

543 537 702 592 quem
742 516 1319 588 deponant,ipsosmet
1339 511 1538 583 deponi
1587 524 1645 567 ut
1684 513 1971 582 impleatur
1999 528 2172 578 apo-1

2276 509 2532 575 οζεύκτην
2577 505 2875 573 ὴθώωσαν·
2922 499 3175 567 ἀνένοχον
3209 495 3626 564 ἁποςηνάμενοι
3667 494 3825 546 κατά

545 611 808 666 stolarum
840 604 1119 661 oraculum
1148 604 1216 657 ".

2279 603 2410 653 άντα
2445 599 2540 651 καὶ
2585 592 2972 663 συνιερουργδν
3014 592 3197 653 αὐτοῖς
3230 591 3357 641 ὄντα
3383 589 3477 641 καὶ
3519 587 3823 656 πρότερον.

545 701 653 754 Τδν
680 699 738 753 δέ
766 696 1128 767 ἀκαθαίρετον
1158 695 1223 745 ἐκ
1267 692 1526 756 κανόνων,
1563 691 1880 761 καθαιρέσει
1909 691 2245 747 δύπέδαλονο
2313 689 2463 758 ἔργῳ
2524 689 2616 740 τὸν
2676 685 2834 751 λόγον
2883 681 3062 735 αὐτῶν
3102 676 3512 747 βεϐαιούμενοι·
3545 677 3623 737 ὡς
3658 675 3827 737 ἐξου-

551 794 672 847 σίαν
704 791 850 862 ἐχειν
898 790 1027 849 τοὺς
1075 787 1338 858 ἱεράρχας
1364 789 1546 850 ,κατά
1591 785 1652 838 τὸ
1691 787 1874 848 αὐτοῖς
1915 783 2131 849 δοκοῦν,
2203 781 2506 852 κεχρῆσθαι
2547 782 2658 840 τοῖς
2714 776 2959 830 κανόσιν.
3027 774 3206 843 Ὅπερ
3246 769 3576 862 ἐνεργοῦσιν.
3618 770 3702 829 εἰς
3765 769 3829 818 τὸ

551 887 640 941 ἀεί
672 904 684 917 ·
885 886 1062 937 ἐκεῖνο
1097 853 1329 936 συνιδεῖν
1379 881 1689 952 βουλόμενοι
1710 895 1724 909 ⁸
1755 881 1858 944 ὅτι,
1925 879 1974 932 εί
2010 878 2169 932 τοῦτό
2236 880 2404 939 ἐστιν,
2458 873 2718 943 ἱεράρχην
2769 867 3184 937 καθαιροῦντες,
3208 861 3298 916 ὑπ’
3319 861 3486 916 αὑτοῦ
3519 853 3584 912 οῦ
3614 859 3825 910 καθαι-

555 978 711 1051 ροῦσι
758 978 988 1030 δυνατὸν
1013 977 1209 1039 αὐτοὺς
1238 976 1479 1038 ἐκείνους
1527 973 1952 1044 καθαιρεθῆναι,
1996 970 2374 1041 πληρουμένου
2404 965 2498 1018 τοῦ
2533 963 2640 1016 τῶν
2671 960 2980 1014 ἀποστόλων
3005 958 3208 1025 λογίου.

631 1069 759 1123 [late
789 1084 888 1123 nos
919 1067 1095 1129 vobis,
1126 1067 1386 1137 episcOpi,
1416 1066 1482 1120 de
1523 1065 1823 1119 canonibus
1848 1064 2136 1119 constitui-

2311 1057 2496 1109 Ταῦτα
2543 1055 2637 1108 καὶ
2691 1053 2818 1122 περὶ
2861 1051 3100 1104 κανόνων
3133 1046 3470 1116 διατετάχθω
3514 1043 3646 1112 ύμῖν
3685 1033 3828 1108 παρ’

558 1177 703 1216 ntus.
737 1159 847 1214 Vos
877 1175 1007 1214 vero
1045 1160 1101 1212 in
1134 1159 1213 1213 eis
1261 1169 1672 1227 perseverantes
1718 1157 1848 1211 salvi
1881 1156 2051 1221 eritis,
2086 1165 2140 1210 et

2278 1147 2414 1214 μῶν,
2451 1138 2495 1196 ὧ
2546 1142 2862 1195 ἐπίσκοποι.
2901 1139 3093 1206 Ὑμεῖς
3141 1136 3197 1188 δέ
3244 1134 3567 1204 ἐμμένοντες
3607 1129 3827 1190 αὐτοῖς,

559 1265 747 1320 pacem
786 1248 1095 1312 habebitis;
1119 1263 1229 1302 non
1259 1247 1576 1302 obedientes
1606 1255 1785 1300 autem
1814 1243 2137 1314 puniemini,

558 1351 616 1394 et
637 1348 964 1410 perpetuum
998 1339 1138 1392 inter
1167 1353 1264 1393 vos
1295 1337 1494 1391 bellum
1523 1335 1743 1406 geretis,
1765 1335 1990 1404 abiectae
2013 1333 2143 1386 obe-

563 1429 782 1483 dientiae
805 1444 994 1498 poenas
1019 1443 1284 1498 congruas
1315 1429 1545 1481 luentes.
1595 1427 1705 1482 Cur
1735 1442 1855 1496 quae
1887 1433 2009 1494 post
2057 1439 2143 1493 sy-

564 1522 766 1575 nodum
795 1530 940 1591 gesta
981 1529 1126 1584 sunt,
1153 1528 1207 1573 et
1231 1519 1474 1572 omnium
1505 1517 1732 1571 fratrum
1769 1533 1864 1585 per
1910 1517 2144 1585 impera-

566 1621 738 1667 torem
771 1611 1037 1666 discussio
1070 1627 1084 1664 :
1126 1626 1248 1664 cum
1275 1611 1499 1672 diceret,
1526 1625 1626 1663 nos
1671 1609 1889 1678 quidem
1921 1607 2142 1677 deposi-

2241 1236 2550 1306 σωθήσεσθε
2583 1236 2676 1286 καὶ
2710 1233 2930 1302 εἰρήνην
2960 1228 3139 1292 ἕξετε·
3182 1224 3534 1285 ἀπειθοῦντες
3563 1222 3624 1274 δέ
3656 1218 3831 1272 κολα·

2244 1328 2511 1398 σθήσεσθε
2532 1345 2544 1357 ·
2580 1327 2674 1377 καὶ
2722 1323 2959 1392 πόλεμον
2990 1321 3108 1390 μετ’
3146 1317 3392 1385 ἀλλήλων
3422 1315 3592 1368 ἀΐδιον
3628 1314 3791 1378 ἕξετε
3817 1327 3832 1342 ⁸

2245 1421 2401 1489 δίκην
2457 1419 2557 1486 τῆς
2616 1418 2877 1484 ἀνηκοΐας
2928 1415 3030 1482 τὴν
3088 1413 3470 1480 προσήκουσαν
3519 1406 3832 1466 τιννύντες.

2260 1512 2434 1581 ’Υπὲρ
2472 1510 2616 1570 τίνος
2642 1509 2708 1560 τὰ
2745 1506 2882 1575 μετά
2907 1503 3004 1574 τὴν
3040 1503 3276 1565 σύνοδον,
3308 1501 3342 1569 ἦ
3379 1515 3437 1550 τε
3465 1498 3687 1549 πάντων
3717 1495 3836 1547 τῶν

2249 1602 2495 1670 ἀδελφῶν
2549 1601 2836 1668 ἀνάκρισις
2881 1596 2986 1648 ὑπὸ
3065 1593 3157 1646 τοῦ
3223 1591 3486 1660 βασιλέως
3547 1589 3831 1655 λέγοντος,

567 1717 672 1767 tos,
703 1705 965 1775 synodum
999 1719 1125 1757 vero
1152 1713 1390 1756 sanctam
1422 1717 1562 1763 esse,
1585 1713 1682 1755 eta
1702 1716 1758 1754 se
1779 1701 2144 1770 obsignatam:

2276 1694 2558 1765 ιμᾶςομὲν
2617 1689 3055 1761 καθῃρημένους,
3111 1686 3208 1752 τὴν
3254 1683 3310 1736 δέ
3363 1681 3576 1733 σύνοδον
3635 1679 3832 1745 ἁγίαν,

568 1797 793 1867 perinde
840 1797 992 1865 quasi
1039 1806 1347 1849 sanctorum
1393 1793 1726 1871 dispensatio
1755 1800 1899 1845 esset
1935 1791 2145 1843 adulte-

570 1889 688 1942 rina
715 1885 1003 1956 copulatio,
1028 1893 1082 1939 et
1107 1885 1452 1938 indemnatus
1474 1885 1563 1953 qui
1597 1884 1713 1937 haec
1740 1882 2057 1951 peregerat?
2083 1879 2148 1935 Et

571 1996 696 2034 cum
729 1995 888 2034 nemo
935 1979 1080 2032 illam
1128 1977 1441 2030 admitteret
1465 1986 1595 2041 ,aut
1621 1976 1956 2044 singulorum
1992 1990 2146 2028 seor-

573 2087 694 2125 sum
737 2080 829 2124 aut
881 2069 1132 2123 binorum
1194 2077 1541 2122 ternorumve
1587 2066 1763 2124 simul,
1812 2077 1927 2118 tum
1985 2064 2147 2117 etiam

577 2162 834 2233 plurium,
868 2176 963 2228 per
989 2159 1312 2213 monasteria
1344 2167 1398 2210 et
1427 2165 1600 2211 castra
1633 2156 1882 2218 inclusio,
1918 2153 2156 2207 nonnul-

581 2253 755 2306 lorum
807 2250 969 2303 etiam
1021 2248 1227 2318 flagella
1269 2257 1322 2300 et
1361 2246 1632 2300 cruciatus
1665 2261 1680 2309 ;
1709 2260 1831 2298 cum
1875 2244 1982 2312 jam
2040 2243 2154 2295 hate

582 2342 782 2409 ubique
817 2349 956 2394 terra
988 2339 1230 2407 marique
1277 2348 1402 2392 nota
1461 2339 1572 2391 sint
1616 2337 1882 2406 vulgoque
1931 2337 2153 2402 iactata.

583 2431 754 2495 Quam
807 2429 970 2498 igitur
1001 2427 1071 2480 oh
1106 2441 1324 2480 causam
1351 2425 1467 2480 haec
1496 2425 1675 2478 omnia
1706 2433 1765 2475 ut
1789 2422 1974 2491 paucis
2004 2436 2155 2474 com-

586 2522 790 2591 plectar
817 2519 842 2571 ΐ
871 2516 1063 2570 Nonne
1093 2515 1235 2584 quod
1258 2515 1451 2569 adduci
1481 2529 1587 2567 non
1636 2521 1882 2582 possent,
1920 2520 1978 2563 ut
2008 2509 2158 2562 dice-

591 2619 733 2672 rent,
762 2613 857 2659 aut
904 2605 1252 2668 assentirent,
1281 2603 1738 2673 dispensationem
1768 2601 1933 2655 fuisse
1987 2598 2163 2652 Evan-

590 2699 713 2770 gelii
773 2696 1288 2766 transgressionem,
1338 2711 1496 2764 quam
1562 2695 1708 2748 velut
1763 2695 2050 2747 salutarem
2110 2697 2164 2744 et

591 2787 792 2841 sanctis
813 2802 995 2856 parem
1051 2786 1344 2840 adversarii
1387 2785 1841 2844 vociferabantur,
1884 2783 1974 2852 qui
2013 2781 2166 2835 factis

592 2885 646 2929 et
671 2876 844 2929 verbis
870 2876 1167 2929 etiamnum
1190 2875 1242 2926 in
1267 2890 1331 2928 eo
1353 2876 1675 2937 consistunt,
1701 2873 1750 2927 id
1784 2873 2083 2942 loquentes,
2112 2871 2165 2924 id

595 2975 817 3037 agentes
847 2967 949 3019 ista
999 2967 1422 3035 persecutione?
1451 2965 1695 3030 Quonam
1720 2965 1882 3035 igitur
1908 2972 2063 3033 pacto
2089 2964 2170 3017 di-

2249 1785 2777 1855 ἐπισφραγισθείσαν
2821 1780 2910 1833 ὑπ’
2958 1777 3151 1831 αὑτοῦ·
3190 1777 3264 1838 ὼς
3307 1772 3620 1842 οἰκονομίας
3660 1771 3838 1838 οὔσης

2249 1883 2421 1949 ἁγίων
2483 1880 2582 1949 τῆς
2642 1873 3055 1945 μοιχοζευξίας,
3111 1871 3204 1922 καὶ
3253 1867 3677 1933 ἀκαταγνὼστου
3737 1861 3838 1915 τοῦ

2249 1973 2418 2025 ταῦτα
2447 1970 2820 2029 τετελεκότος;
2855 1965 2965 2018 Καὶ
3013 1961 3199 2029 ἐπειδὴ
3229 1961 3290 2013 ού
3325 1956 3757 2028 προσεδέξαντο*
3801 1954 3836 2017 ή

2251 2066 2367 2126 ἐνὸς
2398 2059 2708 2127 ἐκάστου,ἥ
2737 2059 2828 2110 καὶ
2860 2054 2996 2126 ὁμοῦ
3027 2054 3141 2115 δύο,
3173 2055 3205 2123 ἢ
3236 2051 3424 2121 τριῶν,
3455 2049 3486 2120 ἢ
3520 2049 3614 2100 καὶ
3646 2046 3840 2098 πλειό-

2254 2175 2382 2219 νων,
2431 2157 2487 2208 ἑν
2549 2171 2607 2205 τε
2662 2153 2775 2214 τοῖς
2834 2146 3219 2218 μοναστηρίοις
3257 2144 3354 2196 καὶ
3400 2145 3511 2205 τοῖς
3565 2142 3839 2209 κάστροις

2256 2248 2604 2308 κατάκλεισις
2626 2263 2638 2275 ·
2663 2242 2826 2296 τινῶν
2850 2241 2905 2293 δέ
2937 2237 3305 2309 μαστιγώσεις
3335 2236 3429 2289 καὶ
3459 2230 3838 2299 κουσπισμοί·

2257 2336 2532 2406 πανταχοῦ
2582 2335 2684 2403 γῆς
2722 2349 2782 2384 τε
2821 2332 2913 2384 καὶ
2967 2329 3236 2396 θαλάττης
3287 2321 3842 2394 διατεθρυλλημένων

2258 2431 2496 2493 τούτων;
2541 2427 2714 2496 Ὑπὲρ
2739 2424 2881 2486 τίνος
2917 2418 3007 2474 οὖν
3037 2418 3209 2474 ταῦτα
3239 2419 3443 2482 πάντα,
3477 2417 3563 2469 ἵνα
3595 2413 3844 2467 συνελὼν

2261 2522 2433 2584 εῐπω;
2484 2520 2595 2586 Οὐχ
2643 2517 2781 2584 ὑπὲρ
2818 2514 2909 2566 τοῦ
2961 2512 3034 2583 μὴ
3083 2510 3474 2579 καταδέχεσθαι
3522 2508 3702 2560 εἰπεῖν
3745 2511 3845 2559 καὶ

2267 2608 2704 2679 συγκαταθέσθαι
2737 2608 2836 2677 τὴν
2868 2605 3179 2676 παράϐασιν
3209 2604 3302 2656 τοῦ
3335 2600 3666 2668 Εὑαγγελίου
3690 2601 3845 2651 οἱκο-

2264 2704 2492 2771 νομίαν’
2548 2702 2615 2770 ἣν
2665 2699 2737 2761 ὡς
2795 2698 3063 2767 σωτήριον
3103 2694 3198 2746 καὶ
3249 2694 3457 2759 ίσάγιον
3510 2691 3557 2743 oi
3604 2689 3847 2743 ἐναντίοι

2266 2794 2584 2864 ἐξεϐόησαν,
2617 2791 2952 2861 ἐμπράκτως
2987 2790 3082 2839 καὶ
3114 2785 3194 2854 τῷ
3225 2784 3370 2854 λόγῳ
3404 2783 3482 2845 είς
3507 2781 3598 2834 τὸν
3631 2782 3848 2848 κόσμον

2269 2890 2360 2942 καὶ
2393 2886 2592 2938 εἰσέτι·
2633 2884 2726 2936 καὶ
2754 2883 2856 2944 ἕως
2899 2879 2968 2932 ἂν
3019 2878 3350 2946 ἐπιμένωσιν
3381 2875 3552 2938 οὕτως
3584 2873 3849 2938 λέγοντες

2271 2983 2365 3035 καὶ
2404 2979 2734 3049 πράττοντες
2773 2975 2858 3026 διά
2894 2973 2986 3025 τὸν
3036 2970 3307 3040 διωγμόνς
3359 2969 3480 3031 Πῶς
3526 2963 3619 3019 οὖν
3650 2982 3850 3032 φασιν,

595 3067 746 3119 cunt,
771 3059 938 3127 quod,
975 3059 1191 3112 nemine
1217 3060 1536 3113 adversante
1595 3067 1687 3112 aut
1725 3059 1970 3121 docente,
2028 3057 2170 3125 ipsos

2276 3074 2352 3126 δτι
2387 3070 2609 3141 μηδενὸς
2657 3064 3052 3132 ἀνθισταμένου
3101 3063 3194 3114 καὶ
3225 3061 3563 3118 διδάσκοντος
3613 3056 3852 3109 καλέσοο

597 3165 855 3204 vocemus
911 3151 1196 3204 haereticos
1221 3151 1242 3202 ?
1271 3151 1589 3204 Commenta
1619 3158 1747 3203 sunt
1768 3150 1865 3202 ista
1887 3164 2005 3217 qua:
2025 3145 2172 3200 dixi-

599 3261 722 3300 mus
785 3253 839 3298 et
885 3259 1116 3309 somnia,
1143 3262 1212 3298 an
1243 3245 1411 3300 vera?
1442 3245 1510 3299 Et
1534 3244 1789 3313 quoniam
1824 3259 1948 3296 vera
2004 3249 2127 3294 sunt
2154 3257 2169 3305 ;

599 3336 871 3406 quomodo
909 3352 1017 3389 non
1074 3339 1272 3406 ubique
1314 3337 1512 3391 docent
1538 3345 1593 3390 et
1646 3335 1942 3405 praadieant
1995 3334 2175 3388 verbis

600 3427 920 3498 factisque?
947 3427 1053 3480 Aut
1099 3428 1371 3498 quomodo
1420 3444 1537 3490 vos,
1567 3427 1670 3481 illis
1700 3443 1808 3480 non
1867 3427 2172 3489 credentes,

601 3520 992 3590 propemodum
1039 3535 1160 3574 cum
1195 3519 1325 3589 ipsis
1357 3518 1448 3588 qui
1481 3520 1595 3573 haec
1624 3519 1810 3572 dicunt
1839 3517 1995 3572 statis
2032 3516 2175 3587 (sed,

605 3615 706 3668 etsi
735 3614 1067 3669 tacuerimus
1107 3629 1228 3678 nos,
1255 3614 1405 3667 orbis
1436 3613 1550 3682 ipse
1575 3613 1857 3666 veritatem
1908 3609 2177 3678 testatur),

608 3705 940 3758 horrendum
965 3703 1160 3758 silentii
1184 3703 1446 3771 judicium
1468 3702 1520 3755 in
1540 3719 1634 3757 vos
1650 3703 1796 3770 ipsos
1811 3700 2180 3755 attrahentes?

608 3797 975 3862 Quamobrem
1011 3810 1108 3864 ego
1171 3794 1389 3846 humilis
1449 3809 1612 3862 cogor
1674 3808 1783 3846 non
1833 3792 2013 3855 silere,
2066 3791 2179 3844 sive

611 3888 834 3957 scripto,
863 3887 976 3941 sive
1004 3885 1120 3939 sine
1160 3885 1383 3953 scripto,
1406 3884 1581 3952 quoad
1608 3883 1747 3935 vires
1802 3881 2003 3946 ferunt,
2031 3895 2153 3934 cum

609 3977 807 4029 timore
829 3989 892 4028 ac
916 3982 1171 4037 tremore,
1201 3988 1325 4026 cum
1358 3973 1482 4026 vita:
1533 3971 1848 4026 discrimine
1870 3988 1882 4023 :
1902 3969 2000 4022 etsi
2031 3969 2183 4038 quis-

610 4069 758 4137 piam
795 4073 1036 4119 vestrum
1093 4064 1320 4118 fortasse
1365 4078 1475 4115 non
1523 4063 1856 4127 necessario,
1899 4062 2072 4115 dicam
2128 4067 2186 4114 et

610 4170 1030 4226 supervacanee,
1061 4169 1146 4208 me
1181 4155 1298 4207 [nec
1331 4152 1508 4206 facere
1545 4151 1834 4206 existimet.

689 4354 887 4409 Verum
938 4354 1004 4408 ad
1061 4367 1174 4407 rem
1225 4353 1440 4406 tandem
1473 4353 1651 4406 veniat
1701 4350 1893 4405 oratio.
1947 4348 2056 4413 Ais,
2086 4364 2184 4403 ne-
2220 4385 2263 4440 D

617 4444 763 4498 mine
787 4443 1110 4498 adversante
1140 4451 1234 4496 aut
1282 4442 1510 4494 docente
1563 4439 1820 4494 maacltari
1866 4439 2183 4507 sacrilegos-

618 4551 725 4604 que
754 4536 1055 4598 absolvere,
1089 4549 1195 4603 quo
1217 4534 1339 4601 jure
1372 4533 1489 4586 illos
1517 4533 1846 4602 appellemus
1872 4531 2188 4584 haereticos?

624 4625 882 4679 Moechari
929 4638 1078 4692 ergo,
1109 4631 1163 4676 et
1209 4623 1500 4691 sacrilegos
1542 4623 1840 4684 absolvere,
1890 4620 2054 4672 verbo
2112 4616 2186 4670 illi

623 4731 810 4771 revera
836 4731 945 4770 non
970 4714 1206 4769 docent:
1237 4728 1358 4766 cum
1384 4728 1484 4766 nec
1515 4722 1704 4783 gentes
1733 4728 1850 4780 quae
1882 4710 2051 4780 legem
2079 4725 2188 4762 non

623 4804 1109 4861 habentmmchari
1138 4805 1369 4859 doceant
1400 4820 1414 4856 :
1453 4818 1626 4872 neque
1674 4818 1772 4855 nos
1823 4802 1966 4854 nude
1993 4801 2093 4854 hoc
2125 4800 2192 4854 ab

626 4898 731 4953 illis
771 4897 875 4952 dici
903 4897 1341 4969 posuimuszsed
1370 4895 1510 4964 quod
1555 4894 1910 4948 adulterinam
1967 4893 2192 4960 conjun-

628 4993 864 5046 clioncm
921 4990 1308 5059 approbantes,
1343 4997 1397 5042 et
1425 5004 1545 5057 qua:
1587 4987 1658 5040 illi
1700 5002 1909 5039 annexa
1942 4994 2091 5048 sunt,
2140 4994 2195 5038 et

629 5100 726 5154 per
759 5098 880 5137 eam
913 5082 1046 5136 alias
1099 5081 1379 5151 Evangelii
1432 5079 1887 5149 transgressiones
1910 5093 2031 5130 cum
2059 5076 2196 5130 divi-

627 5189 822 5227 norum
861 5187 1132 5227 canonum
1158 5171 1587 5233 infractionihns,
1618 5171 1908 5224 salutarem
1932 5183 2051 5222 esse
2082 5168 2195 5221 dis-

629 5265 1002 5334 pensationem
1032 5265 1318 5332 interjecto
1365 5264 1709 5316 anathemate
1742 5262 2082 5325 sancientes;
2114 5269 2196 5313 at-

628 5372 733 5423 que
765 5357 866 5408 hoc
897 5356 1070 5423 ipsum
1100 5353 1153 5406 in
1181 5353 1295 5406 dies
1333 5369 1431 5422 per
1451 5351 1635 5406 exsilia
1663 5365 2014 5417 carceresque
2064 5365 2198 5417 quos

629 5446 739 5499 dixi
786 5445 1141 5506 vindicantes,
1179 5443 1528 5514 Evangelium
1583 5441 1845 5496 solverint
1890 5456 1952 5495 ex
1985 5449 2201 5494 sancto-

633 5553 752 5590 rum
801 5536 1092 5598 sententia,
1135 5543 1188 5587 et
1214 5535 1409 5587 virtute
1441 5533 1898 5602 dispensationem
1946 5531 2000 5584 in
2055 5530 2197 5583 omni

634 5629 1076 5700 praevaricatione
1101 5627 1212 5681 fieri
1240 5637 1492 5681 astrunnt
1516 5645 1526 5680 :
1559 5625 1904 5680 immntabilia
1935 5624 2023 5678 Dei
2049 5617 2202 5678 man-

707 5790 750 5823 "
781 5792 909 5848 Can.
935 5790 967 5844 8
993 5796 1159 5857 (ipost.
1192 5786 1344 5854 juxta
1371 5785 1598 5840 (hircos.

2276 3181 2372 3233 μεν
2422 3163 2618 3222 αὐτοὺς
2667 3153 3312 3228 αἱρετικούςςΦαντασία
3360 3149 3429 3202 τά
3477 3145 3856 3217 προλεχθέντα

2274 3256 2366 3308 καὶ
2396 3253 2613 3323 ὄνειροι,
2646 3252 2678 3321 ἢ
2721 3249 2934 3319 ἀληθῆ;
2972 3244 3194 3315 Ἐπειδὴ
3224 3242 3279 3295 δέ
3307 3240 3483 3310 ἀληθῆ
3523 3279 3538 3303 ,
3575 3238 3693 3299 πῶς
3723 3239 3858 3308 οὐχὶ

2273 3347 2616 3399 διδάσκουσιν
2664 3343 2926 3396 ἑκάστοτε
2977 3338 3070 3391 καὶ
3128 3333 3490 3406 κηρύττουσιν
3545 3331 3692 3402 ἔργῳ
3757 3331 3860 3384 καὶ

2275 3438 2450 3507 )6th;
2479 3437 2512 3506 ἢ
2543 3435 2658 3498 πῶς
2689 3435 2784 3502 οὐχ
2829 3433 2985 3502 ὑμεῖς
3027 3427 3342 3497 πειθόμενοι
3386 3425 3602 3486 αὐτοῖς,
3643 3422 3860 3494 μικροῦ

2277 3531 2385 3582 δεῖν
2439 3531 2553 3600 μετ’
2601 3527 2784 3580 αὐτῶν
2833 3523 2939 3576 τῶν
2973 3521 3244 3589 λεγόντων
3278 3516 3498 3570 ῖστασθε
3546 3514 3728 3583 (ἀλλά
3763 3514 3865 3566 καὶ

2280 3618 2375 3671 ἐὰν
2401 3620 2562 3688 ἡμεῖς
2597 3613 2911 3681 σιωπῶμεν,
2943 3611 3009 3662 τὰ
3046 3609 3259 3678 πέρατα
3292 3607 3388 3676 βοᾷ
3419 3605 3516 3674 τὴν
3541 3602 3866 3671 ἀλήθειαν),

2282 3709 2341 3759 τὺ
2373 3705 2600 3776 φοϐερὸν
2629 3702 2728 3770 τῆς
2767 3700 2979 3768 σιωπῆς
3014 3700 3191 3766 κρῖμα
3227 3696 3312 3762 ἐφ’
3347 3691 3566 3752 ἐαυτοὺς
3596 3689 3868 3741 ἐπισπώ-

2286 3817 2434 3868 μενοι
2462 3815 2474 3861 ;
2508 3795 2586 3847 Δι’
2616 3795 2682 3864 ἦν
2713 3791 2893 3846 αἰτίαν
2925 3788 3036 3858 ἐγὼ
3067 3791 3094 3840 ὁ
3127 3785 3379 3846 ταπεινὸς
3425 3782 3516 3835 τοῦ
3567 3780 3644 3850 μὴ
3689 3782 3868 3850 σιγᾷν

2282 3888 2668 3955 ἀναγκάζομαι
2702 3882 2992 3954 ἐγγράφως
3029 3897 3086 3932 τε
3121 3877 3216 3931 καὶ⁷
3245 3876 3540 3946 ἀγράφως,
3568 3871 3716 3924 κατά
3759 3874 3870 3942 τὴν

2283 3978 2506 4031 ἐνοῦσάν
2543 3993 2630 4045 μοι
2658 3974 2888 4041 δύναμιν
2908 4013 2922 4036 ,
2957 3971 3095 4039 μετά
3129 3967 3292 4037 φόϐου
3320 3966 3416 4020 καὶ⁸
3443 3964 3645 4036 τρόμου
3667 4002 3682 4025 ,
3715 3965 3872 4032 μετά

2285 4067 2642 4138 παρασκευῆς
2681 4065 2912 4118 θανάτου
2935 4079 2948 4093 ·
2999 4061 3100 4115 κάν
3130 4078 3213 4121 τις
3244 4058 3398 4128 ὑμῶν
3430 4059 3557 4118 ῐσως
3593 4055 3696 4108 οὐκ
3725 4059 3870 4109 ἁνα-

2285 4162 2491 4230 γκαίως
2511 4200 2526 4224 ,
2556 4158 2694 4211 εἴπω
2721 4157 2766 4209 δ’
2797 4158 2878 4211 ὅτι
2909 4155 3002 4209 καὶ
3046 4151 3447 4224 περιττολὸγως
3471 4149 3638 4201 οἴεται
3678 4147 3871 4200 ταῦτα

2287 4255 2532 4321 ἐνεργεῖν
2569 4268 2657 4320 με.

2375 4341 2512 4392 Ἀλλ’
2545 4341 2638 4391 ἐπὶ
2666 4337 2725 4390 τὸ
2754 4334 3116 4408 προκείμενον
3143 4333 3171 4384 ό
3201 4329 3377 4396 λόγος.
3398 4327 3595 4393 Ἐφης,
3629 4323 3873 4392 μηδενὸς

2291 4433 2643 4501 ἐνισταμένου
2715 4430 2811 4480 καὶ
2881 4427 3221 4485 διδάσκοντος
3271 4419 3362 4472 τοῦ
3430 4414 3702 4488 μοιχεύειν
3770 4419 3874 4470 καὶ

2291 4525 2438 4576 λύειν
2473 4525 2599 4584 τοὺς
2631 4517 3038 4590 ἀνιέρους,πῶς
3069 4515 3306 4582 εὐλόγως
3329 4511 3630 4578 καλέσομεν
3660 4506 3874 4573 αὐτοὺς

2291 4616 2638 4685 αἱρετικούς;
2669 4612 2962 4681 Μοιχεύειν
3007 4604 3100 4661 οῦν
3132 4609 3225 4661 καὶ
3260 4605 3408 4657 λύειν
3440 4603 3564 4664 τοὺς
3607 4601 3875 4671 ἀνιέρους

2292 4708 2368 4778 τῷ
2401 4708 2563 4776 λόγῳ,
2594 4704 2812 4774 ἀληθὲς,
2846 4705 2904 4754 οὐ
2932 4702 3272 4756 διδάσκουσιν
3292 4714 3307 4729 ο
3337 4698 3458 4749 ἐπεὶ
3488 4693 3620 4766 μηδὲ
3641 4693 3708 4745 τά
3734 4694 3872 4765 ἔθνη

2293 4800 2362 4852 τὰ
2410 4801 2482 4869 μὴ
2535 4799 2697 4867 νόμον
2742 4794 2932 4864 ἔχοντα
2982 4792 3258 4863 μοιχεύειν
3301 4791 3568 4844 διδάσκει·
3605 4787 3702 4841 καὶ
3745 4792 3874 4843 οὐδὲ

2294 4893 2457 4961 ἡμεῖς
2489 4889 2710 4958 γυμνῶς
2740 4888 2899 4941 τοῦτο
2924 4887 3190 4953 ἐκφωνεῖν
3221 4883 3415 4945 αὐτοὺς
3449 4879 3754 4950 ὲξεθέμεθα
3778 4899 3793 4911 ο
3837 4883 3871 4952 ἦ

2297 4984 2378 5036 δτι
2408 4983 2505 5050 τὴν
2540 4977 2913 5050 μοιχοζευξίαν
2947 4975 3292 5046 κυρώσαντες
3325 4975 3420 5027 καὶ
3463 4973 3531 5025 τά
3575 4973 3672 5024 σὺν
3702 4974 3870 5042 αὐτῇ,

2299 5074 2393 5127 καὶ
2434 5073 2499 5125 δι’
2531 5073 2700 5140 αὐτῆς
2731 5070 2923 5139 ἐτέρας
2975 5066 3317 5138 Μραὸάσεις
3364 5064 3460 5118 τοῦ
3501 5063 3870 5131 Εὑαγγεὶίοιλ,

2302 5168 2398 5219 σὺν
2439 5167 2561 5227 ταῖς
2613 5163 2721 5214 τῶν
2770 5161 2929 5213 θείων
2983 5158 3225 5213 κανόνων
3266 5156 3519 5217 λύσεσιν,
3553 5157 3875 5224 οἰκονομίαν

2300 5253 2441 5309 εἶναι
2475 5257 2735 5323 σωτήριον
2783 5253 2875 5303 ὑπ’
2915 5248 3250 5317 άναθέματι⁸
3299 5246 3395 5298 καὶ
3438 5244 3597 5297 τοῦτο
3631 5245 3873 5298 καθεκά-

2305 5364 2435 5415 στην
2506 5342 2849 5403 ἐκδικοῦντες
2898 5339 2985 5391 διά
3030 5338 3140 5389 τῶν
3187 5333 3599 5406 προλεχθέντων
3646 5330 3873 5401 ἐξοριιῖρι

2305 5441 2397 5491 καί
2455 5433 2731 5504 φυλακῶν,
2779 5433 2841 5484 τὸ
2892 5428 3221 5496 Εὑαγγέλιον
3271 5425 3530 5477 λελύκασι
3575 5425 3718 5476 κατά
3779 5427 3876 5492 τὴν

2306 5529 2487 5597 φωνὴν
2530 5527 2637 5578 τῶν
2671 5524 2839 5591 ἀγίων
2904 5521 2997 5574 καὶ
3019 5521 3243 5588 δυνάμει
3286 5515 3378 5569 ἐπὶ
3411 5516 3594 5585 πάσης
3624 5519 3876 5584 napum-

2308 5635 2444 5680 σεως
2488 5613 2801 5683 οἰκονομίαν
2844 5608 3086 5680 γίνεσθαι
3133 5605 3504 5660 ὑποτίθενται·
3570 5603 3673 5668 τὰς
3721 5602 3882 5660 ἀνα).-
