4008 6318
190 395 312 456 1077

1385 381 1921 444 EPISTOLARUM
1957 379 2082 438 LIB
2145 377 2192 434 I.

3267 369 3405 432 1078

184 505 427 569 λοιὼτους
472 502 686 564 ἐντολὰς
730 500 823 553 τοῦ
855 498 988 552 Θεοῦ
1037 496 1446 560 ἀλλοιώσαντες,
1479 497 1574 548 καὶ
1607 512 1730 565 τρε-

1846 493 1962 547 data
1993 497 2264 545 variantes
2299 497 2352 542 et
2382 487 2657 541 mutabilia
2687 492 3010 541 statuentes.
3060 481 3125 535 Et
3160 483 3250 550 qui
3282 497 3406 553 pos-

185 598 316 661 πτάς
378 592 843 654 ἀποδεικνύοντες.
897 591 1007 644 Καὶ
1062 588 1179 650 πῶς
1252 587 1297 639 δ’
1347 587 1413 641 ἂν
1463 587 1562 639 οὑκ
1627 581 1736 636 εἷεν

183 686 465 740 ἀλλοιωταὶ
496 684 595 737 ικαὶ
633 681 866 752 τρεπταί
889 720 903 744 ,
952 680 1063 746 ετγε
1098 675 1566 747 παραϐαινόμεναι
1591 676 1736 727 οἰκο-

183 779 359 848 νομίαι
391 777 684 845 σωτήριοι,
721 775 869 842 ἐργῳ
899 772 991 824 καὶ
1033 770 1176 839 λόγῳ
1208 767 1497 829 συνοδικῶς
1529 767 1737 834 δογμα-

183 868 450 933 τίζονται;
480 866 570 934 Μὴ
602 867 708 936 γὰρ
754 866 832 926 εἰς
861 861 1113 915 τοσοῦτον
1142 860 1330 929 ψεῦδος
1362 858 1733 928 προκόψωσιν,

183 957 316 1010 ὥστε
350 958 425 1027 μὴ
455 957 634 1023 λέγειν
665 954 862 1014 αὐτοὺς
893 952 1251 1020 πεποιηκέναι
1283 948 1516 1002 σύνοδον.
1560 948 1622 1000 Εἰ
1665 947 1738 1017 μὴ

179 1047 274 1115 τὴν
325 1044 699 1117 μοιχοζευξίαν
760 1044 1025 1111 ὀνομάσαι
1086 1040 1398 1108 οἰκονομίαν
1453 1039 1740 1110 ἰσόρροπον

181 1138 376 1203 ἁγίων·
424 1139 473 1188 εἰ
517 1135 593 1205 μὴ
637 1131 1183 1199 ἁναθεματίσαιτοὺς
1224 1131 1298 1200 μὴ
1342 1131 1739 1199 προσιεμένους

181 1227 366 1295 αὑτήν.
404 1225 467 1278 Εἰ
506 1225 561 1278 δὲ
610 1225 823 1292 λέγουσι
850 1222 924 1291 μὴ
958 1220 1357 1290 ἀναθεματίσαι
1381 1261 1394 1285 ,
1421 1221 1562 1290 ύπέρ
1597 1220 1740 1280 τίνος

180 1299 496 1386 ἀνεϐόησάν,
541 1316 667 1377 Τοῖς
703 1314 778 1384 μὴ
807 1313 1115 1383 δεχομένοις
1154 1313 1254 1374 τὰς
1282 1313 1595 1381 οἰκονομίας
1631 1309 1737 1361 τῶν

180 1408 367 1474 ἁγίων,
399 1406 650 1474 ἀνάθεμα
692 1403 868 1471 Eata);
900 1402 1069 1472 Δῆλον
1094 1403 1201 1472 γάρ
1230 1404 1335 1468 ὅτι,
1367 1403 1739 1471 ἐνισταμένων

178 1499 336 1551 τινῶν
367 1498 441 1569 μὴ
473 1497 745 1567 δέχεσθαι,
793 1498 825 1567 ὴ
871 1494 1207 1565 ἐκφὼνησις·
1249 1496 1297 1546 εί
1333 1496 1408 1565 μὴ
1443 1494 1734 1564 μεθύομεν.

181 1590 308 1660 Περί
340 1589 493 1650 ποίας
529 1587 586 1640 δὲ
630 1587 941 1650 ὑποθέσεως
991 1587 1157 1657 ἄλλης
1184 1588 1216 1655 ἡ
1243 1585 1533 1648 ἔνστασις,
1574 1586 1606 1657 ἦ
1641 1585 1764 1656 τῆς

182 1680 579 1751 μοιχοζευξίας;
617 1678 822 1732 Οὐκοῦν
861 1678 1116 1745 ἀσφαλῶς
1161 1679 1330 1747 αὐτῆς
1355 1679 1522 1731 ἕνεκα
1552 1680 1578 1729 ὁ
1605 1680 1735 1730 ἀνα-

179 1771 506 1840 θεματισμός
528 1788 540 1800 ·
572 1769 647 1831 ὡς
680 1767 842 1837 οὔσης
888 1768 1029 1820 κατὰ
1058 1769 1155 1829 τὰς
1182 1767 1288 1819 τῶν
1317 1767 1487 1833 ἁγίων
1530 1769 1733 1820 οἰκονο-

1842 585 1952 638 sint
1977 581 2193 635 mobilia
2223 594 2286 633 ac
2308 577 2581 632 mutabilia
2606 593 2715 631 non
2744 590 2881 639 esse,
2911 575 2953 630 si
2978 574 3264 628 salutarem
3297 574 3412 628 dis-

1840 673 2217 743 pensationem
2282 684 2404 723 esse
2443 668 2658 738 quando
2712 667 3003 726 violantur,
3035 679 3092 718 re
3133 679 3195 718 ac
3245 665 3415 718 verbo

1840 762 2095 834 synodice
2155 761 2392 816 docent?
2418 759 2534 813 Non
2567 757 2710 812 enim
2737 766 2844 810 tam
2875 756 3219 825 impudenter
3257 769 3410 807 men--

1842 853 2064 913 tientur,
2093 860 2152 904 ut
2198 849 2459 921 synodum
2484 864 2513 902 a
2535 863 2592 902 se
2620 856 2859 901 coactam
2915 853 3113 914 negent
3139 863 3151 897 :
3186 843 3227 897 si
3256 842 3412 896 adul-

1843 944 2072 997 terinam
2105 941 2503 1010 copulationem
2535 939 2690 992 lateri
2720 937 2892 991 nolint
2949 935 3409 1005 dispensationem

1843 1035 2043 1089 sanctis
2102 1050 2285 1103 parem
2333 1032 2653 1101 appellasse,
2714 1045 2815 1083 nec
2844 1043 2937 1082 eos
2992 1028 3079 1096 qui
3113 1028 3257 1080 illam
3304 1041 3415 1080 non

1843 1123 2111 1191 recipiunt
2127 1123 2650 1177 excommunicasse.
2674 1119 2827 1185 Quod
2846 1120 2889 1173 si
2913 1119 3416 1173 excommunicasse

1841 1198 2040 1285 negant
2072 1232 2084 1266 :
2113 1230 2370 1283 quorsum
2404 1214 2534 1267 illud
2571 1213 2941 1267 exclamarunt
2970 1229 2983 1264 :
3019 1209 3088 1263 lis
3143 1210 3234 1279 qui
3289 1226 3418 1265 san-

1839 1314 2046 1359 ctorum
2072 1306 2503 1375 dispensationes
2532 1321 2642 1359 non
2679 1305 2972 1373 recipiunt,
3000 1304 3285 1359 anathema
3309 1306 3418 1358 sit?

1840 1393 2193 1463 Perspicuum
2213 1404 2298 1449 est
2333 1397 2643 1460 cnim,cum
2686 1395 3060 1464 recipereillas
3103 1395 3264 1464 aliqui
3300 1395 3418 1448 nol-

1839 1487 1974 1552 lent,
2009 1488 2134 1542 inde
2163 1496 2343 1541 natam
2373 1502 2493 1540 esse
2524 1486 2879 1551 sanctionem,
2911 1485 3014 1539 nisi
3039 1485 3175 1540 ebrii
3205 1501 3413 1540 sumus.

1840 1578 2088 1645 Quanam
2121 1595 2248 1634 vero
2277 1580 2344 1634 de
2372 1594 2428 1631 re
2457 1577 2558 1631 alia
2610 1577 2838 1646 quaestio
2894 1585 3010 1630 erat
3054 1584 3412 1646 praeterquam

1839 1670 1906 1723 de
1941 1670 2167 1723 adulteri
2228 1669 2659 1738 conjunctione?
2691 1666 2918 1737 Propter
2967 1668 3112 1721 illam
3144 1658 3271 1738 ergo
3321 1684 3417 1722 ex-

1845 1761 2309 1816 communicatio:
2350 1770 2576 1829 ut'quae
2619 1759 2768 1827 juxta
2806 1768 3113 1813 sanctorum
3140 1753 3418 1832 dispensa-

180 1829 319 1929 μίας.
359 1829 563 1913 καὶνεί
602 1829 697 1928 μὲν
747 1829 1043 1927 ἐιράμιλλος
1073 1859 1286 1923 αὐταῖς,
1323 1829 1378 1910 αἰ
1410 1857 1518 1910 τῶν
1561 1857 1736 1925 ἁγίων

1848 1852 2019 1905 tiones
2051 1852 2190 1905 facta
2225 1861 2389 1905 esset.
2445 1852 2511 1905 Et
2539 1851 2753 1920 quidem
2788 1850 2831 1903 si
2867 1864 3051 1903 earum
3085 1851 3275 1905 similis
3326 1851 3415 1914 sit,

175 1953 478 2020 οἰκονομίαι
511 1950 842 2017 παράνομοι·
879 1949 926 2000 εἰ
955 1947 1011 2000 δέ
1038 1948 1087 2001 οἱ
1111 1948 1280 2014 ἆγιοι,
1313 1949 1373 2001 ού
1401 1949 1733 2018 παράνομοι,

175 2045 304 2114 ὅπερ
333 2042 534 2113 ἀληθές
557 2059 570 2074 ’
621 2041 774 2094 αὐτοὶ
804 2039 1307 2109 ἁνεθεματίσθησαν
1341 2040 1415 2110 μὴ
1446 2042 1736 2110 προσιέμε-

176 2153 250 2188 νοι
283 2135 380 2207 τὴν
439 2132 846 2204 μοιχοζευξίαν·
897 2133 999 2185 κᾶν
1045 2132 1262 2202 τέχναις
1309 2133 1633 2200 σοφίζωνται
1669 2134 1735 2187 τὰ

176 2227 375 2296 ἐναργῆ
411 2227 592 2294 ἀφανῆ
639 2223 922 2276 δεικνύειν.
964 2223 1102 2275 Ἀλλ’
1146 2225 1424 2295 ἀμήχανον
1465 2225 1736 2293 κρυϐῆναι

174 2316 230 2366 τὸ
255 2317 494 2382 γεγονός.
529 2316 648 2365 Ὅτι
681 2313 737 2364 δέ
769 2313 1138 2383 ἀμετάϐλητοι
1179 2316 1234 2366 αἱ
1275 2314 1484 2366 ἐντολαὶ
1514 2313 1607 2366 τοῦ
1637 2315 1735 2365 E0—

177 2403 426 2470 αγγελίου
454 2443 469 2466 ,
521 2401 684 2455 ἄκουε
730 2401 824 2454 τοῦ
876 2403 1110 2472 μεγάλου
1146 2403 1422 2456 Βασιλείου
1467 2403 1734 2474 βοῶντοςθ

176 2494 321 2563 Τάχα
353 2493 583 2545 τονῶσαί
635 2509 734 2560 μου
785 2491 884 2562 τὴν
936 2493 1135 2562 ψυχὴν,
1192 2493 1282 2546 καὶ
1324 2494 1737 2564 νηπτικωτέραν

177 2585 304 2654 πρὸς
332 2584 392 2636 τὸ
422 2582 621 2653 ἐφεξῆς
668 2584 1008 2650 καταστῆσαι
1035 2587 1061 2636 ὁ
1089 2583 1293 2654 Κύριος
1329 2584 1621 2654 ἠϐουλήθη,
1662 2585 1736 2646 ὼς

178 2673 246 2744 μὴ
274 2673 560 2743 προσέχειν
588 2671 918 2741 ἀνθρώποις,
954 2672 1089 2724 ἀλλὰ
1115 2673 1203 2725 διὰ
1230 2673 1338 2725 τῶν
1368 2673 1737 2740 εύαγγελικῶν

176 2763 396 2814 ἐντολῶν
425 2761 870 2832 καταρτίζεσθαι.
905 2762 968 2814 Αἳ
995 2761 1118 2812 οὕτε
1160 2764 1390 2832 καιροῖς,
1421 2761 1542 2814 οὔτε
1585 2776 1739 2833 περι-

178 2854 425 2905 στάσεσιν
445 2852 802 2921 ἀνθρωπίνων
816 2855 1158 2920 πραγμάτων
1173 2870 1238 2906 συ
1248 2853 1735 2923 μμεταὸἀλλονται,

174 2945 282 2997 ἁλλ’
304 2942 404 3016 [αἱ]
429 2945 591 2997 αὑταὶ
616 2945 958 3012 διαμένουσιν
980 2959 996 2977 ο
1018 2944 1089 3005 ὡς
1118 2944 1466 3015 προήχθησαν
1497 2947 1604 2998 ἀπὸ
1643 2944 1737 2997 τοῦ

176 3035 432 3104 ἀψευδοῦς
458 3037 552 3088 καὶ
593 3035 857 3106 μακαρίου
893 3036 1158 3102 στόματος
1182 3075 1196 3099 ,
1237 3036 1376 3087 οῦτω
1405 3035 1738 3099 διαιωνίζου-

1837 1941 2051 2008 injustae
2112 1941 2348 1995 fuerunt-
2379 1951 2693 1995 sanctorum
2749 1940 3182 2009 dispensationes
3220 1959 3233 1996 :
3265 1951 3322 1995 at
3374 1942 3416 1996 si

1835 2033 2006 2086 sancti
2059 2031 2242 2100 iniusti
2301 2047 2408 2085 non
2445 2041 2592 2093 sunt,
2621 2032 2695 2086 uti
2750 2046 2936 2084 revera
2985 2046 3094 2084 non
3119 2039 3246 2085 sunt
3275 2048 3291 2097 ;
3321 2047 3415 2085 ex-

1835 2125 2218 2179 communicati
2237 2125 2310 2178 illi
2331 2123 2548 2177 fuerunt
2570 2125 2711 2194 quod
2728 2124 3086 2178 adulterinam
3126 2124 3420 2194 copulatio-

1835 2231 1958 2268 nem
1983 2231 2089 2270 non
2112 2216 2395 2284 recipiant,
2409 2215 2758 2285 quantumvis
2778 2214 3070 2269 artificiose
3088 2215 3138 2269 id
3155 2225 3335 2285 agant,
3361 2225 3420 2272 ut

1842 2324 1964 2375 quae
2013 2307 2296 2376 perspicua
2323 2315 2469 2368 sunt,
2525 2306 2756 2361 obscura
2811 2307 3057 2361 reddant.
3103 2305 3209 2361 Sed
3238 2309 3421 2362 occul-

1841 2399 1943 2452 tari
1975 2399 2164 2468 nequit
2185 2399 2327 2468 quod
2361 2398 2560 2452 factum
2589 2407 2690 2452 est.
2751 2396 2867 2452 Jam
2898 2415 3026 2453 vero
3049 2401 3190 2468 quod
3230 2400 3420 2454 immu-

1838 2491 2016 2544 tabilia
2047 2492 2157 2546 sint
2206 2491 2490 2561 Evangelii
2541 2492 2816 2556 mandata,
2861 2492 2987 2547 audi
3025 2491 3280 2548 Basilium
3311 2491 3421 2546 Ma-

1838 2597 2001 2651 gnum
2084 2582 2408 2636 clamantem
2452 2577 2749 2636 :Fortasse
2823 2576 3105 2637 intendere
3182 2583 3418 2638 animam

1838 2687 2036 2736 meam,
2084 2672 2594 2743 vigilantioremque
2628 2672 2682 2726 in
2718 2680 2998 2742 posterum
3053 2672 3279 2728 reddere
3313 2673 3420 2727 Do-

1848 2764 2037 2818 minus
2094 2764 2286 2828 voluit,
2321 2773 2381 2817 ut
2427 2764 2678 2818 homines
2698 2780 2804 2818 non
2867 2765 3130 2831 attendat,
3184 2766 3278 2820 sed
3330 2780 3425 2828 per

1837 2853 2149 2922 evangelica
2192 2853 2444 2907 mandata
2460 2853 2924 2924 perﬁciatur,qu:e
2940 2870 3044 2910 nec
3065 2855 3420 2926 temporibus,

1839 2957 1940 2996 nec
1975 2942 2335 2997 humanarum
2363 2959 2542 2999 rerum
2561 2945 2981 3000 circumstantiis
2996 2955 3420 3010 commutantur,

1844 3049 2031 3087 verum
2078 3034 2266 3088 eadem
2291 3045 2631 3105 permanent,
2656 3036 2795 3091 sicut
2812 3053 2878 3091 ex
2910 3037 3068 3093 beato
3091 3047 3146 3093 et
3175 3039 3398 3093 minime

178 3145 280 3182 σαι.
329 3129 390 3181 Ol
424 3129 481 3182 δὲ
505 3128 573 3180 δι’
598 3128 844 3190 ἐναντίας
867 3129 1202 3197 κηρύξαντες
1231 3128 1328 3197 τὴν
1360 3128 1733 3198 μοιχοζευξίαν

1846 3123 2014 3179 fallaci
2064 3141 2158 3179 ore
2204 3127 2545 3196 prodierunt,
2593 3128 2673 3184 sic
2714 3129 2860 3182 omni
2916 3146 3034 3186 aevo
3069 3147 3425 3202 perseveran-

174 3219 484 3288 οἰκονομίαν
516 3219 801 3288 σωτήριον,
835 3218 886 3269 τί
911 3217 1090 3288 ἄλλοῆ
1122 3218 1362 3290 τρεπτάς
1390 3219 1487 3281 τὰς
1512 3220 1735 3282 ἐντολὰς

173 3311 262 3361 τοῦ
292 3310 427 3362 Θεοῦ
472 3309 848 3376 ἁπεφήναντο;
885 3306 961 3376 πῆ
998 3299 1103 3377 μὲν
1136 3307 1629 3377 μεταόαλλομένας,
1657 3309 1735 3378 πῆ

175 3402 228 3456 δέ
253 3402 309 3453 ού
346 3397 823 3471 μεταϐαλλομένσις
851 3437 866 3461 ,
917 3396 1030 3449 ἁλλ’
1062 3396 1389 3468 ἐνεργούσας
1421 3397 1731 3468 ἀτρέπτως·

176 3496 382 3564 καιροῖς
412 3494 469 3547 δέ
501 3509 612 3544 τισι
650 3489 742 3542 καὶ
775 3489 1161 3559 περιστάσεσιν
1193 3488 1589 3558 ἀνθρωπίναις,
1625 3486 1735 3540 ὦσ-

177 3602 276 3654 ττερ
325 3587 536 3653 ἔφασαν
578 3580 736 3636 αὐτοὶ
771 3581 899 3652 περὶ
929 3580 1035 3634 τῶν
1064 3580 1426 3651 κρατούντων,
1464 3579 1735 3650 μεταϐαλ-

175 3674 422 3745 λομένας,
456 3675 554 3728 καὶ
586 3658 661 3742 μὴ
690 3673 767 3734 είς
794 3671 1024 3742 ἀνομίαν
1061 3671 1434 3742 λογιζομένοις,
1467 3671 1603 3724 ἁλλὰ
1627 3673 1737 3740 γὰρ

176 3768 264 3817 καὶ
292 3766 548 3818 τοσοῦτον
585 3763 738 3831 ἰσχὺν
771 3761 1023 3832 ἐχούσας,
1056 3762 1130 3825 ὡς
1163 3763 1258 3814 καὶ
1289 3762 1414 3824 τοὺς
1458 3763 1531 3831 μὴ
1577 3778 1739 3830 προσο

179 3858 422 3927 ιεμένους
456 3855 650 3918 αὑτὰς,
683 3855 848 3922 ἤγουν
873 3854 972 3917 τὰς
1004 3854 1342 3924 παραϐάσεις
1366 3855 1464 3915 τὰς
1494 3894 1507 3917 ,
1538 3853 1612 3917 ὥς
1638 3871 1739 3921 φα-

177 3968 278 4019 σιν,
315 3946 629 4017 οἰκονομίας
656 3944 766 3996 τῶν
797 3944 991 4013 ἁγίων,
1026 3946 1563 4017 ἁναθεματισμένους
1592 3946 1739 4017 παρά

175 4048 236 4118 τῇ
282 4039 582 4112 Ἐκκλησία
612 4033 751 4090 εῖναι
769 4052 785 4102 ;

241 4234 514 4304 Συνῆκται
537 4223 632 4284 οὖν
666 4225 912 4280 ἐντεῦθεν
942 4224 1092 4278 οὐδὲν
1116 4224 1324 4295 ἕτερον,
1349 4225 1380 4294 ἦ
1415 4224 1472 4276 τὸ
1501 4223 1592 4276 τὸν
1612 4224 1741 4276 Θεὸν

173 4323 400 4391 τρεπτὸν
429 4316 572 4373 εἶναι
617 4314 709 4368 καὶ⁴
756 4313 1064 4366 ἀλλοιωτόνο
1114 4313 1470 4383 ὁμοιουμένου
1527 4314 1620 4366 τοῦ
1660 4314 1744 4365 λέ-

174 4429 355 4480 γοντος
384 4411 465 4482 τῷ
515 4406 706 4475 οἰκείῳ
733 4404 896 4474 λόγῳ.
927 4404 988 4456 τό
1032 4420 1091 4456 τε
1131 4403 1460 4472 Εὐαγγέλιον
1495 4406 1743 4474 ἀόριστον

1843 3214 1934 3267 tia.
1985 3213 2186 3270 Contra
2229 3232 2377 3282 vero,
2404 3218 2495 3287 qui
2535 3218 2895 3273 adulterinam
2959 3222 3421 3291 coniunctionem,

1840 3302 2126 3359 salutarem
2151 3306 2604 3375 dispensationem
2618 3323 2739 3363 esse
2754 3308 3091 3365 docuerunt:
3119 3312 3249 3382 quid
3278 3313 3426 3370 aliud

1840 3396 2046 3463 dicunt,
2102 3414 2261 3467 quam
2324 3400 2600 3454 mutabilia
2659 3415 2782 3456 esse
2843 3401 2941 3457 Dei
2995 3404 3266 3471 mandata,
3305 3421 3426 3476 quae

1841 3503 1989 3543 nunc
2046 3490 2266 3559 quidem
2327 3501 2625 3558 mutentur,
2654 3508 2802 3547 nunc
2854 3494 3078 3549 minime
3120 3506 3423 3562 mutentur,

1843 3578 1941 3632 sed
1985 3579 2392 3634 immulabiliter
2444 3591 2726 3652 agant:et
2767 3585 3043 3640 nonnullis
3093 3588 3426 3657 temporibus

1843 3681 2008 3740 atque
2037 3673 2292 3728 humanis
2317 3674 2766 3742 circumstantiis,
2797 3678 2938 3733 sicut
2960 3676 3060 3749 ipsi
3091 3677 3160 3734 de
3189 3680 3426 3751 impera-

1845 3763 2053 3817 toribus
2104 3764 2359 3819 dixerunt
2414 3777 2715 3833 mutentur,
2739 3779 2797 3824 et
2829 3771 2897 3824 ad
2925 3770 3264 3839 iniquitatem
3315 3790 3426 3829 non

1846 3852 2187 3922 imputentur
2219 3874 2231 3909 :
2265 3871 2480 3910 rursum
2546 3871 2729 3914 autem
2781 3869 2983 3915 tantam
3017 3861 3120 3915 vim
3165 3862 3426 3933 habeant,

1846 3950 1904 3994 ut
1935 3943 2026 4012 qui
2057 3959 2118 3997 ea
2147 3961 2254 3998 non
2281 3947 2606 4017 suscipiunt,
2643 3950 2746 4004 hoc
2773 3959 2875 4017 est,
2928 3952 3405 4022 transgressiones,

1845 4051 1986 4104 quae,
2018 4045 2076 4090 ut
2112 4037 2213 4106 ipsi
2239 4038 2413 4104 aiunt,
2451 4041 2889 4110 dispensationes
2935 4051 3063 4096 sunt
3093 4051 3425 4108 sanctorum,

1846 4129 2196 4184 anathemate
2227 4130 2553 4186 damnentur
2600 4134 2668 4187 ab
2697 4134 2934 4188 Ecclesia
2961 4133 2986 4189 Ἰ

1918 4220 1994 4272 Ex
2030 4220 2114 4274 his
2135 4236 2262 4291 ergo
2299 4222 2586 4277 conﬁcitur
2619 4224 2752 4278 nihil
2791 4226 2937 4282 aliud
2961 4267 2976 4290 ,
3001 4244 3161 4298 quam
3191 4235 3430 4289 mutabi-

1850 4311 1954 4364 lem
1986 4311 2159 4364 Deum
2197 4329 2320 4367 esse
2352 4331 2364 4367 :
2391 4323 2451 4367 ut
2479 4314 2624 4368 dicto
2646 4331 2746 4370 suo
2775 4318 2966 4373 similis
3003 4321 3074 4376 sit
3101 4325 3194 4393 qui
3231 4326 3430 4382 dixerit

1849 4419 1903 4461 et
1931 4406 2279 4478 Evangelium
2312 4407 2629 4462 indilIerens
2658 4424 2780 4463 esse
2807 4411 2873 4464 ad
2911 4411 3139 4467 salutem
3171 4424 3227 4470 et
3251 4418 3431 4486 perdi-

174 4506 301 4576 πρός
329 4521 388 4557 τε
420 4498 698 4571 σωτηρίαν
725 4497 818 4548 καὶ
851 4489 1305 4563 ἀπὼλειαν.τΑρα
1340 4493 1447 4563 γὰρ
1480 4495 1572 4546 ἐπὶ
1605 4495 1739 4547 πάν-

1846 4496 2206 4551 tionetn.Nutn
2232 4497 2376 4551 enim
2404 4497 2457 4550 in
2483 4499 2738 4553 omnibus
2763 4499 3075 4556 hominibus
3094 4544 3110 4569 ,
3132 4513 3187 4557 et
3232 4503 3286 4558 in
3312 4521 3431 4560 om-

173 4615 274 4651 των
296 4595 628 4666 ἀνθρώπων,
659 4588 750 4640 καὶ
787 4586 880 4638 ἐπὶ
908 4587 1088 4654 πάσης
1116 4585 1331 4654 ἐντολῆς
1356 4585 1740 4655 παραϐάσεως,

179 4686 472 4760 οἰκονομία·
505 4684 539 4755 ἢ
569 4682 628 4734 ἑν
650 4694 758 4732 τισι
792 4676 883 4729 καί
919 4691 1063 4740 τινι;
1094 4675 1202 4727 Καὶ
1235 4674 1316 4736 τίς
1349 4677 1382 4745 ή
1425 4675 1745 4744 ἀποκλήρω-

183 4790 258 4838 σις
287 4777 377 4830 τοῦ
412 4775 507 4830 ἐπί
535 4788 648 4826 τισι
686 4769 784 4839 μὲν
816 4767 909 4821 καί
941 4785 1046 4820 τινι
1075 4762 1234 4830 εἶναι,
1268 4766 1358 4817 ἐπὶ
1387 4764 1442 4817 δέ
1490 4782 1598 4817 τισι
1653 4766 1746 4817 καί

175 4884 275 4919 τινι
304 4865 561 4934 οὐδαμῶς
587 4881 603 4931 ;
637 4862 745 4914 Καὶ
774 4859 911 4930 πρὸς
936 4857 1097 4910 τίνων
1123 4854 1233 4928 ἆρα
1265 4857 1358 4909 καὶ
1387 4858 1536 4926 παρὰ
1567 4857 1745 4908 πόσων

175 4962 231 5014 τὸ
268 4959 613 5028 οίκονομεῖν;
655 4952 813 5024 Παρά
844 4950 1112 5022 ἰεραρχῶν
1147 4950 1343 5019 μόνων,
1365 4949 1397 5018 ἢ
1420 4951 1512 5001 καὶ
1535 4949 1743 5020 ίερέων;

177 5050 470 5111 Συνοδικῶς
500 5048 534 5118 ἦ
587 5045 684 5097 καὶ
735 5043 915 5106 ἰδικῶς
969 5042 1242 5106 ἐκαστονς
1283 5040 1395 5092 Καὶ
1427 5042 1477 5092 εἰ
1515 5040 1606 5092 ἐπὶ
1651 5041 1760 5092 τῶν

182 5141 438 5210 βασιλέων
474 5139 678 5210 μόνων,
705 5135 797 5188 ἐπὶ
830 5135 929 5202 τῆς
966 5133 1210 5204 μοιχείας
1254 5131 1419 5202 μόνης
1443 5171 1458 5195 ,
1492 5131 1524 5201 ἢ
1553 5131 1647 5184 καὶ
1677 5133 1763 5199 ἐφ’

180 5236 412 5304 ἑκάστης
469 5229 858 5301 παρανομίας;
904 5227 1011 5279 Καὶ
1057 5224 1173 5286 πῶς
1219 5224 1310 5276 ἐπὶ
1353 5222 1459 5275 τῶν
1495 5222 1760 5292 βασιλέων

183 5324 557 5398 ὑποχωροῦσιν
607 5323 662 5374 αἱ
703 5321 793 5374 τοῦ
844 5318 979 5373 Θεοῦ
1028 5317 1274 5382 ἐντολαί;
1326 5316 1357 5386 ἢ
1415 5318 1651 5379 πάντως,
1684 5317 1758 5381 ὡς

180 5420 272 5488 τῆς
313 5418 594 5489 βασιλείας
639 5413 801 5466 αὑτοῦ
832 5412 982 5472 τέλος
1031 5410 1279 5479 ἐχούσης·
1327 5409 1407 5460 ὅτι
1440 5409 1572 5476 μηδὲ
1603 5407 1753 5476 βασι-

181 5510 308 5572 λέως
364 5509 645 5578 ὑποχωρεῖ
690 5506 874 5574 νόμος,
922 5502 997 5573 μὴ
1050 5500 1239 5568 ἐτέρου
1285 5497 1544 5566 βασιλέως
1589 5499 1750 5552 αὑτὸν

183 5598 599 5668 διαδεχομένου;
673 5593 834 5647 Ἀλλά
889 5593 996 5663 γάρ
1055 5590 1149 5643 καί⁵
1198 5588 1355 5641 τοῦτο
1413 5590 1747 5658 ἁπορητέονο

185 5690 361 5760 ἐπειδὴ
403 5707 570 5759 φησιν
597 5689 625 5740 ὁ
652 5686 792 5750 Θεῖος
834 5683 1180 5745 ’Λπόστολοςο
1224 5683 1288 5734 Ol
1337 5680 1572 5748 ἄνδρες,
1605 5682 1748 5750 ἀγα-

187 5775 326 5833 πᾶτε
348 5777 452 5845 τὰς
482 5773 715 5831 ἑαυτῶν
743 5774 1051 5845 γυναῖκας,
1087 5769 1280 5833 καθὼς
1304 5768 1400 5823 καί
1435 5772 1467 5822 ὁ
1498 5772 1749 5839 Χριστὸς

1850 4589 1905 4643 ni
1951 4590 2183 4642 mandati
2253 4589 2681 4657 transgressione
2732 4590 3068 4660 dispensatio
3107 4601 3216 4657 est,
3271 4612 3339 4648 an
3374 4597 3428 4651 in

1849 4679 2171 4748 quibusdam
2205 4719 2218 4739 .
2252 4687 2308 4733 et
2344 4680 2398 4733 in
2420 4680 2645 4749 aliquo?
2669 4681 2734 4734 Et
2764 4697 3011 4750 quamam
3043 4697 3161 4737 sors
3191 4684 3292 4739 ista
3323 4697 3428 4751 est,

1851 4780 1910 4824 ut
1927 4771 1979 4823 in
2001 4771 2318 4839 quibusdam
2338 4771 2410 4825 sit
2427 4779 2481 4824 et
2507 4770 2559 4823 in
2594 4770 2793 4840 aliquo,
2817 4771 2871 4824 in
2900 4771 3168 4840 aliquibus
3185 4782 3239 4828 et
3262 4775 3314 4829 in
3337 4776 3432 4829 ali-

1849 4875 1959 4929 quo
1977 4875 2314 4928 nequaquam
2343 4861 2760 4930 ?Aquibusnam
2781 4877 2910 4933 ergo
2931 4904 2946 4927 ,
2961 4872 3056 4917 eta
3073 4879 3232 4933 quam
3250 4867 3432 4921 multis

1863 4951 1979 5005 haec
2024 4951 2402 5020 dispensatio?
2445 4951 2530 5006 Ab
2591 4952 2828 5021 episopis
2877 4953 3028 5020 solis,
3079 4969 3147 5009 an
3201 4957 3431 5011 etiama

1861 5041 2231 5098 sacerdotibus
2258 5043 2280 5096 ?
2305 5041 2568 5111 Synodice
2612 5058 2680 5095 an
2703 5044 2955 5113 privatim
3007 5049 3333 5117 utrumque?
3367 5047 3433 5103 Et

1861 5133 1907 5187 si
1948 5136 2002 5187 in
2036 5136 2250 5206 regibus
2281 5143 2490 5188 tantum
2517 5174 2531 5198 ,
2561 5150 2629 5187 an
2680 5135 2735 5188 in
2774 5135 3044 5192 adulterio
3082 5138 3199 5193 solo
3228 5137 3342 5194 ?an
3374 5141 3428 5195 in

1859 5228 2098 5297 qualibet
2137 5228 2422 5296 iniquitate
2450 5228 2472 5280 ?
2498 5228 2564 5281 Et
2591 5228 2863 5296 quomodo
2885 5228 2939 5282 in
2967 5229 3183 5300 regibus
3215 5243 3434 5288 cessant

1862 5320 1951 5374 Dei
1985 5320 2279 5374 mandata?
2310 5321 2388 5372 An
2420 5320 2641 5374 omnino
2689 5323 2839 5389 quasi
2881 5322 3040 5377 linem
3076 5321 3276 5380 habeat
3312 5328 3431 5397 ejus

1852 5409 2136 5480 imperium
2179 5428 2193 5463 :
2231 5411 2664 5480 quandoquidem
2713 5429 2815 5467 nec
2863 5413 3206 5483 imperatoris
3255 5430 3433 5475 cessat

1849 5501 1952 5564 lex,
1986 5501 2087 5555 nisi
2121 5502 2413 5570 imperator
2438 5503 2573 5556 alter
2605 5503 2896 5558 succedat?
2927 5505 3034 5560 Sed
3057 5513 3112 5559 et
3152 5506 3256 5563 hoc
3293 5525 3431 5578 quo-

1847 5607 1951 5660 que
1983 5591 2343 5661 indagandum
2373 5602 2454 5648 est
2482 5611 2494 5646 :
2525 5610 2647 5648 cum
2679 5595 2824 5650 dicat
2845 5596 3065 5652 divinus
3105 5596 3426 5667 Apostolus:

1862 5684 1988 5748 Viri,
2015 5684 2212 5752 diligite
2257 5702 2439 5738 uxores
2474 5696 2668 5741 vestras
2707 5688 2840 5740 sicut
2873 5698 2921 5742 et
2963 5689 3200 5744 Christus
3250 5693 3426 5750 dilexit

1859 5776 2166 5841 Ecclesium,
2192 5786 2238 5831 ct
2265 5777 2485 5845 scipsum
2512 5780 2731 5833 tradidit
2749 5797 2841 5849 pro
2859 5798 2942 5846 ca,
2976 5792 3030 5834 ut
3063 5781 3208 5837 illam
3237 5786 3430 5838 sancti
