4008 6318
593 382 729 447 i079

1778 380 1837 440 S.
1877 376 2273 439 THEODORI
2303 379 2649 441 ΞΤΗΒΙΤιΕ

3717 372 3863 435 1080

588 494 764 561 ﬁcaret
820 492 1082 546 mundam
1103 490 1312 545 lavacro
1337 506 1489 561 aqua:
1517 490 1572 544 in
1609 493 1761 544 verbo
1794 505 1813 543 :
1848 500 1906 543 ut
1955 488 2167 543 exhibe—

2303 491 2548 560 νγὰπησε
2595 490 2710 559 τὴν
2747 489 3117 559 Ἐκκλησίαν
3138 502 3153 519 ⁸
3184 488 3283 541 καί
3326 486 3550 541 ἑαυτὸν
3593 487 3866 555 παρέδω-

589 593 666 640 ret
684 584 793 654 ipse
822 582 922 637 sibi
947 582 1229 653 gloriosam
1262 580 1573 646 Ecclesiam,
1619 598 1719 635 non
1746 581 2018 635 habentem
2053 596 2167 633 ma-

592 676 767 732 culant
793 684 888 730 aut
917 692 1126 747 rugam,
1159 684 1252 729 aut
1283 674 1486 744 aliquid
1526 673 1847 743 hujusmodi,
1896 673 1985 727 sed
2007 684 2062 727 ut
2098 673 2167 726 sit

588 781 773 827 saneta
804 780 854 827 et
876 770 1222 825 immaculata
1254 770 1333 837 ”;
1365 770 1656 839 quomodo,
1702 784 1825 839 quae
1851 783 1999 824 nunc
2048 768 2171 837 qui-

591 867 714 923 dem
749 866 1075 923 adulterium
1118 875 1176 922 et
1211 866 1460 922 adulterii
1493 865 1933 935 conjunctionem
1969 864 2170 918 admit-

593 967 691 1025 tat,
723 959 842 1015 aliis
871 969 1053 1015 autem
1098 976 1224 1015 mox
1256 960 1595 1031 temporibus
1620 958 1826 1015 similes
1853 960 1987 1015 alias
2016 960 2172 1025 ;sine

593 1052 801 1106 macula
829 1061 886 1106 et
915 1052 1033 1107 sine
1077 1068 1207 1123 ruga
1235 1053 1521 1122 persistat,
1553 1068 1617 1107 ac
1639 1067 1749 1106 non
1780 1051 2047 1107 lutulenta
2075 1066 2174 1119 po-

593 1145 702 1199 tius
728 1153 783 1199 et
815 1144 1067 1199 sordibus
1124 1145 1319 1205 obsita.
1357 1145 1503 1215 quod
1546 1145 1726 1199 dicere
1775 1142 2177 1215 perhorresco?

596 1237 855 1293 Decidant
878 1237 991 1292 haec
1016 1237 1173 1292 nobis
1192 1239 1318 1292 novi
1348 1236 1717 1305 evangelista,
1743 1250 1803 1289 se
1834 1235 1982 1304 ipsos
2028 1234 2173 1287 enim

596 1328 687 1398 qui
743 1327 868 1381 talia
914 1326 1200 1397 rccipiunt,
1255 1324 1551 1380 Ecelesiam
1611 1323 1701 1376 Dei
1742 1327 1963 1384 vocant,
2000 1328 2055 1373 et
2081 1335 2177 1374 eos

597 1420 690 1491 qui
731 1420 921 1474 eadem
953 1434 1061 1473 non
1094 1418 1349 1488 probant.
1382 1416 1635 1471 Ecclesia:
1686 1410 2027 1467 adversarios
2080 1411 2175 1465 de-

596 1521 851 1567 cernunt.
884 1508 988 1565 Sed
1014 1525 1200 1565 revera
1234 1508 1385 1579 juxta
1414 1505 1759 1577 prophetam,
1801 1502 2001 1558 Stultus
2026 1504 2177 1573 fatua

600 1604 859 1673 loquetur,
872 1610 920 1656 et
944 1617 1032 1653 cor
1050 1600 1162 1668 ejus
1186 1616 1319 1653 vana
1343 1598 1611 1667 cogitabit,
1637 1605 1691 1648 ut
1714 1595 1950 1664 perficiat
1978 1594 2177 1663 iniqui-

601 1702 782 1755 tatem,
811 1702 859 1747 et
883 1693 1164 1763 loquantur
1178 1692 1248 1745 ad
1274 1690 1441 1744 Deum
1473 1687 1836 1759 fraudulenter
1858 1688 1923 1738 δι.
1945 1686 2181 1739 Pessima

602 1783 786 1852 itaque
814 1783 1039 1839 haeresis
1066 1783 1180 1838 haec
1206 1792 1308 1837 est.
1337 1782 1514 1852 Atque
1548 1779 1680 1835 illud
1712 1779 2007 1836 beatissimi
2042 1778 2184 1845 Apo-

2266 600 2374 637 κεν
2416 583 2568 651 ὑπὲρ
2614 580 2822 650 αὐτῆς,
2859 582 2963 635 ἶνα
2995 580 3188 647 αὐτὴν
3239 578 3461 648 ἁγιάσῃ
3516 579 3871 646 καθαρίσας

2267 674 2348 739 τῷ
2372 674 2603 742 λουτρῷ
2634 673 2740 727 τοῦ
2769 673 2988 738 ὕδατος
3008 672 3076 725 ἐν
3093 673 3336 741 ῥήματν
3358 672 3458 723 ἵνα
3481 668 3867 739 παιπασινήση

2269 766 2465 834 αὐτὴν
2492 764 2683 830 ἑαυτῷ
2707 764 2965 828 ἔνδοξον
2992 763 3106 831 τὴν
3147 762 3539 829 Ἐκκλησίαν,
3560 762 3654 832 μὴ
3680 763 3871 831 ἔχου-

2272 873 2392 911 σαν
2417 856 2644 911 σπῖλον
2676 854 2713 922 ἢ
2737 852 2977 923 ῥυτίδα,
3010 852 3048 921 ἦ
3095 868 3150 905 τι
3201 848 3320 904 τῶν
3351 850 3671 905 τοιούτων·
3717 849 3872 903 ἀλλ’

2272 950 2371 1003 ἵνα
2412 943 2453 1019 ᾔ
2486 948 2625 1018 ἁγία
2651 947 2747 1001 καί
2777 946 3035 1015 ἄμωμος.
3069 943 3192 1005 Πῶς
3220 938 3331 1013 ἆρα
3354 941 3448 995 νῦν
3479 942 3579 1011 μὲν
3608 940 3711 1012 τὴν
3746 958 3873 1011 μοι·

2274 1042 2427 1112 χείαν
2476 1041 2573 1094 καὶ
2630 1037 3006 1110 μοιχοζευξίαν
3056 1033 3473 1106 προσηκαμινη,
3508 1034 3567 1086 ιν
3628 1032 3689 1087 δι
3754 1035 3874 1095 toi;

2278 1129 2440 1201 πέριξ
2488 1129 2700 1199 χρόνοις
2753 1129 2945 1197 ἑτέρας
2996 1125 3353 1195 ὲφαμίλλους,
3411 1123 3755 1193 διαμείναιεν
3807 1121 3878 1175 ἂν

2276 1222 2503 1288 ᾶσπιλὸς
2528 1236 2587 1275 τε
2621 1222 2715 1274 καὶ
2742 1220 3047 1291 apponam,
3078 1219 3192 1272 ἀλλ’
3211 1218 3335 1288 οὐχί
3364 1214 3835 1289 βεϐορσορωμένη
3859 1229 3877 1275 ;

2277 1313 2306 1367 ὃ
2347 1312 2450 1365 ,καὶ
2502 1311 2710 1382 φρίττω
2756 1310 2949 1378 λέγων.
2994 1307 3431 1378 Διακρινέτωσαν
3475 1306 3612 1376 ἡμῖν
3664 1303 3721 1355 οι
3775 1300 3881 1354 νῦν

2278 1400 2688 1470 εὐαγγελισταί·
2740 1398 2967 1462 ἑαυτοὺς
3017 1400 3126 1468 γὰρ
3175 1396 3377 1460 ταύτας
3425 1396 3879 1465 προσηκάμενοι,

2293 1492 2620 1562 Ἐκκλησίαν
2642 1490 2777 1545 Θεοῦ
2804 1490 3193 1561 ὀνομάζουσιν·
3226 1487 3539 1550 ἀντιθέτους
3568 1486 3712 1555 αὐτῇ
3745 1484 3881 1548 τοὺς

2286 1588 2361 1659 μὴ
2417 1587 2809 1657 προσιεμένους
2841 1584 3012 1647 αὑτὰς
3062 1581 3459 1650 διακρίναντες.
3498 1577 3643 1632 Ἀλλ’
3676 1578 3882 1641 ὅντως,

2284 1680 2425 1733 κατὰ
2453 1680 2543 1732 τὸν
2586 1678 2973 1749 προφήτην,’0
3005 1675 3205 1745 μωρὸς
3248 1672 3414 1742 μωρὰ
3451 1670 3746 1738 λαλήσει,
3778 1671 3883 1723 καί

2287 1774 2326 1840 ἠ
2374 1770 2585 1839 καρδία
2631 1770 2815 1824 αὐτοῦ
2854 1769 3073 1839 μάταια
3109 1766 3357 1834 νοήσει,
3394 1766 3507 1819 ’τοῦ
3551 1763 3887 1819 συντελεῖν

602 1875 728 1930 stoli
763 1889 1026 1945 usurpare
1060 1883 1145 1929 est
1169 1872 1273 1953 hoc
1297 1873 1453 1928 loco:
1490 1873 1657 1928 Miror
1684 1872 1820 1942 quod
1834 1871 1908 1925 sic
1942 1880 2050 1923 tam
2082 1868 2181 1921 cito

2303 1865 2500 1933 ἱιόμα,
2548 1862 2648 1915 καὶ
2705 1862 2918 1916 λαλεῖν
2968 1862 3119 1929 πρὸς
3170 1860 3278 1912 τὸν
3335 1858 3485 1913 Θεὸν
3535 1857 3885 1923 πλάνησιν.

603 1967 982 2035 transferimini
1012 1965 1078 2020 ab
1094 1982 1153 2019 eo
1170 1947 1258 2037 qui
1289 1979 1375 2020 uos
1398 1964 1597 2019 vocavit
1620 1964 1675 2016 in
1700 1963 1928 2032 gratiam
1958 1959 2181 2025 Christi,

2303 1954 2660 2023 Καλεπωτάτη
2693 1950 2783 2006 οὖν
2808 1954 3019 2023 αἵρεσις
3053 1950 3212 2020 αὕτη,
3246 1950 3342 2003 καὶ
3372 1950 3431 2002 τὸ
3459 1947 3553 2001 τοῦ
3590 1964 3888 2017 μακαριω-

602 2058 658 2111 in
682 2058 831 2111 aliud
872 2057 1253 2128 Evangelium:
1283 2058 1421 2121 quod
1453 2071 1555 2109 non
1588 2064 1664 2109 est
1701 2054 1868 2116 aliud,
1910 2054 2007 2106 nisi
2064 2060 2184 2105 sunt

2303 2048 2452 2100 πάτου
2495 2046 2819 2099 Ἀποστόλου
2860 2044 3003 2099 ἔστιν
3038 2042 3271 2097 ἐνταῦθα
3324 2042 3529 2105 λέγειν·
3594 2038 3887 2107 Θαυμάᾇυ

603 2147 769 2218 aliqui
798 2149 887 2219 qui
919 2164 1007 2202 vos
1026 2151 1359 2209 conturbant,
1393 2157 1440 2201 et
1472 2147 1650 2200 volunt
1672 2154 1964 2198 convertere
2005 2142 2185 2198 Evan-

2303 2138 2382 2192 ὅτι
2419 2141 2608 2202 οὑτως
2663 2136 2893 2205 ταχέως
2926 2136 3314 2203 μετατίθεσθε
3369 2133 3489 2187 ἀπὸ
3538 2129 3648 2185 τοῦ
3700 2129 3888 2183 κατιέ-

604 2240 799 2309 geliunt
853 2239 1070 2295 Christi.
1118 2238 1222 2295 Sed
1260 2240 1377 2294 licet
1431 2255 1521 2292 nos
1547 2280 1561 2299 ,
1596 2246 1689 2290 aut
1722 2236 1937 2307 angelus
1966 2236 2029 2289 de
2061 2236 2186 2289 caelo

2303 2247 2519 2294 σαντος
2578 2228 2734 2299 ὑμᾶς
2788 2232 2858 2283 ἐν
2937 2228 3131 2298 χάριτι
3199 2223 3457 2295 Χριστοῦ
3526 2224 3617 2289 είς
3675 2221 3889 2289 ἕτερον

602 2332 917 2403 evangeliut
959 2334 1119 2398 vobis,
1145 2341 1498 2401 prmterquam
1529 2331 1667 2400 quod
1702 2327 2185 2398 evangelimvimus

2303 2322 2699 2393 Ξὺαγγέλιυν·
2756 2322 2787 2376 ὃ
2837 2324 2947 2376 οὐκ
2994 2322 3165 2375 ἐστιν
3215 2320 3408 2373 ἄλλο·
3462 2320 3514 2371 εί
3570 2314 3660 2386 μή
3719 2312 3888 2379 τινές

604 2422 771 2488 vobis,
797 2424 1081 2478 anathema
1120 2424 1189 2477 sit
1217 2423 1281 2475 ⁵³.

2305 2421 2463 2472 εἰσιν
2493 2418 2548 2471 ol
2592 2414 3001 2484 ταράσσοντες
3030 2411 3205 2483 ὑμᾶς·
3236 2412 3329 2464 καὶ
3362 2409 3680 2472 ἐθέλοντες
3705 2419 3863 2474 μετα

605 2519 864 2589 tripedem
902 2521 971 2574 τὸ
1011 2519 1380 2589 Etim-rede
1420 2516 1528 2572 τοῦ
1550 2516 1831 2587 Χριστοῦ.
1864 2515 2052 2571 Ἀλλά
2079 2513 2177 2569 καί
2208 2514 2314 2568 ἐὰν
2332 2512 2503 2583 ἡμεῖς
2562 2512 2732 2567 αὐτοὶ
2796 2512 2835 2581 ἢ
2874 2510 3145 2582 ,ἄγγελος
3165 2510 3236 2576 ἐξ
3257 2506 3518 2578 οὐρανοῦ
3545 2504 3689 2576 ὑμῖν
3710 2506 3893 2574 simr-

608 2614 907 2687 γελίζηται
945 2614 1083 2682 παρ’
1113 2611 1145 2666 6
1174 2610 1689 2681 εὐηγγελισάμεθα
1728 2608 1893 2678 ὑμῖν,
1929 2607 2201 2676 ἀνάθεμα
2238 2608 2414 2661 ἔστω.

681 2707 1050 2774 Praeterquam
1076 2709 1258 2757 autem
1293 2700 1703 2772 evangelizavit,
1733 2714 1843 2753 non
1884 2698 2196 2769 Apostolus,

607 2796 703 2853 sed
728 2793 980 2852 Christus
1008 2792 1147 2863 ipse,
1192 2791 1588 2863 evangelizavit
1619 2789 1779 2845 nobis
1814 2790 2196 2861 mmchosydo—

609 2887 712 2941 dus
739 2882 967 2939 adulteri
995 2881 1457 2952 coniunctionem,
1494 2897 1563 2935 ex
1593 2895 1698 2951 qua
1723 2880 2053 2935 adulterium
2087 2920 2101 2943 ,
2142 2886 2199 2932 et

609 2974 983 3033 multimodam
1016 2973 1084 3028 ad
1121 2971 1508 3028 mazohandum
1540 2971 1915 3025 inductionem
1943 3011 1959 3037 ,
1995 2970 2201 3025 saluta-

610 3085 726 3126 rem
756 3081 879 3125 esse
899 3064 1367 3137 dispensationem
1395 3081 1411 3118 :
1442 3074 1499 3118 et
1539 3064 1645 3117 hoc
1675 3063 1760 3117 illa
1802 3064 2002 3132 ubique
2033 3077 2203 3117 evan-

2370 2694 2559 2766 ﬂap‘6
2607 2694 2663 2748 δὲ
2701 2692 3118 2763 εὐηγγελίσατο,
3167 2692 3267 2763 οὐχ
3313 2689 3344 2744 6
3393 2691 3744 2756 Ἀπόστολος,
3774 2691 3894 2745 ἀλλ’

2300 2789 2462 2853 αὐτὸς
2500 2790 2528 2842 6
2561 2787 2816 2860 Χριστὸς,
2848 2786 3247 2859 εὐηγγελίσατο
3277 2788 3311 2857 ή
3340 2784 3721 2856 μοιχοσύνοδος
3786 2787 3889 2857 τὴν

2305 2880 2703 2954 μοιχοζευξίαν,
2742 2880 2799 2947 ἐξ
2834 2875 2898 2951 ἧς
2928 2882 2962 2952 ἠ
3001 2878 3239 2951 μοιχεία,
3274 2878 3371 2932 καὶ
3424 2877 3526 2948 τὴν
3574 2878 3713 2950 πρὸς
3762 2880 3890 2942 τοὺς

2306 2973 2677 3044 μοιχωμένους
2735 2973 3091 3043 πολυτρόπως
3154 2970 3461 3041 ἀπαγωγὴν
3491 3012 3505 3035 ,
3570 2972 3892 3042 οἰκονομίαν

2306 3068 2592 3137 σωτήριον.
2629 3068 2737 3119 Καὶ
2762 3064 2922 3118 τοῦτό
2953 3067 3100 3118 ἐστιν
3127 3062 3590 3134 εὐαγγελιζομένη
3622 3064 3890 3117 ἑκάστοτε

610 3162 806 3234 gelizat
833 3158 1017 3214 verbis
1046 3156 1314 3225 lactisque
1344 3155 1630 3224 ;quamvis
1652 3154 1850 3210 callide
1893 3154 2198 3209 dissimulet

2303 3158 2447 3227 ἔργῳ
2466 3158 2559 3209 καὶ
2582 3157 2747 3226 λόγῳ.
2780 3156 2885 3210 κᾶν
2914 3158 3278 3227 προσποιῆται
3301 3155 3532 3224 δολερῶς
3554 3154 3889 3225 ὐπολωφείν·

613 3261 694 3316 ιιι,
724 3258 1006 3321 postquam
1046 3246 1312 3317 plurimos
1342 3244 1625 3315 deceperit
1671 3253 1728 3299 et
1784 3244 2157 3314 illaqueaverit
2187 3283 2201 3307 ,

613 3352 728 3399 tum
758 3339 1067 3411 Corybanta
1097 3350 1256 3392 suum
1295 3350 1487 3391 sursus
1515 3336 1736 3391 exaltet.
1758 3334 1803 3389 A
1852 3351 1960 3404 qua
1994 3335 2201 3388 utinam

615 3432 783 3487 miser
811 3438 911 3501 ego
944 3429 1133 3499 procul
1158 3426 1381 3497 fugiam,
1406 3435 1462 3480 et
1500 3424 1687 3497 lugere
1715 3440 1833 3489 vos,
1868 3435 1926 3479 ut
1954 3434 2206 3495 peccator

616 3536 735 3584 oro,
767 3520 893 3576 licet
917 3517 1225 3575 auscultare
1263 3518 1396 3571 mihi
1422 3517 1608 3571 nolitis
1634 3519 1647 3571 l
1681 3514 1758 3570 En
1788 3517 1974 3587 igitur,
2013 3517 2202 3581 frater,

615 3627 681 3666 es
708 3610 998 3681 Evangelia
1029 3618 1085 3665 et
1130 3610 1413 3679 apostolis,
1446 3609 1699 3663 similiter
1740 3618 1795 3663 et
1825 3624 1889 3663 ex
1928 3608 2202 3674 Patribus,

616 3703 830 3759 ostendi
861 3703 980 3769 tibi,
1014 3703 1060 3757 si
1087 3702 1250 3756 modo
1297 3700 1458 3755 [idem
1491 3702 1693 3756 habere
1722 3701 1806 3755 vis
1841 3702 2023 3756 verbis
2049 3702 2197 3756 veri.

620 3795 765 3859 tatis,
793 3782 1276 3865 mmehoSynodum
1306 3808 1498 3848 omnes
1520 3793 1745 3848 haeresis
1774 3809 2035 3849 numeros
2090 3796 2207 3849 sine

619 3888 984 3943 controversia
1024 3888 1306 3957 explesse,
1370 3888 1437 3940 ab
1488 3884 1759 3941 adulterio
1805 3886 2202 3955 incipientem:

622 3979 835 4035 tametsi
872 3980 1149 4049 paululum
1188 3977 1445 4048 quiddam
1498 3977 1555 4031 in
1589 3978 1771 4031 medio
1797 3978 2114 4041 substraxit,
2141 3993 2207 4031 eo

620 4072 766 4142 quod
802 4071 1157 4125 adulterinam
1201 4080 1412 4124 tantum
1461 4069 1905 4138 conjunctionem
1954 4070 2206 4124 nomina-

622 4166 721 4225 vit.
747 4166 833 4220 vel
861 4164 1040 4235 potius
1089 4162 1422 4234 praedicavit,
1457 4162 1925 4230 dispensationem
1976 4177 2099 4216 esse
2150 4161 2206 4215 in

624 4256 865 4312 Ecclesia
889 4253 1013 4311 Dei.
1049 4256 1155 4310 Nec
1177 4270 1309 4309 vero
1357 4254 1557 4309 mirere
1592 4254 1637 4308 si
1669 4270 1770 4308 vox
1806 4268 1914 4307 una
1954 4252 2205 4307 hmresim

626 4349 797 4419 pariat
826 4366 839 4402 :
868 4362 991 4403 cum
1014 4347 1305 4401 Dominum
1334 4346 1608 4401 dicentem
1628 4346 1815 4399 audias
1844 4362 1857 4397 :
1887 4345 2003 4399 Iota
2023 4361 2204 4407 unum,

2308 3246 2394 3299 ἴνα
2440 3247 2577 3315 μετᾶ
2630 3248 2728 3319 τὴν
2777 3248 2950 3317 Θήραν
2974 3247 3082 3299 τῶν
3108 3246 3519 3317 ἀπατηθέντων,
3548 3244 3641 3298 τὸν
3686 3248 3893 3319 εαυτῆς

2306 3337 2629 3408 Κορύϐαντα
2664 3334 2819 3401 αὖθις
2863 3338 3215 3411 ἐπανυψὼσῃ.
3249 3332 3353 3401 Ἦς
3403 3336 3500 3407 τὴν
3550 3340 3753 3407 πεῖραν
3796 3337 3895 3406 φύ-

2306 3446 2457 3501 γοιμι
2495 3430 2593 3500 μὲν
2620 3428 2729 3497 ἐγὼ
2756 3432 2783 3483 6
2812 3429 2997 3493 τάλας·
3035 3433 3225 3499 φυγεῖν
3264 3447 3322 3482 τε
3370 3429 3603 3499 εὔχομαι
3635 3430 3787 3499 ὑμᾶς
3821 3431 3892 3491 ὡς

2305 3522 2630 3591 ἁμαρτωλος
2658 3539 2672 3553 ’
2704 3521 2805 3575 κᾶν
2838 3522 2899 3575 οὐ
2937 3521 3213 3591 βούλοισθε
3244 3524 3529 3592 προσέχειν
3578 3538 3669 3591 μοι
3697 3523 3711 3576 l
3765 3522 3892 3576 Ἰδοὺ

2306 3610 2398 3666 οὖν
2436 3612 2566 3681 ἐγὼ,
2596 3614 2811 3683 ἁδελφὲ,
2846 3611 3215 3681 εὐαγγελικῶς
3251 3631 3311 3665 τε
3368 3618 3462 3666 καὶ
3510 3613 3895 3675 ἁποστολικῶς

2306 3704 2443 3775 ὁμοῦ
2464 3722 2521 3757 τε
2554 3705 2651 3757 καὶ
2686 3704 2972 3777 Πατρικῶς
3003 3704 3324 3774 παρέστησά
3350 3721 3457 3771 σοι,
3491 3704 3654 3775 εἴπερ
3680 3704 3893 3775 βούλοιο

2309 3795 2593 3849 πείθεσθαι
2629 3795 2805 3864 λόγοις
2842 3797 3124 3867 ἀληθείας’
3150 3797 3231 3849 ὅτι
3268 3797 3479 3867 αἵρεσιν
3502 3798 3894 3868 ἀναμφιϐόλως

2309 3889 2671 3958 πεπλήρωκεν
2704 3889 2736 3960 ἠ
2767 3888 3167 3959 μοιχοσύνοδος,
3198 3886 3463 3957 ἀρχθεῖσα
3492 3888 3599 3940 ἀπὸ
3632 3892 3735 3958 τῆς
3772 3906 3892 3957 μοι-

2308 3982 2459 4051 χείας
2488 3999 2503 4013 ·
2552 3983 2601 4035 εί
2648 3984 2741 4035 καὶ
2780 3982 2867 4035 διὰ
2918 3984 3084 4051 μέσου
3120 3980 3479 4050 ὑπελώςρησεν
3506 3983 3569 4033 ὲκ
3604 3983 3771 4051 μόνου
3803 3981 3894 4033 τοῦ

2308 4074 2594 4143 ὀνομάσαι,
2635 4075 2834 4146 μᾶλλον
2865 4075 2922 4127 δὲ
2953 4074 3187 4146 κηρύξαι
3239 4073 3336 4145 τὴν
3377 4071 3781 4142 μοιχοζευξίαν,
3818 4077 3896 4128 oi-

2309 4167 2572 4235 κονομίαν
2624 4168 2681 4219 ὲν
2736 4170 2802 4237 τῇ
2854 4166 3151 4237 Ἐκκλησία
3181 4165 3273 4219 τοῦ
3309 4162 3441 4217 Θεοῦ
3472 4163 3748 4232 γίνεσθαι.
3782 4167 3894 4219 Καὶ

2314 4260 2389 4327 μὴ
2428 4258 2734 4328 θαυμάσης,
2771 4259 2819 4310 εί
2854 4258 2953 4327 μία
3008 4258 3159 4327 φωνὴ
3196 4258 3372 4309 τίκτει
3411 4256 3644 4326 αἵρεσιν
3682 4256 3895 4309 ἀκούων

2311 4347 2406 4401 τοῦ
2468 4349 2672 4419 Κυρίου
2724 4350 2977 4414 λέγοντος
3010 4365 3024 4379 ·
3062 4348 3224 4403 Ἰῶτα
3256 4348 3326 4402 ἓν
3362 4347 3401 4417 ἣ
3427 4347 3536 4417 μία
3566 4350 3777 4414 κεραία
3827 4352 3895 4403 οὐ

632 4450 725 4493 aut
749 4454 882 4493 unus
913 4454 1049 4507 apes
1097 4454 1202 4492 non
1234 4436 1521 4503 prwteribit
1552 4452 1583 4488 a
1620 4436 1752 4507 lege,
1814 4442 1972 4489 donec
2028 4436 2198 4490 omnia

2306 4442 2393 4511 μὴ
2442 4442 2706 4511 παρέλθῃ
2735 4442 2854 4495 ἀπὸ
2892 4440 3000 4495 τοῦ
3042 4442 3256 4511 νόμου,
3289 4440 3399 4507 ἕως
3447 4440 3525 4495 ἂν
3580 4443 3779 4493 πάντα
3808 4440 3898 4509 τέ-

625 4533 757 4601 ﬁant
805 4530 872 4585 υ.

698 4627 766 4680 Et
814 4639 945 4681 cave
1016 4623 1222 4679 dicas:
1281 4619 1421 4687 Quid
1475 4636 1613 4691 opus
1666 4631 1751 4677 est
1811 4621 1977 4676 nimis
2049 4621 2211 4675 anxie

628 4719 901 4782 laborare,
938 4724 994 4772 et
1022 4730 1118 4786 per
1147 4729 1315 4769 unam
1337 4713 1630 4769 dictionem
1668 4716 1856 4771 doctas
1885 4716 2217 4786 speculatio—

630 4823 731 4862 nes
771 4822 1048 4869 revocare.
1073 4815 1237 4876 atque
1260 4806 1363 4860 hoc
1394 4806 1591 4862 illudve
1620 4808 1965 4873 concludere,
1990 4822 2059 4861 ne
2079 4807 2219 4861 forte

631 4900 901 4971 impingas
969 4899 1024 4953 in
1086 4897 1339 4953 heresim
1412 4898 1899 4954 Gnosimachorum
1935 4939 1949 4964 ,
2006 4901 2073 4955 de
2114 4915 2221 4969 qua

633 4995 751 5048 haec
777 5002 969 5048 auctor
993 4992 1069 5045 ’δε
1089 4990 1440 5047 Gnosimachi
1470 5003 1618 5058 sunt,
1648 4994 1739 5062 qui
1771 4992 1917 5047 omni
1951 4991 2219 5047 Christia-

631 5100 828 5141 norum
882 5084 1141 5155 agnitioni
1176 5084 1536 5140 adversantur
1560 5124 1576 5150 ,
1598 5069 1610 5081 ’
1634 5096 1693 5139 ιιι
1715 5101 1913 5139 vanum
1952 5094 2008 5140 et
2038 5085 2219 5138 minus

633 5178 1003 5234 necessarium
1033 5177 1273 5233 laborem
1297 5192 1418 5232 esse
1458 5179 1641 5233 dicant
1674 5194 1887 5243 eorum,
1932 5178 2023 5247 qui
2047 5178 2099 5231 in
2131 5178 2218 5231 di-

632 5270 777 5325 vinis
822 5270 1044 5340 scriptis
1086 5270 1318 5339 aliquam
1351 5271 1646 5339 exquirunt
1674 5270 1958 5324 scientiam
1989 5288 2002 5323 :
2039 5283 2218 5339 neque

634 5361 780 5417 enim
812 5359 981 5417 Deum
1007 5362 1153 5417 aliud
1182 5378 1213 5417 a
1253 5361 1577 5417 Christianis
1600 5364 1895 5433 postulare,
1920 5362 2024 5416 nisi
2047 5362 2219 5416 bonas

633 5454 897 5510 actiones.
935 5453 1278 5526 Quapropter
1307 5455 1628 5525 simpliciter
1663 5463 1935 5525 quemque
1966 5454 2221 5509 incedere

634 5545 829 5602 melius
861 5553 964 5613 est,
988 5561 1151 5618 quam
1185 5547 1239 5601 in
1282 5547 1533 5617 dogmate
1574 5547 1948 5619 cognoscendo
1999 5546 2223 5600 multam

636 5652 823 5693 curam
863 5652 1087 5708 ponere.
1136 5638 1218 5694 Ad
1254 5640 1401 5694 hunc
1431 5654 1559 5709 ergo
1599 5640 1817 5694 modum
1856 5638 2227 5695 Gnosimaciii.

2233 4498 2285 4557 D

2390 4553 2501 4590 ται.

2390 4553 2501 4590 ται.

2308 4553 2537 4697 γηΜηδὲ
2576 4618 2702 4698 δόξῃ
2741 4644 2821 4681 σοι
2852 4626 3059 4697 λέγειν’
3087 4626 3184 4690 Τίς
3212 4626 3372 4699 χρεία
3398 4624 3897 4697 πολυπραγμονεῖν,

2317 4721 2409 4772 καὶ
2450 4721 2537 4773 διὰ
2592 4721 2719 4789 μιᾶς
2758 4719 2954 4799 λέξεως
2997 4721 3381 4791 ἀνασειράζειν
3430 4721 3529 4782 τὰς
3585 4722 3895 4788 γνωστικὰς

2321 4813 2578 4884 Θεωρίας,
2612 4814 2703 4865 καὶ
2728 4814 2982 4880 συνάγειν
3024 4812 3182 4867 τοῦτο
3212 4814 3464 4878 κάκεῖνο;
3499 4812 3584 4865 ἶνα
3622 4813 3701 4885 μὴ
3728 4814 3896 4882 ἐμπέ-

2326 4922 2424 4975 σης
2482 4906 2561 4967 είς
2611 4905 2711 4976 τὴν
2750 4905 3054 4977 λεγομένην
3104 4905 3213 4959 τῶν
3248 4904 3619 4974 Γνωσιμάχων
3666 4906 3894 4977 αἰρεσιν,

2331 4995 2458 5064 περὶ
2485 4990 2553 5067 ἧς
2590 5011 2754 5063 φησιν
2783 4997 2811 5047 6
2842 4994 3175 5065 συγγράφων
3196 5009 3210 5023 ·
3248 4994 3287 5047 Γ
3289 4994 3591 5064 νωσιμάχοι
3640 4996 3693 5048 oi
3754 4997 3897 5067 πασῃ

2327 5087 2523 5153 γνώσει
2559 5085 2653 5138 τοῦ
2686 5086 3116 5157 Χριστιανισμοῦ
3143 5085 3587 5151 ἀντιπίπτοντες,
3626 5088 3688 5139 ὲν
3711 5072 3788 5159 τῷ
3813 5087 3894 5140 λέ-

2328 5187 2444 5246 γειν
2470 5178 2669 5241 αὐτοὺς
2704 5180 2786 5232 ὅτι
2817 5178 3075 5249 περισσόν
3113 5196 3164 5232 τι
3201 5178 3447 5232 ποιοῦσιν
3478 5178 3529 5232 oi
3560 5178 3793 5247 γνώσεις
3818 5197 3893 5231 τιο

2327 5269 2423 5330 νὰς
2468 5267 2823 5338 ἐπιζητοῦντες
2872 5270 2931 5322 ὲν
2954 5271 3075 5331 ταῖς
3103 5269 3274 5333 Galate
3309 5270 3573 5339 Γραφαίς·
3612 5272 3763 5324 οὐδὲν
3796 5272 3893 5343 γὰρ

2326 5360 2452 5413 ἄλλο
2493 5359 2645 5430 ζητεῖ
2678 5362 2707 5412 6
2744 5359 2877 5422 Θεὸς
2908 5361 3057 5430 παρὰ
3110 5360 3461 5432 Χριστιανοὶ
3494 5362 3543 5413 εί
3575 5362 3652 5432 μὴ
3678 5365 3893 5433 πράξεις

2322 5450 2515 5514 καλάς.
2568 5450 2794 5518 Ἀγαθὸν
2844 5446 2936 5505 οὖν
2978 5453 3095 5504 ἐστι
3128 5452 3327 5522 μᾶλλον
3368 5453 3755 5524 ἀπλουστέρως
3788 5454 3893 5506 τινὰ

2326 5542 2673 5613 πορεύεσθαι,
2712 5543 2802 5595 καὶ
2864 5543 3029 5613 μηδὲν
3076 5543 3252 5613 δόγμα
3283 5544 3594 5612 γνωπικῆς
3641 5562 3891 5615 πραγμα-

2335 5636 2485 5698 τείας
2524 5636 3014 5706 πολυπραγμονεῖν.
3045 5633 3201 5689 Οῦτω
3224 5636 3318 5705 μὲν
3339 5631 3431 5689 οὖν
3458 5636 3511 5688 οἱ
3542 5636 3888 5708 Γνωσιμὰχοι.

710 5823 755 5856 ⁸ο
792 5823 989 5895 prcs.
1030 5842 1086 5889 ν,
1116 5821 1334 5879 ‘25—‘27.
1409 5827 1450 5858 ⁸¹
1480 5824 1582 5880 lsa.
1612 5843 1782 5891 xuii,
1816 5827 1868 5881 6.
1947 5828 1990 5861 ⁸⁸
2041 5826 2194 5880 Gaiat

2303 5868 2307 5886 ,
2358 5822 2477 5879 6-8.
2554 5825 2597 5856 ³³
2627 5822 2812 5877 Matth.
2844 5838 2897 5888 ν,
2936 5823 3019 5879 18.
3094 5825 3386 5882 "Damnst.
3417 5826 3489 5883 De
3518 5829 3716 5886 haeres.
