4008 6318
226 355 359 421 1081

1435 355 1968 416 EPISTOLARUM
2005 355 2151 416 LIB.
2193 355 2241 416 ῐ.

3338 350 3476 415 108?.

217 475 317 537 Δὸς
339 468 434 527 οὖν
469 469 649 536 αὐτὸς,
673 471 830 543 εἴπερ
858 470 1024 542 ἔχεις,
1053 471 1117 524 ὲκ
1147 469 1307 525 θείων
1336 471 1550 540 φωνῶν,
1591 473 1672 525 ὅτι
1699 473 1799 544 οὐχ

1903 472 2042 528 Doce
2078 487 2207 528 vero
2230 481 2309 536 tu,
2356 469 2399 525 si
2431 479 2603 540 potes,
2626 483 2689 522 ex
2717 468 2916 523 divinis
2947 467 3161 523 Litteris
3223 469 3473 526 haeresim

218 566 455 636 αἵρεσιςε
486 563 578 617 καὶ
610 565 682 634 μή
718 580 809 632 μοι
855 563 1056 633 πλῆθος
1083 563 1327 637 ὲποίοῃς,
1354 565 1487 635 μηδὲ
1529 565 1656 626 τοὺς
1697 582 1787 616 νυ-

218 657 501 727 κτερινοὺς
536 654 808 717 θεοσεϐεῖς
836 640 1011 724 αὕχεὶ,
1042 655 1372 722 γνωστικούς
1395 672 1454 708 τε
1489 653 1579 717 οὒς
1610 655 1789 722 λέγεις

217 747 313 801 καὶ
365 743 582 807 ἰδιώτας
638 743 732 797 καὶ
770 744 977 812 φίλους.
1035 746 1098 798 Εί
1127 747 1234 816 γὰρ
1268 745 1538 809 θεοσεϐεῖς
1561 787 1573 806 ,
1617 745 1718 800 ποῦ
1751 748 1785 818 ή

217 837 536 910 παρῤησία;
595 836 702 889 Καὶ
733 839 780 889 εί
809 837 1100 904 γνωστικοὶ
1150 837 1264 907 (καὶ
1295 837 1392 907 οὐχ
1436 839 1515 890 ὅτι
1544 839 1641 890 οὐκ
1680 839 1788 890 είσὶ⁵

214 929 384 998 λέγω·
419 927 665 998 ὁμολογῶ
698 928 806 998 γὰρ
832 929 1062 992 πολλοὺς
1087 930 1182 982 καὶ
1211 930 1351 999 ὑπὲρ
1380 931 1480 1001 ἐμὲ
1529 931 1622 982 τὸν
1656 929 1792 984 ίδιώ-

211 1036 338 1090 τηνο
356 1019 472 1072 ἀλλ’
491 1019 648 1089 εῐπερ
675 1019 882 1071 ἐθουσιν
903 1018 1206 1088 ἀλήθειαν),
1238 1018 1451 1084 δείξωσι
1478 1019 1792 1088 γνωστικῶς

212 1111 276 1176 ἐξ
298 1110 471 1179 αὐτῆς
497 1109 596 1178 τῆς
623 1108 904 1178 ἀληθείας,
935 1110 1027 1162 καὶ
1056 1110 1162 1181 μὴν
1189 1109 1283 1163 καὶ
1321 1112 1386 1164 ὲκ
1414 1111 1792 1180 παραδειγμά-

211 1218 350 1261 των.
390 1199 448 1266 ἐξ
477 1199 828 1270 ἁρμοζόντων
864 1199 940 1261 δὲ,
967 1199 1101 1253 άλλὰ
1130 1201 1204 1271 μὴ
1238 1201 1296 1266 ἐξ
1320 1201 1668 1272 άσυμόἁτων,
1698 1202 1792 1255 καὶ

214 1289 559 1344 ὑπεναντίων
611 1293 676 1360 τῇ
709 1289 938 1360 ἀληθεία
993 1291 1086 1344 καὶ
1123 1293 1238 1354 τοῖς
1276 1292 1653 1355 ἀποστολικοῒς
1699 1297 1792 1345 καὶ

217 1381 520 1448 [ἰατρικοῖς
551 1378 758 1432 κανόσι.
813 1378 922 1431 Καὶ
954 1380 1004 1431 εί
1033 1379 1177 1449 φίλοι
1207 1381 1348 1433 κατὰ
1375 1379 1526 1444 Θεὸν,
1559 1380 1673 1443 πῶς
1726 1382 1789 1450 τῇ

212 1469 478 1539 κοινωνίᾳ
506 1468 612 1521 τῶν
636 1469 957 1538 ἑτεροδόξων
980 1470 1390 1534 κοινωνοῦντεςς
1417 1471 1492 1524 Ού
1518 1471 1624 1540 γάρ
1645 1471 1791 1538 φίλοι

214 1560 266 1612 oi.
287 1559 520 1612 τοιοῦτοι
548 1559 790 1627 ἀληθινοὶ
814 1559 906 1612 καὶ
929 1561 1130 1612 πιστοί.
1169 1559 1406 1629 Πρόσεχε
1433 1555 1545 1623 οὖν,
1570 1560 1789 1626 ἁδελφὲ,

215 1651 270 1703 τί
309 1653 338 1704 ὁ
374 1649 514 1713 θεῖος
543 1649 820 1712 Βασίλειος
851 1651 997 1719 λέγει
1027 1650 1163 1721 πρὸς
1191 1651 1314 1714 τοὺς
1337 1653 1395 1703 ὲν
1429 1650 1624 1722 πλήθει
1674 1650 1793 1719 κρί-

212 1757 409 1804 νοντας
432 1742 533 1810 τὴν
556 1740 834 1810 ἀλήθειαν.

1895 579 2004 618 non
2061 578 2181 618 esse
2223 578 2238 616 :
2267 571 2321 617 et
2352 577 2421 615 ne
2454 561 2583 615 mihi
2615 558 3017 614 multitudinem
3059 559 3284 627 obiicias
3304 602 3318 625 ,
3377 574 3480 614 nec

1898 662 2197 708 nocturnos
2229 649 2322 705 Dei
2361 651 2596 705 cultores
2637 649 2830 718 iactes,
2879 648 3174 717 doctosque
3195 663 3331 716 quos
3372 650 3478 712 ais.

1891 754 1945 799 et
1972 745 2195 799 amicos.
2231 743 2367 797 Nam
2397 743 2438 796 si
2469 741 2634 796 Deum
2659 741 2864 805 colunt,
2897 739 2987 794 ubi
3013 741 3273 810 loquendi
3303 741 3474 796 liber-

1890 836 2018 890 tas?
2058 837 2120 888 Et
2147 875 2161 898 ,
2198 835 2241 889 si
2297 833 2462 898 docti,
2513 848 2688 900 neque
2739 845 2837 901 ego
2877 830 3091 884 inﬁcior
3143 831 3278 886 tales
3306 844 3468 887 esse:

1894 928 2092 982 multos
2139 928 2283 982 enim
2320 927 2585 982 conﬁteor
2612 943 2699 980 me
2751 926 3002 996 imperito
3048 926 3355 982 doctiores:
3384 927 3480 980 sed

1892 1020 1937 1074 si
1969 1021 2245 1074 veritatem
2279 1027 2484 1083 tenent,
2516 1018 2749 1072 scienter
2798 1019 3090 1073 ostendant
3139 1032 3202 1072 ex
3241 1017 3355 1087 ipsa
3384 1031 3485 1073 ve-

1895 1111 2074 1172 ritate,
2110 1121 2273 1180 atque
2299 1112 2435 1165 adeo
2482 1111 2550 1165 ab
2579 1110 2861 1181 exemplis,
2901 1110 3044 1180 aptis
3078 1109 3220 1172 dico,
3250 1109 3344 1164 sed
3363 1125 3477 1164 non

1893 1217 1957 1257 ex
2005 1203 2217 1266 alienis,
2252 1204 2650 1271 contrariisque
2681 1202 2915 1268 veritati,
2944 1209 2999 1256 et
3038 1201 3351 1272 apostolicis
3373 1218 3472 1272 pa-

1895 1294 2173 1362 ternisque
2203 1292 2524 1347 canonibus.
2558 1291 2642 1358 Et,
2682 1293 2724 1347 si
2757 1292 2923 1346 amici
2948 1292 3246 1347 secundum
3282 1292 3476 1354 Deum,

1893 1370 2166 1451 quomodo
2226 1384 2608 1438 haereticorum
2659 1382 3032 1437 communioni
3097 1383 3480 1452 participant?

1892 1476 2076 1545 Neque
2103 1476 2246 1529 enim
2272 1485 2398 1529 sunt
2423 1476 2556 1530 tales
2588 1476 2745 1529 amici
2774 1475 2884 1529 veri
2917 1482 2973 1528 et
3004 1473 3212 1529 ﬁdeles.
3243 1472 3480 1529 Attende

1893 1567 2095 1636 itaque,
2141 1567 2307 1621 frater
2342 1606 2356 1628 ,
2392 1567 2516 1636 quid
2553 1567 2769 1620 divinus
2824 1566 3054 1620 Basilius
3084 1565 3206 1636 (24)
3247 1567 3391 1626 dicat
3421 1568 3476 1622 in

1897 1673 1992 1713 eos
2027 1659 2119 1728 qui
2149 1659 2432 1713 veritatem
2466 1658 2765 1712 metiuntur
2795 1672 2859 1711 ex
2891 1658 3259 1713 multitudine.

299 1833 357 1884 ὐ
395 1834 472 1903 μὴ
506 1831 735 1900 τολμῶν,
767 1833 922 1900 φησὶ,
961 1830 1142 1883 δοῦναι
1175 1829 1328 1898 λόγον
1362 1833 1460 1902 τῆς
1494 1833 1790 1903 προκειμέ-

1967 1836 2068 1901 Qui
2100 1835 2166 1889 de
2200 1833 2373 1904 posita
2401 1835 2701 1903 quaestione
2724 1871 2740 1897 ,
2779 1833 2874 1898 ait,
2934 1832 3198 1888 rationem
3250 1835 3478 1890 reddere

213 1939 316 1992 νης
358 1923 657 1995 ζητήσεως.
705 1923 837 1993 μηδὲ
869 1921 1116 1994 εὐπορῶν
1168 1922 1516 1989 ἀποδείξεως,
1576 1927 1669 1978 καὶ
1702 1927 1788 1981 διὰ

211 2014 375 2067 τοῦτο
407 2013 769 2081 καταφεύγων
800 2016 880 2077 είς
908 2014 1132 2082 πλῆθος,
1168 2014 1422 2083 ὁμολογεῖ
1448 2015 1544 2086 τὴν
1595 2013 1788 2088 ἧτταν,

211 2104 288 2169 ὡς
327 2104 480 2158 οὐδὲν
514 2103 652 2174 ἔχων
703 2104 1016 2175 παρρησίας
1042 2106 1274 2173 ἐφόδιον.
1303 2107 1411 2160 Καί
1429 2109 1560 2175 μεθ’
1583 2108 1753 2177 ἕτερα
1773 2127 1786 2140 ·

212 2195 458 2261 Δειξάτω
500 2213 589 2266 μοι
615 2196 809 2259 κάλλος
843 2195 1099 2264 ἀληθείας
1134 2197 1238 2249 κᾶν
1266 2193 1370 2261 εἷς,
1397 2201 1490 2252 καὶ
1529 2199 1792 2270 σύντομος

212 2289 382 2351 εὐθὺς
415 2289 448 2357 ή
482 2286 673 2342 πειθώ.
714 2287 921 2356 Πλῆθος
955 2287 1009 2340 δὲ
1039 2289 1207 2358 χωρὶς
1240 2289 1564 2357 ἀποδείξεως
1599 2292 1790 2346 αὐθεν-

209 2365 364 2444 τοῦν,
411 2378 646 2447 φοϐῆσαι
698 2378 797 2446 μὲν
852 2378 1054 2442 ἱκανὸν,
1114 2381 1298 2433 πεῖσαι
1331 2380 1388 2433 δὲ
1434 2381 1690 2451 οὐδαμοῦ.
1721 2384 1791 2436 Ἦ

210 2468 383 2523 πόσαι
411 2467 668 2538 μυριάδες
697 2467 946 2521 πείσουσί
977 2485 1043 2537 με
1081 2469 1176 2541 τὴν
1205 2471 1416 2542 ἡμέραν
1445 2471 1614 2526 νύκτα
1640 2475 1791 2545 νομί-

213 2579 330 2624 σαι.
369 2557 496 2631 ἢτδ
549 2558 782 2630 χαλκοῦν
833 2561 1074 2632 νόμισμα
1127 2561 1364 2632 χρυσοῦν
1415 2563 1636 2625 εἰδέναι,
1697 2565 1790 2618 καὶ

211 2650 360 2706 οὕτω
407 2649 684 2720 δέχεσθαι,
734 2651 767 2720 ἢ
819 2651 1138 2720 προσίεσθαι
1172 2651 1494 2724 δηλητήριον
1525 2655 1789 2726 πρόδηλον

213 2743 336 2795 ἀντὶ
382 2741 716 2808 καταλλήλου
776 2741 1013 2812 τροφῆς;
1056 2739 1185 2795 Εἶτα
1219 2744 1423 2814 γηΐνων
1476 2743 1575 2814 μὲν
1629 2747 1790 2799 ἕνεκα

218 2833 565 2904 πραγμάτων
595 2831 696 2884 οὐκ
734 2831 1167 2902 αίδεσθησόμεθα
1192 2833 1397 2903 πλῆθος
1419 2834 1784 2905 ψευδομένων·

216 2926 485 2998 οὐρανίων
513 2926 570 2979 δὲ
599 2927 760 2997 χάριν
782 2928 1067 2998 δογμάτων
1088 2929 1349 2999 νεύμασιν
1379 2933 1786 2999 ἀναποδείκτηις

215 3016 586 3084 ἀκολουθήσω·
616 3016 724 3069 τῶν
757 3017 925 3071 πάλαι
957 3020 1047 3073 καὶ
1073 3019 1352 3091 πρόπαλαι
1396 3023 1533 3092 μετὰ
1588 3024 1785 3095 πολλῆς

222 3108 563 3180 συμφωνίας,
592 3109 688 3162 καὶ
718 3109 818 3179 τῆς
846 3110 953 3163 τῶν
992 3111 1159 3179 ἁγίων
1191 3113 1423 3181 Γραφῶν
1463 3117 1786 3186 μαρτυρίας,
1814 3153 1856 3214 C

220 3199 633 3272 παραδοθέντων
689 3202 1103 3271 άναχωρήσας;
1160 3203 1272 3257 Οὐκ
1325 3205 1637 3276 ἠκούσαμεν
1697 3207 1788 3260 τοῦ

221 3293 430 3364 Κυρίου
459 3291 729 3358 λέγοντος·
776 3291 996 3345 Πολλοί
1028 3295 1262 3359 κλητοί,
1310 3295 1498 3365 ὀλιγοι
1528 3296 1595 3349 δὲ
1633 3298 1792 3351 ἐκλε-

220 3385 355 3438 κτοί
369 3402 386 3450 ;
413 3384 522 3437 Καὶ
561 3383 719 3438 πάλιν
748 3399 762 3413 ⁶
799 3383 988 3452 Στενὴ
1014 3386 1108 3438 καί
1139 3387 1494 3457 τεθλιμμένη
1522 3389 1560 3455 ἡ
1589 3389 1727 3455 ὁδὸς
1751 3391 1788 3457 ἠ

219 3475 543 3544 ἀπάγουσα
574 3478 660 3542 είς
706 3475 822 3543 τὴν
852 3473 1024 3542 ζωὴν.
1055 3472 1150 3529 καί
1182 3478 1374 3546 ὀλίγοι
1421 3479 1580 3531 εἰσίν
1605 3483 1659 3534 οἱ
1690 3485 1791 3536 εὑο

212 3570 540 3638 ρίσκοντες
571 3567 801 3635 αὐτήν;
828 3555 923 3629 Τίς
949 3567 1044 3620 οῦν
1085 3568 1195 3622 τῶν
1223 3564 1280 3622 εὖ
1317 3570 1657 3639 φρονούντων
1693 3573 1793 3625 οὐκ

219 3659 438 3731 εὔχεται
467 3659 572 3713 τῶν
609 3659 802 3725 ὀλίγων
829 3653 968 3711 εἶναι
994 3660 1101 3713 τῶν
1131 3661 1216 3714 διὰ
1241 3662 1339 3732 τῆς
1369 3665 1562 3733 στενῆς
1594 3665 1787 3718 εἰσιόν.

219 3767 330 3803 των
363 3752 442 3812 είς
477 3750 769 3819 σωτηράν,
803 3748 834 3818 ῆ
880 3749 987 3802 τῶν
1017 3751 1224 3803 πολλῶν
1257 3751 1365 3803 τῶν
1397 3752 1486 3806 διὰ
1529 3754 1624 3822 τῆς
1649 3754 1794 3807 ’πλα-

218 3844 371 3904 τείας
400 3845 478 3906 είς
507 3841 782 3895 ἀπώλειαν
811 3841 1138 3913 ὠθουμένων
1163 3861 1175 3909 ;
1207 3831 1303 3906 Τίς
1347 3845 1392 3897 δ’
1421 3846 1521 3897 ούκ
1566 3845 1634 3897 ἂν
1693 3849 1792 3899 ὲπ-

219 3934 516 4005 εθύμησεν,
545 3935 593 3986 εί
613 3932 751 3987 κατὰ
771 3932 861 3984 τὸν
885 3935 1073 4003 καιρὸν
1097 3932 1286 4004 ἔτυχεν
1307 3935 1371 3988 ἂν
1390 3934 1490 4004 τῆς
1515 3935 1793 4006 ἀθλήσεως

220 4025 316 4079 τοῦ
353 4025 623 4096 μακαρίου
659 4023 950 4092 Στεφάνου,
983 4025 1081 4092 τῆς
1133 4026 1339 4078 ἐκείνου
1382 4028 1600 4097 μερίδος
1645 4029 1794 4096 γενέ-

221 4118 351 4171 σθαι
402 4117 495 4170 τοῦ
553 4118 716 4187 μόνον
769 4117 878 4176 τοῖς
924 4114 1092 4179 λίθοις
1124 4116 1475 4186 βαλλομένου,
1504 4116 1598 4172 τοῦ
1626 4121 1791 4171 πᾶσιν

221 4211 302 4272 είς
335 4207 544 4274 γέλωτα
578 4205 960 4277 προκειμένου,
995 4208 1027 4276 ἢ
1078 4207 1186 4259 τῶν
1226 4208 1438 4260 πολλῶν
1475 4208 1580 4262 τῶν
1619 4209 1794 4278 οἰομέ-

222 4315 332 4351 νων
381 4293 438 4348 τὶ
495 4297 806 4363 ἀξιόπιστον
833 4295 977 4364 ἔχειν
1019 4299 1080 4348 ὲκ
1124 4297 1221 4365 τῆς
1267 4297 1440 4365 κακῆς
1467 4297 1788 4359 αύθεντίαςς

223 4384 320 4450 Εἷς
359 4387 653 4457 εὐδοκιμῶν
688 4387 766 4450 είς
796 4384 855 4439 τὸ
900 4387 1050 4440 Θείον
1101 4390 1492 4458 προτιμότερος
1529 4388 1667 4458 ὑπὲρ
1700 4406 1792 4458 μυ,-

225 4479 421 4551 ριάδας
473 4478 725 4548 αὐθαδείᾳ
779 4479 1200 4547 σεμνυνομένας.
1261 4479 1346 4540 Ὠς
1397 4479 1488 4531 καὶ
1545 4478 1637 4530 ἐπὶ
1692 4480 1790 4546 τῆς

223 4573 474 4636 Παλαιᾶς
507 4572 776 4642 Διαθήκης
808 4571 1155 4641 εὑρίσκομεν,
1187 4575 1244 4624 ὲν
1370 4570 1622 4640 ’χιλιάδες
1680 4569 1792 4621 Em-

223 4683 362 4720 πτον
404 4661 496 4716 τοῦ
527 4663 653 4717 λαοῦ
709 4662 951 4731 θεηλάτῳ
986 4663 1192 4732 πληγῇ·
1218 4665 1411 4729 Μόνος
1468 4660 1537 4715 δὲ
1589 4659 1794 4726 Φινεὲς

222 4761 398 4826 ἔστη,
428 4755 526 4810 καί
550 4754 889 4821 ἑξιλάσατοο
919 4755 1016 4808 καί
1040 4756 1346 4808 ἐκόπασεν
1367 4756 1404 4822 ἡ
1430 4753 1698 4821 θραῦσις.
1733 4752 1795 4803 Et

222 4852 282 4907 δὲ
324 4844 479 4902 εἶπεν
524 4849 746 4910 ἐκεῖνος·
797 4847 923 4911 Πῶς
948 4848 1201 4917 τολμήσω
1231 4848 1365 4916 πρὸς
1390 4849 1457 4899 τὰ
1491 4843 1795 4915 συμφώνως

225 4941 334 4993 ὑπὸ
382 4940 648 4992 τοσούτων
682 4940 980 5009 γινόμενα;
1029 4938 1146 4998 πῶς
1201 4936 1455 4999 ἐναντίως
1509 4935 1796 5002 ύπόθωμαι

222 5034 406 5104 ψῆφον
468 5032 578 5086 τῶν
614 5031 785 5094 οὕτως
835 5032 1136 5100 κρινάντων
1192 5026 1330 5100 ζῇνς
1372 5029 1483 5082 οὔτ’
1517 5027 1582 5081 ἂν
1633 5025 1795 5088 αὐτὸς

223 5125 572 5198 ἠρίστευσεν,
619 5123 732 5176 οὔτ’
764 5125 830 5176 ἂν
880 5125 940 5175 τὸ
984 5129 1154 5175 κακον
1204 5121 1449 5190 ἔστησεν,
1495 5119 1693 5172 οὔτ’ἆν
1746 5119 1794 5172 οί

224 5215 406 5269 λοιποὶ
468 5213 837 5284 διεσώθησαν,
898 5210 1010 5265 οὔτ’
1059 5212 1124 5266 ἂν
1184 5213 1314 5273 Θεὸς
1341 5213 1437 5281 τὴν
1509 5211 1794 5280 εὐμένειαν

227 5306 546 5378 ἐχαρίσατο,
614 5303 792 5358 Καλὸν
857 5298 990 5365 οὖν,
1046 5301 1205 5355 καλὸν
1239 5341 1253 5365 ,
1315 5304 1406 5353 καὶ
1451 5299 1512 5351 τὸ
1562 5300 1654 5352 ἕνα
1719 5299 1796 5351 δι-

226 5400 400 5460 καίως
456 5394 926 5466 παρρησιάζεσθαι
952 5433 968 5458 ,
1026 5390 1121 5444 καὶ
1149 5392 1246 5461 τὴν
1272 5391 1378 5443 τῶν
1409 5389 1616 5444 πολλῶν
1658 5408 1796 5460 συμ-

296 5540 345 5572 ⁸⁸
377 5537 564 5593 Matth.
597 5552 683 5601 xx,
744 5535 836 5617 μϐ.

1893 1943 2002 1982 non
2029 1926 2212 1990 audet,
2253 1934 2307 1979 et
2336 1926 2420 1980 cui
2451 1941 2560 1977 non
2593 1924 2833 1995 suppetit
2869 1923 3295 1989 demonstratio,
3322 1925 3478 1979 ideo-

1899 2033 2005 2087 que
2049 2016 2354 2086 perfugium
2387 2015 2549 2068 habet
2602 2015 2654 2067 in
2687 2014 3030 2069 multitudine
3057 2031 3072 2079 ;
3101 2015 3144 2069 is
3169 2030 3228 2070 se
3269 2016 3474 2070 victum

1892 2108 2110 2172 fatetur,
2144 2112 2204 2160 ut
2241 2107 2330 2176 qui
2365 2106 2573 2158 nullum
2606 2105 2801 2160 habeat
2831 2104 3041 2159 ﬁduciae
3070 2106 3471 2174 adjumentum.

1892 2200 1958 2254 Et
1989 2211 2102 2266 post
2137 2200 2246 2252 alia
2279 2215 2296 2252 :
2327 2196 2590 2252 Ostendat
2628 2196 2756 2249 mihi
2802 2197 2887 2250 vel
2923 2211 3061 2250 unus
3112 2195 3476 2266 pulchritudi-

1893 2306 2015 2344 nem
2047 2289 2308 2353 veritatis,
2340 2295 2394 2340 et
2430 2294 2675 2357 prompta
2702 2300 2820 2340 mox
2863 2285 2968 2339 erit
2995 2288 3296 2355 persuasio.
3333 2286 3474 2341 Mul—

1892 2382 2065 2436 titudo
2090 2391 2271 2435 autem
2303 2380 2421 2434 sine
2472 2378 2937 2433 demonstratione
2960 2380 3338 2434 auctoritatem
3368 2380 3472 2434 sibi

1891 2473 2196 2537 vindicans,
2224 2480 2428 2525 terrere
2471 2470 2686 2539 quidem
2724 2478 2899 2538 potest
2931 2509 2944 2533 ,
2988 2470 3311 2538 persuadere
3362 2487 3471 2526 non

1890 2571 2091 2634 potest.
2143 2563 2252 2616 Aut
2281 2571 2413 2630 quot
2454 2560 2736 2614 hominum
2785 2559 3209 2629 myriadcsmilii
3242 2575 3471 2628 persua-

1889 2654 2073 2718 deant,
2105 2661 2165 2706 ut
2191 2651 2335 2706 diem
2368 2659 2589 2705 noctem
2634 2657 2849 2720 putem,
2882 2648 2966 2702 vel
3000 2656 3055 2702 ut
3083 2663 3284 2702 aereum
3314 2663 3474 2703 num-

1890 2757 2036 2797 mum
2083 2757 2183 2811 pro
2236 2756 2402 2795 aureo
2434 2740 2659 2794 habeam
2691 2748 2746 2794 et
2779 2737 3041 2809 accipiam
3076 2775 3091 2801 ,
3126 2739 3208 2794 vel
3262 2748 3470 2793 certum

1889 2845 2159 2887 venenum
2179 2831 2425 2885 hauriam
2465 2846 2562 2901 pro
2591 2829 2714 2885 cibo
2744 2831 3084 2899 congruenti?
3122 2829 3260 2901 Ergo
3299 2837 3475 2885 terre.

1888 2936 2083 2975 narum
2120 2920 2338 2990 quidem
2367 2935 2546 2974 rerum
2565 2934 2724 2974 causa
2746 2919 3145 2975 multitudinem
3163 2919 3297 2973 nihil
3321 2933 3477 2975 vere-

1888 3013 1986 3068 bor
2039 3014 2084 3068 si
2145 3013 2485 3077 mentiatur;
2528 3012 2581 3065 in
2621 3013 2932 3067 coelestibus
2996 3023 3176 3066 autem
3240 3013 3473 3068 decretis

1890 3104 2190 3174 simplicem
2221 3104 2425 3173 absque
2480 3103 2939 3158 demonstratione
2981 3113 3175 3157 nutum
3216 3117 3412 3173 sequar
3448 3120 3464 3170 ;

1894 3197 1962 3251 ab
1992 3198 2059 3251 iis
2093 3197 2355 3250 recedens
2382 3211 2502 3266 qua:
2525 3195 2634 3265 jam
2666 3194 2791 3248 olim
2853 3209 3046 3264 magno
3081 3210 3355 3249 consensu
3399 3209 3464 3249 ex

1894 3287 2199 3341 divinorum
2247 3288 2573 3355 scriptorum
2609 3286 2920 3341 testimonio
2975 3286 3170 3341 tradita
3211 3287 3474 3341 fuerunt?

1895 3376 2012 3434 Non
2073 3378 2379 3433 audivimus
2424 3377 2714 3431 Dominum
2749 3377 3056 3432 dicentem:
3088 3377 3247 3432 Multi
3280 3380 3471 3444 uocati,

1893 3469 2048 3538 pauci
2079 3485 2194 3522 vero
2225 3470 2373 3522 electi
2400 3468 2467 3520 ⁵⁸.
2494 3466 2559 3522 Ει
2592 3468 2786 3522 iterum
2823 3486 2836 3522 :
2871 3471 3106 3538 Angusta
3131 3480 3178 3523 et
3210 3479 3359 3524 arcta
3394 3483 3471 3525 est

1893 3561 1977 3612 via
2021 3575 2134 3629 qna:
2163 3560 2304 3612 ducit
2348 3561 2416 3613 ad
2447 3561 2611 3613 vitam
2636 3578 2652 3615 :
2677 3570 2723 3613 et
2758 3563 2911 3628 pauci
2946 3571 3064 3614 sunt
3089 3562 3178 3632 qui
3204 3562 3472 3616 inueniunt

1893 3668 2010 3704 eam
2042 3651 2130 3704 "?
2160 3649 2293 3717 Quis
2321 3667 2448 3723 ergo
2482 3667 2626 3706 sanae
2651 3652 2851 3705 mentis
2880 3668 2989 3706 non
3009 3652 3212 3707 mavult
3237 3668 3301 3708 ex
3336 3670 3474 3723 pau-

1893 3743 1970 3797 cis
2037 3757 2179 3808 esse,
2216 3743 2308 3812 qui
2359 3759 2455 3812 per
2503 3753 2784 3813 angustam
2819 3745 3092 3797 introeant
3126 3744 3180 3798 in
3220 3744 3470 3810 salutem,

1892 3850 2052 3905 quam
2080 3851 2143 3888 ex
2171 3835 2354 3888 multis
2381 3835 2472 3906 qui
2507 3851 2602 3905 per
2629 3836 2793 3888 latam
2835 3837 3080 3890 ferantur
3105 3836 3174 3890 ad
3210 3837 3473 3906 perditio-

1893 3942 2017 3980 nem
2052 3927 2074 3979 ?
2102 3927 2208 3980 Aut
2237 3927 2358 3996 quis
2397 3943 2505 3981 non
2542 3927 2710 3997 magis
2732 3936 2993 3996 Optasset,
3027 3927 3072 3981 si
3109 3937 3351 3996 tempore
3381 3929 3473 3984 illo

1894 4017 2115 4072 vixisset
2147 4033 2255 4087 quo
2289 4018 2478 4072 beatus
2527 4018 2839 4088 Stephanus
2894 4028 3168 4072 certamen
3220 4018 3382 4086 obiit,
3417 4019 3469 4073 in

1894 4111 2037 4166 illius
2066 4121 2218 4181 parte
2258 4111 2469 4165 censeri
2496 4111 2586 4180 qui
2631 4110 2778 4164 solus
2827 4109 3098 4179 lapidibus
3157 4111 3468 4180 petebatur,

1893 4204 1983 4272 qui
2057 4203 2299 4256 omnium
2355 4203 2590 4256 ludibrio
2624 4202 2903 4272 expositus
2957 4212 3104 4267 erat,
3140 4217 3302 4271 quam
3330 4203 3472 4258 inter

1893 4296 2093 4350 multos
2155 4296 2274 4349 illos
2327 4294 2416 4363 qui
2470 4304 2690 4364 propter
2755 4293 3012 4362 injustam
3064 4295 3466 4356 auctoritatem,

1893 4387 2236 4442 verisimilem
2268 4402 2485 4440 causam
2525 4387 2770 4439 obtinere
2794 4383 3152 4439 videbantur?
3177 4385 3354 4441 Pluris
3386 4395 3470 4442 est

1895 4493 2036 4530 unus
2067 4478 2176 4530 Deo
2208 4477 2448 4544 placens,
2481 4490 2644 4544 quam
2682 4475 2949 4546 myriades
2981 4490 3101 4529 sese
3149 4486 3468 4546 arroganter

1891 4568 2232 4637 jactantium.
2251 4565 2719 4631 Quemadmodum
2745 4576 2799 4620 et
2826 4581 2890 4619 ex
2913 4563 3094 4620 Veteri
3118 4565 3467 4621 Testamento

1896 4659 2179 4723 discimus,
2203 4673 2324 4711 cum
2371 4658 2534 4710 millia
2577 4658 2746 4711 multa
2773 4672 2802 4711 e
2830 4657 3028 4727 populo
3076 4657 3228 4726 plaga
3260 4657 3466 4713 caelesti

1893 4750 2172 4811 caderent,
2210 4749 2276 4801 Et
2314 4747 2528 4801 l’liinees
2573 4747 2713 4800 solus
2763 4749 2932 4810 stetit,
2969 4747 3238 4817 Deumque
3282 4747 3469 4820 placa-

1897 4843 1989 4906 vit,
2019 4850 2066 4894 et
2120 4841 2335 4893 cessavit
2385 4839 2653 4909 quassatio
2686 4839 2753 4892 ⁸⁷.
2816 4838 2971 4903 Quod
3012 4839 3055 4892 si
3088 4838 3311 4892 dixisset
3338 4839 3425 4893 ille
3452 4857 3465 4894 :

1899 4932 2002 4997 Qui
2060 4932 2231 4986 ausim
2277 4947 2377 5002 ego
2429 4933 2687 4985 adversus
2749 4946 2808 4985 ea
2840 4947 2961 5000 quae
3026 4941 3133 4984 tam
3166 4930 3320 4984 multi
3361 4947 3470 4985 uno

1899 5038 2172 5079 consensu
2230 5023 2434 5077 faciunt
2465 5022 2606 5090 ?qui
2637 5021 2877 5089 refrager
2928 5021 2993 5075 iis
3035 5022 3125 5091 qui
3159 5022 3238 5076 sic
3288 5022 3470 5078 vivere

1899 5116 2259 5170 decreverunt
2288 5115 2311 5166 ἲ
2343 5129 2445 5168 nec
2474 5113 2748 5184 egregium
2785 5113 2996 5168 facinus
3043 5113 3305 5168 edidisset
3330 5114 3466 5184 ipse,

1900 5221 2001 5260 nec
2047 5204 2373 5258 inhibuisset
2402 5204 2624 5266 malum,
2682 5218 2857 5271 neque
2891 5204 3090 5257 servati
3122 5205 3302 5258 caeteri
3335 5203 3470 5258 fuis-

1901 5307 2042 5359 sent,
2075 5311 2251 5364 neque
2285 5295 2425 5350 Deus
2452 5295 2886 5350 benevolentiam
2936 5309 3087 5348 suam
3145 5294 3471 5364 impertivis-

1902 5397 2005 5443 set.
2043 5385 2318 5456 Optimum
2345 5401 2495 5456 ergo,
2540 5385 2829 5456 optimum,
2860 5386 2943 5440 vel
2975 5400 3143 5439 unum
3195 5385 3472 5441 hominem

928 5533 973 5564 ⁵⁸
1001 5531 1192 5588 Matth.
1243 5547 1338 5594 vn,
1377 5529 1458 5583 Η.
1536 5529 1580 5559 ⁵⁷
1626 5526 1794 5581 Num.
1837 5544 1959 5589 xxv,
1991 5528 2059 5594 7,
2099 5525 2344 5590 Psal.cv,
2372 5524 2459 5578 50.

1739 5641 1970 5696 NOTAE.

298 5743 412 5812 (21)
445 5741 548 5795 Alii
589 5738 933 5797 Theodoreto
960 5741 1225 5805 tribuunt,
1259 5741 1350 5794 alii
1393 5739 1652 5794 Eutherio
1684 5736 1996 5810 Tyanorum
2034 5734 2311 5804 episc0po.
2338 5733 2546 5789 Videsis
2568 5729 2896 5787 Garnerium
2937 5734 2986 5785 in
3024 5731 3274 5786 Auctario
3305 5732 3472 5789 Theo-

227 5815 417 5880 doreti,
440 5826 564 5881 pag.
597 5813 721 5866 698.
