4008 6318
550 314 688 377 1083

1731 321 1791 382 S.
1832 322 2229 385 THEODORI
2263 322 2609 384 STUDlT/E

3667 323 3826 385 1084

542 428 666 496 jure
692 427 911 493 audere,
943 436 996 481 ct
1035 427 1291 497 injustam
1318 429 1610 484 multorum
1640 434 1984 487 concordiam
2007 434 2114 489 dis-

2221 435 2423 502 φωνίαν
2475 434 2654 487 ἄδικον
2701 430 2945 485 λύεσθαι.
2987 432 3151 486 Ἀλλά
3201 434 3265 487 σὺ
3301 434 3398 504 μὲν
3436 450 3820 505 προτιμηπον,

546 514 779 569 solvere.
809 513 887 567 Tu
920 530 1067 578 vero,
1094 514 1137 568 si
1169 516 1381 570 videtur
1408 558 1421 580 ,
1455 526 1670 572 servato
1702 519 1815 574 Νι»)
1873 523 2123 577 submer-

546 619 660 660 sam
690 605 1093 660 multitudinem
1132 615 1403 675 antepone
1432 625 1444 661 :
1487 610 1616 662 mihi
1663 620 1839 665 autem
1872 615 2122 682 permitte

547 706 606 752 ut
642 712 765 752 cum
805 698 990 767 paucis
1036 696 1104 752 ad
1151 710 1331 753 aream
1363 702 1667 755 convolem.
1702 702 1765 755 Et
1792 720 2033 769 rursum,
2077 705 2121 761 si

550 789 750 858 placet,
809 791 1043 863 adjnnge
1090 800 1145 847 te
1199 792 1529 847 multitudini
1590 793 1947 849 Sodomorum
1981 811 2121 865 :ego

545 896 673 933 vero
719 896 841 935 cum
874 883 971 938 Lot
1020 885 1205 949 abibo,
1231 886 1479 955 quamvis
1525 885 1672 939 solus
1712 886 1881 940 turbae
1914 887 2123 940 utiliter

553 987 614 1025 se
644 973 932 1028 subducat.
975 974 1264 1031 Enimvero
1298 977 1430 1030 mihi
1460 978 1621 1031 etiam
1655 977 1948 1031 reverenda
1982 977 2121 1029 mul-

546 1063 738 1127 titudo,
781 1080 889 1119 non
932 1066 1340 1135 inquisitionem
1385 1066 1613 1136 fugiens,
1646 1067 1740 1121 sed
1774 1066 2119 1120 demonstra-

545 1154 744 1209 tionem
778 1157 1065 1224 praebens:
1092 1172 1198 1210 non
1225 1171 1406 1210 amare
1437 1158 1730 1220 ulciscens,
1766 1156 1861 1210 sed
1892 1163 2118 1225 paterne

544 1245 862 1315 castigans:
909 1262 1017 1301 non
1068 1249 1307 1302 novitate
1367 1248 1605 1318 gaudens
1639 1288 1652 1311 ,
1698 1248 1792 1301 sed
1837 1255 2115 1316 paternam

546 1337 788 1392 retinens
833 1338 1223 1393 hereditatem.
1269 1338 1571 1403 Quamnam
1628 1353 1757 1391 vero
1818 1337 2115 1391 multitudi-

543 1445 669 1484 nem
705 1430 836 1484 mibi
871 1430 1130 1500 praedicas
1149 1432 1173 1484 ?
1190 1430 1469 1485 blanditiis
1492 1437 1547 1485 et
1570 1428 1885 1485 muneribus
1914 1430 2120 1484 condu-

544 1521 733 1575 ctam?
768 1521 1036 1591 imperitia
1093 1532 1149 1575 et
1210 1522 1515 1592 ignorantia
1580 1521 1827 1591 captam?
1880 1530 2028 1575 metu
2063 1529 2119 1575 et

544 1622 753 1668 terrore
802 1615 1318 1683 prostratam?qu:e
1355 1614 1576 1668 brevem
1623 1614 1833 1679 peccati
1894 1627 2111 1667 usuram

544 1713 765 1758 aeterna:
804 1705 928 1758 vitae
957 1703 1242 1773 praetulit?
1274 1704 1417 1772 quod
1446 1703 1598 1757 multi
1638 1712 1822 1773 aperte
1875 1700 2115 1757 confessi

2223 526 2270 577 εί
2304 525 2466 589 δοκεῖ,
2495 524 2589 576 τοῦ
2619 522 2925 594 σωζομένου
2955 524 3078 576 Νῶε
3106 524 3168 577 τὸ
3197 525 3532 596 ὑποϐρύχιον
3571 527 3820 597 πλῆθος

2222 614 2344 682 ἐμοὶ
2388 612 2445 664 δὲ
2495 610 2850 682 συγχώρησον
2900 613 3012 675 τοῖς
3058 612 3259 680 ὀλίγοις
3288 617 3354 684 τῇ
3383 614 3613 686 κιϐωτῷ
3639 633 3823 685 προσ-

2221 706 2467 775 δραμεῖν.
2503 706 2607 757 Καὶ
2652 705 2835 767 πάλιν,
2880 707 2928 758 εί
2979 705 3181 775 βούλει,
3221 706 3381 771 τάξον
3433 709 3635 762 σαυτὸν
3666 710 3821 779 μετά

2221 795 2327 848 τῶν
2352 796 2561 847 πολλῶν
2594 797 2650 847 ἐν
2679 797 2954 864 Σοδόμοις’
2986 796 3097 865 ἐγὼ
3119 798 3176 849 δὲ
3211 799 3516 852 συνοδέυσω
3538 800 3620 869 τῷ
3655 799 3819 857 Λὼτ.

2222 885 2323 938 κᾶν
2358 886 2514 956 μόνος
2542 885 2649 938 τῶν
2677 886 2849 956 ὄχλων
2880 888 3266 958 συμφερόντως
3290 887 3620 959 χωρίζηται.
3652 890 3820 958 Πλὴν

2221 978 2345 1048 ἐμοὶ
2391 980 2486 1031 καὶ
2517 978 2718 1048 πλῆθος
2751 979 3054 1048 αἰδέσιμον,
3089 981 3147 1032 οὐ
3174 980 3234 1033 τὸ
3264 980 3468 1049 φεῦγον
3524 980 3817 1044 ἐξέτασιν,

2221 1068 2355 1122 ἀλλά
2388 1070 2448 1121 τὸ
2494 1070 2729 1137 παρέχον
2760 1070 3053 1133 ἀπόδειξινθ
3089 1071 3147 1123 ού
3184 1069 3244 1126 τὸ
3273 1071 3486 1141 πικρῶς
3524 1072 3821 1141 ἀμυνόμε-

2220 1174 2328 1222 νον,
2365 1157 2501 1209 ἀλλά
2530 1158 2591 1210 τὸ
2620 1156 2899 1227 πατρικῶς
2944 1158 3323 1229 διορθούμενον
3355 1175 3369 1189 ’
3405 1161 3467 1212 οὐ
3516 1160 3579 1212 τὸ
3606 1164 3818 1230 χαῖρον

2221 1246 2567 1317 καινοτομίᾳ,
2587 1246 2723 1300 ἀλλὰ
2750 1247 2809 1298 τὺ
2826 1247 3096 1317 φυλάσσον
3122 1249 3382 1320 πατρῴαν
3403 1249 3813 1321 κληρονομίαν.

2220 1336 2374 1388 Ποῖον
2398 1336 2453 1388 δέ
2509 1353 2600 1406 μοι
2639 1338 2730 1389 καὶ
2766 1336 2964 1405 πλῆθος
2994 1336 3207 1404 λέγεις;
3240 1338 3300 1391 τὸ
3335 1339 3609 1409 μισθωθὲν
3645 1342 3819 1394 κολα-

2219 1426 2344 1498 κείᾳ
2374 1428 2467 1479 καὶ
2494 1427 2685 1496 δώροις
2710 1444 2724 1493 ;
2756 1428 2817 1479 τὸ
2856 1427 3063 1481 κλαπὲν
3086 1429 3296 1500 ἀμαθίᾳ
3326 1446 3384 1482 τε
3426 1432 3523 1485 καὶ
3558 1432 3769 1503 ἀγνοίᾳ
3794 1451 3813 1497 ;

2216 1517 2279 1569 τὸ
2312 1517 2599 1581 πεπτωκὸς
2628 1517 2797 1588 δειλίᾳ
2825 1519 2921 1572 καὶ
2951 1520 3097 1589 φόὸῳ
3125 1520 3223 1585 ςτὸ
3251 1523 3602 1591 προτιμῆσαν
3627 1525 3814 1594 πράσ-

2218 1624 2406 1675 καιρον
2450 1608 2722 1678 ἀμαρτίας
2773 1609 3071 1662 ἀπόλαυσιν
3114 1609 3216 1678 τῆς
3264 1610 3482 1664 αἰωνίου
3544 1611 3737 1679 ζωῆς;
3772 1612 3813 1665 ἀ.

2220 1696 2403 1749 πολλοὶ
2434 1697 2682 1765 φανερῶς
2725 1698 3103 1768 ὡμολόγησαν.
3133 1700 3335 1768 Πλήθει
3357 1702 3416 1753 τὸ
3441 1700 3639 1769 ψεῦδος
3671 1717 3813 1768 κρα-

544 1798 693 1845 sunt.
742 1789 1082 1846 Multitudine
1124 1791 1464 1845 mendacium
1517 1790 1800 1846 defendis?
1833 1791 1961 1845 hinc
1990 1790 2116 1844 mali

2221 1788 2430 1853 τύνεις;
2475 1789 2680 1854 ἔδειξας
2728 1790 2822 1843 τοῦ
2869 1790 3043 1844 δεινοῦ
3073 1792 3173 1861 τὴν
3200 1793 3469 1847 ἐπίτασιν.
3502 1793 3661 1862 Ὀσῳ
3690 1792 3811 1862 γάρ

541 1879 649 1932 vim
675 1879 957 1935 declarasti
979 1898 992 1945 ;
1012 1896 1119 1950 quo
1144 1880 1289 1934 enim
1322 1881 1386 1934 ad
1412 1880 1593 1950 plures
1613 1881 1811 1935 malum
1830 1880 2112 1951 pertingit,

545 1975 694 2021 tanto
731 1968 903 2035 major
933 1976 1017 2022 est
1039 1968 1336 2022 calamitas.

613 2060 688 2113 De
720 2058 805 2114 his
833 2074 961 2130 ergo
990 2059 1044 2113 in
1078 2060 1224 2113 hunc
1259 2059 1499 2114 modum.
1523 2057 1758 2115 Ceteras
1782 2068 1960 2114 autem
1991 2069 2112 2117 tuas

528 2150 943 2221 propositiones
1003 2151 1252 2221 persequi
1284 2166 1749 2220 supervacaneum
1780 2151 1939 2215 foret,
1972 2152 2113 2207 dile-

542 2250 650 2301 cte,
692 2249 802 2293 tum
836 2239 960 2308 quia
992 2240 1209 2293 modum
1249 2240 1489 2309 epistola:
1521 2242 1807 2308 excedunt,
1843 2254 1956 2297 tum
1984 2246 2107 2312 quia

544 2339 694 2384 recto
729 2346 892 2384 sensu
949 2331 1092 2385 dicta
1138 2331 1528 2402 accipientibus
1585 2334 1740 2389 obvia
1788 2343 1951 2389 erunt
1988 2350 2110 2404 quae

544 2422 819 2475 dicuntur.

940 2537 1130 2592 XLIX.
1152 2568 1222 2578 —
1274 2539 1561 2593 Naucratio
1590 2541 1719 2601 ﬁlio.

2216 1876 2433 1941 πλείους
2477 1879 2536 1932 ὲν
2576 1878 2655 1949 τῷ
2678 1878 2857 1948 κακῷ,
2895 1879 3134 1951 τοσούτῳ
3182 1881 3385 1951 μείζων
3415 1882 3449 1952 ή
3508 1881 3806 1951 συμφορά.

2285 2056 2440 2113 Οὕτω
2468 2058 2567 2131 μὲν
2593 2058 2658 2130 δὴ
2687 2058 2880 2114 ταῦτα.
2930 2060 3087 2115 ’ἰέναι
3120 2061 3178 2115 δὲ
3210 2061 3305 2115 ἐπὶ
3341 2062 3443 2125 τὰς
3472 2062 3673 2133 ἑτέρας
3698 2079 3809 2115 σου

2216 2147 2529 2218 προτάσεις,
2559 2147 2835 2216 παρέλκον
2859 2149 2925 2201 ἂν
2965 2150 3073 2219 εῐη,
3106 2148 3380 2219 ἀγαπητὲ.
3408 2148 3497 2202 διά
3523 2148 3584 2201 τὺ
3609 2149 3807 2200 ἐκδαί-

2216 2255 2326 2291 νειν
2373 2237 2468 2291 τοῦ
2520 2240 2718 2308 μέτρου
2753 2238 2852 2307 τῆς
2882 2240 3190 2309 ἐπιστολῆς,
3228 2241 3321 2293 καὶ
3364 2239 3538 2303 άλλως
3568 2239 3656 2292 ὃτι
3683 2240 3807 2301 τοῖς

2218 2330 2554 2402 εὐαισθήτως
2592 2331 2904 2401 δεχομένοις
2931 2333 3053 2396 τοὺς
3081 2333 3271 2401 λόγους
3295 2332 3651 2403 εὖαπάντητα
3682 2327 3807 2384 εἶεν

2222 2425 2294 2477 τὰ
2318 2424 2612 2493 λεγόμενα.

2566 2537 2699 2592 ΜΘ’.
2734 2566 2802 2576 -
2825 2537 3175 2605 Ναυκρατίῳ
3196 2538 3404 2605 τέκνῳ.
3428 2535 3613 2610 [σκε¹.]

544 2647 618 2697 Ad
653 2648 954 2712 eloquentia:
978 2651 1194 2701 studium
1227 2651 1465 2701 hortatur.
1490 2651 1613 2700 Tum
1639 2653 1825 2713 aliquot
1850 2652 2153 2701 Studitarum
2177 2652 2408 2700 virtutem
2456 2650 2784 2713 commendat.
2812 2648 3021 2713 Demnm
3047 2648 3315 2710 respondet
3336 2649 3631 2698 quihusdam
3652 2652 3802 2699 inter

1288 2716 1472 2776 rogatis
1492 2714 1552 2762 de
1575 2709 1914 2763 communione
1940 2728 2048 2763 eum
2068 2717 2330 2763 haereticis.
2359 2713 2557 2775 (Barun.
2583 2724 2661 2760 an.
2686 2711 2796 2770 809,
2823 2724 2874 2759 n.
2902 2709 3004 2772 Η.)

611 2814 757 2869 Dicis
803 2830 950 2869 nunc
1005 2815 1140 2870 mihi
1194 2825 1247 2870 et
1293 2816 1588 2871 identidem
1612 2818 1744 2872 alias
1782 2817 2109 2887 exposuisti,

544 2907 615 2961 fili
647 2907 720 2961 mi
750 2907 1231 2973 desideratissime,
1262 2922 1371 2961 non
1401 2909 1656 2977 quiddam
1692 2908 2025 2979 superfluum
2059 2916 2113 2962 et

547 3000 707 3054 inane
773 2999 940 3064 dictu,
1000 3000 1096 3055 sed
1142 3009 1506 3070 opportunum
1534 3013 1589 3055 et
1636 3002 2011 3066 conveniens,
2059 3009 2115 3054 et

548 3090 692 3159 quod
720 3091 785 3145 ad
841 3090 1129 3146 utilitatem
1176 3092 1342 3146 animi
1383 3092 1650 3155 conferat,
1692 3093 1830 3147 sicut
1881 3101 1936 3146 et
1968 3107 2117 3146 nunc

544 3182 694 3237 facis.
729 3181 836 3253 Ego
859 3194 987 3237 vero
1025 3185 1339 3253 gravitatem
1372 3192 1516 3238 tuam
1546 3183 1790 3245 laudans,
1820 3183 2117 3251 amplector
2142 3220 2184 3277 C

542 3272 704 3326 etiam
736 3273 1011 3327 meliorem
1034 3274 1229 3344 stylum
1258 3285 1409 3329 tuum
1434 3288 1619 3343 :quem
1644 3276 1934 3344 plurimum
1959 3289 2119 3328 orna-

544 3363 645 3427 bis,
675 3364 719 3418 si
752 3364 1111 3433 grammaticae
1144 3365 1347 3419 scholia
1372 3366 1558 3433 legere
1590 3366 1853 3434 potueris.
1890 3364 2117 3434 Oportet

542 3456 688 3509 enim
729 3464 787 3509 ut
834 3455 1047 3511 dicendi
1096 3456 1401 3510 facultatem
1462 3473 1724 3526 usumque
1757 3458 1999 3512 obtineat
2026 3458 2116 3527 qui

543 3556 744 3603 rectam
793 3548 1097 3603 doctrinam
1148 3549 1423 3612 defendit,
1460 3558 1515 3603 et
1566 3558 1774 3603 certare
1830 3549 1938 3602 vult
1991 3565 2115 3602 cum

545 3656 706 3709 prave
746 3641 1126 3695 sentientibus.
1160 3640 1293 3695 Nam
1322 3657 1444 3696 cum
1483 3657 1736 3713 magnum
1768 3641 1901 3711 quid
1925 3657 1988 3695 ex
2016 3642 2117 3695 hac

544 3731 735 3787 notitia
765 3747 823 3787 se
851 3740 1129 3791 assecutos
1160 3734 1260 3787 rati
1303 3735 1621 3805 glorientur,
1668 3735 1793 3789 dum
1839 3734 2115 3788 oblectant

552 3841 648 3879 eos
687 3825 886 3895 quibus
914 3827 1169 3895 pruriunt
1203 3843 1363 3881 aures
1398 3845 1412 3882 :
1446 3836 1874 3883 consentaneum
1904 3834 1987 3881 est
2021 3841 2114 3880 eos

540 3913 633 3980 qui
668 3924 813 3969 recta
844 3915 1104 3980 sentiunt,
1144 3931 1246 3969 nec
1276 3917 1543 3970 sermonis
1587 3917 1796 3970 viribus
1829 3916 2114 3970 destitutos

544 4018 665 4058 esse
702 4046 716 4070 ,
754 4012 812 4058 ut
866 4005 1136 4060 minantes
1194 4006 1432 4075 ipsorum
1486 4006 1681 4060 arietes
1727 4006 2001 4072 dejiciant.
2036 4005 2113 4059 Ita

546 4093 675 4146 mihi
699 4093 874 4163 placet
903 4109 967 4148 ea
995 4094 1047 4147 in
1075 4110 1134 4149 re
1177 4095 1485 4149 confirmari
1537 4105 1610 4156 te.
1642 4095 1735 4149 liii.
1767 4095 1997 4150 Prorsus
2020 4111 2115 4149 au-

545 4192 652 4237 tem
690 4183 832 4252 quod
894 4184 949 4237 in
985 4193 1035 4238 te
1077 4186 1271 4254 cupio,
1326 4200 1434 4239 non
1500 4186 1705 4255 pariter
1734 4185 1787 4238 in
1816 4185 2062 4254 quolibet
2098 4203 2110 4238 :

546 4282 826 4343 propterea
853 4273 994 4342 quod
1017 4274 1154 4328 alius
1185 4274 1343 4328 aliter
1358 4292 1416 4328 se
1440 4276 1635 4341 habet,
1669 4275 1831 4344 idque
1870 4276 2111 4344 expedit.

550 4364 843 4418 Dormiisse
888 4380 1049 4434 porro
1082 4365 1220 4420 dicis
1272 4365 1466 4421 fratres
1520 4366 1830 4436 Philippum
1859 4377 1914 4421 et
1938 4369 2116 4421 Philo-

548 4469 697 4508 nem.
740 4455 804 4508 Et
851 4454 1007 4520 bene,
1039 4456 1182 4524 quod
1214 4467 1441 4525 uterque
1478 4457 1622 4511 bono
1656 4458 1780 4512 fine.
1810 4458 1927 4511 Non
1967 4458 2117 4527 quod

2281 2816 2497 2887 Φθέγγῃ
2556 2815 2652 2867 καὶ
2697 2812 2957 2884 διήγησαι
2995 2829 3085 2883 μοι
3124 2812 3405 2875 ἑκάστοτε,
3446 2811 3637 2865 τέκνον
3692 2829 3802 2882 μου

2214 2907 2605 2979 περιπόθητον,
2668 2906 2819 2958 οὐδέν
2868 2923 2918 2960 τι
2961 2906 3215 2975 περιττὸν
3263 2904 3358 2959 καὶ
3399 2905 3796 2973 είκαιομυθές·

2214 2995 2328 3048 ἀλλ’
2356 2994 2614 3064 εὕκαιρον
2662 2995 2754 3047 καὶ
2807 2993 3115 3063 πρεπῶδες,
3149 2994 3242 3047 καὶ
3293 2993 3460 3065 φέρον
3489 2997 3571 3055 εἰς
3598 2994 3800 3063 ὄνησιν

2215 3086 2412 3154 ψυχῆς,
2445 3085 2634 3154 ὥσπερ
2665 3085 2759 3137 καὶ
2788 3085 2857 3137 τά
2895 3082 3013 3138 νῦν.
3058 3084 3198 3153 Ἐγὼ
3230 3084 3288 3139 δέ
3322 3101 3414 3137 σου
3462 3084 3523 3137 τὸ
3569 3083 3797 3137 εὔτονον

2220 3175 2478 3237 ἐπαινῶν,
2503 3175 2844 3244 ἀποδέχομαι
2866 3174 2959 3227 καὶ
2979 3173 3077 3243 τὴν
3102 3174 3514 3244 προκόπτουσαν
3533 3172 3797 3238 διάλεξινο

2220 3264 2283 3334 ἣν
2312 3264 2394 3315 ὅτι
2435 3260 2669 3330 μάλιστα
2715 3260 2962 3319 καλυνεῖς
2985 3301 3001 3325 ,
3038 3262 3133 3315 ὲάν
3159 3261 3229 3314 τὰ
3267 3260 3366 3329 τῆς
3400 3260 3797 3332 γραμματικῆς

2219 3354 2403 3423 σχόλια
2447 3351 2684 3423 δυνηθῇς
2726 3351 2961 3405 ἐπιέναι.
3001 3353 3094 3404 Δεῖ
3127 3351 3236 3420 γάρ
3280 3352 3373 3404 καὶ
3412 3350 3511 3420 τῆς
3552 3351 3611 3403 ἐν
3648 3350 3796 3421 λόγῳ

2216 3446 2495 3515 δυνάμεως
2538 3447 2633 3499 καὶ
2669 3446 2863 3515 πείρας
2890 3444 3138 3514 μετέχειν
3167 3442 3257 3495 τὸν
3293 3441 3601 3513 όρθοδοξίας
3660 3443 3796 3495 ἀντ-

2217 3537 2497 3606 εχόμενον,
2530 3538 2624 3589 καὶ
2641 3533 3024 3603 ἀντιφέρεσθαι
3049 3536 3160 3597 τοῖς
3183 3534 3490 3598 κακοδόξοις
3524 3534 3793 3603 βουλόμεο

2217 3645 2327 3681 νον.
2372 3628 2589 3696 Ἐπειδὴ
2618 3628 2726 3697 γὰρ
2751 3629 2947 3681 ἐκεῖνοι
2978 3630 3045 3699 τῇ
3073 3625 3322 3680 ἐντεῦθεν
3349 3626 3552 3697 είδήσει
3574 3626 3787 3680 δοκοῦν·

2217 3720 2310 3782 τές
2332 3736 2386 3772 τι
2415 3720 2558 3789 μέγα
2580 3719 2744 3789 ἔχειν,
2765 3718 3250 3788 κατακομπάζουσι
3275 3721 3403 3782 τοὺς
3424 3719 3791 3788 κνηθομένους

2215 3812 2313 3874 τὰς
2341 3812 2511 3874 ἀκοὰς
2543 3811 2964 3879 γαργαλίζοντες
2985 3828 3000 3842 ·
3033 3811 3317 3865 κάλλιστον
3336 3814 3447 3874 τοῖς
3478 3811 3789 3882 όρθόφροσι,

2220 3902 2352 3973 μηδὲ
2377 3903 2442 3972 τῇ
2472 3900 2565 3955 τοῦ
2587 3901 2745 3968 λόγου
2780 3901 2925 3970 ίσχύῖ
2949 3901 3182 3965 ἐλλιπῶς
3206 3902 3369 3971 ἔχειν,
3392 3901 3488 3954 καὶ⁵
3520 3901 3790 3954 καταϐάλ-

2216 3993 2327 4046 λειν
2375 3992 2555 4047 αὐτῶν
2607 3992 2707 4055 τὰς
2762 3992 3084 4057 εὐθυὸόλους
3134 3992 3429 4054 ἑλεπόλεις.
3481 3990 3640 4045 Οὕτω
3698 4008 3787 4061 μοι

2218 4084 2369 4153 φίλον
2413 4083 2779 4155 δυναμούσθαί
2814 4100 2895 4149 σε,
2925 4085 3131 4137 τέκνον.
3167 4083 3242 4136 Οὐ
3272 4083 3489 4146 πάντως
3517 4082 3577 4136 δὲ
3621 4082 3649 4135 δ
3697 4084 3787 4136 ἐπὶ

2220 4178 2303 4229 σοὶ
2359 4176 2639 4247 βούλομαι.
2696 4176 2789 4230 καὶ
2819 4177 2914 4228 ἐπὶ
2947 4175 3165 4238 παντός’
3204 4173 3292 4227 διά
3318 4174 3380 4226 τὸ
3413 4173 3574 4226 ἄλλον
3616 4172 3785 4238 άλλως

2218 4266 2360 4336 ἔχειν
2410 4267 2554 4319 κατά
2605 4267 2717 4332 ἕξιν
2746 4283 2759 4297 ·
2796 4268 2889 4320 καὶ
2948 4264 3267 4337 συμφέρειν.
3327 4264 3667 4334 Κεκοίμηται
3704 4265 3785 4331 δὲ,

2217 4356 2376 4428 ἔφης,
2410 4358 2439 4410 δ
2490 4356 2717 4424 ἀδελφὸς
2766 4358 3061 4423 Φίλιππος,
3102 4356 3197 4410 καὶ
3242 4356 3436 4410 Φίλων.
3486 4354 3592 4409 Καὶ
3636 4351 3782 4422 εὖγε,

2217 4450 2342 4518 εὖγε
2366 4464 2380 4480 ο
2411 4449 2494 4503 ὅτι
2535 4450 2835 4520 ἀμφότεροι
2859 4449 3001 4503 τέλει
3035 4449 3244 4518 ἀγαθῷ.
3278 4449 3392 4519 Οὐχ
3434 4447 3516 4502 ὅτι
3539 4446 3610 4499 τά
3648 4465 3780 4515 προ-

546 4564 608 4601 ea
642 4562 762 4616 qua:
795 4556 919 4601 ante
954 4546 1135 4611 finem,
1170 4548 1548 4617 vituperanda.
1603 4549 1890 4614 Quomodo
1941 4550 2107 4616 enim,

2221 4543 2395 4595 τέλεια
2439 4540 2615 4610 ψεκτά
2658 4542 2800 4612 (πῶς
2849 4544 2957 4612 γὰρ
3010 4542 3059 4595 oi
3108 4540 3473 4611 ἀπειπάμενοι
3500 4538 3687 4608 κόσμῳ
3720 4538 3779 4609 [Γ.

546 4654 669 4693 cum
719 4639 1122 4693 renuntiassent
1149 4640 1370 4705 mundo,
1405 4650 1456 4695 et
1506 4642 1679 4706 carni,
1717 4650 1772 4696 et
1801 4642 2051 4713 sanguini
2092 4660 2107 4707 ;

545 4740 596 4785 et
634 4745 800 4784 suave
827 4729 928 4784 sibi
958 4730 1279 4784 obedientize
1322 4732 1508 4803 jugum
1544 4732 1933 4802 imposuissent
1961 4735 1985 4786 ’ἔ
2018 4734 2111 4788 sed

544 4818 667 4889 quia
699 4826 1022 4889 postremam
1061 4819 1454 4875 beatitudinem
1494 4822 1673 4891 adepti
1716 4830 1846 4877 sunt
1892 4831 2117 4892 propter

544 4910 830 4964 Dominum
861 4911 1291 4979 persecutionem
1323 4913 1489 4980 passi,
1516 4913 1697 4967 afllicti
1720 4955 1733 4978 ,
1766 4921 1821 4967 et
1859 4914 1915 4967 in
1945 4930 2119 4984 angu-

545 5002 675 5056 stias
700 5000 919 5055 redacti.
956 5002 1132 5069 Atque
1168 5002 1253 5055 his
1291 5003 1474 5056 nullus
1514 5012 1597 5058 est
1630 5005 1723 5073 qui
1757 5006 2113 5071 contradicat,

546 5099 739 5159 pneter
766 5105 859 5144 eos
885 5090 974 5159 qui
1008 5092 1356 5161 Evangelium
1397 5103 1841 5162 contempserunt
1871 5095 2103 5150 infames

547 5174 851 5235 illcechiani.
895 5179 959 5235 Et
999 5181 1142 5249 quod
1174 5182 1241 5236 ad
1292 5180 1574 5236 Philonem
1620 5184 1837 5252 quidem
1901 5186 2114 5247 attinet,

550 5274 656 5326 huc
692 5287 861 5341 usque
890 5272 1104 5326 laudem
1159 5274 1278 5342 ejus
1318 5274 1571 5342 prosequi
1621 5275 1844 5343 placuit.
1902 5276 2115 5347 Egregii

545 5378 673 5418 vero
711 5360 945 5431 Philippi
978 5363 1146 5417 multa
1171 5375 1301 5417 sunt
1326 5365 1580 5431 prmelara
1609 5364 1869 5432 facinora,
1905 5383 2025 5436 qua:
2060 5378 2117 5421 tu

546 5452 662 5522 ipse
699 5453 1079 5523 percensuisti.
1142 5452 1254 5523 Ego
1283 5468 1410 5507 vero
1437 5494 1451 5518 ,
1492 5463 1685 5524 praeter
1715 5458 1799 5510 illa
1827 5474 1946 5527 qua:
1977 5458 2117 5511 dicta

547 5550 675 5595 sunt
708 5580 722 5605 ,
754 5541 1155 5611 simplicitatem
1187 5544 1304 5615 ejus
1347 5552 1397 5597 et
1448 5543 1814 5599 innocentiam
1854 5546 2113 5610 demiror,

546 5633 689 5703 quod
724 5633 815 5689 ira:
863 5634 1101 5695 nescius.
1155 5636 1297 5703 quod
1349 5652 1456 5691 non
1506 5652 1715 5691 memor
1767 5638 2112 5707 injuriarum,

550 5724 883 5794 compatiens
906 5732 959 5779 et
988 5739 1175 5779 amans
1209 5724 1452 5793 fratrum,
1490 5727 1892 5797 obtemperans,
1928 5734 1981 5782 et
2014 5742 2113 5783 ne-

2217 4628 2445 4701 κόσμον]
2480 4630 2657 4700 σάρκα
2685 4631 2780 4683 καὶ
2805 4625 2962 4700 αἷμα,
3010 4629 3104 4682 καὶ
3133 4629 3310 4699 εὐαφῆ
3361 4629 3461 4700 τὴν
3505 4629 3607 4697 τῆς
3655 4628 3784 4681 ὑπο·

2213 4724 2390 4794 ταγῆς
2431 4723 2687 4793 ζεύγλην-
2716 4725 2926 4786 ἑαυτοῖς
2974 4722 3380 4793 ὑποθέμενοις),
3414 4722 3525 4777 ἀλλ’
3556 4722 3641 4775 ὅτι
3693 4722 3781 4775 τοῦ

2216 4816 2520 4886 ἀκροτάτου
2558 4812 2909 4885 μακαρισμοῦ
2963 4814 3297 4884 τετυχήκασι
3346 4815 3434 4869 διά
3461 4810 3667 4883 Κύριον
3694 4813 3780 4865 δε-

2218 4908 2527 4977 διωγμένοι,
2579 4906 2905 4976 θλιὸόμενοι,
2957 4908 3054 4959 καὶ
3108 4904 3620 4977 στενοχωρούμενοι.
3680 4905 3781 4957 Καὶ

2222 5000 2357 5072 πρὸς
2383 4999 2554 5052 ταῦτα
2598 4999 2773 5062 οὐδεὶς
2804 4999 2832 5049 ό
2865 4997 3180 5066 ἀντιλέγων,
3220 4998 3255 5070 ἢ
3282 4998 3333 5051 οι
3358 4996 3417 5051 τὸ
3453 4994 3779 5063 Εὑαγγέλιον

2220 5091 2545 5161 ὴθετηκότες
2587 5090 2891 5160 δυσώνυμοι
2921 5090 3256 5161 Μοιχειανοί.
3287 5090 3397 5144 Καὶ
3436 5087 3516 5159 τῷ
3556 5086 3659 5157 μιν
3688 5088 3776 5140 Φί-

2214 5182 2342 5235 λωνι
2371 5182 2522 5249 φίλον
2560 5181 2720 5251 μέχρι
2748 5180 2899 5235 τοῦδε
2945 5181 3141 5249 στῆσαι
3177 5179 3270 5234 τὸν
3323 5180 3539 5234 ἔπαινον
3568 5196 3584 5211 ο
3610 5177 3680 5232 τὰ
3726 5178 3779 5232 δὲ

2216 5273 2309 5325 τοῦ
2366 5272 2532 5326 καλοῦ
2561 5272 2848 5335 Φιλίππου,
2886 5271 3058 5325 πολλά
3102 5270 3524 5341 κατορθώματα,
3555 5269 3594 5323 ἃ.
3627 5270 3779 5331 αὐτὸς

2221 5364 2639 5435 προκατέλεξας.
2676 5365 2816 5431 Ἐγὼ
2849 5365 2926 5426 δὲ,
2975 5366 3113 5433 πρὸς
3158 5367 3268 5428 τοῖς
3303 5362 3632 5435 εἰρημένοις,
3694 5363 3779 5417 καὶ

2223 5458 2283 5509 τὸ
2329 5457 2602 5511 ἄπλαστον
2658 5455 2824 5508 αὑτοῦ
2873 5456 2967 5509 καὶ¹
3014 5457 3269 5527 ἀκέραιον
3306 5454 3589 5525 θαυμάξω,
3642 5456 3702 5509 τό
3726 5474 3777 5508 τε

2223 5549 2513 5617 ἀόργητον,
2550 5550 2643 5601 καὶ
2689 5548 3082 5617 ἀμνησίκακον,
3123 5547 3531 5618 φιλοσύμπαθές
3577 5565 3640 5600 τε
3696 5550 3780 5601 καὶ

2225 5639 2565 5707 φιλάδελφον,
2593 5638 2817 5707 εὐήκοόν
2849 5655 2907 5690 τε
2946 5640 3038 5691 καὶ
3071 5639 3417 5709 ἀνολίγωρον,
3451 5636 3547 5691 καὶ
3601 5640 3776 5691 συνιό-

2229 5744 2344 5797 μως
2398 5728 2591 5792 εἰπεῖν,
2630 5727 2856 5793 ἀπαθὲς,
2887 5728 2945 5795 ἐξ
2989 5722 3049 5784 οὗ
3104 5729 3199 5784 καὶ
3251 5729 3312 5784 τὸ
3368 5730 3778 5796 εὖκατάνυκτον,
