4008 6318
566 312 707 379 1087

1748 310 1809 369 S.
1837 304 2226 368 THEODORI
2268 302 2609 365 STUDlTIE

3664 290 3808 353 1088

558 427 689 483 fecit
731 426 789 481 in
832 423 1286 486 circumcisione;
1328 421 1473 491 quod
1520 434 1747 491 magnus
1789 418 2023 471 Basilius
2065 415 2117 468 in

2247 411 2313 465 ὀὗ
2339 413 2574 481 μεγάλου
2599 410 2875 464 Βασιλείαν
2898 409 2989 461 ἐπὶ
3013 407 3106 461 τοῦ
3133 408 3292 474 ἁγίου
3314 407 3665 476 Πνεῦματος·
3700 407 3821 477 οἷος

560 518 763 583 Spiritu
793 524 984 571 sancto
1018 536 1031 571 ;
1069 515 1216 569 velut
1236 514 1400 568 etiam
1428 512 1572 582 quod
1604 525 1751 566 nunc
1783 509 2001 563 divinus
2020 508 2115 577 Cy-

559 609 731 663 rillns.
782 606 912 673 Quae
954 605 1021 661 ad
1069 614 1283 675 tempus
1321 602 1534 671 aliquod
1571 601 1730 664 facta,
1762 600 1897 655 nihil
1929 600 2126 654 habent

559 698 987 770 reprehensione
1016 694 1261 768 dignum,
1285 710 1386 750 nec
1409 694 1701 749 absurdum
1729 692 1834 746 ulla
1861 707 1925 746 ex
1950 700 2124 759 parte,

559 800 655 845 aut
710 790 1004 844 illicitum:
1053 788 1339 842 remissum
1390 796 1567 840 tamen
1617 784 1873 854 quiddam
1912 792 1967 838 et
2018 797 2128 836 non

560 883 776 952 penitus
809 889 1140 937 accuratum.
1173 880 1229 934 Id
1257 880 1535 932 enimvero
1567 878 1765 932 dicitur
1796 877 2128 946 dispensatio

560 974 628 1026 ad
670 983 899 1041 tempus.
932 971 1117 1041 Neque
1146 972 1292 1025 enim
1338 969 1455 1023 ﬁeri
1504 977 1698 1038 potest,
1723 977 1782 1023 ut
1828 968 2071 1023 medicus
2098 984 2130 1023 e

562 1064 793 1135 vestigio
832 1064 1078 1119 morbum
1110 1062 1177 1117 ab
1219 1076 1364 1133 aegro
1407 1059 1657 1130 depellat,
1692 1076 1869 1130 neque
1894 1069 1953 1114 ut
1976 1060 2130 1115 inde.

562 1157 754 1211 initum
779 1173 999 1226 equum,
1038 1163 1132 1211 aut
1171 1155 1375 1210 siccum
1408 1170 1641 1220 ramum,
1673 1154 1821 1208 illum
1851 1154 2005 1209 freno
2030 1156 2132 1209 ob-

564 1256 902 1316 sequentem,
952 1248 1097 1303 hune
1124 1255 1330 1301 rectum
1375 1247 1555 1300 statim
1592 1246 1781 1299 reddat
1808 1247 1898 1315 qui
1934 1247 1987 1300 in
2015 1245 2133 1300 istis

565 1340 729 1393 rebus
755 1348 997 1394 versatus
1028 1348 1111 1393 est
1143 1357 1155 1390 :
1206 1339 1308 1392 nisi
1338 1339 1594 1407 paulatim
1623 1338 1913 1392 blanditias
1937 1346 1991 1392 et
2047 1352 2135 1391 as-

565 1430 917 1492 sentationes,
937 1438 990 1483 et
1012 1430 1200 1484 molles
1228 1429 1355 1483 item
1385 1429 1792 1484 attrectationes
1808 1437 1865 1483 et
1886 1426 2133 1484 inﬂexio-

565 1536 665 1574 nes
688 1520 961 1575 adhibeat.

636 1610 835 1664 Eodem
880 1611 1039 1665 modo
1091 1612 1264 1665 sancti
1332 1612 1382 1664 in
1416 1610 1916 1681 dispensationibus
1947 1629 1959 1665 :
1994 1620 2055 1666 ut
2081 1620 2136 1666 et

567 1697 622 1751 iu
674 1699 775 1752 hac
812 1699 929 1767 ipsa
970 1714 1197 1768 magnus
1236 1698 1484 1769 Cyrillus.
1536 1699 2134 1767 Aliquantisper-enim

2234 506 2326 557 καὶ
2352 505 2411 556 τὸ
2442 504 2536 557 νῦν
2563 503 2655 556 τοῦ
2678 502 2823 556 θείου
2844 500 3131 571 Κυρίλλου.
3160 502 3225 552 Ἀ
3258 500 3418 570 μέχρι
3444 500 3595 561 τινὸς
3617 500 3819 569 καιροῦ

2230 596 2508 664 γινόμενα,
2539 594 2691 647 οὐδὲν
2720 594 2830 662 ιχει
2873 592 2931 644 τὸ
2976 590 3242 661 μεμπτὸν,
3274 591 3397 643 οὐδὲ
3446 590 3511 643 τὸ
3555 593 3709 644 rati
3750 606 3816 642 In

2232 687 2441 757 ἀπηχὲς
2478 688 2573 740 καὶ
2605 685 2861 753 ἔκνομονο
2899 681 3188 751 ὑφειμένον
3215 682 3262 736 δ’
3292 681 3385 737 οὖν
3403 683 3553 753 ὅμως
3587 682 3687 735 καὶ¹
3715 683 3819 735 οὐκ

2234 778 2374 845 ἀγαν
2401 776 2647 847 ἀκριϐές.
2681 773 2853 829 Τοῦτο
2874 773 2984 843 γὰρ
3010 776 3044 843 ἡ
3070 773 3352 843 οἰκονομία
3373 774 3407 841 ἠ
3432 775 3572 844 πρὸς
3593 771 3817 842 καιρόν.

2234 869 2386 937 Μηδέ
2430 870 2539 938 γὰρ
2571 867 2796 922 δυνατὸν
2836 866 3021 937 ἰατρὸν
3051 864 3142 919 τὸν
3171 865 3569 935 ἡρρωστηκότα
3613 864 3819 917 θᾶττον

2235 957 2543 1019 ἀπαλλάξαι
2585 959 2685 1027 τῆς
2714 956 2893 1018 νόσου,
2929 955 3056 1025 μήτ’
3087 953 3157 1009 αὖ
3184 955 3349 1007 τππον
3374 954 3613 1023 ἀκρατῆ,
3643 954 3681 1021 ἢ
3714 952 3819 1021 ξη-

2238 1052 2331 1120 ρὸν
2356 1048 2608 1119 πτόρθον,
2642 1049 2731 1100 τὸν
2785 1049 2883 1116 μέν
2931 1044 3231 1115 εὐχάλινον,
3278 1044 3372 1097 τὸν
3411 1044 3469 1097 δέ
3508 1043 3819 1111 εὐθύτομον

2237 1139 2470 1208 ἐξαυτῆς
2523 1138 2987 1208 καταστήσασθαι,
3038 1139 3086 1190 εί
3132 1135 3205 1207 μὴ
3248 1137 3360 1199 τοῖς
3410 1134 3551 1188 κατά
3613 1133 3817 1203 μικρὸν

2238 1230 2589 1297 ποππυσμοῖς
2619 1245 2679 1281 τε
2722 1227 2818 1282 καὶ
2855 1227 3249 1298 κολακεύμασι,
3290 1225 3562 1296 μαλακαῖς
3606 1240 3669 1275 τε
3717 1224 3816 1276 καὶ

2237 1319 2555 1391 ἐπικλήσεσι
2595 1320 2898 1389 χρώμενον,
2944 1318 3035 1370 τὸν
3093 1316 3201 1371 τῶν
3241 1314 3501 1368 τοιούτων
3550 1312 3818 1382 ἐμπειρό·

2239 1427 2417 1465 τατον.

2311 1608 2467 1661 Οὕτω
2499 1609 2602 1661 κάν
2640 1610 2749 1670 τοῖς
2776 1606 2948 1677 ἁγίοις
2972 1608 3030 1661 ἐν
3057 1608 3176 1670 ταῖς
3206 1605 3538 1675 οἰκονομίαις
3557 1622 3572 1637 ο
3615 1605 3695 1669 ὡς
3722 1608 3815 1661 καὶ

2244 1698 2495 1768 Κυρίλλῳ
2530 1702 2606 1769 τῷ
2643 1698 2863 1768 μεγάλῳ
2907 1699 2965 1749 ἐν
3009 1695 3166 1765 τῷδε.
3209 1696 3423 1767 Μικρὸν
3452 1696 3561 1765 γὰρ
3593 1697 3815 1759 πάντως

567 1784 827 1838 sustinuit
854 1783 1207 1839 Orientalium
1254 1787 1582 1847 tarditatem.
1607 1801 1699 1841 seu
1723 1787 1912 1841 vitium
1942 1788 2131 1854 animi,

2247 1790 2326 1842 ivé
2337 1807 2461 1860 μενε
2484 1791 2592 1843 τῶν
2620 1791 2972 1844 Ἀνατολικῶν
2986 1791 3044 1844 τὸ
3070 1789 3384 1859 βραδῦνουν,
3407 1789 3439 1857 ἢ
3467 1789 3809 1856 προσπαθὲς,

567 1884 627 1929 ut
660 1877 971 1931 heretieum
1008 1893 1116 1932 non
1148 1878 1520 1932 existimarent
1550 1894 1695 1940 cum.
1725 1878 1818 1947 qui
1851 1879 2136 1934 haereticus

568 1968 743 2036 reipsa
776 1978 908 2025 erat.
946 1968 1085 2035 Quid
1115 1970 1259 2023 enim
1317 1970 1494 2038 potius
1522 1979 1725 2038 ageret,
1758 1985 1879 2023 cum
1939 1971 2128 2024 ortho-

568 2058 762 2113 doxam
784 2060 859 2113 illi
886 2059 1044 2114 [idem
1071 2060 1468 2129 proﬁterentur,
1490 2060 1541 2112 in
1572 2061 1672 2113 hoc
1696 2061 1857 2113 etiam
1875 2060 1992 2129 ipso
2010 2071 2136 2116 eam

570 2165 731 2220 quem
769 2153 1287 2217 commemorabam,
1346 2152 1864 2207 anathematizantes
1894 2153 1918 2205 ?
1949 2152 2139 2208 Omnis

570 2243 836 2312 siquidem
884 2245 974 2313 qui
1025 2245 1362 2300 orthodoxus
1408 2254 1491 2300 est
1518 2246 1571 2299 in
1605 2246 1877 2311 omnibus,
1917 2262 2137 2301 omnem

572 2334 911 2398 haereticum,
946 2335 988 2389 si
1021 2336 1202 2390 minus
1238 2339 1423 2400 verbo,
1456 2346 1511 2389 at
1550 2337 1751 2391 virtute
1779 2339 2140 2397 anathemati-

570 2430 677 2476 zat.
734 2420 928 2477 Postea
959 2438 1089 2477 vero
1117 2438 1239 2477 eum
1295 2426 1530 2492 perlecta
1572 2424 1702 2493 ipsis
1730 2440 1886 2479 mens
1915 2425 2138 2489 aﬂ‘ulsit,

572 2521 708 2568 tunc
750 2528 874 2568 eum
910 2513 1014 2568 illis
1042 2530 1103 2569 ex
1137 2529 1291 2583 aequo
1323 2515 1375 2567 in
1402 2514 1656 2569 omnibus
1678 2526 1897 2571 sanctus
1917 2517 2138 2573 coaluit.

572 2605 765 2657 Annon
796 2612 852 2658 et
884 2618 985 2658 nos
1032 2602 1173 2657 idem
1203 2604 1381 2657 facere
1421 2604 1669 2658 videmur
1696 2605 1719 2657 ?
1744 2606 1835 2675 qui
1866 2606 2139 2662 interdum

573 2694 848 2749 nonnullis
872 2708 1058 2749 eorum
1084 2694 1176 2763 qui
1195 2694 1477 2749 nobiscum
1503 2695 1769 2761 sentiunt,
1803 2697 1854 2749 in
1878 2713 1937 2751 re
1966 2698 2142 2767 aliqua

572 2784 1024 2855 discrepantibus,
1054 2786 1106 2839 iu
1146 2801 1249 2855 qua
1283 2802 1390 2841 non
1424 2802 1616 2857 magna
1644 2787 1717 2841 sit
1747 2788 2012 2851 molestia,
2043 2805 2143 2859 pa-

575 2892 805 2931 rumaue
831 2893 859 2930 a
894 2891 1107 2931 summo
1132 2878 1255 2947 jure
1298 2878 1609 2932 discedatur
1638 2896 1650 2943 ;
1684 2879 1923 2948 ipsorum
1948 2882 2145 2936 nihilo-

574 2967 757 3023 minus
792 2971 1230 3023 communionem
1267 2968 1625 3035 admittimus,
1660 2985 1730 3025 ne
1760 2981 1983 3041 propter
2032 2974 2147 3028 exi-

574 3076 738 3130 guum
756 3060 1052 3131 quidpiam,
1076 3062 1219 3132 quod
1243 3063 1399 3131 paulo
1417 3073 1540 3133 post
1557 3064 1748 3134 corrigi
1771 3074 1950 3134 queat.
1972 3075 2141 3120 totum

575 3151 888 3205 amittamus
924 3169 937 3205 :
992 3153 1133 3220 quod
1178 3152 1393 3220 quidem
1426 3153 1799 3222 imperitorum
1827 3164 1991 3217 esset,
2032 3170 2140 3208 non

2237 1881 2369 1950 πρὸς
2397 1883 2456 1934 τὸ
2483 1883 2754 1950 αἱρετικὸν
2792 1884 2865 1953 μὴ
2900 1881 3301 1951 ὑπολαμϐάνειν
3336 1881 3425 1934 τὸν
3456 1882 3626 1943 ὅντως
3655 1882 3811 1951 alpe-

2236 1973 2405 2025 τικόν.
2434 1973 2497 2023 Τί
2522 1972 2629 2043 γάρ
2659 1968 2726 2043 ἦν
2747 1973 2873 2027 ἄλλο
2898 1973 2958 2026 τὸ
2985 1972 3333 2043 μεσολαὸοὗν,
3374 1971 3458 2025 ἐπ’
3493 1972 3557 2024 ἂν
3585 1972 3808 2041 090060-

2240 2060 2345 2126 ξως
2382 2064 2680 2133 ἐκήρυττον
2732 2063 2831 2134 τὴν
2890 2064 3095 2127 πίστιν,
3142 2064 3245 2117 κάν
3298 2063 3467 2133 τούτῳ
3512 2063 3677 2116 αὑτὸν
3722 2066 3814 2116 τ“.ν

2243 2158 2712 2227 μνημονευόμενον
2768 2160 2946 2219 αὐτοῖς
2994 2158 3522 2227 ἀναθεματίζοντες;
3590 2158 3811 2227 Ἐπειδὴ

2242 2249 2347 2311 πᾶς
2371 2248 2668 2319 ὀρθοθοξῶν
2710 2250 2847 2303 κατά
2876 2250 3076 2312 πάντα,
3120 2252 3296 2303 πάντα
3329 2250 3608 2321 αἱρετικὸν
3648 2251 3813 2303 δυνά-

2244 2354 2356 2406 μει,
2390 2338 2494 2391 κᾶν
2532 2339 2592 2390 οὐ
2624 2338 2853 2408 ῥήματι,
2884 2338 3288 2409 ἀναθεματίζει.
3318 2340 3547 2393 Ἔπειτα
3591 2341 3678 2393 ὅτε
3713 2342 3811 2394 αὺ-

2240 2430 2352 2489 τοῖς
2378 2428 2577 2495 ἀνῆψεν
2609 2429 2636 2481 ό
2659 2428 2861 2490 τέλειος
2899 2429 3043 2493 νοῦς,
3071 2431 3188 2482 τότε
3232 2430 3413 2492 αὐτοῖς
3446 2430 3815 2500 συναφθέντος

2242 2517 2381 2569 κατὰ
2404 2518 2578 2570 πάντα
2608 2517 2703 2571 τοῦ
2728 2518 2881 2586 ἁγίου
2907 2517 3057 2581 ἴσως.
3077 2520 3147 2571 Ἦ
3176 2519 3296 2588 οὐχὶ⁵
3320 2520 3417 2572 καὶ
3433 2521 3597 2590 ἡμεῖς
3620 2522 3681 2573 τὸ
3709 2520 3807 2573 αὐ·

2242 2606 2302 2659 τὸ
2329 2604 2609 2671 ποιοῦντες
2629 2607 2963 2678 φαινόμεθας
3002 2607 3155 2661 Ἐσθ’
3180 2608 3270 2662 ὅτε
3307 2609 3471 2671 τινῶν
3492 2611 3813 2678 ὁμογνωμό-

2243 2713 2350 2750 νων
2384 2699 2513 2766 ἡμῖν
2559 2697 2699 2754 κατά
2744 2714 2795 2750 τι
2841 2697 3284 2768 διαφερομένων·
3310 2698 3439 2752 ἔνθα
3468 2700 3528 2751 οὐ
3573 2700 3713 2751 πολὺ
3757 2698 3814 2750 τὸ

2244 2789 2465 2854 λυποῦν,
2505 2790 2537 2859 ἢ
2570 2788 2793 2854 ἐξιστῶν
2816 2792 2911 2859 τῆς
2930 2790 3214 2859 ἀκριϐείας
3232 2805 3247 2823 ο
3284 2791 3377 2843 καὶ
3406 2791 3554 2859 ὅμως
3582 2790 3812 2844 καταδε-

2246 2883 2450 2953 χόμεθα
2485 2884 2583 2956 τὴν
2618 2882 2752 2949 πρὸς
2780 2882 2973 2945 αὐτοὺς
3002 2883 3288 2936 κοινωνίαν
3314 2901 3327 2914 ·
3374 2884 3462 2936 ἵνα
3498 2884 3571 2955 μὴ
3603 2883 3692 2937 διὰ
3727 2902 3814 2954 μι-

2247 2972 2376 3041 κρόν
2422 2989 2473 3023 τι
2527 2973 2720 3041 μικρὸν
2770 2970 2995 3042 ὕστερον
3040 2973 3335 3042 δυνάμενον
3381 2973 3816 3045 κατορθωθῆναι,

2246 3060 2596 3128 ἀπολέσωμεν
2623 3062 2686 3114 τὸ
2712 3063 2846 3116 πᾶνο
2874 3061 3034 3115 τοῦτο
3054 3062 3110 3115 δὲ
3131 3063 3389 3133 ἀτέχνων,
3412 3063 3508 3117 καὶ⁵
3526 3063 3586 3116 οὺ
3614 3081 3818 3135 pacm;-

2248 3148 2377 3216 ρίων
2408 3149 2543 3202 Θεοῦ
2569 3140 2887 3221 οἱκονόμων.
2917 3151 3171 3205 Τοιοῦτον
3205 3152 3305 3221 μέν
3352 3151 3411 3205 τὸ
3458 3151 3597 3223 πρὸς
3630 3154 3819 3225 καιρὸν

578 3254 760 3299 autem
800 3261 987 3300 eorum
1028 3249 1118 3316 qui
1150 3247 1552 3316 dispensatores
1603 3258 1731 3302 sunt
1759 3250 2141 3320 mysteriorum

2247 3241 2542 3311 οἰκονομεῖν
2589 3243 2716 3306 τοὺς
2752 3243 2949 3312 ,λόγους
2982 3243 3075 3297 καὶ
3115 3244 3240 3308 τοὺς
3269 3244 3502 3315 τρόπους
3539 3245 3600 3298 ἐν
3640 3247 3815 3318 κρίσει

581 3338 695 3391 Dei.
727 3337 839 3391 Hoc
888 3338 1049 3409 igitur
1073 3348 1157 3393 est
1207 3339 1272 3392 ad
1308 3347 1520 3408 tempus
1546 3354 1825 3395 sermones
1856 3357 2141 3413 moresque

2247 3334 2336 3386 καὶ
2369 3334 2598 3405 ἀληθείᾳ
2635 3336 2727 3387 καὶ
2762 3335 2937 3405 νόμῳ·
2969 3335 3085 3389 ἀλλ’
3121 3336 3221 3389 οὐκ
3258 3337 3320 3390 ἐν
3359 3338 3683 3409 παρανομίᾳ
3726 3340 3817 3393 καὶ

579 3430 891 3497 dispensare
938 3429 990 3482 in
1035 3430 1257 3498 judicio,
1316 3438 1371 3483 et
1414 3430 1662 3494 veritate,
1696 3446 1760 3485 ac
1807 3432 1972 3502 lege:
2032 3449 2141 3488 non

2247 3424 2427 3493 ψεύδει
2447 3425 2509 3478 τὸ
2532 3426 2779 3481 καθόλου.
2809 3426 2898 3498 Μὴ
2933 3427 3428 3504 προϐαλλέσθωσαν
3448 3429 3547 3491 τὰς
3569 3428 3818 3496 γλώσσας

582 3527 761 3572 autem
794 3519 845 3572 in
882 3519 1166 3588 iniquitate
1199 3535 1263 3575 ac
1293 3521 1574 3576 mendacio
1609 3521 1663 3575 in
1696 3522 2031 3579 universum.
2070 3524 2141 3580 Ne

2247 3516 2295 3569 οἱ
2325 3516 2636 3585 Μοιχειανοὶ.
2657 3514 2887 3570 ἐνταῦθα
2905 3533 2918 3548 ·
2944 3518 3078 3587 μηδὲ
3096 3519 3187 3570 τὸν
3207 3517 3571 3588 χειραγωγὸν,
3590 3534 3626 3570 κ
3634 3534 3703 3589 ρη
3712 3536 3819 3591 μνι-

584 3609 794 3679 linguas
819 3620 1041 3666 exeraut
1064 3611 1175 3667 hoc
1198 3611 1316 3667 loco
1348 3611 1629 3668 Moechiani
1667 3631 1680 3679 ;
1710 3630 1886 3685 neque
1922 3619 2019 3671 via:
2046 3618 2141 3671 du-

2248 3609 2378 3677 στὴν
2424 3609 2753 3662 οίέσθωσαν·
2797 3610 2926 3681 μηδὲ
2972 3613 3063 3663 τὸν
3102 3609 3819 3680 κυϐερνήτην,καταποντιο

583 3710 922 3769 οριιισρυιοηι
951 3698 1073 3756 eum
1097 3703 1187 3772 qui
1216 3703 1513 3772 praecipitet
1541 3721 1554 3768 ;
1585 3719 1684 3760 nec
1708 3706 2141 3776 gubernatorem,

2250 3701 2400 3769 στήν.
2425 3701 2563 3770 Μηδ’
2606 3700 2673 3754 ἂν
2716 3700 2806 3752 τὸν
2859 3687 3062 3770 ίατρὸν,
3108 3700 3421 3755 νοσοποιόν·
3466 3693 3621 3772 ᾧπερ
3671 3704 3820 3758 αὐτοὶ

582 3789 675 3858 qui
715 3789 988 3860 demergat
1022 3808 1036 3854 ;
1087 3807 1186 3846 nec
1211 3792 1446 3861 denique
1476 3794 1763 3857 medicum,
1805 3796 1899 3864 qui
1932 3797 2141 3851 morbos

2247 3790 2629 3860 ὡμοιώθησαν,
2653 3792 2729 3861 τῷ
2762 3791 2933 3862 μοιχῷ
2966 3791 3490 3861 συμμοιχεύσαντες,
3520 3792 3600 3863 τῷ
3643 3812 3819 3866 μοιχο-

586 3881 843 3947 inducat;
874 3884 1059 3950 quales
1082 3883 1187 3952 ipsi
1231 3883 1398 3939 fuisse
1431 3884 1701 3951 videntur,
1736 3887 1826 3955 qui
1858 3903 1980 3942 cum
2014 3905 2149 3944 mm-

585 3973 691 4027 cbo
734 3973 986 4028 mazchati
1047 3984 1195 4037 sunt,
1251 3990 1373 4029 cum
1420 3976 1790 4031 adulterorum
1840 3980 2153 4048 copulatore

584 4063 857 4119 adulteros
901 4066 1311 4135 eopulaverunt,
1339 4081 1462 4120 cum
1496 4069 1586 4121 Dei
1618 4079 1933 4124 accusatore
1985 4073 2151 4126 Deum

585 4163 999 4219 accusaverunt.
1042 4170 1163 4210 cum
1201 4156 1475 4227 Evangelii
1521 4158 1865 4215 destructore
1910 4160 2154 4232 Evange-

2251 3880 2449 3951 ζεύκτῃ
2482 3882 2856 3947 συζεύξαντες,
2886 3880 2962 3950 τῷ
2987 3882 3371 3952 θεοκατηγόρῳ
3397 3881 3820 3955 συνθεοκατηγοο

2253 3974 2538 4044 ρήσαντες,
2562 3973 2639 4042 τῷ
2664 3972 3082 4044 εὐαγγελιολύτῃ
3108 3974 3822 4042 συνευαγγελιολυτήσαντες

2253 4065 2488 4129 κυνικῶς
2513 4083 2525 4096 ·
2557 4065 2698 4119 οὕτω
2740 4066 2848 4136 γὰρ
2902 4066 3107 4135 φράσαι
3155 4066 3496 4135 οίκειότερον.
3537 4066 3823 4137 Διόσκορον

2252 4158 2311 4211 δὲ
2348 4156 2470 4220 ποῦ,
2499 4157 2533 4227 ἢ
2576 4156 2714 4219 πῶς,
2751 4157 2840 4210 τὸν
2878 4156 3286 4227 Ἀλεξανδρείας
3314 4158 3593 4227 αἱρετικὸν
3622 4158 3823 4227 Κύριλ-

588 4245 718 4300 lium
744 4246 1239 4302 condestruxerunt
1265 4263 1418 4303 more
1439 4249 1669 4304 canino:
1697 4251 1775 4306 sic
1804 4253 1951 4308 enim
1978 4254 2141 4323 aptius

2255 4249 2344 4311 λος
2370 4249 2397 4301 ό
2431 4249 2571 4311 θεῖος
2597 4248 2843 4315 ἐδέξατο,
2880 4247 2955 4311 ὦς
2989 4266 3154 4317 φασιν
3179 4251 3226 4302 οἱ
3260 4249 3599 4318 Μοιχειανοὶ,
3625 4252 3676 4301 οἱ
3700 4249 3824 4319 περὶ

586 4335 733 4405 loqui
756 4336 931 4391 liceat.
956 4335 1267 4393 Dioscorum
1289 4348 1467 4393 autem
1485 4340 1907 4398 Alexandrinum
1940 4344 2157 4400 haereti-

2256 4340 2318 4391 τὸ
2354 4339 2467 4407 φῶς
2513 4341 2794 4402 σκοτεινοὶ,
2844 4340 2894 4391 οἱ
2943 4341 3236 4409 κατήγοροι
3278 4338 3388 4391 τῶν
3424 4338 3631 4404 ἀγίων;
3685 4337 3822 4392 Οῦτε

588 4442 709 4481 cum
748 4428 1102 4491 ubinam,aut
1123 4430 1393 4499 quomodo
1416 4430 1632 4486 divinus
1651 4433 1879 4503 Cyrillus
1899 4437 2141 4506 suscepit

2260 4429 2524 4498 ἠκούσθη,
2563 4428 2686 4481 οὔτε
2723 4429 2883 4497 φύσιν
2932 4428 3044 4499 ἔχει
3095 4429 3155 4483 τὸ
3201 4429 3395 4498 ψεῦδος
3441 4429 3652 4495 αὑτῶνζ
3692 4428 3823 4481 διότι

587 4529 648 4573 ut
676 4518 964 4575 Mteehiani
990 4521 1202 4580 dicunt,
1227 4520 1280 4573 in
1309 4520 1487 4575 media
1514 4521 1632 4575 luce
1662 4524 1811 4584 creci,
1839 4534 2149 4578 sanctorum

586 4612 962 4666 criminatores
993 4612 1017 4664 ἱ
1040 4628 1141 4667 nec
1162 4612 1405 4665 auditum
1427 4612 1477 4666 id
1504 4628 1766 4682 unquam,
1794 4630 1895 4669 nec
1915 4616 2150 4683 speciem

587 4701 751 4755 ullam
781 4701 943 4755 habet
973 4700 1198 4755 istorum
1218 4700 1555 4755 mendacium
1582 4718 1597 4767 ;
1627 4717 1745 4757 eum
1775 4703 2043 4772 posterior
2066 4704 2152 4759 ille

588 4791 773 4846 divino
795 4790 993 4860 Cyrillo
1038 4788 1219 4843 fuerit.
1254 4788 1499 4854 Quonam
1526 4789 1691 4860 igitur
1724 4791 1886 4846 modo
1911 4806 2036 4845 eum
2059 4792 2150 4862 qui

587 4892 712 4953 post
744 4883 914 4937 sancti
951 4881 1160 4937 obitum
1203 4881 1491 4937 haereticus
1534 4882 1773 4937 innotuit
1805 4892 2048 4954 tempore
2074 4884 2151 4938 la-

588 4975 865 5029 trocinalis
899 4972 1184 5043 Ephesinae
1208 4974 1418 5043 synodi,
1452 4982 1575 5043 post
1614 4976 1826 5028 tertiam
1861 4985 2103 5030 sanctam
2134 4992 2150 5039 ;

587 5065 676 5121 ille
709 5074 949 5129 sanctus,
974 5064 1085 5134 jam
1117 5064 1238 5121 coeli
1283 5064 1439 5119 sedes
1464 5064 1715 5134 adeptus,
1760 5067 2041 5137 suscepit?
2066 5067 2156 5122 Sie

589 5170 785 5224 nempe
809 5155 1165 5221 mentiuntur,
1206 5154 1416 5209 fabulas
1437 5162 1705 5220 texentes,
1743 5166 1803 5211 ut
1830 5156 2155 5226 simplicium

590 5247 800 5302 animas
824 5256 1180 5315 aucupentur.

657 5337 919 5403 Quocirca
950 5337 1097 5390 omni
1143 5345 1259 5392 arte
1300 5351 1365 5392 ac
1399 5336 1626 5394 scientia
1673 5336 1921 5406 satagite,
1953 5346 2013 5391 ut
2034 5351 2151 5392 ser-

589 5438 809 5499 pentem
836 5436 893 5482 et
920 5443 1051 5483 voce
1082 5427 1396 5498 serpentina
1423 5428 1709 5497 loquentes
1740 5428 2042 5490 declinetis,
2058 5443 2152 5497 per

591 5536 727 5589 quos
779 5519 1058 5590 perierunt
1083 5535 1244 5588 quam
1285 5519 1555 5589 plurimia
1583 5518 1929 5588 generatione
1963 5517 2017 5571 in
2061 5533 2149 5588 ge-

593 5612 949 5667 nerationem.
993 5610 1066 5666 De
1106 5612 1226 5667 aliis
1266 5625 1395 5667 vero
1439 5610 1957 5681 interrogationibus
2003 5611 2152 5663 tuis:

597 5702 653 5758 Si
690 5702 978 5771 episcopus
1024 5701 1439 5774 Moechosyuodo
1472 5717 1578 5758 non
1604 5700 1935 5766 interfuerit,
1968 5710 2153 5756 vocet-

2262 4518 2716 4589 μεταγενέστερός
2759 4520 2875 4571 ἐστι
2929 4518 3022 4571 τοῦ
3070 4518 3212 4572 θείου
3246 4518 3538 4589 Κυρίλλου.
3580 4517 3709 4582 Πῶς
3735 4515 3822 4572 οὖν

2255 4609 2349 4661 τὸν
2379 4607 2517 4678 μετὰ
2548 4610 2805 4678 κοίμησιν
2832 4607 2924 4660 τοῦ
2952 4608 3110 4677 ἀγὶου
3144 4608 3512 4678 γνωρισθέντα
3546 4608 3824 4677 αἱρετικὸν

2257 4701 2316 4752 ἐν
2358 4698 2537 4770 καιρῷ
2584 4700 2683 4768 τῆς
2730 4700 3030 4769 λῃστρικῆς
3073 4699 3292 4752 συνόδου
3326 4701 3384 4751 ἐν
3417 4698 3653 4769 Ἐφέσῳ,
3690 4698 3822 4769 μετά

2256 4790 2354 4860 τὴν
2392 4791 2580 4861 τρίτην
2620 4790 2713 4844 καὶ
2761 4789 2956 4858 ἀγίαν,
3010 4790 3167 4853 αὐτὸς
3222 4791 3251 4841 ό
3296 4788 3452 4857 ἅγιος
3498 4788 3719 4856 ἐδέξατο
3759 4788 3822 4841 τά

2257 4881 2602 4950 ὑπερκόσμια
2652 4878 2867 4949 λαχὼνς
2922 4879 3081 4933 Οὕτω
3122 4879 3477 4949 ψευδοεποῦσι
3526 4879 3824 4950 μυθαρευό-

2260 4988 2447 5040 μενοι,
2486 4972 2634 5035 ὅπως
2679 4971 2984 5042 θηρεύσωσι
3037 4969 3214 5041 ψυχάς
3259 4970 3552 5040 ἀφελότητι
3597 4987 3822 5042 πορευοο

2260 5064 2447 5134 μένας.

2327 5324 2426 5388 Δὶἀ
2448 5333 2603 5387 τοῦτο
2628 5332 2912 5403 τεχνοῦσθε
2939 5332 3032 5385 καὶ
3062 5329 3391 5400 γνωρίζεσθε
3430 5326 3572 5381 κατά
3605 5328 3783 5381 πάντα
3802 5345 3815 5361 ι

2260 5426 2345 5478 ἴνα
2387 5426 2477 5478 τὸν
2523 5427 2644 5493 ὅφιν
2672 5426 2766 5479 καὶ
2792 5427 2917 5487 τοὺς
2948 5422 3283 5491 όφιοφὼνους
3318 5419 3594 5489 φεύγοιτε,
3627 5419 3715 5488 ἐφ’
3742 5416 3819 5483 οἷς

2258 5517 2541 5578 ὠλέκοντο,
2575 5520 2655 5570 ὅτι
2694 5518 2923 5586 μάλιστα
2969 5515 3210 5567 πλεῖστοι
3252 5511 3363 5565 ἀπὸ
3391 5512 3595 5580 γενεῶν
3624 5512 3701 5575 εἱς
3726 5528 3813 5580 γι-

2259 5609 2400 5671 νεάς.
2442 5608 2576 5675 Περὶ
2622 5608 2678 5660 δὲ
2725 5608 2833 5659 τῶν
2871 5605 3044 5659 ἄλλων
3076 5602 3318 5656 πεύσεων
3339 5618 3353 5633 ·
3386 5603 3447 5654 El
3473 5605 3501 5654 6
3526 5602 3817 5662 ἐπίσκοπος

2259 5698 2356 5766 οὐχ
2391 5696 2616 5767 εὓρηται
2668 5698 2745 5759 εἰς
2777 5696 2874 5764 τὴν
2925 5692 3317 5768 μοιχοσύνοδον,
3353 5690 3542 5760 καλοίη
3566 5690 3621 5745 δὲ
3652 5691 3814 5763 αὐτὴν
