4008 6318
186 367 206 426 1
223 367 334 428 O89

181 570 594 643 μητροπολίτην
638 570 804 622 αὐτοῦ
843 586 854 597 '
888 572 954 624 ὲκ
1000 573 1091 624 τοῦ
1126 573 1498 643 πρεσϐυτέρου
1522 573 1617 626 τοῦ
1645 576 1765 626 ἐπι-

180 665 397 718 σκόπου
428 662 837 731 ὀρθοδοξοῦντος
865 664 913 716 εί
957 666 1062 733 χρὴ
1101 667 1382 717 κοινωνεῖν
1406 682 1420 696 ·
1455 664 1764 734 ἀπεκρίθην

179 757 276 808 καὶ
325 756 391 806 δι’
422 755 626 823 ἑτέρων
678 755 785 807 τῶν
830 757 966 825 πρὸς
1004 757 1220 808 Εὐόδιον
1268 758 1649 826 γραμμάτων,
1682 758 1764 808 ὅτι

175 847 312 909 Ναὶ,
346 847 658 914 οἰκονομίας
707 847 896 917 χάρινυ
933 849 1093 915 μόνον
1129 851 1201 918 μὴ
1231 849 1762 920 συλλειτουργοῦντος

175 939 352 993 αὐτοῦ
384 940 701 1009 αἱρετικοῖς.
726 940 824 999 Εἰς
849 940 1000 992 οὐδὲν
1027 942 1135 1007 γάρ
1175 941 1311 1004 ἐστι,
1346 943 1763 1010 μνημονευομέ-

174 1048 274 1082 νου
327 1030 424 1082 τοῦ
489 1031 788 1082 ἐπισκόπου
843 1030 1122 1102 ὀρθοδόξου
1169 1032 1338 1095 ὄντος,
1390 1033 1490 1085 κᾶν
1550 1035 1760 1085 ἐκείνου

175 1120 336 1190 φόϐῳ
378 1121 654 1190 αἱρετικὸν
684 1123 1048 1190 ἀναφέροντος
1073 1123 1162 1175 τὸν
1194 1124 1392 1176 οἰκεῖον
1428 1125 1762 1195 μητροπολί-

172 1225 300 1279 την.
343 1208 451 1260 Τοῦ
501 1209 745 1262 τοιούτου
786 1212 1158 1281 πρεσϐυτέρου
1201 1215 1294 1265 καὶ
1342 1215 1424 1275 εἰς
1461 1214 1759 1283 παννυχίδα

174 1301 661 1372 προσκαλουμένου
688 1342 702 1364 ,
738 1304 906 1355 ἰτέον·
939 1307 1032 1356 καὶ
1071 1305 1412 1374 Ἐκκλησίαν,
1426 1306 1560 1377 παρ’
1593 1307 1758 1359 αὐτοῦ

171 1392 475 1462 δεδομένην
501 1393 767 1463 ληπτέον·
812 1397 901 1448 καὶ
928 1397 1007 1458 εἰς
1045 1397 1214 1466 αὐτὴν
1250 1398 1546 1467 ἐρχομένου
1587 1399 1754 1452 αὐτοῦ

171 1484 590 1554 λειτουργῆσαι,
642 1488 1072 1557 παραχωρητέον
1105 1505 1120 1519 ο
1172 1490 1338 1557 ἣκαὶ
1389 1490 1757 1559 μνημονεῦσαι

173 1576 393 1646 νεκρὸν,
425 1577 705 1646 ὀρθόδοξον
736 1581 938 1649 μέντοι,
971 1582 1352 1652 συγχωρητέον
1379 1599 1392 1612 ο
1447 1585 1540 1633 καὶ
1569 1584 1626 1634 ὲν
1660 1584 1757 1635 αὐ-

170 1672 236 1738 τῇ
266 1668 604 1740 λειτουργεῖν
646 1671 736 1724 τὸν
797 1671 1053 1732 λαϐόντα,
1091 1674 1241 1725 οὐδὲν
1282 1673 1572 1728 κωλυτέον.
1609 1674 1669 1727 Εἰ
1699 1675 1756 1728 δὲ

171 1761 458 1829 αἱρετικὸν
488 1762 747 1832 ἀναφέρει
778 1763 906 1815 ὅντα
945 1764 1265 1829 ἐπίσκοπον,
1305 1767 1409 1818 κᾶν
1448 1767 1753 1838 μακαρίζῃ,

172 1851 276 1903 κᾶν
321 1851 601 1923 ὀρθοδοξῇ,
654 1854 755 1924 τῆς
787 1856 883 1924 μὲν
917 1854 1069 1918 θείας
1106 1858 1390 1920 κοινωνίας
1436 1858 1702 1925 ἀφεκτέον
1737 1900 1752 1923 ,

171 1942 268 2011 τῆς
322 1942 382 1995 δὲ
423 1944 609 2014 κοινῆς
641 1946 938 2015 τραπέζης,
976 1949 1060 1999 ἐπ’
1101 1949 1167 2000 ἂν
1226 1950 1340 2000 ἐκεῖ
1395 1949 1501 2001 δέοι
1552 1967 1756 2019 μνημο-

180 2033 386 2087 νεύειν.
419 2029 546 2088 Ὦδε
573 2037 789 2090 δεκτέον
819 2040 959 2108 τάχα
985 2040 1078 2092 καὶ
1101 2041 1425 2107 εὐλογοῦντα
1473 2042 1632 2094 αὐτὸν
1665 2043 1756 2094 καὶ

174 2124 565 2193 συμψάλλοντα
595 2142 608 2156 '
640 2126 844 2196 ἐάνπερ
886 2129 1022 2198 μήτε
1081 2129 1366 2200 αἱρετικῷ,
1394 2129 1424 2198 ἢ
1461 2130 1538 2198 τῷ
1573 2130 1756 2199 οἰκείῳ

171 2216 483 2287 ὲπισκόπῳ,
517 2218 625 2270 εἴτε
658 2218 763 2270 τινὶ
791 2219 957 2289 ἄλλῳ,
990 2225 1350 2291 συνιερουργῇ
1380 2221 1446 2290 ’ἢ
1476 2224 1532 2275 ὲν
1559 2223 1755 2290 γνώσει

173 2307 468 2376 μεταδίδοι.
507 2309 570 2361 ΕΙ
624 2307 792 2362 ἐσθίει
824 2326 908 2370 τις
948 2311 1085 2380 μετά
1132 2313 1226 2365 τοῦ
1276 2313 1686 2382 μοιχοζεύκτου,
1719 2315 1751 2384 ἢ

174 2401 294 2470 μεθ’
326 2401 518 2470 ἑτέρου
580 2401 858 2471 αἰρετικοῦ
911 2403 1260 2474 ἀδιαφόρως,
1318 2407 1622 2474 φυλακτέον
1677 2407 1752 2479 μὴ

173 2491 560 2544 συνεστιᾶσθαι
593 2494 702 2556 τοῖς
729 2492 1014 2557 τοιούτοις,
1044 2494 1148 2547 κᾶν
1174 2496 1571 2565 ὐποκρίνωνται
1595 2499 1754 2567 ὀρθο-

171 2583 365 2648 δοξεῖν.
407 2586 485 2638 υύ
514 2585 622 2657 γὰρ
654 2585 990 2654 φυλάσσουσι
1015 2587 1076 2639 τὸ
1108 2589 1437 2658 πρόσταγμα
1458 2590 1550 2643 τοῦ
1594 2592 1754 2644 Ἀποι

176 2677 382 2738 στόλου,
411 2675 542 2742 Τοῖς
562 2677 865 2744 τοιούτοις,
895 2677 1164 2746 λέγοντος,
1191 2681 1346 2748 μηδὲ
1369 2684 1743 2738 συνεσθίειν.

175 2768 362 2829 ὶῖλέον,
401 2769 502 2821 οὐκ
532 2770 912 2841 ὲξερευνητέον
942 2772 974 2843 ἢ
1014 2773 1151 2842 μετὰ
1175 2774 1271 2826 τοῦ
1315 2779 1755 2841 συνεστιαθέντος

176 2860 250 2930 τῷ
297 2860 601 2932 αἱρετικῷο
658 2862 781 2915 ὃσδε
833 2863 1163 2935 συνεστιάθη
1216 2865 1418 2934 ζητεῖν,
1470 2869 1564 2922 καὶ
1619 2871 1757 2939 μετὰ

172 2951 324 3005 τοῦδε
379 2953 610 3022 ἕτερος·
647 2954 944 3009 κάντεῦθεν
993 2957 1380 3028 ἁνασειράξειν
1431 2961 1522 3012 τὸν
1574 2960 1752 3028 λόγον,

173 3045 265 3096 καὶ
310 3044 651 3112 ἀφίστασθαι
707 3046 946 3101 πάντων.
987 3047 1395 3118 Ἐθελόγνωμον
1427 3052 1487 3104 τὸ
1539 3052 1751 3123 χρῆμα,

1418 374 1950 435 EPISTULARUM
1989 380 2131 438 LIB.
2178 381 2225 438 l.

177 477 641 546 ψευδοσύλλογον·
668 479 997 547 μνημονεύει
1028 479 1084 533 δὲ
1109 480 1199 532 τὸν
1221 482 1276 532 ὲν
1305 482 1440 552 αὐτῇ
1467 481 1756 552 εὑρεθέντα

1864 500 1969 553 que
2029 487 2176 541 illam
2234 485 2427 540 falsum
2485 488 2927 543 conventiculum
2985 506 2999 544 :

3315 386 3447 451 1090

3057 506 3444 551 commemoret

1866 588 2046 632 autem
2071 579 2547 647 metropolitanum
2570 579 2663 648 qui
2686 581 2739 634 in
2762 596 2824 634 ea
2851 582 3104 637 inventus
3126 594 3227 650 est,
3262 596 3443 642 utrum

1866 685 1893 722 a
1927 671 2246 740 presbytero
2280 671 2520 739 episc0pi
2553 672 2838 726 orthodoxi
2893 675 3141 744 accipere
3197 693 3445 734 commu-

1865 758 2084 812 nionem
2125 759 2419 827 oporteat?
2443 775 2537 828 per
2559 760 2690 816 alias
2721 761 2786 814 ad
2815 760 3076 816 Evodium
3117 765 3323 820 litteras
3357 785 3446 824 re-

1865 851 2079 919 spondi,
2104 851 2620 906 communicandum
2653 857 2772 906 e'sse
2805 853 3226 922 dispensationis
3249 860 3440 928 gratia,

1863 942 2156 997 dummodo
2189 943 2319 1012 ipsis
2362 959 2483 997 eum
2517 944 2789 998 haereticis
2825 960 2933 1000 non
2983 949 3268 1004 sacriﬁcet.
3301 954 3440 1007 Cum

1863 1034 2008 1086 enim
2048 1035 2338 1103 episcopus
2367 1035 2457 1104 qui
2493 1045 2956 1090 commemoratur
2980 1039 3052 1092 sit
3073 1041 3436 1108 orthodoxus,

1863 1140 1962 1194 pro
1996 1126 2166 1180 nihilo
2190 1138 2270 1180 est
2303 1127 2447 1195 quod
2478 1127 2622 1181 illius
2653 1138 2822 1191 metu,
2849 1129 3164 1185 haeretieum
3195 1149 3439 1188 commc-

1862 1225 2038 1269 moret
2062 1216 2538 1284 metropolitanum
2559 1232 2738 1270 suum.
2772 1217 3088 1285 llujusmodi
3121 1221 3437 1290 presbytero

1862 1316 1918 1362 et
1947 1308 2014 1362 ad
2063 1308 2403 1379 pervigilium
2436 1319 2683 1370 vocante,
2722 1311 2962 1364 eundum
3016 1320 3097 1366 est
3128 1329 3142 1376 ;
3175 1322 3228 1367 et
3252 1314 3438 1368 Eccle-

1860 1398 1995 1452 siam
2028 1398 2325 1466 praebente,
2371 1398 2684 1467 accipienda
2716 1408 2800 1452 est
2833 1415 2846 1464 ;
2893 1407 2948 1452 et
2981 1401 3045 1453 ad
3082 1400 3228 1453 illam
3261 1413 3320 1455 ut
3347 1418 3438 1456 sa-

1859 1489 2066 1544 criﬁcet
2110 1490 2386 1555 veniente,
2420 1489 2848 1559 permittendum
2896 1500 2997 1560 est.
3032 1491 3343 1556 Quinetiam
3376 1504 3437 1548 ut

1859 1589 2132 1634 mortuum
2156 1592 2541 1635 commemoret
2565 1583 2857 1636 dummodo
2884 1583 3270 1649 orthodoxum,
3300 1600 3432 1639 con-

1857 1670 2160 1724 cedendum
2208 1679 2292 1724 est
2323 1688 2334 1722 :
2367 1680 2423 1724 et
2477 1671 2530 1723 in
2573 1686 2634 1723 ea
2679 1671 2987 1725 sacriﬁcare
3067 1673 3158 1741 qui
3202 1677 3432 1743 accepit,

1859 1762 2079 1817 minime
2127 1762 2550 1831 prohibendum.
2585 1762 2640 1816 Si
2680 1777 2810 1815 vero
2849 1762 3166 1817 haereticum
3197 1780 3438 1818 comme-

1861 1863 2033 1909 moret
2057 1855 2394 1923 episcopum,
2423 1855 2671 1922 quamvis
2695 1854 2914 1908 beatum
2949 1855 3228 1924 priedicet,
3251 1873 3441 1925 quam-

1856 1947 1937 2001 vis
1967 1959 2111 2000 recte
2151 1947 2349 2001 sentiat
2383 1964 2394 1999 ε
2433 1961 2460 1999 a
2480 1946 2660 1999 divina
2695 1947 3077 2000 communione
3099 1948 3285 2016 utique
3311 1948 3438 2002 abs-

1859 2038 2143 2093 tinendum
2195 2047 2298 2103 est,
2357 2038 2464 2090 imo
2493 2045 2549 2090 et
2584 2051 2613 2090 a
2651 2052 2839 2091 mensa
2881 2037 3180 2103 communi,
3235 2039 3278 2092 si
3330 2038 3440 2091 illic

1855 2146 2070 2200 quoque
2119 2130 2626 2184 commemorandus
2682 2129 2770 2183 sit.
2826 2129 2902 2182 lla
2954 2130 3299 2199 recipiendus
3351 2132 3437 2185 ille

1857 2222 2082 2277 fortasse
2115 2223 2178 2277 ad
2210 2223 2639 2278 benedictionem
2666 2230 2718 2276 et
2749 2220 2813 2274 ad
2838 2221 3214 2291 psalmodiam,
3241 2222 3284 2276 si
3313 2237 3436 2274 eum

1858 2315 2116 2368 haeretico
2149 2315 2423 2384 episcopo,
2456 2314 2570 2367 sive
2604 2327 2726 2376 suo,
2773 2312 2888 2366 sive
2911 2311 3105 2376 altero,
3131 2327 3240 2365 non
3272 2312 3438 2364 sacri-

1857 2408 2001 2472 ﬁcet,
2035 2423 2137 2462 nec
2160 2407 2233 2460 illi
2259 2407 2436 2461 sciens
2478 2405 2789 2460 distribuat.
2820 2404 2876 2459 Si
2904 2403 3026 2473 quis
3052 2403 3231 2457 cibum
3257 2403 3439 2472 capiat

1857 2515 1980 2554 cum
2045 2499 2274 2553 adulteri
2332 2498 2663 2568 copulatore,
2719 2504 2813 2550 aut
2882 2510 3004 2550 cum
3061 2495 3170 2548 alio
3243 2494 3438 2564 quovis

1857 2592 2114 2646 ha‘retico
2145 2591 2518 2645 indifferenter
2545 2607 2560 2643 ε
2593 2588 2896 2644 cavendum
2940 2595 3024 2642 est
3052 2602 3121 2640 ne
3153 2601 3278 2640 eum
3312 2586 3438 2640 tali-

1856 2681 1958 2735 bus
2010 2681 2346 2743 comcdatur,
2385 2678 2511 2733 licet
2540 2685 2685 2732 recte
2723 2676 2927 2731 sentire
2972 2691 3030 2730 se
3071 2675 3292 2746 ﬁngant.
3316 2674 3437 2728 Non

1856 2773 2002 2826 enim
2037 2772 2328 2825 observant
2377 2777 2709 2838 praeceptum
2742 2767 2987 2838 Apostoli
3024 2785 3035 2819 :
3075 2765 3205 2822 Cum
3247 2765 3439 2834 hujus~

1856 2861 1998 2915 modi
2023 2877 2111 2913 nec
2145 2862 2315 2914 cibum
2354 2876 2557 2913 sumere
2580 2860 2621 2889 ⁶¹
2659 2859 2949 2912 monentis.
2997 2857 3288 2920 Caeterum,
3322 2872 3432 2910 non

1857 2953 2088 3023 amplius
2119 2953 2442 3018 investigare
2469 2959 2702 3019 oportet,
2727 2959 2818 3003 aut
2843 2949 3151 3019 exquirere,
3183 2958 3363 3002 utrum
3390 2949 3436 3002 is

1858 3042 2161 3101 comederit
2209 3057 2332 3096 cum
2362 3057 2428 3095 eo
2462 3041 2550 3110 qni
2585 3056 2707 3094 cum
2755 3040 3012 3094 ἡξει-ειίεο
3059 3040 3239 3093 cibum
3284 3055 3435 3092 sum-

178 3137 266 3186 καὶ
295 3136 357 3187 οὐ
393 3134 510 3189 τῶν
538 3137 732 3205 ἀγίων.
755 3139 942 3207 Μέχρι
971 3137 1080 3210 γὰρ
1111 3141 1348 3206 τούτου,
1375 3145 1528 3211 φησι,
1548 3142 1748 3212 στῆθι,

1861 3138 2042 3209 pserit,
2081 3146 2134 3191 et
2178 3151 2301 3189 cum
2351 3135 2444 3187 illo
2486 3133 2622 3186 alter
2655 3150 2668 3185 :
2719 3143 2882 3201 atque
2925 3132 2996 3185 ita
3032 3131 3197 3184 alium
3237 3145 3303 3184 ex
3331 3129 3438 3182 alio

173 3225 268 3280 καὶ
331 3229 448 3296 οὐχ
499 3226 837 3297 ὑπερϐήσῃ.
868 3230 960 3300 Μὴ
1015 3228 1125 3301 γὰρ
1182 3230 1283 3282 οὐκ
1324 3230 1547 3301 ᾔδεισαν
1579 3231 1754 3286 ταῦτα

176 3318 464 3390 ὲξερευνᾷν
511 3319 606 3372 καὶ
644 3320 1058 3389 διαγγέλλεσθαι
1121 3323 1296 3393 ήμῖν;
1339 3323 1452 3376 ἀλλ’
1481 3324 1751 3394 οὐδαμῶς.

177 3410 262 3461 Διὸ
302 3410 404 3464 οὐκ
437 3410 630 3463 ἐσθλὸν
671 3412 1021 3480 μεταϐαίνειν
1067 3400 1193 3484 ὅρια
1223 3414 1257 3468 ἃ.
1289 3414 1471 3467 ἔθεντο
1497 3417 1546 3468 οἱ
1579 3417 1754 3469 Πατέ-

179 3516 266 3569 ps;
296 3503 475 3571 ἡμῶν.
493 3501 626 3554 Μεθ’
651 3496 713 3555 οὗ
730 3502 786 3554 δὲ
813 3503 912 3555 οὐκ
935 3503 1208 3572 ἐσθίομεν,
1234 3505 1354 3557 οὐδὲ
1377 3506 1548 3575 δῶρον
1562 3505 1754 3560 τούτου

174 3591 388 3646 δεκτέον
419 3611 432 3623 ·
469 3594 628 3664 εἴπερ
660 3593 949 3663 διδαχθεὶς,
990 3594 1146 3660 ἅπαξ
1182 3597 1276 3648 καὶ
1297 3597 1376 3659 δὶς
1408 3598 1753 3668 ἀδιαφοροίη,

179 3682 269 3733 καὶ
289 3686 347 3736 οὐ
382 3683 637 3737 πείθεται
667 3687 818 3755 ἡμῖν.
857 3687 970 3739 Οὐκ
1001 3684 1118 3740 οῖδα
1147 3691 1194 3740 εί
1223 3687 1297 3759 μὴ
1337 3691 1486 3760 παρὰ
1510 3691 1618 3742 τῶν
1659 3709 1759 3758 φυ-

177 3770 354 3826 λάκων
380 3776 484 3837 τὰς
514 3775 612 3843 οὐχ
647 3775 722 3837 ὡς
761 3777 1033 3844 εὐλογίας,
1066 3779 1180 3829 ἀλλ’
1211 3778 1286 3840 ὠς
1317 3781 1506 3847 χρείας
1537 3780 1756 3848 λαμϐά-

178 3880 286 3916 νειν
312 3881 325 3894 ’
358 3865 391 3934 ἦ
431 3867 747 3936 οἰκονομίας
774 3869 980 3932 ἕνεκεν,
1011 3871 1101 3921 καὶ
1140 3870 1208 3922 τὰ
1243 3872 1392 3941 παρὰ
1424 3872 1531 3923 τῶν
1584 3873 1758 3936 ἄλλων

179 3958 485 4023 φευγόντων
506 3959 687 4026 μέντοι
717 3961 778 4012 τὸ
802 3961 1183 4014 συνεστιᾶσθαι
1212 3963 1507 4032 αίρετικοῖς
1533 3965 1757 4031 ἀδιαφό·

186 4063 285 4114 ρως
319 4067 332 4079 ·
361 4050 460 4102 οὐκ
489 4047 606 4103 οἶδα
653 4053 700 4103 εἱ
730 4051 804 4121 μὴ
839 4053 979 4125 τύχῃ
1016 4054 1156 4106 κατὰ
1187 4039 1508 4125 περίστασιν
1553 4058 1646 4108 καὶ
1674 4056 1756 4108 δέ-

183 4139 370 4203 ξασθαι
409 4142 502 4195 καὶ
537 4144 954 4213 συνεστιαθῆναι
993 4147 1084 4198 καὶ
1104 4143 1304 4200 τοῖσδε.
1339 4147 1530 4200 Δοῦναι
1567 4149 1621 4200 δὲ
1649 4151 1759 4212 τοῖς

182 4230 436 4294 τοιούτοις
467 4233 562 4286 καὶ
588 4235 700 4295 τοῖς
731 4233 924 4302 φύλαξι
951 4234 1148 4305 βρῶμα
1178 4237 1270 4288 καὶ
1293 4236 1442 4304 πόμα
1466 4237 1523 4288 οὐ
1549 4237 1759 4307 διακρι-

182 4320 320 4372 τέον·
347 4322 426 4374 ὅτι
461 4323 554 4376 καὶ
585 4326 752 4389 παντὶ
788 4323 1057 4396 ἀνθρώπῳ
1094 4326 1433 4396 μεταδοτέον.
1464 4329 1556 4391 Et;
1579 4329 1634 4380 δὲ
1659 4329 1759 4396 τὴν

196 4412 520 4484 Ἐκκλησίαν
567 4413 662 4468 τοῦ
704 4416 910 4486 Κυρίου
956 4418 1212 4489 Γρηγορᾶ
1244 4417 1338 4470 τοῦ
1374 4420 1564 4472 τέκνου
1600 4420 1756 4490 ἡμῶν

1859 3244 2166 3286 sermonem
2209 3237 2452 3291 nectere,
2485 3235 2540 3279 et
2572 3225 2638 3278 ab
2680 3224 2934 3278 omnibus
2963 3223 3264 3277 abstinere.
3293 3220 3429 3274 Pro-

1858 3319 1988 3389 priae
2020 3319 2121 3371 hoc
2165 3315 2456 3370 voluntatis
2488 3324 2590 3377 est,
2625 3322 2679 3367 et
2721 3328 2829 3366 non
2871 3320 3184 3365 sanctorum
3222 3328 3235 3364 :
3274 3310 3440 3378 Usque

1857 3413 1976 3476 huc,
2029 3410 2225 3479 inquit,
2279 3409 2471 3468 venies,
2516 3415 2562 3459 et
2624 3421 2724 3458 non
2787 3405 3030 3473 procedes
3089 3401 3318 3468 amplius
3369 3402 3456 3452 ⁸⁸.-

1859 3503 2051 3557 Utrum
2079 3502 2222 3555 enim
2248 3502 2365 3554 haec
2386 3499 2457 3552 illi
2489 3498 2816 3565 investigare
2879 3491 3443 3547 nescieruntetnobis

1860 3592 2233 3646 denuntiare?
2267 3588 2641 3658 Nequaquam.
2689 3586 2869 3651 Quare
2919 3591 3139 3654 prastat
3177 3581 3443 3636 terminos

1860 3697 1968 3737 non
1996 3681 2293 3751 transgredi
2320 3696 2456 3748 quos
2480 3687 2781 3748 posuerunt
2808 3675 2996 3729 Patres
3016 3675 3184 3728 nostri
3214 3674 3258 3704 ⁸³
3300 3674 3436 3727 Cum

1859 3789 1968 3843 quo
1997 3789 2104 3826 non
2131 3773 2363 3835 edimus,
2397 3786 2498 3824 nec
2519 3783 2716 3822 munus
2750 3768 2867 3836 ejus
2888 3767 3264 3836 accipiendum
3289 3776 3394 3823 est.
3423 3783 3438 3826 ;

1861 3867 1903 3921 si
1945 3865 2110 3920 semel
2159 3864 2460 3931 iterumque
2508 3861 2820 3914 admonitus
2869 3867 3206 3920 contemnat,
3260 3873 3440 3926 neque

1860 3959 2018 4012 nobis
2051 3957 2411 4023 obtemperet.
2444 3953 2550 4006 Nisi
2589 3953 2725 4003 forte
2753 3965 2783 4001 a
2813 3948 3155 4012 custodibus,
3203 3964 3310 4000 non
3345 3963 3442 4001 ve-

1860 4053 1941 4105 lut
1967 4049 2230 4118 eulogias,
2265 4046 2361 4099 sed
2406 4044 2555 4098 velut
2594 4041 2931 4095 necessarios
2972 4056 3120 4102 usus,
3144 4039 3390 4109 accipere
3426 4058 3439 4092 :

1861 4152 1952 4196 aut
2008 4135 2429 4208 dispensationis
2481 4133 2671 4204 gratia,
2711 4132 2871 4184 etiam
2920 4134 2985 4184 ab
3012 4131 3153 4192 aliis,
3186 4131 3281 4184 sed
3350 4131 3441 4199 qui

1861 4248 1984 4286 eum
2023 4230 2293 4286 bterctieis
2323 4226 2632 4297 promiscue
2677 4223 2953 4277 convivari
2996 4222 3301 4291 refugiant:
3336 4221 3441 4273 nisi

1863 4325 2004 4378 forte
2027 4321 2303 4389 contingat
2327 4334 2391 4372 ex
2427 4316 2738 4370 necessaria
2767 4313 3175 4368 circumstantia
3199 4321 3253 4366 et
3279 4314 3446 4366 susci-

1862 4428 1994 4482 pere
2029 4421 2085 4466 et
2105 4409 2385 4465 eonvivari
2416 4423 2538 4462 cum
2569 4408 2739 4460 hisce.
2773 4406 2907 4460 Dare
2931 4413 3112 4458 autem
3137 4414 3191 4456 et
3221 4403 3438 4465 talibus,

186 4503 240 4553 οὐ
275 4479 456 4574 τολμῶ
503 4507 680 4558 εἰπεῖν
731 4479 1112 4578 λειτούργησαι
1143 4479 1533 4580 ¹’πρεσϐύτερον
1557 4479 1712 4580 mis».
1743 4529 1754 4541 ·

1864 4518 1918 4560 ει
1949 4504 2268 4558 custodibus
2293 4501 2472 4554 cibum
2497 4514 2559 4552 ac
2581 4509 2764 4568 potum
2792 4500 2910 4553 sine
2931 4497 3245 4552 discrimine
3278 4497 3398 4548 licet
3424 4514 3440 4549 :

185 4590 268 4644 διὰ
319 4594 379 4646 τὸ
423 4595 562 4665 μετά
595 4595 694 4666 τὴν
730 4598 1105 4667 μοιχοσύνοδον
1134 4587 1580 4669 ἐνθρονιασθῆναι
1617 4640 1631 4663 ,
1665 4603 1758 4654 καὶ

189 4683 287 4736 ὐπὸ
305 4686 397 4739 τοῦ
434 4689 979 4760 συλλειτουργοῦντος
1013 4691 1105 4744 καὶ
1155 4691 1751 4763 συλλειτουργήσαντος

187 4773 261 4842 τῷ
298 4780 675 4854 μοιχοζεύκτῃ,
707 4781 796 4834 διὰ
822 4782 914 4834 τοῦ
952 4783 1451 4853 πρωτομοιχειανοῦ
1487 4785 1757 4856 καθιερω-

190 4863 362 4936 θῆναι.

605 5184 673 5236 Ν.
718 5213 783 5222 -
821 5184 900 5249 Τῷ
930 5183 1108 5248 αὐτῷ.
1141 5183 1334 5256 [σκη’.]

1863 4590 2303 4663 quandoquidem
2345 4589 2491 4642 omni
2526 4587 2730 4640 homini
2780 4585 3198 4656 impertiendum
3229 4591 3329 4637 est.
3383 4583 3439 4636 In

1862 4682 2102 4737 Ecclesia
2135 4696 2297 4750 porro
2328 4679 2533 4734 domini
2581 4677 2832 4748 Gregorae
2864 4677 2955 4730 ﬁlii
2983 4675 3154 4729 nostri
3187 4684 3248 4728 ut
3272 4674 3440 4728 sacri-

1862 4774 1986 4828 ﬁcet
2033 4773 2318 4842 presbyter
2369 4780 2558 4824 noster
2603 4770 2784 4823 dicere
2815 4784 2926 4822 non
2960 4768 3170 4821 audeo:
3207 4780 3273 4819 eo
3296 4766 3445 4834 quod

1864 4873 1988 4937 post
2022 4864 2507 4934 mtechosynodum
2549 4862 2795 4915 dedicata
2835 4869 2919 4914 est
2961 4861 3028 4913 ab
3061 4874 3127 4913 eo
3148 4858 3238 4927 qui
3273 4858 3444 4911 sacri-

1867 4958 2047 5013 ﬁcavit
2069 4972 2190 5010 cum
2206 4955 2432 5010 adulteri
2456 4955 2788 5023 copulatore,
2805 4968 2898 5022 per
2915 4950 3442 5021 protommchianum

1869 5058 2208 5108 consecrata.
2223 5100 2229 5107 .

2432 5179 2494 5234 L.
2535 5210 2605 5218 —
2640 5179 2849 5234 Eidem.

1673 5324 1747 5376 De
1774 5326 2013 5390 Digamis.

259 5421 465 5494 Θερμδς
496 5423 565 5490 εἴ,
597 5427 785 5480 τέκνον
823 5428 1179 5497 ἠγαπημένον
1201 5468 1214 5491 ,
1254 5446 1316 5480 πε
1330 5430 1380 5496 pi.
1415 5425 1509 5480 τοῦ
1538 5431 1754 5501 ἐρωτᾷν

197 5512 282 5563 καὶ
314 5517 601 5583 μανθάνειν
631 5518 699 5571 τὰ
730 5519 975 5589 χρήσιμα
1003 5536 1016 5549 ·
1045 5520 1140 5570 καὶ
1167 5519 1225 5571 τὸ
1259 5521 1353 5588 μὲν
1382 5521 1572 5589 χρῆμα
1596 5523 1758 5574 ἐπαι-

199 5603 338 5654 νετόν
363 5621 374 5634 '
411 5609 507 5678 οὐχ
543 5609 729 5673 ἱκανὸς
783 5610 838 5662 δὲ
882 5608 993 5678 ἐγὼ
1041 5609 1188 5661 λύειν
1225 5611 1322 5672 τὰς
1354 5611 1586 5681 ἀπορίας
1620 5627 1715 5662 σου
1741 5628 1754 5644 ·

263 5779 303 5810 ⁸⁸
338 5781 358 5836 Ι
390 5784 510 5839 Cor.
545 5805 596 5850 ν,
628 5787 711 5840 Η.
788 5788 832 5819 θ’
878 5788 977 5842 Job
1006 5802 1226 5844 xxxvm,
1254 5786 1339 5841 ll.

1935 5429 2130 5490 Ardes,
2169 5427 2240 5480 ﬁli
2292 5425 2632 5487 charissime,
2670 5421 2848 5475 studio
2890 5418 3247 5490 percontandi
3277 5424 3335 5471 et
3371 5414 3457 5469 di-

1867 5520 2051 5577 scendi
2101 5535 2219 5588 quae
2255 5518 2403 5571 utilia
2444 5526 2574 5570 sunt
2612 5534 2624 5568 :
2659 5525 2818 5582 atque
2849 5513 2901 5567 id
2946 5521 3092 5565 certe
3119 5505 3398 5564 laudabile
3437 5524 3449 5558 :

1868 5627 2056 5666 verum
2115 5625 2215 5681 ego
2268 5607 2543 5666 solvendis
2589 5605 2976 5676 quaestionibus
3018 5601 3131 5657 suis
3186 5617 3290 5670 par
3340 5612 3455 5650 non

1417 5787 1460 5818 ⁸³
1491 5786 1656 5846 Prov.
1685 5805 1817 5857 xxii,
1845 5789 1935 5843 ‘38.
