  <div class='ocr_page' id='page_1' title='image "/cluster/home/n/w/nwhite01/storage/ocr_20150623/99/pst.000005714063/597.png"; bbox 0 0 4008 6318; ppageno 0'>
   <div class='ocr_carea' id='block_1_1' title="bbox 598 380 725 445">
    <p class='ocr_par' dir='ltr' id='par_1_1' title="bbox 598 380 725 445">
     <span class='ocr_line' id='line_1_1' title="bbox 598 380 725 445; baseline -0.008 -1"><span class='ocrx_word' id='word_1_1' title='bbox 598 380 725 445; x_wconf 82' lang='lat'><strong>1091</strong></span> 
     </span>
    </p>
   </div>
   <div class='ocr_carea' id='block_1_2' title="bbox 1774 378 2643 443">
    <p class='ocr_par' dir='ltr' id='par_1_2' title="bbox 1774 378 2643 443">
     <span class='ocr_line' id='line_1_2' title="bbox 1774 378 2643 443; baseline -0.002 0"><span class='ocrx_word' id='word_1_2' title='bbox 1774 387 1831 443; x_wconf 79' lang='lat' dir='ltr'><strong>S.</strong></span> <span class='ocrx_word' id='word_1_3' title='bbox 1865 378 2256 443; x_wconf 83' lang='lat' dir='ltr'><strong>THEODORI</strong></span> <span class='ocrx_word' id='word_1_4' title='bbox 2298 382 2643 441; x_wconf 78' lang='lat' dir='ltr'><strong>STUDIT.-E</strong></span> 
     </span>
    </p>
   </div>
   <div class='ocr_carea' id='block_1_3' title="bbox 3702 382 3848 446">
    <p class='ocr_par' dir='ltr' id='par_1_3' title="bbox 3702 382 3848 446">
     <span class='ocr_line' id='line_1_3' title="bbox 3702 382 3848 446; baseline 0.021 -3"><span class='ocrx_word' id='word_1_5' title='bbox 3702 382 3848 446; x_wconf 81' lang='lat'><strong>1092</strong></span> 
     </span>
    </p>
   </div>
   <div class='ocr_carea' id='block_1_4' title="bbox 589 489 2147 567">
    <p class='ocr_par' dir='ltr' id='par_1_4' title="bbox 589 495 2147 567">
     <span class='ocr_line' id='line_1_4' title="bbox 589 495 2147 567; baseline -0.004 -15"><span class='ocrx_word' id='word_1_6' title='bbox 589 513 709 553; x_wconf 92' lang='lat' dir='ltr'><strong>sum</strong></span> <span class='ocrx_word' id='word_1_7' title='bbox 741 514 756 562; x_wconf 87' lang='lat'><strong>;</strong></span> <span class='ocrx_word' id='word_1_8' title='bbox 789 496 1093 554; x_wconf 92' lang='lat' dir='ltr'><strong>communis</strong></span> <span class='ocrx_word' id='word_1_9' title='bbox 1122 506 1301 553; x_wconf 85' lang='lat' dir='ltr'><strong>tamen</strong></span> <span class='ocrx_word' id='word_1_10' title='bbox 1341 508 1579 567; x_wconf 63' lang='lat' dir='ltr'><strong>quazstus</strong></span> <span class='ocrx_word' id='word_1_11' title='bbox 1612 497 1789 552; x_wconf 91' lang='lat' dir='ltr'><strong>studio</strong></span> <span class='ocrx_word' id='word_1_12' title='bbox 1827 495 2147 549; x_wconf 80' lang='lat' dir='ltr'><strong>conferenda</strong></span> 
     </span>
    </p>
   </div>
   <div class='ocr_carea' id='block_1_5' title="bbox 2251 489 3845 567">
    <p class='ocr_par' dir='ltr' id='par_1_5' title="bbox 2256 489 3845 562">
     <span class='ocr_line' id='line_1_5' title="bbox 2256 489 3845 562; baseline 0.002 -19"><span class='ocrx_word' id='word_1_13' title='bbox 2256 492 2404 560; x_wconf 79' lang='grc' dir='ltr'>ὅμως</span> <span class='ocrx_word' id='word_1_14' title='bbox 2438 492 2524 544; x_wconf 75' lang='grc' dir='ltr'>διὰ</span> <span class='ocrx_word' id='word_1_15' title='bbox 2554 492 2613 544; x_wconf 81' lang='grc' dir='ltr'>τὸ</span> <span class='ocrx_word' id='word_1_16' title='bbox 2644 493 2794 562; x_wconf 80' lang='grc' dir='ltr'>κοινῇ</span> <span class='ocrx_word' id='word_1_17' title='bbox 2825 491 3107 562; x_wconf 71' lang='grc' dir='ltr'>συμφέρον</span> <span class='ocrx_word' id='word_1_18' title='bbox 3140 489 3480 544; x_wconf 80' lang='grc' dir='ltr'>εἰσενεκτέον</span> <span class='ocrx_word' id='word_1_19' title='bbox 3514 490 3615 541; x_wconf 76' lang='grc' dir='ltr'><strong>καὶ</strong></span> <span class='ocrx_word' id='word_1_20' title='bbox 3648 492 3750 542; x_wconf 73' lang='grc' dir='ltr'><strong>νῦν</strong></span> <span class='ocrx_word' id='word_1_21' title='bbox 3779 498 3845 547; x_wconf 79' lang='grc' dir='ltr'>τὰ</span> 
     </span>
    </p>
   </div>
   <div class='ocr_carea' id='block_1_6' title="bbox 586 587 2159 658">
    <p class='ocr_par' dir='ltr' id='par_1_6' title="bbox 586 587 2159 658">
     <span class='ocr_line' id='line_1_6' title="bbox 586 587 2159 658; baseline -0.003 -15"><span class='ocrx_word' id='word_1_22' title='bbox 586 590 887 643; x_wconf 89' lang='lat' dir='ltr'><strong>etiamnum</strong></span> <span class='ocrx_word' id='word_1_23' title='bbox 925 605 1044 658; x_wconf 66' lang='lat' dir='ltr'><strong>quae</strong></span> <span class='ocrx_word' id='word_1_24' title='bbox 1092 604 1400 658; x_wconf 80' lang='lat' dir='ltr'><strong>possumus.</strong></span> <span class='ocrx_word' id='word_1_25' title='bbox 1454 589 1693 655; x_wconf 82' lang='lat' dir='ltr'><strong>Quzestio</strong></span> <span class='ocrx_word' id='word_1_26' title='bbox 1719 598 1806 643; x_wconf 90' lang='lat' dir='ltr'><strong>tua</strong></span> <span class='ocrx_word' id='word_1_27' title='bbox 1831 590 1897 643; x_wconf 91' lang='lat' dir='ltr'><strong>de</strong></span> <span class='ocrx_word' id='word_1_28' title='bbox 1924 587 2159 658; x_wconf 83' lang='lat' dir='ltr'><strong>Digamis</strong></span> 
     </span>
    </p>
   </div>
   <div class='ocr_carea' id='block_1_7' title="bbox 591 677 2158 749">
    <p class='ocr_par' dir='ltr' id='par_1_7' title="bbox 591 677 2158 749">
     <span class='ocr_line' id='line_1_7' title="bbox 591 677 2158 749; baseline -0.001 -16"><span class='ocrx_word' id='word_1_29' title='bbox 591 680 692 733; x_wconf 81' lang='lat' dir='ltr'><strong>fuit</strong></span> <span class='ocrx_word' id='word_1_30' title='bbox 721 698 735 746; x_wconf 90' lang='lat'><strong>;</strong></span> <span class='ocrx_word' id='word_1_31' title='bbox 761 679 902 749; x_wconf 86' lang='lat' dir='ltr'><strong>quod</strong></span> <span class='ocrx_word' id='word_1_32' title='bbox 925 681 992 734; x_wconf 90' lang='lat' dir='ltr'><strong>de</strong></span> <span class='ocrx_word' id='word_1_33' title='bbox 1019 695 1209 734; x_wconf 91' lang='lat' dir='ltr'><strong>eorum</strong></span> <span class='ocrx_word' id='word_1_34' title='bbox 1237 681 1620 749; x_wconf 86' lang='lat' dir='ltr'><strong>conjunctione</strong></span> <span class='ocrx_word' id='word_1_35' title='bbox 1641 680 1945 734; x_wconf 91' lang='lat' dir='ltr'><strong>dubitatum</strong></span> <span class='ocrx_word' id='word_1_36' title='bbox 1975 677 2158 741; x_wconf 81' lang='lat' dir='ltr'><strong>fuerit,</strong></span> 
     </span>
    </p>
   </div>
   <div class='ocr_carea' id='block_1_8' title="bbox 589 773 2164 842">
    <p class='ocr_par' dir='ltr' id='par_1_8' title="bbox 589 773 2164 842">
     <span class='ocr_line' id='line_1_8' title="bbox 589 773 2164 842; baseline 0 -16"><span class='ocrx_word' id='word_1_37' title='bbox 589 774 912 827; x_wconf 84' lang='lat' dir='ltr'><strong>coronarine</strong></span> <span class='ocrx_word' id='word_1_38' title='bbox 968 773 1108 827; x_wconf 91' lang='lat' dir='ltr'><strong>sicut</strong></span> <span class='ocrx_word' id='word_1_39' title='bbox 1158 774 1461 842; x_wconf 81' lang='lat' dir='ltr'><strong>monagami</strong></span> <span class='ocrx_word' id='word_1_40' title='bbox 1510 774 1766 837; x_wconf 83' lang='lat' dir='ltr'><strong>debeant,</strong></span> <span class='ocrx_word' id='word_1_41' title='bbox 1824 773 2064 828; x_wconf 87' lang='lat' dir='ltr'><strong>annon?</strong></span> <span class='ocrx_word' id='word_1_42' title='bbox 2107 779 2164 827; x_wconf 88' lang='lat' dir='ltr'><strong>et</strong></span> 
     </span>
    </p>
   </div>
   <div class='ocr_carea' id='block_1_9' title="bbox 588 865 2158 935">
    <p class='ocr_par' dir='ltr' id='par_1_9' title="bbox 588 865 2158 935">
     <span class='ocr_line' id='line_1_9' title="bbox 588 865 2158 935; baseline -0.001 -16"><span class='ocrx_word' id='word_1_43' title='bbox 588 881 824 935; x_wconf 88' lang='lat' dir='ltr'><strong>quonam</strong></span> <span class='ocrx_word' id='word_1_44' title='bbox 866 874 1045 935; x_wconf 92' lang='lat' dir='ltr'><strong>pacto,</strong></span> <span class='ocrx_word' id='word_1_45' title='bbox 1096 865 1141 919; x_wconf 93' lang='lat' dir='ltr'><strong>si</strong></span> <span class='ocrx_word' id='word_1_46' title='bbox 1170 866 1387 934; x_wconf 85' lang='lat' dir='ltr'><strong>quidem</strong></span> <span class='ocrx_word' id='word_1_47' title='bbox 1420 866 1523 920; x_wconf 87' lang='lat' dir='ltr'><strong>hoc</strong></span> <span class='ocrx_word' id='word_1_48' title='bbox 1575 866 1687 927; x_wconf 83' lang='lat' dir='ltr'><strong>ﬁat,</strong></span> <span class='ocrx_word' id='word_1_49' title='bbox 1735 866 2158 935; x_wconf 73' lang='lat' dir='ltr'><strong>coniungantur,</strong></span> 
     </span>
    </p>
   </div>
   <div class='ocr_carea' id='block_1_10' title="bbox 590 952 2162 1023">
    <p class='ocr_par' dir='ltr' id='par_1_10' title="bbox 590 952 2162 1023">
     <span class='ocr_line' id='line_1_10' title="bbox 590 952 2162 1023; baseline -0.001 -15"><span class='ocrx_word' id='word_1_50' title='bbox 590 954 871 1009; x_wconf 86' lang='lat' dir='ltr'><strong>sacerdote</strong></span> <span class='ocrx_word' id='word_1_51' title='bbox 912 955 1029 1007; x_wconf 89' lang='lat' dir='ltr'><strong>illos</strong></span> <span class='ocrx_word' id='word_1_52' title='bbox 1063 954 1285 1007; x_wconf 92' lang='lat' dir='ltr'><strong>minime</strong></span> <span class='ocrx_word' id='word_1_53' title='bbox 1325 956 1652 1023; x_wconf 87' lang='lat' dir='ltr'><strong>copulantc:</strong></span> <span class='ocrx_word' id='word_1_54' title='bbox 1691 954 1889 1008; x_wconf 79' lang='lat' dir='ltr'><strong>famam</strong></span> <span class='ocrx_word' id='word_1_55' title='bbox 1924 969 2066 1017; x_wconf 91' lang='lat' dir='ltr'><strong>esse,</strong></span> <span class='ocrx_word' id='word_1_56' title='bbox 2094 952 2162 1006; x_wconf 91' lang='lat' dir='ltr'><strong>ab</strong></span> 
     </span>
    </p>
   </div>
   <div class='ocr_carea' id='block_1_11' title="bbox 591 1042 2160 1112">
    <p class='ocr_par' dir='ltr' id='par_1_11' title="bbox 591 1042 2160 1112">
     <span class='ocr_line' id='line_1_11' title="bbox 591 1042 2160 1112; baseline 0 -17"><span class='ocrx_word' id='word_1_57' title='bbox 591 1042 741 1112; x_wconf 85' lang='lat' dir='ltr'><strong>impii</strong></span> <span class='ocrx_word' id='word_1_58' title='bbox 781 1042 1122 1097; x_wconf 79' lang='lat' dir='ltr'><strong>Constantini</strong></span> <span class='ocrx_word' id='word_1_59' title='bbox 1153 1043 1487 1112; x_wconf 90' lang='lat' dir='ltr'><strong>temporibus</strong></span> <span class='ocrx_word' id='word_1_60' title='bbox 1534 1042 1834 1097; x_wconf 85' lang='lat' dir='ltr'><strong>obtinuisse</strong></span> <span class='ocrx_word' id='word_1_61' title='bbox 1863 1051 2160 1097; x_wconf 83' lang='lat' dir='ltr'><strong>consuetu-</strong></span> 
     </span>
    </p>
   </div>
   <div class='ocr_carea' id='block_1_12' title="bbox 590 1133 2161 1203">
    <p class='ocr_par' dir='ltr' id='par_1_12' title="bbox 590 1133 2161 1203">
     <span class='ocr_line' id='line_1_12' title="bbox 590 1133 2161 1203; baseline -0.001 -16"><span class='ocrx_word' id='word_1_62' title='bbox 590 1134 770 1187; x_wconf 85' lang='lat' dir='ltr'><strong>dinem</strong></span> <span class='ocrx_word' id='word_1_63' title='bbox 803 1133 1044 1203; x_wconf 87' lang='lat' dir='ltr'><strong>digamos</strong></span> <span class='ocrx_word' id='word_1_64' title='bbox 1075 1134 1391 1198; x_wconf 90' lang='lat' dir='ltr'><strong>coronandi,</strong></span> <span class='ocrx_word' id='word_1_65' title='bbox 1426 1149 1490 1187; x_wconf 78' lang='lat' dir='ltr'><strong>ex</strong></span> <span class='ocrx_word' id='word_1_66' title='bbox 1532 1134 1725 1203; x_wconf 90' lang='lat' dir='ltr'><strong>triplici</strong></span> <span class='ocrx_word' id='word_1_67' title='bbox 1761 1135 1879 1203; x_wconf 85' lang='lat' dir='ltr'><strong>ejus</strong></span> <span class='ocrx_word' id='word_1_68' title='bbox 1910 1133 2161 1202; x_wconf 74' lang='lat' dir='ltr'><strong>coniugio</strong></span> 
     </span>
    </p>
   </div>
   <div class='ocr_carea' id='block_1_13' title="bbox 592 1224 2159 1293">
    <p class='ocr_par' dir='ltr' id='par_1_13' title="bbox 592 1224 2159 1293">
     <span class='ocr_line' id='line_1_13' title="bbox 592 1224 2159 1293; baseline 0 -16"><span class='ocrx_word' id='word_1_69' title='bbox 592 1234 767 1277; x_wconf 87' lang='lat' dir='ltr'><strong>natam</strong></span> <span class='ocrx_word' id='word_1_70' title='bbox 794 1241 808 1288; x_wconf 87' lang='lat'><strong>;</strong></span> <span class='ocrx_word' id='word_1_71' title='bbox 835 1239 955 1277; x_wconf 89' lang='lat' dir='ltr'><strong>cum</strong></span> <span class='ocrx_word' id='word_1_72' title='bbox 988 1224 1235 1293; x_wconf 84' lang='lat' dir='ltr'><strong>superior</strong></span> <span class='ocrx_word' id='word_1_73' title='bbox 1267 1234 1392 1279; x_wconf 91' lang='lat' dir='ltr'><strong>ante</strong></span> <span class='ocrx_word' id='word_1_74' title='bbox 1420 1225 1567 1278; x_wconf 92' lang='lat' dir='ltr'><strong>illum</strong></span> <span class='ocrx_word' id='word_1_75' title='bbox 1605 1225 1864 1279; x_wconf 82' lang='lat' dir='ltr'><strong>memoria</strong></span> <span class='ocrx_word' id='word_1_76' title='bbox 1897 1240 2007 1278; x_wconf 92' lang='lat' dir='ltr'><strong>non</strong></span> <span class='ocrx_word' id='word_1_77' title='bbox 2038 1224 2159 1278; x_wconf 82' lang='lat' dir='ltr'><strong>fue-</strong></span> 
     </span>
    </p>
   </div>
   <div class='ocr_carea' id='block_1_14' title="bbox 590 1315 2158 1386">
    <p class='ocr_par' dir='ltr' id='par_1_14' title="bbox 590 1315 2158 1386">
     <span class='ocr_line' id='line_1_14' title="bbox 590 1315 2158 1386; baseline 0.001 -18"><span class='ocrx_word' id='word_1_78' title='bbox 590 1316 685 1369; x_wconf 85' lang='lat' dir='ltr'><strong>rit.</strong></span> <span class='ocrx_word' id='word_1_79' title='bbox 730 1315 838 1386; x_wconf 71' lang='lat' dir='ltr'><strong>l-Igo</strong></span> <span class='ocrx_word' id='word_1_80' title='bbox 879 1331 1030 1378; x_wconf 88' lang='lat' dir='ltr'><strong>vero,</strong></span> <span class='ocrx_word' id='word_1_81' title='bbox 1077 1317 1205 1385; x_wconf 93' lang='lat' dir='ltr'><strong>quin</strong></span> <span class='ocrx_word' id='word_1_82' title='bbox 1264 1317 1573 1371; x_wconf 87' lang='lat' dir='ltr'><strong>verisimilis</strong></span> <span class='ocrx_word' id='word_1_83' title='bbox 1627 1332 1690 1371; x_wconf 89' lang='lat' dir='ltr'><strong>ea</strong></span> <span class='ocrx_word' id='word_1_84' title='bbox 1731 1317 1871 1371; x_wconf 80' lang='lat' dir='ltr'><strong>fama</strong></span> <span class='ocrx_word' id='word_1_85' title='bbox 1913 1318 2003 1380; x_wconf 90' lang='lat' dir='ltr'><strong>sit,</strong></span> <span class='ocrx_word' id='word_1_86' title='bbox 2049 1332 2158 1370; x_wconf 93' lang='lat' dir='ltr'><strong>non</strong></span> 
     </span>
    </p>
   </div>
   <div class='ocr_carea' id='block_1_15' title="bbox 592 1405 2159 1477">
    <p class='ocr_par' dir='ltr' id='par_1_15' title="bbox 592 1405 2159 1477">
     <span class='ocr_line' id='line_1_15' title="bbox 592 1405 2159 1477; baseline 0.002 -18"><span class='ocrx_word' id='word_1_87' title='bbox 592 1420 860 1477; x_wconf 80' lang='lat' dir='ltr'><strong>repugno.</strong></span> <span class='ocrx_word' id='word_1_88' title='bbox 910 1405 1177 1461; x_wconf 64' lang='lat' dir='ltr'><strong>Caeterum</strong></span> <span class='ocrx_word' id='word_1_89' title='bbox 1203 1408 1404 1462; x_wconf 77' lang='lat' dir='ltr'><strong>debent</strong></span> <span class='ocrx_word' id='word_1_90' title='bbox 1432 1409 1679 1463; x_wconf 76' lang='lat' dir='ltr'><strong>veritatis</strong></span> <span class='ocrx_word' id='word_1_91' title='bbox 1702 1409 1931 1463; x_wconf 89' lang='lat' dir='ltr'><strong>studiosi</strong></span> <span class='ocrx_word' id='word_1_92' title='bbox 1960 1424 2070 1462; x_wconf 93' lang='lat' dir='ltr'><strong>non</strong></span> <span class='ocrx_word' id='word_1_93' title='bbox 2093 1424 2159 1463; x_wconf 77' lang='lat' dir='ltr'><strong>ex</strong></span> 
     </span>
    </p>
   </div>
   <div class='ocr_carea' id='block_1_16' title="bbox 592 1496 2161 1568">
    <p class='ocr_par' dir='ltr' id='par_1_16' title="bbox 592 1496 2161 1568">
     <span class='ocr_line' id='line_1_16' title="bbox 592 1496 2161 1568; baseline 0.003 -20"><span class='ocrx_word' id='word_1_94' title='bbox 592 1504 797 1550; x_wconf 87' lang='lat' dir='ltr'><strong>temere</strong></span> <span class='ocrx_word' id='word_1_95' title='bbox 830 1496 1041 1567; x_wconf 86' lang='lat' dir='ltr'><strong>vulgata</strong></span> <span class='ocrx_word' id='word_1_96' title='bbox 1094 1496 1254 1561; x_wconf 80' lang='lat' dir='ltr'><strong>fama,</strong></span> <span class='ocrx_word' id='word_1_97' title='bbox 1285 1513 1461 1568; x_wconf 90' lang='lat' dir='ltr'><strong>neque</strong></span> <span class='ocrx_word' id='word_1_98' title='bbox 1488 1514 1552 1553; x_wconf 80' lang='lat' dir='ltr'><strong>ex</strong></span> <span class='ocrx_word' id='word_1_99' title='bbox 1585 1500 1823 1553; x_wconf 89' lang='lat' dir='ltr'><strong>humana</strong></span> <span class='ocrx_word' id='word_1_100' title='bbox 1868 1509 2161 1553; x_wconf 85' lang='lat' dir='ltr'><strong>consuetu-</strong></span> 
     </span>
    </p>
   </div>
   <div class='ocr_carea' id='block_1_17' title="bbox 589 1585 2161 1658">
    <p class='ocr_par' dir='ltr' id='par_1_17' title="bbox 589 1585 2161 1658">
     <span class='ocr_line' id='line_1_17' title="bbox 589 1585 2161 1658; baseline 0.003 -19"><span class='ocrx_word' id='word_1_101' title='bbox 589 1585 732 1649; x_wconf 84' lang='lat' dir='ltr'><strong>dine,</strong></span> <span class='ocrx_word' id='word_1_102' title='bbox 783 1602 961 1640; x_wconf 89' lang='lat' dir='ltr'><strong>rerum</strong></span> <span class='ocrx_word' id='word_1_103' title='bbox 987 1586 1142 1640; x_wconf 79' lang='lat' dir='ltr'><strong>ﬁdem</strong></span> <span class='ocrx_word' id='word_1_104' title='bbox 1169 1588 1412 1657; x_wconf 89' lang='lat' dir='ltr'><strong>accipere</strong></span> <span class='ocrx_word' id='word_1_105' title='bbox 1447 1606 1461 1653; x_wconf 90' lang='lat'><strong>;</strong></span> <span class='ocrx_word' id='word_1_106' title='bbox 1490 1589 1585 1643; x_wconf 90' lang='lat' dir='ltr'><strong>sed</strong></span> <span class='ocrx_word' id='word_1_107' title='bbox 1612 1604 1677 1643; x_wconf 83' lang='lat' dir='ltr'><strong>ex</strong></span> <span class='ocrx_word' id='word_1_108' title='bbox 1704 1589 1834 1658; x_wconf 90' lang='lat' dir='ltr'><strong>ipsis</strong></span> <span class='ocrx_word' id='word_1_109' title='bbox 1857 1590 2026 1644; x_wconf 90' lang='lat' dir='ltr'><strong>sacris</strong></span> <span class='ocrx_word' id='word_1_110' title='bbox 2049 1588 2161 1643; x_wconf 88' lang='lat' dir='ltr'><strong>Lit-</strong></span> 
     </span>
    </p>
   </div>
   <div class='ocr_carea' id='block_1_18' title="bbox 593 1676 2159 1750">
    <p class='ocr_par' dir='ltr' id='par_1_18' title="bbox 593 1676 2159 1750">
     <span class='ocr_line' id='line_1_18' title="bbox 593 1676 2159 1750; baseline 0.006 -24"><span class='ocrx_word' id='word_1_111' title='bbox 593 1676 722 1729; x_wconf 88' lang='lat' dir='ltr'><strong>teris</strong></span> <span class='ocrx_word' id='word_1_112' title='bbox 744 1684 799 1730; x_wconf 91' lang='lat' dir='ltr'><strong>et</strong></span> <span class='ocrx_word' id='word_1_113' title='bbox 833 1685 1051 1745; x_wconf 89' lang='lat' dir='ltr'><strong>paterna</strong></span> <span class='ocrx_word' id='word_1_114' title='bbox 1088 1685 1250 1745; x_wconf 88' lang='lat' dir='ltr'><strong>atque</strong></span> <span class='ocrx_word' id='word_1_115' title='bbox 1284 1678 1546 1733; x_wconf 86' lang='lat' dir='ltr'><strong>canonica</strong></span> <span class='ocrx_word' id='word_1_116' title='bbox 1576 1680 1884 1735; x_wconf 84' lang='lat' dir='ltr'><strong>traditione.</strong></span> <span class='ocrx_word' id='word_1_117' title='bbox 1919 1680 2159 1750; x_wconf 84' lang='lat' dir='ltr'><strong>Digamia</strong></span> 
     </span>
    </p>
   </div>
   <div class='ocr_carea' id='block_1_19' title="bbox 588 1766 2155 1841">
    <p class='ocr_par' dir='ltr' id='par_1_19' title="bbox 588 1766 2155 1841">
     <span class='ocr_line' id='line_1_19' title="bbox 588 1766 2155 1841; baseline 0.004 -22"><span class='ocrx_word' id='word_1_118' title='bbox 588 1781 717 1836; x_wconf 85' lang='lat' dir='ltr'><strong>ergo</strong></span> <span class='ocrx_word' id='word_1_119' title='bbox 770 1766 1031 1834; x_wconf 87' lang='lat' dir='ltr'><strong>permissa</strong></span> <span class='ocrx_word' id='word_1_120' title='bbox 1080 1767 1227 1821; x_wconf 86' lang='lat' dir='ltr'><strong>haud</strong></span> <span class='ocrx_word' id='word_1_121' title='bbox 1274 1767 1437 1823; x_wconf 89' lang='lat' dir='ltr'><strong>dubie</strong></span> <span class='ocrx_word' id='word_1_122' title='bbox 1483 1769 1639 1824; x_wconf 86' lang='lat' dir='ltr'><strong>luita</strong></span> <span class='ocrx_word' id='word_1_123' title='bbox 1668 1781 1855 1825; x_wconf 91' lang='lat' dir='ltr'><strong>sancto</strong></span> <span class='ocrx_word' id='word_1_124' title='bbox 1881 1772 2155 1841; x_wconf 83' lang='lat' dir='ltr'><strong>Apostolo,</strong></span> 
     </span>
    </p>
   </div>
   <div class='ocr_carea' id='block_1_20' title="bbox 586 1856 2158 1929">
    <p class='ocr_par' dir='ltr' id='par_1_20' title="bbox 586 1856 2158 1929">
     <span class='ocr_line' id='line_1_20' title="bbox 586 1856 2158 1929; baseline 0.006 -20"><span class='ocrx_word' id='word_1_125' title='bbox 586 1864 641 1909; x_wconf 88' lang='lat' dir='ltr'><strong>et</strong></span> <span class='ocrx_word' id='word_1_126' title='bbox 664 1871 761 1924; x_wconf 91' lang='lat' dir='ltr'><strong>per</strong></span> <span class='ocrx_word' id='word_1_127' title='bbox 791 1856 969 1925; x_wconf 92' lang='lat' dir='ltr'><strong>ipsum</strong></span> <span class='ocrx_word' id='word_1_128' title='bbox 991 1873 1020 1911; x_wconf 91' lang='lat' dir='ltr'><strong>a</strong></span> <span class='ocrx_word' id='word_1_129' title='bbox 1056 1857 1291 1913; x_wconf 86' lang='lat' dir='ltr'><strong>Christo.</strong></span> <span class='ocrx_word' id='word_1_130' title='bbox 1329 1857 1523 1916; x_wconf 88' lang='lat' dir='ltr'><strong>Verum</strong></span> <span class='ocrx_word' id='word_1_131' title='bbox 1561 1861 1677 1915; x_wconf 78' lang='lat' dir='ltr'><strong>lnee</strong></span> <span class='ocrx_word' id='word_1_132' title='bbox 1705 1862 1787 1915; x_wconf 79' lang='lat' dir='ltr'><strong>lex</strong></span> <span class='ocrx_word' id='word_1_133' title='bbox 1832 1876 1938 1915; x_wconf 92' lang='lat' dir='ltr'><strong>non</strong></span> <span class='ocrx_word' id='word_1_134' title='bbox 1966 1872 2066 1929; x_wconf 89' lang='lat' dir='ltr'><strong>est,</strong></span> <span class='ocrx_word' id='word_1_135' title='bbox 2098 1872 2158 1917; x_wconf 91' lang='lat' dir='ltr'><strong>ut</strong></span> 
     </span>
    </p>
   </div>
   <div class='ocr_carea' id='block_1_21' title="bbox 586 1944 2157 2024">
    <p class='ocr_par' dir='ltr' id='par_1_21' title="bbox 586 1944 2157 2024">
     <span class='ocr_line' id='line_1_21' title="bbox 586 1944 2157 2024; baseline 0.006 -26"><span class='ocrx_word' id='word_1_136' title='bbox 586 1944 884 2016; x_wconf 82' lang='lat' dir='ltr'><strong>Gregorius</strong></span> <span class='ocrx_word' id='word_1_137' title='bbox 904 1945 1209 2019; x_wconf 81' lang='lat' dir='ltr'><strong>Theologus</strong></span> <span class='ocrx_word' id='word_1_138' title='bbox 1237 1949 1332 2017; x_wconf 89' lang='lat' dir='ltr'><strong>ait,</strong></span> <span class='ocrx_word' id='word_1_139' title='bbox 1352 1950 1445 2005; x_wconf 92' lang='lat' dir='ltr'><strong>sed</strong></span> <span class='ocrx_word' id='word_1_140' title='bbox 1475 1951 1807 2022; x_wconf 77' lang='lat' dir='ltr'><strong>indulgentia</strong></span> <span class='ocrx_word' id='word_1_141' title='bbox 1832 1970 1844 2006; x_wconf 89' lang='lat'><strong>:</strong></span> <span class='ocrx_word' id='word_1_142' title='bbox 1873 1952 2157 2024; x_wconf 83' lang='lat' dir='ltr'><strong>indulgen-</strong></span> 
     </span>
    </p>
   </div>
   <div class='ocr_carea' id='block_1_22' title="bbox 588 2037 2171 2116">
    <p class='ocr_par' dir='ltr' id='par_1_22' title="bbox 588 2037 2171 2116">
     <span class='ocr_line' id='line_1_22' title="bbox 588 2037 2171 2116; baseline 0.008 -26"><span class='ocrx_word' id='word_1_143' title='bbox 588 2037 661 2090; x_wconf 90' lang='lat' dir='ltr'><strong>tia</strong></span> <span class='ocrx_word' id='word_1_144' title='bbox 681 2046 859 2092; x_wconf 89' lang='lat' dir='ltr'><strong>autem</strong></span> <span class='ocrx_word' id='word_1_145' title='bbox 887 2054 1228 2109; x_wconf 89' lang='lat' dir='ltr'><strong>nequaquam</strong></span> <span class='ocrx_word' id='word_1_146' title='bbox 1258 2045 1311 2097; x_wconf 91' lang='lat' dir='ltr'><strong>in</strong></span> <span class='ocrx_word' id='word_1_147' title='bbox 1337 2057 1404 2097; x_wconf 93' lang='lat' dir='ltr'><strong>eo</strong></span> <span class='ocrx_word' id='word_1_148' title='bbox 1430 2043 1671 2097; x_wconf 90' lang='lat' dir='ltr'><strong>cernitur</strong></span> <span class='ocrx_word' id='word_1_149' title='bbox 1689 2045 1831 2113; x_wconf 91' lang='lat' dir='ltr'><strong>quod</strong></span> <span class='ocrx_word' id='word_1_150' title='bbox 1856 2047 2171 2116; x_wconf 85' lang='lat' dir='ltr'><strong>reprehen--</strong></span> 
     </span>
    </p>
   </div>
   <div class='ocr_carea' id='block_1_23' title="bbox 587 2128 2157 2204">
    <p class='ocr_par' dir='ltr' id='par_1_23' title="bbox 587 2128 2157 2204">
     <span class='ocr_line' id='line_1_23' title="bbox 587 2128 2157 2204; baseline 0.007 -23"><span class='ocrx_word' id='word_1_151' title='bbox 587 2128 739 2183; x_wconf 90' lang='lat' dir='ltr'><strong>sione</strong></span> <span class='ocrx_word' id='word_1_152' title='bbox 755 2139 810 2183; x_wconf 88' lang='lat' dir='ltr'><strong>et</strong></span> <span class='ocrx_word' id='word_1_153' title='bbox 837 2129 993 2200; x_wconf 91' lang='lat' dir='ltr'><strong>culpa</strong></span> <span class='ocrx_word' id='word_1_154' title='bbox 1021 2142 1203 2185; x_wconf 89' lang='lat' dir='ltr'><strong>careat</strong></span> <span class='ocrx_word' id='word_1_155' title='bbox 1227 2151 1237 2185; x_wconf 92' lang='lat'><strong>:</strong></span> <span class='ocrx_word' id='word_1_156' title='bbox 1259 2132 1350 2202; x_wconf 89' lang='lat' dir='ltr'><strong>qui</strong></span> <span class='ocrx_word' id='word_1_157' title='bbox 1375 2134 1519 2187; x_wconf 92' lang='lat' dir='ltr'><strong>enim</strong></span> <span class='ocrx_word' id='word_1_158' title='bbox 1545 2143 1600 2188; x_wconf 90' lang='lat' dir='ltr'><strong>et</strong></span> <span class='ocrx_word' id='word_1_159' title='bbox 1625 2150 1786 2204; x_wconf 89' lang='lat' dir='ltr'><strong>quam</strong></span> <span class='ocrx_word' id='word_1_160' title='bbox 1810 2137 1878 2191; x_wconf 92' lang='lat' dir='ltr'><strong>ob</strong></span> <span class='ocrx_word' id='word_1_161' title='bbox 1894 2152 2110 2192; x_wconf 87' lang='lat' dir='ltr'><strong>causam</strong></span> <span class='ocrx_word' id='word_1_162' title='bbox 2134 2138 2157 2191; x_wconf 87' lang='lat'><strong>?</strong></span> 
     </span>
    </p>
   </div>
   <div class='ocr_carea' id='block_1_24' title="bbox 585 2219 2154 2300">
    <p class='ocr_par' dir='ltr' id='par_1_24' title="bbox 585 2219 2154 2300">
     <span class='ocr_line' id='line_1_24' title="bbox 585 2219 2154 2300; baseline 0.008 -28"><span class='ocrx_word' id='word_1_163' title='bbox 585 2220 679 2273; x_wconf 86' lang='lat' dir='ltr'><strong>sed</strong></span> <span class='ocrx_word' id='word_1_164' title='bbox 736 2219 824 2273; x_wconf 90' lang='lat' dir='ltr'><strong>ubi</strong></span> <span class='ocrx_word' id='word_1_165' title='bbox 890 2224 1279 2289; x_wconf 89' lang='lat' dir='ltr'><strong>succumbitur,</strong></span> <span class='ocrx_word' id='word_1_166' title='bbox 1330 2240 1591 2294; x_wconf 61' lang='lat' dir='ltr'><strong>noxaque</strong></span> <span class='ocrx_word' id='word_1_167' title='bbox 1641 2226 1801 2281; x_wconf 73' lang='lat' dir='ltr'><strong>aliine</strong></span> <span class='ocrx_word' id='word_1_168' title='bbox 1850 2237 1954 2293; x_wconf 87' lang='lat' dir='ltr'><strong>est,</strong></span> <span class='ocrx_word' id='word_1_169' title='bbox 2008 2230 2154 2300; x_wconf 90' lang='lat' dir='ltr'><strong>quod</strong></span> 
     </span>
    </p>
   </div>
   <div class='ocr_carea' id='block_1_25' title="bbox 585 2310 2155 2386">
    <p class='ocr_par' dir='ltr' id='par_1_25' title="bbox 585 2310 2155 2386">
     <span class='ocr_line' id='line_1_25' title="bbox 585 2310 2155 2386; baseline 0.008 -24"><span class='ocrx_word' id='word_1_170' title='bbox 585 2312 780 2380; x_wconf 84' lang='lat' dir='ltr'><strong>agitur.</strong></span> <span class='ocrx_word' id='word_1_171' title='bbox 814 2310 927 2365; x_wconf 87' lang='lat' dir='ltr'><strong>Hoc</strong></span> <span class='ocrx_word' id='word_1_172' title='bbox 952 2313 1099 2367; x_wconf 87' lang='lat' dir='ltr'><strong>enim</strong></span> <span class='ocrx_word' id='word_1_173' title='bbox 1128 2314 1304 2383; x_wconf 92' lang='lat' dir='ltr'><strong>ipsum</strong></span> <span class='ocrx_word' id='word_1_174' title='bbox 1340 2315 1555 2371; x_wconf 89' lang='lat' dir='ltr'><strong>divinus</strong></span> <span class='ocrx_word' id='word_1_175' title='bbox 1594 2318 1887 2386; x_wconf 80' lang='lat' dir='ltr'><strong>Apostolus</strong></span> <span class='ocrx_word' id='word_1_176' title='bbox 1916 2319 2155 2375; x_wconf 84' lang='lat' dir='ltr'><strong>insinua-</strong></span> 
     </span>
    </p>
   </div>
   <div class='ocr_carea' id='block_1_26' title="bbox 586 2402 2155 2473">
    <p class='ocr_par' dir='ltr' id='par_1_26' title="bbox 586 2402 2155 2473">
     <span class='ocr_line' id='line_1_26' title="bbox 586 2402 2155 2473; baseline 0.01 -22"><span class='ocrx_word' id='word_1_177' title='bbox 586 2402 685 2465; x_wconf 91' lang='lat' dir='ltr'><strong>vit,</strong></span> <span class='ocrx_word' id='word_1_178' title='bbox 714 2416 836 2454; x_wconf 93' lang='lat' dir='ltr'><strong>cum</strong></span> <span class='ocrx_word' id='word_1_179' title='bbox 862 2402 1067 2458; x_wconf 87' lang='lat' dir='ltr'><strong>diceret</strong></span> <span class='ocrx_word' id='word_1_180' title='bbox 1092 2422 1105 2457; x_wconf 88' lang='lat'><strong>:</strong></span> <span class='ocrx_word' id='word_1_181' title='bbox 1138 2404 1195 2459; x_wconf 88' lang='lat' dir='ltr'><strong>Si</strong></span> <span class='ocrx_word' id='word_1_182' title='bbox 1216 2422 1271 2459; x_wconf 77' lang='lat' dir='ltr'><strong>se</strong></span> <span class='ocrx_word' id='word_1_183' title='bbox 1297 2422 1397 2459; x_wconf 81' lang='lat' dir='ltr'><strong>non</strong></span> <span class='ocrx_word' id='word_1_184' title='bbox 1427 2410 1714 2473; x_wconf 81' lang='lat' dir='ltr'><strong>continent,</strong></span> <span class='ocrx_word' id='word_1_185' title='bbox 1755 2412 2032 2465; x_wconf 71' lang='lat' dir='ltr'><strong>nubant“.</strong></span> <span class='ocrx_word' id='word_1_186' title='bbox 2067 2412 2155 2465; x_wconf 89' lang='lat' dir='ltr'><strong>ln-</strong></span> 
     </span>
    </p>
   </div>
   <div class='ocr_carea' id='block_1_27' title="bbox 584 2492 2151 2567">
    <p class='ocr_par' dir='ltr' id='par_1_27' title="bbox 584 2492 2151 2567">
     <span class='ocr_line' id='line_1_27' title="bbox 584 2492 2151 2567; baseline 0.009 -22"><span class='ocrx_word' id='word_1_187' title='bbox 584 2492 920 2548; x_wconf 88' lang='lat' dir='ltr'><strong>continentia</strong></span> <span class='ocrx_word' id='word_1_188' title='bbox 967 2495 1169 2564; x_wconf 89' lang='lat' dir='ltr'><strong>quippe</strong></span> <span class='ocrx_word' id='word_1_189' title='bbox 1214 2513 1334 2566; x_wconf 72' lang='lat' dir='ltr'><strong>qua:</strong></span> <span class='ocrx_word' id='word_1_190' title='bbox 1376 2497 1705 2555; x_wconf 79' lang='lat' dir='ltr'><strong>fortitudinis</strong></span> <span class='ocrx_word' id='word_1_191' title='bbox 1750 2504 1914 2557; x_wconf 89' lang='lat' dir='ltr'><strong>robur</strong></span> <span class='ocrx_word' id='word_1_192' title='bbox 1951 2505 2151 2567; x_wconf 89' lang='lat' dir='ltr'><strong>amisit,</strong></span> 
     </span>
    </p>
   </div>
   <div class='ocr_carea' id='block_1_28' title="bbox 584 2581 2151 2662">
    <p class='ocr_par' dir='ltr' id='par_1_28' title="bbox 584 2581 2151 2662">
     <span class='ocr_line' id='line_1_28' title="bbox 584 2581 2151 2662; baseline 0.008 -27"><span class='ocrx_word' id='word_1_193' title='bbox 584 2581 741 2637; x_wconf 70' lang='lat' dir='ltr'><strong>victa:</strong></span> <span class='ocrx_word' id='word_1_194' title='bbox 791 2594 1181 2655; x_wconf 56' lang='lat' dir='ltr'><strong>prostrataque</strong></span> <span class='ocrx_word' id='word_1_195' title='bbox 1224 2596 1308 2643; x_wconf 88' lang='lat' dir='ltr'><strong>est</strong></span> <span class='ocrx_word' id='word_1_196' title='bbox 1338 2599 1565 2647; x_wconf 75' lang='lat' dir='ltr'><strong>naturae.</strong></span> <span class='ocrx_word' id='word_1_197' title='bbox 1612 2590 1705 2646; x_wconf 88' lang='lat' dir='ltr'><strong>His</strong></span> <span class='ocrx_word' id='word_1_198' title='bbox 1737 2595 1962 2662; x_wconf 88' lang='lat' dir='ltr'><strong>permoti</strong></span> <span class='ocrx_word' id='word_1_199' title='bbox 1985 2595 2151 2649; x_wconf 91' lang='lat' dir='ltr'><strong>divini</strong></span> 
     </span>
    </p>
   </div>
   <div class='ocr_carea' id='block_1_29' title="bbox 582 2667 2149 2748">
    <p class='ocr_par' dir='ltr' id='par_1_29' title="bbox 582 2667 2149 2748">
     <span class='ocr_line' id='line_1_29' title="bbox 582 2667 2149 2748; baseline 0.01 -25"><span class='ocrx_word' id='word_1_200' title='bbox 582 2667 771 2726; x_wconf 84' lang='lat' dir='ltr'><strong>Patres</strong></span> <span class='ocrx_word' id='word_1_201' title='bbox 822 2672 1064 2743; x_wconf 82' lang='lat' dir='ltr'><strong>digamos</strong></span> <span class='ocrx_word' id='word_1_202' title='bbox 1096 2676 1273 2746; x_wconf 68' lang='lat' dir='ltr'><strong>pinnis</strong></span> <span class='ocrx_word' id='word_1_203' title='bbox 1317 2680 1687 2748; x_wconf 90' lang='lat' dir='ltr'><strong>subjecerunt,</strong></span> <span class='ocrx_word' id='word_1_204' title='bbox 1732 2684 1785 2735; x_wconf 91' lang='lat' dir='ltr'><strong>in</strong></span> <span class='ocrx_word' id='word_1_205' title='bbox 1837 2684 2149 2738; x_wconf 89' lang='lat' dir='ltr'><strong>Laodicensi</strong></span> 
     </span>
    </p>
   </div>
   <div class='ocr_carea' id='block_1_30' title="bbox 584 2761 2151 2844">
    <p class='ocr_par' dir='ltr' id='par_1_30' title="bbox 584 2761 2151 2844">
     <span class='ocr_line' id='line_1_30' title="bbox 584 2761 2151 2844; baseline 0.01 -30"><span class='ocrx_word' id='word_1_206' title='bbox 584 2761 804 2829; x_wconf 87' lang='lat' dir='ltr'><strong>quidem</strong></span> <span class='ocrx_word' id='word_1_207' title='bbox 836 2765 1025 2833; x_wconf 89' lang='lat' dir='ltr'><strong>synodi</strong></span> <span class='ocrx_word' id='word_1_208' title='bbox 1068 2766 1348 2824; x_wconf 82' lang='lat' dir='ltr'><strong>indeﬁnite</strong></span> <span class='ocrx_word' id='word_1_209' title='bbox 1371 2771 1439 2832; x_wconf 80' lang='lat'><strong>“,</strong></span> <span class='ocrx_word' id='word_1_210' title='bbox 1468 2786 1593 2825; x_wconf 91' lang='lat' dir='ltr'><strong>cum</strong></span> <span class='ocrx_word' id='word_1_211' title='bbox 1629 2772 1817 2827; x_wconf 92' lang='lat' dir='ltr'><strong>dicunt</strong></span> <span class='ocrx_word' id='word_1_212' title='bbox 1844 2792 1857 2828; x_wconf 87' lang='lat'><strong>:</strong></span> <span class='ocrx_word' id='word_1_213' title='bbox 1889 2775 1960 2830; x_wconf 89' lang='lat' dir='ltr'><strong>Ut</strong></span> <span class='ocrx_word' id='word_1_214' title='bbox 1986 2791 2151 2844; x_wconf 81' lang='lat' dir='ltr'><strong>parvo</strong></span> 
     </span>
    </p>
   </div>
   <div class='ocr_carea' id='block_1_31' title="bbox 587 2861 2152 2934">
    <p class='ocr_par' dir='ltr' id='par_1_31' title="bbox 587 2861 2152 2934">
     <span class='ocr_line' id='line_1_31' title="bbox 587 2861 2152 2934; baseline 0.01 -30"><span class='ocrx_word' id='word_1_215' title='bbox 587 2861 831 2921; x_wconf 86' lang='lat' dir='ltr'><strong>tempore</strong></span> <span class='ocrx_word' id='word_1_216' title='bbox 876 2866 1067 2911; x_wconf 75' lang='lat' dir='ltr'><strong>exacto</strong></span> <span class='ocrx_word' id='word_1_217' title='bbox 1100 2868 1292 2913; x_wconf 85' lang='lat' dir='ltr'><strong>vacent</strong></span> <span class='ocrx_word' id='word_1_218' title='bbox 1341 2863 1681 2918; x_wconf 90' lang='lat' dir='ltr'><strong>orationibus</strong></span> <span class='ocrx_word' id='word_1_219' title='bbox 1710 2874 1764 2918; x_wconf 92' lang='lat' dir='ltr'><strong>et</strong></span> <span class='ocrx_word' id='word_1_220' title='bbox 1798 2865 2019 2934; x_wconf 83' lang='lat' dir='ltr'><strong>jejuniis</strong></span> <span class='ocrx_word' id='word_1_221' title='bbox 2055 2883 2067 2918; x_wconf 93' lang='lat'><strong>:</strong></span> <span class='ocrx_word' id='word_1_222' title='bbox 2098 2876 2152 2921; x_wconf 90' lang='lat' dir='ltr'><strong>et</strong></span> 
     </span>
    </p>
   </div>
   <div class='ocr_carea' id='block_1_32' title="bbox 584 2942 2150 3018">
    <p class='ocr_par' dir='ltr' id='par_1_32' title="bbox 584 2942 2150 3018">
     <span class='ocr_line' id='line_1_32' title="bbox 584 2942 2150 3018; baseline 0.012 -25"><span class='ocrx_word' id='word_1_223' title='bbox 584 2942 882 2998; x_wconf 85' lang='lat' dir='ltr'><strong>secundum</strong></span> <span class='ocrx_word' id='word_1_224' title='bbox 939 2946 1327 3018; x_wconf 78' lang='lat' dir='ltr'><strong>indulgentiam</strong></span> <span class='ocrx_word' id='word_1_225' title='bbox 1383 2955 1821 3009; x_wconf 91' lang='lat' dir='ltr'><strong>communionem</strong></span> <span class='ocrx_word' id='word_1_226' title='bbox 1875 2958 2024 3011; x_wconf 89' lang='lat' dir='ltr'><strong>reddi</strong></span> <span class='ocrx_word' id='word_1_227' title='bbox 2069 2959 2150 3013; x_wconf 88' lang='lat' dir='ltr'><strong>eis</strong></span> 
     </span>
    </p>
   </div>
   <div class='ocr_carea' id='block_1_33' title="bbox 583 3029 2151 3121">
    <p class='ocr_par' dir='ltr' id='par_1_33' title="bbox 583 3029 2151 3121">
     <span class='ocr_line' id='line_1_33' title="bbox 583 3029 2151 3121; baseline 0.013 -38"><span class='ocrx_word' id='word_1_228' title='bbox 583 3029 960 3091; x_wconf 80' lang='lat' dir='ltr'><strong>decrevimus:</strong></span> <span class='ocrx_word' id='word_1_229' title='bbox 1006 3054 1249 3121; x_wconf 79' lang='lat' dir='ltr'><strong>magnus</strong></span> <span class='ocrx_word' id='word_1_230' title='bbox 1275 3057 1405 3096; x_wconf 87' lang='lat' dir='ltr'><strong>vero</strong></span> <span class='ocrx_word' id='word_1_231' title='bbox 1433 3042 1661 3100; x_wconf 89' lang='lat' dir='ltr'><strong>Basilius</strong></span> <span class='ocrx_word' id='word_1_232' title='bbox 1703 3047 1925 3101; x_wconf 82' lang='lat' dir='ltr'><strong>deﬁnite</strong></span> <span class='ocrx_word' id='word_1_233' title='bbox 1952 3049 2015 3102; x_wconf 86' lang='lat'><strong>“.</strong></span> <span class='ocrx_word' id='word_1_234' title='bbox 2060 3050 2151 3103; x_wconf 89' lang='lat' dir='ltr'><strong>Sic</strong></span> 
     </span>
    </p>
   </div>
   <div class='ocr_carea' id='block_1_34' title="bbox 582 3124 2147 3207">
    <p class='ocr_par' dir='ltr' id='par_1_34' title="bbox 582 3124 2147 3207">
     <span class='ocr_line' id='line_1_34' title="bbox 582 3124 2147 3207; baseline 0.011 -31"><span class='ocrx_word' id='word_1_235' title='bbox 582 3124 728 3178; x_wconf 90' lang='lat' dir='ltr'><strong>enim</strong></span> <span class='ocrx_word' id='word_1_236' title='bbox 755 3125 830 3179; x_wconf 84' lang='lat' dir='ltr'><strong>ait</strong></span> <span class='ocrx_word' id='word_1_237' title='bbox 856 3145 871 3181; x_wconf 87' lang='lat'><strong>:</strong></span> <span class='ocrx_word' id='word_1_238' title='bbox 907 3126 983 3184; x_wconf 91' lang='lat' dir='ltr'><strong>De</strong></span> <span class='ocrx_word' id='word_1_239' title='bbox 1015 3131 1259 3201; x_wconf 83' lang='lat' dir='ltr'><strong>trigamis</strong></span> <span class='ocrx_word' id='word_1_240' title='bbox 1305 3144 1358 3189; x_wconf 90' lang='lat' dir='ltr'><strong>et</strong></span> <span class='ocrx_word' id='word_1_241' title='bbox 1388 3135 1677 3207; x_wconf 82' lang='lat' dir='ltr'><strong>polygamis</strong></span> <span class='ocrx_word' id='word_1_242' title='bbox 1707 3140 1956 3193; x_wconf 89' lang='lat' dir='ltr'><strong>eumdem</strong></span> <span class='ocrx_word' id='word_1_243' title='bbox 1984 3155 2147 3194; x_wconf 85' lang='lat' dir='ltr'><strong>cano-</strong></span> 
     </span>
    </p>
   </div>
   <div class='ocr_carea' id='block_1_35' title="bbox 584 3218 2146 3300">
    <p class='ocr_par' dir='ltr' id='par_1_35' title="bbox 584 3218 2146 3300">
     <span class='ocr_line' id='line_1_35' title="bbox 584 3218 2146 3300; baseline 0.01 -32"><span class='ocrx_word' id='word_1_244' title='bbox 584 3231 707 3269; x_wconf 90' lang='lat' dir='ltr'><strong>nem</strong></span> <span class='ocrx_word' id='word_1_245' title='bbox 738 3218 1065 3274; x_wconf 84' lang='lat' dir='ltr'><strong>deﬁnierunt</strong></span> <span class='ocrx_word' id='word_1_246' title='bbox 1093 3222 1300 3289; x_wconf 89' lang='lat' dir='ltr'><strong>Patres,</strong></span> <span class='ocrx_word' id='word_1_247' title='bbox 1334 3228 1590 3281; x_wconf 89' lang='lat' dir='ltr'><strong>nimirum</strong></span> <span class='ocrx_word' id='word_1_248' title='bbox 1625 3246 1785 3297; x_wconf 90' lang='lat' dir='ltr'><strong>quem</strong></span> <span class='ocrx_word' id='word_1_249' title='bbox 1809 3230 1863 3282; x_wconf 90' lang='lat' dir='ltr'><strong>in</strong></span> <span class='ocrx_word' id='word_1_250' title='bbox 1895 3230 2146 3300; x_wconf 83' lang='lat' dir='ltr'><strong>digamis.</strong></span> 
     </span>
    </p>
   </div>
   <div class='ocr_carea' id='block_1_36' title="bbox 582 3311 2151 3394">
    <p class='ocr_par' dir='ltr' id='par_1_36' title="bbox 582 3311 2151 3394">
     <span class='ocr_line' id='line_1_36' title="bbox 582 3311 2151 3394; baseline 0.012 -33"><span class='ocrx_word' id='word_1_251' title='bbox 582 3311 933 3378; x_wconf 87' lang='lat' dir='ltr'><strong>proportione</strong></span> <span class='ocrx_word' id='word_1_252' title='bbox 958 3330 970 3367; x_wconf 93' lang='lat'>:</span> <span class='ocrx_word' id='word_1_253' title='bbox 992 3330 1191 3371; x_wconf 88' lang='lat' dir='ltr'><strong>annum</strong></span> <span class='ocrx_word' id='word_1_254' title='bbox 1222 3320 1367 3375; x_wconf 88' lang='lat' dir='ltr'><strong>enim</strong></span> <span class='ocrx_word' id='word_1_255' title='bbox 1396 3323 1450 3377; x_wconf 91' lang='lat' dir='ltr'><strong>in</strong></span> <span class='ocrx_word' id='word_1_256' title='bbox 1489 3324 1717 3394; x_wconf 87' lang='lat' dir='ltr'><strong>digamis</strong></span> <span class='ocrx_word' id='word_1_257' title='bbox 1747 3343 1759 3377; x_wconf 91' lang='lat'>:</span> <span class='ocrx_word' id='word_1_258' title='bbox 1795 3326 1845 3377; x_wconf 93' lang='lat' dir='ltr'><strong>in</strong></span> <span class='ocrx_word' id='word_1_259' title='bbox 1875 3325 1993 3379; x_wconf 87' lang='lat' dir='ltr'><strong>aliis</strong></span> <span class='ocrx_word' id='word_1_260' title='bbox 2022 3341 2151 3380; x_wconf 91' lang='lat' dir='ltr'><strong>vero</strong></span> 
     </span>
    </p>
   </div>
   <div class='ocr_carea' id='block_1_37' title="bbox 580 3401 2148 3487">
    <p class='ocr_par' dir='ltr' id='par_1_37' title="bbox 580 3401 2148 3487">
     <span class='ocr_line' id='line_1_37' title="bbox 580 3401 2148 3487; baseline 0.012 -32"><span class='ocrx_word' id='word_1_261' title='bbox 580 3401 719 3457; x_wconf 91' lang='lat' dir='ltr'><strong>duos</strong></span> <span class='ocrx_word' id='word_1_262' title='bbox 764 3419 955 3461; x_wconf 89' lang='lat' dir='ltr'><strong>annos.</strong></span> <span class='ocrx_word' id='word_1_263' title='bbox 1011 3407 1165 3464; x_wconf 87' lang='lat' dir='ltr'><strong>Patet</strong></span> <span class='ocrx_word' id='word_1_264' title='bbox 1195 3410 1358 3482; x_wconf 85' lang='lat' dir='ltr'><strong>igitur</strong></span> <span class='ocrx_word' id='word_1_265' title='bbox 1402 3430 1466 3469; x_wconf 78' lang='lat' dir='ltr'><strong>ex</strong></span> <span class='ocrx_word' id='word_1_266' title='bbox 1520 3416 1583 3469; x_wconf 91' lang='lat' dir='ltr'><strong>iis</strong></span> <span class='ocrx_word' id='word_1_267' title='bbox 1631 3432 1750 3485; x_wconf 69' lang='lat' dir='ltr'><strong>qua:</strong></span> <span class='ocrx_word' id='word_1_268' title='bbox 1802 3417 1942 3471; x_wconf 89' lang='lat' dir='ltr'><strong>dicta</strong></span> <span class='ocrx_word' id='word_1_269' title='bbox 2002 3430 2148 3487; x_wconf 89' lang='lat' dir='ltr'><strong>sunt,</strong></span> 
     </span>
    </p>
   </div>
   <div class='ocr_carea' id='block_1_38' title="bbox 580 3492 2148 3577">
    <p class='ocr_par' dir='ltr' id='par_1_38' title="bbox 580 3492 2148 3577">
     <span class='ocr_line' id='line_1_38' title="bbox 580 3492 2148 3577; baseline 0.012 -31"><span class='ocrx_word' id='word_1_270' title='bbox 580 3492 828 3562; x_wconf 71' lang='lat' dir='ltr'><strong>digamia:</strong></span> <span class='ocrx_word' id='word_1_271' title='bbox 854 3506 1106 3567; x_wconf 89' lang='lat' dir='ltr'><strong>tanquam</strong></span> <span class='ocrx_word' id='word_1_272' title='bbox 1123 3502 1369 3557; x_wconf 71' lang='lat' dir='ltr'><strong>obnoxia:</strong></span> <span class='ocrx_word' id='word_1_273' title='bbox 1391 3505 1699 3575; x_wconf 86' lang='lat' dir='ltr'><strong>impositam</strong></span> <span class='ocrx_word' id='word_1_274' title='bbox 1723 3524 1936 3577; x_wconf 65' lang='lat' dir='ltr'><strong>paruam</strong></span> <span class='ocrx_word' id='word_1_275' title='bbox 1959 3510 2148 3565; x_wconf 84' lang='lat' dir='ltr'><strong>fuisse.</strong></span> 
     </span>
    </p>
   </div>
   <div class='ocr_carea' id='block_1_39' title="bbox 581 3582 2149 3671">
    <p class='ocr_par' dir='ltr' id='par_1_39' title="bbox 581 3582 2149 3671">
     <span class='ocr_line' id='line_1_39' title="bbox 581 3582 2149 3671; baseline 0.016 -37"><span class='ocrx_word' id='word_1_276' title='bbox 581 3582 871 3653; x_wconf 87' lang='lat' dir='ltr'><strong>Propterea</strong></span> <span class='ocrx_word' id='word_1_277' title='bbox 917 3590 1061 3644; x_wconf 89' lang='lat' dir='ltr'><strong>enim</strong></span> <span class='ocrx_word' id='word_1_278' title='bbox 1097 3602 1151 3646; x_wconf 90' lang='lat' dir='ltr'><strong>et</strong></span> <span class='ocrx_word' id='word_1_279' title='bbox 1188 3596 1359 3649; x_wconf 89' lang='lat' dir='ltr'><strong>sancti</strong></span> <span class='ocrx_word' id='word_1_280' title='bbox 1408 3596 1590 3652; x_wconf 88' lang='lat' dir='ltr'><strong>Patres</strong></span> <span class='ocrx_word' id='word_1_281' title='bbox 1637 3601 1824 3671; x_wconf 87' lang='lat' dir='ltr'><strong>synodi</strong></span> <span class='ocrx_word' id='word_1_282' title='bbox 1864 3602 2149 3659; x_wconf 69' lang='lat' dir='ltr'><strong>Neocazsa-</strong></span> 
     </span>
    </p>
   </div>
   <div class='ocr_carea' id='block_1_40' title="bbox 579 3675 2148 3765">
    <p class='ocr_par' dir='ltr' id='par_1_40' title="bbox 579 3675 2148 3765">
     <span class='ocr_line' id='line_1_40' title="bbox 579 3675 2148 3765; baseline 0.015 -39"><span class='ocrx_word' id='word_1_283' title='bbox 579 3675 775 3730; x_wconf 90' lang='lat' dir='ltr'><strong>riensis</strong></span> <span class='ocrx_word' id='word_1_284' title='bbox 804 3678 847 3709; x_wconf 87' lang='lat'><strong><em>&quot;’</em></strong></span> <span class='ocrx_word' id='word_1_285' title='bbox 895 3682 1206 3752; x_wconf 87' lang='lat' dir='ltr'><strong>presbytero</strong></span> <span class='ocrx_word' id='word_1_286' title='bbox 1256 3686 1673 3757; x_wconf 79' lang='lat' dir='ltr'><strong>interdixerunt,</strong></span> <span class='ocrx_word' id='word_1_287' title='bbox 1725 3708 1792 3747; x_wconf 94' lang='lat' dir='ltr'><strong>ne</strong></span> <span class='ocrx_word' id='word_1_288' title='bbox 1845 3694 1898 3747; x_wconf 90' lang='lat' dir='ltr'><strong>in</strong></span> <span class='ocrx_word' id='word_1_289' title='bbox 1949 3696 2148 3765; x_wconf 83' lang='lat' dir='ltr'><strong>digami</strong></span> 
     </span>
    </p>
   </div>
   <div class='ocr_carea' id='block_1_41' title="bbox 582 3766 1085 3842">
    <p class='ocr_par' dir='ltr' id='par_1_41' title="bbox 582 3766 1085 3842">
     <span class='ocr_line' id='line_1_41' title="bbox 582 3766 1085 3842; baseline 0.014 -23"><span class='ocrx_word' id='word_1_290' title='bbox 582 3766 788 3837; x_wconf 77' lang='lat' dir='ltr'><strong>nuptiis</strong></span> <span class='ocrx_word' id='word_1_291' title='bbox 816 3771 1085 3842; x_wconf 86' lang='lat' dir='ltr'><strong>epuletur.</strong></span> 
     </span>
    </p>
   </div>
   <div class='ocr_carea' id='block_1_42' title="bbox 650 4026 2141 4110">
    <p class='ocr_par' dir='ltr' id='par_1_42' title="bbox 650 4026 2141 4110">
     <span class='ocr_line' id='line_1_42' title="bbox 650 4026 2141 4110; baseline 0.009 -30"><span class='ocrx_word' id='word_1_292' title='bbox 650 4026 785 4081; x_wconf 88' lang='lat' dir='ltr'><strong>Cum</strong></span> <span class='ocrx_word' id='word_1_293' title='bbox 820 4030 988 4090; x_wconf 87' lang='lat' dir='ltr'><strong>enim.</strong></span> <span class='ocrx_word' id='word_1_294' title='bbox 1020 4030 1295 4101; x_wconf 91' lang='lat' dir='ltr'><strong>inquiunt,</strong></span> <span class='ocrx_word' id='word_1_295' title='bbox 1333 4034 1649 4103; x_wconf 75' lang='lat' dir='ltr'><strong>pmnitentia</strong></span> <span class='ocrx_word' id='word_1_296' title='bbox 1681 4038 1927 4107; x_wconf 83' lang='lat' dir='ltr'><strong>digamus</strong></span> <span class='ocrx_word' id='word_1_297' title='bbox 1966 4050 2141 4110; x_wconf 84' lang='lat' dir='ltr'><strong>egeat,</strong></span> 
     </span>
    </p>
   </div>
   <div class='ocr_carea' id='block_1_43' title="bbox 573 4121 2140 4196">
    <p class='ocr_par' dir='ltr' id='par_1_43' title="bbox 573 4121 2140 4196">
     <span class='ocr_line' id='line_1_43' title="bbox 573 4121 2140 4196; baseline 0.01 -24"><span class='ocrx_word' id='word_1_298' title='bbox 573 4121 696 4187; x_wconf 92' lang='lat' dir='ltr'><strong>quis</strong></span> <span class='ocrx_word' id='word_1_299' title='bbox 743 4124 844 4175; x_wconf 90' lang='lat' dir='ltr'><strong>erit</strong></span> <span class='ocrx_word' id='word_1_300' title='bbox 881 4125 1161 4193; x_wconf 79' lang='lat' dir='ltr'><strong>presbyter</strong></span> <span class='ocrx_word' id='word_1_301' title='bbox 1190 4128 1281 4195; x_wconf 91' lang='lat' dir='ltr'><strong>qui</strong></span> <span class='ocrx_word' id='word_1_302' title='bbox 1330 4144 1427 4196; x_wconf 86' lang='lat' dir='ltr'><strong>per</strong></span> <span class='ocrx_word' id='word_1_303' title='bbox 1464 4131 1772 4184; x_wconf 80' lang='lat' dir='ltr'><strong>convivium</strong></span> <span class='ocrx_word' id='word_1_304' title='bbox 1813 4149 2140 4187; x_wconf 76' lang='lat' dir='ltr'><strong>consensum</strong></span> 
     </span>
    </p>
   </div>
   <div class='ocr_carea' id='block_1_44' title="bbox 577 4212 2142 4291">
    <p class='ocr_par' dir='ltr' id='par_1_44' title="bbox 577 4212 2142 4291">
     <span class='ocr_line' id='line_1_44' title="bbox 577 4212 2142 4291; baseline 0.008 -26"><span class='ocrx_word' id='word_1_305' title='bbox 577 4212 813 4280; x_wconf 65' lang='lat' dir='ltr'><strong>praebeat</strong></span> <span class='ocrx_word' id='word_1_306' title='bbox 864 4215 1059 4270; x_wconf 90' lang='lat' dir='ltr'><strong>talibus</strong></span> <span class='ocrx_word' id='word_1_307' title='bbox 1106 4217 1349 4286; x_wconf 86' lang='lat' dir='ltr'><strong>nuptiis?</strong></span> <span class='ocrx_word' id='word_1_308' title='bbox 1390 4219 1529 4283; x_wconf 85' lang='lat' dir='ltr'><strong>Quid</strong></span> <span class='ocrx_word' id='word_1_309' title='bbox 1581 4236 1709 4291; x_wconf 87' lang='lat' dir='ltr'><strong>ergo</strong></span> <span class='ocrx_word' id='word_1_310' title='bbox 1749 4238 1812 4275; x_wconf 77' lang='lat' dir='ltr'><strong>ex</strong></span> <span class='ocrx_word' id='word_1_311' title='bbox 1863 4224 1945 4277; x_wconf 89' lang='lat' dir='ltr'><strong>his</strong></span> <span class='ocrx_word' id='word_1_312' title='bbox 1996 4225 2142 4278; x_wconf 88' lang='lat' dir='ltr'><strong>aliud</strong></span> 
     </span>
    </p>
   </div>
   <div class='ocr_carea' id='block_1_45' title="bbox 576 4305 2139 4386">
    <p class='ocr_par' dir='ltr' id='par_1_45' title="bbox 576 4305 2139 4386">
     <span class='ocr_line' id='line_1_45' title="bbox 576 4305 2139 4386; baseline 0.01 -31"><span class='ocrx_word' id='word_1_313' title='bbox 576 4305 883 4358; x_wconf 88' lang='lat' dir='ltr'><strong>necessario</strong></span> <span class='ocrx_word' id='word_1_314' title='bbox 905 4306 1205 4372; x_wconf 79' lang='lat' dir='ltr'><strong>coniicitur,</strong></span> <span class='ocrx_word' id='word_1_315' title='bbox 1238 4326 1395 4378; x_wconf 91' lang='lat' dir='ltr'><strong>quam</strong></span> <span class='ocrx_word' id='word_1_316' title='bbox 1422 4312 1623 4380; x_wconf 89' lang='lat' dir='ltr'><strong>primas</strong></span> <span class='ocrx_word' id='word_1_317' title='bbox 1654 4314 1871 4381; x_wconf 86' lang='lat' dir='ltr'><strong>quidem</strong></span> <span class='ocrx_word' id='word_1_318' title='bbox 1905 4319 2139 4386; x_wconf 82' lang='lat' dir='ltr'><strong>nuptias,</strong></span> 
     </span>
    </p>
   </div>
   <div class='ocr_carea' id='block_1_46' title="bbox 575 4397 2142 4465">
    <p class='ocr_par' dir='ltr' id='par_1_46' title="bbox 575 4397 2142 4465">
     <span class='ocr_line' id='line_1_46' title="bbox 575 4397 2142 4465; baseline 0.011 -21"><span class='ocrx_word' id='word_1_319' title='bbox 575 4399 635 4445; x_wconf 90' lang='lat' dir='ltr'><strong>ut</strong></span> <span class='ocrx_word' id='word_1_320' title='bbox 663 4409 784 4461; x_wconf 68' lang='lat' dir='ltr'><strong>qum</strong></span> <span class='ocrx_word' id='word_1_321' title='bbox 808 4397 1022 4465; x_wconf 90' lang='lat' dir='ltr'><strong>proprie</strong></span> <span class='ocrx_word' id='word_1_322' title='bbox 1051 4398 1135 4451; x_wconf 83' lang='lat' dir='ltr'><strong>lex</strong></span> <span class='ocrx_word' id='word_1_323' title='bbox 1166 4399 1294 4465; x_wconf 88' lang='lat' dir='ltr'><strong>sint,</strong></span> <span class='ocrx_word' id='word_1_324' title='bbox 1328 4401 1523 4455; x_wconf 85' lang='lat' dir='ltr'><strong>merito</strong></span> <span class='ocrx_word' id='word_1_325' title='bbox 1549 4405 1799 4457; x_wconf 86' lang='lat' dir='ltr'><strong>coronari</strong></span> <span class='ocrx_word' id='word_1_326' title='bbox 1836 4421 1866 4458; x_wconf 87' lang='lat' dir='ltr'><strong>a</strong></span> <span class='ocrx_word' id='word_1_327' title='bbox 1893 4408 2142 4461; x_wconf 86' lang='lat' dir='ltr'><strong>sacerdo-</strong></span> 
     </span>
    </p>
   </div>
   <div class='ocr_carea' id='block_1_47' title="bbox 2264 581 3842 653">
    <p class='ocr_par' dir='ltr' id='par_1_47' title="bbox 2264 581 3842 653">
     <span class='ocr_line' id='line_1_47' title="bbox 2264 581 3842 653; baseline 0.001 -19"><span class='ocrx_word' id='word_1_328' title='bbox 2264 583 2404 634; x_wconf 81' lang='grc' dir='ltr'><strong>κατά</strong></span> <span class='ocrx_word' id='word_1_329' title='bbox 2441 581 2688 652; x_wconf 81' lang='grc' dir='ltr'>δύναμιν.</span> <span class='ocrx_word' id='word_1_330' title='bbox 2734 583 2797 635; x_wconf 83' lang='grc' dir='ltr'><strong>Ἦ</strong></span> <span class='ocrx_word' id='word_1_331' title='bbox 2827 582 3094 652; x_wconf 78' lang='grc' dir='ltr'>ἐρώτησίς</span> <span class='ocrx_word' id='word_1_332' title='bbox 3120 601 3212 635; x_wconf 86' lang='grc' dir='ltr'><strong>σου</strong></span> <span class='ocrx_word' id='word_1_333' title='bbox 3252 583 3378 651; x_wconf 80' lang='grc' dir='ltr'>περὶ</span> <span class='ocrx_word' id='word_1_334' title='bbox 3402 584 3512 634; x_wconf 84' lang='grc' dir='ltr'><strong>τῶν</strong></span> <span class='ocrx_word' id='word_1_335' title='bbox 3542 584 3804 653; x_wconf 79' lang='grc' dir='ltr'>διγάμων</span> <span class='ocrx_word' id='word_1_336' title='bbox 3828 602 3842 613; x_wconf 87' lang='grc'><strong>·</strong></span> 
     </span>
    </p>
   </div>
   <div class='ocr_carea' id='block_1_48' title="bbox 2262 676 3845 746">
    <p class='ocr_par' dir='ltr' id='par_1_48' title="bbox 2262 676 3845 746">
     <span class='ocr_line' id='line_1_48' title="bbox 2262 676 3845 746; baseline 0.001 -19"><span class='ocrx_word' id='word_1_337' title='bbox 2262 676 2344 728; x_wconf 80' lang='grc' dir='ltr'><strong>ὅτι</strong></span> <span class='ocrx_word' id='word_1_338' title='bbox 2393 676 2909 746; x_wconf 75' lang='grc' dir='ltr'>ἀμφισϐητούμενόν</span> <span class='ocrx_word' id='word_1_339' title='bbox 2943 678 3056 743; x_wconf 57' lang='lat' dir='ltr'><strong>tot:</strong></span> <span class='ocrx_word' id='word_1_340' title='bbox 3093 677 3221 745; x_wconf 73' lang='grc' dir='ltr'>περὶ</span> <span class='ocrx_word' id='word_1_341' title='bbox 3252 677 3352 745; x_wconf 73' lang='grc' dir='ltr'>τῆς</span> <span class='ocrx_word' id='word_1_342' title='bbox 3389 678 3690 742; x_wconf 57' lang='grc' dir='ltr'>συναςείας</span> <span class='ocrx_word' id='word_1_343' title='bbox 3743 678 3845 729; x_wconf 69' lang='grc' dir='ltr'><strong>αἰ,-</strong></span> 
     </span>
    </p>
   </div>
   <div class='ocr_carea' id='block_1_49' title="bbox 2261 762 3846 837">
    <p class='ocr_par' dir='ltr' id='par_1_49' title="bbox 2261 762 3846 837">
     <span class='ocr_line' id='line_1_49' title="bbox 2261 762 3846 837; baseline 0.002 -19"><span class='ocrx_word' id='word_1_344' title='bbox 2261 765 2390 829; x_wconf 87' lang='grc' dir='ltr'>τῶν,</span> <span class='ocrx_word' id='word_1_345' title='bbox 2419 762 2529 835; x_wconf 75' lang='grc' dir='ltr'>ἄρα</span> <span class='ocrx_word' id='word_1_346' title='bbox 2571 765 2961 834; x_wconf 70' lang='grc' dir='ltr'><strong>στεφανοῦσθαι</strong></span> <span class='ocrx_word' id='word_1_347' title='bbox 2989 768 3184 830; x_wconf 75' lang='grc' dir='ltr'>αὐτοὺς</span> <span class='ocrx_word' id='word_1_348' title='bbox 3208 806 3221 829; x_wconf 86' lang='grc'><em>,</em></span> <span class='ocrx_word' id='word_1_349' title='bbox 3247 766 3321 828; x_wconf 81' lang='grc' dir='ltr'>ὡς</span> <span class='ocrx_word' id='word_1_350' title='bbox 3355 767 3577 820; x_wconf 74' lang='grc' dir='ltr'>ἐπὶτῶν</span> <span class='ocrx_word' id='word_1_351' title='bbox 3604 769 3846 837; x_wconf 75' lang='grc' dir='ltr'>μονογὰ-</span> 
     </span>
    </p>
   </div>
   <div class='ocr_carea' id='block_1_50' title="bbox 2266 855 3844 927">
    <p class='ocr_par' dir='ltr' id='par_1_50' title="bbox 2266 855 3844 927">
     <span class='ocr_line' id='line_1_50' title="bbox 2266 855 3844 927; baseline 0.001 -20"><span class='ocrx_word' id='word_1_352' title='bbox 2266 855 2473 925; x_wconf 82' lang='grc' dir='ltr'>μων,ἥ</span> <span class='ocrx_word' id='word_1_353' title='bbox 2533 856 2649 926; x_wconf 86' lang='grc' dir='ltr'><strong>μή;</strong></span> <span class='ocrx_word' id='word_1_354' title='bbox 2688 856 2783 908; x_wconf 74' lang='grc' dir='ltr'>καὶ</span> <span class='ocrx_word' id='word_1_355' title='bbox 2824 857 2968 923; x_wconf 83' lang='grc' dir='ltr'>πῶς,</span> <span class='ocrx_word' id='word_1_356' title='bbox 3028 857 3122 910; x_wconf 78' lang='grc' dir='ltr'>ἐὰν</span> <span class='ocrx_word' id='word_1_357' title='bbox 3175 856 3332 909; x_wconf 83' lang='grc' dir='ltr'>τοῦτο</span> <span class='ocrx_word' id='word_1_358' title='bbox 3381 860 3717 927; x_wconf 78' lang='grc' dir='ltr'>γενήσεται,</span> <span class='ocrx_word' id='word_1_359' title='bbox 3756 860 3844 926; x_wconf 74' lang='grc' dir='ltr'>εἴη</span> 
     </span>
    </p>
   </div>
   <div class='ocr_carea' id='block_1_51' title="bbox 2264 946 3841 1018">
    <p class='ocr_par' dir='ltr' id='par_1_51' title="bbox 2264 946 3841 1018">
     <span class='ocr_line' id='line_1_51' title="bbox 2264 946 3841 1018; baseline 0.003 -20"><span class='ocrx_word' id='word_1_360' title='bbox 2264 946 2552 1011; x_wconf 76' lang='grc' dir='ltr'><strong>συνάφεια,</strong></span> <span class='ocrx_word' id='word_1_361' title='bbox 2607 947 2680 1018; x_wconf 84' lang='grc' dir='ltr'>μὴ</span> <span class='ocrx_word' id='word_1_362' title='bbox 2720 948 2823 999; x_wconf 73' lang='grc' dir='ltr'>ὑπὸ</span> <span class='ocrx_word' id='word_1_363' title='bbox 2850 948 2943 1000; x_wconf 87' lang='grc' dir='ltr'><strong>τοῦ</strong></span> <span class='ocrx_word' id='word_1_364' title='bbox 2982 948 3173 1018; x_wconf 79' lang='grc' dir='ltr'><strong>ἱερέως</strong></span> <span class='ocrx_word' id='word_1_365' title='bbox 3207 949 3589 1017; x_wconf 77' lang='grc' dir='ltr'><strong>ζευγνυμένων</strong></span> <span class='ocrx_word' id='word_1_366' title='bbox 3616 950 3841 1009; x_wconf 71' lang='grc' dir='ltr'>αὐτῶνξ</span> 
     </span>
    </p>
   </div>
   <div class='ocr_carea' id='block_1_52' title="bbox 2260 1038 3841 1109">
    <p class='ocr_par' dir='ltr' id='par_1_52' title="bbox 2260 1038 3841 1109">
     <span class='ocr_line' id='line_1_52' title="bbox 2260 1038 3841 1109; baseline 0.003 -20"><span class='ocrx_word' id='word_1_367' title='bbox 2260 1038 2343 1090; x_wconf 85' lang='grc' dir='ltr'><strong>ὅτι</strong></span> <span class='ocrx_word' id='word_1_368' title='bbox 2407 1038 2632 1106; x_wconf 84' lang='grc' dir='ltr'>φέρεται</span> <span class='ocrx_word' id='word_1_369' title='bbox 2689 1038 2844 1106; x_wconf 81' lang='grc' dir='ltr'><strong>λόγος</strong></span> <span class='ocrx_word' id='word_1_370' title='bbox 2896 1040 3002 1094; x_wconf 85' lang='grc' dir='ltr'><strong>ἀπὸ</strong></span> <span class='ocrx_word' id='word_1_371' title='bbox 3053 1040 3161 1092; x_wconf 79' lang='grc' dir='ltr'><strong>τῶν</strong></span> <span class='ocrx_word' id='word_1_372' title='bbox 3210 1040 3435 1109; x_wconf 79' lang='grc' dir='ltr'>ἡμερῶν</span> <span class='ocrx_word' id='word_1_373' title='bbox 3464 1039 3557 1091; x_wconf 85' lang='grc' dir='ltr'><strong>τοῦ</strong></span> <span class='ocrx_word' id='word_1_374' title='bbox 3606 1040 3841 1103; x_wconf 77' lang='grc' dir='ltr'>ἀσεὸοῦς</span> 
     </span>
    </p>
   </div>
   <div class='ocr_carea' id='block_1_53' title="bbox 2262 1129 3843 1203">
    <p class='ocr_par' dir='ltr' id='par_1_53' title="bbox 2262 1129 3843 1203">
     <span class='ocr_line' id='line_1_53' title="bbox 2262 1129 3843 1203; baseline 0.003 -22"><span class='ocrx_word' id='word_1_375' title='bbox 2262 1129 2669 1182; x_wconf 82' lang='grc' dir='ltr'>Κωνσταντίνου</span> <span class='ocrx_word' id='word_1_376' title='bbox 2704 1131 2979 1200; x_wconf 83' lang='grc' dir='ltr'>κρατῆσαι</span> <span class='ocrx_word' id='word_1_377' title='bbox 3016 1130 3118 1200; x_wconf 83' lang='grc' dir='ltr'>τὴν</span> <span class='ocrx_word' id='word_1_378' title='bbox 3164 1132 3449 1200; x_wconf 83' lang='grc' dir='ltr'>συνήθειαν</span> <span class='ocrx_word' id='word_1_379' title='bbox 3480 1131 3575 1183; x_wconf 82' lang='grc' dir='ltr'><strong>τοῦ</strong></span> <span class='ocrx_word' id='word_1_380' title='bbox 3612 1134 3843 1203; x_wconf 86' lang='grc' dir='ltr'>διγαμι-</span> 
     </span>
    </p>
   </div>
   <div class='ocr_carea' id='block_1_54' title="bbox 2260 1218 3841 1292">
    <p class='ocr_par' dir='ltr' id='par_1_54' title="bbox 2260 1218 3841 1292">
     <span class='ocr_line' id='line_1_54' title="bbox 2260 1218 3841 1292; baseline 0.004 -21"><span class='ocrx_word' id='word_1_381' title='bbox 2260 1218 2356 1271; x_wconf 85' lang='grc' dir='ltr'><strong>κοῦ</strong></span> <span class='ocrx_word' id='word_1_382' title='bbox 2397 1218 2835 1290; x_wconf 82' lang='grc' dir='ltr'>στεφανώματος,</span> <span class='ocrx_word' id='word_1_383' title='bbox 2856 1223 2919 1274; x_wconf 85' lang='grc' dir='ltr'>ὲκ</span> <span class='ocrx_word' id='word_1_384' title='bbox 2948 1219 3041 1273; x_wconf 88' lang='grc' dir='ltr'><strong>τοῦ</strong></span> <span class='ocrx_word' id='word_1_385' title='bbox 3068 1223 3187 1274; x_wconf 80' lang='grc' dir='ltr'>κατ’</span> <span class='ocrx_word' id='word_1_386' title='bbox 3207 1222 3368 1275; x_wconf 72' lang='grc' dir='ltr'>αὐτὸν</span> <span class='ocrx_word' id='word_1_387' title='bbox 3388 1225 3633 1292; x_wconf 89' lang='grc' dir='ltr'>τριγαμή</span> <span class='ocrx_word' id='word_1_388' title='bbox 3644 1241 3841 1292; x_wconf 87' lang='grc' dir='ltr'>ματος·</span> 
     </span>
    </p>
   </div>
   <div class='ocr_carea' id='block_1_55' title="bbox 2262 1296 3843 1383">
    <p class='ocr_par' dir='ltr' id='par_1_55' title="bbox 2262 1296 3843 1383">
     <span class='ocr_line' id='line_1_55' title="bbox 2262 1296 3843 1383; baseline 0.006 -22"><span class='ocrx_word' id='word_1_389' title='bbox 2262 1296 2391 1362; x_wconf 62' lang='grc' dir='ltr'>ἐπεῖ</span> <span class='ocrx_word' id='word_1_390' title='bbox 2424 1312 2498 1381; x_wconf 84' lang='grc' dir='ltr'>μὴ</span> <span class='ocrx_word' id='word_1_391' title='bbox 2538 1307 2675 1364; x_wconf 76' lang='grc' dir='ltr'>εἶναι</span> <span class='ocrx_word' id='word_1_392' title='bbox 2710 1314 2769 1365; x_wconf 81' lang='grc' dir='ltr'>ὲν</span> <span class='ocrx_word' id='word_1_393' title='bbox 2799 1316 2917 1375; x_wconf 87' lang='grc' dir='ltr'>τοῖς</span> <span class='ocrx_word' id='word_1_394' title='bbox 2943 1313 3061 1383; x_wconf 80' lang='grc' dir='ltr'>’πρὸ</span> <span class='ocrx_word' id='word_1_395' title='bbox 3107 1313 3274 1366; x_wconf 79' lang='grc' dir='ltr'>αὑτοῦ</span> <span class='ocrx_word' id='word_1_396' title='bbox 3307 1314 3540 1383; x_wconf 79' lang='grc' dir='ltr'><strong>χρόνοις.</strong></span> <span class='ocrx_word' id='word_1_397' title='bbox 3596 1316 3745 1383; x_wconf 82' lang='grc' dir='ltr'><strong>Ἐγὼ</strong></span> <span class='ocrx_word' id='word_1_398' title='bbox 3788 1318 3843 1370; x_wconf 83' lang='grc' dir='ltr'>δὲ</span> 
     </span>
    </p>
   </div>
   <div class='ocr_carea' id='block_1_56' title="bbox 2261 1401 3843 1472">
    <p class='ocr_par' dir='ltr' id='par_1_56' title="bbox 2261 1401 3843 1472">
     <span class='ocr_line' id='line_1_56' title="bbox 2261 1401 3843 1472; baseline 0.005 -19"><span class='ocrx_word' id='word_1_399' title='bbox 2261 1401 2405 1471; x_wconf 77' lang='grc' dir='ltr'>ἔχειν</span> <span class='ocrx_word' id='word_1_400' title='bbox 2431 1403 2527 1472; x_wconf 84' lang='grc' dir='ltr'><strong>μὲν</strong></span> <span class='ocrx_word' id='word_1_401' title='bbox 2552 1404 2643 1457; x_wconf 85' lang='grc' dir='ltr'><strong>τὸν</strong></span> <span class='ocrx_word' id='word_1_402' title='bbox 2672 1404 2825 1471; x_wconf 89' lang='grc' dir='ltr'>λόγον</span> <span class='ocrx_word' id='word_1_403' title='bbox 2856 1404 2916 1461; x_wconf 76' lang='grc' dir='ltr'>τὸ</span> <span class='ocrx_word' id='word_1_404' title='bbox 2940 1405 3131 1457; x_wconf 81' lang='grc' dir='ltr'>πιστὸν</span> <span class='ocrx_word' id='word_1_405' title='bbox 3156 1406 3405 1459; x_wconf 78' lang='grc' dir='ltr'>ἐντεῦθεν</span> <span class='ocrx_word' id='word_1_406' title='bbox 3436 1407 3535 1459; x_wconf 81' lang='grc' dir='ltr'><strong>οὐκ</strong></span> <span class='ocrx_word' id='word_1_407' title='bbox 3577 1410 3843 1463; x_wconf 83' lang='grc' dir='ltr'>ἀποδοκι-</span> 
     </span>
    </p>
   </div>
   <div class='ocr_carea' id='block_1_57' title="bbox 2264 1491 3842 1568">
    <p class='ocr_par' dir='ltr' id='par_1_57' title="bbox 2264 1491 3842 1568">
     <span class='ocr_line' id='line_1_57' title="bbox 2264 1491 3842 1568; baseline 0.004 -24"><span class='ocrx_word' id='word_1_408' title='bbox 2264 1491 2442 1559; x_wconf 75' lang='grc' dir='ltr'>μάζω.</span> <span class='ocrx_word' id='word_1_409' title='bbox 2472 1494 2563 1545; x_wconf 87' lang='grc' dir='ltr'>Δεῖ</span> <span class='ocrx_word' id='word_1_410' title='bbox 2593 1493 2648 1545; x_wconf 80' lang='grc' dir='ltr'>δὲ</span> <span class='ocrx_word' id='word_1_411' title='bbox 2689 1495 2836 1563; x_wconf 86' lang='grc' dir='ltr'>ὅμως</span> <span class='ocrx_word' id='word_1_412' title='bbox 2868 1497 2976 1556; x_wconf 86' lang='grc' dir='ltr'>τοῖς</span> <span class='ocrx_word' id='word_1_413' title='bbox 3006 1495 3259 1565; x_wconf 74' lang='grc' dir='ltr'><strong>ἀληθείας</strong></span> <span class='ocrx_word' id='word_1_414' title='bbox 3306 1498 3565 1567; x_wconf 77' lang='grc' dir='ltr'>ἐρασταῖς</span> <span class='ocrx_word' id='word_1_415' title='bbox 3590 1539 3605 1562; x_wconf 88' lang='grc'><em>,</em></span> <span class='ocrx_word' id='word_1_416' title='bbox 3643 1499 3719 1568; x_wconf 85' lang='grc' dir='ltr'>μὴ</span> <span class='ocrx_word' id='word_1_417' title='bbox 3778 1502 3842 1551; x_wconf 85' lang='grc' dir='ltr'>ὲκ</span> 
     </span>
    </p>
   </div>
   <div class='ocr_carea' id='block_1_58' title="bbox 2263 1582 3841 1657">
    <p class='ocr_par' dir='ltr' id='par_1_58' title="bbox 2263 1582 3841 1657">
     <span class='ocr_line' id='line_1_58' title="bbox 2263 1582 3841 1657; baseline 0.003 -24"><span class='ocrx_word' id='word_1_418' title='bbox 2263 1583 2454 1649; x_wconf 80' lang='grc' dir='ltr'>φορᾶς,</span> <span class='ocrx_word' id='word_1_419' title='bbox 2504 1582 2579 1643; x_wconf 84' lang='grc' dir='ltr'>ὡς</span> <span class='ocrx_word' id='word_1_420' title='bbox 2621 1582 2795 1651; x_wconf 78' lang='grc' dir='ltr'>ἔτυχε.</span> <span class='ocrx_word' id='word_1_421' title='bbox 2831 1583 3083 1653; x_wconf 87' lang='grc' dir='ltr'>λόγου,ῆ</span> <span class='ocrx_word' id='word_1_422' title='bbox 3145 1585 3435 1653; x_wconf 76' lang='grc' dir='ltr'>συνηθείας</span> <span class='ocrx_word' id='word_1_423' title='bbox 3483 1587 3841 1657; x_wconf 77' lang='grc' dir='ltr'><strong>ἀνθρωπίνης</strong></span> 
     </span>
    </p>
   </div>
   <div class='ocr_carea' id='block_1_59' title="bbox 2263 1673 3841 1747">
    <p class='ocr_par' dir='ltr' id='par_1_59' title="bbox 2263 1673 3841 1747">
     <span class='ocr_line' id='line_1_59' title="bbox 2263 1673 3841 1747; baseline 0.004 -21"><span class='ocrx_word' id='word_1_424' title='bbox 2263 1673 2581 1727; x_wconf 77' lang='grc' dir='ltr'>πιστοῦσθαι</span> <span class='ocrx_word' id='word_1_425' title='bbox 2605 1674 2673 1727; x_wconf 71' lang='grc' dir='ltr'><strong>τὰ</strong></span> <span class='ocrx_word' id='word_1_426' title='bbox 2702 1676 3001 1744; x_wconf 76' lang='grc' dir='ltr'>πράγματα</span> <span class='ocrx_word' id='word_1_427' title='bbox 3024 1692 3037 1705; x_wconf 70' lang='grc' dir='ltr'><strong>ο</strong></span> <span class='ocrx_word' id='word_1_428' title='bbox 3056 1676 3241 1740; x_wconf 81' lang='grc' dir='ltr'>ἀλλ’ὲξ</span> <span class='ocrx_word' id='word_1_429' title='bbox 3268 1678 3435 1747; x_wconf 78' lang='grc' dir='ltr'>αὐτῆς</span> <span class='ocrx_word' id='word_1_430' title='bbox 3462 1680 3559 1747; x_wconf 82' lang='grc' dir='ltr'><strong>τῆς</strong></span> <span class='ocrx_word' id='word_1_431' title='bbox 3578 1679 3841 1731; x_wconf 68' lang='grc' dir='ltr'>θεοπνεύ-</span> 
     </span>
    </p>
   </div>
   <div class='ocr_carea' id='block_1_60' title="bbox 2267 1765 3842 1837">
    <p class='ocr_par' dir='ltr' id='par_1_60' title="bbox 2267 1765 3842 1837">
     <span class='ocr_line' id='line_1_60' title="bbox 2267 1765 3842 1837; baseline 0.002 -21"><span class='ocrx_word' id='word_1_432' title='bbox 2267 1780 2391 1816; x_wconf 83' lang='grc' dir='ltr'>στου</span> <span class='ocrx_word' id='word_1_433' title='bbox 2431 1765 2671 1835; x_wconf 70' lang='grc' dir='ltr'>Γραφῆς,</span> <span class='ocrx_word' id='word_1_434' title='bbox 2703 1766 2789 1817; x_wconf 72' lang='grc' dir='ltr'><strong>καὶ</strong></span> <span class='ocrx_word' id='word_1_435' title='bbox 2826 1766 2924 1833; x_wconf 76' lang='grc' dir='ltr'><strong>τῆς</strong></span> <span class='ocrx_word' id='word_1_436' title='bbox 2946 1765 3223 1835; x_wconf 80' lang='grc' dir='ltr'>Πατρικῆς</span> <span class='ocrx_word' id='word_1_437' title='bbox 3247 1768 3341 1820; x_wconf 74' lang='grc' dir='ltr'><strong>καὶ</strong></span> <span class='ocrx_word' id='word_1_438' title='bbox 3372 1769 3661 1837; x_wconf 78' lang='grc' dir='ltr'>κανονικῆς</span> <span class='ocrx_word' id='word_1_439' title='bbox 3688 1770 3842 1821; x_wconf 70' lang='grc' dir='ltr'>ἐκδό-</span> 
     </span>
    </p>
   </div>
   <div class='ocr_carea' id='block_1_61' title="bbox 2262 1852 3839 1927">
    <p class='ocr_par' dir='ltr' id='par_1_61' title="bbox 2262 1852 3839 1927">
     <span class='ocr_line' id='line_1_61' title="bbox 2262 1852 3839 1927; baseline 0.003 -20"><span class='ocrx_word' id='word_1_440' title='bbox 2262 1871 2416 1917; x_wconf 82' lang='grc' dir='ltr'>σεως.</span> <span class='ocrx_word' id='word_1_441' title='bbox 2432 1856 2497 1907; x_wconf 82' lang='grc' dir='ltr'>Ἡ</span> <span class='ocrx_word' id='word_1_442' title='bbox 2517 1856 2613 1924; x_wconf 84' lang='grc' dir='ltr'><strong>μὲν</strong></span> <span class='ocrx_word' id='word_1_443' title='bbox 2630 1852 2719 1909; x_wconf 80' lang='grc' dir='ltr'><strong>οῦν</strong></span> <span class='ocrx_word' id='word_1_444' title='bbox 2736 1856 2857 1923; x_wconf 86' lang='grc' dir='ltr'>διγα</span> <span class='ocrx_word' id='word_1_445' title='bbox 2867 1858 2963 1925; x_wconf 90' lang='grc' dir='ltr'><strong>μία</strong></span> <span class='ocrx_word' id='word_1_446' title='bbox 2981 1856 3439 1927; x_wconf 75' lang='grc' dir='ltr'>παρακεχώρηται</span> <span class='ocrx_word' id='word_1_447' title='bbox 3462 1858 3705 1927; x_wconf 83' lang='grc' dir='ltr'>δηλονότι</span> <span class='ocrx_word' id='word_1_448' title='bbox 3735 1862 3839 1913; x_wconf 77' lang='grc' dir='ltr'><strong>ὑπὸ</strong></span> 
     </span>
    </p>
   </div>
   <div class='ocr_carea' id='block_1_62' title="bbox 2260 1945 3834 2021">
    <p class='ocr_par' dir='ltr' id='par_1_62' title="bbox 2260 1945 3834 2021">
     <span class='ocr_line' id='line_1_62' title="bbox 2260 1945 3834 2021; baseline 0.004 -24"><span class='ocrx_word' id='word_1_449' title='bbox 2260 1945 2351 1998; x_wconf 82' lang='grc' dir='ltr'><strong>τοῦ</strong></span> <span class='ocrx_word' id='word_1_450' title='bbox 2386 1946 2531 2017; x_wconf 88' lang='grc' dir='ltr'>ἱεροῦ</span> <span class='ocrx_word' id='word_1_451' title='bbox 2571 1948 2917 2013; x_wconf 84' lang='grc' dir='ltr'>Ἀποστόλου,</span> <span class='ocrx_word' id='word_1_452' title='bbox 2950 1950 3043 2001; x_wconf 68' lang='grc' dir='ltr'>καὶ</span> <span class='ocrx_word' id='word_1_453' title='bbox 3072 1949 3138 2001; x_wconf 80' lang='grc' dir='ltr'>δι’</span> <span class='ocrx_word' id='word_1_454' title='bbox 3168 1949 3330 2001; x_wconf 80' lang='grc' dir='ltr'>αὐτοῦ</span> <span class='ocrx_word' id='word_1_455' title='bbox 3364 1953 3511 2021; x_wconf 84' lang='grc' dir='ltr'><strong>παρά</strong></span> <span class='ocrx_word' id='word_1_456' title='bbox 3539 1952 3785 2019; x_wconf 78' lang='grc' dir='ltr'>Χριστοῦ</span> <span class='ocrx_word' id='word_1_457' title='bbox 3820 1968 3834 1981; x_wconf 75' lang='grc' dir='ltr'><strong>ο</strong></span> 
     </span>
    </p>
   </div>
   <div class='ocr_carea' id='block_1_63' title="bbox 2266 2037 3837 2111">
    <p class='ocr_par' dir='ltr' id='par_1_63' title="bbox 2266 2037 3837 2111">
     <span class='ocr_line' id='line_1_63' title="bbox 2266 2037 3837 2111; baseline 0.004 -22"><span class='ocrx_word' id='word_1_458' title='bbox 2266 2037 2327 2089; x_wconf 83' lang='grc' dir='ltr'><strong>οὐ</strong></span> <span class='ocrx_word' id='word_1_459' title='bbox 2389 2039 2495 2107; x_wconf 78' lang='grc' dir='ltr'><strong>μὴν</strong></span> <span class='ocrx_word' id='word_1_460' title='bbox 2550 2038 2733 2109; x_wconf 86' lang='grc' dir='ltr'>νόμος,</span> <span class='ocrx_word' id='word_1_461' title='bbox 2765 2039 2953 2109; x_wconf 82' lang='grc' dir='ltr'>ὥσπερ</span> <span class='ocrx_word' id='word_1_462' title='bbox 2988 2042 3015 2092; x_wconf 88' lang='grc' dir='ltr'>ὀ</span> <span class='ocrx_word' id='word_1_463' title='bbox 3044 2040 3308 2107; x_wconf 73' lang='grc' dir='ltr'>Θεολόγος</span> <span class='ocrx_word' id='word_1_464' title='bbox 3345 2040 3665 2111; x_wconf 80' lang='grc' dir='ltr'>Γρηγορίος,</span> <span class='ocrx_word' id='word_1_465' title='bbox 3694 2043 3837 2095; x_wconf 79' lang='grc' dir='ltr'><strong>ἀλλά</strong></span> 
     </span>
    </p>
   </div>
   <div class='ocr_carea' id='block_1_64' title="bbox 2261 2128 3834 2202">
    <p class='ocr_par' dir='ltr' id='par_1_64' title="bbox 2261 2128 3834 2202">
     <span class='ocr_line' id='line_1_64' title="bbox 2261 2128 3834 2202; baseline 0.003 -20"><span class='ocrx_word' id='word_1_466' title='bbox 2261 2128 2607 2201; x_wconf 82' lang='grc' dir='ltr'>συγχώρησις</span> <span class='ocrx_word' id='word_1_467' title='bbox 2642 2147 2655 2161; x_wconf 74' lang='grc'><strong>⁸</strong></span> <span class='ocrx_word' id='word_1_468' title='bbox 2718 2130 3066 2201; x_wconf 82' lang='grc' dir='ltr'>συγχώρησις</span> <span class='ocrx_word' id='word_1_469' title='bbox 3118 2132 3175 2185; x_wconf 81' lang='grc' dir='ltr'><strong>δὲ</strong></span> <span class='ocrx_word' id='word_1_470' title='bbox 3232 2134 3329 2185; x_wconf 78' lang='grc' dir='ltr'><strong>οὐκ</strong></span> <span class='ocrx_word' id='word_1_471' title='bbox 3386 2134 3477 2185; x_wconf 78' lang='grc' dir='ltr'><strong>ἐπὶ</strong></span> <span class='ocrx_word' id='word_1_472' title='bbox 3535 2134 3834 2202; x_wconf 73' lang='grc' dir='ltr'><strong>ἀμέμπτου</strong></span> 
     </span>
    </p>
   </div>
   <div class='ocr_carea' id='block_1_65' title="bbox 2257 2223 3831 2294">
    <p class='ocr_par' dir='ltr' id='par_1_65' title="bbox 2257 2223 3831 2294">
     <span class='ocr_line' id='line_1_65' title="bbox 2257 2223 3831 2294; baseline 0.001 -19"><span class='ocrx_word' id='word_1_473' title='bbox 2257 2224 2348 2275; x_wconf 70' lang='grc' dir='ltr'>καὶ</span> <span class='ocrx_word' id='word_1_474' title='bbox 2405 2224 2704 2276; x_wconf 84' lang='grc' dir='ltr'>ἀπταίστου</span> <span class='ocrx_word' id='word_1_475' title='bbox 2766 2223 2958 2289; x_wconf 80' lang='grc' dir='ltr'>γένοιτ’</span> <span class='ocrx_word' id='word_1_476' title='bbox 2988 2223 3052 2275; x_wconf 77' lang='grc' dir='ltr'>ἄν</span> <span class='ocrx_word' id='word_1_477' title='bbox 3089 2240 3102 2253; x_wconf 89' lang='grc'><strong>·</strong></span> <span class='ocrx_word' id='word_1_478' title='bbox 3164 2225 3278 2287; x_wconf 83' lang='grc' dir='ltr'><strong>πῶς</strong></span> <span class='ocrx_word' id='word_1_479' title='bbox 3331 2225 3459 2294; x_wconf 78' lang='grc' dir='ltr'>γὰρ,</span> <span class='ocrx_word' id='word_1_480' title='bbox 3505 2228 3600 2278; x_wconf 71' lang='grc' dir='ltr'>καὶ</span> <span class='ocrx_word' id='word_1_481' title='bbox 3638 2226 3831 2289; x_wconf 88' lang='grc' dir='ltr'>διατί;</span> 
     </span>
    </p>
   </div>
   <div class='ocr_carea' id='block_1_66' title="bbox 2256 2314 3835 2386">
    <p class='ocr_par' dir='ltr' id='par_1_66' title="bbox 2256 2314 3835 2386">
     <span class='ocr_line' id='line_1_66' title="bbox 2256 2314 3835 2386; baseline 0.002 -19"><span class='ocrx_word' id='word_1_482' title='bbox 2256 2314 2368 2367; x_wconf 80' lang='grc' dir='ltr'>ἀλλ’</span> <span class='ocrx_word' id='word_1_483' title='bbox 2398 2316 2488 2368; x_wconf 70' lang='grc' dir='ltr'>ἐπὶ</span> <span class='ocrx_word' id='word_1_484' title='bbox 2514 2316 2683 2385; x_wconf 79' lang='grc' dir='ltr'>ἥττης</span> <span class='ocrx_word' id='word_1_485' title='bbox 2716 2315 2860 2377; x_wconf 71' lang='grc' dir='ltr'>τινὸς</span> <span class='ocrx_word' id='word_1_486' title='bbox 2896 2316 2988 2367; x_wconf 78' lang='grc' dir='ltr'><strong>καὶ</strong></span> <span class='ocrx_word' id='word_1_487' title='bbox 3042 2316 3319 2385; x_wconf 80' lang='grc' dir='ltr'>ἁλωσίμου</span> <span class='ocrx_word' id='word_1_488' title='bbox 3353 2316 3650 2386; x_wconf 79' lang='grc' dir='ltr'>δράματος.</span> <span class='ocrx_word' id='word_1_489' title='bbox 3687 2319 3835 2370; x_wconf 72' lang='grc' dir='ltr'>Αὐτὸ</span> 
     </span>
    </p>
   </div>
   <div class='ocr_carea' id='block_1_67' title="bbox 2255 2406 3834 2477">
    <p class='ocr_par' dir='ltr' id='par_1_67' title="bbox 2255 2406 3834 2477">
     <span class='ocr_line' id='line_1_67' title="bbox 2255 2406 3834 2477; baseline 0.003 -18"><span class='ocrx_word' id='word_1_490' title='bbox 2255 2407 2363 2476; x_wconf 77' lang='grc' dir='ltr'>γὰρ</span> <span class='ocrx_word' id='word_1_491' title='bbox 2412 2406 2569 2459; x_wconf 75' lang='grc' dir='ltr'>τοῦτο</span> <span class='ocrx_word' id='word_1_492' title='bbox 2611 2408 2639 2459; x_wconf 97' lang='lat'><strong>6</strong></span> <span class='ocrx_word' id='word_1_493' title='bbox 2671 2406 2811 2470; x_wconf 86' lang='grc' dir='ltr'>θεῖος</span> <span class='ocrx_word' id='word_1_494' title='bbox 2850 2406 3171 2469; x_wconf 78' lang='grc' dir='ltr'>Ἀπόστολος</span> <span class='ocrx_word' id='word_1_495' title='bbox 3225 2409 3445 2477; x_wconf 77' lang='grc' dir='ltr'>ᾐνίξατο</span> <span class='ocrx_word' id='word_1_496' title='bbox 3510 2408 3727 2460; x_wconf 80' lang='grc' dir='ltr'>εἰπών·</span> <span class='ocrx_word' id='word_1_497' title='bbox 3764 2412 3834 2463; x_wconf 83' lang='lat' dir='ltr'><strong>Ei</strong></span> 
     </span>
    </p>
   </div>
   <div class='ocr_carea' id='block_1_68' title="bbox 2254 2496 3833 2571">
    <p class='ocr_par' dir='ltr' id='par_1_68' title="bbox 2254 2496 3833 2571">
     <span class='ocr_line' id='line_1_68' title="bbox 2254 2496 3833 2571; baseline 0.001 -20"><span class='ocrx_word' id='word_1_498' title='bbox 2254 2500 2364 2552; x_wconf 77' lang='grc' dir='ltr'>οὐκ</span> <span class='ocrx_word' id='word_1_499' title='bbox 2414 2498 2888 2566; x_wconf 74' lang='grc' dir='ltr'>ἐγκρατεύονται,</span> <span class='ocrx_word' id='word_1_500' title='bbox 2930 2496 3395 2566; x_wconf 77' lang='grc' dir='ltr'><strong>γαμησάτωσαν.</strong></span> <span class='ocrx_word' id='word_1_501' title='bbox 3431 2499 3493 2550; x_wconf 78' lang='grc' dir='ltr'><strong>ἸΙ</strong></span> <span class='ocrx_word' id='word_1_502' title='bbox 3546 2498 3604 2551; x_wconf 78' lang='grc' dir='ltr'>δὲ</span> <span class='ocrx_word' id='word_1_503' title='bbox 3652 2501 3833 2571; x_wconf 78' lang='grc' dir='ltr'>ἀκρα-</span> 
     </span>
    </p>
   </div>
   <div class='ocr_carea' id='block_1_69' title="bbox 2256 2590 3831 2661">
    <p class='ocr_par' dir='ltr' id='par_1_69' title="bbox 2256 2590 3831 2661">
     <span class='ocr_line' id='line_1_69' title="bbox 2256 2590 3831 2661; baseline 0.001 -18"><span class='ocrx_word' id='word_1_504' title='bbox 2256 2590 2345 2643; x_wconf 82' lang='grc' dir='ltr'><strong>σία</strong></span> <span class='ocrx_word' id='word_1_505' title='bbox 2385 2590 2443 2642; x_wconf 76' lang='grc' dir='ltr'>τὸ</span> <span class='ocrx_word' id='word_1_506' title='bbox 2472 2590 2669 2659; x_wconf 83' lang='grc' dir='ltr'>κράτος</span> <span class='ocrx_word' id='word_1_507' title='bbox 2698 2590 2790 2658; x_wconf 81' lang='grc' dir='ltr'>τῆς</span> <span class='ocrx_word' id='word_1_508' title='bbox 2840 2591 3087 2661; x_wconf 75' lang='grc' dir='ltr'>ἀνδρείας</span> <span class='ocrx_word' id='word_1_509' title='bbox 3131 2590 3465 2654; x_wconf 80' lang='grc' dir='ltr'>ἀπολέσασα,</span> <span class='ocrx_word' id='word_1_510' title='bbox 3493 2591 3667 2660; x_wconf 81' lang='grc' dir='ltr'>ἥττης</span> <span class='ocrx_word' id='word_1_511' title='bbox 3709 2594 3831 2644; x_wconf 74' lang='grc' dir='ltr'>ἐστὶ</span> 
     </span>
    </p>
   </div>
   <div class='ocr_carea' id='block_1_70' title="bbox 2254 2679 3832 2752">
    <p class='ocr_par' dir='ltr' id='par_1_70' title="bbox 2254 2679 3832 2752">
     <span class='ocr_line' id='line_1_70' title="bbox 2254 2679 3832 2752; baseline 0.001 -19"><span class='ocrx_word' id='word_1_512' title='bbox 2254 2683 2348 2733; x_wconf 74' lang='grc' dir='ltr'><strong>καὶ</strong></span> <span class='ocrx_word' id='word_1_513' title='bbox 2390 2679 2761 2745; x_wconf 81' lang='grc' dir='ltr'>ἀποπτώσεως</span> <span class='ocrx_word' id='word_1_514' title='bbox 2813 2680 3055 2748; x_wconf 78' lang='grc' dir='ltr'>ἔκγονον.</span> <span class='ocrx_word' id='word_1_515' title='bbox 3096 2679 3377 2733; x_wconf 79' lang='grc' dir='ltr'>Ἐντεῦθεν</span> <span class='ocrx_word' id='word_1_516' title='bbox 3409 2682 3750 2752; x_wconf 79' lang='grc' dir='ltr'>ὁρμηθέντες</span> <span class='ocrx_word' id='word_1_517' title='bbox 3782 2685 3832 2735; x_wconf 87' lang='grc' dir='ltr'>οἱ</span> 
     </span>
    </p>
   </div>
   <div class='ocr_carea' id='block_1_71' title="bbox 2255 2770 3831 2842">
    <p class='ocr_par' dir='ltr' id='par_1_71' title="bbox 2255 2770 3831 2842">
     <span class='ocr_line' id='line_1_71' title="bbox 2255 2770 3831 2842; baseline 0.003 -21"><span class='ocrx_word' id='word_1_518' title='bbox 2255 2770 2385 2822; x_wconf 84' lang='grc' dir='ltr'>θεῖοι</span> <span class='ocrx_word' id='word_1_519' title='bbox 2444 2770 2709 2841; x_wconf 83' lang='grc' dir='ltr'>Πατέρες,</span> <span class='ocrx_word' id='word_1_520' title='bbox 2769 2771 3033 2840; x_wconf 74' lang='grc' dir='ltr'>ἐπιτιμίῳ</span> <span class='ocrx_word' id='word_1_521' title='bbox 3083 2770 3352 2823; x_wconf 79' lang='grc' dir='ltr'>ὑπέϐαλον</span> <span class='ocrx_word' id='word_1_522' title='bbox 3383 2772 3505 2834; x_wconf 83' lang='grc' dir='ltr'>τοὺς</span> <span class='ocrx_word' id='word_1_523' title='bbox 3531 2772 3831 2842; x_wconf 82' lang='grc' dir='ltr'>διγάμους,</span> 
     </span>
    </p>
   </div>
   <div class='ocr_carea' id='block_1_72' title="bbox 2252 2861 3832 2932">
    <p class='ocr_par' dir='ltr' id='par_1_72' title="bbox 2252 2861 3832 2932">
     <span class='ocr_line' id='line_1_72' title="bbox 2252 2861 3832 2932; baseline 0.001 -18"><span class='ocrx_word' id='word_1_524' title='bbox 2252 2864 2300 2914; x_wconf 80' lang='grc' dir='ltr'>οἱ</span> <span class='ocrx_word' id='word_1_525' title='bbox 2353 2863 2451 2930; x_wconf 79' lang='grc' dir='ltr'><strong>μὲν</strong></span> <span class='ocrx_word' id='word_1_526' title='bbox 2490 2863 2588 2931; x_wconf 80' lang='grc' dir='ltr'>τῆς</span> <span class='ocrx_word' id='word_1_527' title='bbox 2630 2865 2685 2914; x_wconf 84' lang='grc' dir='ltr'>ὲν</span> <span class='ocrx_word' id='word_1_528' title='bbox 2716 2863 3005 2930; x_wconf 67' lang='grc' dir='ltr'>Λαοδικείᾳ</span> <span class='ocrx_word' id='word_1_529' title='bbox 3046 2862 3265 2914; x_wconf 87' lang='grc' dir='ltr'>σύνοδον</span> <span class='ocrx_word' id='word_1_530' title='bbox 3300 2862 3592 2932; x_wconf 75' lang='grc' dir='ltr'>ἀορίστως,</span> <span class='ocrx_word' id='word_1_531' title='bbox 3616 2862 3705 2914; x_wconf 84' lang='grc' dir='ltr'><strong>διά</strong></span> <span class='ocrx_word' id='word_1_532' title='bbox 3737 2861 3832 2915; x_wconf 84' lang='grc' dir='ltr'><strong>τοῦ</strong></span> 
     </span>
    </p>
   </div>
   <div class='ocr_carea' id='block_1_73' title="bbox 2251 2951 3833 3022">
    <p class='ocr_par' dir='ltr' id='par_1_73' title="bbox 2251 2951 3833 3022">
     <span class='ocr_line' id='line_1_73' title="bbox 2251 2951 3833 3022; baseline -0.001 -17"><span class='ocrx_word' id='word_1_533' title='bbox 2251 2955 2424 3005; x_wconf 78' lang='grc' dir='ltr'>εἰπεῖν</span> <span class='ocrx_word' id='word_1_534' title='bbox 2452 2970 2465 2983; x_wconf 88' lang='grc'><strong>·</strong></span> <span class='ocrx_word' id='word_1_535' title='bbox 2517 2954 2727 3019; x_wconf 78' lang='grc' dir='ltr'>Ὀλίγον</span> <span class='ocrx_word' id='word_1_536' title='bbox 2771 2953 2964 3022; x_wconf 80' lang='grc' dir='ltr'>χρόνου</span> <span class='ocrx_word' id='word_1_537' title='bbox 2995 2952 3356 3022; x_wconf 83' lang='grc' dir='ltr'>παρελθόντος</span> <span class='ocrx_word' id='word_1_538' title='bbox 3396 2953 3489 3004; x_wconf 80' lang='grc' dir='ltr'>καὶ</span> <span class='ocrx_word' id='word_1_539' title='bbox 3525 2951 3833 3019; x_wconf 75' lang='grc' dir='ltr'>σχολάσαν-</span> 
     </span>
    </p>
   </div>
   <div class='ocr_carea' id='block_1_74' title="bbox 2250 3043 3832 3112">
    <p class='ocr_par' dir='ltr' id='par_1_74' title="bbox 2250 3043 3832 3112">
     <span class='ocr_line' id='line_1_74' title="bbox 2250 3043 3832 3112; baseline -0.001 -16"><span class='ocrx_word' id='word_1_540' title='bbox 2250 3061 2347 3105; x_wconf 90' lang='grc' dir='ltr'><strong>τας</strong></span> <span class='ocrx_word' id='word_1_541' title='bbox 2376 3045 2431 3095; x_wconf 77' lang='grc' dir='ltr'>ἐν</span> <span class='ocrx_word' id='word_1_542' title='bbox 2461 3046 2580 3104; x_wconf 82' lang='grc' dir='ltr'>ταῖς</span> <span class='ocrx_word' id='word_1_543' title='bbox 2609 3046 2945 3112; x_wconf 83' lang='grc' dir='ltr'>προσευχαῖς</span> <span class='ocrx_word' id='word_1_544' title='bbox 2972 3044 3066 3095; x_wconf 74' lang='grc' dir='ltr'><strong>καὶ</strong></span> <span class='ocrx_word' id='word_1_545' title='bbox 3093 3043 3388 3112; x_wconf 80' lang='grc' dir='ltr'>νηστείαις,</span> <span class='ocrx_word' id='word_1_546' title='bbox 3412 3044 3554 3095; x_wconf 81' lang='grc' dir='ltr'><strong>κατά</strong></span> <span class='ocrx_word' id='word_1_547' title='bbox 3578 3044 3832 3111; x_wconf 76' lang='grc' dir='ltr'>συγγνώο</span> 
     </span>
    </p>
   </div>
   <div class='ocr_carea' id='block_1_75' title="bbox 2255 3132 3834 3204">
    <p class='ocr_par' dir='ltr' id='par_1_75' title="bbox 2255 3132 3834 3204">
     <span class='ocr_line' id='line_1_75' title="bbox 2255 3132 3834 3204; baseline 0.003 -20"><span class='ocrx_word' id='word_1_548' title='bbox 2255 3151 2361 3204; x_wconf 86' lang='grc' dir='ltr'><strong>μην</strong></span> <span class='ocrx_word' id='word_1_549' title='bbox 2394 3132 2741 3186; x_wconf 83' lang='grc' dir='ltr'>ἀποδίδοσθαι</span> <span class='ocrx_word' id='word_1_550' title='bbox 2773 3133 2957 3195; x_wconf 84' lang='grc' dir='ltr'>αὐτοῖς</span> <span class='ocrx_word' id='word_1_551' title='bbox 2987 3134 3086 3202; x_wconf 82' lang='grc' dir='ltr'><strong>τὴν</strong></span> <span class='ocrx_word' id='word_1_552' title='bbox 3128 3135 3411 3187; x_wconf 81' lang='grc' dir='ltr'>κοινωνίαν</span> <span class='ocrx_word' id='word_1_553' title='bbox 3443 3133 3729 3203; x_wconf 85' lang='grc' dir='ltr'>ὡρίσαμεν</span> <span class='ocrx_word' id='word_1_554' title='bbox 3763 3151 3778 3164; x_wconf 79' lang='grc' dir='ltr'><strong><em>ο</em></strong></span> <span class='ocrx_word' id='word_1_555' title='bbox 3805 3137 3834 3188; x_wconf 89' lang='lat'><strong>6</strong></span> 
     </span>
    </p>
   </div>
   <div class='ocr_carea' id='block_1_76' title="bbox 2252 3224 3833 3296">
    <p class='ocr_par' dir='ltr' id='par_1_76' title="bbox 2252 3224 3833 3296">
     <span class='ocr_line' id='line_1_76' title="bbox 2252 3224 3833 3296; baseline 0.003 -21"><span class='ocrx_word' id='word_1_556' title='bbox 2252 3225 2309 3276; x_wconf 81' lang='grc' dir='ltr'>δὲ</span> <span class='ocrx_word' id='word_1_557' title='bbox 2348 3225 2517 3293; x_wconf 83' lang='grc' dir='ltr'>μέγας</span> <span class='ocrx_word' id='word_1_558' title='bbox 2548 3224 2823 3287; x_wconf 83' lang='grc' dir='ltr'>Βασίλειος</span> <span class='ocrx_word' id='word_1_559' title='bbox 2846 3225 3185 3295; x_wconf 80' lang='grc' dir='ltr'>ὡρισμένως.</span> <span class='ocrx_word' id='word_1_560' title='bbox 3212 3225 3351 3296; x_wconf 75' lang='grc' dir='ltr'>Φησῐ</span> <span class='ocrx_word' id='word_1_561' title='bbox 3373 3226 3477 3296; x_wconf 84' lang='grc' dir='ltr'>γάρ</span> <span class='ocrx_word' id='word_1_562' title='bbox 3501 3240 3513 3253; x_wconf 86' lang='grc'><em>’</em></span> <span class='ocrx_word' id='word_1_563' title='bbox 3553 3227 3692 3295; x_wconf 79' lang='grc' dir='ltr'>Περὶ</span> <span class='ocrx_word' id='word_1_564' title='bbox 3712 3244 3833 3295; x_wconf 84' lang='grc' dir='ltr'>τρι-</span> 
     </span>
    </p>
   </div>
   <div class='ocr_carea' id='block_1_77' title="bbox 2251 3314 3833 3385">
    <p class='ocr_par' dir='ltr' id='par_1_77' title="bbox 2251 3314 3833 3385">
     <span class='ocr_line' id='line_1_77' title="bbox 2251 3314 3833 3385; baseline 0.002 -19"><span class='ocrx_word' id='word_1_565' title='bbox 2251 3315 2445 3384; x_wconf 86' lang='grc' dir='ltr'>γάμων</span> <span class='ocrx_word' id='word_1_566' title='bbox 2486 3314 2579 3366; x_wconf 73' lang='grc' dir='ltr'>καὶ</span> <span class='ocrx_word' id='word_1_567' title='bbox 2607 3314 2934 3384; x_wconf 84' lang='grc' dir='ltr'>πολυγάμων</span> <span class='ocrx_word' id='word_1_568' title='bbox 2967 3317 3058 3369; x_wconf 85' lang='grc' dir='ltr'><strong>τὸν</strong></span> <span class='ocrx_word' id='word_1_569' title='bbox 3099 3316 3261 3369; x_wconf 72' lang='grc' dir='ltr'>αὐτὸν</span> <span class='ocrx_word' id='word_1_570' title='bbox 3307 3317 3513 3385; x_wconf 80' lang='grc' dir='ltr'>ὥρισαν</span> <span class='ocrx_word' id='word_1_571' title='bbox 3545 3316 3752 3369; x_wconf 87' lang='grc' dir='ltr'>κανόνα</span> <span class='ocrx_word' id='word_1_572' title='bbox 3782 3318 3833 3369; x_wconf 76' lang='grc' dir='ltr'>οἱ</span> 
     </span>
    </p>
   </div>
   <div class='ocr_carea' id='block_1_78' title="bbox 2252 3406 3833 3477">
    <p class='ocr_par' dir='ltr' id='par_1_78' title="bbox 2252 3406 3833 3477">
     <span class='ocr_line' id='line_1_78' title="bbox 2252 3406 3833 3477; baseline 0.003 -19"><span class='ocrx_word' id='word_1_573' title='bbox 2252 3406 2516 3476; x_wconf 81' lang='grc' dir='ltr'>Πατέρες,</span> <span class='ocrx_word' id='word_1_574' title='bbox 2548 3406 2789 3477; x_wconf 84' lang='grc' dir='ltr'>δηλονότι</span> <span class='ocrx_word' id='word_1_575' title='bbox 2818 3406 2883 3459; x_wconf 82' lang='grc' dir='ltr'>ὃν</span> <span class='ocrx_word' id='word_1_576' title='bbox 2933 3408 3027 3460; x_wconf 73' lang='grc' dir='ltr'><strong>καὶ</strong></span> <span class='ocrx_word' id='word_1_577' title='bbox 3064 3411 3156 3461; x_wconf 79' lang='grc' dir='ltr'><strong>ἐπὶ</strong></span> <span class='ocrx_word' id='word_1_578' title='bbox 3187 3409 3298 3460; x_wconf 84' lang='grc' dir='ltr'>τῶν</span> <span class='ocrx_word' id='word_1_579' title='bbox 3337 3408 3608 3477; x_wconf 80' lang='grc' dir='ltr'>διγάμων,</span> <span class='ocrx_word' id='word_1_580' title='bbox 3642 3409 3833 3462; x_wconf 77' lang='grc' dir='ltr'>ἀναλό-</span> 
     </span>
    </p>
   </div>
   <div class='ocr_carea' id='block_1_79' title="bbox 2250 3499 3831 3568">
    <p class='ocr_par' dir='ltr' id='par_1_79' title="bbox 2250 3499 3831 3568">
     <span class='ocr_line' id='line_1_79' title="bbox 2250 3499 3831 3568; baseline 0.003 -17"><span class='ocrx_word' id='word_1_581' title='bbox 2250 3515 2362 3565; x_wconf 88' lang='grc' dir='ltr'><strong>γως</strong></span> <span class='ocrx_word' id='word_1_582' title='bbox 2392 3515 2405 3528; x_wconf 76' lang='grc'><strong>⁸</strong></span> <span class='ocrx_word' id='word_1_583' title='bbox 2435 3499 2681 3550; x_wconf 77' lang='grc' dir='ltr'>ἐνιαυτὸν</span> <span class='ocrx_word' id='word_1_584' title='bbox 2724 3500 2821 3567; x_wconf 82' lang='grc' dir='ltr'>μὲν</span> <span class='ocrx_word' id='word_1_585' title='bbox 2850 3500 2957 3568; x_wconf 75' lang='grc' dir='ltr'>γὰρ</span> <span class='ocrx_word' id='word_1_586' title='bbox 2993 3502 3084 3552; x_wconf 76' lang='grc' dir='ltr'><strong>ἐπὶ</strong></span> <span class='ocrx_word' id='word_1_587' title='bbox 3122 3501 3229 3552; x_wconf 86' lang='grc' dir='ltr'><strong>τῶν</strong></span> <span class='ocrx_word' id='word_1_588' title='bbox 3260 3501 3505 3568; x_wconf 80' lang='grc' dir='ltr'>διγάμων</span> <span class='ocrx_word' id='word_1_589' title='bbox 3532 3517 3545 3529; x_wconf 90' lang='grc'><strong>·</strong></span> <span class='ocrx_word' id='word_1_590' title='bbox 3582 3500 3734 3553; x_wconf 77' lang='grc' dir='ltr'>ἄλλοι</span> <span class='ocrx_word' id='word_1_591' title='bbox 3772 3502 3831 3555; x_wconf 85' lang='grc' dir='ltr'>δὲ</span> 
     </span>
    </p>
   </div>
   <div class='ocr_carea' id='block_1_80' title="bbox 2248 3590 3831 3661">
    <p class='ocr_par' dir='ltr' id='par_1_80' title="bbox 2248 3590 3831 3661">
     <span class='ocr_line' id='line_1_80' title="bbox 2248 3590 3831 3661; baseline 0.002 -17"><span class='ocrx_word' id='word_1_592' title='bbox 2248 3590 2341 3644; x_wconf 79' lang='grc' dir='ltr'>δύο</span> <span class='ocrx_word' id='word_1_593' title='bbox 2364 3591 2478 3660; x_wconf 77' lang='grc' dir='ltr'>ἐτη.</span> <span class='ocrx_word' id='word_1_594' title='bbox 2505 3591 2781 3644; x_wconf 85' lang='grc' dir='ltr'>Δέδεικται</span> <span class='ocrx_word' id='word_1_595' title='bbox 2817 3594 2993 3643; x_wconf 82' lang='grc' dir='ltr'>τοίνυν</span> <span class='ocrx_word' id='word_1_596' title='bbox 3024 3593 3085 3645; x_wconf 85' lang='grc' dir='ltr'>ὲκ</span> <span class='ocrx_word' id='word_1_597' title='bbox 3110 3592 3219 3644; x_wconf 79' lang='grc' dir='ltr'><strong>τῶν</strong></span> <span class='ocrx_word' id='word_1_598' title='bbox 3262 3592 3555 3661; x_wconf 75' lang='grc' dir='ltr'>ῥηθέντων,</span> <span class='ocrx_word' id='word_1_599' title='bbox 3600 3592 3677 3655; x_wconf 84' lang='grc' dir='ltr'>ὡς</span> <span class='ocrx_word' id='word_1_600' title='bbox 3721 3594 3831 3647; x_wconf 78' lang='grc' dir='ltr'><strong>ὑπὸ</strong></span> 
     </span>
    </p>
   </div>
   <div class='ocr_carea' id='block_1_81' title="bbox 2247 3683 3833 3753">
    <p class='ocr_par' dir='ltr' id='par_1_81' title="bbox 2247 3683 3833 3753">
     <span class='ocr_line' id='line_1_81' title="bbox 2247 3683 3833 3753; baseline 0.003 -20"><span class='ocrx_word' id='word_1_601' title='bbox 2247 3683 2307 3734; x_wconf 85' lang='grc' dir='ltr'><strong>τὸ</strong></span> <span class='ocrx_word' id='word_1_602' title='bbox 2336 3683 2594 3735; x_wconf 83' lang='grc' dir='ltr'>πταιστὸν</span> <span class='ocrx_word' id='word_1_603' title='bbox 2628 3686 2882 3749; x_wconf 77' lang='grc' dir='ltr'>γεγονυῖα</span> <span class='ocrx_word' id='word_1_604' title='bbox 2928 3687 2960 3752; x_wconf 82' lang='grc' dir='ltr'><strong>ἡ</strong></span> <span class='ocrx_word' id='word_1_605' title='bbox 2996 3684 3227 3752; x_wconf 88' lang='grc' dir='ltr'>διγαμία</span> <span class='ocrx_word' id='word_1_606' title='bbox 3272 3685 3484 3753; x_wconf 64' lang='grc' dir='ltr'>εἰλήφει</span> <span class='ocrx_word' id='word_1_607' title='bbox 3533 3685 3596 3736; x_wconf 79' lang='grc' dir='ltr'>τὸ</span> <span class='ocrx_word' id='word_1_608' title='bbox 3645 3687 3833 3738; x_wconf 79' lang='grc' dir='ltr'>ὲπιτί-</span> 
     </span>
    </p>
   </div>
   <div class='ocr_carea' id='block_1_82' title="bbox 2249 3774 3832 3849">
    <p class='ocr_par' dir='ltr' id='par_1_82' title="bbox 2249 3774 3832 3849">
     <span class='ocr_line' id='line_1_82' title="bbox 2249 3774 3832 3849; baseline 0.004 -26"><span class='ocrx_word' id='word_1_609' title='bbox 2249 3790 2389 3841; x_wconf 88' lang='grc' dir='ltr'>μιον.</span> <span class='ocrx_word' id='word_1_610' title='bbox 2418 3774 2512 3824; x_wconf 79' lang='grc' dir='ltr'>Διά</span> <span class='ocrx_word' id='word_1_611' title='bbox 2561 3774 2719 3824; x_wconf 77' lang='grc' dir='ltr'>τοῦτο</span> <span class='ocrx_word' id='word_1_612' title='bbox 2773 3774 2881 3842; x_wconf 68' lang='grc' dir='ltr'>γὰρ</span> <span class='ocrx_word' id='word_1_613' title='bbox 2929 3775 3019 3825; x_wconf 72' lang='grc' dir='ltr'><strong>καὶ</strong></span> <span class='ocrx_word' id='word_1_614' title='bbox 3068 3776 3115 3825; x_wconf 88' lang='grc' dir='ltr'><strong>οί</strong></span> <span class='ocrx_word' id='word_1_615' title='bbox 3160 3774 3261 3842; x_wconf 77' lang='grc' dir='ltr'>τῆς</span> <span class='ocrx_word' id='word_1_616' title='bbox 3309 3775 3366 3826; x_wconf 84' lang='grc' dir='ltr'><strong>ὲν</strong></span> <span class='ocrx_word' id='word_1_617' title='bbox 3416 3776 3832 3849; x_wconf 66' lang='grc' dir='ltr'>Νεοκαισαρεία</span> 
     </span>
    </p>
   </div>
   <div class='ocr_carea' id='block_1_83' title="bbox 2248 3862 3831 3937">
    <p class='ocr_par' dir='ltr' id='par_1_83' title="bbox 2248 3862 3831 3937">
     <span class='ocr_line' id='line_1_83' title="bbox 2248 3862 3831 3937; baseline 0.004 -24"><span class='ocrx_word' id='word_1_618' title='bbox 2248 3862 2465 3913; x_wconf 77' lang='grc' dir='ltr'>συνόδου</span> <span class='ocrx_word' id='word_1_619' title='bbox 2498 3862 2642 3927; x_wconf 82' lang='grc' dir='ltr'>ἆγιοι</span> <span class='ocrx_word' id='word_1_620' title='bbox 2677 3863 2922 3932; x_wconf 85' lang='grc' dir='ltr'>Πατέρες</span> <span class='ocrx_word' id='word_1_621' title='bbox 2960 3864 3228 3933; x_wconf 76' lang='grc' dir='ltr'>ἀπείρξαν</span> <span class='ocrx_word' id='word_1_622' title='bbox 3260 3864 3470 3915; x_wconf 73' lang='grc' dir='ltr'>καὶτοῦ</span> <span class='ocrx_word' id='word_1_623' title='bbox 3503 3866 3831 3937; x_wconf 80' lang='grc' dir='ltr'>έστιαθῆναι</span> 
     </span>
    </p>
   </div>
   <div class='ocr_carea' id='block_1_84' title="bbox 2250 3952 3354 4022">
    <p class='ocr_par' dir='ltr' id='par_1_84' title="bbox 2250 3952 3354 4022">
     <span class='ocr_line' id='line_1_84' title="bbox 2250 3952 3354 4022; baseline 0.004 -20"><span class='ocrx_word' id='word_1_624' title='bbox 2250 3952 2625 4021; x_wconf 78' lang='grc' dir='ltr'>πρεσϐύτερον</span> <span class='ocrx_word' id='word_1_625' title='bbox 2653 3954 2731 4014; x_wconf 84' lang='grc' dir='ltr'>εἰς</span> <span class='ocrx_word' id='word_1_626' title='bbox 2765 3952 3122 4019; x_wconf 76' lang='grc' dir='ltr'>διγαμοῦντος</span> <span class='ocrx_word' id='word_1_627' title='bbox 3156 3955 3354 4022; x_wconf 70' lang='grc' dir='ltr'>γάμον.</span> 
     </span>
    </p>
   </div>
   <div class='ocr_carea' id='block_1_85' title="bbox 2316 4044 3830 4117">
    <p class='ocr_par' dir='ltr' id='par_1_85' title="bbox 2316 4044 3830 4117">
     <span class='ocr_line' id='line_1_85' title="bbox 2316 4044 3830 4117; baseline 0.004 -24"><span class='ocrx_word' id='word_1_628' title='bbox 2316 4044 2601 4109; x_wconf 85' lang='grc' dir='ltr'>Λέγοντες,</span> <span class='ocrx_word' id='word_1_629' title='bbox 2622 4044 2773 4094; x_wconf 69' lang='grc' dir='ltr'>Ἐπεὶ</span> <span class='ocrx_word' id='word_1_630' title='bbox 2797 4046 3083 4112; x_wconf 81' lang='grc' dir='ltr'>μετάνοιαν</span> <span class='ocrx_word' id='word_1_631' title='bbox 3112 4044 3389 4107; x_wconf 79' lang='grc' dir='ltr'>αἰτοῦντος</span> <span class='ocrx_word' id='word_1_632' title='bbox 3414 4045 3504 4097; x_wconf 91' lang='grc' dir='ltr'><strong>τοῦ</strong></span> <span class='ocrx_word' id='word_1_633' title='bbox 3531 4046 3830 4117; x_wconf 86' lang='grc' dir='ltr'>διγαμοῦν-</span> 
     </span>
    </p>
   </div>
   <div class='ocr_carea' id='block_1_86' title="bbox 2241 4134 3828 4205">
    <p class='ocr_par' dir='ltr' id='par_1_86' title="bbox 2241 4134 3828 4205">
     <span class='ocr_line' id='line_1_86' title="bbox 2241 4134 3828 4205; baseline 0.004 -20"><span class='ocrx_word' id='word_1_634' title='bbox 2241 4151 2352 4199; x_wconf 84' lang='grc' dir='ltr'>τος,</span> <span class='ocrx_word' id='word_1_635' title='bbox 2391 4134 2472 4197; x_wconf 85' lang='grc' dir='ltr'><strong>τίς</strong></span> <span class='ocrx_word' id='word_1_636' title='bbox 2508 4135 2661 4186; x_wconf 75' lang='grc' dir='ltr'>ἔσται</span> <span class='ocrx_word' id='word_1_637' title='bbox 2700 4137 2726 4187; x_wconf 94' lang='lat'><strong>6</strong></span> <span class='ocrx_word' id='word_1_638' title='bbox 2759 4134 3127 4205; x_wconf 76' lang='grc' dir='ltr'>πρεσϐύτερος</span> <span class='ocrx_word' id='word_1_639' title='bbox 3171 4136 3197 4187; x_wconf 94' lang='lat'><strong>6</strong></span> <span class='ocrx_word' id='word_1_640' title='bbox 3237 4136 3325 4187; x_wconf 77' lang='grc' dir='ltr'><strong>δια</strong></span> <span class='ocrx_word' id='word_1_641' title='bbox 3367 4138 3464 4204; x_wconf 79' lang='grc' dir='ltr'>τῆς</span> <span class='ocrx_word' id='word_1_642' title='bbox 3526 4139 3828 4202; x_wconf 78' lang='grc' dir='ltr'>ἑστιάσεως</span> 
     </span>
    </p>
   </div>
   <div class='ocr_carea' id='block_1_87' title="bbox 2246 4206 3824 4300">
    <p class='ocr_par' dir='ltr' id='par_1_87' title="bbox 2246 4206 3824 4300">
     <span class='ocr_line' id='line_1_87' title="bbox 2246 4206 3824 4300; baseline 0.003 -22"><span class='ocrx_word' id='word_1_643' title='bbox 2246 4206 2777 4296; x_wconf 65' lang='grc' dir='ltr'>συγκατατιθέμενος</span> <span class='ocrx_word' id='word_1_644' title='bbox 2797 4229 2909 4289; x_wconf 81' lang='grc' dir='ltr'>τοῖς</span> <span class='ocrx_word' id='word_1_645' title='bbox 2926 4228 3157 4296; x_wconf 77' lang='grc' dir='ltr'>γάμοιςς</span> <span class='ocrx_word' id='word_1_646' title='bbox 3195 4229 3259 4279; x_wconf 81' lang='grc' dir='ltr'>Τί</span> <span class='ocrx_word' id='word_1_647' title='bbox 3293 4227 3384 4279; x_wconf 83' lang='grc' dir='ltr'><strong>οῦν</strong></span> <span class='ocrx_word' id='word_1_648' title='bbox 3417 4229 3477 4278; x_wconf 80' lang='grc' dir='ltr'>τὸ</span> <span class='ocrx_word' id='word_1_649' title='bbox 3511 4247 3824 4300; x_wconf 82' lang='grc' dir='ltr'>συμπεραι-</span> 
     </span>
    </p>
   </div>
   <div class='ocr_carea' id='block_1_88' title="bbox 2245 4318 3821 4390">
    <p class='ocr_par' dir='ltr' id='par_1_88' title="bbox 2245 4318 3821 4390">
     <span class='ocr_line' id='line_1_88' title="bbox 2245 4318 3821 4390; baseline 0.003 -21"><span class='ocrx_word' id='word_1_650' title='bbox 2245 4320 2466 4387; x_wconf 82' lang='grc' dir='ltr'>νόμενον</span> <span class='ocrx_word' id='word_1_651' title='bbox 2525 4318 2583 4382; x_wconf 78' lang='grc' dir='ltr'>ὲξ</span> <span class='ocrx_word' id='word_1_652' title='bbox 2632 4320 2973 4386; x_wconf 88' lang='grc' dir='ltr'>ἁναγκαίου;</span> <span class='ocrx_word' id='word_1_653' title='bbox 3013 4319 3134 4370; x_wconf 80' lang='grc' dir='ltr'>Ὅτι</span> <span class='ocrx_word' id='word_1_654' title='bbox 3163 4320 3189 4371; x_wconf 90' lang='lat'><strong>6</strong></span> <span class='ocrx_word' id='word_1_655' title='bbox 3223 4320 3318 4388; x_wconf 78' lang='grc' dir='ltr'><strong>μὲν</strong></span> <span class='ocrx_word' id='word_1_656' title='bbox 3366 4320 3586 4389; x_wconf 74' lang='grc' dir='ltr'>πρῶτος</span> <span class='ocrx_word' id='word_1_657' title='bbox 3624 4323 3821 4390; x_wconf 76' lang='grc' dir='ltr'>γάμος,</span> 
     </span>
    </p>
   </div>
   <div class='ocr_carea' id='block_1_89' title="bbox 2250 4410 3825 4478">
    <p class='ocr_par' dir='ltr' id='par_1_89' title="bbox 2250 4410 3825 4478">
     <span class='ocr_line' id='line_1_89' title="bbox 2250 4410 3825 4478; baseline 0.002 -18"><span class='ocrx_word' id='word_1_658' title='bbox 2250 4410 2325 4471; x_wconf 84' lang='grc' dir='ltr'>ὼς</span> <span class='ocrx_word' id='word_1_659' title='bbox 2371 4411 2575 4478; x_wconf 85' lang='grc' dir='ltr'>κυρίως</span> <span class='ocrx_word' id='word_1_660' title='bbox 2621 4410 2695 4461; x_wconf 81' lang='grc' dir='ltr'>ὢν</span> <span class='ocrx_word' id='word_1_661' title='bbox 2757 4411 2940 4477; x_wconf 84' lang='grc' dir='ltr'>νόμος,</span> <span class='ocrx_word' id='word_1_662' title='bbox 3010 4410 3235 4471; x_wconf 81' lang='grc' dir='ltr'>εἰκότως</span> <span class='ocrx_word' id='word_1_663' title='bbox 3283 4411 3658 4475; x_wconf 71' lang='grc' dir='ltr'>ἐστεςράνωται</span> <span class='ocrx_word' id='word_1_664' title='bbox 3724 4414 3825 4463; x_wconf 77' lang='grc' dir='ltr'><strong>ὑπὸ</strong></span> 
     </span>
    </p>
   </div>
   <div class='ocr_carea' id='block_1_90' title="bbox 572 4484 2147 4572">
    <p class='ocr_par' dir='ltr' id='par_1_90' title="bbox 572 4484 2130 4564">
     <span class='ocr_line' id='line_1_90' title="bbox 572 4484 2130 4564; baseline 0.008 -27"><span class='ocrx_word' id='word_1_665' title='bbox 572 4484 650 4537; x_wconf 90' lang='lat' dir='ltr'><strong>tio</strong></span> <span class='ocrx_word' id='word_1_666' title='bbox 678 4486 826 4538; x_wconf 89' lang='lat' dir='ltr'><strong>velut</strong></span> <span class='ocrx_word' id='word_1_667' title='bbox 855 4486 1082 4541; x_wconf 88' lang='lat' dir='ltr'><strong>intactas</strong></span> <span class='ocrx_word' id='word_1_668' title='bbox 1128 4496 1183 4543; x_wconf 88' lang='lat' dir='ltr'><strong>ct</strong></span> <span class='ocrx_word' id='word_1_669' title='bbox 1215 4490 1608 4557; x_wconf 89' lang='lat' dir='ltr'><strong>immaculatas,</strong></span> <span class='ocrx_word' id='word_1_670' title='bbox 1644 4504 1895 4564; x_wconf 88' lang='lat' dir='ltr'><strong>tanquam</strong></span> <span class='ocrx_word' id='word_1_671' title='bbox 1937 4513 1967 4549; x_wconf 90' lang='lat' dir='ltr'><strong>a</strong></span> <span class='ocrx_word' id='word_1_672' title='bbox 2004 4498 2130 4550; x_wconf 89' lang='lat' dir='ltr'><strong>libi-</strong></span> 
     </span>
    </p>
   </div>
   <div class='ocr_carea' id='block_1_91' title="bbox 2251 4484 3823 4572">
    <p class='ocr_par' dir='ltr' id='par_1_91' title="bbox 2251 4500 3823 4569">
     <span class='ocr_line' id='line_1_91' title="bbox 2251 4500 3823 4569; baseline 0.003 -20"><span class='ocrx_word' id='word_1_673' title='bbox 2251 4500 2340 4568; x_wconf 80' lang='grc' dir='ltr'>τῆς</span> <span class='ocrx_word' id='word_1_674' title='bbox 2411 4501 2729 4568; x_wconf 73' lang='grc' dir='ltr'>ἱερωσύνης.</span> <span class='ocrx_word' id='word_1_675' title='bbox 2791 4500 2865 4552; x_wconf 78' lang='grc' dir='ltr'>ὡς</span> <span class='ocrx_word' id='word_1_676' title='bbox 2922 4500 3219 4565; x_wconf 73' lang='grc' dir='ltr'>ἀνέπαφος,</span> <span class='ocrx_word' id='word_1_677' title='bbox 3284 4500 3358 4560; x_wconf 79' lang='grc' dir='ltr'>ὡς</span> <span class='ocrx_word' id='word_1_678' title='bbox 3415 4501 3688 4569; x_wconf 72' lang='grc' dir='ltr'>ἄρῤυπος,</span> <span class='ocrx_word' id='word_1_679' title='bbox 3750 4503 3823 4563; x_wconf 84' lang='grc' dir='ltr'>ὼς</span> 
     </span>
    </p>
   </div>
   <div class='ocr_carea' id='block_1_92' title="bbox 570 4572 2131 4649">
    <p class='ocr_par' dir='ltr' id='par_1_92' title="bbox 570 4572 2131 4649">
     <span class='ocr_line' id='line_1_92' title="bbox 570 4572 2131 4649; baseline 0.008 -24"><span class='ocrx_word' id='word_1_680' title='bbox 570 4572 713 4625; x_wconf 80' lang='lat' dir='ltr'><strong>(linis</strong></span> <span class='ocrx_word' id='word_1_681' title='bbox 755 4582 880 4627; x_wconf 91' lang='lat' dir='ltr'><strong>nota</strong></span> <span class='ocrx_word' id='word_1_682' title='bbox 932 4575 1239 4633; x_wconf 90' lang='lat' dir='ltr'><strong>immunes:</strong></span> <span class='ocrx_word' id='word_1_683' title='bbox 1270 4588 1431 4649; x_wconf 89' lang='lat' dir='ltr'><strong>atque</strong></span> <span class='ocrx_word' id='word_1_684' title='bbox 1475 4583 1544 4636; x_wconf 92' lang='lat' dir='ltr'><strong>ob</strong></span> <span class='ocrx_word' id='word_1_685' title='bbox 1592 4584 1731 4637; x_wconf 87' lang='lat' dir='ltr'><strong>hanc</strong></span> <span class='ocrx_word' id='word_1_686' title='bbox 1772 4600 1987 4638; x_wconf 88' lang='lat' dir='ltr'><strong>causam</strong></span> <span class='ocrx_word' id='word_1_687' title='bbox 2034 4602 2131 4639; x_wconf 84' lang='lat' dir='ltr'><strong>ceu</strong></span> 
     </span>
    </p>
   </div>
   <div class='ocr_carea' id='block_1_93' title="bbox 570 4665 2133 4745">
    <p class='ocr_par' dir='ltr' id='par_1_93' title="bbox 570 4665 2133 4745">
     <span class='ocr_line' id='line_1_93' title="bbox 570 4665 2133 4745; baseline 0.009 -28"><span class='ocrx_word' id='word_1_688' title='bbox 570 4665 780 4733; x_wconf 86' lang='lat' dir='ltr'><strong>peccati</strong></span> <span class='ocrx_word' id='word_1_689' title='bbox 809 4666 1060 4722; x_wconf 80' lang='lat' dir='ltr'><strong>victrices</strong></span> <span class='ocrx_word' id='word_1_690' title='bbox 1100 4672 1388 4725; x_wconf 87' lang='lat' dir='ltr'><strong>coronari?</strong></span> <span class='ocrx_word' id='word_1_691' title='bbox 1424 4672 1498 4726; x_wconf 83' lang='lat' dir='ltr'><strong>Ex</strong></span> <span class='ocrx_word' id='word_1_692' title='bbox 1528 4690 1636 4742; x_wconf 93' lang='lat' dir='ltr'><strong>quo</strong></span> <span class='ocrx_word' id='word_1_693' title='bbox 1674 4677 1920 4745; x_wconf 89' lang='lat' dir='ltr'><strong>sequitur</strong></span> <span class='ocrx_word' id='word_1_694' title='bbox 1950 4687 2004 4731; x_wconf 92' lang='lat' dir='ltr'><strong>et</strong></span> <span class='ocrx_word' id='word_1_695' title='bbox 2047 4695 2133 4731; x_wconf 88' lang='lat' dir='ltr'><strong>sa-</strong></span> 
     </span>
    </p>
   </div>
   <div class='ocr_carea' id='block_1_94' title="bbox 568 4760 2132 4835">
    <p class='ocr_par' dir='ltr' id='par_1_94' title="bbox 568 4760 2132 4835">
     <span class='ocr_line' id='line_1_94' title="bbox 568 4760 2132 4835; baseline 0.012 -28"><span class='ocrx_word' id='word_1_696' title='bbox 568 4771 784 4809; x_wconf 87' lang='lat' dir='ltr'><strong>crorum</strong></span> <span class='ocrx_word' id='word_1_697' title='bbox 816 4760 1178 4829; x_wconf 84' lang='lat' dir='ltr'><strong>participatio,</strong></span> <span class='ocrx_word' id='word_1_698' title='bbox 1212 4764 1438 4833; x_wconf 84' lang='lat' dir='ltr'><strong>ejusque</strong></span> <span class='ocrx_word' id='word_1_699' title='bbox 1464 4766 1555 4835; x_wconf 89' lang='lat' dir='ltr'><strong>qui</strong></span> <span class='ocrx_word' id='word_1_700' title='bbox 1590 4770 1889 4834; x_wconf 89' lang='lat' dir='ltr'><strong>coronavit,</strong></span> <span class='ocrx_word' id='word_1_701' title='bbox 1940 4781 1995 4825; x_wconf 90' lang='lat' dir='ltr'><strong>et</strong></span> <span class='ocrx_word' id='word_1_702' title='bbox 2035 4787 2132 4825; x_wconf 86' lang='lat' dir='ltr'><strong>cu-</strong></span> 
     </span>
    </p>
   </div>
   <div class='ocr_carea' id='block_1_95' title="bbox 563 4848 2131 4932">
    <p class='ocr_par' dir='ltr' id='par_1_95' title="bbox 563 4848 2131 4932">
     <span class='ocr_line' id='line_1_95' title="bbox 563 4848 2131 4932; baseline 0.011 -33"><span class='ocrx_word' id='word_1_703' title='bbox 563 4848 869 4919; x_wconf 85' lang='lat' dir='ltr'><strong>juscunque</strong></span> <span class='ocrx_word' id='word_1_704' title='bbox 919 4852 1145 4907; x_wconf 86' lang='lat' dir='ltr'><strong>alterius</strong></span> <span class='ocrx_word' id='word_1_705' title='bbox 1185 4858 1515 4923; x_wconf 86' lang='lat' dir='ltr'><strong>sacerdotis,</strong></span> <span class='ocrx_word' id='word_1_706' title='bbox 1575 4860 1629 4913; x_wconf 93' lang='lat' dir='ltr'><strong>in</strong></span> <span class='ocrx_word' id='word_1_707' title='bbox 1683 4862 1878 4915; x_wconf 89' lang='lat' dir='ltr'><strong>talibus</strong></span> <span class='ocrx_word' id='word_1_708' title='bbox 1925 4863 2131 4932; x_wconf 90' lang='lat' dir='ltr'><strong>nuptiis</strong></span> 
     </span>
    </p>
   </div>
   <div class='ocr_carea' id='block_1_96' title="bbox 565 4940 2129 5008">
    <p class='ocr_par' dir='ltr' id='par_1_96' title="bbox 565 4940 2129 5008">
     <span class='ocr_line' id='line_1_96' title="bbox 565 4940 2129 5008; baseline 0.012 -19"><span class='ocrx_word' id='word_1_709' title='bbox 565 4941 909 4994; x_wconf 90' lang='lat' dir='ltr'><strong>comessatio.</strong></span> <span class='ocrx_word' id='word_1_710' title='bbox 974 4940 1442 5007; x_wconf 87' lang='lat' dir='ltr'><strong>Quemadmodum</strong></span> <span class='ocrx_word' id='word_1_711' title='bbox 1497 4949 1549 5001; x_wconf 93' lang='lat' dir='ltr'><strong>in</strong></span> <span class='ocrx_word' id='word_1_712' title='bbox 1580 4950 1724 5003; x_wconf 83' lang='lat' dir='ltr'><strong>Cana</strong></span> <span class='ocrx_word' id='word_1_713' title='bbox 1755 4951 1983 5006; x_wconf 72' lang='lat' dir='ltr'><strong>Galilaeae</strong></span> <span class='ocrx_word' id='word_1_714' title='bbox 2024 4954 2129 5008; x_wconf 88' lang='lat' dir='ltr'><strong>Do-</strong></span> 
     </span>
    </p>
   </div>
   <div class='ocr_carea' id='block_1_97' title="bbox 566 5027 2129 5113">
    <p class='ocr_par' dir='ltr' id='par_1_97' title="bbox 566 5027 2129 5113">
     <span class='ocr_line' id='line_1_97' title="bbox 566 5027 2129 5113; baseline 0.012 -34"><span class='ocrx_word' id='word_1_715' title='bbox 566 5027 746 5081; x_wconf 92' lang='lat' dir='ltr'><strong>minus</strong></span> <span class='ocrx_word' id='word_1_716' title='bbox 791 5040 845 5083; x_wconf 88' lang='lat' dir='ltr'><strong>et</strong></span> <span class='ocrx_word' id='word_1_717' title='bbox 879 5030 1021 5085; x_wconf 90' lang='lat' dir='ltr'><strong>Deus</strong></span> <span class='ocrx_word' id='word_1_718' title='bbox 1066 5045 1251 5089; x_wconf 87' lang='lat' dir='ltr'><strong>noster</strong></span> <span class='ocrx_word' id='word_1_719' title='bbox 1290 5040 1559 5105; x_wconf 91' lang='lat' dir='ltr'><strong>prandere</strong></span> <span class='ocrx_word' id='word_1_720' title='bbox 1602 5041 1854 5110; x_wconf 82' lang='lat' dir='ltr'><strong>dignatus</strong></span> <span class='ocrx_word' id='word_1_721' title='bbox 1890 5052 1994 5106; x_wconf 90' lang='lat' dir='ltr'><strong>est,</strong></span> <span class='ocrx_word' id='word_1_722' title='bbox 2033 5060 2129 5113; x_wconf 91' lang='lat' dir='ltr'><strong>per</strong></span> 
     </span>
    </p>
   </div>
   <div class='ocr_carea' id='block_1_98' title="bbox 566 5121 2127 5201">
    <p class='ocr_par' dir='ltr' id='par_1_98' title="bbox 566 5121 2127 5201">
     <span class='ocr_line' id='line_1_98' title="bbox 566 5121 2127 5201; baseline 0.012 -32"><span class='ocrx_word' id='word_1_723' title='bbox 566 5135 723 5173; x_wconf 91' lang='lat' dir='ltr'><strong>suum</strong></span> <span class='ocrx_word' id='word_1_724' title='bbox 764 5121 891 5177; x_wconf 91' lang='lat' dir='ltr'><strong>illud</strong></span> <span class='ocrx_word' id='word_1_725' title='bbox 936 5126 1243 5179; x_wconf 88' lang='lat' dir='ltr'><strong>convivium</strong></span> <span class='ocrx_word' id='word_1_726' title='bbox 1272 5130 1532 5198; x_wconf 84' lang='lat' dir='ltr'><strong>nuptialia</strong></span> <span class='ocrx_word' id='word_1_727' title='bbox 1570 5134 1797 5201; x_wconf 86' lang='lat' dir='ltr'><strong>prandia</strong></span> <span class='ocrx_word' id='word_1_728' title='bbox 1826 5135 2005 5187; x_wconf 88' lang='lat' dir='ltr'><strong>omnia</strong></span> <span class='ocrx_word' id='word_1_729' title='bbox 2034 5136 2127 5189; x_wconf 89' lang='lat' dir='ltr'><strong>be-</strong></span> 
     </span>
    </p>
   </div>
   <div class='ocr_carea' id='block_1_99' title="bbox 566 5209 2131 5288">
    <p class='ocr_par' dir='ltr' id='par_1_99' title="bbox 566 5209 2131 5288">
     <span class='ocr_line' id='line_1_99' title="bbox 566 5209 2131 5288; baseline 0.012 -28"><span class='ocrx_word' id='word_1_730' title='bbox 566 5209 845 5263; x_wconf 79' lang='lat' dir='ltr'><strong>nedicens.</strong></span> <span class='ocrx_word' id='word_1_731' title='bbox 894 5212 1034 5277; x_wconf 88' lang='lat' dir='ltr'><strong>Quin</strong></span> <span class='ocrx_word' id='word_1_732' title='bbox 1068 5226 1121 5267; x_wconf 88' lang='lat' dir='ltr'><strong>et</strong></span> <span class='ocrx_word' id='word_1_733' title='bbox 1162 5220 1459 5272; x_wconf 69' lang='lat' dir='ltr'><strong>coronarire</strong></span> <span class='ocrx_word' id='word_1_734' title='bbox 1504 5221 1868 5288; x_wconf 85' lang='lat' dir='ltr'><strong>impositionis</strong></span> <span class='ocrx_word' id='word_1_735' title='bbox 1901 5224 2131 5277; x_wconf 85' lang='lat' dir='ltr'><strong>benedi-</strong></span> 
     </span>
    </p>
   </div>
   <div class='ocr_carea' id='block_1_100' title="bbox 563 5299 2130 5380">
    <p class='ocr_par' dir='ltr' id='par_1_100' title="bbox 563 5299 2130 5380">
     <span class='ocr_line' id='line_1_100' title="bbox 563 5299 2130 5380; baseline 0.012 -29"><span class='ocrx_word' id='word_1_736' title='bbox 563 5299 801 5354; x_wconf 91' lang='lat' dir='ltr'><strong>ctionem</strong></span> <span class='ocrx_word' id='word_1_737' title='bbox 842 5304 1167 5373; x_wconf 86' lang='lat' dir='ltr'><strong>anticipans,</strong></span> <span class='ocrx_word' id='word_1_738' title='bbox 1200 5324 1261 5361; x_wconf 86' lang='lat' dir='ltr'><strong>ea</strong></span> <span class='ocrx_word' id='word_1_739' title='bbox 1298 5310 1532 5377; x_wconf 92' lang='lat' dir='ltr'><strong>primum</strong></span> <span class='ocrx_word' id='word_1_740' title='bbox 1562 5326 1844 5380; x_wconf 83' lang='lat' dir='ltr'><strong>parentem</strong></span> <span class='ocrx_word' id='word_1_741' title='bbox 1880 5326 2130 5370; x_wconf 86' lang='lat' dir='ltr'><strong>nostrum</strong></span> 
     </span>
    </p>
   </div>
   <div class='ocr_carea' id='block_1_101' title="bbox 562 5390 2130 5462">
    <p class='ocr_par' dir='ltr' id='par_1_101' title="bbox 562 5390 2130 5462">
     <span class='ocr_line' id='line_1_101' title="bbox 562 5390 2130 5462; baseline 0.011 -20"><span class='ocrx_word' id='word_1_742' title='bbox 562 5390 729 5443; x_wconf 82' lang='lat' dir='ltr'><strong>Adam</strong></span> <span class='ocrx_word' id='word_1_743' title='bbox 775 5392 1056 5462; x_wconf 88' lang='lat' dir='ltr'><strong>impertiit.</strong></span> <span class='ocrx_word' id='word_1_744' title='bbox 1098 5397 1413 5461; x_wconf 86' lang='lat' dir='ltr'><strong>Quomodo?</strong></span> <span class='ocrx_word' id='word_1_745' title='bbox 1438 5402 1504 5455; x_wconf 84' lang='lat' dir='ltr'><strong>Et</strong></span> <span class='ocrx_word' id='word_1_746' title='bbox 1546 5406 1741 5457; x_wconf 86' lang='lat' dir='ltr'><strong>creavit</strong></span> <span class='ocrx_word' id='word_1_747' title='bbox 1788 5406 1922 5459; x_wconf 78' lang='lat' dir='ltr'><strong>Dens</strong></span> <span class='ocrx_word' id='word_1_748' title='bbox 1962 5409 2130 5460; x_wconf 81' lang='lat' dir='ltr'><strong>Itami-</strong></span> 
     </span>
    </p>
   </div>
   <div class='ocr_carea' id='block_1_102' title="bbox 566 5486 2126 5558">
    <p class='ocr_par' dir='ltr' id='par_1_102' title="bbox 566 5486 2126 5558">
     <span class='ocr_line' id='line_1_102' title="bbox 566 5486 2126 5558; baseline 0.013 -25"><span class='ocrx_word' id='word_1_749' title='bbox 566 5498 681 5535; x_wconf 84' lang='lat' dir='ltr'><strong>nem</strong></span> <span class='ocrx_word' id='word_1_750' title='bbox 714 5499 733 5537; x_wconf 89' lang='lat'><strong><em>:</em></strong></span> <span class='ocrx_word' id='word_1_751' title='bbox 762 5486 832 5537; x_wconf 84' lang='lat' dir='ltr'><strong>ad</strong></span> <span class='ocrx_word' id='word_1_752' title='bbox 867 5487 1150 5556; x_wconf 74' lang='lat' dir='ltr'><strong>imaginem</strong></span> <span class='ocrx_word' id='word_1_753' title='bbox 1190 5490 1285 5543; x_wconf 89' lang='lat' dir='ltr'><strong>Dei</strong></span> <span class='ocrx_word' id='word_1_754' title='bbox 1310 5496 1507 5546; x_wconf 77' lang='lat' dir='ltr'><strong>creavit</strong></span> <span class='ocrx_word' id='word_1_755' title='bbox 1555 5496 1724 5558; x_wconf 86' lang='lat' dir='ltr'><strong>illum,</strong></span> <span class='ocrx_word' id='word_1_756' title='bbox 1762 5500 2049 5553; x_wconf 83' lang='lat' dir='ltr'><strong>masculum</strong></span> <span class='ocrx_word' id='word_1_757' title='bbox 2079 5511 2126 5554; x_wconf 83' lang='lat' dir='ltr'><strong>et</strong></span> 
     </span>
    </p>
   </div>
   <div class='ocr_carea' id='block_1_103' title="bbox 561 5575 2123 5656">
    <p class='ocr_par' dir='ltr' id='par_1_103' title="bbox 561 5575 2123 5656">
     <span class='ocr_line' id='line_1_103' title="bbox 561 5575 2123 5656; baseline 0.014 -31"><span class='ocrx_word' id='word_1_758' title='bbox 561 5575 808 5641; x_wconf 74' lang='lat' dir='ltr'><strong>[emittant</strong></span> <span class='ocrx_word' id='word_1_759' title='bbox 840 5582 1036 5633; x_wconf 85' lang='lat' dir='ltr'><strong>creavit</strong></span> <span class='ocrx_word' id='word_1_760' title='bbox 1067 5598 1151 5635; x_wconf 81' lang='lat' dir='ltr'><strong>eos</strong></span> <span class='ocrx_word' id='word_1_761' title='bbox 1181 5583 1582 5656; x_wconf 74' lang='lat' dir='ltr'><strong>:benedixitque</strong></span> <span class='ocrx_word' id='word_1_762' title='bbox 1608 5589 1715 5641; x_wconf 81' lang='lat' dir='ltr'><strong>illis</strong></span> <span class='ocrx_word' id='word_1_763' title='bbox 1746 5589 1904 5654; x_wconf 82' lang='lat' dir='ltr'><strong>Deus,</strong></span> <span class='ocrx_word' id='word_1_764' title='bbox 1930 5601 1978 5645; x_wconf 83' lang='lat' dir='ltr'><strong>et</strong></span> <span class='ocrx_word' id='word_1_765' title='bbox 2004 5594 2081 5645; x_wconf 80' lang='lat' dir='ltr'><strong>ait</strong></span> <span class='ocrx_word' id='word_1_766' title='bbox 2104 5610 2123 5647; x_wconf 89' lang='lat'><strong><em>:</em></strong></span> 
     </span>
    </p>
   </div>
   <div class='ocr_carea' id='block_1_104' title="bbox 561 5662 2120 5748">
    <p class='ocr_par' dir='ltr' id='par_1_104' title="bbox 561 5662 2120 5748">
     <span class='ocr_line' id='line_1_104' title="bbox 561 5662 2120 5748; baseline 0.013 -30"><span class='ocrx_word' id='word_1_767' title='bbox 561 5662 808 5733; x_wconf 73' lang='lat' dir='ltr'><strong>Crescite,</strong></span> <span class='ocrx_word' id='word_1_768' title='bbox 854 5682 902 5723; x_wconf 79' lang='lat' dir='ltr'><strong>et</strong></span> <span class='ocrx_word' id='word_1_769' title='bbox 959 5673 1407 5743; x_wconf 84' lang='lat' dir='ltr'><strong>multiplicamini,</strong></span> <span class='ocrx_word' id='word_1_770' title='bbox 1455 5689 1503 5732; x_wconf 84' lang='lat' dir='ltr'><strong>et</strong></span> <span class='ocrx_word' id='word_1_771' title='bbox 1556 5681 1751 5748; x_wconf 78' lang='lat' dir='ltr'><strong>replete</strong></span> <span class='ocrx_word' id='word_1_772' title='bbox 1800 5692 2014 5748; x_wconf 85' lang='lat' dir='ltr'><strong>terram,</strong></span> <span class='ocrx_word' id='word_1_773' title='bbox 2072 5695 2120 5738; x_wconf 83' lang='lat' dir='ltr'><strong>et</strong></span> 
     </span>
    </p>
   </div>
   <div class='ocr_carea' id='block_1_105' title="bbox 630 5776 1637 5849">
    <p class='ocr_par' dir='ltr' id='par_1_105' title="bbox 630 5776 1637 5849">
     <span class='ocr_line' id='line_1_105' title="bbox 630 5776 1637 5849; baseline 0.014 -19"><span class='ocrx_word' id='word_1_774' title='bbox 630 5776 673 5807; x_wconf 76' lang='lat'><strong>“</strong></span> <span class='ocrx_word' id='word_1_775' title='bbox 701 5776 719 5831; x_wconf 88' lang='grc' dir='ltr'><strong>ι</strong></span> <span class='ocrx_word' id='word_1_776' title='bbox 751 5777 872 5836; x_wconf 90' lang='lat' dir='ltr'><strong>Cor.</strong></span> <span class='ocrx_word' id='word_1_777' title='bbox 904 5796 997 5849; x_wconf 85' lang='lat' dir='ltr'><strong>vn,</strong></span> <span class='ocrx_word' id='word_1_778' title='bbox 1027 5784 1079 5839; x_wconf 94' lang='lat'><strong>9.</strong></span> <span class='ocrx_word' id='word_1_779' title='bbox 1156 5785 1199 5816; x_wconf 74' lang='lat'><strong>“&#39;</strong></span> <span class='ocrx_word' id='word_1_780' title='bbox 1226 5785 1388 5843; x_wconf 87' lang='lat' dir='ltr'><strong>Laod.</strong></span> <span class='ocrx_word' id='word_1_781' title='bbox 1431 5805 1551 5844; x_wconf 87' lang='lat' dir='ltr'><strong>can.</strong></span> <span class='ocrx_word' id='word_1_782' title='bbox 1588 5792 1637 5846; x_wconf 76' lang='grc' dir='ltr'><strong>ί.</strong></span> 
     </span>
    </p>
   </div>
   <div class='ocr_carea' id='block_1_106' title="bbox 2240 4589 3821 4660">
    <p class='ocr_par' dir='ltr' id='par_1_106' title="bbox 2240 4589 3821 4660">
     <span class='ocr_line' id='line_1_106' title="bbox 2240 4589 3821 4660; baseline 0.002 -18"><span class='ocrx_word' id='word_1_783' title='bbox 2240 4591 2513 4651; x_wconf 65' lang='grc' dir='ltr'>ἀνάλωτος</span> <span class='ocrx_word' id='word_1_784' title='bbox 2544 4589 2786 4659; x_wconf 81' lang='grc' dir='ltr'>πορνικῷ</span> <span class='ocrx_word' id='word_1_785' title='bbox 2820 4590 3003 4652; x_wconf 76' lang='grc' dir='ltr'>πάθει,</span> <span class='ocrx_word' id='word_1_786' title='bbox 3036 4593 3128 4642; x_wconf 78' lang='grc' dir='ltr'>καὶ</span> <span class='ocrx_word' id='word_1_787' title='bbox 3161 4590 3248 4643; x_wconf 81' lang='grc' dir='ltr'><strong>δια</strong></span> <span class='ocrx_word' id='word_1_788' title='bbox 3291 4590 3447 4643; x_wconf 80' lang='grc' dir='ltr'>τοῦτο</span> <span class='ocrx_word' id='word_1_789' title='bbox 3487 4592 3564 4653; x_wconf 84' lang='grc' dir='ltr'>ὡς</span> <span class='ocrx_word' id='word_1_790' title='bbox 3594 4595 3821 4660; x_wconf 72' lang='grc' dir='ltr'>νικητὴς</span> 
     </span>
    </p>
   </div>
   <div class='ocr_carea' id='block_1_107' title="bbox 2238 4676 3820 4754">
    <p class='ocr_par' dir='ltr' id='par_1_107' title="bbox 2238 4676 3820 4754">
     <span class='ocr_line' id='line_1_107' title="bbox 2238 4676 3820 4754; baseline 0.003 -21"><span class='ocrx_word' id='word_1_791' title='bbox 2238 4682 2336 4749; x_wconf 79' lang='grc' dir='ltr'><strong>τῆς</strong></span> <span class='ocrx_word' id='word_1_792' title='bbox 2367 4681 2640 4750; x_wconf 82' lang='grc' dir='ltr'>ἁμαρτίας</span> <span class='ocrx_word' id='word_1_793' title='bbox 2684 4684 3148 4750; x_wconf 79' lang='grc' dir='ltr'>κατεστεμμένος.</span> <span class='ocrx_word' id='word_1_794' title='bbox 3193 4676 3372 4749; x_wconf 72' lang='grc' dir='ltr'><strong>Ἐφ’ἱῖ)</strong></span> <span class='ocrx_word' id='word_1_795' title='bbox 3422 4683 3618 4737; x_wconf 72' lang='grc' dir='ltr'>ἕπεται</span> <span class='ocrx_word' id='word_1_796' title='bbox 3654 4686 3820 4754; x_wconf 79' lang='grc' dir='ltr'>ἡτῶν</span> 
     </span>
    </p>
   </div>
   <div class='ocr_carea' id='block_1_108' title="bbox 2237 4777 3815 4847">
    <p class='ocr_par' dir='ltr' id='par_1_108' title="bbox 2237 4777 3815 4847">
     <span class='ocr_line' id='line_1_108' title="bbox 2237 4777 3815 4847; baseline 0.004 -19"><span class='ocrx_word' id='word_1_797' title='bbox 2237 4777 2593 4845; x_wconf 87' lang='grc' dir='ltr'>ἀγιασμάτων</span> <span class='ocrx_word' id='word_1_798' title='bbox 2646 4778 2951 4846; x_wconf 77' lang='grc' dir='ltr'>μετάληψις</span> <span class='ocrx_word' id='word_1_799' title='bbox 2976 4820 2989 4842; x_wconf 90' lang='grc'><em>,</em></span> <span class='ocrx_word' id='word_1_800' title='bbox 3019 4780 3169 4847; x_wconf 78' lang='grc' dir='ltr'>καὶὴ</span> <span class='ocrx_word' id='word_1_801' title='bbox 3218 4778 3309 4830; x_wconf 78' lang='grc' dir='ltr'><strong>τοῦ</strong></span> <span class='ocrx_word' id='word_1_802' title='bbox 3348 4780 3815 4845; x_wconf 60' lang='grc' dir='ltr'>στεφανώσαντος,</span> 
     </span>
    </p>
   </div>
   <div class='ocr_carea' id='block_1_109' title="bbox 2238 4868 3819 4939">
    <p class='ocr_par' dir='ltr' id='par_1_109' title="bbox 2238 4868 3819 4939">
     <span class='ocr_line' id='line_1_109' title="bbox 2238 4868 3819 4939; baseline -0.001 -19"><span class='ocrx_word' id='word_1_803' title='bbox 2238 4870 2329 4920; x_wconf 71' lang='grc' dir='ltr'><strong>καὶ</strong></span> <span class='ocrx_word' id='word_1_804' title='bbox 2380 4868 2577 4929; x_wconf 73' lang='grc' dir='ltr'>παντὸς</span> <span class='ocrx_word' id='word_1_805' title='bbox 2622 4869 2780 4920; x_wconf 83' lang='grc' dir='ltr'>ἄλλου</span> <span class='ocrx_word' id='word_1_806' title='bbox 2835 4869 3129 4938; x_wconf 82' lang='grc' dir='ltr'>ἱερατικοῦ,</span> <span class='ocrx_word' id='word_1_807' title='bbox 3154 4871 3210 4921; x_wconf 77' lang='grc' dir='ltr'>ἐν</span> <span class='ocrx_word' id='word_1_808' title='bbox 3262 4869 3339 4939; x_wconf 81' lang='grc' dir='ltr'>τῷ</span> <span class='ocrx_word' id='word_1_809' title='bbox 3384 4869 3613 4938; x_wconf 70' lang='grc' dir='ltr'>τοιούτῳ</span> <span class='ocrx_word' id='word_1_810' title='bbox 3658 4872 3819 4939; x_wconf 72' lang='grc' dir='ltr'>γάμῳ</span> 
     </span>
    </p>
   </div>
   <div class='ocr_carea' id='block_1_110' title="bbox 2236 4960 3818 5033">
    <p class='ocr_par' dir='ltr' id='par_1_110' title="bbox 2236 4960 3818 5033">
     <span class='ocr_line' id='line_1_110' title="bbox 2236 4960 3818 5033; baseline 0.005 -23"><span class='ocrx_word' id='word_1_811' title='bbox 2236 4960 2493 5021; x_wconf 78' lang='grc' dir='ltr'>ἑστίασις.</span> <span class='ocrx_word' id='word_1_812' title='bbox 2529 4960 2684 5012; x_wconf 82' lang='grc' dir='ltr'>Καθά</span> <span class='ocrx_word' id='word_1_813' title='bbox 2714 4962 2801 5013; x_wconf 73' lang='grc' dir='ltr'>καὶ</span> <span class='ocrx_word' id='word_1_814' title='bbox 2835 4964 2863 5013; x_wconf 91' lang='lat'><strong>6</strong></span> <span class='ocrx_word' id='word_1_815' title='bbox 2888 4961 3093 5030; x_wconf 74' lang='grc' dir='ltr'>Κύριος</span> <span class='ocrx_word' id='word_1_816' title='bbox 3120 4963 3211 5014; x_wconf 78' lang='grc' dir='ltr'><strong>καὶ</strong></span> <span class='ocrx_word' id='word_1_817' title='bbox 3236 4962 3368 5023; x_wconf 75' lang='grc' dir='ltr'>Θεὸς</span> <span class='ocrx_word' id='word_1_818' title='bbox 3400 4964 3557 5032; x_wconf 84' lang='grc' dir='ltr'>ἡμῶν</span> <span class='ocrx_word' id='word_1_819' title='bbox 3582 4967 3641 5016; x_wconf 82' lang='grc' dir='ltr'>ἐν</span> <span class='ocrx_word' id='word_1_820' title='bbox 3666 4967 3818 5033; x_wconf 77' lang='grc' dir='ltr'>Κανᾷ</span> 
     </span>
    </p>
   </div>
   <div class='ocr_carea' id='block_1_111' title="bbox 2236 5051 3815 5123">
    <p class='ocr_par' dir='ltr' id='par_1_111' title="bbox 2236 5051 3815 5123">
     <span class='ocr_line' id='line_1_111' title="bbox 2236 5051 3815 5123; baseline 0.004 -22"><span class='ocrx_word' id='word_1_821' title='bbox 2236 5051 2335 5118; x_wconf 86' lang='grc' dir='ltr'>τῆς</span> <span class='ocrx_word' id='word_1_822' title='bbox 2386 5051 2670 5107; x_wconf 80' lang='grc' dir='ltr'>Γαλιλαίας</span> <span class='ocrx_word' id='word_1_823' title='bbox 2724 5052 2959 5117; x_wconf 78' lang='grc' dir='ltr'>ἠξίωσεν</span> <span class='ocrx_word' id='word_1_824' title='bbox 3002 5052 3312 5121; x_wconf 81' lang='grc' dir='ltr'>ἀριστῆσαι,</span> <span class='ocrx_word' id='word_1_825' title='bbox 3339 5054 3428 5105; x_wconf 77' lang='grc' dir='ltr'>διὰ</span> <span class='ocrx_word' id='word_1_826' title='bbox 3480 5055 3583 5123; x_wconf 84' lang='grc' dir='ltr'>τῆς</span> <span class='ocrx_word' id='word_1_827' title='bbox 3638 5058 3815 5109; x_wconf 81' lang='grc' dir='ltr'>ὲκείσε</span> 
     </span>
    </p>
   </div>
   <div class='ocr_carea' id='block_1_112' title="bbox 2237 5140 3815 5213">
    <p class='ocr_par' dir='ltr' id='par_1_112' title="bbox 2237 5140 3815 5213">
     <span class='ocr_line' id='line_1_112' title="bbox 2237 5140 3815 5213; baseline 0.005 -22"><span class='ocrx_word' id='word_1_828' title='bbox 2237 5140 2531 5203; x_wconf 74' lang='grc' dir='ltr'>ἑστιάσεως</span> <span class='ocrx_word' id='word_1_829' title='bbox 2588 5143 2759 5194; x_wconf 76' lang='grc' dir='ltr'>πάντα</span> <span class='ocrx_word' id='word_1_830' title='bbox 2783 5142 2844 5213; x_wconf 70' lang='grc' dir='ltr'>[ί.</span> <span class='ocrx_word' id='word_1_831' title='bbox 2882 5145 2988 5195; x_wconf 73' lang='grc' dir='ltr'><strong>πᾶν</strong></span> <span class='ocrx_word' id='word_1_832' title='bbox 3020 5142 3100 5212; x_wconf 79' lang='grc' dir='ltr'><strong>τὸ]</strong></span> <span class='ocrx_word' id='word_1_833' title='bbox 3144 5144 3379 5210; x_wconf 72' lang='grc' dir='ltr'>γαμικὸν</span> <span class='ocrx_word' id='word_1_834' title='bbox 3424 5146 3651 5213; x_wconf 84' lang='grc' dir='ltr'>ἄριστον</span> <span class='ocrx_word' id='word_1_835' title='bbox 3687 5166 3815 5201; x_wconf 80' lang='grc' dir='ltr'>κατ-</span> 
     </span>
    </p>
   </div>
   <div class='ocr_carea' id='block_1_113' title="bbox 2238 5233 3814 5308">
    <p class='ocr_par' dir='ltr' id='par_1_113' title="bbox 2238 5233 3814 5308">
     <span class='ocr_line' id='line_1_113' title="bbox 2238 5233 3814 5308; baseline 0.006 -25"><span class='ocrx_word' id='word_1_836' title='bbox 2238 5233 2742 5299; x_wconf 76' lang='grc' dir='ltr'>ευλογήσας.’Λλλά</span> <span class='ocrx_word' id='word_1_837' title='bbox 2795 5235 3010 5303; x_wconf 78' lang='grc' dir='ltr'>καὶτῆς</span> <span class='ocrx_word' id='word_1_838' title='bbox 3068 5236 3392 5304; x_wconf 64' lang='grc' dir='ltr'>στειρανικῆς</span> <span class='ocrx_word' id='word_1_839' title='bbox 3436 5238 3692 5308; x_wconf 75' lang='grc' dir='ltr'>ἁρμογῆς</span> <span class='ocrx_word' id='word_1_840' title='bbox 3726 5242 3814 5292; x_wconf 71' lang='grc' dir='ltr'><strong>αὖ·</strong></span> 
     </span>
    </p>
   </div>
   <div class='ocr_carea' id='block_1_114' title="bbox 2234 5323 3815 5400">
    <p class='ocr_par' dir='ltr' id='par_1_114' title="bbox 2234 5323 3815 5400">
     <span class='ocr_line' id='line_1_114' title="bbox 2234 5323 3815 5400; baseline 0.007 -26"><span class='ocrx_word' id='word_1_841' title='bbox 2234 5323 2323 5386; x_wconf 69' lang='grc' dir='ltr'>τὸς</span> <span class='ocrx_word' id='word_1_842' title='bbox 2382 5324 2669 5393; x_wconf 68' lang='grc' dir='ltr'>προλαϐὼν</span> <span class='ocrx_word' id='word_1_843' title='bbox 2719 5325 2815 5395; x_wconf 82' lang='grc' dir='ltr'>τὴν</span> <span class='ocrx_word' id='word_1_844' title='bbox 2866 5325 3113 5391; x_wconf 80' lang='grc' dir='ltr'>εὐλογίαν</span> <span class='ocrx_word' id='word_1_845' title='bbox 3146 5327 3297 5380; x_wconf 81' lang='grc' dir='ltr'>ἔθετο</span> <span class='ocrx_word' id='word_1_846' title='bbox 3332 5328 3424 5379; x_wconf 77' lang='grc' dir='ltr'>ἐπὶ</span> <span class='ocrx_word' id='word_1_847' title='bbox 3453 5332 3545 5380; x_wconf 87' lang='grc' dir='ltr'><strong>τοῦ</strong></span> <span class='ocrx_word' id='word_1_848' title='bbox 3583 5332 3815 5400; x_wconf 62' lang='grc' dir='ltr'>ἀρχικὰς</span> 
     </span>
    </p>
   </div>
   <div class='ocr_carea' id='block_1_115' title="bbox 2227 5416 3811 5488">
    <p class='ocr_par' dir='ltr' id='par_1_115' title="bbox 2227 5416 3811 5488">
     <span class='ocr_line' id='line_1_115' title="bbox 2227 5416 3811 5488; baseline 0.006 -23"><span class='ocrx_word' id='word_1_849' title='bbox 2227 5432 2381 5483; x_wconf 90' lang='grc' dir='ltr'>τορος</span> <span class='ocrx_word' id='word_1_850' title='bbox 2413 5416 2776 5485; x_wconf 76' lang='grc' dir='ltr'>ἡμῶνἈδάμ-</span> <span class='ocrx_word' id='word_1_851' title='bbox 2809 5417 2957 5480; x_wconf 54' lang='lat' dir='ltr'><strong>min;</strong></span> <span class='ocrx_word' id='word_1_852' title='bbox 2995 5420 3104 5471; x_wconf 82' lang='lat' dir='ltr'><strong>Kal</strong></span> <span class='ocrx_word' id='word_1_853' title='bbox 3138 5419 3431 5485; x_wconf 80' lang='grc' dir='ltr'>ἐποίησεν</span> <span class='ocrx_word' id='word_1_854' title='bbox 3470 5423 3503 5472; x_wconf 86' lang='grc' dir='ltr'><strong>ό</strong></span> <span class='ocrx_word' id='word_1_855' title='bbox 3532 5424 3681 5488; x_wconf 78' lang='grc' dir='ltr'>Θεὸς</span> <span class='ocrx_word' id='word_1_856' title='bbox 3712 5424 3811 5475; x_wconf 69' lang='grc' dir='ltr'><strong>τὸν</strong></span> 
     </span>
    </p>
   </div>
   <div class='ocr_carea' id='block_1_116' title="bbox 2223 5506 3811 5582">
    <p class='ocr_par' dir='ltr' id='par_1_116' title="bbox 2223 5506 3811 5582">
     <span class='ocr_line' id='line_1_116' title="bbox 2223 5506 3811 5582; baseline 0.007 -25"><span class='ocrx_word' id='word_1_857' title='bbox 2223 5506 2694 5573; x_wconf 78' lang='grc' dir='ltr'>ἄνθρωπον·κατ’</span> <span class='ocrx_word' id='word_1_858' title='bbox 2708 5508 2910 5561; x_wconf 80' lang='grc' dir='ltr'>εἰκόνα</span> <span class='ocrx_word' id='word_1_859' title='bbox 2932 5510 3079 5562; x_wconf 83' lang='grc' dir='ltr'>Θεοῦ</span> <span class='ocrx_word' id='word_1_860' title='bbox 3100 5510 3392 5574; x_wconf 77' lang='grc' dir='ltr'>ἐποίησεν</span> <span class='ocrx_word' id='word_1_861' title='bbox 3407 5512 3811 5582; x_wconf 52' lang='lat' dir='ltr'><strong>(turmalipr</strong></span> 
     </span>
    </p>
   </div>
   <div class='ocr_carea' id='block_1_117' title="bbox 2221 5599 3811 5670">
    <p class='ocr_par' dir='ltr' id='par_1_117' title="bbox 2221 5599 3811 5670">
     <span class='ocr_line' id='line_1_117' title="bbox 2221 5599 3811 5670; baseline 0.004 -18"><span class='ocrx_word' id='word_1_862' title='bbox 2221 5599 2316 5652; x_wconf 77' lang='grc' dir='ltr'><strong>καί</strong></span> <span class='ocrx_word' id='word_1_863' title='bbox 2335 5599 2489 5666; x_wconf 73' lang='grc' dir='ltr'>θῆλυ</span> <span class='ocrx_word' id='word_1_864' title='bbox 2505 5601 2794 5667; x_wconf 80' lang='grc' dir='ltr'>ἐποίησεν</span> <span class='ocrx_word' id='word_1_865' title='bbox 2810 5603 3051 5668; x_wconf 84' lang='grc' dir='ltr'>αὐτούς·</span> <span class='ocrx_word' id='word_1_866' title='bbox 3072 5603 3165 5655; x_wconf 73' lang='grc' dir='ltr'><strong>καί</strong></span> <span class='ocrx_word' id='word_1_867' title='bbox 3186 5602 3527 5670; x_wconf 69' lang='grc' dir='ltr'>εὐλόγησεν</span> <span class='ocrx_word' id='word_1_868' title='bbox 3540 5604 3760 5669; x_wconf 75' lang='grc' dir='ltr'>αὐτοὺς</span> <span class='ocrx_word' id='word_1_869' title='bbox 3780 5607 3811 5657; x_wconf 86' lang='grc' dir='ltr'><strong>ό</strong></span> 
     </span>
    </p>
   </div>
   <div class='ocr_carea' id='block_1_118' title="bbox 2221 5689 3806 5763">
    <p class='ocr_par' dir='ltr' id='par_1_118' title="bbox 2221 5689 3806 5763">
     <span class='ocr_line' id='line_1_118' title="bbox 2221 5689 3806 5763; baseline 0.004 -21"><span class='ocrx_word' id='word_1_870' title='bbox 2221 5689 2602 5760; x_wconf 74' lang='grc' dir='ltr'><strong>Θεὸς-,λέγων’</strong></span> <span class='ocrx_word' id='word_1_871' title='bbox 2620 5697 2658 5745; x_wconf 82' lang='grc' dir='ltr'><em>Α</em></span> <span class='ocrx_word' id='word_1_872' title='bbox 2671 5692 3087 5757; x_wconf 75' lang='grc' dir='ltr'>ὺξάνεσθε,κα)</span> <span class='ocrx_word' id='word_1_873' title='bbox 3118 5695 3522 5761; x_wconf 76' lang='grc' dir='ltr'>πληθύνεσθε,</span> <span class='ocrx_word' id='word_1_874' title='bbox 3543 5698 3639 5749; x_wconf 78' lang='grc' dir='ltr'><strong>καί</strong></span> <span class='ocrx_word' id='word_1_875' title='bbox 3658 5700 3806 5763; x_wconf 65' lang='grc' dir='ltr'><strong>πλη-</strong></span> 
     </span>
    </p>
   </div>
   <div class='ocr_carea' id='block_1_119' title="bbox 1714 5792 3079 5868">
    <p class='ocr_par' dir='ltr' id='par_1_119' title="bbox 1714 5792 3079 5868">
     <span class='ocr_line' id='line_1_119' title="bbox 1714 5792 3079 5868; baseline 0.008 -22"><span class='ocrx_word' id='word_1_876' title='bbox 1714 5792 1759 5825; x_wconf 80' lang='grc'><strong>⁸⁸</strong></span> <span class='ocrx_word' id='word_1_877' title='bbox 1779 5793 1834 5847; x_wconf 87' lang='lat' dir='ltr'><strong>In</strong></span> <span class='ocrx_word' id='word_1_878' title='bbox 1861 5793 2030 5863; x_wconf 86' lang='lat' dir='ltr'><strong>Epist.</strong></span> <span class='ocrx_word' id='word_1_879' title='bbox 2058 5797 2123 5851; x_wconf 89' lang='lat' dir='ltr'><strong>ad</strong></span> <span class='ocrx_word' id='word_1_880' title='bbox 2151 5799 2492 5868; x_wconf 79' lang='lat' dir='ltr'><strong>Amphiloch.</strong></span> <span class='ocrx_word' id='word_1_881' title='bbox 2519 5816 2640 5855; x_wconf 89' lang='lat' dir='ltr'><strong>can.</strong></span> <span class='ocrx_word' id='word_1_882' title='bbox 2674 5802 2726 5857; x_wconf 75' lang='grc'>4.</span> <span class='ocrx_word' id='word_1_883' title='bbox 2802 5804 2845 5835; x_wconf 81' lang='grc'><strong>⁶’¹</strong></span> <span class='ocrx_word' id='word_1_884' title='bbox 2872 5802 3007 5858; x_wconf 83' lang='lat' dir='ltr'><strong>Can.</strong></span> <span class='ocrx_word' id='word_1_885' title='bbox 3036 5804 3079 5857; x_wconf 90' lang='lat'><strong>7.</strong></span> 
     </span>
    </p>
   </div>
  </div>
