4008 6318
197 364 334 428 1093

1417 392 1946 458 EPISTOLARUM
1991 402 2138 462 LIB.
2173 405 2218 462 Ι.

3297 411 3432 476 1094

179 473 419 540 ρώσατε
442 474 554 540 τὴν
572 477 708 546 γῆν,
728 483 825 536 καί
855 492 1358 557 κατακυριεύσατε
1381 497 1586 565 αὐτῆς.
1614 501 1746 554 Ain-1

191 562 284 591 ΑΞ..
331 567 361 591 ,ί
396 567 612 591 -.'ﬁ‘--!_
647 571 704 591 ,ε
955 581 979 591 .-
1275 587 1284 591 -
1534 587 1559 591 ...

1864 506 2213 562 dominamini
2250 511 2450 580 ejus”.
2497 511 2622 568 Haec
2662 515 2825 586 igitur
2874 518 3183 574 benedictio
3221 525 3431 591 copulae

190 562 284 616 οὖν
331 567 364 635 ἡ
395 567 615 636 εὐλογία
643 571 746 642 τῆς
775 581 1014 649 γαμικῆς
1063 587 1374 653 συναφείας,
1413 562 1594 662 ἀφ’ήῆς
1659 562 1762 648 πιῖἰζ

190 671 260 708 σα
318 656 624 726 εὑλογιστία
683 672 1054 741 μονογαμικῆς
1104 656 1609 744 συζεύξεως-επεὶ
1670 689 1763 741 καὶ

191 747 502 818 μονόγοιμος
573 751 761 824 Ἀδάμ.
812 758 1196 834 Ἐπιτηρητέον
1243 769 1298 822 δὲ
1323 770 1403 824 ὃτ⁴ι
1443 776 1597 844 καὶὴ
1643 794 1762 830 στε-

188 839 395 908 φανικὴ
459 842 746 914 ἐπίκλησις
811 849 1019 903 ἐκεῖθεν
1125 855 1418 930 ὥρμηταιο
1481 839 1597 935 τὴν-
1665 867 1760 920 τοῦ

189 926 411 996 πρώτου
481 931 768 1003 ἀνθρώπου
825 937 1146 1007 διάπλασιν,
1207 926 1300 999 καί
1356 949 1490 1019 πρὸς
1535 926 1638 1022 τὴν
1696 957 1761 1008 ὲκ

186 1019 431 1089 πλευρᾶς
462 1024 624 1079 αὑτοῦ
665 1030 898 1095 γυναῖκα
929 1032 1176 1100 σύζευξιν
1211 1038 1755 1111 ὐπομνηματίζουσα.

198 1108 261 1162 Ὀ
312 1111 368 1162 δὲ
411 1111 666 1184 δεύτερος
704 1118 898 1188 γάμος,
959 1125 1006 1174 εὶ
1051 1125 1144 1177 καὶ
1182 1108 1618 1203 συγκεχώρηται,
1642 1137 1757 1190 ἀλλ’

186 1201 594 1272 ὲπιτετίμηται.
623 1207 746 1271 Πῶς
790 1209 898 1280 γὰρ
943 1211 1007 1264 ἂν
1038 1214 1129 1266 καὶ
1159 1201 1548 1287 στεφανώσεως
1585 1226 1753 1292 ἄξιος,

187 1287 444 1358 ἡττηθεὶς
467 1331 480 1355 ,
521 1292 632 1344 ἀλλ’
670 1296 727 1346 οὐ
761 1299 1022 1367 νικήσας;
1064 1302 1148 1365 τίς
1181 1303 1236 1356 δὲ
1277 1309 1369 1360 καὶ
1415 1311 1443 1361 ό
1478 1287 1756 1380 στεφανῶξ

188 1395 298 1429 σων
336 1378 525 1432 τοῦτον
568 1383 956 1458 πρεσϐύτερος,
986 1389 1044 1454 ὃς
1073 1395 1168 1445 καὶ
1195 1397 1293 1449 τοῦ
1340 1399 1528 1464 ἁπλῶς
1569 1404 1754 1456 ἑστια-

187 1468 345 1534 θῆναι
370 1471 426 1521 ἐν
453 1470 529 1541 τῷ
559 1475 852 1531 κατάὑτὸν
881 1481 1087 1553 ἀρίστῳ
1106 1486 1391 1557 Πατρικῶς
1415 1492 1748 1562 κεκώλυται;

188 1559 303 1620 πῶς
346 1560 400 1612 δὲ
442 1564 535 1615 καὶ
573 1565 786 1634 μεθέξει
814 1573 912 1641 τῆς
961 1573 1110 1637 θείας
1137 1581 1482 1647 κοινωνίας,ὁ
1516 1585 1583 1637 δι’
1617 1559 1750 1641 animo

183 1650 344 1703 τοῦτο
390 1655 675 1725 είργμένος
708 1662 884 1733 χρόνῳ
924 1665 1003 1717 ἐνὶ
1054 1670 1148 1721 καὶ
1184 1670 1302 1722 δυσὶ
1336 1673 1444 1725 τῶν
1475 1677 1750 1746 όιγιασμόι⁴

183 1761 324 1810 τωνς
370 1746 513 1812 τίνος
555 1750 612 1803 δὲ
655 1752 687 1821 ἢ
723 1755 839 1819 οἵας
875 1761 971 1829 τῆς
1016 1763 1392 1838 εὑλογιστικῆς
1442 1776 1750 1844 προσευχῆς

181 1834 474 1906 γενομένης
503 1839 594 1891 ἐπὶ
617 1841 718 1911 τῆς
741 1849 1036 1916 συναφείας
1061 1853 1247 1920 αὐτοῦ,
1293 1832 1366 1928 tui;
1393 1832 1558 1930 οὔσης
1778 1832 1823 1889 Β

184 1925 339 1994 παρά
368 1929 467 2024 την
497 1931 626 1998 μίαν
649 1935 744 2005 τῆς
774 1947 1149 2014 μονογαμικῆς
1192 1925 1302 2000 καὶν
1329 1925 1585 2024 πρώτη-ω
1615 1925 1750 2010 Συᾷζ

184 2014 351 2084 ἦκται
382 2015 473 2072 οὖν
515 2024 578 2076 ὲκ
622 2026 838 2082 πάντων
873 2032 1163 2103 Γραφικῶς
1206 2057 1264 2092 τε
1313 2045 1403 2094 καὶ
1439 2045 1747 2117 Πατρικῶς,

179 2107 451 2179 ἀμέτοχον
499 2110 640 2169 εἶναι
685 2124 1105 2196 στεφανώματος
1138 2131 1234 2201 τὴν
1275 2107 1744 2210 δευτερογοίμίανῒ

176 2198 265 2252 διὰ
320 2203 477 2256 τοῦτο
512 2207 632 2261 οὐδὲ
667 2211 770 2264 ὑπὸ
811 2216 903 2267 τοῦ
943 2218 1132 2288 ίερέως
1172 2198 1548 2298 ξευγνυμένηυν
1573 2198 1588 2261 ί
1614 2234 1748 2288 ἀλλὰ

179 2291 289 2358 μὴν
341 2294 459 2347 οὐδὲ
508 2301 982 2372 παραδεδομένην
1023 2311 1144 2364 τότε
1178 2314 1234 2367 δὲ
1282 2291 1745 2394 ’προσδεέομένηη

173 2381 418 2485 ὁπηνίκα
447 2386 530 2456 εἴη
562 2388 834 2460 πλήρωσις
861 2397 954 2450 τοῦ
980 2401 1226 2458 ὁπωσοῦν
1255 2381 1395 2462 κατὰ
1413 2381 1522 2481 τὴν.
1545 2381 1748 2485 ίεραείτιζ

335 2470 657 2571 δοκιμασίαν
719 2482 963 2549 δοθέντος
1020 2493 1294 2563 ἐπιτιμίου
1323 2514 1335 2528 ’
1371 2470 1606 2571 μεθ’ἢν.
1635 2504 1746 2569 ἕξει

173 2556 429 2660 ψέξειν]
467 2565 560 2616 καὶ
593 2569 700 2621 τῶν
733 2571 891 2626 θείων
930 2577 1119 2649 δώρων
1170 2556 1269 2654 τὴν
1316 2556 1618 2660 μέτάληιίοιν

170 2649 366 2703 τεῦθεν
413 2654 838 2728 εὐλογουμένους
870 2669 1101 2736 αὐτοὺς,
1138 2676 1300 2730 οἱονεὶ
1325 2678 1400 2742 ὡς
1426 2684 1518 2735 ἐπὶ
1552 2702 1744 2755 στεφα-

170 2741 428 2809 νώματος
453 2763 466 2776 ·
501 2752 641 2804 κατὰ
686 2754 940 2829 δεύτερον
990 2762 1166 2832 λόγον,
1201 2771 1338 2837 μετὰ
1375 2741 1742 2848 συγχώρησιν.

171 2833 411 2902 Εὑλογία
464 2842 567 2909 γὰρ
618 2843 675 2895 τὸ
720 2845 914 2917 δῶρον,
947 2856 1247 2922 τηνικαῦτα
1294 2863 1387 2914 καὶ
1448 2869 1742 2934 συναφείας

169 2925 325 3026 παρά
348 2926 441 2979 τοῦ
488 2930 685 3028 ἱερέως
719 2937 915 3009 δεῖγμα
946 2959 960 2972 ·
998 2944 1184 3002 ἔκτοτε
1233 2951 1306 3022 μὴ
1356 2925 1741 3028 κεκωλυμένου

1233 3011 1244 3020 υ
1295 3011 1306 3022 υ
1582 3011 1591 3028 |
1633 3011 1636 3012 ⁷
1660 3011 1664 3012 7
1691 3011 1701 3013 ⁷
1720 3011 1735 3014 ⁷

166 3011 323 3081 αὐτῷ
369 3021 748 3078 συνεστιᾶσθαι
804 3032 918 3091 τοῖς
975 3032 1371 3106 διγαμήσασιν’
1406 3043 1480 3108 ὠς
1511 3048 1741 3101 ἐπὶτῶν

171 3106 522 3175 μονογάμων.
561 3113 668 3167 Καὶ
707 3117 848 3173 οὕτω
872 3123 1020 3195 νόμῳ

167 3195 199 3291 η
256 3194 490 3266 διγαμία
521 3243 536 3267 ,
569 3206 709 3260 κατά
759 3211 849 3263 τὸν
911 3194 1260 3273 ’Λπόστολονο
1287 3194 1632 3291 γινώσικουσα
1675 3194 1744 3287 {at

163 3284 448 3389 δευτερεῖα
504 3292 648 3363 ἔχειν
695 3299 794 3369 τῆς
846 3310 1214 3377 μονογαμίας·
1269 3284 1361 3367 καὶ
1407 3318 1481 3386 μὴ
1534 3284 1744 3389 ἀλόγως

164 3379 265 3444 τῆς
295 3377 521 3450 πρώτης
546 3385 880 3458 ἐπιζητοῦσα
907 3393 975 3446 τὰ
1004 3395 1350 3471 δικαιώματα
1374 3444 1388 3470 ,
1417 3406 1561 3479 ἅπερ
1612 3429 1743 3480 προ-

165 3468 480 3539 απήλαυκε.

235 3561 428 3662 Φαίηςλ
441 3563 486 3615 δ’
509 3564 573 3618 ἄν
591 3582 606 3598 ⁸
637 3569 745 3625 Καὶ
772 3573 888 3637 πῶς
913 3575 1137 3634 ἔλθωσιν
1166 3583 1259 3638 ἐπὶ
1283 3587 1380 3658 τὴν
1404 3592 1700 3662 συνάφειαν
1723 3615 1738 3662 ;

166 3649 294 3710 Τοῖς
331 3651 698 3722 ἀνθρωπίνοις
745 3664 1079 3734 καθήκουσιν
1107 3671 1296 3746 ὥσπερ
1331 3681 1421 3733 καὶ
1460 3684 1510 3734 οἱ
1552 3688 1742 3755 τρίγα-

168 3758 258 3808 μοι
299 3744 398 3795 καὶ
427 3746 732 3819 πολύγαμοι
764 3770 779 3786 ο
805 3755 949 3811 οὕτω
979 3761 1086 3832 γὰρ
1114 3766 1372 3838 κέκληται
1403 3775 1434 3843 ή
1477 3778 1614 3845 μετά
1643 3780 1741 3851 τὴν

169 3850 188 3851 κ
214 3850 222 3851 ,
241 3833 254 3851 ν
484 3838 495 3851 ι
608 3841 634 3851 ’-
705 3845 749 3851 -
835 3847 845 3851 ‘
1263 3842 1266 3844 ’

162 3833 360 3903 τρίτην
403 3838 535 3906 πρὸς
565 3841 672 3894 τῶν
703 3845 982 3918 Πατέρων.
1017 3855 1085 3907 Ἥ
1117 3833 1605 3928 στεφανούσθωσαν
1639 3833 1739 3925 κά-

164 3931 361 3984 κεῖνοι.
412 3929 554 3984 Ἀλλ’
585 3933 754 3998 ὅντως
786 3941 817 4008 ή
871 3942 1009 4009 ἄγαν
1059 3948 1300 4015 διάλυσις
1334 3956 1441 4007 τῶν
1475 3962 1736 4030 κανόνων,

168 4018 378 4086 μᾶλλον
450 4021 507 4075 δὲ
593 4026 687 4079 τοῦ
761 4029 1132 4102 Εὑαγγελίου,
1190 4043 1248 4093 οὐ
1314 4045 1578 4118 διγάμους
1646 4018 1738 4109 νῦν

165 4111 262 4162 καὶ
350 4115 696 4186 τριγάμους,
763 4122 895 4176 ἀλλὰ
956 4128 1047 4180 καὶ
1113 4136 1338 4202 μοιχοὺς
1380 4111 1389 4115 ὴ
1434 4111 1736 4210 στεῷανοῦ-

164 4201 290 4254 σθαι
366 4203 472 4257 ὑπὸ
539 4210 647 4263 τῶν
711 4213 902 4283 ἱερέων
947 4221 1387 4293 πεποίηκενοώς
1451 4235 1545 4285 καὶ
1610 4240 1736 4302 τοὺς

162 4294 226 4358 τῇ
255 4293 470 4365 ,ἀποχῇ
506 4295 600 4348 τοῦ
621 4297 770 4354 θείου
803 4303 966 4371 νόμου
1005 4307 1079 4378 μὴ
1137 4314 1194 4364 ὲν
1234 4315 1407 4388 τούτῳ
1447 4337 1734 4394 συναιρου-

165 4383 368 4450 μένους
421 4386 712 4455 διώκουσα,
753 4395 847 4446 καὶ
904 4383 1393 4473 ἀναθεματίζουσα,
1456 4413 1529 4474 ὼς
1577 4383 1733 4470 ἀιλλο-

161 4475 349 4542 τρίους
413 4477 668 4548 Χριστοῦ,
707 4485 829 4548 τοὺς
874 4488 1011 4559 ὑπὲρ
1062 4478 1284 4565 ’ἐντολῆς
1333 4500 1426 4552 καὶ
1475 4503 1731 4573 ἀληθείας
1761 4507 1811 4566 D

161 4568 331 4621 αὐτοῦ
385 4569 792 4644 ἐνισταμένους.
827 4581 1112 4656 Ἔκστηθι,
1145 4592 1360 4662 οὐρανὲ,
1392 4597 1484 4648 ἐπὶ
1508 4600 1682 4669 τούτῳ
1719 4619 1733 4633 ο

160 4661 230 4711 τὰ
264 4663 380 4714 ἄνω
407 4664 576 4730 κάτω,
671 4670 982 4746 δικαιοσύνη
1017 4681 1238 4751 ἀνομία,
1270 4686 1329 4738 τὸ
1364 4688 1478 4756 φῶς
1503 4691 1692 4755 σκότος
1719 4734 1732 4756 ,

161 4755 218 4820 ἐξ
253 4749 330 4808 ὧν
359 4759 405 4809 οἱ
434 4760 745 4830 Μοιχειανοὶ
775 4766 993 4835 λέγουσι
1024 4749 1128 4825 καί
1145 4749 1470 4848 πράττουσι,
1495 4749 1736 4837 δείκνυ-νζ

159 4861 271 4898 ται.
305 4848 482 4902 Τοῦτο
509 4855 622 4915 τοῖς
648 4858 866 4924 τυφλοῖς
894 4863 986 4912 καὶ
1016 4869 1219 4932 κωφοῖς
1249 4872 1389 4924 κατά
1409 4872 1604 4946 ψυχὴν,
1641 4879 1735 4930 καὶ

161 4938 416 4991 ἐντεῦθεν
441 4941 536 4993 τοῦ
582 4945 951 5018 Ἀντιχρίστου
978 4953 1042 5006 τὰ
1076 4957 1321 5025 πρόλαϐα
1354 4965 1602 5032 φέρουσι.
1622 4969 1728 5021 Τά-

165 5045 236 5096 χα
267 5030 314 5082 δ’
347 5031 416 5084 ἂν
452 5035 671 5093 κάκεῖνο
714 5039 893 5105 εἴποις
917 5059 930 5071 ·
971 5046 1033 5098 Ei
1063 5047 1122 5099 τὸ
1171 5049 1228 5102 ἓν
1267 5053 1429 5122 μέρος
1468 5057 1550 5126 είή
1587 5076 1730 5124 παρ-

164 5118 318 5172 θένον
345 5163 360 5186 ,
401 5126 518 5188 πῶς
556 5127 770 5195 λέγουσί
800 5149 962 5198 τινες,
994 5137 1066 5200 ὡς
1114 5140 1172 5191 τὸ
1225 5144 1322 5209 μὲν
1376 5150 1734 5216 στεφανοῦται

163 5212 219 5263 έν
253 5217 318 5284 τῇ
350 5218 585 5287 κεφαλῇ,
623 5222 684 5273 τὸ
721 5224 776 5276 δὲ
815 5226 922 5278 ἀπὸ
947 5229 1124 5296 γάμου
1145 5273 1158 5294 ,
1187 5235 1242 5284 ὲν
1272 5236 1348 5305 τῷ
1379 5212 1514 5308 ὤμω
1537 5281 1550 5302 ,
1583 5259 1735 5294 νενοη-

168 5302 336 5373 μένης
372 5307 473 5375 τῆς
504 5317 835 5382 στεφανικῆς
859 5315 1020 5384 εὐχῆς
1054 5334 1067 5380 ;
1098 5321 1202 5372 Καί
1228 5302 1579 5398 μοι-πρδςτῇ
1613 5332 1736 5383 ἀτο-

166 5393 285 5463 πίᾳ,
318 5396 401 5449 ἔτι
461 5400 559 5452 καὶ
594 5403 799 5468 γελοῖον
830 5407 1094 5473 φαίνεται.
1134 5413 1366 5467 Διδόσθω
1396 5419 1501 5488 γὰρ
1536 5437 1731 5490 τριγα-

175 5487 317 5550 μεῖν·
349 5492 446 5540 καὶ
481 5491 584 5542 ποῦ
632 5494 812 5566 τεθείη
840 5500 867 5549 ὁ
896 5500 1190 5566 στέφανος
1224 5505 1280 5556 ὲν
1311 5510 1373 5573 τῇ
1409 5512 1570 5580 χειρὶ,
1596 5514 1626 5581 ἦ
1657 5516 1735 5577 εἰς

165 5576 225 5624 τὸ
252 5578 384 5642 γόνυ
414 5597 430 5645 ;
463 5583 578 5649 εἴγε
618 5589 710 5640 καὶ
739 5591 769 5658 ἡ
802 5593 1095 5663 γημαμένη
1128 5591 1238 5646 εἷεν
1265 5598 1372 5650 ἀπὸ
1404 5603 1652 5670 χηρείας,
1675 5607 1732 5657 ὲν

166 5667 241 5735 τῷ
272 5669 408 5740 ὤμῳ
450 5677 540 5728 τὸν
575 5680 832 5749 στέφανον
870 5684 1099 5750 δέξεται.
1133 5689 1336 5741 "Amm
1366 5692 1554 5745 ταῦτα.

243 5781 285 5811 ’⁸
304 5785 442 5838 Cen.
473 5804 510 5850 ι,
540 5775 639 5842 27ί

1865 599 2148 664 nuptialis,
2199 617 2263 656 ex
2309 619 2413 672 qua
2461 604 2769 661 benedictio
2817 611 2994 663 omnis
3041 615 3429 682 monogamicae

1864 689 2294 758 conjunctionis;
2331 711 2682 766 monogamus
2718 700 2981 768 siquidem
3013 703 3203 759 Adam.
3230 705 3432 760 Obser-

1862 781 2098 835 vandum
2130 799 2259 838 vero
2308 799 2390 841 est
2429 787 2555 843 inde
2588 806 2802 860 quoque
2838 803 3011 846 ortam
3050 811 3168 850 esse
3201 813 3429 852 corona-

1861 871 1998 925 riam
2048 872 2475 942 invocationem,
2528 897 2648 949 qua)
2698 884 2856 952 primi
2910 886 3144 941 hominis
3193 892 3427 944 creatio-

1859 978 2008 1028 nem,
2043 965 2399 1038 ejusdemque
2428 985 2550 1025 cum
2582 975 2809 1030 muliere
2841 992 2904 1030 ex
2939 979 3083 1032 illius
3110 991 3260 1034 costa
3295 999 3424 1051 pro-

1859 1053 2018 1108 ducta
2084 1059 2528 1127 conjunctionem
2596 1077 2973 1134 repraesentat.
3033 1071 3104 1124 At
3169 1075 3425 1128 secundae

1858 1147 2061 1215 nuptiae
2117 1153 2329 1205 tametsi
2386 1155 2796 1222 permittuntur,
2857 1176 3016 1229 poena
3067 1163 3420 1234 castigantur.

1857 1234 2138 1300 Quomodo
2169 1241 2311 1295 enim
2357 1248 2709 1302 coronatione
2752 1250 2929 1319 dignae
2975 1262 3122 1315 sunt,
3151 1270 3271 1323 qua:
3310 1272 3418 1309 non

1854 1327 2100 1394 vincunt,
2142 1333 2233 1386 sed
2263 1335 2576 1392 vincuntur.
2631 1339 2764 1404 Quis
2797 1358 2958 1410 porro
3005 1347 3286 1416 presbyter
3326 1364 3420 1402 eas

1853 1431 2099 1485 coronet,
2147 1438 2271 1476 cum
2308 1427 2393 1479 vel
2426 1427 2479 1479 in
2521 1443 2706 1483 earum
2741 1433 2982 1500 prandiis
3009 1436 3217 1503 epulari
3255 1453 3284 1492 a
3319 1438 3421 1493 Pa-

1854 1510 2029 1565 tribus
2059 1515 2450 1581 prohibeatur?
2476 1519 2576 1585 Qui
2607 1539 2738 1577 vero
2781 1525 2981 1580 divinae
3019 1530 3418 1586 communionis

1854 1603 2124 1673 particeps
2147 1606 2236 1671 sit,
2262 1610 2353 1676 qui
2376 1610 2476 1664 hoc
2498 1614 2718 1666 nomine
2745 1631 2853 1669 uno
2877 1627 3040 1684 atque
3065 1619 3238 1673 altero
3269 1635 3416 1674 anno

1854 1708 1883 1746 a
1919 1698 2086 1749 sacris
2114 1702 2366 1753 arcetur?
2404 1701 2511 1755 Aut
2540 1720 2785 1772 quaenam
2812 1709 3053 1776 qualisve
3078 1710 3416 1766 benedictio-

1853 1785 1936 1838 nis
1957 1789 2196 1856 precatio
2227 1790 2282 1843 in
2315 1807 2501 1847 earum
2528 1797 2917 1865 conjunctione
2945 1812 3259 1871 usurpetur,
3291 1820 3414 1858 eum

1852 1877 1952 1930 alia
2000 1879 2148 1933 nulla
2196 1881 2266 1935 sit
2319 1894 2515 1952 prater
2559 1904 2677 1941 eam
2738 1905 2858 1958 quze
2917 1892 2969 1945 in
3027 1895 3219 1962 primis
3260 1905 3313 1948 et
3360 1896 3414 1950 in

1850 1969 2239 2038 monogamicis
2297 1973 2618 2029 adhibetur?
2665 1979 2956 2034 Ostensum
3006 1999 3135 2054 ergo
3191 2001 3415 2055 prorsus

1848 2067 1932 2112 est
1969 2074 2031 2112 cx
2059 2075 2332 2116 sacrarum
2358 2064 2680 2122 Litterarum
2707 2069 3039 2142 Patrumque
3065 2078 3410 2143 auctoritate,

1847 2157 2097 2217 expertes
2128 2166 2341 2208 corona
2367 2157 2634 2213 secundas
2665 2163 2881 2231 nuptias
2908 2180 3046 2227 esse,
3079 2177 3132 2221 et
3161 2179 3413 2237 propter-

1847 2253 1909 2292 ea
1973 2256 2041 2295 ne
2100 2258 2129 2296 a
2182 2247 2464 2302 sacerdote
2512 2251 2730 2317 quidem
2775 2255 3038 2322 ecpulari.
3097 2257 3412 2322 Quinetiam

1847 2345 2025 2399 neque
2052 2335 2347 2391 extraditas
2379 2338 2497 2393 illas
2534 2341 2720 2408 fuisse,
2764 2345 2856 2398 sed
2905 2355 3016 2400 tum
3064 2349 3280 2404 demum
3326 2353 3417 2406 ad-

1846 2420 2059 2485 missas,
2114 2439 2236 2478 cum
2295 2429 2507 2494 expleta
2567 2430 2730 2487 fuerit
2777 2438 3120 2492 sacerdotum
3180 2444 3413 2495 arbitrio

1846 2511 2088 2580 iniuncta
2118 2517 2438 2582 poenitentia
2469 2536 2481 2572 :
2515 2530 2799 2592 postquam
2859 2536 2913 2580 et
2946 2528 3253 2585 divinorum
3291 2549 3406 2586 mu-

1845 2616 2038 2655 nerum
2072 2605 2540 2676 participationem
2584 2613 2854 2679 obtinent,
2906 2616 3140 2687 indeque
3181 2620 3410 2676 benedi-

1845 2703 2042 2749 cuntur
2060 2698 2204 2751 velut
2222 2699 2273 2752 in
2300 2703 2670 2769 coronatione,
2690 2706 2948 2762 inferiore
2969 2711 3200 2778 quodam
3223 2715 3407 2778 modo,

1847 2797 1966 2854 post
2016 2788 2427 2860 indulgentiam.
2476 2794 2792 2852 Benedictio
2841 2800 2986 2855 enim
3039 2811 3122 2856 est
3181 2820 3406 2869 munus,

1846 2886 1958 2931 tum
1993 2880 2152 2933 etiam
2182 2893 2236 2936 et
2280 2884 2554 2952 specimen
2602 2890 3002 2959 conjunctionis
3042 2910 3139 2963 per
3168 2897 3410 2949 sacerdo-

1846 2978 1973 3035 tem,
2008 2973 2149 3040 quod
2181 2990 2244 3028 ex
2276 2990 2340 3030 eo
2369 2984 2614 3048 tempore
2643 2997 2749 3035 non
2776 2985 3134 3052 prohibeatur
3163 3005 3282 3042 cum
3321 2992 3407 3054 iis,

1843 3060 1934 3128 qui
1974 3063 2039 3114 ad
2075 3068 2342 3120 secundas
2378 3070 2596 3137 nuptias
2639 3076 2953 3139 convolant,
2989 3082 3266 3145 convesci,
3297 3094 3409 3136 non

1055 3129 1291 3198 ὁρμᾶται
1346 3141 1741 3212 συγχωρητικῷ

1846 3165 2006 3204 secus
2041 3162 2202 3221 atque
2231 3170 2351 3209 cum
2382 3162 2740 3230 monogamis.
2784 3164 2960 3232 Atque
2989 3167 3093 3220 hoc
3132 3171 3294 3224 modo
3327 3172 3410 3225 di-

1846 3245 2020 3312 gamia
2056 3247 2171 3317 lege
2213 3249 2382 3303 utitur
2438 3252 2806 3324 indulgentiae,
2847 3258 2999 3325 juxta
3046 3258 3360 3329 Apostolum
3393 3283 3406 3319 :

1843 3350 2143 3404 agnoscens
2169 3340 2432 3394 secundas
2459 3357 2516 3396 se
2546 3359 2575 3396 a
2605 3348 2943 3416 monogamia
2974 3360 3154 3418 partes
3184 3359 3405 3406 tenere:

1843 3443 1944 3481 nec
1985 3427 2250 3484 immerito
2303 3447 2554 3501 quaerens
2600 3437 2893 3503 primarum
2930 3439 3074 3508 jura,
3132 3456 3252 3510 quae
3295 3443 3407 3512 jam

1842 3529 1968 3573 ante
2001 3522 2260 3590 percepit.

1912 3613 2134 3677 Quzeres
2191 3615 2420 3669 forsitan
2469 3619 2743 3686 quomodo
2793 3634 2922 3691 ergo
2978 3623 3404 3693 conjungantur.

1843 3700 2106 3757 Humanis
2140 3703 2328 3758 ofﬁciis
2367 3707 2505 3760 sicut
2550 3717 2605 3761 et
2650 3710 2860 3779 trigami
2896 3721 2950 3764 et
2980 3713 3250 3781 polygami
3283 3733 3294 3766 :
3330 3715 3408 3768 sie

1842 3796 1987 3850 enim
2020 3796 2208 3850 Patres
2236 3807 2433 3850 vocant
2468 3814 2561 3852 eos
2590 3801 2680 3868 qui
2705 3801 2841 3854 ultra
2867 3803 3056 3856 tertias
3085 3807 3406 3871 procedunt.

1839 3890 1948 3941 Aut
1983 3896 2132 3941 certe
2174 3898 2504 3942 coronentur
2550 3892 2712 3944 etiam
2763 3892 2869 3946 isti.
2914 3893 3206 3949 Enimvero
3239 3913 3408 3951 cano-

1840 3995 1971 4034 num
1998 3979 2285 4034 immodica
2318 3981 2623 4045 subversio,
2655 3983 2740 4038 vel
2764 3985 2944 4053 potius
2972 3983 3271 4056 Evangelii,
3299 4005 3408 4042 non

1839 4073 2080 4144 digamos
2106 4089 2253 4127 nunc
2277 4082 2329 4127 et
2362 4074 2633 4144 trigamos,
2666 4076 2760 4130 sed
2805 4086 2858 4131 et
2885 4079 3129 4133 moechos
3159 4081 3408 4136 coronari

1838 4162 1968 4216 fecit
1994 4178 2023 4215 a
2054 4162 2424 4217 sacerdotibus
2459 4183 2470 4216 :
2499 4180 2619 4232 quae
2657 4175 2712 4219 et
2750 4167 2868 4220 illos
2910 4170 3279 4239 persequitur,
3313 4175 3403 4241 qui

1838 4269 1938 4322 pro
1959 4253 2074 4322 lege
2099 4254 2277 4306 divina
2307 4263 2627 4324 pugnantes,
2661 4260 2971 4314 consentire
2998 4262 3050 4314 in
3080 4276 3145 4315 eo
3175 4265 3402 4318 nolunt:

1837 4353 1891 4397 et
1920 4344 2286 4407 anathemate,
2320 4346 2465 4398 velut
2493 4361 2524 4398 a
2561 4346 2780 4401 Christo
2806 4349 3032 4415 alienos,
3062 4351 3286 4408 damnat
3312 4371 3407 4408 eos

1837 4435 1928 4504 qui
1956 4451 2051 4503 pro
2080 4436 2198 4503 ejus
2228 4436 2480 4491 mandato
2508 4453 2570 4492 ac
2604 4441 2831 4493 veritate
2864 4441 3171 4512 insurgunt.
3206 4445 3408 4500 Obstu-

1838 4542 2028 4596 pesces
2071 4542 2235 4596 super
2265 4529 2390 4592 hoc,
2435 4530 2632 4584 cmlum
2665 4551 2677 4586 :
2707 4548 2902 4600 supera
2946 4535 3169 4589 deosum
3196 4537 3406 4605 jnstitia

1837 4616 2114 4684 iniquitas,
2142 4617 2232 4669 lux
2260 4619 2521 4684 tenebrat,
2562 4635 2628 4673 ex
2657 4621 2721 4675 iis
2755 4622 2876 4690 quae
2901 4624 3187 4678 Moecbiani
3216 4628 3408 4681 dicunt

1837 4717 1891 4758 et
1913 4716 2098 4776 agunt,
2138 4722 2257 4761 esse
2288 4711 2734 4777 comprobantur.
2769 4713 2894 4768 Haec
2925 4716 3082 4769 caecis
3125 4726 3182 4770 et
3224 4730 3408 4772 mente

1837 4798 2026 4865 captis,
2052 4806 2211 4865 atque
2237 4798 2358 4852 ideo
2386 4800 2706 4855 Antichristi
2739 4803 3040 4870 primordia
3068 4808 3404 4872 gerentibus.

1839 4887 2044 4941 Forsan
2089 4899 2142 4942 et
2177 4889 2280 4944 hoc
2328 4891 2516 4946 dices:
2552 4893 2609 4947 Si
2640 4895 2861 4964 quidem
2893 4912 3018 4966 pars
3055 4897 3226 4952 altera
3256 4902 3408 4968 virgo

1834 4979 1924 5041 sit,
1974 4987 2288 5044 coronatur,
2326 4987 2388 5033 ut
2419 4985 2664 5036 nonnulli
2702 4985 2912 5048 dicunt,
2949 4987 3065 5040 lucc
3097 4989 3313 5055 quidem
3348 4990 3400 5041 in

1834 5067 2043 5134 capite;
2079 5068 2247 5121 altera
2289 5085 2414 5123 vero
2441 5087 2559 5139 qua:
2585 5073 2791 5141 nuptiis
2817 5075 2930 5142 jam
2971 5074 3257 5144 perfuncta
3299 5088 3401 5140 est,

1837 5158 1888 5209 in
1920 5157 2166 5223 humero,
2203 5160 2330 5214 dum
2362 5165 2646 5216 coronaria
2673 5168 2913 5233 precatio
2946 5168 3241 5237 peragitur.
3273 5171 3406 5226 Mihi

1838 5264 1967 5302 vero
2014 5265 2120 5302 non
2167 5251 2341 5305 solum
2393 5254 2711 5318 absurdum,
2764 5257 2858 5310 sed
2906 5259 3197 5313 ridiculum
3241 5263 3407 5316 etiam

1841 5340 1942 5395 hoc
1973 5341 2204 5394 videtur.
2255 5342 2466 5396 Etenim
2506 5347 2726 5399 tertium
2775 5348 3006 5402 nubenti
3053 5349 3275 5405 ubinam
3310 5368 3405 5420 po-

1841 5441 1999 5484 netur
2027 5431 2262 5484 corona?
2301 5434 2354 5486 in
2389 5449 2570 5494 manu,
2618 5451 2685 5486 an
2718 5435 2784 5488 ad
2825 5437 3003 5506 genu?
3030 5452 3151 5489 cum
3190 5455 3251 5494 ea
3284 5457 3405 5509 quae

1837 5522 1995 5575 vidua
2036 5523 2210 5586 nubit,
2252 5524 2306 5578 in
2353 5524 2582 5580 humero
2623 5537 2935 5584 coronetur.
2986 5529 3232 5585 Absurda
3277 5543 3406 5588 sunt

1840 5615 1935 5667 ista
1971 5630 2213 5684 prorsus.
