4008 6318
582 362 720 428 1005

1768 371 1827 430 S.
1872 371 1969 430 TH
1982 370 2262 432 EODORI
2295 369 2640 438 STUDITE

3714 372 3857 439 1096

646 472 781 541 Quis
822 489 954 530 vero
988 488 1245 529 coronam
1289 474 1567 546 imponet?
1603 487 1659 533 et
1697 482 1970 550 quomodo
2015 482 2156 538 indi»

2331 486 2426 550 Τίς
2470 488 2528 541 δὲ
2580 489 2608 541 ό
2659 487 2980 556 στεφανῶνς
3015 487 3110 541 καῖ⁵
3152 487 3270 549 πῶς
3308 487 3342 556 ἡ
3375 485 3673 557 ἀμέριστος
3713 488 3854 558 εὖχῆ

578 568 695 623 visa
750 566 1064 623 benedictio
1115 567 1429 624 dividetur?
1460 586 1584 640 pars
1639 573 1848 639 altera,
1900 586 1960 630 ut
2019 575 2155 631 labis

578 671 777 727 expers
806 656 1136 727 victrixque,
1183 660 1563 727 benedicetur,
1616 663 1786 718 altera
1834 681 1945 719 non
1993 667 2157 722 item?

576 747 826 805 Ridicula
857 764 966 814 res,
1004 759 1059 806 et
1088 767 1209 822 quae
1242 752 1356 808 ﬁeri
1398 755 1548 809 nullo
1579 757 1741 813 modo
1778 760 1969 828 possit.
2005 760 2156 827 Quo-

577 843 741 898 modo
780 858 888 898 una
931 845 1375 900 communionem
1416 840 1669 918 accipiet,
1710 852 1878 905 altera
1914 854 2153 922 privabi-

577 942 689 997 tur,
729 936 932 1006 quippe
961 953 1082 1006 quae
1128 938 1506 1006 paenitentiam
1550 944 1713 1013 agat?
1739 944 1895 1010 Quod
1943 947 1988 1001 si
2032 962 2155 1017 pars

576 1023 680 1081 ista
701 1026 784 1080 vir
800 1027 894 1090 sit,
924 1029 1199 1082 virautem
1225 1037 1388 1099 caput
1415 1031 1676 1096 mulieris,
1702 1043 1755 1089 et
1776 1045 1957 1104 partes
1984 1038 2155 1092 ambae

578 1117 632 1170 in
665 1133 836 1171 unum
866 1133 1065 1189 corpus
1091 1120 1462 1186 adhaerentes;
1500 1125 1846 1195 participabit
1884 1128 2153 1197 reliquum

575 1224 792 1278 corpus,
822 1220 988 1279 caput
1013 1220 1196 1267 autem
1236 1217 1617 1284 nequaquam?
1651 1216 1935 1273 Dividetur
1964 1220 2154 1275 confe-

575 1300 702 1354 stim
758 1302 903 1371 quod
957 1318 1267 1361 connexum
1320 1317 1443 1372 est,
1498 1309 1566 1363 ab
1618 1310 1738 1380 ipso
1785 1311 1878 1381 qui
1936 1316 2156 1383 copulat

576 1392 889 1459 sacerdote;
928 1395 1282 1467 hoc‘quidem
1331 1415 1398 1453 ex
1431 1402 1809 1465 concessione,
1860 1404 1902 1457 si
1933 1406 2151 1474 quidem

578 1480 740 1535 detur
774 1492 833 1537 ut
859 1484 911 1539 id
943 1484 1138 1552 faciat;
1176 1498 1341 1557 caput
1370 1490 1517 1544 enim
1546 1491 1779 1561 finisque
1810 1494 2152 1561 conjunctio-

579 1572 664 1626 nis
687 1582 770 1626 est
798 1584 1046 1629 sanctum
1080 1585 1135 1631 et
1161 1578 1383 1633 unicum
1413 1595 1614 1649 corpus
1646 1596 1709 1637 ac
1738 1584 1958 1653 sanguis
1988 1584 2151 1637 Chri-

577 1662 693 1716 sti?
723 1672 817 1718 aut
855 1667 1126 1720 ambobus
1157 1667 1465 1737 impertiet;
1501 1669 1605 1725 Sed
1644 1672 1922 1728 mittamus
1961 1675 2151 1744 loqua-

574 1754 821 1811 citatem.
867 1756 985 1812 Erit
1028 1759 1173 1813 enim
1225 1760 1327 1815 iste
1374 1762 1665 1817 manifesto
1711 1780 1818 1818 non
1874 1768 2146 1829 sacerdos,

574 1845 670 1899 sed
733 1847 1039 1903 divinarum
1102 1851 1553 1906 constitutionum
1617 1864 2028 1925 transgressor,
2090 1873 2154 1912 ac

579 1936 808 2007 proinde
838 1938 956 2008 ipso
992 1940 1289 2009 privandus
1317 1942 1660 2010 sacerdotio;
1694 1954 1753 1998 ut
1794 1946 1880 2000 cui
1913 1962 1983 2001 ne
2019 1963 2157 2017 epu-

577 2028 675 2083 lari
719 2030 939 2099 quidem
991 2032 1047 2085 in
1101 2032 1300 2087 talibus
1343 2034 1551 2103 nuptiis
1608 2035 1794 2099 liccat,
1843 2038 2044 2092 nedum
2100 2049 2159 2093 ut

573 2130 787 2176 tantum
821 2122 1002 2177 scelus
1038 2124 1362 2179 committat.
1398 2124 1536 2191 Quid
1570 2141 1719 2196 ergo,
1756 2128 1927 2195 dices,
1957 2130 2158 2186 amittit

576 2228 703 2283 pars
752 2214 1031 2285 virginalis
1089 2214 1373 2272 victricem
1434 2234 1694 2274 coronam
1746 2236 1871 2275 cum
1926 2222 2156 2277 benedi-

575 2306 797 2372 ctione;
841 2322 907 2362 ac
938 2322 1049 2362 non
1092 2309 1299 2363 evincit
1341 2310 1521 2378 potius
1559 2326 1686 2381 pars
1728 2328 1838 2367 non
1883 2314 2051 2379 victa,
2096 2324 2158 2369 ut

574 2396 738 2451 simul
778 2398 1156 2467 benedicatur,
1196 2401 1357 2455 simul
1384 2414 1700 2469 coronetur,
1729 2414 1784 2459 et
1811 2405 2155 2460 communio-

576 2501 703 2541 nem
735 2486 898 2542 simul
930 2489 1165 2559 accipiat
1194 2505 1321 2559 pars
1347 2490 1515 2546 altera
1540 2507 1637 2561 per
1662 2494 1953 2563 digamiam
1982 2495 2157 2549 victa?

577 2578 635 2634 Si
666 2577 741 2634 ita
776 2588 945 2645 esset,
989 2582 1261 2637 sancitum
1294 2597 1428 2637 sane
1458 2582 1654 2639 fuisset
1684 2584 1904 2640 Patrum
1932 2587 2158 2641 canoni-

577 2671 683 2726 bus
712 2688 727 2727 :
753 2672 851 2727 sed
881 2672 1177 2730 discrimen
1202 2674 1414 2730 nullum
1444 2676 1647 2731 factum
1676 2687 1781 2733 est.
1816 2677 1972 2744 Quod
1994 2678 2157 2750 igitur

577 2760 801 2817 Patrum
844 2764 1159 2820 testimonio
1184 2764 1429 2821 decisum
1474 2782 1586 2821 non
1629 2776 1714 2823 est
1745 2783 1847 2823 nec
1886 2769 2156 2823 consulu-

578 2864 719 2920 tum,
763 2854 941 2911 inanis
989 2858 1312 2929 arrogantia:
1342 2868 1428 2915 est
1474 2860 1525 2915 id
1560 2860 1824 2931 cogitare,
1870 2871 1927 2916 et
1950 2862 2153 2929 dicere,

579 2955 635 3000 ct
674 2944 874 3001 facere.
920 2946 1031 3019 Ego
1056 2964 1188 3004 vero
1229 2950 1311 3006 sic
1358 2951 1556 3017 sentio,
1587 2952 1710 3022 jure
1753 2962 1963 3022 partem
1992 2953 2157 3024 virgi-

580 3037 759 3091 nalem
789 3040 1149 3110 monogamia:
1189 3042 1297 3098 ritu
1329 3042 1563 3113 privari;
1598 3053 1658 3099 ut
1701 3044 1786 3099 cui
1810 3044 2031 3114 liquerit
2060 3061 2157 3115 per

2261 578 2656 649 μερισθήσεται
2687 597 2701 645 ;
2738 580 2970 649 θάτερον
2996 579 3104 631 τῶν
3136 577 3339 649 μερῶν,
3374 578 3449 640 ὼς
3478 578 3849 646 ἀκηλίδωτον,

2256 669 2350 720 καὶ⁹
2402 668 2663 734 νικῆσαν,
2695 667 3088 738 εὐλογούμενον
3120 684 3134 698 °
3172 668 3403 737 θάτερον
3453 668 3509 720 δὲ
3572 668 3650 736 μή
3684 684 3700 732 ;
3732 668 3853 720 τῶν

2256 756 2482 824 γελοίων
2519 760 2610 811 καὶ
2653 758 2975 828 ἀμηχάνων.
3016 756 3140 818 Πῶς
3164 756 3225 809 τὸ
3259 756 3360 824 μὲν
3388 756 3447 809 ἐν
3494 756 3720 825 μεθέξει
3748 759 3855 827 τῆς

2257 850 2570 913 κοινωνίας.
2612 851 2673 902 τὺ
2694 850 2750 903 δὲ
2783 851 2972 920 ἕτερον
3005 847 3067 902 οὔ
3095 865 3109 879 ⁸
3140 849 3372 919 ἐπείπερ
3400 850 3457 901 ἐν
3490 850 3802 918 ἐπιτιμίοις
3833 866 3850 915 ;

2255 936 2368 1003 εἴγε
2395 939 2491 989 καὶ
2526 938 2609 1008 εἴη
2634 938 2790 990 τοῦτο
2822 941 2850 991 ὁ
2887 939 3027 1008 ἁνήρ
3050 954 3064 970 ο
3087 938 3226 1008 ἀνὴρ
3282 937 3493 1007 κεφαλὴ
3540 939 3811 1005 γυναικός
3833 954 3847 966 ⁶

2257 1030 2349 1081 καὶ
2380 1031 2457 1091 είς
2483 1028 2540 1082 ἓν
2563 1029 2722 1099 σῶμα
2752 1029 2922 1098 ἄμφω
2948 1030 3018 1083 τά
3051 1029 3383 1083 συνελθόντα
3408 1043 3422 1057 ⁸
3461 1028 3850 1098 μεταλήψεται

2254 1120 2315 1173 τὸ
2334 1120 2518 1173 λοιπὸν
2549 1122 2726 1190 σῶμω
2758 1123 2789 1191 ἡ
2818 1122 3026 1193 κεφαλὴ
3057 1122 3113 1175 δὲ
3147 1120 3207 1173 οὔ
3228 1140 3241 1185 ;
3264 1119 3609 1191 τμηθήσεται
3633 1122 3697 1172 τὸ
3714 1122 3850 1182 ζευ-

2255 1213 2381 1282 χθὲν
2404 1216 2564 1278 εὐθὺς
2593 1215 2683 1267 ὑπ’
2712 1215 2873 1267 αὑτοῦ
2902 1214 2995 1267 τοῦ
3025 1214 3388 1275 συνάπτοντος
3418 1213 3611 1283 ἱερέως
3638 1229 3655 1244 ο
3681 1213 3853 1265 τοῦτό

2253 1319 2317 1373 γε
2353 1304 2495 1357 κατά
2533 1304 2899 1374 συγχώρησιν.
2927 1304 3170 1366 δοθέντος
3204 1303 3363 1374 τυχὸν
3406 1306 3581 1356 ποιεῖν
3647 1303 3849 1355 αὐτόν·

2255 1396 2547 1463 κεφάλαιον
2572 1397 2681 1468 γάρ
2708 1398 2797 1450 καὶ
2820 1397 2969 1460 τέλος
2991 1378 3346 1467 τῆς’ζεύξεως
3364 1397 3425 1449 τὸ
3450 1396 3604 1463 am»
3638 1397 3734 1448 καὶ
3760 1397 3853 1448 ἐν·

2256 1492 2393 1541 ιαῖον
2440 1488 2600 1557 σῶμα
2645 1492 2738 1541 καὶ
2778 1482 2916 1558 αἷμα
2943 1488 3267 1557 Χριστοῦοῆ
3294 1490 3495 1557 ἀμφοῖν
3544 1488 3847 1557 μεταδοίης

2255 1580 2363 1633 Καί
2383 1597 2444 1648 γε
2463 1580 2856 1650 ἀπηλλάγμεθα
2874 1581 3411 1650 ἀδολεσχίας.Ἐσται
3428 1581 3536 1649 γὰρ
3559 1580 3848 1650 ἀριδήλως

2253 1674 2282 1725 ό
2306 1672 2543 1734 τοιοῦτος
2566 1673 2662 1742 οὐχ
2694 1673 2892 1744 ἱερεὺς,
2932 1672 3067 1725 ἀλλά
3120 1671 3452 1742 πὰραὸάτης
3503 1672 3615 1724 τῶν
3675 1671 3847 1724 θείων

2254 1763 2568 1828 διατάξεων,
2607 1766 2700 1817 καὶ
2730 1763 2817 1817 διὰ
2852 1764 3011 1817 τοῦτο
3040 1763 3262 1831 καὶτῆς
3291 1763 3597 1830 ἱερωσύνης
3622 1762 3849 1814 ἔκπτω-

2256 1870 2345 1917 τος
2366 1870 2379 1882 ·
2408 1854 2569 1906 ὁπότε
2592 1854 2711 1907 οὐδὲ
2734 1854 3049 1923 ἐστιαβῆναι
3083 1853 3163 1924 τῷ
3199 1853 3427 1923 τοιούτῳ
3453 1853 3619 1923 γάμῳ
3655 1869 3849 1921 παρα-

2258 1944 2593 2015 κεχώρηται,
2656 1946 2753 2015 οὐχ
2804 1947 2888 1998 ὅτι
2943 1945 3199 1999 τοσοῦτον
3248 1945 3542 2015 ἀνομῆσαι.
3604 1945 3675 1997 ΤΞ
3707 1942 3845 2007 οὖν,

2258 2037 2444 2106 φαίης,
2469 2036 2733 2089 ἀπόλλυσι
2762 2036 2821 2089 τὸ
2852 2036 3183 2107 παρθενικὸν
3216 2035 3383 2107 μέρος
3414 2035 3504 2087 τὸν
3551 2035 3847 2106 νικητικὸν

2259 2130 2522 2199 στέφανον
2568 2130 2665 2181 σὺν
2713 2131 2779 2199 τῇ
2813 2128 3144 2199 εὐλογιστίᾳ,
3172 2129 3267 2181 καὶ
3312 2128 3412 2181 οὐκ
3442 2129 3639 2198 ἐκνικᾷ
3663 2128 3727 2181 τὸ
3764 2128 3844 2196 μὴ

2256 2220 2487 2292 ἡττηθὲν
2522 2222 2739 2291 μᾶλλον,
2775 2221 3103 2291 συλλογῆσαι
3128 2220 3221 2273 καὶ
3264 2218 3703 2286 συστεφανῶσαι,
3742 2220 3847 2271 καὶ

2259 2311 2604 2381 συμμεθέξαι
2627 2312 2727 2381 τῆς
2754 2311 3064 2375 κοινωνίας,
3097 2308 3275 2380 ἐαυτῷ
3306 2310 3366 2363 τὸ
3412 2308 3718 2377 ἡττημένον
3754 2308 3848 2360 διὰ

2254 2404 2355 2473 τῆς
2386 2403 2645 2473 διγαμίας
2672 2403 2735 2473 μέ
2748 2420 2840 2473 ρος
2866 2419 2880 2467 ;
2908 2403 2967 2455 Ei
2990 2397 3058 2472 ἦν
3092 2401 3272 2465 τοῦτο,
3308 2400 3564 2469 ἐτυπὼθη
3587 2400 3655 2453 ἂν
3680 2400 3843 2470 παρὰ

2255 2494 2363 2546 τῶν
2399 2493 2685 2564 Πατρικῶν
2715 2494 2956 2546 κανόνων
2982 2507 2996 2522 ·
3027 2493 3143 2547 ἀλλ’
3170 2494 3270 2545 οὐκ
3319 2492 3563 2560 ἐγεγόνει
3595 2509 3683 2554 τις
3715 2492 3844 2544 δια-

2257 2586 2421 2656 φορά.
2461 2587 2526 2638 Ὃ
2558 2584 2613 2638 δὲ
2641 2585 2745 2638 ὑπὸ
2773 2586 3053 2655 Πατρικῆς
3104 2585 3411 2654 μαρτυρίας
3458 2584 3532 2652 μὴ
3616 2583 3842 2648 διακρι-

2257 2677 2348 2732 θέν
2392 2677 2486 2749 καὶ
2535 2677 2925 2741 ὑποτυπωθὲν,
2959 2676 3318 2745 κενεμὸατεῖν
3363 2678 3482 2728 ἐστι
3508 2676 3606 2727 καὶ
3636 2677 3846 2727 ἐννοεῖν

2257 2772 2350 2825 καί
2378 2769 2557 2838 λέγειν
2584 2771 2678 2822 καὶ
2707 2773 2990 2839 πράττειν.
3045 2768 3189 2836 Ἐγὼ
3220 2768 3275 2821 δὲ
3308 2768 3484 2821 ἐκεῖνό
3517 2785 3665 2837 φημι
3698 2784 3712 2797 ·
3757 2769 3845 2821 ὅτι

2256 2862 2483 2922 εἰκότως
2530 2860 2597 2913 ἂν
2644 2858 2704 2911 τὸ
2750 2857 3086 2928 παρθενικδν
3138 2858 3307 2928 μέρος
3336 2857 3711 2927 ἀποτυγχάνει
3740 2859 3845 2926 τῆς

2260 2950 2640 3023 μονογαμικῆς
2691 2948 3043 3019 παραδόσεως
3072 2963 3087 2976 ο
3117 2947 3237 3012 ἐξὸν
3283 2949 3392 3018 γάρ
3430 2947 3499 3000 δι’
3529 2948 3845 3017 όμοταγοῦς

2256 3022 2558 3098 ἀπόνασθαι
2610 3040 2814 3111 ταύτης
2844 3058 2858 3071 ’
2901 3040 3088 3111 ἐπειδὴ
3150 3022 3392 3111 καθαρὸν
3443 3038 3673 3109 καθαρῷ
3712 3058 3843 3093 συν-

579 3124 829 3194 ejusdem
852 3127 1062 3183 ordinis
1086 3140 1397 3186 consortem
1423 3132 1516 3186 illo
1542 3131 1649 3187 frui
1677 3150 1692 3187 :
1720 3134 2154 3204 quandoquidem

2261 3133 2610 3193 απτέον.καὶ
2666 3130 2939 3202 παρθένον
2996 3129 3277 3201 παρθένῳ,
3312 3131 3405 3183 καὶ
3458 3130 3699 3182 νικῶντα
3759 3128 3845 3197 τῷ

581 3230 780 3284 purum
824 3232 971 3288 puro
998 3218 1154 3291 jungi
1198 3221 1375 3286 decet.
1427 3230 1484 3277 et
1532 3222 1802 3295 virginem
1842 3224 2061 3296 virgini,
2103 3235 2160 3280 et

582 3308 845 3363 victorem
897 3311 1113 3365 victori.
1167 3310 1378 3368 Decidit
1427 3322 1610 3368 autem
1653 3315 1746 3384 qui
1795 3330 1906 3370 non
1960 3316 2157 3389 virgini

580 3401 826 3472 copulari
869 3403 1063 3469 voluit,
1119 3411 1174 3459 et
1220 3404 1543 3475 virginalem
1576 3406 1802 3477 gloriam
1848 3423 1911 3462 ea
1948 3409 2158 3462 ratione

580 3494 983 3548 dehonestare?
1008 3511 1168 3564 quam
1199 3511 1268 3549 ne
1304 3495 1493 3550 habuit
1515 3496 1731 3565 quidem
1765 3497 2012 3563 fortasse,
2042 3506 2155 3562 aut,

580 3600 705 3639 cum
739 3584 986 3649 haberet,
1025 3584 1222 3641 vitioso
1256 3602 1382 3656 erga
1410 3587 1686 3657 digamum
1714 3589 1910 3644 affectu
1936 3605 2158 3660 quoquo

582 3676 745 3731 modo
773 3677 1064 3747 depressit.
1094 3676 1277 3744 Quare
1320 3694 1430 3733 non
1462 3681 1625 3733 modo
1672 3696 1779 3734 non
1810 3683 2024 3746 evehet,
2062 3684 2157 3739 sed

580 3768 755 3838 ipsum
788 3785 1006 3838 quoque
1048 3770 1319 3839 deprimet
1366 3770 1433 3824 ad
1472 3786 1686 3839 pinnam
1723 3773 1892 3841 partis
1936 3774 2157 3843 nuptias

582 3861 853 3917 iterantis.
900 3863 1025 3918 Hec
1060 3878 1089 3917 a
1138 3878 1223 3917 me
1270 3880 1368 3933 pro
1414 3864 1621 3919 viribus
1661 3875 1877 3935 reperta
1928 3878 1984 3921 et
2012 3867 2157 3922 dicta

583 3964 729 4015 sunt,
779 3955 850 4009 ﬁli
896 3956 1130 4025 egregie.
1165 3954 1321 4022 Quod
1357 3957 1400 4010 si
1456 3957 1553 4010 tibi
1583 3958 1666 4011 vel
1718 3959 1870 4012 alteri
1915 3959 2155 4028 cuipiam

584 4046 765 4100 verius
788 4046 935 4101 aliud
967 4046 1234 4111 videatur,
1263 4048 1423 4102 modo
1453 4064 1519 4101 ex
1552 4048 1833 4119 Scriptura
1867 4060 2074 4105 tantum
2103 4061 2159 4107 et

580 4150 646 4189 cx
685 4147 911 4205 paterna
946 4148 1106 4206 atque
1136 4137 1395 4191 canonica
1432 4139 1753 4205 traditione;
1782 4143 2158 4198 consentiente

580 4243 705 4281 cum
740 4230 824 4282 his
854 4230 1064 4299 privata
1091 4246 1212 4299 qua:
1237 4231 1461 4285 accedat
1498 4232 1665 4284 animi
1701 4233 2112 4290 ratiocinatione
2141 4254 2154 4290 :

582 4320 753 4387 parati
789 4328 845 4374 et
891 4335 989 4374 nos
1037 4335 1227 4375 sumus
1252 4321 1484 4389 pedibus
1518 4322 1693 4391 sequi,
1733 4332 1789 4377 et
1827 4324 2002 4379 aliena
2036 4326 2157 4382 luce

581 4412 862 4477 illustrari,
896 4412 1034 4468 lucis
1066 4413 1171 4482 ipsi
1204 4428 1393 4467 revera
1430 4429 1594 4482 quam
1629 4417 1862 4472 maxime
1905 4430 2151 4490 egentes.

1166 4525 1251 4580 LI.
1277 4555 1343 4565 —-
1364 4527 1571 4581 Eidem.

2261 3225 2482 3279 νικῶντι
2513 3241 2529 3257 ⁸
2566 3225 2864 3278 ἀποπίπτει
2895 3221 2953 3275 δέ
3012 3239 3096 3285 τις
3150 3220 3225 3293 μὴ
3274 3220 3530 3292 παρθένῳ
3576 3220 3843 3291 ἐθελήσας

2262 3316 2602 3386 ωναφθῆναι
2634 3333 2648 3347 ·
2701 3314 3001 3368 κάντεῦθεν
3058 3314 3317 3393 ἀτιμάζοι
3376 3314 3438 3365 τὸ
3501 3312 3844 3382 παρθενικθιν

2261 3408 2421 3471 κλέος
2447 3424 2461 3437 ’
2493 3406 2522 3460 δ
2555 3406 2687 3477 μηδὶ
2715 3401 2829 3476 εἶχε
2856 3406 3016 3475 τυχόν
3047 3422 3060 3435 ·
3103 3406 3135 3474 ἢ
3169 3404 3265 3457 καὶ
3294 3403 3454 3473 ἔχων,
3486 3406 3554 3472 τῇ
3586 3420 3843 3475 προσπα-

2260 3499 2457 3569 θητικῇ
2490 3498 2673 3567 σχέσει
2706 3496 2800 3549 τοῦ
2842 3493 3200 3564 δέγαμοῦντος
3244 3494 3367 3546 καθ’
3392 3492 3603 3545 οἱονοῦν
3634 3494 3842 3562 τρόπον

2259 3589 2544 3644 κατέϐαλε.
2570 3590 2697 3642 Κὰκ
2718 3587 2909 3642 τούτου
2933 3586 2996 3639 οὒ
3034 3583 3235 3656 μᾶλλον
3274 3584 3480 3649 ἀνάξει,
3532 3584 3668 3637 ἀλλὰ
3704 3601 3841 3636 κατ-

2265 3679 2385 3743 άξει
2408 3679 2574 3733 αὐτὸν
2603 3681 2684 3741 εἰς
2709 3679 2769 3731 τὸ
2797 3676 3074 3748 ἐπιτίμιον
3101 3674 3197 3729 τοῦ
3220 3673 3580 3743 διγαμοῦντος
3615 3673 3842 3743 μέρους.

2260 3771 2446 3824 Ταῦτά
2474 3788 2565 3840 μοι
2594 3769 2735 3823 κατά
2756 3769 2817 3822 τὸ
2841 3767 3068 3821 δυνατὸν
3096 3767 3323 3839 εὕρηται
3351 3765 3444 3817 καὶ
3472 3764 3727 3816 λέλεκται
3755 3806 3772 3827 ,
3798 3757 3843 3816 ὦ

2260 3863 2361 3914 παῖ
2404 3860 2553 3915 καλέ.
2586 3862 2646 3914 Εἰ
2698 3860 2756 3914 δέ
2805 3876 2887 3911 σοι
2933 3859 3138 3928 ἑτέρως
3168 3858 3310 3926 ἔχειν
3338 3857 3488 3909 δοκεῖ
3518 3854 3779 3924 τάληθὲς,
3808 3854 3842 3923 ἡ

2257 3969 2363 4005 τινι
2407 3952 2569 4022 ἄλλῳ,
2605 3952 2764 4019 μόνον
2816 3954 2879 4004 ἐκ
2938 3951 3217 4021 Γραφικῆς
3269 3948 3361 4002 καὶ
3414 3949 3701 4017 Ιίατρικῆς
3743 3950 3839 4000 καὶ

2258 4048 2548 4117 κανονικῆς
2596 4044 3025 4113 παραστάσεως,
3064 4042 3441 4111 συνεπομένης
3492 4038 3709 4102 τούτοις
3744 4040 3842 4091 καὶ

2256 4149 2357 4217 τῆς
2382 4142 2593 4197 οἴκοθεν
2623 4133 3058 4206 διανοηματικῆς
3085 4132 3382 4193 ἐπιδόσεως
3407 4148 3421 4161 ’
3451 4131 3549 4184 καὶ
3581 4133 3744 4201 ἡμεῖς
3777 4148 3839 4197 γε

2259 4232 2636 4306 πώηγηθῆναι
2667 4228 2901 4295 ἕτοιμοι,
2923 4226 3016 4277 καὶ
3038 4222 3418 4292 ἐλλαμφθῆναι
3442 4222 3716 4292 πρόθυμοι
3740 4222 3841 4291 τῆς

2258 4331 2387 4403 παρ’
2418 4328 2591 4389 ἄλλων
2614 4323 2919 4397 δᾳδουχίας,
2950 4320 3151 4384 ἐνδεεῖς
3178 4317 3357 4390 φωτὸς
3389 4318 3732 4387 ὑπάρχοντες
3760 4319 3841 4370 ὅτι

2264 4423 2521 4497 μάλιστα.

2756 4523 3048 4589 ΝΑ⁹.--Τῷ
3070 4522 3249 4588 αὐτῷ.
3276 4519 3481 4594 [σκθκ]

579 4641 925 4692 Confessorum
949 4643 1156 4703 aliquot,
1180 4640 1227 4690 in
1256 4642 1422 4709 primis
1450 4644 1698 4709 Eulbymii
1731 4647 1934 4709 abbatis,
1951 4651 2095 4702 ﬁdem
2134 4658 2189 4703 et
2230 4648 2569 4706 constantiam,
2606 4644 2852 4709 simulque
2893 4640 3273 4709 Μωοὴξρηοτυμζι
3301 4636 3544 4709 ,δεθνίῐίεω
3587 4640 3798 4701 ex?”uit
3822 4655 3833 4689 ε

1097 4711 1199 4753 tum
1227 4701 1490 4767 proposita
1511 4701 1842 4759 de'homicidii
1869 4701 2025 4773 ptianis
2051 4701 2312 4775 quaestioni
2333 4701 2625 4774 respondet.
2656 4701 2854 4769 (Barba.
2880 4719 2961 4755 an.
2994 4704 3105 4762 809,
3134 4716 3183 4751 n.
3210 4701 3313 4763 4M.)

652 4809 778 4863 Tria
814 4810 929 4866 haec
970 4810 1024 4864 in
1071 4827 1157 4866 me
1186 4812 1489 4868 effecerunt
1517 4814 1709 4868 litterae
1742 4824 1867 4882 tuae,
1907 4818 1977 4872 fili
2011 4821 2156 4877 desi-

2333 4818 2471 4887 Τρία
2496 4815 2671 4870 ταῦτα
2703 4814 2948 4867 πέπονθα
2992 4812 3051 4864 ἐν
3083 4811 3195 4871 τοῖς
3254 4807 3492 4878 παροῦσί
3532 4824 3630 4861 σου
3660 4809 3842 4881 γράμ-

582 4903 770 4958 derate
801 4922 814 4956 :
843 4903 1003 4957 simul
1045 4904 1191 4959 enim
1242 4905 1519 4975 obstupui,
1568 4906 1870 4963 admiratus
1914 4926 2058 4975 sum,
2104 4922 2161 4967 et

582 4995 800 5050 cantavi
832 5015 844 5050 :
874 4996 1110 5066 primum
1140 5007 1367 5068 propter
1409 4998 1627 5068 impios,
1667 5000 1898 5056 alterum
1936 5013 2160 5073 pr0pter

583 5088 722 5158 pios,
766 5088 985 5142 tertium
1021 5097 1249 5160 propter
1277 5090 1448 5144 Deum
1476 5090 1569 5161 qui
1598 5093 1914 5148 corroborat
1943 5111 2037 5150 eos
2066 5094 2160 5164 qui

586 5179 643 5234 in
682 5179 802 5250 ejus
834 5180 951 5252 lege
989 5181 1319 5236 innituntur.
1348 5180 1415 5236 Et
1438 5182 1505 5237 de
1536 5198 1691 5238 sacro
1723 5184 1946 5254 quidem
1984 5187 2159 5241 Atha-

584 5272 740 5327 nasio
801 5288 925 5328 meo
947 5275 1014 5341 υ,
1060 5274 1291 5345 ejusque
1338 5275 1502 5330 sociis
1543 5275 2045 5343 desideratissimis,
2092 5293 2157 5333 ac

583 5363 653 5418 de
688 5361 983 5418 fortissimo
1030 5364 1158 5418 item
1205 5379 1329 5421 meo
1364 5363 1685 5431 Theososto,
1741 5375 1797 5422 et
1826 5368 1893 5423 de
1924 5379 2161 5438 septem-

586 5454 765 5511 decim
812 5455 932 5525 ejus
976 5457 1215 5511 strenuis
1254 5458 1564 5523 comitibus,
1614 5474 1739 5514 cum
1778 5460 1908 5514 satis
1954 5460 2159 5515 dictum

585 5548 658 5603 sit
698 5547 750 5601 in
787 5549 925 5603 meis
968 5550 1034 5602 ad
1068 5548 1187 5603 illos
1225 5550 1488 5619 epistolis,
1523 5552 1886 5606 omittendum
1934 5561 2017 5607 est
2059 5553 2162 5607 hoc

587 5638 709 5694 loco
740 5658 754 5694 :
786 5640 1036 5710 quamvis
1064 5640 1305 5712 longiore
1337 5642 1484 5712 digni
1526 5643 1635 5697 sint
1660 5643 1909 5699 oratione
1954 5657 2015 5698 ac
2046 5643 2163 5696 lau-

586 5731 783 5798 dibus;
830 5733 922 5803 qui
970 5732 1232 5789 divinitus
1289 5750 1352 5789 ac
1397 5735 1607 5789 fortiter
1662 5736 2035 5803 decertarunt,
2098 5748 2154 5791 et

658 5825 703 5855 “
732 5825 860 5881 Vide
890 5841 1071 5895 supra,
1100 5828 1259 5895 epist.
1297 5828 1361 5881 45
1388 5838 1439 5882 et
1468 5828 1554 5881 48.

2270 4927 2427 4981 μασι,
2460 4908 2696 4983 ποθητδν
2719 4904 2938 4957 τέκνον
2967 4900 3103 4973 ὁμοῦ
3126 4917 3186 4953 τε
3214 4898 3525 4968 ἐξεπλάγην
3547 4938 3563 4963 ,
3593 4900 3838 4971 inﬁgam;

2265 5019 2324 5054 τε
2347 5039 2363 5065 ,
2400 4999 2496 5052 καὶ
2521 4995 2660 5069 ᾗσα·
2690 4997 2750 5049 τὸ
2783 4995 2881 5065 μὲν
2902 4994 2991 5047 διὰ
3011 4992 3137 5055 τοὺς
3162 4991 3516 5061 παρανόμους
3537 5007 3553 5022 ·
3589 4992 3650 5045 τὸ
3677 4992 3734 5044 δὲ
3754 4992 3838 5045 διὰ

2270 5092 2397 5155 τοὺς
2427 5092 2723 5158 εὐνόμους·
2756 5088 2818 5140 τὸ
2846 5088 3032 5155 τρίτον
3064 5085 3152 5137 διὰ
3181 5084 3275 5137 τδν
3326 5080 3675 5153 δυναμοῦντά
3711 5085 3839 5137 Θεὸν

2266 5185 2391 5247 τοὺς
2428 5184 2486 5235 ἐν
2510 5182 2586 5253 τῷ
2624 5181 2775 5251 νόμῳ
2813 5178 2979 5231 αὑτοῦ
3035 5175 3510 5247 ἐπερειδομένους.
3562 5177 3678 5228 Καὶ
3720 5178 3838 5248 περὶ

2266 5278 2365 5347 μὲν
2392 5273 2488 5327 τοῦ
2516 5273 2661 5343 ἱεροῦ
2696 5289 2798 5343 μου
2850 5271 3193 5333 Ἀθανασίου,
3247 5269 3344 5321 καὶ
3388 5268 3503 5320 τῶν
3550 5268 3651 5322 σὺν
3694 5269 3837 5339 αὐτῷ

2262 5366 2639 5438 τριποθήτων·
2709 5363 2791 5417 ἔτι
2854 5362 2959 5433 μὴν
2999 5362 3094 5414 καὶ
3140 5359 3234 5413 τοῦ
3288 5359 3705 5430 ἀνδρικωτάτου
3741 5368 3836 5431 μου

2264 5458 2602 5521 Θεοσὼστου,
2646 5456 2747 5525 τῆς
2790 5472 2847 5508 τε
2880 5452 3045 5507 αὐτοῦ
3078 5453 3667 5516 δυοπεντεκαιδεκάδος
3723 5454 3835 5507 θεο-

2270 5550 2493 5613 σθενοῦς
2526 5548 2770 5610 συνοδίας
2792 5564 2806 5578 ·
2848 5546 2923 5609 ὠς
2946 5548 3004 5598 ἐν
3024 5547 3136 5607 τοῖς
3164 5544 3300 5610 πρὸς
3352 5543 3555 5605 αὐτούς
3585 5562 3680 5614 μοι
3708 5563 3838 5613 γρα-

2269 5646 2447 5713 φεῖσιν
2477 5640 2661 5695 ἱκανοῦ
2702 5641 2875 5704 ὄντος,
2900 5638 3088 5691 ἐατέον
3122 5634 3359 5689 ἐνταῦθα
3389 5633 3577 5704 λέγειν
3599 5651 3613 5664 °
3652 5639 3702 5689 εἰ
3752 5641 3839 5690 καὶ

2259 5738 2342 5790 ὃτι
2367 5734 2629 5789 πλειόνων
2666 5733 2866 5787 δέοιντο
2894 5729 3069 5800 λόγων
3129 5731 3220 5784 καὶ
3248 5726 3522 5782 ἐπαίνων
3558 5727 3725 5794 θείως
3753 5730 3839 5784 καὶ
