4008 6318
191 364 323 428 1097

1404 365 1939 426 EPISTOLARUM
1986 366 2131 426 LIB.
2184 366 2234 423 Ι.

3312 359 3448 426 1098

185 478 492 549 ἀθλητικῶς
522 479 967 547 διηγωνισμένοι,
1016 481 1108 532 καὶ
1144 480 1223 531 ἔτι
1285 481 1763 549 ἑναγωνιζόμενοι.

1876 494 2022 533 nunc
2066 490 2284 547 quoque
2338 475 2636 529 decertant.
2698 472 2803 527 Sed
2865 471 3024 526 venio
3071 471 3134 526 ad
3186 475 3450 526 sermonis

199 569 326 624 Ἐπὶ
359 570 416 623 δὲ
448 571 538 622 τὸν
571 571 850 637 κολοφῶνα
881 569 972 623 τοῦ
1009 570 1168 638 λόγου
1208 571 1446 641 μέτειμι.
1482 572 1576 634 Τίς
1614 571 1756 623 οὕτω

190 663 397 732 ἀκήκοε
432 661 619 731 σχεδὸν
644 662 934 732 παράνομα
982 664 1076 715 καὶ
1104 662 1311 715 ἒκτοπα
1339 664 1663 730 Χριστιανὸς
1684 705 1697 729 ,
1729 664 1766 717 ὃ.

195 751 300 803 ὑπὸ
329 751 438 804 τῶν
458 749 790 820 δυσωνύμων
817 751 1158 820 Μοιχειανῶν
1189 751 1505 820 γεγένηται,
1529 750 1763 820 λεγομέ-

186 860 295 895 νων
332 842 430 913 μὲν
468 842 761 912 ίεραρχῶν,
812 842 985 895 ὄντων
1040 842 1097 895 δὲ
1149 843 1378 913 ἀνιέρων
1430 842 1534 894 ὑπὸ
1581 840 1765 912 πάσης

185 934 555 1004 ἁποστολικῆς
579 935 674 987 καὶ⁵
698 935 980 1005 Πατρικῆς
1020 937 1224 1005 φωνῆς,
1257 936 1350 987 καὶ
1387 935 1514 988 ἄνευ
1545 935 1644 1005 τῆς
1682 937 1764 988 αί-

189 1026 430 1095 ρέσεως;
484 1025 718 1079 Τύπτων
748 1024 891 1078 οὕτω
923 1025 1008 1088 τίς
1063 1025 1292 1092 τέτυφεν
1322 1023 1630 1096 ἀνθρώπων
1650 1066 1665 1089 ,
1700 1027 1762 1079 οὑ

186 1117 330 1186 λέγω
367 1116 729 1188 Χριστιανικὴ
755 1118 895 1186 χεὶρ,
917 1114 1053 1169 ἀλλὰ
1080 1113 1389 1187 βαρϐαρική
1411 1130 1425 1145 ·
1450 1116 1530 1179 δὶς
1550 1116 1767 1170 ἑκατον-

185 1214 315 1266 τάσι
344 1212 482 1283 πρὸς
510 1210 774 1282 ἑξήκοντα
808 1209 903 1263 καὶ
956 1207 1017 1274 ἓξ
1065 1208 1370 1280 μαστίγων,
1404 1204 1522 1262 εἶτα
1563 1212 1679 1279 μετ’
1705 1210 1766 1262 οὐ

189 1305 351 1368 πολὺ,
380 1305 460 1366 δὶς
485 1302 578 1357 δύο
606 1301 932 1356 έκατοντάσι
951 1299 1259 1372 βουνεύρων
1289 1301 1381 1354 ἐπὶ
1408 1303 1516 1354 τῶν
1543 1301 1727 1356 νώτων
1751 1321 1762 1332 ·

185 1396 262 1462 ὡς
281 1399 310 1451 6
327 1396 574 1466 γενναϊός
601 1412 663 1462 γε
681 1395 1137 1465 ἀρχιεπίσκοπος,
1164 1394 1367 1466 μᾶλλον
1396 1395 1453 1449 δὲ
1485 1395 1766 1466 ἀλλοτριο-

188 1491 492 1551 επίσκοπος
532 1486 965 1558 Θεσσαλονίκης,
1010 1487 1107 1538 καὶ
1146 1486 1207 1539 οὐ
1245 1486 1355 1540 τῶν
1384 1486 1655 1555 ἁγελαίων
1683 1505 1766 1539 τι-

188 1581 275 1648 νὰ,
297 1581 433 1634 ἀλλὰ
459 1579 791 1650 μονάζοντα,
820 1581 915 1634 καὶ
943 1579 1132 1634 τοῦτον
1149 1580 1474 1650 ἡγούμενον,
1496 1582 1593 1634 καὶ⁷
1623 1581 1770 1651 μάλα

187 1674 278 1728 τὸν
302 1673 718 1735 εὐλαϐέστατον,
753 1671 994 1742 τοῦνομα
1039 1673 1334 1744 Εὑθύμιον,
1357 1673 1448 1726 τὸν
1489 1673 1587 1743 τῆς
1609 1674 1765 1726 εὐθυ-

191 1767 324 1835 μίας
357 1765 528 1829 ὅντως
556 1762 879 1836 φερώνυμον
909 1782 922 1829 ;
966 1764 1190 1834 Ἐξέστη
1219 1766 1311 1818 ἐπὶ
1341 1767 1516 1836 τούτῳ
1553 1768 1581 1818 ὁ
1609 1766 1770 1836 οὐρα-

189 1857 278 1920 νός
300 1874 312 1887 ·
354 1857 450 1910 καὶ
482 1855 679 1927 ἔφριξα
698 1857 808 1926 ἐγὼ
835 1859 864 1908 ό
884 1856 1058 1920 ’τάλας
1086 1875 1098 1888 ·
1132 1855 1287 1926 οἶμαι
1317 1855 1374 1910 δὲ
1415 1858 1510 1910 καὶ
1549 1859 1659 1920 πᾶς
1683 1876 1767 1922 τις

187 1942 297 1996 τῶν
331 1942 635 2014 ἀνθρώπων
663 1944 762 2014 τὴν
792 1945 1026 2016 φυσικὴν
1050 1947 1365 2017 ἡμερότητα
1393 1964 1451 1999 τε
1476 1948 1571 2001 καὶ
1612 1947 1767 2017 ἐλεη-

191 2034 434 2104 μοσύνην
465 2035 624 2105 ἔχων,
658 2039 752 2091 καὶ
781 2037 1018 2092 ἁκούων.
1066 2041 1161 2102 Ὃς
1185 2041 1268 2102 είς
1316 2039 1485 2092 τύπον
1523 2041 1765 2112 Χριστοῦ

185 2126 420 2194 ὀφείλων
453 2127 684 2192 κεῖσθαι,
718 2131 813 2184 καὶ
869 2130 1206 2200 τυπτόμενος
1259 2131 1334 2202 μὴ
1379 2133 1764 2204 ἀντιτύπτειν),

188 2221 282 2272 καὶ
313 2218 417 2271 τῶν
442 2221 649 2290 Θηρίων
678 2222 956 2293 ὠμότερος
1009 2226 1230 2292 γέγονεν
1250 2266 1264 2289 ,
1294 2225 1356 2279 οὗ
1394 2227 1448 2279 τί
1483 2245 1583 2281 που
1625 2229 1768 2298 ἴχνος

188 2312 581 2381 Χριστιανικὺν
614 2315 820 2384 φέρων,
850 2314 1050 2367 πολλοῦ
1076 2331 1138 2383 γε
1164 2317 1340 2369 εἰπεῖν
1361 2318 1694 2387 ίεραρχικόν.

250 2405 362 2457 Καὶ
386 2405 524 2474 ὑπὲρ
545 2405 689 2465 τίνος
707 2408 734 2457 6
761 2404 998 2475 δαρμός;
1015 2405 1100 2459 ἵνα
1112 2406 1202 2459 τὸν
1221 2407 1312 2460 τοῦ
1331 2409 1570 2478 Χριστοῦ
1597 2409 1766 2478 ἀθλη-

185 2495 286 2564 τὴν
315 2496 484 2567 πείσῃ
509 2495 802 2550 συνθέσθαι
836 2497 1134 2569 ἀναφέρειν
1169 2499 1333 2552 αὑτὸν
1367 2500 1443 2562 ὡς
1479 2502 1764 2571 ίεράρχην.

200 2589 342 2642 ’Δὶλὲ
360 2590 404 2642 ῶ
425 2590 524 2659 τῆς
550 2591 930 2659 γενναιότητος
944 2591 1036 2641 καὶ
1061 2590 1452 2661 κραταιότητος
1468 2591 1560 2644 τοῦ
1595 2594 1768 2662 μάκα-

191 2699 284 2750 ρος
312 2683 325 2734 l
356 2679 513 2734 Οὕτω
539 2681 650 2752 γὰρ
677 2681 886 2734 δίκαιον
917 2684 1118 2735 εἰπεῖν·
1157 2681 1240 2734 ὃτι
1274 2684 1367 2736 καὶ
1397 2685 1535 2753 μετά
1569 2687 1766 2740 τοσαύ-

185 2791 285 2836 τας
309 2773 525 2842 πληγὰς
537 2774 630 2826 καὶ
652 2775 883 2844 αἵματος
899 2775 1055 2843 ἁγίου
1080 2777 1256 2844 ῥύσιν,
1287 2777 1363 2840 ὡς
1394 2779 1766 2847 φοινίσσεσθαι

185 2866 254 2918 τὰ
278 2864 536 2934 πέλματα
568 2865 676 2917 τῶν
708 2867 885 2919 ποδῶν
938 2867 1048 2921 τῶν
1084 2870 1261 2922 ἐκεῖσε
1329 2871 1634 2942 παρόντων,
1672 2875 1768 2928 καὶ

185 2954 356 3009 οἱονεὶ
391 2955 804 3025 πηλοποιεῖσθαι
859 2958 920 3010 τδ
973 2959 1282 3030 πορφύρεον
1315 2963 1550 3032 κονίαμα
1582 2965 1662 3028 είς
1692 2967 1768 3018 ol-

188 3048 430 3117 κοδομὴν
479 3047 579 3116 τῆς
623 3048 718 3101 τοῦ
766 3049 901 3102 Θεοῦ
942 3050 1274 3119 Ἐκκλησίας
1301 3070 1314 3084 ο
1380 3056 1631 3125 κείμενος
1665 3058 1766 3126 ἤδη

190 3140 368 3211 βραχὺ
396 3140 599 3203 ἄπνους
621 3144 714 3194 καὶ
730 3141 978 3213 ἄφωνος,
998 3145 1090 3196 καὶ
1126 3146 1423 3217 ἐρωτηθεὶς
1455 3149 1606 3216 παρὰ
1660 3149 1767 3202 τῶν

189 3232 474 3286 κολαστῶν
512 3234 875 3304 μνημονεύειν
903 3237 997 3290 τὸν
1027 3237 1290 3306 τύραννόν
1321 3256 1482 3308 φημι,
1528 3239 1644 3290 ἀλλ’
1671 3241 1769 3292 οὐκ

187 3327 660 3407 ἁρχιιεπίσκοπονο
699 3329 797 3394 Οὐ,
844 3331 1008 3398 φησὶν
1032 3333 1059 3382 ὁ
1090 3333 1360 3403 μακάριος
1386 3349 1399 3362 ·
1433 3335 1574 3385 οὕτω
1607 3332 1769 3404 μέχρι

189 3419 429 3471 θανάτου
466 3418 652 3489 σχεδὸν
682 3421 744 3472 οὐ
776 3422 1135 3493 παρατρέψας
1166 3425 1256 3476 τὸν
1289 3424 1412 3477 νοῦν
1435 3443 1447 3454 ο
1477 3427 1537 3478 οὐ
1571 3444 1773 3496 παρεκ-

188 3509 382 3571 κλίνας
407 3525 461 3560 τι
486 3509 594 3560 τῶν
614 3509 913 3579 ὀρθοδόξως
939 3514 1298 3582 ἐγνωσμένων
1345 3516 1514 3585 αὐτῷ.
1561 3518 1772 3590 Μικροῦ

188 3599 252 3669 δὴ
286 3598 616 3669 παρέδραμέ
651 3618 716 3669 με
747 3601 1039 3669 ἀναγκαῖόν
1068 3620 1151 3654 τιο
1185 3605 1266 3656 ὅτι
1303 3607 1396 3659 καὶ
1424 3608 1452 3658 ό
1504 3608 1631 3670 ναὸς
1679 3611 1772 3662 τοῦ

187 3693 329 3745 Θεοῦ
390 3692 728 3763 πραιτώριον
785 3694 976 3762 γέγονε
1029 3697 1340 3752 Πιλατικόν.
1402 3700 1612 3755 Ἐκεῖσε
1667 3703 1776 3774 γὰρ

188 3786 352 3856 ἔφης,
392 3785 511 3854 ἦτοι
540 3787 620 3847 εἰς
642 3785 731 3838 τὸν
762 3784 1053 3853 λεγόμενον
1088 3787 1180 3840 τοῦ
1230 3790 1598 3860 Ἀρχαγγέλου
1634 3794 1776 3864 ἱερὸν

187 3879 354 3948 δόμον
391 3875 660 3946 τετύφθαι
712 3876 804 3929 τὸν
838 3880 1122 3949 μάρτυραο
1159 3881 1218 3934 ὃν
1253 3886 1299 3933 οἱ
1347 3883 1446 3951 μὲν
1477 3884 1775 3951 ιᾶτίθασσοι

188 3971 427 4040 τιμωροὶ
453 3968 642 4022 εἴασαν
667 3970 928 4038 ἡμιθανῆ·
954 3971 1036 4033 τίς
1054 3972 1110 4025 δὲ
1127 3973 1570 4045 Χριστομίμητος
1595 3976 1775 4028 λαϐὼν

189 4065 283 4114 ἐπὶ
313 4062 409 4112 τὸν
444 4060 574 4114 ῐδιον
612 4055 793 4113 οἷκονο
839 4062 934 4114 καὶ
967 4065 1088 4127 ταῖς
1133 4065 1503 4135 ἀμορραγίαις
1554 4069 1647 4121 xal
1691 4070 1778 4135 ξε-

191 4155 562 4226 σμοσαρκίαις
606 4154 965 4225 προσπλάσας
995 4155 1185 4210 κώδιον
1219 4158 1382 4229 ἁρνοῦ
1407 4162 1778 4229 ἁρτισφαγοῦς

188 4250 554 4320 ὲζωοπύρησε
602 4249 694 4302 τὸν
739 4249 941 4317 ἄνδρα·
982 4248 1178 4318 μικρὸν
1221 4249 1278 4302 δὲ
1312 4255 1404 4303 καὶ
1436 4253 1574 4304 κατὰ
1605 4252 1777 4323 βραχὺ

188 4342 562 4416 ἁναρῥὼσας,
613 4341 964 4408 ἐξαπέστειλε
1012 4341 1186 4411 λάθρα
1242 4342 1330 4396 διὰ
1362 4343 1458 4412 τὴν
1508 4343 1779 4397 καλοῦσαν

188 4436 452 4504 ἐντολήν
482 4435 817 4501 πεφευγότος
871 4432 964 4485 τοῦ
1027 4432 1278 4495 θανέντος
1313 4433 1416 4502 ἤδη
1457 4436 1552 4486 καὶ
1597 4453 1778 4504 παραυ

185 4529 359 4592 δόξως
387 4525 773 4595 ἐξεγερθέντος
804 4527 882 4588 εἰς
905 4526 1104 4595 στήλην
1122 4526 1432 4596 ὀρθοδοξίας
1461 4529 1554 4579 καὶ
1586 4528 1782 4598 θρίαμ-

187 4620 281 4672 ϐον
309 4619 426 4671 τῶν
461 4615 791 4679 κακοδόξων.
823 4614 886 4667 Τί
928 4616 1135 4669 τούτων
1175 4615 1568 4685 ἀσεϐέστερονς
1595 4617 1677 4679 τίς
1719 4618 1775 4669 δὲ

188 4713 348 4782 παρὰ
374 4709 674 4777 ὸρθοδόξων
698 4710 777 4770 εἰς
823 4709 1101 4777 αἱρετικὸν
1167 4710 1392 4764 τοιαῦτα
1449 4712 1774 4782 πέπραχεν;

200 4804 342 4856 Ἀλλ’
372 4804 464 4858 ἵνα
489 4803 627 4870 φανῇ
649 4800 943 4854 κάντεῦθεν
966 4802 1142 4854 αὐτῶν
1168 4803 1328 4874 ἡλίκη
1355 4805 1385 4873 ἡ
1419 4806 1642 4857 ἀσέϐεια
1671 4805 1778 4856 τῶν

190 4893 826 4967 Μοιχειανιζόντων,κα“ι
851 4895 933 4957 τίς
954 4894 1093 4958 τίνος
1123 4894 1394 4965 μαθητὴς,
1418 4897 1650 4966 Χριστοῦ
1685 4898 1782 4966 μὲν

188 4992 216 5042 ὁ
244 4987 594 5058 τυπτόμενος
619 4985 736 5037 κατ’
778 4985 938 5038 αὐτὸν
974 4987 1069 5038 καὶ
1115 4987 1318 5056 φέρων,
1376 4989 1624 5042 διαϐόλου
1669 4989 1723 5040 δὲ
1755 4991 1781 5041 6

187 5084 438 5136 τύπτων.
463 5079 622 5133 Οὕτω
658 5079 915 5148 ίεράρχης
947 5081 1040 5132 καὶ¹
1068 5079 1219 5132 ἔνθεν
1240 5082 1493 5150 ἐκφοϐεῖν
1525 5082 1785 5152 βουλόμε-

189 5193 303 5239 νος,
330 5176 430 5227 καὶ
463 5171 698 5226 ἐκδικῶν
729 5171 797 5222 τὰ
846 5171 965 5223 κατ’
1001 5172 1181 5226 αὐτόν.
1220 5168 1294 5224 Οῦ
1326 5173 1656 5242 ρυσθείημεν
1684 5175 1781 5242 τῆς

195 5267 445 5336 μερίδος,
481 5263 701 5330 ἀδελφὲ,
735 5262 830 5314 τοῦ
859 5262 916 5315 δὲ
966 5262 1188 5334 πρώτου
1245 5264 1434 5334 εἴημεν
1491 5268 1589 5318 σὺν
1614 5267 1780 5318 πᾶσιν

193 5355 479 5409 εὐσεϐέσι,
503 5354 612 5406 Καὶ
643 5353 741 5416 ἴδε,
788 5352 983 5422 Κύριε,
1016 5354 1212 5423 Κύριε,
1253 5355 1352 5424 τὴν
1380 5357 1621 5408 κάκωσιν
1649 5357 1779 5409 ταύ-

191 5466 314 5516 την,
342 5446 444 5502 καὶ
475 5449 660 5513 φεῖσαι
693 5444 786 5498 τοῦ
814 5444 945 5498 λαοῦ
987 5463 1081 5498 σου
1107 5464 1120 5477 ο
1160 5447 1510 5514 πρυτανέυων
1551 5451 1778 5519 εἰρήνην

190 5540 519 5610 ὀρθοδοξίας
547 5540 615 5606 τῇ
641 5538 763 5590 καθ’
795 5539 943 5608 ἡμᾶς
972 5538 1287 5609 Ἐκκλησία.
1316 5539 1481 5592 υὺδὲν
1512 5541 1619 5611 γὰρ
1651 5544 1782 5610 ἡμῖν

194 5633 378 5699 λέγειν
408 5633 540 5686 ἄλλο
576 5631 710 5700 πρὸς
734 5632 801 5684 τὰ
837 5632 1080 5700 παρόντα
1107 5648 1118 5659 ’
1172 5633 1309 5700 μετὰ
1353 5633 1445 5685 τοῦ
1487 5636 1576 5686 καὶ
1610 5635 1780 5686 πάντα

197 5725 388 5794 φέρειν
429 5725 577 5796 ρᾀς
606 5724 747 5792 ὑπὲρ
771 5724 862 5776 τοῦ
890 5725 1155 5794 ὀνόματος
1191 5726 1376 5778 αὑτοῦ.

517 5911 788 5970 Ρλιτειοι..
838 5912 954 5970 Ca.
1008 5908 1210 5968 XCIX.

1864 571 2246 640 coloplionem.
2276 567 2409 633 Quis
2444 581 2682 636 unquam
2713 566 2850 620 adeo
2896 564 3081 634 iniqua
3133 571 3187 618 et
3215 563 3447 622 absurda

1865 665 2211 720 Christianus
2257 662 2488 726 audivit,
2528 676 2591 716 ac
2635 668 2786 730 gesta
2828 667 2958 713 sunt
2997 673 3026 712 a
3055 656 3283 711 nefariis
3315 655 3450 712 Moz—

1865 756 2101 820 chianis,
2145 755 2369 811 nomine
2402 754 2701 825 episcopis,
2751 767 2810 807 re
2846 762 3028 806 autem
3060 749 3342 819 sacrilegis
3383 764 3446 802 ex

1866 848 2014 904 omni
2067 849 2440 920 apostolorum
2486 856 2542 900 et
2587 845 2808 899 Patrum
2851 843 3185 907 testimonio,
3231 841 3447 896 etiamsi

1867 941 2120 997 haeresim
2161 938 2439 1010 excipias?
2490 937 2780 992 Hominem
2826 935 3123 990 verberans
3166 933 3287 1002 quis
3341 947 3448 985 uu-

1866 1047 2028 1101 quam
2070 1031 2150 1086 sic
2178 1031 2416 1086 cecidit:
2446 1044 2555 1083 non
2597 1027 2909 1082 Christiana
2948 1025 3316 1083 dico‘manus,
3351 1022 3444 1078 sed

1867 1123 2030 1176 etiam
2058 1121 2374 1186 barbarica;
2420 1119 2504 1175 bis
2549 1127 2770 1174 centum
2801 1117 3082 1187 sexaginta
3124 1130 3220 1169 sex
3253 1113 3448 1168 verbe-

1868 1229 2013 1272 rum.
2060 1228 2124 1267 ac
2166 1227 2275 1266 non
2332 1211 2506 1266 multo
2557 1221 2702 1278 post,
2757 1208 2844 1262 bis
2900 1206 3150 1262 ducentis
3201 1205 3448 1260 boiarum

1867 1306 2070 1361 ictibus
2095 1305 2152 1359 in
2173 1305 2432 1359 humeros
2465 1301 2721 1356 inflictis?
2750 1308 2826 1355 ut.
2849 1313 3148 1371 generosus
3179 1295 3448 1362 archiepi-

1867 1413 2088 1467 scopus,
2135 1413 2232 1453 seu
2277 1395 2457 1466 potius
2498 1393 2978 1463 allotriepiscopus
3018 1388 3446 1450 Thessalonice,

1867 1507 1976 1546 non
2008 1491 2316 1563 gregarium
2339 1488 2676 1560 quempiam,
2709 1487 2806 1542 sed
2830 1484 3184 1548 monachum,
3213 1494 3449 1549 eumque

1867 1582 2248 1652 praepositum,
2309 1590 2364 1634 et
2407 1580 2630 1650 quidem
2686 1575 3179 1649 religiosissimum,
3241 1570 3448 1642 Euthy-

1869 1675 2062 1738 mium,
2093 1673 2272 1728 securi
2295 1673 2538 1741 rectique
2561 1670 2750 1734 animi,
2774 1683 2965 1725 revera
2992 1665 3202 1721 nomini
3224 1679 3451 1734 respon-

1840 1767 2126 1842 dentem?
2177 1764 2409 1834 Expavit
2450 1766 2648 1820 coelum
2697 1763 2804 1816 hoc
2855 1758 3216 1830 spectaculo:
3251 1762 3306 1810 et
3350 1770 3452 1825 ego

1795 1914 1841 1973 B

1869 1862 2038 1915 miser
2062 1855 2292 1913 audiens
2324 1857 2606 1920 inhorrui;
2639 1864 2695 1910 et
2733 1867 2974 1916 mecum,
3007 1850 3226 1921 opinor.
3259 1864 3453 1903 omnes

1869 1953 2069 2023 quibus
2108 1949 2305 2019 aliquis
2354 1963 2548 2003 sensus
2590 1955 2674 2002 est
2713 1941 3073 2000 humanitatis
3134 1950 3190 1995 et
3242 1938 3453 1994 miseri-

1869 2043 2092 2099 cordiae.
2126 2039 2300 2105 Quem
2331 2038 2395 2093 ad
2427 2037 2630 2092 Christi
2659 2033 2974 2100 exemplum
3002 2028 3256 2099 componi
3287 2044 3454 2098 opor-

1872 2137 2040 2199 tebat,
2074 2141 2129 2189 et
2163 2147 2484 2202 percussum
2516 2145 2627 2183 non
2664 2133 3054 2197 repercutere;
3091 2123 3138 2177 is
3163 2122 3453 2176 immanior

1871 2228 2001 2282 feris
2031 2225 2271 2280 exstitit:
2295 2222 2504 2277 nullum
2537 2216 2835 2274 Christiani
2867 2213 3155 2285 vestigium
3184 2212 3450 2275 retinens,

1872 2321 2072 2376 nedum
2099 2316 2365 2388 episcopi.

1940 2415 2006 2469 Et
2034 2414 2390 2484 quamobrem
2438 2413 2553 2465 haec
2591 2407 2907 2463 dilaniatio?
2931 2406 3003 2462 Ut
3031 2405 3237 2462 Christi
3278 2405 3451 2460 athle-

1870 2516 1978 2560 tam
2019 2522 2086 2561 eo
2130 2506 2398 2575 impellat,
2433 2516 2490 2560 ut
2533 2505 2710 2574 ipsum
2762 2509 3159 2556 commemoret
3194 2508 3450 2567 tanquam

1870 2599 2213 2668 episcopum,
2247 2597 2376 2660 Sed,
2421 2613 2453 2652 o
2487 2597 2682 2651 fortem
2709 2603 2873 2662 atque
2908 2591 3173 2645 invictum
3204 2590 3450 2643 animum

1870 2692 2047 2746 beati!
2110 2692 2190 2746 sic
2241 2691 2386 2745 enim
2439 2689 2586 2758 loqui
2637 2700 2853 2756 aequum
2885 2693 2968 2739 est
2999 2701 3011 2736 :
3042 2683 3171 2753 quia
3209 2691 3331 2752 post
3376 2692 3454 2734 tot

1871 2783 2054 2855 plagas
2086 2789 2402 2851 tantamque
2442 2778 2653 2851 profusi
2697 2777 2842 2834 sacri
2890 2773 3171 2847 sanguinis
3218 2773 3450 2843 copiam,

1871 2885 1931 2929 ut
1980 2875 2320 2946 tingerentur
2381 2872 2679 2928 astantium
2738 2869 2987 2940 vestigia,
3043 2874 3100 2920 et
3149 2866 3204 2920 in
3264 2865 3454 2919 limum

1870 2964 2271 3034 quodammodo
2296 2969 2678 3018 concresceret
2705 2974 3016 3031 purpureus
3051 2957 3143 3012 ille
3177 2956 3357 3028 pulvis
3387 2956 3454 3009 ad

1871 3056 2287 3113 aedificationem
2325 3054 2585 3109 Ecclesiae
2613 3053 2743 3118 Dei;
2794 3067 2919 3106 cum
2953 3051 3031 3105 sic
3067 3049 3278 3120 jaceret
3315 3065 3456 3120 pene

1872 3149 2138 3203 exanimis
2168 3160 2222 3202 et
2251 3149 2505 3218 elinguis,
2539 3147 2914 3214 instarentque
2940 3151 3179 3198 tortores
3206 3151 3268 3195 ut
3300 3156 3454 3196 com-

1796 3267 1838 3325 (ς
1875 3251 2200 3296 memoraret
2259 3250 2546 3307 tyrannum
2596 3236 2852 3302 dixerint,
2908 3251 3019 3290 non
3076 3234 3455 3303 archiepisco-

1874 3352 2034 3406 pum;
2069 3334 2317 3402 minime,
2343 3334 2417 3387 ait
2449 3335 2645 3387 beatus
2677 3353 2686 3386 :
2720 3346 2786 3384 eo
2807 3329 2972 3384 modo
2995 3343 3166 3398 prope
3191 3343 3359 3396 usque
3391 3328 3457 3379 ad

1876 3439 2107 3483 mortem
2144 3441 2499 3497 perseverans
2532 3423 2798 3478 immobili
2842 3422 3027 3476 animo
3059 3420 3273 3490 ﬁxoque
3303 3419 3356 3472 in
3393 3419 3460 3470 iis

1876 3536 1997 3589 quae
2036 3528 2183 3573 recte
2216 3519 2383 3572 scmcl
2428 3518 2767 3575 decreverat.
2805 3514 2952 3569 Pene
2991 3514 3281 3568 omiseram
3317 3515 3459 3581 quod

1879 3613 1931 3665 in
1964 3612 2152 3681 primis
2182 3611 2591 3666 observandum
2633 3627 2644 3661 :
2678 3607 2942 3677 templum
2973 3605 3154 3677 ipsum
3184 3603 3281 3658 Dei
3322 3621 3463 3674 pra!-

1881 3705 2077 3758 torium
2107 3704 2308 3758 factum
2334 3703 2504 3757 fuisse
2547 3701 2832 3755 Pilaticum
2863 3719 2876 3753 :
2907 3699 2981 3754 ibi
3013 3698 3184 3761 enim.
3219 3697 3323 3752 hoc
3355 3707 3460 3758 est.

1879 3798 1932 3850 in
1975 3812 2128 3851 sacra
2167 3811 2326 3864 quam
2360 3802 2558 3848 vocant
2588 3793 2912 3863 Archangeli
2944 3791 3083 3858 aede,
3113 3791 3462 3845 verberatum

1880 3895 2173 3957 martyrem
2223 3885 2393 3940 fuisse
2448 3885 2550 3947 ais,
2603 3899 2765 3953 quem
2822 3881 3196 3953 implacabiles
3246 3882 3462 3952 quidem

1879 3981 2165 4035 carniﬁces
2214 3979 2626 4034 semimortuum
2672 3976 3052 4046 reliquerunt:
3086 3975 3286 4031 Christi
3338 3990 3465 4027 vero

1883 4075 2126 4128 imitator
2152 4072 2372 4142 quidem
2405 4072 2457 4125 in
2495 4072 2716 4126 domum
2745 4085 2899 4124 suam
2927 4084 3052 4123 eum
3089 4068 3333 4137 recepit:
3367 4069 3466 4123 ad-

1884 4180 2139 4236 motaque
2199 4168 2264 4220 ad
2316 4163 2606 4219 deﬂuentis
2661 4161 2872 4216 cruoris
2924 4162 3224 4230 lacerarque
3283 4161 3466 4215 carnis

1883 4261 2068 4331 plagas
2119 4272 2311 4312 recens
2341 4255 2572 4326 jugulati
2615 4254 2738 4324 agni
2771 4253 3047 4322 pellicula,
3087 4255 3266 4308 virum
3316 4253 3464 4308 refo-

1885 4352 2089 4405 cillavit
2114 4367 2128 4414 ;
2161 4349 2474 4417 viribusque
2501 4346 2759 4417 paulatim
2789 4346 3128 4401 confirmatis
3155 4347 3292 4401 clam
3328 4349 3465 4401 cmi-

1886 4442 1974 4506 sit,
2008 4448 2272 4496 evocante
2320 4440 2597 4494 mandato.
2640 4437 2715 4492 Ita
2745 4438 2920 4492 evasit
2948 4438 3039 4508 qui
3077 4439 3186 4508 jam
3217 4449 3462 4493 mortuus

1887 4545 2023 4597 erat,
2081 4543 2135 4586 et
2189 4531 2512 4585 mirabiliter
2579 4530 2774 4585 revixit
2832 4530 2899 4584 ad
2961 4531 3278 4585 orthodoxa:
3339 4531 3459 4586 fidei

1889 4624 2196 4693 praesidium
2249 4621 2694 4690 triumphumque
2739 4620 2806 4674 de
2853 4621 3144 4676 haereticis.
3184 4620 3328 4687 Quid
3377 4624 3465 4676 his

1890 4717 2111 4786 impium
2171 4715 2339 4784 magis
2395 4729 2516 4767 esse
2572 4713 2782 4781 possit?
2826 4713 2960 4778 Quis
3013 4713 3356 4768 orthodoxus
3409 4716 3464 4767 in

1892 4808 2209 4862 haereticum
2237 4804 2362 4859 talia
2400 4820 2634 4874 unquam
2664 4805 2946 4859 exercuit?
2973 4804 3080 4861 Sed
3109 4816 3169 4860 ut
3211 4807 3338 4860 hinc
3367 4823 3464 4875 ap-

1891 4907 2106 4967 pareret
2129 4904 2328 4967 quanta
2369 4895 2438 4948 sit
2480 4893 2911 4951 Mtecliianorum
2943 4896 3216 4966 impietas,
3262 4896 3468 4964 etquis

1889 4990 2044 5057 cujus
2086 4988 2156 5042 sit
2188 4986 2529 5055 discipulus:
2562 4985 2765 5040 Christi
2811 4986 3070 5041 nimirum
3116 4987 3160 5040 is
3203 4988 3292 5056 qui
3340 5003 3467 5040 ver-

1889 5080 2040 5141 bera,
2095 5088 2155 5132 ut
2198 5077 2468 5140 Christus,
2511 5077 2753 5145 pertulit,
2800 5077 2999 5133 diaboli
3045 5086 3225 5132 autem
3280 5079 3324 5133 is
3372 5081 3466 5148 qui

1890 5170 2218 5224 verberavit.
2253 5165 2343 5222 Sic
2371 5169 2657 5238 episcopos
2682 5169 2807 5223 inde
2831 5170 2994 5224 etiam
3025 5179 3300 5225 exterrere
3331 5173 3466 5232 vult,

1887 5276 2055 5330 seque
2096 5261 2272 5329 ipsum
2308 5258 2516 5312 ulcisci.
2555 5258 2684 5326 Ejus
2717 5267 2902 5326 partes
2947 5257 3237 5328 fugiamus,
3278 5257 3467 5318 frater,

1886 5352 2055 5420 priori
2103 5367 2226 5409 cum
2285 5350 2542 5404 omnibus
2604 5348 2708 5415 piis
2767 5349 3130 5404 adluerentes.
3189 5348 3254 5401 Et
3321 5348 3466 5408 vide.

1889 5447 2134 5508 Domine,
2168 5446 2415 5508 Domine,
2463 5445 2808 5497 vexationem
2855 5445 3034 5506 istam,
3083 5453 3138 5496 et
3185 5459 3346 5511 parce
3372 5459 3470 5511 po-

1889 5541 2014 5611 pulo
2043 5551 2136 5593 tuo
2168 5556 2180 5590 :
2215 5545 2379 5592 recte:
2413 5537 2533 5592 fidei
2571 5552 2756 5606 pacem
2795 5536 2850 5589 in
2896 5535 3146 5590 Ecclesia
3180 5551 3299 5602 quae
3331 5537 3474 5602 apud

1888 5649 1987 5686 nos
2030 5645 2110 5686 est
2155 5647 2252 5701 pro
2302 5640 2391 5684 tua
2433 5638 2699 5700 potestate
2746 5628 3097 5682 confirmans.
3133 5626 3280 5679 Nihil
3327 5626 3472 5682 enim

1887 5727 2030 5780 aliud
2053 5727 2234 5781 dicere
2270 5738 2560 5792 possumus
2591 5723 2736 5776 circa
2761 5734 2824 5773 ea
2848 5736 2967 5788 quas
2987 5720 3333 5790 impendent,
3361 5719 3469 5770 nisi

1891 5815 2035 5882 quod
2090 5814 2269 5868 omnia
2296 5814 2531 5868 libenter
2555 5825 2650 5874 pro
2682 5811 2802 5879 ejus
2830 5810 3050 5864 nomine
3083 5806 3444 5875 perferemus.

3024 5903 3098 5962 35
