4008 6318
573 344 702 407 1099

1751 346 1811 404 S.
1855 343 2253 409 THEODORI
2284 346 2629 407 STUDIT/E

3709 344 3861 409 1100

636 455 716 507 'l‘u
763 468 912 516 vero,
959 452 1051 517 ﬁli,
1088 451 1428 517 charissime,
1486 452 1698 506 tametsi
1742 454 1868 507 alibi
1905 456 2142 508 custodi-

2319 456 2389 507 Σὺ
2418 456 2494 520 δὲ,
2515 450 2559 508 ὦ
2591 457 2782 509 τέκνον
2816 474 2917 526 μου
2935 456 3309 526 ἠγαπημένον,
3341 456 3388 508 εί
3414 455 3507 508 καὶ
3537 472 3862 525 μετεφρουο

571 546 663 608 ris,
726 554 786 600 ut
842 544 1078 610 indicas,
1137 544 1507 615 gaudczquia
1561 545 1742 614 plures
1793 544 1888 597 tibi
1936 561 2151 599 corona:

570 645 850 693 texuntur.
888 635 955 691 Et
981 652 1290 705 quanquam
1320 635 1581 691 Leontius
1607 636 1907 705 discipulus
1933 636 2061 689 olim
2081 638 2147 700 ⁷ο,

571 744 718 784 nunc
746 738 994 799 negator,
1032 728 1139 782 illis
1173 728 1355 798 praesit
1387 727 1541 793 locis,
1591 729 1643 781 in
1677 730 1875 797 quibus
1909 729 2153 784 inclusus

573 824 808 885 teneris;
840 822 977 877 nihil
1009 823 1210 877 mirere
1246 840 1259 876 :
1292 824 1394 877 hoc
1427 823 1571 877 enim
1602 832 1816 891 tempus
1854 833 1936 877 est
1966 823 2153 893 longa-

571 915 838 970 nimitatis
890 914 1005 980 Dei,
1068 925 1125 969 ut
1175 924 1573 986 cognoscantur
1632 915 1811 979 electi,
1858 925 1914 969 et
1968 924 2153 986 regnet

574 1006 719 1061 [ilius
748 1006 946 1062 Tabeel
986 1010 1039 1060 in
1072 1006 1351 1062 Bethleem
1375 1007 1442 1059 τί.
1474 1008 1550 1061 De
1586 1022 1651 1061 eo
1682 1016 1865 1061 autem
1898 1008 1988 1076 qui
2020 1021 2154 1061 con-

574 1099 753 1154 fessus
785 1107 869 1155 est
894 1110 949 1154 et
976 1115 1193 1169 pmnam
1226 1100 1540 1169 postulavit,
1578 1109 1723 1158 recte
1753 1101 1986 1170 irrogata
2025 1109 2107 1155 est
2140 1118 2150 1151 :

576 1191 786 1260 tibique
817 1191 1113 1253 assentior,
1152 1192 1257 1259 qui.
1276 1191 1475 1245 dixeris
1520 1193 1589 1257 ei,
1627 1193 1672 1246 si
1715 1193 1851 1245 nolit
1886 1192 1956 1246 ob
1984 1194 2155 1246 inter-

576 1281 749 1337 fectos
781 1282 968 1337 hostes
994 1298 1211 1353 pmnam
1242 1284 1446 1347 subire,
1484 1299 1587 1339 nec
1614 1286 1681 1338 ah
1705 1285 2001 1339 occidendo
2030 1285 2154 1338 abs-

577 1374 748 1428 tineat
788 1390 801 1427 :
836 1384 889 1429 et
924 1389 1026 1428 nos
1066 1375 1285 1443 quidem
1322 1384 1474 1429 extra
1528 1377 1796 1446 judicium
1840 1393 2047 1431 smnus.
2098 1376 2155 1429 Si

578 1481 711 1522 vero
745 1465 1003 1521 Ecclesiae
1033 1468 1338 1522 canonibus
1385 1469 1542 1523 subdi
1580 1470 1750 1534 malit,
1800 1470 2030 1524 duorum
2076 1469 2156 1521 al-

578 1569 756 1613 terum
793 1559 892 1627 ipsi
930 1559 1239 1629 eligendum
1288 1569 1399 1625 est;
1450 1570 1510 1614 ut
1551 1574 1642 1614 aut
1692 1561 1851 1615 laude
1893 1560 2156 1614 alliciatur

576 1653 721 1719 quod
751 1648 1115 1716 interfecerit,
1139 1661 1235 1705 aut
1274 1653 1390 1706 sine
1430 1666 1590 1720 poena
1624 1666 1733 1705 non
1776 1662 2013 1706 maneat.
2048 1649 2155 1704 Nc-

578 1759 685 1812 que
718 1750 899 1795 tamen
935 1740 1136 1793 idcirco
1164 1741 1316 1810 prius
1351 1742 1748 1810 repudiandum
1778 1749 1879 1802 est,
1908 1740 2155 1794 laudibus

584 1804 729 1887 enim
758 1832 904 1902 digni
935 1839 1082 1893 sunt,
1117 1804 1178 1885 ut
1198 1832 1272 1885 ait
1293 1804 1508 1887 divinus
1530 1832 1690 1887 Pater
1716 1851 1727 1886 :
1749 1832 1841 1886 sed
1872 1833 2153 1887 subeunda
2186 1804 2229 1861 Β

579 1934 665 1979 est
685 1925 851 1978 etiam
879 1923 984 1977 illis
1005 1938 1165 1993 poena
1193 1924 1661 1993 :quandoquidem
1687 1934 1741 1977 et
1764 1924 1853 1976 Dei
1882 1931 2155 1993 spectator

580 2018 708 2071 olim
748 2015 933 2070 Moses
956 2023 1335 2083 revertentem
1364 2030 1393 2069 a
1420 2015 1562 2069 bello
1588 2014 2003 2069 Madianitarum
2032 2031 2155 2069 cum

581 2110 807 2166 victoria
885 2108 1145 2178 populum
1209 2108 1369 2162 Israel
1433 2118 1641 2178 septem
1712 2108 1902 2163 diebus
1964 2110 2157 2164 castris

581 2203 835 2268 exclusit,
866 2217 895 2255 a
923 2202 1032 2256 Deo
1062 2201 1205 2255 haud
1235 2201 1399 2255 dubie
1437 2210 1737 2271 permotus,
1779 2200 1856 2255 sic
1888 2201 2114 2269 loquens
2142 2219 2154 2255 :

581 2294 763 2351 Omnis
791 2294 879 2365 qui
924 2293 1171 2379 oc'ciderit
1212 2293 1494 2353 hominem,
1537 2293 1614 2345 vel
1641 2294 1867 2345 occisum
1910 2293 2156 2363 tetigerit,

584 2385 895 2438 lustrabitur
927 2383 1012 2436 die
1049 2384 1204 2435 tertio
1252 2390 1299 2433 et
1343 2382 1587 2449 septimo,
1632 2398 1719 2434 vos
1756 2390 1803 2434 et
1848 2384 2027 2448 praula
2070 2398 2159 2436 ve-

581 2475 785 2529 stra".
828 2472 982 2527 Unde
1025 2472 1295 2526 excitatus
1336 2486 1455 2525 mea
1483 2470 1701 2539 quidem
1744 2471 2014 2523 sententia
2042 2483 2159 2523 ma-

584 2584 726 2639 gnus
760 2565 1079 2627 Basilius",
1119 2564 1204 2617 vel
1234 2564 1413 2633 potius
1442 2578 1472 2615 a
1514 2563 1624 2616 Deo
1663 2561 1895 2627 aﬂlatus,
1939 2562 2159 2615 triennii

584 2672 804 2729 poenam
867 2656 1092 2726 irrogat,
1140 2663 1195 2708 et
1250 2654 1408 2708 docet
1460 2654 1923 2723 quemadmodum
1975 2654 2020 2706 is
2066 2653 2160 2721 qui

584 2752 790 2820 irrogat
817 2746 1117 2816 dispenset.
1145 2745 1480 2817 Contingens
1508 2746 1711 2815 quippe
1741 2753 1797 2800 et
1823 2760 1932 2799 non
1964 2759 2159 2799 neces-

585 2841 749 2905 saria,
784 2854 881 2908 pro
915 2838 994 2893 rei
1030 2838 1294 2908 subjectae
1327 2838 1508 2901 modo,
1546 2838 1732 2891 talium
1763 2837 2021 2906 irrogalio
2055 2845 2156 2890 est.

589 2931 721 2987 Vale
766 2932 821 2985 in
881 2930 1135 2995 Domino,
1190 2930 1261 2984 ﬁli
1320 2930 1391 2983 mi
1452 2930 1851 2994 desiderabilis,
1919 2944 2018 2999 pro
2074 2943 2160 2982 me

584 3032 841 3094 peccator
921 3023 1249 3092 deprecans,
1288 3031 1342 3076 et
1388 3036 1486 3090 pro
1513 3037 1577 3077 eo
1607 3021 1700 3097 qui
1734 3031 1785 3075 te
1826 3036 1932 3075 una
1966 3021 2162 3075 salutat

584 3116 786 3172 dilecto
809 3115 920 3171 tilio
949 3130 1092 3181 meo,
1129 3115 1298 3170 fratre
1327 3124 1511 3169 autem
1539 3125 1653 3178 tuo,
1686 3113 1966 3183 Gregorio.

996 3317 1104 3372 LII.
1136 3347 1205 3359 —
1228 3316 1472 3385 Philippo
1498 3318 1742 3370 diacono.

2256 549 2424 618 ρήθης
2459 548 2864 620 ἐτέρωθι,καθὰ
2894 551 3195 617 ἐσήμανας,
3218 550 3374 618 χαῖρε
3402 563 3417 578 ⁸
3448 548 3531 600 ὅτι
3560 549 3612 600 οἱ
3641 550 3862 617 στέφα-

2254 640 2332 693 νοί
2366 658 2458 692 σου
2488 642 2703 703 πλείους
2761 641 3076 693 πλέκονται.
3112 640 3220 692 Καὶ
3264 642 3311 692 εί
3372 642 3464 692 καὶ
3529 640 3803 702 Λεόντιος
3832 643 3863 692 ὁ

2254 733 2385 785 ποτὲ
2422 734 2701 803 μαθητὴς,
2748 732 2844 784 νῦν
2893 732 2949 784 δὲ
2996 731 3262 802 ἀρνητὴς,
3301 730 3703 800 ἡγουμενεύσει
3739 730 3861 782 τῶν

2255 826 2312 875 ὲν
2336 823 2418 888 οἷς
2449 822 2497 877 εἷ
2524 826 2913 895 κεκλεισμένας
2934 864 2948 889 ,
2982 823 3055 893 μὴ
3097 822 3379 892 θαυμάσῃς
3399 839 3412 851 ·
3449 822 3647 890 καιρὸς
3680 825 3711 874 ὁ
3742 838 3861 873 παρ

2260 915 2365 986 ρὼν
2395 916 2782 985 μακροθυμίας
2809 915 2962 979 Θεοῦ,
2986 916 3080 967 καὶ
3112 916 3261 977 ὅπως
3285 915 3332 964 οι
3361 913 3575 982 δόκιμοι
3602 915 3857 981 φανῶσι.

2256 1009 2349 1060 καὶ
2378 1004 2624 1078 ἴναᾶρξῃ
2647 1010 2674 1059 ό
2706 1009 2816 1070 υίὸς
2851 1007 3063 1076 nam
3107 1007 3205 1075 τῆς
3260 1006 3532 1076 Βηθλεέμ.
3566 1006 3710 1074 Περὶ
3757 1004 3862 1058 τοῦ

2258 1098 2718 1169 ὲξαγορεύσαντος
2742 1100 2832 1151 καί¹
2864 1098 3233 1168 αἰτησαμένου
3249 1098 3307 1150 τὸ
3324 1097 3628 1167 ἐπιτίμιον,
3662 1097 3861 1158 καλῶς

2258 1190 2468 1243 δέδοται
2496 1206 2510 1220 ο
2548 1190 2801 1259 σύμφημι
2825 1189 2883 1242 δέ
2915 1206 2995 1242 σοι
3042 1189 3250 1241 εἰπόντι
3293 1188 3461 1257 αὐτῷ,
3521 1191 3570 1240 εἰ
3605 1188 3683 1257 μὴ
3718 1187 3860 1239 60;}-

2258 1281 2401 1335 λοιτο
2447 1281 2893 1351 ὲπιτιμιάζεσθαι
2944 1284 3001 1333 ὲν
3050 1280 3129 1350 τῷ
3173 1280 3382 1333 κτένειν
3417 1280 3676 1349 ἐχθροὺς,
3711 1278 3861 1349 μηδὲ

2258 1374 2578 1444 ἀφιστάσθω
2606 1373 2703 1426 τοῦ
2727 1374 2936 1427 κτένειν
2963 1389 2976 1403 ο
3006 1374 3097 1425 καῖ
3123 1373 3284 1441 ἡμεῖς
3305 1389 3368 1440 γε
3402 1372 3508 1435 ἔξω
3544 1373 3854 1441 κρίματος.

2259 1467 2321 1518 Ei
2357 1466 2412 1517 δὲ
2442 1466 2616 1518 ἕλοιτο
2645 1465 2970 1518 ὑποπίπτειν
3015 1466 3127 1526 τοῖς
3182 1468 3281 1534 τῆς
3321 1463 3651 1532 Ἐκκλησίας
3680 1464 3859 1515 κανό-

2259 1574 2363 1621 σιν,
2388 1556 2448 1608 ἓν
2480 1560 2594 1610 τοῖν
2649 1557 2793 1609 δυοῖν
2841 1556 3061 1627 αἱρετὸν
3094 1556 3247 1627 αὑτῷ
3268 1571 3283 1587 ·
3308 1556 3340 1626 ῆ
3370 1556 3615 1608 κτενόντι
3664 1558 3856 1607 ἐπιτι-

2261 1648 2489 1719 μᾶσθαι,
2520 1648 2552 1719 ἢ
2585 1649 2659 1719 μὴ
2687 1649 2869 1719 μένειν
2888 1648 3309 1718 ἀνεπιτίμητον.
3357 1649 3466 1701 Καὶ
3485 1648 3546 1699 οὐ
3564 1647 3657 1700 διὰ
3686 1647 3860 1699 τοῦτο

2257 1745 2315 1793 τὸ
2351 1741 2565 1810 πρῶτον
2621 1740 2935 1811 διαϐλητέον
2968 1757 2981 1771 ⁸
3016 1742 3253 1794 ἐπαίνων
3308 1740 3415 1811 γὰρ
3458 1741 3635 1806 ἀξιοιο
3679 1740 3762 1803 ὡς
3829 1740 3860 1792 ὁ

2259 1834 2397 1896 θεῖός
2425 1850 2555 1903 φησι
2575 1835 2765 1903 Πατήρ
2788 1850 2800 1861 '
2852 1834 2988 1887 ἀλλά
3033 1834 3267 1901 ληπτέον
3298 1835 3481 1895 αὐτοῖς
3511 1834 3612 1885 καὶ
3635 1833 3698 1886 τὸ
3732 1835 3859 1884 ὲττιο

2257 1930 2437 1997 τίμιον
2465 1946 2477 1960 ο
2503 1928 2626 1982 ἐπεὶ
2651 1928 2745 1982 καὶ
2772 1927 2940 1982 πάλαι
2984 1928 3192 1996 Μωσῆς
3215 1930 3242 1979 ὁ
3278 1927 3514 1994 θεόπτης
3571 1927 3858 1995 ὑποστρέ-

2258 2018 2436 2088 ψαντα
2480 2018 2569 2071 τὸν
2634 2016 2849 2087 Ἰσραὴλ
2894 2018 2957 2069 ἑκ
3009 2016 3102 2069 τοῦ
3165 2017 3305 2069 κατά
3348 2016 3456 2069 τῶν
3489 2017 3854 2069 Μαδιανιτων

2260 2109 2496 2178 πολέμου
2524 2109 2661 2179 μετά
2690 2110 2868 2179 νίκης,
2902 2109 3151 2178 ἀφορίζει
3198 2107 3303 2172 ἔξω
3340 2110 3439 2178 τῆς
3483 2108 3853 2178 παρεμὸολῆς

2261 2202 2398 2263 ἑπτὰ
2425 2203 2664 2271 ἡμέρας,
2714 2204 2778 2255 ἐκ
2828 2201 2964 2254 Θεοῦ
2991 2201 3236 2271 δηλονότι
3286 2201 3637 2272 κινούμενος,
3670 2201 3857 2269 λέγων

2259 2291 2452 2356 οὕτως·
2477 2291 2648 2359 Πᾶςό
2668 2291 2901 2346 ἀνελὼν
2932 2292 3166 2360 ψυχὴν,
3199 2292 3293 2345 καὶ
3346 2292 3689 2360 ἁπτόμενος
3743 2290 3855 2344 tu?

2260 2384 2650 2453 τετρωμένου,
2704 2384 3135 2452 ἀγνισθήσεται
3184 2382 3258 2452 τῇ
3292 2382 3478 2452 ἡμέρᾳ
3524 2383 3600 2450 τῇ
3653 2384 3851 2449 τρίτῃ,

2261 2476 2359 2528 καὶ
2385 2474 2460 2542 τῇ
2490 2475 2681 2543 ἡμέρᾳ
2698 2474 2770 2543 τῇ
2795 2475 3039 2544 ἐϐδόμῃ,
3062 2475 3234 2545 ὑμεῖς
3266 2476 3365 2528 καὶ
3399 2474 3437 2540 ή
3456 2475 3853 2543 αἱχμαλωσιά

2262 2565 2448 2635 ὑμῶν.
2490 2568 2654 2620 Ὅθεν
2691 2585 2780 2637 μοι
2812 2568 2960 2620 δοκεῖ
2990 2569 3018 2618 ὁ
3063 2568 3238 2636 μέγας
3280 2566 3557 2628 Βασίλειος
3582 2567 3853 2635 ἀφορμη-

2264 2658 2396 2723 θεὶς,
2428 2658 2627 2727 μᾶλλον
2654 2657 2708 2710 δὲ
2747 2657 3151 2721 θεοπνευσθεὶς,
3174 2657 3360 2711 δίδωσι
3386 2657 3447 2709 τὸ
3466 2658 3567 2727 τῆς
3596 2658 3854 2724 τριετίας

2263 2748 2563 2819 ἐπιτίμιον,
2591 2750 2684 2800 καὶ
2711 2747 2785 2810 ὼς
2814 2748 2880 2800 ἂν
2913 2749 3247 2818 οίκονομήση
3276 2749 3304 2801 ό
3356 2747 3554 2810 διδούς.
3598 2746 3853 2815 Ἐνδεχο-

2266 2839 2401 2910 μένη
2426 2837 2534 2908 γὰρ
2560 2837 2653 2890 καὶ
2698 2838 2797 2897 οὐκ
2820 2839 3129 2906 ἀναγκαίως
3160 2838 3300 2891 κατά
3328 2839 3389 2890 τὸ
3422 2838 3679 2909 κείμενον
3707 2840 3852 2890 tiv-

2263 2949 2371 2994 τως
2401 2934 2434 3001 ἠ
2469 2930 2578 2983 τῶν
2613 2930 2872 2985 τοιούτων
2898 2931 3066 2995 δόσις.
3111 2931 3363 3003 Ἔρρωσο
3403 2934 3462 2983 ὲν
3515 2931 3732 3004 Κυρίῳ,
3767 2932 3853 2982 uis’

2267 3038 2368 3091 μου
2405 3021 2628 3091 ποθητὲ,
2662 3022 2955 3092 εὐχόμενος
3003 3022 3133 3093 περὶ
3157 3022 3292 3093 ἐμοῦ
3340 3021 3435 3075 τοῦ
3485 3020 3849 3092 ἀμαρτωλοῦ,

2185 3142 2228 3202 C
2263 3114 2357 3165 καὶ
2382 3112 2476 3165 τοῦ
2530 3114 3145 3184 συμπροσαγορεύοντός
3202 3131 3261 3167 σε
3311 3114 3597 3185 ἀγαπητοῦ
3651 3114 3850 3167 τέκνου

2264 3220 2386 3272 μου,
2427 3202 2521 3256 σοῦ
2555 3204 2611 3257 δὲ
2634 3204 2888 3271 ἀδελφοῦ,
2917 3206 3239 3277 Γρηγορίου.

2540 3313 2651 3367 NB.
2687 3346 2755 3355 —
2772 3316 3047 3380 Φιλίππῳ
3063 3317 3344 3383 Διακόνῳ.
3368 3316 3518 3390 [σν’.]

588 3435 662 3485 De
696 3440 810 3485 voto
829 3434 1030 3496 puellas,
1061 3445 1170 3495 qum
1191 3444 1371 3493 sponso
1397 3438 1668 3494 aegrotante
1694 3431 2267 3540 voverat‘selnupturiam
2291 3428 2719 3540 Chrisltoh'etiamsl
2738 3439 2954 3494 tegrOIus
2973 3433 3361 3496 convalesceret,
3388 3443 3577 3498 postea,
3622 3439 3704 3489 ubi
3725 3453 3847 3490 eon-

1844 3505 1901 3540 va
1928 3506 1977 3540 ut
2005 3530 2018 3540 .
2052 3505 2185 3540 const
2214 3505 2310 3540 tum
2333 3506 2410 3540 mu
2437 3505 2514 3540 an
2544 3529 2556 3540 .

1844 3505 2018 3553 VaIUll,
2052 3505 2310 3541 conatuum
2333 3505 2556 3542 IﬂULaVll.

661 3604 778 3657 Noli
813 3603 1146 3665 existimare,
1182 3603 1264 3656 vir
1294 3611 1500 3663 sancte,
1536 3615 1620 3654 me
1654 3600 1850 3653 ostium
1883 3600 2160 3668 pcenilen-

589 3695 679 3748 tia:
710 3693 998 3757 claudere;
1028 3690 1452 3746 Novatianorum
1481 3691 1626 3744 enim
1658 3690 1709 3744 id
1739 3691 2017 3761 proprium
2040 3699 2157 3755 est;

591 3785 688 3840 sed
721 3785 866 3838 nolle
901 3783 1107 3853 peccati
1139 3783 1337 3837 ostium
1373 3782 1584 3851 aperire
1608 3780 1931 3836 volentibus.
1963 3779 2160 3834 Annon

590 3877 737 3930 enim
800 3875 1068 3946 ejusmodi
1128 3882 1213 3927 est
1270 3876 1412 3943 quod
1462 3872 1737 3943 prioribus
1800 3872 1996 3925 litteris
2049 3872 2163 3924 tuis

592 3966 885 4023 indicasti?
911 3967 1147 4037 puellam
1169 3981 1288 4034 qua:
1317 3978 1502 4019 vntum
1535 3974 1780 4028 voverat,
1809 3978 1888 4025 se,
1916 3962 2162 4032 quamvis

592 4071 831 4127 sponsus
870 4056 1301 4117 convalesceret,
1342 4054 1563 4110 Christo
1592 4064 1889 4123 nupturam
1921 4070 1935 4106 :
1964 4050 2162 4105 deinde

591 4157 877 4218 postquam
908 4161 939 4195 e
990 4144 1181 4198 morbo
1214 4143 1302 4197 ille
1332 4151 1417 4198 est
1463 4153 1762 4206 recreatus,
1806 4156 1931 4198 cum
1974 4154 2063 4201 eo,
2095 4139 2161 4193 ad

594 4233 912 4306 posterioris
963 4233 1151 4302 sponsi
1197 4240 1595 4302 contemptum,
1630 4231 1873 4299 copulari
1906 4231 2061 4295 velle,
2109 4239 2163 4285 et

589 4326 891 4382 remedium
921 4326 987 4379 ad
1012 4325 1065 4379 id
1093 4339 1358 4394 quaerere.
1384 4321 1711 4377 Rectissime
1744 4323 1908 4392 igitur
1935 4336 2161 4390 respon-

590 4419 772 4472 dimus
806 4416 937 4481 tibi;
972 4432 1073 4470 nec
1102 4416 1259 4470 aliter
1285 4415 1604 4485 responderi
1641 4422 1818 4484 potest
1840 4414 1909 4467 ab
1946 4428 2031 4476 eo,
2069 4412 2161 4481 qui

590 4525 654 4565 ea
697 4525 819 4578 quas
860 4506 928 4562 ad
968 4504 1138 4561 Deum
1179 4517 1451 4577 spectant,
1492 4507 1813 4563 hominibus
1845 4516 2158 4576 anteponat.

590 4601 725 4667 Quis
769 4600 919 4655 enim
964 4598 1014 4653 ei
1059 4614 1278 4668 poenam
1333 4600 1556 4669 irroget,
1612 4600 1704 4670 qui
1740 4601 2008 4665 nondum,
2053 4600 2160 4657 nisi

589 4692 892 4756 voluntate,
938 4689 1219 4759 peccavit?
1259 4690 1367 4742 Aut
1407 4689 1529 4758 quis
1570 4689 1813 4745 medicus
1854 4699 1981 4745 ante
2017 4705 2164 4744 mor-

590 4784 720 4838 bum
750 4781 1090 4837 curationem
1125 4782 1417 4847 adhibeat;
1443 4797 1507 4835 ac
1536 4797 1647 4836 non
1679 4782 1859 4852 potius
1902 4799 1932 4836 a
1972 4782 2162 4837 morbo

2331 3599 2422 3669 Μὴ
2449 3600 2562 3653 οἵου
2598 3615 2685 3669 με,
2722 3592 2766 3651 ὦ
2798 3598 2907 3671 ἱερὲ
2941 3599 3095 3673 ἄνερ,
3126 3598 3328 3653 κλείειν
3376 3601 3688 3674 τὴνοπύλην
3746 3608 3846 3675 τῆς

2264 3691 2591 3759 μετανοίας·
2652 3691 3014 3745 Ναυατιανῶν
3075 3690 3186 3762 γὰρ
3236 3691 3297 3745 τὸ
3333 3691 3523 3762 ἔργον·
3573 3695 3713 3750 ἀλλά
3770 3699 3845 3769 μὴ

2264 3781 2549 3851 βούλεσθαι
2578 3782 2820 3850 ἀνοίγειν
2847 3783 3019 3854 θύραν
3044 3785 3144 3855 τῆς
3190 3784 3466 3855 ἁμαρτίας
3502 3790 3617 3851 τοῖς
3654 3790 3844 3860 βουλο-

2263 3875 2468 3945 μένοις.
2514 3876 2584 3928 Ἦ
2618 3875 2725 3945 γὰρ
2752 3877 2871 3945 οὐχὶ
2918 3875 3161 3929 τοιοῦτον
3212 3877 3349 3947 ὅπερ
3381 3877 3470 3931 διὰ
3501 3879 3615 3932 τῶν
3642 3882 3841 3952 προτέ·

2263 3982 2371 4036 ρων
2426 3982 2522 4019 σου
2549 3967 2896 4037 γραμμάτων
2938 3967 3284 4039 δεδήλωκας;
3343 3969 3402 4021 τὸ
3456 3969 3558 4040 τὴν
3616 3974 3839 4027 νεάνιδα

2261 4057 2564 4128 εὐξαμένην
2590 4059 2791 4137 εὐχὴν,
2833 4062 2880 4112 εί
2932 4061 3027 4113 καὶ
3059 4060 3438 4134 ἀναῤῥωσθείη
3472 4064 3499 4115 ὁ
3556 4070 3835 4135 μνήστωρ,

2261 4149 2639 4220 νυμφευθῆναι
2684 4151 2907 4222 Χριστῷ
2942 4168 2957 4180 ·
2989 4148 3109 4207 εἶτα
3133 4155 3323 4227 ἐπειδὴ
3355 4155 3665 4224 ἀνέσφηλεν
3695 4162 3839 4213 ἐκεῖ·

2262 4258 2373 4305 νος,
2410 4241 2702 4295 ἐθέλουσαν
2746 4242 2895 4313 αὐτῷ
2922 4246 3282 4316 συναφθῆναι,
3315 4246 3404 4300 ἐπ’
3453 4248 3710 4320 ἀθετήσει
3741 4252 3837 4305 τοῦ

2261 4333 2545 4403 δευτέρου,
2577 4334 2768 4403 ζητεῖν
2811 4336 2949 4406 πρὸς
2972 4337 3130 4390 τοῦτο
3156 4338 3317 4408 ἴαμα.
3342 4338 3623 4393 Κάλλιστα
3658 4342 3839 4396 τοίνυν

2263 4424 2647 4496 ἁπεκρίθημέν
2673 4442 2754 4478 σοι
2776 4443 2789 4456 ·
2819 4428 2917 4480 καὶ
2948 4428 3046 4498 οὐχ
3074 4421 3187 4481 οἷόν
3221 4447 3279 4482 τε
3308 4429 3485 4492 ἄλλως
3519 4430 3835 4486 ἀποδιδόναι

2261 4512 2437 4581 λόγον,
2466 4514 2555 4568 τὸν
2587 4514 2892 4585 ἀνθρώπων
2920 4517 2989 4573 τά
3019 4517 3154 4571 Θεοῦ
3190 4520 3577 4591 προκρίνοντα.
3604 4519 3700 4584 Τίς
3730 4521 3836 4593 γὰρ

2264 4604 2330 4657 ἂν
2354 4605 2448 4658 καὶ
2476 4605 2591 4677 δοίη
2622 4607 2897 4677 ἐπιτίμιον
2926 4608 3005 4678 τῷ
3048 4607 3213 4679 μήπω
3277 4612 3645 4682 ἡμαρτηκότι,
3700 4613 3837 4684 πλὴν

2262 4695 2357 4747 τοῦ
2400 4695 2727 4765 βούλεσθαι;
2763 4700 2831 4751 Ἦ
2860 4700 2941 4762 τίς
2979 4700 3163 4771 ἰατρὸς
3200 4703 3306 4773 πρὸ
3340 4703 3497 4757 νόσου
3548 4708 3721 4773 μοτοῖ,
3746 4709 3837 4760 καὶ

2262 4786 2386 4855 οὐχὶ
2422 4786 2624 4857 μᾶλλον
2665 4788 2840 4858 εἴργει
2875 4789 2953 4860 μὴ
3013 4791 3338 4862 νοσηλεῦσαι
3379 4793 3471 4846 τὸν
3535 4795 3629 4846 ἐπὶ
3679 4795 3836 4848 τοῦτο

590 4880 776 4928 arceat
823 4887 947 4927 eum
990 4871 1082 4940 qui
1132 4885 1198 4925 eo
1238 4885 1400 4925 ruere
1448 4871 1737 4927 videbatur
1757 4872 1838 4926 7‘?
1877 4871 2159 4927 Medicinae

2266 4876 2532 4943 ρἐοντα;
2565 4879 2673 4931 Καί
2703 4894 2768 4945 γε
2804 4880 3047 4949 ἰατρείας
3073 4881 3221 4951 ὄρος,
3248 4881 3282 4952 ἢ
3331 4882 3430 4952 τὴν
3487 4882 3835 4952 ὑπάρχουσαν

592 4967 859 5037 siquidem
910 4980 1109 5020 munus
1155 4972 1260 5027 est,
1309 4970 1405 5017 aut
1455 4976 1778 5031 praesentem
1829 4977 2157 5017 conservare

592 5059 902 5122 sanitatem,
929 5068 1026 5112 aut
1057 5056 1337 5112 absentem
1378 5069 1652 5109 revocare.
1689 5054 1997 5109 Absurdum
2033 5067 2161 5108 vero

591 5160 694 5217 est,
721 5150 961 5220 ignosce,
987 5149 1237 5203 morbum
1267 5146 1359 5216 qui
1386 5160 1495 5200 non
1535 5149 1624 5209 sit,
1657 5145 1752 5200 sed
1784 5146 1966 5199 animo
1990 5144 2161 5215 linga-

594 5253 704 5309 tur,
745 5252 1000 5313 tanquam
1032 5241 1075 5297 si
1128 5256 1319 5297 revera
1362 5247 1529 5306 esset,
1558 5254 1750 5294 curare
1782 5257 1793 5292 :
1825 5255 1927 5294 nec
1966 5238 2163 5294 medici

593 5334 648 5389 id
676 5349 835 5404 opus,
861 5333 957 5387 sed
980 5333 1335 5399 cadaverarii,
1365 5333 1419 5385 in
1450 5336 1697 5385 morbum
1729 5331 1905 5400 ipsum
1934 5332 1987 5385 id
2016 5330 2162 5399 quod

595 5425 783 5480 morbo
810 5425 1071 5479 intactum
1094 5422 1274 5478 adhuc
1296 5432 1381 5477 est
1405 5420 1683 5490 impellere
1707 5422 1999 5477 molientis.
2029 5421 2156 5476 Tale

595 5530 816 5585 prorsus
852 5514 1046 5585 puellae.
1072 5514 1350 5586 negotium
1389 5510 1689 5567 existimes.
1730 5509 1975 5565 Necdum
2007 5510 2147 5578 dico,

662 5695 707 5724 ⁷ο
732 5692 863 5747 Vide
886 5707 1075 5763 supra,
1107 5690 1266 5761 epist.
1299 5692 1368 5746 45
1396 5701 1450 5747 et
1475 5692 1636 5755 infra,
1673 5693 1769 5747 lib.
1800 5708 1860 5756 ιι,
1889 5692 2052 5762 epist.
2080 5692 2160 5747 51.

2262 5694 2291 5724 ’³
2319 5694 2424 5752 lsa.
2460 5711 2561 5763 vu,
2596 5694 2649 5750 6.

596 5762 1114 5833 Ainpbiloch.,can.
1144 5763 1199 5829 8,
1234 5763 1292 5816 ll
1317 5802 1330 5829 ,
1368 5763 1451 5819 l3.
1528 5765 1573 5797 "
1596 5762 1761 5820 Conc.
1792 5763 1958 5819 Neoc.
1988 5778 2110 5821 can.
2168 5764 2224 5818 4.

2267 4965 2479 5033 ὑγίειαν
2504 4966 2890 5037 περιφυλάξαι,
2919 4969 2951 5040 ἢ
2978 4972 3077 5041 τὴν
3104 4971 3351 5025 ἀποῦσαν
3378 4972 3833 5035 ἀνακαλέσασθαι,

2271 5058 2500 5126 Ἀλογον
2529 5060 2607 5125 δὲ,
2640 5059 2939 5129 σύγγνωθι,
2974 5062 3037 5116 τὸ
3074 5062 3149 5133 μὴ
3197 5064 3297 5134 ἠδη
3347 5063 3657 5134 παροῦσαν,
3704 5065 3835 5121 ἀλλά

2273 5147 2681 5219 μελετωμένην,
2713 5151 2981 5221 ίατρεύειν
3010 5153 3085 5215 ὡς
3138 5147 3331 5225 οὖσαν·
3376 5153 3438 5206 οὐ
3472 5154 3583 5225 γὰρ
3633 5155 3830 5224 ἰατροῦ,

2270 5237 2409 5292 ἀλλά
2438 5240 2825 5308 πτωματιστοῦ
2856 5243 2919 5295 τὸ
2943 5242 3149 5313 δρᾶμα,
3178 5224 3561 5313 ὑφελκομένουί
3599 5260 3833 5313 προσεμο

2274 5328 2517 5399 παρῆναι
2549 5331 2629 5395 είς
2658 5332 2828 5396 πάθος
2873 5333 3003 5387 αὐτὸ
3058 5334 3119 5387 τὸ
3172 5334 3251 5388 ἔτι
3295 5333 3531 5396 ἀπαθές.
3585 5332 3834 5386 Τοιοῦτον

2263 5422 2375 5474 οἵου
2408 5423 2501 5476 καὶ
2529 5424 2715 5494 τὸτῆς
2767 5427 2980 5488 παιδός.
3041 5428 3153 5481 Καὶ
3195 5424 3345 5479 οὔπω
3392 5425 3559 5495 λέγω,
3616 5426 3701 5479 ὃτι
3749 5428 3833 5480 καὶ

2260 5515 2320 5567 τὸ
2371 5516 2581 5583 ἀγαθόν
2611 5534 2663 5571 τι
2704 5517 3074 5590 ἐνθυμηθῆναί
3106 5536 3226 5574 τινα
3248 5557 3263 5585 ,
3307 5519 3381 5591 μὴ
3405 5520 3567 5573 τοῦτο
3604 5520 3689 5585 εις
3740 5518 3834 5573 πέ-

2767 5697 2809 5729 ⁷¹
2830 5693 2991 5751 Num.
3021 5711 3171 5768 xxxx,
3218 5697 3305 5753 15.
3403 5699 3447 5732 ⁷³
3470 5697 3531 5755 In
3566 5697 3737 5772 Epist.
3768 5702 3829 5756 a.l
