4008 6318
200 391 333 454 1101

1427 389 1968 453 EPlSTOLARUM
1997 388 2145 447 LIB.
2193 386 2241 445 l'.

3330 387 3461 450 1102

195 524 296 574 ρας
350 507 582 574 ἄγοντα.
615 507 835 576 ὑφέξειν
891 509 1087 579 κρῖμα,
1116 507 1260 561 καθά
1283 508 1310 560 ὁ
1342 507 1482 570 θεῖος
1511 508 1777 569 Βασίλειος

1890 503 2053 557 etiam
2093 517 2241 566 eum,
2285 501 2376 570 qui
2411 501 2539 554 boni
2586 500 2787 570 aliquid
2821 502 3090 572 cogitarit,
3136 502 3179 558 si
3215 505 3282 556 ad
3325 504 3460 557 eii‘e-

190 598 507 668 διωρίσατο.

280 769 549 824 Ἐνταῦθα
597 771 652 822 δὲ
679 772 839 825 οἱονεὶ
869 772 959 826 καὶ
1011 773 1170 842 ἔργον
1201 772 1478 844 προῦϐηκε
1532 774 1591 826 τὸ
1653 774 1778 842 βου-

195 863 385 916 λευθέν
411 864 499 917 διὰ
518 863 621 932 τῆς
636 866 908 935 αἰτήσεως
921 867 1012 918 καὶ
1033 866 1184 927 θείας
1221 867 1547 931 συντάξεως.
1563 867 1774 920 Φείδοι-

200 955 293 1008 σθε
347 957 464 1021 οῦν,
500 950 544 1010 ὧ
575 956 909 1027 φιλούμενοι,
954 958 1025 1012 τὰ
1051 960 1277 1013 τοιαῦτα
1310 959 1529 1024 παίζειν
1565 975 1579 989 ·
1608 959 1776 1014 ἀκού-

196 1065 350 1113 οντες
373 1049 466 1102 τοῦ
497 1050 748 1118 λέγοντος
776 1068 789 1082 ⁸
833 1052 1087 1119 Ἀγαθὸν
1109 1053 1196 1121 μὴ
1221 1053 1533 1118 εὔξασθαι,
1592 1052 1631 1122 ἢ
1673 1053 1774 1107 εὔ-

197 1141 419 1204 ξασθαι
453 1142 550 1194 καὶ
573 1142 659 1211 μὴ
693 1142 1044 1200 ἀποδοῦναι.
1074 1175 1144 1185 ——-
1182 1145 1331 1214 Οὐχὶ
1355 1147 1545 1214 μένον
1599 1145 1777 1215 ἐμενέ

195 1249 316 1297 σοι,
343 1234 512 1305 φησί;
567 1235 626 1288 Τί
654 1234 740 1288 ὅτι
773 1236 1015 1303 ἐψεύσω
1048 1236 1131 1301 τῷ
1160 1237 1459 1305 Πνεύματι
1489 1236 1569 1302 τῷ
1593 1239 1774 1306 ἁγίῳ;

196 1326 309 1378 Καὶ
336 1325 396 1376 τὸ
432 1322 559 1393 ἑξῆς
583 1326 817 1395 πάρειμι
850 1325 938 1378 διά
965 1325 1026 1378 τό
1059 1326 1365 1397 δύσφημον.
1397 1329 1505 1381 Kal.
1559 1328 1658 1398 οὐχ
1689 1327 1774 1380 ὅτι

193 1418 688 1486 καταφρονητικῶς
717 1418 824 1488 ἔχω
855 1419 954 1489 τῆς
983 1419 1171 1482 παιδός
1203 1436 1218 1451 ’
1254 1421 1507 1490 φείδομαι
1537 1423 1645 1492 γὰρ
1674 1422 1773 1474 αὐ-

195 1509 318 1578 τῆς,
354 1510 430 1571 ὡς
460 1510 560 1578 τῆς
589 1509 761 1579 κόρης
796 1527 900 1580 μου
932 1509 1026 1562 τοῦ
1068 1511 1347 1582 ὀφθαλμοῦ
1370 1528 1384 1542 ·
1416 1513 1508 1565 καὶ
1550 1512 1616 1567 δι’
1645 1514 1774 1565 ἐαυ-

195 1599 295 1669 τὴν
325 1601 622 1669 ἐφιεμένην
659 1603 724 1652 ἐκ
754 1601 851 1671 τῆς
877 1600 1155 1664 εὐτελείας
1188 1620 1290 1672 μου
1323 1603 1722 1674 θεραπεύεσθαι
1756 1623 1770 1635 ·

194 1691 292 1743 καὶ
330 1691 420 1744 διὰ
456 1691 554 1763 τὴν
596 1693 793 1763 κυρίαν
823 1693 922 1764 τὴν
971 1695 1207 1764 μητέρα,
1243 1696 1310 1765 ἢν
1350 1697 1492 1750 σέϐω
1528 1699 1621 1752 καὶ
1677 1715 1774 1750 πε-

196 1785 396 1852 ριέπω,
427 1783 503 1846 ὠς
530 1783 630 1857 τὴν
659 1785 798 1856 ἐμὴν
829 1786 980 1840 ὁσίαν
1014 1787 1229 1858 μητέρα
1249 1805 1262 1818 ⁸
1320 1787 1455 1841 ἀλλά
1507 1791 1569 1842 τὸ
1601 1791 1772 1860 κρῖμα

1887 607 2036 652 ctum
2092 613 2202 651 non
2257 597 2558 666 perducat,
2611 597 2823 666 judicio
2868 612 3059 666 pcenas
3115 597 3458 660 subiturum,

1885 689 2341 761 quemadmodum
2380 703 2409 741 a
2444 688 2628 742 divino
2653 688 2852 743 Basilio
2883 697 2966 742 est
2993 688 3302 743 definitum.

1959 781 2058 834 Hic
2115 795 2248 834 vero
2297 780 2459 833 etiam
2521 793 2658 847 opus
2708 779 3110 846 quodammodo
3160 781 3458 848 processit,

1887 874 2251 928 deliberatum
2301 887 2398 941 per
2425 871 2846 941 postulationem
2895 872 3249 940 divinumque
3295 889 3460 940 spon-

1885 967 2118 1020 sionem.
2152 966 2364 1020 Parcite
2409 964 2596 1035 igitur,
2645 965 3004 1030 dilectissimi,
3051 965 3105 1017 in
3158 966 3320 1019 rebus
3364 967 3464 1019 bu-

1882 1060 2122 1131 jusmodi
2159 1059 2349 1114 ludere
2379 1077 2390 1112 :
2423 1059 2709 1113 audientes
2741 1059 2892 1112 illum
2930 1061 3023 1128 qui
3059 1060 3192 1114 dicit
3227 1079 3237 1114 :
3273 1058 3462 1112 Melius

1885 1161 1961 1205 est
1993 1167 2095 1204 non
2125 1166 2324 1212 vovere,
2360 1166 2519 1219 quam
2557 1159 2670 1218 post
2700 1158 2875 1203 votum
2905 1151 3164 1217 promissa
3208 1167 3306 1202 non
3344 1153 3462 1203 red-

1883 1247 2003 1300 dere
2055 1246 2119 1298 ⁷⁵.
2151 1273 2218 1284 --
2253 1241 2442 1296 Nonne
2494 1258 2712 1295 manens
2765 1241 2859 1294 tibi
2910 1243 3193 1307 manebat,
3254 1242 3465 1310 inquit?

1883 1353 2046 1408 quare
2078 1338 2324 1390 mentitus
2356 1351 2407 1388 es
2434 1334 2658 1401 Spiritui
2684 1333 2967 1387 sancto”?
3000 1333 3064 1386 Et
3096 1335 3241 1402 quod
3276 1334 3462 1402 sequi-

1884 1435 1991 1493 tur,
2032 1427 2278 1480 borroris
2317 1439 2478 1478 causa
2520 1423 2895 1492 practermitto.
2940 1422 3128 1491 Neque
3173 1424 3288 1477 haec
3318 1423 3461 1484 dico,

1883 1519 2028 1588 quod
2060 1517 2298 1588 puellam
2326 1530 2620 1585 asperner;
2655 1530 2818 1585 parco
2851 1514 2996 1568 enim
3030 1515 3126 1579 illi,
3157 1525 3216 1568 ut
3246 1515 3461 1584 pupilla

1881 1612 2026 1668 oculi
2077 1611 2182 1664 mei
2219 1630 2232 1664 :
2268 1620 2382 1664 tum
2416 1610 2588 1678 ipsrus
2627 1624 2810 1674 causa,
2843 1625 2967 1663 cum
3009 1625 3038 1662 a
3085 1609 3462 1663 mediocritate

1881 1719 2001 1757 mea
2035 1710 2258 1770 exoptet
2292 1700 2618 1766 remedium,
2651 1709 2763 1755 tum
2806 1700 3045 1753 Dominae
3079 1701 3268 1753 matris
3296 1717 3458 1769 quam

1883 1811 2115 1851 VCDCI‘OI‘
2142 1804 2196 1848 Θῐ
2225 1794 2346 1847 6010
2374 1803 2629 1862 tanquam
2672 1801 2913 1847 sanctam
2956 1802 3185 1848 matrem
3230 1809 3407 1847 meam
3444 1814 3456 1845 ἒ

191 1873 484 1941 δεδοικὼς,
532 1874 895 1946 ὂπαρασταίη
927 1877 985 1929 ἐν
1038 1879 1221 1947 ἡμέρα
1286 1878 1518 1948 κρίσεως
1571 1881 1777 1950 ἑκάστῳ

1888 1888 1980 1940 sed
2010 1885 2275 1956 judicium
2319 1884 2706 1948 reformidans,
2742 1883 2882 1952 quod
2935 1884 2990 1937 in
3026 1885 3114 1938 die
3141 1884 3326 1954 judicii
3374 1900 3462 1954 pa-

191 1968 273 2038 τῷ
321 1985 379 2021 τε
403 1968 678 2040 ἐρωτῶντι
743 1970 838 2022 καὶ
889 1969 967 2039 τῷ
1037 1969 1452 2041 ἀποκρινομένῳ
1504 1973 1620 2034 ’ὼς
1687 1974 1782 2025 ὲκ-

193 2060 460 2129 φευκτέον
497 2061 660 2130 μέχρι
690 2061 784 2113 καὶ
813 2060 983 2131 ἀργοῦ
1040 2061 1134 2114 τοῦ
1197 2063 1456 2132 τυχόντος
1513 2066 1780 2136 ῥήματος,

202 2153 280 2226 μὴ
331 2153 527 2206 δώσειν
556 2154 702 2224 ἡμᾶς
731 2152 889 2221 λόγον
922 2153 1000 2223 τῷ
1030 2154 1312 2225 ἀδεκάστῳ
1337 2160 1524 2226 κριτῇ.
1571 2158 1633 2209 Εἰ
1680 2158 1779 2227 μὲν

191 2240 288 2297 οὖν
320 2245 488 2313 μήπω
517 2243 772 2306 ἔζευκται
801 2244 833 2311 η
868 2245 1047 2306 νεᾶνις
1073 2284 1086 2307 ,
1129 2247 1159 2298 ὁ
1202 2246 1365 2308 αὐτὸς
1405 2247 1536 2315 ἡμῖν
1594 2247 1775 2316 λόγος,

193 2336 290 2388 καὶ
313 2335 415 2388 οὐκ
449 2334 609 2395 ἄλλος
653 2333 895 2388 ἐναντίον
926 2334 1062 2388 Θεοῦ
1100 2338 1193 2389 καὶ
1222 2337 1524 2408 ἀνθρώπων
1558 2355 1572 2369 ο
1596 2338 1653 2391 ὃν
1683 2341 1777 2392 καὶ

194 2430 342 2498 ὑμᾶς
371 2427 717 2481 εὐλαϐεῖσθαι
747 2426 944 2497 χρεών.
994 2429 1058 2480 Εἰ
1093 2428 1150 2480 δὲ
1222 2431 1604 2495 συνέζευκται,
1666 2433 1769 2501 φεῦ

192 2520 292 2590 τῆς
324 2520 463 2589 ἐμῆς
495 2520 874 2590 ταλαιπωρίας
906 2519 920 2573 1
952 2518 1249 2590 δηλωτέον,
1285 2523 1380 2574 καὶ
1428 2524 1550 2576 τότε
1601 2523 1773 2578 δώσο-

1883 1986 2061 2031 ratum
2090 1987 2174 2032 est
2205 1976 2500 2046 unicuique
2525 1986 2578 2030 et
2608 1976 2966 2048 interroganti
2993 1985 3046 2030 et
3071 1978 3456 2047 respondenti;

1878 2071 2022 2139 quod
2073 2085 2174 2123 nec
2219 2069 2599 2140 subterfugere
2644 2069 2792 2132 licet,
2840 2071 3132 2138 quominus
3181 2085 3352 2140 usque
3392 2073 3459 2124 ad

1878 2165 2158 2235 quodlibet
2211 2165 2438 2220 verbum
2498 2165 2734 2218 otiosum
2804 2165 3072 2219 rationem
3141 2166 3458 2236 incorrupto

1875 2258 2046 2327 judici
2082 2258 2373 2312 reddamus
2396 2259 2464 2310 ⁷⁷.
2501 2257 2703 2322 Quare,
2752 2257 2795 2311 si
2843 2259 3021 2326 puella
3061 2258 3304 2311 nondum
3345 2275 3458 2311 ma.

1880 2347 2138 2401 trimonio
2172 2357 2253 2402 est
2278 2349 2594 2417 conjuncta,
2636 2349 2741 2402 hoc
2780 2349 2956 2418 ipsum
2991 2349 3222 2403 dicimus
3259 2359 3312 2403 et
3345 2365 3456 2402 non

1881 2439 2029 2494 aliud
2070 2455 2253 2494 coram
2288 2439 2399 2493 Deo
2446 2450 2500 2493 ct
2535 2440 2870 2507 hominibus,
2907 2440 3050 2510 quod
3087 2449 3141 2494 et
3185 2456 3282 2495 vos
3317 2442 3456 2510 inqui

1879 2530 2124 2601 bonique
2166 2532 2457 2585 consulere
2507 2541 2742 2600 oportet.
2798 2530 2892 2585 Sin
2944 2540 3124 2586 autem
3169 2532 3281 2601 jam
3322 2547 3458 2585 con-

197 2630 297 2683 μεν
333 2612 393 2664 τὸ
425 2611 700 2682 ἐπιτίμιον
729 2628 743 2641 ·
779 2611 934 2665 οὐδὲν
956 2612 1065 2681 γὰρ
1100 2612 1476 2684 ἀθεράπευτον
1523 2620 1637 2681 τοῖς
1694 2621 1775 2672 ία-

1883 2625 2063 2693 iuncta
2103 2631 2208 2687 est,
2264 2640 2297 2678 o
2349 2623 2726 2678 infelicitatem
2776 2627 2986 2680 meam!
3037 2625 3457 2694 significandum

194 2706 356 2775 οῆναι
385 2705 750 2776 βουλομένοις.

195 2907 322 2962 NI".
352 2938 420 2947 —
440 2909 722 2980 Στεφάνῳ
749 2911 1134 2981 ἀναγνώστῃ,
1167 2913 1263 2967 καί
1300 2914 1425 2980 τοῖς
1447 2914 1567 2967 σὺν
1590 2913 1767 2979 αὐτῷ.

893 3004 1076 3077 [σνθ’.]

1880 2724 1983 2774 est,
2017 2723 2070 2768 et
2101 2723 2229 2768 tunc
2260 2730 2475 2783 poenam
2524 2717 2874 2787 iujungemus
2909 2735 2919 2767 :
2954 2717 3090 2770 nibil
3131 2717 3278 2772 enim
3311 2719 3458 2771 insa-

1887 2806 2068 2860 nabile
2101 2816 2183 2860 est
2221 2806 2288 2861 iis
2310 2807 2405 2875 qui
2439 2808 2616 2861 sanari
2651 2810 2861 2865 volunt.

1991 2919 2120 2976 Llll.
2153 2953 2220 2963 —
2251 2921 2516 2992 Stephano
2558 2923 2758 2988 lectori,
2794 2933 2841 2976 et
2873 2925 2940 2976 iis
2970 2927 3054 2978 cui
3095 2941 3211 2977 cum
3239 2926 3350 2979 illa.

941 3118 1038 3169 Cur
1058 3132 1082 3166 a
1110 3117 1294 3167 Tarasii
1317 3123 1661 3168 communione
1686 3119 1996 3169 abstinuerit.
2032 3121 2232 3180 (Baron.
2260 3133 2338 3168 an.
2364 3120 2474 3179 809,
2503 3135 2552 3168 n.
2587 3122 2688 3182 45.)

268 3228 582 3297 Γράμματα
610 3225 880 3296 ἐδεξάμην
932 3226 1032 3296 τῆς
1093 3227 1349 3296 θεοζήλου
1384 3228 1606 3297 ἀγάπης
1645 3243 1737 3280 σου
1763 3240 1776 3255 ⁶

1954 3229 2152 3297 Accepi
2201 3228 2410 3284 litteras
2446 3229 2613 3282 Deum
2654 3229 2962 3284 azmulantis
2995 3230 3279 3287 cbaritatis
3314 3242 3414 3287 tuae
3444 3253 3456 3286 :

194 3323 263 3391 τῇ
298 3321 401 3391 μὲν
427 3321 706 3389 ἐπιγραφῇ
739 3319 798 3384 ἐξ
830 3319 948 3381 ἐνὸς
973 3357 988 3383 ,
1021 3321 1086 3389 τῇ
1119 3319 1174 3371 δέ
1203 3319 1431 3388 δυνάμει
1480 3321 1543 3370 ἐκ
1594 3319 1780 3386 διαφό-

198 3430 308 3484 ρων
341 3410 652 3480 προσώπων
700 3409 1101 3479 ἐπεσταλμένα.
1162 3412 1300 3465 Εἴτε.
1335 3411 1465 3478 γοῦν
1515 3412 1574 3477 ἐξ
1638 3412 1775 3474 ἐνὸς,

198 3506 309 3557 εἴτε
350 3506 418 3556 ἐκ
449 3503 729 3568 πλειόνων,
782 3502 1064 3573 ὀφειλέτης
1115 3504 1227 3571 είμὶ
1287 3502 1604 3573 ἐρωτηθεὶς,
1657 3500 1779 3554 καθ’

197 3600 320 3651 ὅσον
345 3591 462 3649 οἷόν
492 3613 550 3648 τε
578 3598 643 3666 τῇ
695 3595 908 3666 ἀμαθίᾳ
943 3613 1071 3665 μου,
1108 3593 1386 3662 ἀξιόλογον
1415 3594 1515 3664 τὴν
1549 3594 1780 3663 ἀπόκρι-

203 3707 286 3744 σιν
316 3689 643 3743 ἀποδοῦναι.
695 3688 900 3742 Ἐκεῖνο
935 3687 992 3741 δέ
1028 3703 1117 3757 μοι
1151 3688 1388 3756 πρῶτον,
1419 3687 1500 3739 ὅτι
1534 3680 1609 3740 ὧν
1640 3703 1776 3738 κατ-

198 3781 488 3852 επαδόμην
553 3781 706 3851 παρὰ
751 3781 850 3851 τῆς
905 3780 1289 3849 πολυυμνήτου
1350 3778 1594 3848 γλώττης
1661 3796 1778 3842 σου,

198 3876 345 3941 ξένος
383 3875 496 3944 ἐγὼ
529 3875 768 3929 ἐπαίνων
797 3874 1124 3945 ἁμαρτωλὸς
1159 3875 1444 3945 ὑπάρχων,
1483 3875 1576 3928 καὶ
1606 3874 1779 3927 ἀκατ-

195 3971 440 4042 όρθωτον
494 3971 586 4023 τὸν
614 3970 728 4040 βίον
759 3970 1120 4040 κεκτημένος.
1151 3969 1288 4022 Είδέ
1326 3987 1379 4021 τι
1408 3969 1620 4038 γέγονε,
1643 3968 1778 4021 Θεοῦ

193 4066 254 4116 τὸ
283 4063 479 4133 δῶρον,
502 4061 591 4116 διά
645 4063 744 4133 μὲν
770 4066 871 4133 τῆς
936 4061 1030 4115 τοῦ
1084 4060 1447 4132 γεννήσαντάς
1500 4079 1566 4130 με
1621 4059 1782 4113 πνεύ-

197 4173 325 4225 ματι
361 4154 579 4226 Πατρὺς
614 4155 1039 4226 κεχαρισμένον,
1097 4154 1166 4207 δι’
1200 4154 1356 4224 ὑμῶν
1391 4152 1449 4206 δὲ
1513 4153 1621 4204 τῶν
1681 4153 1780 4222 τῆς

197 4248 484 4312 εὐσεϐείας
514 4247 762 4319 ἐραστῶν
794 4249 1072 4318 ἱκετηρίας
1103 4248 1237 4318 πρὸς
1295 4248 1356 4299 τὸ
1418 4246 1545 4316 ἑξῆς
1603 4246 1777 4315 φυλα-

196 4341 533 4412 χθησόμενον
573 4341 912 4410 ἀπήμαντον.
963 4339 1224 4409 Δεύτερον
1256 4339 1357 4391 οὐκ
1381 4333 1476 4391 οἷδ’
1506 4340 1656 4400 ὅπως
1683 4337 1780 4406 τὴν

198 4433 495 4504 ἐξηγορίαν
527 4432 828 4503 ποιήσομαι
853 4448 868 4463 ο
897 4429 973 4502 μὴ
1005 4431 1272 4502 εὐκρινῶς
1299 4428 1667 4500 προαχθείσης
1682 4430 1781 4498 τῆς

200 4525 466 4589 πεύσεως.
505 4523 686 4586 Ὅλως
747 4522 809 4575 τὸ
856 4522 1187 4593 ζητούμενον
1225 4523 1304 4583 είς
1362 4515 1650 4591 Ταράσιον’
1688 4519 1780 4572 τὸν

1881 3319 2241 3387 inscriptione
2288 3320 2509 3389 quidem
2573 3332 2830 3391 tanquam
2882 3323 2950 3376 ab
2999 3337 3138 3390 uno;
3191 3327 3460 3379 sententia

1882 3426 2016 3464 vero
2046 3421 2304 3477 tanquam
2333 3427 2361 3464 a
2384 3411 2620 3467 diversis
2647 3415 2867 3467 missas.
2898 3411 3023 3468 Sive
3048 3414 3211 3484 igitur
3232 3416 3300 3469 ab
3327 3433 3457 3478 uno,

1881 3502 1996 3556 sive
2033 3517 2062 3554 a
2108 3502 2386 3570 pluribus,
2419 3503 2592 3556 debeo
2627 3504 3019 3574 interrogatus,
3059 3506 3240 3574 quoad
3287 3507 3458 3574 impe-

1882 3595 2006 3648 ritia
2065 3605 2456 3665 mea-potest,
2523 3597 3079 3665 congruentissimum
3135 3614 3458 3668 responsum

1879 3684 2030 3738 dare.
2063 3684 2306 3738 Primum
2340 3701 2468 3754 ergo
2495 3685 2694 3754 quibus
2739 3701 2825 3740 me
2867 3688 3222 3743 celeberrima
3275 3691 3458 3761 lingua

1883 3785 1973 3828 tua
2019 3774 2273 3830 laudibus
2307 3777 2611 3840 exornavit,
2660 3777 2728 3830 ab
2775 3777 2841 3831 iis
2884 3792 2982 3848 ego
3018 3779 3174 3848 longe
3220 3793 3461 3836 remotus

1882 3883 2024 3930 sum,
2075 3882 2200 3920 cum
2235 3876 2489 3936 peccator
2522 3867 2648 3933 sim,
2704 3878 2761 3921 et
2811 3869 2977 3922 vitam
3029 3884 3184 3937 agam
3235 3872 3459 3923 minime

1882 3947 2229 4015 laudabilem.
2267 3960 2322 4014 Si
2357 3960 2485 4030 quid
2532 3971 2713 4014 autem
2747 3961 2802 4014 in
2841 3977 2926 4016 me
2969 3973 3072 4028 est,
3106 3962 3209 4018 hoc
3242 3964 3333 4018 Dei
3366 3966 3463 4020 do-

1885 4068 2015 4106 num
2051 4063 2155 4116 est,
2193 4053 2314 4121 ejus
2345 4053 2436 4122 qui
2471 4067 2559 4106 me
2606 4052 2803 4122 spiritu
2851 4053 3042 4125 genuit
3069 4052 3247 4109 Patris
3282 4058 3457 4124 preci-

1882 4144 1985 4198 bus
2021 4143 2309 4209 tributum,
2339 4144 2486 4213 quod
2531 4154 2587 4198 et
2625 4145 2820 4199 vestris
2850 4146 2942 4214 qui
2979 4147 3233 4215 pietatem
3277 4149 3458 4201 colitis

1883 4237 2374 4306 supplicationibus
2404 4238 2672 4308 integrum
2703 4237 2967 4309 deinceps
2996 4241 3454 4294 conservandum.

1882 4328 2089 4383 Deinde
2152 4345 2261 4398 quo
2310 4339 2466 4400 pacto
2545 4330 2903 4398 respondeam
2951 4333 3158 4397 nescio,
3226 4334 3459 4388 interro-

1883 4422 2096 4492 gatione
2130 4423 2272 4477 haud
2322 4423 2454 4476 satis
2498 4432 2683 4492 aperte
2715 4425 3006 4493 explicata.
3038 4423 3272 4482 Omnino
3308 4443 3457 4497 quic-

1884 4517 2117 4569 stionem
2154 4516 2219 4569 ad
2271 4511 2560 4568 Tarasium
2615 4516 2744 4569 olim
2778 4518 3143 4587 patriarcbam
3185 4520 3460 4588 pertinere

196 4616 691 4688 πατριαρχὴσαντα
735 4588 1122 4686 περιΐστασθαι
1153 4588 1598 4682 ὐπολελόγισμαι.
1633 4611 1774 4679 Ἐγὼ

1883 4608 2112 4678 conjeci.
2155 4605 2425 4677 Equidem
2475 4608 2575 4662 bac
2626 4608 2693 4663 de
2729 4624 2787 4663 re
2818 4611 3095 4680 proposita
3132 4611 3455 4679 jamdudum

200 4708 298 4776 μὲν
325 4705 418 4762 οὖν
473 4708 569 4761 καὶ
628 4705 868 4760 ἔκπαλαι
928 4707 1058 4776 περ1¹
1109 4703 1204 4756 τοῦ
1251 4704 1616 4774 προτεθέντος
1676 4705 1778 4756 οὐκ

196 4797 414 4868 ἀμελῶς
445 4799 627 4868 ἔσχον,
656 4795 827 4850 πολλὰ
881 4796 1216 4875 συστραφεὶς
1284 4797 1342 4849 ἐν
1383 4794 1626 4865 ἐμαυτῷ,
1683 4793 1780 4846 καὶ

197 4891 594 4963 ἁναθεωρὴσας
624 4890 731 4942 τῶν
771 4891 1118 4959 πραγμάτων
1184 4889 1284 4952 τάς
1345 4889 1620 4951 ἐκϐάσεις.
1667 4889 1778 4941 Καὶ

203 5001 384 5052 μεντοι
417 4984 515 5037 καὶ
548 4982 676 5046 τοὺς
703 4983 842 5056 ὑπὲρ
872 4982 968 5035 τοῦ
1029 4980 1196 5036 καλοῦ
1226 4981 1633 5051 ἐνισταμένους,
1686 4980 1778 5033 καὶ

198 5076 408 5140 πολλοῖς
427 5075 642 5148 χρόνοις
667 5074 1143 5146 τληπαθήσαντας,
1167 5077 1223 5127 ἐν
1243 5075 1449 5144 ἐπαίνῳ
1474 5075 1568 5128 καὶ
1589 5073 1778 5126 ἀποδο-

198 5168 294 5238 xi;
310 5167 453 5238 λόγῳ
473 5168 583 5238 ἔχω
610 5184 623 5197 '
639 5169 698 5220 οὑ
721 5169 826 5238 μὴν
847 5169 1215 5233 παντάπασιν,
1247 5167 1322 5231 ὡς
1345 5166 1600 5236 δηλώσων
1627 5165 1777 5236 ἔρχου

203 5280 318 5331 μαι,
341 5263 511 5316 καὶτὸ
528 5260 1236 5333 κτήσασθαιὸμογνώμονας
1250 5260 1496 5329 ἐφίεμαι.
1525 5258 1646 5321 Πῶς
1666 5258 1774 5326 γὰρ

199 5351 280 5416 οὓ,
314 5352 669 5424 τηλικούτους
713 5351 998 5421 ἀνδρικοὺς
1040 5350 1126 5403 ἐπ’
1157 5350 1407 5420 εὐσεϐείᾳ
1428 5390 1442 5414 ,
1477 5347 1725 5418 δεδειγμέ
1755 5377 1780 5387 -

201 5461 321 5508 νους
345 5463 360 5510 ;

279 5537 440 5591 Ἀλλά
470 5538 612 5610 μετά
638 5537 736 5592 τοῦ
765 5540 864 5609 τῆς
893 5538 1153 5609 ἀληθείας
1181 5537 1343 5604 λόγου
1369 5578 1381 5600 ,
1419 5536 1512 5589 καὶ
1556 5535 1655 5604 τῆς
1694 5534 1779 5586 ἐν-

201 5626 493 5701 δεχομένης
539 5630 634 5683 καὶ
683 5630 1069 5700 προσηκούσης
1114 5630 1416 5698 δυνάμεως.
1474 5625 1780 5695 Τοιγαροῦν

203 5713 302 5773 ὦδε
345 5724 546 5795 φαίημι
581 5742 596 5758 ο
648 5725 713 5777 Τί
749 5725 809 5776 τὸ
851 5724 948 5793 τὴν
986 5723 1252 5794 διαφορὰν
1312 5721 1448 5792 πρὸς
1505 5719 1779 5788 Ταράσιον

274 5831 320 5863 ⁷⁸
340 5832 521 5891 Eccle.
549 5855 596 5901 ν,
635 5838 687 5892 4.
764 5838 948 5891 "Ach.
991 5854 1041 5902 ι’,
1072 5836 1124 5900 5,
1157 5836 1208 5888 4.
1288 5836 1327 5866 ⁷⁷
1355 5834 1545 5889 Matth.
1581 5851 1676 5902 χιι,
1717 5833 1807 5888 '50.

1878 4717 1986 4755 non
2021 4701 2140 4754 sine
2173 4715 2305 4755 cura
2355 4700 2457 4765 fui,
2506 4701 2680 4754 multa
2727 4717 2938 4757 mecum
2991 4704 3176 4758 animo
3208 4719 3456 4767 versans,

1878 4801 1933 4846 et
1967 4793 2059 4862 qui
2091 4791 2312 4848 futurus
2364 4803 2507 4849 esset
2558 4810 2743 4849 rerum
2793 4804 3026 4849 eventus
3074 4796 3455 4850 considerans.

1880 4884 2013 4939 Nam
2062 4899 2160 4940 eos
2185 4893 2354 4950 certe,
2388 4887 2480 4955 qui
2521 4901 2622 4956 pro
2677 4897 2828 4942 recto
2855 4887 3227 4954 decertarunt,
3276 4895 3331 4941 et
3361 4888 3456 4942 diu

1879 4979 2063 5049 gravia
2097 4979 2340 5047 perpessi
2373 4988 2521 5042 sunt,
2565 4994 2898 5049 magnopere
2930 4981 3094 5034 laudo
3129 4988 3184 5035 et
3215 4981 3456 5050 comple-

1879 5078 2188 5123 ctorznon
2241 5078 2426 5123 tamen
2487 5086 2902 5141 usquequaque,
2957 5082 3016 5126 ut
3076 5087 3200 5126 mox
3257 5073 3454 5136 dicam,

1879 5158 2287 5212 consentientes
2312 5173 2408 5213 eos
2432 5159 2635 5214 habere
2657 5162 2841 5214 velim.
2866 5162 3063 5226 Quidni
3089 5171 3272 5215 autem
3291 5162 3313 5214 ἶ)
3333 5176 3456 5214 cum

1880 5253 2018 5303 adeo
2050 5259 2301 5305 strenuos
2328 5267 2386 5305 se
2416 5266 2513 5320 pro
2542 5252 2746 5321 pietate
2774 5253 3128 5321 praebuerint.

1953 5537 2057 5592 Sed
2094 5546 2274 5594 tamen
2313 5554 2434 5595 cum
2471 5540 2714 5597 veritatis
2747 5544 2936 5606 verbo,
2963 5551 3017 5598 et
3040 5552 3314 5612 quatenus
3342 5542 3458 5596 fieri

1881 5631 2004 5685 licet
2037 5640 2090 5685 et
2120 5633 2396 5686 convenit.
2428 5631 2498 5687 Ut
2536 5647 2666 5704 ergo
2690 5633 2754 5687 ad
2783 5649 2899 5687 rem
2931 5635 3174 5696 veniam,
3211 5649 3457 5703 quamam

1882 5740 2044 5781 causa
2069 5723 2171 5777 fuit
2199 5739 2294 5778 cur
2327 5741 2355 5777 a
2389 5723 2613 5780 Tarasio
2645 5725 3109 5781 dissenserimus?
3141 5724 3333 5780 Fides?
3361 5727 3452 5777 At-
