4008 6318
201 392 336 456 1105

1424 390 1963 452 EPISTOLARUM
2002 392 2144 448 LIB.
2179 390 2227 448 Ι.

3315 393 3447 456 1106

199 524 335 576 μασι
372 501 707 573 χειροτονίας
728 519 740 532 ·
789 502 885 555 καὶ
911 501 978 553 δι’
1011 501 1143 556 ἄλλα
1170 500 1295 553 τινὰ
1316 502 1628 571 ζητήματα.
1672 501 1771 554 Ἂν

1876 501 2144 563 fecerunt,
2174 498 2244 552 ob
2279 503 2610 565 susceptam,
2650 505 2709 550 ut
2766 495 2898 564 ipsis
2933 494 3109 550 visum
3141 507 3245 563 est,
3285 514 3448 565 pecu-

192 597 358 649 τοῦτὸ
378 614 438 661 γε
466 594 610 647 οὕτω
639 595 818 665 δοκοίη
856 591 915 648 εὖ
949 595 1092 663 ἔχειν
1138 595 1230 646 καὶ
1283 596 1409 665 ὑμῖν
1443 611 1455 622 ·
1488 595 1580 646 καὶ
1635 594 1772 664 πρὸς
1819 589 1822 591 λ

190 687 257 740 τὸ
294 687 420 754 ἑξῆς
455 684 802 754 βαδιοὺμεθα.
836 684 1021 736 Ταῦτα
1051 684 1158 752 γὰρ
1206 685 1300 736 καὶ
1335 684 1442 737 ἀπὸ
1495 685 1770 753 Ταρασίου

193 777 368 848 μέχρι
406 778 498 830 τοῦ
531 776 689 846 δεῦρο
717 778 1062 846 λεχθήσεται.
1095 777 1158 829 Τί
1189 778 1244 830 δὲ
1266 777 1325 829 τὸ
1353 778 1729 846 συμπέρασμα
1755 793 1768 838 ;

189 870 271 922 Τὸ
300 870 408 922 ἀπὸ
444 869 643 931 παντὸς
677 868 869 937 ίερέως
907 868 1264 938 ἀδιαὸλήτου,
1303 869 1441 920 κατὰ
1471 868 1562 921 τὸν
1589 867 1774 920 Θεολό-

189 978 291 1028 γον
322 963 414 1015 καί
436 961 842 1033 Χρυσόπομον,
881 961 1151 1030 μετέχειν.
1188 961 1244 1013 '0
1275 962 1379 1029 μὲν
1409 961 1535 1031 γὰρ,
1567 960 1731 1029 φησίν
1755 976 1768 992 ο

193 1056 384 1108 Ἔστω
433 1070 514 1107 σοι
551 1055 656 1117 πᾶς
685 1053 997 1116 ἀξιόπιστος
1029 1055 1108 1115 εἰς
1147 1048 1247 1121 τὴν
1282 1051 1574 1122 κάθαρσιν,
1611 1051 1771 1121 μόνον

186 1145 338 1197 ἔστω
398 1161 483 1207 τις
545 1145 654 1197 τῶν
714 1142 1000 1217 ἐγκρίτων,
1053 1142 1148 1196 καὶ
1197 1141 1271 1213 μὴ
1327 1143 1604 1212 προδήλως
1651 1158 1774 1195 κατ-

184 1238 575 1306 εγνωσμένων,
596 1237 730 1306 μηδὲ
761 1237 870 1288 τῶν
886 1235 982 1303 τῆς
1005 1234 1237 1297 πίστεως
1254 1233 1569 1304 ἀλλοτρίων.
1608 1235 1667 1286 '0
1687 1233 1766 1296 δὲ,

187 1328 600 1398 ιΙεριεργὰζου,
629 1327 1072 1397 πολυπραγμόνει
1095 1344 1108 1358 ⁸
1167 1327 1227 1378 οὐ
1291 1307 1398 1396 γαρ
1435 1326 1768 1394 ἀκίνδυνοςή

183 1419 545 1484 ἁνεξέταστος
579 1420 854 1474 κοινωνία.
892 1419 1028 1490 Περὶ
1059 1417 1165 1489 γάρ
1199 1416 1454 1488 μεγάλων
1505 1420 1533 1470 ό
1591 1418 1771 1471 κίνδυ-

185 1529 305 1576 νος.

273 1773 698 1845 Ἐκζητὴσωμεν
751 1774 929 1828 τοίνυν
983 1776 1077 1828 καὶ
1148 1775 1767 1845 πολυπραγμονὴσωμεν

1875 592 2102 646 niariam
2130 589 2550 650 ordinationem,
2579 598 2632 642 et
2665 587 2794 643 alias
2817 588 3075 657 quasdam
3099 589 3446 658 quaestiones.

1877 683 1932 736 Si
1968 684 2072 737 hoc
2096 682 2253 737 vobis
2296 680 2486 747 etiam,
2524 690 2670 737 recte
2721 680 2922 734 habere
2968 679 3252 734 videatur:
3285 681 3352 734 ad
3385 694 3450 736 ea

1875 791 1995 845 quae
2032 782 2333 843 sequuntur
2359 786 2666 842 pergamus.
2705 770 2963 825 Dicentur
2992 771 3140 825 enim
3175 781 3227 826 οι
3247 787 3308 825 ea
3330 788 3451 841 qua:

1876 874 1998 936 post
2031 866 2313 920 'l‘arasium
2345 865 2452 919 huc
2482 879 2672 934 usque.
2701 862 2840 928 Quid
2868 872 3047 918 autem
3071 880 3140 918 ex
3179 865 3263 918 his
3297 865 3449 918 colli-

1873 959 2054 1030 gitur?
2084 959 2154 1014 Ut
2182 976 2211 1012 a
2241 973 2569 1028 quocunque
2601 958 2882 1012 sacerdote
2914 957 3004 1027 qui
3023 957 3448 1027 reprehensione

1873 1061 2048 1117 vacet,
2081 1066 2145 1105 ex
2175 1049 2438 1121 Theologi
2461 1058 2516 1103 et
2541 1049 2911 1120 Chrysostomi
2963 1049 3254 1112 sententia,
3300 1064 3368 1102 ne
3399 1057 3450 1102 te

1874 1158 2151 1213 segreges.
2183 1142 2319 1196 Nam
2367 1142 2457 1196 ille
2509 1140 2728 1210 quidem
2764 1141 2840 1194 ait
2872 1157 2883 1191 :
2936 1139 3173 1206 Quilibet
3212 1141 3304 1194 tibi
3333 1141 3450 1194 ido-

1873 1249 2010 1289 neus
2037 1244 2155 1289 esto
2173 1234 2239 1288 ad
2268 1234 2669 1305 purgationem,
2701 1233 3000 1287 dummodo
3031 1232 3102 1286 sit
3149 1247 3214 1286 ex
3250 1233 3447 1302 probo—

1873 1344 1993 1383 rum
2027 1342 2276 1392 numcro,
2305 1342 2415 1381 non
2446 1342 2510 1382 ex
2537 1327 2808 1380 damnatis
2835 1325 3146 1389 manifesto,
3174 1342 3354 1395 neque
3384 1342 3449 1380 ex

1873 1418 1940 1472 iis
1969 1419 2060 1487 qui
2092 1433 2121 1472 a
2152 1417 2257 1471 ﬁde
2286 1427 2414 1472 sunt
2443 1417 2631 1470 alieni.
2673 1416 2772 1472 Hic
2802 1430 2933 1471 vero
2970 1416 3085 1469 ait:
3120 1415 3353 1488 rSatage,
3394 1425 3451 1471 et

1871 1507 2031 1561 anxie
2053 1504 2306 1576 inquire:
2343 1521 2450 1559 non
2484 1506 2628 1558 enim
2680 1505 2924 1574 periculo
2970 1514 3126 1560 vacat
3175 1522 3296 1574 qua:
3331 1507 3448 1560 sine

1876 1598 2232 1668 inquisitione
2292 1597 2352 1652 ﬁt
2397 1598 2733 1653 communio.
2788 1597 2861 1652 De
2909 1613 2966 1653 re
3007 1599 3207 1669 quippe
3254 1615 3446 1670 magna

1871 1691 2199 1761 periculum.

1943 1783 2332 1852 Investigemus
2384 1798 2514 1853 ergo
2565 1791 2620 1836 et
2676 1782 2907 1836 sollicite
2953 1782 3125 1836 simus
3164 1798 3287 1837 cum
3338 1799 3447 1852 quo

183 1866 320 1935 παρ’
355 1859 418 1917 οὗ
454 1865 743 1933 ὀφείλομεν
783 1865 1113 1933 κοινωνῆσαι
1149 1880 1164 1894 ·
1202 1865 1250 1918 εί
1287 1865 1387 1934 τὴν
1420 1865 1604 1916 πίστιν
1636 1866 1767 1932 ὀμο-

1876 1874 2032 1927 nobis
2054 1873 2566 1927 communicandum
2618 1872 2706 1937 sit,
2736 1887 2864 1924 num
2893 1881 3096 1926 rectam
3131 1871 3288 1925 ﬁdem
3320 1889 3446 1941 pru-

182 1951 379 2021 λογοίη
403 1951 592 2022 ὀρθὴν,
625 1954 673 2003 εἰ
705 1951 779 2021 μὴ
805 1953 1050 2022 χρήμασι
1095 1954 1534 2023 κεχειροτόνηται
1562 1969 1576 1984 ο
1618 1955 1666 2005 εί
1693 1955 1766 2023 μή

183 2060 236 2095 τι
295 2043 428 2097 ἄλλο
465 2042 586 2096 τῶν
626 2043 768 2096 κατά
819 2044 910 2096 τὸν
949 2043 1062 2113 βίον
1089 2045 1256 2096 αὑτοῦ
1309 2044 1769 2114 ὑποπτευομένων

183 2135 281 2188 καὶ
313 2134 676 2204 ἡκουσμένων
707 2132 1018 2202 σφαλερῶν,
1048 2132 1271 2204 ἀληθές.
1301 2135 1363 2186 El
1422 2134 1477 2186 δὲ
1531 2134 1613 2188 ὅτι
1670 2131 1770 2202 τὴν

183 2229 534 2297 χειροτονίαν
587 2228 968 2298 καταγομένην
1000 2228 1111 2298 ἔχει
1146 2227 1255 2280 ἀπὸ
1279 2227 1373 2280 τοῦ
1403 2227 1596 2292 δεῖνος,
1657 2228 1768 2279 εἴτε

185 2317 247 2382 ἐξ
300 2316 606 2388 αίρετικοῦ,
642 2320 751 2371 εἴτε
779 2321 842 2371 ἐκ
872 2319 1502 2389 χρηματοχειροτονήτου
1527 2334 1540 2347 °
1607 2317 1772 2380 αὐτὸς

182 2410 240 2464 δὲ
271 2409 401 2464 οὔτε
458 2411 754 2481 αἱρετικὸς,
789 2410 914 2464 οὗτε
958 2413 1014 2464 ὲν
1058 2411 1259 2479 γνώσει
1314 2413 1380 2463 ἐκ
1427 2411 1770 2482 χρηματολή-

186 2519 349 2563 πτου,
382 2502 482 2555 εἴτ’
529 2502 622 2556 οὖν
671 2501 1025 2572 Σιμωνιανοῦ,
1059 2503 1570 2572 κεχειροτονημένος
1595 2519 1608 2533 ·
1640 2505 1769 2572 ὁμο-

185 2595 375 2665 λογοίη
405 2597 448 2647 δ’
484 2596 635 2664 ὅμως
659 2596 758 2665 τὴν
787 2598 966 2648 πᾶσαν
999 2595 1279 2666 ἀλήθειαν,
1338 2596 1437 2665 τήν
1478 2611 1538 2647 τε
1586 2595 1770 2648 πίστιν

186 2685 482 2752 φυλάττειν
513 2685 606 2737 καὶ
631 2687 754 2748 τοὺς
790 2686 1019 2749 κανόνας
1042 2685 1469 2757 ἀπαρατρώτους
1498 2703 1514 2719 ·
1541 2687 1668 2752 τούς
1700 2705 1761 2741 τε

187 2777 312 2830 κατ’
369 2776 666 2847 ἀμφότερα
690 2777 1253 2849 παρατετραμμένους
1285 2777 1725 2848 ἀποϐαλλόμενος
1752 2796 1766 2809 ο

186 2869 369 2932 οὐδεὶς
409 2871 540 2939 ἡμῖν
568 2868 719 2936 λόγος
746 2869 958 2938 ἀποχῆς
1011 2869 1145 2939 προς
1170 2869 1351 2921 αὐτόν.
1420 2870 1769 2938 ’Δκατάγνω-

190 2974 314 3020 στος
363 2957 529 3026 γᾶρὸ
566 2956 803 3020 τοιοῦτος
863 2956 1001 3009 κατά
1066 2958 1190 3019 τοὺς
1254 2957 1769 3027 προδεδηλωμένους

189 3049 406 3114 ἁγίους,
445 3048 540 3099 καὶ
580 3047 644 3100 δι’
672 3045 851 3100 αὐτῶν
899 3047 1042 3100 κατὰ
1086 3047 1319 3110 πάντας.
1377 3045 1536 3100 Οὕτω
1589 3048 1769 3099 τοίνυν

185 3142 282 3194 καὶ
322 3139 714 3207 κοινωνοῦμεν,
758 3141 852 3192 καὶ
877 3138 1004 3209 ὑμῖν
1033 3139 1202 3192 ταυτδ
1235 3143 1406 3192 ποιεῖν
1463 3138 1767 3208 συμϐεϐου-

186 3231 433 3302 λεύμεθα
468 3231 626 3304 [αρε.
664 3231 784 3286 cod.
833 3233 880 3284 εἰ
933 3233 1032 3285 οὐκ
1062 3231 1428 3301 ἀκουσόμεθα,
1460 3233 1505 3285 si
1544 3247 1645 3284 non
1674 3248 1772 3284 au-

186 3323 362 3396 ditis].
403 3324 560 3377 Ἐπεὶ
581 3325 627 3376 εί
660 3324 1045 3395 περισσότερον
1074 3323 1422 3394 διηρεύνηται
1443 3323 1748 3394 ,ἀποκρούε

188 3431 279 3468 ται
306 3415 432 3485 μὲν,
469 3414 546 3476 ὡς
595 3413 883 3478 δέδεικται,
914 3414 983 3468 τά
1010 3413 1118 3467 τῶν
1148 3415 1406 3485 Πατέρων
1459 3413 1773 3483 παραγγέλ-

193 3525 341 3578 ματα
375 3523 388 3537 ο
427 3506 754 3576 ὲκλιμπάνει
790 3506 846 3559 δὲ
892 3505 1144 3559 τοσοῦτον
1191 3505 1253 3558 τὸ
1317 3506 1415 3576 τῆς
1473 3505 1773 3575 ἱερωσύνης

188 3599 387 3671 δῶρον,
417 3597 506 3667 ἐφ’
534 3590 652 3665 ᾧτὸ
668 3597 987 3670 Χριστιανοὶ
1019 3595 1303 3650 καλεῖσθαι
1335 3596 1531 3666 ἔχομεν
1552 3610 1567 3625 ο
1596 3595 1670 3659 ὡς
1693 3597 1773 3659 είς

193 3690 416 3760 ἐθνικὴν
446 3689 596 3759 ἡμᾶς
645 3689 974 3757 μεταπεσεῖν
1017 3686 1274 3759 λατρείαν
1304 3702 1317 3715 ·
1351 3687 1487 3756 ὅπερ
1545 3686 1768 3740 ἄτοπον.

192 3780 337 3850 Πρὸς
367 3779 430 3832 τό
456 3795 520 3847 γε
553 3779 650 3832 καὶ⁵
679 3779 1164 3850 ἀκριὸευομένους,
1191 3775 1333 3831 οὕτω
1363 3776 1499 3846 μηδὲ
1522 3779 1579 3829 έν
1611 3775 1772 3829 Δύσει

191 3871 289 3924 καὶ
323 3870 588 3940 Ἀνατολῇ
617 3869 984 3940 ἀφικομένους
1019 3869 1294 3937 εὑρίσκειν
1317 3868 1376 3921 τὸ
1400 3867 1735 3939 ζητούμενον
1756 3906 1770 3932 ,

190 3961 579 4033 ἀναδρομάδην
609 3961 1055 4033 καθαιρουμένων
1088 3960 1306 4016 πάντων
1323 3959 1412 4013 διὰ
1459 3959 1560 4030 τῆς
1605 3960 1772 4031 ἀλλη-

191 4055 388 4124 λούχου
450 4053 987 4124 συλλειτουργήσεως
1015 4067 1028 4082 ⁶
1110 4051 1300 4122 ἐπειδὴ
1348 4051 1640 4122 προφανῶς
1695 4051 1772 4121 τῷ

205 4146 502 4218 Ῥωμαίων
531 4145 778 4217 προέδρῳ
813 4147 902 4199 ἐπὶ
931 4145 1206 4217 Ταρασίου
1238 4145 1663 4215 συνιεράτευσαν
1717 4147 1765 4196 οξ

193 4241 257 4294 ἑκ
287 4240 462 4293 τῶνδε
481 4239 888 4309 ἀποκρισιάριοι
905 4237 1303 4301 ἀποσταλέντες
1325 4252 1338 4267 ·
1364 4236 1615 4289 κάκείνου
1632 4236 1772 4305 τάχα

193 4335 305 4396 τοῖς
324 4332 428 4402 τῆς
471 4329 644 4400 Έῲας
670 4346 687 4364 ο
705 4330 799 4385 καὶ
827 4330 1032 4401 φροῦδα
1054 4328 1299 4384 ἐντεῦθεν
1320 4329 1389 4382 τὰ
1416 4328 1516 4398 τῆς
1546 4327 1772 4398 ίερωσύ-

193 4444 290 4496 νης
321 4441 334 4454 ·
363 4424 393 4479 δ
423 4421 913 4494 ἀπαγορεύσαντες
967 4421 1205 4488 πάντως,
1253 4419 1660 4489 καταδεξόμεθα
1713 4421 1772 4471 ἐν

194 4518 270 4587 τῷ
322 4513 720 4586 προειρημένῳ
769 4513 911 4567 κατά
971 4513 1101 4577 τοὺς
1152 4511 1337 4581 ἁγίους
1398 4511 1582 4580 μέτρῳ
1639 4509 1770 4579 στῆ·
1797 4513 1849 4572 D

203 4626 413 4751 ηΧιότι
445 4694 623 4749 πολλὰ
652 4693 851 4764 συνέϐη
885 4693 982 4746 καὶ
1016 4691 1303 4762 συμϐαίνει
1329 4691 1556 4744 τοιαῦτα
1587 4707 1769 4759 παρα-

194 4792 470 4860 πτώματα
502 4789 563 4840 ὲν
585 4789 650 4858 τῇ
685 4785 985 4856 Ἐκκλησία
1010 4800 1024 4812 ·
1047 4783 1084 4837 ἀ
1103 4783 1278 4845 οὐδεὶς
1301 4783 1409 4835 τῶν
1461 4781 1633 4850 ἁγίων
1680 4780 1771 4833 εὖο

200 4897 357 4951 ρηται
393 4877 545 4933 οὕτω
570 4877 954 4948 διερευνήσας·
989 4877 1071 4929 ὅτι
1096 4873 1236 4945 μηδὲ
1264 4868 1480 4936 οἷόντε,
1509 4871 1634 4925 οὔτε
1665 4871 1773 4942 μὴν

195 4972 463 5025 ἐκδέδωκε
501 4968 790 5038 φυλάττειν
820 4969 988 5038 ἡμᾶς.
1023 4967 1176 5036 Ἔχει
1229 4965 1326 5035 μὲν
1377 4963 1531 5017 ταῦθ’
1577 4961 1770 5025 οὕτως.

197 5065 334 5134 Περὶ
364 5063 424 5115 δὲ
449 5061 549 5115 τοῦ
584 5060 1042 5131 προύργιαίτερον
1077 5059 1210 5128 ἡμῖν
1233 5054 1374 5111 εἶναι
1426 5055 1525 5122 τῆς
1589 5072 1775 5125 μοιχο-

197 5153 441 5225 κυρώτου
471 5151 694 5205 συνόδου
726 5152 823 5221 τὴν
848 5149 968 5203 καθ’
1001 5150 1148 5219 ἡμᾶς
1192 5145 1339 5219 [cod.
1402 5145 1538 5216 Reg.
1585 5146 1727 5215 ὑμᾶς
1755 5143 1773 5216 ]

199 5247 448 5303 ἔνστασιν
483 5286 500 5311 ,
561 5245 886 5314 τεθαύμακα
972 5242 1214 5304 ἀκούσας
1254 5256 1267 5271 ·
1331 5240 1587 5294 τοσοῦτον
1665 5238 1774 5308 γὰρ

200 5341 597 5412 προτιμοτέρα,
625 5338 750 5391 ὅσον
781 5334 1144 5405 ἀποστολικῆς
1174 5333 1358 5404 φωνῆς
1379 5335 1412 5403 ἡ
1496 5331 1771 5402 Κυριακή.

272 5519 380 5574 Καὶ
408 5518 566 5572 οὔπω
594 5515 735 5584 λέγω
762 5515 842 5568 ὅτι
867 5514 1136 5584 Ταράσιος
1158 5511 1255 5564 οὐκ
1277 5509 1538 5581 ἐκήρυξεν
1562 5509 1619 5562 ἐν
1647 5508 1780 5578 χρή-

209 5630 336 5681 μασι
365 5609 810 5684 χειροτονεῖσθαι.
860 5607 1020 5661 ’Λλλά
1050 5606 1144 5661 καὶ
1174 5607 1298 5667 τοὺς
1342 5602 1615 5665 τοιούτους
1646 5605 1778 5671 ὁμο-

206 5702 374 5771 λογῶν
408 5704 484 5774 μὴ
511 5699 766 5771 δέχεσθαι
802 5700 942 5753 κατά
975 5698 1033 5752 τὸ
1065 5695 1364 5768 προφανές·
1395 5688 1495 5748 ὦδε
1524 5695 1576 5748 δὲ
1606 5695 1781 5763 δόγμα

210 5793 346 5846 κατά
367 5809 422 5847 τε
460 5792 552 5847 τοῦ
587 5790 944 5860 Εὐαγγελὶου,
983 5789 1075 5844 τοῦ
1123 5805 1179 5842 τε
1213 5787 1544 5858 Προδρόμου,
1583 5786 1691 5841 τῶν
1721 5801 1777 5837 τε

1874 1962 2129 2027 iitcatur;
2162 1978 2292 2015 num
2317 1961 2546 2031 pecunia
2578 1962 2648 2016 sit
2670 1962 2953 2015 ordinatus
2980 1980 2992 2026 ;
3023 1962 3266 2032 nunquid
3299 1964 3448 2016 aliud

1871 2069 2082 2118 eorum,
2113 2069 2234 2122 qua:
2266 2053 2417 2106 illum
2450 2052 2503 2104 in
2568 2053 2675 2107 vita
2710 2053 3051 2107 commisisse
3091 2054 3174 2106 vel
3213 2054 3450 2122 suspicio

1873 2146 1956 2199 vel
1984 2145 2122 2199 fama
2167 2153 2274 2206 est,
2321 2160 2511 2199 verum
2540 2144 2628 2199 sit.
2663 2142 2717 2197 Si
2766 2154 2946 2197 autem
2992 2144 3118 2213 quia
3156 2145 3448 2200 deductam

1873 2233 2036 2287 habet
2059 2232 2460 2286 ordinationem
2493 2232 2560 2286 ab
2590 2231 2773 2301 aliquo
2803 2233 3061 2286 haeretieo
3093 2250 3188 2288 seu
3228 2250 3322 2304 per
3353 2252 3447 2304 pe-

1872 2323 2089 2377 cuniam
2119 2323 2368 2377 ordinato
2398 2339 2411 2385 ;
2447 2337 2571 2376 cum
2602 2322 2719 2391 ipse
2752 2322 2974 2375 interim
3013 2338 3114 2378 nec
3159 2324 3450 2378 hmrctieus

1873 2413 2072 2478 sit,uee
2092 2412 2273 2468 sciens
2297 2414 2578 2468 ordinatus
2595 2415 2662 2468 ab
2686 2415 2904 2469 homine
2930 2416 3446 2485 pceuniacorrupto,

1872 2505 1925 2559 id
1953 2515 2036 2560 est
2068 2503 2410 2560 Simoniaco:
2442 2522 2659 2562 omnem
2691 2514 2871 2561 autem
2904 2508 3258 2562 veritatemet
3290 2509 3447 2563 ﬁdem

1873 2605 1928 2650 et
1959 2610 2196 2650 canones
2229 2596 2466 2652 illibatos
2499 2612 2717 2652 servare
2757 2599 3095 2667 protiteatur.
3137 2607 3190 2652 et
3235 2613 3330 2652 eos
3356 2599 3446 2668 qui

1871 2687 2132 2741 alterutro
2162 2687 2456 2742 deﬂectunt
2490 2689 2714 2758 rejicere
2762 2707 2774 2742 :
2823 2692 2972 2744 nulla
3003 2690 3156 2745 nobis
3207 2692 3342 2746 ratio
3370 2702 3452 2746 est

1872 2777 1938 2831 ab
1977 2777 2070 2833 illo
2092 2779 2428 2834 discedendi.
2450 2780 2497 2833 ls
2517 2779 2660 2833 enim
2682 2779 2988 2850 inculpatus
3009 2791 3114 2846 est,
3140 2782 3291 2851 juxta
3326 2797 3450 2836 san-

1872 2874 1988 2918 ctos
2018 2864 2179 2918 modo
2213 2865 2479 2930 laudatos,
2508 2876 2564 2920 et
2592 2883 2688 2935 per
2720 2867 2838 2922 illos
2869 2871 3024 2939 juxta
3049 2871 3294 2924 omnium
3327 2887 3450 2925 seu-

1881 2955 2134 3010 tentiam.
2175 2955 2265 3010 Sic
2294 2973 2422 3028 ergo
2454 2966 2508 3012 et
2560 2973 2661 3013 ncs
2690 2963 3181 3025 communicanius,
3211 2971 3267 3016 et
3300 2964 3452 3017 vobis

1873 3052 1932 3096 ut
1962 3042 2103 3097 idem
2133 3043 2344 3098 faciatis
2371 3056 2624 3101 auctores
2646 3063 2854 3103 sumus.
2889 3050 3128 3119 Alioqui,
3150 3051 3196 3105 si
3221 3052 3455 3121 amplius

1801 3173 1842 3230 Ο
1878 3133 2203 3202 inquiratur,
2235 3138 2622 3206 exploduntur,
2657 3148 2715 3193 ut
2742 3139 3174 3194 demonstratum
3212 3151 3319 3207 est,
3353 3142 3454 3195 l’a-

1878 3234 2020 3279 trum
2047 3228 2270 3292 monita,
2295 3238 2349 3282 et
2394 3230 2606 3282 irritum
2653 3230 2712 3284 [it
2741 3232 2937 3300 ingens
2983 3233 3114 3286 illud
3164 3233 3453 3287 sacerdotii

1878 3332 2101 3380 munus,
2137 3334 2232 3388 per
2254 3320 2398 3389 quod
2445 3319 2882 3376 Christianorum
2946 3338 3146 3378 nomen
3199 3324 3456 3394 adipisci-

1880 3422 2040 3460 mur:
2078 3417 2135 3461 ut
2188 3408 2256 3463 ad
2294 3409 2547 3465 ethnicos
2580 3412 2718 3466 ritus
2765 3413 2947 3468 delabi
3006 3429 3107 3468 nos
3151 3423 3404 3483 oporteat
3437 3433 3452 3468 :

1875 3499 2020 3568 quod
2050 3511 2134 3555 est
2175 3502 2490 3558 absurdum.
2535 3504 2901 3575 Praeterquam
2947 3508 3093 3577 quod
3151 3507 3224 3562 ita
3275 3508 3455 3578 inqui-

1877 3601 2082 3658 rentes,
2116 3603 2173 3648 et
2202 3595 2268 3649 ad
2299 3597 2639 3651 occidentem
2695 3608 2859 3668 atque
2907 3601 2973 3654 ad
3009 3600 3272 3654 orientem
3329 3617 3455 3671 pro-

1877 3683 2069 3751 gressi,
2112 3699 2380 3753 nusquam
2424 3687 2706 3756 reperiunt
2737 3689 2882 3757 quod
2908 3699 3176 3758 quaerunt,
3199 3692 3454 3745 omnibus

1877 3790 2094 3830 sursum
2156 3792 2342 3832 versus
2404 3777 2693 3848 depositis,
2751 3791 2972 3850 prepter
3021 3792 3265 3836 mutuam
3308 3782 3452 3836 inter

1877 3867 2023 3937 ipsos
2061 3885 2337 3924 sacrorum
2382 3872 2742 3928 societatem:
2778 3875 3224 3944 quandoquidem
3268 3877 3444 3929 mani-

1876 3957 2073 4012 festum
2109 3972 2211 4025 est,
2271 3961 2480 4016 Tarasii
2520 3962 2856 4032 temporibus
2897 3964 3278 4034 apocrisiarios
3322 3965 3452 4020 hine

1876 4051 2074 4105 missos
2098 4067 2249 4108 saera
2277 4054 2549 4124 peregisse
2585 4070 2712 4110 cum
2765 4055 3323 4124 Romano.antistite,
3365 4071 3451 4114 at-

1874 4155 1980 4210 que
2004 4139 2166 4210 hujus
2195 4141 2426 4198 fortasse
2446 4159 2570 4198 cum
2604 4147 2997 4202 orientalibus:
3041 4149 3273 4217 indeque
3298 4164 3449 4204 cassa

1875 4241 1958 4286 est
1995 4232 2174 4286 omnis
2207 4235 2344 4289 ratio
2374 4236 2661 4290 sacerdOtii
2689 4253 2702 4290 :
2733 4238 2879 4305 quod
2913 4239 3139 4294 omnino
3177 4255 3441 4310 respuen-

1879 4333 1982 4389 tes,
2017 4324 2071 4377 in
2097 4326 2356 4394 praedicta
2398 4328 2701 4383 secundum
2731 4339 2953 4386 sanctos
2982 4331 3097 4402 lege
3145 4342 3291 4387 stare
3336 4349 3450 4387 am-

1876 4414 2196 4484 plectemur.

1945 4687 2082 4753 Quia
2139 4687 2324 4742 multae
2361 4687 2710 4760 contigerunt
2763 4693 3200 4761 continguntque
3257 4687 3451 4760 hujus-

1874 4779 2020 4833 modi
2060 4778 2391 4837 oﬂ'ensiones
2436 4783 2487 4836 in
2521 4782 2783 4846 Ecclesia,
2812 4797 2948 4851 quas
2995 4783 3178 4836 nullus
3208 4797 3447 4852 unquam

1874 4877 2188 4924 sanctorum
2218 4870 2292 4924 ita
2355 4872 2571 4928 curiose
2620 4872 2906 4942 indagasse
2969 4872 3208 4942 legitur:
3259 4889 3325 4929 ac
3381 4888 3450 4926 ne

1878 4958 1991 5013 ﬁeri
2021 4960 2240 5030 quidem
2273 4961 2324 5017 id
2360 4962 2568 5032 possit:
2605 4977 2774 5032 quare
2816 4978 2916 5017 nec
2959 4964 3118 5018 nobis
3147 4963 3450 5019 observan-

1875 5050 2004 5105 dum
2060 5052 2417 5108 tradiderunt.
2453 5056 2628 5123 Atque
2656 5055 2772 5109 haec
2824 5055 2876 5108 in
2914 5057 3058 5110 hunc
3088 5057 3331 5112 modum.
3374 5059 3452 5114 De

1878 5141 1980 5197 hac
1997 5158 2127 5196 vero
2149 5144 2502 5200 contentione
2532 5155 2742 5209 nostra,
2769 5146 2913 5214 quod
2937 5146 3120 5202 utilior
3141 5149 3299 5202 nobis
3339 5165 3448 5203 non

1878 5236 1947 5290 sit
1975 5252 2136 5306 quam
2168 5239 2405 5308 synodus
2445 5253 2566 5308 quae
2594 5238 2827 5293 moechis
2851 5239 3247 5308 patrocinatur,
3284 5241 3448 5293 mira-

1880 5338 1965 5382 tus
2021 5343 2141 5382 sum
2170 5343 2294 5384 cum
2322 5329 2500 5384 audivi
2526 5348 2539 5384 :
2577 5339 2727 5384 tanto
2755 5331 2900 5384 enim
2951 5330 3040 5384 illa
3065 5331 3444 5400 praestabilior,

1879 5429 2082 5490 quanto
2114 5420 2325 5476 Domini
2353 5437 2448 5475 vox
2489 5422 2836 5491 apostolicam
2872 5421 3164 5476 antecedit.

1949 5511 2135 5580 Neque
2161 5511 2215 5567 id
2244 5520 2452 5568 tantum
2489 5512 2642 5577 dico,
2671 5529 2776 5566 non
2804 5512 3037 5566 edixisse
3069 5511 3354 5566 Tarasium
3390 5521 3451 5566 ut

1881 5617 1977 5672 per
2001 5604 2292 5674 pecuniam
2325 5604 2591 5660 ordinatio
2620 5603 2769 5657 (iet-et
2803 5621 2816 5656 :
2848 5602 2941 5657 sed
2969 5602 3268 5670 professum
3326 5616 3447 5654 esse

1884 5709 1941 5748 se
1978 5694 2111 5749 tales
2141 5710 2249 5749 non
2279 5697 2548 5765 recipere,
2589 5693 2728 5747 sicut
2754 5693 2927 5760 palam
2949 5700 3052 5746 est.
3087 5688 3240 5744 Nune
3265 5701 3446 5744 autem

1883 5785 2079 5859 dOgma
2112 5787 2370 5845 adversus
2402 5785 2747 5856 Evangelium
2771 5793 2824 5838 et
2854 5782 3246 5838 Prmeursorem
3274 5791 3330 5838 et
3355 5797 3450 5836 ca-
