4008 6318
542 379 676 440 1107

1731 376 1789 431 S.
1830 374 2220 432 THEODORI
2266 372 2610 430 STUDlTAE

3675 369 3825 433 1108

536 510 731 555 nones,
766 486 1023 561 synodice
1061 504 1155 557 per
1204 486 1458 541 adulterii
1505 486 1837 555 copulatoris
1886 502 2156 555 suscep-j

2243 488 2479 552 ιανόνων,
2512 487 2805 548 συνοδικῶς
2834 486 2919 540 διὰ
2945 484 3043 555 τῆς
3077 485 3172 539 τοῦ
3212 484 3603 557 μοιχοζεύκτου
3629 505 3826 559 παρα‹

542 585 741 638 tionem
805 576 1204 649 promulgatum
1268 584 1377 637 est,
1430 576 1607 627 scelus
1654 573 2117 642 dispensationem

536 691 659 730 esse
716 672 986 733 sanciens,
1036 684 1099 721 ac
1154 668 1438 737 epiSCOpos
1498 675 1554 720 et
1608 666 1942 724 sacerdotes,
1995 681 2120 719 cum

539 765 798 825 libuerit,
842 761 1227 815 auctoritatem
1256 758 1310 812 in
1344 772 1588 811 canones
1623 757 1827 811 habere
1855 772 1868 808 :
1903 772 1996 811 eos
2029 759 2121 827 qui

538 859 727 912 eadem
762 872 866 909 non
900 853 1162 915 sentiunt,
1193 850 1663 905 anathematizans
1694 858 1748 904 et
1794 850 1928 904 diris
1959 850 2124 904 devo-

540 962 671 1000 vens
700 987 713 1009 ,
756 954 812 997 ut
842 943 1013 997 scitis.
1062 940 1175 995 lloc
1208 940 1695 995 lconomachorum
1726 938 1917 993 haeresi
1947 980 1961 1002 ,
2022 940 2126 992 etsi

540 1039 843 1109 posterius,
883 1046 937 1089 at
962 1051 1071 1089 non
1106 1034 1283 1087 levius
1309 1032 1580 1087 videbitur
1606 1032 1693 1101 pie
1726 1031 2126 1085 consideranti-

542 1135 644 1189 bus
688 1152 699 1187 :
749 1147 982 1201 quorum
1023 1130 1278 1201 precibus
1320 1129 1579 1182 Dominus
1613 1128 1811 1181 malum
1848 1126 2128 1196 depellens

541 1226 829 1296 pristinam
864 1240 1051 1294 pacem
1086 1222 1275 1276 reddat
1311 1221 1564 1275 Ecclesia.-
1596 1236 1726 1274 suze.
1762 1219 2126 1287 Prteterquam

541 1320 709 1387 quod,
758 1328 817 1373 ut
860 1315 1124 1385 scripsisti
1155 1355 1170 1379 ,
1220 1315 1452 1369 alterum
1488 1313 1556 1366 ab
1586 1313 1759 1366 altero
1797 1311 2041 1380 pellitur,
2072 1321 2129 1365 et

542 1411 640 1465 sibi
668 1411 946 1464 cohzerent
963 1407 1197 1479 cognitio
1220 1416 1271 1460 et
1301 1405 1577 1475 abrogatio
1604 1404 1828 1457 sceleris
1849 1418 1963 1472 quo
1989 1417 2129 1471 pra:-

546 1512 626 1554 ter
668 1502 840 1569 legem
883 1498 1020 1553 facta
1061 1498 1376 1567 conjunctio
1418 1506 1520 1552 est.
1569 1496 1900 1550 Incolumem
1944 1505 1998 1549 et
2033 1510 2131 1564 pro

546 1592 847 1646 humilitate
878 1600 1059 1646 nostra
1099 1600 1365 1654 orantem,
1397 1606 1521 1644 cum
1551 1596 1660 1642 tota
1698 1587 1902 1642 familia
1936 1586 2121 1641 Domi-

542 1701 648 1739 nus
690 1694 742 1739 te
776 1692 1104 1751 conservet,
1148 1684 1448 1738 amicorum
1491 1684 1664 1755 prime
1690 1724 1702 1746 ,
1751 1691 1805 1737 et
1839 1680 2129 1735 zelantium

544 1792 804 1832 maxime.

936 1915 1066 1969 LIV.
1107 1946 1171 1955 —-
1203 1915 1367 1970 Anmv
1406 1917 1723 1985 prwpositw.

2229 579 2389 649 δοχῆς
2416 578 2817 649 ὲκπεφώνηται,
2854 577 3107 646 βεϐαιοῦν
3147 578 3245 650 τὴν
3290 580 3640 649 παρανομίαν
3670 584 3826 634 οἱκο-

2229 670 2443 739 νομίαν,
2475 668 2601 731 τούς
2630 685 2687 720 τε
2722 670 2981 737 ἱεράρχας
3018 668 3112 722 καὶ
3144 670 3311 741 ἱερεῖς
3339 669 3538 723 ὁπόταν
3575 669 3827 739 βούλωνο

2225 779 2315 814 ται
2351 760 2687 825 ὲξουσιάζειν
2729 762 2836 814 τῶν
2868 762 3133 814 κανόνων·
3178 762 3274 815 καὶ
3317 762 3443 825 τοὺς
3490 762 3564 833 μὴ
3616 765 3824 815 ταυτὸν

2229 853 2558 925 φρονοῦντας
2582 854 2979 922 ἀναθεματίζον
3004 855 3097 905 καὶ
3116 854 3529 924 ἐκσκορακίζον,
3556 853 3825 926 καθάπερ

2229 948 2363 999 ἴστε.
2412 946 2581 998 Τοῦτο
2634 946 2858 1010 καὶτῆς
2890 945 3259 1016 Είκονομάχου
3304 946 3591 1015 αἱρέσεως,
3628 948 3677 998 εί
3725 948 3825 1000 καὶ

2228 1038 2502 1107 δεύτερον,
2534 1036 2650 1090 ἀλλ’
2680 1037 2780 1090 οὐκ
2808 1036 3028 1090 ἔλαττον
3052 1039 3164 1096 τοῖς
3193 1036 3436 1099 εὐσεϐῶς
3462 1035 3824 1106 ἀναθεωροῦο

2232 1146 2337 1183 σιν.
2376 1122 2477 1182 Ὧν
2509 1131 2537 1181 ό
2569 1128 2775 1198 Κύριος
2828 1132 2949 1191 ταῖς
2998 1128 3186 1198 εὐχαῖς
3240 1126 3485 1181 ἐκποδὼν
3533 1127 3594 1181 τὸ
3647 1128 3827 1180 κακὸν

2231 1222 2369 1289 ἄρας
2400 1220 2763 1290 πρυτανεύσοι
2800 1220 3025 1290 εἰρήνην
3058 1221 3133 1284 ὡς
3166 1219 3226 1273 τὸ
3258 1220 3518 1290 ἀπαρχῆς
3546 1221 3615 1289 τῇ
3648 1217 3823 1271 αὐτοῦ

2232 1312 2548 1383 Ἐκκλησία.
2574 1312 2721 1383 Πλὴν
2756 1313 2857 1375 ὅτι,
2896 1312 3037 1366 καθά
3068 1312 3370 1383 γέγραφας,
3420 1312 3673 1381 θάτερον,
3717 1311 3827 1363 ὐπὸ

2232 1404 2461 1473 θατέρου
2515 1404 2789 1474 βάλλεται,
2827 1405 2916 1457 καὶ
2972 1403 3251 1475 διάλληλος
3302 1408 3335 1476 ἡ
3380 1405 3683 1472 ἐπίγνωσις
3727 1404 3828 1457 καὶ

2231 1494 2386 1557 λύσις
2444 1494 2546 1563 τῆς
2593 1494 2968 1565 ἀνομοδέσμου
3003 1496 3275 1566 πράξεως.
3315 1494 3686 1566 Ἐῥρωμὲνον,
3726 1492 3828 1546 καὶ

2233 1586 2529 1656 εὐχόμενον
2560 1586 2702 1657 ὑπὲρ
2734 1586 2831 1656 τῆς
2861 1586 3242 1649 ταπεινώσεως
3278 1586 3435 1657 ἡμῶν
3463 1586 3767 1639 πανὲστιον
3800 1585 3831 1636 ό

2234 1677 2437 1748 Κύριός
2469 1693 2525 1729 σε
2548 1676 2913 1746 διαφυλάξοιε,
2944 1677 3112 1748 φίλων
3136 1678 3539 1751 πρώτιστε,καὶ
3560 1675 3829 1747 ζηλωτῶν

2237 1770 2521 1842 κράτιστε.

2588 1905 2713 1961 Μ’.
2751 1938 2816 1947 -
2838 1907 3023 1973 Ἀννῃ
3050 1906 3382 1977 ἡγουμένῃ.
3427 1906 3607 1981 [σοδ’.]

1658 2033 1845 2082 Laudat
1870 2033 1977 2095 ejus
1997 2033 2234 2094 pietatem
2257 2038 2374 2089 erga
2397 2024 2679 2074 monachos.

615 2139 753 2207 Quid
785 2140 1039 2194 distulisti
1072 2140 1137 2195 ad
1175 2156 1273 2195 nos
1301 2140 1566 2202 scribere,
1598 2154 1662 2193 ac
1695 2138 1765 2193 de
1796 2138 1961 2192 rebus
2003 2152 2131 2191 san—

2308 2130 2373 2182 Τί
2409 2128 2717 2182 ὐπεστείλω
2744 2128 2838 2182 τοῦ
2872 2128 3105 2200 γράφειν
3145 2128 3241 2181 καλ⁸
3279 2128 3568 2198 γνωρίζειν
3598 2129 3737 2200 ἡμῖν
3761 2130 3832 2184 τά

547 2230 754 2286 ctitatis
797 2239 900 2284 tua:
952 2230 1233 2284 indicare?
1280 2228 1387 2283 Nos
1424 2245 1553 2284 vero
1582 2229 1752 2283 multo
1786 2227 1968 2281 minus
2003 2241 2131 2297 pro-

546 2329 732 2389 pterca
762 2317 1090 2372 desistemus
1117 2358 1130 2379 ,
1176 2318 1373 2387 partim
1413 2318 1631 2387 quidem
1665 2318 1792 2387 quia
1825 2316 2029 2370 humile
2071 2330 2133 2368 os

548 2422 795 2465 nostrum
840 2412 951 2477 jam
1002 2410 1171 2464 semel
1209 2410 1555 2479 aperuimus;
1597 2411 1793 2480 partim
1840 2410 1909 2463 ob
1956 2409 2130 2469 zelum

550 2509 704 2557 tuum
739 2503 1017 2566 divinum,
1047 2510 1101 2555 et
1126 2503 1407 2557 ardentem
1449 2502 1729 2572 pietatem.
1772 2502 1942 2559 Audio
1988 2513 2134 2559 enim

550 2604 603 2647 te
638 2593 873 2648 assiduis
905 2608 1030 2663 erga
1065 2592 1262 2647 fratres
1302 2602 1518 2647 nostros
1558 2594 1839 2649 beneficiis
1873 2607 1980 2654 non
2016 2595 2138 2657 fati-

548 2687 664 2756 gari
693 2731 708 2753 ,
742 2687 849 2741 huc
880 2687 1115 2755 illucque
1146 2686 1570 2750 circumeundo,
1609 2698 1663 2741 et
1693 2688 1912 2741 obvium
1941 2700 2134 2757 quem-

549 2795 657 2849 que
678 2766 974 2833 tractando’
996 2779 1437 2849 perhumaniter,
1473 2779 1775 2849 votivisque
1806 2780 1986 2835 verbis
2018 2785 2137 2839 tan-

549 2888 712 2941 quam
743 2872 946 2926 Christi
986 2872 1296 2925 ministrum
1326 2873 1731 2942 prosequendo.
1765 2871 1809 2927 Ο
1839 2874 2139 2943 pulcherri-

552 2981 695 3021 mam
725 2965 869 3019 hanc
907 2974 1051 3019 tuam
1084 2966 1500 3034 occupationem
1529 2967 1541 3018 !
1576 2981 1608 3019 o
1640 2965 1953 3035 vigilantem
1984 2966 2035 3018 in
2068 2966 2139 3019 di-

550 3057 692 3113 vinis
718 3058 884 3112 rebus
915 3072 1125 3111 sacram
1155 3057 1391 3110 animam
1422 3066 1570 3111 tuam
1599 3059 1611 3110 ε
1643 3058 1829 3127 Neque
1852 3059 1994 3112 enim
2028 3060 2140 3113 sola

554 3158 682 3205 sunt
718 3151 818 3204 ista
850 3160 903 3204 et
930 3148 1123 3215 unica;
1167 3151 1261 3205 sed
1319 3150 1463 3204 fetus
1497 3150 1724 3205 aliarum
1761 3150 2057 3217 virtutum,
2088 3160 2142 3205 et

554 3238 903 3293 fecunditatis
926 3247 1031 3293 tuae
1059 3239 1358 3309 spiritualis
1387 3241 1730 3310 propagines.
1753 3239 2021 3306 Quoniam
2041 3257 2142 3296 nec

554 3327 670 3382 fieri
702 3336 879 3397 potest
907 3339 967 3381 ut
995 3343 1106 3381 non
1136 3328 1274 3382 bene
1304 3328 1469 3393 oleat,
1488 3328 1578 3398 qui
1610 3337 1883 3399 unguenta
1907 3328 2141 3382 circum-

554 3422 693 3475 lerat
723 3438 735 3473 :
778 3435 956 3490 neque
985 3429 1043 3475 ut
1078 3436 1185 3475 non
1223 3421 1404 3475 luceat
1438 3422 1530 3489 qui
1574 3420 1747 3475 facem
1776 3430 1971 3491 gestet.
2006 3420 2142 3477 llinc

554 3512 719 3582 igitur
748 3526 1135 3581 usquequaque
1170 3512 1590 3584 dignoscuntur,
1618 3527 1681 3565 ac
1707 3511 2051 3582 potissimum
2083 3512 2139 3567 in

557 3606 1041 3673 persecutionibus
1071 3621 1171 3676 pro
1201 3604 1423 3659 Christo
1444 3646 1458 3669 ,
1489 3604 1713 3675 quinam
1748 3605 1860 3658 sint
1888 3605 2147 3660 sanctita-

558 3695 626 3749 tis
655 3705 960 3763 amatores,
1002 3708 1058 3751 et
1093 3697 1235 3752 beati
1266 3713 1279 3761 ;
1316 3696 1540 3767 quinam
1582 3705 1772 3751 contra
1806 3695 2042 3766 improbi
2093 3705 2149 3750 et

558 3788 813 3842 bonitatis
843 3799 1094 3858 expertes
1123 3808 1135 3843 :
1179 3790 1532 3858 quantumvis
1563 3788 1821 3843 interiora
1864 3797 2013 3843 recte
2046 3788 2147 3842 ha-

556 3880 708 3948 bere,
739 3891 962 3936 externa
998 3882 1179 3952 specie
1213 3882 1709 3937 assimulent.......

1000 4015 1109 4073 LV.
1140 4050 1207 4058 —
1230 4017 1396 4071 Iram?
1424 4018 1685 4087 patriciis.

2233 2223 2335 2291 τῆς
2366 2222 2644 2293 ὀσιότητός
2691 2238 2824 2285 σούς
2874 2221 3064 2291 Ἡμεῖς
3097 2221 3154 2274 δὲ
3188 2220 3276 2274 διὰ
3306 2220 3463 2274 τοῦτο
3505 2221 3710 2291 μᾶλλον
3766 2224 3831 2275 οὐ

2233 2315 2600 2384 διαλείψομεν.
2647 2314 2719 2367 Τὸ
2765 2314 2864 2382 μὲν
2907 2312 2993 2366 διὰ
3047 2313 3108 2365 τὸ
3149 2313 3296 2380 ἅπαξ
3344 2315 3490 2385 ἡμᾶς
3523 2314 3737 2378 ἀνοῖξαι
3770 2316 3833 2368 τὸ

2234 2408 2489 2461 ταπεινὸν
2526 2408 2698 2478 στόμα
2722 2424 2737 2438 ο
2773 2407 2834 2459 τὸ
2869 2407 2927 2459 δὲ
2958 2406 3046 2459 διά
3074 2407 3167 2459 τὸν
3205 2407 3343 2461 κατά
3371 2409 3503 2461 Θεόν
3536 2424 3633 2460 σου
3663 2408 3831 2479 ζῆλον

2237 2499 2334 2553 καὶ
2359 2498 2662 2568 πυρίπνουν
2688 2497 2969 2552 ε’ὐσέϐεαν.
2999 2498 3346 2569 Πυνθάνομαι
3374 2498 3482 2568 γάρ
3505 2516 3563 2551 σε
3586 2499 3831 2571 ἄληκτον

2237 2592 2383 2661 ἔχειν
2410 2591 2472 2645 τὸ
2506 2592 2634 2663 περὶ
2670 2590 2799 2655 τοὺς
2823 2590 3088 2662 ἀδελφοὺς
3108 2591 3265 2662 ἡμῶν
3281 2592 3650 2661 εὐποιητικὸν,
3674 2594 3833 2647 ἔνθεν

2240 2685 2493 2736 κάκεῖθεν
2526 2683 2909 2757 περιθέουσαν,
2949 2686 3043 2737 καὶ
3078 2685 3311 2738 ἕκαστον
3342 2684 3433 2737 τὸν
3462 2688 3831 2757 παρατυγχά-

2240 2794 2400 2829 νοντα
2431 2775 2786 2849 δεξιουμένην
2820 2776 3239 2848 φιλανθρώπως,
3273 2778 3367 2831 καὶ
3401 2781 3514 2842 τοῖς
3548 2780 3834 2841 εὐκταίοις

2244 2870 2448 2940 ῥήμασι
2475 2870 2954 2940 παραπέμπουσαν
2980 2870 3056 2934 ὡς
3078 2870 3315 2942 Χριστοῦ
3343 2870 3607 2926 διάκονον.
3642 2873 3707 2925 Ὢ
3731 2873 3832 2943 τῆς

2244 2964 2541 3034 καλλίστης
2575 2981 2668 3017 σου
2700 2964 2902 3032 ταύτης
2934 2964 3355 3037 πραγματείαςῐ
3400 2965 3445 3020 ὣ
3488 2967 3585 3036 τῆς
3617 2981 3834 3035 γρηγο-

2246 3057 2445 3124 ρούσης
2471 3070 2565 3106 σου
2603 3054 2726 3124 περὶ
2759 3052 2827 3105 τὰ
2850 3052 2964 3107 θεῖα
2993 3054 3143 3125 ἱερᾶς
3174 3054 3384 3127 ψυχῆςί
3415 3055 3487 3108 Οὐ
3519 3054 3629 3124 γάρ
3657 3056 3837 3125 ὀρφα-

2245 3145 2370 3198 νικὰ
2402 3144 2595 3198 ταῦτα.
2639 3145 3030 3214 ’Λποκυήματα
3061 3146 3117 3199 δὲ
3147 3147 3351 3217 ἐτέρων
3388 3145 3621 3216 ἀρετῶν,
3657 3146 3837 3217 ῆγουν

2246 3236 2614 3307 προϐλήματα
2671 3236 2772 3307 τῆς
2832 3236 3213 3307 πνευματικῆς
3265 3254 3357 3290 σου
3406 3236 3834 3307 πολυκαρπίας-

2246 3326 2368 3379 ἐπεὶ
2397 3328 2518 3382 οὐδὲ
2547 3321 2658 3381 οἷόν
2686 3344 2745 3381 τε
2787 3328 2863 3400 μὴ
2894 3329 3115 3383 εὐωδεῖν
3145 3329 3236 3382 τὸν
3258 3315 3654 3398 ἐπιφερόμενον
3680 3330 3839 3400 ἀρὼο

2251 3437 2429 3491 ματα’
2474 3421 2609 3492 μηδὲ
2667 3421 3074 3493 λαμπαδουῃῖν
3126 3422 3216 3476 τὸν
3255 3420 3590 3491 φωτοφόρον.
3622 3421 3841 3475 Διαδεί-

2246 3530 2472 3568 κνυνται
2514 3514 2695 3567 τοίνυν
2744 3514 2996 3568 ἐντεῦθεν
3043 3514 3274 3568 πάντοτε
3318 3513 3413 3567 καὶ
3450 3517 3691 3579 πάντως,
3738 3515 3841 3569 καὶ

2248 3605 2484 3675 μάλιστα
2518 3606 2577 3659 ἐν
2601 3608 2714 3669 τοῖς
2739 3606 2879 3677 ὑπὲρ
2904 3606 3141 3677 Χριστοῦ
3170 3606 3450 3675 διωγμοῖς,
3477 3604 3623 3668 τίνες
3656 3605 3703 3657 oi
3734 3605 3842 3678 τῆς

2246 3698 2524 3765 ὁσιότητος
2566 3697 2795 3768 ἐρασταὶ
2826 3698 2920 3749 καὶ
2953 3696 3205 3762 θεόλϐιοι,
3234 3696 3330 3749 καὶ
3359 3696 3506 3758 τίνες
3553 3696 3604 3748 οἱ
3632 3697 3845 3763 φαυλόο

2246 3806 2406 3859 τητος
2431 3790 2525 3841 καὶ
2550 3788 2945 3859 ἀμοιρὰγαθοι⁹
2975 3788 3078 3842 κᾶν
3098 3787 3175 3857 τῷ
3194 3786 3299 3852 ἔξω
3325 3790 3568 3860 σχήματι
3590 3788 3660 3840 τὰ
3684 3785 3843 3849 ἔνδον

2250 3879 2428 3942 καλῶς
2459 3878 2603 3949 ἔχειν
2634 3879 3169 3952 ὐποπλαττόμενοι...
3192 3881 3292 3950 (1).

2569 4014 2694 4068 NE'.
2728 4014 3038 4084 -Είρήνῃ
3073 4014 3378 4085 πατρικίῳ.
3418 4011 3621 4091 [σπβκ]

1368 4133 1431 4183 Ut
1466 4133 1686 4183 scribere
1724 4138 1915 4196 pergat.
1943 4132 2068 4182 Tum
2098 4131 2159 4180 de
2184 4131 2299 4180 ﬁliae
2324 4129 2492 4180 morbo
2513 4130 2768 4180 dolentem
2794 4130 3001 4179 solatur.

629 4237 821 4294 Philtri
860 4239 1142 4309 cujusdam
1176 4240 1282 4294 vim
1325 4240 1491 4295 habet
1522 4241 1824 4296 litterarum
1850 4240 2142 4296 eollocutio

558 4332 811 4387 allectum
845 4333 1175 4403 ingenerans
1199 4333 1253 4386 in
1283 4334 1480 4388 animis
1502 4335 1801 4388 amantium
1837 4352 1848 4388 :
1882 4343 2143 4403 tantoque

560 4423 730 4493 magis
760 4464 775 4487 ,
811 4432 1019 4493 quanto
1054 4422 1216 4477 fuerit
1257 4428 1524 4479 sermonis
1558 4424 1981 4479 communicatio
2032 4424 2143 4479 fre-

557 4513 812 4582 qucnlior
842 4554 856 4578 ,
908 4513 1143 4567 latentes
1188 4514 1388 4567 amoris
1432 4514 1697 4568 scintillas
1743 4513 2143 4583 quodammodo

559 4607 941 4668 exsuscitaus.
995 4615 1051 4659 et
1096 4621 1346 4675 magnam
1407 4606 1812 4673 conjunctionis
1865 4604 2143 4658 benevola:

561 4700 830 4753 flammam
867 4698 1187 4753 incendens.
1248 4698 1437 4752 Simile
1476 4698 1731 4767 quiddam
1773 4706 1824 4751 et
1889 4696 1944 4750 in
1986 4697 2145 4752 nobis

563 4792 861 4845 humilibus
902 4789 1085 4844 eﬂ'ecit
1117 4787 1345 4859 epistula
1385 4788 1668 4844 suavitatis
1698 4796 1835 4851 tute,
1886 4787 2143 4856 spiritua-

561 4887 664 4938 lem
699 4884 817 4949 ejus
848 4880 1283 4937 benevolentiam
1317 4880 1687 4950 multiplicans
1712 4919 1726 4942 ,
1760 4879 2145 4948 memoriaeque

2321 4228 2678 4311 Φιλτροποιόν
2705 4255 2757 4291 τι
2786 4240 3018 4311 πρᾶγμα
3048 4240 3080 4310 ἡ
3110 4241 3473 4312 γραμματικὴ
3503 4243 3840 4317 προσφώνη-

2253 4352 2356 4401 σις,
2394 4334 2579 4405 σχέσιν
2640 4333 2943 4403 ἐμποιοῦσα
2993 4335 3116 4397 ταῖς
3161 4334 3363 4405 ψυχαῖς
3405 4334 3519 4388 τῶν
3555 4335 3836 4407 ἐρώντων.

2252 4428 2365 4482 Καὶ
2400 4426 2652 4479 τοσοῦτον
2681 4424 2836 4497 [Βεε.
2871 4426 2993 4481 cod.
3035 4424 3349 4497 τοσαύτην],
3374 4425 3596 4497 ὅσῳπερ
3638 4426 3708 4480 ἂν
3743 4430 3838 4483 καὶ

2252 4514 2501 4585 πυκνάζῃ
2550 4517 2583 4585 ἡ
2630 4515 2857 4584 ὁμιλία⁸
2906 4515 3072 4568 οἱονεὶ
3112 4514 3561 4569 ἀνασκαλεύουσα
3592 4516 3725 4579 τοὺς
3757 4520 3839 4570 ὲν-

2251 4606 2648 4673 αποκειμένους
2677 4605 2977 4674 ἐρωτικοὺς
3002 4604 3322 4675 σπινθῆρας,
3355 4605 3450 4657 καὶ
3490 4604 3697 4677 πολλὴν
3739 4608 3837 4677 τὴν

2251 4695 2604 4766 ἀγαπητικὴν
2626 4694 2867 4749 διάθεσιν
2896 4694 3255 4750 ἀνακαίουσα.
3289 4695 3557 4750 Τοσοῦτόν
3578 4714 3633 4751 τι
3664 4698 3760 4751 καὶ
3781 4700 3837 4752 ὲν

2251 4790 2386 4859 ἡμῖν
2417 4791 2529 4851 τοῖς
2555 4789 2828 4851 ταπεινοῖς
2858 4788 3234 4858 ἀπειργάσατο
3261 4789 3294 4858 ἠ
3327 4787 3591 4860 ἐπιστολὴ
3613 4792 3718 4862 τῆς
3742 4791 3837 4861 ἒμ-

2257 4881 2478 4951 μελείας
2506 4898 2622 4944 σου,
2656 4880 3142 4938 πλυπλασιάσασα
3185 4881 3285 4953 τὴν
3324 4882 3716 4953 πνευματικὴν
3750 4899 3836 4950 φι-

563 4974 815 5044 igniculis
846 4972 1212 5042 vegetioribus
1263 4971 1528 5025 insidens.
1574 4970 1739 5026 Utere
1780 4970 1959 5041 igitur,
1986 4970 2145 5039 pien-

2252 4975 2370 5027 λίαν
2400 4973 2589 5040 αὐτῆς,
2608 4972 2792 5025 καὶτὰ
2816 4973 2913 5041 τῆς
2940 4973 3160 5045 μνήμης
3180 4970 3589 5043 ἑμπυρεύματα
3606 4973 3837 5043 ἀκμαιό-

564 5065 771 5119 tissima
804 5064 1034 5119 Domina
1059 5105 1074 5128 ,
1124 5064 1227 5118 hoc
1254 5064 1457 5118 amoris
1486 5063 1817 5132 pharmaco;
1859 5078 1922 5116 ac
1967 5062 2034 5116 de
2061 5071 2151 5116 tua

565 5161 880 5215 valetudine
912 5167 969 5212 et
997 5157 1362 5227 prosperitate
1401 5155 1562 5209 nobis
1592 5152 1857 5223 signiﬁca.
1889 5152 2154 5208 Novimus

567 5255 712 5307 enim
757 5259 1027 5321 perpetuo
1082 5250 1350 5303 virentem
1398 5246 1618 5302 virtutis
1671 5255 1775 5301 tua:
1827 5245 2048 5309 florem,
2098 5255 2155 5300 ct

571 5343 790 5414 pietatis
818 5340 1209 5395 abundantiam
1242 5354 1305 5393 ex
1338 5338 1404 5391 iis
1428 5352 1548 5407 qua:
1579 5336 1889 5390 audivimus
1908 5374 1921 5396 ,
1950 5344 2005 5389 et
2032 5352 2153 5405 qua:

571 5451 718 5491 nunc
752 5436 917 5489 etiam
951 5433 1207 5487 audimus
1239 5450 1250 5485 :
1293 5440 1348 5485 et
1371 5430 1570 5500 quibus
1601 5444 1701 5483 nos
1736 5428 1837 5499 ipsi
1873 5428 2155 5483 beneficiis

573 5531 751 5586 allecti
796 5544 987 5585 sumus
1025 5538 1080 5584 et
1112 5526 1375 5582 allicimur
1416 5524 1752 5579 etiamnum:
1802 5522 1915 5577 sive
1964 5536 2152 5576 vocem

2248 5081 2384 5130 τερα
2415 5062 2752 5127 ὲνιζάνουσα.
2781 5061 2913 5133 Χρῶ
2942 5061 3253 5134 τοιγαροῦν,
3285 5061 3689 5131 θεοσεϐεστάτη
3724 5065 3835 5119 Κυ-

2253 5154 2486 5226 ρία,-τῷ
2532 5154 2866 5225 ἀγαπητικῷ
2913 5153 3049 5225 τῷδε
3098 5155 3409 5225 φαρμάκῳ·
3454 5156 3553 5209 καὶ
3604 5154 3837 5227 γνὼριζε

2252 5250 2384 5317 ⁴ἡμῖν
2423 5246 2491 5300 τά
2520 5249 2619 5317 τῆς
2644 5246 2860 5313 εὐεξίας
2891 5247 2988 5301 καὶ
3011 5246 3317 5318 εὐπραξίας
3344 5264 3461 5301 σου.
3492 5248 3692 5318 ἰσμεν
3734 5247 3838 5317 γάρ

2250 5340 2311 5391 τὸ
2336 5338 2456 5392 κατ’
2483 5338 2684 5409 ἀρετήν
2718 5356 2811 5392 σου
2840 5337 3093 5402 ἀειθαλὲς
3115 5340 3206 5393 καὶ
3236 5337 3557 5410 ποριστικὸν
3582 5341 3666 5403 εἰς
3692 5336 3838 5392 εὐσέ-

2261 5431 2415 5483 ϐειαν
2438 5430 2499 5502 ἐξ
2525 5424 2599 5483 ὧν
2624 5448 2684 5483 τε
2711 5431 3053 5501 ἀκηκόαμεν,
3089 5432 3182 5484 καὶ
3211 5430 3379 5484 εἰσέτι
3403 5430 3686 5499 ἀκούομεν
3703 5446 3717 5460 ·
3747 5429 3837 5483 καὶ

2265 5523 2357 5591 ἀφ’
2379 5516 2457 5576 ὧν
2494 5523 2652 5592 ἡμεῖς
2678 5523 2831 5576 αὐτοὶ
2890 5518 2947 5577 εὖ
2983 5522 3334 5595 πεπόνθαμεν
3394 5522 3489 5577 καὶ
3520 5522 3833 5595 πάσχομεν·

2093 5682 2323 5739 ΝΟΤᾸΣ.

655 5817 733 5886 (lj
770 5815 999 5872 Desunt.
1025 5810 1309 5873 nonnulla,
1343 5815 1400 5864 ut
1432 5806 1705 5877 conjicere
1747 5816 1920 5863 estex
1959 5804 2135 5877 spatio
2172 5802 2432 5867 vacuo,.in
2470 5803 2603 5876 Reg.
2638 5804 2757 5859 cod.
