4008 6318
201 391 340 452 1109

1405 384 1937 444 EPISTOLARUM
1969 383 2113 442 LIB.
2151 383 2201 442 Ι.

3264 380 3422 443 ’1110

192 509 309 560 εἴτε
355 504 706 574 δανειζομὲνη
760 502 856 571 τὴν
898 501 1112 570 φωνήν·
1163 499 1271 552 εἴτε
1317 500 1410 552 καὶ
1453 501 1510 565 ἐξ
1557 500 1759 562 οίκείας

1866 497 2127 552 mutueris
2153 497 2405 558 alienam,
2427 496 2537 549 sive
2556 494 2734 565 lingua
2757 495 2972 564 propria
2988 494 3206 564 loquare
3227 511 3239 559 ;
3263 511 3423 564 quam

192 600 444 669 γλώττης
497 595 871 664 φθεγγομένηο
927 592 1003 655 ὡς
1048 594 1208 661 ἡμεῖς
1253 608 1316 658 γε
1356 592 1510 663 ἡδείᾳ
1551 591 1758 661 ταύτην

193 689 401 761 μᾶλλον
427 688 688 755 ἐπαίομεν
717 685 973 747 διαθέσει,
995 684 1054 735 οὐ
1083 682 1222 751 ψιλῷ
1244 682 1360 752 ἤχῳ
1382 683 1757 752 προσέχοντεςο

187 786 291 837 καὶ
319 782 435 849 ἅμα
465 781 638 832 ἐκεῖνο
666 776 1043 846 γινώσκοντες,
1075 777 1150 838 ὠς
1175 774 1348 838 οὐδεὶς
1372 773 1545 838 οὕτως
1569 775 1761 830 είκονί-

189 891 308 927 σειε
364 873 562 942 ψυχὴν,
609 871 684 932 ὡς
738 871 766 922 ό
802 869 930 939 παρ’
978 866 1145 936 αὐτῆς
1190 866 1392 938 προῖὼν
1432 866 1606 934 λόγος,
1654 867 1759 922 κάν

185 965 378 1028 ὁποῖός
422 962 540 1016 ποτ’
572 962 636 1016 ἂν
676 960 784 1027 εἴη.
814 959 948 1030 Περὶ
979 957 1078 1025 τῆς
1108 956 1303 1025 κυρίας
1343 955 1442 1024 τῆς
1489 956 1758 1027 θυγατρός

189 1075 292 1110 σου
323 1056 406 1109 δτι
429 1056 647 1122 γέγονεν
679 1050 820 1104 οὕτω
845 1048 1124 1120 μαθόντες,
1150 1045 1451 1116 ἡνιάθημεν
1471 1063 1484 1077 ⁸
1513 1045 1675 1116 εὐχὴν
1702 1047 1759 1099 δὲ

188 1148 381 1209 ποίαν,
419 1145 451 1214 ἢ
482 1141 840 1211 ἀπομύρισμα
870 1133 981 1192 οἷον
1013 1138 1190 1208 δῶμεν
1218 1137 1532 1207 ἁμαρτωλοὶ
1556 1137 1760 1206 τυγχά-

185 1252 414 1300 νοντες;
439 1234 584 1302 Πλὴν
607 1232 782 1283 ἐκεῖνο
802 1228 1030 1281 πέπεισο
1055 1244 1070 1259 ·
1102 1227 1185 1279 ὅτι
1209 1226 1363 1279 οὐδὲν
1393 1225 1668 1296 ἰσχύουσιν
1700 1228 1756 1279 at

185 1326 442 1380 τοιαῦται
491 1321 821 1393 περιεργίαι,
875 1321 922 1372 εί
973 1319 1112 1389 μήγε
1159 1319 1319 1386 ⁴ἡμεῖς
1350 1317 1526 1387 δῶμεν
1575 1316 1758 1387 χώραν

185 1414 500 1487 ἀπροσεξίᾳ
526 1413 651 1467 τινί.
694 1411 781 1474 Ὠς
809 1409 917 1479 γὰρ
937 1409 1034 1478 οὐχ
1061 1404 1171 1462 οἷόν
1202 1425 1260 1461 τε
1287 1407 1450 1460 τόπον
1483 1407 1598 1460 τινὰ
1625 1407 1760 1477 ἡλίῳ

187 1504 703 1578 περιλαμπόμενον,
750 1502 810 1554 τὸ
850 1500 1122 1554 ἀντίθετον
1169 1500 1359 1560 σκότος
1396 1497 1754 1562 είσδέξασθαι’

185 1599 369 1659 οὕτως
407 1595 526 1649 οὐδὲ
550 1594 832 1664 ἄνθρωπον
859 1590 988 1659 θείῳ
1017 1588 1176 1658 φωτὶ,
1214 1588 1380 1659 ῆγουν
1416 1588 1626 1640 συνέσει
1664 1587 1758 1641 καὶ

190 1690 373 1759 ἀρετῇ
396 1684 825 1755 ἐπερειδόμενον,
859 1681 1052 1734 παθεῖν
1077 1698 1130 1734 τι
1163 1680 1268 1732 τῶν
1302 1677 1503 1732 σκαιῶν
1527 1679 1618 1731 καὶ⁸
1644 1679 1761 1731 δαις

197 1778 440 1848 μονικῶν
489 1772 974 1846 μαγγανευμάτων.
1020 1769 1216 1838 Ἰαθείη
1256 1768 1494 1838 τοίνυνὴ
1531 1771 1657 1831 παῖς
1701 1769 1758 1820 ἐν

1860 605 1963 644 nos
2005 589 2187 657 utique
2223 588 2382 657 longe
2412 588 2651 642 dulciore
2695 590 2861 640 se’nsu
2911 587 3249 655 excipimus,
3285 584 3426 639 haud

1861 683 2007 737 nudo
2029 697 2163 737 sono
2193 681 2392 735 intenti
2419 697 2433 744 ;
2467 681 2561 734 scd
2589 679 2690 733 hoc
2724 677 2884 732 simul
2913 677 3276 747 intelligentes
3301 717 3315 738 ,
3347 677 3430 729 ni-

1862 774 1938 829 hil
1964 775 2206 827 animum
2231 772 2309 826 sic
2340 771 2672 840 exprimere,
2705 779 2764 825 ut
2790 769 2856 824 ab
2887 784 2952 823 eo
2979 771 3264 839 prodiens,
3298 784 3431 838 qua-

1862 864 2146 933 liscunque
2188 862 2419 917 tandem»
2453 861 2540 914 illa
2572 861 2680 924 sit,
2730 861 2926 915 oratio.
2961 859 3038 914 De
3065 861 3286 914 domina
3322 861 3427 913 tilia

1862 963 1973 1021 tua,
2005 954 2147 1024 quod
2171 954 2220 1008 ei
2253 953 2468 1015 accidit,
2498 952 2588 1006 ubi
2627 951 2937 1015 didicimus,
2973 950 3305 1006 indoluimus
3340 967 3431 1005 vc-

1863 1046 2191 1100 hementer:
2239 1058 2503 1114 quasnam
2547 1057 2678 1097 vero
2722 1056 2941 1111 preces,
2991 1050 3083 1096 aut
3125 1042 3430 1112 cuiusmodi

1859 1136 2100 1192 lenimen
2145 1135 2522 1204 impertiamus
2563 1148 2664 1187 nos
2702 1133 2796 1202 qui
2837 1141 3152 1204 peccatores
3194 1135 3430 1188 sumus?

1860 1226 2244 1282 Verumtamen
2275 1227 2352 1282 sic
2370 1225 2462 1281 tibi
2483 1225 2829 1296 persuadeas,
2856 1225 3060 1279 nullam
3086 1227 3194 1280 vim
3228 1225 3429 1279 habere

1861 1319 2164 1374 istiusmodi
2212 1317 2508 1379 molestias.
2566 1317 2668 1371 nisi
2715 1317 2920 1370 aditum
2971 1315 3187 1384 ipsimet
3247 1331 3432 1371 socor-

1859 1411 1947 1464 dia
1976 1411 2153 1478 aliqua
2190 1409 2598 1479 patefaciamus.
2634 1408 3104 1474 Quemadmodum
3135 1409 3279 1462 enim
3312 1409 3429 1463 ﬁeri

1860 1499 2048 1568 nequit
2076 1539 2090 1562 ,
2133 1508 2193 1552 ut
2235 1497 2388 1552 locus
2425 1498 2698 1566 quispiam
2738 1496 2867 1551 solis
2896 1495 3061 1550 radiis
3093 1496 3392 1552 illustratus
3416 1535 3430 1558 .

1861 1589 2162 1643 contrarias
2192 1588 2447 1643 tenebras
2477 1588 2766 1652 admittat,
2829 1587 2907 1641 sic
2945 1602 3120 1656 neque
3158 1587 3319 1643 homo
3351 1589 3434 1643 di-

1861 1678 1988 1732 vino
2011 1677 2218 1730 lumine
2245 1716 2260 1741 ,
2306 1677 2411 1731 hoc
2447 1684 2531 1731 est
2574 1676 2863 1745 prudentia
2912 1682 2965 1730 et
3003 1676 3201 1730 virtute
3238 1678 3434 1748 nixus,

1860 1769 2080 1823 sinistra
2126 1769 2234 1822 ulla
2263 1769 2523 1823 daemonis
2555 1767 2741 1822 fraude
2770 1766 2892 1820 laedi
2925 1777 3123 1836 potest.
3170 1768 3435 1824 Convalc-

193 1870 426 1940 ὀνόματι
455 1867 660 1936 Κυρίου
694 1862 785 1916 τοῦ
831 1859 1222 1932 θεραπεύοντος
1267 1860 1444 1911 πᾶσαν
1474 1859 1627 1913 νόσον
1668 1861 1759 1914 καὶ

1867 1868 1981 1914 scat
2001 1875 2128 1930 ergo
2150 1860 2324 1929 puella
2350 1860 2404 1914 in
2440 1861 2662 1914 nomine
2679 1861 2912 1926 Domini,
2931 1862 3022 1931 qui
3047 1869 3434 1916 sanatomnem

189 1965 380 2016 πᾶσαν
416 1957 684 2030 μαλακίαν
706 1971 719 1984 ·
752 1953 844 2007 καὶ
870 1952 1009 2004 ἔστω
1041 1952 1161 2021 χεὶρ
1187 1949 1320 2003 Θεοῦ
1351 1950 1758 2020 περιιπταμένη

186 2056 285 2106 καὶ
307 2047 702 2112 ἐπισκιάζουσα
723 2045 820 2114 τὴν
843 2043 1013 2111 αὐτῆς
1034 2041 1293 2112 κεφαλὴν,
1311 2041 1400 2093 καὶ
1417 2040 1758 2094 ἀποσοὸοὖσα

186 2148 375 2199 πᾶσαν
405 2143 681 2211 ἐνέργειαν
711 2135 1013 2206 βλαπτικήν
1034 2151 1048 2164 ο
1097 2134 1172 2196 ὡς
1215 2132 1280 2185 ἂν
1314 2131 1612 2185 εὐεκτοῦσα
1659 2132 1755 2185 σὺν

188 2237 364 2308 μητρὶ
385 2232 627 2302 θεοφόὸῳ
655 2227 876 2297 ἀποδοίη
902 2226 1000 2288 τὰς
1019 2225 1181 2295 εὐχάς
1203 2224 1370 2294 αὐτῆς
1395 2223 1760 2294 χαριστηρίως

185 2330 266 2399 τῷ
299 2325 514 2398 Κυρίῳ.

183 2463 333 2530 NT.
369 2488 440 2500 -—
475 2457 758 2530 Ἀντωνία)
802 2452 1114 2530 ὴῖουιιένφ
1139 2452 1268 2530 .τίίῦ
1319 2452 1489 2518 ἁγίου
1512 2451 1759 2530 "rh-pop:

648 2518 744 2577 καὶ
780 2518 902 2590 τοῖς
938 2518 1059 2577 ἀὺν
1083 2521 1264 2586 αὐτῷ.
1557 2518 1764 2594 [augt]

1859 1949 2108 2005 morbum
2131 1958 2188 2004 et
2215 1951 2529 2022 languorem
2556 1965 2773 2008 omnem
2817 1969 2830 2005 :
2879 1962 2934 2008 et
2963 1969 3158 2008 manus
3200 1953 3297 2008 Dei
3326 1953 3434 2008 cir-

1857 2050 2076 2098 cumeat
2120 2051 2281 2112 atque
2323 2044 2612 2099 obumbret
2657 2054 2817 2115 caput
2868 2045 3013 2102 illius
3041 2086 3057 2112 ,
3112 2055 3167 2102 et
3217 2046 3435 2100 noxiam

1861 2132 1972 2186 vim
2005 2147 2220 2186 omnem
2259 2132 2532 2201 depellat;
2578 2141 2659 2199 ut,
2706 2150 2828 2189 cum
2871 2137 2958 2206 pia
3001 2146 3195 2201 matre,
3220 2137 3435 2190 incolu-

1861 2224 1966 2279 mis
2018 2231 2143 2280 vota
2180 2238 2276 2278 sua
2313 2223 2544 2280 Domino
2581 2240 2706 2281 cum
2746 2226 3035 2298 gratiarum
3075 2228 3284 2284 actione
3312 2227 3435 2283 red-

1861 2318 1971 2373 dat.

1868 2455 2000 2514 LVI.
2031 2491 2099 2500 -—
2128 2460 2358 2514 Antonio
2403 2460 2896 2585 praapositowsancti
2936 2459 3124 2526 Petri,
3158 2469 3206 2515 et
3252 2462 3316 2515 iis
3347 2462 3435 2532 qui

2514 2546 2630 2583 cum
2669 2547 2684 2582 ι
2731 2546 2780 2583 o.

2514 2546 2630 2583 cum
2669 2546 2780 2583 mo.

185 2644 378 2695 Suadet
401 2647 456 2691 υι
479 2651 598 2702 pace
632 2635 864 2688 Εεειεείω
883 2637 978 2697 iam
1003 2649 1090 2698 Ρθι·
1110 2633 1458 2697 imperatorem
1477 2635 1907 2758 εοῐιεζὶῐξῖιῐὲὶ
1928 2642 2223 2762 ἵὲιςῑετοιια,
2250 2639 2782 2703 dictisoonditionibus,
2816 2643 3195 2692 communicent.
3229 2642 3433 2704 (Baron.

257 2811 372 2873 Τὰς
403 2808 468 2859 ὲκ
499 2804 695 2874 πολλῆς
728 2802 956 2872 συνοχῆς
980 2801 1074 2854 καὶ
1101 2800 1333 2869 θλίψεως
1366 2801 1592 2872 καρδίας
1629 2817 1766 2871 γρα-

189 2905 388 2973 φείσας
440 2899 572 2968 ἡμῖν
629 2893 917 2957 ἐπιστολὰς
962 2893 1112 2961 παρά
1159 2893 1256 2962 τῆς
1303 2893 1575 2963 πατρικῆς
1612 2892 1764 2962 ὑμῶν

189 2992 505 3064 ἁγιωσύνης
551 2987 862 3057 δεξάμενον
913 2986 1034 3037 ὅσον
1073 2983 1543 3053 κατεστενάξαμεν
1590 2984 1642 3037 τί
1686 2984 1768 3036 δεῖ

189 3087 284 3140 καὶ
316 3085 523 3151 λέγειν,
553 3079 857 3148 ἀδελφικοῖς
883 3075 1207 3143 σπλάγχνοις
1232 3075 1565 3145 κινούμενοι,
1594 3078 1641 3126 εί
1671 3077 1765 3127 καὶ

1931 2806 2068 2860 Cum
2103 2808 2362 2877 epistolas
2396 2817 2606 2864 vestras
2635 2823 2829 2880 magno
2863 2824 2987 2864 cum
3023 2809 3191 2863 animi
3233 2824 3436 2879 angore

1861 2907 1916 2952 et
1949 2898 2238 2954 aiﬂictione
2270 2900 2336 2954 ad
2368 2914 2467 2955 nos
2498 2901 2730 2969 scriptas
2789 2916 2818 2953 a
2864 2909 3092 2969 paterna
3149 2901 3437 2954 sanctitate

1861 2997 2039 3043 vestra
2097 2990 2498 3058 accepissemus
2543 3030 2560 3054 ,
2622 2996 2956 3058 quantopere
3008 2988 3436 3059 ingemuerimus

1861 3079 1987 3149 quid
2012 3079 2199 3134 dicere
2234 3079 2462 3144 attinet,
2513 3080 2766 3135 fraternis
2809 3079 3107 3134 visceribus
3139 3079 3435 3142 commoti,

189 3177 407 3240 ἀνάξιοι
431 3173 792 3241 τυγχάνομεν,
825 3167 916 3219 καὶ
947 3168 1008 3217 ὲκ
1039 3165 1437 3227 ταυτοπαθείας
1470 3166 1569 3229 τὴν
1603 3181 1759 3234 περι-

1865 3169 2076 3223 tametsi
2110 3168 2316 3241 indigni
2352 3171 2556 3234 simus,
2610 3184 2675 3224 ex
2720 3169 2877 3238 parili
2923 3183 3160 3224 mmrore
3193 3169 3434 3224 dolorem

189 3271 420 3337 πόνησιν
455 3263 610 3334 ὑμῶν
648 3255 1030 3330 στοχαζόμενοί
1065 3273 1122 3307 τε
1153 3257 1246 3308 καὶ
1274 3254 1760 3322 συνυφιστάμενοι;

189 3361 311 3415 οὐδὲ
341 3361 451 3429 γὰρ
480 3357 660 3419 ἄλλοις
685 3355 797 3406 ἔστι
823 3350 1184 3419 γνωρίζεσθαι
1213 3349 1273 3401 τὸ
1296 3346 1572 3416 ὀδυνηρὸν,
1599 3347 1632 3415 ἢ
1655 3348 1764 3408 τοῖς

188 3450 544 3523 όμοιοπαθῶς
576 3449 689 3509 τοῖς
719 3444 900 3504 αὐτοῖς
930 3439 1267 3511 ὲνεχομένοις
1295 3439 1578 3507 λυπηροῖς.
1623 3436 1762 3489 Ἀλλ’

191 3546 246 3597 αἱ
301 3540 568 3612 ἁμαρτίαι
611 3534 766 3606 ἡμῶν
803 3532 1055 3584 τοσοῦτον
1101 3529 1408 3599 ὲπλήθυναν
1443 3529 1499 3579 ἐν
1532 3528 1598 3596 τῇ
1622 3543 1763 3597 παρ-

191 3635 329 3706 ούσῃ
383 3631 548 3700 γενεᾷ
593 3627 693 3694 τῆς
741 3625 986 3692 ἀνομίας,
1015 3620 1172 3693 [C0d.
1199 3619 1332 3687 Reg.
1371 3617 1469 3688 τὴν
1508 3616 1762 3688 ἀνομίαν]

190 3725 461 3792 ψυγείσης
507 3717 606 3786 τῆς
639 3715 853 3783 ἀγάπης
884 3712 1026 3765 κατὰ
1064 3711 1154 3766 τὸν
1201 3709 1294 3762 τοῦ
1321 3708 1526 3779 Κυρίου
1572 3708 1758 3776 λόγον·

190 3817 332 3870 ὥστε
364 3813 494 3874 τοὺς
531 3804 839 3876 ὀφείλοντας
865 3803 1098 3856 διαλύειν
1146 3801 1216 3855 τὰ
1252 3800 1433 3854 σκῶλα
1469 3800 1560 3852 καὶ
1592 3815 1760 3869 προσ-

192 3908 476 3975 κόμματα,
497 3901 719 3959 τούτους
752 3896 820 3949 τὰ
869 3896 958 3948 ἴσα
999 3896 1032 3966 ἢ
1064 3895 1200 3963 τάχα
1227 3894 1322 3946 καὶ
1347 3892 1622 3962 δεινότερα
1650 3894 1762 3954 τοῖς

191 4001 248 4050 ὲν
281 3999 400 4058 ταῖς
435 3991 632 4058 ἔξωθεν
665 3988 858 4056 ἀρχαῖς
909 3984 1054 4037 ἔστιν
1091 3983 1223 4053 όρᾷν
1259 3983 1612 4052 πράττοντας.
1661 3984 1758 4031 Δε-

195 4085 485 4158 σμωτήριά
510 4097 665 4150 φατε,
691 4076 1012 4143 ἀπαγωγὰς,
1056 4075 1408 4143 ὀνειδισμοὺς,
1463 4073 1756 4140 διωγμοὺς,

191 4182 284 4233 καὶ
308 4176 660 4248 περιστάσεις
689 4170 1005 4238 ὑφεστάναι,
1035 4167 1128 4222 καὶ
1149 4165 1225 4218 ἔτι
1249 4164 1592 4235 ὑφίστασθαι,
1612 4163 1758 4236 παρὰ

191 4269 297 4320 τῶν
346 4263 694 4322 κρατούντων
730 4259 829 4320 τάς
859 4255 1178 4325 Ἐκκλησίας
1213 4252 1307 4307 τοῦ
1335 4253 1498 4305 Θεοῦο
1539 4253 1631 4304 καὶ
1663 4252 1760 4322 οὐχ

189 4359 271 4409 ὅτι
300 4325 442 4423 ὑπερ
473 4348 689 4417 ἐντολῆς
714 4344 1072 4415 ἐνιστάμενοι,
1099 4340 1235 4394 ἀλλά
1266 4343 1359 4392 καὶ
1385 4335 1758 4398 είιὲαλωκότες

191 4445 287 4519 ἦτε
341 4449 399 4499 ὲν
449 4439 894 4513 παραπτώμασιν
946 4430 1328 4503 ἀνθρωπίνοις,
1383 4428 1631 4496 οὖδαμῶς
1693 4429 1760 4480 τὰ

192 4539 414 4592 τοιαῦτα
473 4532 762 4588 πανθάνειν
810 4528 928 4592 ὲξδν
978 4521 1044 4597 ἦν
1101 4524 1227 4590 ὑμῖν
1276 4523 1425 4592 παρά
1486 4519 1757 4589 ποιμένων

192 4630 364 4681 Θεοῦ·
419 4628 495 4696 μὴ
537 4625 682 4689 ὅτιγε
730 4620 870 4688 ὑπὲρ
913 4613 1168 4684 ἀληθείας
1199 4609 1502 4665 διαθλοῦσιν
1529 4626 1540 4640 ·
1573 4604 1653 4672 οἷς
1696 4609 1756 4662 τὸ

193 4715 535 4770 ἐπαινεῖσθαι
578 4711 667 4763 καὶ
713 4701 1106 4777 μακαρίζεσθαι
1167 4699 1598 4770 κεχρεώστηται·
1661 4698 1756 4750 καὶ

192 4809 361 4861 ταῦτα
389 4806 469 4877 τῷ
503 4800 771 4874 μοναδικῷ
801 4792 1377 4861 κατακεκοσμημένοις
1406 4788 1757 4858 ἐπαγγέλμα-

193 4915 265 4949 τι.
300 4899 394 4950 Ἐκ
414 4895 525 4947 τῶν
553 4891 728 4961 ἔργων
759 4887 936 4940 αὐτῶν
966 4880 1330 4949 ἐπιγνώσεσθε
1363 4881 1577 4944 αὐτοὺς,
1606 4880 1708 4948 ἔφη
1733 4881 1760 4932 ὁ

196 4985 415 5055 Κύριος.
447 4982 522 5034 Οὐ
557 4979 724 5048 δήπου
752 4975 989 5028 τοιοῦτον
1018 4970 1167 5040 παρὰ
1190 4972 1304 5031 τοῖς
1336 4969 1512 5034 ἀγίοις
1538 4967 1761 5037 ἐγνωρί-

197 5077 320 5145 σθηο
377 5070 689 5127 τούναντίον
729 5067 785 5120 δὲ
819 5065 972 5118 αὐτοὶ
1014 5062 1212 5132 μᾶλλον
1262 5059 1589 5122 πεπονθότες
1621 5059 1758 5110 ὲδεί-

197 5181 382 5218 κνυντο
399 5159 774 5228 διδασκόμενοι
801 5154 952 5224 παρά
979 5154 1076 5221 τῆς
1100 5149 1464 5218 ἀποστολικῆς
1494 5149 1697 5217 φωνῆς,
1720 5149 1753 5218 ἦ

199 5269 326 5321 φησι
353 5250 484 5320 περὶ
511 5245 605 5300 τοῦ
629 5243 828 5314 Κυρίου
850 5258 863 5271 ·
897 5244 992 5307 Ὃς
1015 5239 1472 5306 λοιδορούμενος
1489 5239 1598 5290 οὐκ
1618 5238 1756 5293 άντ-

198 5342 495 5410 ελοιδόρει·
516 5336 769 5403 πάσχων
790 5336 902 5386 οὐκ
916 5331 1164 5398 ἠπείλει·
1185 5331 1411 5398 παρεῖχε
1436 5327 1492 5380 δὲ
1517 5329 1756 5397 εὐμενῶς

1866 3265 2106 3314 vestrum
2148 3262 2516 3326 aestimantes,
2570 3269 2731 3330 atque
2781 3277 2884 3315 una
2928 3260 3297 3317 sustinentes?
3327 3261 3439 3315 Nec

1866 3351 2011 3404 enim
2047 3349 2167 3404 aliis
2198 3351 2325 3404 licet
2356 3351 2630 3405 molestias
2661 3351 2931 3406 aestimare
2958 3392 2974 3417 ,
3022 3367 3182 3421 quam
3236 3350 3301 3406 iis
3342 3353 3435 3421 qui

1865 3440 2130 3494 consimili
2153 3440 2350 3495 affectu
2397 3441 2590 3494 iisdem
2628 3441 2892 3495 molestiis
2923 3452 3216 3508 anguntur.
3251 3440 3436 3494 Enim-

1865 3545 1994 3585 vero
2023 3540 2242 3599 peccata
2272 3542 2453 3586 nostra
2485 3547 2656 3602 usque
2685 3533 2820 3588 adeo
2865 3534 2918 3586 in
2959 3533 3060 3587 hoc
3087 3533 3285 3587 saeculo
3325 3535 3432 3587 ini-

1862 3622 2120 3689 quitatem
2151 3633 2544 3693 exaggerarunt
2571 3623 2955 3693 refrigescente
2985 3661 3000 3686 ,
3025 3624 3179 3693 juxta
3215 3625 3425 3680 Domini

1863 3711 2023 3765 verba
2052 3711 2120 3778 ⁸ο,
2151 3712 2447 3778 charitate;
2497 3721 2583 3777 ut,
2612 3713 2700 3782 qui
2729 3713 3051 3768 oll’endicula
3088 3722 3141 3769 et
3179 3717 3433 3770 scandala

1861 3815 2138 3854 removere
2165 3801 2477 3867 debebant,
2517 3817 2608 3856 eos
2644 3802 2826 3857 videre
2883 3804 2952 3857 sit
3004 3804 3154 3872 paria
3197 3820 3262 3859 ac
3313 3807 3424 3860 for-

1861 3899 2000 3943 tasse
2031 3890 2271 3959 graviora
2300 3893 2539 3946 externis
2568 3891 2973 3962 magistratibus
3005 3893 3204 3949 facere.
3239 3897 3432 3951 Carce-

1862 3997 1946 4035 res
1968 3982 2170 4045 dicitis,
2199 3983 2411 4046 exsilia,
2445 3984 2664 4052 probra,
2700 3985 3120 4053 persecutiones,
3145 3995 3200 4040 et
3231 4003 3430 4043 aerum-

1859 4088 1957 4126 nas
1991 4075 2315 4128 sustinuisse
2342 4089 2437 4128 vos
2461 4116 2475 4139 ,
2525 4091 2589 4132 ac
2616 4077 2910 4131 etiamnum
2955 4078 3221 4134 sustinere
3261 4080 3328 4135 ab
3369 4082 3432 4135 iis

1858 4165 1948 4233 qui
1997 4165 2268 4221 Ecclesias
2321 4165 2416 4220 Dei
2471 4167 2864 4226 moderantur:
2922 4183 3059 4242 quos
3103 4185 3208 4224 non
3257 4172 3432 4225 solum

1859 4269 1957 4322 pro
1992 4255 2246 4309 mandato
2276 4266 2600 4326 pugnantes,
2636 4257 2729 4311 sed
2758 4273 2827 4312 ne
2855 4258 2898 4312 si
2927 4259 3145 4328 quidem
3178 4260 3433 4315 humanis

1858 4342 2182 4397 criminibus
2217 4343 2296 4397 rei
2323 4346 2556 4411 essetis,
2590 4345 2712 4399 talia
2747 4362 2982 4416 unquam
3025 4363 3055 4401 a
3087 4349 3180 4403 Dei
3209 4352 3434 4421 pastori-

1859 4433 1961 4486 bus
2003 4434 2205 4502 perpeti
2252 4433 2332 4488 l'as
2367 4444 2548 4500 esset,
2600 4438 2798 4491 nedum
2837 4453 2936 4507 pro
2965 4441 3189 4494 veritate
3215 4451 3442 4502 certan-_

1862 4531 1943 4576 tes
1967 4562 1980 4585 ,
2018 4523 2213 4591 quibus
2243 4524 2360 4578 laus
2386 4525 2614 4580 debetur
2646 4536 2699 4581 et
2730 4529 3010 4584 beatitudo
3040 4545 3054 4583 :
3090 4541 3248 4600 atque
3278 4533 3429 4588 insu-

1863 4630 1961 4684 per
2011 4615 2309 4669 monastica
2358 4615 2693 4684 professione
2743 4619 2940 4672 ornati.
2999 4639 3014 4670 ι
3051 4620 3127 4674 Ex
3175 4624 3430 4691 operibus

1863 4719 2050 4757 eorum
2107 4708 2448 4773 cognoscetis
2505 4725 2640 4774 eos,
2673 4728 2691 4761 ι
2753 4711 2830 4763 ait
2874 4711 3134 4767 Dominus
3160 4713 3222 4766 ⁸³.
3277 4715 3428 4768 Haud

1864 4809 1993 4849 sane
2019 4796 2142 4849 talia
2171 4799 2226 4850 in
2251 4799 2453 4853 sanctis
2476 4810 2716 4868 spectata
2749 4810 2912 4866 sunt;
2947 4804 3079 4872 quin
3111 4804 3211 4873 ipsi
3245 4816 3428 4860 contra

1865 4887 1972 4954 pati
2013 4888 2187 4955 potius
2217 4889 2315 4944 visi
2351 4899 2478 4944 sunt
2508 4931 2522 4955 ,
2564 4893 2858 4961 apostolica
2891 4910 3024 4949 voce
3054 4897 3229 4950 edocti
3257 4939 3270 4963 ,
3308 4914 3429 4966 qua:

1867 4976 1934 5030 dc
1965 4975 2190 5030 Domino
2222 4977 2300 5033 sic
2325 4979 2400 5033 ait
2429 4998 2444 5034 :
2487 4979 2591 5046 Qui
2623 4997 2740 5034 cum
2771 4985 3166 5038 malediceretur
3189 5003 3288 5038 non
3313 5005 3426 5040 ma-

1868 5065 2168 5119 ledicebat:
2219 5083 2336 5121 cum
2389 5079 2659 5138 pateretur
2711 5089 2814 5126 non
2866 5077 3284 5128 comminabatur
3335 5075 3380 5107 "
3412 5119 3425 5141 .

1867 5155 2141 5222 praebebat
2182 5168 2360 5213 autem
2403 5160 2611 5229 placide
2649 5161 2888 5216 divinam
2937 5165 3207 5218 maxillam
3237 5180 3430 5234 percu-

1867 5236 2020 5297 tienti
2051 5244 2117 5298 ⁸³.
2167 5245 2310 5301 Hinc
2339 5247 2541 5305 Christi
2590 5259 2837 5319 pastores
2870 5252 2980 5308 noti
3026 5272 3040 5308 :
3091 5254 3238 5308 illinc
3268 5256 3428 5309 alieni

1863 5339 2118 5407 episcopi.

199 5422 271 5497 τῷ
322 5431 532 5484 παίοντι
584 5425 677 5479 καὶ
725 5423 820 5495 τὴν
863 5423 1011 5475 θείαν
1073 5418 1318 5487 σιαγόνα.
1376 5417 1656 5471 Ἐντεῦθεν
1714 5424 1762 5472 οἱ
1837 5429 2091 5497 ποιμένες
2162 5431 2398 5500 Χριστοῦ
2437 5432 2730 5504 γνώριμοι·
2784 5434 3036 5489 κάκεῖθεν
3071 5437 3120 5490 (λι
3161 5436 3433 5512 dum?“-

201 5541 508 5577 επισκοποι.

279 5615 435 5668 ’ΛλἏὰ
455 5613 514 5665 τί
552 5611 630 5663 δεῖ
670 5611 896 5675 παθείνς
938 5606 1074 5663 κατὰ
1104 5604 1196 5677 τὴν
1226 5603 1571 5674 ἐνσκήψασαν
1602 5607 1659 5659 ἐν
1690 5612 1753 5679 τῇ

1933 5613 2036 5668 Sed
2066 5615 2242 5682 qualia
2277 5617 2383 5686 pati
2419 5632 2640 5675 necesse
2688 5620 2813 5675 est?
2843 5619 2916 5675 ob.
2959 5620 3294 5693 ingruentem
3337 5623 3435 5677 hac

267 5791 308 5821 '°
344 5794 526 5850 Matth.
564 5809 705 5857 xstv,
750 5793 828 5846 l2.
905 5794 947 5823 ⁸¹
978 5793 1171 5848 Matth.
1205 5809 1297 5857 vn,
1333 5794 1414 5848 lO.
1493 5794 1534 5824 ⁸³
1580 5795 1593 5846 l
1630 5795 1755 5849 l’etr

1863 5836 1874 5858 ,
1909 5796 1995 5848 25.
2075 5794 2117 5824 ⁸³
2155 5794 2284 5850 Luc.
2320 5814 2389 5862 γι,
2424 5796 2512 5852 26.
