4008 6318
611 343 747 411 1111

1798 350 1856 408 S.
1887 346 2276 409 THEODOIU
2312 347 2398 405 ST
2407 347 2656 406 UDITJS

3731 342 3871 406 1112

603 464 799 514 misera
826 467 982 511 aetate
1014 466 1200 511 nostra
1230 458 1626 528 improbitatem
1655 457 1934 512 hominum
1963 477 1975 510 :
2008 471 2173 526 quam

2275 457 2506 525 ταπεινῇ
2539 455 2694 525 ήμῶν
2730 455 2890 524 γενεᾷ
2928 455 3227 525 μοχθηρίαν
3265 455 3373 509 τῶν
3405 453 3736 526 ἀνθρώπων
3759 473 3774 486 ·
3806 459 3872 526 ἢν

605 551 716 615 illi,
753 550 975 620 gloriam
1009 549 1268 604 ducentes
1292 588 1308 612 ,
1355 550 1518 603 etiam
1547 557 1859 615 ostentant;
1891 549 2035 618 quod
2069 549 2169 601 ini-

603 659 775 711 quum
809 650 896 696 est
928 656 1140 710 :equum
1174 641 1501 694 aestimantes
1527 679 1542 704 ,
1583 640 2066 709 auctoritatemque
2115 650 2171 694 et

605 734 890 803 imperium
915 747 1073 785 suum
1107 733 1173 786 ad
1201 732 1560 802 oppugnanda
1587 731 1682 785 Dei
1713 740 1982 801 praecepta
2009 745 2167 784 exer-

605 834 808 880 centes.
839 824 1038 878 Verum
1073 825 1147 877 illi
1179 841 1298 893 qua:
1325 833 1648 894 gesserunt,
1680 839 1906 893 quaeque
1935 833 2167 894 gerunt,

605 915 894 984 aliquando
924 915 1242 970 inveniant:
1269 924 1362 968 aut
1387 915 1596 969 veniam
1625 915 1802 983 p0tius
1825 929 2168 983 consequan-

605 1018 693 1061 tur
724 1024 754 1061 a
793 1007 988 1062 Judice
1021 1008 1358 1077 incorrupto,
1411 1008 1501 1076 qui
1555 1008 1688 1061 nihil
1736 1008 2168 1074 inexploratum,

607 1101 942 1168 inultumque
977 1101 1265 1154 relicturus
1292 1109 1376 1154 est
1405 1101 1458 1153 in
1498 1101 1583 1154 die
1619 1101 1829 1169 judicii.
1871 1101 1976 1154 Vos
2007 1116 2168 1163 vero,

606 1189 800 1242 fratres
827 1188 1131 1242 charissimi
1158 1229 1172 1252 ,
1210 1204 1272 1242 ac
1302 1188 1488 1244 Patres
1517 1191 1952 1244 reverendissimi
1973 1232 1985 1253 ,
2041 1205 2169 1261 gau-

606 1279 729 1334 dete
789 1290 843 1334 et
898 1279 1205 1345 cxsultate,
1258 1280 1513 1349 quoniam
1563 1281 1759 1335 divinae
1817 1281 2169 1335 beatitudinis

604 1371 828 1441 gloriam
892 1372 1220 1442 reportatis,
1266 1380 1320 1424 et
1363 1370 1564 1425 Christi
1605 1371 1893 1439 opprobria
1937 1371 2168 1441 gloriose

606 1462 921 1532 suscepistis
945 1503 960 1527 ,
997 1462 1208 1532 exiguis
1240 1462 1518 1516 laboribus
1550 1471 1605 1516 et
1645 1461 1901 1516 arumnis
1941 1463 2169 1516 maxima

607 1561 662 1606 et
693 1551 1024 1621 sempiterna
1057 1552 1278 1621 przemia
1306 1561 1721 1620 consequentes.
1777 1552 1844 1605 Et
1871 1553 2123 1621 quoniam
2151 1592 2165 1616 ,

609 1651 666 1696 ut
698 1644 804 1713 jam
835 1650 960 1696 ante
982 1642 1322 1711 scripsimus,
1349 1642 1442 1696 Dei
1470 1642 1659 1711 optimi
1692 1643 1956 1697 beneficio
1985 1643 2170 1698 subla-

608 1743 693 1788 tus
721 1743 803 1787 est
830 1734 895 1796 is,
926 1734 1080 1803 cujus
1103 1749 1263 1787 causa
1296 1733 1578 1787 dissidiuln
1615 1733 1670 1786 in
1713 1731 1951 1788 Ecclesia
1983 1745 2166 1787 nostra

606 1822 857 1877 exstitit:
887 1822 1081 1876 victrix
1116 1837 1225 1891 pax
1262 1821 1494 1876 obtinuit
1530 1831 1663 1875 nutu
1698 1831 1752 1876 et
1777 1822 2092 1876 auctoritate
2115 1833 2169 1876 et

608 1913 960 1983 benignitate,
991 1911 1182 1965 addam
1213 1921 1267 1965 et
1295 1911 1509 1965 hortatu
1532 1911 1988 1980 triumphatorum
2017 1911 2174 1964 Chri-

606 2007 781 2074 Stique
809 2004 1105 2057 amantium
1127 2003 1514 2071 imperatorum
1546 2013 1853 2056 nostrorum
1873 2041 1888 2066 ,
1929 2017 2030 2058 nec
2063 2017 2172 2056 non

607 2111 771 2165 opera
801 2103 856 2148 et
883 2093 1199 2148 defensione
1229 2093 1558 2149 sanctissimi
1595 2094 1918 2163 patriarcha:
1965 2094 2168 2159 nostri;

607 2189 689 2244 sic
713 2187 858 2241 enim
900 2187 1156 2255 deinceps
1197 2184 1470 2254 appellare
1519 2192 1748 2253 oportet.
1803 2183 2073 2254 Suscipiat
2119 2196 2174 2240 et

607 2279 878 2333 sanctitas
893 2286 1070 2330 vestra
1100 2292 1220 2344 quae
1269 2292 1297 2330 a
1341 2277 1497 2330 nobis
1528 2277 1820 2329 humilibus
1847 2277 2016 2330 multa
2051 2294 2172 2331 cum

608 2369 979 2439 speculatione
1015 2376 1069 2421 et
1112 2367 1552 2435 inuestigatione,
1591 2376 2048 2434 paternarumque
2082 2383 2172 2420 ac—

610 2464 816 2517 tionum
840 2461 1319 2529 contemplatione,
1344 2477 1404 2513 ac
1422 2460 1796 2513 scandalorum
1822 2476 2034 2528 quoque
2055 2477 2174 2529 qua

609 2555 663 2608 in
696 2552 930 2609 Ecclesia
967 2553 1239 2605 interdum
1261 2551 1609 2620 contigerunt
1631 2591 1645 2615 ,
1681 2550 1975 2618 diiudicata
2000 2562 2053 2604 ct
2082 2567 2176 2620 ap-

609 2646 837 2716 probata
871 2643 1091 2697 fuerunt
1135 2659 1147 2695 :
1191 2652 1249 2695 ut
1295 2641 1374 2696 sic
1417 2641 1581 2694 etiam
1619 2639 1672 2693 in
1702 2640 1905 2695 Christi
1937 2641 2175 2696 Ecclesia

607 2753 729 2806 qua:
777 2736 920 2804 apud
965 2750 1067 2789 nos
1108 2744 1227 2799 est,
1281 2749 1380 2802 pax
1432 2731 1524 2786 Dei
1576 2743 1762 2803 regnet
1823 2733 1878 2787 in
1920 2735 2175 2789 cordibus

610 2825 871 2880 omnium.
904 2824 1016 2878 Nec
1046 2823 1189 2877 enim
1218 2865 1232 2887 ,
1271 2823 1374 2876 nisi
1409 2823 1511 2877 hoc
1556 2821 1786 2878 facimus
1808 2864 1823 2890 ,
1869 2835 2116 2879 sanctum
2146 2841 2175 2879 a

609 2916 720 2969 Deo
744 2913 1102 2983 reputabitur,
1126 2927 1228 2968 nec
1252 2912 1472 2966 victoria
1499 2913 1658 2966 nobis
1685 2914 1789 2968 erit
1814 2932 1824 2966 :
1853 2915 1986 2983 quin
2011 2916 2175 2968 antit-

612 3016 790 3060 tcmus
818 3005 1045 3059 forsitan
1073 3012 1278 3059 rectum
1318 3003 1584 3057 curiosius
1624 3004 1963 3072 inquirentes
1991 3047 2005 3067 ,
2042 3006 2175 3061 illud

610 3099 772 3153 etiam
822 3098 964 3168 quod
1009 3097 1272 3151 hactenus
1317 3096 1606 3166 praeteritis
1653 3097 1925 3152 laboribus
1972 3098 2174 3151 bonum
2202 3112 2246 3173 ο

610 3191 906 3262 exegimus.
934 3190 1176 3261 Accipite
1205 3206 1331 3260 ergo
1355 3232 1369 3256 ,
1405 3191 1739 3244 obtestamur
1762 3231 1776 3255 ,
1817 3200 1870 3245 et
1912 3191 2169 3260 suscipite

610 3281 1019 3335 sanctissimum
1057 3281 1417 3349 patriarcham
1462 3292 1746 3346 nostrum,
1787 3293 1842 3337 et
1870 3283 2173 3337 communi-

611 3380 752 3436 Cate,
808 3371 861 3424 in
892 3370 1087 3440 quibus
1122 3369 1406 3424 manifesta
1441 3385 1550 3424 non
1589 3379 1673 3423 est
1709 3371 1982 3440 iniquitas,
2010 3371 2172 3426 etiam

612 3463 872 3532 episcopo
903 3469 1126 3517 vestro:
1181 3476 1243 3515 ea
1289 3477 1409 3531 qua:
1454 3461 1910 3526 intercesserunt,
1949 3463 2174 3517 Domino

612 3551 988 3621 permittentes
1045 3550 1256 3605 censori
1329 3560 1383 3605 et
1447 3553 1838 3606 remuneratori
1905 3553 2172 3607 factorum

613 3645 1007 3713 dictorumque.
1054 3643 1134 3696 Ad
1166 3645 1268 3697 hoc
1304 3642 1449 3697 enim
1481 3643 1679 3712 ipsum,
1717 3644 1968 3713 precibus
1999 3645 2171 3700 inter-

614 3735 834 3804 positis,
865 3733 1251 3804 appellavimus
1293 3743 1346 3788 et
1376 3734 1777 3789 sanctissimum
1811 3735 2171 3806 patriarcham

615 3838 901 3892 nostrum,
948 3835 1008 3881 ut
1058 3826 1367 3880 liberemini
1418 3843 1516 3881 vos
1549 3842 1764 3896 quoque
1812 3843 1842 3881 a
1882 3829 2170 3895 custodia;

615 3928 776 3987 atque
804 3933 832 3970 a
860 3918 1016 3972 vobis
1047 3919 1337 3972 constituta
1365 3919 1515 3989 pacis
1545 3919 1690 3973 inter
1720 3935 1816 3974 vos
1846 3929 2046 3975 tessera
2075 3963 2087 3986 ,
2129 3923 2176 3976 si

614 4009 744 4079 quid
767 4009 1150 4063 controversia:
1169 4009 1361 4072 subsit,
1383 4009 1526 4062 illico
1547 4009 1858 4063 decidatur:
1886 4019 1981 4063 aut
2002 4010 2044 4064 si
2071 4011 2176 4066 tale

615 4102 716 4166 sit,
766 4111 822 4155 ut
849 4110 1028 4156 vestro
1055 4099 1177 4155 istic
1219 4111 1274 4155 et
1307 4101 1745 4156 reverendissimi
1779 4103 2026 4172 episcopi
2044 4118 2172 4156 con-

616 4206 804 4262 gressu
853 4191 1032 4246 curari
1085 4201 1319 4262 nequeat
1367 4208 1380 4244 :
1435 4207 1618 4246 coram
1673 4192 1792 4261 ipso
1838 4193 2176 4248 meumenico

616 4283 923 4353 patriarcha
969 4283 1144 4338 morbi
1190 4299 1380 4338 omnes
1411 4292 1707 4348 sanentur,
1744 4294 2177 4355 concurrantque

617 4374 865 4430 universa
891 4374 956 4429 ad
985 4375 1136 4448 pacis
1180 4374 1416 4430 laetitiam
1448 4375 1862 4444 concordiaeque
1891 4375 2176 4430 sincerita-

618 4473 745 4520 tem.

959 4756 1116 4813 LVII.
1154 4787 1221 4799 —
1262 4755 1480 4812 Platoni
1517 4757 1674 4812 Patri
1710 4775 1827 4812 suo.

2273 546 2369 598 καὶ
2389 546 2464 608 ὠς
2495 545 2717 616 αὔχημα
2748 545 3060 616 ποιούμενοι
3093 545 3444 615 σεμνύνονται
3471 584 3488 611 ,
3521 546 3588 599 τὸ
3617 547 3871 616 παράνο-

2275 656 2370 707 μον
2397 638 2616 706 ἔννομον
2647 637 3002 708 λογιζόμενοι,
3030 638 3150 691 κατ’
3172 639 3524 708 ἐναντιότητα
3553 636 3670 689 τῶν
3699 638 3870 690 θείων

2273 729 2713 799 προσταγμάτων
2736 729 2834 800 τὴν
2864 730 3197 799 προστασίαν
3229 730 3648 799 μετερχόμενοι.
3688 731 3868 782 Ἐκεῖ-

2271 838 2350 873 νοι
2385 822 2482 890 μὲν
2509 816 2601 874 οὖν
2630 821 2665 874 ἃ
2688 821 2977 892 δεδράκασι
3013 824 3106 875 καὶ
3131 821 3329 890 δρῶσιν
3352 821 3575 892 εὕροιεν
3599 863 3614 887 ,
3651 821 3865 890 μᾶλλον

2270 909 2326 964 δὲ
2381 912 2783 982 συγχωρηθεῖεν
2836 913 2984 982 παρά
3024 913 3118 965 τοῦ
3158 912 3454 966 ἀδεκάστου
3506 913 3735 983 κριτοῦ,
3770 914 3864 965 τοῦ

2273 1003 2348 1070 μὴ
2398 1002 2575 1055 ὁτιοῦν
2614 1003 2963 1066 ἀνεξέταστον
3008 1005 3101 1058 καὶ
3143 1004 3432 1064 ἀνεύθυνον
3466 1004 3864 1074 παραϐλέπειν

2274 1093 2560 1162 μέλλοντος
2601 1095 2658 1146 ἐν
2693 1094 2875 1164 ἡμέρᾳ.
2902 1094 3155 1163 κρίσεως.
3191 1096 3378 1165 Ὑμεῖς
3419 1098 3501 1158 δὲ,
3531 1091 3580 1148 ὦ
3633 1098 3863 1162 ἀδελφοὶ

2271 1182 2608 1252 τιμιώτατοι,
2675 1185 2765 1237 καὶ
2813 1185 3054 1254 Πατέρες
3109 1185 3568 1255 σεδασμιώτατοι,
3625 1189 3860 1255 χαίρετε

2271 1277 2361 1329 καὶ
2392 1277 2762 1349 εὐφραίνεσθε,
2795 1279 2875 1331 ὅτι
2898 1279 2991 1331 τοῦ
3029 1278 3185 1331 Θείου
3213 1278 3569 1348 μακαρισμοῦ
3600 1279 3662 1331 τὸ
3699 1280 3860 1341 κλέος

2270 1369 2653 1438 ἀπηνέγκασθε
2681 1389 2694 1402 ·
2727 1371 2822 1422 καὶ
2851 1373 2919 1424 τά
2943 1371 3040 1438 τῆς
3063 1372 3283 1442 ἀτιμίας
3312 1371 3405 1424 τοῦ
3431 1373 3680 1441 Χριστοῦ
3715 1373 3852 1425 ἐντί-

2273 1476 2389 1528 μως
2412 1459 2760 1526 ὑπεδέξασθε,
2800 1463 3016 1530 μικροῖς
3049 1462 3237 1524 κόποις
3263 1464 3357 1515 καὶ
3389 1463 3570 1530 ἀγῶσι
3613 1465 3857 1532 μέγιστα

2270 1555 2366 1602 καὶ
2411 1553 2600 1604 αἰώνια
2639 1552 3107 1623 ἀνταμειόόμενοι.
3147 1554 3255 1608 Καὶ
3298 1555 3508 1626 ἐπειδὴ,
3534 1557 3712 1619 ,καθὰ
3767 1558 3857 1608 καὶ

2272 1644 2755 1713 προγεγράφαμεν,
2794 1645 3011 1715 εὐδοκία
3047 1645 3142 1698 τοῦ
3185 1647 3534 1715 ὑπεραγάθου
3577 1648 3725 1701 Θεοῦ
3766 1651 3857 1701 ὲκο

2273 1729 2446 1782 ποδὼν
2469 1732 2677 1798 γέγονε,
2710 1733 2775 1784 δι’
2805 1727 2866 1786 οῦ
2891 1736 2920 1802 ἡ
2945 1734 3176 1803 διχόνοια
3205 1736 3263 1788 ὲν
3289 1739 3352 1806 τῇ
3390 1737 3512 1789 καθ’
3542 1740 3700 1807 ἡμᾶς
3735 1740 3857 1793 Ἐκ-

2273 1820 2471 1891 κλησίᾳ
2493 1822 2741 1892 ὑπήρχθη
2762 1841 2777 1856 ο
2811 1823 3170 1894 βεόράϐευται
3192 1828 3224 1894 ἡ
3251 1827 3459 1896 είρήνη,
3492 1829 3741 1898 νεύμασι
3765 1835 3858 1883 καὶ

2272 1912 2466 1979 ῥοπαῖς
2513 1913 2603 1964 καὶ
2646 1914 2949 1981 εὐμενείαις
2971 1930 2984 1944 ·
3017 1915 3308 1985 προσθείην
3340 1917 3386 1968 δ’
3419 1917 3485 1970 ἂν
3524 1920 3624 1971 καὶ
3676 1936 3854 1988 παρα-

2272 2000 2493 2070 κλήσεσι
2520 2003 2624 2056 τῶν
2655 2005 2975 2058 καλλινίκων
3003 2008 3096 2058 καὶ
3120 2007 3472 2076 φιλοχρίστων
3502 2009 3667 2078 ἡμῶν
3699 2011 3852 2079 βασι-

2271 2091 2446 2143 λέωνο
2508 2094 2762 2163 συνεργίᾳ
2811 2111 2869 2146 τε
2927 2097 3018 2147 καὶ
3066 2097 3327 2167 ἀπολογίᾳ
3382 2099 3475 2150 τοῦ
3529 2101 3850 2167 ἀγιωτάτου

2271 2184 2301 2248 ὴ
2313 2181 2426 2251 μῶν
2460 2185 2822 2253 πατριάρχου·
2847 2185 2927 2238 δεῖ
2945 2188 3049 2258 γὰρ
3080 2187 3186 2240 ἀπὸ
3213 2188 3307 2242 τοῦ
3337 2187 3431 2241 νῦν
3463 2189 3611 2243 οὕτω
3639 2193 3846 2244 καλεῖν.

2272 2274 2521 2336 Δεξάσθω
2569 2276 2662 2328 καὶ
2707 2279 2738 2346 ἡ
2775 2279 3015 2346 ὑμετέρα
3046 2280 3258 2350 ὁσιότης
3295 2281 3361 2334 τά
3399 2284 3719 2354 παρ’ήμῶν
3743 2287 3849 2338 τῶν

2271 2382 2333 2417 τα
2347 2368 2537 2418 πεινῶν
2569 2367 2663 2418 σὺν
2695 2367 2861 2438 πολλῇ
2893 2369 3079 2438 σκέψει
3109 2371 3203 2423 καὶ
3234 2372 3567 2443 διερευνήσει
3599 2376 3846 2429 ἀναθεω⁹

2277 2458 2429 2526 ρήσει
2459 2475 2516 2509 τε
2547 2459 2653 2510 τῶν
2681 2460 2961 2529 πατρικῶν
2987 2463 3358 2532 ἀναστροιρῶν,
3382 2465 3490 2516 τῶν
3517 2483 3576 2517 τε
3610 2467 3730 2519 ἔσθ’
3762 2471 3846 2519 ὅτε

2277 2548 2748 2602 ὑποπεπτωκότων
2785 2551 3098 2604 σκανδάλων
3131 2553 3619 2621 ὲκκλησιαστικῶν,
3654 2560 3845 2627 ἐγκρι-

2276 2638 2434 2690 θέντα
2481 2640 2570 2690 καὶ
2621 2641 3016 2710 περαιωθέντα·
3068 2643 3153 2695 ἵνα.
3188 2643 3328 2696 οὕτω
3370 2645 3464 2698 καὶ
3509 2648 3566 2699 ἐν
3613 2653 3681 2719 τῇ
3728 2650 3828 2702 καθ

2275 2729 2421 2797 ἡμᾶς
2446 2727 2599 2799 [Reg
2627 2730 2746 2783 cod.
2776 2731 2941 2803 ὑμᾶς]
2973 2733 3266 2803 Ἐκκλησία
3295 2735 3388 2788 τοῦ
3417 2737 3658 2806 Χριστοῦ
3689 2740 3841 2812 [εἶρε.

2276 2819 2398 2873 cod.
2426 2819 2608 2891 Θεοῦ],
2645 2821 2677 2890 ἡ
2729 2822 2916 2892 εἰρήνη
2951 2822 3042 2875 τοῦ
3077 2823 3211 2876 Θεοῦ
3257 2825 3529 2900 βραϐεύσῃ
3571 2831 3678 2895 τὰς
3709 2851 3841 2904 καρ.

2275 2909 2392 2973 δίας
2419 2911 2528 2964 τῶν
2557 2911 2827 2966 ἁπάντων.
2852 2913 2983 2966 Οὐδὲ
3005 2914 3131 2986 γάρ,
3161 2917 3208 2969 εί
3234 2918 3308 2988 μὴ
3337 2920 3491 2972 τοῦτο
3514 2925 3840 2996 πράξοιμεν,

2277 3002 2421 3054 ὅσιον
2445 3002 2521 3071 τῷ
2550 3003 2666 3073 Θεῷ
2693 3003 3067 3075 λογισθήσεται
3089 3023 3102 3037 ·
3128 3007 3247 3060 οὔτε
3275 3010 3304 3078 ἡ
3315 3011 3406 3078 μίν
3433 3013 3580 3074 νῖκος
3615 3019 3842 3086 γενήσε-

2277 3105 2391 3140 ται·
2422 3091 2873 3162 προσαπόλλυμεν
2897 3093 2951 3146 δὲ
2973 3095 3130 3163 τάχα,
3150 3097 3433 3168 ζητοῦντες
3463 3106 3843 3176 περισσότερον

2278 3179 2337 3232 τὺ
2365 3179 2557 3243 δεξιὸν,
2597 3182 2689 3234 καὶ
2726 3182 2754 3234 ὃ
2783 3185 2893 3247 τοῖς
2925 3185 3257 3254 προλαϐοῦσι
3293 3188 3480 3251 κόποις
3508 3190 3842 3266 διηνύκαμεν

2279 3271 2500 3339 ἀγαθόν.
2525 3272 2757 3338 Δέξασθε
2783 3277 3086 3346 τοιγαροῦν,
3117 3280 3561 3349 παρακαλοῦμεν,
3587 3287 3686 3338 καὶ
3715 3291 3842 3342 ἀπο-

2278 3358 2499 3425 δέξασθε
2532 3359 2622 3414 τὺν
2653 3361 2950 3428 ἁγιώτατον
2997 3366 3151 3433 ήμῶν
3191 3368 3567 3439 πατριάρχην’
3603 3381 3842 3429 κοινωνοί

2278 3469 2336 3504 τε
2371 3453 2579 3518 ἔσεσθε,
2609 3456 2666 3506 ἐν
2699 3449 2779 3517 οἷς
2813 3455 2872 3508 οὐ
2911 3457 3188 3526 προδήλως
3216 3461 3250 3528 ἠ
3281 3462 3618 3532 παρανομία,
3657 3471 3748 3521 καὶ
3771 3471 3841 3537 τῷ

2281 3543 2399 3596 καθ’
2427 3545 2570 3614 ὑμᾶς
2618 3546 2920 3616 ἑπισκόπῳ,
2952 3549 3013 3601 τὸ
3043 3549 3131 3603 διὰ
3175 3551 3342 3620 μέσου
3381 3560 3840 3629 παραχωροῦντες

2280 3633 2356 3702 τῷ
2386 3635 2572 3705 Κυρίῳ
2600 3635 2677 3706 τῷ
2721 3638 2980 3708 ὲξεταστῇ
3015 3642 3108 3692 καὶ
3136 3641 3371 3714 ἀποδότῃ
3395 3645 3502 3698 τῶν
3533 3654 3838 3716 πρακτέων,

2278 3725 2391 3777 τῶν
2412 3726 2639 3796 ρητέων.
2664 3728 2807 3797 Πρὸς
2827 3728 2984 3782 τοῦτο
3007 3730 3115 3802 γὰρ
3136 3731 3266 3785 αὐτὸ
3284 3734 3462 3804 δεήσει
3482 3741 3837 3808 χρησάμενοι,

2281 3817 2732 3886 παρωρμήσαμεν
2752 3819 2846 3871 καὶ
2873 3820 2965 3873 τὸν
2992 3821 3289 3890 ἁγιώτατον
3319 3825 3474 3895 ήμῶν
3498 3832 3838 3902 πατριάρχην

2262 3906 2600 3992 Δἐπιστεῖλαι,
2634 3906 2709 3969 ὡς
2741 3908 2807 3960 ἂν
2841 3910 3075 3980 ἁφεθῆτε
3105 3912 3198 3966 καὶ
3226 3913 3378 3967 αὐτοὶ
3407 3916 3518 3969 τῶν
3555 3918 3834 3986 φυλακῶν·

2281 3999 2500 4068 εἰρήνης
2527 4016 2585 4052 τε
2617 3999 2866 4070 σύνθημα
2893 4003 3028 4074 πρὸς
3052 4002 3312 4076 ἀλλήλους
3334 4010 3722 4079 ποιησάμενοι·
3749 4015 3839 4067 κάν

2280 4104 2332 4139 τι
2372 4089 2841 4160 ἀμφιϐαλλόμενον
2873 4087 2926 4165 ᾖ,
2960 4094 3158 4148 αὐτίκα
3201 4095 3510 4169 διαλυθείηο
3541 4102 3576 4172 ἢ
3614 4103 3838 4165 ἀνιάτως

2280 4179 2401 4248 ἔχον
2439 4181 2525 4235 διὰ
2560 4183 2659 4252 τῆς
2693 4183 2921 4237 ἐνταῦθα
2960 4185 3116 4255 ἡμῶν
3158 4204 3218 4240 τε
3268 4189 3361 4242 καὶ
3384 4191 3478 4244 τοῦ
3511 4198 3836 4265 τιμιωτάτου

2281 4273 2576 4326 ἐπισκόπου
2606 4275 2988 4340 είσελεύσεως·
3021 4278 3112 4331 ἐπὶ
3145 4281 3416 4352 παρουσίᾳ
3452 4282 3548 4336 τοῦ
3582 4287 3749 4340 αὑτοῦ
3773 4291 3839 4338 ol-

2282 4361 2604 4429 κουμενικοῦ
2635 4364 2968 4435 πατριάρχου
2992 4364 3298 4437 θεραπευθῇ
3327 4367 3395 4420 τὰ
3416 4368 3835 4443 ἀρρωστήματα,

2202 4459 2253 4519 Ι)
2280 4456 2370 4505 καὶ
2404 4454 2758 4536 συνδράμοιεν
2803 4455 2871 4507 τά
2918 4456 3097 4511 πάντα
3141 4457 3278 4528 πρὸς
3311 4457 3580 4530 θυμηδίαν
3627 4467 3836 4535 εἰρήνης

2287 4549 2376 4602 καὶ
2404 4548 2655 4618 ὁμονοίας
2689 4547 3112 4619 είλικρινότητα.

2571 4752 2693 4809 NZ'.
2723 4785 2792 4796 —
2819 4755 3092 4809 Πλάτωνι
3122 4757 3319 4823 οἰκείῳ
3341 4759 3545 4826 Πατρι.

618 4875 842 4923 Vinctum
867 4873 1147 4920 consolatur
1169 4872 1390 4919 vinctus:
1417 4868 1566 4918 animi
1598 4871 1674 4932 sui
1711 4875 1889 4932 statum
1909 4871 2129 4932 exponit,
2167 4869 2850 4932 prmcipuequantumrapiat
2874 4869 3084 4932 fructum
3111 4881 3172 4917 ex
3219 4867 3538 4918 Eucharistie
3569 4884 3658 4919 usu
3685 4874 3834 4931 quoti-

710 4935 871 4991 diano,
894 4946 1043 5000 quem
1067 4931 1718 5000 magnoperehcommeudat.
1749 4931 1939 5000 (Exstat
1962 4929 2296 5000 hmc‘epistola
2319 4929 2365 4979 in
2390 4931 2489 4979 MS.
2511 4929 2713 4992 collegii
2739 4931 2895 4979 nostri
2920 4929 3216 4979 Parisiensis
3239 4939 3382 4979 extra
3411 4933 3617 4980 aliarum
3635 4929 3828 4982 seriem:

711 4991 932 5056 tempore
962 4992 1096 5056 prior
1125 4991 1184 5042 iis
1201 4991 1310 5055 quas
1344 4991 1468 5041 libro
1489 4993 1704 5041 secundo
1729 4991 2089 5049 centinentur.)

688 5165 828 5232 Quid
865 5165 1063 5219 misero
1090 5164 1242 5225 mihi,
1269 5162 1426 5215 Pater
1455 5171 1658 5224 sancte,
1686 5178 1748 5216 ea
1778 5163 2026 5232 praecipis
2051 5179 2170 5232 quae

619 5259 761 5312 vires
791 5271 938 5309 meas
963 5253 1262 5322 superant?
1290 5252 1398 5322 Ego
1427 5268 1455 5304 a
1487 5262 1538 5305 te
1569 5253 1738 5307 debeo
1765 5254 2022 5308 doctrinae
2054 5255 2173 5308 luce

619 5347 961 5409 collustrari;
997 5355 1050 5398 et
1080 5347 1193 5414 ipse
1226 5355 1381 5413 Optas
1430 5360 1458 5396 a
1502 5359 1586 5396 me
1629 5345 1719 5412 qui
1769 5360 1886 5397 sum
1939 5347 2174 5399 tenebris

619 5438 824 5492 obsitus
852 5435 1086 5496 edoceri,
1121 5445 1174 5488 et
1205 5435 1307 5487 hoc
1343 5433 1526 5501 utique
1563 5450 1646 5486 me
1679 5435 1742 5486 ad
1780 5435 1943 5488 animi
1975 5436 2172 5489 demis-

619 5530 826 5583 sioncm
883 5526 1199 5579 iuformans.
1242 5523 1348 5577 Nec
1390 5541 1520 5577 vero
1570 5525 1694 5591 quid
1743 5526 1917 5578 dicam
1961 5526 2172 5590 habeo,

619 5619 761 5688 quod
784 5618 853 5671 sit
879 5617 1106 5684 tempori
1137 5616 1599 5670 accommodatum
1627 5659 1638 5680 ,
1673 5616 1797 5680 nisi,
1830 5632 1914 5670 res
1939 5627 2173 5681 nostras,

620 5713 731 5764 llco
772 5710 1134 5777 disponente,
1192 5707 1430 5776 perbono
1479 5708 1593 5759 loco
1641 5722 1779 5759 esse.
1832 5707 1963 5760 Nam
2007 5709 2049 5762 si
2083 5709 2172 5763 Dei

624 5794 802 5858 amore
834 5801 1075 5856 nonnulli
1104 5842 1114 5866 ,
1149 5799 1397 5854 abdicato
1427 5800 1758 5870 magistratu,
1792 5800 1856 5856 ad
1890 5801 2172 5874 longinqua

2350 5161 2464 5211 Ἵνα
2494 5161 2545 5212 τί
2583 5177 2690 5228 μοι,
2728 5160 2907 5230 Πάτερ
2932 5161 3074 5229 ἅγιε,
3105 5162 3181 5232 τῷ
3223 5162 3404 5234 ἀθλίῳ,
3433 5165 3735 5240 ἐπιτάσσῃς
3776 5170 3831 5221 τὰ

2283 5253 2420 5321 ὑπὲρ
2472 5253 2597 5320 ἐμέ;
2643 5252 2783 5320 Ἐγὼ
2828 5255 3016 5323 χρείαν
3061 5254 3168 5324 ἔχω
3212 5255 3315 5308 ὑπὸ
3347 5255 3442 5309 σοῦ
3478 5260 3830 5326 φωτίζεσθαι,

2283 5347 2374 5395 καὶ
2407 5343 2565 5406 αὐτὸς
2601 5344 2781 5412 ζητεῖς
2813 5347 2939 5414 παρ’
2969 5345 3103 5414 ἐμοῦ
3149 5347 3240 5400 τοῦ
3285 5348 3671 5417 ὲσκοτισμένου
3719 5371 3830 5405 κατ-

2281 5435 2545 5502 ηχεῖσθαι.
2596 5435 2752 5487 Ἀλλὰ
2791 5436 2883 5488 καὶ
2917 5437 3074 5489 τοῦτο
3100 5437 3283 5490 τυπῶν
3318 5457 3382 5508 με
3417 5441 3552 5510 πρὸς
3583 5455 3829 5495 ταπεινω-

2287 5543 2386 5577 σιν.
2428 5527 2538 5577 Οὐκ
2566 5521 2679 5578 οἶδα
2699 5527 2755 5578 δὲ
2785 5528 2835 5580 τί
2863 5529 3000 5580 εἴπω
3032 5529 3108 5597 τῷ
3139 5530 3314 5598 καιρῷ
3343 5531 3673 5602 πρόσφορον,
3707 5536 3735 5605 ἦ
3761 5536 3826 5586 ὅτι

2285 5616 2460 5678 καλῶς
2489 5617 2840 5688 ᾡκονόμησεν
2876 5620 2903 5670 ὸ
2931 5619 3059 5682 Θεὸς
3095 5623 3160 5674 τὰ
3198 5622 3316 5672 καθ’
3346 5623 3511 5691 ἡμᾶς.
3548 5623 3611 5676 Εἰ
3639 5625 3740 5694 γὰρ
3775 5625 3828 5676 ἐκ

2285 5710 2552 5774 φιλοθεΐας
2578 5714 2720 5774 τινὲς
2750 5712 3136 5776 καταλιπόντες
3164 5715 3259 5778 τὰς
3290 5715 3643 5785 ὑπαρχούσας
3669 5720 3826 5778 αὐτοῖς

2284 5803 2594 5873 ἡγεμονίας,
2633 5807 2846 5876 μακράν
2882 5823 2979 5859 που
3013 5808 3411 5879 ἀποδραμόντες
3449 5810 3522 5880 τῷ
3552 5814 3823 5882 ἡσυχάσει-
