4008 6318
141 370 302 437 1H3

1385 371 1922 434 EPISTOLARUM
1957 371 2104 431 LIB.
2147 371 2198 429 Ι.

3282 365 3416 428 1114

137 489 235 558 κῷ
277 489 382 559 βίῳ
429 486 896 558 ὲμακαρίσθησαν.
939 486 1062 551 Πῶς
1100 488 1262 557 ἡμεῖς
1291 490 1340 541 oi
1373 489 1622 542 ταπεινοὶ
1648 486 1735 540 διὰ

1839 482 2100 553 profecti,
2145 481 2255 535 vita
2306 479 2360 533 in
2400 479 2694 534 solitudine
2731 491 2974 549 peracta,
3015 477 3203 534 felices
3231 481 3416 534 existi-

130 581 319 649 νόμον
358 579 493 632 Θεοῦ
519 579 981 650 πεφρουρισμένοι
1020 581 1079 632 ὲν
1108 579 1309 650 ὲξορία,
1343 580 1443 632 οὐκ
1466 579 1728 646 ἀγαλλια-

129 670 381 740 σώμεθα
414 672 472 723 ἐν
514 671 724 742 Κυρίῳ,
770 670 930 741 χάριν
953 669 1100 739 αὐτῷ
1129 669 1467 740 λογιζόμενοι
1508 670 1602 722 καὶ
1630 670 1733 723 δω-

131 762 282 832 ρεάν
326 761 610 832 μεγίστην,
643 762 724 815 ὅτι
750 759 1028 831 ὴξιώμεθα
1054 764 1110 814 ἐν
1143 760 1327 831 μέτρῳ
1353 759 1577 830 τοιούτῳ
1602 777 1733 814 κατ-

123 857 420 924 αντῆσαι,
466 846 510 920 ᾧ
537 854 725 907 πολλοὶ
764 855 1042 923 ἐφιέμενοι
1081 853 1180 906 οὐκ
1213 853 1506 922 ὲπέτυχονς
1548 853 1732 907 Κάθου

126 948 236 1016 δὴ,
263 947 448 1016 Πάτερ
476 963 578 1016 μου
606 947 752 1014 ἀγιε,
785 947 843 998 ἐν
867 938 911 1011 ᾧ
938 945 1087 1015 τόπῳ
1108 947 1135 998 ό
1156 944 1307 1008 Θεὸς,
1348 943 1462 996 ἀλλ’
1500 945 1602 996 οὐκ
1635 944 1732 998 ἀν-

127 1043 396 1110 ορωπος,
425 1041 554 1092 εῐσω
586 1038 891 1110 ἑφρούρησέ
922 1055 980 1091 σε
1027 1038 1132 1100 ἕως
1166 1036 1360 1108 καιροῦ
1381 1055 1394 1068 ο
1428 1038 1552 1090 ἐπεὶ
1598 1037 1750 1107 μηδὲ,

126 1134 194 1184 τα
205 1147 316 1200 μεν
340 1131 394 1182 τί
419 1130 640 1201 τέξηται
670 1131 702 1199 ἡ
737 1129 967 1182 ἐπιοῦσα
991 1144 1004 1158 ·
1050 1127 1159 1180 εἴτε
1194 1127 1388 1192 οὕτως,
1420 1129 1528 1180 εῐτε
1557 1126 1733 1190 ἄλλως

125 1224 266 1290 τῆς·
285 1222 546 1291 προνοίας
571 1219 892 1288 κελευούσης
916 1236 931 1250 ο
967 1219 1061 1273 καὶ
1090 1218 1281 1284 δόξαζε
1323 1219 1412 1272 τὸν
1434 1218 1733 1285 δοξάσαντά

126 1330 199 1366 σε
243 1311 476 1381 Κύριον,
505 1311 593 1364 διά
612 1312 710 1381 τῆς
741 1311 1082 1381 μαρτυρικῆς
1114 1325 1206 1361 σου
1231 1309 1536 1370 ὲνστάσεως
1572 1308 1669 1377 (1).
1716 1345 1729 1361 .

203 1444 222 1458 .
278 1441 294 1457 .
342 1444 356 1458 .
399 1443 415 1457 .
458 1444 475 1459 .
520 1442 534 1456 .
579 1444 593 1458 .
639 1443 652 1457 .
697 1444 709 1457 .
756 1441 771 1456 .
803 1403 892 1454 τὸν
915 1402 1078 1468 ἄρτον
1108 1419 1204 1455 σου
1237 1403 1354 1472 μετ’
1383 1401 1734 1474 εὐχαριστίας

125 1494 238 1547 καὶ
289 1495 485 1564 χαρᾶς,
516 1493 575 1546 ὃν
617 1493 804 1558 ἔδοξαν
835 1493 885 1546 οί
912 1493 1185 1562 ἄνθρωποι
1220 1494 1417 1566 πικρόν
1449 1511 1529 1547 σοι
1573 1511 1736 1563 προσο

128 1587 363 1655 φέρειν.
391 1583 558 1638 Οὐπω
581 1600 662 1636 σοι
688 1583 917 1653 δύναμις
943 1582 1102 1653 ἐνητῷ
1131 1585 1293 1654 γήρει
1312 1598 1326 1612 ⁸
1354 1583 1539 1637 κόπων
1561 1586 1734 1655 ἀσκη-

125 1678 325 1731 τικῶν
379 1675 877 1748 προηγωνισμένων
930 1691 1012 1727 σο.
1059 1676 1114 1727 ὲν
1161 1677 1228 1746 τῇ
1273 1674 1507 1744 νεότητι,
1555 1675 1736 1745 χάριτι

127 1771 175 1822 Χ
193 1766 394 1838 ριστοῦ
428 1765 569 1819 κατά
603 1765 800 1819 πάντα.
829 1763 928 1817 Διὰ
955 1762 1114 1816 τοῦτο
1143 1762 1449 1835 παρακαλῶ
1472 1763 1564 1816 καὶ
1590 1764 1735 1815 ἀντι-

1833 577 1962 630 mati
2023 581 2194 629 sunt:
2253 571 2531 642 quomodo
2571 585 2673 624 nos
2725 571 2994 637 humiles,
3052 579 3276 640 propter
3321 570 3416 625 Dei

1836 667 2012 737 legem
2043 667 2096 721 in
2124 665 2374 720 custodia
2407 663 2709 731 exsilioque
2741 661 2902 732 positi
2928 700 2944 724 ,
2973 677 3082 716 non
3114 663 3420 718 laetabimur

1834 761 1890 813 in
1922 759 2187 824 Domino,
2230 756 2458 826 gratiam
2497 754 2667 824 ipsius
2708 761 3060 822 reputantes,
3103 752 3419 822 donumque

1833 851 2151 916 maximum,
2180 849 2327 918 quod
2370 846 2518 917 digni
2555 845 2724 900 habiti
2753 860 2942 899 sumus
2963 881 2977 906 ,
3007 844 3102 912 qui
3131 858 3193 898 ea
3222 845 3419 899 condi-

1837 943 1987 996 tione
2012 955 2294 1004 essemus,
2341 954 2502 1007 quam
2546 938 2890 1007 complures,
2917 951 3039 990 cum
3067 933 3379 990 aﬂeetarent
3400 975 3418 1003 ,

1833 1049 1944 1088 non
1979 1041 2107 1087 sunt
2135 1031 2360 1100 adepti?
2398 1031 2560 1085 Mane
2583 1029 2784 1098 itaque,
2818 1027 2889 1082 mi
2923 1026 3084 1082 Pater
3111 1036 3320 1094 sancte,
3361 1029 3419 1084 in

1833 1139 1902 1180 eo
1947 1139 2058 1193 quo
2086 1132 2142 1178 te
2181 1122 2326 1177 Deus
2349 1162 2363 1186 ,
2398 1138 2508 1176 non
2538 1121 2704 1174 homo
2734 1120 2923 1188 utique
2944 1159 2958 1182 ,
2993 1119 3061 1173 ad
3091 1125 3307 1188 tempus
3333 1119 3421 1172 in~

1839 1217 2005 1270 clusit
2036 1217 2187 1270 loco:
2234 1212 2672 1284 quandoquidem
2726 1211 3032 1281 ignoramus
3079 1211 3204 1281 quid
3237 1227 3422 1280 super-

1833 1318 2055 1361 ventura
2103 1307 2283 1376 pariat
2325 1305 2436 1358 dies
2464 1305 2542 1368 ⁸⁸,
2598 1304 2712 1358 sive
2751 1303 2862 1366 sic,
2907 1302 3024 1356 sive
3071 1302 3248 1366 aliter,
3281 1317 3421 1370 quo-

1832 1415 2052 1469 cunque
2081 1415 2167 1453 res
2193 1441 2207 1464 ,
2243 1397 2587 1467 providentia
2631 1395 2984 1466 praecipiente
3008 1434 3021 1454 ,
3059 1403 3275 1448 vertant
3305 1411 3320 1461 ;
3366 1405 3422 1448 et

1835 1488 2124 1543 Dominum
2157 1486 2395 1558 glorifica
2418 1528 2433 1550 ,
2480 1485 2573 1554 qui
2603 1483 2866 1555 gloriﬁcat
2907 1489 2958 1536 te
2984 1482 3029 1514 ⁸⁵
3074 1483 3146 1537 ob
3182 1498 3420 1553 pugnam

1835 1581 1978 1636 hanc
2002 1590 2148 1634 tuam
2183 1579 2442 1648 martyrio
2473 1592 2658 1646 parem
2693 1616 2708 1629 .
2738 1614 2752 1628 .
2799 1615 2812 1630 .
2859 1615 2873 1629 .
2923 1617 2936 1631 .
2976 1613 2991 1628 .
3036 1617 3050 1632 .
3090 1612 3104 1628 .
3153 1616 3165 1628 .
3194 1589 3424 1644 panem-

1839 1681 1991 1728 tuum
2061 1686 2186 1726 cum
2233 1670 2529 1740 gratiarum
2587 1667 2804 1724 actione
2867 1676 2922 1722 et
2962 1667 3199 1737 gaudio,
3258 1680 3420 1735 quem

1835 1764 2161 1819 videbantur
2239 1761 2490 1817 homines
2558 1761 2896 1815 acerbiorem
2947 1760 3047 1814 tibi
3106 1759 3412 1830 assignare.

126 1860 318 1924 ϐολῶ,
351 1860 444 1912 καὶ
475 1857 726 1927 βρώμασι
756 1856 849 1910 καὶ
882 1856 1088 1925 πόμασι
1119 1856 1212 1909 τοῦ
1238 1856 1731 1927 κατατρυχωμένου

1839 1855 2070 1912 Defeeta:
2125 1856 2219 1910 tibi
2259 1858 2314 1909 in
2374 1864 2660 1910 senectute
2708 1853 2885 1915 vires,
2928 1861 3008 1907 tot
3049 1862 3176 1908 ante
3229 1853 3282 1906 in
3335 1855 3424 1923 ju-

131 1952 411 2020 σώματος
440 1946 959 2018 ἀντιλαμϐάνεσθαι.
988 1946 1078 2016 Μὴ
1103 1945 1373 2018 παραιτοῦ
1393 1963 1407 1978 ο
1444 1947 1608 2017 ἀρκεῖ
1653 1963 1737 2000 σοι

127 2049 163 2115 ἡ
212 2046 482 2113 μόνωτις,
517 2043 550 2111 ἠ
582 2039 879 2110 κάθειρξις.
909 2040 942 2108 ἡ
967 2039 1192 2109 ὲρημίοιν
1219 2040 1252 2110 ἢ
1287 2040 1671 2111 ὑ’ποεττέρησιτῖι
1703 2042 1736 2110 ἡ

132 2131 429 2200 ἀδυναμία
473 2129 568 2182 τοῦ
623 2131 826 2199 γήρους
877 2125 1014 2196 μετά
1046 2127 1140 2180 καὶ⁵
1171 2127 1490 2192 ἀσθενείας·
1537 2132 1571 2200 ἡ
1611 2129 1740 2199 περὶ

128 2225 302 2294 ἡμᾶς
345 2237 406 2273 τε
435 2221 561 2282 τοὺς
590 2215 947 2288 ἁμαρτωλοὺς
988 2218 1081 2269 καὶ⁵
1113 2217 1240 2280 τοὺς
1268 2219 1466 2282 ἀλλους
1496 2218 1736 2288 φροντίς.

143 2316 248 2368 Ἰεᾷν
304 2312 518 2373 τούτοις
572 2308 860 2377 ὑπομένων
903 2307 1202 2379 αὐταρκοῦ,
1251 2308 1604 2379 καθαρότητα
1642 2309 1739 2378 θη-

135 2406 329 2476 ρεύων
360 2403 468 2456 τῶν
498 2399 775 2468 λογισμῶν
802 2398 888 2452 διά
927 2400 1026 2467 τῆς
1075 2401 1602 2470 μετεωροπορήσεως
1641 2402 1740 2471 τῆς

130 2500 343 2570 τιμίας
376 2514 470 2550 σου
500 2496 698 2565 ψυχῆς.
733 2493 928 2547 Ἠνίκα
957 2494 1025 2546 τά
1048 2494 1174 2565 ἄρτι
1203 2494 1263 2546 τὸ
1288 2493 1554 2563 ὲρημικδν
1580 2496 1741 2564 πρόσ·

133 2609 320 2653 εστιν,
358 2586 599 2656 εὐχερῶς
633 2587 660 2637 ὁ
689 2585 833 2647 νοῦς,
873 2585 1061 2655 ῶσπερ
1106 2584 1209 2637 ὐπὸ
1243 2585 1479 2652 σωλῆνος
1515 2586 1742 2652 σφιγγό-

139 2699 315 2752 μενον
357 2678 521 2748 ῦδωρ,
555 2674 734 2729 δύνατ’
766 2675 830 2727 ἂν
858 2676 1176 2746 ἀνατρέχειν
1210 2677 1273 2727 ἐκ
1312 2677 1420 2728 τῶν
1460 2676 1738 2744 χαμαιζήο

136 2776 251 2827 λων
287 2770 432 2841 πρὸς
470 2771 538 2822 τὰ
568 2768 884 2836 ἐπουράνια.
917 2766 1085 2820 Τοῦτό
1128 2770 1244 2819 ἐστι
1289 2767 1349 2819 τὸ
1381 2767 1735 2836 ζητούμενον,

134 2866 200 2919 τὸ
270 2861 422 2934 μετὰ
481 2857 614 2911 Θεοῦ
677 2861 742 2928 τῇ
795 2858 1175 2928 ἀπροσπαθείᾳ
1234 2859 1313 2919 είς
1365 2859 1450 2909 ἀεὶ
1496 2856 1734 2910 ἔσεσθαι.

141 2957 295 3027 Πλὴν
323 2956 377 3007 oi
405 2951 627 3020 πόλεμοι
661 2951 941 3018 στεφάνων
970 2949 1134 3002 αἴτιοι
1164 2949 1313 3019 παρὰ
1340 2949 1446 3001 τῶν
1478 2949 1738 3018 Πατέρων

141 3046 308 3117 ἡμῶν
343 3042 654 3114 ὁρίζονταιο
691 3041 832 3093 ὥστε
877 3042 924 3091 εί
973 3040 1066 3091 καὶ
1099 3039 1495 3109 πολεμούμενοι
1529 3039 1741 3093 ἐνιστά-

146 3138 312 3208 μεθα,
344 3135 507 3204 νίκης
536 3130 928 3203 ἁποφερόμεθα
952 3129 1108 3192 κλέος
1133 3130 1272 3183 κατὰ
1302 3129 1395 3182 τοῦ
1429 3130 1736 3200 ἡττημένου

141 3229 429 3284 διαϐόλου.

1838 1955 1999 2001 venta
2042 1946 2369 2012 exantlatis,
2412 1945 2616 2000 ChriSti
2681 1959 2908 2013 prorsus
2961 1942 3252 2007 beneficio,
3295 1941 3422 1997 vita:

1838 2039 2086 2093 ascetiea:
2105 2038 2402 2092 laboribus.
2422 2036 2786 2102 Quamobrem
2824 2034 3053 2088 obsecro
3075 2043 3126 2087 et
3158 2035 3419 2096 obtestor,

1839 2142 1899 2186 ut
1953 2133 2075 2187 cibo
2127 2147 2191 2186 ac
2242 2141 2370 2201 potu
2421 2129 2635 2200 corpori
2699 2127 2965 2181 exhausto
2997 2127 3313 2181 subvenias.
3342 2125 3421 2180 Ne

1840 2237 2080 2276 recusa:
2132 2220 2330 2276 sufﬁcit
2377 2220 2473 2274 tibi
2525 2219 2796 2285 solitudo,
2846 2233 3075 2285 carcer,
3125 2233 3374 2272 secessus
3404 2259 3419 2282 ,

1839 2313 2092 2382 colloquii
2128 2313 2531 2382 inopia,rerum
2559 2311 2800 2365 omnium
2837 2309 3086 2380 penuria,
3135 2309 3422 2363 imbecilli—

1844 2413 1924 2457 tas
1950 2413 2063 2458 tum
2110 2404 2179 2458 ab
2208 2413 2367 2458 attate
2393 2445 2406 2468 ,
2447 2411 2562 2457 tum
2591 2404 2658 2457 ab
2690 2403 3030 2473 aegritudine,
3067 2402 3156 2456 illa
3183 2402 3422 2471 denique

1841 2495 1908 2548 de
1950 2495 2110 2549 nobis
2164 2495 2542 2565 peccatoribus
2596 2494 2830 2563 aliisque
2884 2494 3216 2548 sollicitudo.
3277 2493 3424 2547 Satis

1843 2588 1940 2641 tibi
1971 2588 2040 2642 sit
2072 2587 2173 2642 ista
2201 2589 2473 2642 sustinere
2496 2629 2510 2652 ,
2555 2588 2945 2657 cogitationum
2983 2587 3200 2642 interim
3248 2603 3420 2640 mun-

1842 2677 2030 2730 ditiam
2077 2677 2451 2742 consectanti,
2507 2686 2689 2730 erecta
2743 2676 2810 2730 ad
2867 2677 3181 2730 sublimium
3235 2692 3418 2730 rerum

1842 2769 2357 2838 contemplationem
2431 2769 2647 2840 egregia
2714 2779 2917 2823 mente.
2982 2768 3210 2835 Quando
3270 2784 3419 2823 nunc

1843 2860 2077 2913 solitudo
2127 2861 2322 2925 adest,
2370 2861 2521 2914 nttllo
2556 2861 2773 2931 negotio
2803 2877 2960 2916 mens
2984 2902 2998 2926 ,
3052 2861 3224 2914 instar
3263 2875 3420 2928 aqua:

1843 2966 1939 3019 per
1981 2951 2089 3003 vim
2141 2966 2170 3005 c
2221 2951 2399 3004 ﬁstula
2446 2951 2823 3020 erumpentis,
2882 2952 2949 3004 ab
3001 2951 3230 3019 abjectis
3269 2951 3418 3004 humi

1843 3041 2008 3095 rebus
2058 3041 2126 3095 ad
2183 3042 2425 3096 cmlestia
2474 3042 2728 3112 prosilire
2772 3051 2973 3112 potest.
3007 3041 3124 3096 Hoc
3166 3040 3297 3096 illud
3337 3051 3421 3093 est

1841 3132 1988 3202 quod
2016 3133 2330 3201 quazrimus,
2370 3142 2430 3188 ut
2462 3149 2586 3187 cum
2618 3135 2729 3189 Deo
2762 3133 2812 3187 in
2847 3142 3171 3204 perpetuum
3203 3133 3374 3187 simus
3401 3174 3415 3197 ,

1758 3215 1800 3276 C
1836 3241 1934 3294 per
1979 3225 2376 3280 immunitatem
2417 3242 2447 3280 a
2473 3227 2620 3282 vitiis
2645 3267 2661 3290 ,
2711 3227 2969 3296 copulati.
3009 3226 3278 3281 Cancrum
3324 3241 3419 3280 eo-

148 3335 318 3375 ronas
365 3314 678 3372 dimicando
732 3310 1076 3382 comparari,
1131 3325 1162 3365 a
1215 3310 1469 3364 Patribus
1525 3312 1730 3366 nostris
1803 3315 2073 3369 sancitum
2169 3324 2273 3369 est.
2340 3313 2700 3380 Quamobrem
2753 3317 2844 3381 si,
2899 3316 2984 3370 vel
3043 3315 3213 3386 pressi
3275 3316 3419 3369 bello

146 3421 473 3482 perstamus
498 3448 514 3474 ,
568 3405 809 3460 victoriae
865 3403 1077 3456 laudem
1109 3443 1124 3467 ,
1188 3411 1449 3471 superato
1488 3403 1740 3470 diabolo,
1776 3414 2138 3476 reportamus.

232 3503 383 3571 Ἐγὼ
434 3501 492 3553 δὲ
535 3499 859 3568 αἰσχύνομαι
896 3497 1204 3566 ᾑσχημένος
1251 3495 1327 3549 ὢν
1364 3498 1476 3560 τοῖς
1515 3497 1732 3559 πάθεσι,

147 3595 381 3649 τοιαῦτα
412 3592 552 3663 πρὸς
581 3591 642 3643 σὲ
673 3590 761 3641 τὸν
794 3588 1011 3657 Πατέρα
1050 3606 1151 3659 μου
1183 3589 1554 3658 φθεγγόμενος
1575 3605 1588 3618 ·
1619 3578 1734 3641 ἀλλ’

150 3687 518 3754 ⁴Ιπνάγκασμαι
563 3680 628 3733 δι’
656 3678 901 3747 ὑπακοήν
929 3695 1043 3732 σου.
1075 3678 1253 3731 Καλὸν
1296 3679 1358 3730 τὸ
1381 3677 1606 3746 λυθῆναι
1638 3679 1738 3748 τῆς

153 3779 503 3845 πολυδέσμου
533 3770 925 3843 προσπαθείας,
958 3771 1051 3824 καὶ
1091 3771 1311 3840 δεθῆναι
1346 3770 1428 3841 τῷ
1457 3770 1738 3840 ἀκορέστῳ

156 3869 320 3936 ἱρωτι
352 3864 582 3936 Κυρίου.
612 3863 916 3933 Συμφέρον,
949 3863 1132 3935 Πάτερ
1167 3880 1289 3932 μου,
1316 3861 1376 3914 τὸ
1407 3861 1738 3930 ἀποσχέσθαι

154 3957 254 4026 τῆς
285 3958 397 4010 τῶν
427 3955 619 4009 παθῶν
651 3952 936 4019 δυσωδίας,
962 3953 1056 4006 καὶ
1080 3952 1468 4024 ὀσφραίνεσθαι
1507 3951 1607 4019 τῆς
1641 3949 1738 4002 τοῦ

156 4053 477 4119 πνεύματος
501 4047 745 4108 εὐωδίας.
778 4045 1061 4116 Μακάριον
1105 4046 1167 4099 τὸ
1205 4042 1609 4113 κατανυχθῆναι
1654 4044 1740 4093 ὲν-

157 4140 356 4201 ταῦθα,
388 4142 490 4194 καὶ
520 4139 752 4193 κλαῦσαι
790 4137 952 4207 ὑπὲρ.
997 4179 1010 4194 .
1053 4174 1066 4188 .
1115 4175 1132 4192 .
1174 4179 1187 4192 .
1232 4177 1248 4191 .
1295 4176 1310 4190 .
1351 4175 1368 4191 .
1413 4175 1428 4190 .
1474 4177 1487 4190 .
1529 4173 1545 4190 .
1589 4172 1603 4187 .
1644 4135 1740 4188 καὶ

159 4233 488 4300 ἀγαλλίασις
537 4230 613 4301 τῷ
647 4229 871 4298 τοιούτῳ
905 4231 964 4282 ὲν
996 4231 1131 4284 πᾶσι
1178 4228 1571 4300 προηγουμένῳ
1613 4264 1628 4281 .
1671 4265 1684 4278 .
1723 4266 1738 4280 .

160 4324 325 4376 Θεοῦο
352 4324 412 4388 ὃς
443 4323 695 4393 καθάπερ
725 4321 835 4391 πῦρ
859 4321 949 4374 ὅτε
999 4324 1057 4375 ὲν
1097 4324 1163 4392 τῇ
1194 4321 1337 4392 ψυχῇ
1379 4321 1625 4390 γένηται,
1651 4323 1744 4389 ὲγο

163 4417 532 4485 καταφεύγειν
581 4415 791 4481 πέφυκε
845 4415 944 4477 τάς
1000 4413 1247 4476 είσϐολάς
1297 4415 1394 4484 τῆς
1441 4411 1737 4483 ἁμαρτίας.

167 4505 290 4568 Πῶς
332 4507 389 4560 δὲ
424 4507 486 4560 οὐ
536 4505 821 4576 φοϐητέον,
846 4505 904 4558 ὃν
937 4505 1248 4573 φρίττουσιν
1283 4504 1501 4578 ἄγγελοι
1527 4520 1540 4533 ·
1578 4499 1638 4558 οὐ
1665 4501 1742 4572 τῷ

167 4595 440 4667 βλέμματι
474 4600 707 4652 δονεῖται
740 4597 969 4667 ήκτίσις
992 4613 1005 4628 ·
1035 4587 1079 4663 ᾧ
1109 4595 1577 4665 παραστησόμεθα
1605 4595 1742 4649 πάν·

165 4703 255 4748 τες
298 4676 656 4759 γυμνοΓκαὶ
700 4687 1215 4758 τετραχηλισμένοι·
1271 4685 1464 4757 μικρὸν
1519 4685 1743 4756 ὕστερον

1907 3499 1991 3554 lle
2015 3515 2165 3562 vero,
2192 3500 2277 3555 cui
2309 3499 2633 3569 cupiditates
2665 3501 2953 3570 imperant,
2983 3502 3250 3571 ejusmodi
3274 3506 3414 3573 apud

1839 3601 1892 3646 te
1934 3591 2145 3644 Patrem
2181 3605 2361 3644 meum
2398 3591 2645 3645 oratione
2691 3591 2767 3645 uti
2802 3592 2967 3660 pudet
3001 3610 3015 3645 :
3046 3593 3142 3647 sed
3187 3605 3414 3650 coactus

1839 3680 1960 3743 feci,
1987 3690 2045 3734 ut
2072 3680 2166 3735 tibi
2197 3695 2401 3734 morem
2435 3696 2701 3752 gererent.
2726 3681 3017 3736 Pulchrum
3047 3692 3130 3737 est
3149 3684 3417 3753 cupidita-

1841 3763 1954 3824 tum
1990 3770 2193 3826 absolvi
2235 3770 2491 3834 vinculis,
2528 3781 2583 3826 et
2628 3771 2904 3840 inexpleto
2965 3770 3181 3827 Domini
3231 3790 3417 3830 amore

1840 3865 2158 3935 constringi.
2213 3864 2468 3934 Expedit,
2512 3865 2585 3920 mi
2639 3864 2823 3930 Pater,
2872 3880 2904 3919 a
2957 3873 3098 3921 tetro
3156 3867 3416 3924 vitiorum

1839 3958 2010 4012 odore
2061 3956 2378 4020 abscedere,
2435 3970 2499 4010 ac
2545 3957 2865 4011 suavitatem
2908 3957 3127 4028 spiritus
3175 3959 3415 4013 odorari.

1841 4049 1992 4103 Felix
2024 4049 2370 4118 faustumque
2401 4048 2494 4103 hic
2533 4049 2723 4104 dolore
2749 4049 2936 4120 pungi,
2989 4065 3053 4104 ac
3083 4050 3267 4120 lugere
3296 4067 3418 4121 pro-

1840 4151 1964 4210 pter
1992 4181 2005 4194 .
2029 4182 2072 4194 ..
2095 4180 2109 4194 .
2134 4180 2148 4194 .
2177 4184 2189 4194 .
2210 4182 2222 4194 .
2242 4183 2254 4194 .
2275 4181 2288 4194 .
2311 4180 2324 4195 .
2352 4181 2365 4194 .
2416 4150 2472 4196 et
2510 4141 2638 4196 huic
2670 4141 2981 4206 exsultatio,
3016 4142 3107 4210 qui
3152 4142 3206 4195 in
3235 4144 3416 4196 omni-

1843 4233 1944 4286 bus
1990 4233 2167 4302 primo
2208 4232 2326 4285 loco
2400 4272 2415 4286 .
2495 4272 2509 4286 .
2592 4273 2604 4285 .
2685 4272 2698 4286 .
2763 4233 3003 4285 timorem
3038 4230 3167 4285 Dei:
3215 4233 3415 4302 quippe

1842 4323 1935 4394 qtti
1975 4323 2146 4377 instar
2174 4323 2314 4395 ignis
2338 4338 2461 4378 cum
2493 4323 2546 4377 in
2581 4323 2766 4376 animo
2804 4322 2986 4388 fuerit,
3029 4321 3133 4376 hoc
3157 4323 3318 4388 habet
3357 4333 3414 4378 ut

1843 4416 2048 4484 peccati
2103 4416 2364 4484 impetum
2406 4415 2648 4486 effugiat.
2688 4414 2807 4481 Quo
2849 4424 3034 4469 autem
3099 4423 3258 4484 pacto
3303 4431 3413 4471 non

1846 4506 1936 4560 ille
1975 4506 2416 4560 extimescendus
2452 4547 2467 4570 ,
2524 4521 2687 4576 quem
2741 4507 2915 4577 angeli
2963 4515 3204 4576 pavent:
3256 4506 3412 4572 cujus

1844 4596 2092 4650 contuitu
2140 4611 2225 4650 res
2259 4597 2438 4651 omnis
2470 4606 2646 4651 creata
2701 4597 3000 4651 turbatur:
3047 4595 3134 4651 cui
3186 4595 3312 4647 nudi
3359 4603 3413 4647 et

1847 4688 1956 4756 apti
2002 4677 2194 4742 omnes
2245 4687 2543 4742 astabimus
2571 4689 2638 4752 ⁸⁸,
2680 4688 2844 4757 paulo
2919 4702 3045 4741 mox
3104 4686 3412 4740 mercedem

167 4779 564 4853 ἀποληψόμεθα
610 4779 718 4833 τῶν
760 4777 1108 4850 βεϐιωμένων
1136 4776 1235 4840 τάς
1268 4776 1563 4847 ἀμείψεις;
1604 4777 1737 4845 Ἐγὼ

1848 4793 2035 4834 eorum
2068 4794 2188 4848 quae
2215 4780 2269 4833 in
2304 4781 2411 4834 vita
2461 4779 2751 4850 egerimus,
2803 4779 3122 4850 accepturi?
3145 4777 3256 4848 Ego
3287 4793 3416 4831 vero

239 4892 285 4924 “
314 4893 478 4950 Prov.
510 4911 675 4959 xxvu,
706 4895 759 4948 1.

835 4894 881 4926 ⁸⁸
913 4892 933 4947 l
965 4892 1098 4964 Reg.
1130 4906 1188 4958 tt,
1222 4891 1312 4948 30.
1384 4890 1431 4922 ⁸⁸
1465 4889 1600 4946 Heb.
1634 4907 1708 4954 tv,
1747 4892 1834 4947 l3.

1659 4980 1897 5039 ΝΟΤΑΕ.

243 5072 316 5139 (l)
345 5072 480 5129 Cod.
508 5072 684 5129 Vatic.
716 5073 842 5138 6'53,
878 5074 914 5128 f.
948 5075 1038 5129 44.
1074 5072 1310 5142 Epistola
1338 5073 1402 5127 ad
1437 5071 1738 5142 Platonem,

173 5155 303 5214 quae
324 5153 408 5197 est
436 5146 580 5214 apud
613 5143 962 5198 Sirtnondutn
991 5141 1167 5197 lacera
1203 5143 1297 5195 lib.
1333 5159 1371 5204 ι,
1401 5143 1501 5214 57.
1529 5141 1603 5197 lbi
1630 5146 1740 5211 pri-

178 5226 261 5263 tua
293 5211 488 5268 lacuna
519 5216 768 5283 expletur
801 5230 830 5268 a
863 5215 1049 5267 codice
1079 5215 1159 5266 sie
1192 5231 1206 5266 :
1232 5214 1426 5265 ἐσθίων
1457 5213 1549 5264 τὸν
1577 5215 1741 5283 ἄρτον

179 5293 266 5353 σου
292 5283 424 5349 μετ’,
461 5295 566 5339 etc.
600 5285 840 5353 Reliqua:
864 5285 1072 5339 lacunae
1109 5297 1216 5335 non
1245 5285 1598 5353 explentnria
1645 5300 1740 5337 co-

179 5349 291 5403 dice.
314 5354 525 5409 nttttilo.
555 5349 805 5408 Attamen
838 5354 957 5409 cod.
987 5370 1108 5422 pag.
1139 5353 1208 5422 62f)
1238 5353 1291 5414 b,
1319 5349 1440 5406 haec
1473 5352 1742 5422 habentur

180 5422 544 5489 supplementa
610 5427 662 5478 in
707 5434 959 5489 excerpto
990 5421 1076 5475 ex
1129 5421 1239 5489 τῆς
1271 5423 1419 5489 πρὸς
1452 5421 1741 5474 Πλάτωνα

181 5483 294 5564 τρἶ
319 5491 536 5564 ἑαυτοῦ
570 5493 801 5560 Πατέρα
856 5483 1230 5558 ἑπιστολῆίδ⁷
1257 5483 1367 5553 Τὰς
1399 5483 1743 5564 ξεῖνολογξᾳς

183 5560 284 5606 τῶν
313 5561 623 5632 ὐποκλίνειν
673 5581 732 5615 σε
765 5564 862 5628 τῆς
890 5564 1145 5632 ἀληθείας
1185 5560 1539 5629 πειρωμένων
1577 5561 1743 5632 μηδὲν

183 5627 366 5680 πτοοῦ³
424 5633 622 5698 ἁπλοῦς
678 5638 704 5685 ό
763 5627 1166 5701 λόγος”φησὶν
1217 5627 1321 5700 γάρ
1369 5627 1471 5682 που
1518 5631 1544 5681 ὁ
1579 5627 1744 5697 ’ἅγιος

1850 5073 2168 5147 ξΕπιφάνιος
2191 5076 2248 5147 ὲν
2286 5073 2520 5147 τῶ-περὶ
2558 5073 2650 5147 τοῦ
2682 5074 2873 5147 Πάσχα
2908 5074 3008 5147 (α)ἠ
3029 5072 3140 5134 οἷος
3162 5075 3226 5127 ἂν
3326 5077 3418 5129 ἄν.

1840 5144 2256 5216 θρωπος,παρά
2283 5144 2428 5216 τᾲᾼὲν
2458 5144 2676 5216 τῇγθείᾳ
2704 5145 2892 5216 Γραφῇ
2926 5145 3152 5213 κείμενα
3176 5144 3415 5216 συμϐου-

1839 5214 2030 5278 λεύων,
2072 5215 2179 5266 ἀπὸ
2211 5214 2436 5284 καρδίας
2465 5215 2614 5266 λαλεῖ
2649 5214 2755 5285 καί
2770 5216 3080 5282 ἐντάλματα
3112 5215 3416 5285 ἀνθρώπων

1837 5285 2107 5356 διηγεῖται
2124 5302 2144 5356 _'
2179 5286 2271 5336 καὶ
2303 5287 2430 5356 περὶ
2462 5285 2570 5356 τῶν
2590 5284 2861 5356 τοιούτων
2894 5285 3044 5356 φέρω
3073 5286 3141 5337 τά
3166 5284 3259 5356 τοῦ
3287 5287 3417 5356 dare.

1841 5355 2030 5406 στόλου
2078 5353 2276 5419 λέγειν,
2322 5353 2402 5403 ὅτι
2453 5355 2546 5406 ὲάν
2580 5354 2806 5420 ἄγγελος
2855 5354 2914 5420 ἐξ
2961 5354 3190 5422 ούρανοῦ
3245 5353 3412 5418 ἐστιν,

1849 5423 2098 5490 ἀνάθεμα
2129 5422 2296 5490 αὐτῷ.
2336 5423 2464 5488 (Sed
2497 5425 2640 5476 enim
2675 5438 2703 5476 a
2729 5424 2908 5478 verbis
2943 5423 3145 5485 ἁπλοῦς
3177 5425 3240 5476 ad
3279 5425 3412 5476 ἀνά-

1851 5492 1998 5560 θεμα
2044 5492 2191 5560 αὐτῷ
2238 5493 2398 5545 verba
2427 5493 2612 5546 eadem
2645 5494 2942 5546 recitantur
2983 5494 3036 5546 in
3069 5494 3184 5546 cod.
3236 5510 3285 5561 p.
3324 5495 3412 5560 63,

1852 5564 2015 5616 etiam
2039 5576 2103 5614 ett
2136 5562 2361 5629 epistola
2388 5563 2452 5613 ad
2489 5563 2750 5631 lguatintu
2781 5564 2996 5630 filium.)
3029 5593 3097 5602 —
3124 5569 3254 5618 Aac.
3288 5564 3413 5628 MM,

1855 5632 2106 5684 Bibliatlt.
2135 5648 2251 5685 nov.
2296 5643 2332 5686 ι.
2369 5631 2454 5693 IV,
2483 5649 2532 5700 ιι.
2574 5633 2692 5686 10⁸3.

271 5737 334 5806 (⁸),
370 5742 436 5810 lin
478 5749 676 5810 Studita
738 5752 947 5802 agnosrii
986 5753 1036 5793 nl
1081 5743 1349 5803 genuinum
1384 5745 1639 5805 l-Tpiphanii
1684 5759 1960 5794 set-monent
2018 5746 2235 5805 aliquem
2287 5748 2346 5795 de
2399 5745 2647 5795 Paschale.
2700 5747 2888 5804 Reapse
2945 5751 2988 5795 in
3044 5761 3271 5797 sermone
3301 5748 3418 5810 Eptv

187 5798 338 5852 phantt
380 5806 438 5854 de
475 5809 712 5860 Pascltale
742 5798 833 5860 non
868 5798 1199 5859 inveniuntur.
