4008 6318
586 318 723 382 1115

1766 323 1823 382 S.
1864 317 2255 379 THEODORI
2295 318 2635 377 STUDIT/E

3701 316 3836 380 1116

577 429 784 494 infelix,
818 444 940 483 cum
994 430 1132 485 nihil
1170 445 1359 485 eorum
1389 445 1511 500 quae
1568 430 1988 484 commemoravi
2046 428 2147 481 sim
2178 478 2180 484 λ

2256 428 2305 480 δὲ
2343 431 2371 481 ὁ
2408 430 2595 494 τάλας,
2623 429 2680 480 ὲν
2703 428 2877 481 οὐδενὶ
2898 424 2973 481 ὧν
3000 422 3154 481 εἷπον
3180 428 3370 482 ἑαυτὸν
3411 426 3843 495 καταλαμϐανό-

577 528 874 581 assecutus,
910 520 964 571 in
987 534 1198 573 summo
1221 534 1454 574 maerore
1478 519 1645 573 animi
1679 530 1989 573 sanctarmn
2018 531 2145 587 pre-

578 625 699 663 cum
759 618 974 663 tuarum
1028 626 1188 679 Opem
1239 611 1496 680 elllagito,
1534 618 1592 664 ut
1645 611 1957 680 aperiantur
2001 608 2144 665 oculi

580 700 777 753 mentis
824 715 977 763 meas,
1017 710 1077 754 ut
1115 715 1305 754 verum
1333 716 1573 756 amorem
1608 701 1906 771 degustcm.
1940 699 2044 755 Sed
2066 708 2149 755 est

582 790 713 842 mihi
746 790 908 844 simul
940 805 1065 844 cum
1108 792 1292 846 animo
1319 806 1518 861 corpus
1547 807 1763 860 quoque
1791 791 2143 856 imbecillum,

584 890 641 934 ut
664 883 773 936 scis
807 898 821 946 ;
847 891 904 936 et
950 883 1082 951 quid
1129 899 1283 954 agam
1314 884 1557 939 incertus
1582 901 1723 938 sum.
1754 884 1885 938 Nam
1917 885 1962 939 si
1988 886 2150 953 paulo

584 970 841 1037 majorem
897 969 1155 1025 adhibere
1207 979 1463 1025 conatum
1523 970 1706 1035 velim,
1764 970 1933 1038 perdo
1984 969 2150 1023 etiam

582 1064 900 1130 quantulum
947 1064 1142 1118 habeo.
1189 1063 1307 1119 Una
1348 1065 1483 1118 mihi
1518 1063 1822 1118 consolatio
1858 1069 2148 1132 superest;

581 1142 741 1219 quam
779 1160 834 1206 et
863 1152 958 1205 tibi
993 1167 1262 1221 exponam
1289 1168 1510 1207 necesse
1539 1160 1640 1217 est,
1668 1152 1740 1205 mi
1778 1151 1937 1205 Pater
1966 1169 1979 1203 :
2007 1151 2152 1220 quod

586 1257 782 1311 nempe
812 1243 1116 1307 didicerim,
1152 1260 1218 1297 ex
1256 1245 1489 1299 lectione
1528 1254 1583 1298 et
1630 1260 1734 1298 usu
1766 1241 2148 1309 Orientalium,

583 1341 836 1402 oportere
870 1349 964 1389 eos
985 1334 1077 1403 qui
1105 1334 1267 1388 vitam
1303 1335 1358 1388 in
1386 1348 1663 1389 secessum
1691 1340 1878 1403 agunt,
1917 1333 2151 1402 singulis

584 1423 797 1489 diebus,
829 1423 872 1478 si
907 1424 1123 1493 quidem
1169 1424 1283 1478 lieri
1326 1425 1517 1494 possit,
1562 1423 1885 1492 participare
1916 1422 2152 1477 divinam

583 1515 1044 1570 communionem.
1082 1516 1239 1571 Hunc
1287 1531 1491 1569 morem
1550 1515 1782 1578 servavi,
1817 1514 1908 1584 qui
1952 1515 2153 1569 misero

584 1604 717 1658 mihi
749 1619 907 1673 opem
940 1605 1137 1670 attulit,
1203 1614 1452 1659 revocata
1481 1604 1810 1674 cegitatione
1853 1619 1884 1659 a
1942 1604 2155 1659 vitiosis

583 1693 748 1747 animi
778 1694 1035 1757 motibus,
1067 1705 1287 1764 propter
1310 1694 1437 1749 doni
1468 1695 1860 1764 praestantiam,
1892 1710 2013 1764 qua:
2038 1711 2155 1749 me-

585 1794 696 1839 tum
724 1785 936 1841 incutit.
969 1785 1101 1840 Nam
1125 1787 1253 1855 quid
1285 1788 1482 1856 majus,
1510 1788 1623 1841 sive
1648 1786 1714 1841 ad
1746 1787 2009 1853 lmtitiam,
2039 1788 2153 1842 sive

584 1876 650 1929 ad
682 1876 867 1930 collust
882 1877 1146 1930 rationem
1169 1876 1334 1930 animi
1364 1892 1486 1931 esse
1522 1877 1745 1930 omnino
1764 1886 1939 1945 potest
1969 1878 2151 1931 divina

585 1969 1009 2023 communione?
1038 1969 1098 2023 In
1125 1970 1347 2024 calicem
1373 1979 1553 2023 autem
1575 1971 1801 2023 vitreum
1827 1970 2152 2038 peculiarem

586 2057 714 2110 vino
738 2056 948 2120 defuso,
983 2072 1048 2111 ac
1089 2057 1315 2111 solemni
1370 2058 1665 2127 precationi
1700 2069 1942 2127 peracta,
1976 2074 2152 2128 quan-

585 2164 747 2217 quam
774 2149 1026 2219 indignus
1047 2150 1172 2203 doni
1191 2164 1412 2220 compos
1431 2149 1520 2204 lio.
1554 2150 1735 2204 Indica
1766 2151 1899 2204 mihi
1931 2160 2153 2205 rectene

585 2255 759 2309 agam,
793 2256 863 2294 an
888 2256 1062 2295 secus.
1098 2240 1244 2296 Ultra
1285 2281 1300 2296 .
1323 2280 1337 2296 .
1365 2282 1379 2297 .
1473 2282 1486 2295 .
1515 2242 1715 2297 labores
1738 2246 2005 2315 fructuum
2030 2253 2148 2297 tuo—

586 2344 700 2380 rum
736 2329 1095 2384 manducare;
1128 2331 1312 2385 beatus
1347 2348 1419 2395 es,
1453 2332 1526 2385 mi
1561 2332 1741 2399 Pater,
1795 2343 1843 2387 et
1874 2335 1997 2387 bene
2047 2335 2145 2387 tibi

582 2419 681 2472 erit
698 2417 765 2481 θ’,
795 2420 887 2488 qui
914 2420 1209 2474 multorum
1242 2421 1399 2475 Pater
1421 2437 1499 2486 es,
1526 2433 1685 2491 atque
1715 2425 1781 2477 ad
1813 2433 2023 2477 tantum
2044 2426 2153 2477 vir-

586 2508 716 2562 tutis
748 2509 973 2579 gradum
1004 2510 1325 2579 perduxisti,
1368 2523 1425 2565 ut
1471 2529 1616 2568 nunc
1656 2529 1847 2569 omnes
1887 2516 1941 2568 in
1962 2515 2154 2569 exsilio

586 2606 804 2664 prepter
835 2599 965 2666 legis
991 2598 1205 2653 Domini
1232 2602 1542 2657 mandatum
1581 2614 1886 2658 versentur.
1910 2604 1992 2658 Tu
2022 2620 2153 2661 vero

587 2701 686 2755 pro
711 2687 962 2742 omnibus
991 2704 1107 2754 ora,
1140 2697 1195 2745 ut
1218 2706 1436 2747 cursum
1482 2692 1585 2763 ipsi
1608 2703 2009 2749 consumment.

2248 537 2432 589 μενος,
2472 521 2871 590 σκυθρωπάζω,
2894 522 2992 591 τὴν
3031 521 3139 573 τῶν
3169 521 3341 588 ἀγίων
3368 518 3548 589 εὐχῶν
3581 536 3683 572 σου
3715 521 3838 571 ἔπι-

2246 613 2474 683 κουρίαν
2504 612 2693 675 αίτῶν,
2734 613 2814 676 είς
2852 612 3112 676 διάνοιξιν
3154 613 3261 664 τῶν
3290 612 3387 681 τῆς
3414 611 3598 682 ψυχῆς
3626 612 3838 681 ὀφθαλ-

2250 703 2405 775 μῶν*
2454 705 2534 767 είς
2583 702 2774 772 γεῦσιν
2818 703 2912 756 τοῦ
2947 704 3101 765 ὄντος
3142 703 3365 773 ἔρωτος.
3402 704 3547 756 Ἀλλ’
3572 702 3696 756 ἔστι
3743 719 3839 772 μοι

2249 800 2345 850 σὺν
2376 799 2442 867 τῇ
2472 797 2616 866 ψυχῇ
2667 797 2763 850 καὶ
2803 796 2864 848 τὸ
2908 796 3064 864 σῶμα
3101 795 3349 860 ἀσθενὲς,
3390 795 3467 858 ὡς
3496 792 3685 857 οἶσθα,
3740 796 3839 847 καὶ

2246 887 2347 938 οὐκ
2374 880 2469 938 οἶδ’
2508 886 2536 937 ὅ
2572 902 2623 937 τι
2671 886 2965 955 χρήσομαι.
2999 885 3211 954 Μικρὸν
3239 883 3348 954 γάρ
3386 885 3436 936 εἰ
3468 882 3606 946 δόξω
3642 882 3836 951 βιάζε-

2250 976 2395 1039 σθαι,
2425 975 2644 1028 ἀπόλλω
2671 975 2764 1028 καὶ
2784 975 2920 1045 ὅπερ
2944 975 3139 1046 μικρὸν
3168 975 3402 1043 κατέχω.
3440 972 3588 1027 Μίαν
3614 972 3839 1040 ταύτην

2251 1064 2595 1133 παρηγορίαν
2633 1063 2843 1133 εὕρηκα
2870 1079 2884 1093 ⁸
2916 1063 3013 1117 καὶ
3037 1062 3155 1117 δέον
3186 1062 3476 1117 ἀναθέσθαι
3505 1079 3611 1125 σοι,
3637 1062 3836 1131 Πάτερ

2253 1170 2353 1221 μου
2375 1169 2388 1183 ’
2434 1152 2495 1215 ἐξ
2538 1153 2895 1219 ἀναγνώσεως
2929 1153 3024 1206 καὶ
3068 1153 3318 1222 χρήσεως
3341 1153 3449 1206 τῶν
3484 1151 3839 1205 ἀνατολικῶν

2253 1238 2461 1309 μαθὼν,
2487 1240 2548 1292 τὸ
2581 1239 2778 1309 χρῆναι
2805 1241 2931 1299 τοὺς
2959 1241 3332 1313 ἡσυχάζοντας
3363 1243 3411 1294 εί
3436 1239 3668 1294 δυνατὸν
3704 1240 3835 1293 καθ’

2251 1332 2486 1397 ἑκάστην
2514 1330 2947 1399 μεταλαμϐάνειν
2980 1330 3078 1400 τῆς
3108 1331 3258 1393 θείας
3289 1331 3593 1393 κοινωνίας.
3633 1330 3839 1401 Ἑχρη-

2254 1421 2435 1489 σάμην
2461 1420 2652 1483 οὕτως,
2679 1422 2771 1473 καὶ
2798 1414 2956 1491 εὖρον
2988 1420 3241 1491 βοήθειαν
3262 1424 3290 1476 ὀ
3310 1422 3491 1485 ἅθλιος
3509 1438 3523 1453 ·
3557 1422 3837 1475 ὑποστελ-

2252 1508 2484 1578 λομένης
2516 1508 2616 1595 τῇς
2653 1508 2888 1572 διανοίας
2938 1512 3002 1562 ἐκ
3046 1510 3147 1580 τῆς
3198 1511 3481 1581 ὲμπαθοῦς
3526 1513 3837 1582 κινήσεως,

2253 1603 2341 1656 διὰ
2380 1601 2483 1674 τὴν
2524 1600 2617 1655 τοῦ
2659 1599 2833 1670 δώρου
2878 1600 3115 1671 ἔμφοὸον
3157 1604 3448 1674 ὑπεροχήν.
3480 1605 3593 1657 Καὶ
3625 1604 3686 1656 τί
3723 1604 3838 1673 γὰρ

2260 1692 2443 1764 μεῖζον
2476 1693 2554 1755 είς
2586 1692 2902 1761 ἀγαλλίασιν
2930 1694 3024 1747 καὶ
3049 1694 3329 1765 φωτισμὸν
3361 1695 3444 1762 εἴη
3468 1695 3532 1747 ἂν
3555 1697 3621 1765 τῇ
3647 1694 3835 1764 ψυχῇ,

2186 1764 2227 1818 Β
2256 1785 2420 1838 πλέον
2451 1785 2551 1853 τῆς
2585 1784 2732 1847 θείας
2761 1785 3079 1851 κοινωνίας;
3124 1786 3211 1839 Ἐν
3243 1786 3485 1856 ποτηρίῳ
3523 1786 3581 1838 δὲ
3622 1786 3840 1855 ὑαλίνῳ

2256 1876 2605 1946 ἀφορισμένῳ
2643 1875 2930 1946 προϐαλὼν
2955 1872 3117 1942 οῐνον,
3147 1877 3242 1929 καὶ
3272 1876 3569 1944 εὐξάμενος
3600 1878 3671 1929 τά
3703 1893 3839 1929 συν-

2258 1968 2385 2039 ήθη,
2426 1968 2637 2038 μετέχω
2660 1968 2689 2019 ὁ
2714 1968 2929 2032 ἀνάξιος
2957 1968 3052 2020 τοῦ
3082 1968 3276 2039 δώρου.
3316 1970 3423 2021 Καὶ
3457 1969 3705 2038 δήλωσὸν
3745 1988 3838 2038 μοι

2256 2058 2872 2129 είκαλῶςποιῶ,ἢοῦ.
2913 2060 3059 2128 Πέρα
3101 2098 3116 2113 .
3160 2098 3174 2113 .
3216 2097 3231 2112 .
3275 2099 3290 2113 .
3335 2099 3351 2113 .
3393 2100 3407 2113 .
3449 2098 3466 2114 .
3510 2098 3526 2113 .
3571 2099 3587 2113 .
3630 2098 3645 2114 .
3686 2076 3838 2127 stap—

2259 2151 2389 2206 πῶν
2415 2167 2531 2207 σου
2560 2151 2881 2221 φάγεσθαι·
2912 2151 3197 2220 μακάριος
3244 2146 3315 2213 εἴ,
3348 2152 3531 2221 Πάτερ
3570 2168 3701 2221 μου,
3737 2152 3836 2204 καὶ

2248 2243 2448 2311 καλῶς
2487 2259 2587 2298 σοι
2624 2243 2818 2307 ἔσται,
2852 2245 3044 2313 Πατὴρ
3072 2243 3420 2313 χρηματίσας
3450 2242 3705 2295 πολλῶν·
3741 2244 3839 2296 καὶ

2248 2342 2328 2403 εἰς
2373 2338 2539 2407 μέσον
2580 2337 2781 2406 ἀρετῆς
2815 2335 3065 2389 τοσοῦτον
3101 2333 3345 2404 ἀγαγὼν.
3384 2335 3530 2388 ὥστε
3563 2334 3740 2388 τανῦν
3780 2338 3839 2388 ὲν

2249 2430 2433 2500 ὲξορίᾳ
2464 2429 2731 2497 ὑπάρχειν
2778 2427 2901 2489 τοὺς
2925 2427 3131 2489 πάντας
3166 2426 3235 2478 δι’
3267 2424 3487 2495 ἐντολὴν
3512 2426 3685 2494 νόμου
3720 2427 3836 2479 Κυ-

2253 2521 2393 2590 ρίου.
2456 2518 2595 2571 Ἀλλ’
2640 2517 2943 2587 ὑπερεύχου
2990 2518 3148 2584 πᾶσι,
3193 2515 3478 2570 τελειῶσαι
3517 2518 3709 2579 αὐτοῖς
3747 2516 3842 2571 τὸν

2256 2612 2479 2683 δρόμον.

587 2865 3830 2897 mm

1655 3024 2097 3111 BIBAION
2174 3023 2777 3115 ΔΕΥΤΕΡΟΝο

1149 3205 1253 3261 Ἐκ
1292 3203 1413 3261 τῶν
1441 3206 1739 3276 διαφόρων
1765 3204 1952 3260 αὐτοῦ
1990 3203 2336 3260 ἐπιστολῶν
2365 3206 2590 3277 ἐκλογὴ
2640 3208 2753 3278 τῆς
2786 3209 2987 3276 τρίτης
3005 3207 3264 3278 έξορίας.

1656 3538 2016 3625 LIBER
2099 3534 2755 3625 SECUNDUS.

1506 3725 1589 3779 Ea:
1622 3726 1842 3781 diversis
1871 3726 1986 3797 ejus
2009 3724 2244 3796 epistolis
2279 3724 2519 3780 collectio
2569 3724 2713 3781 tertii
2752 3724 2951 3781 exsilii.

670 3883 711 3937 Ι.
738 3914 803 3925 -
830 3883 1236 3939 Ιεοηοηιαείιῐείε
1262 3886 1480 3953 synodo,
1511 3893 1763 3956 tanquam
1782 3900 1845 3937 ex
1872 3900 2095 3953 persona

2267 3883 2348 3937 A'.
2365 3911 2436 3924 —
2460 3880 2537 3951 Τῇ
2566 3876 3007 3956 Εἰκονομαχικῇ
3032 3872 3396 3956 συνόδῳεάκ·
3416 3873 3486 3927 ἐκ
3511 3875 3837 3943 προσώπου

1048 3956 1279 4007 omnium
1320 3954 1737 4023 prwpositorum.

2656 3945 2900 4004 πάντωῦ
2933 3947 3050 4002 τῶν
3079 3945 3445 4017 ἡγουμένων.

1403 4067 1691 4132 Dogmatica
1710 4069 1772 4117 de
1797 4065 1979 4118 sanctis
1997 4064 2314 4130 imaginibus.
2360 4065 2562 4127 (Barou.
2588 4074 2667 4110 an.
2690 4059 2799 4122 8H,
2826 4074 2875 4109 n.
2901 4059 3003 4121 36.)

676 4150 1113 4221 Ditinislegibus
1157 4149 1543 4221 canonicisque
1583 4151 1818 4206 decretis
1864 4152 2188 4226 obsequen-I

607 4254 708 4306 tes,
740 4258 859 4312 quae
893 4252 1086 4312 praeter
1109 4242 1348 4312 episcopi
1392 4244 1475 4297 sui
1506 4245 1836 4298 sententiam
1871 4245 1926 4299 in
1959 4245 2025 4299 iis
2045 4261 2167 4313 quae

604 4335 671 4388 ad
724 4334 1144 4389 ecclesiasticam
1210 4335 1551 4405 disciplinam
1606 4338 1901 4405 pertinent,
1959 4338 2164 4391 nedum

605 4439 726 4494 quae
758 4425 822 4478 ad
853 4424 1184 4495 dogmalicas
1214 4426 1543 4493 quaestiones
1576 4426 1870 4490 deducunt,
1915 4427 2051 4481 nihil
2084 4427 2168 4497 agi

604 4516 689 4570 vel
727 4515 834 4571 dici
863 4525 1111 4585 oportere
1141 4515 1405 4571 deﬁniunt
1434 4532 1450 4581 ;
1476 4532 1601 4572 cum
1622 4518 1689 4572 ab
1719 4518 2043 4573 auctoritate
2073 4532 2169 4572 ve-

606 4616 717 4660 stra
751 4607 920 4662 semel
958 4617 1117 4676 atque
1158 4607 1353 4662 iterum
1388 4609 1457 4664 ad
1501 4610 1626 4662 talia
1657 4625 1759 4664 nos
1787 4610 2020 4663 humiles
2040 4623 2171 4663 evo-

604 4713 891 4763 carentur;
920 4699 1034 4752 ausi
1084 4714 1193 4751 non
1225 4698 1442 4762 fuimus,
1500 4709 1693 4768 praeter
1721 4716 1782 4754 ea
1808 4716 1927 4768 quas
1976 4708 2172 4754 statuta

609 4798 737 4842 sunt
762 4798 1001 4857 agentes,
1026 4790 1287 4844 accedere
1315 4806 1329 4854 ;
1362 4799 1422 4844 ut
1446 4791 1538 4859 qui
1564 4792 1664 4844 sub
1702 4806 1851 4845 sacra
1883 4806 2047 4843 manu
2079 4791 2175 4847 Ni-

610 4879 831 4948 cephori
861 4880 1190 4934 sanctissimi
1244 4881 1570 4951 patriarchae
1603 4881 1786 4935 divino
1814 4880 2019 4949 Spiritu
2042 4895 2174 4933 eon-

608 4971 781 5025 stituti
813 4986 1020 5025 sumus.
1061 4971 1350 5042 Postquam
1392 4982 1572 5027 autem
1614 4973 1831 5042 quidam
1874 4986 1938 5025 es
1984 4971 2175 5026 ordine

608 5073 800 5118 nostro
857 5064 1152 5132 praepositi,
1202 5064 1355 5134 quasi
1417 5065 1720 5134 periculum
1778 5062 1996 5133 aliquod
2059 5062 2175 5117 fac-

2338 4149 2543 4217 Νόμοις
2575 4145 2738 4209 θείοις
2767 4143 2861 4197 καὶ
2898 4142 3199 4206 κανονικοτς
3239 4138 3613 4210 θεσπίσμασιν
3640 4138 3837 4208 ἑπόμε-

2268 4254 2371 4303 νοι,
2413 4235 2510 4289 τοῦ
2552 4235 2629 4307 μὴ
2675 4235 2783 4288 δεῖν
2825 4233 2974 4303 παρὰ
3014 4231 3113 4302 τὴν
3150 4230 3244 4285 τοῦ
3288 4228 3490 4283 οἰκείου
3536 4230 3835 4283 ἐπισκόπου

2269 4327 2495 4399 γνώμην
2524 4328 2785 4399 πράττειν
2816 4342 2868 4378 τι
2899 4325 2932 4395 ἢ
2964 4324 3142 4393 λέγειν
3169 4322 3277 4376 τῶν
3308 4323 3407 4375 ὅσα
3439 4322 3519 4382 είς
3549 4320 3838 4389 ἐκκλησια-

2273 4420 2463 4490 στικὴν
2509 4420 2664 4489 φέρει
2697 4416 2971 4483 εὐταξίαν,
3001 4412 3197 4468 πολλοῦ
3232 4429 3294 4482 γε
3324 4413 3499 4465 εἰπεῖν
3528 4412 3610 4473 είς
3636 4411 3834 4479 δογμαο

2270 4512 2429 4581 τικὴν
2455 4511 2663 4578 ὲξέλκει
2688 4508 3015 4579 συζήτησινο
3045 4506 3235 4559 τούτου
3258 4506 3417 4576 χάριν
3446 4503 3549 4573 τῆς
3570 4502 3837 4571 ὑμετέρας

2272 4603 2521 4668 ἐξουσίας
2554 4601 2715 4675 ἀπαξ
2729 4604 2821 4655 καὶ
2850 4602 2929 4664 δὶς
2951 4599 3323 4669 ὲκκαλεσάσης
3358 4597 3495 4668 πρὸς
3518 4596 3588 4649 τὰ
3616 4594 3838 4648 τοιαῦτα

2271 4694 2371 4765 τὴν
2401 4694 2521 4747 καθ’
2546 4695 2691 4764 ἡμᾶς
2721 4692 3015 4757 εὐτέλειαν,
3049 4692 3151 4745 οὐκ
3182 4690 3481 4760 ἐτόλμησεν
3514 4689 3623 4754 ἔξω
3652 4704 3704 4739 τι
3734 4686 3837 4738 τῶν

2274 4784 2674 4855 νενομισμένων
2698 4784 3010 4854 πράττουσα
3032 4780 3436 4851 παραγενέσθαι
3459 4797 3474 4810 ·
3509 4778 3586 4840 ὡς
3611 4780 3720 4831 ὑπὸ
3747 4778 3838 4847 τὴν

2275 4879 2424 4948 ίεράν
2473 4879 2633 4947 χεῖρα
2674 4875 2991 4943 Νικηφόρου
3033 4870 3125 4924 τοῦ
3161 4871 3461 4938 ἀγιωτάτου
3500 4869 3839 4938 πατριάρχου

2276 4967 2549 5037 πνεύματι
2592 4966 2719 5036 θείῳ
2763 4964 3013 5019 τελοῦσα.
3058 4963 3275 5034 Ἐπειδὴ
3311 4962 3370 5015 δέ
3400 4978 3543 5024 τινες
3575 4961 3687 5013 τῶν
3718 4964 3840 5031 ὁμο-

2274 5058 2456 5126 ταγῶν
2486 5060 2617 5126 ὴμῖν
2645 5056 2963 5127 ἡγουμένων
3005 5055 3315 5123 ἀπόπειράν
3357 5070 3479 5107 τινα
3527 5051 3837 5124 ποιούμενοι

612 5155 741 5219 turi,
805 5155 1176 5210 accedendum
1218 5156 1345 5220 sibi,
1409 5165 1465 5211 et
1504 5156 1770 5225 oppositis
1831 5153 2176 5210 sermonibus

2278 5150 2599 5221 κεκρίκασιν
2624 5147 2936 5217 ἀφικέσθαι,
2965 5146 3045 5209 εἷς
3067 5163 3127 5199 τε
3155 5145 3346 5213 λόγους
3375 5143 3552 5197 ἐλθεῖν
3575 5143 3838 5197 ἀντιθετι-

612 5247 1049 5314 respondendum
1130 5260 1464 5302 censuerunt
1523 5264 1536 5301 ε
1602 5248 1732 5317 quid
1800 5245 1947 5301 aliud
2020 5246 2175 5300 nobis

2277 5241 2441 5304 κούςο
2476 5242 2530 5294 τί
2575 5240 2701 5295 ἀλλο
2746 5240 2778 5309 ἢ
2816 5240 2998 5291 ὲκεῖνα
3040 5239 3186 5307 ἡμᾶς
3227 5233 3643 5303 ἀκουτισθῆναι,
3680 5234 3718 5289 ἃ.
3759 5232 3839 5297 ἐξ·

613 5337 804 5391 audire
881 5336 1079 5405 liceat,
1149 5354 1312 5407 quam
1391 5354 1512 5407 quae
1602 5322 1805 5391 humile
1889 5352 1982 5391 cor
2046 5352 2174 5391 nos-

2282 5334 2491 5402 ίστησιν
2521 5332 2674 5402 ἡμῶν
2712 5330 2809 5401 τὴν
2841 5327 3100 5399 ταπεινὴν
3131 5327 3394 5400 καρδίανς
3425 5327 3563 5415 Qui
3589 5325 3700 5396 γάρ
3747 5328 3837 5393 τὴν

613 5437 756 5481 trum
818 5428 1531 5499 obstupefaciunt?Ferunt
1591 5429 1855 5499 siquidem
1926 5443 2171 5485 conven~

2275 5425 2608 5495 πρόσκλησιν
2649 5419 2784 5476 εἶναι
2833 5421 2925 5473 ἐπὶ
2965 5420 3307 5489 καταστροφῇ
3335 5416 3435 5486 τῆς
3465 5411 3757 5488 ἐν’Νικαίᾳ
3783 5417 3838 5468 τὸ

611 5526 727 5573 tum
771 5518 933 5573 istum
974 5521 1041 5575 ad
1080 5522 1415 5578 eversionem
1454 5523 1703 5578 secundae
1747 5531 1943 5579 sancta:
1982 5523 2168 5593 synodi

2276 5520 2526 5593 δεύτερον
2550 5518 2707 5589 ἁγίας
2733 5516 2945 5573 συνόδου
2970 5531 2980 5542 ·
3012 5514 3070 5570 τὸ
3098 5514 3163 5586 δὴ
3192 5514 3484 5585 λεγόμενον
3515 5514 3603 5567 ἐπ’
3630 5511 3839 5585 ἀναιρέ·

689 5718 734 5751 "
764 5716 909 5774 Psal.
940 5734 1143 5788 cxxvn,
1174 5720 1228 5774 9..
