4008 6318
139 358 319 420 1117

1379 367 1905 430 EPISTOLARUM
1945 375 2090 433 LIB.
2123 377 2138 433 Ι
2157 377 2201 435 Ι.

3281 377 3413 444 1118

132 490 254 526 σει
300 475 390 528 τοῦ
416 475 834 543 πρσσκυνείσθαι
865 477 961 544 τὴν
988 477 1187 547 σεπτὴν
1214 479 1396 531 εἰκόνα
1420 480 1511 532 τοῦ
1541 482 1744 551 Κυρίου

1852 483 2102 551 Niccenze,
2138 489 2187 542 id
2219 499 2300 543 est
2349 489 2413 542 ad
2462 490 3143 546 tollendamvenerandam
3198 491 3413 546 Domini

135 568 180 635 ἡ
193 568 343 635 μῶν
387 566 557 634 Ἰησοῦ
586 566 840 636 Χριστοῦ,
866 568 965 636 τῆς
997 585 1054 619 τε
1090 568 1369 633 Θεοτόκου,
1403 571 1495 622 καὶ
1532 573 1747 624 πάντων

133 660 320 727 ὁμοῦ
344 660 452 711 τῶν
482 660 670 726 ἁγίων.
696 663 759 712 Ὢ
779 663 859 723 τίς
885 663 1164 731 ὲνηχηθεὶς
1188 663 1361 716 ταῦτα
1387 666 1446 716 οὺ
1475 665 1746 730 στενάξειε

136 750 382 819 πικρὸν
415 751 478 803 ἐκ
511 751 705 820 βάθους
751 752 978 822 καρδίας
1006 772 1018 784 ο
1051 753 1124 816 ὼς
1168 756 1611 825 ἀνατρεπομένης
1645 757 1745 826 ἤδη

133 842 214 890 ἐν
255 837 480 900 τούτοις
500 840 598 907 τῆς
621 839 888 908 σωτηρίου
910 840 1220 910 οἰκονομίας
1245 841 1338 894 τοῦ
1365 844 1567 912 Κυρίου
1592 845 1746 912 ἡμῶν

153 927 368 996 Ἰησοῦ
392 928 625 997 Χριστοῦ
646 946 659 994 ;
695 931 919 996 Ἄκουε,
951 931 1185 998 οὐρανὲ,
1211 932 1310 985 καὶ
1336 933 1621 997 ἐνωτίζου,
1645 934 1742 1002 γῆ·

140 1017 363 1084 βοάτω
398 1019 514 1086 μεθ’
542 1018 695 1088 ἡμῶν
733 1022 761 1071 6
805 1022 1316 1090 μεγαλοφωνότατος
1361 1024 1617 1086 Ἡσαΐας·
1655 1027 1747 1077 καὶ

137 1109 268 1159 ὅσα.
313 1108 522 1172 τούτοις
551 1110 920 1180 ἐπιφερόμενα
950 1114 1091 1166 κατά
1123 1115 1420 1184 συνέχειαν.
1450 1116 1664 1169 Μᾶλλον
1690 1116 1747 1169 δὲ

139 1200 229 1250 ἵν’
258 1200 602 1268 οἰκειότερον
626 1201 1010 1270 φθεγξώμεθα·
1047 1204 1242 1256 Ἀκουε
1277 1206 1505 1282 ἀνατολὴ
1538 1208 1630 1260 καὶ
1658 1206 1747 1258 δύ-

140 1305 278 1350 σις,
325 1289 497 1358 βορρᾶ
526 1307 582 1342 τε
615 1291 704 1343 καὶ
733 1293 766 1360 ἡ
797 1292 939 1344 κατὰ
965 1291 1235 1346 θάλασσαν
1262 1294 1430 1365 λῆξις,
1458 1297 1515 1348 ἐν
1541 1291 1620 1359 οἷς
1655 1295 1748 1349 νῦν

139 1378 227 1430 τὰ
289 1378 421 1431 καθ’
449 1380 615 1448 ἡμᾶς,
659 1382 750 1433 καὶ
783 1381 869 1448 ἐφ’
898 1377 978 1445 οἷς
1023 1383 1360 1454 συνεδρεύειν
1401 1386 1744 1456 τετόλμηται.

151 1467 388 1534 Ἡμεῖς
430 1469 527 1537 μὲν
566 1465 658 1522 οὖν
705 1471 753 1521 οἰ
795 1470 1087 1540 ἐλάχιστοι,
1127 1474 1270 1527 οἵτε
1311 1476 1748 1544 παραγενόμενοι

142 1561 258 1612 καί
297 1559 379 1628 μὴ
414 1561 843 1631 παραγενόμενοι
870 1580 885 1593 ·
923 1563 1256 1635 ἀμφοτέροις
1278 1566 1384 1637 γὰρ
1407 1561 1487 1628 είς
1513 1567 1540 1618 6
1569 1567 1744 1633 λόγος,

138 1649 233 1710 ὡς
284 1648 601 1718 συμψύχοις
641 1647 791 1703 οὖσιν
829 1652 885 1704 ὲν
916 1654 995 1705 ἑνὶ
1022 1653 1157 1723 θείῳ
1188 1657 1526 1724 φρονήματι·
1557 1658 1621 1726 τῇ
1657 1657 1746 1708 ὑπ’

142 1739 412 1808 οὐρανὸν
448 1739 742 1812 Ἐκκλησία
772 1743 1058 1812 σύμφωνον
1083 1746 1263 1797 πίστιν
1291 1745 1513 1812 ἄγοντες
1537 1763 1550 1776 ·
1582 1749 1747 1816 ἤγουν

141 1829 518 1897 ἀδιαστηλοῦν
544 1847 603 1883 τε
642 1834 732 1885 καὶ
764 1836 1087 1902 προσκυνεῖν
1123 1837 1221 1905 τὴν
1253 1835 1401 1889 Θείαν
1436 1838 1618 1890 είκόνα
1651 1839 1747 1891 αὺ-

144 1921 256 1974 τοῦ
293 1921 399 1972 τοῦ
444 1922 693 1993 Σωτῆρος
723 1926 878 1993 ἡμῶν
912 1926 1085 1994 Ἰησοῦ
1114 1927 1374 1996 Χριστοῦ,
1395 1929 1493 1997 τῆς
1519 1945 1579 1980 τε
1609 1946 1748 1981 παν-

144 2011 343 2078 αγίας
369 2011 588 2081 Μητρὸς
616 2013 800 2077 αὑτοῦ,
833 2014 926 2066 καί
953 2014 1259 2070 οὑτινοσοῦν
1280 2016 1386 2068 τῶν
1416 2017 1616 2084 ἁγίων·
1652 2018 1748 2087 οὐχ

150 2104 245 2155 ὅτι
282 2101 449 2169 παρά
495 2106 558 2172 τῇ
602 2103 660 2156 ὲν
691 2103 894 2173 Νικαία
933 2104 992 2157 τὸ
1018 2105 1264 2176 δεύτερον
1296 2107 1429 2178 ἁγίᾳ
1459 2109 1675 2179 συνόδῳ,
1713 2108 1744 2177 ἢ

148 2191 330 2261 παρὰ
358 2193 425 2259 τῇ
457 2192 562 2260 πρὸ
591 2193 758 2261 αὐτῆς
787 2194 1160 2265 δογματισάση
1192 2197 1460 2263 θειότατα,
1488 2199 1548 2250 τὸ
1574 2200 1750 2266 ἀσφα-

145 2282 250 2344 λὲς
294 2281 450 2349 ἔχειν
475 2281 961 2353 διαϐεϐαιούμεθα·
992 2285 1127 2338 ἀλλά
1167 2285 1273 2353 γάρ
1307 2287 1401 2337 ἀπ’
1444 2288 1611 2356 αὐτῆς
1650 2287 1748 2357 τῆς

150 2371 490 2440 παρουσίας
518 2370 611 2423 τοῦ
639 2373 842 2442 Κυρίου
869 2374 1026 2443 ἡμῶν
1052 2375 1145 2427 καὶ
1178 2374 1332 2439 Θεοῦ,
1367 2377 1658 2446 ἐγγράφως
1691 2395 1748 2430 τε

149 2463 260 2515 καὶ
290 2463 570 2532 ἀγράφως
597 2465 973 2534 ἐρηρεισμένοι
1005 2466 1156 2529 ὅντες
1176 2481 1191 2496 ·
1226 2467 1478 2534 ἀσφαλῶς
1517 2468 1752 2538 βεϐήκαο

156 2571 268 2623 μεν
303 2556 403 2606 ἐπ’
429 2555 646 2622 ἐκείνην
682 2555 776 2624 τὴν
810 2555 987 2625 ἕδραν,
1023 2558 1108 2626 ἐφ’
1217 2575 1380 2627 φησιν
1421 2560 1448 2610 6
1480 2561 1747 2630 Χριστός·

155 2645 248 2698 Σὺ
287 2640 352 2697 εἷ
375 2643 617 2710 Πέτρος,
649 2645 744 2696 καί
778 2645 876 2696 ἐπὶ
911 2646 1092 2713 ταύτῃ
1120 2645 1194 2713 τῇ
1222 2646 1406 2714 πέτρᾳ
1439 2647 1750 2716 οἰκοδομή-

156 2752 254 2789 σω
283 2752 418 2802 μου
442 2734 556 2801 τὴν
589 2735 969 2802 Ἐκκλησίαν,
992 2739 1091 2790 καὶ
1122 2738 1307 2791 πύλαι
1332 2737 1480 2804 ᾅδου
1513 2743 1583 2794 οὺ
1613 2757 1750 2793 κατ-

156 2825 789 2894 ισχύσουσιναὺτῆς.

235 2918 344 2979 Τίς
369 2917 480 2988 γάρ
511 2918 603 2969 καὶ
637 2917 792 2986 λόγος
827 2919 1137 2990 ὲξευρεθεὶη
1169 2921 1245 2992 τῷ
1286 2923 1605 2992 ἀντηγορεῖν
1633 2924 1750 2977 ἐλο-

163 3007 327 3077 μὲνῳ
385 3007 626 3077 τοσούτῳ
679 3009 866 3078 κράτει
899 3009 997 3078 τῆς
1022 3010 1309 3081 ἀληθείας;
1346 3014 1407 3064 Εἰ
1436 3013 1540 3079 γὰρ
1567 3013 1754 3081 ὁμολο-

163 3098 466 3169 γουμένως
493 3101 519 3151 6
541 3100 744 3170 Κύριος
765 3101 918 3170 ἡμῶν
957 3102 1157 3172 Ἰησοῦς
1189 3105 1420 3173 Χριστὸς
1451 3106 1505 3158 ὲν
1540 3104 1750 3174 ἀνθρω-
1779 3137 1821 3194 C

162 3194 303 3263 πείᾳ
336 3194 551 3262 μορφῇ,
581 3194 674 3244 καὶ
701 3195 758 3245 ὲν
801 3193 931 3246 εῖδει
955 3194 1034 3265 τῷ
1060 3195 1179 3248 καθ’
1201 3197 1350 3266 ἡμᾶς
1384 3191 1560 3249 ὦπται
1583 3214 1595 3227 ·
1621 3198 1752 3265 ἀραο

167 3288 350 3354 ρότως
407 3285 808 3355 περιγράφεται
857 3303 917 3338 τε
948 3287 1041 3340 καὶ
1069 3288 1391 3353 εἰκονίζεται
1423 3290 1546 3342 καθ’
1577 3293 1753 3360 ἡμᾶς·

164 3379 214 3426 εί
246 3376 346 3426 καὶ
372 3374 530 3444 μένει
561 3377 625 3444 τῇ
649 3374 767 3445 θείᾳ
806 3380 986 3446 μορφῇ
1031 3379 1059 3430 6
1092 3378 1252 3441 αὐτὸς
1299 3380 1711 3451 ἀπερίγραπτος
1738 3398 1752 3413 ·

167 3465 418 3535 ἐπείπερ
455 3465 574 3519 ἐστὶ
615 3466 838 3536 μεσίτης
865 3466 997 3519 Θεοῦ
1025 3468 1118 3521 καὶ
1133 3467 1454 3539 ἀνθρώπων·
1481 3472 1753 3542 ἑκατέρων

167 3557 283 3609 τῶν
312 3557 538 3625 φύσεων
571 3559 628 3624 ἐξ
653 3552 726 3612 ὧν
756 3557 872 3611 ἐστι
899 3559 966 3613 τά
1015 3560 1283 3631 ἰδιώματα
1333 3564 1588 3632 ἀλὼϐητα
1637 3566 1753 3618 δια-

171 3649 394 3712 σὼζων.
439 3649 502 3701 Εἰ
550 3649 606 3702 δὲ
654 3651 726 3720 μὴ
785 3651 1197 3720 περιγράφοιτο,
1231 3654 1475 3707 ἀπόλωλε
1499 3655 1560 3708 τὸ
1613 3651 1751 3709 εἶναι

171 3739 497 3809 ἄνθρωπος,
525 3740 720 3794 πολλοῦ
739 3759 800 3810 γε
835 3745 1030 3808 εἰπεῖν,
1066 3744 1291 3814 μεσίτης
1316 3784 1331 3808 ,
1365 3745 1454 3798 διὰ
1482 3747 1580 3815 τῆς
1602 3747 1754 3799 ἀναιο

175 3832 390 3899 ρὲσεως
425 3831 518 3885 τοῦ
549 3835 924 3905 περιγραπτοῦ
984 3838 1490 3906 συναναιρουμένων
1535 3838 1753 3892 πάντων

172 3923 284 3975 τῶν
312 3925 655 3996 ὁμοστοίχων
691 3927 1015 3997 ἰδιωμάτων.
1048 3930 1110 3982 El
1133 3932 1241 4000 γὰρ
1265 3931 1326 3982 οὐ
1356 3931 1750 4001 περιγραπτὸς,

172 4014 286 4067 οὗθ’
318 4016 498 4079 ἁπτός
521 4034 536 4048 ο
569 4019 617 4069 εἰ
649 4018 707 4070 δὲ
755 4020 945 4086 ἁπτὸς,
979 4019 1117 4090 όμοῦ
1157 4022 1251 4074 καὶ
1286 4021 1603 4090 ψηλαφητός
1624 4039 1639 4054 ο
1671 4019 1752 4086 οἷς

175 4107 432 4174 ἀντερεῖν
460 4109 761 4176 ἡλιθιῶδες.
792 4110 1052 4180 Σώματος
1075 4111 1183 4180 γάρ
1212 4111 1386 4164 ταῦτα
1422 4111 1517 4164 τοῦ
1555 4113 1665 4182 ἀφῇ
1692 4129 1752 4165 τε

174 4199 271 4248 καὶ
300 4200 471 4269 χροιᾷ
495 4200 914 4266 ύποπίπτοντος,
950 4205 1072 4268 Πῶς
1096 4206 1216 4274 οὐχί
1246 4207 1341 4258 καί
1376 4207 1752 4275 περιγραπτὸς

179 4289 236 4354 ἐξ
265 4286 328 4345 οὗ
360 4291 460 4344 καὶ
487 4292 760 4362 παθητός;
792 4294 852 4346 Εἰ
878 4294 935 4346 δὲ
968 4297 1345 4366 περιγραπτὸς
1366 4297 1461 4350 καὶ
1488 4297 1750 4368 παθητὸς,

179 4383 402 4447 πάντως
434 4387 529 4439 καὶ
566 4387 940 4455 προσκυνητὸς
985 4387 1183 4459 δηλαδὴ
1237 4389 1359 4442 καθ’
1389 4390 1455 4459 ἣν
1486 4391 1752 4460 περιγρά-

1779 1807 1820 1862 Β

1849 579 2018 632 nostri
2049 580 2174 634 Jesu
2197 579 2396 635 Christi
2429 589 2480 633 et
2513 581 2752 650 Deipara:
2807 593 3225 651 sanctorumque
3255 585 3413 637 simul

1847 670 2086 723 Omnium
2113 672 2359 741 imaginis
2380 672 2745 725 adorationem
2775 673 3054 726 constitui.
3080 673 3140 725 Et
3164 675 3411 742 quisnam

1847 759 1963 813 haec
1992 759 2234 823 audiens,
2267 776 2330 813 ex
2363 761 2470 813 imo
2488 771 2703 828 pectore
2735 777 2841 814 non
2867 775 3049 814 amare
3074 762 3410 828 ingemiscat,

1847 855 2099 915 tanquam
2117 847 2226 915 jam
2257 862 2441 901 eversa
2471 862 2566 916 per
2593 849 2708 902 haac
2732 850 2948 903 salutari
2980 850 3281 904 oeconomia
3309 849 3412 902 Do-

1847 938 1975 990 mini
2002 939 2172 992 nostri
2215 939 2341 994 Jesu
2392 938 2592 993 Christi
2621 941 2643 992 ?
2674 941 2834 1005 Audi,
2879 942 3084 1005 caelum,
3118 951 3165 993 et
3197 940 3414 992 auribus

1853 1029 2077 1096 percipe,
2108 1037 2247 1080 terra
2275 1026 2342 1092 ⁸⁸,
2388 1037 2443 1081 et
2468 1043 2587 1097 qua:
2615 1037 2938 1097 sequuntur,
2984 1029 3270 1082 nobiscum
3319 1042 3414 1080 ex—

1847 1119 2041 1172 clamet
2085 1119 2416 1174 clarissimus
2451 1119 2617 1174 lsaias
2662 1138 2675 1174 :
2725 1129 2821 1173 aut
2857 1121 3062 1186 potius,
3109 1128 3163 1172 et
3194 1117 3413 1187 preprie

1848 1209 2039 1279 magis,
2070 1210 2434 1264 exclamcmus
2462 1210 2656 1274 :Audi,
2681 1211 2882 1275 oriens,
2907 1211 3182 1272 occidens,
3210 1209 3410 1278 aquilo,

1847 1309 1902 1353 et
1928 1302 2080 1368 plaga
2108 1315 2227 1367 quae
2262 1299 2326 1352 ad
2376 1315 2522 1352 mare
2553 1309 2654 1364 est,
2690 1316 2797 1368 quo
2844 1315 2991 1353 nunc
3036 1299 3266 1352 redactaa
3305 1298 3415 1351 sint

1847 1406 1935 1444 res
1963 1400 2179 1454 nostrae,
2209 1400 2262 1444 et
2296 1406 2400 1459 qua
2435 1391 2500 1445 de
2539 1407 2595 1445 re
2625 1399 2954 1444 conventum
2995 1390 3084 1443 isti
3122 1405 3283 1458 agere
3302 1405 3411 1442 non

1848 1479 2221 1534 reformident.
2262 1479 2372 1534 Nos
2397 1481 2575 1549 itaque
2605 1482 2846 1534 omnium
2880 1481 3112 1545 minimi,
3156 1480 3245 1548 qui
3275 1496 3412 1547 pra:-

1848 1584 2050 1638 sentes,
2084 1575 2282 1643 quique
2330 1574 2622 1636 absentes;
2660 1573 2905 1640 utrisque
2958 1571 3104 1625 enim
3144 1571 3285 1624 idem
3330 1578 3413 1623 est

1847 1680 2047 1730 sermo,
2092 1675 2344 1733 tanquam
2378 1663 2649 1717 unanimis
2679 1663 2730 1716 in
2764 1677 2874 1715 uno
2903 1662 3201 1730 eodemque
3233 1661 3413 1714 divino

1849 1774 2009 1813 sensu
2038 1775 2054 1825 ;
2087 1771 2380 1811 consonam
2409 1755 2674 1808 universae
2691 1753 2791 1807 sub
2821 1753 2954 1807 coelo
2984 1750 3232 1805 Ecclesiae
3256 1751 3412 1804 fidem

1851 1859 2119 1912 tenentes,
2148 1848 2386 1902 divinam
2421 1845 2716 1899 Salvatoris
2755 1844 2922 1897 nostri
2944 1843 3068 1898 Jesu
3099 1841 3324 1906 Christi,
3361 1850 3415 1894 ct

1852 1942 2201 1998 sanctissima:
2234 1939 2418 1993 Matris
2450 1940 2587 2008 ejus,
2612 1946 2667 1991 et
2697 1937 3068 2005 cujuscunque
3103 1942 3411 1988 sanctorum

1851 2034 2139 2103 imaginem
2169 2033 2375 2101 erigere
2402 2041 2457 2085 et
2489 2031 2715 2084 adorare
2746 2049 2758 2082 :
2787 2044 2891 2081 non
2920 2027 3092 2081 solum
3131 2042 3192 2079 ex
3225 2033 3411 2078 sancta

1850 2123 2066 2177 Nicama
2103 2121 2338 2176 secunda
2371 2119 2596 2189 synodo,
2631 2118 2891 2181 alterave,
2935 2130 3054 2184 qua:
3109 2122 3234 2166 ante
3267 2113 3412 2165 illam

1851 2213 2187 2269 divinissime
2242 2212 2443 2273 docuit,
2478 2223 2731 2262 securum
2763 2215 2818 2259 et
2878 2215 3051 2258 tutum
3103 2219 3224 2256 esse
3269 2202 3409 2255 afllr-

1851 2319 2085 2366 mamus,
2141 2301 2233 2356 sed
2276 2300 2342 2353 ab
2391 2301 2619 2368 ipsumet
2667 2295 2953 2365 praesentia
2986 2291 3197 2346 Domini
3247 2293 3412 2344 nostri

1850 2413 1913 2451 ac
1952 2395 2066 2460 Dei,
2110 2403 2215 2447 tam
2263 2390 2466 2458 scripto
2515 2403 2675 2457 quam
2707 2386 2821 2440 sine
2843 2385 3045 2453 scripto
3094 2382 3298 2436 fundati
3330 2397 3414 2435 se-

1851 2504 1980 2543 cure
2023 2501 2183 2554 supra
2219 2483 2398 2537 sedem
2452 2481 2594 2533 illam
2621 2477 2988 2536 consistimus,
3031 2475 3095 2528 de
3127 2489 3229 2543 qua
3260 2473 3416 2527 Chri-

1851 2589 1967 2633 stus
1989 2577 2093 2629 ait:
2129 2575 2279 2627 Tues
2303 2573 2528 2626 Petrus:
2559 2579 2608 2622 et
2658 2585 2815 2637 super
2847 2567 2981 2618 lianc
3031 2575 3238 2634 petram
3280 2563 3413 2616 ιεάὶ-

1850 2669 2015 2738 ﬁcabo
2038 2666 2326 2720 Ecclesium
2361 2677 2550 2725 meam,
2580 2668 2627 2713 et
2654 2669 2818 2729 portae
2848 2657 3006 2728 inferi
3031 2671 3130 2708 non
3160 2654 3415 2723 praevale-

1851 2759 1974 2812 bunt
2004 2758 2248 2810 adversus
2272 2768 2388 2805 eam
2412 2752 2478 2802 ⁸⁸.

1922 2914 2179 2979 Quaenam
2202 2908 2344 2961 enim
2378 2905 2600 2975 reperiri
2639 2904 2809 2974 possit
2836 2901 3029 2966 oratio,
3051 2899 3095 2954 si
3134 2898 3256 2968 quis
3291 2908 3415 2952 tan-

1853 3015 1967 3059 tum
2006 3001 2250 3057 veritatis
2303 3000 2468 3053 robur
2517 2994 2938 3065 impugnandum
2969 2992 3070 3046 sibi
3105 2989 3416 3060 proponat?

1854 3094 1986 3148 Nam
2014 3095 2056 3148 si
2076 3091 2348 3147 communi
2376 3089 2618 3143 omnium
2637 3101 2905 3140 consensu
2932 3083 3190 3136 Dominus
3230 3089 3414 3134 noster

1853 3187 2014 3241 Jesus
2043 3185 2292 3238 Christus
2325 3181 2379 3234 in
2409 3181 2643 3234 humana
2663 3177 2830 3229 forma
2851 3185 2904 3228 et
2930 3177 2982 3228 in
3013 3172 3196 3241 specie
3231 3181 3414 3224 nostra

1853 3283 2004 3335 visus
2035 3286 2137 3342 est,
2187 3281 2546 3344 congruenter
2584 3269 2828 3338 profecto
2866 3264 3329 3321 circumscribitur
3360 3273 3415 3315 et

1854 3373 2087 3442 imagine
2110 3367 2435 3438 exprimitur
2483 3379 2635 3417 more
2685 3369 2896 3424 nostro,
2944 3357 3192 3428 quamvis
3246 3354 3414 3408 incir-

1853 3462 2212 3530 cumscriptus
2268 3459 2382 3528 ipse
2414 3462 2630 3510 maneat
2684 3451 2983 3506 secundum
3015 3448 3252 3502 divinam
3302 3445 3415 3497 for-

1852 3570 2032 3610 mam:
2073 3551 2270 3620 quippe
2323 3547 2412 3617 qui
2461 3556 2545 3600 est
2594 3544 2853 3598 mediator
2892 3540 2986 3594 Dei
3021 3548 3074 3590 et
3131 3537 3412 3590 hominum

1854 3644 2138 3711 utriusque
2171 3648 2378 3693 natura:
2401 3651 2506 3704 qua
2534 3641 2744 3688 constat
2774 3631 3132 3700 prOprietates
3178 3628 3414 3695 integras

1852 3747 2203 3792 conservans.
2262 3729 2415 3795 Quod
2443 3727 2488 3781 si
2514 3740 2618 3779 non
2653 3721 3215 3782 circumscriberetur,
3253 3721 3414 3772 homo

1852 3841 1972 3882 esse
2018 3826 2310 3887 desineret,
2344 3835 2408 3875 ac
2458 3819 2629 3872 multo
2659 3815 2829 3884 magis
2879 3813 3163 3874 mediator,
3191 3809 3415 3864 sublatis

1854 3935 1959 3974 una
2025 3933 2147 3972 cum
2203 3908 2725 3978 circumscriptionis
2793 3904 3096 3973 privatione
3162 3901 3418 3954 omnibus

1851 4011 2092 4081 ejusdem
2121 4005 2324 4060 ordinis
2351 3999 2788 4072 proprietatibus.
2850 3994 3062 4049 Etenim
3094 3993 3136 4046 si
3180 3993 3414 4046 circum-

1852 4101 2145 4171 scriptitius
2198 4113 2309 4152 non
2367 4103 2481 4158 est,
2519 4107 2622 4147 nec
2669 4089 2815 4159 tangi
2876 4096 3095 4156 potest:
3131 4085 3215 4139 sin
3270 4085 3415 4152 tangi

1851 4203 2049 4266 potest,
2079 4192 2265 4260 utique
2313 4197 2369 4242 et
2391 4183 2712 4240 contrectari
2753 4200 2766 4236 :
2814 4181 3012 4250 quibus
3036 4193 3166 4232 sane
3199 4185 3417 4231 contra-

1853 4289 2032 4343 dicere
2059 4284 2280 4338 stultum
2323 4287 2508 4333 esset:
2543 4273 2788 4344 corporis
2841 4272 2988 4325 enim
3038 4270 3154 4323 hazc
3198 4267 3417 4337 propria

1855 4384 1982 4432 sunt
2013 4372 2156 4443 quod
2190 4370 2289 4425 sub
2337 4375 2539 4422 tactum
2567 4365 2912 4430 coloremque
2945 4359 3108 4413 cadit.
3138 4357 3418 4422 Quomodo

182 4491 343 4540 φεται
382 4467 552 4530 ἰδέαν.
571 4449 577 4452 Ἴ
595 4449 683 4540 Ὦς
714 4477 789 4547 μὴ
815 4449 1142 4550 όχιξομένης
1168 4449 1267 4550 τῆς
1291 4449 1448 4549 δόξης
1480 4449 1575 4534 τοῦ
1603 4449 1751 4552 ττρω-

1856 4483 1966 4523 non
2023 4458 2533 4528 circumscriptitius
2576 4454 2792 4524 quando
2823 4461 2878 4506 et
2919 4450 3229 4521 passibilis?
3262 4449 3415 4515 Quod

181 4565 419 4622 τοτύπου
451 4570 511 4621 ὲν
543 4569 619 4638 τῷ
648 4569 988 4641 παραγὼγῳ,
1043 4571 1183 4624 κατά
1233 4572 1326 4625 τὸν
1378 4574 1551 4642 μέγαν
1594 4573 1756 4625 Βασί-

183 4655 326 4710 λειον
353 4675 370 4691 ·
407 4661 441 4731 ἡ
475 4661 586 4730 γάρ
639 4662 738 4729 τῆς
764 4662 970 4727 εἰκόνος
1000 4663 1133 4734 τιμὴ
1163 4665 1253 4716 ἐπὶ
1289 4663 1351 4716 τὸ
1401 4665 1755 4734 πρωτότυπον

182 4746 452 4805 διαϐαίνει
475 4769 490 4783 ·
528 4752 771 4822 δηλονότι
801 4753 1132 4818 οὑτινοσοῦν,
1193 4754 1305 4806 εἴτε
1353 4754 1610 4824 φυσικῆς,
1645 4754 1755 4807 εῐτε

185 4842 455 4912 τεχνητῆς
477 4860 491 4874 ·
529 4843 653 4897 ἐπεὶ
701 4845 794 4898 καὶ
818 4846 910 4898 ἐπὶ
940 4845 1036 4900 τοῦ
1061 4845 1234 4898 τύπου
1256 4843 1350 4898 τοῦ
1378 4845 1559 4913 τιμίου
1590 4860 1755 4895 σταυ-

187 4928 280 4996 ροῦ
310 4931 371 4983 τὸ
397 4934 533 4987 αὐτὸ
565 4933 832 5006 θεώρημα
880 4937 1119 5006 νοητέον.
1149 4937 1227 5005 Τῇ
1259 4936 1366 5007 γὰρ
1388 4938 1754 5007 προσκυνήσει

186 5021 278 5072 τοῦ
305 5024 480 5079 τύπου
505 5042 519 5056 ·
547 5031 1048 5097 συμπροσκυνεῖται
1079 5029 1141 5080 τὸ
1179 5025 1436 5092 ζωοποιὺν
1466 5027 1622 5094 ξύλον
1641 5043 1652 5056 ·
1679 5025 1757 5089 ὡς

188 5110 279 5162 καὶ
307 5112 550 5182 ἔμπαλιν
599 5119 663 5187 τῇ
698 5119 975 5187 ἀναιρέσει
1028 5118 1461 5187 συναναιρεῖσθαι
1519 5116 1665 5169 ἔστιν
1694 5115 1755 5181 ἐξ

191 5203 510 5270 ἀναγκαίου.
548 5210 617 5261 Ἦ
641 5209 817 5279 οὐχὶὴ
846 5210 1107 5279 ὁμολογία
1135 5209 1226 5263 τοῦ
1259 5208 1454 5273 τύπου,
1496 5207 1755 5277 ὁμολογία

193 5289 309 5343 ἐστί
334 5297 428 5350 τοῦ
463 5298 730 5361 ζωοποιοῦ
766 5299 1033 5369 σταυροῦ;
1067 5299 1255 5370 ὥσπερ
1282 5299 1374 5353 οῦν
1405 5299 1498 5352 καὶ
1533 5297 1756 5368 ήᾶρνη·

197 5398 274 5444 σις
331 5390 452 5441 καθ’
509 5393 768 5461 ὁμοίωσιν
800 5391 1191 5460 ἀντιστροφῆς.
1227 5391 1300 5442 T6
1352 5390 1614 5457 ἀνάλογον
1665 5384 1758 5441 οὖν

196 5470 419 5540 ληπτέον
443 5483 535 5534 ἐπί
566 5500 625 5535 τε
668 5483 767 5552 τῆς
816 5482 1024 5545 εἰκόνος
1070 5480 1312 5549 Χριστοῦ
1345 5481 1439 5533 καὶ⁵
1489 5480 1653 5534 αὑτοῦ
1692 5480 1757 5549 δὴ

197 5559 448 5636 Χριστοῦ,
483 5573 647 5627 παντὶ
688 5573 765 5643 τῷ
797 5573 1050 5627 συνιόντι.
1090 5573 1197 5625 Καὶ
1226 5570 1378 5625 οῦπω
1409 5571 1596 5642 καιρὸς
1629 5570 1754 5637 δογ-

267 5757 310 5788 "
345 5760 438 5818 lsa.
481 5785 517 5831 I,
544 5768 597 5824 2.
676 5769 926 5823 "Matth.
958 5785 1067 5833 xw,
1108 5768 1193 5820 18·

1858 4561 1902 4614 si
1924 4550 2431 4621 circumscriptitius
2452 4555 2507 4600 et
2535 4544 2821 4615 passibilis,
2851 4543 3072 4596 omnino
3108 4541 3266 4594 etiam
3289 4540 3416 4592 ado-

1858 4649 2080 4709 randus,
2111 4643 2405 4699 secundum
2451 4653 2568 4692 eam
2607 4636 2862 4689 nimirum
2917 4633 3144 4686 formam
3173 4648 3275 4700 qua
3307 4632 3416 4685 cir-

1858 4737 2241 4797 cumscribitur
2273 4751 2286 4788 :
2321 4748 2443 4788 cum
2475 4727 2742 4801 prototypi
2796 4724 2983 4795 gloria,
3022 4724 3161 4777 sicut
3190 4737 3418 4791 magnus

1857 4831 2086 4887 Basilius
2114 4829 2290 4890 docet,
2318 4825 2369 4878 in
2401 4819 2768 4876 similitudinis
2805 4814 3152 4884 expressione
3195 4813 3417 4866 minime

1862 4925 2134 4981 dividatur
2158 4939 2169 4974 :
2208 4921 2381 4974 honor
2408 4914 2671 4984 siquidem
2711 4909 2960 4978 imaginis
2983 4907 3048 4961 ad
3076 4914 3417 4976 prototypum

1865 5017 2080 5081 transit,
2108 5023 2445 5083 quaecunque
2479 5005 2623 5060 haud
2671 5002 2832 5058 dubie
2863 5001 2950 5054 illa
2980 4999 3069 5062 sit,
3113 4999 3226 5050 sive
3259 5005 3418 5049 natu-

1864 5113 2011 5175 ralis,
2047 5110 2163 5163 sive
2203 5113 2317 5158 arte
2349 5102 2524 5156 facta:
2570 5093 3005 5167 quandoquidem
3053 5100 3107 5143 et
3155 5091 3208 5142 in
3254 5104 3416 5142 vene-

1863 5203 2047 5258 randa:
2073 5198 2247 5254 crucis
2282 5207 2406 5263 typo
2435 5191 2575 5245 idem
2606 5188 2828 5244 effatum
2859 5187 3036 5238 locum
3068 5183 3248 5235 habet.
3281 5181 3417 5236 Cum

1862 5295 1973 5366 typi
2001 5292 2146 5346 enim
2177 5272 2491 5341 adoratione
2537 5279 2807 5334 viviﬁcum
2838 5275 2995 5330 simul
3041 5273 3240 5343 lignum
3280 5272 3416 5324 ado-

1862 5361 2048 5439 ratur:
2087 5381 2228 5432 sicut
2263 5384 2312 5429 et
2351 5374 2467 5427 vice
2514 5385 2689 5433 versa,
2715 5383 2776 5421 ea
2833 5365 3062 5420 sublata.
3106 5363 3264 5416 simul
3306 5361 3418 5415 tolli

1860 5490 2084 5530 necesse
2117 5482 2219 5526 est.
2270 5467 2457 5522 Nonne
2514 5463 2621 5534 typi
2674 5458 2964 5522 confessio,
3023 5454 3293 5509 confessio
3336 5460 3420 5505 est

1860 5566 2085 5620 vivifica:
2123 5558 2350 5616 crucis?
2401 5557 2696 5622 eodemque
2765 5549 2925 5604 modo
2979 5546 3213 5618 negatio,
3265 5545 3417 5614 juxta
