4008 6318
584 293 724 358 1119

1768 298 1826 354 S-
1860 296 2253 356 THEODORI
2291 298 2640 356 STUDITJ‘I

3710 294 3848 359 1120

576 406 951 465 conversionis
1004 407 1431 461 similitudinem.
1476 404 1578 459 Par
1610 407 1770 476 igitur
1806 409 2051 478 analogia
2090 408 2143 459 in

2251 402 2485 476 μίατικῆς
2522 407 2907 472 ἐξαπλὼσεως,
2943 407 3239 475 πειθούσης
3258 409 3351 462 καὶ
3389 407 3485 460 τὸν
3519 407 3675 475 ἄγαν
3709 407 3855 476 αμυ-

577 500 809 569 imagine
851 494 1055 551 Christi
1086 507 1142 551 et
1185 497 1402 550 Christo
1426 498 1543 565 ipso
1589 499 1851 553 sumenda
1888 508 1971 552 est
1996 498 2142 552 omni

576 601 721 645 recte
751 589 1117 643 ratiocinanti.
1156 586 1261 640 Sed
1292 587 1533 640 nondum
1559 599 1644 641 est
1680 595 1895 657 tempus
1926 589 2146 657 dogma—

579 684 697 735 ticze
744 680 1177 749 explanationis,
1213 694 1334 748 quae
1405 679 1489 732 vel
1560 681 1803 733 obscurae
1854 680 2144 732 admodum

578 771 779 824 mentis
821 769 1026 822 homini
1081 768 1239 822 facile
1295 768 1620 837 persuadeat
1667 770 1915 822 attollere
1957 769 2147 821 oculos

576 870 631 913 et
658 860 937 929 suspicere
967 860 1029 913 ad
1074 860 1421 929 splendorem
1481 858 1744 913 veritatis.
1782 859 1908 912 Haec
1937 868 2144 921 nostra,

577 951 699 1004 licet
726 960 1040 1019 peccatores
1061 951 1253 1014 simus,
1284 951 1414 1004 ﬁdes
1428 959 1534 1013 est;
1566 951 1682 1004 haec
1709 950 1992 1003 humilium
2016 964 2147 1018 apo-

576 1045 763 1097 stolica
816 1045 1089 1099 confessio
1112 1055 1337 1099 nostra:
1374 1047 1489 1101 hac
1527 1046 1873 1099 minimorum
1918 1061 1948 1099 a
1975 1044 2148 1098 Patri-

576 1132 678 1187 bus
706 1134 898 1187 tradita
930 1135 1117 1204 religio
1152 1146 1359 1189 nostra.
1387 1135 1592 1191 Prteter
1621 1138 1781 1202 hanc,
1826 1152 1933 1190 non
1971 1137 2145 1191 solum

576 1226 621 1279 si
656 1227 777 1294 quis
804 1234 900 1279 aut
944 1227 987 1280 si
1018 1243 1123 1296 qua
1169 1244 1233 1281 ex
1265 1229 1349 1281 his
1376 1229 1468 1298 qui
1516 1243 1664 1282 nunc
1719 1236 1847 1282 sunt
1892 1228 1978 1281 vel
2017 1228 2146 1281 olim

575 1315 817 1379 fuerunt.
848 1318 943 1372 sed
998 1335 1178 1387 neque
1212 1322 1255 1373 si
1299 1318 1514 1383 Petrus,
1577 1330 1630 1373 et
1665 1318 1863 1373 Paulus
1897 1318 2149 1387 (dicimus

574 1409 720 1461 enim
751 1424 871 1476 qua:
900 1409 1120 1463 evenire
1152 1420 1427 1479 nequeunt
1461 1410 1616 1478 quasi
1645 1409 1863 1462 evenire
1891 1409 2145 1477 possint),

575 1515 751 1569 nequc
782 1500 824 1554 si
853 1518 917 1555 ex
940 1503 1090 1556 caelis
1120 1502 1252 1572 ipsis
1273 1503 1453 1557 veniat
1475 1503 1744 1572 quispiam
1769 1500 1914 1555 aliud
1945 1500 2148 1554 docens

574 1600 631 1645 et
689 1594 1094 1663 evangelizans,
1129 1594 1277 1647 illum
1315 1594 1370 1647 in
1408 1593 1847 1648 communionem
1906 1593 2149 1662 recipere

570 1701 878 1755 possmnus,
919 1695 978 1741 ut
1024 1687 1119 1756 qui
1159 1702 1345 1741 sanam
1379 1686 1501 1741 ﬁdei
1534 1681 1837 1741 doctrinam
1884 1702 1995 1740 non
2058 1702 2148 1740 se-

2244 500 2467 569 δρόνουν
2537 501 2826 553 ἀνανεύειν
2878 500 3125 562 εὐπετῶς
3179 499 3316 569 πρὸς
3356 499 3457 563 τὰς
3493 499 3688 568 αὐγάς
3742 500 3847 567 τῆς

2243 594 2521 663 ἀληθείας.
2551 593 2697 663 Δῦτη
2722 596 2754 662 ἡ
2779 593 3108 661 εὐαγγελικὴ
3130 592 3287 661 ἡμῶν
3314 591 3497 654 πίστις
3515 591 3632 643 τῶν
3650 592 3845 659 ἁμαρ-

2243 685 2427 737 τωλῶν
2451 702 2462 714 ·
2493 684 2630 754 αῦτη
2661 687 2694 753 ἡ
2730 684 3065 753 άποστολικὴ
3093 683 3249 754 ἡμῶν
3297 682 3565 751 ὁμολογία
3597 681 3716 733 τῶν
3744 682 3844 732 εῦ-

2243 776 2444 827 τε).ῶν·
2483 778 2532 828 εί
2563 775 2609 826 δ’
2629 771 2747 837 οὖν,
2772 778 2805 845 ἡ
2849 774 3333 846 πατροπαράδοτος
3364 773 3523 843 ήμῶν
3556 772 3844 843 θρησκεία

2244 866 2353 919 τῶν
2402 866 2720 934 ἐλαχίστων.
2784 866 2942 937 Παρᾶ
2976 865 3202 934 ταύτην,
3244 865 3344 933 οὐχ
3396 866 3479 917 ὅτι
3523 864 3554 915 6
3588 864 3681 926 τίς
3716 865 3776 917 δε
3806 864 3840 931 ἦ

2242 956 2325 1018 τίς
2348 957 2404 1009 δε
2433 956 2542 1009 τῶν
2565 955 2659 1008 νῦν
2691 956 2723 1026 ἦ
2758 957 2867 1009 τῶν
2897 957 3091 1020 πάλαι,
3123 956 3239 1009 ἀλλ’
3272 956 3384 1009 οὐδ’
3412 956 3462 1007 εί
3496 955 3715 1024 Πέτρος
3744 955 3845 1007 καὶ

2248 1046 2457 1109 Παῦλος
2477 1062 2491 1076 ·
2525 1048 2753 1115 εἴπομεν
2783 1046 2892 1116 γὰρ
2914 1046 3206 1099 άνένδεκτα
3237 1045 3312 1108 ὡς
3336 1044 3695 1114 ἐνδεχόμεναο
3726 1044 3842 1097 οὐδ’

2248 1137 2313 1189 ἂν
2352 1135 2412 1201 ἐξ
2460 1136 2644 1189 αὐτῶν
2706 1136 2816 1205 ἥκῃ
2866 1134 2975 1187 τῶν
3035 1133 3283 1204 οὐρανῶν
3328 1133 3683 1202 δογματίζων
3745 1134 3845 1184 καὶ

2247 1229 2764 1299 εὐαγγελιζόμενος·
2793 1228 3082 1299 δυνάμεθα
3140 1228 3305 1282 αὑτὸν
3358 1227 3615 1280 κοινωνὸν
3665 1242 3846 1295 «poc-

2248 1317 2507 1388 ήκασθαι,
2524 1320 2598 1383 ὡς
2613 1320 2688 1389 μὴ
2708 1319 3027 1389 στοιχοῦντα
3046 1323 3113 1391 τῇ
3133 1318 3453 1389 ὑγιαινούσῃ
3470 1319 3570 1387 τῆς
3594 1319 3845 1379 πίστεως

2246 1408 2584 1478 διδασκαλίᾳ.
2620 1410 2730 1463 Kal.
2764 1393 2902 1479 πρὸς
2930 1408 3106 1463 ταῦτα
3128 1410 3226 1463 ὅτι
3256 1408 3321 1462 ἂν
3350 1408 3482 1478 δοκῇ
3508 1410 3578 1477 τῇ
3610 1407 3844 1475 ἐξουσία

2248 1501 2424 1569 ὑμῶν.
2465 1500 2658 1572 ἑτοίμη
2718 1502 2753 1572 ἡ
2802 1501 3133 1564 ταπείνωσις
3181 1500 3339 1571 ήμῶν
3395 1500 3559 1570 μέχρι
3598 1499 3843 1553 Θανάτου

2249 1592 2627 1663 ὑποστῆναι,ἢ
2659 1592 2917 1664 ἐξάρνους
2943 1594 3093 1663 ἡμᾶς
3120 1590 3375 1660 γενέσθαι
3414 1591 3517 1661 τῆς
3574 1588 3844 1657 τοιαύτης

2248 1685 2407 1755 ἡμῶν
2429 1684 2758 1753 εἰλικρινοῦς
2784 1685 3099 1754 ὁμολογίας.

569 1786 788 1846 quatur.
816 1777 1041 1830 Demutn
1069 1778 1331 1847 quidquid
1350 1780 1481 1832 lihet
1519 1779 1770 1847 potestati
1806 1786 2019 1841 vestrae,
2054 1784 2240 1847 parata
2297 1785 2382 1831 est
2424 1776 2701 1830 humilitas
2768 1785 2955 1831 nostra
2992 1787 3165 1848 usque
3199 1774 3265 1831 ad
3304 1784 3536 1831 mortem
3591 1772 3815 1843 perpeti

570 1872 768 1941 potius,
820 1886 982 1940 quam
1014 1880 1073 1926 ut
1107 1880 1395 1942 negatores
1424 1873 1595 1926 simus
1661 1870 1888 1924 sincerae
1920 1870 2149 1939 hujusce
2174 1878 2375 1923 nostra:
2407 1866 2793 1923 confessionis.

828 1985 898 2040 ll.
922 2018 990 2028 -—
1013 1987 1360 2041 Monasticam
1400 1990 1562 2041 vitam
1592 1990 1885 2059 agentibus.

2728 1984 2805 2036 B'.
2842 2010 2915 2023 —
2965 1980 3361 2043 Μονὰζουσιν.
3394 1981 3549 2056 [σθ’.,]

938 2102 1014 2152 De
1040 2102 1331 2165 quibusdam
1354 2100 1635 2166 praepositis
1664 2100 1751 2164 qui
1779 2103 1826 2150 in
1848 2114 1993 2150 causa
2013 2098 2278 2161 imaginum
2304 2098 2567 2161 segniores
2588 2096 2803 2147 fuerant.
2832 2096 3035 2157 (Baron.
3057 2109 3138 2146 an.
3157 2096 3269 2157 8H,
3286 2109 3335 2145 n.
3360 2096 3468 2157 2i.)

639 2208 698 2265 In
731 2211 835 2265 hoc
862 2210 1122 2279 temporis
1154 2210 1402 2272 articulo,
1434 2224 1560 2263 cum
1607 2205 2049 2277 persecutionem
2087 2202 2139 2253 in
2176 2206 2215 2259 Β

572 2300 804 2372 imagine
831 2316 925 2353 sua
953 2299 1203 2353 Christus
1231 2301 1431 2369 patitur
1466 2317 1477 2351 :
1509 2313 1621 2352 non
1650 2298 1827 2353 solum
1850 2297 1942 2365 qui
1972 2293 2143 2365 digni-

572 2400 679 2447 tate
725 2401 779 2445 et
811 2392 1035 2445 scientia
1081 2392 1360 2461 praecellit,
1400 2399 1610 2445 certare
1672 2390 1718 2444 is
1767 2389 1953 2453 debet,
1983 2396 2145 2441 rectae

572 2484 695 2537 ﬁdei
747 2483 1049 2538 doctrinam
1087 2483 1371 2552 proferens
1404 2492 1460 2537 ct
1509 2483 1721 2538 caeteris
1757 2481 2016 2543 tradens;
2049 2478 2145 2532 sed

573 2586 631 2628 et
652 2574 950 2642 discipulus
980 2589 1196 2644 quoque
1223 2575 1337 2643 ipse
1367 2574 1615 2628 ﬁduciam
1647 2587 1886 2634 sumere,
1919 2578 1974 2624 et
2005 2569 2146 2624 veri-

577 2671 739 2715 tatem
766 2662 1031 2729 intrepida
1063 2676 1127 2715 ac
1177 2661 1346 2715 libera
1382 2676 1513 2715 voce
1560 2660 1820 2729 proﬁteri.
1864 2657 1983 2712 Non
2025 2671 2146 2711 mea

575 2751 842 2807 sunthaec
867 2754 1048 2814 verba,
1082 2752 1173 2822 qui
1203 2760 1454 2821 peccator
1483 2769 1622 2816 sum,
1659 2752 1751 2807 sed
1774 2750 1940 2806 divini
1974 2750 2146 2820 Chry-

575 2844 823 2909 sostomi,
856 2844 1102 2913 quinimo
1133 2854 1189 2899 et
1242 2845 1468 2899 aliorum
1529 2847 1771 2899 Patrum.
1831 2843 1988 2911 Quod
2019 2859 2147 2899 vero

578 2935 789 2988 Domini
822 2936 1092 3005 praepositi
1117 2936 1183 2991 ab
1213 2936 1537 3006 imperatore
1564 2937 1768 2991 detenti
1802 2937 1905 2991 hoc
1926 2936 2148 2991 minime

576 3026 969 3095 praestiterunt,
1010 3029 1255 3097 quamvis
1311 3029 1589 3099 dignitatis
1618 3030 1786 3099 gradu
1818 3039 1874 3084 et
1901 3029 2147 3084 doctrina

578 3117 835 3173 omnibus
859 3118 1023 3187 hujus
1054 3135 1163 3173 orae
1192 3121 1495 3190 praepositis
1527 3122 1803 3176 anteirent
1828 3138 1841 3187 ;
1873 3132 1929 3177 at
1958 3131 2145 3176 contra

576 3208 761 3278 potius
787 3210 1188 3273 conticuerunt,
1226 3227 1403 3282 neque
1442 3213 1493 3267 id
1534 3214 1731 3279 solum,
1760 3215 1905 3283 quod
1938 3231 1994 3269 re
2031 3216 2147 3283 ipsa

578 3317 741 3372 grave
771 3310 892 3357 est:
948 3304 1041 3357 sed
1078 3304 1437 3375 chirographo
1484 3307 1647 3361 etiam
1694 3324 1816 3372 suo,
1860 3323 1918 3363 se
1967 3324 2147 3379 neque

575 3407 965 3463 congressuros
1036 3404 1245 3460 mutuo,
1299 3410 1476 3465 neque
1537 3397 1796 3451 docturos
1856 3400 2147 3456 conﬁrma-

577 3493 708 3538 runt
732 3502 744 3537 :
782 3484 834 3539 id
860 3500 989 3539 vero
1012 3493 1094 3539 est
1120 3487 1347 3555 prodere
1378 3488 1752 3556 veritatem,et
1774 3492 2146 3562 praefecturam

580 3577 870 3646 abnegare,
914 3586 969 3630 et
1002 3577 1246 3633 subditos
1278 3579 1384 3634 sibi
1432 3590 1596 3650 atque
1633 3583 1772 3639 adeo
1819 3568 2055 3654 requales
2094 3593 2149 3640 et

578 3668 760 3721 socios
812 3668 1151 3723 subvertere.
1208 3672 1448 3739 Apostoli
1504 3673 1670 3737 enim,
1714 3689 1894 3729 cuma
1946 3675 2149 3731 Judaais

580 3756 961 3811 denuntiatum
1020 3758 1126 3813 illis
1161 3768 1325 3824 esset,
1384 3777 1454 3816 nc
1504 3763 1763 3819 docerent
1816 3766 1869 3819 in
1928 3769 2150 3822 nomine

579 3845 806 3911 Christi,
841 3848 924 3902 his
959 3850 1137 3904 verbis
1188 3852 1631 3921 responderunt:
1675 3855 1940 3923 Judicate,
1984 3859 2029 3911 si
2051 3858 2148 3927 ju-

578 3949 719 3991 stum
745 3949 819 3993 est
872 3941 926 3993 in
960 3951 1235 4009 conspectu
1267 3942 1362 3997 Dei
1405 3960 1492 3999 vos
1538 3949 1712 4013 potius
1748 3950 1937 4002 audire
1989 3966 2149 4020 quam

581 4029 750 4083 Deum
790 4033 1113 4087 nostrum".
1152 4032 1215 4088 Et
1239 4050 1470 4091 rursus:
1522 4037 1745 4093 Obedire
1791 4050 1997 4108 oportet
2042 4042 2151 4096 Deo

581 4121 749 4190 magis
776 4137 934 4190 quam
960 4122 1255 4178 hominibus
1283 4127 1350 4180 ".
1383 4125 1507 4182 Haec
1526 4136 1581 4183 et
1608 4131 1800 4185 similia
1824 4133 1945 4188 illus
1968 4134 2152 4190 dicere

580 4214 885 4279 oportebat,
917 4220 976 4266 ut
1021 4228 1119 4283 per
1160 4230 1256 4270 eos
1302 4217 1697 4287 gloriﬁcaretur
1740 4222 1883 4281 Deus
1936 4235 1990 4281 et
2021 4228 2155 4283 ardi-

582 4300 808 4354 ﬁcarcnt
852 4303 1187 4359 orthodoxos
1230 4322 1244 4359 :
1286 4315 1345 4360 ut
1376 4311 1708 4367 monasteria
1738 4314 2151 4383 conﬁrmarent,

582 4398 641 4443 et
687 4390 1063 4447 confortarent
1116 4410 1211 4449 eos
1238 4397 1329 4465 qui
1381 4397 1435 4451 in
1481 4400 1685 4456 exsiliis
1717 4403 2012 4470 patiuntur.
2047 4407 2154 4461 Sed

582 4480 738 4549 quid,
770 4482 913 4551 quod
950 4483 1123 4551 pluris
1151 4485 1381 4543 facimus
1406 4493 1734 4547 monasteria
1759 4511 1919 4564 quam
1944 4495 2112 4553 Deum
2136 4516 2151 4563 ;

583 4580 641 4626 et
666 4572 833 4642 pluris
868 4577 1153 4633 commoda
1184 4594 1303 4648 quae
1341 4581 1468 4637 inde
1499 4585 1765 4654 capimus,
1806 4604 1967 4658 quam
2010 4594 2155 4648 mala

578 4680 703 4733 quae
736 4666 863 4722 boni
909 4684 1071 4725 causa
1122 4673 1503 4731 sustinemus?
1540 4677 1771 4734 Ubinam
1828 4692 1915 4738 est
1968 4684 2098 4739 illud
2135 4703 2149 4739 :

586 4754 857 4825 Loquebar
887 4759 941 4811 in
962 4772 1235 4831 conspectu
1258 4781 1460 4837 regum,
1506 4778 1675 4823 etnon
1703 4774 2059 4843 confundebar
2084 4778 2152 4833 ”.

2326 2200 2416 2252 ‘Ev
2445 2199 2523 2268 τῷ
2557 2198 2738 2269 καιρῷ
2770 2201 2968 2269 τούτῳ.
2995 2200 3055 2250 ἐν
3077 2190 3123 2265 ᾧ
3147 2200 3176 2251 6
3200 2198 3433 2266 Χριστὸς
3454 2197 3725 2252 διώκεται
3756 2200 3843 2251 δια

2249 2291 2349 2362 τῆς
2377 2291 2585 2353 εἰκόνος
2618 2290 2787 2344 αὑτοῦ
2815 2304 2829 2318 ⁵
2862 2290 2923 2343 οὐ
2954 2290 3115 2360 μόνον
3138 2291 3187 2343 εἰ
3216 2289 3407 2361 βαθμῷ
3446 2306 3531 2353 τις
3561 2292 3664 2354 καὶ
3696 2292 3840 2359 γνὼ-

2253 2398 2335 2435 σει
2382 2382 2628 2451 προέχων
2676 2381 2849 2445 ἐστὶν,
2892 2380 3100 2450 ὀφείλει
3160 2379 3607 2448 διαγωνίζεσθαι,
3662 2383 3841 2435 λαλῶν

2252 2476 2345 2527 καὶ
2379 2473 2645 2527 διδάσκων
2670 2475 2761 2525 τὸν
2818 2473 2918 2543 τῆς
2968 2473 3297 2544 ὁρθοδοξίας
3325 2472 3487 2541 λόγον
3513 2489 3529 2503 '
3563 2475 3712 2528 ἀλλὰ
3735 2475 3841 2543 γὰρ

2251 2566 2346 2618 καὶ
2376 2566 2426 2618 εἰ
2462 2565 2705 2635 μαθητοῦ
2726 2566 2879 2633 τάξιν
2906 2567 3121 2636 ἐπέχων
3151 2552 3258 2637 εἴη,
3306 2570 3575 2637 χρεωστεί
3616 2570 3841 2639 aui—55?,-

2255 2655 2655 2729 σιάζεσθαιτὴν
2687 2658 2966 2728 ἀλήθειαν,
3022 2658 3118 2710 καὶ
3170 2655 3680 2728 ἐλευθεροστομεῖν.
3727 2659 3842 2712 Οὐκ

2255 2748 2384 2818 ἐμὸς
2412 2752 2439 2803 ὁ
2469 2750 2623 2818 λόγος
2648 2750 2741 2803 τοῦ
2771 2748 3121 2819 ἁμαρτωλοῦ,
3148 2748 3285 2803 ἀλλὰ
3310 2748 3403 2802 τοῦ
3440 2750 3593 2803 θείου
3621 2752 3837 2821 Χρυσο-

2256 2841 2456 2912 στὸμου
2491 2859 2504 2873 ·
2540 2844 2631 2895 ἐπὶ
2663 2845 2753 2895 καὶ
2778 2841 2954 2896 ἄλλων
2981 2841 3126 2895 Πατὲ
3136 2860 3267 2913 ρων.
3286 2843 3361 2896 Τὸ
3384 2843 3441 2896 δὲ
3457 2844 3591 2905 τοὺς
3612 2843 3839 2914 κυρίους

2253 2933 2377 2994 τοὺς
2398 2933 2741 3001 ἡγουμένους
2764 2931 3151 3002 κρατηθέντας
3179 2933 3284 2986 ὑπὸ
3308 2932 3404 2985 τοῦ
3430 2932 3736 3002 βασιλέως.
3769 2932 3841 3002 μὴ

2252 3023 2323 3076 τὰ
2350 3024 2722 3095 προειρημένα
2745 3024 2952 3096 πράξαι
2975 3039 2988 3055 ⁸
3023 3026 3225 3097 καίπερ
3256 3026 3415 3086 ὄντας
3442 3024 3537 3077 καὶ
3561 3024 3625 3077 ὲν
3644 3024 3855 3095 paena

2255 3116 2347 3169 καὶ
2378 3114 2577 3183 γνώσει
2623 3116 2775 3188 παρὰ
2803 3119 3011 3184 πάντας
3057 3119 3187 3182 τοὺς
3234 3117 3691 3188 καθηγουμένους
3742 3122 3840 3187 τῆς

2255 3212 2358 3278 γῆς
2382 3209 2616 3279 ταύτης’
2644 3212 2953 3265 τούναντίον
2986 3212 3042 3265 δὲ
3074 3210 3277 3281 μᾶλλον
3304 3213 3607 3282 σιωπῆσαι.
3635 3212 3751 3265 Καὶ
3778 3211 3838 3264 οὐ

2254 3301 2414 3354 τοῦτο
2440 3303 2623 3372 μόνον,
2651 3302 2857 3373 καίπερ
2882 3302 2941 3357 ὃν
2967 3302 3166 3357 δεινόν’
3200 3301 3339 3357 άλλά
3393 3304 3491 3356 καὶ
3537 3304 3837 3373 χειρόγρα-

2257 3410 2357 3460 φον
2384 3394 2632 3464 ποιῆσαι,
2670 3395 2809 3466 μήτε
2855 3395 2936 3458 είς
2990 3393 3256 3465 ἀλλήλους
3280 3394 3667 3465 συνέρχεσθαι,
3696 3396 3836 3465 μήτε

2256 3483 2528 3537 διδάσκειν
2551 3500 2563 3514 ·
2610 3482 2769 3538 τοῦτό
2825 3485 2942 3537 ἐστι
2977 3484 3241 3556 προδοσία
3274 3483 3372 3553 τῆς
3402 3483 3687 3554 ἀληθείας,
3745 3485 3837 3538 καὶ

2176 3557 2218 3615 C
2252 3572 2478 3643 ἄρνησις
2534 3573 2636 3644 τῆς
2673 3572 3032 3645 προστασίας,
3088 3573 3202 3628 καὶι
3227 3572 3523 3635 κατάλυσις
3552 3572 3668 3626 τῶν
3706 3574 3837 3626 ὑπο-

2250 3663 2547 3728 τακτικῶν,
2582 3664 2705 3717 ἐπεὶ
2757 3664 2853 3717 καὶ
2898 3663 3009 3717 τῶν
3067 3663 3377 3734 ὁμοταγῶν.
3432 3664 3497 3718 Οί
3543 3664 3835 3719 ἀπόστολοι

2253 3755 2729 3825 παραγγελθέντες
2785 3754 2889 3810 ὑπὸ
2933 3755 3045 3809 τῶν
3114 3755 3383 3809 Ἰουδαίων
3422 3755 3500 3827 μὴ
3559 3755 3835 3811 διδάσκειν

2252 3849 2343 3900 ἐπὶ
2369 3846 2446 3917 τῷ
2476 3847 2705 3918 ὀνόματι
2733 3847 2829 3902 τοῦ
2858 3846 3121 3921 Χριστοῦ,
3177 3848 3305 3902 τάδε
3361 3849 3530 3917 φασίν
3552 3865 3568 3881 ·
3634 3849 3831 3917 ’Υμεῖς

2252 3940 2514 4009 κρίνατε,
2564 3943 2615 3995 εὶ
2666 3940 2901 3994 δίκαιόν
2925 3940 3101 3994 ἐστιν
3149 3940 3319 4011 ὑμῶν
3362 3940 3633 4005 ἀκούειν,
3659 3942 3699 4011 ἦ
3731 3940 3832 3995 τοῦ

2255 4033 2403 4087 Θεοῦ
2425 4030 2613 4100 ἡμῶν.
2640 4033 2750 4086 Καὶ
2780 4032 2942 4087 πάλιν
2968 4048 2982 4063 ο
3017 4031 3367 4102 Πειθαρχεῖν
3396 4031 3495 4086 δεῖ
3532 4031 3660 4099 Θεῷ
3679 4031 3829 4102 μᾶλα

2252 4129 2369 4179 λον
2424 4125 2463 4194 ἢ
2500 4125 2855 4195 ἀνθρώποις.
2911 4123 3149 4179 Τοιαῦτα
3198 4126 3297 4180 καὶ
3342 4126 3622 4197 παρὸμοια
3670 4127 3830 4195 ἐχρῆν

2255 4216 2484 4285 λαλῆσαι
2519 4219 2742 4293 αὐτοῖς·
2767 4217 2856 4271 ἵνα
2883 4216 3143 4288 ἐδοξάσθη
3169 4218 3199 4271 ὁ
3235 4218 3367 4281 Θεὸς
3394 4218 3463 4271 δι’
3496 4217 3716 4271 αὐτῶν
3749 4215 3829 4268 ἶνα

2254 4307 2605 4378 ᾠκοδόμησαν
2624 4308 2749 4370 τοὺς
2770 4306 3086 4377 ὁρθοδάξους
3104 4322 3121 4338 ο
3151 4307 3241 4363 ἵνα
3271 4307 3569 4378 δστήριξαν
3592 4308 3664 4361 τά
3695 4323 3825 4378 μονα

2256 4401 2525 4468 αστήρια·
2605 4400 2693 4453 ἵνα
2749 4399 3170 4470 ὲνεδυνάμωσαν
3231 4400 3359 4463 τοὺς
3417 4400 3729 4469 πάσχοντας
3775 4401 3829 4453 ὲν

2253 4488 2514 4560 ὲξορίαις.
2558 4490 2719 4543 Ἀλλά
2738 4490 2791 4543 τί
2819 4491 2900 4544 ὅτι
2927 4490 3323 4563 προτιμώμεθα
3354 4490 3555 4561 μᾶλλον
3594 4490 3734 4546 Θεοῦ
3766 4494 3827 4546 τὰ

2258 4584 2597 4654 μοναστήρια
2616 4601 2630 4616 ο
2659 4584 2753 4638 καὶ
2781 4584 2881 4655 τῆς
2913 4584 3051 4655 ὑπὲρ
3072 4582 3169 4638 τοῦ
3199 4583 3408 4653 ἀγαθοῦ
3452 4585 3827 4649 κακοπαθείας

2252 4678 2353 4750 τὴν
2389 4676 2640 4731 ἐντεῦθεν
2670 4678 3008 4743 εὐπάθειαν;
3042 4675 3154 4731 Ποῦ
3202 4674 3322 4731 ἔστι
3362 4676 3428 4729 τό
3454 4692 3470 4707 ·
3530 4676 3827 4731 Ἐλὰλουν

2254 4771 2535 4827 ἐναντίον
2580 4771 2911 4837 βασιλέων,
2966 4769 3064 4825 καὶ
3126 4770 3238 4824 οὐκ
3287 4768 3697 4838 ᾐσχυνόμην;
3722 4768 3825 4823 Ποῦ

585 4843 652 4898 Et
685 4847 856 4904 illud:
892 4849 1023 4906 Ecce
1060 4852 1205 4907 labia
1235 4873 1352 4910 utea
1403 4874 1504 4911 non
1544 4863 1856 4927 prohibebo:
1905 4866 2148 4934 Domine,

2256 4865 2370 4917 ἐστι
2395 4864 2476 4927 τὸ,
2494 4861 2653 4916 Ἰδοὺ
2680 4862 2751 4915 τὰ
2778 4863 2952 4932 χείλη
2968 4878 3091 4930 μου
3106 4862 3179 4916 οὺ
3193 4859 3281 4930 μὴ
3308 4860 3565 4915 κωλύσω
3590 4876 3605 4891 ο
3629 4862 3823 4929 Κύριε,

584 4947 642 4991 ιιι
663 4940 807 4994 scisti
835 4942 899 4995 “.
933 4943 1035 4998 Ubi
1070 4947 1238 5015 gloria
1271 4960 1326 5003 et
1367 4950 1628 5006 fortitudo
1676 4955 1886 5012 ordinis
1938 4963 2109 5015 nostri
2137 4964 2149 5016 i

2253 4955 2337 5010 σὺ
2364 4954 2572 5023 ἔγνως.
2614 4954 2726 5007 Ποῦ
2770 4956 2887 5007 ὲστι
2934 4953 2997 5006 τὸ
3026 4951 3179 5016 κλέος
3203 4954 3299 5007 καὶ
3329 4952 3362 5023 ή
3397 4952 3553 5022 ἰσχὺς
3591 4952 3691 5006 τοῦ
3711 4952 3823 5006 καθ’

584 5031 829 5096 Quonam
851 5042 1008 5103 pacto
1035 5036 1178 5092 beati
1209 5038 1378 5094 Sabas
1417 5053 1473 5096 et
1511 5042 1868 5114 Theodosius,
1905 5066 2028 5107 cum
2054 5055 2149 5109 im-

2254 5044 2401 5113 ἡμᾶς
2430 5044 2743 5114 τάγματος;
2778 5043 2901 5108 Πῶς
2928 5042 3108 5105 Σάδας
3159 5043 3257 5096 καὶ
3309 5042 3598 5107 Θεοδόσιος
3625 5045 3678 5097 oi
3722 5060 3821 5114 μα-

584 5121 728 5191 piam
759 5122 1009 5179 haeresim
1043 5135 1172 5183 tunc
1213 5132 1473 5199 temporis
1512 5133 1809 5203 imperator
1836 5140 2155 5200 Anastasius

584 5211 1029 5280 amplecteretur,
1079 5216 1497 5274 insurrexerunt
1531 5238 1629 5293 pro
1670 5224 1776 5279 ﬁde
1819 5229 2018 5284 acriter
2052 5248 2155 5301 pru-

583 5307 851 5366 gnantes:
887 5308 999 5355 tum
1039 5318 1134 5359 eos
1170 5307 1261 5375 qui
1306 5324 1591 5379 perperam
1626 5314 1682 5368 in
1732 5316 1973 5372 Ecclesia
2014 5335 2152 5375 sen-

584 5386 792 5444 tiebant
867 5398 1410 5463 excommunicando,
1474 5412 1587 5456 tum
1639 5405 1706 5459 ad
1770 5407 2149 5477 imperatorem

583 5477 761 5547 ipsum
790 5484 1098 5551 scribendo,
1131 5505 1188 5543 se
1220 5502 1447 5546 mortem
1478 5495 1656 5561 potius
1688 5510 1942 5567 oppetere
1993 5517 2149 5570 para-

585 5575 668 5622 tos
696 5586 854 5638 quam
888 5582 947 5627 ut
973 5575 1040 5629 de
1080 5582 1392 5636 constitutis
1421 5583 1619 5653 aliquid
1658 5588 2050 5643 immutarem?
2088 5590 2149 5645 Et

2252 5136 2462 5206 κάριον
2516 5135 2579 5189 τὸ
2638 5133 2946 5205 τηνικαῦτα
2989 5134 3345 5189 Ἀναστασίου
3402 5134 3499 5189 τοῦ
3562 5134 3822 5205 βασιλέως

2249 5226 2534 5280 δυσσεόεῖν
2569 5227 2864 5297 ἑλομένου·
2928 5226 3286 5297 διανέστησαν
3339 5225 3563 5296 θερμῶς
3612 5243 3822 5299 προμα-

2256 5317 2480 5388 χοῦντες
2510 5318 2609 5387 τῆς
2634 5315 2870 5381 πίστεως
2895 5334 2908 5349 ο
2940 5317 3097 5371 τοῦτο
3141 5317 3263 5388 μὲν,
3298 5315 3416 5387 μεθ’
3449 5308 3526 5370 ὧν
3555 5316 3821 5389 ἀνεθεμά-

2257 5424 2415 5460 τισαν
2458 5410 2583 5472 τοὺς
2626 5408 2953 5472 κακοδόξους
2990 5411 3049 5461 ὲν
3080 5411 3146 5480 τῇ
3182 5407 3516 5479 Ἐκκλησίᾳο
3556 5409 3721 5464 τοῦτο
3749 5410 3818 5473 δὲ,

2258 5502 2314 5553 ἐν
2348 5493 2429 5562 οἷς
2461 5499 2775 5553 ἐπέστειλαν
2816 5498 2893 5570 τῷ
2928 5499 3171 5569 βασιλεῖ·
3199 5498 3704 5571 διαμαρτυράμενοι
3732 5500 3819 5554 θά-

2257 5606 2413 5642 νατον
2447 5588 2683 5653 ἑλέσθαι,
2723 5590 2834 5658 ῆτι
2885 5590 3242 5663 μετακινῆσαι
3274 5588 3379 5646 τῶν
3419 5588 3816 5661 καθεστώτως

663 5684 707 5715 ⁸ο
734 5684 852 5741 Act.
894 5705 963 5753 ty,
1004 5690 1084 5745 19.
1162 5694 1201 5725 9‘
1237 5695 1354 5751 Act.
1386 5716 1435 5765 v,
1469 5700 1555 5755 :29.
1632 5699 1817 5757 “Psal
1865 5705 2149 5769 cxvtu,46.

2258 5706 2274 5737 ³
2299 5704 2439 5761 Psal.
2474 5722 2653 5773 nm,
2690 5707 2771 5761 Ιυ.
