4008 6318
176 317 322 380 1121

1385 339 1923 399 EPiST'OLARUM
1951 345 2098 402 LIB.
2143 348 2224 405 II.

3309 360 3440 420 112:2

157 434 296 487 καὶ
321 436 597 502 λέγουσιν.
636 441 710 502 ὣς
727 457 911 508 φασιν,
943 446 993 496 οἱ
1025 446 1540 520 κύριοιὴγούμενοι·
1570 454 1761 520 Ἡμεῖς

1867 454 2077 518 dicunt,
2109 466 2168 510 ut
2191 459 2330 511 fama
2359 469 2463 524 est,
2496 461 2707 514 Domini
2734 465 3044 532 praepositi:
3089 464 3323 529 Quinam
3347 481 3441 519 su—

153 525 328 588 τίνες
371 527 572 595 ἐσμέν;
600 531 815 598 πρῶτον
845 535 1183 603 Χριστιανοὶ,
1211 540 1260 591 οἳ
1297 541 1580 608 ὀφείλουσι
1616 544 1758 596 πάν-

155 634 292 680 τως
315 616 444 686 ἄρτι
469 617 646 673 λαλεῖν
662 637 676 652 ·
699 622 888 677 ἔπειτα
915 628 1260 697 μονάζοντες,
1287 634 1335 684 οἱ
1357 633 1493 702 μηδὲ
1516 635 1576 686 τὸ
1599 634 1760 704 τυχὸν

160 709 676 780 ὑφαρπαζόμενοι’
702 714 775 778 ὡς
802 717 979 772 ἄδετοι
998 720 1076 791 τῷ
1091 721 1284 793 κόσμῳ
1313 727 1406 778 καὶ
1433 726 1755 797 ἁκράτητοι’

153 798 383 851 ἔπειτα
423 803 746 874 ἡγούμενοι,
783 809 833 860 οἱ
860 811 952 862 καὶ
1004 813 1073 864 τά
1105 813 1213 866 τῶν
1249 816 1427 868 ἄλλων
1473 819 1758 888 προσκόμ-

159 907 338 960 ματα
375 895 765 962 ἐκϐάλλοντες·
799 903 895 953 καὶ
921 903 978 954 ὲν
1025 904 1215 974 μηδενὶ
1275 908 1595 978 προσκοπήν
1619 910 1759 963 διδό-

153 1000 273 1035 ναι
309 988 712 1054 χρεωστοῦντες
731 1009 746 1022 ο
765 993 887 1046 Ἵνα
901 993 1010 1062 μὴ,
1040 1000 1192 1065 φησὶ,
1221 999 1470 1068 μωμηθῇ
1497 1002 1535 1068 ἡ
1559 1002 1756 1056 διακο-

150 1076 306 1129 νία.
346 1078 479 1132 Οἴαν
511 1081 566 1134 δὲ
614 1085 929 1156 προσκοπήν
979 1088 1074 1142 καὶ
1122 1089 1400 1160 μώμησιν,
1450 1094 1654 1162 μᾶλλον
1700 1096 1758 1148 δὲ

153 1170 626 1238 συγκατάϐασιν,
655 1174 744 1227 διὰ
763 1175 856 1230 τοῦ
887 1178 1173 1251 ῑδιοχείρου
1205 1182 1384 1237 αὐτῶν
1416 1185 1675 1254 δέρωκαν,
1701 1187 1755 1241 τί

149 1260 291 1332 χρὴ
321 1264 417 1317 καὶ
440 1263 646 1333 λέγειν;
678 1265 742 1320 El
759 1268 868 1336 γὰρ
896 1271 1074 1340 σιωπὴ
1095 1273 1259 1344 μέρος
1279 1277 1754 1343 συγκαταθέσεωςο

148 1354 233 1405 τὸ
277 1356 374 1409 καὶ
399 1358 693 1428 ἐγγράφως
725 1362 897 1433 αὐτὴν
925 1365 1173 1436 κυρῶσαι
1220 1369 1312 1422 ἐπὶ
1339 1370 1438 1440 τῆς
1469 1371 1598 1443 ὅλης
1632 1373 1758 1428 Ἐκ-

151 1446 444 1518 κλησίας,
474 1450 639 1505 πόσον
656 1451 717 1506 τὺ
743 1454 1016 1524 χαλεπόν;

242 1627 368 1680 Καὶ
417 1626 623 1696 λέγετε,
671 1630 753 1684 ὅτι
787 1635 1046 1704 κρυπτῶς
1086 1639 1386 1712 ίερουργῶν
1439 1645 1755 1718 Νικηφόρον

151 1717 237 1790 μ’.
276 1718 618 1791 Νικηφόρος]
657 1723 917 1795 ἀναφέρει
960 1727 1021 1780 τὸ
1063 1730 1238 1801 λάθρα
1263 1746 1277 1760 ⁸
1323 1736 1418 1788 καὶ
1466 1717 1670 1802 πάντες
1704 1739 1753 1792 οἱ

1864 560 1984 598 mus
2006 548 2416 603 nos?Primum
2474 553 2790 616 Christiani,
2872 555 2964 624 qui
3017 571 3168 611 nunc
3222 573 3444 626 prorsus

1863 636 2006 706 loqui
2032 639 2340 696 debebant:
2379 643 2575 698 deinde
2617 647 2892 710 monachi,
2923 663 3062 717 quos
3099 664 3157 702 re
3183 649 3329 702 nulla
3353 650 3444 703 ab-

1862 726 1986 782 duci
2036 744 2137 784 nec
2173 732 2346 801 abripi
2394 749 2493 802 par
2523 736 2612 798 sit,
2671 746 2924 808 tanquam
2963 739 3168 793 mundo
3216 740 3443 794 minime

1861 816 2111 873 astrictos
2141 820 2473 890 minimeque
2496 824 2763 878 obnoxios
2794 845 2806 878 :
2845 826 3084 896 denique
3132 831 3434 898 praepositi,

1860 906 1952 974 qui
1991 917 2045 961 et
2092 910 2322 965 aliorum
2354 914 2606 968 scandala
2663 916 2872 978 tollere,
2901 927 2958 972 ct
3022 919 3076 973 in
3126 921 3277 974 nullo
3306 922 3441 976 dare

1860 995 2248 1053 oﬁ‘endiculum
2279 1001 2497 1064 debent,
2554 1020 2617 1056 ne
2647 1005 2994 1073 vituperetur,
3028 1009 3225 1078 inquit.
3277 1012 3438 1064 mini-

1859 1092 2076 1144 sterium
2133 1103 2370 1147 nostrum
2393 1094 2460 1150 “.
2502 1096 2815 1165 Cuiusmodi
2850 1116 2983 1156 vero
3040 1103 3355 1157 scandalum
3385 1114 3440 1158 et

1857 1182 2337 1253 vituperationem,
2387 1203 2482 1244 seu
2520 1191 2700 1258 potius
2755 1193 3212 1260 condescensum,
3247 1197 3438 1250 chiro-

1858 1271 2065 1340 grapho
2103 1288 2202 1327 suo
2223 1276 2574 1343 praebuerint,
2609 1279 2738 1348 quid
2776 1281 2971 1337 attinet
2999 1283 3186 1354 loqui?
3223 1284 3356 1342 Nam
3391 1287 3436 1341 si

1857 1365 2149 1418 consensui
2177 1382 2276 1435 par
2300 1376 2385 1422 est
2415 1369 2689 1426 silentium
2721 1391 2735 1426 :
2790 1373 2942 1428 illum
2997 1376 3178 1447 ipsum
3231 1380 3437 1449 scripto

1857 1454 1914 1509 in
1975 1458 2142 1514 totius
2195 1460 2452 1516 Ecclesiae
2515 1463 2686 1519 oculis
2741 1464 2980 1534 ﬁrmare,
3035 1479 3302 1539 quantum
3355 1481 3439 1527 est

1857 1548 2012 1605 nefas
2040 1549 2063 1602 ?

1928 1641 1997 1696 At
2027 1645 2260 1708 occulte,
2291 1646 2502 1712 dicitis,
2549 1651 2863 1706 sacriﬁcans
2906 1651 3249 1722 Nicephorus
3298 1653 3435 1708 clam

1857 1734 2036 1800 oﬁ'ert,
2068 1747 2123 1791 et
2162 1738 2378 1806 patricii
2407 1754 2628 1805 omnes,
2665 1755 2724 1796 ut
2747 1753 2980 1798 caeteros
3010 1745 3281 1812 omittam,
3310 1759 3437 1804 sunt

147 1811 514 1879 πατρίκιοι,
573 1813 660 1866 ἵνα
709 1816 834 1878 τοὺς
891 1817 1086 1883 ἄλλους
1131 1823 1298 1889 ἐάσω,
1358 1825 1750 1896 όρθοδοεοῦσιν.

1853 1801 2178 1883 orthodoxi:
2202 1828 2404 1885 Verum
2436 1833 2562 1901 quid
2593 1801 2667 1888 ait
2698 1834 2990 1890 Christus?
3017 1836 3074 1890 Si
3106 1839 3221 1905 quis
3269 1801 3435 1908 ὶοηβζ

164 1900 356 1954 Ἀλλὰ
398 1898 449 1954 τί
476 1900 622 1970 λέγει
649 1906 677 1958 ό
706 1906 972 1976 Χριστόςο
1010 1911 1085 1964 El
1135 1929 1225 1978 τις
1276 1917 1634 1987 ὁμολογήσει
1684 1921 1755 1975 ἐν

141 1990 674 2081 ἐμοὶ-ἐμπροσθεν
697 1996 814 2050 τῶν
838 2000 1182 2068 ἀνθρώπων,
1216 2008 1570 2078 ὁμολογήσω
1594 2012 1754 2081 κάγὼ

145 2078 370 2132 αὑτὸν
402 2080 744 2148 ἔμπροσθεν
772 2086 878 2140 τοῦ
916 2091 1143 2158 Πατρός
1175 2111 1295 2162 μου
1340 2099 1448 2151 τοῦ
1484 2100 1553 2153 ἐν
1580 2078 1753 2170 eima-

141 2168 327 2234 νοῑς.
365 2169 576 2244 Ὠσπερ
625 2176 718 2228 καὶ
770 2178 831 2230 τὸ
881 2180 1120 2233 ἐναντίον
1167 2185 1260 2236 ἐπὶ
1307 2188 1406 2257 τῆς
1439 2168 1747 2262 ἀρνήσεως·

145 2260 270 2316 κᾶν
303 2264 470 2331 μόνον
501 2265 560 2318 τὸ
598 2267 673 2339 μὴ
703 2269 1057 2340 συνέρχεσθαι
1094 2276 1173 2339 εἰς
1201 2277 1466 2349 ἀλλήλους
1491 2260 1750 2356 ἐποίησαν

142 2352 212 2405 τὸ
247 2354 653 2425 χειρόγραφον,
686 2359 746 2411 τὸ
773 2361 904 2414 αὑτό
936 2363 1072 2417 ἐστι.
1116 2368 1238 2429 Πῶς
1273 2372 1380 2440 γὰρ
1424 2352 1750 2441 φυλάξουσιν

140 2445 172 2496 ὸ
205 2461 394 2512 φησιν
423 2447 450 2497 ὁ
483 2448 744 2517 Χριστός·
792 2452 903 2506 Τὸν
929 2455 1257 2525 ἐρχόμενον
1275 2463 1425 2528 πρός
1441 2481 1536 2532 με,
1563 2468 1637 2519 οὐ
1661 2467 1746 2535 μὴ

138 2535 406 2589 ἐκϐάλω
427 2537 577 2602 ἐξως
612 2541 872 2612 Ἐρχεταί
910 2565 989 2610 τις
1021 2549 1296 2620 διερωτῶν
1328 2556 1423 2607 καὶ
1445 2554 1623 2626 ζητῶν
1647 2577 1750 2628 μα-

139 2629 272 2680 θεῖν
327 2628 431 2700 τὴν
476 2629 736 2701 ἀλήθειαν
756 2654 771 2668 ·
803 2638 911 2690 εἴτε
944 2641 1265 2712 ἡγούμενος,
1297 2647 1405 2698 εἴτε
1433 2665 1517 2711 τις
1548 2650 1704 2714 ἄλλος
1731 2669 1744 2682 ·

141 2721 200 2771 τί
237 2720 688 2792 ἀποκριθήσεται
721 2728 748 2778 ὁ
778 2728 1113 2799 ήγούμενος;
1144 2734 1396 2803 Δηλονότι
1417 2755 1430 2768 ·
1466 2757 1747 2809 παραγγε-

140 2813 276 2865 λίαν
321 2813 523 2867 ἔλαϐον
577 2817 650 2887 μὴ
708 2818 924 2872 λαλεῖν’
985 2823 1096 2876 εἴθε
1152 2826 1293 2880 οὕτω
1351 2831 1542 2894 μόνονε
1587 2835 1746 2887 Ἀλλὰ

145 2903 298 2972 μηδὲ
328 2905 676 2971 είσδέξασθαί
708 2927 767 2963 σε
798 2912 877 2974 είς
911 2912 971 2964 τὸ
999 2920 1360 2987 μοναστήριον
1388 2923 1483 2975 καὶ
1528 2927 1744 2979 συναλι-

142 2996 390 3064 σοῆναι.
444 2996 500 3049 '0
534 3000 774 3075 Xptoto;
801 3003 981 3071 λέγει·
1023 3007 1170 3072 δέξαι
1204 3015 1297 3063 καὶ
1328 3014 1565 3080 δίδαξονο
1605 3021 1746 3074 Ἐὰν

141 3090 266 3157 γὰρ
304 3093 673 3160 ὺποστείλῃ,
723 3097 908 3164 φησὶν,
943 3101 1054 3153 οὐκ
1087 3102 1327 3158 εὐδοκεῖ
1350 3108 1386 3173 ἡ
1417 3112 1587 3179 ψυχή

141 3181 218 3232 ἐν
247 3181 448 3244 αὐτῷ.
500 3183 823 3254 Ἑγγράφως
856 3188 948 3241 οῦν
979 3192 1260 3263 ἐποίησαν,
1307 3198 1392 3251 ἵνα
1422 3201 1499 3267 τῷ
1531 3201 1745 3271 βασιλεί

148 3272 543 3342 πειθαρχῶσιν
567 3276 899 3342 άπεναντίας
926 3283 1019 3334 τοῦ
1049 3285 1564 3355 Χριστοῦ.Τοσαῦτά
1583 3300 1740 3365 εἰσιν,

144 3358 192 3416 ὦ
223 3365 461 3432 ἀδελφοὶ
488 3369 580 3420 καὶ
617 3369 877 3441 Πατέρες,
911 3373 946 3426 ἃ
976 3379 1370 3449 συνεπίσταμαι
1399 3384 1459 3449 ἐξ
1488 3387 1744 3457 ἀληθείας

150 3457 530 3525 πεποιηκέναι
583 3460 801 3523 αὐτούς.
866 3466 970 3517 Καὶ
1030 3469 1217 3540 ἐπειδὴ
1257 3479 1615 3547 κατεκρίνατέ
1677 3502 1745 3553 με

147 3548 337 3649 εἰπεῖν
361 3550 424 3600 τὸ
451 3551 857 3651 ΙΤιαριστάμενὸν
886 3573 973 3624 μοι
1004 3574 1018 3587 ο
1057 3561 1352 3631 ἀνήγγειλα
1383 3568 1476 3622 ἐπὶ
1503 3548 1745 3651 μάρτυρι

152 3641 194 3689 Θ

153 3733 379 3804 ρασμοῦ
408 3751 422 3764 ⁶
455 3735 644 3790 λοιπὸν
674 3739 830 3809 ὑμεῖς
862 3741 1124 3808 σώζοντες
1161 3747 1360 3814 σώζετε

676 3854 748 3908 Γ.
777 3885 844 3894 —
876 3858 1233 3930 Ἠγουμένῳ.

151 3965 227 4019 Δ’.
262 3995 336 4005 -
364 3968 766 4035 Θεοφυλάλιτῳ
789 3974 1184 4044 Νικομηΰείας
1208 3980 1540 4051 ἐπισκόπῳ.
1591 3991 1740 4068 [ρε’.]

1853 1918 2044 1971 tebitur
2082 1937 2164 1974 me
2201 1937 2380 1975 coram
2407 1925 2720 1988 hominibus,
2783 1927 3059 1995 conﬁtebor
3102 1938 3150 1981 et
3194 1946 3285 1999 ego
3315 1947 3434 1984 eum

1851 2024 2028 2062 coram
2057 2010 2218 2065 Patre
2249 2030 2362 2067 meo
2391 2015 2482 2084 qui
2515 2016 2570 2068 in
2599 2016 2739 2070 cwlis
2770 2026 2844 2070 est
2873 2017 2937 2069 ’⁸.
2973 2016 3039 2071 Et
3073 2033 3102 2071 c
3131 2028 3319 2072 contra
3365 2020 3434 2073 de

1849 2101 2158 2171 negatione.
2191 2103 2509 2175 Quanquam
2532 2107 2680 2160 enim
2705 2108 2807 2162 hoc
2834 2109 3011 2163 solum
3072 2108 3434 2181 chirographo

1848 2207 1948 2246 suo
1971 2195 2110 2263 pacti
2150 2195 2278 2259 sint.
2317 2214 2375 2252 se
2413 2210 2602 2252 mutuo
2655 2216 2766 2254 non
2811 2217 3250 2272 congressuros:
3287 2203 3432 2257 idem

1849 2283 2012 2352 plane
2063 2293 2170 2340 est.
2220 2287 2506 2352 Quomodo
2561 2292 2706 2344 enim
2765 2293 3136 2348 observabunt
3174 2296 3317 2363 quod
3357 2297 3434 2349 ait

1847 2375 2128 2431 Christus:
2153 2377 2292 2432 Eum
2321 2382 2410 2450 qui
2431 2383 2570 2435 venit
2606 2384 2676 2436 ad
2701 2400 2780 2436 me
2805 2400 2906 2437 non
2932 2384 3143 2452 ejiciam
3171 2388 3314 2454 foras
3343 2387 3429 2439 "?

1850 2468 2039 2524 Veniat
2093 2472 2360 2541 quispiam
2421 2483 2771 2542 percontans,
2813 2485 2867 2529 et
2917 2476 3128 2530 discere
3200 2479 3430 2546 cupiens

1847 2563 2150 2628 veritatem,
2183 2581 2278 2618 seu
2314 2567 2638 2634 prmpositus
2685 2567 2775 2620 ille
2815 2568 2906 2628 sit.
2943 2584 3039 2622 seu
3074 2568 3198 2638 quis
3247 2569 3387 2622 alius
3413 2609 3426 2622 .

1844 2657 1974 2724 quid
2026 2659 2378 2726 respondebit
2422 2661 2791 2729 praepositus?
2849 2661 3166 2716 Mandatum
3207 2678 3424 2732 nempe,

1846 2748 2008 2809 dicet,
2033 2750 2218 2818 accepi
2267 2766 2337 2804 ne
2393 2752 2604 2820 loquar.
2641 2751 2818 2820 Atque
2855 2754 3065 2807 utinam
3102 2754 3154 2808 id
3197 2753 3369 2808 solum
3411 2755 3424 2806 l

1847 2845 1941 2898 sed
1968 2845 2151 2898 utnec
2181 2852 2232 2896 te
2267 2842 2599 2896 monasterio
2631 2842 2750 2910 ipso
2783 2843 3072 2913 excipiam,
3105 2859 3208 2898 nec
3245 2853 3424 2898 tecum

1846 2955 2054 2994 vescar.
2081 2937 2333 2991 Christus
2363 2936 2513 2998 dicit,
2573 2935 2787 3004 suscipe
2825 2944 2880 2990 ct
2939 2937 3072 2990 doce
3115 2954 3128 2989 :
3187 2934 3336 3000 Quod
3380 2936 3426 2987 si

1845 3031 2162 3085 subtraxerit
2191 3045 2264 3094 se;
2323 3029 2536 3097 inquit,
2574 3043 2678 3079 non
2725 3027 2948 3097 placebit
2975 3030 3167 3082 animo:
3199 3044 3328 3082 mea:
3356 3029 3421 3080 ⁸⁷.

1625 3133 1812 3208 μους⁴
1849 3125 1915 3178 At
1942 3124 1995 3177 hi
2021 3122 2222 3190 scripto
2271 3119 2433 3173 ﬁdem
2479 3119 2917 3181 obstrinxerunt,
2963 3127 3024 3171 ut
3071 3118 3419 3187 imperatoris

1848 3216 2066 3270 decreto
2100 3220 2288 3266 contra
2316 3211 2590 3264 Christum
2622 3209 2926 3263 obcdirent.
2968 3209 3095 3262 Haec
3131 3216 3280 3272 sunt,
3312 3207 3426 3262 fra—

1847 3317 1958 3361 tres
1985 3321 2048 3360 ac
2078 3305 2283 3366 Patres,
2308 3319 2429 3374 quze
2451 3307 2516 3356 ab
2543 3303 2622 3356 eis
2654 3311 2801 3373 gesta
2852 3318 2949 3372 pro
2981 3311 3130 3357 certo
3160 3302 3422 3370 comperi.

1847 3398 1978 3464 Qua:
2000 3438 2014 3462 ,
2048 3397 2304 3464 quoniam
2338 3396 2519 3450 dicere
2552 3410 2638 3448 me
2669 3395 2813 3462 quod
2886 3394 3084 3448 scirem
3129 3392 3378 3447 voluistis
3407 3430 3424 3455 ,

1849 3506 2030 3544 coram
2061 3488 2174 3541 Deo
2217 3495 2354 3540 teste
2410 3486 2681 3551 nuntiavi,
2726 3501 3035 3540 sermonem
3081 3486 3245 3538 etiam
3287 3483 3426 3536 arri-

1850 3586 2007 3653 piens
2034 3591 2406 3649 tanquam.....

198 3637 299 3708 εῴ,
338 3640 524 3693 λαεὼν
549 3644 643 3695 καὶ
669 3644 824 3712 λόγον
854 3645 930 3710 ὡς
976 3647 1188 3721 [SuppL
1233 3672 1296 3709 ex
1332 3661 1452 3715 cod.
1486 3637 1746 3727 Vaticano

1855 3637 1907 3740 ἷ5,
1949 3675 1987 3728 1'.
2017 3671 2108 3744 29]
2149 3637 2548 3739 ¹φυλάσσεσθαι
2591 3672 2914 3742 μυστήριον,
2975 3671 3150 3738 φειδοί
3177 3669 3268 3723 τοῦ
3302 3686 3424 3722 πει-

1401 3756 1500 3820 τὰς
1538 3762 1746 3820 ἑαυτῶν
1779 3770 1984 3840 ψυχὰς,
2012 3767 2293 3838 εὐχόμενοι
2319 3767 2414 3818 καὶ
2443 3766 2584 3834 ὑπὲρ
2615 3765 2748 3834 ἐμοῦ
2779 3764 2872 3817 τοῦ
2909 3766 3187 3818 ταπεινοῦ.

2390 3879 2484 3933 Ill.
2520 3876 2812 3948 Praeposito
2835 3879 2905 3933 ⁸⁸.

1987 3996 2077 4052 IV.
2117 4027 2187 4037 ——
2215 3994 2591 4064 Theophylacto
2639 3993 2962 4048 Nicomedite
2991 3995 3250 4063 episcopo.

1019 4091 1306 4155 Dogmatica
1326 4098 1390 4146 de
1412 4104 1594 4151 sanctis
1613 4106 1928 4169 imaginibus.
1967 4110 2165 4174 (Baron.
2198 4124 2278 4158 an.
2311 4107 2422 4164 816,
2456 4121 2505 4155 n.
2545 4105 2649 4166 56.)

227 4187 455 4242 Διετίαν
488 4189 608 4257 ἄγω
640 4194 922 4264 μεριμνῶν
947 4199 1037 4249 καὶ
1068 4200 1292 4268 κάμνων
1319 4207 1430 4268 τοῖς
1463 4205 1745 4278 λογισμοῖς

155 4279 236 4341 είς
261 4280 327 4333 τὸ
367 4280 674 4334 ἐπιστεῖλαί
705 4301 773 4352 με
805 4288 870 4356 τῇ
901 4288 1021 4358 ἱερᾷ
1051 4307 1143 4342 σου
1176 4297 1387 4364 κορυφῇ
1414 4312 1428 4325 °
1466 4299 1560 4351 καὶ
1593 4301 1746 4371 μόλις

160 4371 326 4443 μέχρι
362 4373 463 4426 τοῦ
507 4371 603 4426 νῦν
642 4375 995 4447 ἐξεπλήρωσά
1027 4398 1131 4452 μου
1162 4385 1190 4436 ὁ
1218 4388 1472 4452 ταπεινὸς
1520 4390 1610 4443 τὸν
1649 4394 1747 4446 πό-

159 4463 270 4520 θον.
343 4466 488 4518 Ἀλλ’
530 4463 659 4534 εὖγε
712 4469 793 4521 ὅτι
840 4470 1096 4541 ἀξιοῦμαι
1139 4474 1225 4528 διὰ
1269 4477 1362 4530 τοῦ
1416 4482 1745 4551 γράμματος

155 4557 523 4612 ἀσπάσασθαί
585 4576 643 4612 σε
694 4560 786 4613 τὸν
836 4562 967 4632 ἐμὸν
1004 4567 1239 4636 Πατέρα,
1288 4571 1380 4624 τὸν
1414 4573 1605 4626 στύλον
1642 4576 1745 4646 τῆς

1922 4218 2212 4274 Biennium
2255 4227 2340 4272 est
2390 4231 2511 4270 cum
2572 4215 2625 4268 in
2659 4215 2762 4269 hac
2824 4230 2954 4269 cura
3015 4224 3066 4269 et
3103 4215 3428 4286 cogitatione

1851 4327 2058 4376 versor,
2095 4319 2155 4364 ut
2185 4311 2417 4365 scribam
2471 4307 2539 4361 ad
2587 4321 2802 4361 sacrum
2836 4309 3095 4363 verticem
3148 4318 3332 4362 tuum:
3367 4326 3430 4364 ac

1851 4406 1941 4459 vix
1991 4420 2138 4458 nunc
2183 4403 2400 4457 tandem
2443 4400 2643 4469 impleo
2713 4399 3043 4456 desiderium
3110 4401 3429 4455 humilitatis

1850 4513 2005 4552 meae.
2038 4495 2144 4550 Sed
2169 4504 2316 4550 recte
2347 4495 2490 4564 quod
2532 4493 2730 4563 dignus
2772 4493 2996 4559 habeor,
3027 4492 3118 4560 qui
3159 4507 3257 4560 per
3278 4492 3429 4546 litte-

1850 4602 1938 4640 ras
1965 4587 2192 4640 salutem
2225 4584 2435 4638 Patrem
2465 4598 2670 4646 meum,
2704 4584 3014 4638 columnam
3041 4583 3309 4649 veritatis,
3341 4599 3428 4635 re-

159 4647 444 4717 ἀληθείας,
493 4651 556 4703 τὸ
590 4653 869 4723 ἑδραίωμα
902 4656 998 4724 τῆς
1027 4658 1355 4726 ὀρθοδοξίας,
1405 4664 1499 4718 τὸν
1525 4667 1741 4731 φύλακα

1852 4687 1944 4732 cla:
1976 4678 2096 4731 ﬁdei
2126 4675 2558 4737 fundamentum,
2583 4675 2864 4728 custodem
2904 4673 3140 4743 pietatis,
3170 4671 3426 4728 Ecclesiae

155 4743 256 4809 τῆς
312 4743 623 4809 εὐσεϐείας,
675 4745 734 4798 τὸ
788 4749 1067 4818 στήριγμα
1109 4751 1208 4820 τῆς
1271 4754 1617 4825 Ἐκκλησίας,
1652 4759 1743 4812 τὸν

159 4836 463 4906 νικηφόρον
521 4837 708 4907 ἄνδρα,
760 4840 852 4892 τὸν
905 4842 1277 4914 Χριστοφόρον
1325 4847 1608 4918 ἀρχιερέα,
1651 4851 1743 4903 τὸν

159 4921 456 4992 ὁμολογίας
506 4927 644 4980 Θεοῦ
684 4930 954 5000 μάρτυρα.
1015 4934 1106 5004 Μὴ
1153 4935 1260 5004 γὰρ
1317 4937 1378 4989 οὐ
1439 4942 1740 5012 μαρτυρίου

164 5011 428 5080 στέφανός
465 5034 589 5081 σοι;
629 5020 709 5071 ὅτι
760 5021 847 5074 διὰ
896 5023 1128 5093 Χριστὸν
1172 5027 1466 5097 ἐξόριστος,
1494 5031 1738 5098 ἄποικος»

163 5101 431 5169 πολύτλας
455 5123 471 5138 ·
515 5108 610 5160 καὶ
642 5109 815 5162 ταῦτα
845 5113 901 5164 ὲν
924 5115 1118 5185 άπαλῴ
1149 5116 1225 5186 τῷ
1264 5119 1480 5185 σώματι
1522 5122 1645 5175 ὅσον
1677 5125 1741 5176 ὲκ

166 5191 379 5260 φύσεως
402 5213 415 5227 ·
477 5204 986 5274 προτετρυχωμένῳ
1028 5208 1082 5260 δὲ
1114 5209 1173 5272 ἐξ
1202 5211 1508 5282 ἀσκητικῆς
1535 5210 1630 5267 οἷδ’
1660 5217 1741 5268 ὅτι

166 5282 507 5374 Θεοδρομίας.
546 5292 713 5362 Αὑχεῐ
738 5296 795 5346 ὲν
828 5297 910 5348 σοὶ
942 5297 1049 5349 τῶν
1077 5301 1421 5371 όρθοφρόνων
1450 5304 1478 5354 ὀ
1505 5306 1681 5374 χορὸς,
1716 5309 1743 5359 ὀ

168 5370 265 5441 τῆς
312 5379 686 5452 Νικομηδείας
732 5386 905 5455 χῶρος
939 5389 1136 5457 χαίρει,
1169 5370 1266 5442 καὶ
1295 5370 1743 5464 εὐδοξεῖ-προῖκα

171 5466 606 5543 προϐαλλόμενός
645 5493 704 5528 σε
738 5480 802 5546 τῇ
858 5479 949 5530 ὑπ’
981 5480 1206 5548 οὐρανόν
1241 5499 1255 5511 ·
1311 5483 1743 5555 ἀποσεισάμενος

170 5555 236 5606 τὰ
259 5559 424 5614 πάλαι
447 5565 824 5634 Θρυλλούμενα
844 5572 906 5621 ἐκ
926 5570 1033 5622 τῶν
1059 5572 1236 5624 ἐκεῖσε
1265 5575 1742 5644 προεδρευσέιντων

179 5775 189 5784 .
226 5711 619 5785 "llCor.vt.5.
730 5721 774 5752 "
811 5723 998 5780 Matth.
1029 5746 1082 5788 κ.
1118 5731 1204 5785 32.

180 5791 322 5845 I50m:
353 5796 597 5857 mutilus,
630 5800 780 5858 extat
834 5800 884 5849 in
937 5809 1068 5852 mss.

1845 4768 2270 4827 ﬁrmamentum,
2301 4764 2562 4818 victorem
2613 4764 2809 4828 virum,
2838 4762 3218 4818 Christil‘erum
3243 4765 3424 4832 ponti-

1846 4853 2021 4918 ﬁcem,
2075 4850 2433 4906 confessionis
2493 4849 2585 4904 Dei
2649 4858 2960 4919 martyrem.
3013 4853 3209 4904 Annon
3273 4853 3419 4906 enim

1843 4947 2085 5016 martyrii
2167 4959 2369 5000 corona
2442 4943 2536 4997 tibi
2597 4953 2802 5011 praesto
2871 4944 3003 4997 est?
3057 4943 3148 5012 qui
3197 4953 3422 5014 propter

1840 5039 2115 5093 Christum
2167 5037 2318 5092 exsul
2359 5045 2415 5089 et
2443 5033 2764 5104 peregrinus
2790 5049 2982 5104 graves
3009 5051 3281 5089 aerumnas
3321 5054 3418 5091 su-

1839 5129 2028 5193 stines,
2055 5127 2215 5196 idque
2262 5127 2316 5179 in
2346 5140 2574 5195 corpore
2615 5129 2733 5181 tum
2755 5135 2947 5180 natura
2999 5140 3094 5178 sua
3121 5124 3414 5189 imbecillo,

1839 5227 1954 5272 tum
2010 5217 2255 5288 pristinis
2304 5259 2317 5282 ,
2353 5227 2432 5272 sat
2486 5219 2598 5273 scio
2626 5259 2641 5284 ,
2674 5217 2920 5272 asceticae
2959 5217 3083 5270 vitae
3138 5216 3415 5269 laboribus

1831 5310 2034 5362 attrito.
2066 5308 2338 5364 Gloriatur
2372 5307 2423 5360 in
2465 5314 2515 5361 te
2540 5307 2968 5361 orthodoxorum
3009 5306 3233 5368 chorus,
3263 5305 3416 5358 lzeta-

1839 5410 1926 5454 tur
1956 5399 2430 5454 Nicomediensum
2454 5399 2666 5463 civitas,
2699 5409 2754 5452 et
2779 5398 3074 5467 triumphat
3113 5397 3259 5450 orbis
3301 5405 3414 5470 ter-

1840 5503 2020 5540 rarum
2085 5497 2135 5540 te
2192 5493 2517 5552 ostentans;
2592 5493 2645 5540 et
2713 5495 2895 5539 vetera
2958 5485 3086 5538 olim
3130 5483 3413 5536 decantata

1836 5579 2127 5649 praesidum
2170 5595 2391 5634 suorum
2444 5580 2638 5649 probra
2666 5579 2960 5648 depellens.
2999 5577 3075 5631 Ac
3121 5576 3162 5630 si
3197 5576 3415 5645 proprie

1319 5732 1634 5796 ’“Joan.vl,
1713 5734 1799 5786 57.
1877 5737 1919 5766 ⁸⁷
1983 5734 2144 5788 Hebr.
2177 5733 2338 5800 x,38.
2417 5733 2460 5765 "
2489 5733 2720 5789 Tantum
2773 5734 2938 5805 hujus
2988 5732 3149 5802 epist.
3199 5730 3409 5792 titulus,
