4008 6318
574 322 710 386 1123

1757 328 1817 386 S.
1858 328 2251 388 THEODORI
2283 330 2631 392 STUDIT/E

3696 325 3842 387 1194

567 436 738 506 magis
762 433 1092 504 loquendum
1123 445 1226 499 est,
1256 436 1490 490 exsultat
1526 451 1705 491 ammo
1729 448 1949 491 sanctus
1978 437 2147 491 Tara-

2271 443 2445 512 Lvst‘Sq.
2491 445 2552 526 Ε.ἰ
2620 443 2675 495 δέ
2724 459 2775 495 τι
2826 441 3153 510 οἰκειότερον
3202 439 3282 491 δεῖ
3335 438 3539 504 φάναι·
3589 433 3843 504 Ουμηδεᾷ

565 528 701 591 sius,
742 544 806 581 ex
839 528 989 581 caula
1031 544 1302 596 manuque
1326 544 1421 582 sua
1479 530 1629 598 prius
1662 546 1841 594 ovem,
1881 540 1990 583 ιιιιιι
2044 548 2131 599 pa.

2244 536 2517 605 Ταράσιος
2543 537 2570 587 6
2606 538 2663 587 ἐν
2693 537 2889 604 ἁγίοις,
2922 537 2985 587 ἐκ
3014 534 3111 602 τῆς
3142 532 3305 585 αὐτοῦ
3337 530 3508 599 αὐλῆς
3529 529 3629 582 καὶ
3653 527 3842 599 latr/3;

566 631 766 673 storem
822 619 1079 689 inclytum
1150 621 1341 673 videns
1401 620 1798 689 depugnantem
1854 621 2036 683 modo,
2090 629 2145 673 et

2271 628 2513 697 πρόϐατον
2567 629 2717 695 πρὶν,
2775 626 2965 679 ἔπειτα
3014 626 3248 694 ποιμένα
3298 621 3632 692 περιϐόητον
3665 619 3839 689 δρῶν,

566 709 864 763 discrimen
888 724 1051 763 omne
1080 720 1356 778 petentem
1393 725 1488 778 pro
1538 711 1640 763 llde
1670 712 1972 765 orthodoxa
2004 728 2014 762 :
2049 711 2141 779 qui

2271 721 2408 772 τανῦν
2443 718 2841 788 ἀγωνιζόμενον
2871 717 2963 771 καὶ
3004 712 3487 785 προκινδυνεύοντα
3550 711 3701 781 ὑπὲρ
3742 710 3836 779 ὁρ-

568 801 711 868 quod
768 800 907 853 inse
952 810 1088 864 erat,
1121 816 1216 869 per
1245 802 1507 872 synodum
1539 802 1631 855 Dei
1691 803 1858 872 gratia
1919 804 2147 857 contulit

572 890 908 960 temporibus
945 890 1226 962 Augustae,
1276 908 1395 961 qua:
1434 895 1581 962 pacis
1626 909 1927 963 cognomen
1981 896 2149 963 gessit

572 990 627 1035 et
664 996 849 1049 pacem
900 981 1069 1047 dedit,
1112 982 1183 1035 ita
1251 992 1311 1034 ut
1365 1000 1450 1037 res
1488 984 1617 1052 ipsae
1654 984 1968 1037 nominibus
2024 994 2149 1050 apte

573 1081 959 1141 congruerent.
988 1071 1187 1125 Verum
1218 1072 1306 1125 illa
1338 1074 1555 1142 quidem
1608 1074 1687 1127 sic
1714 1073 1933 1127 fuerunt
1961 1091 1977 1127 :
2010 1090 2149 1143 pra:-

575 1164 750 1216 sentia
779 1178 909 1215 vero
947 1178 1132 1217 amara
1177 1172 1233 1217 et
1268 1165 1531 1219 luctuosa.
1580 1162 1682 1230 Qui
1740 1165 1885 1218 enim
1937 1163 2149 1218 aliter?

575 1254 836 1308 altaribus
877 1256 1273 1319 exterminatis,
1328 1259 1536 1311 eversis
1607 1258 1872 1324 ecclesiis,
1938 1274 2154 1312 sursum

577 1348 829 1400 deorsum
870 1344 1047 1401 oinnia
1080 1349 1339 1403 miscente
1374 1350 1584 1411 lueresi,
1613 1360 1667 1403 et
1697 1350 1974 1404 Christum
2024 1365 2149 1403 cum

579 1450 750 1492 matre
787 1448 840 1493 et
871 1440 1042 1494 servis
1080 1440 1193 1495 suis
1238 1450 1617 1510 persequente.
1654 1444 1737 1495 An
1790 1458 1918 1496 vero
1962 1457 2153 1512 perse-

2248 810 2489 876 Θοδοξίας
2510 829 2523 844 ⁸
2622 812 3005 881 συνεισήνεγκε
3058 809 3127 860 τά
3157 809 3287 876 παρ’
3313 802 3505 857 ἐαυτοῦ
3533 802 3838 863 συνοδικῶς

2249 905 2431 975 χάριτι
2465 904 2598 956 Θεοῦ
2629 905 2685 955 ἐν
2718 902 2953 972 ἡμέραις
2985 898 3272 960 Βασιλείας
3302 894 3689 966 είρηνωνύμου
3745 893 3839 946 καὶ

2251 994 2633 1065 εἰρηνοδώρουο
2663 993 2737 1054 ὡς
2762 993 3085 1061 συνδραμεῖν
3108 988 3317 1058 φερωνύ
3328 1005 3441 1057 μως
3460 988 3577 1048 τοῖς
3601 986 3837 1054 ὀνόμασι

2253 1086 2319 1138 τὰ
2350 1086 2672 1154 πράγματα.
2714 1082 2854 1136 Ἀλλ’
2891 1084 3075 1134 ἐκεῖνα
3113 1080 3209 1149 μὲν
3239 1076 3481 1130 τοιαῦτα.
3521 1076 3605 1129 Τά
3647 1076 3704 1128 δέ
3745 1076 3839 1129 νῦν

2255 1177 2428 1245 πικρὰ
2460 1192 2517 1227 τε
2552 1175 2648 1227 καὶ
2677 1172 2941 1225 ἐπώδυνα.
2978 1172 3098 1235 Πῶς
3130 1170 3237 1241 γὰρ
3273 1168 3364 1234 οῦς
3423 1168 3841 1239 θυσιαστηρίων

2258 1266 2696 1335 ἀφανιζομένων,
2746 1262 3049 1331 ἐκκλησιῶν
3097 1261 3523 1331 πορθουμένων,
3584 1259 3702 1311 ἀνω
3732 1256 3843 1308 ’καὶ

2259 1361 2407 1411 κάτω
2435 1356 2689 1424 κυκώσης
2716 1356 2812 1424 τῆς
2836 1355 3121 1425 αἱρέσεως,
3148 1356 3241 1405 καὶ
3261 1350 3495 1423 Χριστὸν
3526 1349 3841 1418 διωκούσης

2260 1453 2356 1503 σὺν
2391 1450 2559 1519 μητρὶ
2588 1449 2681 1501 καὶ
2713 1447 3063 1516 θεράπουσιν.
3095 1446 3164 1496 ’Ἠ
3203 1444 3311 1513 γάρ
3342 1442 3437 1511 οὐχ
3466 1434 3621 1494 οῦτοι
3654 1441 3842 1493 δεδιω⁸

583 1532 859 1585 cutionetn
917 1531 1057 1599 passi
1095 1547 1204 1585 non
1256 1541 1425 1597 sunt,
1488 1533 1710 1602 deiectis
1767 1544 1822 1588 et
1879 1536 2160 1604 prostratis

2271 1544 2472 1612 γμὲνοι,
2531 1541 2640 1593 τῶν
2694 1540 2865 1608 ἁγίων
2901 1537 3123 1590 εἰκόνων
3177 1535 3353 1589 αὐτῶν
3405 1532 3840 1602 πορθουμένων;

580 1620 780 1673 sanctis
830 1619 1066 1688 ipsorum
1101 1620 1422 1691 imaginibus
1451 1621 1474 1674 ?
1526 1621 1665 1675 Num
1698 1639 1845 1691 ergo,
1883 1624 1927 1677 si
1961 1624 2158 1678 viviﬁci

2271 1638 2323 1689 Εἰ
2366 1635 2439 1705 μὴ
2473 1636 2578 1710 ἄρα
2606 1633 2700 1686 καὶ
2746 1630 2838 1684 τοῦ
2870 1630 3041 1683 τύπου
3067 1628 3160 1681 τοῦ
3192 1624 3456 1691 ζωοποιοῦ
3498 1623 3664 1690 ξύλου
3691 1625 3841 1692 ἁφα-

582 1707 710 1778 ligui
745 1718 901 1778 typus
949 1710 1247 1773 aboleatur,
1311 1712 1576 1765 sublatam
1613 1728 1644 1766 e
1699 1714 1879 1769 medio
1942 1730 2160 1769 crucem

2271 1707 2567 1793 vzqopévo'u,
2628 1722 2777 1789 λέγοι
2834 1737 2917 1783 τις
3003 1718 3095 1771 τὸν
3149 1713 3382 1786 σταυρὸν
3448 1714 3525 1784 μὴ
3592 1713 3845 1765 ἐκποδὼν

583 1800 705 1867 quis
743 1801 947 1870 neget?
985 1801 1139 1866 Quod
1186 1802 1228 1855 si
1265 1801 1319 1854 in
1355 1811 1478 1873 typo
1516 1803 1622 1858 dici
1671 1803 1775 1859 hoc
1825 1805 1973 1859 nullo
2002 1807 2161 1859 modo

2271 1814 2553 1884 γενέσθαι;
2585 1814 2647 1866 Et
2680 1812 2738 1866 δὲ
2790 1810 2885 1863 ἐπὶ⁸
2919 1809 3069 1862 τοῦδε
3103 1811 3201 1878 οὐχ
3247 1806 3417 1868 οὕτως
3445 1804 3629 1857 δοτέον
3655 1823 3669 1835 ·
3726 1803 3844 1863 πῶς

585 1901 808 1959 potest,
856 1907 954 1946 cur
985 1908 1095 1947 non
1134 1894 1278 1948 idem
1313 1894 1473 1948 etiam
1514 1895 1569 1949 in
1595 1896 1829 1966 imagine
1884 1896 2164 1951 fatendum

2271 1907 2386 1977 οὐχὶ
2419 1906 2512 1958 καὶ
2541 1904 2635 1957 ἐπὶ
2658 1903 2756 1972 τῆς
2785 1902 2990 1964 εἰκόνος
3020 1898 3487 1968 συγκαταθετέον;
3538 1894 3708 1948 εἰκὼν
3738 1894 3845 1962 γὰρ

585 1983 701 2037 sit?
737 1982 1006 2053 siquidem
1065 1994 1120 2039 et
1162 1996 1318 2056 typus
1357 1986 1473 2056 ipse
1534 1972 1713 2057 imago
1780 1996 1883 2052 est,
1937 2002 2002 2043 ac
2049 1987 2168 2043 vice

2271 1972 2361 2051 mi.
2406 1996 2663 2059 ότύποςο
2724 1994 2800 2058 ὡς
2855 1993 3121 2047 ἀνάπαλιν
3182 1990 3528 2061 ἀντιστρέφει
3578 1990 3609 2041 6
3662 1987 3841 2053 λόγος.

589 2090 745 2129 versa
804 2077 1038 2131 recurrit
1091 2079 1283 2132 oratio.
1313 2079 1382 2133 At
1427 2068 1676 2148 q'uisnam
1705 2092 1802 2148 ego
1856 2094 1975 2133 sum
2006 2079 2170 2133 miser

2277 2086 2436 2139 Ἀλλὰ
2491 2087 2574 2149 τίς
2619 2087 2734 2158 εἰμι
2766 2087 2795 2139 6
2831 2084 2996 2147 τάλας
3048 2084 3141 2137 καὶ
3192 2083 3454 2153 ἀμύητος,
3496 2078 3635 2149 θείῳ
3670 2077 3846 2147 Πατρὶ

586 2178 643 2222 et
690 2184 970 2224 sacrorum
1033 2171 1342 2239 imperitus,
1383 2172 1471 2240 qui
1548 2170 1664 2224 haec
1722 2169 1904 2224 divino
1932 2168 2078 2223 Patri
2116 2179 2171 2223 et

2271 2178 2362 2232 καὶ
2383 2177 2685 2248 διδασκάλῳ
2702 2175 3016 2243 αίτιολογῶν
3043 2175 3212 2228 ταῦτα
3233 2191 3247 2239 ;
3272 2174 3343 2227 Σὺ
3374 2173 3522 2242 ἡμᾶς
3542 2171 3842 2229 διδάσκοις,

586 2260 845 2327 magistro
930 2260 1280 2315 edisseram?
1326 2261 1405 2314 Tu
1451 2261 1567 2331 ipse
1631 2276 1750 2323 nos,
1802 2261 2163 2326 sanctissime,

588 2351 911 2420 perfectiora
947 2352 1081 2406 doce
1103 2391 1117 2417 ,
1160 2362 1222 2406 ut
1261 2352 1457 2407 divinis
1490 2352 1731 2406 imbutus
1760 2371 1773 2406 :
1802 2362 1857 2405 tu
1888 2352 2047 2406 factis
2081 2352 2167 2405 in-

588 2453 738 2496 strue
772 2445 839 2497 ad
872 2444 1087 2498 fortiter
1119 2443 1398 2498 ferendam
1430 2453 1756 2513 prmsent‘em
1808 2460 1903 2498 seu
1932 2445 2165 2513 castiga-

589 2533 817 2597 tionem,
854 2551 950 2589 seu
985 2534 1358 2603 probationem
1409 2554 1420 2588 :
1482 2550 1711 2604 quorum
1746 2535 1874 2588 illud
1932 2534 2084 2605 prius
2112 2535 2165 2587 in

590 2642 691 2680 nos
721 2627 948 2695 quadrat
982 2636 1205 2695 propter
1263 2634 1484 2696 peccata
1520 2644 1532 2679 :
1568 2627 1841 2695 posterius
1874 2628 1928 2680 in
1954 2636 2005 2681 te
2039 2640 2165 2695 pro-

590 2728 709 2788 pter
744 2718 980 2771 divinam
1044 2718 1362 2772 charitalem
1409 2717 1644 2772 Christi:
1686 2733 1846 2787 quem
1902 2728 1958 2773 tu
2010 2733 2167 2773 orare

591 2825 659 2863 ne
681 2824 859 2864 cesses
887 2820 945 2863 ut
976 2809 1269 2878 impietatis
1314 2810 1561 2864 umbram
1607 2810 1886 2875 discutiat,
1930 2820 1981 2865 et
2024 2826 2171 2865 sere-

592 2916 664 2956 no
716 2902 1020 2971 tranquilla:
1072 2902 1195 2956 Iidei
1244 2901 1483 2957 diluculo
1532 2902 1819 2959 celerrime
1874 2913 2166 2975 permutet.

1087 3020 1225 3074 V.—-
1267 3021 1558 3078 Naucratio
1589 3023 1722 3093 ﬁlio.

2268 2264 2315 2323 ὦ
2356 2270 2636 2339 ἱερώτατε,
2670 2269 2737 2321 τὰ
2768 2265 3070 2337 τελεώτερα
3091 2266 3166 2329 ὡς
3192 2264 3491 2335 Θεομύητος
3516 2279 3533 2293 ο
3566 2263 3667 2314 καὶ
3699 2260 3846 2331 ἔργῳ

2270 2361 2544 2422 παιδεύοις
2576 2360 2763 2430 φέρειν
2792 2359 3074 2429 καρτερῶς
3129 2356 3226 2427 τὴν
3270 2354 3367 2407 νῦν
3398 2355 3511 2406 είτε
3563 2352 3845 2411 παιδείαν,

2270 2455 2380 2506 εἴτε
2408 2452 2732 2523 δοκιμασίαν
2756 2467 2770 2481 ’
2802 2450 2864 2503 τδ
2897 2450 3113 2520 πρῶτον
3146 2447 3235 2514 ἐφ’
3265 2447 3396 2515 ἡμῖν
3423 2444 3510 2497 διὰ
3534 2441 3636 2504 τὰς
3661 2444 3845 2510 ἀμαρο

2268 2546 2388 2607 τίας
2414 2562 2429 2577 ⁸
2478 2545 2540 2596 τὸ
2582 2542 2831 2614 δεύτερον
2880 2541 2974 2593 ἐπὶ
3027 2538 3131 2602 σοὶ,
3175 2537 3263 2591 διά
3302 2535 3400 2607 τὴν
3436 2534 3585 2588 θείαν
3622 2532 3845 2601 ἀγάπην

2271 2635 2508 2706 Χριστοῦ
2532 2651 2545 2664 ⁸
2575 2628 2620 2702 ᾧ
2657 2634 2959 2687 λιτανεύειν
3015 2630 3090 2701 μὴ
3140 2628 3406 2692 ἐλλείποις
3449 2627 3717 2697 ἐκτρέψαι
3749 2626 3845 2694 τῂν

2274 2725 2374 2795 τῆς
2407 2724 2664 2789 ἀσεϐείας
2694 2723 2853 2779 σκιὰν
2876 2724 2955 2788 εἰς
2989 2721 3201 2796 πρωῖαν
3228 2718 3511 2791 εἰρηνικῆς
3533 2714 3844 2787 ὀρθοδοξίας

2273 2819 2526 2890 τάχιστα.

2647 3017 2725 3073 ιε’.
2759 3048 2829 3058 -
2855 3016 3206 3086 Ναυκρατίῳ
3230 3015 3439 3077 τέκνῳ.
3462 3010 3635 3084 [ριε’.]

687 3137 922 3189 Tbaddaei
953 3140 1178 3191 monachi
1200 3144 1510 3205 martyrium.
1546 3144 1621 3194 De
1646 3143 1938 3206 quibusdam
1960 3141 2108 3203 lapsis
2133 3140 2358 3201 querela.
2382 3138 2610 3190 Hortatio
2630 3140 2689 3190 ad
2714 3136 3053 3189 constantiam.
3083 3138 3283 3199 (Baron.
3311 3148 3388 3184 an.
3414 3132 3525 3195 814,
3551 3146 3602 3183 n.
3634 3134 3739 3195 55.)

665 3242 901 3299 Nuntius
931 3260 1093 3315 supra
1124 3246 1402 3313 nuntiutn,
1439 3258 1495 3305 et
1523 3263 1704 3303 sermo
1754 3262 1918 3317 supra
1963 3262 2170 3301 sermo-
2204 3252 2247 3311 C.

597 3348 743 3388 nem.
783 3335 923 3401 Quid
973 3335 1169 3400 dicam,
1229 3346 1324 3392 aut
1368 3339 1498 3408 quid
1540 3338 1783 3408 loquar?
1814 3336 1986 3403 Quem
2044 3353 2173 3391 sen-

599 3442 719 3481 sum
761 3429 927 3481 miser
961 3430 1173 3498 capiam
1232 3429 1287 3482 in
1333 3430 1399 3483 iis
1449 3446 1570 3500 qua:
1621 3428 1975 3485 acciderunt?
2031 3426 2177 3483 Gau-

601 3518 751 3573 dium
776 3519 911 3572 mihi
946 3527 999 3573 et
1029 3520 1202 3584 dolor,
1231 3520 1480 3590 jubilatio
1509 3530 1565 3575 et
1603 3520 1798 3575 luctus.
1835 3519 1895 3573 In
1923 3519 2177 3573 aﬂ‘ectum

602 3611 833 3664 duorum
889 3613 1069 3668 medio
1096 3614 1306 3683 positus
1344 3630 1487 3679 sum,
1524 3628 1625 3668 nec
1666 3624 1904 3668 statuere
1935 3625 2176 3681 possum,

602 3704 669 3757 ad
707 3713 888 3758 utrum
917 3720 1003 3759 me
1062 3715 1403 3760 convertam.
1438 3705 1824 3759 Verumtamen
1858 3701 2031 3755 vincit
2087 3699 2180 3768 qui

606 3794 861 3848 Satanam
890 3795 1019 3849 vicit
1065 3805 1119 3851 et
1174 3796 1451 3865 principes
1479 3804 1535 3849 et
1594 3804 1829 3850 tortores
1872 3792 2037 3861 hujus
2072 3806 2178 3844 sae-

605 3886 735 3939 culi.
764 3885 919 3940 Morti
962 3902 1061 3957 pro
1114 3886 1341 3941 Christo
1390 3886 1551 3940 datus
1588 3894 1671 3940 est
1738 3882 1944 3939 Christi
2006 3897 2181 3952 agnus

605 3976 830 4045 ﬂagellis
861 3978 1134 4043 concisus,
1157 3977 1460 4032 Thaddaeus
1486 3977 1530 4009 ”
1560 3992 1742 4031 ramus
1768 3991 1943 4040 meus,
1970 3975 2179 4030 viscera

609 4084 726 4122 mea
751 4109 766 4132 ,
806 4069 949 4123 tilius
1007 4070 1333 4125 obedientite
1360 4108 1375 4134 ,
1426 4069 1677 4124 surculus
1732 4068 1950 4138 pietatis
1977 4107 1991 4131 ,
2029 4066 2180 4136 Apo-

606 4163 729 4215 stoli
755 4161 1121 4233 cognominis.
1174 4161 1443 4217 Caudium
1468 4161 1816 4226 immensum,
1848 4158 2183 4215 incredibilis

608 4252 813 4320 laztitia,
844 4270 955 4309 non
997 4253 1134 4308 mihi
1191 4263 1402 4309 tantum
1460 4254 1683 4325 pusillo,
1739 4254 1835 4309 sed
1871 4263 1924 4307 et
1963 4252 2182 4323 Angelis

610 4347 814 4414 pariter
902 4356 959 4402 et
1059 4346 1398 4402 hominibus.
1459 4345 1628 4411 Quam
1664 4347 2006 4417 magniﬁcam
2065 4355 2183 4398 sunt

607 4453 766 4507 opera
798 4448 911 4499 tua.
948 4438 1170 4491 Domine
1201 4439 1251 4491 ‘l
1304 4438 1448 4507 quod
1480 4454 1628 4492 nunc
1674 4439 1838 4492 etiam
1889 4437 1945 4491 in
1993 4437 2181 4491 humili

606 4531 955 4601 generatione
987 4532 1090 4585 ista
1123 4532 1499 4601 incorruptum
1540 4531 1783 4587 veritatis
1826 4541 1934 4587 tute
1987 4540 2181 4586 testem

607 4621 952 4692 produxisti:
994 4630 1050 4676 et
1087 4621 1234 4675 hunc
1267 4636 1377 4675 non
1421 4637 1489 4675 ex
1536 4621 1913 4690 sapientibus,
1938 4629 2033 4676 aut
2080 4636 2184 4675 no-

608 4713 806 4767 bilibus
835 4711 999 4782 hujus
1048 4711 1256 4777 mundi,
1306 4711 1401 4767 sed
1456 4728 1488 4768 e
1531 4712 1690 4782 plane
1738 4712 1975 4768 diversis
2039 4730 2053 4767 :
2124 4722 2186 4767 ut

609 4805 851 4875 Apostoli
898 4819 1081 4859 sermo
1142 4804 1505 4871 compleretur
1538 4821 1551 4856 :
1585 4802 1848 4875 lgnobilia
1899 4804 2081 4858 mundi
2134 4813 2186 4857 et

610 4896 1022 4967 contemptibilia
1050 4895 1203 4965 elegit
1233 4895 1395 4960 Deus,
1444 4905 1491 4949 et
1518 4913 1580 4950 ea
1602 4911 1719 4966 qut:
1751 4913 1851 4949 non
1879 4905 2092 4959 sunt,ut
2122 4913 2183 4951 ea

614 5004 733 5060 qua
762 4999 883 5044 sunt
906 4989 1197 5042 destrueret
1224 4988 1265 5041 ‘.
1290 4986 1354 5042 Et
1383 5002 1621 5056 quonam
1642 4988 1775 5042 mihi
1802 4988 2004 5052 abiisti,
2028 4988 2185 5043 beate

611 5081 739 5135 ﬁli?
799 5081 894 5136 ubi
951 5088 1058 5134 tam
1089 5082 1200 5136 cito
1252 5080 1523 5135 exaltatus
1554 5095 1615 5134 es
1649 5083 1703 5133 in
1746 5089 2044 5151 martyrum
2103 5080 2186 5133 al-

610 5176 742 5229 bum
801 5175 1073 5244 ascriptus
1103 5174 1126 5227 ?
1159 5173 1204 5228 0
1236 5183 1439 5228 sortem
1466 5174 1651 5226 tuam!
1691 5187 1724 5226 ο
1772 5172 2188 5243 generositatem

614 5269 791 5323 tuaml
818 5282 851 5322 o
882 5267 1125 5337 prudens
1160 5266 1450 5321 consilium
1482 5272 1633 5319 tuum
1663 5266 1677 5318 l
1705 5265 1828 5320 Uno
1859 5266 1947 5320 die
1977 5265 2191 5320 inﬁnita

612 5360 810 5416 saecula
866 5359 1225 5429 promeruisti
1292 5376 1305 5411 :
1392 5374 1491 5429 per
1541 5358 1880 5412 cruciatuum
1925 5364 2195 5412 tormenta

614 5452 1048 5522 inexplicabilem
1102 5451 1340 5506 laztitiam
1373 5451 1600 5521 adeptus
1652 5466 1711 5506 es
1772 5469 1784 5504 :
1862 5460 2082 5504 centum
2136 5458 2193 5504 et

618 5542 835 5614 triginta
872 5543 1162 5597 verberum
1199 5542 1457 5613 suffragio
1492 5542 1706 5612 plenam
1748 5542 1949 5597 laboris
1988 5556 2198 5597 merce-

691 5746 736 5776 "
788 5743 923 5799 Vide
973 5741 1116 5798 infra
1178 5744 1339 5815 epist.
1389 5742 1479 5799 εἰ.

2363 3246 2617 3315 Ἀγγελία
2651 3246 2736 3299 ἐπ’
2760 3244 2991 3314 ἀγγελίᾳ
3012 3260 3025 3275 ο
3074 3242 3232 3310 λόγος
3260 3242 3354 3295 ἐπὶ
3398 3239 3565 3310 λόγῳ.
3588 3240 3657 3293 Τί
3688 3238 3845 3297 εἴπω,

2275 3338 2370 3391 καὶ
2395 3339 2449 3391 τί
2476 3336 2723 3408 λαλήσω;
2749 3336 2866 3399 πῶς
2897 3333 3126 3389 διατεθῶ
3146 3336 3175 3387 6
3195 3332 3361 3396 τάλας
3388 3333 3480 3385 ἐπὶ
3541 3333 3658 3393 τοῖς
3699 3344 3846 3397 γεγε-

2276 3429 2561 3498 νημένοις;
2604 3427 2762 3498 Χαρά
2789 3442 2879 3496 μοι
2904 3425 2998 3478 καὶ
3026 3422 3191 3494 λύπη*
3223 3422 3406 3483 ἄνεσις
3438 3422 3530 3473 καὶ
3573 3418 3846 3472 ἀπόκλαυ·

2280 3540 2388 3586 σις.
2416 3522 2503 3574 Ἐν
2534 3518 2839 3591 μεταιχμίῳ
2865 3518 2959 3572 δύο
2987 3517 3175 3570 παθῶν
3192 3513 3603 3583 ἀπειλημμένος
3626 3511 3841 3579 γέγονα·

2280 3616 2373 3670 καὶ
2403 3616 2503 3668 οὐκ
2527 3614 2637 3684 ἔχω
2689 3613 2916 3681 πότερον
2944 3610 3243 3680 αἱρήσομαι
3269 3605 3468 3674 λέγειν.
3502 3602 3700 3671 Ὅμως
3727 3600 3849 3669 νικᾷ

2277 3710 2306 3761 6
2363 3708 2591 3776 νικήσας
2646 3705 2736 3758 τὸν
2784 3703 3063 3766 Σατανᾶν,
3120 3700 3213 3754 καὶ
3272 3699 3397 3758 τοὺς
3442 3696 3715 3766 ἄρχοντας
3762 3694 3848 3745 καὶ

2279 3800 2546 3861 κολαστὰς
2582 3795 2676 3850 τοῦ
2707 3795 2901 3857 αἰῶνος
2926 3792 3100 3846 τοῦδε.
3154 3788 3495 3858 Ἐθανατώοη
3532 3786 3677 3856 ὑπὲρ
3712 3786 3845 3855 Χρι-

2280 3889 2407 3944 στοῦ
2435 3890 2493 3943 τὸ
2524 3888 2709 3959 ἀρνίον
2734 3884 2828 3939 τοῦ
2859 3882 3092 3955 Χριστοῦ
3125 3881 3579 3952 μαστιγούμενον,
3594 3878 3847 3937 Θαδδαῖος

2277 3986 2305 4036 ὁ
2351 3981 2482 4051 ἐμὸς
2510 3979 2709 4052 ὅρπηξ,
2738 3979 2797 4032 τὺ
2842 3977 2976 4048 ἐμὸν
3014 3975 3342 4043 σπλάγχνον,
3386 3973 3416 4025 6
3465 3972 3584 4034 υίὸς
3617 3970 3719 4040 τῆς
3750 3970 3849 4022 ὑπ·

2279 4072 2472 4143 ακοῆς,
2500 4071 2561 4124 τὸ
2593 4070 2842 4139 στέλεχος
2871 4068 2968 4137 τῆς
3002 4063 3307 4127 εὐσεϐείας,
3331 4064 3361 4116 6
3390 4060 3482 4115 τοῦ
3525 4058 3847 4113 Ἀποστόλου

2282 4166 2617 4235 συνώνυμος.
2663 4160 3092 4230 Ἀϐἀστακτοςὴ
3145 4158 3313 4228 χαρὰ,
3361 4151 3773 4223 ἀνυπέρϐλητος
3815 4150 3846 4219 η

2281 4255 2610 4328 εὐφροσύνη,
2652 4254 2755 4307 οὐκ
2793 4253 2919 4323 ἐμοί⁵
2963 4248 3042 4320 τῷ
3090 4245 3334 4316 ταπεινῷ
3366 4245 3547 4315 μόνον,
3579 4241 3717 4295 ἀλλά
3763 4241 3850 4292 καὶ

2282 4349 2536 4419 ἀγγέλοις
2560 4347 2654 4401 καὶ
2678 4343 3007 4415 ἀνθρώποις.
3050 4338 3148 4405 Ὠς
3173 4336 3549 4407 ἐμεταλύνθη
3596 4333 3672 4386 τὰ
3714 4331 3850 4400 ἔργα

2282 4456 2421 4503 σου,
2449 4435 2666 4505 Κύριε]
2692 4435 2775 4487 ὅτι
2802 4432 2897 4485 καὶ
2924 4431 3018 4485 νῦν
3045 4430 3101 4482 ἐν
3144 4430 3210 4500 τῇ
3240 4427 3466 4494 ταπεινῇ
3493 4424 3660 4493 γενεᾷ
3686 4421 3847 4489 ταύτῃ

2289 4531 2542 4601 μάρτυρα
2564 4526 2661 4595 τῆς
2691 4522 2949 4595 ἀληθείας
2973 4538 3065 4575 σου
3089 4520 3522 4590 ἀπαράγραπτον
3544 4513 3844 4580 ἀνέδειξαςο

2208 4604 2262 4664 Ῑ)
2287 4624 2382 4677 καὶ
2404 4620 2593 4674 τοῦτον
2622 4616 2725 4672 οὐκ
2748 4618 2814 4669 ἐκ
2839 4614 2948 4668 τῶν
2982 4613 3161 4683 σοφῶν
3196 4612 3291 4666 καὶ
3330 4608 3570 4677 εὐγενῶν
3594 4608 3693 4660 τοῦ
3731 4605 3844 4676 τῇδε

2280 4712 2511 4782 κόσμου,
2539 4707 2655 4764 ἀλλ’
2683 4707 2748 4761 ἐκ
2774 4705 2885 4759 τῶν
2914 4704 3169 4766 ἐναντίως
3203 4701 3454 4772 ἐχόντων·
3475 4700 3564 4753 ἵνα
3591 4697 3843 4768 πληρωθῇ

2280 4808 2310 4860 6
2354 4804 2512 4873 λόγος
2549 4800 2644 4856 τοῦ
2695 4797 3017 4854 Ἀποστόλου
3049 4813 3065 4827 ·
3100 4797 3203 4859 ὅτι,
3263 4794 3341 4847 Τὰ
3390 4788 3580 4859 ἀγενῆ
3640 4789 3740 4843 καὶ
3782 4786 3845 4838 τὰ

2281 4892 2721 4963 ἐξουθενημένα
2741 4889 3081 4954 ἐξελέξατο,
3113 4885 3212 4940 καί
3236 4882 3307 4937 τὰ
3328 4881 3415 4951 μὴ
3439 4882 3586 4935 ὄντα
3604 4896 3617 4908 ⁸
3654 4880 3843 4956 ἵναοτὰ

2284 4995 2434 5049 ὄντα
2484 4989 2853 5059 καταργήσῃ.
2898 4984 3009 5040 Ποῦ
3062 5002 3150 5056 μοι
3189 4982 3455 5051 ἀπέστης,
3484 4974 3531 5033 ὦ
3586 4978 3842 5050 μακάριον

2285 5084 2506 5150 τέκνον;
2561 5081 2665 5135 ποῦ
2699 5079 2892 5133 θᾶττον
2926 5074 3293 5148 ὑπερυψώθης
3344 5073 3581 5143 μάρτυσι
3632 5066 3842 5137 συναρί-

2288 5178 2442 5247 Opto;
2471 5172 2740 5244 γεγονώς;
2777 5173 2843 5225 Ὠ
2874 5171 2973 5240 τῆς
3003 5169 3286 5239 ἐπιτυχίας
3316 5183 3408 5219 σου
3434 5166 3445 5219 !
3483 5162 3529 5216 ὣ
3557 5163 3662 5232 τῆς
3702 5161 3839 5227 εὐγε-

2287 5269 2434 5331 νείας
2465 5268 2591 5321 σουί
2639 5265 2684 5319 ὦ
2739 5265 2839 5336 τῆς
2890 5261 3174 5323 εὐϐουλίας
3229 5260 3353 5311 σουί
3392 5256 3481 5310 Ἐν
3521 5255 3712 5325 ἡμέρα
3758 5250 3841 5321 μιᾷ

2288 5360 2584 5431 ἐκέρδησας
2605 5352 3114 5427 ἀπείρουςραίῶνας·
3151 5354 3208 5405 ἐν
3241 5349 3420 5410 ἀνίαις
3446 5346 3840 5415 βασανιστικαῖς

2288 5452 2504 5520 ἐκτήσω
2523 5450 2621 5513 τὰς
2649 5445 3048 5515 ἀνεκλαλήτους
3084 5438 3423 5510 εὐφροσύνας
3448 5450 3464 5466 ο
3529 5438 3590 5488 ἐν
3621 5432 3837 5504 πληγαῖς

2288 5540 2482 5595 ἐκατδν
2539 5536 2676 5608 πρὸς
2739 5533 3033 5605 τριάκοντα
3088 5529 3316 5599 εῐληφας
3364 5524 3456 5580 τὸν
3505 5522 3715 5577 τέλειον
3754 5521 3838 5589 τῆς

1558 5744 1573 5774 ¹
1616 5741 1815 5799 Psalm.
1849 5757 1955 5808 xei,
1986 5741 2041 5798 6.
2116 5740 2181 5794 Ἰ
2214 5738 2341 5795 Cor.
2377 5754 2413 5804 ι,
2446 5736 2537 5791 ‘28.
