4008 6318
215 368 349 433 1125

1411 376 1946 436 EPISTOLARUM
1997 377 2144 437 LIB.
2187 376 2270 436 II-

3321 377 3456 441 1126

207 481 470 550 ἐργασίας
498 480 687 550 μισθὸν
715 482 813 534 σὺν
845 482 1082 554 μάρτυσι
1111 486 1261 556 παρὰ
1296 487 1397 557 τῆς
1425 489 1586 557 ἁγίας
1615 491 1779 560 Τριά-

1883 491 2005 544 dem
2037 506 2067 544 a
2099 501 2284 545 sancta
2340 489 2606 544 Trinitate
2641 504 2765 544 eum
2815 492 3145 563 martyribus
3177 494 3456 560 accepisti.

210 570 319 630 δος.
356 570 527 638 Εἴπερ
567 571 593 620 ὁ
623 569 720 637 μὲν
749 574 846 640 τῆς
876 573 1225 642 τελειότητος,
1260 580 1286 628 6
1314 578 1371 630 δὲ
1415 579 1513 648 τῆς
1552 580 1780 649 Τριάδος

211 658 488 726 ἀναλογῶν
520 661 667 711 ἐστιν
686 661 936 731 ἀριθμός·
962 663 1046 716 ἵνα
1075 664 1176 728 κάξ
1201 667 1364 718 αὐτοῦ
1389 667 1482 720 τοῦ
1503 669 1776 737 κολασμοῦ

210 765 304 800 σου
338 749 679 817 παραδείξειε
711 752 840 814 Θεὸς
878 753 936 804 τὸ
970 755 1306 823 μεγαλοφυές
1355 774 1493 812 σου.-
1530 759 1602 811 Τὸ
1642 754 1780 828 αἷμά

209 856 325 903 σου,
364 840 532 909 μύρον
558 857 570 870 ·
601 841 662 894 τὸ
693 843 940 912 λείψανόν
972 862 1088 913 σου,
1114 849 1388 918 ἁγιασμοῦ
1426 852 1778 919 μεταδοτικὸν

205 935 318 995 τοῖς
350 933 604 1000 ψαύουσι.

279 1027 480 1096 Δέομαί
537 1046 653 1092 σου,
711 1030 829 1097 ἅγιε
881 1030 973 1084 τοῦ
1032 1032 1165 1086 Θεοῦ
1204 1034 1456 1098 Θαδδαῖε,
1510 1037 1777 1106 πρέσϐευε

207 1118 348 1187 ὑπὲρ
377 1120 509 1188 ἐμοῦ
531 1121 620 1173 τοῦ
646 1121 865 1186 ἀναξίου
893 1124 1079 1178 δούλου
1106 1142 1200 1178 σου
1227 1143 1241 1156 ο
1272 1127 1334 1179 06
1365 1129 1474 1196 γὰρ
1503 1129 1686 1198 τολμῶ
1718 1147 1776 1181 σε

206 1210 432 1262 καλέσαι
482 1212 689 1266 τέκνον.
736 1214 946 1284 Ὁρᾶτε,
1006 1217 1225 1283 ἀδελφοί
1275 1236 1398 1288 μου,
1449 1220 1501 1272 τί
1550 1221 1774 1288 γέγονε·

207 1306 358 1356 ποῖον
390 1303 661 1374 θησαυρὸν
684 1308 776 1358 καὶ
804 1307 962 1376 μέλος
995 1311 1361 1381 ἐκεκτήμεθα.
1403 1315 1588 1383 Ἀρκεῖ
1615 1315 1693 1377 είς
1720 1332 1776 1366 τε

205 1397 340 1449 Θεοῦ
371 1397 525 1461 δόξαν
556 1399 649 1451 καὶ
687 1399 953 1469 ἡμέτερον
983 1401 1262 1473 καύχημα,
1299 1404 1432 1475 ὁμοῦ
1461 1422 1520 1457 τε
1552 1406 1646 1458 καὶ
1677 1407 1777 1474 τῆς

204 1489 334 1557 ὅλης
400 1489 722 1559 Ἐκκλησίας
778 1495 1144 1562 χαρμόσυνον,
1195 1499 1223 1547 6
1279 1497 1487 1566 μάρτυς
1541 1498 1776 1567 Χριστοῦ

205 1578 485 1642 Θαδδαῖος.
531 1580 597 1632 Τί
647 1581 850 1648 τάλλα;
889 1584 1194 1651 Ἔσονται,
1225 1588 1411 1656 φησὶν,
1459 1590 1514 1641 οἱ
1563 1588 1777 1656 πρῶτοι

202 1671 474 1738 ἔσχατοι,
531 1671 626 1724 καί
668 1675 721 1726 οἱ
757 1673 1006 1742 ἔσχατοι
1038 1676 1274 1742 πρῶτοι.
1311 1676 1478 1731 Τοῦτο
1530 1679 1624 1732 ἐπὶ
1680 1679 1774 1732 τοῦ

216 1760 475 1814 Ἰακώόου
526 1766 669 1833 φημὶ
697 1765 787 1816 καὶ
819 1766 1120 1819 Λουκιανοῦ
1149 1783 1162 1796 ·
1191 1767 1285 1819 τοῦ
1324 1769 1422 1837 μὲν
1444 1771 1779 1840 ὲναθλήσαν-

202 1865 292 1910 τος
317 1862 332 1876 ⁸
369 1849 452 1920 εἴη
481 1851 573 1903 καὶ
604 1853 993 1922 ὲναθλήσοντος
1031 1856 1192 1925 μέχρι
1220 1857 1403 1920 τέλους
1427 1874 1440 1888 ’
1470 1859 1567 1910 σὺν
1599 1862 1776 1929 Δωρο-
1811 1834 1852 1888 Β

204 1937 310 2008 θέῳ
352 1941 444 1992 καὶ
481 1941 790 2011 Βησαρίωνι
837 1941 994 2014 [Reg.
1057 1945 1176 1998 cod.
1232 1946 1524 2016 Βισαρίωνι
1557 1946 1609 2018 ]!
1668 1949 1773 2000 Τοῦ

201 2030 257 2082 δὲ
303 2033 444 2085 κατὰ
477 2033 576 2096 τὰς
617 2034 892 2105 ἁμαρτίας
926 2054 1026 2105 μου
1073 2039 1483 2107 ναυαγήσαντος
1517 2042 1612 2094 σὺν
1664 2045 1778 2105 τοῖς

199 2124 544 2193 ὁμοτρόποις.
584 2126 647 2176 Ὢ
683 2126 796 2188 πῶς
851 2125 1042 2178 ἔπεσον
1070 2127 1127 2178 ὲν
1164 2129 1318 2199 μέσῳ
1367 2134 1670 2203 φωστήρων
1725 2136 1773 2186 οξ

200 2217 498 2268 οίκτιστοιῑ
546 2217 899 2269 Ἐπελάθοντο
932 2218 1025 2270 τοῦ
1058 2221 1341 2291 εἰρηκότος
1371 2223 1478 2293 ἄρα
1507 2240 1521 2255 ⁶
1547 2225 1641 2292 Μὴ
1671 2242 1775 2294 ερο-

200 2306 422 2374 ϐηθῆτε
472 2309 591 2362 ἀπὸ
645 2307 764 2361 τῶν
813 2310 1269 2366 ἀποκτενόντων
1316 2314 1381 2367 τὸ
1438 2314 1629 2384 σῶμα.
1684 2316 1776 2384 Μὴ

199 2400 306 2469 γὰρ
341 2401 402 2451 ού
456 2401 835 2471 κατεμέτρησε
889 2403 949 2456 τὸ
983 2403 1203 2460 δυνατὸν
1246 2409 1272 2459 6
1309 2407 1466 2476 μόνος
1511 2408 1776 2481 δυνάστης

200 2493 291 2543 καὶ
325 2492 578 2561 δυναμῶν
620 2497 745 2558 τοὺς
796 2496 1189 2566 ἀσθενοῦντας;
1245 2504 1355 2557 Καὶ
1401 2507 1448 2557 οἰ
1499 2507 1777 2577 μάρτυρες

198 2585 449 2651 ἐγγύθεν.
510 2588 601 2656 Μὴ
663 2589 927 2659 γὰρούκ
991 2593 1376 2665 ἐξαιρούμενος
1422 2599 1481 2662 ἐξ
1531 2600 1776 2668 ἀνάγκης

199 2679 321 2740 τοὺς
392 2679 471 2732 ἔτι
537 2681 611 2751 μὴ
667 2683 951 2752 ἰσχύοντας
1005 2690 1071 2757 τῇ
1134 2688 1332 2755 φύσει,
1397 2690 1457 2742 06
1519 2693 1584 2761 τῇ
1641 2709 1775 2761 προ-

199 2771 395 2837 (itast;
445 2774 553 2827 Καὶ
607 2778 640 2828 ό
677 2777 907 2846 μάρτυς
961 2777 1216 2842 Θαδδαῖος
1273 2781 1343 2834 ἐν
1391 2782 1626 2850 οὐρανῷ
1677 2796 1777 2837 .m-

198 2866 364 2930 στός.

265 2960 358 3027 Μὴ
388 2959 451 3030 δὴ
478 2954 592 3025 οῦν,
625 2961 844 3029 ἀδελφοί
865 2980 988 3034 μου,
1013 2964 1365 3035 πτοηθῶμεν,
1391 2968 1527 3038 μηδὲ
1550 2967 1778 3038 ἔμφοϐοι

198 3053 492 3121 γενοίμεθα
530 3057 596 3124 τῇ
636 3055 742 3107 τῶν
786 3058 1105 3127 ἡττημένων
1136 3059 1381 3113 πτώσει·
1435 3062 1513 3123 ὡς
1559 3063 1640 3116 ὃτι
1686 3065 1779 3115 καὶ

197 3146 359 3214 ἡμεῖς
415 3149 513 3216 ούχ
565 3148 864 3218 ὑποίσομεν
916 3150 1015 3213 τὰς
1068 3151 1304 3222 πληγάς.
1359 3154 1590 3223 Οίσομεν
1641 3156 1850 3251 Θεσῦο

196 3235 445 3307 δυνάμει,
507 3240 601 3291 καὶ
655 3240 1049 3312 διαϐησόμεθα,
1109 3243 1214 3298 κᾶν
1259 3244 1390 3316 πῦρ,
1443 3247 1547 3299 κᾶν
1604 3248 1775 3316 ξίφος.

197 3326 328 3390 Θεὸς
361 3329 390 3379 6
420 3328 834 3398 προηγούμενος
858 3332 952 3385 καὶ
983 3335 1462 3405 προσκαλούμενος
1514 3337 1778 3390 εἰσελθεῖν

196 3419 346 3486 ἡμᾶς
385 3420 466 3483 εἰς
503 3420 602 3492 τὴν
629 3423 1051 3494 ἐπηγγελμένην
1081 3428 1214 3496 ἡμῖν
1253 3428 1550 3498 βασιλείαν,
1588 3430 1662 3494 ὡς
1689 3431 1780 3483 τὸν

207 3511 429 3582 Ἰσραὴλ
482 3516 562 3576 εἰς
612 3513 714 3582 τὴν
741 3515 843 3584 γῆν
877 3517 977 3582 τῆς
1006 3518 1360 3586 ἐπαγγελίας.
1414 3522 1526 3573 Οὐκ
1566 3523 1679 3574 ῖστε
1728 3522 1780 3575 τί

196 3604 534 3656 πεπόνθασιν
554 3605 604 3656 οἱ
625 3606 746 3658 τότε
768 3609 1196 3673 ἀναστατοῦντες
1223 3611 1312 3664 τὸν
1336 3611 1482 3678 λαὸν,
1507 3611 1777 3681 λέγοντες⁶

195 3695 270 3746 O6
301 3694 646 3765 δυνησόμεθα
678 3698 926 3768 διαϐῆναι
948 3717 962 3732 ·
1019 3703 1100 3754 ὅτι
1151 3703 1269 3756 ἐκεῖ
1298 3704 1477 3768 πόλεις
1507 3707 1781 3778 τειχήρεις

194 3789 298 3852 ἕως
330 3789 428 3843 τοῦ
458 3790 710 3859 ούρανοῦ,
743 3793 838 3844 καὶ
867 3793 1123 3861 γίγαντες
1168 3796 1225 3850 ὲν
1265 3790 1347 3859 οἷς
1388 3798 1416 3849 6
1459 3797 1638 3852 Ἐνάκ.
1670 3800 1780 3851 Καὶ

191 3880 243 3932 τί
274 3883 338 3936 τὸ
366 3882 595 3950 γεγονός
614 3900 629 3948 ;
648 3884 770 3952 οὐχὶ
796 3885 883 3937 διὰ
906 3886 1063 3939 τοῦτο
1084 3888 1239 3940 αὐτοὶ
1265 3890 1367 3957 μὲν
1390 3893 1774 3963 πυρίκαυστον

191 3974 219 4022 6
251 3971 307 4025 δὲ
343 3974 658 4044 γογγυστὴς
689 3974 818 4039 λαὸς
853 3977 998 4040 ἅπας
1016 3977 1205 4032 ὤλετο·
1231 3974 1305 4035 ὧν
1320 3982 1389 4034 τὰ
1412 3983 1559 4038 κῶλα
1584 3985 1779 4040 ἔπεσεν

192 4063 248 4114 ὲν
280 4067 347 4140 τῇ
377 4065 607 4134 ὲρήμῳ;
656 4066 745 4136 Μή
803 4083 887 4129 τις
918 4067 1160 4132 τοιοῦτος
1201 4072 1513 4143 ἀναστάτης
1541 4091 1553 4103 ·
1591 4076 1663 4145 μή
1696 4093 1781 4140 τις

191 4155 480 4228 ὀλίγωρος·
508 4159 581 4227 μή
608 4174 688 4220 τις
709 4157 982 4223 δύσελπις.
1005 4160 1517 4234 Διαϐησόμεθαοῦν,
1534 4166 1776 4237 ἀδελφοὶ,

189 4245 570 4318 διαϐησόμεθα
607 4250 681 4312 ὡς
705 4250 884 4304 Χαλὲϐ
914 4251 1076 4321 λέγω,
1113 4256 1206 4308 καὶ
1243 4257 1449 4327 Ἰησοῦς
1476 4258 1570 4312 τοῦ
1595 4260 1776 4329 Ναυῆ,

189 4341 236 4391 οἰ
266 4341 366 4408 τῆς
396 4341 736 4408 ἐπαγγελίας
767 4343 1119 4416 κληρονόμοι.
1149 4347 1316 4418 Τείχη
1347 4350 1480 4420 ἡμῖν
1524 4369 1779 4406 κατασει-

193 4430 490 4502 σθήσονται
552 4435 737 4504 νοητὰ,
796 4435 871 4499 ὡς
931 4438 1235 4508 τηνικαῦτα
1287 4441 1355 4493 τὰ
1425 4442 1778 4514 Ἰεριχοὺντια

190 4525 455 4594 σάλπιγγι
494 4526 869 4596 εὐχαριστίας,
901 4530 965 4600 ἢν
991 4526 1122 4603 ᾖσεν
1148 4535 1175 4586 6
1201 4533 1469 4604 μακάριος
1489 4536 1769 4604 Θαδδαῖος,

187 4617 362 4687 ψάλας
392 4620 458 4671 ἐκ
501 4617 748 4687 βαλϐῖδος
776 4622 882 4676 τῶν
921 4622 1096 4676 πόνων
1127 4641 1141 4655 ⁸
1181 4627 1340 4694 Αὕτη
1385 4628 1424 4695 ἠ
1477 4629 1666 4697 ἡμέρα
1697 4630 1775 4699 ἣν

185 4709 486 4780 ἐποίησεν
516 4714 549 4764 ὀ
577 4712 812 4778 Κύριος.
861 4713 1016 4766 Οὕτω
1054 4718 1378 4785 παρακαλῶ,
1419 4718 1592 4784 οὕτως
1623 4723 1775 4775 ἀντι-

185 4799 328 4854 σολῶ
363 4819 378 4833 υ
433 4801 618 4869 ’Υπὲρ
676 4805 934 4872 Χριστοῦ
969 4805 1099 4876 γὰρ.
1150 4811 1306 4878 φησὶ,
1340 4814 1772 4883 πρεσϐεύομεν,

183 4893 263 4960 ὡς
296 4895 408 4950 τοῦ
457 4895 609 4950 Θεοῦ
642 4898 1139 4964 παρακαλοῦντος
1182 4899 1258 4952 δι’
1285 4899 1476 4970 ἡμῶν.
1529 4904 1771 4974 Δεόμεθα

189 4988 262 5060 μὴ
286 4987 678 5059 δειλανδρῆσαι
709 4991 845 5060 πρὸς
882 4992 972 5045 τὸν
1013 4992 1152 5064 ὑπὲρ
1183 4991 1350 5046 αὑτοῦ
1380 4995 1476 5048 καὶ
1502 4996 1598 5050 σὺν
1625 4999 1774 5071 αὐτῷ

188 5084 442 5151 θάνατον,
478 5087 575 5138 ἐὰν
600 5085 716 5157 δὲῃ.
752 5088 894 5158 Πρὸς
921 5087 1126 5152 πάντας
1162 5091 1194 5160 ἡ
1222 5090 1478 5164 ἐπιστολή
1510 5109 1525 5124 ο
1558 5092 1664 5147 κᾶν
1692 5095 1774 5157 είς

185 5179 482 5248 πρόσωπόν
505 5194 624 5241 σου,
653 5178 839 5234 τέκνον
865 5180 1088 5248 ἀγαθόν.
1111 5183 1203 5235 Διὸ
1231 5183 1326 5236 καὶ
1350 5183 1559 5248 πάντας
1595 5187 1774 5240 ἀσπά-

185 5267 372 5339 ζομαι,
409 5271 511 5324 καὶ
559 5271 696 5323 πᾶσι
736 5274 1020 5344 συγχαίρω
1052 5274 1112 5327 ὲν
1152 5277 1267 5338 τοῖς
1298 5275 1610 5347 παθήμασι.
1662 5279 1772 5331 Καὶ

185 5359 264 5424 τίς
295 5362 450 5430 ἄξιος
479 5362 979 5436 ὰνταναπληρῶσαι
1016 5366 1084 5419 τὰ
1121 5367 1473 5438 ὑστερήματα
1521 5369 1629 5423 τῶν
1663 5370 1776 5424 θλί-

185 5451 331 5520 ψεων
365 5453 465 5507 τοῦ
497 5455 733 5524 Χριστοῦ
761 5457 818 5510 ἐν
850 5460 917 5530 τῇ
946 5460 1108 5529 σαρκὶ
1145 5460 1347 5526 αὐτοῦ;
1396 5462 1506 5514 Καὶ
1534 5463 1655 5516 οὐαὶ
1694 5462 1772 5533 τῷ

187 5543 397 5618 ἐξάρνῳ
425 5547 525 5600 καὶ
557 5548 919 5612 ὲκκεκλικότι,
953 5550 1054 5603 κᾶν
1083 5550 1312 5616 θάνατος
1339 5568 1353 5581 ⁸
1390 5554 1524 5606 ὃτιὸ
1556 5555 1775 5617 αἰώνιος

186 5633 415 5703 θάνατος
457 5643 722 5710 ποιμανεῖ
780 5642 964 5709 αὐτὸν,
1025 5643 1134 5696 Καὶ
1196 5647 1777 5714 κατακυριεύσουσιν

257 5753 277 5784 ⁸
315 5756 515 5812 Matth.
551 5773 664 5821 xxx,
730 5757 817 5814 l6.

193 5837 355 5892 cxvn,
387 5829 483 5883 24.
545 5829 589 5883 ll
626 5830 751 5884 Cor.
805 5849 858 5893 v,
891 5831 981 5885 20.
1090 5834 1132 5863 ¹⁰
1184 5832 1394 5887 Coloss.
1433 5849 1470 5897 l,
1502 5834 1591 5888 ‘24.

922 5760 946 5791 ⁸
974 5759 1166 5816 Matth.
1199 5778 1252 5824 x,
1283 5760 1372 5814 28.
1450 5762 1469 5791 '
1514 5761 1628 5815 Pal.
1677 5780 1778 5818 Lxx

1882 5777 1939 5831 tt,
1991 5760 2079 5817 38.
2159 5761 2179 5792 ⁸
2229 5758 2387 5815 Deut.
2421 5772 2494 5823 Ix,
2540 5756 2627 5820 12,
2703 5755 2722 5782 ⁷
2757 5751 2940 5807 .losue.
2979 5745 3169 5812 vl,‘20.

1881 581 2149 636 Nimirum
2196 582 2286 637 ille
2334 580 2705 651 perfectionis,
2776 583 2865 637 hic
2900 582 3182 639 Trinitatis
3224 585 3460 652 speciem

1881 691 2142 731 numerus
2171 684 2524 744 repraesentat
2557 692 2570 739 ;
2599 685 2654 728 ut
2686 675 2767 729 vel
2825 690 2891 729 ex
2933 676 3049 744 ipso
3082 677 3344 746 supplicio
3367 685 3460 731 tuo

1880 767 2046 820 animi
2107 767 2182 819 tui
2227 766 2656 835 magnitudinem
2712 766 2852 821 Deus
2908 769 3176 823 ostendat.
3232 768 3460 839 Sanguis

1882 868 2039 921 tuus,
2085 869 2418 927 unguentum
2451 875 2466 916 :
2501 859 2745 928 reliquiae
2802 868 2908 914 tua:
2940 899 2956 927 ,
3013 861 3460 916 sanctificationis

1882 951 2224 1020 tangentibus
2269 933 2604 1020 largitrices.

1949 1039 2058 1093 Oro
2111 1051 2184 1105 te,
2240 1050 2427 1096 sancte
2506 1041 2598 1096 Dei
2659 1043 2954 1110 Tbaddaee,
3006 1043 3279 1100 interccde
3357 1059 3458 1114 pro

1880 1145 1966 1183 me
2023 1130 2242 1200 indigno
2299 1130 2503 1185 famulo
2564 1141 2693 1197 tuo;
2758 1149 2936 1203 neque
2991 1136 3136 1189 enim
3185 1135 3358 1189 audeo
3405 1145 3458 1190 te

1887 1219 2054 1273 ﬁlium
2104 1222 2400 1291 appellare.
2453 1223 2678 1286 Videtis,
2730 1224 2942 1290 fratres,
3000 1226 3130 1294 quid
3177 1226 3456 1290 acciderit,

1879 1311 2100 1379 qualem
2174 1313 2531 1379 thesaurum,
2586 1325 2641 1369 et
2695 1316 2853 1384 quale
2910 1317 3211 1370 membrum
3282 1318 3458 1386 possio

1877 1403 2126 1457 deamus.
2199 1402 2412 1458 Sufﬁcit
2474 1406 2538 1458 ad
2593 1405 2686 1458 Dei
2761 1406 3031 1475 gloriam,
3093 1407 3158 1461 ad
3218 1415 3460 1461 ostenta-

1881 1495 2085 1548 tionem
2145 1506 2410 1560 nostram,
2478 1499 2542 1551 ad
2600 1498 2854 1553 Ecclesiae
2922 1500 3088 1553 totius
3145 1501 3458 1555 exsultatio-

1877 1602 2001 1641 nem
2055 1586 2260 1641 Christi
2332 1599 2538 1660 martyr
2620 1590 2949 1645 Thaddaeus.
3029 1591 3168 1657 Quid
3215 1594 3460 1648 caetera?

1878 1678 2067 1741 Erunt,
2112 1679 2306 1747 inquit,
2339 1681 2496 1747 primi
2528 1681 2813 1746 novissimi,
2847 1692 2896 1735 et
2917 1684 3181 1736 novissimi
3221 1685 3380 1752 primi
3415 1687 3457 1738 ³.

1880 1768 1995 1822 lloc
2023 1769 2088 1822 de
2117 1767 2322 1822 Jacobo
2359 1771 2589 1824 dixerim
2623 1779 2677 1825 et
2718 1772 2961 1826 Luciano
3001 1789 3014 1824 :
3047 1788 3280 1842 quorum
3325 1775 3464 1828 alter

1883 1863 2099 1933 quidem
2124 1863 2444 1928 decertavit,
2478 1873 2532 1917 et
2581 1864 2790 1918 utinam
2851 1880 3023 1935 usque
3053 1866 3121 1920 ad
3163 1865 3325 1919 finem
3365 1866 3464 1920 de—

1883 1963 2166 2020 certasset,
2223 1971 2346 2010 cum
2434 1955 2712 2010 Dorotheo
2774 1965 2828 2011 et
2897 1957 3258 2013 Bessarione!
3330 1959 3466 2014 alter

1882 2057 2106 2116 propter
2147 2057 2369 2117 peccata
2446 2063 2568 2102 mea
2637 2049 2978 2120 naufragium
3027 2051 3156 2106 fecit
3205 2066 3330 2105 cum
3379 2052 3464 2105 sui

1883 2140 2173 2194 similibus.
2205 2140 2540 2210 Oquomodo
2582 2140 2900 2195 ceciderunt
2948 2143 3000 2196 in
3072 2143 3254 2197 medio
3300 2143 3466 2198 lumi-

1882 2249 2014 2286 num
2045 2233 2291 2287 infelices
2324 2234 2336 2285 ι
2372 2233 2536 2288 Obliti
2570 2233 2715 2287 illius
2753 2234 2844 2303 qui
2877 2233 3050 2290 dixit:
3087 2234 3262 2288 Nolite
3284 2236 3466 2288 timere

1882 2341 1967 2377 (os
1989 2326 2077 2394 qui
2101 2325 2341 2378 occidunt
2365 2342 2551 2393 corpus
2567 2324 2608 2378 ⁸.
2642 2327 2837 2379 Annon
2858 2325 3006 2379 enim
3041 2325 3184 2380 vires
3210 2335 3265 2380 et
3294 2324 3465 2380 facul-

1884 2425 2045 2471 tatem
2068 2417 2348 2471 dimensus
2376 2425 2480 2482 est,
2503 2418 2593 2483 qui
2617 2417 2764 2471 solus
2789 2426 2985 2486 potens
3014 2426 3117 2482 est,
3145 2426 3201 2472 et
3224 2418 3468 2472 inﬁrmos

1882 2508 2244 2563 confortans?
2289 2507 2360 2561 At
2431 2517 2599 2563 testes
2638 2510 2839 2563 adsunt
2880 2509 2948 2564 de
3004 2510 3327 2580 propinquo.
3359 2510 3469 2564 An-

1882 2614 1992 2653 n0n
2026 2615 2120 2654 eos
2143 2600 2307 2669 eripit
2350 2600 2418 2654 de
2467 2600 2818 2655 tribulatione
2865 2601 2958 2669 qui
3024 2601 3167 2656 vires
3225 2603 3467 2656 nondum

1883 2691 2084 2746 habent
2108 2701 2299 2746 natura
2352 2707 2460 2745 non
2492 2693 2774 2748 voluntate
2805 2693 2827 2746 ?
2857 2695 2920 2746 At
2960 2694 3106 2747 testis
3144 2693 3468 2749 Tltaddaeus

1883 2786 1939 2838 in
1960 2786 2087 2840 calo
2123 2786 2297 2855 ﬁdelis
2320 2787 2342 2817 ⁸
2373 2824 2389 2840 .

1954 2965 2032 3020 Ne
2062 2966 2226 3036 igitur
2257 2974 2586 3028 terreamur,
2629 2964 2849 3028 fratres,
2898 2978 3077 3034 neque
3129 2964 3312 3019 animo
3341 2980 3468 3020 con-

1885 3067 2196 3111 sternemur
2245 3058 2315 3111 ob
2345 3057 2555 3111 cladem
2589 3071 2777 3109 eorum
2809 3056 2902 3124 qui
2937 3055 3074 3124 lapsi
3132 3064 3281 3118 sunt,
3313 3057 3466 3125 quasi

1885 3150 2068 3220 plagas
2100 3159 2155 3203 et
2179 3149 2284 3219 ipsi
2314 3149 2560 3218 perferre
2614 3164 2724 3202 non
2772 3148 3066 3217 possimus.
3123 3147 3467 3204 Perferemus

1881 3241 1975 3296 Dei
2016 3242 2238 3305 virtute,
2279 3249 2333 3294 et
2380 3241 2756 3294 transiliemus
2811 3239 3062 3308 quamvis
3123 3255 3222 3308 per
3257 3240 3462 3310 ignem,

1880 3334 2128 3401 quamvis
2157 3348 2254 3402 per
2285 3332 2545 3402 gladium.
2591 3331 2736 3386 Deus
2766 3341 2850 3385 est
2879 3331 2971 3400 qui
3030 3346 3133 3384 nos
3195 3331 3368 3396 ducit,
3409 3340 3466 3385 et

1881 3427 2072 3481 inritat
2102 3435 2163 3479 ut
2192 3426 2525 3496 promissum
2580 3425 2736 3479 nobis
2789 3439 3014 3494 regnum
3058 3424 3350 3490 intremus,
3389 3425 3462 3479 si-

1882 3518 2166 3574 cutlsrael
2204 3527 2405 3572 terram
2467 3517 2864 3586 promissionis.
2914 3515 3147 3569 Nescitis
3205 3517 3335 3585 quid
3400 3517 3465 3571 iis

1882 3612 2219 3682 contigerit,
2266 3610 2357 3680 qui
2420 3609 2679 3680 populum
2749 3617 2880 3662 tunc
2932 3607 3342 3672 subvertebant,
3379 3608 3464 3662 di-

1884 3714 2075 3760 centes
2105 3721 2117 3756 :
2146 3703 2268 3757 Non
2331 3702 2635 3773 poterimus
2678 3712 3001 3770 penetrare,
3035 3700 3290 3768 quoniam
3353 3702 3466 3756 illic

1882 3795 2043 3848 urbes
2073 3808 2243 3862 usque
2291 3792 2347 3845 in
2392 3792 2595 3846 caelum
2620 3799 2861 3846 muratas
2902 3790 3140 3844 vidimus
3160 3833 3174 3855 ,
3201 3801 3256 3844 et
3283 3791 3465 3862 gigan-

1882 3895 1984 3946 tes,
2026 3885 2170 3939 inter
2187 3899 2328 3953 quos
2361 3884 2513 3938 Enac
2535 3883 2555 3913 °
2582 3920 2596 3935 .
2633 3881 2776 3947 Quid
2826 3881 3025 3936 deinde
3055 3891 3305 3936 secutum
3342 3884 3466 3937 est?

1879 3973 2071 4030 Nonne
2101 3975 2171 4029 ob
2210 3989 2328 4029 eam
2360 3989 2582 4029 causam
2606 3974 2728 4044 igne
2755 3973 3005 4028 succensi
3035 3980 3183 4038 sunt,
3214 3981 3270 4028 et
3315 3991 3467 4028 mur-

1881 4078 2126 4124 murator
2156 4068 2392 4138 populus
2423 4066 2717 4120 universus
2748 4065 2973 4128 interiit,
3005 4075 3061 4118 et
3097 4066 3342 4120 membra
3377 4083 3469 4121 eo-

1881 4178 2004 4217 rum
2031 4161 2346 4216 ceciderunt
2379 4161 2434 4213 in
2461 4158 2758 4214 solitudine
2783 4156 2806 4209 ί
2853 4156 3044 4210 Nullus
3079 4157 3149 4211 sit
3175 4157 3467 4225 huiusmo-

1880 4256 1936 4311 di
1981 4256 2355 4325 perturbator,
2410 4253 2593 4306 nullus
2641 4259 3006 4320 contemptor,
3064 4249 3246 4303 nullus
3273 4251 3471 4320 despe-

1881 4347 2182 4404 rabundus.
2210 4345 2700 4418 Transgrediemur
2714 4344 2944 4398 omnino
2974 4385 2987 4409 ,
3013 4341 3235 4407 fratres,
3273 4353 3459 4398 trans-

1881 4440 2211 4512 grediemur,
2272 4439 2411 4494 sicut
2465 4437 2651 4502 Caleb,
2715 4437 2957 4506 inquam,
3017 4443 3072 4489 et
3113 4433 3274 4489 Jesus
3327 4435 3469 4490 filius

1806 4527 2045 4600 “Nave,
2080 4534 2455 4605 promissionis
2519 4533 2784 4587 haercdes.
2853 4530 3124 4586 Corruent
3175 4539 3302 4586 ante
3363 4547 3466 4587 nos

1878 4628 2188 4698 spirituales
2222 4625 2384 4690 muri,
2431 4625 2573 4679 sicut
2629 4633 2743 4678 tum
2789 4620 3162 4676 Jerichuntini
3219 4621 3284 4674 ad
3339 4638 3465 4693 gra~

1880 4717 2090 4774 tiarum‘
2144 4719 2375 4775 actionis
2428 4715 2763 4772 buccinam"
2795 4754 2811 4780 ,
2865 4729 2970 4784 qua
3025 4712 3225 4768 cecinit
3276 4713 3467 4769 beatus

1880 4812 2186 4867 'l‘haddaeus
2214 4827 2280 4865 ex
2307 4811 2425 4879 ipsa
2472 4808 2716 4862 laborum
2770 4815 2915 4859 meta
2947 4819 3245 4873 personans
3291 4822 3303 4857 :
3343 4804 3466 4859 Hrec

1880 4906 1990 4958 dies
2021 4920 2180 4974 quam
2211 4903 2330 4974 fecit
2362 4901 2616 4954 Dominus
2641 4899 2688 4952 ⁸.
2747 4897 2838 4952 Sic
2868 4912 2964 4951 oro
2990 4938 3004 4962 ,
3041 4897 3120 4950 sic
3185 4896 3460 4950 obtestor:

1880 4998 1985 5052 Pro
2013 4996 2221 5051 Christo
2247 4995 2419 5058 enim,
2462 4993 2559 5055 ait,
2593 4991 2857 5061 legatione
2889 4989 3180 5060 fungimur,
3208 4998 3464 5057 tanquam

1881 5087 1986 5141 Deo
2009 5087 2314 5140 exhortante
2342 5101 2433 5152 per
2453 5098 2544 5136 nos
2579 5084 2599 5112 ⁹
2632 5120 2647 5134 .
2684 5079 3055 5136 Obsecramus
3097 5092 3169 5131 ne
3204 5077 3460 5131 reformi-

1877 5177 2018 5232 detis
2052 5184 2285 5230 mortem
2336 5174 2531 5243 ipsam,
2574 5171 2620 5226 si
2676 5185 2816 5242 opus
2840 5169 2932 5236 sit,
2973 5183 3072 5239 pro
3123 5167 3214 5222 illo
3246 5177 3300 5222 et
3337 5183 3461 5222 cum

1875 5270 1969 5325 illo
2000 5269 2303 5324 sustinere.
2336 5267 2413 5321 Ad
2469 5280 2659 5320 omnes
2763 5262 2881 5318 haec
2932 5260 3183 5331 epistola,
3249 5261 3462 5314 tametsi

1877 5364 1946 5419 ad
2010 5372 2064 5418 te
2133 5362 2468 5426 inscribitur,
2519 5361 2592 5414 fili
2640 5358 2865 5430 optime.
2931 5355 3226 5427 Propterea
3272 5369 3464 5409 omnes

1881 5459 2057 5513 saluto
2107 5467 2164 5512 et
2195 5455 2453 5510 omnibus
2484 5451 2727 5522 gratulor
2786 5450 2842 5504 in
2895 5448 3170 5503 a'rumnis.
3223 5445 3290 5500 Et
3339 5448 3464 5517 quis

1882 5553 2080 5622 dignus
2144 5550 2246 5604 erit
2299 5548 2597 5616 adimplere
2645 5560 2705 5598 ea
2754 5559 2873 5612 qua:
2900 5543 3098 5596 desunt
3147 5541 3461 5609 passionum

1883 5643 2086 5698 Christi
2113 5643 2165 5695 in
2192 5655 2354 5695 carne
2387 5654 2482 5693 sua
2519 5638 2560 5668 ¹⁰
2591 5638 2612 5689 ?
2642 5634 2707 5690 Et
2731 5651 2810 5689 va:
2844 5632 3062 5702 neganti
3085 5640 3179 5684 aut
3212 5643 3463 5683 succum-

3265 5747 3284 5778 ⁸
3313 5741 3456 5797 Psal.
