4008 6318
602 330 742 399 1127

1796 352 1856 414 S.
1886 354 2283 417 THEODORI
2325 358 2678 420 STUDITAE

3754 367 3882 430 1125

583 448 757 513 bcntt,
819 447 949 505 licet.
1005 466 1155 509 mors
1214 455 1574 526 impendeat:
1610 460 1737 529 quia
1792 478 1941 518 mors
1988 476 2178 523 aeterna

2293 474 2485 525 αὐτοῦ
2538 476 2590 526 οι
2640 473 2835 538 εὐθεῖς
2883 474 2949 527 τὸ
2980 475 3147 541 πρωΐ.
3182 475 3383 546 Εἰρήνη
3421 477 3550 547 ὑμῖν
3601 479 3878 548 Χριστοῦ,

583 538 844 608 depascet
889 558 1013 597 eum
1050 559 1065 597 :
1102 554 1151 599 et
1191 548 1605 605 dominabuntur
1634 553 1749 622 ejus
1784 557 1911 609 recti
1946 558 2001 610 in
2052 576 2171 612 ma-

587 632 825 685 tutino“
883 673 897 688 .
954 634 1064 690 Pax
1129 639 1287 694 vobis
1331 640 1559 707 Christi,
1620 646 1807 711 robur,
1862 647 2126 708 fortitudo
2163 689 2179 713 ,

583 725 889 780 consolatio
910 742 1007 795 pro
1037 728 1299 786 fratribus
1350 734 1644 801 universis,
1684 747 1739 791 et
1763 755 1860 808 pro
1884 756 1971 795 me
2011 757 2178 796 oran-

584 815 757 879 tibus,
815 829 873 872 ut
902 819 968 875 ad
1001 837 1124 890 quae
1201 824 1419 886 hortor.
1478 826 1596 897 ipse
1622 829 1875 900 impleam
1923 833 2014 887 Dei
2070 834 2179 888 mi-

583 907 912 964 sericordia.
994 911 1247 969 Salutant
1310 932 1409 971 vos
1494 918 1694 975 fratres
1777 923 1871 991 qui
1960 940 2177 980 mecum

584 1008 737 1055 sunt.

867 1094 1030 1152 Vl.—
1058 1098 1374 1172 Presbytero
1404 1105 1494 1173 qui
1522 1105 1929 1177 subscripserat.

2274 564 2475 632 κράτος
2501 604 2514 628 ,
2552 566 2705 633 ἰσχῦς
2746 606 2762 631 ,
2796 564 3146 636 παράκλησις
3174 583 3187 596 ·
3231 570 3705 640 προσευχομένοις
3758 576 3883 644 περὶ

2283 656 2501 727 πάντων
2536 656 2799 726 ἀδελφῶν,
2833 657 2929 710 καὶ
2986 658 3126 730 ὑπὲρ
3163 659 3299 729 ἐμοῦ
3324 698 3343 726 ,
3411 662 3499 715 ἵνα
3552 665 3879 735 πληρωτὴς,

2280 740 2359 801 ὧν
2384 748 2647 813 νουθετῶ,
2670 748 2812 802 ἐλέει
2859 748 2996 802 Θεοῦ
3036 749 3212 820 φανῶ.
3241 751 3306 806 υῐ
3346 752 3448 808 σὺν
3487 754 3619 824 ἐμοὶ
3661 755 3881 825 ἀδελφοὶ

2281 841 2637 906 ἀσπάζονται.

2500 1112 2593 1181 ς’.
2623 1141 2690 1153 -
2718 1112 3110 1183 Πωσϐυτέρφ
3139 1114 3588 1185 ὑπογράψαντα
3686 1115 3835 1189 [ρμδ
3842 1116 3878 1185 .1

1919 1204 1995 1255 De
2020 1208 2203 1256 sanctis
2230 1206 2546 1271 imaginibus.

654 1296 795 1363 Quid
833 1312 992 1368 passa
1042 1301 1350 1357 reverentia
1396 1310 1490 1357 tua
1520 1312 1606 1359 est
1642 1304 1697 1359 in
1754 1306 1862 1362 hoc
1930 1310 2181 1365 subscri-

584 1389 791 1459 ptionis
818 1391 1103 1463 naufragio
1126 1393 1219 1447 ?et
1243 1404 1583 1466 quant0pere
1637 1396 1849 1467 lapsum
1873 1399 2183 1458 deflet-isti?

586 1481 801 1553 Lapsus
832 1485 980 1541 enim
1028 1501 1220 1542 revera
1250 1496 1335 1543 est
1390 1499 1593 1545 sanetae
1656 1491 1859 1548 Christi
1927 1495 2179 1567 imaginis

586 1577 835 1639 violatio.
874 1579 961 1634 vel
1001 1596 1166 1635 manu
1199 1591 1435 1636 tantum.
1476 1583 1557 1637 Ex
1578 1584 1763 1640 libello
1794 1588 2173 1654 tuointcllexi,

586 1684 622 1723 o
654 1669 738 1724 vir
767 1667 859 1724 Dei
888 1712 904 1736 ,
948 1679 1006 1725 et
1066 1674 1482 1729 commiseratus
1518 1683 1575 1730 et
1631 1689 1969 1748 conquestus
2014 1697 2136 1735 sum
2158 1725 2172 1750 ,

584 1768 642 1815 et
687 1761 862 1817 vicem
890 1771 1040 1817 tuam
1090 1764 1261 1829 dolui,
1296 1766 1684 1823 miserabiliter
1709 1771 1947 1838 ejulans,
2013 1783 2070 1827 et
2119 1783 2178 1829 ut

588 1857 865 1912 hominem
900 1858 1059 1915 decet
1089 1861 1328 1917 fraterne
1375 1873 1669 1918 amantem.
1730 1863 1944 1918 Etenim
1998 1882 2178 1920 sumus

585 1948 802 2000 invicem
827 1949 1059 2003 membra
1084 1950 1147 2006 “.
1164 1949 1229 2004 Et
1252 1968 1265 2005 :
1290 1950 1407 2005 Sive
1427 1954 1632 2021 patitur
1658 1970 1821 2007 unum
1852 1956 2171 2023 membrum,

586 2045 815 2111 compati
848 2043 1033 2099 debent
1072 2046 1253 2099 omnia
1282 2048 1517 2101 membra
1549 2052 1678 2119 (vos
1733 2060 1819 2105 est
1866 2051 2131 2120 Apostoli)
2160 2094 2174 2116 ,

584 2134 691 2188 sive
723 2134 985 2205 gloriatur
1037 2153 1198 2191 unum
1249 2139 1558 2204 membrum,
1595 2142 1852 2212 gaudium
1893 2144 1963 2196 ad
1996 2146 2176 2198 omnia

587 2221 864 2288 pertinet“
892 2264 907 2277 .
963 2220 1072 2277 Sed
1136 2238 1171 2277 ο
1220 2224 1587 2279 calamitatem
1624 2228 1637 2280 l
1680 2227 1897 2296 Spoliati
1939 2244 2131 2283 sumus
2160 2272 2173 2295 ,

587 2312 781 2375 territi,
803 2327 1003 2382 pavore
1042 2314 1300 2384 perculsi,
1340 2316 1433 2370 ubi
1480 2317 1629 2371 nulla
1687 2319 1908 2387 pavoris
1934 2360 1948 2383 ,
2028 2320 2176 2373 nulla

586 2416 750 2455 causa
785 2402 1015 2457 terroris
1044 2402 1150 2457 fuit
1178 2421 1190 2457 :
1222 2404 1494 2474 siquidem
1546 2406 1810 2477 legimus:
1843 2409 1921 2462 Nc
1976 2420 2179 2462 terrea-

588 2494 723 2547 mini
754 2496 821 2546 ab
851 2495 930 2546 his
982 2496 1074 2559 qui
1127 2496 1373 2549 occidunt
1429 2513 1657 2565 corpus,
1712 2500 1953 2553 animam
1999 2513 2177 2555 autent

591 2601 695 2638 non
721 2594 933 2653 possunt
969 2585 1159 2639 [cedere
1188 2587 1253 2640 ⁸⁸.
1288 2585 1566 2653 Quorsum
1588 2605 1674 2644 me
1707 2590 1891 2660 igitur,
1923 2593 2013 2660 qui
2058 2606 2177 2645 sum

586 2675 654 2729 ad
681 2674 885 2729 nullam
912 2690 1025 2729 rem
1057 2674 1231 2742 utilis,
1279 2692 1534 2732 sermone
1564 2680 1876 2749 compellas,
1907 2697 1939 2735 ο
1962 2681 2177 2737 amice?

588 2766 720 2831 Quae
738 2767 871 2821 mihi
901 2766 1155 2822 medendi
1180 2768 1260 2823 vis
1284 2778 1526 2832 est,cum
1563 2771 1662 2824 sim
1695 2787 1726 2825 a
1746 2773 1983 2841 peccatis
2013 2788 2175 2843 aeger.

592 2872 691 2911 nec
741 2871 809 2911 ex
883 2873 1072 2912 eorum
1129 2875 1360 2915 numero
1411 2861 1609 2930 quibus
1656 2863 1841 2917 talium
1887 2864 2175 2919 vulnerum

591 2949 911 3005 concredita
939 2952 1150 3005 curatio
1177 2953 1248 3007 sit
1277 2953 1301 3007 ?
1327 2952 1443 3007 Non
1471 2956 1616 3009 enim
1646 2954 1790 3010 Deus
1843 2957 2179 3013 confusionis
2207 2994 2246 3051 ε

590 3051 675 3097 est
701 3059 715 3096 :
743 3058 864 3112 quae
888 3044 1236 3115 presbyteros
1255 3044 1618 3100 attinentsive
1636 3048 1969 3108 sacerdotes,
1988 3064 2177 3103 cmen-

589 3134 751 3188 damli
781 3135 871 3204 jus
903 3150 967 3188 ac
998 3137 1225 3190 sanandi
1256 3138 1528 3207 episcOpis
1554 3139 1828 3193 attribuit.
1860 3140 1998 3206 Quid
2029 3159 2057 3195 a
2089 3159 2176 3195 mo.

592 3240 655 3278 ea
687 3226 865 3295 poscis
905 3227 1105 3296 quibus
1130 3243 1249 3282 sum
1287 3228 1504 3298 impar?
1531 3228 1648 3282 Non
1715 3230 1860 3285 licet.
1908 3233 1977 3287 At
2035 3233 2179 3287 istud

594 3316 812 3372 interim
848 3328 955 3372 tum
989 3319 1151 3374 dandi
1173 3321 1385 3375 consilii
1434 3336 1616 3385 causa,
1652 3333 1761 3376 tum
1791 3324 2181 3380 benevolentia:

594 3408 982 3477 significanda,
1027 3426 1260 3483 suggero
1284 3428 1349 3467 ac
1391 3413 1535 3474 dico.
1567 3429 1635 3469 ne
1672 3406 2023 3469 te'dimittam
2062 3432 2180 3470 orn-

595 3502 728 3556 nino
757 3517 788 3555 a
845 3518 1108 3572 responso
1138 3520 1391 3558 vacuum.
1426 3503 1609 3559 Bonus
1639 3516 1723 3560 est
1756 3508 1899 3561 Deus
1929 3509 2018 3577 qui
2072 3525 2178 3562 non

596 3591 712 3645 vult
743 3601 972 3646 mortem
1007 3593 1263 3658 hominis,
1312 3595 1405 3647 sed
1456 3604 1511 3648 ut
1550 3596 1720 3665 magis
1750 3608 2098 3652 convertatur
2127 3612 2180 3652 et

595 3682 743 3737 vivat
769 3684 814 3715 ¹⁸
902 3682 956 3736 Si
986 3684 1149 3754 igitur
1186 3699 1250 3738 ex
1277 3685 1463 3739 animo
1523 3688 1843 3756 pmnitentia
1875 3698 1978 3755 est,
2012 3692 2180 3745 sacris

601 3789 819 3843 operam
853 3774 983 3829 dare
1007 3776 1231 3830 omnino
1280 3778 1472 3833 desine
1502 3796 1514 3833 :
1545 3780 1648 3835 nisi
1680 3780 1820 3835 forte
1868 3784 2178 3838 necessaria

600 3880 763 3920 causa
800 3867 1221 3930 interveniente,
1267 3880 1454 3925 sancta
1501 3875 1779 3929 nonnullis
1828 3874 2177 3945 impertieris.

599 3957 685 4011 Fit
729 3959 874 4011 enim
905 3959 1177 4013 interdum
1210 3976 1273 4015 ex
1308 3965 1636 4019 necessitate
1661 3981 1723 4019 ac
1754 3965 2092 4032 (lillieultate,
2119 3977 2180 4021 ut

600 4064 629 4100 a
659 4047 837 4117 seipso
865 4048 987 4117 quis
1003 4049 1233 4120 accipiat
1258 4060 1475 4121 propter
1504 4052 1752 4108 haeresim
1774 4056 2176 4113 declinandam.

599 4138 733 4203 Quae
759 4141 920 4209 igitur
954 4143 1275 4210 praestitisti,
1307 4144 1420 4199 sive
1445 4160 1474 4197 a
1506 4153 1558 4198 te
1608 4145 1745 4214 ipso,
1778 4147 1891 4202 sive
1925 4148 2181 4207 inductus

600 4229 668 4282 ab
690 4229 816 4292 alio,
849 4232 1062 4302 egregia
1111 4241 1240 4287 sunt
1268 4241 1325 4287 et
1354 4233 1513 4306 digna
1558 4236 1715 4291 laude
1748 4239 1815 4292 ad
1852 4238 2178 4294 ﬂectendum

2361 1306 2488 1366 Οῗον
2521 1310 2792 1364 πέπονθεν
2826 1311 2860 1382 ἡ
2888 1310 3139 1382 τιμιότης
3165 1328 3258 1365 σου
3297 1310 3355 1364 ὲν
3382 1308 3460 1381 τῷ
3501 1310 3760 1382 ναυαγίῳ
3785 1311 3879 1379 τῆς

2289 1406 2653 1476 ὐπογραφῆςς
2719 1404 2817 1457 καὶ
2868 1403 3064 1456 ὁπόσον
3120 1402 3453 1456 ἀπεκλαῦσω
3510 1402 3575 1455 τὺ
3641 1403 3877 1473 πτῶμας

2290 1496 2497 1567 Πτῶμα
2528 1495 2637 1565 γάρ
2662 1495 2809 1547 ἐστιν
2832 1493 2909 1556 ὡς
2945 1492 3160 1562 ἀληθῶς
3188 1495 3221 1561 ἡ
3252 1494 3392 1548 κατὰ
3416 1496 3515 1564 τῆς
3541 1492 3714 1561 ἁγίας
3742 1493 3879 1545 εἰκό-

2286 1605 2376 1650 νος
2433 1584 2528 1640 τοῦ
2564 1582 2801 1655 Χριστοῦ
2856 1583 3099 1648 ἐκτασις,
3150 1584 3245 1637 καὶ
3289 1584 3450 1653 μόνον
3507 1583 3613 1654 τῆς
3672 1584 3874 1653 χειρός.

2282 1678 2495 1746 Ἐγνων
2528 1673 2617 1731 διὰ
2636 1675 2730 1730 τοῦ
2760 1678 3047 1730 πιττακίου
3082 1694 3198 1739 σου,
3226 1669 3270 1729 ὦ
3295 1675 3552 1746 ἄνθρωπε
3579 1676 3682 1728 τοῦ
3719 1674 3876 1739 Θεοῦ,

2279 1771 2375 1824 καί¹
2413 1769 2797 1841 συμπέπονθα,
2827 1768 2920 1823 καὶ
2946 1769 3361 1833 συνεποτνίασα,
3400 1768 3497 1822 καὶ
3529 1768 3875 1838 συνήλγησα,

2282 1861 2503 1932 σχέτλια
2558 1859 2954 1929 φθεγξάμενος,
3016 1859 3111 1911 καὶ
3169 1855 3257 1911 οἷα
3307 1857 3453 1920 εἰκὸς
3507 1856 3755 1928 ἁρμόζει
3808 1858 3879 1925 τῷ

2280 1954 2617 2023 φιλαδελφως
2645 1952 2843 2022 ἔχοντι.
2869 1953 2977 2005 Καὶ
3009 1951 3120 2020 γὰρ
3145 1951 3300 2020 μέλη
3334 1950 3629 2015 ἀλλήλων
3665 1949 3876 2019 ἐσμέν.

2281 2045 2390 2100 Καί
2416 2061 2430 2074 ο
2467 2044 2601 2098 Εἴτε
2631 2044 2852 2111 πάσχει
2880 2040 2951 2097 ἓν
2969 2042 3176 2112 μέλος,
3204 2039 3600 2110 συμπάσχειν
3643 2042 3879 2110 ὀφείλει

2280 2138 2479 2190 πάντα
2533 2134 2607 2187 τὰ
2636 2134 2822 2203 μέλη·
2876 2133 3047 2204 (φωνή
3104 2131 3253 2185 ἐστιν
3304 2131 3697 2200 ἀποστολικὴ)·
3744 2130 3879 2185 Εἴτε·

2280 2226 2584 2303 δοξάζεται
2634 2225 2704 2279 ἐν
2748 2226 2958 2294 μέλος,
3004 2226 3041 2291 ἡ
3089 2223 3243 2293 χαρὰ
3273 2222 3369 2275 ἐπὶ
3403 2220 3621 2276 πᾶσιν.
3666 2221 3812 2274 Ἀλλ’
3838 2222 3879 2272 ὦ

2277 2323 2375 2392 τῆς
2426 2319 2728 2389 ὲπηρείαςί
2760 2316 3130 2387 ὲσυλήθημεν,
3181 2313 3554 2383 ὲπτοήθημεν,
3587 2313 3877 2383 ἐφοϐήθη-

2284 2430 2404 2483 μεν,
2460 2413 2519 2464 ὲν
2559 2406 2642 2474 οἷς
2686 2410 2747 2463 οὐ
2795 2408 3082 2479 φοϐητέον,
3112 2407 3221 2460 οὐδ’
3251 2400 3317 2459 αὖ
3353 2406 3620 2475 πτοητέον
3648 2421 3663 2433 ·
3722 2406 3875 2474 εἴπερ

2280 2500 2731 2572 ἀναγινώσκομεν
2768 2501 2851 2566 τὸ,
2882 2502 2978 2567 Μὴ
3032 2498 3334 2569 φοϐηθῆτε
3374 2497 3493 2551 ἀπὸ
3549 2496 3676 2549 τῶν
3727 2498 3873 2551 ἀπο-

2280 2596 2614 2649 κτενόντων
2634 2594 2699 2646 τὸ
2728 2592 2921 2660 σῶμα,
2944 2591 3057 2657 τὴν
3079 2588 3147 2641 δὲ
3172 2588 3384 2656 ψυχὴν
3401 2588 3485 2655 μὴ
3514 2588 3877 2656 δυναμένων

2279 2687 2568 2741 λαϐέσθαι
2594 2682 2656 2758 μ.
2678 2680 3019 2754 β).α6ἐσθαι].
3039 2681 3102 2732 ἰἰ
3125 2676 3221 2733 οῦν
3252 2679 3387 2751 πρός
3416 2696 3481 2747 με
3508 2679 3604 2732 τὸν
3632 2681 3871 2749 ἀχρεῖον,

2280 2775 2325 2833 ὦ
2356 2779 2502 2847 φίλε,
2536 2777 2843 2847 ἀνήνεγκας
2877 2773 2967 2827 τὸν
2992 2772 3147 2840 λόγον
3173 2789 3186 2836 ;
3222 2772 3317 2831 Τίς
3338 2769 3447 2838 ἐγὼ
3465 2769 3607 2840 πρὸς
3631 2772 3875 2839 ἰατρείαν

2279 2875 2307 2925 ὁ
2368 2870 2541 2925 νοσῶν
2598 2871 2657 2922 ἐν
2717 2866 3051 2937 ἁμαρτίαιςο
3111 2866 3204 2918 καὶ
3257 2864 3317 2917 οῦ
3374 2863 3483 2917 τῶν
3523 2864 3594 2916 τὰ
3644 2864 3875 2916 τοιαῦτα

2284 2961 2732 3032 πεπιστευμένων
2768 2958 2948 3013 ἰᾶσθαι
2982 2956 3403 3027 συντρίμματας
3450 2956 3605 3008 Ἐπεὶ
3640 2954 3717 3025 μὴ
3747 2957 3871 3008 ἀτα-

2289 3056 2407 3123 ξίας
2438 3057 2466 3107 ὁ
2499 3053 2632 3117 Θεὸς
2667 3069 2680 3082 ’
2708 3053 2775 3106 τὰ
2804 3051 2912 3103 τῶν
2967 3048 3374 3119 πρεσϐυτέρων,
3425 3047 3597 3116 ἣγουν
3656 3046 3872 3116 ἱερέων,

2288 3149 2607 3209 ἐπισκόποις
2657 3147 2956 3214 ἀπένειμεν
3009 3140 3343 3212 ἐπανορθοῦν
3373 3141 3469 3194 καὶ
3503 3140 3717 3192 ἰᾶσθαι.
3756 3139 3875 3199 ηὼς

2289 3240 2418 3307 παρ’
2453 3237 2587 3307 ἐμοῦ
2618 3233 2933 3305 ἑπιζητοίης
2986 3233 3054 3287 τὰ
3100 3233 3240 3302 ὑπὲρ
3280 3231 3417 3300 sua;
3462 3232 3579 3282 Οὐκ
3614 3232 3871 3300 ἐγχωρεῖ.

2288 3330 2459 3383 Τοῦτο
2477 3329 2532 3382 δὲ
2559 3345 2623 3380 συ
2634 3325 3037 3396 μόουλευτικῶς
3062 3325 3160 3377 καὶ
3189 3322 3549 3392 ἁγαπητικῶς
3570 3323 3874 3391 {mo-cii)an

2288 3426 2380 3479 καὶ
2411 3425 2555 3491 λέγω
2588 3438 2601 3451 ·
2628 3421 2715 3473 ἵνα
2745 3420 2819 3490 μή
2862 3435 2919 3470 σε
2957 3417 3333 3486 ,ἀναπόκριτον
3367 3415 3515 3466 ἐάσω
3560 3414 3768 3483 πάντη.
3822 3414 3874 3464 'tl

2286 3515 2419 3577 (θεὸς
2452 3510 2655 3580 ἀγαθός
2688 3512 2837 3563 ἐστιν
2868 3508 2928 3561 οῦ
2961 3505 3130 3559 θέλων
3155 3506 3246 3557 τὸν
3278 3504 3506 3557 θάνατον
3536 3503 3635 3555 τοῦ
3668 3503 3877 3571 ducor!»

2289 3625 2412 3669 που,
2440 3605 2515 3668 ὡς
2552 3605 2611 3656 τὸ
2638 3600 2928 3672 ἐπιτρέψαι
2953 3598 3044 3652 καὶ
3082 3599 3178 3668 ζῇν
3212 3592 3393 3649 αὐτόν.
3437 3594 3501 3647 Εἰ
3532 3590 3632 3648 οῦν
3662 3595 3724 3647 ἐν
3756 3595 3876 3665 alr;-

2288 3698 2467 3769 θείᾳή
2501 3695 2763 3765 μετάνοια
2787 3710 2800 3725 ⁸
2836 3692 2990 3762 στῆθι
3017 3691 3114 3761 τῆς
3149 3687 3459 3760 ἱερουργίας
3494 3690 3871 3741 παντάπασιν·

2286 3793 2388 3844 οὐκ
2436 3785 2554 3843 οἶδα
2598 3791 2645 3841 εἰ
2685 3789 2756 3858 μὴ
2786 3786 2927 3840 κατὰ
2959 3785 3203 3855 ἀνάγκην
3234 3782 3331 3852 τὴν
3360 3780 3674 3833 ἐνεστῶσαν
3706 3798 3872 3850 μετει-

2286 3884 2429 3954 δοίης
2456 3882 2568 3934 τισὶ
2600 3880 2709 3933 τῶν
2750 3878 3130 3948 ἁγιασμάτων.
3159 3876 3315 3928 Ἔστι
3343 3874 3450 3943 γὰρ
3506 3871 3569 3937 ἐξ
3627 3873 3874 3939 ἀνάγκης

2287 3978 2383 4030 καὶ
2408 3975 2662 4044 ἀπορίας,
2685 3973 2781 4025 καὶ
2808 3972 2900 4039 ἀφ’
2930 3968 3125 4022 ἑαυτοῦ
3148 3964 3471 4038 μεταλαὸεῖν
3499 3963 3593 4015 τὸν
3614 3962 3871 4031 τυχόντα,

2288 4072 2376 4125 διὰ
2409 4072 2469 4124 τὸ
2503 4070 2734 4138 φευκτὸν
2767 4067 2865 4135 τῆς
2912 4064 3193 4134 αἱρέσεως.
3229 4062 3369 4111 Ὅσα
3420 4053 3517 4109 οῦν
3579 4056 3869 4125 ἐποίησας,

2287 4165 2395 4216 εἴτε
2442 4163 2573 4229 παρ’
2604 4158 2817 4219 ἑαυτοῦ,
2852 4158 2962 4208 εἴτε
3007 4156 3101 4207 καὶ
3132 4153 3267 4223 πρὸς
3298 4150 3457 4204 ἄλλου
3513 4148 3869 4217 ἐπιτραπεὶς,

2289 4254 2427 4307 καλὰ
2472 4253 2570 4320 μὲν
2602 4251 2695 4303 καὶ
2725 4247 2980 4301 ἐπαινετὰ
3020 4248 3101 4308 είς
3151 4242 3286 4295 θεοῦ
3333 4241 3664 4309 ὲπίκαμψιν.
3707 4240 3869 4292 Οὐδὲν

604 4318 795 4373 Deum.
830 4321 901 4375 At
925 4322 1073 4377 nulla
1105 4339 1193 4379 res
1216 4326 1441 4381 omnino
1493 4337 1673 4396 potest
1702 4330 1915 4383 veniam
1940 4331 2069 4385 dare
2101 4333 2178 4386 rei

2286 4346 2341 4397 δὲ
2371 4344 2430 4396 τὸ
2462 4342 2690 4397 καθόλου
2720 4340 3017 4408 δυνάμενον
3042 4336 3202 4389 λῦσαι
3230 4333 3329 4403 τῆς
3370 4331 3691 4403 ἱερουργίας
3717 4348 3732 4362 ο
3767 4331 3869 4383 κᾶν

603 4428 771 4467 sacrae
799 4412 1081 4481 faciendae,
1116 4416 1201 4471 vel
1237 4416 1280 4471 si
1338 4432 1367 4471 a
1398 4434 1721 4489 quocunque
1777 4422 2019 4476 antistite
2058 4424 2181 4478 data

604 4503 855 4558 videatur
886 4522 900 4559 :
935 4505 1097 4577 idque
1128 4508 1257 4562 dum
1290 4510 1531 4567 Ecclesia
1556 4512 1649 4568 Dei
1676 4529 1809 4583 pace
1831 4516 2142 4584 perfruatur
2168 4536 2179 4571 :

601 4611 711 4663 quo
744 4606 988 4666 tempore
1038 4600 1281 4670 synodali
1309 4602 1534 4671 judicio,
1570 4612 1629 4659 ut
1661 4621 1758 4675 par
1804 4614 1909 4672 est,
1947 4624 2067 4676 quae
2114 4610 2183 4663 ad

603 4686 803 4742 similia
829 4699 1080 4758 spectant
1119 4694 1357 4763 negotia,
1391 4710 1487 4764 per
1531 4712 1767 4752 canones
1824 4701 2139 4755 sancientur
2165 4745 2177 4759 .

602 4777 790 4833 divino
838 4788 952 4833 tum
981 4781 1188 4836 calculo
1222 4785 1551 4840 sententiam
1586 4789 1992 4844 corroborante.
2026 4790 2180 4856 Quod

604 4870 651 4925 si
678 4870 901 4935 dixeris,
936 4871 1082 4928 Inter
1109 4876 1563 4932 subscribendum
1596 4881 1889 4935 exclamavi
1952 4884 2180 4940 adorare

605 4975 691 5015 me
720 4970 937 5017 sanctas
966 4964 1228 5035 imagines
1259 4983 1275 5026 :
1302 4967 1543 5037 ignosce.
1574 4971 1763 5036 frater,
1813 4983 1869 5028 et
1918 4959 2127 5030 'Pilatus
2163 5016 2177 5037 ,

604 5050 736 5105 dum
768 5063 1047 5121 expertem
1082 5070 1140 5110 se
1166 5056 1366 5112 Christi
1391 5060 1557 5115 caedis
1586 5077 1681 5115 ore
1714 5062 1937 5129 faceret,
1965 5068 2179 5120 calamo

602 5155 793 5196 necem
824 5143 1181 5202 confirmavit.
1212 5148 1340 5204 Haec
1373 5150 1470 5205 tibi
1510 5163 1694 5208 nostra
1722 5157 1955 5211 tenuitas
1979 5198 1992 5219 ,
2058 5168 2177 5211 tau-

603 5249 768 5301 quam
815 5244 1095 5305 spectante
1118 5237 1246 5293 Deo.
1286 5239 1355 5294 At
1397 5257 1600 5310 preces,
1639 5260 1842 5313 quasso,
1876 5247 2041 5303 funde
2081 5266 2177 5317 pro

600 5339 726 5378 mea
759 5326 952 5393 salute,
977 5327 1032 5381 in
1058 5331 1378 5398 pmnitentia
1404 5348 1469 5388 ac
1498 5334 1684 5390 dolore
1714 5338 1878 5392 animi
1911 5340 2007 5392 tui.
2037 5340 2177 5393 Con-

604 5417 779 5471 solare
809 5433 920 5483 eos,
955 5434 1093 5488 quos
1125 5437 1155 5474 a
1190 5430 1241 5475 te
1264 5424 1506 5492 conspici
1563 5426 1663 5490 ais,
1706 5441 1923 5484 sanctos
1988 5431 2174 5486 Patres

604 5523 757 5563 meos
793 5525 860 5564 ex
898 5511 1200 5581 episcopis,
1248 5522 1301 5567 et
1328 5514 1459 5583 jube
1499 5517 1708 5572 salvere
1731 5530 1980 5589 tanquam
2026 5537 2055 5575 a
2089 5538 2173 5577 me

606 5599 915 5656 miserabili.

678 5712 718 5742 ¹¹
754 5712 896 5767 Psal.
934 5730 1119 5781 xum,
1151 5716 1238 5771 15.

1320 5717 1360 5748 ¹²
1395 5718 1719 5792 dogmatica.

609 5796 798 5845 xxxut,
854 5785 935 5837 il.

1814 5723 1857 5754 ¹³
1884 5723 2084 5793 Ephes.
2118 5740 2187 5791 tv,
2244 5725 2333 5781 25.

2288 4436 2347 4501 ἐξ
2373 4432 2753 4504 οἱουδηποτοῦν
2783 4429 3085 4501 ἀρχιερέως
3113 4426 3312 4494 δόξειεν
3335 4419 3473 4477 εἶναι
3502 4438 3517 4452 ⁸
3564 4422 3663 4475 καὶ
3715 4420 3869 4474 τοῦτο

2286 4533 2388 4595 ἕως
2416 4531 2635 4599 εἰρήνης
2663 4531 2761 4598 τῆς
2780 4525 2873 4578 τοῦ
2903 4522 3038 4576 θεοῦ
3068 4518 3410 4589 Ἐκκλησίαςο
3432 4510 3867 4589 ἐνῇτηνικαῦτα

2286 4624 2464 4693 κρίσει
2518 4620 2769 4689 συνοδικῇ
2814 4616 2887 4680 ὡς
2929 4616 3046 4677 δέον
3086 4614 3192 4665 πᾶν
3234 4609 3412 4664 ὁτιοῦν
3445 4608 3559 4661 τῶν
3606 4606 3867 4660 τοιούτων

2284 4711 2752 4780 κανονισθὴσεται,
2777 4708 2879 4761 καὶ
2902 4706 3083 4777 κρίσιν
3109 4704 3218 4768 ’ἐξει
3249 4701 3540 4771 θεὸεᾲηφον.
3570 4699 3633 4751 Εἰ
3659 4699 3718 4751 δὲ
3742 4697 3863 4765 φὴς.

2282 4804 2362 4857 ὃτι
2418 4802 2752 4870 ὑπογράφων
2786 4796 3017 4866 ἔκραζον
3070 4793 3390 4865 προσκυνεῖν
3430 4806 3497 4859 με
3554 4789 3656 4851 τὰς
3709 4786 3864 4853 ἁγίας

2282 4896 2516 4955 εἰκόνας
2544 4889 2839 4958 σύγγνωθι,
2863 4887 3079 4953 ἁδελφὲ,
3104 4885 3197 4938 καὶ
3231 4883 3484 4945 Πιλᾶτος,
3520 4881 3601 4947 τῷ
3632 4879 3860 4948 στόματι

2282 4985 2474 5037 ἁθωῶν
2524 4982 2712 5035 ἑαυτὸν
2757 4980 2856 5049 τῆς
2916 4977 3131 5046 σφαγῆς
3192 4971 3450 5043 Χριστοῦ,
3504 4970 3585 5041 τῷ
3632 4967 3862 5036 καλάμῳ

2281 5077 2477 5146 ἐκύρου
2514 5075 2604 5127 τὸν
2626 5073 2873 5126 θάνατον.
2901 5067 3087 5123 Ταῦτά
3114 5084 3195 5119 σοι
3227 5064 3355 5133 παρ’
3376 5062 3514 5134 ἐμοῦ
3545 5062 3645 5115 τοῦ
3674 5076 3859 5153 ταπειὶ

2281 5165 2372 5216 νοῦ
2418 5164 2492 5225 ὡς
2531 5162 2763 5216 ἐνώπιον
2804 5156 2962 5211 Θεοῦ.
3001 5153 3161 5207 Ἀλλὰ
3207 5152 3400 5221 δέομαι
3452 5149 3650 5219 μνείαν
3706 5149 3857 5199 ποιοῦ

2279 5257 2421 5326 ὑπὲρ
2447 5256 2587 5325 ἐμῆς
2622 5251 2917 5323 σωτηρίας,
2936 5250 2993 5302 ὲν
3022 5249 3087 5317 τῇ
3114 5244 3371 5316 μετανοίᾳ
3396 5241 3501 5311 τῆς
3524 5236 3857 5306 συνθλίψεώς

2279 5366 2393 5401 σου.
2441 5342 2884 5416 Προσαγορεῦσαί
2919 5358 2981 5394 τε
3028 5335 3411 5407 παρακλήθητι
3437 5333 3536 5396 οῦς
3562 5333 3702 5401 ἔφης
3731 5329 3855 5427 ὁρᾷν

2278 5440 2464 5507 ἁγίους
2500 5436 2748 5507 Πατέρας
2783 5451 2883 5504 μου
2919 5434 2975 5484 ἐν
3000 5428 3342 5490 ἐπισκόποις,
3374 5425 3452 5488 ὠς
3483 5424 3547 5489 ἐξ
3588 5424 3724 5495 ἐμοῦ
3770 5424 3852 5475 τοῦ

2277 5530 2492 5600 οἰκτροῦ
2505 5570 2516 5582 .

3001 5716 3041 5752 ³³
3081 5718 3270 5775 Matth.
3310 5716 3363 5784 ι’,
3393 5721 3486 5777 28.
3568 5721 3615 5754 ¹³
3654 5719 3845 5778 Ezech-

2414 5726 2455 5759 ‘l‘
2490 5725 2505 5778 l
2538 5727 2661 5782 Cor.
2694 5741 2791 5791 xu,
2830 5722 2921 5779 26.
