4008 6318
190 358 332 425 1129

514 479 593 532 Z'.
647 480 979 550 -Ἰωάννῃ
1015 483 1223 553 τέκνῳ.
1279 485 1481 558 [ρμη’.]

1378 376 1914 437 EPISTOLARUM
1951 379 2095 437 LIB.
2137 379 2219 438 II.

3313 378 3445 440 H30

2343 487 2450 543 VII.
2483 519 2545 529 —
2570 487 2763 544 Jonnni
2790 490 2920 559 lilio.

1528 599 1808 659 Respondet
1839 600 1897 646 ad
1932 598 2155 660 quaesita.

255 698 517 768 Ἥδομαι,
569 697 757 752 τέκνον
800 699 895 751 καὶ
943 699 1160 771 ἀδελφὲ,
1194 704 1251 754 ὲν
1301 704 1418 766 ταῖς
1449 703 1760 760 ἐπιστολαῖς

1941 701 2211 768 Delector,
2247 701 2318 756 fili
2346 714 2409 756 ac
2435 699 2621 766 frater,
2648 701 2844 754 litteris
2895 701 3035 755 tuis:
3061 702 3204 772 quod
3227 713 3283 758 et
3320 721 3441 758 cou-

175 804 300 841 σου·
330 789 411 842 δτι
445 787 568 842 καθ’
596 788 790 859 εἱρμὸν
825 789 1098 860 ἔρχονται,
1127 793 1228 852 καὶ
1247 793 1339 846 τὸν
1397 793 1494 862 τῆς
1529 791 1756 844 πολυλο-

1868 794 2034 847 tinuaa
2071 792 2441 862 perferuntur,
2481 797 2537 844 et
2581 791 2906 861 multiloquii
2937 792 3214 847 fastidium
3249 795 3444 851 vitant.

167 881 310 947 γίας
340 879 672 950 ναυτιασμδν
696 881 1109 936 ἀπαναίνονται.
1155 885 1265 936 Καὶ
1297 883 1404 953 γὰρ
1461 882 1755 952 ἐπιστολῆς

1865 882 1988 937 Haec
2015 884 2160 938 enim
2201 883 2446 953 epistolas
2497 885 2614 938 laus
2655 885 2872 952 pr0pria
2920 891 3026 948 est,
3056 891 3115 937 ut
3170 886 3354 941 statim
3415 906 3443 940 a

164 970 374 1040 ἀρετὴ,
407 971 567 1034 εὐθὺς
592 974 688 1041 τῆς
717 973 1087 1043 προκειμένης
1123 974 1430 1037 ὑποθέσεως
1460 973 1752 1038 ἅπτεσθαι,

163 1062 275 1114 καὶ
304 1061 545 1115 τοσαῦτα
574 1062 755 1132 λέγειν
795 1065 930 1118 ἄττα
965 1065 1273 1133 ἐπάναγκες
1302 1082 1314 1094 ·
1339 1065 1476 1120 ἀλλά
1507 1066 1581 1137 μὴ
1629 1068 1752 1121 ὲπι-

161 1149 400 1204 κυκλεῖν
429 1151 496 1204 τά
526 1152 624 1223 οὐχ
652 1151 848 1215 οὕτως.
880 1148 1024 1209 Εῐεν.
1059 1154 1194 1224 Περὶ
1219 1150 1293 1207 ὧν
1322 1155 1615 1225 ἠρώτησας
1641 1198 1654 1221 ,
1688 1157 1748 1210 οὐ

1861 976 2138 1046 proposito
2164 987 2486 1048 argumento
2514 978 2726 1031 initium
2760 978 2978 1033 dicendi
3018 978 3183 1032 faciat
3208 1018 3223 1040 ,
3272 995 3446 1050 caque

1859 1066 2002 1120 dicat
2044 1083 2165 1136 qua:
2197 1082 2420 1123 necesse
2449 1075 2534 1123 est
2576 1109 2590 1134 ,
2631 1084 2732 1124 nec
2789 1085 2850 1125 ea
2909 1072 3289 1140 revolvatqua:
3332 1088 3443 1126 non

1859 1157 2298 1228 suntejusmodi.
2358 1158 2439 1214 Ad
2468 1159 2572 1213 alia
2625 1175 2788 1229 porro
2829 1175 3138 1231 pergamus.
3191 1161 3267 1215 De
3318 1165 3445 1232 qui-

157 1239 272 1292 τοῦ
325 1241 596 1312 παρόντος
627 1243 821 1313 καιροῦ
849 1244 917 1296 τὰ
943 1245 1123 1299 τοιάδε
1158 1245 1543 1314 φιλοπευστεῖν
1577 1264 1591 1280 ο
1624 1248 1750 1301 οὕτε

1856 1248 1961 1303 bus
1993 1249 2359 1322 interrogasti,
2407 1266 2587 1320 neque
2657 1261 2740 1306 est
2788 1252 2950 1322 hujus
3001 1254 3262 1323 temporis
3315 1255 3443 1309 talia

159 1333 491 1402 πρδςὴμῶν
523 1335 780 1404 μυεῖσθαι
812 1351 892 1400 σε,
925 1329 969 1389 ὦ
1012 1336 1142 1390 καλὲ
1180 1340 1308 1390 παῖ’
1365 1339 1554 1411 ἐπειδὴ
1611 1339 1750 1409 μετά

1854 1342 2139 1407 sciscitari,
2183 1358 2285 1398 nec
2321 1351 2630 1398 nostrarum
2676 1345 2875 1399 virium
2919 1345 3151 1400 edocere
3200 1355 3278 1412 te,
3308 1363 3444 1418 puer

157 1422 282 1473 τῶν
315 1421 490 1476 ἄλλων
515 1425 610 1476 καὶ
640 1425 886 1496 ἀμύητος
909 1427 1021 1496 ἐγὼ
1068 1429 1177 1481 τῶν
1229 1429 1587 1498 δυσεφίκτων.
1658 1431 1748 1494 Ὠς

155 1511 211 1565 δ’
273 1513 341 1566 ἂν
373 1515 447 1584 μὴ
509 1515 896 1586 παραλυπῆσαι
950 1520 1018 1589 τῇ
1079 1521 1329 1591 ἀφασίᾳο
1379 1523 1553 1574 ἐκεῖνο
1603 1522 1746 1590 λέγω

155 1619 238 1654 πε
248 1604 303 1672 ρὶ
335 1604 429 1657 τοῦ
461 1605 680 1675 πρώτου
698 1623 712 1637 ·
742 1608 822 1660 ὅτι
838 1609 1012 1672 οὐδείς
1029 1628 1116 1664 πω
1136 1610 1245 1664 τῶν
1268 1611 1444 1665 ἄλλων
1468 1613 1744 1684 θεοφόρων

157 1693 436 1762 Πατέρων
471 1695 729 1751 ἐλεύκανε
766 1699 828 1752 τὸ
862 1700 1155 1771 πρόϐλημα
1187 1701 1360 1764 οὕτως
1387 1703 1463 1768 ώς
1515 1705 1543 1757 ό
1593 1707 1740 1759 Νυσ-

155 1785 300 1847 σεὺς
338 1786 659 1856 Γρηγόριος.
705 1789 1089 1861 Ἀρκεσθῶμεν
1120 1793 1214 1847 οὖν
1242 1798 1306 1866 τῇ
1339 1796 1435 1849 τοῦ
1491 1797 1741 1868 πνεύμα-

149 1891 260 1937 τος
288 1874 494 1947 θεωρίᾳ
525 1879 584 1931 ὲν
611 1879 897 1954 ἀνηγμένῃ
930 1881 1134 1953 θεωρία
1163 1884 1325 1952 ἄγαν.
1365 1886 1438 1940 Τὸ
1466 1889 1574 1958 γάρ
1636 1890 1737 1942 ἐπ-

157 1966 364 2019 έκεινα
394 1968 666 2040 Γαδείρων
691 1972 753 2026 οὐ
786 1973 1021 2043 περατόν
1052 1991 1064 2004 ·
1093 1979 1167 2038 ὡς
1200 1977 1229 2028 ό
1281 1977 1458 2046 λόγος.
1520 1981 1654 2050 Περὶ
1678 1982 1735 2035 δὲ

1858 1433 2066 1502 optime
2102 1451 2115 1487 :
2156 1434 2595 1504 quandoquidem
2645 1477 2660 1502 ,
2702 1445 2902 1506 praeter
2932 1437 3057 1502 alia,
3114 1439 3268 1494 rudis
3321 1455 3442 1494 sum

1851 1533 1908 1579 et
1935 1524 2218 1595 imperitus
2275 1526 2328 1580 in
2371 1526 2440 1582 iis
2485 1543 2608 1596 quas
2656 1536 2785 1582 sunt
2837 1537 2998 1598 captu
3038 1528 3297 1586 difﬁcilia.
3362 1532 3443 1587 Ne

1850 1630 1980 1671 vero
2037 1617 2339 1671 molestiam
2397 1626 2580 1672 nostra
2619 1618 2716 1672 tibi
2747 1619 3092 1676 taciturnitas
3122 1622 3334 1688 afferat,
3371 1624 3441 1678 de

1849 1707 2027 1776 priore
2060 1708 2140 1764 sic
2167 1717 2347 1764 statuo
2373 1728 2386 1764 :
2418 1725 2448 1764 a
2477 1711 2696 1766 nemine
2735 1720 3061 1767 cacterorum
3124 1715 3436 1770 divinorum

1848 1800 2071 1856 Patrum
2102 1801 2427 1856 illustratam
2469 1802 2612 1856 hanc
2645 1804 3006 1873 quaestionem
3054 1819 3175 1859 esse
3209 1809 3440 1876 perinde

1847 1903 2009 1964 atque
2037 1909 2066 1947 a
2109 1893 2371 1964 Gregorio
2401 1893 2664 1966 Nysseno.
2699 1894 2842 1950 Satis
2870 1895 3036 1966 igitur
3091 1897 3251 1952 nobis
3279 1898 3350 1952 sit
3378 1915 3440 1953 ea

1848 1988 2045 2058 spiritu
2084 1987 2481 2057 contemplari,
2525 1985 2793 2057 patefacta
2849 1987 3050 2056 oppido
3080 1986 3146 2042 ad
3186 1997 3438 2042 contem-

147 2056 259 2109 τοῦ
287 2057 543 2129 δευτέρου
561 2076 574 2089 ·
603 2059 655 2113 '0
677 2063 906 2116 συνιὼν
918 2064 987 2117 ἐν
1003 2064 1083 2129 τῷ
1101 2065 1282 2135 καιρῷ
1296 2067 1503 2132 ἐκείνῳ
1522 2072 1745 2142 σιωπή-

1849 2055 2108 2148 piandum
2154 2079 2261 2133 via.
2295 2055 2427 2132 Nam
2453 2055 2575 2148 qua:
2607 2077 2750 2131 ultra
2779 2055 2983 2140 Gades,
3025 2077 3301 2134 inaccessa
3329 2088 3437 2132 :‘ut

149 2162 358 2200 σεταιο
384 2147 474 2202 ὅτι
507 2151 709 2219 καιρὸς
744 2156 1005 2222 πονηρός
1042 2156 1214 2210 ἐστιν
1243 2173 1258 2189 ’
1331 2159 1393 2212 οὐ
1445 2161 1593 2214 δοκεῖ
1649 2175 1742 2233 μοι

147 2237 455 2306 καμπύλον
482 2241 578 2293 καὶ
609 2243 822 2296 σκολιὸν
849 2240 1009 2299 εἶναι.
1043 2248 1250 2319 Καιρὸς
1281 2251 1389 2322 γάρ
1417 2252 1514 2305 τοῦ
1561 2254 1744 2309 λαλεῖν

148 2329 313 2399 ἡμᾶς
351 2330 637 2401 διώρισται
669 2333 775 2386 ὑπὸ
811 2335 910 2405 τῆς
939 2336 1299 2394 θεοπνεύστου
1342 2342 1591 2416 Γραφῆς,
1649 2348 1744 2402 καὶ

147 2419 358 2488 καιρὸς
388 2420 621 2490 σιωπῆς,
647 2424 788 2477 κατά
819 2424 919 2496 τὴν
951 2427 1351 2487 ἐπιϐάλλουσαν
1371 2433 1584 2504 χρείαν,
1618 2453 1746 2491 σκο-

151 2511 417 2565 πούντων
444 2514 477 2584 ἡ
487 2513 604 2584 μῶν
632 2518 726 2569 καὶ
753 2519 1183 2590 οίκονομούντων
1208 2525 1300 2578 τὸν
1315 2526 1471 2595 λόγον
1488 2529 1588 2600 τῆς
1608 2531 1741 2602 ἀλη-

147 2602 340 2667 θείας.
400 2606 470 2658 Ἦ
516 2607 625 2679 γὰρ
653 2609 778 2681 οὐχὶ
811 2612 884 2684 μὴ
915 2611 1134 2684 βάλλειν
1161 2620 1276 2681 τοῖς
1304 2621 1431 2674 κυσὶ
1462 2624 1528 2675 τά
1588 2624 1742 2693 ἅγια,

151 2694 305 2764 μήτε
342 2693 558 2765 ῥίπτειν
585 2699 710 2762 τοὺς
739 2702 1087 2772 μαργαρίτας
1110 2705 1418 2776 ἔμπροσθεν
1465 2710 1574 2765 τῶν
1629 2713 1742 2782 χοε-

150 2802 272 2854 ρων
306 2789 805 2862 προστετάγμεθας
838 2795 1030 2866 Ἀθρει
1074 2799 1199 2863 τοὺς
1256 2801 1552 2875 θεοφόρους
1581 2821 1595 2836 ·
1648 2810 1745 2860 καὶ

149 2879 287 2970 τοὺς
315 2879 372 2932 δὲ
407 2881 687 2952 εὑρήσεις,
717 2888 794 2957 πῇ
824 2887 922 2956 μὲν
945 2889 1050 2942 ὑπὸ
1081 2892 1172 2944 τὸν
1203 2893 1385 2963 μόδιον
1408 2897 1505 2967 τῆς
1532 2900 1744 2970 σιωπῆς

147 2969 250 3021 τὸν
281 2971 446 3039 λόγον
475 2974 747 3041 τιθέντας.
781 2978 982 3032 ὁπόταν
1020 2981 1336 3049 ἀλυσιτελὲς
1393 2988 1456 3041 τὸ
1515 2969 1740 3058 λέγειν,

153 3061 369 3129 μᾶλλον
391 3062 446 3115 δὲ
476 3066 570 3118 καὶ
597 3066 889 3138 ζημιῶδες.
924 3073 1004 3143 [Ιῇ
1038 3074 1115 3136 δὲ,
1146 3076 1239 3128 ἐπὶ
1269 3078 1369 3148 τῆς
1398 3078 1619 3150 λυχνίας
1650 3086 1746 3136 αὑ-

146 3154 246 3208 τὶν
272 3154 528 3220 ἀνιέντας
545 3156 703 3229 [ΗΘΒ.
725 3162 850 3216 cod.
880 3163 1177 3239 dvzdvraq],
1202 3170 1436 3241 ὁπηνίκα
1467 3171 1746 3243 εὔκαρπος

148 3247 184 3316 ἡ
219 3246 408 3319 σπορά
461 3249 557 3303 καὶ
581 3250 642 3302 οὐ
669 3252 970 3323 πετρώδης.
1006 3258 1256 3314 Τοσαῦτα
1287 3280 1377 3332 μοι
1409 3267 1746 3338 συνεὼρατιι

1844 2181 1930 2226 εει
1963 2172 2017 2226 in
2068 2170 2383 2242 proverbio.
2422 2169 2497 2225 De
2537 2170 2714 2224 altero
2755 2184 2889 2223 vero
2911 2169 3091 2238 capite
3123 2186 3135 2222 :
3192 2169 3433 2223 Prudens

1842 2265 1896 2317 in
1934 2274 2162 2334 tempore
2193 2262 2284 2316 illo
2314 2261 2526 2324 tacebit,
2565 2261 2691 2331 quia
2750 2268 2955 2328 tempus
3008 2261 3209 2314 malum
3237 2270 3312 2314 est
3344 2261 3387 2292 "
3414 2278 3430 2326 ;

1842 2372 1952 2410 non
1980 2355 2113 2412 mihi
2138 2354 2356 2409 videtur
2395 2361 2491 2407 aut
2517 2367 2680 2422 prave
2702 2352 2930 2415 dictum,
2953 2361 3048 2406 aut
3071 2361 3428 2422 prmpostere.

1843 2447 2083 2516 Tempus
2106 2443 2252 2500 enim
2293 2441 2546 2513 loquendi
2589 2440 2746 2496 nobis
2772 2456 2802 2494 a
2836 2439 3120 2510 Scriptura
3148 2439 3427 2495 divinitus

1845 2540 2107 2608 inspirata
2172 2535 2456 2592 deﬁnitum
2494 2542 2580 2590 est
2628 2533 2694 2598 ⁸⁸,
2735 2541 2792 2588 et
2849 2541 3073 2604 tempus
3102 2533 3338 2597 tacendi,
3373 2543 3432 2587 ut

1843 2629 2017 2702 poscit
2051 2644 2203 2693 usus,
2244 2626 2406 2682 nobis
2437 2624 2868 2696 explorantibus,
2896 2640 2960 2680 ac
2981 2624 3430 2696 dispensantibus

1845 2722 2068 2776 verbum
2113 2717 2376 2775 veritatis.
2408 2717 2608 2771 Annon
2635 2716 2778 2771 enim
2820 2731 2924 2770 nec
2959 2715 3090 2771 dare
3122 2725 3308 2770 sancta
3338 2730 3429 2769 ca-

1843 2815 2026 2877 nibus,
2068 2827 2172 2869 nec
2210 2812 2427 2866 mittere
2481 2809 2803 2880 margaritas
2849 2818 2977 2862 ante
3032 2822 3228 2878 porcos
3261 2807 3427 2877 jube-

1845 2923 1968 2962 mnr
2005 2905 2091 2958 "?
2123 2903 2352 2959 Sanctos
2403 2902 2550 2960 viros
2576 2902 2790 2956 intuere
2816 2920 2828 2954 :
2859 2900 2955 2954 hos
2982 2898 3230 2968 profecto
3263 2899 3426 2955 intel-

1847 2996 1980 3067 liges
2031 3009 2178 3049 nunc
2231 2991 2448 3063 quidem
2503 2991 2604 3046 sub
2637 2990 2837 3045 silentii
2869 2991 3049 3045 modio
3113 3005 3424 3046 sermonem

1846 3102 2071 3159 ponere,
2121 3101 2245 3142 cum
2277 3084 2422 3154 loqui
2460 3097 2860 3153 supervacuum
2893 3091 2996 3147 est,
3049 3081 3162 3136 imo
3184 3091 3240 3136 et
3271 3082 3427 3137 dam-

1848 3194 2079 3235 nosum:
2113 3192 2261 3232 nunc
2321 3191 2459 3231 vero
2506 3189 2672 3244 super
2714 3173 3102 3228 candelabrum
3154 3174 3425 3233 attollere.

1848 3288 1972 3327 cum
2005 3286 2154 3342 spem
2186 3279 2483 3340 proventus
2522 3267 2782 3323 sementis
2813 3267 2996 3332 habet,
3033 3282 3135 3322 nec
3186 3267 3424 3336 lapidosa

149 3340 310 3445 εν
347 3345 636 3445 προτάσει.
674 3345 1036 3420 Ἐξευρίσκων
1065 3354 1120 3407 δὲ
1156 3358 1305 3428 παρὰ
1337 3361 1620 3432 σεαυτοῦῆ
1655 3367 1747 3417 καὶ

1851 3375 1957 3420 est.
1995 3340 2120 3418 Hazc
2161 3369 2289 3416 sunt
2312 3377 2432 3432 qua:
2465 3361 2519 3414 in
2558 3360 2840 3431 proposita
2871 3358 3172 3429 quastione
3213 3361 3427 3415 animus

150 3430 244 3498 ὑφ’
274 3432 485 3502 ἑτέρων
499 3436 567 3489 τὰ
581 3435 945 3510 δοκιμώτερα·
973 3443 1049 3514 μὴ
1067 3446 1392 3517 φθονήσειας
1413 3430 1735 3521 μεταδοῦναι

1846 3461 2102 3514 intuetur.
2137 3451 2193 3505 Si
2228 3447 2311 3504 vel
2335 3430 2440 3520 per
2472 3459 2522 3504 te
2546 3430 2687 3520 ipse,
2717 3449 2801 3503 vel
2855 3448 3085 3503 aliorum
3131 3464 3234 3519 ope
3278 3465 3426 3504 com-

151 3521 280 3618 εμοὶ
311 3523 392 3594 τῷ
423 3524 501 3596 σῷ
519 3527 687 3599 πατρὶ
723 3531 818 3584 καὶ
847 3532 1081 3605 ἀδελφῷ,
1114 3538 1286 3593 ἐνδεεῖ
1311 3543 1421 3597 τῶν
1455 3550 1746 3618 νοημάτων

153 3613 492 3685 ὑπάρχοντι.
536 3619 811 3690 Ἐρῤωσο,
867 3623 1099 3680 πλεῖστά
1159 3647 1252 3700 μοι
1287 3613 1745 3709 προσευχόμενος.

154 3891 235 3946 H'.
263 3925 337 3936 --
360 3897 661 3993 Oedbwpoc
684 3903 909 3993 πάσαις
959 3911 1087 3979 ταῖς
1138 3916 1550 3989 ἀδελφότησιν
1603 3927 1735 3993 ἤτοι

220 3987 552 4055 συνοδίαις
603 3992 734 4060 ταῖς
790 4004 1105 4070 πανταχοῦ
1151 4005 1249 4062 διὰ
1294 3987 1563 4080 Χριστὸν
1617 3987 1735 4070 δίει

220 4083 630 4152 σπαρμέναις,
668 4086 790 4141 σὺν
810 4091 934 4158 τοῖς
957 4094 1027 4147 ἐν
1063 4103 1368 4170 φυλακαῖς
1411 4123 1473 4159 τε
1504 4108 1600 4161 καὶ
1633 4109 1730 4173 ἐξ·

220 4173 418 4240 ορίαις
445 4178 889 4249 κρατουμένοις,
910 4185 978 4238 ἐν
998 4190 1194 4258 Κυρίῳ
1206 4196 1457 4264 χαίρειν.
1487 4197 1636 4272 [ρν¹.]

1848 3544 2053 3618 pcreris
2079 3557 2199 3612 quae
2226 3539 2396 3610 magis
2427 3538 2745 3606 probentur,
2774 3536 2857 3592 fac
2897 3553 2983 3591 me
3015 3539 3332 3609 participem
3357 3539 3428 3592 li-

1845 3635 2002 3699 bens,
2049 3641 2256 3701 patrem
2312 3626 2584 3691 videlicet,
2617 3626 2949 3696 fratremque
2992 3634 3181 3692 tuum,
3213 3629 3423 3682 consilii

1845 3726 1898 3777 in
1946 3721 2138 3792 primis
2198 3727 2476 3790 egentem.
2525 3716 2676 3782 Vale,
2731 3733 2796 3773 ac
2857 3718 3150 3789 plurimmn
3185 3733 3283 3790 pro
3339 3735 3424 3773 mc

1845 3827 2097 3883 precare.

1844 3928 1977 3983 Vlll.
2014 3957 2081 3968 —
2114 3926 2405 3981 Theodorus
2433 3925 2669 3978 omnibus
2715 3924 2901 3994 ubique
2921 3934 3133 3993 propter
3161 3923 3422 3981 Christum

1909 4018 2156 4089 dispersis
2172 4017 2446 4088 fratribus,
2466 4027 2515 4071 et
2534 4016 2598 4070 iis
2625 4016 2713 4086 qui
2748 4016 2804 4068 in
2827 4017 3120 4072 carceribus
3144 4028 3191 4072 et
3223 4021 3423 4074 exsiliis

1909 4113 2225 4177 detinentur,
2249 4113 2307 4165 in
2329 4110 2554 4166 Domino
2585 4109 2810 4164 salutem
2841 4109 2908 4163 '°.

1077 4302 1365 4366 Dogmatica
1388 4307 1451 4357 de
1475 4311 1659 4361 sanctis
1687 4308 2003 4375 imaginibus.
2033 4308 2232 4364 (Baron.
2257 4319 2339 4355 an.
2361 4305 2473 4367 8H,
2494 4319 2540 4354 ιι.
2569 4305 2672 4369 ιδ.)

221 4365 401 4464 ὶςάρις
426 4371 573 4464 υμῖν
630 4377 729 4432 καὶ
794 4381 1024 4451 εἰρήνη,
1079 4365 1455 4457 ἀποστολικῶς
1509 4397 1686 4450 εἰπεῖν
1716 4438 1732 4464 ,

150 4454 454 4557 ἀπὸ-Θεοῦ
490 4465 722 4557 ηατρὸς
745 4469 916 4540 ἡμῶν
955 4477 1055 4529 καὶ
1102 4481 1327 4549 Κυρίου
1372 4454 1577 4554 Ἰησοῦ
1597 4454 1731 4557 Χριί

149 4549 326 4616 στοῦ,
357 4555 462 4624 τῆς
517 4554 730 4624 ιλπίδος
760 4563 918 4631 ἡμῶν
946 4582 960 4596 -
991 4568 1132 4640 ὑπὲρ
1160 4567 1220 4627 οὗ
1251 4575 1344 4628 και
1373 4549 1526 4630 δι”δν
1558 4580 1587 4632 ό
1608 4549 1734 4633 δῖω.

1909 4393 2092 4448 Gratia
2128 4393 2267 4447 vobis
2295 4402 2344 4445 et
2367 4409 2493 4460 pax,
2518 4400 2580 4446 ut
2606 4391 2848 4462 Apostoli
2877 4391 3060 4447 verbis
3084 4399 3230 4457 utar,
3257 4408 3290 4445 a
3315 4391 3424 4443 Deo

1841 4484 2002 4539 Patre
2018 4490 2216 4548 nostro,
2248 4492 2297 4536 et
2336 4480 2558 4536 Domino
2584 4481 2708 4535 Jesu
2729 4479 2938 4535 Christo
2959 4481 3030 4548 ¹¹,
3055 4482 3146 4551 qui
3179 4490 3266 4537 est
3291 4497 3418 4553 spes

1838 4587 2046 4640 nostra,
2083 4591 2182 4646 pro
2208 4589 2318 4645 quo
2346 4583 2402 4629 et
2427 4583 2651 4644 propter
2679 4589 2843 4644 quem
2874 4574 3205 4643 persecutio,
3235 4576 3418 4630 tribu-

727 4653 770 4768 η.

1846 4666 1985 4729 latio,
2009 4667 2278 4737 angustia,
2304 4665 2561 4731 solitudo,
2576 4665 2846 4728 exsilium,
2872 4681 3119 4722 carceres
3143 4675 3197 4720 et
3221 4682 3416 4735 poenas,

150 4729 333 4832 αδεία,Δ
355 4736 415 4789 αἱ
446 4738 664 4832 εῐριιταὶ
683 4744 776 4795 καὶ
795 4750 978 4800 ποιναὶ
994 4729 1087 4803 καὶ
1109 4729 1215 4808 ὅσα.
1230 4729 1364 4809 ἄλλα
1385 4729 1730 4832 καθεκάστην

152 4823 228 4918 εἰς
251 4827 635 4901 ταλαιπωρίαν
653 4834 1020 4908 ὑπαντήματα
1035 4845 1128 4897 καὶ
1146 4862 1207 4898 συ
1215 4847 1500 4918 μϐάματα.
1525 4823 1728 4908 Τούτου

152 4914 330 4984 χάριν,
361 4921 589 5012 ἀδελφοί
627 4943 729 4994 μου
759 4928 1056 5000 ἀγαπητοὶ,
1081 4937 1179 5007 τῆς
1217 4914 1563 5012 ἀπολείψεως
1632 4947 1728 5001 τοῦ

151 5011 410 5065 ταπεινοῦ
470 5014 630 5084 ήμῶν
660 5018 953 5090 προσώπου
1010 5031 1367 5097 παραμυθίαν
1428 5035 1551 5088 τινά
1605 5036 1728 5090 ἑπι-

153 5098 507 5197 νοησάμενοι,
542 5105 833 5197 στέλλομεν
867 5111 997 5181 ὑμῖν
1043 5115 1140 5186 τὴν
1169 5119 1459 5192 ἐπιστολὴν
1501 5123 1728 5197 ταύτην,

152 5186 536 5277 γνωρίζοντες,
581 5192 656 5257 ὡς
688 5195 1054 5264 ἀδιαλείπτως
1083 5205 1274 5272 μνείαν
1330 5186 1487 5277 ήμών
1545 5186 1731 5267 ἰτοιόιῐζ

157 5273 292 5336 μεθα
340 5279 399 5331 ὲν
436 5282 558 5344 ταῖς
591 5289 876 5350 ταπειναῖς
903 5289 1059 5357 ἡμῶν
1092 5273 1445 5366 προσευχαῗς,
1477 5298 1573 5352 ἕνα
1607 5301 1732 5354 ἕκα-

157 5377 280 5462 στον
341 5371 746 5440 ἀναπολοῦντες
810 5379 906 5433 καὶ
966 5383 1436 5456 ἀναλογιζόμενοι,
1499 5391 1727 5462 δάκρυσι

156 5454 245 5549 tut
267 5467 602 5549 στεναγμοῖς
625 5467 874 5538 αἴροντες
898 5473 1094 5543 χεῖρας
1120 5477 1199 5538 είς
1229 5454 1360 5532 Θεόν
1383 5499 1395 5511 ο
1425 5454 1518 5534 δῖνα
1543 5454 1729 5549 καθὼς

158 5543 549 5622 ὑπεδυσάμεθα
582 5557 706 5621 τοὺς
740 5559 880 5630 ὑπὲρ
915 5561 1171 5633 ἀληθείας
1207 5568 1447 5638 ἀγῶνας,
1481 5575 1576 5627 καὶ
1630 5543 1718 5640 ἐξἐ

227 5699 267 5771 ’ζ
298 5702 460 5763 Amos
483 5725 536 5771 v,
572 5709 657 5767 15.

163 5764 206 5794 ’³
243 5768 472 5848 Philipp.
513 5764 572 5844 ιἰ,
611 5764 664 5835 ε’.

479 5873 749 5935 ΡΑτιιοι.
802 5876 916 5935 Gn.
966 5877 1172 5938 XtIlX.

774 5715 816 5747 ¹⁶
842 5715 1019 5775 Ecclc.
1055 5736 1131 5788 ιιι,
1191 5727 1241 5778 7.

1353 5728 1394 5758 "
1434 5726 1622 5784 Matth.
1667 5748 1761 5798 vn,
1799 5733 1850 5785 6.

1831 4769 1883 4814 et
1915 4768 2183 4830 quotquot
2211 4759 2316 4813 alia
2345 4758 2398 4812 in
2422 4758 2538 4813 dies
2567 4757 2632 4812 ad
2661 4759 2942 4813 cumulum
2973 4759 3300 4814 calamitatis
3328 4760 3414 4813 in-

1830 4850 2018 4904 cidunt
2045 4857 2101 4902 et
2129 4856 2450 4903 occurrunt.
2484 4845 2656 4916 Hujus
2704 4847 2780 4901 rei
2811 4849 2980 4919 gratia
3001 4888 3016 4914 ,
3055 4849 3252 4905 fratres
3281 4851 3414 4905 cha-

1831 4940 2033 5002 rissmi,
2068 4939 2328 4993 absentiae
2353 4937 2575 4993 humilis
2605 4937 2763 4993 faciei
2795 4950 2999 4996 nostras
3026 4943 3279 4996 solatium
3310 4944 3414 4997 ali-

1829 5029 1972 5098 quod
1992 5027 2385 5098 excogitantes,
2415 5027 2559 5082 hanc
2578 5028 2644 5081 ad
2677 5043 2773 5083 vos
2795 5028 3086 5098 epistolam
3123 5032 3409 5093 mittimus.

1829 5129 2029 5174 notum
2071 5120 2340 5174 facientes
2373 5120 2522 5188 quod
2572 5119 2691 5175 sine
2744 5121 3156 5177 intermissione
3209 5139 3413 5177 mem"-

1833 5214 1964 5266 riam
1987 5212 2152 5265 vestri
2196 5210 2423 5265 facimus
2483 5211 2536 5264 in
2589 5211 2884 5266 humilibus
2935 5214 3280 5269 orationibus
3309 5231 3410 5268 no-

1831 5304 2032 5366 stris”,
2096 5315 2544 5370 unumquemque
2594 5304 2779 5357 animo
2817 5304 3124 5359 recolentes
3161 5321 3223 5360 ac
3262 5323 3414 5361 com-

1833 5403 2222 5456 memorantes,
2274 5408 2399 5448 cum
2434 5392 2689 5464 lacrymis
2730 5409 2792 5447 ac
2842 5395 3134 5465 gemitibus
3166 5395 3409 5450 levantes

1832 5501 2027 5540 manus
2065 5487 2131 5540 ad
2169 5486 2380 5539 Deum:
2412 5494 2472 5539 ut
2513 5487 2657 5539 sicut
2695 5494 2974 5540 certamen
3023 5501 3123 5555 pro
3182 5484 3403 5539 veritate

1831 5578 2196 5648 suscepimus,
2234 5587 2289 5632 et
2318 5577 2369 5630 in
2400 5592 2508 5631 uno
2547 5577 2742 5646 spiritu
2781 5587 2836 5631 et
2887 5577 3066 5632 anima
3100 5592 3237 5640 una,
3283 5585 3404 5630 tan-

1929 5735 1970 5762 ²⁰
2021 5731 2382 5786 Catechctica.
2497 5732 2535 5761 "
2588 5730 2755 5785 Galat.
2788 5749 2820 5794 ι,
2853 5733 2904 5785 ’5.
2983 5730 3026 5760 "
3082 5729 3235 5784 Rom.
3268 5743 3308 5796 I,
3347 5728 3406 5788 9.

2933 5894 3010 5952 36
