3990 6318
606 346 741 415 1131

1795 354 1858 417 S.
1887 353 2281 416 THEODORI
2313 354 2662 417 STUDITA‘Z

3740 353 3883 417 1132

593 475 758 531 quam
786 473 853 513 ex
882 457 1011 513 nido
1050 473 1078 513 a
1107 457 1279 515 sacris
1325 460 1528 516 nostris
1570 465 1852 521 asceteriis
1902 468 2171 536 processi-

2278 468 2622 539 εληλύθαμεν
2650 468 2709 518 ἐν
2742 466 2822 519 ἐνὶ
2846 465 3120 536 πνεύματι
3152 464 3247 520 καὶ
3268 467 3367 537 μιᾷ
3386 466 3559 537 ψυχῇ,
3587 466 3666 531 ὡς
3687 468 3755 521 ἐκ
3781 486 3883 521 κα·

597 570 721 609 mus
748 572 762 619 ;
796 554 868 607 ita
903 568 1075 622 usque
1104 553 1170 607 ad
1206 552 1392 618 finem,
1418 554 1632 609 Domini
1664 556 1889 621 virtute,
1924 572 2179 626 perseve-

596 661 805 711 remus,
844 647 1097 701 eamdem
1120 646 1547 708 fidem,eamdem
1575 649 1883 702 eliaritatem
1913 650 2177 715 habentes,

597 739 875 791 unanimes
900 778 913 802 ,
947 738 1183 805 idipsum'
1238 739 1518 791 sentientes
1546 740 1591 770 "
1625 746 1681 793 et
1710 740 1953 794 veritatis
1983 740 2180 811 dogma

596 830 922 895 retinentes,
947 829 1088 899 quod
1112 830 1491 885 annuntiatum
1509 840 1684 895 est,et
1713 832 2032 902 inscriptum
2057 847 2183 887 ocu-

597 922 663 977 lis
692 932 748 977 et
776 922 1000 976 auribus
1041 921 1095 975 in
1120 922 1271 976 omni
1301 932 1551 977 creatura
1591 939 1711 993 quae
1743 925 1845 979 sub
1877 925 2016 980 ccelo
2046 934 2129 979 est
2162 942 2175 977 :

600 1014 831 1068 adorare
861 1013 1087 1083 quidem
1116 1012 1333 1067 Patrem
1378 1024 1433 1068 et
1460 1013 1657 1068 Filium
1686 1025 1741 1070 et
1763 1015 2024 1085 Spiritum
2053 1032 2182 1072 san-

595 1116 765 1168 ctum,
783 1105 1149 1160 venerandam
1173 1114 1228 1159 et
1254 1106 1465 1160 beatam
1484 1105 1829 1173 Trinitatem,
1856 1107 1998 1162 sicut
2031 1109 2180 1164 theo-

595 1199 751 1269 logiae
773 1198 911 1252 ratio
938 1200 1099 1253 docet
1128 1197 1415 1263 :.confiteri
1438 1208 1619 1252 autem
1642 1214 1809 1252 unum
1832 1214 1863 1253 e
1888 1199 2176 1266 Trinitate,

596 1293 792 1347 Filium
811 1308 874 1346 ac
906 1290 1145 1347 Verbum
1178 1290 1296 1354 Dei,
1319 1301 1373 1346 et
1404 1291 1693 1346 Dominum
1719 1300 1963 1347 nostrum
1990 1293 2176 1348 Jesum

595 1382 896 1449 Christum,
930 1385 1173 1453 seipsum
1210 1384 1521 1439 exinanisse
1548 1383 1614 1449 “,
1652 1384 1904 1453 servique
1935 1383 2169 1439 formam

596 1475 895 1543 accepisse,
935 1482 991 1527 et
1023 1473 1079 1527 in
1133 1474 1549 1528 similitudinem
1602 1474 1887 1529 hominum
1939 1474 2172 1541 factum,

594 1563 649 1617 in
682 1563 854 1618 forma
876 1573 1062 1618 nostra
1085 1564 1288 1636 efﬁngi,
1311 1563 1698 1633 efl‘ormarique
1713 1565 1961 1634 corporis
1985 1565 2175 1635 ﬁgura,

594 1661 862 1720 quatenus
896 1653 1037 1707 idem
1072 1652 1347 1722 perfectus
1395 1653 1539 1709 Deus
1590 1653 1861 1724 simulque
1906 1664 1962 1711 et
2012 1657 2179 1710 homo

594 1753 721 1797 est:
754 1743 832 1798 sic
884 1743 1028 1797 inter
1079 1743 1654 1814 circumscriptionem
1711 1747 2007 1800 secundum
2052 1761 2175 1813 nos,

2283 556 2403 621 λιᾶς
2438 558 2550 610 ἀπὸ
2584 556 2691 609 τῶν
2728 556 2891 627 ἰερῶν
2930 557 3089 627 ήμῶν
3123 558 3476 627 ἀσκητηρίων
3504 574 3516 586 ·
3548 557 3704 609 οὕτω
3765 558 3881 610 διας

2283 652 2560 721 μείνωμεν
2596 651 2760 721 μέχρι
2794 649 3004 713 τέλους,
3028 649 3257 720 δυνάμει
3288 649 3519 719 Κυρίου,
3547 649 3650 720 τὴν
3707 650 3881 719 αὐτὴν

2281 743 2463 796 πίστιν
2496 745 2735 812 ἔχοντες,
2777 743 2894 811 τὴν
2943 741 3140 809 αὐτὴν
3204 741 3466 811 ἀγάπην,
3524 740 3878 810 σύμψυχοι,

2277 833 2338 886 τὸ
2369 833 2427 885 ἓν
2462 834 2809 904 φρονοῦντες,
2862 834 2957 887 καὶ⁵
2989 832 3320 904 κρατοῦντες
3348 832 3529 901 δόγμα
3571 833 3677 901 τῆς
3742 834 3879 902 ἀληο

2280 924 2450 991 θείας,
2484 925 2545 978 τὸ
2576 924 2869 995 κηρυχθέν,
2897 925 2987 977 καὶ
3008 923 3285 994 ἐγγραφὲν
3318 924 3413 977 καὶ
3439 923 3561 992 ὄψει
3587 925 3684 977 καὶ
3714 925 3876 995 ἀκοῇ,

2280 1014 2339 1065 ἐν
2367 1014 2517 1086 πάσῃ
2538 1017 2601 1084 τῇ
2633 1015 2809 1067 κτίσει
2841 1014 2945 1065 ὑπὸ
2970 1014 3062 1067 τὸν
3085 1014 3316 1082 οὐρανόν
3349 1028 3360 1041 ·
3406 1016 3756 1082 προσκυνεῖν
3782 1015 3878 1083 μὲν

2277 1101 2371 1159 οὖν
2422 1106 2639 1176 Πατέρα
2671 1106 2764 1158 καὶ
2793 1106 2920 1157 Υίῦν
2951 1105 3045 1157 κα)⁵
3071 1104 3298 1173 Πνεῦμα
3329 1105 3389 1157 τὸ
3418 1105 3598 1171 ἅγιον,
3646 1104 3756 1173 τὴν
3784 1121 3878 1156 πο-

2277 1197 2587 1268 λυΰμνητον
2619 1199 2713 1251 καὶ
2732 1197 3010 1267 μακαρίαν
3042 1197 3247 1268 Τριάδα
3300 1197 3441 1250 κατὰ
3500 1197 3594 1249 τὸν
3628 1196 3739 1265 τῆς
3763 1195 3879 1248 θεο-

2277 1290 2463 1358 λογίας
2497 1290 2652 1357 λόγον
2676 1306 2693 1323 ο
2729 1290 3009 1359 ὁμολογεῖν
3050 1290 3107 1343 δὲ
3159 1290 3250 1342 τὸν
3317 1289 3417 1343 ἕνα
3454 1288 3556 1359 τῆς
3611 1289 3874 1359 Τριάδος,

2276 1381 2368 1435 τὸν
2399 1380 2525 1434 Υἰδν
2556 1381 2652 1434 καὶ
2681 1382 2854 1448 Λόγον
2895 1381 2989 1433 τοῦ
3021 1380 3181 1446 Θεοῦ,
3211 1380 3418 1451 Κύριον
3448 1379 3507 1432 δὲ
3535 1381 3704 1449 ἡμῶν
3768 1381 3876 1447 Ίη-

2279 1472 2407 1526 σοῦν
2434 1472 2691 1541 Χριστὸν,
2725 1472 2913 1525 ἐαυτὸν
2938 1472 3326 1536 κεκενωκὲναι,
3353 1472 3542 1526 δούλου
3609 1488 3673 1523 τε
3735 1488 3875 1539 μορ-

2278 1562 2386 1634 φὴν
2417 1562 2775 1629 ἀναλαϐόντα,
2812 1563 2868 1614 ἐν
2888 1560 3197 1631 ὀμοιὼματί
3227 1579 3287 1615 τε
3338 1562 3652 1632 ἀνθρώπων
3712 1578 3879 1629 γεγο-

2277 1654 2427 1720 νότα,
2464 1654 2521 1706 ἐν
2555 1653 2683 1706 εἴδει
2712 1652 2789 1724 τῷ
2825 1653 2948 1707 καθ’
2979 1654 3126 1723 ἡμᾶς
3157 1652 3539 1718 εἰκονίζεσθαι,
3581 1670 3875 1723 χαρακτη-

2282 1743 2526 1815 ρίζεσθαι
2558 1744 2868 1814 χαρακτῆρι
2888 1742 3162 1811 σώματος,
3192 1742 3379 1796 καθότι
3411 1745 3435 1796 ό
3462 1743 3630 1806 αὐτὸς
3664 1743 3875 1806 τέλειος

593 1847 825 1900 quorum
852 1831 1082 1887 formam
1115 1834 1438 1903 assumpsit,
1469 1834 1804 1899 consistens,
1824 1835 2171 1904 quemadmo-

2282 1836 2436 1901 Θεὸς,
2471 1834 2605 1906 ὁμοῦ
2632 1852 2693 1888 τε
2722 1837 2814 1889 καὶ
2856 1834 3143 1906 ἄνθρωπος
3203 1833 3575 1905 ἐχρημάτισε·
3613 1833 3875 1886 τοσοῦτον

594 1924 724 1977 dum
753 1924 821 1978 ab
849 1938 911 1978 ea
943 1940 1039 1993 per
1066 1925 1262 1979 divina:
1296 1934 1505 1979 naturae
1544 1926 2177 1997 incomprehensibilita-

596 2021 705 2068 tem
746 2024 987 2069 remotus
1012 2026 1115 2069 est.
1144 2014 1265 2069 Non
1291 2017 1432 2069 enim
1488 2017 1703 2087 utique,
1740 2019 1818 2072 ait
1867 2018 2177 2090 Scriptura,

595 2105 804 2175 angelos
833 2107 1172 2173 apprehendit
1205 2108 1557 2177 (quanquam
1587 2118 1641 2162 et
1691 2109 1796 2163 illis
1836 2109 2013 2182 effingi
2050 2126 2182 2164 con-

594 2194 763 2257 venit,
791 2207 851 2249 ιιι
886 2195 1141 2250 viderunt
1189 2197 1387 2266 quibus
1424 2198 1609 2251 videre
1638 2213 1668 2251 a
1702 2199 1913 2268 Spiritu
1954 2216 2182 2255 conces-

593 2299 714 2338 sum
755 2285 884 2354 est),
940 2286 1030 2338 sed
1072 2302 1246 2339 semen
1270 2287 1494 2339 Abralue
1534 2289 1876 2357 apprehendit
1908 2291 1975 2344 ’⁵.
2022 2290 2180 2345 Unde

591 2378 836 2446 oportuit
858 2393 982 2432 eum
1016 2394 1113 2448 per
1144 2379 1325 2433 omnia
1356 2379 1619 2435 fratribus
1642 2380 1947 2435 assimilari.
1982 2381 2176 2437 Dicant

593 2483 723 2540 ergo
752 2469 1179 2535 Cbristomachi,
1212 2472 1488 2541 quomodo
1515 2481 1695 2542 potest
1724 2488 1913 2528 semen
1944 2473 2176 2529 Abrahae

608 2576 720 2616 non
752 2561 932 2633 eflingi
960 2563 1094 2617 ?aut
1128 2579 1315 2618 rursus
1351 2565 1624 2632 quomodo
1657 2580 1754 2633 per
1774 2566 1956 2619 omnia
1983 2566 2176 2621 similis

594 2654 753 2708 nobis
800 2655 927 2718 erit,
982 2670 1213 2723 quorum
1244 2654 1411 2708 frater
1463 2664 1707 2717 vocatur,
1743 2655 1789 2708 si
1832 2655 2177 2711 circumscri-

592 2745 805 2816 ptionis
854 2747 1266 2816 proprietatem,
1303 2755 1465 2816 prout
1494 2746 1547 2799 in
1594 2747 1754 2801 nobis
1788 2756 1889 2813 est,
1921 2746 2011 2817 qui
2056 2748 2175 2818 ejus

592 2836 790 2891 fratres
819 2851 1033 2899 sumus,
1071 2852 1182 2891 non
1216 2836 1519 2906 sumpsisse
1567 2836 2020 2891 demonstretur?
2052 2837 2173 2891 Non

594 2928 761 2999 igitur
787 2927 974 2992 frater,
1000 2944 1103 2983 nec
1152 2929 1343 2983 similis
1370 2927 1525 2982 nobis
1554 2938 1675 2995 est;
1708 2943 1772 2983 ac
1803 2929 2033 2999 proinde
2064 2944 2167 2984 nec

598 3021 788 3075 homo.
820 3020 898 3075 Ita
933 3021 1275 3076 concluditur
1304 3036 1368 3074 ex
1404 3036 1470 3075 eo
1501 3021 1644 3089 quod
1674 3029 1871 3091 negant
1894 3021 2171 3075 Christum

2282 1928 2632 1999 περιγραφῆς
2677 1928 2807 1981 εῐσω
2838 1928 3131 1997 γενόμενος
3177 1927 3300 1981 καθ’
3334 1928 3502 1997 ἡμᾶς,
3529 1920 3607 1979 ὧν
3643 1928 3748 1978 καὶ
3777 1926 3875 1996 τὴν

2280 2021 2444 2090 φύσιν
2473 2020 2698 2090 εἴληφεν
2720 2037 2735 2052 ·
2766 2022 2890 2074 ὅσον
2923 2020 3126 2091 ταύτης
3178 2019 3257 2087 τῷ
3290 2019 3717 2090 ’ἀπεριγράπτῳ
3776 2019 3875 2088 τῆς

2282 2113 2434 2177 Θείας
2467 2112 2681 2182 φύσεως
2715 2111 3036 2182 ἀνῴκισται.
3072 2114 3152 2164 Οὐ
3179 2110 3310 2180 τὰρ,
3362 2111 3536 2180 δήπου
3602 2112 3757 2164 κατὰ
3806 2112 3875 2163 τὰ

2280 2205 2459 2273 λόγια,
2487 2203 2760 2274 ἀγγέλων
2808 2202 3308 2272 ἐπααμσάνεταιο
3365 2203 3527 2271 εἴπερ
3590 2204 3875 2265 κάκείνοις

2276 2296 2340 2349 τὸ
2368 2295 2733 2360 εἰκονίζεσθαι
2755 2311 2770 2324 ·
2804 2296 2878 2358 ὡς
2895 2288 3074 2348 ὦπται
3100 2298 3213 2358 τοῖς
3246 2294 3533 2364 βλέπουσιν
3560 2295 3671 2347 ὑπὸ
3703 2294 3872 2348 Πνεύ-

2282 2405 2451 2459 ματος
2476 2405 2490 2420 ο
2524 2387 2689 2442 ἀλλὰ
2715 2386 3061 2455 σπέρματος
3101 2386 3346 2455 Ἀϐραὰμ
3366 2386 3868 2455 ἐπιλαμϐάνεται.

2280 2481 2443 2534 Ὅθεν
2467 2480 2663 2549 ὤφειλε
2693 2480 2836 2532 κατὰ
2862 2480 3042 2533 πάντα
3070 2481 3181 2541 τοῖς
3212 2478 3467 2547 ἀδελφοῖς
3498 2478 3868 2550 ὁμοιωθῆναι.

2278 2571 2605 2626 Εἰπάτωσαν
2654 2569 2747 2637 οὖν
2798 2571 2846 2623 οἰ
2898 2569 3291 2641 Χριστομάχοι,
3352 2568 3470 2633 πῶς
3529 2563 3646 2622 οἷόν
3701 2588 3765 2623 τε
3814 2571 3871 2622 τὸ

2288 2659 2648 2729 Ἀϐραμιαῖον
2673 2660 2898 2728 σπέρμα
2935 2659 3010 2729 μὴ
3034 2656 3437 2721 εἰκονίζεσθαις
3476 2656 3596 2719 πῶς
3630 2656 3675 2708 δ’
3710 2655 3862 2726 αύτῷ

2274 2748 2391 2813 ἕξει
2422 2750 2483 2802 τὺ
2506 2748 2648 2802 κατὰ
2673 2731 2858 2801 (πάντα
2885 2749 3071 2818 ὅμοιον
3106 2743 3259 2817 ἡμῖν,
3290 2740 3367 2799 ὧν
3390 2746 3625 2815 ἀδελφὸς
3660 2746 3863 2817 κέκλη-

2274 2859 2401 2895 ται·
2442 2841 2604 2911 εἰπερ
2634 2839 2694 2892 ού
2726 2840 2787 2893 τὸ
2809 2841 3154 2912 περιγραφῆς
3184 2838 3380 2909 ἰδίωμα
3414 2837 3538 2893 καθ’
3558 2840 3712 2911 ἡμᾶς
3741 2841 3865 2903 τοὺς

2276 2935 2545 3005 ἀδελφοὺς
2577 2932 2743 2987 αὑτοῦ
2774 2931 3013 3004 εἰληφὼς
3042 2931 3318 2985 δείκνυται
3342 2948 3357 2997 ;
3382 2930 3600 2985 Οὐκοῦν
3624 2932 3858 3001 ἀδελφὸς

2275 3028 2387 3082 οὐδ’
2415 3028 2476 3081 οὑ
2502 3027 2610 3098 μὴν
2639 3027 2823 3097 ὅμοιος
2853 3026 2987 3096 ἡμῖν
3006 3038 3022 3055 ⁸
3066 3024 3156 3078 διὰ
3178 3022 3335 3076 τοῦτο
3362 3024 3486 3077 οὐδὲ
3539 3024 3856 3095 ἄνθρωπος.

589 3124 691 3181 per
723 3111 1013 3181 imaginem
1045 3112 1275 3181 exprimi
1310 3126 1462 3165 more
1498 3120 1707 3165 nostro.
1749 3111 1828 3164 lta
1858 3110 1935 3163 illi
1968 3111 2171 3165 saluta-

2277 3119 2434 3172 Οὕτω
2480 3118 2750 3185 συνῆκται
2778 3117 2842 3169 ἐκ
2875 3114 2969 3168 τοῦ
3000 3116 3076 3185 μὴ
3127 3114 3311 3181 λέγειν
3366 3114 3566 3177 αὐτοὺς
3621 3116 3862 3185 Χριστὸν

593 3218 708 3257 rem
747 3203 1107 3259 oeconomiam
1133 3203 1424 3258 destruunt
1456 3218 1471 3256 :
1506 3202 1731 3272 perinde
1761 3217 1825 3257 ac
1858 3200 2169 3266 Manicheei,

2278 3210 2404 3263 καθ’
2442 3211 2592 3280 ἡμᾶς
2617 3208 2981 3273 εἰκονίξεσθαι
3006 3224 3020 3238 ⁸
3053 3207 3150 3260 καὶ
3174 3206 3349 3269 οὕτως
3378 3208 3861 3271 ἀποσκευάζονται

591 3298 963 3353 Valentiniani
992 3339 1007 3363 ,
1036 3308 1091 3352 et
1144 3296 1529 3353 Marcionistaa.
1560 3297 1801 3363 Quorum
1832 3298 2171 3352 communio-

2277 3302 2377 3373 τὴν
2405 3302 2671 3371 σωτήριον
2697 3300 3012 3369 οἰκονομίαν
3042 3316 3057 3329 ’
3095 3298 3292 3368 ἐπίσης
3348 3298 3458 3350 τῶν
3511 3300 3858 3369 Μανιχαίων,

590 3405 717 3445 nem
745 3390 1035 3462 fugiamus,
1053 3390 1549 3461 fratres,tanquam
1584 3391 1856 3461 serpentis
1897 3406 2171 3445 venenum

2276 3392 2643 3448 Οὐαλεντίνων
2670 3408 2730 3444 τε
2791 3392 2887 3444 καὶ
2939 3388 3395 3461 Μαρκιωνιστῶν·
3454 3382 3531 3442 ὧν
3590 3390 3860 3461 φύγοιμεν

590 3498 701 3540 non
731 3500 930 3553 corpus
960 3484 1259 3546 infuscans,
1294 3493 1352 3539 ut
1386 3483 1625 3553 quodam
1663 3482 1783 3538 loco
1820 3483 1898 3539 ait
1930 3483 2175 3538 Theolo-

591 3592 713 3649 gus,
746 3576 841 3631 sed
864 3575 1060 3630 animae
1081 3575 1295 3629 intima.

660 3750 771 3806 Nos
792 3751 1104 3821 apostolicae
1130 3760 1185 3807 et
1206 3749 1497 3805 universali
1523 3750 1782 3805 Ecclesia:
1820 3750 2174 3806 consentien-

591 3846 720 3915 tes(
757 3845 874 3899 bzec
907 3844 1053 3898 enim
1105 3844 1401 3914 Byzantina
1458 3853 1798 3915 segmentum
1834 3852 1918 3898 est
1949 3844 2169 3898 haereti-

590 3952 735 4001 cum,
757 3936 842 3990 cui
867 3937 1109 3990 solemne
1128 3945 1213 3990 est
1235 3946 1288 3990 et
1310 3937 1377 3990 ab
1402 3936 1523 3990 aliis
1542 3935 1856 4007 frequenter
1880 3937 2124 3991 abscindi
2150 3938 2167 4006 )

592 4026 878 4081 Dominum
908 4036 1155 4081 nostrum
1176 4025 1362 4080 Jesum
1390 4028 1669 4082 Christum
1695 4029 1962 4096 corporali
1994 4028 2166 4098 figura

588 4119 932 4189 depingimus
962 4136 977 4173 :
1015 4118 1153 4174 serie
1184 4134 1396 4173 sursum
1426 4120 1493 4174 ab
1521 4121 1639 4189 ipso
1669 4120 1791 4189 ejus
1823 4120 2056 4175 adventu
2101 4138 2170 4176 ex

588 4213 887 4282 apostolico
925 4212 1066 4268 facto
1093 4213 1342 4279 deducta,
1364 4213 1651 4284 imaginem
1682 4228 1747 4268 ex
1768 4213 1999 4284 imagine
2026 4214 2172 4268 deri-

588 4314 801 4371 vantes,
841 4306 1297 4376 quemadmodum
1330 4316 1384 4362 et
1418 4307 1643 4362 vivificae
1681 4306 1899 4362 crucis:
1939 4322 2047 4360 non
2073 4322 2169 4361 au-

593 4405 699 4450 tem
739 4406 799 4451 ut
835 4396 978 4451 hanc
1008 4397 1230 4468 quidem
1264 4397 1633 4468 exprimamus
1672 4412 1794 4466 qua:
1838 4397 2041 4452 Christi
2073 4413 2166 4451 ar-

2273 3484 2373 3554 τὴν
2408 3482 2713 3547 κοινωνίαν,
2745 3480 2989 3551 ἀδελφοὶ,
3035 3478 3110 3542 ὡς
3139 3480 3216 3532 ἰὸν
3254 3478 3453 3546 ὄφεως,
3480 3477 3851 3548 μελαίνουσαν

2274 3577 2336 3629 οὐ
2374 3575 2554 3644 σῶμα,
2583 3572 2659 3638 ὥς
2688 3572 2791 3626 πού
2851 3588 3017 3643 φησιν
3046 3573 3075 3626 ὀ
3106 3570 3399 3641 Θεολόγος·
3432 3568 3569 3623 ἀλλὰ
3618 3571 3685 3625 τὰ
3718 3571 3855 3642 βάθη

2272 3668 2373 3737 τῆς
2396 3668 2595 3738 ψυχῆςο

2344 3760 2421 3830 Τῇ
2446 3757 2781 3829 ἀποστολικῇ
2812 3756 2869 3810 δέ
2905 3755 2997 3809 καὶ
3027 3755 3121 3809 ὑπ’
3174 3754 3403 3828 οὐρανὸν
3441 3754 3750 3827 Ἐκκλησία
3790 3756 3856 3809 τὰ

2274 3853 2365 3905 ἴσα
2397 3849 2719 3921 φρονοῦντες
2745 3866 2758 3881 υ
2787 3849 2927 3919 αῦτη
2955 3849 3064 3919 γὰρ
3094 3850 3128 3919 ἠ
3158 3848 3486 3911 Βυζαντιαία
3531 3849 3733 3919 τμῆμα
3773 3850 3855 3902 αἰ-

2274 3943 2507 4015 ρετικὺν,
2540 3941 2615 4005 ὡς
2642 3940 2871 3995 εἰθισται
2902 3941 3040 4012 αὐτῇ
3066 3938 3348 4009 πολλαχῶς
3376 3938 3486 3993 τῶν
3514 3939 3698 3994 ἄλλων
3724 3942 3855 3994 ἀπο-

2273 4032 2552 4104 σχίζεσθαι
2584 4049 2597 4063 '
2652 4032 2991 4102 εἰκονίζομεν
3019 4031 3110 4085 τὸν
3162 4031 3365 4101 Κύριον
3420 4031 3579 4101 ἡμῶν
3644 4032 3852 4102 Ἰησοῦν

2270 4126 2505 4197 Χριστὸν
2534 4124 2831 4194 σωματικῷ
2869 4124 3203 4196 χαρακτῆρι,
3238 4122 3417 4194 εἰρμῷ
3462 4124 3542 4193 τῷ
3587 4125 3852 4179 ἀνέκαθεν

2270 4217 2366 4270 ἀπ’
2394 4216 2565 4285 αὐτῆς
2609 4216 2708 4286 τῆς
2766 4217 3091 4281 ἐπιφανείας
3151 4214 3315 4268 αὑτοῦ
3371 4215 3429 4281 ἐξ
3483 4216 3852 4285 ἀποστολικῆς

2271 4308 2521 4380 πράξεως
2558 4308 2918 4379 παρηγμένῳ,
2951 4306 3009 4373 ἐξ
3055 4305 3262 4368 εἰκόνος
3324 4305 3509 4359 εἰκόνα
3568 4308 3849 4377 μεταγρά-

2272 4417 2488 4470 φοντες,
2516 4399 2768 4469 καθάπερ
2799 4398 2894 4450 καὶ
2953 4396 3047 4450 τοῦ
3092 4396 3364 4461 ζωοποιοῦ
3413 4399 3654 4470 σταυροῦ
3689 4417 3703 4430 ·
3759 4401 3848 4454 καὶ

590 4498 803 4544 matura
829 4498 915 4544 est
952 4490 1215 4545 adversus
1261 4490 1537 4545 diabolum
1560 4533 1573 4554 ,
1615 4489 1792 4558 ipsum
1829 4498 2012 4543 autem
2053 4505 2165 4544 non

2276 4492 2349 4564 μὴ
2397 4491 2490 4545 τὸν
2545 4491 2644 4559 μὲν
2715 4488 3051 4554 τυποῦντες,
3107 4489 3165 4553 ὃς
3218 4490 3365 4542 ἐστιν
3393 4488 3558 4543 ὅπλον
3606 4491 3844 4562 Χριστοῦ

590 4584 957 4653 exprimamus
976 4582 1067 4654 qui
1097 4583 1330 4654 armiger
1364 4590 1448 4636 est
1477 4590 1532 4636 et
1562 4580 1883 4637 interfector
1921 4581 2156 4637 Satanaz.

588 4673 694 4740 Qui
719 4673 865 4728 enim
912 4673 1128 4743 depingi
1165 4684 1328 4741 queat
1379 4682 1652 4727 armatura
1691 4672 1884 4727 victrix
1919 4688 1982 4727 ac
2013 4688 2163 4737 vera,

590 4782 712 4835 quae
735 4775 1003 4820 armatum
1030 4782 1247 4836 quoque
1275 4767 1451 4836 ipsum
1507 4766 1679 4820 oculis
1709 4781 1817 4819 non
1852 4766 2110 4835 subjiciat
2141 4764 2165 4817 ?

587 4857 891 4912 Adoramus
906 4857 1099 4912 deinde
1133 4867 1373 4911 sanctam
1405 4857 1523 4926 ejus
1558 4858 1871 4927 imaginem,
1904 4866 2161 4925 tanquam

590 4964 904 5018 expressum
945 4948 999 5002 in
1060 4963 1126 5003 ea
1182 4946 1461 5003 Christum
1500 4948 1809 5001 adorantes.
1860 4948 2165 5016 Expressus

590 5042 737 5094 enim
769 5048 823 5094 et
849 5039 1169 5095 efformatus
1192 5056 1261 5094 ex
1290 5048 1446 5093 utero
1477 5038 1678 5109 prodiit
1708 5039 1947 5107 Deiparac
1969 5040 2162 5094 matris

588 5148 702 5189 sua:
731 5149 743 5185 :
774 5133 857 5186 sin
884 5131 1089 5197 minus,
1119 5134 1427 5187 abortivum
1452 5131 1707 5200 quiddam
1738 5138 1793 5184 et
1820 5146 1929 5185 non
1962 5132 2170 5185 forma-.

588 5232 679 5277 tus
710 5222 874 5277 homo
903 5222 1024 5286 fuit,
1059 5238 1093 5276 o
1145 5223 1484 5278 theomachi!
1529 5221 1679 5287 Quod
1712 5222 1753 5275 si
1791 5222 2160 5278 conformatus

586 5311 768 5367 infans
794 5313 993 5382 prodit,
1025 5322 1084 5368 ut
1116 5329 1301 5367 verum
1338 5322 1444 5378 est,
1475 5313 1541 5366 de
1569 5328 1676 5380 quo
1703 5312 1838 5365 dixit
1864 5313 2156 5380 propheta:

587 5400 751 5457 Omne
772 5403 1115 5457 masculinum
1134 5404 1445 5472 adaperiens
1463 5401 1667 5455 vulvam
1690 5411 1929 5454 sanctum
1950 5401 2054 5454 Deo
2073 5419 2159 5455 v0-

587 5494 796 5547 cabitur
822 5496 902 5561 “;
933 5510 1155 5550 necesse
1185 5511 1407 5565 prorsus
1439 5505 1521 5549 est
1575 5505 1634 5548 ut
1672 5494 1899 5563 exprimi
1961 5504 2156 5548 natura

585 5597 682 5638 sua
710 5585 880 5653 possit
902 5594 955 5639 et
984 5584 1183 5655 effingi.
1214 5584 1397 5649 Sardi,
1433 5586 1643 5649 audite;
1681 5585 1825 5646 cwci,
1848 5584 2063 5651 aspicite
2095 5586 2158 5636 ".

590 5674 708 5732 Una
739 5678 790 5731 in
818 5690 880 5733 re
901 5679 1163 5733 duntaxat
1216 5677 1511 5732 novitatem
1546 5676 1597 5729 in
1655 5674 1876 5729 Christo
1913 5673 2161 5743 agnosci-

658 5807 705 5839 “
734 5806 930 5877 Philip.
964 5809 1016 5862 7.
1092 5812 1137 5843 ⁸⁸
1178 5808 1345 5865 Hebr.
1399 5826 1457 5872 ιι,
1496 5809 1581 5863 16.
1659 5811 1704 5841 ’⁸
1748 5810 1917 5863 Exod.
1976 5823 2094 5872 ιιιιι,
2122 5808 2155 5861 ‘2

2277 5822 2363 5862 uc.
2390 5823 2447 5871 ιι,
2482 5807 2569 5861 15.

2273 4585 2414 4637 κατὰ
2452 4582 2547 4636 τοῦ
2578 4582 2822 4636 διαϐόλου
2845 4598 2857 4611 ·
2880 4581 2971 4635 τὸν
2995 4582 3053 4634 δέ
3079 4582 3180 4636 οὐκ
3213 4582 3597 4647 εἰκονίζοντες,
3627 4584 3688 4646 ὃς
3704 4589 3845 4637 ἐστιν

2270 4676 2498 4745 ὁπλίτης
2540 4675 2636 4728 καὶ
2674 4673 3004 4744 καθαιρέτης
3040 4674 3135 4727 τοῦ
3193 4674 3427 4727 Σατανᾶ.
3481 4674 3593 4727 Ποῦ
3623 4676 3733 4747 γὰρ
3784 4676 3844 4729 ἂν

2270 4765 2576 4836 ἐγγραφείη
2600 4764 2761 4817 ὅπλον
2787 4764 3065 4833 νικητικὸν
3092 4764 3185 4817 καὶ
3202 4764 3425 4832 ἀληθὲς,
3462 4765 3540 4835 μὴ
3579 4766 3675 4819 τὸν
3698 4767 3845 4820 ὁπλί-

2269 4874 2372 4927 την
2426 4856 2548 4927 ἔχον
2599 4858 2690 4910 ὑπ’
2721 4857 2845 4926 ὄψιν
2888 4855 3275 4925 δεικνύμενον;
3308 4851 3440 4908 Εῖτα
3466 4857 3564 4909 καὶ
3606 4876 3843 4929 προσκυιι

2268 4950 2466 5019 νοῦμεν
2490 4948 2656 5003 αὑτοῦ
2682 4948 2781 5017 τὴν
2820 4948 2981 5017 ἁγίαν
3011 4948 3220 5012 εἰκόνα,
3246 4948 3323 5010 ὡς
3373 4947 3432 4999 ἐν
3487 4948 3630 5019 αὐτῇ
3677 4966 3839 5021 προσ-

2265 5039 2553 5102 κυνοῦντες
2577 5040 2668 5092 τὸν
2694 5038 3123 5108 ἐξεικονισμὲνον
3142 5038 3376 5104 Χριστόν
3396 5077 3409 5091 .
3444 5038 3839 5110 Ἐξεικονισμέ-

2264 5152 2353 5196 νος
2382 5134 2492 5203 γὰρ
2519 5133 2789 5204 προῆλθεν
2820 5134 2884 5185 ἐκ
2915 5132 3121 5195 κοιλίας
3154 5132 3363 5202 μητρὸς
3392 5132 3563 5186 αὐτοῦ
3598 5134 3838 5203 1175850-

2262 5227 2419 5279 τόκου
2447 5242 2460 5255 ·
2492 5225 2619 5278 εἰδὲ
2657 5225 2768 5295 μὴ,
2792 5225 3184 5294 ἀμϐλωθρέδιόν
3222 5240 3274 5275 τι
3328 5226 3422 5277 καὶ
3452 5228 3512 5278 ού
3545 5243 3834 5297 μεμορφω-

2270 5316 2430 5383 μένος
2459 5316 2763 5387 ἄνθρωπος,
2794 5309 2837 5367 ὦ
2868 5314 3124 5383 θεομάχοι
3156 5318 3167 5368 ί
3200 5316 3261 5367 Εἰ
3323 5315 3381 5367 δὲ
3404 5316 3833 5387 ἐξεικονισμένον

2264 5404 2325 5457 τὸ
2352 5406 2549 5474 βρέφος
2581 5406 2846 5477 πρόεισιν,
2882 5404 3071 5474 ὥσπερ
3095 5404 3289 5475 ἀληθές
3320 5421 3339 5436 ο
3388 5405 3522 5474 περὶ
3563 5402 3625 5459 οὗ
3682 5424 3832 5476 φησιν

2267 5492 2295 5543 ὁ
2328 5492 2615 5561 προφήτης
2649 5507 2662 5521 ⁸
2696 5490 2825 5543 Πᾶν
2852 5491 3041 5557 ἄρσεν
3071 5490 3374 5558 διανοῖγον
3400 5490 3645 5559 μήτραν
3675 5493 3833 5561 ἅγιον

2268 5580 2350 5644 τῷ
2380 5578 2500 5643 Θεῷ
2532 5578 2901 5645 κληθήσεται
2927 5594 2941 5609 ο
2974 5580 3123 5631 πᾶσα
3170 5578 3381 5646 ἀνάγκη
3429 5579 3528 5631 καὶ
3588 5580 3831 5645 ἐξεικονί-

2271 5672 2457 5735 ζεσθαι
2508 5672 2770 5739 πέφυκεν.
2797 5674 2859 5723 Οἱ
2891 5670 3097 5738 κωφοὶ,
3128 5671 3452 5737 ἀκούσατε,
3485 5672 3589 5726 καὶ
3653 5675 3709 5727 cl
3744 5689 3831 5725 τυ-

2645 5808 2688 5837 ²⁷
2723 5806 2823 5860 lsa.
2876 5821 3005 5869 XLII,
3031 5803 3117 5857 18.
