3990 6318
168 373 322 440 1133

1373 375 1903 432 EPISTOIARUM
1942 375 2088 434 LIB.
2133 375 2214 430 ll.

3305 376 3442 441 113i

160 485 692 556 φλο),ὲμϐλέψατε
713 501 726 516 ’
760 485 816 536 ἐν
854 485 934 536 ἑνὶ
986 486 1200 554 μονονή
1234 484 1358 536 καθ’
1397 486 1546 553 ἡμᾶς
1573 501 1752 537 καινο-

1860 499 1994 546 mus,
2029 484 2172 552 quod
2213 483 2333 536 sine
2358 482 2567 536 semine
2601 482 2653 535 iu
2685 481 2923 552 Virginis
2969 493 3126 538 utero
3147 499 3444 556 conceptus

159 583 338 650 τομία
365 582 458 631 ἐπὶ
496 577 734 646 Χριστοῦ
765 593 778 606 ·
813 577 1037 629 ὅτιᾶνευ
1072 576 1280 645 σπορᾶς
1317 575 1671 644 συνείληπται
1695 575 1753 625 ὲν

163 673 367 740 μήτρᾳ
400 668 706 737 Παρθένου,
740 669 846 720 καὶ
873 669 994 736 δίχα
1036 667 1241 736 φθορᾶς
1268 667 1592 736 γεγέννηται
1624 681 1637 694 °
1665 682 1757 717 κα-

161 763 289 815 θότι
323 762 466 814 οὐδὲ
499 762 792 831 ἁμαρτίαν
839 761 1095 826 ἐποίησε
1128 745 1426 826 γραφικῶς
1450 775 1462 786 θ
1498 757 1639 812 οὐδὲ
1656 756 1756 808 δό-

158 856 280 915 λος
322 853 536 918 εὑρέθη
581 852 651 903 ἐν
697 847 777 913 τῷ
835 849 1085 916 στόματι
1143 846 1351 901 αὑτοῦ.
1408 846 1489 898 Τὰ
1533 845 1578 897 δ’
1621 845 1757 899 ἄλλα

160 938 352 990 πάντα
402 936 521 989 καθ’
551 937 700 1004 ἡμᾶς
733 952 747 966 ⁶
794 936 996 1005 ἔφαγεν
1032 951 1045 963 ·
1083 935 1204 987 ἔπιε
1231 953 1244 966 ·
1272 934 1618 1002 διεπνεύσθηο
1653 933 1756 1004 ηὖ-

162 1027 342 1097 ξησεν
364 1046 378 1060 ο
410 1029 660 1083 ὲῦάὸισεν
685 1045 697 1058 ο
737 1027 963 1098 ἵδρωσεν
990 1044 1004 1058 ·
1030 1028 1324 1080 ἐκοπίασεν
1353 1044 1366 1058 ⁸
1397 1027 1718 1098 ἐσταυρώθη
1739 1043 1751 1054 ·

160 1119 453 1172 ἀπέθανε(
484 1119 608 1183 κᾶν,
643 1118 718 1180 ὡς
741 1118 892 1180 Θεὸς,
935 1119 1236 1188 τριήμερος
1265 1119 1582 1186 ἐγήγερται,
1618 1117 1755 1187 ἔχων

164 1211 269 1264 καὶ
324 1210 466 1279 μετά
494 1211 591 1279 τὴν
617 1211 916 1263 ἀνάστασιν
948 1211 1048 1280 τὴν
1096 1210 1540 1280 ὲξεικονισμένην
1597 1210 1755 1280 ἡμῶν

171 1302 401 1372 μορφὴν
427 1300 719 1355 Θεωθεῖσαν
748 1304 841 1355 καὶ
861 1303 1317 1370 ἁφθαρτισθεῖσαν
1338 1304 1402 1354 ἓν
1419 1301 1565 1371 αύτῷ
1591 1317 1604 1331 ·
1626 1303 1724 1354 καθ
1743 1303 1755 1322 ‘

168 1395 239 1465 ἢν
278 1395 379 1448 καὶ
402 1394 596 1466 ἐθεάθη
658 1398 768 1460 τοῖς
799 1395 1137 1459 ἀποστόλοις,
1186 1395 1280 1447 καὶ
1338 1394 1612 1462 συνέφαγε
1662 1395 1756 1445 καί⁸

164 1490 433 1540 συνέπιεν
474 1489 870 1558 ἐγηγερμένος,
894 1488 988 1540 καὶ
1033 1487 1358 1558 ὲψηλαφήθη
1389 1487 1493 1540 ὑπὸ
1538 1487 1707 1556 Θωμᾶ
1739 1503 1750 1515 ·

165 1580 356 1646 λέγων
381 1582 494 1641 τοῖς
525 1580 691 1631 πᾶσιν
711 1579 1124 1648 ὑποτοπήσασιν
1151 1578 1311 1632 αὑτὸν
1335 1577 1552 1647 πνεῦμα
1579 1573 1752 1631 εἶναι’

174 1669 601 1738 Ψηλαφήσατέ
623 1687 701 1739 με
725 1670 820 1723 καὶ
843 1670 1022 1736 ἴδετε,
1043 1670 1131 1724 ὅτι
1159 1669 1396 1739 πνεῦμα
1429 1668 1627 1736 σάρκα
1655 1669 1754 1722 καί

169 1761 363 1813 ὀστέα
393 1761 505 1814 οὐκ
530 1759 676 1827 ἔχει,
709 1760 901 1826 καθὼς
941 1759 1046 1829 ἐμὲ
1074 1760 1339 1828 θεωρεῖτε
1366 1761 1603 1830 ἔχοντα.
1644 1759 1752 1812 Οὖ-

1860 573 1948 637 sit,
1965 583 2017 625 et
2041 573 2157 626 sine
2187 573 2540 640 corruptione
2563 582 2861 642 prognatus
2885 593 2896 627 :
2918 576 3121 643 quippe
3146 578 3235 644 qui
3258 594 3445 644 pecca—

1860 676 1967 715 tum
1997 680 2097 715 non
2122 665 2261 732 fecit,
2323 679 2413 715 nec
2443 665 2680 730 inventus
2707 674 2781 717 est
2814 665 2962 718 dolus
2995 668 3050 717 in
3081 683 3168 719 ore
3206 668 3325 735 ejus
3374 669 3443 722 ³⁸.

1857 757 2065 810 (ἔξειπε
2090 766 2270 809 autem
2293 757 2475 809 omnia
2507 773 2658 810 more.
2691 767 2902 821 nostro,
2923 759 3055 823 edit,
3074 760 3207 812 bibit
3238 801 3251 822 ,
3284 761 3448 828 spiri-

1860 858 1971 901 tum
2004 849 2196 913 duxit,
2246 847 2438 909 crevit,
2498 849 2832 913 ambulavit,
2888 850 3127 915 sudavit,
3162 852 3444 912 laboravit.

1864 940 2154 994 cruciﬁxus
2200 950 2320 1002 est,
2363 949 2611 993 mortuus
2657 951 2741 994 est
2773 960 2784 993 :
2818 943 2942 1008 etsi,
2979 953 3037 996 ut
3075 944 3252 1007 Deus,
3291 946 3449 996 tertio

1858 1030 1945 1084 die
1978 1031 2318 1096 resurrexit,
2354 1031 2563 1085 habens
2593 1032 2758 1084 etiam
2811 1042 2932 1101 post
2989 1035 3446 1089 resurrectionem

1857 1135 2171 1189 expressam
2207 1121 2435 1176 formam
2467 1133 2708 1176 nostram
2763 1123 2875 1192 jam
2915 1124 3216 1179 deiﬁcatam
3252 1135 3305 1180 et
3343 1127 3446 1180 im-

1858 1214 2139 1267 mortalem
2170 1215 2222 1268 in
2255 1215 2372 1284 ipso
2401 1215 2595 1270 factam
2634 1217 2966 1271 :secundum
3012 1233 3174 1285 quam
3211 1227 3264 1272 et
3295 1220 3446 1273 visus

1857 1314 1939 1356 est
1971 1304 2039 1356 ab
2068 1303 2344 1372 apostolis,
2373 1314 2427 1358 et
2462 1321 2582 1359 cum
2612 1305 2719 1358 illis
2759 1305 2891 1368 edit,
2924 1306 3098 1370 bibit,
3147 1309 3441 1363 redivivus.

1857 1406 1910 1448 et
1942 1412 1972 1450 a
1997 1396 2204 1451 Thoma
2230 1407 2599 1452 contrectatus
2623 1409 2705 1452 est
2734 1417 2746 1451 :
2781 1400 3033 1453 omnibus
3061 1401 3150 1469 qui
3172 1417 3293 1454 eum
3322 1416 3444 1456 esse

1857 1491 2104 1558 spiritum
2128 1492 2547 1561 suspicabantur
2563 1532 2576 1556 ,
2596 1493 2813 1548 dicens:
2839 1492 3062 1562 Palpate
3085 1512 3164 1548 me
3187 1506 3232 1547 et
3251 1496 3441 1558 videte,

1857 1581 1980 1648 quia
2002 1581 2218 1649 spiritus
2241 1598 2453 1636 carnem
2473 1593 2519 1635 et
2545 1598 2659 1636 ossa
2681 1600 2781 1636 non
2806 1578 2975 1648 liabet,
2999 1586 3130 1637 sicut
3150 1586 3334 1639 videtis
3355 1602 3437 1639 me

1856 1671 2047 1724 habere
2069 1671 2234 1726 ".Sic
2267 1681 2322 1726 et
2345 1682 2656 1742 assumptus
2675 1682 2758 1728 est
2781 1675 2832 1727 in
2857 1676 3022 1745 gloria
3049 1693 3061 1727 :
3089 1676 3164 1730 sic
3184 1686 3237 1730 et
3255 1678 3434 1732 veniet

1859 1763 1910 1818 in
1941 1763 2115 1819 forma
2135 1767 2323 1820 eadem
2347 1767 2545 1835 speciei
2570 1776 2768 1821 nostrae
2796 1785 2810 1820 :
2843 1783 3002 1847 quem
3032 1768 3233 1822 videbit
3256 1769 3434 1822 omnis

169 1868 250 1903 τω
282 1854 381 1904 καὶ
430 1852 711 1922 ἀνελήφθη
741 1853 799 1905 ὲν
827 1852 955 1923 δόξῃ
991 1869 1004 1882 ·
1050 1851 1312 1915 ὡσαύτως
1363 1858 1456 1906 καὶ
1516 1853 1635 1922 ἥξει
1696 1854 1755 1905 ὲν

1860 1872 1987 1912 caro
2012 1859 2075 1910 de
2106 1858 2150 1888 ³⁰
2186 1858 2336 1922 τωίο,
2363 1875 2481 1911 cum
2520 1859 2718 1928 angelis
2745 1843 2952 1912 virtutis
2976 1861 3108 1928 ejus,
3140 1863 3193 1912 in
3224 1863 3443 1928 ﬂamma

173 1947 364 2014 μορφῇ
395 1946 464 2014 τῇ
524 1945 661 2013 αὐτῇ
709 1943 803 1996 τοῦ
855 1944 977 1997 καθ’
1020 1945 1168 2013 ἡμᾶς
1224 1943 1395 2006 εἴδους
1429 1959 1440 1970 ·
1468 1943 1527 1994 ὃν
1571 1943 1760 2012 ὄψεται

169 2038 328 2089 πᾶσα
373 2035 511 2106 σάρξ
559 2036 665 2090 ἀπ’
705 2035 962 2104 οὐρανοῦ
997 2036 1124 2104 μετ’
1150 2034 1420 2104 ἀγγέλων
1453 2032 1761 2100 δυνάμεως

167 2127 363 2182 αὑτοῦ
393 2128 464 2180 ἐν
485 2127 624 2194 πυρί
652 2126 900 2195 φλογὸς,
960 2126 1212 2178 διδόντα
1271 2125 1586 2190 ἐκδίκησιν
1636 2123 1760 2188 τοῖς

165 2220 253 2289 μὴ
280 2220 476 2274 είδόσι
508 2220 676 2282 Θεὸν,
708 2219 805 2272 καὶ
835 2219 959 2285 τοῖς
986 2219 1069 2288 μὴ
1108 2219 1498 2272 ὑπακούσασι
1521 2217 1598 2281 τῷ
1645 2217 1758 2270 Εὐ-

171 2313 436 2381 αγγελίῳ
487 2311 695 2373 αὐτοῦ,
766 2310 945 2373 καθὼς
999 2311 1344 2380 γέγραπται’
1409 2309 1527 2379 μεθ’
1589 2301 1663 2362 ὧν
1708 2311 1756 2362 οί

174 2403 595 2474 σταυρώσαντες
624 2403 786 2456 αὐτὸν
822 2403 1065 2457 Ἰουδαῖοι
1092 2403 1368 2472 κόψονται,
1419 2404 1512 2454 καὶ
1569 2403 1621 2454 οί
1680 2402 1755 2470 μὴ

172 2495 497 2565 ἀνεχόμενοι
563 2494 725 2547 αὑτὸν
790 2493 1073 2557 είκονίζειν
1124 2493 1508 2562 Εἰκονομάχοι.
1569 2491 1756 2544 Ταῦτά

173 2586 346 2649 ἐστιν,
383 2585 627 2653 ἀδελφοὶ,
651 2585 718 2638 τά
738 2584 1067 2653 εὐαγγελικά
1097 2585 1451 2654 κηρύγματα·
1476 2583 1650 2636 ταῦτα
1683 2583 1753 2636 τὰ

177 2678 519 2732 ἀποστολικὰ
557 2677 881 2746 διδάγματα.
906 2677 969 2730 Οί
1008 2677 1066 2730 δὲ
1110 2675 1372 2730 τάναντία
1403 2676 1748 2746 φρονοῦντες,

177 2772 254 2834 είς
287 2771 480 2842 ἕτερον
512 2770 915 2838 Εὐαγγέλιον,ὖ
964 2771 1064 2822 οὑκ
1123 2769 1270 2822 ἐστιν
1319 2770 1465 2834 ἀλλο,
1515 2769 1750 2840 πειρῶν-

175 2877 265 2914 ται
298 2861 675 2931 μεταστρέψαι
722 2860 814 2913 τὸν
865 2860 992 2913 λαὸν
1037 2859 1131 2912 τοῦ
1179 2859 1338 2923 Θεοῦ,
1387 2860 1752 2931 προφέροντες

178 2951 308 3004 νόθα
360 2951 773 3022 συγγράμματα
797 2965 811 2980 ·
840 2952 904 3004 ὲκ
924 2949 1133 3013 κοιλίας
1166 2948 1492 3018 φωνοῦντες,
1529 2950 1622 3001 καὶ
1651 2949 1752 3002 οὑκ

179 3043 285 3096 ἀπὺ
311 3043 583 3114 στόματος
625 3042 854 3113 Κυρίου.
887 3041 1060 3094 Είωθε
1102 3041 1209 3110 γὰρ
1242 3041 1328 3094 ἀεὶ
1383 3041 1458 3110 τῷ
1495 3040 1626 3111 σίτῳ
1680 3039 1750 3092 τὰ

179 3135 394 3199 ζιζάνια
424 3134 921 3206 παρασπείρεσθαι,
958 3135 1052 3188 καὶ
1077 3136 1142 3205 τῇ
1174 3133 1401 3206 ἀληθείᾳ
1459 3133 1520 3186 τὸ
1554 3132 1748 3201 ψεῦδος
1776 3178 1818 3234 C

180 3226 601 3295 παρατίθεσθαι.
647 3226 796 3278 Ἐπεὶ
827 3225 943 3289 πῶς
967 3226 1063 3278 καὶ
1085 3225 1280 3296 φανείη
1301 3223 1529 3296 ἀλήθεια
1558 3225 1633 3294 μὴ
1657 3225 1744 3276 ἀνι

179 3317 418 3384 τιλογίαν
449 3315 688 3387 ἐχουσας
763 3316 938 3370 Ἀλλὰ
972 3316 1068 3370 καί
1101 3315 1210 3369 ἐὰν
1267 3317 1462 3384 ἡμεῖς,
1526 3315 1690 3384 φησὶν
1723 3315 1751 3366 ὁ

191 3408 534 3472 ’Δπὸστολος,
560 3408 598 3477 ἢ
631 3408 885 3477 ἅγγελος
909 3408 978 3472 ἐξ
1011 3408 1274 3477 οὐρανοῦ
1306 3407 1750 3478 εὐαγγελίζηται

1859 1947 2015 2015 ignis,
2047 1946 2334 2000 vindictam
2365 1948 2578 2001 dantem
2607 1948 2671 2000 iis
2707 1949 2795 2017 qni
2825 1965 2924 2000 non
2971 1959 3220 2002 noverunt
3251 1949 3444 2014 Deum,

1859 2046 1906 2090 et
1924 2038 2012 2106 qui
2037 2037 2320 2108 Evangelia
2343 2038 2456 2106 ejus
2477 2055 2577 2090 non
2597 2039 2898 2091 obedierunt
2925 2039 2991 2103 3°,
3014 2041 3156 2094 sicut
3178 2040 3442 2109 scriptum

1858 2136 1942 2181 est
1967 2145 1978 2180 :
2003 2143 2125 2182 cum
2157 2129 2354 2198 quibus
2380 2129 2634 2199 plangeut
2676 2137 2731 2182 et
2765 2130 2856 2197 qui
2905 2130 3291 2184 cruciﬁxeru’nt
3314 2145 3442 2184 eum

1856 2218 2048 2283 Judaei,
2079 2228 2134 2272 et
2161 2220 2253 2288 qui
2274 2221 2393 2288 ejus
2420 2218 2647 2288 emgiem
2670 2218 2782 2273 ﬁeri
2810 2234 2916 2274 non
2943 2219 3124 2274 ferunt
3156 2219 3442 2274 lconoma-

1857 2308 1966 2361 chi.
2006 2307 2131 2364 llzec
2168 2317 2273 2374 est,
2313 2311 2529 2373 fratres,
2576 2310 2886 2379 evangelica
2928 2311 3241 2378 praedicatio
3277 2329 3290 2363 :
3326 2309 3442 2364 haec

1857 2408 1986 2452 sunt
2004 2400 2294 2469 apostolica
2315 2399 2662 2453 documenta.
2684 2399 2784 2465 Qui
2803 2414 2933 2454 vero
2956 2409 3144 2455 contra
3165 2401 3438 2464 sentiunt,

1856 2490 1921 2544 ad
1949 2490 2094 2543 aliud
2124 2489 2475 2560 Evangelium
2495 2491 2561 2556 “,
2585 2491 2728 2560 quod
2762 2491 2982 2561 quidem
3014 2507 3120 2547 non
3154 2492 3302 2548 aliud
3333 2501 3439 2556 est,

1856 2582 1950 2636 Dei
1982 2583 2244 2652 populum
2283 2582 2568 2637 traducere
2589 2593 2878 2650 conantur,
2899 2583 3205 2638 adulterina
3235 2583 3439 2652 scripta

1857 2670 2216 2739 proferentes,
2240 2685 2305 2723 ex
2327 2677 2517 2723 ventre
2542 2671 2849 2739 loquentes,
2879 2681 2934 2725 et
2964 2687 3070 2724 non
3107 2686 3172 2724 ex
3206 2686 3301 2725 ore
3335 2671 3443 2726 Do-

1855 2761 2011 2814 mini.
2049 2762 2238 2816 Solent
2267 2777 2484 2831 semper
2523 2776 2651 2816 eum
2693 2761 2871 2817 tritico
2907 2762 3114 2816 zizania
3160 2764 3438 2835 seminari,

1852 2863 1906 2907 et
1945 2854 2154 2907 veritati
2181 2854 2522 2908 mendacium
2561 2855 2791 2924 aspergi.
2827 2854 3110 2919 Quomodo
3148 2856 3292 2909 enim
3346 2873 3439 2910 ve-

1854 2945 1985 2998 ritas
2010 2945 2298 3008 elucescat,
2345 2944 2388 2997 si
2431 2945 2913 2999 contradictionem
2965 2945 3164 2998 nullam
3205 2946 3443 2999 habeat?

1853 3034 1956 3088 Sed
1986 3035 2101 3088 licet
2132 3049 2242 3100 nos,
2278 3033 2450 3104 inquit
2477 3033 2786 3102 Apostolus,
2818 3043 2909 3086 aut
2953 3035 3172 3104 angelus
3213 3035 3276 3087 de
3315 3036 3439 3088 caelo

1850 3127 2166 3196 evangelizet
2214 3126 2382 3189 vobis,
2427 3134 2616 3195 prteter
2665 3141 2825 3194 quam
2871 3131 3006 3195 quod
3062 3126 3441 3193 evangelisavi-

1857 3235 1970 3271 mus
1993 3218 2153 3283 vobis,
2195 3219 2478 3270 anathema
2514 3217 2618 3270 sit:
2643 3218 2775 3271 sicut
2805 3217 3176 3286 praediximus,
3213 3226 3260 3269 et
3304 3234 3440 3270 nunc

1856 3313 2045 3366 iterum
2071 3311 2223 3362 dico:
2253 3308 2310 3364 Si
2332 3311 2445 3379 quis
2467 3307 2606 3361 vobis
2645 3308 2953 3377 evangelizet
2988 3317 3175 3376 praeter
3226 3309 3281 3360 id
3302 3309 3440 3377 quod

1860 3402 2157 3471 accepistis,
2186 3404 2470 3453 anathema
2501 3400 2568 3452 sit
2600 3399 2666 3453 η.

183 3499 322 3568 ὑμῖν
349 3501 489 3568 παρ’
515 3500 546 3553 ὃ
580 3500 1090 3569 εὐηγγελισάμεθα
1118 3499 1278 3569 ὑμῖν,
1309 3499 1575 3568 ἀνάθεμα
1600 3500 1754 3552 ἔστω
1779 3512 1791 3527 ·
1829 3497 1911 3561 ὡς
1957 3493 2419 3563 προειρήκαμεν,
2450 3491 2556 3546 καί
2587 3491 2720 3559 ἄρτι
2780 3489 2968 3543 πάλιν
2991 3487 3147 3558 λέγω
3173 3503 3187 3518 ο
3248 3485 3321 3540 Εἰ
3349 3503 3438 3549 τις

183 3586 612 3657 εὐαγγελίζεται
664 3586 819 3655 ὑμᾶς
853 3589 986 3655 παρ’
1013 3587 1045 3641 δ
1074 3587 1456 3656 παρελάϐετε,
1500 3585 1766 3654 ἀνάθεμα
1803 3583 1960 3637 ἔστω

254 3679 388 3750 Περὶ
409 3680 467 3734 δὲ
498 3679 598 3749 τῆς
629 3677 917 3743 Θεοτόκου,
955 3678 988 3747 ἣ
1043 3678 1352 3732 οὑτινοσοῦν
1406 3677 1515 3732 τῶν
1555 3677 1754 3746 ἁγίων,

183 3770 261 3822 ὅτι
296 3771 671 3836 είκονίζονται,
702 3771 962 3840 περισσόν
982 3770 1071 3840 μοί
1096 3772 1213 3824 ἐστι
1249 3772 1312 3824 τὸ
1334 3772 1568 3842 γράφειν
1594 3772 1748 3840 ὑμῖν.

196 3859 427 3914 Ἠλίθιον
459 3862 568 3932 γὰρ
600 3862 879 3914 ὁντιναοῦν
907 3861 1198 3932 ἄνθρωπον
1229 3862 1397 3932 φαίην
1460 3862 1536 3933 μὴ
1581 3879 1753 3933 χαρα-

185 3952 559 4020 κτηρίξεσθαι.
607 3953 745 4006 Ἀλλ’
776 3955 826 4006 οί
879 3953 1110 4025 Χριστὸν
1134 3955 1552 4025 ἀπαναινόμενοι
1599 3972 1754 4026 περι-

185 4042 510 4110 γράφεσθαι,
563 4045 623 4108 ὄς
685 4047 832 4098 ἐστιν
873 4047 905 4116 ἡ
957 4045 1165 4116 κεφαλὴ
1223 4045 1316 4100 τοῦ
1366 4047 1611 4116 σώματος
1654 4048 1754 4116 τῆς

198 4129 544 4203 Ἑκκλησίας,
574 4137 967 4204 συμπεριελεῖν
1014 4137 1197 4200 ἔδοξαν
1224 4138 1317 4190 καὶ
1344 4137 1412 4189 τὰ
1450 4138 1587 4207 μέλη
1617 4139 1753 4207 Χρι-

189 4221 311 4274 στοῦ
345 4225 420 4294 μὴ
451 4223 813 4288 είκονίζεσθαι
839 4241 853 4256 ·
885 4225 1042 4298 είπερ
1071 4226 1242 4296 σῶμα
1271 4227 1532 4296 Χριστοῦ
1582 4227 1754 4296 ἡμεῖς

189 4312 426 4382 πάντες,
445 4316 546 4370 καί
566 4316 721 4385 μέλη
751 4317 820 4370 ἐκ
841 4319 1081 4386 μέρους.
1120 4319 1382 4389 Ἔλεγχος
1406 4320 1512 4388 γὰρ
1545 4320 1752 4383 αὐτοῖς,

1928 3676 2003 3731 De
2031 3677 2256 3747 Deipara
2284 3684 2464 3730 autem
2492 3683 2547 3729 et
2573 3687 2896 3743 unoquoque
2923 3680 3234 3726 sanctorum
3260 3711 3273 3734 ,
3292 3667 3439 3740 quod

1854 3783 2042 3822 eorum
2093 3767 2354 3838 imagines
2400 3766 2789 3829 efformantur,
2843 3763 3330 3833 supervacaneum'
3354 3769 3440 3817 est

1856 3861 1988 3914 mihi
2011 3861 2248 3915 scribere
2275 3860 2448 3914 vobis.
2474 3859 2709 3913 Stultum
2737 3858 2934 3928 quippe
2967 3857 3192 3910 dixerim
3214 3898 3227 3920 ,
3246 3871 3438 3925 quem-

1854 3968 2070 4021 cunque
2138 3953 2414 4006 hominem
2467 3967 2573 4005 non
2629 3952 2865 4021 (igurari.
2894 3949 2964 4003 At
3010 3949 3102 4017 qui
3159 3948 3438 4003 Christum

1857 4045 2226 4099 circumscribi
2256 4054 2474 4115 negant,
2521 4045 2612 4115 qui
2646 4051 2729 4099 est
2769 4053 2931 4112 caput
2969 4042 3212 4111 corporis
3255 4040 3442 4094 Eccle-

1856 4138 1984 4200 δίας
2019 4137 2220 4192 inlerre
2261 4151 2368 4190 una
2393 4137 2697 4200 voluerunt,
2733 4135 2974 4188 membra
3004 4133 3190 4187 itidem
3234 4131 3437 4186 Christi

1857 4245 1965 4282 non
1992 4227 2167 4298 efﬁngi
2197 4245 2209 4280 :
2239 4227 2501 4296 siquidem
2530 4243 2714 4295 corpus
2739 4226 2928 4281 Christi
2955 4243 3046 4279 nos
3100 4242 3280 4280 sumus
3322 4242 3438 4277 om-

1858 4335 1962 4383 nes,
1992 4327 2041 4372 et
2060 4319 2288 4372 membra
2320 4334 2383 4371 ea:
2423 4327 2570 4386 parte
2599 4317 2662 4370 ³³.
2695 4316 2938 4386 Ipsorum
2973 4326 3154 4371 autem
3187 4316 3442 4370 confuta-

193 4405 400 4474 μητέρα
458 4406 561 4476 μὲν
607 4405 742 4458 Θεοῦ
777 4406 1138 4470 είκονίζεσθαι
1223 4407 1284 4460 ού
1321 4407 1426 4479 μὴν
1455 4408 1546 4460 τὸν
1578 4408 1635 4474 ἐξ
1663 4409 1755 4462 αύ-

1862 4409 1939 4462 tio
1967 4417 2070 4472 est,
2107 4417 2332 4462 matrem
2359 4407 2575 4477 quidem
2603 4407 2696 4460 Dei
2720 4406 2916 4476 eﬂingi.
2963 4422 3064 4459 nec
3103 4416 3281 4460 tamen
3313 4422 3437 4460 eum

190 4493 284 4561 τῆς
305 4497 588 4567 τεχθέντα,
615 4498 708 4550 καὶ
735 4499 871 4569 αὐτῇ
907 4499 1211 4568 ύπομάζιον
1240 4500 1494 4568 ὀφθέντα,
1533 4501 1627 4553 καὶ
1657 4501 1756 4553 ὅσα

189 4583 282 4652 τῆς
329 4591 651 4660 σωματικῆς
699 4589 866 4643 αὑτοῦ
923 4591 1228 4660 παρουσίας
1292 4591 1626 4644 ὑπείκοντα·
1719 4592 1752 4663 ἢ

192 4674 346 4728 πάλιν
365 4680 490 4744 τοὺς
508 4681 780 4743 αὐτόπτας
808 4682 903 4733 καὶ
929 4681 1205 4751 ὑπηρέτας
1236 4683 1751 4754 στηλογραφείσθαν

190 4765 279 4818 τὸν
311 4767 364 4820 δὲ
385 4771 798 4843 ὑπηρετηθέντα
830 4775 924 4826 καὶ
947 4777 1458 4846 συναναστραφέντα
1488 4775 1560 4846 μὴ
1587 4794 1755 4847 χαρα-

194 4858 561 4926 κτηρίζεσθαι.
600 4863 708 4915 Καὶ
749 4863 1020 4916 Ἰουδαίων
1046 4864 1260 4936 χείρους
1291 4867 1628 4920 δείκνυνται·
1673 4867 1754 4919 ὅτι

193 4943 306 4996 οὐδὲ
337 4949 602 5016 Μωσέως,
650 4951 759 5004 οὐδ’
781 4951 836 5003 εί
883 4969 1027 5016 τινος
1082 4955 1241 5008 ἄλλου
1302 4955 1409 5008 τῶν
1458 4955 1756 5026 προφητῶν

195 5033 369 5089 εἰκόνα
403 5043 756 5111 προσίενται·
794 5044 1168 5113 προσιεμένων
1218 5047 1441 5099 ὲοκείνων
1493 5046 1598 5100 τῶν
1651 5047 1757 5117 πρὸ

194 5123 286 5191 τῆς
313 5129 556 5199 χάριτος,
594 5134 670 5195 ὠς
713 5136 950 5203 νομικῶν
991 5139 1084 5188 καὶ⁵
1110 5137 1170 5189 οὐ
1198 5138 1557 5208 Χριστιανῶν.
1588 5140 1650 5192 Οί
1699 5139 1757 5192 δὲ

195 5220 436 5278 τοσοῦτον
459 5226 867 5296 ἀνοηταίνουσιν
899 5230 974 5294 ὠς
1004 5234 1097 5283 καὶ
1123 5232 1336 5295 ἑαυτοῖς
1359 5233 1452 5284 καὶ
1487 5232 1758 5296 Ἰουδαίοις

202 5309 456 5379 μάχεσθαι
486 5336 500 5350 ⁸
546 5320 642 5372 καὶ
677 5320 816 5389 μήτε
855 5320 1148 5385 Ἰουδαίους
1176 5317 1315 5376 εῖναι
1355 5325 1748 5393 νομοφύλακας

202 5400 330 5485 μήτε
355 5405 731 5478 Χριστιανοὺς,
772 5410 872 5464 ούκ
905 5412 1358 5481 είδογραφοῦντας
1384 5416 1475 5466 τὸν
1503 5414 1757 5485 Χριστὸν,

186 5484 252 5559 ,ὃν
275 5501 612 5569 προσήκαντο
639 5501 927 5575 ἄνθρωπον
945 5504 1228 5572 γεγονότα.
1246 5505 1401 5575 Φωνὴ
1430 5484 1640 5577 Πέτρου
1665 5503 1760 5557 τοῦ

209 5689 350 5815 2:1
387 5703 526 5763 Pctr.
563 5723 626 5775 ιι,
647 5707 740 5764 22.
817 5710 862 5742 ’9
886 5706 1016 5763 Luc.
1052 5724 1198 5774 xxw,
1254 5707 1343 5764 39.

1437 5709 1481 5741 ”
1507 5707 1697 5764 Thess.
1732 5723 1770 5774 ι,
1807 5707 1856 5760 7.

1863 4502 1953 4569 qui
1979 4515 2044 4554 ex
2071 4515 2133 4554 ea
2164 4508 2327 4554 natus
2358 4507 2443 4553 est
2471 4539 2484 4564 ,
2521 4498 2615 4568 qui
2657 4498 2777 4567 ejus
2819 4497 3080 4550 uberibus
3109 4497 3356 4560 adhaesit,
3381 4503 3438 4549 et

1863 4607 2198 4664 quaecunque
2221 4592 2322 4646 alia
2350 4592 2492 4645 illius
2539 4593 2592 4643 in
2623 4605 2848 4660 corpore
2899 4590 3188 4644 adventrum
3250 4599 3436 4643 secuta

1863 4695 2033 4742 sunt:
2074 4695 2168 4739 aut
2225 4699 2440 4740 rursum
2465 4685 2706 4739 oculatos
2751 4691 2915 4736 testes
2964 4697 3025 4734 ac
3059 4681 3288 4735 famulos
3326 4690 3437 4735 sta-

1865 4777 1971 4829 tuis
2009 4775 2238 4844 exprimi
2281 4791 2294 4838 ;
2343 4775 2518 4844 ipsum
2549 4789 2676 4828 vero
2700 4774 2789 4828 cui
2839 4773 3166 4835 serviebant,
3199 4782 3256 4826 et
3302 4788 3436 4841 quo-

1862 4881 1984 4918 cum
2026 4866 2381 4920 versabantur
2411 4905 2425 4929 ,
2491 4879 2598 4917 non
2627 4863 2880 4933 exprimi.
2930 4865 2994 4918 Et
3040 4863 3242 4918 Judaeis
3275 4864 3435 4932 plane

1857 4955 2155 5010 deteriores
2180 4971 2239 5012 se
2272 4956 2604 5010 ostendunt:
2639 4956 2763 5024 quia
2804 4969 2906 5008 nec
2942 4953 3153 5024 Moysis,
3177 4970 3276 5008 nec
3303 4955 3436 5008 alte-

1859 5045 1972 5099 rius
2015 5047 2317 5116 cujuspiam
2357 5061 2388 5100 e
2422 5045 2701 5115 prophetis
2765 5044 3048 5115 imaginem
3119 5045 3432 5114 recipiunt:

1858 5136 2269 5191 admittentibus
2310 5136 2416 5190 illis
2466 5150 2560 5190 eos
2597 5136 2690 5204 qui
2742 5144 2867 5189 ante
2914 5135 3141 5206 gratiam
3191 5135 3429 5200 fuerant,

1859 5243 1958 5282 ceu
2008 5229 2141 5300 legis
2193 5229 2451 5293 cultores,
2484 5237 2538 5283 et
2587 5243 2697 5281 non
2753 5227 3118 5282 Christianos.
3162 5227 3252 5281 Isti
3306 5243 3436 5282 vero

1863 5337 1929 5374 eo
1971 5322 2231 5376 vecordes
2271 5331 2429 5386 sunt,
2481 5330 2539 5375 ut
2599 5335 2784 5375 secum
2827 5321 2928 5389 ipsi
2963 5329 3018 5373 et
3058 5334 3180 5373 cum
3235 5319 3436 5373 ludatis

1866 5422 2107 5482 pugnent
2139 5432 2151 5467 :
2185 5423 2244 5467 ut
2275 5428 2451 5482 neque
2472 5412 2643 5466 Judaei
2678 5412 2783 5466 sint
2810 5411 2941 5481 legis
2959 5413 3232 5474 custodes,
3258 5427 3436 5478 neque

1867 5504 2160 5558 Christiani
2184 5505 2305 5574 :qui
2326 5503 2525 5558 Christi
2551 5502 2778 5574 eﬁigiem
2804 5503 3028 5572 exprimi
3050 5504 3250 5566 nolint,
3275 5518 3436 5571 quem

1936 5706 1977 5738 ³¹
2014 5705 2188 5762 Galat.
2225 5719 2262 5774 l,
2296 5705 2347 5760 7.
2426 5705 2469 5737 "
2512 5704 2687 5759 Galat.
2732 5719 2852 5771 vm,
2898 5705 2950 5760 9.
3027 5701 3075 5735 ⁸³
3105 5704 3125 5758 1
3160 5703 3286 5759 Cor.
3344 5716 3440 5766 xu,
