3990 6318
557 357 697 421 1135

1735 360 1794 416 S.
1831 356 2220 416 THEODORI
2251 357 2596 418 STUDlT/E

3647 358 3790 421 1136

557 463 829 516 hominem
855 460 1054 515 factum
1093 473 1413 533 agnoscunt.
1445 463 1587 517 Petri
1633 463 1862 533 apostoli
1901 479 2003 515 vox
2035 471 2108 515 est

2219 461 2515 514 ἀποστόλου
2561 461 2708 513 ἐστὶν
2761 461 2819 513 ὲν
2878 461 3086 533 ιστορία
3147 463 3447 533 μαρτυρίου
3489 463 3580 518 τοῦ
3631 467 3790 533 ἁγίου

555 555 607 606 in
651 555 872 608 historia
917 557 1156 626 martyrii
1187 558 1356 610 sancti
1380 557 1644 610 Pancratii
1680 574 1735 609 ει
1770 556 1866 608 Fili
1897 556 2120 624 Ioseph,

553 641 686 696 aﬁ'er
722 643 1007 713 imaginem
1061 643 1269 697 Domini
1305 645 1473 698 nostri
1509 644 1634 698 Jesu
1684 645 1920 709 Christi,
1949 645 2123 698 etim-

553 733 726 800 prime
759 734 900 786 illam
943 737 996 788 in
1038 735 1312 806 pyrgisco,
1354 744 1413 788 ut
1443 745 1672 791 cernant
1695 737 1880 806 populi
1909 737 2120 806 qualem

554 823 779 877 formam
801 827 1335 895 assumpseritFilius
1361 827 1448 880 Dei
1483 835 1577 880 :ut
1603 828 1849 882 videntes
1891 828 2122 897 amplius

552 915 795 977 credant,
831 915 1016 970 formae
1064 926 1244 986 typum
1290 918 1558 972 intuentes
1605 929 1660 972 et
1708 919 2122 973 reminiscantur

553 1019 738 1058 eorum
775 1021 895 1074 quae
939 1021 1035 1074 per
1065 1022 1164 1060 nos
1201 1007 1278 1061 eis
1331 1009 1646 1061 annuntiata
1697 1010 1906 1063 sunt“.
1939 1029 1957 1060 ι
2009 1011 2120 1063 Vox

552 1093 699 1146 Pauli
731 1106 808 1149 est
851 1116 872 1155 ;,
896 1096 940 1150 0
983 1099 1231 1150 insensati
1262 1099 1466 1153 Galalaz
1491 1101 1511 1152 .’
1541 1100 1654 1168 quis
1701 1116 1786 1152 vos
1844 1103 2120 1170 fascinavit

551 1200 650 1235 non
681 1186 885 1239 obedire
907 1189 1114 1239 veritati
1145 1205 1163 1251 ,'
1189 1198 1308 1241 ante
1329 1206 1546 1258 quorum
1564 1189 1736 1242 oculos
1772 1189 1920 1243 Jesus
1964 1190 2117 1244 Chri-

548 1285 657 1328 stus
695 1279 1026 1344 prascriptus
1042 1288 1114 1330 est
1145 1280 1198 1330 in
1218 1280 1353 1330 vobis
1379 1280 1658 1347 cruciﬁxus
1683 1281 1725 1310 ³³
1743 1280 1764 1331 ?
1785 1278 1896 1333 Vox
1939 1280 2116 1335 Basilii

549 1368 723 1435 magni
764 1377 882 1420 est:
913 1387 930 1419 ‹
967 1367 1311 1438 Exprimatur
1346 1371 1398 1422 in
1422 1371 1598 1423 tabula
1629 1371 1942 1424 certaminis
1982 1388 2117 1440 prae-

549 1474 636 1512 ses
684 1459 932 1514 Christus
980 1461 1044 1513 ⁸⁶.
1086 1481 1105 1512 ι
1137 1462 1221 1515 -Ει
1261 1462 1456 1516 iterum
1510 1481 1576 1516 τι
1627 1463 1846 1532 lmagini
1901 1463 2116 1517 habitus

548 1547 720 1602 honor
753 1550 817 1602 ad
864 1551 1136 1619 exemplar
1173 1552 1362 1605 transit
1400 1551 1465 1605 ³⁷.
1498 1570 1516 1602 ι
1552 1551 1654 1605 Tot
1693 1553 1884 1621 palmis
1933 1553 2113 1623 inclyti

546 1639 827 1692 Athanasii
854 1657 952 1694 vox
967 1651 1083 1695 est:
1115 1661 1133 1692 ι
1165 1642 1293 1707 Nos,
1313 1643 1403 1711 qui
1423 1642 1607 1696 ﬁdeles
1627 1659 1834 1706 sumus,
1853 1644 2113 1714 imagines

544 1747 651 1784 non
682 1732 964 1785 adoramus
1000 1742 1252 1800 tanquam
1282 1736 1430 1795 deos,
1465 1734 1607 1802 quod
1646 1734 1819 1788 (ἴτεεεὶ
1852 1734 2059 1788 faciunt
2097 1754 2109 1788 :

544 1822 682 1876 absit
713 1840 726 1875 :
758 1823 851 1876 sed
876 1822 1128 1876 affectum
1154 1825 1526 1878 tantummodo
1551 1835 1601 1878 et
1624 1825 2116 1882 charilatisnostrae

544 1915 779 1968 studium
812 1930 936 1985 erga
967 1916 1189 1984 ﬁguram
1237 1932 1484 1986 personae
1533 1933 1630 1987 per
1674 1918 1963 1988 imaginem
2017 1934 2115 1974 ex-

543 2023 745 2076 pressae
769 2008 1104 2062 declaramus
1129 2009 1192 2061 ³⁸.
1227 2027 1246 2059 ι
1285 2007 1398 2062 Vox
1422 2008 1792 2078 Chrysostomi
1817 2019 1899 2064 est
1928 2029 1942 2067 :
1965 2030 1982 2061 ι
2004 2008 2116 2079 Ego

543 2117 612 2156 ex
666 2116 787 2155 cera
845 2101 1017 2155 fusam
1072 2103 1242 2156 amavi
1298 2103 1560 2172 picturam
1595 2141 1610 2166 ,
1681 2103 1903 2171 pietatis
1986 2118 2114 2173 ergo

542 2192 737 2247 factam
774 2195 815 2225 ³³
871 2194 989 2247 Vidi
1052 2195 1195 2248 enim
1248 2195 1494 2264 angelum
1535 2194 1588 2246 in
1641 2194 1872 2264 imagine
1931 2196 2114 2264 copias

541 2287 887 2341 barbarorum
912 2296 1218 2342 versantem
1247 2289 1298 2340 in
1331 2288 1533 2358 fugam,
1562 2287 1670 2340 vidi
1694 2287 1957 2356 protritas
1995 2287 2114 2341 bar-

539 2378 697 2432 baras
723 2389 939 2448 gentes,
991 2389 1044 2431 et
1075 2378 1328 2432 Davidem
1356 2395 1482 2433 vera
1511 2393 1643 2432 voce
1683 2379 2066 2434 concinentem
2094 2394 2106 2428 :

539 2467 778 2532 Domine,
813 2471 868 2520 in
899 2469 1109 2521 civitate
1156 2479 1244 2521 tua
1287 2471 1566 2538 imaginem
1611 2470 1846 2537 ipsorum
1873 2471 1940 2522 ad
1972 2470 2112 2522 nihi-

543 2558 650 2610 lum
676 2561 874 2629 rediges
899 2559 964 2612 ⁸ο.
996 2578 1013 2610 ι
1046 2559 1196 2624 Quod
1237 2560 1288 2612 in
1323 2559 1595 2614 Christum
1615 2561 1718 2616 hoc
1758 2569 2021 2629 tempore,
2059 2569 2114 2615 et

540 2651 594 2704 in
625 2649 904 2719 Deiparam
952 2665 1014 2704 ac
1053 2659 1288 2712 sanctos,
1340 2651 1544 2704 faciunt
1598 2651 2013 2706 lcononomachi
2041 2667 2114 2707 :0

539 2759 652 2797 rem
710 2744 897 2797 auditu
935 2743 1262 2797 horrendam
1289 2745 1300 2796 l
1330 2753 1548 2797 sanctas
1594 2744 1808 2798 illorum
1848 2744 2112 2814 imagines

538 2833 822 2887 abolendo.
876 2834 1053 2902 Atque
1096 2844 1157 2888 ut
1206 2843 1431 2888 ceteras
1481 2833 1709 2888 aliorum
1764 2837 2112 2890 auctoritates

540 2925 946 2994 praetermittam
988 2941 1002 2990 ;
1053 2924 1236 2978 multae
1279 2925 1425 2978 enim
1453 2934 1788 2994 suppetunt;
1834 2928 1879 2981 si
1943 2942 2108 2982 unam

539 3015 808 3085 adiecero,
833 3015 899 3068 ad
928 3014 1072 3069 aliud
1099 3014 1402 3068 orationem
1423 3023 1756 3072 convertam.

606 3186 723 3240 Vox
757 3196 838 3240 est
861 3185 1166 3241 divinorum
1197 3183 1419 3240 Patrum
1443 3185 1534 3254 qui
1554 3195 1719 3241 sexta:
1749 3195 1953 3241 sancta;
1980 3201 2106 3257 syn—

538 3279 644 3333 odo
701 3278 970 3332 siluerunt
1016 3296 1028 3332 :
1088 3297 1106 3330 ι
1162 3277 1219 3331 ln
1271 3278 1592 3347 quibusdam
1671 3279 2107 3332 venerandarum

540 3370 832 3440 imaginum
870 3367 1133 3438 picturis,
1185 3383 1357 3438 agnus
1399 3368 1490 3436 qui
1538 3367 1893 3422 Praecursoris
1937 3368 2106 3439 digito

539 3469 878 3514 monstratur
903 3460 1246 3529 exprimitur.
1275 3458 1366 3528 qui
1398 3459 1450 3512 in
1475 3460 1656 3529 gratiae
1681 3468 1862 3529 typum
1893 3474 2106 3513 assunt-

538 3561 664 3622 ptus
699 3561 824 3606 est:
865 3553 1072 3621 Agnum
1104 3565 1292 3604 verum
1339 3549 1492 3605 nobis
1531 3567 1627 3620 per
1666 3551 1838 3620 legem
1878 3551 2105 3604 demon-

540 3651 720 3695 strans
745 3640 1024 3695 Christum
1064 3639 1235 3694 Deum
1266 3649 1534 3694 nostrum.
1565 3639 1674 3695 Nos
1714 3643 1875 3711 igitur
1904 3639 2103 3713 ﬁguras

539 3741 754 3788 veteres
783 3743 945 3802 atque
976 3734 1218 3793 umbras,
1259 3740 1514 3800 tanquam
1559 3732 1802 3786 veritatis
1843 3742 1997 3788 notas
2042 3749 2105 3788 ac

538 3825 692 3896 signa
750 3824 1004 3879 Ecclesiae
1049 3823 1243 3877 tradita
1288 3823 1732 3892 complectentes,
1781 3825 2012 3893 gratiam
2051 3835 2106 3880 et

536 3917 821 3972 veritatem
849 3915 1253 3984 anteponimus,
1279 3929 1438 3982 quam
1465 3923 1524 3967 ut
1551 3914 1681 3984 legis
1709 3914 2101 3984 plenitudinem

537 4009 866 4077 accepimus.
913 4006 1100 4075 Itaque
1129 4016 1188 4060 ut
1222 4006 1272 4059 id
1317 4006 1459 4074 quod
1505 4006 1806 4075 perfectum
1845 4015 1951 4073 est,
1984 4024 2102 4062 om-

537 4100 687 4153 nium
718 4099 879 4153 etiam
928 4098 1100 4152 oculis
1150 4097 1474 4165 subjiciatur
1512 4097 1563 4151 in
1605 4098 1866 4166 picturis;
1908 4100 2099 4153 statui-

537 4203 659 4242 mus
699 4197 757 4242 ut
795 4187 1018 4257 posthac
1057 4188 1253 4240 veteris
1289 4185 1409 4256 agni
1457 4187 1596 4250 loco,
1639 4186 1825 4256 Agnus
1872 4188 1958 4241 ille
2007 4188 2099 4256 qui

537 4277 676 4330 tollit
721 4284 1002 4345 peccatum
1051 4274 1270 4338 mundi,
1334 4276 1567 4328 humana
1620 4274 1790 4328 forma
1837 4276 1999 4330 etiam
2043 4277 2097 4330 in

535 4368 864 4439 imaginibus
912 4369 1184 4438 erigatur;
1235 4374 1295 4421 ut
1325 4380 1423 4436 per
1465 4366 1664 4436 ipsum.
1716 4367 2095 4423 celsitudinem

2225 553 2596 622 Παγκρατίου.
2638 572 2655 604 ι
2693 554 2894 606 Τέκνον
2937 554 3151 624 Ἰωσὴφ,
3176 555 3424 622 ἐξένεγκε
3457 556 3554 627 τὴν
3604 560 3791 612 εἰκόνα

2222 643 2315 696 τοῦ
2365 645 2567 714 Κυρίου
2599 643 2751 712 ὴμῶν
2793 644 2965 714 Ἰησοῦ
2997 645 3236 714 Χριστοῦ
3270 660 3282 673 ·
3332 647 3426 698 καὶ
3469 647 3792 704 ὲντύπωσον

2223 735 2391 804 αὐτὴν
2439 736 2498 788 ὲν
2536 735 2611 804 τῷ
2643 736 2966 806 πυργίσκῳ·
3006 737 3091 788 ἵνα
3137 737 3348 789 εἴδωσιν
3377 738 3424 789 οἰ
3462 737 3582 790 λαοὶ
3627 742 3788 794 ποίαν

2224 826 2437 896 μορφὴν
2469 826 2656 879 Ιἐλαϐεν
2684 830 2712 881 ὁ
2761 828 2885 890 Tib;
2916 827 3009 880 τοῦ
3064 828 3198 881 Θεοῦ
3229 844 3242 858 ·
3293 828 3379 881 ἵνα
3431 830 3632 893 ἰδόντες
3695 835 3788 884 ἐπὶ

2223 916 2383 968 πλέον
2413 917 2790 982 πιστεύσωσιν,
2821 919 3054 988 ὁρῶντες
3099 919 3192 972 τὸν
3223 918 3394 973 τύπον
3418 921 3516 989 τῆς
3544 921 3784 991 μορφῆς,

2221 1008 2312 1059 καὶ
2352 1008 2662 1078 ὑπόμνησιν
2689 1009 3008 1078 λαμϐάνωσι
3055 1009 3166 1064 τῶν
3207 1010 3338 1082 παρ’
3365 1013 3522 1080 ὴμῶν
3552 1014 3634 1075 εἰς
3685 1015 3784 1064 αύ-

2217 1097 2343 1161 τοὺς
2371 1099 2768 1168 κηρυχθέντων.
2790 1119 2808 1150 ι
2842 1100 3002 1171 Φωνὴ
3027 1101 3238 1153 Παύλου
3285 1102 3432 1154 ἐστίν
3454 1119 3467 1132 ·
3500 1098 3575 1156 Ὠ
3598 1104 3779 1169 ἀνόη-

2218 1205 2308 1242 τοι
2357 1191 2644 1253 Γαλάται,
2696 1192 2788 1257 τίς
2815 1191 2972 1260 ὑμᾶς
3001 1191 3296 1260 ἐϐάσκηνε
3329 1192 3402 1260 τῇ
3420 1195 3668 1260 ἀληθείᾳ
3694 1195 3780 1262 μὴ

2218 1281 2542 1346 πείθεσθαι,
2573 1276 2664 1347 οἷς
2701 1283 2826 1334 κατ’
2851 1281 3195 1351 ὀφθαλμοὺς
3244 1284 3481 1350 Ἰησοῦς
3529 1286 3782 1352 Χριστιὲς

2217 1370 2556 1441 προεγράφη
2574 1371 2642 1424 ἐν
2658 1372 2799 1440 ὑμῖν
2825 1373 3306 1441 ἐσταυρωμένος;
3323 1376 3476 1446 Φωνὴ
3499 1376 3788 1429 Βασιλείου

2214 1460 2309 1514 τοῦ
2363 1463 2600 1530 μεγάλου
2629 1464 2797 1516 ἐστίν·
2841 1481 2860 1514 ι
2902 1465 3291 1532 Ἐγγραφέσθω
3323 1465 3400 1534 τῷ
3441 1465 3633 1517 πίνακι
3688 1468 3783 1517 καὶ

2214 1555 2242 1605 ό
2274 1553 2380 1605 τῶν
2406 1555 2800 1622 παλαισμάτων
2829 1555 3454 1626 ἀγωνοθέτηςΧριστός.
3495 1574 3516 1606 ι
3547 1557 3658 1609 Καὶ
3688 1553 3784 1609 αὖ.

2215 1643 2318 1707 θιςο
2357 1661 2376 1696 ι
2426 1643 2488 1697 Ἢ
2526 1645 2618 1713 τῆς
2647 1645 2856 1708 εἰκόνος
2885 1645 3020 1716 τιμὴ
3054 1646 3144 1698 ἐπὶ
3167 1647 3230 1699 τὸ
3266 1647 3627 1716 πρωτὸτυπον
3669 1648 3784 1700 διας

2213 1732 2411 1787 ϐαίνει.
2453 1753 2471 1786 ›
2499 1737 2653 1804 Φωνὴ
2695 1735 3023 1790 Ἀθανασίου
3073 1736 3167 1789 τοῦ
3221 1737 3524 1790 πολυάθλου
3579 1739 3733 1790 ἐστίν
3763 1756 3784 1770 “

2151 1808 2190 1861 Β
2224 1845 2242 1877 r
2277 1828 2386 1895 Οὐχ
2417 1826 2493 1888 ώς
2537 1826 2691 1888 θεοὺς
2720 1827 2818 1888 τὰς
2865 1826 3082 1890 εἰκόνας
3131 1827 3544 1896 προσκυνοῦμεν
3581 1830 3632 1880 οἰ
3688 1848 3781 1881 ται

2218 1919 2352 1978 στοί,
2382 1917 2455 1986 μὴ
2478 1917 2710 1982 γένοιτο,
2742 1916 2929 1988 ὥσπερ
2951 1918 3002 1970 οἰ
3030 1919 3314 1987 Ἕλληνες.
3349 1919 3509 1972 Ἀλλά
3523 1918 3625 1987 τὴν
3654 1921 3782 1988 σχέ-

2217 2023 2302 2060 σιν
2327 2006 2507 2072 μόνον,
2536 2008 2629 2058 καὶ
2662 2007 2753 2058 τὸν
2776 2007 2937 2059 πόθον
2965 2010 3060 2077 τῆς
3092 2007 3248 2077 ὴμῶν
3277 2007 3498 2077 ἀγάπης
3527 2009 3666 2077 πρὸς
3693 2010 3786 2063 τὸν

2213 2097 2537 2168 χαρακτῆρα
2588 2096 2682 2149 τοῦ
2707 2097 2995 2167 προσώπου
3053 2097 3153 2166 τῆς
3201 2098 3407 2162 εἰκόνος
3453 2100 3786 2168 ἐμφανίζον-

2212 2203 2322 2248 τες.
2364 2204 2382 2236 »
2417 2186 2570 2256 Φωνὴ
2601 2184 2690 2239 τοῦ
2722 2186 3104 2256 Χρυσοστόμου
3138 2186 3310 2239 ἐστίν·
3351 2205 3370 2239 ε
3409 2187 3550 2256 Ἐγὼ
3577 2189 3785 2260 καὶτὴν

2213 2278 2515 2348 κηρόχυτον
2545 2277 2807 2348 ὴγάπησα
2861 2278 3099 2348 γραφὴν,
3121 2277 3403 2343 εὐσεϐείας
3449 2279 3640 2333 ἓνεκεν
3683 2297 3784 2332 πε-

2213 2371 2598 2440 πληρωμένην.
2631 2364 2782 2424 Εἶδον
2804 2368 2911 2440 γὰρ
2941 2370 3170 2437 ἄγγελον
3188 2372 3246 2424 ὲν
3275 2371 3441 2424 εἰκόνι
3483 2370 3786 2424 ἐλαύνοντα

2213 2461 2505 2532 βαρϐάρων
2539 2460 2699 2530 στίφη
2732 2478 2746 2491 ·
2772 2457 2913 2513 εἰδον
2946 2460 3260 2531 πατούμενα
3299 2461 3592 2533 βαρϐάρων
3615 2461 3782 2530 φῦλα,

2211 2554 2306 2606 καὶ
2337 2554 2428 2607 τὸν
2455 2553 2618 2607 Δαυῖδ
2643 2550 2974 2623 ἀληθεύοντα
2995 2569 3007 2582 ·
3027 2555 3222 2620 Κύριε,
3260 2553 3331 2606 ἐν
3357 2551 3429 2620 τῇ
3461 2553 3637 2607 πόλει
3664 2571 3782 2610 σου

2211 2643 2325 2711 τὴν
2351 2646 2555 2698 εἰκόνα
2597 2641 2795 2698 αὐτῶν
2843 2643 3287 2711 ἐξουδενώσεις.
3335 2663 3355 2696 ι
3389 2643 3570 2716 Ὅπερ
3601 2647 3655 2699 οἱ
3703 2649 3784 2710 εἰς

2210 2734 2444 2802 Χριστὸν
2474 2733 2568 2787 νῦν
2599 2735 3092 2807 Εἰκονομαχοῦντες
3109 2738 3186 2798 είς
3208 2752 3268 2788 τε
3290 2733 3389 2804 τὴν
3405 2735 3670 2790 Θεοτόκον
3689 2738 3782 2791 καὶ

2209 2827 2334 2890 τοὺς
2363 2827 2551 2895 ἀγίους
2581 2828 2924 2899 ἐργάζονται,
2945 2829 2990 2880 ὣ
3015 2827 3109 2881 τοῦ
3142 2827 3374 2897 φοϐεροῦ
3405 2829 3778 2898 ἀκούσματοςί

2209 2916 2308 2981 τὰς
2333 2918 2498 2987 ἁγίας
2529 2919 2705 2972 αὐτῶν
2724 2920 2940 2982 εἰκόνας
2967 2917 3416 2982 εἰξουδενοῦντες.
3439 2920 3549 2972 Καὶ
3574 2921 3664 2974 ἵνα
3685 2922 3784 2983 τὰς

2211 3006 2318 3059 τῶν
2362 3008 2536 3062 ἀλλων
2594 3009 2775 3076 φωνὰς
2825 3007 3185 3078 παραδράμω⁹
3239 3007 3431 3062 πολλαί
3485 3009 3604 3079 γάρ
3645 3010 3776 3062 εἰσι.

2209 3096 2353 3149 Μίαν
2401 3096 2677 3165 προσθεὶς,
2716 3096 2800 3149 ἐπ’
2855 3095 2983 3149 ἀλλο
3009 3096 3263 3166 τρέψοιμι
3288 3096 3382 3150 τὸν
3408 3097 3585 3166 λόγον.

2278 3189 2432 3258 Φωνὴ
2458 3188 2567 3241 τῶν
2593 3189 2691 3258 τῆς
2717 3189 2883 3259 ἕκτης
2911 3188 3074 3256 ἁγίας
3113 3190 3334 3244 συνόδου
3363 3191 3638 3262 θεοφόρων
3666 3193 3782 3244 Πα·

2207 3279 2381 3349 τέρων
2417 3281 2599 3332 ἐστίν’
2647 3299 2664 3331 ι
2700 3282 2796 3333 Ἕν
2825 3297 2934 3334 τισι
2970 3281 3078 3334 τῶν
3109 3282 3320 3335 σεπτῶν
3369 3284 3594 3336 εἰκόνων
3635 3299 3780 3352 γραο

2209 3371 2336 3438 φαίς
2364 3369 2531 3439 ἀμνὸς
2561 3370 2807 3442 δακτύλῳ
2832 3370 2925 3425 τοῦ
2961 3371 3272 3444 Προδρόμου
3296 3372 3650 3442 δεικνύμενος
3680 3375 3779 3440 ἑγ-

2205 3460 2533 3530 χαράττεται
2556 3476 2571 3491 ·
2622 3462 2681 3525 ὃς
2732 3463 2809 3524 εἰς
2847 3462 3014 3515 τύπον
3043 3463 3363 3532 παρελήφθη
3396 3462 3495 3532 τῆς
3529 3464 3777 3533 χάριτος,

2204 3553 2295 3605 τὸν
2342 3553 2596 3624 ἀληθινὸν
2641 3557 2773 3625 ἡμῖν
2807 3554 2894 3608 διὰ
2923 3556 3086 3625 νόμου
3121 3555 3545 3625 προῦποςραίνων
3579 3557 3777 3623 ἀμνὸν,

2204 3642 2440 3712 Χριστὸν
2469 3642 2560 3695 τὸν
2601 3643 2732 3696 Θεὸν
2777 3643 2952 3712 ὴμῶν.
2981 3643 3117 3706 Τοὺς
3145 3638 3236 3695 οὖν
3276 3643 3541 3705 παλαιοὺς
3572 3642 3782 3705 τύπους

2205 3734 2300 3785 καὶ
2329 3733 2424 3795 τὰς
2457 3733 2635 3794 σκιὰς.
2657 3732 2732 3793 ώς
2756 3733 2856 3800 τῆς
2880 3731 3136 3801 ἀληθείας
3164 3731 3410 3801 σύμϐολά
3437 3748 3498 3784 τε
3521 3733 3619 3786 καὶ
3647 3750 3781 3803 προ-

2205 3823 2533 3892 χαράγματα
2559 3825 2624 3892 τῇ
2662 3821 2959 3891 Ἐκκλησία
2987 3822 3454 3891 παραδεδομένους
3487 3839 3780 3878 κατασπα-

2203 3913 2443 3983 ζόμενοι,
2493 3912 2591 3982 τὴν
2635 3911 2793 3981 χάριν
2823 3912 3178 3981 πρατιμῶμεν
3217 3912 3310 3965 καί
3358 3912 3458 3982 τὴν
3493 3913 3778 3984 ἀλήθειαν,

2201 4005 2276 4066 ὡς
2303 4003 2571 4073 πλήρωμα
2601 4003 2767 4071 νόμου
2790 4002 2989 4071 ταύτην
3021 4001 3427 4071 ὑποδεξάμενοι.
3464 4000 3554 4065 Ὧς
3581 4004 3649 4057 ἂν
3685 4000 3781 4058 οὖν

2198 4093 2259 4146 τὸ
2283 4093 2485 4147 τέλειον
2518 4093 2618 4146 κάν
2641 4095 2759 4156 ταῖς
2788 4092 3260 4164 χρωματουργίαις
3287 4093 3344 4145 ὲν
3370 4094 3488 4157 ταῖς
3518 4094 3781 4148 ἁπάντων

2197 4186 2384 4254 ὕψεσιν
2416 4185 2830 4256 ὑπο-γράφηται*
2861 4185 2951 4238 τὸν
2981 4183 3076 4238 τοῦ
3105 4184 3349 4255 αἴροντος
3371 4185 3474 4254 τὴν
3499 4185 3781 4255 ἁμαρτίαν

2197 4276 2294 4328 τοῦ
2323 4275 2526 4346 κόσμου
2553 4277 2724 4346 ἀμνοῦ
2755 4275 2989 4347 Χριστοῦ
3016 4275 3109 4329 τοῦ
3144 4274 3277 4328 Θεοῦ
3310 4275 3489 4345 ὴμῶν,
3523 4276 3666 4329 κατά
3687 4275 3779 4327 τὸν

2196 4366 2534 4437 ἀνθρώπινον
2559 4367 2883 4436 χαρακτῆρα
2908 4382 2923 4398 ο
2960 4366 3054 4419 καλ¹
3081 4366 3137 4418 ὲν
3169 4369 3286 4428 ταῖς
3312 4366 3516 4418 εἰκόσιν
3539 4365 3652 4418 ἀπὸ
3681 4364 3776 4418 τοῦ

535 4459 861 4513 humilitatis
894 4458 986 4512 Dei
1022 4457 1181 4512 Verbi
1221 4457 1742 4526 comprehendentes
1781 4458 1982 4524 animo,
2029 4459 2096 4513 ad

2209 4456 2300 4510 νῦν
2344 4458 2464 4511 (ξιντί⁵
2499 4458 2592 4510 τοῦ
2627 4457 2856 4519 παλαιοῦ
2909 4458 3080 4525 ἀμνοῦ
3123 4454 3556 4523 ἀναστηλοῦσθαι
3595 4455 3779 4525 όρίζο-

536 4550 857 4604 memoriam
896 4549 1323 4604 conversationis
1365 4549 1525 4603 etiam
1579 4549 1635 4602 in
1677 4564 1839 4603 carne
1877 4558 1931 4602 et
1969 4564 2094 4603 cru-

535 4640 709 4693 ciatus
784 4639 977 4708 ipsius,
1018 4653 1082 4693 ac
1119 4638 1411 4693 salutifera:
1456 4639 1666 4703 mortis,
1705 4639 1848 4692 unde
1893 4638 2094 4692 mundo

535 4730 673 4784 facta
705 4729 1004 4798 redemptio
1036 4740 1141 4792 est,
1189 4729 1598 4783 deducamur“.
1638 4747 1657 4779 ι
1713 4728 1806 4784 His
1837 4745 1963 4800 ergo
2009 4729 2094 4782 in-

535 4820 726 4873 structi
773 4818 1122 4881 testimoniis,
1168 4818 1494 4880 charissimi,
1527 4833 1648 4871 cum
1685 4817 1770 4870 illa
1805 4827 2006 4883 nostra,
2040 4826 2096 4872 et

534 4912 603 4966 ab
635 4910 749 4980 ipsa
782 4909 1011 4963 veritate
1050 4909 1276 4962 minime
1317 4908 1483 4961 dubia
1513 4907 1996 4970 demonstratione,
2035 4917 2096 4962 ut

534 5017 698 5071 supra
731 5002 1158 5056 demonstratum
1188 5009 1293 5063 est,
1339 4998 1575 5068 Vigilate,
1603 4999 1850 5062 obsecro,
1880 5007 2014 5052 state
2041 5000 2095 5052 in

533 5093 635 5160 ﬁde
674 5109 692 5146 :
738 5093 957 5146 viriliter
1003 5093 1161 5160 agite,
1209 5099 1256 5143 et
1310 5089 1736 5160 confortamini"
1779 5108 1792 5144 :
1842 5091 1896 5143 in
1952 5090 2095 5143 nullo

536 5183 836 5241 terreamini
866 5182 928 5234 ab
955 5183 1270 5236 adversariis
1296 5181 1361 5245 “,
1394 5197 1568 5249 neque
1598 5196 1627 5234 a
1659 5179 1804 5233 falsis
1837 5180 2094 5234 fratribus

534 5272 624 5338 qui
673 5272 880 5325 seducti
920 5271 1162 5333 fuerunt,
1213 5279 1268 5324 et
1310 5271 1362 5324 in
1409 5271 1650 5323 fraudem
1698 5271 1942 5324 inducti:
1977 5287 2092 5339 qua:

2202 4564 2319 4616 μεν.
2365 4549 2443 4599 Δι’
2475 4547 2641 4600 αὐτοῦ
2672 4548 2732 4599 τὺ
2775 4547 2874 4616 τῆς
2906 4544 3282 4606 ταπεινώσεως
3326 4544 3457 4612 ὕψος
3500 4544 3597 4596 τοῦ
3635 4544 3771 4597 Θεοῦ

2198 4637 2371 4704 Λόγου
2405 4635 2790 4698 κατανοοῦντες
2810 4652 2824 4666 ο
2859 4636 2954 4688 καὶ
2983 4634 3118 4705 πρὸς
3146 4635 3366 4704 μνήμην
3395 4632 3495 4701 τῆς
3517 4635 3577 4688 ὲν
3604 4636 3771 4704 σαρκὶ

2199 4727 2494 4792 πολιτείας,
2524 4727 2617 4781 τοῦ
2667 4745 2725 4780 τε
2773 4726 2980 4790 πάθους
3025 4724 3214 4790 αὑτοῦ,
3241 4726 3332 4778 καὶ
3363 4723 3457 4776 τοῦ
3495 4727 3770 4795 σωτηρίου

2200 4816 2429 4871 θανάτου
2468 4818 2990 4888 χειραγωγούμενοι,
3019 4817 3113 4870 καὶ
3142 4815 3241 4884 τῆς
3269 4813 3526 4869 ἐντεῦθεν,
3548 4818 3771 4886 γινομέ-

2199 4928 2296 4980 νης
2336 4909 2413 4976 τῷ
2448 4911 2637 4980 κόσμῳ
2675 4909 3127 4980 ἀπολυτρώσεως.
3160 4905 3375 4970 Ταύτας
3405 4902 3503 4961 οῦν
3532 4905 3769 4978 ἔχοντες,

2198 5003 2494 5073 ἀγαπητοὶ,
2525 5002 2624 5064 τάς
2655 5001 2979 5072 μαρτυρίας,
3007 4999 3144 5069 μετά
3163 4999 3265 5068 τῆς
3287 4998 3502 5052 οἷκοθεν
3523 5000 3619 5053 καὶ
3642 5000 3771 5068 παρ’

2197 5090 2363 5159 αὐτῆς
2387 5093 2483 5160 τῆς
2506 5090 2759 5161 ἀληθείας
2784 5089 3184 5160 ἀναμφιλέκτου
3210 5087 3565 5153 ἀποδείξεως,
3588 5088 3770 5150 καθὼς

2197 5182 2700 5250 προαποδέδεικται,
2728 5181 3047 5252 παρακαλῶ,
3074 5189 3100 5232 ι
3119 5179 3426 5247 piri-opsita
3451 5195 3464 5206 ·
3512 5179 3769 5242 στήκετε

2197 5271 2266 5322 ἐν
2293 5270 2366 5338 τῇ
2392 5272 2624 5324 πίστειο
2656 5269 3017 5339 ἀνδρίζεσθε,
3043 5268 3458 5337 κραταιοῦσθε,
3487 5269 3574 5337 μὴ
3620 5283 3770 5321 πτυ-

533 5361 642 5415 iUis
682 5372 756 5414 est
798 5379 956 5416 causa
998 5362 1320 5432 perditionis,
1376 5361 1517 5413 nobis
1566 5370 1739 5414 autem
1784 5361 2011 5414 salutis:
2043 5370 2090 5414 et

2209 5364 2432 5431 οόμενοι
2462 5363 2529 5414 ὲν
2549 5362 2756 5431 μηδενί
2787 5363 2905 5418 ὑπὸ
2935 5361 3052 5415 τῶν
3077 5359 3523 5430 ἀντικειμένων,
3555 5360 3678 5430 μηδ’
3702 5354 3767 5413 αὖ

603 5541 644 5571 ³⁸
685 5538 810 5594 Haec
847 5538 960 5608 ipsa
1014 5537 1332 5609 testimonia
1363 5536 1547 5609 retulit
1572 5538 1624 5589 in
1657 5537 1842 5609 Reifut.
1877 5537 2062 5609 Poem.
2088 5539 2228 5592 Ieon.
2272 5555 2454 5609 supra,
2481 5555 2536 5608 p.
2567 5540 2688 5599 154,
2725 5538 2804 5593 Ex
2837 5540 2951 5593 Vita
2993 5537 3049 5593 S.
3084 5535 3595 5609 PancratiiLExstat
3629 5533 3767 5609 apud

530 5610 867 5663 Bullandum.
942 5608 1176 5662 “Galat.
1207 5624 1286 5667 ιιι,
1318 5608 1364 5658 1.

1441 5609 1484 5638 ³⁸
1511 5606 1658 5659 hom.
1695 5608 1824 5659 l8in
1847 5609 1900 5660 S.
1929 5607 2207 5662 Barlaam.
2237 5610 2278 5640 "
2307 5605 2380 5662 De
2404 5605 2605 5677 Spiritu
2628 5620 2810 5662 sancto
2853 5626 2901 5662 c.
2934 5610 3016 5673 l8,
3045 5625 3098 5677 p.
3134 5609 3251 5662 189.
3299 5608 3343 5638 ³⁸
3363 5607 3442 5677 Ex
3471 5605 3770 5677 Qﬁwﬂa‘i“

529 5680 862 5750 Antiochum,
889 5689 1078 5750 quaest.
1098 5679 1183 5750 ὅθ.
1209 5746 1237 5750 ,ν
1256 5675 1413 5750 _'?__Ex
1443 5692 1603 5750 senm.
1633 5693 1661 5750 ι
1675 5677 1770 5750 Δυε
1799 5680 2013 5734 diversis
2043 5682 2311 5750 utriusque
2343 5674 2569 5734 Testam.
2603 5680 2750 5734 locis.
2825 5679 2871 5711 ⁸ο
2885 5680 3025 5734 Psal.
3046 5674 3220 5747 lxxii,
3243 5678 3334 5735 20.
3412 5675 3454 5707 “
3498 5676 3637 5732 Can.
3680 5674 3766 5728 82.

526 5749 570 5784 δυ’
614 5750 628 5802 l
661 5750 784 5803 Cor.
820 5745 928 5813 xw,
963 5749 1049 5802 15.
1125 5747 1169 5779 ⁸³
1208 5746 1403 5814 Philip.
1439 5764 1478 5812 ι,
1513 5745 1602 5809 28,
1634 5747 1720 5800 50.
