3990 6318
190 397 309 459 H37

1399 389 1936 449 EPISTOLARUM
1969 387 2038 447 Ll
2052 388 2115 446 Β.
2151 386 2235 447 ΙΙ.

3283 389 3419 455 1138

183 510 276 563 ὑπὸ
333 507 445 560 τῶν
511 505 1008 559 ὑποσκελισοεντων
1058 504 1154 559 καὶ
1211 503 1740 576 φρεναπατηθέντων

1865 515 1936 552 ioc
1965 515 1996 551 a
2028 499 2168 562 Deo;
2199 500 2341 554 sicut
2367 499 2631 570 scriptum
2661 509 2746 555 est
2776 515 2790 555 :
2829 500 2967 566 Quia
2999 502 3140 556 vobis
3166 504 3418 559 donatum

178 596 586 667 ψευδαδέλφων·
637 595 808 659 ἰιτις
859 594 1052 658 ἐστὶν,
1093 591 1297 656 αὐτοῖς
1336 590 1451 660 μὲν
1494 587 1750 654 ἔνδειξις

182 690 495 755 ἀπωλείας,
543 686 686 757 ἡμῖν
745 687 812 740 δὲ
861 686 1191 755 σωτηρίας·
1243 685 1344 738 καί
1399 683 1576 738 τοῦτο
1632 683 1750 736 ἀπὸ

185 781 345 844 Θεοῦ,
383 780 528 833 καθά
557 782 901 849 γέγραπται·
932 778 1056 830 ’Ότι
1083 776 1227 846 ὑμῖν
1256 774 1415 848 [Reg.
1449 776 1573 830 cod.
1595 772 1751 846 ἡμῖν]

183 870 459 937 ἐχαρίσθη
487 867 605 922 ἀπὸ
639 866 786 922 Θεοῦ
815 866 880 919 τὸ
912 866 1067 934 ὑπὲρ
1096 865 1203 919 τοῦ
1230 865 1512 933 Χριστοῦ,
1543 865 1616 918 οὑ
1647 865 1754 933 μό·

183 977 286 1013 νον
323 960 390 1013 τὸ
425 962 512 1023 εὶς
549 957 736 1011 αὐτὼ⁴⁸
779 957 1105 1022 πιστεύειν,
1152 956 1312 1010 ἀλλὰ
1355 955 1455 1009 καί
1493 955 1558 1008 τὸ
1600 954 1754 1022 ὑπὲρ

183 1050 360 1103 αὑτοῦ
398 1047 663 1116 πάσχειν
687 1063 702 1079 ·
742 1047 852 1100 τὸν
877 1045 1065 1100 αὑτὸν
1094 1042 1296 1114 ἀγῶνα
1326 1043 1596 1112 ἔχοντες,
1626 1037 1757 1096 οἷον

184 1140 362 1194 elders
404 1140 474 1192 ἐν
499 1138 628 1191 suat
663 1136 742 1207 τῷ
789 1135 1120 1207 ἁμαρτωλῷ,
1168 1133 1265 1188 καὶ
1328 1135 1445 1188 νῦν
1482 1135 1754 1188 ἀκούετε.

187 1229 696 1299 Συμςρρονοῦντες,
752 1225 1246 1296 συμψυχοῦντες,
1303 1225 1756 1291 συναθλοῦντες

184 1321 255 1389 τῇ
289 1323 486 1376 πίστει
515 1320 620 1375 τοῦ
649 1321 1023 1390 Εὐαγγελίου
1045 1335 1060 1350 ·
1086 1319 1236 1389 μετὰ
1267 1320 1458 1387 φόϐου
1496 1318 1595 1371 καί
1623 1319 1757 1385 τρό-

181 1431 295 1482 μου
337 1414 452 1478 τὴν
496 1411 728 1466 ἑαυτῶν
766 1411 1070 1478 σωτηρίαν
1118 1408 1637 1480 κατεργαζόμενοι·
1672 1408 1759 1462 ἵνα

190 1505 395 1558 ἀκούων
423 1506 490 1557 τά
517 1505 644 1574 περὶ
679 1503 832 1572 ὑμῶν
861 1502 1035 1574 χαίρω
1073 1504 1102 1556 ὁ
1135 1502 1477 1574 ἁμαρτωλός.
1522 1500 1758 1554 Βλέπετε

187 1597 275 1648 τὸν
299 1596 544 1650 Σατανᾶν
567 1613 582 1628 ·
619 1594 845 1662 βλέπετε
874 1595 971 1665 τὴν
999 1594 1314 1667 παρρησίαν
1334 1611 1349 1627 ·
1382 1595 1543 1665 ὁρᾶτε
1571 1595 1645 1665 μή
1676 1609 1760 1656 τις

191 1688 244 1740 ιν
271 1704 375 1741 τινι
407 1688 815 1758 παραπικράνοι
860 1688 953 1740 τὸν
999 1687 1151 1741 Θεόν.
1212 1687 1270 1740 Ὀ
1314 1687 1423 1758 γάρ
1472 1687 1687 1757 δράκων
1731 1689 1759 1741 ὁ

193 1779 380 1847 μέγας,
418 1777 741 1848 πολύτεκνός
782 1779 901 1831 ἐστι
933 1779 1025 1831 καὶ
1061 1777 1409 1846 πολύπειρος.
1439 1778 1630 1831 Ἔνθεν
1668 1778 1758 1832 διὰ

1850 601 1926 645 est
1949 609 1980 644 a
2007 590 2115 645 Deo
2143 608 2237 660 pro
2267 591 2498 655 Christo,
2531 609 2633 645 non
2659 592 2827 646 solum
2858 601 2914 645 ut
2943 594 2999 646 in
3025 611 3142 648 eum
3173 597 3420 660 credatis,

1850 681 1940 735 sed
1989 691 2048 734 ut
2101 683 2262 735 etiam
2311 699 2407 751 pro
2452 682 2542 736 illo
2592 683 2930 752 patiamini:
2969 683 3104 736 idem
3159 694 3425 739 certamen

1851 771 2114 836 habentes,
2141 771 2296 840 quale
2325 772 2528 824 vidistis
2582 773 2636 823 in
2677 787 2792 830 me,
2825 779 3132 840 peccatore,
3187 781 3237 825 et
3292 789 3426 826 nunc

1853 864 2052 918 auditis
2095 879 2113 917 :
2171 864 2308 918 idem
2351 865 2652 926 sentientes,
2698 865 2994 928 unanimes,
3042 863 3426 918 collaborantes

1851 953 1974 1022 ﬁdei
2017 952 2292 1025 Evangelii
2325 969 2344 1007 .·
2384 970 2503 1007 cum
2551 963 2690 1007 metu
2724 964 2773 1007 et
2807 963 3030 1009 tremore
3075 955 3300 1009 salutem
3342 971 3428 1010 ve-

1853 1055 2022 1098 stram
2052 1053 2328 1114 operantes
2351 1044 2398 1076 “
2426 1063 2439 1098 :
2478 1054 2536 1099 ut
2562 1059 2663 1114 ego
2701 1055 2952 1116 peccator
2987 1046 3270 1116 gaudeam,
3298 1062 3425 1100 cum

1855 1135 2022 1189 audio
2045 1135 2113 1191 de
2141 1137 2320 1190 vobis.
2347 1135 2539 1190 Videte
2565 1136 2821 1191 Satanam
2850 1155 2863 1191 :
2898 1137 3077 1192 videte
3105 1136 3425 1192 audaciam:

1855 1228 2035 1282 videte
2083 1243 2154 1282 ne
2210 1230 2334 1297 quis
2384 1229 2438 1283 in
2469 1229 2580 1283 ullo
2629 1229 2797 1284 Deum
2828 1229 3023 1284 irritet.
3076 1229 3248 1285 Draco
3278 1229 3424 1284 enim

1857 1333 2108 1388 magnus,
2140 1320 2291 1373 vafer
2314 1328 2368 1374 et
2393 1320 2625 1374 callidus
2644 1319 2700 1374 in
2729 1321 2906 1375 varias
2925 1329 3110 1390 partes
3137 1335 3197 1375 se
3224 1327 3425 1375 versat.

1858 1405 1962 1462 Ubi
1986 1422 2084 1476 per
2113 1407 2274 1462 ﬁdem
2309 1407 2582 1477 perimere
2608 1423 2716 1462 non
2746 1417 2945 1477 potest,
2969 1407 3077 1461 illic
3099 1423 3196 1477 per
3219 1407 3428 1474 lapsum

1862 1497 2114 1552 eamdem
2182 1497 2484 1567 perniciem
2523 1497 2683 1552 nobis
2715 1496 2848 1567 ipsis
2879 1496 3076 1551 aﬁ‘erre
3119 1495 3301 1552 studet
3331 1508 3429 1566 per

1861 1589 2035 1660 legem
2088 1588 2296 1658 peccati
2346 1597 2744 1659 repugnantem
2802 1589 2904 1658 legi
2954 1589 3154 1643 mentis
3201 1596 3427 1642 nostras.

1864 1678 2047 1751 Rugit,
2077 1680 2275 1749 quaerit
2307 1681 2449 1734 sicut
2479 1680 2566 1734 leo
2594 1695 2757 1748 quem
2792 1680 2986 1750 rapiat,
3019 1680 3217 1745 titillat,
3251 1679 3430 1750 ignem

1862 1772 2133 1837 accendit,
2180 1770 2519 1827 inﬂammare
2558 1771 2706 1843 cupit
2748 1772 2943 1827 animae
2971 1771 3214 1827 domum.
3251 1771 3432 1826 Habe-

192 1870 419 1933 πίστεως
470 1870 568 1939 οὐχ
618 1869 862 1940 εὑρίσκει
912 1870 1132 1923 ὀλέσαι·
1178 1870 1386 1923 ἐκεῖθεν
1435 1871 1624 1940 τρέχει
1667 1870 1756 1923 διὰ

1866 1880 1988 1920 mus
2021 1881 2051 1919 a
2088 1863 2198 1919 Deo
2226 1865 2371 1920 unde
2397 1864 2545 1919 illum
2576 1865 2965 1928 disturbemus,
2997 1879 3195 1932 aquam
3217 1864 3430 1933 capitis,

197 1960 632 2030 παραπτώματος
655 1960 717 2013 τὸ
741 1961 875 2014 αὐτὸ
903 1959 1073 2015 κακὸν
1098 1960 1513 2032 ἀπεργάσασθαι
1537 1961 1595 2018 ἐν
1622 1962 1756 2031 ἡμῖν

191 2050 370 2114 αὐτοῖς
414 2050 504 2105 διὰ
544 2049 639 2104 τοῦ
670 2052 1220 2122 ἀντιστρατευομένου
1252 2053 1414 2122 νόμου
1448 2053 1546 2123 τῆς
1575 2055 1759 2124 ἀμαρο

188 2140 305 2204 τίας
339 2141 416 2213 τῷ
441 2143 590 2212 νόμῳ
620 2141 711 2195 τοῦ
737 2144 855 2206 νοὸς
880 2144 1054 2213 ἡμῶν,
1085 2145 1382 2215 Βρυχᾶται,
1412 2147 1662 2216 ἐπιτηρεῖ
1681 2146 1758 2210 ὡς

190 2231 324 2285 λέων
358 2235 633 2304 ἀρπᾱσαι,
664 2235 1010 2305 γαργαλίζει*
1036 2234 1144 2307 πῦρ
1170 2236 1434 2290 ἀνάπτει·
1471 2238 1758 2310 ὲμπιπρᾷν

183 2323 438 2392 ὀρέγεται
471 2325 562 2378 τὸν
594 2322 740 2379 οἷκον
779 2326 878 2395 τῆς
908 2325 1104 2396 ψυχῆς.
1143 2325 1380 2397 Ἐχομεν
1426 2329 1490 2383 ἐκ
1516 2329 1650 2383 Θεοῦ
1692 2331 1760 2384 τὰ

191 2413 549 2484 καθαιρετικὰ
594 2414 756 2468 αὐτοῦ
791 2415 1135 2486 ἀμυντήρια·
1167 2416 1310 2487 ὕδωρ
1349 2419 1609 2490 κεφαλῆς,
1650 2436 1761 2490 πη-

191 2503 292 2573 γὴν
347 2505 636 2575 δακρύων·
677 2507 893 2573 δεήσεις
918 2522 932 2536 ·
974 2509 1302 2576 προσευχάς.
1347 2509 1471 2563 Ἐπῆ⁵
1513 2511 1678 2565 πᾶσιν
1732 2514 1761 2565 ὁ

192 2592 333 2656 Θεῖος
369 2595 534 2662 φόῦος
570 2595 804 2664 σιδηρῶν
831 2595 925 2648 καὶ
957 2595 1209 2666 καθηλῶν
1234 2598 1334 2660 τὰς
1373 2599 1583 2669 σάρκας
1605 2600 1760 2670 ἡμῶν

193 2680 350 2737 ἔστω.
382 2682 648 2755 Μηδαμοῦ
677 2682 867 2751 φθόνος
896 2684 1199 2749 αὖλιζέσθω
1220 2703 1236 2718 ·
1271 2687 1395 2758 μηδ’
1421 2684 1484 2742 αὖ
1509 2689 1654 2760 ἔρις⁶
1686 2693 1760 2762 μὴ

195 2774 299 2842 μὴν
327 2774 602 2838 κενοδοξία
621 2792 636 2805 ·
668 2775 804 2847 μήτε
831 2792 884 2828 τι
912 2775 1018 2829 τῶν
1044 2775 1223 2847 ἔργων
1245 2777 1338 2830 τοῦ
1365 2780 1588 2842 σκότους
1610 2796 1625 2811 ·
1660 2781 1763 2845 ἕως

192 2863 278 2915 ὅτι
306 2865 598 2934 ἀκροδολεϊ
639 2864 706 2918 τά
739 2865 886 2937 πάθη
912 2867 1289 2938 ὲκκρουέσθω·
1318 2869 1403 2921 ἵνα
1434 2870 1506 2940 μὴ
1536 2872 1761 2923 εἰσοικι-

194 2952 391 3008 σθέντα
435 2955 530 3008 καὶ
575 2955 936 3026 φαρμάξαντα
974 2958 1074 3027 τὴν
1121 2956 1298 3028 ψυχὴν
1341 2958 1763 3013 δυσαπάλλακτα

191 3044 434 3114 γένηται.
495 3045 551 3098 '0
602 3045 1026 3117 ἀγωνιζόμενος
1085 3047 1283 3103 πάντα
1327 3050 1759 3118 ἐγκρατεύεται.

193 3134 393 3202 Οὕτως
422 3137 679 3207 τρέχετε,
705 3138 804 3191 ἵνα
825 3139 1227 3208 καταλάϐητε·
1259 3140 1510 3195 ὑπείκετε
1537 3145 1583 3195 oi
1611 3143 1764 3214 ἔσχα-

189 3241 267 3278 τοι
317 3231 435 3292 τοῖς
484 3229 743 3300 πρώτοις.
771 3232 854 3284 Οὐ
892 3231 1000 3298 γάρ
1033 3231 1204 3285 ἐστιν
1242 3232 1696 3302 ἀκαταστασίας

192 3314 357 3381 Θεὸς,
393 3318 536 3372 ἀλλ’
556 3318 819 3386 εἰρήνης.
863 3320 1139 3388 ’Δγαπᾶτε
1186 3322 1381 3388 Θεῖκῶς
1412 3328 1460 3378 ol
1495 3328 1766 3398 προηγού-

191 3423 342 3472 μενοι
371 3410 500 3473 τοὺς
532 3411 850 3479 ἑπομένους·
870 3414 964 3465 καὶ
999 3414 1076 3485 μὴ
1111 3414 1169 3482 ἐξ
1198 3416 1531 3483 αὑθεντείας,
1563 3419 1677 3472 ἀλλ’
1709 3421 1767 3487 ἐξ

189 3495 395 3568 ἀρετῆς
428 3499 524 3552 καὶ
563 3499 903 3571 ἀγαθότητος
944 3504 1266 3575 ἀπαιτοίητέ
1294 3508 1353 3559 τὸ
1382 3507 1765 3572 ὑποτακτικὸν,

186 3588 281 3640 καὶ
304 3588 568 3660 ὑπήκοον.
592 3589 684 3661 Μὴ
705 3591 1004 3660 χωρίζεσθε
1032 3595 1128 3646 ἀπ’
1157 3597 1421 3669 ἀλλήλων,
1449 3599 1769 3668 ἀμείσοντες

191 3677 424 3744 πολλοὺς
472 3679 722 3750 πρώτους
753 3679 817 3752 [ί.
849 3683 1094 3757 τόπους],
1139 3688 1232 3739 καὶ
1283 3689 1518 3759 οὐδαμοῦ
1572 3709 1768 3763 χρησι-

188 3769 480 3835 μεύοντες.
513 3771 741 3839 Μάρκον
773 3771 866 3824 τὸν
892 3773 1285 3846 εὖαγγελιστὴν
1309 3779 1406 3848 οὐχ
1432 3779 1606 3834 είλετο
1633 3798 1769 3852 συμ-

190 3859 535 3928 παραλαόεϊν
568 3861 800 3928 Παῦλος,
825 3864 900 3927 ὡς
925 3864 1254 3936 γέγραπται,
1281 3869 1368 3924 διά
1393 3872 1452 3924 τὸ
1483 3873 1556 3942 μὴ
1583 3848 1769 3926 συνελ-

187 3946 322 4012 Θείν,
356 3950 475 4005 ἀλλ’
511 3952 647 4006 οῐκοι
681 3955 1015 4027 ἀναστρέψαι
1040 3958 1100 4010 τὸ
1130 3959 1411 4032 πρότερον.
1449 3963 1604 4034 Πόσῳ
1635 3966 1767 4035 μᾶλ-

187 4039 278 4092 λον
309 4044 474 4113 ἡμεῖς
495 4046 780 4113 σὸφειλέται
804 4048 973 4120 ἐσμὲν
998 4051 1276 4121 στέργειν;
1311 4053 1602 4122 Ἕκαστος
1629 4058 1700 4111 ἐν
1721 4051 1769 4124 ᾧ

185 4131 443 4201 ἐκλήθη,
467 4134 742 4204 ἀδελφοὶ,
777 4139 847 4191 ἐν
875 4142 1059 4206 τούτῳ
1085 4141 1330 4211 μενέτω.
1365 4147 1770 4216 Καθαρίζωμεν

179 4221 465 4292 ἑαυτοὺς,
496 4227 819 4296 ἀγαπητοί,
867 4231 958 4285 ἀεὶ
1006 4232 1125 4286 ἀπὸ
1171 4237 1398 4302 παντὸς
1444 4239 1768 4308 μολυσμοῦ

180 4316 417 4382 σαρκὸς
445 4318 546 4370 καί
575 4319 913 4386 πνεύματος
931 4336 945 4350 ·
976 4322 1394 4393 ἐπιτελοῦντες
1423 4329 1769 4398 ἁγιωσύνην

180 4405 253 4457 ἐν
281 4411 454 4478 φόϐῳ
483 4410 633 4464 Θεοῦ
695 4413 805 4480 Τὰς
842 4417 1205 4482 παραδόσεις
1241 4420 1523 4486 κρατεῖτε,
1550 4423 1624 4488 ἀς
1651 4423 1766 4477 ἐδι-

181 4495 449 4593 δάχθητε
475 4516 491 4530 ·
525 4505 835 4593 ’κατηχεττε
868 4505 1162 4576 ἀλλήλους·
1196 4508 1503 4579 ὑπόμνησιν
1548 4514 1761 4584 λαμὸάο
1797 4537 1842 4593 D
1869 4516 2142 4570 Christum

1731 3201 1836 3289 dC

1869 1955 2230 2026 lacrymarum
2265 1955 2496 2022 fontem,
2532 1957 2980 2027 supplicationes,
3019 1955 3314 2011 orationes.
3349 1953 3435 2010 Sit

1865 2047 1920 2100 in
1955 2047 2210 2102 omnibus
2241 2047 2402 2101 timor
2439 2047 2554 2113 Dei,
2595 2048 2686 2117 qui
2737 2062 2956 2102 carnem
2997 2053 3237 2101 nostram
3269 2044 3434 2099 robo-

1866 2146 1949 2191 ret
1977 2146 2035 2191 et
2065 2137 2320 2208 conligat.
2366 2134 2644 2207 Nusquam
2678 2137 2878 2192 invidia
2908 2136 3133 2201 habitet,
3165 2151 3268 2191 nec
3299 2149 3434 2190 con-

1866 2230 2058 2293 tentio,
2091 2245 2192 2285 nec
2222 2231 2402 2285 inanis
2428 2232 2618 2301 gloria,
2643 2247 2745 2287 nec
2771 2232 3064 2301 quidquam
3088 2231 3156 2286 de
3176 2230 3434 2300 operibus

1866 2321 2216 2376 tenebrarum
2262 2339 2276 2376 :
2324 2323 2451 2376 dum
2506 2324 2684 2378 adhuc
2732 2332 3018 2392 emergunt
3069 2331 3126 2377 et
3182 2322 3434 2376 oriuntur

1865 2413 2328 2480 perturbationes,
2375 2423 2704 2469 arceantur:
2747 2429 2817 2468 ne
2860 2425 3146 2483 postquam
3183 2412 3434 2468 admissa

1867 2503 2095 2568 fuerint,
2132 2507 2481 2575 animamque
2511 2505 2821 2572 infecerint,
2851 2505 3124 2562 dilﬁcilius
3154 2505 3434 2576 expellan-

1867 2602 1974 2649 tur.
2003 2594 2106 2660 Qui
2130 2595 2186 2648 in
2207 2612 2372 2665 agone
2391 2597 2674 2659 contendit,
2699 2597 2763 2649 ab
2787 2598 3025 2651 omnibus
3049 2614 3103 2651 se
3124 2597 3350 2650 abstinet
3365 2594 3432 2649 δ’.

1867 2684 1954 2740 Sic
1983 2687 2195 2749 currite,
2229 2696 2286 2739 ut
2317 2686 2821 2756 comprehendatis“
2856 2706 2868 2741 :
2905 2688 3082 2742 cedite
3142 2686 3420 2742 novissimi

1869 2778 2082 2844 primis.
2123 2777 2241 2831 Non
2268 2779 2407 2832 enim
2430 2789 2502 2832 est
2529 2780 2862 2834 dissensionis
2891 2778 3051 2844 Deus,
3085 2780 3175 2833 sed
3202 2779 3348 2849 pacis
3363 2778 3431 2834 "'.

1873 2869 2105 2940 Diligite,
2139 2870 2279 2925 sicut
2305 2870 2474 2950 Deus,
2504 2871 2777 2950 praepositi
2805 2872 3090 2927 subditos:
3134 2881 3190 2927 et
3218 2887 3325 2927 nou
3366 2887 3436 2928 ex

1869 2964 2214 3031 auctoritate,
2254 2965 2347 3020 sed
2372 2981 2435 3019 ex
2465 2948 2665 3020 vii-tute
2688 2975 2742 3020 et
2771 2965 3013 3021 bonitate
3039 2965 3434 3036 subjectionem

1869 3056 2096 3128 exigatis
2123 3065 2178 3110 et
2202 3056 2589 3111 obedientiam.
2619 3057 2696 3111 Ne
2724 3058 3053 3127 separamini
3085 3060 3152 3111 ab
3176 3057 3434 3120 invicem,

1871 3149 1985 3202 loca
2041 3147 2212 3202 multa
2268 3157 2567 3211 mutantes,
2624 3157 2680 3203 et
2733 3164 3002 3218 nusquam
3064 3147 3433 3219 proﬁcientes.

1871 3240 2110 3294 Marcum
2145 3240 2534 3309 evangelistam
2565 3255 2751 3296 secum
2791 3255 3070 3295 assumere
3097 3240 3270 3295 noluit
3297 3239 3436 3294 Pau-

1869 3333 1972 3396 lus;
2018 3331 2163 3387 sicut
2193 3332 2460 3403 scriptum
2495 3330 2663 3399 est“,
2709 3347 2775 3388 eo
2819 3332 2964 3402 quod
3007 3347 3116 3388 non
3151 3333 3282 3388 isset
3308 3347 3431 3388 cum

1867 3422 1955 3486 iis,
1989 3424 2084 3477 sed
2115 3423 2262 3478 domi
2299 3424 2449 3494 prius
2478 3425 2850 3481 remansisset.
2881 3424 3096 3491 Quanto
3124 3426 3291 3497 magis
3333 3438 3438 3482 nos

1868 3515 2215 3582 acquiescere
2251 3515 2554 3568 debemus?
2597 3516 2958 3585 Unusquisque
2997 3517 3051 3568 in
3082 3532 3183 3586 quo
3221 3526 3436 3571 vocatus

1869 3615 1966 3667 est,
2007 3607 2221 3675 fratres,
2278 3607 2335 3659 in
2375 3607 2470 3659 hoc
2519 3617 2822 3676 permaneat
2845 3609 2910 3663 ".
2958 3607 3268 3663 Hundemus
3319 3626 3433 3672 nos,

1869 3697 2068 3760 dilecti,
2103 3713 2306 3767 semper
2348 3697 2412 3752 ab
2443 3700 2584 3751 omni
2618 3699 3010 3768 inquinamento
3039 3701 3215 3753 carnis
3248 3709 3295 3753 et
3329 3701 3438 3769 spi—

1869 3789 2023 3850 ritus,
2054 3788 2375 3857 perﬁcientes
2421 3789 2894 3858 sanctiﬁcationem
2934 3790 2987 3842 in
3033 3791 3216 3844 timore
3255 3791 3411 3844 Dei”

1873 3877 2060 3933 Tenete
2094 3880 2407 3932 traditiones
2442 3896 2573 3949 quas
2611 3881 2865 3934 didicistis
2881 3881 2923 3912 “
2957 3897 2970 3933 :
3004 3880 3254 3935 iustruite
3298 3882 3438 3935 invi-

1869 3986 2021 4035 cem,
2078 3978 2311 4024 mortem
2369 3985 2588 4034 semper
2641 3972 2952 4041 recogitate.
3001 3969 3162 4027 Orate
3215 3972 3433 4041 itaque-

1869 4063 2135 4123 obseero,
2193 4076 2292 4131 pro
2343 4062 2620 4117 omnibus.
2670 4062 2966 4117 Benedicite
3015 4067 3436 4134 persequentibus

1870 4167 1956 4205 vos
1985 4166 2004 4203 :
2049 4151 2367 4215 benedicite,
2431 4161 2479 4205 et
2539 4151 2698 4205 nolite
2753 4151 3061 4205 maledicere
3081 4153 3124 4184 ⁸¹
3154 4169 3168 4206 :
3204 4152 3438 4207 circum-

1869 4250 2065 4295 euntes
2108 4241 2328 4296 deloco
2371 4242 2424 4295 in
2471 4241 2672 4306 locum,
2718 4251 2961 4314 egentes,
3009 4243 3316 4314 angustiati,
3357 4241 3439 4296 ali-

1869 4332 1999 4387 ﬁicti
2024 4333 2090 4396 ³³,
2127 4332 2179 4384 in
2211 4331 2443 4386 desertis
2477 4341 2532 4386 et
2559 4333 2835 4386 montibus
2864 4342 3133 4394 errantes,
3159 4332 3337 4386 forsan
3378 4343 3437 4389 et

1869 4437 2135 4479 cavernas
2162 4433 2322 4480 terrae
2350 4423 2641 4477 intrantes.
2685 4423 3002 4478 Gloriamini
3045 4424 3169 4492 quia
3213 4433 3438 4495 propter

2196 4533 2209 4569 :
2261 4513 2388 4584 quia
2441 4514 2597 4568 vobis
2648 4515 2844 4584 dignus
2891 4529 3002 4568 non
3044 4525 3127 4569 est
3173 4517 3434 4571 mundus.

181 4602 300 4640 νοτε
334 4590 426 4642 ἀεὶ
451 4591 551 4644 τοῦ
583 4591 835 4646 θανάτου.
866 4594 1106 4666 Εὔχεσοε
1135 4594 1248 4666 οὖν,
1281 4603 1603 4671 παρακαλῶ,
1629 4606 1761 4675 ὑπὲρ

1868 4605 2169 4667 Sustinete,
2203 4604 2356 4658 ﬁlioli
2402 4606 2510 4660 mei
2546 4624 2559 4659 :
2596 4604 2768 4672 lilioli,
2809 4606 3074 4662 sustinete
3115 4608 3432 4663 modicum:

183 4677 426 4734 πάντων.
479 4682 805 4751 Εὐλοτεῐτε
850 4687 993 4752 τοὺς
1028 4687 1356 4758 διώκοντας
1381 4693 1535 4761 ὑμᾶς
1555 4711 1568 4726 ⁸
1593 4697 1771 4750 εὐλο-

181 4769 360 4837 γεῖτε,
388 4771 495 4825 καὶ
526 4772 616 4842 μὴ
655 4775 991 4843 καταρᾶσθε
1014 4794 1028 4806 '
1064 4783 1479 4853 περιερχόμενοι
1509 4787 1574 4838 ἐκ
1603 4787 1768 4841 τόπου

177 4862 261 4926 είς
290 4864 487 4929 τόπον,
525 4865 930 4936 ὑστερούμενοι,
961 4869 1289 4941 Θλιὸόμενοι,
1319 4879 1768 4948 κακουχούμενοι*

180 4956 239 5007 ιν
275 4955 551 5027 ἐρημίαις
592 4959 686 5010 καὶ
725 4959 874 5028 ὄρεσι
913 4961 1292 5032 πλανώμενοι·
1338 4968 1370 5037 ἢ
1408 4969 1547 5038 τάχα
1579 4970 1672 5023 καὶ
1709 4971 1768 5023 ἐν

176 5045 342 5111 ὀπαῖς
371 5049 479 5118 τῆς
513 5049 618 5119 γῆς
646 5051 968 5116 εἰσδύοντες.
1004 5057 1230 5126 Δὺχεῖτε
1269 5060 1349 5113 ὅτι
1381 5061 1470 5117 διὰ
1510 5063 1768 5135 Χριστὸν,

176 5139 260 5192 ὅτι
289 5139 452 5210 ὑμῶν
478 5141 584 5194 οὐκ
608 5140 754 5206 ἄξιος
780 5145 808 5196 ὀ
836 5146 1055 5216 κόσμος.
1092 5149 1405 5219 Ἐνέγκατε,
1426 5155 1615 5208 τεκνία
1642 5174 1764 5226 μου,

176 5231 390 5295 τεκνία,
443 5233 708 5300 ἐνέγκατε
767 5239 980 5307 μικρὸν,
1023 5241 1119 5294 καὶ
1159 5242 1438 5298 ἐλεύσεται
1491 5247 1696 5318 Κύριος
1739 5250 1768 5301 ὁ

180 5321 608 5391 στεφανοδότης,
667 5325 695 5375 ὁ
744 5324 1178 5397 μισθαποδότης·
1221 5324 1283 5382 οὗ
1335 5335 1767 5407 συγκληρονόμοι

177 5412 520 5483 γεγενῆσθαι
583 5415 1008 5485 ὲπηγγέλμεθα·
1057 5419 1241 5488 Εἴπερ
1301 5425 1765 5497 συμπάσχομεν,

176 5503 280 5557 ἵνα
322 5506 426 5558 καὶ
454 5505 1010 5578 συνδοξασθῶμεν·
1044 5513 1136 5564 ἐπὶ
1168 5514 1302 5566 πᾶσι
1344 5522 1768 5591 προσευχόμενοι

1866 4706 1922 4751 et
1951 4696 2137 4750 veniet
2181 4695 2444 4750 Dominus
2483 4712 2696 4751 coronae
2726 4699 2900 4765 dator,
2945 4707 3001 4752 et
3038 4700 3307 4754 mercedis
3349 4717 3436 4758 re-

1869 4785 2104 4840 tributor
2135 4805 2148 4839 :
2186 4785 2344 4854 cujus
2383 4800 2485 4838 nos
2517 4788 2828 4844 cohaeredes
2857 4789 2972 4843 fore
3003 4790 3160 4845 nobis
3200 4792 3434 4862 promis-

1869 4891 1990 4930 sum
2022 4886 2144 4931 est:
2178 4875 2235 4931 Si
2275 4885 2451 4930 tamen
2498 4882 2864 4946 compatimur,
2908 4891 2962 4934 ut
3001 4892 3049 4935 et
3077 4884 3439 4953 conglori/ice-

1875 4984 1993 5020 mur
2010 4967 2078 5030 “,
2116 4968 2170 5021 in
2215 4969 2472 5022 omnibus
2495 4979 2738 5034 orantes,
2759 4986 2856 5040 pro
2895 4987 2982 5026 me
3007 4972 3174 5027 etiam
3216 4976 3435 5035 misero.

1876 5069 1936 5113 ut
1965 5059 2321 5114 conﬁrmetur
2357 5075 2452 5114 cor
2482 5077 2662 5116 meum
2703 5064 2771 5118 ad
2810 5067 3132 5134 perferenda
3165 5085 3335 5139 usque
3368 5071 3439 5127 ad

1879 5161 2110 5205 mortem
2139 5167 2204 5205 ea
2233 5167 2352 5220 qua:
2384 5153 2542 5207 nobis
2585 5155 2903 5226 inﬁiguntur
2929 5176 2943 5212 :
2976 5166 3037 5214 ut
3077 5175 3185 5216 non
3216 5163 3436 5232 repellat

1880 5257 1967 5294 me
1993 5241 2242 5295 Christus
2263 5250 2483 5311 propter
2508 5244 2883 5316 indignitatem
2908 5264 3081 5304 meam
3111 5268 3126 5306 :
3154 5261 3214 5308 ut
3237 5252 3439 5310 liberer

1877 5348 1908 5386 a
1942 5332 2082 5386 malo
2119 5346 2217 5402 per
2253 5332 2436 5388 omnia
2478 5351 2885 5408 usquequaque.
2918 5339 3073 5396 Nunc
3102 5342 3248 5410 vivo,
3301 5345 3439 5400 dile-

1868 5423 2118 5489 ctissimi,
2152 5422 2280 5477 dum
2303 5425 2460 5479 statis
2493 5424 2549 5480 in
2581 5427 2826 5483 Domino.
2854 5429 2980 5495 Qua:
2999 5442 3073 5486 est
3095 5435 3235 5489 enim
3263 5445 3442 5492 nostra

1870 5531 2005 5583 spes,
2039 5522 2134 5567 aut
2170 5514 2443 5584 gaudium,
2480 5525 2572 5569 aut
2603 5534 2790 5572 corona
2828 5520 3108 5591 gloria"?
3138 5523 3325 5578 Nonne
3354 5543 3441 5581 vos

247 5659 309 5744 ‘_‘_
337 5658 543 5744 ilhilip.
577 5683 639 5726 η.
671 5665 763 5744 με.
792 5669 947 5744 __“_l
976 5671 1098 5728 Cor.
1137 5690 1210 5738 Ix,
1244 5674 1334 5729 ‘25.
1414 5680 1458 5712 ⁸⁸
1497 5681 1628 5737 ibid,
1662 5684 1752 5736 24,

1865 5684 1876 5713 ν
1916 5680 1936 5733 1
1967 5673 2092 5744 Cor.
2119 5689 2226 5736 xw,
2251 5675 2337 5729 '53.
2417 5671 2461 5705 "
2499 5677 2613 5731 Act.
2652 5694 2738 5742 xv,
2779 5683 2865 5735 38.
2945 5681 3027 5736 ινι
3057 5681 3182 5737 Cur.
3217 5700 3312 5744 vu,
3347 5684 3440 5743 24.

269 5729 501 5816 ΙΞΗΟΟΓί
534 5753 629 5799 vn,
667 5738 712 5791 l.
788 5739 834 5771 ³¹
876 5739 1066 5799 Thess.
1105 5762 1161 5810 ιι,
1199 5729 1282 5800 i4.
1361 5749 1404 5780 "
1445 5729 1752 5816 ιιῦίέιῗχῖιῖ

1921 5729 1984 5781 ’⁸³
2018 5743 2180 5798 Hebr.
2216 5729 2291 5810 iu,
2324 5745 2411 5798 57.
2490 5748 2532 5778 ⁵⁸
2577 5729 2738 5803 lio-in:
2766 5729 2877 5815 (tit,
2918 5752 2998 5805 l7.

179 5813 241 5858 ll.
289 5801 366 5854 l9.

3108 5754 3152 5784 "
3195 5754 3210 5805 Ι
3246 5754 3440 5814 Thess.
