3990 6318
602 385 733 452 H39

1782 398 1840 457 S.
1874 394 2263 456 THEODORI
2295 393 2638 453 STUDITJS

3695 387 3838 451 1140

592 504 713 556 estis
752 511 863 557 tum
905 502 957 556 in
1001 498 1123 567 hoc,
1160 514 1269 557 tum
1300 504 1354 557 in
1388 504 1569 559 futuro
1601 508 1835 561 saeculo?
1867 506 1973 561 Vos
2006 507 2151 560 enim

2264 506 2348 557 καὶ
2380 505 2520 573 ὑπὲρ
2550 504 2681 573 ἐμοῦ
2708 501 2800 555 τοῦ
2830 500 3013 555 ἀθλίου
3040 519 3051 532 ·
3087 501 3174 554 ἶνα
3204 519 3303 571 μου
3336 502 3617 573 στερεωθῇ
3644 504 3678 572 η
3707 522 3835 573 καρι

590 605 645 649 et
674 594 929 648 solatium
962 596 1263 658 charitatis,
1299 605 1352 650 et
1380 597 1677 651 consolatio
1704 614 1821 653 mea
1853 600 2003 653 estis.
2032 598 2155 667 Ipse

589 692 762 735 autem
792 681 932 735 Deus
959 684 1102 751 pacis
1130 684 1421 752 sanctiﬁcet
1448 701 1533 737 vos
1562 701 1654 753 per
1688 686 1904 737 omnia:
1935 694 1989 736 ut
2020 686 2153 737 inte-

588 791 679 843 ger
708 776 922 842 spiritus
962 786 1145 839 vester,
1177 786 1226 828 et
1254 778 1457 841 anima,
1495 787 1542 830 et
1582 793 1764 846 corpus
1804 778 1915 830 sine
1943 776 2152 846 querela

587 876 821 917 servetur
839 867 908 920 ⁸⁸.
953 866 1152 921 Fidelis
1201 867 1341 922 Deus
1370 878 1577 932 noster,
1611 867 1825 931 fratres,
1858 868 1949 935 qui
1979 876 2035 921 et
2076 867 2155 920 fa-

586 956 713 1009 ciet.
765 956 1007 1012 Salutate
1028 960 1245 1013 invicem
1292 961 1347 1012 in
1369 959 1543 1013 osculo
1592 969 1771 1013 sancto
1790 962 1850 1014 ".
1896 959 2156 1013 Salutatio

588 1060 732 1105 mea,
776 1046 996 1101 humilis
1027 1048 1299 1103 Theodori
1338 1050 1404 1104 ad
1432 1052 1612 1104 omnia
1652 1051 1892 1105 membra
1928 1066 2046 1105 mea
2087 1069 2149 1106 ex

587 1134 747 1188 labiis
785 1140 964 1192 cordis
1011 1141 1140 1193 mei.
1192 1140 1443 1195 Salutant
1491 1157 1587 1195 vos
1628 1142 1719 1211 qui
1766 1157 1977 1195 mecum
2026 1152 2151 1197 sunt

2255 596 2343 649 δία
2381 597 2622 661 ἐνεγκεῖν
2652 594 2812 664 μέχρι
2846 593 3079 646 θανάτου
3100 593 3169 644 τά
3197 594 3514 663 ἐπαγόμενα
3542 595 3681 663 ἡμῖν
3703 612 3716 623 ·
3752 598 3841 649 ῖνα

2261 688 2333 757 μή
2372 704 2439 752 με
2468 684 2752 755 ἀπώσηται
2800 686 3031 755 Χριστὸς
3081 684 3168 737 διὰ
3207 684 3306 753 τὴν
3332 684 3665 754 ἀναξιότητά
3697 702 3802 754 μου
3823 704 3837 715 ·

2258 776 2345 828 ἵνα
2372 775 2550 846 ῥυσθῶ
2574 775 2679 827 ἀπὸ
2706 774 2798 827 τοῦ
2829 772 3066 844 πονηροῦ
3095 775 3182 826 διὰ
3205 772 3404 835 παντὸς
3428 774 3486 825 ἐν
3514 774 3681 824 παντὶ
3710 776 3842 842 τρό-

2259 884 2364 937 πῳ.
2390 868 2502 920 Νῦν
2528 868 2624 930 ζῶ,
2648 869 2943 937 ἀγαπητοὶ,
2969 867 3061 919 ἐὰν
3090 868 3247 932 ὑμεῖς
3279 866 3505 935 στήκετε
3532 867 3591 917 ἐν
3618 866 3837 935 Κυρίῳ.

2263 960 2359 1023 Τις
2394 958 2502 1026 γὰρ
2536 957 2702 1025 ἡμῶν
2732 957 2921 1020 ἐλπίς,
2960 958 2998 1024 ἣ
3030 956 3245 1026 χαρὰ,ἣ
3280 956 3581 1025 στέφανος
3607 959 3840 1025 καυχή-

2257 1066 2440 1115 σεως;
2474 1050 2609 1103 ἀλλ’
2646 1049 2780 1118 οὐχί
2818 1049 2984 1117 ὑμεῖς
3013 1054 3106 1101 καὶ
3136 1049 3192 1100 ἐν
3223 1047 3298 1117 τῷ
3325 1047 3419 1099 νῦν
3440 1050 3621 1111 αἰῶνι,
3655 1049 3754 1101 καὶ
3778 1051 3840 1100 ἐν

2258 1140 2334 1210 τῷ
2367 1142 2637 1210 μέλλοντι;
2670 1144 2779 1205 ναὶ,
2803 1141 2957 1209 ὑμεῖς
2982 1141 3089 1210 γὰρ
3108 1140 3201 1192 καὶ
3225 1140 3571 1208 παραμύθιον
3589 1142 3837 1209 ἀγάπης,

592 1226 804 1282 fratres.
840 1229 1022 1284 Gratia
1059 1247 1179 1285 eum
1211 1233 1402 1301 spiritu
1436 1244 1634 1288 vestro.
1669 1235 1859 1287 Amen.

2264 1234 2354 1287 καὶ
2382 1232 2728 1302 παράκλησίς
2763 1248 2884 1302 μου.
2912 1233 3105 1296 Αὐτὸς
3134 1231 3201 1283 δὲ
3220 1234 3253 1283 ό
3284 1232 3425 1297 Θεὸς
3456 1232 3565 1298 τῆς
3591 1232 3841 1299 εἰρήνης

588 1318 829 1385 ἁγιάσαι
856 1320 1013 1388 ὑμᾶς
1042 1311 1365 1391 ὂλοτελεῖς,
1392 1327 1489 1379 καὶ
1530 1328 1868 1395 ὁλόκληρον
1910 1325 2077 1396 ὑμῶν
2136 1325 2203 1379 τὸ
2242 1328 2495 1395 πνεῦμα,
2549 1327 2645 1379 καὶ
2675 1327 2711 1393 ἡ
2770 1328 2962 1395 ψυχὴ,
3033 1327 3127 1379 καὶ
3179 1327 3245 1382 τὸ
3304 1325 3471 1395 σῶμα
3518 1326 3841 1395 ἀμέμπτως

590 1412 885 1478 τηρηθείη.
916 1414 1111 1478 Πιστὸς
1142 1418 1169 1468 6
1198 1418 1327 1480 Θεὸς
1355 1419 1508 1487 ἡμῶν
1532 1435 1546 1449 ·
1582 1419 1641 1483 ὃς
1671 1420 1765 1472 καὶ
1810 1422 2044 1489 ποιήσει,
2085 1420 2319 1489 ἀδελφοί.
2366 1420 2742 1473 Ἀσπάσασθε
2802 1419 3112 1485 ἀλλήλους
3152 1420 3220 1472 ἐν
3246 1418 3530 1487 φιλήματι
3566 1419 3737 1484 ἁγίῳ.
3779 1418 3841 1472 Ὁ

590 1501 876 1573 ἀσπασμός
907 1524 1007 1574 μου
1036 1507 1128 1559 τοῦ
1153 1510 1407 1562 ταπεινοῦ
1431 1510 1707 1581 Θεοδώρου
1733 1512 1869 1581 πρὸς
1895 1511 2071 1563 πάντα
2121 1512 2190 1564 τά
2254 1512 2392 1581 μέλη
2440 1530 2541 1579 μου
2590 1510 2698 1563 ἀπὸ
2749 1510 2970 1579 χειλέων
3025 1529 3126 1580 μου
3171 1511 3420 1581 καρδίας.
3448 1510 3840 1576 Ἀσπάζονται,

592 1596 736 1665 ὑμᾶς
772 1600 818 1651 οἱ
855 1600 972 1666 μετ’
1002 1599 1137 1669 ἐμοῦ
1159 1600 1394 1667 ἀδελφοί.
1434 1602 1499 1655 Ἥ
1525 1603 1683 1672 χάρις
1717 1604 1853 1669 μετά
1878 1603 1970 1656 τοῦ
1999 1602 2308 1673 πνεύματος
2340 1603 2513 1671 ὑμῶν.
2554 1603 2746 1671 Ἀμήν.

782 1742 875 1797 IX.
912 1773 979 1783 —
1014 1742 1241 1814 Joscpho
1276 1745 1437 1815 fratri
1463 1756 1511 1799 et
1547 1748 1953 1816 archiepiscopo.

2276 1749 2351 1802 Θ¹.
2386 1778 2452 1789 —
2476 1746 2690 1817 Ἰωσὴφ
2720 1744 2961 1815 ἁδελφῷ
2991 1746 3088 1800 καὶ
3121 1747 3589 1816 ἀρχιεπισκόπῳ.
3614 1747 3807 1820 [ρνα’.]

1382 1863 1709 1922 Quorumdam
1731 1866 2178 1927 praevaricationem
2200 1868 2370 1916 deflet.
2418 1867 2617 1927 (Baron.
2651 1879 2730 1915 an.
2754 1865 2861 1926 815,
2889 1879 2936 1914 n.
2970 1866 3073 1928 11.)

665 1966 894 2037 Semper
920 1968 1053 2022 mihi
1085 1970 1319 2039 Optabile
1363 1972 1602 2027 scribere
1633 1975 1907 2029 sanctitati
1939 1985 2062 2039 tum,
2097 1991 2159 2030 ac
2190 1987 2232 2041 Β

592 2068 743 2113 tanto
791 2060 983 2130 magis,
1038 2070 1241 2129 quanto
1285 2062 1457 2116 exsilii
1504 2064 1672 2118 nostri
1730 2065 1968 2134 longiora
2029 2077 2157 2121 sunt

592 2151 870 2206 intervalla
906 2170 918 2205 :
956 2152 1080 2206 facit
1110 2153 1253 2206 enim
1286 2164 1343 2208 ut
1371 2156 1592 2224 propius
1644 2156 2044 2226 quodammodo
2068 2174 2158 2211 ve-

589 2245 734 2297 niam
766 2246 818 2297 in
854 2244 1218 2297 venerabilem
1276 2257 1625 2314 conspectum
1678 2258 1850 2311 tuum,
1903 2259 1957 2303 et
2008 2250 2156 2302 leva-

590 2351 715 2390 men
747 2335 904 2389 atl‘ert
934 2337 1050 2405 ipsa
1084 2336 1159 2389 tui
1189 2336 1515 2391 allocutione
1550 2356 1563 2391 :
1602 2340 1746 2407 quod
1774 2349 1831 2393 et
1858 2356 2001 2393 nunc
2021 2356 2157 2410 quo-

590 2442 696 2494 que
725 2427 920 2480 accidit
948 2428 1181 2497 graviter
1213 2428 1461 2482 maerenti
1486 2428 1555 2483 ob
1581 2429 1843 2497 proditam
1873 2445 1903 2485 a
1933 2432 2159 2499 quibus-

589 2516 713 2570 dam
741 2517 1045 2586 praepositis
1075 2519 1380 2573 veritatem.
1414 2518 1483 2573 Ut
1512 2520 1654 2574 enim
1679 2521 1789 2591 jam
1840 2522 1989 2576 novit
2034 2538 2160 2577 san-

590 2608 750 2663 ctitas
799 2622 910 2674 tua,
958 2622 1113 2665 vetus
1162 2611 1247 2664 illa
1278 2613 1542 2678 custodia,
1593 2613 1880 2683 Josephus,
1917 2615 2156 2685 inquam,

590 2699 822 2753 adulteri
854 2701 1155 2770 copulator,
1202 2701 1595 2765 Photinodites,
1636 2702 2001 2771 Heracleotes,
2052 2707 2161 2761 Me-

590 2791 844 2856 diciotes,
884 2791 1166 2863 Mylianus,
1209 2793 1672 2864 Hypolichniotes,
1706 2796 1998 2860 Gul-.eates,
2025 2810 2100 2863 et,
2126 2816 2159 2852 ο

590 2893 872 2954 peccatum
900 2902 1081 2940 meum
1106 2889 1118 2941 !
1141 2888 1300 2941 etiam
1326 2888 1723 2954 Phlubutenus,
1755 2893 1919 2945 stulta
1950 2892 2159 2962 simpli-

591 2978 754 3033 citate
798 2988 1009 3048 captus,
1066 2982 1308 3035 unanimi
1366 2998 1655 3049 consensu,
1702 2985 2167 3054 dispensationem

592 3072 798 3129 Scilicet
854 3084 1279 3145 pr0pugnantes,
1320 3076 1528 3146 abrepti
1565 3077 1632 3132 ab
1666 3093 1731 3133 eo
1764 3076 1855 3147 qui
1906 3079 2031 3133 talia
2064 3094 2163 3148 pa-

594 3170 737 3217 trare
772 3164 907 3219 solet
953 3165 1214 3235 Joseplio,
1242 3178 1361 3235 post
1398 3166 1651 3223 Satanam
1696 3170 1963 3233 abierunt,
1997 3170 2163 3224 semel

591 3265 754 3324 atque
803 3257 998 3309 iterum
1046 3271 1169 3311 cum
1212 3258 1392 3328 impiis
1415 3261 1899 3314 communicantes.
1947 3260 2061 3326 Qua
2096 3260 2163 3314 de

2342 1975 2495 2044 Ἐμοὶ
2526 1973 2586 2026 τὸ
2626 1973 2963 2026 ἐπιστέλλειν
3016 1976 3081 2045 τῇ
3139 1957 3417 2045 ἁγιωσύνῃ
3460 1989 3555 2027 σου
3603 1973 3843 2026 πάντοτε

2258 2066 2491 2134 ποθητόν
2512 2080 2524 2095 ·
2569 2067 2663 2118 καὶ
2693 2065 2945 2119 τοσοῦτον
2973 2066 3103 2118 ὅσον
3136 2067 3227 2118 καὶ
3254 2065 3314 2118 τὸ
3345 2067 3445 2135 τῆς
3475 2066 3842 2137 περιορίσεως

2256 2158 2531 2227 διάστημα
2573 2159 2908 2228 μακρότερον
2934 2174 2946 2188 ·
2995 2158 3161 2227 ἐγγὺς
3196 2158 3304 2227 γάρ
3339 2175 3406 2227 με
3445 2161 3594 2211 ποιεῖ
3636 2156 3736 2211 τοῦ
3762 2175 3845 2209 τι-

2262 2248 2385 2317 μίου
2413 2249 2707 2317 προσώπου
2754 2265 2845 2301 σου
2872 2265 2885 2279 ο
2916 2249 3011 2302 καὶ
3050 2248 3330 2319 ῥαστώνην
3362 2251 3583 2320 ἐμποιεῖ
3612 2250 3705 2303 διὰ
3741 2251 3843 2320 τῆς

2258 2343 2701 2410 προσφωνήσεως
2720 2356 2735 2371 ⁸
2768 2335 2856 2393 οἷα
2887 2343 2981 2394 καὶ
3012 2340 3104 2393 νῦν
3135 2340 3397 2411 λυπηρῶς
3416 2341 3759 2411 διακειμένῳ
3784 2343 3845 2394 ἐν

2258 2435 2324 2502 τῇ
2374 2433 2481 2485 τῶν
2533 2450 2694 2485 τινων
2744 2432 3062 2502 ἡγουμένων
3114 2433 3373 2503 προδοσίᾳ
3421 2433 3516 2503 τῆς
3554 2432 3841 2501 ἀληθείας.

2262 2523 2377 2575 Ἵνα
2405 2524 2513 2592 γὰρ
2538 2518 2643 2574 οἶδέ
2675 2539 2768 2575 σου
2806 2524 2838 2592 ἡ
2866 2522 3100 2593 ὁσιότης,
3130 2524 3213 2577 ὅτι
3244 2526 3276 2593 ἡ
3311 2524 3476 2576 πάλαι
3507 2524 3840 2577 κουστωδία”

2261 2613 2403 2681 λέγω
2434 2614 2498 2683 δὴ
2535 2614 2732 2683 Ἰωσὴφ
2759 2616 2787 2666 6
2819 2613 3231 2683 μοιχοζεὺκτης,
3265 2615 3292 2666 6
3334 2614 3784 2685 Φωτεινουδίτης,
3815 2618 3845 2668 6

2272 2701 2701 2773 Ἡρακλεώτης,
2726 2705 2753 2756 6
2774 2702 3146 2775 Μηδικιώτης,
3182 2706 3210 2756 6
3233 2704 3524 2770 Μυλιανὺς,
3557 2708 3586 2759 6
3626 2707 3845 2760 ’Υπολι-

2262 2793 2517 2864 χνιώτης,
2540 2796 2568 2847 6
2588 2794 2937 2865 Γουλαιάτης,
2971 2794 3104 2846 ἀλλά
3138 2792 3238 2862 φεῦ
3272 2794 3369 2864 τῆς
3396 2796 3675 2867 ἁμαρτίας
3704 2796 3838 2867 {soul

2261 2887 2343 2939 ὅτι
2392 2886 2487 2939 καὶ
2532 2888 2560 2938 6
2605 2887 3003 2956 Φλουϐουτηνὸς
3041 2884 3195 2958 [[ὶθς.
3238 2886 3359 2941 cod.
3399 2885 3839 2959 tmouﬁouttvbc],

2265 2976 2586 3047 συλληφθεὶς
2632 2977 2691 3041 ἐξ
2718 2978 2947 3046 ἄφρονος
2977 2977 3280 3047 ἁπλότητος
3304 2994 3317 3007 ·
3352 2978 3722 3049 ὁμοθυμαδὸν,
3750 2997 3841 3048 μι-

2263 3068 2394 3137 κρὸν
2451 3069 2735 3130 ἐνστάντες
2789 3068 2948 3138 δῆθεν
3011 3070 3353 3140 οἰκονομίας,
3424 3070 3842 3140 ὑφορμηθέντες

2265 3158 2411 3227 παρά
2450 3158 2544 3210 τοῦ
2589 3158 2839 3222 εἰωθότος
2885 3160 3319 3229 κατεργάζεσθαι
3350 3160 3420 3212 τὰ
3447 3160 3675 3213 τοιαῦτα
3726 3162 3841 3216 Ἰω-

2266 3249 2397 3319 σὴφ,
2422 3248 2797 3320 ἐξετράπησαν
2824 3251 2997 3305 ὀπίσω
3022 3251 3115 3305 τοῦ
3150 3253 3383 3314 Σατανᾶ,
3410 3255 3841 3322 κοινωνήσαντες

593 3356 756 3395 causa
792 3340 1054 3395 benevole
1078 3342 1309 3407 dimissi,
1350 3343 1403 3396 in
1434 3357 1672 3396 errorem
1702 3359 1859 3398 suum
1887 3344 2161 3399 instabiles

2265 3339 2412 3403 ἅπαξ
2438 3341 2531 3393 καὶ¹
2562 3341 2642 3404 δὶς
2674 3344 2785 3405 τοῖς
2812 3342 3086 3395 ἀσεϐέσιν.
3124 3342 3211 3395 Ἐν
3238 3335 3283 3409 ᾧ
3311 3343 3402 3395 καὶ
3429 3344 3677 3412 εὐμενῶς
3707 3346 3841 3397 ἀπο-

597 3431 897 3501 impellunt.
958 3432 1285 3499 Quinetiam,
1320 3444 1379 3488 ut
1404 3446 1644 3504 apparet,
1671 3436 1919 3489 Nicaenus
1947 3452 2160 3505 quoque

593 3520 649 3574 in
682 3521 891 3574 ruinam
915 3522 1124 3591 positus
1154 3531 1236 3576 est
1265 3522 1666 3593 episcoporum.
1696 3524 1974 3579 Revocant
2014 3525 2160 3578 enim

594 3612 663 3667 ab
694 3613 922 3679 exsiliis,
956 3623 1013 3668 ut
1070 3614 1192 3668 talia
1230 3613 1449 3669 faciant.
1504 3616 1572 3669 Et
1625 3615 1729 3670 nisi
1776 3629 1877 3670 nos
1935 3616 2162 3670 fulciens

595 3703 887 3771 praeveniat
941 3719 1132 3757 manus
1180 3704 1296 3768 Dei,
1329 3705 1567 3773 perimus
1610 3716 1663 3759 et
1693 3721 1790 3759 nos
1818 3705 1908 3774 qui
1960 3705 2160 3761 residui

593 3809 802 3847 sumus.
835 3793 973 3859 Quid
1004 3810 1132 3862 ergo
1158 3796 1401 3863 estquod
1420 3798 1683 3849 etiterum
1717 3798 1767 3848 in
1800 3811 1898 3849 nos
1930 3796 2162 3850 humiles

593 3904 717 3942 cum
743 3888 930 3956 paucis
949 3888 1069 3941 aliis
1095 3887 1411 3941 incumbere
1436 3886 1614 3940 fabula
1641 3887 1894 3941 videtur?
1920 3887 2160 3958 Exsurge

595 3981 794 4048 itaque,
825 3979 905 4033 \‘ir
930 3978 1046 4044 Dei,
1068 3986 1324 4046 tanquam
1372 3978 1612 4047 pontifex
1645 3978 1843 4033 Christi
1876 3980 1986 4032 veri
2013 3980 2163 4048 prin-

594 4074 731 4144 cipis
758 4083 1060 4144 pastorum,
1084 4084 1342 4143 tantoque
1376 4073 1694 4142 impensius,
1731 4082 1933 4143 quanto
1952 4073 2161 4128 cateris

592 4166 848 4221 omnibus
925 4166 1296 4236 superemines
1363 4165 1598 4219 culmine
1670 4165 1986 4230 sacerdotii,
2052 4179 2161 4219 uno

593 4259 835 4327 dempto,
860 4258 951 4327 qui
978 4258 1031 4310 in
1056 4257 1237 4311 abdito
1270 4256 1541 4311 detinetur
1574 4272 1588 4308 :
1631 4256 1877 4325 Cleri/ica
1912 4258 2076 4311 Deum
2106 4260 2161 4311 in

594 4369 806 4421 corpore
836 4360 925 4404 tuo
959 4359 1007 4404 et
1036 4352 1089 4403 in
1111 4350 1302 4418 spiritu
1330 4358 1419 4401 tuo
1445 4350 1511 4402 ".
1561 4348 1677 4402 Non
1728 4351 1941 4418 penitus
1972 4351 2026 4404 in
2074 4351 2160 4404 in-

594 4444 711 4497 sula
770 4443 1097 4512 relinqueris
1132 4461 1145 4497 :
1182 4443 1419 4497 exerceri
1478 4442 1700 4497 forsitan
1740 4450 1794 4497 et
1842 4444 2053 4513 probari
2086 4452 2159 4510 te,

594 4534 737 4588 sicut
767 4544 942 4595 antea,
974 4542 1203 4600 Oportet,
1238 4541 1297 4585 ut
1326 4548 1579 4587 coronam
1611 4534 1734 4587 inde
1780 4534 1986 4588 referas
2036 4534 2161 4587 illu-

594 4626 867 4680 striorem.
898 4623 1008 4677 Heu
1032 4626 1043 4676 !
1066 4624 1168 4675 heu
1192 4628 1204 4676 t
1226 4624 1408 4685 frater,
1431 4624 1485 4676 in
1501 4639 1618 4691 qua:
1637 4632 1877 4693 tempora
1903 4625 2158 4679 reservati

594 4716 821 4770 sumus?
842 4715 946 4770 Sed
976 4714 1144 4785 gratia
1176 4722 1351 4768 tamen
1389 4714 1436 4767 ei
1468 4714 1560 4782 qui
1596 4714 1889 4769 reservavit
1922 4731 1935 4767 :
1971 4714 2038 4768 Et
2067 4716 2163 4767 hoc

595 4825 627 4860 a
657 4807 785 4869 Deo,
836 4806 912 4860 ait
961 4804 1273 4874 Apostolus,
1307 4806 1453 4874 quia
1486 4806 1629 4858 nobis
1669 4806 1919 4858 donatum
1952 4814 2025 4858 est
2068 4821 2162 4872 pro

593 4896 820 4960 Christo,
847 4911 949 4948 non
973 4895 1141 4948 solum
1185 4902 1242 4946 ut
1270 4894 1325 4946 in
1350 4910 1468 4947 eum
1505 4895 1798 4958 credamus,
1858 4895 1948 4947 sed
2002 4896 2163 4947 etiam

594 4996 650 5037 ut
680 5003 773 5052 pro
803 4986 895 5038 illo
916 4985 1187 5053 patiamur
1215 4984 1282 5037 “.
1340 4982 1457 5038 Non
1484 4984 1729 5054 despexit
1770 4985 2030 5039 Dominus
2059 4985 2165 5038 hu-

2266 3434 2535 3499 λυθέντες,
2570 3435 2879 3487 ἁλίσκουσιν
2925 3434 2995 3485 -ἐν
3041 3433 3118 3503 τῷ
3164 3433 3346 3505 οίκείῳ
3403 3438 3664 3503 πτώματι
3713 3436 3841 3496 τοὺς

2267 3524 2649 3593 ἀστηρίκτους.
2686 3523 2825 3576 Ἀλλ’
2850 3522 2925 3577 ὠς
2968 3522 3133 3584 ἔοικε,
3166 3523 3260 3575 καὶ
3303 3524 3330 3574 6
3358 3524 3456 3593 τῆς
3486 3524 3723 3586 Νικαίας
3757 3525 3840 3587 εἰς

2267 3614 2468 3684 πτῶμα
2518 3618 2692 3667 κεῖται
2738 3612 2845 3665 τῶν
2891 3613 3225 3666 ἐπισκόπων.
3266 3613 3691 3667 Ἀνακαλοῦνται
3728 3616 3838 3686 γὰρ

2268 3707 2393 3767 τοὺς
2419 3707 2474 3757 ἐν
2504 3702 2739 3772 ἐξορίαις
2770 3702 2901 3772 πρὸς
2929 3703 2989 3755 τὸ
3020 3701 3087 3755 τὰ
3111 3704 3271 3772 ὃμοια
3293 3703 3515 3773 πρᾶξαι.
3544 3706 3654 3758 Καὶ
3682 3708 3730 3757 εί
3759 3708 3835 3776 μὴ

2268 3795 2570 3862 προφθάσει
2587 3796 2619 3862 ὴ
2640 3794 2761 3868 χεὶρ
2781 3792 2873 3845 τοῦ
2890 3791 3025 3845 Θεοῦ
3048 3793 3426 3862 ὑπερείδουσα,
3445 3794 3717 3868 ὀλλύμεθα
3739 3797 3836 3849 καὶ

2266 3886 2316 3937 οι
2350 3867 2785 3953 ὑπολειφθέντες.
2805 3884 2869 3937 Τί
2897 3880 2988 3937 οὖν
3014 3886 3159 3937 ἐστιν
3180 3885 3263 3937 ὅτι
3297 3886 3391 3937 καὶ
3412 3867 3602 3953 πάλιν,
3616 3886 3693 3949 ὡς
3714 3890 3838 3956 φαί-

2268 3991 2437 4040 νεται,
2466 3977 2545 4035 είς
2576 3976 2719 4044 ημᾶς
2742 3976 2863 4037 τοὺς
2886 3975 3175 4037 ταπεινοὺς
3201 3975 3543 4043 περιίσταται
3572 3978 3633 4030 τὸ
3654 3978 3839 4048 δρᾶμα

2268 4069 2366 4118 σὺν
2400 4066 2629 4133 ὀλίγοιςς
2670 4065 2901 4119 Ἀνάστα
2922 4060 3035 4127 οὖν,
3063 4059 3108 4117 ὦ
3135 4065 3409 4137 ἄνθρωπε,
3438 4068 3535 4121 τοῦ
3558 4069 3695 4122 Θεοῦ
3713 4086 3728 4101 ·
3759 4070 3834 4133 ὡς

2266 4158 2556 4228 ἀρχιερεὺς
2593 4155 2689 4209 τοῦ
2728 4156 2962 4227 Χριστοῦ
2991 4155 3084 4209 τοῦ
3113 4156 3369 4228 ἀληθινοῦ
3405 4159 3793 4229 ἀρχιποιμένος
3815 4173 3830 4188 ’

2268 4250 2361 4302 καὶ
2395 4248 2647 4301 τοσοῦτον
2674 4250 2796 4301 ὅσον
2837 4247 2943 4299 τῶν
2972 4248 3225 4301 ἀπάντων
3259 4242 3310 4300 εί
3339 4250 3621 4318 ὑπερέχων
3646 4252 3714 4319 τῇ
3745 4265 3835 4302 κε-

2269 4341 2451 4409 φαλίδι
2491 4341 2591 4411 τῆς
2632 4339 2955 4411 ἱερωσύνης,
2984 4338 3122 4407 πλὴν
3146 4338 3240 4391 τοῦ
3268 4341 3385 4402 ἐνὸς
3410 4341 3468 4391 ἐν
3498 4341 3832 4412 παραϐύστῳ

2268 4433 2546 4501 κειμένου.
2578 4433 2850 4494 Δόξασον
2906 4433 2981 4499 δὴ
3026 4432 3134 4485 τὸν
3177 4432 3325 4486 Θεὸν
3367 4432 3437 4484 ἐν
3481 4430 3563 4496 τῷ
3608 4433 3834 4497 σώματί

2267 4540 2384 4576 σου
2407 4522 2504 4575 καὶ
2536 4522 2603 4575 ἐν
2630 4522 2709 4586 τῷ
2736 4522 3028 4591 πνεύματί
3053 4538 3167 4577 σου
3191 4539 3205 4553 ·
3238 4522 3299 4574 οὑ
3337 4520 3559 4585 πάντως
3586 4523 3830 4593 ἀφεθήσῃ

2267 4618 2324 4667 ἐν
2344 4617 2408 4683 τῇ
2432 4618 2604 4684 νήσῳ⁹
2629 4616 2791 4684 τυχὸν
2821 4614 3177 4684 πειρασθῆναί
3202 4630 3258 4666 σε
3280 4614 3360 4666 δεῖ
3382 4614 3523 4667 κατά
3549 4616 3620 4669 τὰ
3646 4617 3827 4670 πάλαι·

2188 4685 2240 4743 D
2268 4705 2354 4758 ἵνα
2380 4706 2474 4758 καὶ
2501 4707 2823 4776 στεφανίτης
2853 4704 3134 4759 κάνταῦθα
3161 4705 3541 4776 λαμπρότερος
3564 4725 3667 4778 χρη
3679 4709 3832 4778 ματί-

2265 4812 2397 4859 σοις.
2426 4795 2495 4847 Ai
2518 4836 2532 4861 ,
2560 4796 2619 4849 αῖ
2644 4836 2658 4861 ,
2690 4796 2906 4865 ἀδελφὲ,
2937 4797 3016 4860 εἰς
3063 4797 3204 4859 οἵους
3243 4798 3469 4865 καιροὺς
3508 4798 3831 4870 ἐταμιεύθη-

2267 4904 2403 4958 μεν;
2457 4888 2617 4941 Ἀλλὰ
2679 4889 2841 4959 χάρις
2882 4889 3029 4956 ὅμως
3083 4887 3161 4956 τῷ
3219 4890 3675 4961 ταμιευσαμένῳτ
3737 4893 3829 4945 καὶ

2263 4979 2440 5032 τοῦτο
2463 4978 2581 5032 ἀπὸ
2605 4980 2771 5044 Θεοῦ,
2797 4980 2961 5049 φησὶν
2989 4981 3016 5031 ὁ
3044 4978 3381 5043 ’Δπόστολος,
3412 4979 3504 5033 ὅτι
3530 4981 3677 5049 ἡμῖν
3704 4984 3829 5051 ἐχα-

595 5074 873 5127 militatem
916 5082 1161 5127 nostram
1211 5073 1266 5126 in
1303 5074 1369 5127 iis
1418 5088 1538 5142 quae
1586 5082 1989 5128 antecesserunt
2024 5091 2037 5126 :
2070 5073 2161 5127 sed

2264 5072 2442 5141 ρίσθη
2468 5072 2619 5139 ὑπὲρ
2647 5072 2925 5139 Χριστοῦ,
2952 5071 3023 5123 οὐ
3056 5072 3249 5139 μόνον
3284 5070 3350 5123 τὸ
3383 5074 3472 5137 εις
3510 5074 3700 5126 αὑτὸν
3741 5089 3830 5124 πι-

595 5181 771 5234 neque
794 5180 959 5230 nunc,
982 5180 1162 5234 spero,
1188 5165 1446 5234 despiciet
1474 5167 1827 5221 reverentiam
1861 5176 2039 5219 tuam:
2068 5167 2160 5220 sed

596 5256 740 5310 sicut
772 5264 923 5318 tunc,
957 5254 1028 5307 ita
1063 5264 1118 5308 et
1156 5270 1301 5309 nunc
1353 5255 1781 5325 ntagnilicabitur
1820 5256 2069 5309 Christus
2108 5257 2161 5309 in

597 5362 820 5415 corpore
853 5354 965 5411 tuo,
998 5345 1200 5399 faciens
1239 5362 1401 5415 supra
1456 5346 1674 5400 modum
1739 5346 2159 5400 misericordiam

597 5454 748 5492 suam
779 5438 846 5491 ad
870 5438 1239 5491 ostensionem
1285 5438 1501 5491 virtutis
1544 5446 1668 5491 tum.
1724 5436 2036 5507 Propterea,
2083 5437 2163 5489 Vll‘

595 5537 803 5593 sancte,
848 5537 902 5581 et
932 5528 1063 5581 mihi
1102 5543 1315 5597 quoque
1340 5529 1549 5598 porrige
1577 5544 1791 5581 manum
1814 5529 2161 5584 intercessio-

597 5619 703 5681 nis,
737 5630 795 5671 ut
847 5619 1135 5673 conllrmer
1186 5628 1239 5673 et
1303 5635 1462 5673 eruar
1511 5620 1577 5673 ab
1645 5622 1927 5690 ingruente
1988 5621 2167 5674 hieme

668 5798 713 5831 "
754 5797 772 5851 l
814 5795 1003 5850 Thess.
1037 5812 1088 5860 v,
1129 5794 1217 5849 2'5.
1294 5797 1338 5829 ⁸⁷
1382 5795 1423 5851 ll
1455 5796 1582 5851 Cor.
1624 5813 1739 5861 xui,
1787 5797 1868 5850 12.

1977 5796 2021 5829 ⁸⁸
2054 5795 2070 5848 l
2103 5794 2227 5850 Cor.
2262 5811 2333 5859 γι,
2362 5795 2450 5848 20.

2265 5163 2525 5227 στεύειν,
2568 5162 2727 5215 ἀλλὰ
2777 5162 2874 5215 καὶ
2920 5160 2987 5213 τὸ
3033 5160 3183 5229 ὑπὲρ
3212 5160 3399 5215 αὑτοῦ
3444 5162 3728 5231 πάσχειν.
3760 5163 3828 5215 Οὑ

2263 5257 2487 5327 παρεῖδε
2522 5257 2721 5327 Κύριος
2750 5257 2847 5325 τὴν
2878 5256 3203 5309 ταπείνωσιν
3230 5255 3387 5325 ήμῶν
3416 5258 3473 5309 ἐν
3495 5260 3608 5320 τοῖς
3635 5256 3826 5327 προλα-

2265 5346 2453 5399 ϐοῦσιν
2477 5363 2489 5375 ·
2525 5346 2637 5399 ἀλλ’
2666 5346 2785 5398 οὑδὲ
2823 5345 2938 5410 νῦν,
2963 5344 3217 5407 πέποιθα,
3246 5346 3584 5415 ὑπερόψεται
3628 5348 3727 5417 τῆς
3757 5366 3828 5399 τι-

2272 5436 2524 5506 μιότητός
2577 5452 2707 5489 σου·
2760 5434 2873 5488 ἀλλ’
2906 5436 2980 5499 ὼς
3008 5435 3307 5506 τηνικαῦτα
3348 5434 3524 5499 οὑτως
3576 5439 3672 5491 καὶ
3715 5439 3825 5507 ἄρτι

2272 5528 2737 5598 μεγαλυνθήσεται
2771 5528 3002 5596 Χριστὸς
3046 5529 3103 5578 ἐν
3143 5526 3218 5595 τῷ
3255 5525 3468 5595 σώματί
3500 5545 3597 5580 σου
3620 5546 3634 5559 ·
3673 5530 3830 5582 ποιῶν

2267 5621 2731 5691 ὑπερεκπερισσοῦ
2756 5620 2817 5672 τὸ
2846 5620 2990 5681 ἔλεος
3018 5618 3180 5672 αὑτοῦ
3214 5620 3295 5682 είς
3330 5619 3561 5685 ἔνδειξιν
3588 5622 3691 5693 τῆς
3715 5624 3829 5693 ἁρε-

2561 5794 2604 5825 σν
2636 5791 2867 5865 Philipp.
2911 5794 3055 5861 1,28.
