3990 6318
202 386 331 449 1141
1393 388 1758 448 EPISTOLA

1869 389 1932 448 Μ
1996 390 2142 450 LIB.
2186 389 2272 450 Ιῐ.
3324 382 3460 446 1142

189 506 292 571 τῆς
317 518 433 553 σου.
459 501 548 552 Atii
571 500 782 570 ὀρέγοις
813 501 982 572 κάμοὶ
1009 502 1163 572 χεῖρα
1192 503 1614 574 πρεσϐευτικὴν,
1636 504 1764 567 δσιε1

1881 519 2082 557 amara.
2141 504 2256 568 Sta,
2303 511 2354 556 et
2397 501 2688 572 propitium
2735 500 2839 566 fac,
2873 508 2934 554 ut
2990 499 3224 569 procella
3274 500 3330 554 in
3357 515 3457 553 an-

193 590 555 660 στηριχθῆναι
585 590 679 643 καὶ
722 590 962 661 σωθῆναι
989 592 1096 643 ἀπὸ
1123 590 1216 642 τοῦ
1251 590 1543 650 ἐνεστῶτος
1572 589 1764 658 χειμῶ-

1879 610 1993 648 ram
2041 594 2276 663 Spiritus
2310 594 2480 647 sancti
2539 603 2889 649 convertatur
2925 611 2937 646 :
2976 593 3218 646 utinam!
3252 589 3456 645 Fratri-

190 700 282 744 vo;
331 681 552 751 πικροῦ.
587 683 749 750 Στῆθι
799 684 892 735 καὶ
928 683 1165 745 ἰλέωσαι,
1195 681 1643 751 μεταστραφῆναι
1673 678 1764 750 τὴν

1879 686 1980 740 bus
2009 687 2236 739 salutem
2261 686 2546 755 plurimam
2575 688 2716 751 dico,
2749 701 2844 740 eos
2870 687 3182 749 obsecrans,
3217 693 3276 738 ut
3298 696 3458 738 orent

189 774 482 840 καταιγίδα
509 774 588 836 εἰς
616 772 789 843 αύραν
816 773 909 826 τοῦ
944 774 1099 838 ἁγίου
1138 773 1448 843 Πνεύματος
1472 791 1485 804 ·
1523 771 1732 839 γένοιτο
1757 773 1764 824 l

1879 791 1978 844 pro
2003 776 2308 830 humilitate
2342 791 2481 830 mea.
2523 775 2626 842 Qui
2672 792 2887 833 mecum
2914 784 3061 844 sunt,
3093 775 3322 848 pedibus
3351 775 3460 832 tuis

188 868 330 930 Τοὺς
354 867 614 935 ἀδελφοὺς
641 867 1018 936 ἀσπαζόμενος
1046 867 1272 918 πλεῖστα
1292 883 1306 896 ·
1339 866 1434 918 καὶ
1463 865 1772 934 παρακαλῶ

187 958 293 1010 ὑπε
305 958 594 1028 ρεύχεσθαί
632 975 732 1028 μου
754 961 854 1026 τῆς
873 956 1272 1020 ταπεινώσεως.
1297 958 1361 1009 Ol
1387 957 1484 1009 σὺν
1513 955 1638 1025 ἐμοὶ
1660 957 1772 1018 τοῖς

186 1049 314 1101 ποσί
344 1067 438 1102 σου
472 1049 927 1120 προσπίπτουσιν.

434 1188 492 1245 l'.
521 1218 588 1227 —-
608 1186 959 1255 Ναυκρατίῳ
987 1186 1202 1249 τέκνῳ.
1242 1182 1403 1255 [ρνβ’.

1877 868 2263 922 advolvuntur.

2331 1178 2398 1233 Χ.
2431 1208 2502 1220 --
2527 1181 2824 1234 Naucratio
2851 1182 2984 1250 ﬁlio.

184 1353 478 1415 Dogmatica
503 1351 566 1400 de
591 1351 773 1399 sanctis
797 1348 1109 1412 imaginibus.
1151 1347 1227 1398 Ne
1250 1346 1764 1471 quorumdziltxnmlwagsua1

1869 1343 2126 1455 liigbentr;
2146 1343 2231 1468 flii
2255 1359 2266 1393 :
2296 1346 2465 1407 potius
2496 1358 2558 1395 eo
2583 1347 2690 1407 ipso
2715 1347 3001 1396 excitentur
3023 1348 3080 1395 ad
3104 1346 3447 1397 constantiam.

1869 1410 1876 1452 ἱ
1927 1408 1956 1465 ’,
1981 1420 2032 1454 n.
2126 1444 2136 1454 .

208 1571 209 1574 ’
257 1567 480 1640 Πονηρά
511 1568 544 1637 ἡ
574 1565 803 1634 ἀγγελία
825 1565 936 1619 τῶν
958 1564 1305 1636 γραμμάτων
1337 1579 1452 1627 σου,
1480 1556 1525 1614 ὦ
1554 1561 1766 1613 τέκνον·

181 1666 305 1734 ἥτις
363 1659 726 1730 καθαψαμένη
776 1676 880 1729 μου
908 1659 1006 1727 τῆς
1041 1657 1304 1726 ταπεινῆς
1329 1655 1509 1725 ψυχῆς
1539 1653 1617 1723 τῷ
1654 1654 1769 1706 ὄντι

181 1758 449 1828 ὼδύνησε,
470 1757 566 1809 καὶ
587 1752 821 1822 δάκρυον
849 1751 1294 1823 προσεκαλέσατο
1323 1748 1618 1819 καρδιακόν
1642 1763 1656 1777 ο
1678 1763 1766 1816 μι-

1950 1559 2226 1615 Pessimus
2267 1561 2492 1615 nuntius
2524 1561 2826 1616 litterarum
2875 1571 3112 1628 tuarum,
3146 1579 3180 1620 ο
3212 1564 3286 1619 ﬁli
3315 1585 3328 1622 :
3353 1565 3448 1636 qni

1874 1653 2034 1707 simul
2061 1654 2321 1708 humilem
2351 1657 2589 1709 animam
2633 1671 2808 1709 meam
2871 1657 3067 1727 attigit,
3100 1673 3287 1712 revera
3315 1674 3452 1713 con-

1875 1744 2130 1806 tristavit,
2159 1755 2214 1799 et
2242 1746 2422 1802 cordis
2484 1748 2749 1816 lacrymas
2809 1748 3019 1813 elicuit,
3075 1759 3283 1804 tantum
3336 1767 3448 1806 non

182 1848 322 1920 κροῦ
370 1849 501 1913 δεῖν,
531 1845 737 1900 ἀῦπνόν
780 1860 868 1914 μοι
913 1842 1012 1909 τὴν
1048 1840 1219 1894 νύκτα
1251 1838 1372 1892 καθ’
1400 1840 1466 1907 ἢν
1495 1834 1764 1906 ἐδεξάμην

1875 1839 2178 1891 insomnem
2215 1838 2343 1890 mihi
2376 1838 2609 1894 reddens
2642 1849 2858 1896 noctem
2910 1842 3054 1922 illam
3079 1859 3185 1912 qua
3237 1843 3448 1898 litteras

167 1941 278 2005 ,ἐπὶ
331 1940 521 2008 χεῖρας
567 1936 667 2005 τὴν
707 1931 995 2003 ἐπιστολὴν
1047 1931 1414 2001 ἐμποιήσασα.
1452 1927 1620 1980 Τοῦτο
1665 1928 1762 1997 μὲν

180 2032 276 2082 ἐπὶ
311 2028 531 2080 πάντων
572 2024 683 2078 τῶν
713 2021 1194 2092 συμπεπτωκότων
1216 2034 1229 2047 ·
1264 2017 1556 2088 ἐξαιρέτως
1598 2016 1654 2069 δὲ
1684 2017 1764 2076 εἰς

179 2122 272 2175 τὸν
317 2120 418 2189 τῆς
461 2115 820 2184 Φλουὸουτῆς.
846 2113 968 2166 Ὀτι
1009 2115 1058 2165 οἰ
1104 2111 1202 2182 μέν
1243 2112 1355 2174 τοῖς
1399 2107 1765 2178 προλαϐοῦσιν

179 2216 349 2282 ὅμοια
378 2212 470 2265 καὶ
494 2208 661 2264 τανῦν
691 2203 934 2277 ἔπραξαν
957 2221 968 2235 ·
1001 2208 1028 2258 6
1059 2206 1115 2258 δὲ
1147 2204 1252 2258 τῶν
1277 2203 1575 2256 δοκούντων
1603 2200 1763 2254 ἐστά-

179 2325 270 2360 ναι
301 2302 563 2374 ἀσφαλῶς
599 2297 947 2369 ἐγνωρίζετο.
993 2294 1332 2364 Ἐθαύμαζον
1362 2289 1474 2356 οὖν,
1500 2292 1580 2345 ἔτι
1604 2293 1763 2362 ἐστη-

179 2397 360 2451 κότων
395 2391 574 2446 αὐτῶν
595 2429 611 2455 ,
638 2391 720 2443 ὅτι
779 2388 852 2459 μὴ
893 2387 1323 2457 ὁμολογήσαντες
1356 2384 1455 2454 τὴν
1476 2383 1764 2452 οπροτέραν

179 2489 277 2543 ἐπὶ
339 2483 558 2557 μοιχείᾳ
612 2480 706 2534 καὶ
755 2471 1310 2550 μοιχοζευξίᾳῆτταν
1375 2474 1578 2539 αὐτῶν,
1639 2475 1764 2526 ἀντ-

178 2577 464 2645 εποιοῦντο
493 2576 583 2627 ἐπὶ
604 2575 669 2644 τῇ
703 2571 1036 2642 προκειμένῃ
1064 2570 1349 2623 ὑποθέσει·
1383 2569 1477 2622 καὶ
1503 2569 1644 2638 τάχα
1672 2568 1766 2620 ύπ-

179 2673 372 2727 ενόουν
401 2669 508 2738 ἰδίᾳ
540 2667 635 2719 καὶ
669 2663 788 2719 καθ’
823 2664 1047 2725 ἑαυτοὺς
1073 2661 1172 2732 τὴν
1211 2660 1574 2730 μεταμέλειαν
1604 2659 1765 2727 ἐσχη-

180 2765 340 2818 κέναι
365 2779 378 2791 ·
411 2762 506 2814 καί¹
547 2757 762 2827 ἔχαιρον
807 2757 834 2808 6
865 2753 1117 2814 ταπεινὸς
1163 2751 1256 2804 ἐπὶ
1300 2754 1366 2822 τῇ
1409 2748 1765 2820 όρθοποδήσει

179 2833 387 2908 αὐτῶν.
428 2849 564 2903 Ἀλλ’
589 2848 663 2910 ώς
691 2847 888 2910 ἐοικεν,
921 2847 978 2897 ἐν
1011 2843 1226 2911 σαθροῖς
1255 2844 1353 2910 τὴν
1376 2842 1552 2894 οἰκίαν
1584 2839 1764 2894 αὐτῶν

179 2943 663 3013 οἰκοδομήσαντες,
689 2940 768 3010 τῷ
795 2938 1014 2991 λαιλαπι
1041 2936 1140 3006 τῆς
1169 2934 1587 3007 προσπεσούσης
1617 2933 1766 3004 αἰρέ-

183 3054 345 3100 σεως,
384 3031 708 3087 πεπτώκασι
762 3026 969 3083 πτῶσιν
1001 3027 1098 3098 τὴν
1136 3027 1558 3097 χαλεπωτάτην*
1604 3026 1765 3079 πάλιν

182 3129 501 3200 οἰκονομίαν
545 3127 793 3196 λέγοντες
834 3124 930 3194 τὴν
973 3123 1230 3189 ἀθέτησιν
1266 3122 1364 3190 τῆς
1395 3121 1673 3191 ἀληθείας.
1701 3121 1762 3172 Oi

1867 1927 2070 1995 accepi.
2106 1925 2283 1996 Atque
2321 1928 2425 1983 hoc
2458 1928 2677 1997 quidem
2714 1931 2956 1985 omnium
2996 1947 3158 1986 causa
3213 1935 3306 2003 qui
3339 1949 3447 1987 una

1865 2018 2000 2087 lapsi
2040 2027 2198 2088 sunt,
2222 2019 2455 2073 maxime
2513 2029 2696 2074 autem
2730 2022 2799 2077 ob
2837 2021 3122 2078 Phlubutze
3189 2025 3450 2095 praeposi-

1867 2118 2002 2162 tum.
2032 2107 2164 2162 Nam
2196 2112 2337 2178 quod
2361 2111 2428 2164 ad
2457 2111 2591 2166 alios
2640 2113 2852 2178 attinet,
2879 2125 3247 2170 consentanea
3303 2132 3448 2186 pra:-

1868 2200 2043 2254 teritis
2102 2211 2331 2271 egerunt
2364 2220 2376 2256 :
2416 2202 2505 2257 hic
2551 2218 2684 2256 vero
2735 2219 2799 2258 ex
2833 2205 2898 2259 iis
2932 2216 3068 2269 erat,
3100 2209 3192 2277 qui
3249 2224 3446 2264 secure

1865 2299 2010 2347 stare
2067 2293 2407 2348 videbantur.
2465 2294 2698 2350 Mirabar
2723 2296 2924 2367 itaque,
2956 2298 3270 2367 priusquam
3316 2314 3446 2354 rue-

1869 2395 1990 2440 rent
2017 2386 2114 2448 illi,
2145 2387 2291 2455 quod
2326 2387 2608 2456 pristinam
2643 2405 2796 2443 suam
2847 2391 2988 2445 circa
3020 2392 3353 2447 adulterium
3387 2405 3444 2447 et

1865 2479 2092 2533 adulteri
2131 2480 2348 2549 nuptias
2391 2481 2655 2551 ignaviam
2707 2483 2933 2538 minime
2986 2495 3362 2553 agnoscentes,
3389 2485 3444 2539 in

1868 2587 1928 2627 re
1980 2573 2234 2640 praesenti
2281 2574 2482 2643 aliquid
2538 2575 2804 2635 auderent
2835 2595 2847 2631 :
2876 2577 3290 2648 cogitabamque
3324 2579 3444 2634 illos

1866 2663 2115 2730 privatim
2141 2664 2363 2718 forsitan
2389 2666 2604 2734 etapud
2635 2682 2691 2720 se
2720 2668 3039 2736 pcenitentia
3055 2677 3224 2723 tactos
3243 2669 3442 2723 fuisse:

1867 2755 1988 2808 ideo
2017 2756 2317 2827 gaudebam
2350 2758 2532 2822 miser,
2567 2759 2722 2827 quasi
2764 2769 2908 2814 recte
2939 2762 3300 2817 ambularent.
3334 2760 3442 2817 Sed

1868 2847 1924 2900 in
1952 2848 2226 2912 marcidis,
2257 2857 2315 2901 ut
2335 2859 2581 2918 apparet,
2619 2851 2840 2904 domum
2872 2867 3026 2905 suam
3057 2852 3384 2908 aedificantes
3427 2873 3441 2914 ;

1868 2939 2186 3009 ingruentes
2243 2939 2514 2995 haereseos
2565 2943 2800 3007 turbine,
2836 2945 2992 2998 ruina
3042 2946 3276 3015 pessima
3323 2961 3445 3000 cor-

1871 3039 2096 3084 ruerunt
2125 3031 2618 3099 :dispensationem
2642 3033 2840 3088 iterum
2877 3037 3236 3105 appellantes,
3268 3037 3442 3107 ipsam

1867 3122 2110 3177 veritatis
2139 3124 2674 3180 condemnationem.
2713 3125 2788 3179 llli
2815 3127 2914 3195 ipsi
2946 3128 3036 3197 qui
3066 3129 3321 3182 Ecclesiae
3347 3128 3443 3184 Dei

180 3223 338 3277 αὑτοί⁵
385 3220 484 3274 καὶ
525 3220 788 3291 πρότερον
825 3215 1121 3269 σκάνδαλον
1150 3213 1408 3282 γεγόνασι
1435 3216 1498 3282 τῇ
1541 3212 1764 3280 Ἐκκλη-

1874 3215 2129 3270 seandalo
2155 3225 2312 3271 antea
2344 3216 2576 3280 fuerant,
2611 3221 2801 3273 eodem
2834 3235 2980 3274 nunc
3010 3220 3346 3286 relabuntur,
3388 3228 3443 3276 ct

183 3317 275 3385 σία
302 3312 401 3368 τοῦ
432 3311 564 3365 Θεοῦ
583 3328 596 3342 ο
637 3312 732 3364 καί⁸
761 3308 855 3362 νῦν
886 3308 946 3360 τὸ
980 3308 1111 3360 αὐτὸ
1149 3307 1214 3359 δι’
1243 3299 1317 3360 ὦν
1344 3305 1585 3375 ἔπραξαν
1626 3305 1761 3358 πάν-

180 3424 278 3470 τας
309 3404 783 3476 προσκαλούμενοι
821 3402 900 3463 εἰς
926 3400 1224 3454 ἀπώλειαν.
1269 3399 1443 3466 Καίγε
1478 3398 1685 3467 ἕτοιμοι
1714 3397 1760 3449 oi

181 3498 432 3550 πλεῖστοι
489 3496 625 3566 πρὸς
678 3492 775 3564 τὴν
826 3493 919 3545 τοῦ
973 3493 1144 3546 κακοῦ
1208 3490 1497 3562 μετουσίαν
1543 3493 1601 3544 ἐν
1643 3493 1752 3544 ταῖς

181 3589 454 3657 ἀνάγκαις
480 3585 766 3657 ζητοῦντες
807 3584 1050 3655 ἐξευρεῖν
1082 3602 1204 3637 τινα
1246 3584 1552 3654 πρόφασινο
1593 3585 1660 3637 δι’
1697 3579 1764 3656 ἧς

182 3681 448 3740 ἆθλιπτος
481 3679 572 3730 καὶ
615 3674 990 3744 ἀταλαίπωρος
1022 3676 1207 3736 αὐτοῖς
1250 3676 1277 3727 ὁ
1313 3675 1452 3744 ὺπέρ
1482 3675 1765 3737 εὐσεϐείας

182 3773 334 3841 ἀγὼν
376 3769 652 3838 ὑπαχθείη
675 3783 688 3795 ·
739 3768 1104 3837 ἐκοινώνησαν
1134 3769 1225 3821 ἐπὶ
1263 3770 1329 3838 τῇ
1370 3769 1596 3838 ἀρνήσει
1627 3769 1764 3836 Χρι-

185 3862 334 3925 στοῦ,
373 3861 477 3929 τῆς
505 3858 793 3918 Θεοτόκου,
823 3857 931 3910 τῶν
976 3859 1192 3911 πάντων
1225 3859 1415 3924 ἁγίων.
1455 3857 1623 3911 Τοῦτο
1654 3857 1763 3929 γάρ

183 3955 344 4026 ητῆς
372 3953 586 4014 εἰκόνος
629 3949 935 4002 οὑτινοσοῦν
974 3951 1222 4021 ἄρνησις.
1266 3949 1370 4002 Φεῦ
1416 3951 1517 4020 τῆς
1558 3968 1767 4020 συμφο-

186 4046 318 4115 ρᾶςι
365 4042 470 4113 φεῦ
500 4042 598 4111 τῆς
624 4041 868 4108 ἀπάτηςε
905 4040 1086 4110 οἵμοιί
1122 4041 1240 4102 πῶς
1266 4041 1622 4109 ἐναρξάμενοι
1653 4057 1766 4092 κα-

183 4137 312 4204 λῶς,
340 4135 698 4206 ἐστράφησαν
725 4132 804 4192 εἰς
838 4132 908 4183 τὰ
935 4133 1145 4197 όπίσω;
1182 4133 1364 4202 οῐμοιί
1400 4134 1584 4194 πόσοις
1613 4131 1764 4183 ἔσον-

182 4246 270 4284 ται
294 4226 653 4298 καταστροφή
677 4239 690 4254 ⁸
720 4225 1014 4293 ὁμοταγέσι
1044 4224 1138 4276 καὶ
1167 4223 1526 4294 ὑπερέχουσι·
1556 4222 1764 4286 λαῖκοίς

181 4340 241 4376 τε
305 4323 403 4377 καὶ
453 4318 735 4389 κληρικοῖς
790 4317 884 4371 καὶ
936 4320 1260 4386 μονασταῖς;
1302 4318 1440 4370 Ἀλλ’
1489 4319 1522 4387 ἡ
1560 4317 1764 4388 ἀρχαία

182 4413 387 4485 πληγὴ,
411 4413 473 4465 τὸ
502 4409 788 4479 ἐγκόλπιον
818 4410 1007 4468 κακόν,
1056 4411 1254 4477 Ἰωσὴφ
1282 4411 1309 4460 6
1341 4410 1508 4463 πάλαι
1538 4411 1762 4472 εἰκότως

182 4507 404 4577 κληθεὶς
430 4499 859 4573 Μοιχοζεύκτης,
892 4503 1008 4555 νυνὶ
1038 4501 1094 4554 δέ
1120 4500 1604 4570 Χριστεμπαίκτης
1627 4516 1640 4530 ·
1667 4501 1762 4551 αύ-

181 4564 282 4660 τὸς.
314 4564 515 4666 ὀδῆγδς
543 4564 672 4654 τεοῖς
716 4564 813 4660 τῆς
851 4592 1088 4662 ἀρχαίας
1130 4564 1483 4653 κουστωδίας.
1529 4564 1593 4643 Τί
1623 4591 1760 4656 πρὸς
1788 4564 1840 4622 D

182 4690 396 4754 ταῦτα;
429 4683 878 4754 ἐκλυθησόμεθα;
915 4684 1414 4752 καταπεσούμεθα;
1447 4683 1764 4753 ἀποκαμού-

186 4785 324 4855 μεθα
371 4783 514 4852 πρὸς
553 4782 652 4851 τὴν
684 4777 920 4848 Χριστοῦ
950 4776 1240 4846 ὁμολογίαν
1285 4775 1421 4844 ὁμοῦ
1455 4778 1548 4829 καί
1574 4775 1763 4829 ἐνστα-

184 4894 296 4942 σιν;
323 4873 614 4946 μηδαμῶς,
648 4864 692 4922 ὦ
714 4869 952 4937 ἀδελφοὶ.
988 4868 1269 4936 μηδαμῶς.
1305 4868 1365 4920 Εἰ
1394 4869 1523 4939 γάρ,
1554 4867 1775 4920 ἀσεϐῶν

183 4967 665 5028 καταπιπτόντων,
696 4964 744 5015 οἰ
779 4962 978 5014 δίκαιοι
999 4960 1226 5030 ἔμφοϐοι
1249 4959 1460 5012 ἔσονται
1481 4977 1494 4988 ·
1525 4960 1641 5014 ἀλλ’
1672 4955 1764 5012 οὖν

181 5059 258 5128 τῷ
289 5058 385 5111 τοῦ
421 5056 594 5116 πέλας
626 5050 880 5121 πτώματι
914 5047 1181 5119 ἀσφάλεια
1208 5047 1286 5116 τῷ
1320 5049 1571 5115 ἑστηκότι
1613 5048 1766 5118 μεγί-

187 5166 306 5221 στη.
359 5147 588 5216 Στῶμεν
639 5139 732 5195 οὖν
783 5143 841 5196 ἐν
891 5140 1079 5212 Κυρίῳ
1138 5138 1505 5208 βεὸαιότερον,
1566 5140 1766 5208 μᾶλλον

185 5239 493 5311 παρακαλῶ
513 5255 526 5269 ·
567 5235 645 5306 μὴ
674 5235 1004 5307 πτυρόμενοι
1033 5234 1090 5284 ἐν
1123 5232 1310 5302 μηδενὶ
1345 5232 1448 5285 ὑπὸ
1475 5232 1583 5284 τῶν
1616 5236 1764 5285 ἀντι-

186 5332 477 5402 κειμένων.
534 5326 630 5396 Μὴ
685 5326 793 5396 γὰρ
832 5325 1016 5377 ’ένεκεν
1048 5322 1158 5376 τῶν
1187 5322 1685 5375 ύποσκελισθέντων
1727 5323 1761 5390 ἡ

185 5422 445 5493 ὁμολογία
468 5419 661 5490 ήμῶν;
711 5416 744 5485 ἢ
791 5418 856 5485 τῇ
888 5417 1094 5468 τούτων
1141 5413 1328 5464 στάσει
1361 5414 1765 5483 ἐπερειδόμεναι

185 5508 594 5582 ἐστερεούμεθα
615 5546 629 5570 ,
672 5506 758 5558 ἵνα
801 5506 896 5558 καὶ
923 5507 988 5575 τῇ
1024 5504 1260 5557 σκελίσει
1294 5502 1472 5556 αὐτῶν
1507 5520 1765 5557 κατασει-

188 5603 437 5672 σθῶμεν;
473 5601 551 5671 μὴ
574 5599 822 5666 γένοιτοί
858 5596 978 5650 οὔτε
1010 5595 1236 5659 τούτων,
1261 5593 1383 5647 οὔτε
1410 5594 1602 5649 ἄλλων·
1633 5597 1764 5666 Χρι-

189 5693 306 5755 στδς
340 5691 500 5763 ήμῶν
529 5693 558 5743 ό
588 5688 853 5757 θεμέλιος,
884 5692 940 5740 ἐν
967 5681 1010 5754 ᾧ
1041 5688 1312 5756 στήκομεν
1339 5701 1352 5716 ⁸
1385 5687 1441 5736 ἐν
1468 5680 1512 5754 ᾧ
1540 5684 1756 5755 καυχώ-

193 5784 364 5852 μεθα⁹
404 5784 502 5839 σὺν
535 5779 614 5851 τῷ
649 5779 841 5852 Παύλῳ
875 5779 1151 5848 λέγοντες·
1196 5778 1288 5844 Τίς
1327 5777 1479 5847 ἡμᾶς
1525 5779 1765 5848 χωρίσει

1866 3307 1991 3361 facti
2027 3308 2106 3361 sui
2143 3308 2390 3376 exemplo
2405 3309 2470 3362 ad
2503 3309 2781 3364 interitum
2813 3321 3109 3380 provocant
3135 3312 3438 3369 universos.

1865 3399 1931 3454 Et
1976 3400 2192 3469 quidem
2236 3402 2437 3471 paratis
2465 3402 2682 3472 plurimi
2733 3403 2801 3458 ad
2824 3402 3066 3458 criminis
3099 3403 3437 3468 societatem,

1865 3500 2188 3560 praetextum
2230 3493 2536 3562 quempiam
2568 3495 2624 3548 in
2648 3495 3066 3550 necessitatibus
3086 3496 3329 3564 reperire
3354 3512 3442 3565 ge-

1866 3585 2117 3649 stientes,
2173 3601 2282 3654 quo
2337 3601 2704 3640 aerumnarum
2734 3595 2789 3641 et
2817 3587 3182 3642 calamitatum
3244 3603 3442 3657 expers

1866 3677 1997 3746 ipsis
2024 3677 2239 3745 pietatis
2260 3685 2536 3732 certamen
2559 3679 2814 3732 reddatur
2840 3697 2856 3744 ;
2891 3679 2945 3732 in
2963 3681 3252 3749 negatione
3278 3681 3440 3734 Chri-

1866 3770 1958 3832 sti,
1994 3769 2258 3838 Deiparae,
2316 3779 2628 3824 sanctorum
2683 3771 2948 3834 omnium,
2999 3773 3439 3827 communionem

1865 3859 2124 3912 inierunt.
2162 3858 2273 3914 Hoc
2296 3860 2561 3929 siquidem
2598 3869 2682 3913 est
2708 3862 3001 3930 cujuslibet
3061 3863 3309 3934 imaginis
3342 3880 3442 3918 ne-

1865 3952 2027 4021 gatio.
2083 3950 2125 4005 0
2158 3953 2496 4022 perniciem!
2543 3969 2577 4008 ο
2621 3953 2926 4008 fallaciam!
2967 3955 3052 4009 hei
3089 3958 3260 4011 mihi!
3302 3973 3440 4026 quo-

1866 4045 2047 4106 modo.
2096 4060 2220 4098 cum
2249 4054 2396 4100 recte
2445 4047 2763 4115 cmpissent,
2796 4057 2941 4101 retro
2974 4050 3225 4103 conversi
3273 4051 3443 4103 sunt?

1867 4135 1954 4189 hei
1988 4134 2155 4189 mihi!
2188 4152 2349 4203 quam
2377 4136 2560 4189 multis
2600 4136 2776 4190 fraudi
2812 4146 2972 4190 erunt
2996 4147 3051 4192 et
3074 4140 3439 4202 subversioni.

1864 4224 2184 4292 aequalibus,
2205 4234 2260 4278 et
2279 4226 2596 4293 majoribus,
2614 4225 3015 4291 laicis,clericis
3050 4239 3104 4282 et
3125 4231 3443 4285 monachis?

1867 4313 2082 4367 Etenim
2113 4317 2397 4383 antiquum
2448 4316 2663 4382 vulnus,
2690 4317 3005 4370 intestinum
3032 4319 3252 4384 malum,
3284 4319 3441 4376 Jose-

1865 4407 2007 4475 phus
2034 4407 2162 4460 olim
2196 4407 2626 4462 Moschozeuctes
2654 4410 2846 4462 merito
2872 4409 3077 4471 dictus,
3111 4427 3258 4465 nunc
3285 4413 3444 4467 Chri~

1865 4509 2231 4568 stempaectes,
2265 4499 2380 4568 ipse
2428 4499 2538 4553 dux
2569 4498 2671 4552 fuit
2700 4501 2902 4554 veteris
2936 4502 3198 4558 custodia:
3228 4519 3443 4573 priapo.

1867 4592 2023 4647 situs.
2045 4591 2182 4656 Quid
2209 4592 2276 4646 ad
2310 4593 2460 4646 haec?
2489 4593 2923 4664 languidioresne
2944 4596 3148 4650 erimus
3165 4597 3190 4649 ?
3222 4597 3441 4668 frange-

1867 4681 2025 4735 mur?
2051 4680 2403 4736 concidemus
2437 4681 2634 4736 animis
2690 4682 2758 4735 ad
2799 4683 3221 4757 confessionem,
3255 4686 3444 4740 defen-

1866 4773 2185 4840 sionemque
2229 4771 2706 4828 Christi?Minime
2745 4773 3008 4844 gentium,
3059 4775 3277 4842 fratres,
3341 4779 3443 4831 ini-

1866 4863 2034 4916 nime.
2084 4862 2296 4918 Etenim
2328 4864 2394 4927 si,
2447 4866 2830 4921 corruentibus
2862 4868 3061 4935 impiis,
3100 4868 3230 4936 justi
3292 4881 3440 4925 metu

1867 4955 2233 5025 percelluntur
2260 4972 2275 5022 ;
2304 4967 2358 5010 at
2391 4957 2550 5013 vicini
2590 4958 2773 5026 lapsus
2835 4960 3065 5015 maxima
3113 4970 3196 5016 est
3250 4964 3448 5018 stantis

1866 5048 2152 5103 securitas.
2205 5048 2424 5104 Stemus
2469 5049 2634 5120 igitur
2675 5050 2729 5103 in
2764 5052 2994 5113 Domino
3023 5055 3440 5116 constantiores,

1866 5137 2098 5206 amplius
2131 5138 2393 5202 obtestor,
2446 5154 2548 5193 nec
2594 5139 2648 5193 in
2685 5141 2794 5194 ullo
2834 5142 3114 5195 conterriti
3141 5144 3209 5197 ab
3249 5145 3443 5199 adver-

1872 5229 2049 5285 sariis.
2088 5228 2346 5297 Nunquid
2378 5230 2524 5284 enim
2555 5241 2777 5301 propter
2797 5247 2893 5286 eos
2923 5233 3012 5301 qui
3040 5234 3284 5290 subversi
3315 5248 3445 5291 sunt

1871 5319 2142 5373 confessio
2178 5319 2402 5372 nostra?
2436 5328 2530 5372 aut
2551 5319 2765 5375 illorum
2803 5322 3092 5377 stabilitate
3141 5325 3252 5378 nixi
3309 5342 3444 5379 con-

1871 5409 2220 5476 sistebamus,
2257 5420 2318 5464 ut
2346 5427 2535 5467 eorum
2565 5429 2780 5483 quoque
2814 5415 2965 5483 lapsu
3019 5418 3446 5472 concutiamur?

1871 5501 2057 5556 Absit!
2105 5518 2283 5572 neque
2340 5505 2558 5570 horum,
2588 5521 2765 5576 neque
2810 5505 3063 5560 aliorum.
3095 5506 3444 5562 Fundamen-

1875 5601 1990 5647 tum
2042 5603 2287 5651 nostrum
2333 5597 2582 5651 Christus
2608 5607 2710 5662 est,
2749 5600 2802 5652 in
2835 5613 2943 5666 quo
2972 5608 3200 5665 stamus,
3235 5599 3288 5652 in
3336 5616 3445 5668 quo

1863 5686 2175 5757 gloriamur,
2211 5704 2333 5741 cum
2366 5689 2527 5746 Paulo
2558 5690 2801 5745 diccntcs
2857 5709 2867 5742 :
2904 5689 3030 5754 Quis
3063 5709 3152 5746 nos
3179 5692 3444 5761 separabit

1876 5797 1905 5833 a
1956 5782 2214 5835 charitalc
2247 5781 2341 5836 Dei
2373 5785 2395 5836 Ρ
2434 5781 2726 5838 Tribalalio
2756 5787 2778 5838 1’
2821 5801 2888 5837 an
2934 5785 3175 5854 angustia
3201 5788 3224 5840 ξ)
3251 5801 3319 5839 an
3359 5786 3442 5850 [ἆ-
