3990 6318
1759 366 1818 425 S.
1861 362 2253 425 THEODORI
2287 364 2631 425 STUDITE
3705 360 3855 425 1144

570 367 706 432 1143

562 497 668 535 rues
697 481 720 533 .9
750 496 822 532 an
873 479 1164 548 persecutio
1198 478 1222 531 1'
1274 493 1345 530 an
1378 475 1588 529 nuditas
1617 475 1641 528 .’
1684 490 1755 527 an
1807 474 2095 544 periculum
2124 474 2147 527 ?

2252 473 2366 527 ἀπὸ
2390 472 2501 540 τῆς
2520 472 2759 543 ἀγάπης
2782 472 2888 528 τοῦ
2912 473 3096 537 Θεοῦ;
3121 473 3347 542 θλίψις,
3369 473 3409 543 ἢ
3434 479 3851 546 στενοχωρία,

562 592 632 627 an
679 574 896 644 gladius
934 574 958 627 ?
998 571 1100 627 Sed
1135 574 1273 627 enim
1323 573 1378 625 in
1435 572 1514 625 his
1549 571 1786 625 omnibus
1836 587 2147 641 superamus

2252 566 2286 635 ἢ
2342 565 2536 635 λιμὸς,
2579 568 2618 633 ἢ
2649 566 2923 635 διωγμὸς,
2952 567 2991 634 ἣ
3018 567 3341 637 γυμνότης,
3365 567 3405 635 ἢ
3439 567 3767 633 κίνδυνος,
3808 570 3849 634 ἦ

560 676 774 733 propter
803 680 920 719 eum
942 665 1031 735 qui
1062 663 1244 718 dilexit
1268 680 1361 717 nos
1376 663 1517 717 ⁶⁰·⁶¹.
1545 662 1728 731 ltaque
1758 662 1850 732 qui
1870 662 2147 716 accinctus

2252 658 2545 727 μάχαιρα;
2578 659 2686 713 Καὶ
2714 660 2821 729 γὰρ
2846 660 2916 712 ὲν
2943 660 3174 725 τούτοις
3200 658 3393 714 πᾶσιν
3416 660 3854 729 ὑπερνικῶμεν

560 774 661 828 pro
699 757 917 813 Christo
964 770 1075 812 non
1108 756 1425 823 certaverit,
1457 753 1808 811 Christianus
1854 768 1975 809 esse
2038 768 2146 806 non

2252 750 2347 805 διὰ
2379 751 2483 806 τοῦ
2508 750 2940 821 ἀγαπήσαντος
2970 748 3152 820 ἡμᾶς.
3187 751 3373 815 Οὕτως
3402 753 3431 804 6
3466 752 3545 822 μὴ
3582 769 3849 823 παρατε-

558 859 761 920 ροιεει,
2249 840 2522 910 ταγμένος
2543 841 2643 894 οὐκ
2666 841 2979 908 ἀγωνιεῖται
3005 840 3147 913 ὑπὲρ
3169 839 3431 911 Χριστοῦ,
3459 842 3582 895 οὐδὲ
3604 842 3853 897 δύναται

2253 934 2576 1003 Χριστιανὸς
2605 927 2769 988 εἶναι.

2322 1024 2434 1077 Οὐκ
2468 1024 2589 1094 εἰκῆ
2637 1025 2687 1077 οί
2726 1024 2935 1092 ἀγῶνες
2967 1024 3078 1077 τῶν
3115 1023 3432 1096 μαρτύρων.
3464 1024 3533 1078 τὰ
3566 1019 3738 1089 ἆθλα,
3782 1027 3846 1079 αἱ

2251 1112 2507 1182 βάσανοι;
2544 1114 2619 1186 μὴ
2643 1116 2753 1187 γὰρ
2777 1116 2872 1186 οὐχ
2900 1115 3198 1186 ὁμόσαρκοι
3234 1115 3422 1186 ήμῶνς
3449 1116 3523 1187 μὴ
3554 1117 3659 1170 οὐκ
3702 1118 3845 1170 bind-

2252 1222 2375 1258 νουν
2427 1208 2722 1269 τοσαύταις
2764 1207 3058 1277 τιμωρίαις
3100 1206 3557 1276 ὑποϐαλλόμενοις
3615 1209 3696 1277 μὴ
3738 1209 3848 1261 οὐκ

2249 1295 2617 1367 ἐξηποροῦντο
2644 1297 2736 1350 καὶ
2777 1298 2873 1351 τοῦ
2921 1299 3046 1369 ζῇν,
3084 1297 3159 1362 ὥς
3204 1316 3369 1368 φησιν
3403 1302 3432 1353 6
3470 1299 3844 1365 Ἀπόστώἶοςς

2252 1388 2389 1443 ἀλλὰ
2418 1389 2495 1460 τῷ
2527 1391 2677 1461 φόϐῳ
2699 1389 2811 1443 τῶν
2840 1390 3075 1443 αἰωνίων
3106 1390 3407 1455 κολάσεων,
3438 1391 3535 1444 καὶ
3568 1389 3650 1461 τῷ
3683 1389 3848 1458 πόθῳ

2250 1480 2361 1535 τῶν
2380 1480 2647 1551 οὐρανίων
2672 1481 2938 1551 ἀμοιόὦν,
2956 1482 3159 1534 εἴλοντο
3191 1482 3412 1553 μᾶλλον,
3430 1484 3508 1546 ὡς
3532 1481 3842 1553 ἔμφρονες,

2252 1573 2344 1625 τὸν
2380 1572 2477 1643 τῆς
2511 1575 2709 1644 σαρκὸς
2737 1573 2964 1627 θάνατον
2982 1613 2997 1635 ,
3036 1573 3178 1643 ὑπὲρ
3201 1575 3291 1627 τὸν
3321 1573 3538 1627 αίώνιον
3567 1575 3842 1645 ἦνεγκαν.

2252 1660 2368 1716 οὐκ
2395 1662 2766 1733 ἐπτοήθησαν·
2784 1663 2847 1716 οὐ
2872 1663 3317 1734 κατεπλάγησαν.
3349 1664 3460 1717 Καὶ
3478 1663 3557 1726 ὡς
3584 1664 3847 1735 παρόντα

2252 1752 2320 1806 τὰ
2356 1752 2618 1821 μέλλοντα
2649 1754 3081 1825 φανταζόμενοι,
3110 1756 3255 1825 χαρᾷ
3282 1754 3523 1825 ἐχώρουν
3562 1755 3709 1826 πρὸς
3737 1755 3846 1818 τὰς

627 1028 709 1081 Au
747 1042 880 1082 vero
915 1026 1189 1080 incassum
1228 1032 1527 1095 martyrum
1558 1038 1784 1094 agones,
1824 1023 2146 1087 certamina,

560 1118 878 1173 tormenta?
912 1133 980 1171 an
1011 1115 1258 1170 eamdem
1291 1116 1579 1170 nobiscum
1614 1129 1839 1169 carnem
1872 1130 1981 1169 non
2023 1128 2147 1185 ges-

561 1209 797 1264 serunt?
830 1209 915 1262 An
956 1207 1123 1263 tantis
1156 1207 1442 1277 suppliciis
1476 1207 1712 1276 subjecti
1744 1206 1989 1261 laborem
2023 1204 2149 1258 nul-

562 1300 675 1354 lum
719 1298 1059 1354 senserunt?
1090 1298 1290 1353 Annon
1335 1313 1431 1353 eos
1465 1298 1653 1353 vivere
1683 1297 1938 1361 taedebat,
1980 1305 2039 1351 ut
2073 1296 2151 1352 ait

562 1391 853 1461 Apostolus
876 1390 966 1443 “'t
996 1389 1101 1444 Sed
1135 1389 1461 1458 perennium
1492 1406 1779 1460 poenarum
1820 1400 1990 1457 metu,
2039 1406 2150 1445 cce-

563 1481 896 1550 lcstiumque
930 1479 1278 1549 praemiorum
1323 1477 1622 1544 desiderio,
1673 1478 1856 1533 carnis
1893 1488 2147 1543 mortem,

564 1583 626 1625 ut
672 1572 995 1641 prudentes,
1051 1586 1213 1640 quam
1268 1579 1531 1624 aeternam
1582 1570 1769 1626 subire
1816 1570 2147 1626 maluerunt.

560 1663 706 1718 Nihil
740 1663 1199 1733 expavescebant,
1232 1662 1461 1716 minime
1487 1662 1669 1717 animo
1714 1662 2148 1717 consternaban-

564 1766 676 1822 tur,
729 1765 784 1810 et
815 1755 997 1810 futura
1030 1763 1289 1824 tanquam
1320 1754 1613 1825 praesentia
1649 1744 1999 1821 nieditautes,
2037 1754 2147 1810 laeti

562 1857 619 1901 et
664 1821 873 1901 alacres
920 1845 987 1900 ad
1035 1821 1673 1917 tormentavpergebant,
1729 1846 1976 1901 muneris
2026 1846 2147 1901 loco

2256 1842 2557 1913 βασάνους·
2585 1821 2795 1914 δωρεὰς
2834 1821 3064 1915 ἡγοῦντο
3226 1821 3623 1907 ὠλυπαθεὶαςί
3668 1844 3847 1914 Ἡμῖν

563 1938 839 1992 habebant
900 1936 1133 2007 plurima
1183 1937 1291 2006 pati
1350 1936 1565 1990 :Nobis
1612 1938 1750 1990 enim
1812 1954 1909 2006 pro
1946 1936 2153 1992 Christo

562 2036 823 2081 donatum
856 2036 930 2080 est
961 2042 1065 2080 non
1097 2027 1266 2080 solum
1300 2035 1356 2079 ut
1390 2028 1445 2080 in
1475 2043 1591 2081 eum
1626 2028 1901 2081 credamus
1927 2067 1942 2093 ,
1973 2030 2063 2081 sed
2094 2038 2152 2081 ut

563 2120 723 2173 etiam
770 2135 865 2187 pro
916 2118 1007 2171 illo
1060 2119 1334 2187 patiamur
1354 2117 1420 2171 ⁸³.
1475 2117 1544 2171 Ει
1593 2117 1719 2171 alibi
1786 2132 2003 2172 rursum
2038 2137 2051 2172 :
2085 2116 2153 2171 In

563 2210 729 2263 multo
785 2210 924 2262 enim
981 2210 1333 2277 experimento
1393 2208 1751 2262 tribulationis
1819 2201 2149 2263 abundantia

562 2303 746 2373 gaudii
772 2303 1007 2371 ipsorum
1029 2302 1130 2373 fuit
1153 2302 1218 2355 οδ.
1246 2300 1323 2355 lla
1346 2300 1675 2371 gaudebant,
1701 2300 1775 2355 ita
1801 2300 2145 2369 lmtabantur,

561 2410 685 2449 cum
736 2409 834 2464 pro
872 2394 1093 2450 Christo
1139 2403 1463 2465 paterentur
1523 2393 1699 2448 sancti
1745 2408 1959 2448 omnes.
2006 2394 2151 2449 Deli-

566 2486 763 2539 bemus
796 2493 852 2540 ct
882 2501 1006 2551 nos,
1040 2484 1407 2546 dilectissimi,
1444 2484 1771 2540 charitatem
1807 2483 2032 2550 Christi,
2066 2485 2150 2539 in-

562 2582 824 2636 cedamus
876 2594 975 2650 per
1024 2586 1346 2634 sanctorum
1400 2576 1628 2646 vestigia
1677 2596 1690 2632 :
1740 2578 1924 2632 saeculi
1978 2578 2143 2646 hujus

562 2672 797 2726 allectus
831 2685 1025 2725 omnes
1072 2667 1396 2738 abjiciamus
1428 2685 1441 2721 :
1478 2666 1598 2721 Non
1642 2667 1890 2722 habemus
1919 2670 2002 2722 hic
2034 2686 2146 2723 ma-

566 2773 771 2816 nentem
817 2760 1179 2816 civitatem“.
1230 2757 1479 2829 Superna
1527 2756 1829 2814 Jerusalem
1875 2761 2047 2831 patria
2095 2768 2151 2815 et

564 2854 758 2909 civitas
786 2862 978 2908 nostra
1002 2861 1109 2916 est,
1140 2866 1178 2906 ο
1208 2850 1311 2905 viri
1349 2857 1607 2920 potentes
1634 2849 1691 2905 in
1724 2850 1956 2921 Spiritu,
1988 2868 2023 2906 o
2053 2851 2147 2906 lilii

567 2945 684 3006 Dei,
713 2960 825 2998 non
857 2944 1007 2998 enim
1040 2941 1145 2997 mei
1172 2942 1265 3020 qui
1296 2950 1554 3013 peccator
1586 2957 1705 2996 sum
1734 2944 1746 2996 l
1782 2942 1857 2997 Ne
1889 2958 2147 3013 procum-

565 3038 779 3100 bamus,
822 3034 1068 3105 quamvis
1101 3050 1298 3090 omnes
1340 3034 1754 3099 subvertantur,
1794 3035 1940 3104 quod
1983 3037 2144 3091 absit.

566 3130 672 3201 Ipsi
723 3138 927 3191 autem,
976 3139 1037 3181 ut
1073 3127 1224 3191 olim,
1265 3142 1296 3180 a
1332 3126 1445 3180 Deo
1482 3125 1819 3180 corroborati
1856 3143 1870 3180 :
1904 3128 1992 3182 vel
2038 3128 2136 3181 soli
2166 3162 2209 3220 ε

564 3222 866 3278 etiamnum
896 3218 1295 3288 depugnemus.
1336 3214 1456 3269 Stat
1484 3230 1515 3268 a
1550 3214 1710 3269 nobis
1738 3213 1903 3280 Deus,
1935 3218 2141 3270 sancti-

564 3322 673 3378 que
699 3322 892 3362 omnes
920 3307 1013 3377 qui
1044 3322 1281 3376 unquam
1312 3304 1561 3360 fuerunt.
1595 3303 1895 3361 Nobiscum
1924 3304 2141 3373 Oriens,

567 3399 855 3456 nobiscum
898 3399 1165 3455 Occidens
1197 3414 1211 3452 :
1248 3398 1443 3470 exigua
1490 3413 1617 3468 pars
1660 3408 1745 3454 est
1789 3414 1911 3469 qum
1942 3399 2011 3454 ab
2042 3399 2145 3453 Ec-

568 3491 736 3547 clesia
790 3491 1045 3546 universa
1087 3505 1211 3546 sese
1266 3489 1504 3560 abrupit,
1554 3498 1611 3545 et
1654 3492 1926 3561 sejunxit,
1979 3491 2144 3561 idque

570 3590 737 3646 metu,
770 3591 824 3637 et
851 3590 1078 3652 propter
1109 3581 1225 3637 haec
1257 3581 1597 3651 temporalia,
1633 3591 1856 3653 propter
1882 3599 2101 3638 carnem
2127 3600 2141 3637 :

565 3688 730 3742 quam
760 3674 1127 3743 postmodum,
1152 3672 1253 3725 nisi
1290 3673 1575 3727 veritatem
1606 3672 1974 3740 defendimus,
2004 3689 2147 3729 sem-

564 3765 799 3834 piternis
846 3766 1067 3836 ignibus
1114 3780 1222 3819 una
1272 3781 1397 3820 cum
1446 3766 1627 3820 anima
1680 3766 1795 3837 ipsa
1842 3768 2143 3823 trademus.

566 3856 958 3923 Exerceamur,
993 3866 1133 3921 esto,
1181 3865 1238 3910 et
1273 3849 1627 3926 ﬂagellemur,
1658 3873 1838 3927 neque
1860 3859 1912 3913 id
1955 3859 2144 3924 semel,

566 3951 660 4001 sed
710 3948 949 4017 saepius:
986 3949 1225 4017 denique
1270 3948 1595 4003 moriamur.
1649 3949 1840 4006 Nonne
1872 3960 1994 4021 post
2033 3951 2149 4006 haec

566 4039 821 4109 gaudiqu
856 4041 961 4095 erit
996 4040 1298 4104 inell'abilc,
1328 4056 1431 4095 nos
1461 4043 1726 4097 ctelorum
1754 4057 1983 4113 regnum
2013 4058 2147 4098 con-

565 4133 744 4202 sequi,
790 4143 848 4187 et
890 4134 1123 4203 gloriam
1172 4134 1299 4188 inde
1354 4132 1559 4187 referre
1611 4134 1997 4200 immortalem,
2038 4150 2147 4188 non

565 4236 758 4279 contra
790 4224 856 4279 iis
886 4241 1009 4294 quae
1040 4226 1151 4280 dixi
1184 4225 1391 4289 vitatis,
1432 4235 1727 4296 propterea
1769 4227 1983 4281 irrideri
2022 4243 2152 4296 per-

565 4326 753 4386 petuo,
786 4327 841 4371 et
865 4316 1221 4388 ignominiam
1254 4317 1664 4371 interminatam
1696 4318 2012 4373 sustinere?
2035 4318 2151 4374 Uti-

562 4425 670 4480 que
712 4426 811 4464 vos
840 4425 958 4474 oro,
1011 4410 1162 4464 ﬁlioli
1209 4409 1340 4473 mei,
1384 4424 1524 4479 quos
1574 4411 1738 4480 genui
1788 4409 1844 4464 in
1893 4408 2145 4477 Domino,

2255 1935 2364 2005 γὰρ
2392 1934 2685 2005 ἐχαρίσθη
2712 1935 2867 2003 ὑπὲρ
2897 1936 3155 2005 Χριστοῦ
3187 1938 3260 1991 οὐ
3289 1936 3479 2005 μόνον
3509 1938 3580 1989 τὸ
3607 1938 3702 2002 εις
3733 1938 3845 1991 αὐ-

2254 2028 2362 2082 τόν
2388 2029 2718 2094 πιστεύειν,
2746 2029 2909 2083 ἀλλὰ
2938 2029 3124 2083 καὶτὸ
3151 2028 3303 2097 ὑπὲρ
3328 2027 3515 2083 αὐτοῦ
3542 2028 3842 2097 πάσχειν.

2254 2120 2367 2175 Καὶ
2398 2116 2555 2184 αὖθις
2600 2120 2868 2192 ἑτέρωθι·
2905 2120 3003 2175 Ἐν
3030 2120 3141 2190 γὰρ
3188 2119 3393 2189 πολλῇ
3436 2119 3657 2190 δοκιμῇ
3706 2123 3845 2176 θλί-

2252 2214 2411 2280 ψεως
2445 2213 2483 2278 ἡ
2514 2212 2833 2280 περισσεία
2856 2211 2966 2280 τῆς
3000 2210 3190 2281 χαρᾶς
3217 2209 3434 2265 αὐτῶν.
3459 2210 3649 2274 Οὕτως
3685 2211 3844 2281 εχαι⁶

2255 2322 2382 2377 ρον,
2443 2302 2617 2367 οὕτως
2679 2302 2978 2372 ἠγάλλοντο
3038 2303 3177 2374 ὑπὲρ
3230 2301 3467 2374 Χριστοῦ
3528 2303 3846 2371 πάσχοντες

2253 2396 2459 2460 πάντες
2488 2397 2536 2449 οἱ
2576 2396 2744 2464 ἅγιοι.
2782 2393 3117 2465 Γευσὼμεθα
3149 2394 3247 2447 καὶ
3290 2395 3471 2464 ἡμεῖς,
3517 2394 3842 2463 ἀγαπητοὶ,

2250 2488 2349 2557 τῆς
2394 2487 2615 2555 ἀγάπης
2662 2484 2938 2557 Χριστοῦ·
2987 2486 3455 2556 περιπατήσωμεν
3514 2485 3573 2537 ἐν
3624 2484 3841 2555 ἴχνεσιν

2252 2579 2455 2645 ἁγίων·
2517 2578 2774 2649 ρήξωμεν
2845 2577 2945 2642 τὰς
3025 2578 3405 2649 προσπαθείας
3462 2576 3559 2629 τοῦ
3633 2576 3843 2638 αἰῶνος

2252 2670 2464 2721 τούτου.
2507 2672 2628 2722 Οὐκ
2667 2671 2888 2739 ἔχομεν
2916 2662 3033 2721 ὦδε
3057 2668 3371 2737 μένουσαν
3406 2667 3624 2719 πόλιν·
3655 2666 3692 2735 ή
3724 2664 3840 2719 ἄνω

2263 2758 2619 2831 Ἰερουσαλὴμ
2652 2762 2855 2830 πατρὶς
2893 2760 2987 2813 καὶ
3025 2758 3179 2821 πόλις
3209 2761 3241 2826 ή
3253 2756 3403 2827 μῶν·
3439 2750 3485 2810 ὦ
3511 2756 3710 2828 ἄνδρες
3745 2758 3840 2810 δι)⁴

2249 2852 2402 2908 νατολ⁵
2424 2854 2481 2905 ἐν
2512 2851 2814 2918 Ιινεύματι,
2841 2845 2886 2903 ὧ
2924 2849 3093 2904 τέκνα
3135 2849 3271 2903 Θεοῦ
3290 2866 3306 2881 ·
3337 2851 3399 2903 οὐ
3435 2851 3547 2921 γὰρ
3572 2850 3713 2922 ἐμοῦ
3741 2844 3847 2904 τοῦ

2250 2941 2606 3014 ἀμαρτωλοῦί
2660 2942 2751 3013 Μὴ
2795 2941 3139 3011 όκλάσωμεν,
3171 2942 3275 2995 κᾶν
3303 2942 3505 3005 πάντες
3522 2945 3801 3012 ντραποίεν

2250 3034 2389 3103 ὅπερ
2423 3032 2498 3103 μὴ
2540 3032 2773 3100 γένοιτο.
2815 3028 2956 3084 Ἀλλ’
2991 3029 3153 3101 ἡμεῖς
3204 3030 3281 3093 ὡς
3328 3031 3499 3084 πάλαι
3548 3032 3656 3084 ὑπὸ
3696 3030 3835 3085 Θεοῦ

2249 3125 2681 3195 δυναμωθέντες,
2739 3125 2835 3180 καὶ
2888 3122 2958 3178 τὰ
3011 3123 3107 3177 νῦν
3161 3124 3656 3195 μονομαχήσωμεν.
3696 3126 3835 3179 Μεθ’

2248 3215 2408 3287 ἡμῶν
2461 3217 2491 3267 6
2543 3215 2708 3275 Θεός·
2740 3215 2942 3278 πάντες
2990 3216 3039 3269 οἱ
3085 3215 3181 3269 ἀπ’
3232 3214 3427 3277 αἰῶνος
3472 3214 3654 3282 ἆγιοι·
3711 3206 3837 3287 μεθ’

2245 3307 2403 3377 ἡμῶν
2443 3304 2704 3375 Ἀνατολὴ
2735 3305 2830 3358 καὶ
2856 3304 3048 3369 Λύσις·
3094 3303 3266 3375 μικρὰ
3318 3302 3475 3373 μερὶς
3502 3306 3537 3374 ἡ
3586 3305 3839 3377 auch“-

2248 3399 2386 3466 ξασα
2415 3397 2616 3468 ἑαυτὴν
2644 3395 2754 3450 ἀπὸ
2780 3396 2879 3466 τῆς
2925 3395 3017 3449 ὑπ’
3061 3394 3291 3465 οὐρανὸν
3327 3394 3694 3465 Ἐκκλησίας·
3735 3397 3835 3450 καὶ

2247 3488 2409 3543 τοῦτο
2432 3489 2520 3542 διὰ
2556 3488 2725 3557 φόϐον
2761 3485 2882 3540 -διά
2910 3484 2981 3540 τὰ
3010 3487 3355 3558 πρόσκαιρα·
3380 3485 3470 3540 διὰ
3499 3487 3599 3558 τὴν
3627 3488 3835 3558 σάρκα·

2247 3582 2316 3655 ῆν
2365 3580 2563 3651 μικρὸν
2608 3580 2838 3652 ὕστερον
2883 3576 3283 3651 παραδώσομεν
3315 3578 3395 3649 τῷ
3428 3579 3634 3651 αἰωνίῳ
3693 3582 3833 3650 πυρὶ

2251 3676 2350 3728 σὺν
2390 3676 2459 3743 τῇ
2506 3672 2685 3743 ψυχῇ,
2740 3673 2788 3726 εἰ
2829 3672 2903 3743 μὴ
2949 3672 3341 3743 ἁντισχὼμιθα
3389 3672 3490 3742 τῆς
3545 3672 3834 3743 ἀληθείας.

2253 3768 2456 3831 Ἔστω,
2501 3765 2597 3819 καὶ
2647 3764 3069 3838 πειρασθῷμεν·
3132 3767 3228 3819 καὶ
3282 3764 3705 3837 μαστιχθῶμεν·
3736 3768 3837 3820 καὶ

2248 3858 2410 3912 τοῦτο
2458 3856 2748 3921 πολλάκις·
2778 3856 2953 3922 τέλος,
2994 3857 3091 3910 καὶ
3133 3858 3516 3929 ἀποθάνωμεν.
3550 3852 3687 3911 Εἶτα
3728 3862 3830 3915 οὐκ

2249 3949 2367 4003 ἐστι
2417 3950 2561 4021 χαρὰ
2606 3948 2972 4014 ἀνεκλάλητος
3022 3949 3303 4018 ἐπιτυχεῖν
3354 3952 3502 4022 ἡμᾶς
3553 3949 3833 4021 βασιλείας

2251 4042 2531 4113 οὐρανῶν·
2564 4041 2862 4095 κάντεῦθεν
2895 4040 3309 4109 ἀπενέγκασθαι
3342 4042 3499 4107 κλέος
3537 4042 3825 4103 ἀθάνατον·

2251 4135 2284 4205 ἢ
2314 4133 2624 4187 τούναντίον
2657 4134 2932 4202 φυγόντας
2978 4133 3049 4188 τὰ
3086 4135 3485 4205 προειρημένα,
3537 4135 3831 4191 κάντεῦθεν

2254 4224 2657 4294 κωμῳδηθῆναι
2708 4225 2871 4295 μέχρι
2913 4224 3136 4289 τέλους·
3178 4224 3273 4277 καὶ
3315 4227 3579 4297 αἰσχύνην
3610 4228 3829 4281 ὑποῖσαι

2251 4316 2646 4386 ἁτελεύτητονς
2679 4316 2808 4384 Ναὶ,
2824 4316 3036 4387 δέομαι,
3067 4316 3255 4370 τεκνία
3288 4332 3411 4387 μου,
3444 4316 3540 4382 οὓς
3565 4320 3829 4389 ἐγέννησα

2254 4414 2313 4465 ἐν
2351 4411 2571 4483 Κυρίῳ·
2596 4410 2691 4473 οὓς
2716 4411 2923 4481 ηὔξησε
2951 4411 3185 4482 Χριστὸς
3211 4412 3269 4465 ἐν
3300 4412 3485 4474 πόνοις
3517 4414 3612 4465 καὶ
3640 4414 3826 4478 κόποις

562 4502 763 4571 quibus
792 4501 1193 4556 incrementum
1232 4500 1381 4556 dedit
1406 4500 1662 4555 Christus
1694 4519 1708 4555 :
1740 4517 1838 4571 per
1869 4516 2145 4558 atrumnas

2252 4504 2313 4556 οὺ
2383 4505 2542 4573 μόνον
2606 4504 2949 4572 ἀσκητικοῖς,
2998 4502 3134 4556 ἀλλὰ
3183 4503 3292 4573 γὰρ
3344 4503 3440 4556 καὶ
3493 4501 3822 4570 ἀθλητικοῖς.

561 4604 617 4647 et
651 4594 866 4648 labores
896 4609 1011 4647 non
1046 4594 1219 4649 solum
1249 4594 1533 4660 asceticos,
1562 4608 1750 4649 verum
1777 4593 1940 4648 etiam
1972 4594 2145 4648 athle-

562 4686 722 4740 ticos.
782 4685 1005 4756 Implete
1053 4687 1308 4756 gaudium
1362 4702 1557 4749 meum,
1612 4694 1667 4738 ut
1722 4686 1859 4739 idem
1901 4686 2143 4752 sapiatis,

559 4778 801 4833 cttmdem
862 4778 1175 4831 charitatem
1229 4777 1504 4840 habentes,
1560 4778 1856 4842 unanimes,
1913 4780 2143 4847 idipsum

563 4871 844 4923 sentientes
868 4884 886 4922 :
915 4870 1043 4923 nihil
1068 4887 1160 4939 per
1189 4871 1594 4933 contentionem,
1627 4885 1789 4939 neque
1818 4885 1909 4936 per
1934 4870 2143 4925 inanem

564 4961 811 5031 gloriam,
845 4962 935 5014 sed
965 4961 1284 5025 humilitate,
1329 4962 1619 5030 superiores
1658 4961 1755 5014 sibi
1800 4961 2017 5015 invicem
2054 4979 2145 5014 ar—

564 5056 819 5108 bitrantes
843 5054 910 5109 “.
946 5054 1260 5123 Apostolica
1280 5054 1403 5113 hac
1428 5057 1633 5107 monita
1661 5071 1674 5107 :
1708 5053 1836 5108 licet
1867 5068 1898 5108 a
1932 5069 2021 5108 me
2046 5054 2143 5108 mi-

565 5162 691 5200 sero
740 5148 795 5201 in
840 5148 1161 5203 memoriam
1208 5146 1560 5200 reducantur.
1609 5145 1773 5200 Orate
1811 5153 1867 5199 et
1902 5161 2000 5215 pro
2034 5161 2144 5211 me,

566 5241 817 5305 obsecro,
848 5250 909 5295 ut
936 5240 1096 5295 detur
1127 5239 1262 5293 mihi
1298 5237 1585 5302 fortitudo,
1616 5238 1803 5301 robur,
1837 5253 2020 5292 sermo
2049 5254 2146 5307 per

568 5347 683 5397 vos,
717 5332 969 5401 quamvis
994 5331 1176 5387 divina
1214 5330 1386 5400 gratia
1438 5330 1698 5400 indiguus
1736 5328 1837 5383 sim
1874 5347 1885 5383 :
1923 5338 1981 5384 ut
2009 5345 2143 5383 una-

569 5424 787 5482 nimiter
827 5424 880 5478 in
908 5439 1018 5478 uno
1052 5423 1248 5492 spiritu
1291 5420 1623 5495 gloriﬁcetur
1651 5420 1793 5475 Deus
1825 5421 1879 5474 in
1915 5436 2145 5491 corpore

567 5526 620 5570 et
640 5516 834 5585 spiritu
860 5526 1069 5571 nostro.
1101 5515 1249 5569 Mitte
1272 5515 1336 5571 ad
1362 5513 1837 5583 archiepiscopum
1866 5514 2141 5584 egregium

570 5604 909 5678 Dionysium.
954 5608 1137 5663 Saluta
1177 5606 1399 5661 Petrum
1437 5606 1706 5671 abbatem,
1750 5606 2016 5676 lgnatium
2050 5609 2145 5660 ab-

2247 4596 2613 4664 Πληρὼσατέ
2656 4614 2771 4666 μου
2822 4595 2938 4664 τὴν
2980 4595 3208 4665 χαράν·
3246 4597 3347 4649 ἵνα
3392 4595 3457 4649 τὸ
3498 4596 3648 4650 αὐτὸ
3685 4615 3824 4666 φρο-

2246 4688 2395 4756 νῆτε
2412 4702 2427 4718 ·
2459 4689 2573 4757 τὴν
2590 4688 2785 4757 αὐτὴν
2808 4687 3050 4758 ἀγάπην
3072 4689 3320 4757 ἔχοντες
3342 4706 3355 4720 ·
3385 4690 3729 4758 σύμψυχοι·
3759 4690 3823 4743 τὸ

2248 4781 2317 4834 ἒν
2354 4783 2755 4852 φρονοῦντες·
2785 4781 2982 4852 μηδὲν
3030 4782 3158 4835 κατ’
3204 4782 3463 4849 ἐρίθειαν
3501 4780 3540 4850 ἢ
3585 4784 3822 4837 κενοδο-

2250 4874 2424 4939 ξίαν·
2509 4875 2671 4929 ἀλλὰ
2732 4874 2805 4942 τῇ
2875 4876 3401 4943 ταπεινοφροσύνῃ
3510 4874 3821 4941 ἀλλήλους

2250 4969 2572 5036 ἡγούμενοι
2600 4966 3005 5035 ὑπερέχοντας
3056 4965 3303 5023 ἑαυτῶν.
3362 4967 3723 5020 ’Ᾱποστολικὰ
3755 4967 3821 5020 τὰ

2252 5060 2687 5130 παραγγέλματα
2706 5076 2719 5089 ·
2749 5059 2853 5113 κᾶν
2873 5058 3003 5129 παρ’
3034 5058 3168 5129 ἐμοῦ
3197 5059 3291 5113 τοῦ
3317 5060 3665 5131 ταλαιπώρου
3697 5062 3821 5114 ὑπο-

2251 5152 2691 5220 μιμνησκόμενα.
2738 5149 3115 5220 Προσεύχεσθε
3142 5152 3236 5204 καὶ
3276 5152 3406 5221 περὶ
3440 5151 3602 5222 ἐμοῦ,
3642 5169 3817 5221 παρα-

2249 5240 2425 5295 καλῶ·
2454 5240 2541 5293 ἵνα
2562 5258 2650 5311 μοι
2673 5239 2801 5311 δοθῇ
2827 5241 2999 5311 ἰσχὺς,
3021 5242 3238 5313 κράτος.
3260 5241 3417 5309 λόγος
3431 5242 3497 5295 δι’
3517 5242 3666 5313 ὑμᾶς
3684 5260 3699 5274 ·
3719 5244 3817 5297 κᾶν

2250 5328 2362 5399 ἐγὼ
2397 5329 2614 5394 ἀνάξιος
2640 5329 2790 5393 θείας
2827 5330 3049 5400 χάριτος
3071 5348 3084 5362 ·
3124 5330 3270 5394 ὃπως
3296 5329 3644 5401 ὁμοθυμαδὸν
3662 5333 3718 5385 ἐν
3743 5333 3816 5385 ἐνὶ

2253 5420 2524 5490 πνεύματι
2556 5418 2787 5491 δοξασθῇ
2829 5422 2857 5473 6
2892 5420 3023 5483 Θεδς
3054 5422 3110 5473 ἐν
3152 5419 3233 5490 τῷ
3264 5419 3477 5491 σώματι
3512 5424 3611 5478 καὶ
3653 5425 3711 5478 ἐν
3743 5422 3815 5494 τῷ

2252 5514 2524 5583 πνεύματι
2564 5512 2745 5583 ἡμῶν.
2792 5512 3006 5567 Στεῖλον
3031 5516 3109 5577 είς
3142 5514 3233 5567 τὸν
3260 5515 3697 5585 ἀρχιεπίσκοπον
3733 5521 3813 5571 τὸν

2253 5606 2413 5659 καλὸν
2442 5604 2736 5659 Διονύσιον.
2773 5606 3221 5676 Προσαγόρευσον
3252 5607 3341 5661 τὸν
3379 5608 3558 5663 ἁϐϐἄν
3590 5610 3811 5682 Πέτρον·

634 5720 765 5804 Ὕδζ
786 5723 943 5781 Rom.
979 5725 1299 5790 vm.55,36.
1356 5724 1397 5755 "
1426 5724 1466 5778 ll
1499 5723 1625 5779 Cor.
1664 5742 1701 5790 ι,
1735 5724 1787 5779 8.
1850 5727 1893 5757 ⁸³
1934 5720 2127 5796 Philip.
2158 5726 2205 5789 ι,
2230 5725 2317 5781 ‘29.
2376 5727 2422 5759 “
2453 5724 2491 5777 ll
2517 5722 2639 5780 Cor.
2669 5720 2857 5790 ηυρλ.
2920 5724 2962 5756 ⁵⁸
2993 5723 3155 5780 llcbr.
3200 5742 3315 5791 sui,
3350 5727 3433 5782 Η.
3515 5729 3559 5761 ⁶⁶
3591 5730 3813 5804 Philipp.

571 5812 628 5864 ιι,
655 5797 709 5861 '2,
738 5797 788 5850 5.
