3990 6318
144 383 282 448 1145

1336 373 1883 436 EPISTOLARUM
1941 377 2090 438 LIB.
2128 377 2211 437 II.

3272 382 3411 451 1146

131 498 226 550 τὸν
270 494 450 548 ἀϐὂᾶν
491 491 786 561 Ὶγνάτιον⁹
835 489 928 542 καὶ
974 490 1066 544 τὸν
1116 487 1294 543 ἀὸὄᾶν
1344 487 1575 556 Τιθόην·
1629 486 1723 539 καὶ

1832 487 2031 551 batem,
2069 496 2123 540 et
2167 485 2402 541 Tithoen
2446 489 2722 554 abbatem,
2757 501 2812 545 et
2851 490 3081 547 ostende
3124 492 3230 550 illis
3271 497 3415 552 hanc

129 589 415 654 ὑπόδειξον
457 587 640 648 αὐτοῖς
689 585 753 638 τὸ
806 584 1063 655 γράμμα.
1102 582 1224 636 Ἔτι
1274 579 1566 651 ἑτοιμάζου
1619 579 1718 631 σὺν

125 681 243 742 τοῖς
286 679 497 740 λοιποῖς
530 716 546 739 ,
597 677 692 730 καὶ
739 675 978 745 μάλιστα
1009 675 1124 736 τοῖς
1155 672 1674 744 προγεγραμμένοις
1701 686 1716 702 ·

126 772 214 824 ὃτι
276 770 386 823 τῶν
448 768 681 838 ἐγγύθεν
737 768 897 838 ἡμῶν
942 764 1372 834 ὀλισθησάντων,
1421 763 1521 816 ούκ
1570 762 1721 815 ἐστιν

126 863 284 932 ἡμᾶς
320 860 493 934 [Reg
526 861 652 916 cod.
688 857 873 930 ὑμᾶς]
902 857 1133 926 eaeam
1164 855 1257 909 ὑπ’
1287 854 1468 908 αὐτῶν
1498 855 1722 908 ἐκείνων

128 953 674 1022 ἐνδιαόαλλομένους.
706 951 833 1020 Δοίη
881 950 940 1003 δὲ
989 945 1200 1020 Κύριος
1250 944 1462 1008 σθένος,
1497 944 1722 1016 κράτος,

127 1044 281 1108 νοῦν,
331 1043 636 1111 ὀφθαλμὸν,
695 1041 934 1107 σύνεσιν,
988 1041 1100 1092 πᾶν
1157 1036 1342 1090 ὁτιοῦν
1399 1035 1463 1090 εὖ
1513 1035 1724 1106 πρᾶξαι

129 1135 284 1203 ὑμᾶς
326 1135 406 1197 εἰς
444 1133 667 1187 ἔπαινον
711 1132 804 1186 καὶ
852 1131 1012 1197 δόξαν
1039 1126 1316 1199 Χριστοῦο
1346 1126 1426 1189 είς
1459 1125 1725 1196 καύχημα

128 1227 271 1297 ἐμόν
293 1243 305 1255 ο
340 1227 422 1291 είς
475 1226 633 1289 κλέος
666 1224 821 1294 ὑμῶν
847 1222 1086 1278 αἰώνιον.
1120 1217 1635 1292 Προσαγορεύουσιν
1673 1216 1726 1269 οἱ

130 1318 388 1382 συνόντες
442 1334 537 1388 μοι
587 1313 954 1386 ἀμφοτέρους.
999 1313 1058 1367 Ὁ
1101 1310 1338 1383 Χριστὸς
1382 1307 1504 1378 μεθ’
1544 1306 1721 1377 ὑμῶν.

141 1407 205 1460 Ἀ
214 1408 350 1478 μήν.

651 1538 758 1592 IA'.
788 1565 862 1577 —
898 1531 984 1600 Τῷ
1010 1530 1191 1599 αὐτῷ.
1220 1527 1401 1604 [ρνδη

1823 577 2132 648 epistolam.
2178 577 2350 634 Porro
2393 580 2700 652 accingere,
2752 594 2809 636 et
2859 593 3080 653 paratus
3122 593 3242 640 esto
3287 604 3413 642 cum

1825 671 2062 737 emeris,
2103 679 2161 726 et
2187 686 2311 726 cum
2343 671 2408 726 iis
2439 673 2675 727 maxime
2705 690 2844 743 quos
2873 675 3070 745 scripsi
3098 691 3116 730 :
3146 679 3412 746 quoniam

1825 778 1950 817 cum
1985 763 2121 833 lapsi
2163 763 2275 818 sint
2310 764 2402 833 qui
2448 765 2606 819 nobis
2640 765 2804 820 vieini
2851 777 3030 832 erant,
3065 768 3181 823 ﬁeri
3223 773 3418 841 nequit

1827 864 1889 910 ut
1916 856 2290 926 relinquamur
2336 857 2406 912 ab
2444 857 2549 912 illis
2575 858 2706 927 ipsis
2733 858 2919 914 delati.
2966 857 3068 915 Det
3094 871 3276 918 autem
3309 865 3416 918 Do-

1830 947 2016 1003 minus
2039 950 2196 1004 vobis
2218 951 2382 1012 vires,
2409 951 2594 1016 robur,
2627 951 2986 1016 intellectum,
3019 953 3262 1018 oculum,
3288 971 3421 1024 pru-

1828 1039 2095 1105 dentiam,
2124 1043 2307 1096 omnia
2337 1052 2490 1098 recte
2517 1057 2678 1113 agere
2709 1042 2764 1097 in
2807 1044 3070 1098 honorem
3098 1054 3154 1099 et
3189 1045 3416 1115 gloriam

1828 1130 2055 1198 Christi,
2098 1132 2167 1186 ad
2201 1134 2417 1188 laudem
2459 1149 2637 1188 meam
2682 1143 2740 1189 et
2766 1135 3148 1206 gloriationem
3179 1146 3417 1192 vestram

1826 1225 2242 1293 sempiternam.
2294 1227 2547 1281 Salutant
2575 1229 2668 1298 qui
2703 1244 2918 1284 mecum
2959 1239 3090 1285 sunt
3131 1239 3416 1300 utrosque.

1825 1313 2084 1371 Christus
2114 1317 2417 1372 vobiscum.
2452 1319 2650 1374 Amen.

2411 1537 2507 1596 ΧΙ.
2536 1571 2609 1581 -
2642 1539 2854 1598 Eidem.

799 1654 878 1706 De
903 1650 1218 1716 quibusdam,
1241 1647 1329 1713 qui
1360 1649 1489 1712 lapsi
1519 1649 1684 1709 erant,
1716 1648 2038 1710 recipiendis.
2085 1651 2282 1713 (Baron.
2311 1667 2391 1704 an.
2431 1655 2544 1714 8I6,
2581 1656 2760 1720 n.16.)

204 1766 374 1837 Παρά
395 1763 733 1838 προσδοκίαν
769 1757 910 1816 εἶδον
938 1760 1011 1814 τά
1043 1757 1350 1830 γράμματά
1385 1774 1505 1822 σου,
1533 1755 1724 1809 τέκνον

1899 1755 2106 1815 Praeter
2139 1763 2629 1832 exspectationem,
2677 1764 2877 1820 dilecte
2919 1765 3015 1831 ﬁli,
3052 1765 3259 1822 litteras
3297 1778 3418 1826 tua:

129 1859 521 1929 ἠγαπημένον,
572 1857 668 1910 καὶ
714 1856 841 1918 τοὺς
895 1851 1190 1921 ἀδελφούς·
1219 1851 1281 1904 ού
1312 1850 1444 1919 γάρ,
1475 1848 1552 1911 ὡς
1589 1862 1728 1916 προ-

132 1951 395 2022 έγραψα,
433 1950 670 2019 ἐπέσχες
712 1946 875 2017 μέχρι
923 1941 1329 2013 Σεπτεμϐρίου.
1382 1939 1523 1993 Ἀλλ’
1575 1939 1728 2006 ὅμως

132 2044 494 2114 ἀπεδεξάμην
533 2058 625 2094 σου
665 2039 727 2092 τὺ
773 2035 1080 2108 πρόθυμον,
1117 2035 1181 2088 τὸ
1210 2035 1314 2088 οὐκ
1359 2030 1589 2086 ἀνεκτὸν
1628 2029 1728 2099 τῆς

133 2137 398 2204 ἀγάπης,
454 2130 827 2200 τδδιάπυρον
881 2125 978 2180 τοῦ
1025 2126 1232 2192 πόθου,
1283 2123 1345 2177 τὸ
1385 2123 1514 2193 περὶ
1551 2121 1731 2175 πάντα

135 2227 423 2298 φιλόθεον’
455 2223 752 2294 προσθείην
782 2219 826 2273 δ’
860 2218 926 2273 ἂν
969 2219 1064 2272 καὶ
1095 2216 1478 2287 φιλοπάτριον.
1520 2214 1591 2266 Σύ
1625 2228 1726 2280 μου

135 2320 292 2391 χαρὰ
319 2319 417 2372 καὶ
448 2312 805 2385 παραμύθιον
829 2327 844 2342 ⁸
900 2309 966 2364 σύ
1023 2327 1124 2380 μου
1165 2310 1223 2363 ὲν
1273 2308 1463 2380 Κυρίῳ
1499 2308 1558 2359 ὲν
1594 2306 1729 2358 πᾶσι

134 2416 250 2476 τοῖς
291 2409 560 2470 κινδύνοις
594 2406 690 2460 καὶ
721 2405 967 2474 θλίψεσιν
997 2404 1244 2474 ἓδρασμα
1266 2443 1280 2467 ,
1313 2403 1410 2454 καὶ
1456 2399 1727 2467 στέφανος

137 2508 510 2576 καυχήσεως,
545 2500 685 2571 μετά
731 2499 953 2552 πάντων
986 2497 1093 2552 τῶν
1138 2494 1422 2550 συνάθλων
1465 2509 1593 2546 σουο
1635 2491 1731 2546 καὶ

137 2601 249 2671 πρὸ
279 2597 502 2652 πάντων
537 2589 789 2661 ἀδελφῶν
817 2590 977 2662 ἡμῶν
1024 2591 1081 2643 ὲν
1113 2585 1337 2660 Χριστῴ
1381 2583 1557 2656 Ἰησοῦ
1579 2625 1594 2650 ,
1636 2585 1732 2637 καὶ

136 2693 374 2746 τέκνων.
408 2686 502 2739 Διὸ
535 2685 632 2738 καὶ
673 2682 872 2753 χαίρω,
913 2679 1155 2749 εὐλογῶν
1198 2678 1291 2731 τὸν
1324 2677 1459 2730 Θεὸν
1486 2674 1580 2728 τοῦ
1614 2676 1730 2728 Πα-

135 2783 270 2852 τρός
310 2796 414 2850 μου
435 2793 450 2808 ο
495 2777 580 2829 ὅτι
606 2773 809 2844 ὐγιάζῃ
839 2773 987 2843 ψυχῇ
1021 2771 1120 2825 καὶ
1149 2768 1394 2840 σώματι·
1427 2764 1602 2830 οὕτως
1627 2764 1734 2819 ὑπὸ

137 2871 277 2926 Θεοῦ
308 2863 763 2935 οίκονομηθέντος
794 2858 935 2915 εἷναί
965 2877 1025 2914 σε
1064 2862 1265 2928 ἄφετον
1289 2859 1354 2911 ὲκ
1376 2856 1615 2927 δεσμῶν·
1643 2855 1730 2908 ἴνα

138 2963 270 3024 τοὺς
315 2962 376 3013 ὲν
411 2957 632 3027 δεσμοῖς
676 2953 907 3026 ἀλείφῃς
931 2992 947 3017 ,
979 2952 1108 3014 τοὺς
1139 2949 1452 3020 ἀφεμένους
1496 2947 1732 3001 συνδέων

140 3049 548 3124 ὲπιστηρίζοις.
586 3049 650 3101 Ὃ
686 3049 780 3101 καὶ
813 3048 993 3109 ποιεῖς
1020 3060 1204 3115 χαριτι
1232 3041 1469 3114 Χριστοῦ
1492 3080 1507 3105 ,
1549 3056 1731 3110 παρα-

142 3145 355 3209 καλῶν,
389 3140 683 3204 νουθετῶν,
718 3136 1216 3210 παραμυθούμενος
1247 3135 1344 3187 ἕνα
1373 3133 1730 3194 ἐκαστον.Ὠς

140 3236 365 3307 ἀληθῶς
391 3232 525 3287 Θεοῦ
565 3234 871 3300 οἰκονόμος.
914 3227 1119 3298 Δέομαι
1168 3224 1264 3279 οὖν
1297 3225 1430 3278 αὐτὸ
1455 3223 1617 3278 τοῦτο
1656 3224 1734 3294 μὴ

142 3329 408 3384 ὲκκακεῖν
457 3323 789 3398 ἐργάζεσθαί
851 3338 910 3374 σε
969 3322 1049 3386 είς
1105 3320 1264 3384 δόξαν
1319 3316 1596 3389 Χριστοῦ,
1654 3316 1734 3379 είς

144 3423 509 3494 περιποίησιν
560 3420 834 3490 σωτηρίας
877 3433 1010 3482 σου,
1056 3419 1136 3480 εἰς
1186 3413 1450 3485 καύχημα
1496 3411 1621 3482 ὲμοῖ⁵
1655 3410 1735 3480 τῷ

144 3513 486 3586 ὴπορημένῳ
514 3514 572 3566 ὲν
603 3509 862 3564 παντιοῦν
895 3509 1107 3579 ἀγαθῷ.
1157 3507 1326 3578 Πλὴν,
1377 3505 1574 3574 ἀδελφὲ
1599 3543 1615 3568 ,
1653 3505 1735 3558 ὅτι

143 3607 245 3660 οὐκ
280 3607 363 3670 είς
394 3604 554 3658 κενὸν
577 3601 889 3672 ἑδράμομεν
921 3602 1015 3654 καὶ
1043 3599 1314 3670 τρέχομεν
1347 3598 1513 3651 πάλαι
1550 3613 1611 3649 τε
1639 3599 1736 3650 καὶ

145 3698 276 3751 νῦν·
325 3695 438 3749 οὐδ’
488 3697 569 3756 εἰς
618 3691 776 3744 κενὸν
829 3691 1142 3762 κοπιῶμεν·
1181 3690 1324 3760 ὑπὲρ
1353 3687 1592 3759 Χριστοῦ
1626 3689 1736 3758 γάρ

147 3791 242 3843 καὶ
276 3788 369 3840 διὰ
410 3782 647 3856 Χριστὸν
677 3781 819 3853 ὑπὲρ
848 3775 909 3833 οὗ
940 3783 1004 3835 τὸ
1044 3782 1302 3850 πάσχειν,
1335 3780 1522 3850 πάσχα
1543 3797 1558 3811 ο
1594 3780 1737 3849 ὑπὲρ

146 3875 208 3932 οὗ
229 3881 292 3933 τὸ
321 3875 640 3937 λυπεῖσθαι,
659 3874 826 3944 χαρά.
844 3873 1027 3942 Εἴπερ
1054 3872 1524 3942 συμπάσχομεν,
1547 3872 1734 3941 φησὶν,

148 3975 248 4027 ἵνα
277 3973 378 4026 καὶ
411 3964 948 4033 συνδοξασθῶμεν.
979 3963 1287 4035 Λογίζομαι
1333 3966 1445 4031 γὰρ
1492 3964 1581 4016 ὅτι
1625 3963 1736 4015 οὐκ

148 4067 287 4129 ἄξια
342 4064 417 4117 τὰ
465 4058 786 4127 παθήματα
844 4057 951 4110 τοῦ
1003 4056 1120 4110 νῦν
1167 4052 1374 4124 καιροῦ
1421 4055 1572 4121 πρὸς
1622 4052 1739 4116 τὴν

146 4156 511 4228 μέλλουσαν
577 4149 766 4214 δόξαν
828 4146 1340 4217 ἀποκαλυφθῆναι
1404 4149 1494 4213 εἰς
1556 4144 1736 4215 ἡμᾶς.

151 4249 262 4302 Καὶ
300 4244 557 4305 εἰκότως.
615 4240 681 4293 Ἥ
713 4239 823 4310 γὰρ
855 4239 1091 4292 ἐνταῦθα
1127 4237 1408 4306 σύνθλιψις
1433 4276 1448 4302 ,
1480 4237 1739 4290 ὁποιαοῦν

151 4340 392 4409 σκιώδης
420 4337 518 4390 καὶ
541 4332 834 4404 ὀνειρώδης
859 4347 873 4361 ·
905 4333 938 4401 ή
965 4333 1024 4386 δὲ
1050 4333 1228 4384 ἐκεῖσε
1252 4331 1600 4401 ἀντάμειψις,
1626 4330 1739 4400 ζωὴ

1831 1859 1890 1904 et
1919 1850 2119 1908 fratres
2144 1853 2278 1908 vidi.
2322 1853 2445 1908 Non
2470 1857 2636 1920 enim,
2665 1865 2725 1910 ut
2750 1866 2908 1912 antea
2932 1860 3285 1929 scripseram,
3318 1878 3420 1916 us-

1832 1959 1942 2013 que
1974 1945 2040 1999 ad
2084 1948 2466 2016 Septembrem
2505 1949 2790 2004 distulisti.
2821 1950 3096 2005 Caeterum
3135 1954 3421 2023 amplexus

1831 2051 1953 2091 sum
1997 2038 2333 2094 alacritatem
2383 2050 2550 2106 tuam,
2593 2042 2916 2097 eharitatem
2948 2059 3056 2098 non
3109 2046 3417 2112 remissam,

1830 2129 2032 2183 ardens
2089 2130 2464 2198 desiderium,
2541 2133 2596 2187 in
2651 2135 2910 2189 omnibus
2959 2136 3218 2205 pietatem
3289 2154 3415 2209 erga

1831 2217 2026 2285 Deum,
2069 2221 2376 2278 addiderim
2402 2225 2568 2278 etiam
2608 2241 2734 2297 erga
2769 2237 3006 2297 patrem.
3037 2227 3118 2283 Tu
3149 2230 3333 2285 laetitia
3363 2241 3420 2286 et

1831 2312 2137 2368 consolatio
2167 2329 2288 2368 mea
2321 2333 2333 2368 :
2381 2325 2438 2370 tu
2471 2333 2652 2372 meum
2685 2319 2739 2372 in
2774 2319 3032 2374 omnibus
3067 2323 3328 2390 periculis
3360 2333 3420 2377 et

1831 2402 2281 2461 tribulationibus
2305 2406 2707 2463 ﬁrmamentum
2740 2410 2794 2464 in
2821 2409 3052 2465 Domino
3083 2420 3138 2466 et
3175 2415 3419 2467 exsulta-

1833 2494 1999 2551 tionis
2024 2511 2249 2567 corona,
2283 2515 2409 2555 cum
2441 2503 2804 2556 certaminum
2844 2513 3062 2558 tuorum
3097 2505 3264 2559 sociis
3294 2506 3419 2559 uni-

1831 2588 2027 2653 versis,
2064 2605 2178 2659 pra:
2218 2590 2478 2646 omnibus
2507 2592 2712 2647 nostris
2745 2594 2799 2646 in
2826 2592 3050 2648 Christo
3075 2593 3205 2649 Jesu
3233 2595 3420 2650 fratri-

1831 2678 1935 2732 bus
1968 2690 2025 2734 et
2072 2681 2217 2736 ﬁliis.
2253 2674 2519 2747 Quocirca
2567 2693 2620 2738 et
2667 2684 2825 2739 laetor
2873 2685 3193 2755 plurimum,
3241 2688 3417 2742 Deum

1833 2769 2009 2827 Patris
2037 2774 2145 2828 mei
2190 2774 2443 2838 laudans,
2488 2776 2634 2844 quod
2678 2778 2866 2830 animo
2913 2785 2968 2832 et
3009 2793 3240 2848 corpore
3271 2790 3420 2836 recte

1833 2864 2029 2919 vales:
2087 2865 2198 2920 Deo
2241 2866 2320 2921 sic
2367 2869 2551 2923 omnia
2623 2868 2968 2938 disponente,
3050 2881 3109 2925 ut
3176 2884 3231 2926 tu
3296 2873 3418 2927 vin—

1833 2954 1974 3009 culis
2033 2957 2245 3012 solutus
2285 2957 2474 3025 fueris,
2509 2975 2618 3029 quo
2640 2961 2760 3015 illos
2779 2961 2871 3030 qui
2897 2962 2950 3018 in
3007 2962 3240 3017 vinculis
3291 2973 3422 3019 sunt

1834 3047 2105 3112 subleves,
2185 3064 2280 3104 eos
2337 3063 2522 3106 autem
2594 3052 2685 3121 qui
2747 3053 2912 3107 soluti
2990 3062 3120 3108 sunt
3184 3055 3419 3124 conjun-

1834 3139 2010 3209 gendo
2057 3140 2368 3197 confirmes.
2424 3141 2582 3208 Quod
2616 3143 2836 3213 quidem
2888 3142 3022 3198 lacis
3071 3160 3169 3215 per
3216 3144 3423 3201 Christi

1835 3232 2084 3302 gratiam,
2112 3249 2556 3306 unumquemque
2585 3237 2908 3299 adhortans,
2938 3237 3263 3303 admonens,
3293 3254 3430 3293 con-

1834 3323 2054 3391 solans,
2114 3331 2373 3396 tanquam
2426 3342 2593 3382 verus
2647 3327 2742 3382 Dei
2797 3327 3165 3398 dispensator.
3223 3329 3431 3384 Precor

1835 3411 2001 3482 igitur
2059 3430 2131 3469 ne
2173 3418 2364 3471 animo
2412 3417 2638 3473 deﬁcias
2695 3417 2826 3472 illud
2873 3417 3052 3487 ipsum
3099 3419 3311 3489 agendo
3356 3421 3424 3476 ad

1834 3501 2039 3558 Christi
2089 3505 2352 3576 gloriam,
2404 3506 2471 3561 ad
2521 3507 2713 3562 salutis
2763 3516 2869 3563 tua:
2916 3508 3304 3570 assertionem,
3356 3510 3426 3564 ad

1836 3610 2037 3662 meam,
2069 3597 2160 3664 qui
2193 3599 2569 3668 cujuscunque
2605 3599 2735 3654 boni
2767 3615 2887 3653 sum
2927 3598 3108 3669 inops,
3146 3598 3429 3670 gloriatio-

1836 3702 1985 3742 nem.
2019 3686 2285 3754 Tametsi,
2318 3689 2507 3753 frater,
2539 3707 2651 3746 non
2683 3691 2737 3744 in
2769 3706 3004 3745 vacuum
3032 3691 3160 3745 olim
3193 3706 3428 3748 concur-

1836 3781 2032 3843 rimus,
2063 3797 2242 3852 neque
2269 3783 2321 3836 in
2364 3799 2598 3838 vacuum
2640 3784 2990 3849 laboramus;
3025 3785 3292 3854 siquidem
3325 3800 3428 3854 pro

1836 3873 2058 3929 Christo
2105 3883 2162 3928 et
2209 3891 2306 3944 per
2360 3875 2666 3941 Christum,
2723 3891 2824 3946 pro
2869 3892 2980 3946 quo
3027 3875 3232 3945 aliquid
3287 3877 3426 3945 pati,

1837 3968 2039 4036 pascha
2074 3977 2194 4021 est:
2232 3984 2330 4037 pro
2367 3983 2476 4037 quo
2503 3968 2728 4031 tristari,
2762 3967 2972 4023 laetitia.
3008 3967 3067 4023 Si
3096 3968 3254 4023 modo
3284 3985 3427 4022 com-

1839 4059 2106 4127 palimur,
2159 4059 2366 4128 inquit,
2428 4068 2486 4113 ut
2540 4071 2588 4113 el
2643 4059 3113 4130 conglori/icemur.
3166 4060 3428 4115 Existimo

1838 4151 1978 4203 enim
2015 4152 2151 4220 quod
2189 4167 2293 4205 non
2325 4161 2446 4204 sunt
2482 4152 2752 4222 condigna:
2798 4153 3066 4220 passiones
3095 4152 3252 4221 hujus
3294 4162 3428 4206 tem-

1840 4243 1982 4311 poris
2014 4242 2083 4294 ad
2113 4242 2605 4313 futuramgloriam
2637 4259 2753 4312 qua:
2780 4241 3094 4296 revelabitur
3113 4243 3165 4296 iu
3194 4245 3338 4296 nobis
3361 4245 3426 4299 ⁸⁷.

1841 4329 1908 4384 Ει
1933 4331 2150 4386 merito.
2189 4330 2319 4387 Istic
2344 4332 2490 4385 enim
2520 4331 2743 4386 alllictio
2771 4332 3191 4401 qualiscunque,
3221 4333 3430 4387 umbrae

153 4433 468 4504 ἀπέραντος
505 4428 643 4498 μετά
681 4424 839 4494 δόξης
880 4424 1122 4478 αἰωνίου.
1172 4422 1265 4493 Μὴ
1315 4419 1407 4475 οὖν
1443 4425 1730 4491 ἐπαισχυν-

1841 4433 1897 4478 et
1927 4423 2141 4478 somnio
2173 4424 2368 4478 similis
2399 4443 2414 4476 :
2446 4424 2557 4478 illic
2599 4432 2784 4478 autem
2820 4423 3217 4492 compensatio,
3253 4425 3429 4478 inter-

154 4524 360 4595 Θῶμεν,
388 4515 678 4585 ὢ,τέκνον,
707 4514 778 4573 τὸ.
802 4514 976 4584 παρὸν
1010 4512 1310 4585 μαρτύριον
1332 4529 1346 4543 ο
1389 4511 1483 4564 τοῦ
1527 4511 1730 4582 Κυρίου

1837 4516 2047 4571 minata
2080 4514 2192 4570 vita
2232 4532 2357 4572 cum
2393 4516 2563 4588 gloria
2593 4517 2947 4586 sempiterna.
2984 4515 3101 4568 Non
3142 4508 3449 4570 erubesca-‘

153 4620 263 4690 γάρ
315 4620 462 4670 ἐστι.
499 4611 695 4666 Πολλοὶ
736 4607 1099 4680 ἐπεθύμησαν
1131 4608 1190 4673 ἐξ
1236 4607 1458 4676 ἀγάπης
1499 4603 1730 4677 Χριστοῦ

1839 4624 1957 4662 mus
1973 4623 2119 4681 ergo,
2137 4608 2230 4673 liii,
2245 4623 2485 4679 praesens
2503 4609 2872 4663 testimonium
2892 4626 2905 4662 :
2928 4608 3139 4665 Domini
3159 4606 3303 4661 enim
3323 4615 3428 4661 est.

150 4709 307 4765 τοῦτο
341 4709 506 4761 ἰδεῖν·
539 4702 656 4757 ἀλλ’
695 4700 795 4753 οὐκ
842 4699 1139 4768 ἐπέτυχον·
1176 4694 1341 4767 ἡμεῖς
1378 4697 1435 4750 δὲ
1464 4694 1730 4766 κατηξιώ-

1836 4699 1988 4755 Multi
2011 4716 2120 4770 pra:
2151 4700 2352 4755 Christi
2379 4716 2565 4755 amore
2601 4699 2731 4754 illud
2748 4699 2932 4753 videre
2964 4695 3431 4767 optaverunt,sed

155 4800 315 4869 μεθα.
350 4796 418 4850 Τί
466 4793 655 4857 τοῦτο;
694 4792 834 4861 ὑπὲρ
881 4788 1047 4841 αὐτοῦ
1091 4790 1361 4858 πάσχειν⁹
1413 4785 1702 4840 διώκεσθαι

1838 4793 1982 4847 nacti
2001 4807 2110 4847 non
2130 4799 2291 4847 sunt:
2316 4808 2416 4846 nos
2442 4797 2624 4845 autem
2647 4791 2798 4861 digni
2835 4789 3004 4844 habiti
3033 4803 3245 4841 sumus.
3267 4786 3434 4852 Quid-

153 4886 662 4962 αἰχμαλωτίζεσθαι
682 4901 695 4914 ·
719 4880 1113 4952 φυλακίζεσθαι
1136 4897 1148 4910 ·
1178 4882 1242 4933 ὲκ
1272 4879 1439 4932 τόπου
1463 4883 1542 4941 είς
1571 4878 1730 4932 τόπον

1841 4901 1965 4939 nam
1984 4885 2141 4938 illud?
2159 4899 2255 4955 pro
2273 4885 2391 4955 ipso
2402 4883 3126 4955 pati,vexari,captivitatem
3141 4897 3205 4935 ac
3218 4880 3432 4933 vincula

153 4979 570 5054 περιορίζεσθαι
590 4995 603 5008 ·
652 4977 685 5048 ἢ
716 4977 857 5047 τάχα
893 4973 988 5028 καὶ
1021 4972 1320 5027 τύπτεσθαι
1341 4989 1355 5004 ο
1386 4973 1614 5042 θέατρον
1652 4971 1730 5040 γί-

1844 4976 2397 5038 ευειὶιιετε,ιίοιοοοὶιι
2417 4975 2592 5030 locum
2611 4975 2757 5046 pelli,
2772 4983 2865 5028 aut
2880 4971 3123 5028 fortassis
3134 4971 3300 5025 etiam
3320 4987 3439 5024 ver-

154 5077 341 5132 νεσθαι
372 5076 470 5128 καὶ
493 5069 750 5138 ἀγγέλοις
777 5069 870 5121 καὶ
893 5065 1224 5137 ἀνθρώποις.

1846 5071 2046 5131 berari,
2079 5069 2451 5138 spectaculum
2494 5067 2685 5121 [ieriet
2706 5067 2913 5137 angelis
2958 5073 3013 5118 et
3034 5063 3348 5117 hominibus
3365 5063 3432 5116 ⁸⁸.

225 5171 288 5223 Εί
321 5169 380 5222 δὲ
406 5169 492 5221 ὅτι
523 5163 623 5218 καὶ
649 5163 709 5216 τὸ
737 5161 910 5230 δνομα
949 5159 1108 5230 ήμῶν
1146 5158 1222 5220 ὠς
1273 5157 1512 5227 πονηρὸν
1553 5154 1730 5222 ἐξέϐα.

1924 5161 2079 5226 Quod
2108 5161 2151 5215 si
2179 5170 2231 5215 et
2251 5177 2447 5214 nomen
2466 5167 2713 5213 nostrum
2733 5158 3015 5226 eiecerunt
3030 5168 3286 5223 tanquam
3319 5169 3435 5207 ma-

156 5261 267 5323 λον,
283 5252 786 5327 ἀναθεματίζοντες
807 5252 913 5322 ἰδίᾳ
941 5268 1001 5303 τε
1023 5250 1119 5302 καὶ
1156 5249 1393 5320 δημοσίᾳ
1415 5249 1510 5302 σὺν
1533 5247 1730 5316 ἁγίοις⁴

1843 5250 1978 5317 lum,
2047 5251 2568 5305 anathematizantes
2634 5248 2881 5318 privatim
2934 5255 2987 5302 et
3043 5247 3258 5316 publice
3306 5260 3430 5300 cum

158 5349 255 5400 aiax
293 5347 370 5399 ἔνι
406 5343 595 5415 χαράς
637 5343 738 5395 ούκ
776 5342 855 5394 ἔνι
890 5340 1152 5410 σκιρτᾷνς
1193 5333 1346 5402 Οἶδα,
1393 5337 1609 5399 τέκνον,
1655 5336 1730 5388 τδπ

1845 5340 2052 5394 sanctis
2086 5357 2099 5402 ς
2129 5355 2311 5394 nonne
2341 5339 2595 5410 gaudium
2616 5339 2733 5393 est?
2755 5352 2937 5392 nonne
2970 5336 3095 5389 licet
3121 5334 3438 5388 exsultare?

164 5438 518 5510 μακαρισμὸν
576 5435 804 5508 Κυρίου.
868 5433 1092 5494 Τούτοις
1169 5431 1264 5483 καὶ
1320 5430 1480 5492 αὐτὸς
1538 5428 1710 5500 γήθου

1844 5431 1979 5487 Novi
2010 5447 2133 5501 ego,
2169 5432 2266 5493 liii.
2299 5431 2694 5485 beatitudinem
2726 5446 2757 5484 a
2791 5429 3020 5483 Domino
3061 5427 3432 5496 praedicatam.

161 5534 363 5602 τέρπου
407 5532 506 5584 σὺν
559 5528 701 5590 ὅλοις
742 5527 970 5589 τέκνοις.
1006 5521 1188 5592 Ὑμεῖς
1225 5522 1334 5591 γάρ
1375 5523 1516 5576 ἐστε
1575 5520 1730 5591 σῶμ(

1850 5523 1933 5577 Τυ
1970 5539 2188 5593 quoque
2238 5524 2308 5578 ob
2339 5523 2455 5578 haec
2512 5523 2695 5577 laetare
2733 5546 2745 5575 ;
2789 5521 2958 5592 gaude
3001 5535 3126 5573 cum
3161 5520 3436 5571 universis

166 5625 455 5694 Χριστοῦ,
493 5622 599 5676 καὶ
624 5621 780 5689 μέλη
820 5619 888 5674 ἐκ
921 5619 1166 5689 μέρους.
1204 5616 1312 5671 Καὶ
1362 5617 1480 5671 εἴτε
1519 5614 1730 5684 πάσχει

1853 5615 2018 5670 ﬁliis:
2061 5616 2152 5669 Vos
2190 5617 2328 5670 enim
2377 5616 2497 5670 estis
2539 5631 2723 5683 corpus
2767 5613 2958 5669 Christi
2998 5621 3049 5667 ct
3102 5609 3327 5664 membra
3370 5624 3435 5663 ex

228 5803 270 5834 ⁸⁷
301 5801 460 5859 Rom.
497 5816 618 5863 uti,
660 5799 744 5863 Π,
785 5799 864 5857 l8.
938 5799 978 5828 "
1007 5797 1137 5852 Luc.
1170 5796 1348 5856 “.22.
