3990 6318
601 329 737 393 1147

1799 345 1857 404 S.
1890 344 2281 407 THEODORI
2333 348 2681 409 STUDITAE

3721 344 3869 410 1H8

594 458 763 511 parte.
794 444 862 497 Et
908 446 954 498 si
998 449 1123 516 quid
1166 451 1369 517 patitur
1408 470 1569 507 unum
1598 456 1910 519 membrum,
1960 475 2170 526 compa-

2274 458 2340 511 ἐν
2362 459 2573 525 μέλος,
2607 456 2955 527 συμπάσχει
2983 456 3181 511 πάντα
3210 459 3279 511 τὰ
3299 458 3456 525 μέλη
3482 473 3496 488 ·
3528 456 3656 510 stlte
3685 454 3869 518 60Ed-

595 537 797 587 tiuntur
831 538 1009 589 omnia
1064 542 1295 593 membra
1325 558 1343 596 :
1374 544 1481 597 sive
1519 546 1779 614 gloriatur
1806 564 1968 601 unum
2008 567 2173 602 mem-

594 627 766 688 brum,
828 630 1157 697 congaudent
1201 636 1375 687 omnia
1429 639 1659 691 membra
1700 643 1766 694 ".
1812 642 2029 707 Quaare,
2075 642 2170 705 ait,

593 734 715 786 quae
747 727 971 781 restant,
1004 732 1182 787 sputa,
1205 726 1484 794 colaphos,
1509 743 1723 783 crucem
1742 733 1976 801 denique
2008 751 2022 785 :
2052 734 2173 786 dul-

595 820 687 859 ces
745 808 876 860 mihi
908 809 1091 863 clavos
1128 812 1350 878 Christi,
1385 818 1582 884 quibus
1625 821 1861 889 cruciﬂgi
1902 838 2023 875 cum
2057 824 2173 891 ipso

595 895 782 961 ecquis
808 898 912 951 erit
930 902 1021 966 qui
1045 902 1238 972 dignus
1260 905 1522 959 habeatur
1549 926 1561 961 :
1589 926 1782 964 servus
1798 928 1919 965 cum
1946 914 2173 967 Domino

596 986 782 1040 lancea
811 991 1049 1056 confodi,
1079 996 1396 1064 sanguinem
1426 1001 1658 1054 miscens
1682 1005 1962 1073 sanguini:
1989 1006 2169 1067 homo,

597 1077 690 1132 Dei
738 1080 1017 1136 viventis?
1053 1086 1236 1139 Sancti
1288 1089 1392 1145 hoc
1436 1090 1633 1145 aﬂectu
1669 1094 1836 1162 pleni.
1870 1096 2175 1162 gaudebam

596 1184 720 1223 cum
771 1172 1166 1229 dilaniarentur
1196 1197 1209 1230 :
1243 1181 1549 1248 gestiebant
1576 1198 1699 1235 cum
1746 1186 1987 1238 membra
2016 1201 2169 1241 seca-

598 1271 806 1313 rentur.
842 1266 1075 1318 Advenit
1126 1267 1306 1337 itaque
1353 1281 1407 1325 et
1456 1283 1703 1326 nostrum
1752 1277 2049 1343 gaudium:
2106 1293 2171 1332 ex

599 1361 753 1418 parte
789 1357 979 1410 tentati
1032 1357 1231 1413 fuimus
1260 1380 1273 1415 ι
1306 1371 1361 1415 et
1394 1364 1597 1416 utinam
1634 1378 2001 1420 consummata
2028 1379 2173 1423 esset

601 1446 850 1509 tentmio,
912 1449 1078 1515 gratia
1118 1462 1171 1503 ct
1202 1453 1533 1523 benignitate
1561 1456 1690 1510 Jesu
1720 1457 1922 1513 Christi
1960 1460 2168 1515 Domini

597 1535 815 1589 nostri!
882 1553 981 1605 per
1032 1542 1260 1609 gratiam
1313 1548 1458 1598 enim
1517 1547 1738 1601 victoria
1797 1553 2074 1621 Contingat
2114 1553 2170 1606 in

596 1641 922 1695 quocunque
949 1647 962 1681 :
994 1640 1051 1683 ut
1074 1648 1178 1685 non
1207 1633 1464 1702 glorietur
1486 1640 1767 1708 quisquam
1792 1643 1943 1710 quasi
1970 1644 2169 1713 aliquid

596 1732 663 1769 cx
684 1732 743 1770 se
776 1718 973 1773 habeat
1006 1726 1145 1775 .“sed
1184 1733 1244 1777 ut
1283 1725 1373 1778 Dei
1410 1728 1840 1785 misericordiam
1871 1734 1923 1786 in
1950 1733 2169 1789 Christo

598 1804 728 1858 Jesu
783 1822 1181 1876 consequamur
1214 1828 1311 1880 per
1343 1815 1509 1868 animi
1554 1818 1939 1874 demissionem
1970 1831 2025 1875 et
2056 1823 2172 1876 clli-

597 1909 779 1950 cacem
801 1898 1203 1953 conﬁdentiam.
1224 1901 1399 1973 Siqua
1420 1922 1541 1977 ergo
1562 1912 1845 1971 consolatio
1868 1914 1921 1965 in
1942 1913 2169 1977 Christo.

596 1987 644 2040 si
671 1990 807 2056 quod
834 1990 1082 2044 solatium
1127 1994 1421 2059 cltaritatis,
1449 2001 1493 2051 si
1523 2018 1626 2068 qua
1670 2005 1890 2057 societas
1932 2005 2074 2072 ﬁdei,
2125 2009 2173 2061 si

597 2095 702 2147 qua
723 2081 922 2133 uiscera
937 2096 983 2134 et
1006 2084 1383 2149 miserationes,
1404 2091 1611 2157 implete
1627 2096 1880 2162 gaudium
1902 2114 2073 2150 meum
2090 2101 2134 2131 "°
2154 2119 2168 2167 ;

602 2174 661 2217 ut
703 2181 803 2235 ego
849 2168 1012 2223 miser
1055 2186 1179 2224 cum
1230 2174 1491 2241 Apostolo
1546 2179 1758 2234 dicam:
1790 2181 1936 2236 Idem
1980 2187 2168 2254 sapite,

598 2258 837 2310 eamdem
921 2260 1231 2315 charitatem
1303 2266 1576 2330 habentes,
1685 2275 1984 2340 unanimes,
2068 2278 2171 2329 idi-

597 2362 746 2409 psum
794 2352 1091 2417 sentientes,
1151 2354 1281 2406 nihil
1310 2372 1402 2422 per
1458 2362 1839 2415 contentionem
1892 2380 2055 2433 neque
2080 2384 2171 2435 per

597 2436 808 2490 inanem
850 2440 1075 2515 gloriam
1102 2444 1167 2506 “,
1220 2444 1455 2500 invicem
1487 2450 1859 2507 adversantes.
1896 2454 2169 2511 Interdum

598 2529 742 2581 enim
779 2530 831 2583 iu
862 2530 927 2584 iis
974 2533 1137 2587 etiam
1167 2551 1288 2603 quae
1330 2552 1428 2605 pro
1472 2540 1669 2607 pietate
1710 2555 1972 2613 geruntur
1992 2559 2171 2602 certa-

598 2618 838 2672 minibus
867 2622 1156 2689 aucupatio
1188 2623 1483 2691 primarum
1520 2628 1751 2695 partium
1779 2641 1834 2685 et
1869 2634 2169 2700 pervicacia

598 2710 1003 2763 contentionem
1036 2713 1270 2781 obrepit.
1312 2713 1419 2769 Vos
1448 2733 1575 2771 vero
1600 2728 1853 2787 tanquam
1892 2725 1979 2776 Dei
2011 2726 2171 2779 mini-

598 2798 697 2852 stri
724 2817 737 2864 ;
774 2816 898 2854 nam
934 2802 984 2855 in
1014 2820 1242 2871 persona
1277 2816 1365 2859 tua
1397 2824 1491 2862 eos
1517 2814 1903 2879 comprehendi
1938 2817 2058 2869 volo
2078 2820 2169 2886 qui

600 2898 858 2955 praasunt,
891 2892 1093 2961 quique
1138 2894 1277 2949 hanc
1317 2898 1600 2966 epistolam
1651 2901 1881 2972 legerint
1912 2923 1927 2959 :
1956 2906 2169 2961 Nemini

598 2978 782 3032 dantes
835 2982 999 3034 ullam
1041 2986 1389 3051 offensionem,
1445 3000 1501 3043 ut
1551 2993 1903 3048 ministerium
1943 3008 2171 3051 vestrum

599 3081 701 3117 non
723 3068 821 3134 ﬁat
852 3070 1190 3135 vituperabile
1212 3074 1277 3125 ".

668 3157 743 3211 De
775 3160 880 3214 illis
905 3172 1083 3217 autem
1124 3182 1260 3234 quos
1309 3170 1499 3225 scribis
1531 3173 1660 3226 mihi
1691 3177 1893 3230 erroris
1918 3178 2000 3232 sui
2053 3195 2171 3248 pae-

598 3245 827 3301 nitentia
864 3249 985 3304 duci
1021 3272 1033 3305 :
1069 3269 1191 3324 erga
1216 3273 1311 3310 eos
1333 3260 1425 3327 qui
1453 3260 1518 3313 dc
1543 3276 1771 3332 corpore
1802 3276 1990 3322 nostro
2022 3280 2170 3336 sunt,

598 3340 794 3394 medici
820 3358 1027 3406 sumus.
1053 3349 1301 3414 quamvis
1323 3350 1547 3421 indigni.
1570 3352 1739 3417 Quam
1764 3357 1926 3425 igitur
1956 3375 2171 3428 poenam

599 3430 802 3495 Oresti,
832 3434 921 3502 qui
956 3436 1021 3489 ad
1063 3454 1161 3491 nos
1195 3440 1301 3493 huc
1333 3444 1498 3507 venit,
1534 3461 1629 3514 per
1660 3444 1854 3501 fratres
1880 3446 2173 3507 indiximus

600 3524 825 3591 (neque
866 3526 1010 3579 enim
1044 3532 1340 3585 convenire
1400 3535 1595 3589 multas
1643 3538 1713 3591 ob
1762 3554 1955 3595 causas
1998 3542 2174 3596 visum

600 3624 705 3675 est,
743 3618 875 3668 utin
904 3629 1258 3687 conspectum
1290 3636 1533 3678 nostrum
1566 3628 2005 3702 admitteretur),
2033 3632 2175 3689 hanc

600 3703 849 3755 eamdem
879 3714 933 3757 et
976 3710 1155 3761 caeteri
1182 3711 1480 3779 suscipiant
1510 3732 1523 3766 :
1573 3716 1825 3771 nimirum
1862 3731 1919 3775 ut
1972 3722 2175 3776 sanctis

603 3795 873 3861 mysteriis
927 3812 1033 3849 non
1067 3801 1390 3870 participent
1427 3822 1440 3870 ;
1482 3821 1588 3859 una
1613 3824 1736 3861 cum
1763 3811 1883 3864 aliis
1910 3813 2173 3867 observa-

604 3884 861 3939 tionibus.
902 3888 1192 3959 Quousque
1229 3893 1488 3947 tandem?
1524 3912 1699 3966 rogas.
1750 3900 1934 3965 Quoad
1981 3905 2174 3959 ortho-

601 3974 753 4027 doxa:
777 3976 895 4028 lidei
926 3981 1287 4046 tranquillitas
1325 3985 1528 4037 redeat.
1554 3972 1613 4039 Si
1633 4004 1777 4043 mors
1807 3992 2129 4050 interveniat
2155 4035 2171 4060 ,

602 4064 798 4132 inquit,
863 4071 1287 4125 communicent.
1348 4073 1656 4130 Rernissum
1722 4079 1829 4135 illis
1885 4094 2169 4151 peccatum

602 4155 947 4212 arbitramur.
1004 4160 1157 4223 Quod
1195 4176 1325 4214 vero
1370 4163 1707 4233 signiﬁcasti,
1753 4184 1847 4224 vos
1889 4170 1955 4225 de
1989 4173 2090 4227 hac
2118 4184 2172 4229 et

602 4244 690 4296 illa
723 4260 779 4298 re
811 4246 951 4299 inter
979 4264 1071 4301 vos
1089 4250 1382 4305 dissidere:
1409 4254 1575 4307 tollite
1592 4260 1919 4324 quaestiones
1941 4273 2168 4329 vestras,

606 4345 661 4389 et
698 4346 939 4391 mutuam
984 4355 1169 4407 pacem
1212 4339 1484 4398 habetote.
1526 4345 1641 4399 Non
1682 4348 1821 4402 sicut
1864 4351 1915 4404 hi
1968 4354 2059 4421 qui
2101 4356 2168 4409 ab

2276 548 2425 610 ζὶται
2457 550 2527 603 ἐν
2552 550 2757 619 μέλος,
2784 552 3099 620 συγχαίρει
3128 550 3326 604 πάντα
3358 552 3429 602 τὰ
3446 550 3632 617 μέλη.
3668 549 3866 616 Ζήτει,

2276 642 2429 708 φησὶ,
2489 642 2558 693 τά
2614 641 2931 709 λειπόμενα,
2987 639 3381 711 ἑμπτύσματα,
3433 637 3863 705 κολαφίσματα,

2273 732 2424 795 τέλος
2447 733 2538 784 τὸν
2570 730 2833 800 σταυρόν
2869 732 2993 791 τοὺς
3020 730 3242 796 γλυκεῖς
3271 746 3362 796 μοι
3388 728 3637 798 Χριστοῦ
3668 728 3864 796 ἥλους

2273 814 2353 882 οἷς
2377 821 2460 881 τίς
2485 820 2552 873 ἀν
2584 818 2951 887 καταξιωθείη
2996 817 3447 887 συσταυρωθῆναι
3472 832 3485 844 ⁸
3520 816 3866 884 συλλογχευ-

2275 908 2432 977 θῆναι
2458 907 2641 967 δοῦλος
2671 907 2949 977 Δεσπότῃ·
3004 907 3158 975 μίξαι
3198 901 3337 975 αἷμα
3369 905 3593 974 αἵματι·
3636 903 3864 971 ἀνθρω-

2276 1017 2395 1062 πος,
2427 998 2562 1050 Θεοῦ
2596 998 2691 1051 τοῦ
2737 998 2971 1063 ζῶντοςς
3000 997 3238 1068 Τοιαύτη
3266 996 3505 1049 διαθέσει
3539 994 3864 1065 χωροῦντες

2272 1089 2323 1140 οί
2352 1088 2499 1153 amt
2526 1088 2747 1158 ἔχαιρον
2777 1088 3103 1156 κοπτόμενοι
3123 1088 3340 1157 ’ἥδοντο
3363 1084 3861 1157 μελοτομούμενοι.

2278 1176 2524 1246 Ἐφθασε
2549 1178 2839 1249 τοιγαροῦν
2872 1180 2966 1231 καὶ
2993 1181 3026 1247 ή
3060 1179 3307 1248 ἡμετέρα
3336 1177 3480 1247 χαρά
3504 1193 3520 1207 ο
3558 1178 3623 1229 ὲκ
3652 1177 3864 1245 μέροκ

2273 1267 2676 1337 ὲπειράθημεψ
2726 1270 2839 1337 είγε
2866 1269 2960 1321 καὶ
2992 1268 3390 1338 πειραθείημεν
3412 1268 3631 1319 τέλεον·
3668 1267 3863 1335 χάριτι

2273 1358 2368 1408 καὶ
2398 1358 2782 1428 φιλανθρωπίᾳ
2821 1357 2993 1427 Ἰησοῦ
3021 1357 3259 1427 Χριστοῦ
3290 1357 3383 1410 τοῦ
3419 1357 3631 1426 Κυρίου
3657 1355 3860 1425 ήμῶνί

2274 1447 2351 1517 Τῇ
2390 1447 2496 1517 γάρ
2531 1449 2711 1519 χάριτι
2758 1450 2841 1520 εἴη
2878 1449 2941 1502 τὸ
2968 1452 3115 1512 νῖκος
3142 1449 3228 1516 ἐφ’
3255 1448 3458 1519 ὁτῳοῦν
3481 1463 3494 1476 ⁸
3528 1448 3621 1501 ἵνα
3653 1447 3729 1516 μή
3772 1462 3863 1508 τις

2273 1540 2617 1609 καυχήσηται
2642 1540 2854 1594 οίκοθέν
2882 1558 2935 1593 τι
2964 1540 3112 1610 ἔχειν
3128 1556 3141 1569 ·
3161 1540 3301 1593 ὥστε
3323 1540 3556 1609 ἕλκομεν
3579 1538 3674 1590 τὸν
3703 1537 3861 1588 ἔλεον

2271 1628 2407 1679 Θεοῦ
2441 1630 2499 1681 ὲν
2533 1630 2755 1700 Χριστῷ
2794 1630 2968 1701 Ἰησοῦ
2992 1671 3007 1695 ,
3063 1630 3153 1684 διά
3195 1631 3292 1699 τῆς
3340 1627 3861 1698 ταπεινοφροσύνης

2273 1720 2366 1769 καὶ
2397 1720 2656 1790 ἐνεργοῦς
2687 1722 3086 1792 πεποιθήσεως.
3109 1722 3180 1774 ει
3206 1739 3299 1787 τις
3320 1717 3434 1776 οὖν
3462 1720 3861 1788 παράκλησις

2204 1789 2244 1843 Β
2270 1810 2341 1861 ἐν
2386 1789 2656 1877 Χριστῷ·
2706 1813 2763 1866 ει
2812 1829 2865 1866 τι
2910 1789 3288 1882 παραμύθιον
3333 1810 3611 1879 ἀγάπης·
3674 1810 3733 1864 ει
3765 1826 3859 1875 τις

2274 1902 2552 1954 κοινωνία
2605 1904 2861 1968 πίστεως
2888 1918 2902 1932 ·
2952 1904 3008 1955 ει
3055 1918 3189 1958 τινα
3237 1900 3565 1968 σπλάγχνα
3621 1898 3725 1951 καὶ
3771 1900 3859 1951 οι-

2272 1990 2523 2058 κτιρμοί,
2584 1991 2943 2058 πληρώσατέ
2994 2009 3117 2060 μου
3161 1989 3278 2058 τὴν
3328 1989 3562 2058 χαράνο
3614 1988 3719 2041 σὺν
3775 1987 3859 2056 τῷ

2286 2082 2593 2152 Ἀποστόλῳ
2621 2086 2650 2135 ό
2676 2084 2845 2146 τάλας
2879 2084 3061 2151 λέγειν
3080 2098 3095 2112 ⁸
3138 2084 3207 2136 Τὸ
3234 2081 3381 2136 αὐτὸ
3421 2079 3696 2149 φρονεῖν,
3736 2078 3858 2146 τὴν

2271 2174 2467 2240 αὐτὴν
2506 2174 2751 2244 ἀγάπην
2786 2176 3033 2243 ἔχοντες
3057 2191 3072 2205 ⁸
3107 2174 3422 2243 σύμψυχοι
3445 2187 3459 2199 ·
3507 2170 3576 2224 τὸ
3601 2168 3678 2223 ἐν
3705 2185 3853 2239 Sapo.

2271 2266 2554 2331 νοῦντεςο
2580 2266 2777 2335 μηδὲν
2803 2268 2927 2319 κατ’
2957 2267 3215 2334 ἐρίθειαν
3248 2265 3286 2332 ἢ
3317 2262 3682 2326 κενοδοξίαν
3703 2263 3857 2314 ἀντι-

2272 2356 2601 2424 πράττοντες
2621 2394 2637 2419 ,
2665 2356 2760 2407 καὶ
2784 2355 3292 2424 ἀπικαθιστάμενοι
3319 2354 3593 2421 ἀλλήλοις.
3624 2354 3854 2415 nitrum

2272 2448 2385 2516 γάρ
2430 2451 2523 2499 καὶ
2555 2448 2642 2498 ἐπ’
2691 2446 2871 2499 αὐτῶν
2899 2446 3009 2498 τῶν
3048 2446 3185 2515 ὑπὲρ
3211 2444 3488 2507 εὑσεὸείας
3516 2441 3754 2512 ἀγώνων
3792 2443 3854 2495 τὸ

2274 2538 2613 2605 φιλόπρωτον
2641 2536 2735 2589 καὶ
2768 2536 3070 2603 φιλόνεικον
3103 2535 3472 2605 παρεισδι5ειν.
3516 2535 3663 2588 Ἀλλ’
3692 2536 3853 2604 ὑμεῖς

2272 2629 2349 2691 ὡς
2376 2627 2510 2679 Θεοῦ
2544 2627 2783 2680 διάκονοι
2831 2626 3385 2697 (συμπραλαμὸἀνω
3430 2626 3542 2695 γάρ
3568 2626 3652 2695 τῷ
3680 2642 3853 2695 προσ-

2271 2718 2405 2788 ώπῳ
2450 2736 2543 2772 σου
2576 2719 2702 2780 τοὺς
2732 2718 3097 2789 ὑπερέχοντας
3120 2758 3135 2781 ,
3186 2719 3236 2771 οἶ
3286 2720 3382 2771 καὶ
3424 2720 3717 2786 ἀναγνοῖεν
3752 2719 3852 2789 τὴν

2273 2809 2933 2879 ὲπιστοὶ.ὴν),Μηδεμίαν
2968 2810 3041 2863 ἐν
3078 2808 3295 2879 μηδενὶ
3337 2808 3541 2875 δοίητε
3586 2824 3853 2875 προσιο-

2272 2901 2419 2969 πὴν,
2452 2901 2551 2955 ἵνα
2571 2901 2657 2969 μὴ
2677 2900 2927 2970 μωμητὴ
2954 2901 2991 2969 ή
3020 2885 3295 2954 διακονία
3324 2897 3492 2969 ὑμῶν
3515 2898 3777 2969 γένοιτο.

2352 3164 2487 3233 Περὶ
2520 3157 2593 3217 ὧν
2620 3163 2865 3233 ἔγραψάς
2908 3181 3000 3233 μοι
3038 3164 3096 3217 ὲν
3128 3163 3387 3241 μετανοίᾳ
3408 3163 3696 3231 γεγονέναι
3717 3179 3730 3191 ·
3771 3166 3853 3225 εἰς

2274 3254 2399 3315 τοὺς
2434 3254 2527 3306 τοῦ
2575 3253 2822 3323 σώματος
2871 3253 3047 3322 ήμῶν,
3080 3255 3128 3305 εί
3178 3253 3272 3306 καὶ
3313 3253 3551 3320 ἀνάξιοι,
3599 3255 3719 3308 ἀλλ’
3756 3252 3852 3309 οὖν

2274 3350 2435 3417 ἡμεῖς
2502 3345 2695 3416 ίατροί.
2755 3348 2819 3398 Ὃ
2869 3345 3047 3397 τοίνυν
3113 3344 3394 3415 ἐδώκαμεν
3447 3348 3725 3416 ἐπιτίμιον
3773 3348 3851 3418 τῷ

2288 3441 2516 3509 Ὀρέστῃ
2541 3438 2749 3490 ἐλθόντι
2782 3436 3012 3490 ἐνταῦθα
3034 3476 3048 3499 ,
3095 3437 3183 3488 διὰ
3213 3437 3403 3506 φωνῆς
3444 3438 3553 3489 τῶν
3604 3439 3851 3507 ἀδελφῶν

2275 3530 2417 3600 (οὐδὲ
2463 3532 2572 3601 γὰρ
2601 3529 2938 3599 κεκρίκαμεν
2972 3523 3030 3581 εὖ
3080 3528 3224 3596 ἔχειν
3266 3528 3658 3597 συνοψισθῆναι
3704 3531 3853 3600 αὐτῷ

2273 3622 2359 3673 διὰ
2384 3622 2555 3673 πολλὰ
2580 3622 2774 3690 αίτια),
2802 3620 2959 3673 τοῦτο
3007 3621 3183 3689 σχοῖεν
3211 3619 3304 3671 καὶ
3329 3620 3379 3671 οἱ
3404 3619 3611 3674 λοιποί·
3647 3624 3851 3691 ἀμετό-

2274 3728 2404 3782 χους
2464 3706 2605 3765 εἶναι
2656 3712 2764 3765 τῶν
2814 3712 3205 3780 ἀγιασμάτων·
3250 3711 3347 3764 καὶ
3400 3713 3459 3763 ὲν
3501 3715 3617 3783 τοῖς
3668 3714 3850 3777 ἀλλοις

2276 3804 2766 3874 παρατηρήμασιν.
2807 3804 3048 3873 Ἐρωτᾷς
3093 3803 3199 3865 ἕως
3236 3801 3407 3865 πότε;
3456 3801 3562 3863 ἕως
3611 3802 3677 3855 ἂν
3714 3803 3848 3858 ἀνα-

2273 3897 2461 3968 λάμψῃ
2506 3898 2539 3965 ἡ
2590 3899 2689 3964 τῆς
2738 3895 3043 3967 ὀρθοδοξίας
3091 3894 3300 3965 αἰθρία.
3345 3894 3439 3955 El,
3473 3895 3647 3978 φησὶ,
3696 3894 3849 3965 τύχοι

2274 3991 2531 4053 Θάνατος;
2549 3987 3015 4041 Κοινωνείτωσαν.
3032 3986 3367 4057 Πιστεύομεν
3388 3986 3847 4057 συγκεχωρῆσθαι

2274 4083 2456 4144 αὐτοῖς
2487 4082 2548 4134 τὸ
2590 4080 2915 4151 ἁμάρτημα.
2964 4079 3182 4149 Ἐπειδὴ
3218 4078 3274 4133 δὲ
3321 4080 3612 4149 γέγραφας
3636 4118 3653 4138 ,
3692 4079 3848 4131 τοῦτο

2274 4172 2493 4225 κάκεῖνο
2515 4170 2850 4224 ἀντιλεκτεῖν
2880 4170 3023 4238 ὑμᾶς
3054 4169 3190 4239 πρὸς
3226 4169 3494 4239 ἀλλήλους
3520 4186 3533 4199 ·
3563 4168 3844 4222 διαλύεσθε

2273 4262 2379 4316 τῶν
2405 4262 2615 4332 προόλη
2626 4262 2811 4331 μάτων
2843 4260 3018 4330 ὑμῶν,
3051 4261 3146 4312 καὶ
3171 4260 3485 4331 εἰρηνεύετε
3518 4263 3578 4313 ὲν
3610 4261 3844 4321 ἑαυτοῖς.

2275 4357 2386 4425 Οὐχ
2407 4355 2482 4417 ὡς
2509 4356 2558 4406 oi
2584 4353 2643 4417 ἐξ
2672 4353 2937 4422 αἱρέσεως
2970 4352 3411 4422 ἐπιστρέφοντες,
3440 4350 3589 4407 οὗτοι
3616 4353 3839 4405 δεκτέοι·

603 4425 795 4478 lneresi
813 4438 1224 4494 convertuntur,
1258 4433 1549 4502 recipiendi
1578 4447 1703 4491 sunt
1721 4439 1806 4493 isti
1828 4458 1841 4505 ;
1861 4458 2166 4513 quanquam

2276 4448 2432 4517 εἴπερ
2461 4446 2621 4499 κάκεῖ
2655 4445 3039 4513 παρατήρησις
3068 4443 3334 4513 διαφορᾶς
3369 4443 3427 4495 οὐ
3452 4444 3554 4513 τῆς
3578 4443 3844 4514 τυχούσης

602 4527 658 4572 et
697 4517 803 4572 illic
834 4535 1049 4589 quoque
1078 4538 1185 4575 non
1220 4524 1335 4578 leve
1374 4526 1665 4583 discrimen
1696 4541 1776 4585 est
1818 4534 1979 4603 hujus
2006 4538 2073 4590 ad
2106 4539 2162 4591 il-

603 4606 706 4662 lam
739 4624 753 4671 ;
802 4611 893 4663 sed
929 4619 1180 4678 tanquam
1220 4618 1310 4683 qui
1347 4632 1543 4670 nomen
1577 4620 1784 4674 Domini
1826 4625 2166 4695 abnegarint,

602 4700 716 4753 sive
747 4700 809 4753 ad
837 4702 954 4769 ejus
993 4703 1405 4773 abnegationem
1454 4706 1880 4769 Christomachis
1926 4733 2170 4771 commu-

603 4789 855 4855 nicarint,
888 4808 983 4845 seu
1011 4802 1158 4847 metu
1200 4796 1373 4850 adacti
1410 4814 1504 4852 seu
1533 4801 1689 4854 aliam
1722 4804 1791 4856 ob
1820 4822 2058 4860 causam.
2088 4808 2166 4862 Ad

605 4877 766 4947 hujus
783 4881 925 4933 enim
957 4883 1368 4953 abnegatiouem
1395 4890 1679 4945 manifesto
1701 4898 2173 4954 communicarunt

605 4981 847 5025 sanctam
894 4975 1011 5043 ejus
1043 4976 1329 5045 imaginem
1367 4983 1691 5050 negantibus
1729 5003 1742 5038 :
1795 4988 1920 5055 quia
1958 4992 2171 5061 negatio

607 5063 855 5129 imaginis
910 5066 975 5119 ad
1029 5075 1369 5139 prototypum
1406 5075 1616 5137 transit,
1667 5085 1725 5129 ut
1775 5078 2023 5145 clamans.
2058 5083 2173 5136 cla-

607 5164 719 5208 mat
744 5156 805 5209 ⁷³.
845 5156 947 5209 Nec
973 5160 1129 5213 aliter
1159 5176 1216 5216 se
1248 5178 1336 5216 res
1364 5164 1544 5229 habet,
1577 5169 1786 5221 tametsi
1820 5172 2166 5241 negationem

608 5245 817 5300 elevare
871 5250 1087 5317 quidam
1149 5253 1336 5307 velint.
1376 5253 1429 5307 Si
1477 5272 1605 5327 ergo
1654 5275 1761 5312 non
1815 5262 1967 5329 prius
2028 5274 2175 5319 recte

605 5338 926 5401 sentientes,
949 5356 1050 5394 nec
1078 5344 1357 5397 veritatem
1384 5346 1581 5412 edocti,
1605 5351 1697 5403 sed
1730 5350 1913 5406 divina
1940 5354 2171 5422 quadam

600 5427 938 5493 providentia
966 5430 1207 5486 veritatis
1233 5433 1434 5488 lumine
1454 5437 1700 5492 illustrati
1738 5442 1804 5494 ad
1837 5459 1937 5496 nos
1968 5459 2170 5499 convo-

601 5515 805 5569 lasscnt
839 5538 851 5570 :
891 5520 994 5572 alia
1039 5522 1177 5574 ratio
1220 5534 1385 5587 esset,
1425 5542 1525 5581 nec
1570 5536 1772 5584 temere
1825 5547 1920 5585 eos
1958 5535 2166 5589 admitti

604 5619 893 5675 aporteret,
932 5609 1033 5663 nisi
1076 5628 1137 5666 cx
1168 5613 1523 5681 plurimorum
1576 5620 1999 5675 orthodoxorum
2038 5640 2167 5677 con-

2276 4536 2439 4605 τῆσδε
2476 4536 2609 4605 πρὸς
2637 4535 2794 4605 τήνδε
2820 4550 2834 4563 '
2886 4534 3003 4586 ἀλλ’
3049 4535 3125 4599 ὠς
3164 4535 3534 4606 ἀρνησάμενοι
3579 4536 3643 4589 τὸ
3679 4538 3846 4606 ὄνομα

2277 4626 2505 4697 Κυρίου,
2531 4628 2649 4695 ἦτοι
2692 4626 2785 4679 ἐπὶ
2828 4629 2894 4695 τῇ
2928 4627 3156 4696 ἀρνήσει
3186 4626 3351 4679 αὑτοῦ
3378 4628 3841 4698 κεκοινωνηκότες

2273 4722 2384 4782 τοῖς
2412 4718 2809 4788 Χριστομάχοις
2838 4716 2924 4770 διὰ
2965 4716 3129 4785 φόὸον
3164 4718 3199 4787 ἦ
3242 4734 3383 4808 τινα·
3406 4717 3579 4808 ἀλλην
3613 4719 3843 4789 περιπέ-

2275 4826 2447 4862 τειαν.
2486 4806 2608 4859 Ἐπὶ
2632 4808 2739 4877 γὰρ
2774 4808 2838 4875 τῇ
2874 4808 3103 4876 ἀρνήσει
3129 4806 3294 4861 αὑτοῦ
3322 4806 3696 4879 ἐκοινώνησαν
3720 4826 3843 4879 προ-

2275 4900 2452 4969 δήλως
2489 4896 2815 4967 ἡρνημένοις
2844 4897 2943 4966 τὴν
2985 4896 3143 4964 ἁγίαν
3174 4898 3336 4951 αὑτοῦ
3369 4898 3582 4951 εἰκόνα.
3626 4898 3691 4951 Ἠ
3740 4899 3840 4968 γὰρ

2277 4989 2373 5056 τῆς
2404 4987 2608 5049 εἰκόνος
2640 4986 2866 5054 ἄρνησις
2897 4986 2991 5037 ἐπὶ
3036 4985 3097 5038 τὸ
3134 4986 3495 5065 πρωτότυπον
3535 4987 3839 5051 ἀναϐαίνει,

2280 5078 2355 5140 ὡς
2403 5077 2500 5148 βοᾷ
2544 5078 2572 5129 ό
2621 5076 2778 5145 βοῶν.
2815 5077 2924 5128 Καὶ
2958 5078 3057 5130 οὐκ
3084 5078 3229 5132 ἔστιν
3261 5078 3520 5142 ἀλλοίως·
3567 5080 3671 5134 κάν
3706 5098 3841 5143 τινες

2277 5168 2595 5237 σμικρύνειν
2634 5166 2733 5235 τὴν
2760 5166 2985 5239 ἄρνησιν
3028 5168 3321 5238 βούλοιντο.
3358 5172 3421 5223 Εἰ
3448 5171 3545 5225 οῦν
3579 5173 3657 5244 μὴ
3690 5175 3839 5245 ὀρθο-

2274 5258 2549 5323 δοξοῦντες
2570 5258 2629 5309 τὸ
2661 5257 2951 5328 πρότερον,
2968 5258 3101 5329 μηδὲ
3126 5260 3427 5329 μυηθέντες
3444 5264 3544 5332 τὴν
3565 5264 3837 5334 ἀλήθειαν,

2274 5352 2338 5403 ὲκ
2370 5349 2520 5412 θείας
2551 5349 2811 5420 προνοίας
2829 5351 3194 5419 αὐγασθέντες
3210 5352 3439 5424 τάληθὲς
3461 5359 3837 5429 μετεπήδησαν

2274 5443 2353 5505 είς
2410 5443 2579 5511 ἡμᾶς,
2632 5442 2806 5505 ἄλλως
2854 5439 3005 5512 εἶμ’
3058 5444 3342 5509 κάκείνους
3400 5447 3499 5517 οὐχ
3547 5448 3627 5514 ὡς
3693 5451 3837 5521 ἔτυχε

2274 5530 2651 5599 προσδεκτέον,
2680 5534 2729 5585 εἰ
2762 5532 2837 5601 μὴ
2870 5533 2959 5586 διά
2993 5533 3262 5603 πλείστων
3295 5536 3598 5605 ὀρθοδόξων
3626 5557 3838 5610 συμφω-

2275 5623 2479 5691 νήσεως
2506 5640 2519 5653 ’
2553 5625 2626 5687 ὡς
2653 5624 2955 5695 δεδήλωκεν
3000 5630 3027 5680 ὁ
3061 5627 3201 5690 θεῖος
3236 5629 3516 5695 Βασίλειος
3550 5636 3690 5707 πρὸς
3722 5635 3835 5698 τοὺς

667 5724 711 5756 θ’
749 5724 769 5777 l
811 5725 933 5781 Cor.
968 5745 1063 5793 xu,
1111 5730 1275 5796 2,26.
1353 5736 1395 5764 ⁷ο
1438 5735 1667 5805 Philipp.
1708 5753 1761 5802 ιι,
1795 5736 1841 5803 l,
1868 5737 1921 5790 9..
2000 5740 2037 5770 ⁷¹
2075 5740 2170 5795 ibit

2277 5783 2288 5797 .
2367 5743 2408 5783 ³³
2443 5741 2487 5796 ll
2511 5742 2635 5798 Cor.
2671 5762 2743 5811 vl,
2771 5747 2821 5800 5.
2900 5748 2941 5779 ⁷³
2976 5744 3031 5803 S.
3090 5747 3337 5805 Basilius.
