  <div class='ocr_page' id='page_1' title='image "/cluster/home/n/w/nwhite01/storage/ocr_20150623/99/pst.000005714063/626.png"; bbox 0 0 3990 6318; ppageno 0'>
   <div class='ocr_carea' id='block_1_1' title="bbox 185 342 341 409">
    <p class='ocr_par' dir='ltr' id='par_1_1' title="bbox 185 342 341 409">
     <span class='ocr_line' id='line_1_1' title="bbox 185 342 341 409; baseline 0.006 -1"><span class='ocrx_word' id='word_1_1' title='bbox 185 343 214 408; x_wconf 83' lang='grc'><strong>1</strong></span> <span class='ocrx_word' id='word_1_2' title='bbox 242 342 341 409; x_wconf 73' lang='grc'><strong>149</strong></span> 
     </span>
    </p>
   </div>
   <div class='ocr_carea' id='block_1_2' title="bbox 1383 353 2248 422">
    <p class='ocr_par' dir='ltr' id='par_1_2' title="bbox 1383 353 2248 422">
     <span class='ocr_line' id='line_1_2' title="bbox 1383 353 2248 422; baseline 0.01 -10"><span class='ocrx_word' id='word_1_3' title='bbox 1383 353 1920 416; x_wconf 79' lang='lat' dir='ltr'><strong>EPISTOLARUM</strong></span> <span class='ocrx_word' id='word_1_4' title='bbox 1970 360 2114 420; x_wconf 88' lang='lat' dir='ltr'><strong>LIB.</strong></span> <span class='ocrx_word' id='word_1_5' title='bbox 2175 363 2248 422; x_wconf 87' lang='grc' dir='ltr'><strong>ΙΙ.</strong></span> 
     </span>
    </p>
   </div>
   <div class='ocr_carea' id='block_1_3' title="bbox 3306 355 3442 418">
    <p class='ocr_par' dir='ltr' id='par_1_3' title="bbox 3306 355 3442 418">
     <span class='ocr_line' id='line_1_3' title="bbox 3306 355 3442 418; baseline 0.015 -2"><span class='ocrx_word' id='word_1_6' title='bbox 3306 355 3442 418; x_wconf 77' lang='lat'><strong>1150</strong></span> 
     </span>
    </p>
   </div>
   <div class='ocr_carea' id='block_1_4' title="bbox 178 455 1761 530">
    <p class='ocr_par' dir='ltr' id='par_1_4' title="bbox 178 455 1761 530">
     <span class='ocr_line' id='line_1_4' title="bbox 178 455 1761 530; baseline 0.001 -18"><span class='ocrx_word' id='word_1_7' title='bbox 178 462 264 512; x_wconf 79' lang='grc' dir='ltr'>ὲν</span> <span class='ocrx_word' id='word_1_8' title='bbox 293 455 689 525; x_wconf 78' lang='grc' dir='ltr'><strong>Μεσοποταμίᾳ</strong></span> <span class='ocrx_word' id='word_1_9' title='bbox 714 457 770 523; x_wconf 80' lang='grc' dir='ltr'>ἐξ</span> <span class='ocrx_word' id='word_1_10' title='bbox 795 457 1071 525; x_wconf 75' lang='grc' dir='ltr'><strong>Αἰγύπτου</strong></span> <span class='ocrx_word' id='word_1_11' title='bbox 1103 461 1567 530; x_wconf 87' lang='grc' dir='ltr'>περιωρισμένους</span> <span class='ocrx_word' id='word_1_12' title='bbox 1590 477 1603 489; x_wconf 93' lang='grc'><strong>·</strong></span> <span class='ocrx_word' id='word_1_13' title='bbox 1643 461 1761 513; x_wconf 87' lang='grc' dir='ltr'>καθ-</span> 
     </span>
    </p>
   </div>
   <div class='ocr_carea' id='block_1_5' title="bbox 1869 455 3438 530">
    <p class='ocr_par' dir='ltr' id='par_1_5' title="bbox 1873 463 3438 529">
     <span class='ocr_line' id='line_1_5' title="bbox 1873 463 3438 529; baseline 0.003 -14"><span class='ocrx_word' id='word_1_14' title='bbox 1873 478 2032 518; x_wconf 87' lang='lat' dir='ltr'><strong>sensu</strong></span> <span class='ocrx_word' id='word_1_15' title='bbox 2072 486 2084 520; x_wconf 86' lang='lat'><strong>:</strong></span> <span class='ocrx_word' id='word_1_16' title='bbox 2120 480 2179 522; x_wconf 88' lang='lat' dir='ltr'><strong>ut</strong></span> <span class='ocrx_word' id='word_1_17' title='bbox 2206 467 2424 522; x_wconf 87' lang='lat' dir='ltr'><strong>divinus</strong></span> <span class='ocrx_word' id='word_1_18' title='bbox 2451 464 2677 518; x_wconf 83' lang='lat' dir='ltr'><strong>Basilius</strong></span> <span class='ocrx_word' id='word_1_19' title='bbox 2705 463 2862 518; x_wconf 91' lang='lat' dir='ltr'><strong>docet</strong></span> <span class='ocrx_word' id='word_1_20' title='bbox 2886 463 2954 529; x_wconf 73' lang='grc'><strong>⁷⁸,</strong></span> <span class='ocrx_word' id='word_1_21' title='bbox 2983 463 3050 518; x_wconf 88' lang='lat' dir='ltr'><strong>ad</strong></span> <span class='ocrx_word' id='word_1_22' title='bbox 3071 478 3166 518; x_wconf 90' lang='lat' dir='ltr'><strong>eos</strong></span> <span class='ocrx_word' id='word_1_23' title='bbox 3193 465 3438 519; x_wconf 79' lang='lat' dir='ltr'><strong>scribens</strong></span> 
     </span>
    </p>
   </div>
   <div class='ocr_carea' id='block_1_6' title="bbox 177 548 1694 621">
    <p class='ocr_par' dir='ltr' id='par_1_6' title="bbox 177 548 1694 621">
     <span class='ocr_line' id='line_1_6' title="bbox 177 548 1694 621; baseline 0.002 -18"><span class='ocrx_word' id='word_1_24' title='bbox 177 550 507 619; x_wconf 80' lang='grc' dir='ltr'>απτόμενος</span> <span class='ocrx_word' id='word_1_25' title='bbox 537 549 715 601; x_wconf 82' lang='grc' dir='ltr'>αὐτῶν</span> <span class='ocrx_word' id='word_1_26' title='bbox 746 551 802 601; x_wconf 83' lang='grc' dir='ltr'><strong>ἐν</strong></span> <span class='ocrx_word' id='word_1_27' title='bbox 832 548 910 618; x_wconf 82' lang='grc' dir='ltr'>τῷ</span> <span class='ocrx_word' id='word_1_28' title='bbox 941 550 1265 618; x_wconf 71' lang='grc' dir='ltr'><strong>ἀφυλάκτως</strong></span> <span class='ocrx_word' id='word_1_29' title='bbox 1292 552 1694 621; x_wconf 81' lang='grc' dir='ltr'>προσήκασθαι.</span> 
     </span>
    </p>
   </div>
   <div class='ocr_carea' id='block_1_7' title="bbox 275 727 1764 802">
    <p class='ocr_par' dir='ltr' id='par_1_7' title="bbox 275 727 1764 802">
     <span class='ocr_line' id='line_1_7' title="bbox 275 727 1764 802; baseline 0.003 -22"><span class='ocrx_word' id='word_1_30' title='bbox 275 729 342 780; x_wconf 85' lang='grc' dir='ltr'>Ἣ</span> <span class='ocrx_word' id='word_1_31' title='bbox 375 728 621 798; x_wconf 81' lang='grc' dir='ltr'><strong>ἀγνοεῖτε</strong></span> <span class='ocrx_word' id='word_1_32' title='bbox 647 727 675 780; x_wconf 83' lang='grc' dir='ltr'><em>ὅ</em></span> <span class='ocrx_word' id='word_1_33' title='bbox 706 744 869 797; x_wconf 76' lang='grc' dir='ltr'>φησιν</span> <span class='ocrx_word' id='word_1_34' title='bbox 894 731 922 782; x_wconf 90' lang='grc' dir='ltr'>ὁ</span> <span class='ocrx_word' id='word_1_35' title='bbox 951 729 1111 792; x_wconf 79' lang='grc' dir='ltr'>αὐτὸς</span> <span class='ocrx_word' id='word_1_36' title='bbox 1143 728 1331 800; x_wconf 84' lang='grc' dir='ltr'>Πατὴρ</span> <span class='ocrx_word' id='word_1_37' title='bbox 1363 730 1419 782; x_wconf 89' lang='grc' dir='ltr'><strong>ἐν</strong></span> <span class='ocrx_word' id='word_1_38' title='bbox 1451 732 1612 802; x_wconf 79' lang='grc' dir='ltr'>ἐτέρᾳ</span> <span class='ocrx_word' id='word_1_39' title='bbox 1643 735 1764 785; x_wconf 82' lang='grc' dir='ltr'>ἐπι-</span> 
     </span>
    </p>
   </div>
   <div class='ocr_carea' id='block_1_8' title="bbox 175 816 1767 895">
    <p class='ocr_par' dir='ltr' id='par_1_8' title="bbox 175 816 1767 895">
     <span class='ocr_line' id='line_1_8' title="bbox 175 816 1767 895; baseline 0.003 -23"><span class='ocrx_word' id='word_1_40' title='bbox 175 821 396 891; x_wconf 80' lang='grc' dir='ltr'>στολῇ;</span> <span class='ocrx_word' id='word_1_41' title='bbox 431 841 449 872; x_wconf 76' lang='grc' dir='ltr'><strong>ι</strong></span> <span class='ocrx_word' id='word_1_42' title='bbox 481 821 595 873; x_wconf 85' lang='grc' dir='ltr'>Οὐκ</span> <span class='ocrx_word' id='word_1_43' title='bbox 638 816 754 876; x_wconf 76' lang='grc' dir='ltr'>οῖδα</span> <span class='ocrx_word' id='word_1_44' title='bbox 784 821 1104 885; x_wconf 86' lang='grc' dir='ltr'>ἐπίσκοπον,</span> <span class='ocrx_word' id='word_1_45' title='bbox 1141 823 1274 892; x_wconf 85' lang='grc' dir='ltr'>μηδὲ</span> <span class='ocrx_word' id='word_1_46' title='bbox 1302 824 1669 895; x_wconf 74' lang='grc' dir='ltr'>ἀριθμήσαιμι</span> <span class='ocrx_word' id='word_1_47' title='bbox 1711 827 1767 876; x_wconf 86' lang='grc' dir='ltr'><strong>ἐν</strong></span> 
     </span>
    </p>
   </div>
   <div class='ocr_carea' id='block_1_9' title="bbox 174 910 1767 982">
    <p class='ocr_par' dir='ltr' id='par_1_9' title="bbox 174 910 1767 982">
     <span class='ocr_line' id='line_1_9' title="bbox 174 910 1767 982; baseline 0.003 -20"><span class='ocrx_word' id='word_1_48' title='bbox 174 912 517 971; x_wconf 75' lang='grc' dir='ltr'><strong>ἐπισκόποις</strong></span> <span class='ocrx_word' id='word_1_49' title='bbox 562 910 652 963; x_wconf 81' lang='grc' dir='ltr'>τὸν</span> <span class='ocrx_word' id='word_1_50' title='bbox 705 912 794 962; x_wconf 70' lang='grc' dir='ltr'>ἐπὶ</span> <span class='ocrx_word' id='word_1_51' title='bbox 840 915 1187 982; x_wconf 76' lang='grc' dir='ltr'>καταστροφῇ</span> <span class='ocrx_word' id='word_1_52' title='bbox 1236 913 1338 982; x_wconf 84' lang='grc' dir='ltr'>τῆς</span> <span class='ocrx_word' id='word_1_53' title='bbox 1386 913 1621 977; x_wconf 78' lang='grc' dir='ltr'>πίστεως</span> <span class='ocrx_word' id='word_1_54' title='bbox 1662 915 1767 966; x_wconf 80' lang='grc' dir='ltr'><strong>ὑπὸ</strong></span> 
     </span>
    </p>
   </div>
   <div class='ocr_carea' id='block_1_10' title="bbox 169 997 1759 1074">
    <p class='ocr_par' dir='ltr' id='par_1_10' title="bbox 169 997 1759 1074">
     <span class='ocr_line' id='line_1_10' title="bbox 169 997 1759 1074; baseline 0.005 -27"><span class='ocrx_word' id='word_1_55' title='bbox 169 997 306 1048; x_wconf 83' lang='grc' dir='ltr'><strong>τῶν</strong></span> <span class='ocrx_word' id='word_1_56' title='bbox 344 997 586 1066; x_wconf 80' lang='grc' dir='ltr'>βεϐήλων</span> <span class='ocrx_word' id='word_1_57' title='bbox 620 999 820 1068; x_wconf 82' lang='grc' dir='ltr'>χειρῶν</span> <span class='ocrx_word' id='word_1_58' title='bbox 866 1001 1204 1070; x_wconf 81' lang='grc' dir='ltr'>προαχθέντα</span> <span class='ocrx_word' id='word_1_59' title='bbox 1251 1003 1330 1064; x_wconf 83' lang='grc' dir='ltr'><strong>είς</strong></span> <span class='ocrx_word' id='word_1_60' title='bbox 1377 1003 1668 1074; x_wconf 78' lang='grc' dir='ltr'>προεδρίαν</span> <span class='ocrx_word' id='word_1_61' title='bbox 1693 1022 1707 1035; x_wconf 89' lang='grc'><strong>·</strong></span> <span class='ocrx_word' id='word_1_62' title='bbox 1741 1023 1759 1055; x_wconf 81' lang='grc' dir='ltr'><strong>ι</strong></span> 
     </span>
    </p>
   </div>
   <div class='ocr_carea' id='block_1_11' title="bbox 172 1081 1763 1164">
    <p class='ocr_par' dir='ltr' id='par_1_11' title="bbox 172 1081 1763 1164">
     <span class='ocr_line' id='line_1_11' title="bbox 172 1081 1763 1164; baseline 0.006 -27"><span class='ocrx_word' id='word_1_63' title='bbox 172 1081 298 1138; x_wconf 69' lang='grc' dir='ltr'>οἶοί</span> <span class='ocrx_word' id='word_1_64' title='bbox 327 1089 431 1138; x_wconf 88' lang='grc' dir='ltr'>εἰσι</span> <span class='ocrx_word' id='word_1_65' title='bbox 463 1087 649 1152; x_wconf 86' lang='grc' dir='ltr'>τανῦν,</span> <span class='ocrx_word' id='word_1_66' title='bbox 681 1089 740 1140; x_wconf 84' lang='grc' dir='ltr'>οὐ</span> <span class='ocrx_word' id='word_1_67' title='bbox 773 1088 839 1140; x_wconf 86' lang='grc' dir='ltr'><strong>δι’</strong></span> <span class='ocrx_word' id='word_1_68' title='bbox 869 1088 1091 1156; x_wconf 80' lang='grc' dir='ltr'>ἄγνοιαν</span> <span class='ocrx_word' id='word_1_69' title='bbox 1111 1131 1125 1153; x_wconf 94' lang='grc'><strong>,</strong></span> <span class='ocrx_word' id='word_1_70' title='bbox 1173 1091 1311 1145; x_wconf 82' lang='grc' dir='ltr'>ἀλλὰ</span> <span class='ocrx_word' id='word_1_71' title='bbox 1334 1092 1423 1145; x_wconf 83' lang='grc' dir='ltr'>διὰ</span> <span class='ocrx_word' id='word_1_72' title='bbox 1455 1094 1763 1164; x_wconf 72' lang='grc' dir='ltr'>φιλαρχίαν,</span> 
     </span>
    </p>
   </div>
   <div class='ocr_carea' id='block_1_12' title="bbox 172 1165 1765 1252">
    <p class='ocr_par' dir='ltr' id='par_1_12' title="bbox 172 1165 1765 1252">
     <span class='ocr_line' id='line_1_12' title="bbox 172 1165 1765 1252; baseline 0.006 -27"><span class='ocrx_word' id='word_1_73' title='bbox 172 1174 573 1242; x_wconf 76' lang='grc' dir='ltr'><strong>ἐπιπηδῶντες</strong></span> <span class='ocrx_word' id='word_1_74' title='bbox 603 1178 715 1237; x_wconf 89' lang='grc' dir='ltr'>τοῖς</span> <span class='ocrx_word' id='word_1_75' title='bbox 765 1165 1008 1245; x_wconf 74' lang='grc' dir='ltr'>θρόνοιςο</span> <span class='ocrx_word' id='word_1_76' title='bbox 1055 1177 1348 1248; x_wconf 83' lang='grc' dir='ltr'>προέμενοι</span> <span class='ocrx_word' id='word_1_77' title='bbox 1391 1181 1660 1243; x_wconf 80' lang='grc' dir='ltr'><strong>ἀκουσίως</strong></span> <span class='ocrx_word' id='word_1_78' title='bbox 1701 1180 1765 1252; x_wconf 73' lang='grc'><strong>[1³.</strong></span> 
     </span>
    </p>
   </div>
   <div class='ocr_carea' id='block_1_13' title="bbox 175 1265 1766 1342">
    <p class='ocr_par' dir='ltr' id='par_1_13' title="bbox 175 1265 1766 1342">
     <span class='ocr_line' id='line_1_13' title="bbox 175 1265 1766 1342; baseline 0.004 -24"><span class='ocrx_word' id='word_1_79' title='bbox 175 1265 503 1336; x_wconf 78' lang='grc' dir='ltr'><strong>ἑκουσίως]</strong></span> <span class='ocrx_word' id='word_1_80' title='bbox 555 1266 653 1337; x_wconf 78' lang='grc' dir='ltr'><strong>τήν</strong></span> <span class='ocrx_word' id='word_1_81' title='bbox 703 1266 986 1336; x_wconf 78' lang='grc' dir='ltr'>ἀλήθειανο</span> <span class='ocrx_word' id='word_1_82' title='bbox 1014 1269 1107 1319; x_wconf 74' lang='grc' dir='ltr'>καὶ.</span> <span class='ocrx_word' id='word_1_83' title='bbox 1138 1269 1629 1340; x_wconf 82' lang='grc' dir='ltr'>ἀντιλαμϐάνοντες</span> <span class='ocrx_word' id='word_1_84' title='bbox 1667 1274 1766 1342; x_wconf 79' lang='grc' dir='ltr'>τὴν</span> 
     </span>
    </p>
   </div>
   <div class='ocr_carea' id='block_1_14' title="bbox 174 1357 1766 1428">
    <p class='ocr_par' dir='ltr' id='par_1_14' title="bbox 174 1357 1766 1428">
     <span class='ocr_line' id='line_1_14' title="bbox 174 1357 1766 1428; baseline 0.003 -18"><span class='ocrx_word' id='word_1_85' title='bbox 174 1359 296 1427; x_wconf 81' lang='grc' dir='ltr'>τῆς</span> <span class='ocrx_word' id='word_1_86' title='bbox 346 1358 599 1420; x_wconf 78' lang='grc' dir='ltr'>ἀσεϐείας</span> <span class='ocrx_word' id='word_1_87' title='bbox 645 1357 957 1427; x_wconf 83' lang='grc' dir='ltr'>προεδρίαν.</span> <span class='ocrx_word' id='word_1_88' title='bbox 993 1361 1062 1410; x_wconf 84' lang='lat' dir='ltr'><strong>El</strong></span> <span class='ocrx_word' id='word_1_89' title='bbox 1093 1358 1243 1412; x_wconf 82' lang='grc' dir='ltr'>κατὰ</span> <span class='ocrx_word' id='word_1_90' title='bbox 1290 1358 1603 1428; x_wconf 59' lang='grc' dir='ltr'>ἄνθρωπον·</span> <span class='ocrx_word' id='word_1_91' title='bbox 1630 1361 1766 1426; x_wconf 84' lang='grc' dir='ltr'>ἐθη-</span> 
     </span>
    </p>
   </div>
   <div class='ocr_carea' id='block_1_15' title="bbox 168 1449 1768 1519">
    <p class='ocr_par' dir='ltr' id='par_1_15' title="bbox 168 1449 1768 1519">
     <span class='ocr_line' id='line_1_15' title="bbox 168 1449 1768 1519; baseline 0.003 -19"><span class='ocrx_word' id='word_1_92' title='bbox 168 1449 574 1516; x_wconf 78' lang='grc' dir='ltr'>ριομάχησα,</span> <span class='ocrx_word' id='word_1_93' title='bbox 613 1449 777 1517; x_wconf 76' lang='grc' dir='ltr'>φησὶν</span> <span class='ocrx_word' id='word_1_94' title='bbox 827 1451 856 1500; x_wconf 87' lang='grc' dir='ltr'>ὁ</span> <span class='ocrx_word' id='word_1_95' title='bbox 893 1449 1210 1511; x_wconf 83' lang='grc' dir='ltr'>Ἀπόστολος</span> <span class='ocrx_word' id='word_1_96' title='bbox 1235 1490 1250 1514; x_wconf 95' lang='grc'><strong>,</strong></span> <span class='ocrx_word' id='word_1_97' title='bbox 1290 1449 1360 1502; x_wconf 86' lang='grc' dir='ltr'>ἐν</span> <span class='ocrx_word' id='word_1_98' title='bbox 1401 1449 1627 1519; x_wconf 74' lang='grc' dir='ltr'><strong>Ἐςρέοῳ</strong></span> <span class='ocrx_word' id='word_1_99' title='bbox 1654 1491 1668 1516; x_wconf 94' lang='grc'><strong>,</strong></span> <span class='ocrx_word' id='word_1_100' title='bbox 1708 1455 1768 1505; x_wconf 87' lang='grc' dir='ltr'><strong>τί</strong></span> 
     </span>
    </p>
   </div>
   <div class='ocr_carea' id='block_1_16' title="bbox 169 1537 1766 1613">
    <p class='ocr_par' dir='ltr' id='par_1_16' title="bbox 169 1537 1766 1613">
     <span class='ocr_line' id='line_1_16' title="bbox 169 1537 1766 1613; baseline 0.004 -24"><span class='ocrx_word' id='word_1_101' title='bbox 169 1556 295 1607; x_wconf 78' lang='grc' dir='ltr'><strong>μοι</strong></span> <span class='ocrx_word' id='word_1_102' title='bbox 323 1537 389 1589; x_wconf 84' lang='grc' dir='ltr'>τὸ</span> <span class='ocrx_word' id='word_1_103' title='bbox 411 1539 628 1605; x_wconf 59' lang='grc' dir='ltr'>ὄφελος</span> <span class='ocrx_word' id='word_1_104' title='bbox 649 1553 669 1600; x_wconf 84' lang='grc'><strong><em>;</em></strong></span> <span class='ocrx_word' id='word_1_105' title='bbox 691 1538 847 1605; x_wconf 85' lang='grc' dir='ltr'><strong>Λέγω</strong></span> <span class='ocrx_word' id='word_1_106' title='bbox 871 1538 1026 1606; x_wconf 86' lang='grc' dir='ltr'><strong>κάγώ</strong></span> <span class='ocrx_word' id='word_1_107' title='bbox 1049 1554 1063 1568; x_wconf 75' lang='grc' dir='ltr'><strong><em>ο</em></strong></span> <span class='ocrx_word' id='word_1_108' title='bbox 1093 1539 1155 1592; x_wconf 85' lang='lat' dir='ltr'><strong>El</strong></span> <span class='ocrx_word' id='word_1_109' title='bbox 1179 1538 1299 1592; x_wconf 82' lang='grc' dir='ltr'>καθ’</span> <span class='ocrx_word' id='word_1_110' title='bbox 1332 1541 1475 1608; x_wconf 82' lang='grc' dir='ltr'>ὑμᾶς</span> <span class='ocrx_word' id='word_1_111' title='bbox 1499 1542 1638 1610; x_wconf 83' lang='grc' dir='ltr'>μετὰ</span> <span class='ocrx_word' id='word_1_112' title='bbox 1665 1543 1766 1613; x_wconf 85' lang='grc' dir='ltr'>τὴν</span> 
     </span>
    </p>
   </div>
   <div class='ocr_carea' id='block_1_17' title="bbox 176 1630 1765 1703">
    <p class='ocr_par' dir='ltr' id='par_1_17' title="bbox 176 1630 1765 1703">
     <span class='ocr_line' id='line_1_17' title="bbox 176 1630 1765 1703; baseline 0.004 -22"><span class='ocrx_word' id='word_1_113' title='bbox 176 1630 428 1699; x_wconf 81' lang='grc' dir='ltr'>ἄρνησιν</span> <span class='ocrx_word' id='word_1_114' title='bbox 485 1630 601 1699; x_wconf 75' lang='grc' dir='ltr'>ἦτοι</span> <span class='ocrx_word' id='word_1_115' title='bbox 648 1632 932 1682; x_wconf 76' lang='grc' dir='ltr'>κοινωνίαν</span> <span class='ocrx_word' id='word_1_116' title='bbox 991 1631 1098 1683; x_wconf 87' lang='grc' dir='ltr'>τῶν</span> <span class='ocrx_word' id='word_1_117' title='bbox 1155 1633 1550 1703; x_wconf 88' lang='grc' dir='ltr'>Χριστομάχων</span> <span class='ocrx_word' id='word_1_118' title='bbox 1605 1635 1765 1697; x_wconf 80' lang='grc' dir='ltr'>εὐθὺς</span> 
     </span>
    </p>
   </div>
   <div class='ocr_carea' id='block_1_18' title="bbox 174 1721 1768 1793">
    <p class='ocr_par' dir='ltr' id='par_1_18' title="bbox 174 1721 1768 1793">
     <span class='ocr_line' id='line_1_18' title="bbox 174 1721 1768 1793; baseline 0.001 -18"><span class='ocrx_word' id='word_1_119' title='bbox 174 1721 404 1775; x_wconf 88' lang='grc' dir='ltr'>δεκτέοι</span> <span class='ocrx_word' id='word_1_120' title='bbox 438 1721 532 1773; x_wconf 72' lang='grc' dir='ltr'>καὶ</span> <span class='ocrx_word' id='word_1_121' title='bbox 563 1721 944 1790; x_wconf 80' lang='grc' dir='ltr'>άνεπιτίμητοι</span> <span class='ocrx_word' id='word_1_122' title='bbox 984 1723 1032 1773; x_wconf 82' lang='lat' dir='ltr'><strong>oi</strong></span> <span class='ocrx_word' id='word_1_123' title='bbox 1062 1722 1328 1775; x_wconf 78' lang='grc' dir='ltr'>τοιοῦτοι·</span> <span class='ocrx_word' id='word_1_124' title='bbox 1354 1723 1406 1775; x_wconf 86' lang='grc' dir='ltr'><strong>τί</strong></span> <span class='ocrx_word' id='word_1_125' title='bbox 1442 1725 1620 1793; x_wconf 83' lang='grc' dir='ltr'>μάτην</span> <span class='ocrx_word' id='word_1_126' title='bbox 1653 1741 1768 1776; x_wconf 80' lang='grc' dir='ltr'>κιν-</span> 
     </span>
    </p>
   </div>
   <div class='ocr_carea' id='block_1_19' title="bbox 1871 556 3437 628">
    <p class='ocr_par' dir='ltr' id='par_1_19' title="bbox 1871 556 3437 628">
     <span class='ocr_line' id='line_1_19' title="bbox 1871 556 3437 628; baseline 0.001 -20"><span class='ocrx_word' id='word_1_127' title='bbox 1871 557 1962 623; x_wconf 90' lang='lat' dir='ltr'><strong>qni</strong></span> <span class='ocrx_word' id='word_1_128' title='bbox 1999 558 2052 610; x_wconf 88' lang='lat' dir='ltr'><strong>in</strong></span> <span class='ocrx_word' id='word_1_129' title='bbox 2083 557 2520 628; x_wconf 79' lang='lat' dir='ltr'><strong>Mesopotamiam</strong></span> <span class='ocrx_word' id='word_1_130' title='bbox 2564 557 2779 610; x_wconf 77' lang='lat' dir='ltr'><strong>fuerant</strong></span> <span class='ocrx_word' id='word_1_131' title='bbox 2818 557 3038 626; x_wconf 81' lang='lat' dir='ltr'><strong>relegati</strong></span> <span class='ocrx_word' id='word_1_132' title='bbox 3065 573 3131 609; x_wconf 80' lang='lat' dir='ltr'><strong>ex</strong></span> <span class='ocrx_word' id='word_1_133' title='bbox 3164 556 3394 627; x_wconf 58' lang='lat' dir='ltr'><strong>[Egypto</strong></span> <span class='ocrx_word' id='word_1_134' title='bbox 3424 575 3437 610; x_wconf 93' lang='lat'><strong>:</strong></span> 
     </span>
    </p>
   </div>
   <div class='ocr_carea' id='block_1_20' title="bbox 1871 647 3191 720">
    <p class='ocr_par' dir='ltr' id='par_1_20' title="bbox 1871 647 3191 720">
     <span class='ocr_line' id='line_1_20' title="bbox 1871 647 3191 720; baseline -0.002 -20"><span class='ocrx_word' id='word_1_135' title='bbox 1871 648 2240 720; x_wconf 81' lang='lat' dir='ltr'><strong>perstringens</strong></span> <span class='ocrx_word' id='word_1_136' title='bbox 2269 649 2388 701; x_wconf 91' lang='lat' dir='ltr'><strong>illos</strong></span> <span class='ocrx_word' id='word_1_137' title='bbox 2418 648 2562 716; x_wconf 88' lang='lat' dir='ltr'><strong>quod</strong></span> <span class='ocrx_word' id='word_1_138' title='bbox 2594 656 2794 700; x_wconf 90' lang='lat' dir='ltr'><strong>temere</strong></span> <span class='ocrx_word' id='word_1_139' title='bbox 2819 647 3191 699; x_wconf 73' lang='lat' dir='ltr'><strong>admitterent.</strong></span> 
     </span>
    </p>
   </div>
   <div class='ocr_carea' id='block_1_21' title="bbox 1941 736 3441 807">
    <p class='ocr_par' dir='ltr' id='par_1_21' title="bbox 1941 736 3441 807">
     <span class='ocr_line' id='line_1_21' title="bbox 1941 736 3441 807; baseline 0 -19"><span class='ocrx_word' id='word_1_140' title='bbox 1941 738 2021 789; x_wconf 86' lang='lat' dir='ltr'><strong>An</strong></span> <span class='ocrx_word' id='word_1_141' title='bbox 2052 739 2271 792; x_wconf 74' lang='lat' dir='ltr'><strong>nescitis</strong></span> <span class='ocrx_word' id='word_1_142' title='bbox 2300 738 2427 807; x_wconf 91' lang='lat' dir='ltr'><strong>quid</strong></span> <span class='ocrx_word' id='word_1_143' title='bbox 2452 738 2591 790; x_wconf 89' lang='lat' dir='ltr'><strong>idem</strong></span> <span class='ocrx_word' id='word_1_144' title='bbox 2619 737 2777 790; x_wconf 87' lang='lat' dir='ltr'><strong>Pater</strong></span> <span class='ocrx_word' id='word_1_145' title='bbox 2793 737 2938 790; x_wconf 88' lang='lat' dir='ltr'><strong>dicat</strong></span> <span class='ocrx_word' id='word_1_146' title='bbox 2970 736 3022 788; x_wconf 91' lang='lat' dir='ltr'><strong>in</strong></span> <span class='ocrx_word' id='word_1_147' title='bbox 3051 736 3155 788; x_wconf 85' lang='lat' dir='ltr'><strong>alia</strong></span> <span class='ocrx_word' id='word_1_148' title='bbox 3179 736 3441 804; x_wconf 87' lang='lat' dir='ltr'><strong>epistola?</strong></span> 
     </span>
    </p>
   </div>
   <div class='ocr_carea' id='block_1_22' title="bbox 1879 827 3439 899">
    <p class='ocr_par' dir='ltr' id='par_1_22' title="bbox 1879 827 3439 899">
     <span class='ocr_line' id='line_1_22' title="bbox 1879 827 3439 899; baseline -0.001 -18"><span class='ocrx_word' id='word_1_149' title='bbox 1879 849 1894 880; x_wconf 82' lang='grc' dir='ltr'><strong>ι</strong></span> <span class='ocrx_word' id='word_1_150' title='bbox 1931 827 2050 882; x_wconf 82' lang='lat' dir='ltr'><strong>Non</strong></span> <span class='ocrx_word' id='word_1_151' title='bbox 2098 846 2334 899; x_wconf 88' lang='lat' dir='ltr'><strong>agnosco</strong></span> <span class='ocrx_word' id='word_1_152' title='bbox 2388 829 2730 898; x_wconf 85' lang='lat' dir='ltr'><strong>episcopum.</strong></span> <span class='ocrx_word' id='word_1_153' title='bbox 2785 843 2886 881; x_wconf 93' lang='lat' dir='ltr'><strong>nec</strong></span> <span class='ocrx_word' id='word_1_154' title='bbox 2945 828 3086 881; x_wconf 91' lang='lat' dir='ltr'><strong>inter</strong></span> <span class='ocrx_word' id='word_1_155' title='bbox 3151 829 3439 896; x_wconf 89' lang='lat' dir='ltr'><strong>episcopos</strong></span> 
     </span>
    </p>
   </div>
   <div class='ocr_carea' id='block_1_23' title="bbox 1871 919 3434 987">
    <p class='ocr_par' dir='ltr' id='par_1_23' title="bbox 1871 919 3434 987">
     <span class='ocr_line' id='line_1_23' title="bbox 1871 919 3434 987; baseline -0.001 -16"><span class='ocrx_word' id='word_1_156' title='bbox 1871 919 2023 972; x_wconf 92' lang='lat' dir='ltr'><strong>illum</strong></span> <span class='ocrx_word' id='word_1_157' title='bbox 2072 920 2511 982; x_wconf 88' lang='lat' dir='ltr'><strong>adnumerarim,</strong></span> <span class='ocrx_word' id='word_1_158' title='bbox 2558 920 2647 987; x_wconf 90' lang='lat' dir='ltr'><strong>qui</strong></span> <span class='ocrx_word' id='word_1_159' title='bbox 2697 933 2728 971; x_wconf 90' lang='lat' dir='ltr'><strong>a</strong></span> <span class='ocrx_word' id='word_1_160' title='bbox 2776 919 3018 986; x_wconf 82' lang='lat' dir='ltr'><strong>profanis</strong></span> <span class='ocrx_word' id='word_1_161' title='bbox 3073 920 3324 971; x_wconf 86' lang='lat' dir='ltr'><strong>manibus</strong></span> <span class='ocrx_word' id='word_1_162' title='bbox 3367 919 3434 970; x_wconf 86' lang='lat' dir='ltr'><strong>ad</strong></span> 
     </span>
    </p>
   </div>
   <div class='ocr_carea' id='block_1_24' title="bbox 1869 1009 3436 1080">
    <p class='ocr_par' dir='ltr' id='par_1_24' title="bbox 1869 1009 3436 1080">
     <span class='ocr_line' id='line_1_24' title="bbox 1869 1009 3436 1080; baseline -0.001 -18"><span class='ocrx_word' id='word_1_163' title='bbox 1869 1009 1994 1063; x_wconf 84' lang='lat' dir='ltr'><strong>ﬁdei</strong></span> <span class='ocrx_word' id='word_1_164' title='bbox 2038 1011 2462 1065; x_wconf 74' lang='lat' dir='ltr'><strong>destructionem</strong></span> <span class='ocrx_word' id='word_1_165' title='bbox 2502 1010 2703 1080; x_wconf 88' lang='lat' dir='ltr'><strong>praesul</strong></span> <span class='ocrx_word' id='word_1_166' title='bbox 2732 1010 2939 1063; x_wconf 88' lang='lat' dir='ltr'><strong>electus</strong></span> <span class='ocrx_word' id='word_1_167' title='bbox 2968 1020 3050 1063; x_wconf 89' lang='lat' dir='ltr'><strong>est</strong></span> <span class='ocrx_word' id='word_1_168' title='bbox 3076 1011 3142 1062; x_wconf 81' lang='grc'><strong>⁷⁵.</strong></span> <span class='ocrx_word' id='word_1_169' title='bbox 3182 1027 3200 1059; x_wconf 79' lang='grc' dir='ltr'><strong>ι</strong></span> <span class='ocrx_word' id='word_1_170' title='bbox 3237 1010 3436 1074; x_wconf 85' lang='lat' dir='ltr'><strong>Quales</strong></span> 
     </span>
    </p>
   </div>
   <div class='ocr_carea' id='block_1_25' title="bbox 1869 1101 3435 1170">
    <p class='ocr_par' dir='ltr' id='par_1_25' title="bbox 1869 1101 3435 1170">
     <span class='ocr_line' id='line_1_25' title="bbox 1869 1101 3435 1170; baseline -0.001 -17"><span class='ocrx_word' id='word_1_171' title='bbox 1869 1116 2015 1155; x_wconf 92' lang='lat' dir='ltr'><strong>nunc</strong></span> <span class='ocrx_word' id='word_1_172' title='bbox 2045 1105 2300 1169; x_wconf 89' lang='lat' dir='ltr'><strong>suntqui,</strong></span> <span class='ocrx_word' id='word_1_173' title='bbox 2335 1118 2441 1154; x_wconf 91' lang='lat' dir='ltr'><strong>non</strong></span> <span class='ocrx_word' id='word_1_174' title='bbox 2477 1116 2574 1170; x_wconf 91' lang='lat' dir='ltr'><strong>per</strong></span> <span class='ocrx_word' id='word_1_175' title='bbox 2595 1101 2976 1170; x_wconf 83' lang='lat' dir='ltr'><strong>ignorantiam,</strong></span> <span class='ocrx_word' id='word_1_176' title='bbox 3003 1101 3100 1155; x_wconf 90' lang='lat' dir='ltr'><strong>sed</strong></span> <span class='ocrx_word' id='word_1_177' title='bbox 3123 1101 3435 1154; x_wconf 86' lang='lat' dir='ltr'><strong>dominandi</strong></span> 
     </span>
    </p>
   </div>
   <div class='ocr_carea' id='block_1_26' title="bbox 1870 1191 3437 1260">
    <p class='ocr_par' dir='ltr' id='par_1_26' title="bbox 1870 1191 3437 1260">
     <span class='ocr_line' id='line_1_26' title="bbox 1870 1191 3437 1260; baseline -0.003 -13"><span class='ocrx_word' id='word_1_178' title='bbox 1870 1193 2071 1257; x_wconf 90' lang='lat' dir='ltr'><strong>studio,</strong></span> <span class='ocrx_word' id='word_1_179' title='bbox 2124 1193 2178 1246; x_wconf 92' lang='lat' dir='ltr'><strong>in</strong></span> <span class='ocrx_word' id='word_1_180' title='bbox 2231 1194 2388 1247; x_wconf 87' lang='lat' dir='ltr'><strong>sedes</strong></span> <span class='ocrx_word' id='word_1_181' title='bbox 2434 1192 2715 1257; x_wconf 91' lang='lat' dir='ltr'><strong>insiliunt,</strong></span> <span class='ocrx_word' id='word_1_182' title='bbox 2766 1191 3050 1245; x_wconf 84' lang='lat' dir='ltr'><strong>veritatem</strong></span> <span class='ocrx_word' id='word_1_183' title='bbox 3097 1200 3288 1260; x_wconf 88' lang='lat' dir='ltr'><strong>sponte</strong></span> <span class='ocrx_word' id='word_1_184' title='bbox 3338 1206 3437 1243; x_wconf 89' lang='lat' dir='ltr'><strong>sua</strong></span> 
     </span>
    </p>
   </div>
   <div class='ocr_carea' id='block_1_27' title="bbox 1869 1279 3436 1353">
    <p class='ocr_par' dir='ltr' id='par_1_27' title="bbox 1869 1279 3436 1353">
     <span class='ocr_line' id='line_1_27' title="bbox 1869 1279 3436 1353; baseline -0.002 -18"><span class='ocrx_word' id='word_1_185' title='bbox 1869 1284 2184 1353; x_wconf 85' lang='lat' dir='ltr'><strong>prodentes,</strong></span> <span class='ocrx_word' id='word_1_186' title='bbox 2223 1292 2278 1336; x_wconf 92' lang='lat' dir='ltr'><strong>et</strong></span> <span class='ocrx_word' id='word_1_187' title='bbox 2313 1282 2522 1350; x_wconf 74' lang='lat' dir='ltr'><strong>praemii</strong></span> <span class='ocrx_word' id='word_1_188' title='bbox 2567 1283 2685 1335; x_wconf 91' lang='lat' dir='ltr'><strong>loco</strong></span> <span class='ocrx_word' id='word_1_189' title='bbox 2732 1281 3024 1349; x_wconf 88' lang='lat' dir='ltr'><strong>impietatis</strong></span> <span class='ocrx_word' id='word_1_190' title='bbox 3071 1279 3436 1348; x_wconf 81' lang='lat' dir='ltr'><strong>principatum</strong></span> 
     </span>
    </p>
   </div>
   <div class='ocr_carea' id='block_1_28' title="bbox 1869 1371 3437 1442">
    <p class='ocr_par' dir='ltr' id='par_1_28' title="bbox 1869 1371 3437 1442">
     <span class='ocr_line' id='line_1_28' title="bbox 1869 1371 3437 1442; baseline 0 -14"><span class='ocrx_word' id='word_1_191' title='bbox 1869 1374 2216 1442; x_wconf 85' lang='lat' dir='ltr'><strong>accipientes.</strong></span> <span class='ocrx_word' id='word_1_192' title='bbox 2248 1372 2304 1426; x_wconf 90' lang='lat' dir='ltr'><strong>Si</strong></span> <span class='ocrx_word' id='word_1_193' title='bbox 2324 1374 2602 1426; x_wconf 82' lang='lat' dir='ltr'><strong>secundum</strong></span> <span class='ocrx_word' id='word_1_194' title='bbox 2621 1373 2899 1430; x_wconf 74' lang='lat' dir='ltr'><strong>lioniinem.</strong></span> <span class='ocrx_word' id='word_1_195' title='bbox 2928 1371 3102 1438; x_wconf 90' lang='lat' dir='ltr'><strong>inquit</strong></span> <span class='ocrx_word' id='word_1_196' title='bbox 3129 1371 3437 1438; x_wconf 82' lang='lat' dir='ltr'><strong>Apostolus.</strong></span> 
     </span>
    </p>
   </div>
   <div class='ocr_carea' id='block_1_29' title="bbox 1869 1460 3440 1534">
    <p class='ocr_par' dir='ltr' id='par_1_29' title="bbox 1869 1460 3440 1534">
     <span class='ocr_line' id='line_1_29' title="bbox 1869 1460 3440 1534; baseline -0.004 -15"><span class='ocrx_word' id='word_1_197' title='bbox 1869 1467 1938 1519; x_wconf 87' lang='lat' dir='ltr'><strong>ad</strong></span> <span class='ocrx_word' id='word_1_198' title='bbox 1985 1465 2175 1517; x_wconf 77' lang='lat' dir='ltr'><strong>bestias</strong></span> <span class='ocrx_word' id='word_1_199' title='bbox 2235 1465 2463 1534; x_wconf 80' lang='lat' dir='ltr'><strong>pugnavi</strong></span> <span class='ocrx_word' id='word_1_200' title='bbox 2515 1463 2722 1531; x_wconf 78' lang='lat' dir='ltr'><strong>Ephesi,</strong></span> <span class='ocrx_word' id='word_1_201' title='bbox 2774 1463 2898 1532; x_wconf 87' lang='lat' dir='ltr'><strong>quid</strong></span> <span class='ocrx_word' id='word_1_202' title='bbox 2931 1462 3057 1514; x_wconf 86' lang='lat' dir='ltr'><strong>mihi</strong></span> <span class='ocrx_word' id='word_1_203' title='bbox 3109 1463 3315 1530; x_wconf 83' lang='lat' dir='ltr'><strong>prodest</strong></span> <span class='ocrx_word' id='word_1_204' title='bbox 3341 1460 3440 1512; x_wconf 71' lang='lat'><strong>&quot;‘2</strong></span> 
     </span>
    </p>
   </div>
   <div class='ocr_carea' id='block_1_30' title="bbox 1869 1555 3436 1626">
    <p class='ocr_par' dir='ltr' id='par_1_30' title="bbox 1869 1555 3436 1626">
     <span class='ocr_line' id='line_1_30' title="bbox 1869 1555 3436 1626; baseline -0.003 -15"><span class='ocrx_word' id='word_1_205' title='bbox 1869 1559 1968 1611; x_wconf 84' lang='lat' dir='ltr'><strong>Aio</strong></span> <span class='ocrx_word' id='word_1_206' title='bbox 1994 1567 2050 1612; x_wconf 91' lang='lat' dir='ltr'><strong>et</strong></span> <span class='ocrx_word' id='word_1_207' title='bbox 2075 1571 2176 1625; x_wconf 84' lang='lat' dir='ltr'><strong>ego</strong></span> <span class='ocrx_word' id='word_1_208' title='bbox 2205 1574 2222 1614; x_wconf 90' lang='lat'><strong>:</strong></span> <span class='ocrx_word' id='word_1_209' title='bbox 2254 1557 2309 1610; x_wconf 94' lang='lat' dir='ltr'><strong>Si</strong></span> <span class='ocrx_word' id='word_1_210' title='bbox 2339 1567 2460 1626; x_wconf 90' lang='lat' dir='ltr'><strong>post</strong></span> <span class='ocrx_word' id='word_1_211' title='bbox 2504 1555 2848 1626; x_wconf 76' lang='lat' dir='ltr'><strong>negationem</strong></span> <span class='ocrx_word' id='word_1_212' title='bbox 2887 1555 2968 1609; x_wconf 80' lang='lat' dir='ltr'><strong>vel</strong></span> <span class='ocrx_word' id='word_1_213' title='bbox 3001 1556 3436 1608; x_wconf 90' lang='lat' dir='ltr'><strong>communionem</strong></span> 
     </span>
    </p>
   </div>
   <div class='ocr_carea' id='block_1_31' title="bbox 1868 1648 3437 1714">
    <p class='ocr_par' dir='ltr' id='par_1_31' title="bbox 1868 1648 3437 1714">
     <span class='ocr_line' id='line_1_31' title="bbox 1868 1648 3437 1714; baseline -0.004 -9"><span class='ocrx_word' id='word_1_214' title='bbox 1868 1666 1993 1706; x_wconf 89' lang='lat' dir='ltr'><strong>cum</strong></span> <span class='ocrx_word' id='word_1_215' title='bbox 2019 1649 2469 1714; x_wconf 90' lang='lat' dir='ltr'><strong>Christomachis,</strong></span> <span class='ocrx_word' id='word_1_216' title='bbox 2511 1649 2643 1702; x_wconf 88' lang='lat' dir='ltr'><strong>tales</strong></span> <span class='ocrx_word' id='word_1_217' title='bbox 2674 1648 2879 1711; x_wconf 86' lang='lat' dir='ltr'><strong>statim,</strong></span> <span class='ocrx_word' id='word_1_218' title='bbox 2930 1648 3202 1704; x_wconf 84' lang='lat' dir='ltr'><strong>sententia</strong></span> <span class='ocrx_word' id='word_1_219' title='bbox 3235 1658 3437 1711; x_wconf 84' lang='lat' dir='ltr'><strong>vestra,</strong></span> 
     </span>
    </p>
   </div>
   <div class='ocr_carea' id='block_1_32' title="bbox 1870 1739 3443 1810">
    <p class='ocr_par' dir='ltr' id='par_1_32' title="bbox 1870 1739 3443 1810">
     <span class='ocr_line' id='line_1_32' title="bbox 1870 1739 3443 1810; baseline -0.003 -14"><span class='ocrx_word' id='word_1_220' title='bbox 1870 1742 1986 1797; x_wconf 87' lang='lat' dir='ltr'><strong>sine</strong></span> <span class='ocrx_word' id='word_1_221' title='bbox 2015 1756 2172 1810; x_wconf 71' lang='lat' dir='ltr'><strong>pmna</strong></span> <span class='ocrx_word' id='word_1_222' title='bbox 2204 1740 2497 1809; x_wconf 89' lang='lat' dir='ltr'><strong>recipiendi</strong></span> <span class='ocrx_word' id='word_1_223' title='bbox 2535 1749 2662 1794; x_wconf 90' lang='lat' dir='ltr'><strong>sunt</strong></span> <span class='ocrx_word' id='word_1_224' title='bbox 2687 1759 2699 1794; x_wconf 91' lang='lat'>:</span> <span class='ocrx_word' id='word_1_225' title='bbox 2723 1755 2818 1794; x_wconf 89' lang='lat' dir='ltr'><strong>cur</strong></span> <span class='ocrx_word' id='word_1_226' title='bbox 2846 1739 3121 1794; x_wconf 88' lang='lat' dir='ltr'><strong>incassum</strong></span> <span class='ocrx_word' id='word_1_227' title='bbox 3162 1741 3443 1809; x_wconf 90' lang='lat' dir='ltr'><strong>periclitor</strong></span> 
     </span>
    </p>
   </div>
   <div class='ocr_carea' id='block_1_33' title="bbox 175 1803 1761 1902">
    <p class='ocr_par' dir='ltr' id='par_1_33' title="bbox 175 1812 1761 1885">
     <span class='ocr_line' id='line_1_33' title="bbox 175 1812 1761 1885; baseline 0.001 -19"><span class='ocrx_word' id='word_1_228' title='bbox 175 1813 406 1866; x_wconf 86' lang='grc' dir='ltr'>δυνεύω</span> <span class='ocrx_word' id='word_1_229' title='bbox 435 1812 555 1864; x_wconf 83' lang='grc' dir='ltr'>καθ’</span> <span class='ocrx_word' id='word_1_230' title='bbox 598 1812 835 1881; x_wconf 80' lang='grc' dir='ltr'>ἑκάστην</span> <span class='ocrx_word' id='word_1_231' title='bbox 868 1813 1111 1883; x_wconf 75' lang='grc' dir='ltr'>ἡμέραν·</span> <span class='ocrx_word' id='word_1_232' title='bbox 1151 1815 1243 1866; x_wconf 77' lang='grc' dir='ltr'><strong>καὶ</strong></span> <span class='ocrx_word' id='word_1_233' title='bbox 1290 1815 1363 1885; x_wconf 80' lang='grc' dir='ltr'>μὴ</span> <span class='ocrx_word' id='word_1_234' title='bbox 1393 1815 1761 1885; x_wconf 81' lang='grc' dir='ltr'>αὐτομολήσας</span> 
     </span>
    </p>
   </div>
   <div class='ocr_carea' id='block_1_34' title="bbox 1869 1803 3442 1902">
    <p class='ocr_par' dir='ltr' id='par_1_34' title="bbox 1872 1833 3442 1902">
     <span class='ocr_line' id='line_1_34' title="bbox 1872 1833 3442 1902; baseline -0.003 -14"><span class='ocrx_word' id='word_1_235' title='bbox 1872 1834 1928 1888; x_wconf 91' lang='lat' dir='ltr'><strong>in</strong></span> <span class='ocrx_word' id='word_1_236' title='bbox 1960 1833 2095 1897; x_wconf 92' lang='lat' dir='ltr'><strong>dies,</strong></span> <span class='ocrx_word' id='word_1_237' title='bbox 2139 1847 2202 1886; x_wconf 91' lang='lat' dir='ltr'><strong>ac</strong></span> <span class='ocrx_word' id='word_1_238' title='bbox 2231 1847 2337 1885; x_wconf 92' lang='lat' dir='ltr'><strong>non</strong></span> <span class='ocrx_word' id='word_1_239' title='bbox 2368 1833 2547 1902; x_wconf 92' lang='lat' dir='ltr'><strong>potius</strong></span> <span class='ocrx_word' id='word_1_240' title='bbox 2578 1833 2643 1886; x_wconf 91' lang='lat' dir='ltr'><strong>ad</strong></span> <span class='ocrx_word' id='word_1_241' title='bbox 2693 1834 3036 1889; x_wconf 88' lang='lat' dir='ltr'><strong>adversarios</strong></span> <span class='ocrx_word' id='word_1_242' title='bbox 3072 1833 3213 1885; x_wconf 92' lang='lat' dir='ltr'><strong>ultro</strong></span> <span class='ocrx_word' id='word_1_243' title='bbox 3243 1846 3442 1886; x_wconf 87' lang='lat' dir='ltr'><strong>occur-</strong></span> 
     </span>
    </p>
   </div>
   <div class='ocr_carea' id='block_1_35' title="bbox 177 1901 1768 1975">
    <p class='ocr_par' dir='ltr' id='par_1_35' title="bbox 177 1901 1768 1975">
     <span class='ocr_line' id='line_1_35' title="bbox 177 1901 1768 1975; baseline 0.001 -20"><span class='ocrx_word' id='word_1_244' title='bbox 177 1903 336 1973; x_wconf 83' lang='grc' dir='ltr'>πρὸς</span> <span class='ocrx_word' id='word_1_245' title='bbox 379 1904 507 1966; x_wconf 87' lang='grc' dir='ltr'>τοὺς</span> <span class='ocrx_word' id='word_1_246' title='bbox 557 1905 931 1968; x_wconf 82' lang='grc' dir='ltr'>ὑπεναντίους,</span> <span class='ocrx_word' id='word_1_247' title='bbox 983 1901 1137 1967; x_wconf 78' lang='grc' dir='ltr'>αὖθις</span> <span class='ocrx_word' id='word_1_248' title='bbox 1190 1905 1278 1957; x_wconf 79' lang='grc' dir='ltr'><strong>διά</strong></span> <span class='ocrx_word' id='word_1_249' title='bbox 1327 1908 1617 1975; x_wconf 85' lang='grc' dir='ltr'>μετανοίας</span> <span class='ocrx_word' id='word_1_250' title='bbox 1654 1909 1768 1969; x_wconf 85' lang='grc' dir='ltr'>τοῖς</span> 
     </span>
    </p>
   </div>
   <div class='ocr_carea' id='block_1_36' title="bbox 175 1993 1770 2064">
    <p class='ocr_par' dir='ltr' id='par_1_36' title="bbox 175 1993 1770 2064">
     <span class='ocr_line' id='line_1_36' title="bbox 175 1993 1770 2064; baseline 0.003 -20"><span class='ocrx_word' id='word_1_251' title='bbox 175 1993 501 2063; x_wconf 82' lang='grc' dir='ltr'>ὀρθοδόξοις</span> <span class='ocrx_word' id='word_1_252' title='bbox 547 1995 951 2062; x_wconf 82' lang='grc' dir='ltr'>ᾁνεπιτιμήτως</span> <span class='ocrx_word' id='word_1_253' title='bbox 987 1995 1370 2064; x_wconf 86' lang='grc' dir='ltr'>συνταχθείην;</span> <span class='ocrx_word' id='word_1_254' title='bbox 1411 1995 1506 2064; x_wconf 79' lang='grc' dir='ltr'><strong>Μὴ</strong></span> <span class='ocrx_word' id='word_1_255' title='bbox 1538 1995 1770 2049; x_wconf 78' lang='grc' dir='ltr'><strong>πλανᾶ-</strong></span> 
     </span>
    </p>
   </div>
   <div class='ocr_carea' id='block_1_37' title="bbox 177 2085 1768 2157">
    <p class='ocr_par' dir='ltr' id='par_1_37' title="bbox 177 2085 1768 2157">
     <span class='ocr_line' id='line_1_37' title="bbox 177 2085 1768 2157; baseline 0 -17"><span class='ocrx_word' id='word_1_256' title='bbox 177 2089 328 2146; x_wconf 81' lang='grc' dir='ltr'>σθε,</span> <span class='ocrx_word' id='word_1_257' title='bbox 348 2087 699 2155; x_wconf 68' lang='grc' dir='ltr'>φθείρουσιν</span> <span class='ocrx_word' id='word_1_258' title='bbox 721 2085 835 2152; x_wconf 79' lang='grc' dir='ltr'>ἤθη</span> <span class='ocrx_word' id='word_1_259' title='bbox 861 2086 1096 2152; x_wconf 84' lang='grc' dir='ltr'>χρηστὰ</span> <span class='ocrx_word' id='word_1_260' title='bbox 1119 2088 1342 2154; x_wconf 70' lang='grc' dir='ltr'>ὁμιλίαι</span> <span class='ocrx_word' id='word_1_261' title='bbox 1367 2088 1565 2140; x_wconf 80' lang='grc' dir='ltr'>κακαί.</span> <span class='ocrx_word' id='word_1_262' title='bbox 1583 2087 1768 2157; x_wconf 88' lang='grc' dir='ltr'>Ἐκνή-</span> 
     </span>
    </p>
   </div>
   <div class='ocr_carea' id='block_1_38' title="bbox 176 2177 1770 2248">
    <p class='ocr_par' dir='ltr' id='par_1_38' title="bbox 176 2177 1770 2248">
     <span class='ocr_line' id='line_1_38' title="bbox 176 2177 1770 2248; baseline 0.002 -18"><span class='ocrx_word' id='word_1_263' title='bbox 176 2180 332 2248; x_wconf 76' lang='grc' dir='ltr'>ψατε</span> <span class='ocrx_word' id='word_1_264' title='bbox 366 2180 425 2230; x_wconf 89' lang='grc' dir='ltr'><strong>ἐν</strong></span> <span class='ocrx_word' id='word_1_265' title='bbox 465 2179 669 2246; x_wconf 86' lang='grc' dir='ltr'>Κυρίῳ.</span> <span class='ocrx_word' id='word_1_266' title='bbox 705 2177 802 2242; x_wconf 85' lang='grc' dir='ltr'>Τίς</span> <span class='ocrx_word' id='word_1_267' title='bbox 833 2178 888 2230; x_wconf 83' lang='grc' dir='ltr'>δὲ</span> <span class='ocrx_word' id='word_1_268' title='bbox 915 2179 1195 2230; x_wconf 77' lang='grc' dir='ltr'>κοινωνία</span> <span class='ocrx_word' id='word_1_269' title='bbox 1241 2178 1387 2246; x_wconf 71' lang='grc' dir='ltr'>φωτὶ</span> <span class='ocrx_word' id='word_1_270' title='bbox 1429 2179 1580 2247; x_wconf 84' lang='grc' dir='ltr'>πρὸς</span> <span class='ocrx_word' id='word_1_271' title='bbox 1627 2180 1770 2233; x_wconf 82' lang='grc' dir='ltr'><strong>σκό-</strong></span> 
     </span>
    </p>
   </div>
   <div class='ocr_carea' id='block_1_39' title="bbox 177 2267 1768 2342">
    <p class='ocr_par' dir='ltr' id='par_1_39' title="bbox 177 2267 1768 2342">
     <span class='ocr_line' id='line_1_39' title="bbox 177 2267 1768 2342; baseline 0 -18"><span class='ocrx_word' id='word_1_272' title='bbox 177 2286 319 2335; x_wconf 79' lang='grc' dir='ltr'>τος·</span> <span class='ocrx_word' id='word_1_273' title='bbox 343 2270 431 2322; x_wconf 78' lang='grc' dir='ltr'>ἵνα</span> <span class='ocrx_word' id='word_1_274' title='bbox 447 2272 511 2323; x_wconf 85' lang='grc' dir='ltr'><strong>ἐκ</strong></span> <span class='ocrx_word' id='word_1_275' title='bbox 533 2269 879 2340; x_wconf 85' lang='grc' dir='ltr'>παραλλήλου</span> <span class='ocrx_word' id='word_1_276' title='bbox 903 2267 1012 2320; x_wconf 86' lang='grc' dir='ltr'><strong>τῶν</strong></span> <span class='ocrx_word' id='word_1_277' title='bbox 1026 2269 1422 2340; x_wconf 86' lang='grc' dir='ltr'>Χριστομάχων</span> <span class='ocrx_word' id='word_1_278' title='bbox 1439 2273 1504 2324; x_wconf 78' lang='grc' dir='ltr'><strong>τά</strong></span> <span class='ocrx_word' id='word_1_279' title='bbox 1522 2271 1768 2342; x_wconf 77' lang='grc' dir='ltr'>ἡμέτερα</span> 
     </span>
    </p>
   </div>
   <div class='ocr_carea' id='block_1_40' title="bbox 177 2361 1767 2433">
    <p class='ocr_par' dir='ltr' id='par_1_40' title="bbox 177 2361 1767 2433">
     <span class='ocr_line' id='line_1_40' title="bbox 177 2361 1767 2433; baseline -0.001 -17"><span class='ocrx_word' id='word_1_280' title='bbox 177 2364 471 2433; x_wconf 80' lang='grc' dir='ltr'>τηρῆται;</span> <span class='ocrx_word' id='word_1_281' title='bbox 518 2362 592 2425; x_wconf 87' lang='grc' dir='ltr'>ὼς</span> <span class='ocrx_word' id='word_1_282' title='bbox 626 2361 728 2425; x_wconf 81' lang='grc' dir='ltr'>ὅτι,</span> <span class='ocrx_word' id='word_1_283' title='bbox 762 2363 945 2430; x_wconf 72' lang='grc' dir='ltr'>φησὶν,</span> <span class='ocrx_word' id='word_1_284' title='bbox 977 2362 1129 2414; x_wconf 73' lang='grc' dir='ltr'>αὐτοὶ</span> <span class='ocrx_word' id='word_1_285' title='bbox 1185 2362 1311 2424; x_wconf 80' lang='grc' dir='ltr'>τοὺς</span> <span class='ocrx_word' id='word_1_286' title='bbox 1358 2361 1417 2425; x_wconf 83' lang='grc' dir='ltr'>ἐξ</span> <span class='ocrx_word' id='word_1_287' title='bbox 1457 2362 1767 2432; x_wconf 78' lang='grc' dir='ltr'>ὀρθοδοξίας</span> 
     </span>
    </p>
   </div>
   <div class='ocr_carea' id='block_1_41' title="bbox 179 2451 1770 2524">
    <p class='ocr_par' dir='ltr' id='par_1_41' title="bbox 179 2451 1770 2524">
     <span class='ocr_line' id='line_1_41' title="bbox 179 2451 1770 2524; baseline 0.001 -19"><span class='ocrx_word' id='word_1_288' title='bbox 179 2455 332 2524; x_wconf 78' lang='grc' dir='ltr'>πρὸς</span> <span class='ocrx_word' id='word_1_289' title='bbox 352 2455 550 2514; x_wconf 79' lang='grc' dir='ltr'>αὐτοὺς</span> <span class='ocrx_word' id='word_1_290' title='bbox 574 2451 888 2522; x_wconf 84' lang='grc' dir='ltr'>χωροῦντας</span> <span class='ocrx_word' id='word_1_291' title='bbox 914 2454 1056 2522; x_wconf 82' lang='grc' dir='ltr'>χαρᾷ</span> <span class='ocrx_word' id='word_1_292' title='bbox 1079 2452 1488 2522; x_wconf 81' lang='grc' dir='ltr'>άνεπιτιμήτως</span> <span class='ocrx_word' id='word_1_293' title='bbox 1517 2454 1770 2524; x_wconf 85' lang='grc' dir='ltr'>προσίεν-</span> 
     </span>
    </p>
   </div>
   <div class='ocr_carea' id='block_1_42' title="bbox 176 2538 1767 2615">
    <p class='ocr_par' dir='ltr' id='par_1_42' title="bbox 176 2538 1767 2615">
     <span class='ocr_line' id='line_1_42' title="bbox 176 2538 1767 2615; baseline 0 -17"><span class='ocrx_word' id='word_1_294' title='bbox 176 2563 301 2598; x_wconf 88' lang='grc' dir='ltr'>ται.</span> <span class='ocrx_word' id='word_1_295' title='bbox 334 2544 485 2597; x_wconf 79' lang='grc' dir='ltr'>Οὺάο</span> <span class='ocrx_word' id='word_1_296' title='bbox 511 2545 629 2597; x_wconf 87' lang='grc' dir='ltr'>δέον</span> <span class='ocrx_word' id='word_1_297' title='bbox 648 2541 741 2597; x_wconf 83' lang='grc' dir='ltr'><strong>οῦν</strong></span> <span class='ocrx_word' id='word_1_298' title='bbox 771 2544 867 2596; x_wconf 76' lang='grc' dir='ltr'>καὶ</span> <span class='ocrx_word' id='word_1_299' title='bbox 894 2545 1195 2612; x_wconf 84' lang='grc' dir='ltr'>στεφανοῦν</span> <span class='ocrx_word' id='word_1_300' title='bbox 1212 2545 1359 2615; x_wconf 81' lang='grc' dir='ltr'><strong>ήμᾶς</strong></span> <span class='ocrx_word' id='word_1_301' title='bbox 1383 2538 1767 2615; x_wconf 75' lang='grc' dir='ltr'>τοὺςάρνητὰς</span> 
     </span>
    </p>
   </div>
   <div class='ocr_carea' id='block_1_43' title="bbox 177 2634 1768 2706">
    <p class='ocr_par' dir='ltr' id='par_1_43' title="bbox 177 2634 1768 2706">
     <span class='ocr_line' id='line_1_43' title="bbox 177 2634 1768 2706; baseline -0.002 -16"><span class='ocrx_word' id='word_1_302' title='bbox 177 2635 282 2690; x_wconf 87' lang='grc' dir='ltr'><strong>τοῦ</strong></span> <span class='ocrx_word' id='word_1_303' title='bbox 342 2635 604 2706; x_wconf 81' lang='grc' dir='ltr'>Χριστοῦ,</span> <span class='ocrx_word' id='word_1_304' title='bbox 663 2635 757 2688; x_wconf 74' lang='grc' dir='ltr'>καὶ</span> <span class='ocrx_word' id='word_1_305' title='bbox 809 2634 1189 2704; x_wconf 78' lang='grc' dir='ltr'>σολυμνιάζειν</span> <span class='ocrx_word' id='word_1_306' title='bbox 1241 2635 1316 2698; x_wconf 85' lang='grc' dir='ltr'>ὡς</span> <span class='ocrx_word' id='word_1_307' title='bbox 1361 2635 1558 2688; x_wconf 85' lang='grc' dir='ltr'>ἐκεῖνοί</span> <span class='ocrx_word' id='word_1_308' title='bbox 1619 2653 1768 2698; x_wconf 89' lang='grc' dir='ltr'>τινας</span> 
     </span>
    </p>
   </div>
   <div class='ocr_carea' id='block_1_44' title="bbox 177 2722 1767 2794">
    <p class='ocr_par' dir='ltr' id='par_1_44' title="bbox 177 2722 1767 2794">
     <span class='ocr_line' id='line_1_44' title="bbox 177 2722 1767 2794; baseline -0.001 -14"><span class='ocrx_word' id='word_1_309' title='bbox 177 2727 445 2780; x_wconf 81' lang='grc' dir='ltr'>ἐκείνων.</span> <span class='ocrx_word' id='word_1_310' title='bbox 489 2725 778 2793; x_wconf 69' lang='grc' dir='ltr'>Ἀδελφοί,</span> <span class='ocrx_word' id='word_1_311' title='bbox 813 2724 1017 2793; x_wconf 85' lang='grc' dir='ltr'>δέομαι</span> <span class='ocrx_word' id='word_1_312' title='bbox 1052 2722 1238 2792; x_wconf 78' lang='grc' dir='ltr'>ὑμῶν,</span> <span class='ocrx_word' id='word_1_313' title='bbox 1260 2724 1346 2792; x_wconf 81' lang='grc' dir='ltr'>μὴ</span> <span class='ocrx_word' id='word_1_314' title='bbox 1375 2725 1583 2778; x_wconf 82' lang='grc' dir='ltr'>παιδία</span> <span class='ocrx_word' id='word_1_315' title='bbox 1612 2727 1767 2794; x_wconf 77' lang='grc' dir='ltr'>τίνε-</span> 
     </span>
    </p>
   </div>
   <div class='ocr_carea' id='block_1_45' title="bbox 174 2816 1767 2887">
    <p class='ocr_par' dir='ltr' id='par_1_45' title="bbox 174 2816 1767 2887">
     <span class='ocr_line' id='line_1_45' title="bbox 174 2816 1767 2887; baseline -0.003 -13"><span class='ocrx_word' id='word_1_316' title='bbox 174 2825 298 2874; x_wconf 83' lang='grc' dir='ltr'><strong>σθε</strong></span> <span class='ocrx_word' id='word_1_317' title='bbox 334 2818 471 2884; x_wconf 86' lang='grc' dir='ltr'>ταῖς</span> <span class='ocrx_word' id='word_1_318' title='bbox 508 2819 726 2886; x_wconf 71' lang='grc' dir='ltr'>φρεσίν</span> <span class='ocrx_word' id='word_1_319' title='bbox 746 2833 758 2849; x_wconf 77' lang='grc' dir='ltr'><strong>ο</strong></span> <span class='ocrx_word' id='word_1_320' title='bbox 791 2817 926 2870; x_wconf 80' lang='grc' dir='ltr'>ἀλλὰ</span> <span class='ocrx_word' id='word_1_321' title='bbox 957 2816 1263 2869; x_wconf 85' lang='grc' dir='ltr'>τελειοῦσθε</span> <span class='ocrx_word' id='word_1_322' title='bbox 1290 2816 1377 2869; x_wconf 80' lang='grc' dir='ltr'><strong>διά</strong></span> <span class='ocrx_word' id='word_1_323' title='bbox 1410 2818 1507 2886; x_wconf 82' lang='grc' dir='ltr'>τῆς</span> <span class='ocrx_word' id='word_1_324' title='bbox 1536 2818 1767 2887; x_wconf 80' lang='grc' dir='ltr'>ἀληθοῦς</span> 
     </span>
    </p>
   </div>
   <div class='ocr_carea' id='block_1_46' title="bbox 177 2913 1764 2985">
    <p class='ocr_par' dir='ltr' id='par_1_46' title="bbox 177 2913 1764 2985">
     <span class='ocr_line' id='line_1_46' title="bbox 177 2913 1764 2985; baseline -0.001 -17"><span class='ocrx_word' id='word_1_325' title='bbox 177 2915 566 2983; x_wconf 84' lang='grc' dir='ltr'>ἐπιγνώσεως.</span> <span class='ocrx_word' id='word_1_326' title='bbox 607 2916 741 2985; x_wconf 76' lang='grc' dir='ltr'>Περὶ</span> <span class='ocrx_word' id='word_1_327' title='bbox 780 2914 890 2968; x_wconf 85' lang='grc' dir='ltr'><strong>τῶν</strong></span> <span class='ocrx_word' id='word_1_328' title='bbox 929 2913 1034 2978; x_wconf 79' lang='grc' dir='ltr'><strong>ἔξω</strong></span> <span class='ocrx_word' id='word_1_329' title='bbox 1062 2915 1161 2984; x_wconf 78' lang='grc' dir='ltr'>τῆς</span> <span class='ocrx_word' id='word_1_330' title='bbox 1191 2913 1551 2984; x_wconf 85' lang='grc' dir='ltr'>ἁδελφότητος</span> <span class='ocrx_word' id='word_1_331' title='bbox 1586 2916 1764 2984; x_wconf 78' lang='grc' dir='ltr'>ἡμῶν,</span> 
     </span>
    </p>
   </div>
   <div class='ocr_carea' id='block_1_47' title="bbox 175 3003 1762 3077">
    <p class='ocr_par' dir='ltr' id='par_1_47' title="bbox 175 3003 1762 3077">
     <span class='ocr_line' id='line_1_47' title="bbox 175 3003 1762 3077; baseline -0.003 -17"><span class='ocrx_word' id='word_1_332' title='bbox 175 3008 265 3071; x_wconf 87' lang='grc' dir='ltr'><strong>τίς</strong></span> <span class='ocrx_word' id='word_1_333' title='bbox 327 3009 447 3077; x_wconf 82' lang='grc' dir='ltr'>είμι</span> <span class='ocrx_word' id='word_1_334' title='bbox 502 3003 684 3060; x_wconf 89' lang='grc' dir='ltr'>δοῦναι</span> <span class='ocrx_word' id='word_1_335' title='bbox 709 3006 905 3074; x_wconf 84' lang='grc' dir='ltr'>λόγον;</span> <span class='ocrx_word' id='word_1_336' title='bbox 951 3005 1012 3058; x_wconf 78' lang='lat' dir='ltr'><strong>El</strong></span> <span class='ocrx_word' id='word_1_337' title='bbox 1059 3004 1114 3057; x_wconf 87' lang='grc' dir='ltr'><strong>δέ</strong></span> <span class='ocrx_word' id='word_1_338' title='bbox 1161 3005 1257 3056; x_wconf 75' lang='grc' dir='ltr'>καὶ</span> <span class='ocrx_word' id='word_1_339' title='bbox 1297 3006 1598 3073; x_wconf 75' lang='grc' dir='ltr'>ἀναγκάζοι</span> <span class='ocrx_word' id='word_1_340' title='bbox 1646 3005 1762 3067; x_wconf 73' lang='grc' dir='ltr'>τίςο</span> 
     </span>
    </p>
   </div>
   <div class='ocr_carea' id='block_1_48' title="bbox 1869 1922 3438 1993">
    <p class='ocr_par' dir='ltr' id='par_1_48' title="bbox 1869 1922 3438 1993">
     <span class='ocr_line' id='line_1_48' title="bbox 1869 1922 3438 1993; baseline -0.002 -16"><span class='ocrx_word' id='word_1_341' title='bbox 1869 1939 2015 1987; x_wconf 88' lang='lat' dir='ltr'><strong>rens,</strong></span> <span class='ocrx_word' id='word_1_342' title='bbox 2050 1923 2371 1977; x_wconf 83' lang='lat' dir='ltr'><strong>orthodoxis</strong></span> <span class='ocrx_word' id='word_1_343' title='bbox 2401 1923 2620 1989; x_wconf 88' lang='lat' dir='ltr'><strong>iterum,</strong></span> <span class='ocrx_word' id='word_1_344' title='bbox 2653 1939 2774 1977; x_wconf 80' lang='lat' dir='ltr'><strong>mox</strong></span> <span class='ocrx_word' id='word_1_345' title='bbox 2830 1934 2890 1978; x_wconf 87' lang='lat' dir='ltr'><strong>ut</strong></span> <span class='ocrx_word' id='word_1_346' title='bbox 2930 1923 3055 1977; x_wconf 92' lang='lat' dir='ltr'><strong>facti</strong></span> <span class='ocrx_word' id='word_1_347' title='bbox 3104 1922 3438 1993; x_wconf 55' lang='lat' dir='ltr'><strong>paenituerit,</strong></span> 
     </span>
    </p>
   </div>
   <div class='ocr_carea' id='block_1_49' title="bbox 1868 2014 3441 2085">
    <p class='ocr_par' dir='ltr' id='par_1_49' title="bbox 1868 2014 3441 2085">
     <span class='ocr_line' id='line_1_49' title="bbox 1868 2014 3441 2085; baseline -0.004 -14"><span class='ocrx_word' id='word_1_348' title='bbox 1868 2016 1985 2071; x_wconf 90' lang='lat' dir='ltr'><strong>sine</strong></span> <span class='ocrx_word' id='word_1_349' title='bbox 2013 2030 2172 2084; x_wconf 67' lang='lat' dir='ltr'><strong>pmna</strong></span> <span class='ocrx_word' id='word_1_350' title='bbox 2204 2015 2308 2067; x_wconf 90' lang='lat' dir='ltr'><strong>ulla</strong></span> <span class='ocrx_word' id='word_1_351' title='bbox 2333 2030 2417 2068; x_wconf 87' lang='lat' dir='ltr'><strong>me</strong></span> <span class='ocrx_word' id='word_1_352' title='bbox 2449 2030 2676 2085; x_wconf 79' lang='lat' dir='ltr'><strong>aggrego</strong></span> <span class='ocrx_word' id='word_1_353' title='bbox 2700 2015 2722 2067; x_wconf 89' lang='lat'><strong>?</strong></span> <span class='ocrx_word' id='word_1_354' title='bbox 2747 2014 2921 2068; x_wconf 84' lang='lat' dir='ltr'><strong>Nolite</strong></span> <span class='ocrx_word' id='word_1_355' title='bbox 2947 2017 3122 2068; x_wconf 79' lang='lat' dir='ltr'><strong>seduci</strong></span> <span class='ocrx_word' id='word_1_356' title='bbox 3152 2033 3168 2068; x_wconf 91' lang='lat'><em>:</em></span> <span class='ocrx_word' id='word_1_357' title='bbox 3203 2030 3441 2068; x_wconf 80' lang='lat' dir='ltr'><strong>corrum—</strong></span> 
     </span>
    </p>
   </div>
   <div class='ocr_carea' id='block_1_50' title="bbox 1868 2100 3440 2173">
    <p class='ocr_par' dir='ltr' id='par_1_50' title="bbox 1868 2100 3440 2173">
     <span class='ocr_line' id='line_1_50' title="bbox 1868 2100 3440 2173; baseline -0.003 -16"><span class='ocrx_word' id='word_1_358' title='bbox 1868 2113 1996 2173; x_wconf 84' lang='lat' dir='ltr'><strong>punt</strong></span> <span class='ocrx_word' id='word_1_359' title='bbox 2022 2105 2178 2156; x_wconf 88' lang='lat' dir='ltr'><strong>bonos</strong></span> <span class='ocrx_word' id='word_1_360' title='bbox 2209 2119 2374 2156; x_wconf 87' lang='lat' dir='ltr'><strong>mores</strong></span> <span class='ocrx_word' id='word_1_361' title='bbox 2393 2101 2650 2171; x_wconf 85' lang='lat' dir='ltr'><strong>colloquia</strong></span> <span class='ocrx_word' id='word_1_362' title='bbox 2677 2119 2842 2169; x_wconf 84' lang='lat' dir='ltr'><strong>prava</strong></span> <span class='ocrx_word' id='word_1_363' title='bbox 2867 2103 2934 2154; x_wconf 69' lang='grc'><strong>⁷⁷.</strong></span> <span class='ocrx_word' id='word_1_364' title='bbox 2963 2101 3221 2172; x_wconf 84' lang='lat' dir='ltr'><strong>Evigilate</strong></span> <span class='ocrx_word' id='word_1_365' title='bbox 3252 2102 3304 2153; x_wconf 92' lang='lat' dir='ltr'><strong>in</strong></span> <span class='ocrx_word' id='word_1_366' title='bbox 3331 2100 3440 2153; x_wconf 89' lang='lat' dir='ltr'><strong>Do-</strong></span> 
     </span>
    </p>
   </div>
   <div class='ocr_carea' id='block_1_51' title="bbox 1868 2192 3438 2257">
    <p class='ocr_par' dir='ltr' id='par_1_51' title="bbox 1868 2192 3438 2257">
     <span class='ocr_line' id='line_1_51' title="bbox 1868 2192 3438 2257; baseline -0.003 -9"><span class='ocrx_word' id='word_1_367' title='bbox 1868 2195 2038 2248; x_wconf 90' lang='lat' dir='ltr'><strong>mino.</strong></span> <span class='ocrx_word' id='word_1_368' title='bbox 2077 2192 2204 2257; x_wconf 67' lang='lat' dir='ltr'><strong>Quae</strong></span> <span class='ocrx_word' id='word_1_369' title='bbox 2255 2201 2434 2246; x_wconf 86' lang='lat' dir='ltr'><strong>autem</strong></span> <span class='ocrx_word' id='word_1_370' title='bbox 2462 2194 2682 2246; x_wconf 78' lang='lat' dir='ltr'><strong>societas</strong></span> <span class='ocrx_word' id='word_1_371' title='bbox 2725 2193 2829 2245; x_wconf 87' lang='lat' dir='ltr'><strong>luci</strong></span> <span class='ocrx_word' id='word_1_372' title='bbox 2881 2194 2949 2244; x_wconf 92' lang='lat' dir='ltr'><strong>ad</strong></span> <span class='ocrx_word' id='word_1_373' title='bbox 2980 2193 3219 2244; x_wconf 77' lang='lat' dir='ltr'><strong>tenebras</strong></span> <span class='ocrx_word' id='word_1_374' title='bbox 3249 2192 3294 2222; x_wconf 78' lang='grc'><strong>⁷⁵</strong></span> <span class='ocrx_word' id='word_1_375' title='bbox 3328 2208 3340 2244; x_wconf 95' lang='lat'>:</span> <span class='ocrx_word' id='word_1_376' title='bbox 3381 2199 3438 2244; x_wconf 83' lang='lat' dir='ltr'><strong>ut</strong></span> 
     </span>
    </p>
   </div>
   <div class='ocr_carea' id='block_1_52' title="bbox 1868 2283 3441 2352">
    <p class='ocr_par' dir='ltr' id='par_1_52' title="bbox 1868 2283 3441 2352">
     <span class='ocr_line' id='line_1_52' title="bbox 1868 2283 3441 2352; baseline -0.004 -11"><span class='ocrx_word' id='word_1_377' title='bbox 1868 2286 2407 2341; x_wconf 89' lang='lat' dir='ltr'><strong>Christomachorum</strong></span> <span class='ocrx_word' id='word_1_378' title='bbox 2459 2283 2630 2337; x_wconf 90' lang='lat' dir='ltr'><strong>instar</strong></span> <span class='ocrx_word' id='word_1_379' title='bbox 2681 2299 2767 2338; x_wconf 90' lang='lat' dir='ltr'><strong>res</strong></span> <span class='ocrx_word' id='word_1_380' title='bbox 2817 2292 3014 2337; x_wconf 80' lang='lat' dir='ltr'><strong>nostra:</strong></span> <span class='ocrx_word' id='word_1_381' title='bbox 3071 2284 3376 2352; x_wconf 80' lang='lat' dir='ltr'><strong>dirigantur</strong></span> <span class='ocrx_word' id='word_1_382' title='bbox 3418 2283 3441 2335; x_wconf 90' lang='lat'><strong>?</strong></span> 
     </span>
    </p>
   </div>
   <div class='ocr_carea' id='block_1_53' title="bbox 1869 2377 3439 2449">
    <p class='ocr_par' dir='ltr' id='par_1_53' title="bbox 1869 2377 3439 2449">
     <span class='ocr_line' id='line_1_53' title="bbox 1869 2377 3439 2449; baseline -0.005 -14"><span class='ocrx_word' id='word_1_383' title='bbox 1869 2380 2135 2448; x_wconf 90' lang='lat' dir='ltr'><strong>Quoniam</strong></span> <span class='ocrx_word' id='word_1_384' title='bbox 2160 2380 2283 2449; x_wconf 89' lang='lat' dir='ltr'><strong>ipsi,</strong></span> <span class='ocrx_word' id='word_1_385' title='bbox 2314 2379 2583 2448; x_wconf 88' lang='lat' dir='ltr'><strong>inquiunt,</strong></span> <span class='ocrx_word' id='word_1_386' title='bbox 2617 2392 2711 2431; x_wconf 76' lang='lat' dir='ltr'><strong>eos</strong></span> <span class='ocrx_word' id='word_1_387' title='bbox 2736 2378 2825 2447; x_wconf 92' lang='lat' dir='ltr'><strong>qui</strong></span> <span class='ocrx_word' id='word_1_388' title='bbox 2851 2378 2919 2431; x_wconf 89' lang='lat' dir='ltr'><strong>ab</strong></span> <span class='ocrx_word' id='word_1_389' title='bbox 2954 2377 3252 2431; x_wconf 78' lang='lat' dir='ltr'><strong>orthodoxa</strong></span> <span class='ocrx_word' id='word_1_390' title='bbox 3285 2384 3439 2444; x_wconf 83' lang='lat' dir='ltr'><strong>parte</strong></span> 
     </span>
    </p>
   </div>
   <div class='ocr_carea' id='block_1_54' title="bbox 1868 2468 3435 2542">
    <p class='ocr_par' dir='ltr' id='par_1_54' title="bbox 1868 2468 3435 2542">
     <span class='ocr_line' id='line_1_54' title="bbox 1868 2468 3435 2542; baseline -0.007 -14"><span class='ocrx_word' id='word_1_391' title='bbox 1868 2475 2070 2529; x_wconf 88' lang='lat' dir='ltr'><strong>adillos</strong></span> <span class='ocrx_word' id='word_1_392' title='bbox 2093 2481 2394 2535; x_wconf 88' lang='lat' dir='ltr'><strong>transeunt,</strong></span> <span class='ocrx_word' id='word_1_393' title='bbox 2416 2487 2538 2526; x_wconf 92' lang='lat' dir='ltr'><strong>cum</strong></span> <span class='ocrx_word' id='word_1_394' title='bbox 2563 2471 2778 2542; x_wconf 86' lang='lat' dir='ltr'><strong>gaudio,</strong></span> <span class='ocrx_word' id='word_1_395' title='bbox 2817 2469 2960 2522; x_wconf 85' lang='lat' dir='ltr'><strong>nulla</strong></span> <span class='ocrx_word' id='word_1_396' title='bbox 2993 2484 3151 2538; x_wconf 72' lang='lat' dir='ltr'><strong>paena</strong></span> <span class='ocrx_word' id='word_1_397' title='bbox 3184 2468 3435 2536; x_wconf 81' lang='lat' dir='ltr'><strong>irrogata,</strong></span> 
     </span>
    </p>
   </div>
   <div class='ocr_carea' id='block_1_55' title="bbox 1868 2559 3440 2634">
    <p class='ocr_par' dir='ltr' id='par_1_55' title="bbox 1868 2559 3440 2634">
     <span class='ocr_line' id='line_1_55' title="bbox 1868 2559 3440 2634; baseline -0.007 -14"><span class='ocrx_word' id='word_1_398' title='bbox 1868 2567 2192 2634; x_wconf 89' lang='lat' dir='ltr'><strong>suscipiunt.</strong></span> <span class='ocrx_word' id='word_1_399' title='bbox 2217 2566 2308 2619; x_wconf 70' lang='lat' dir='ltr'><strong>Vae</strong></span> <span class='ocrx_word' id='word_1_400' title='bbox 2338 2581 2353 2630; x_wconf 89' lang='lat'><strong>;</strong></span> <span class='ocrx_word' id='word_1_401' title='bbox 2400 2580 2528 2634; x_wconf 86' lang='lat' dir='ltr'><strong>ergo</strong></span> <span class='ocrx_word' id='word_1_402' title='bbox 2557 2572 2610 2617; x_wconf 91' lang='lat' dir='ltr'><strong>ct</strong></span> <span class='ocrx_word' id='word_1_403' title='bbox 2637 2562 2930 2616; x_wconf 84' lang='lat' dir='ltr'><strong>coronandi</strong></span> <span class='ocrx_word' id='word_1_404' title='bbox 2976 2568 3103 2614; x_wconf 88' lang='lat' dir='ltr'><strong>sunt</strong></span> <span class='ocrx_word' id='word_1_405' title='bbox 3143 2559 3299 2612; x_wconf 83' lang='lat' dir='ltr'><strong>nobis</strong></span> <span class='ocrx_word' id='word_1_406' title='bbox 3343 2573 3440 2610; x_wconf 91' lang='lat' dir='ltr'><strong>ne-</strong></span> 
     </span>
    </p>
   </div>
   <div class='ocr_carea' id='block_1_56' title="bbox 1868 2650 3439 2729">
    <p class='ocr_par' dir='ltr' id='par_1_56' title="bbox 1868 2650 3439 2729">
     <span class='ocr_line' id='line_1_56' title="bbox 1868 2650 3439 2729; baseline -0.004 -18"><span class='ocrx_word' id='word_1_407' title='bbox 1868 2667 2078 2729; x_wconf 85' lang='lat' dir='ltr'><strong>gatores</strong></span> <span class='ocrx_word' id='word_1_408' title='bbox 2105 2657 2327 2720; x_wconf 83' lang='lat' dir='ltr'><strong>Christi,</strong></span> <span class='ocrx_word' id='word_1_409' title='bbox 2372 2665 2428 2709; x_wconf 90' lang='lat' dir='ltr'><strong>et</strong></span> <span class='ocrx_word' id='word_1_410' title='bbox 2473 2653 2701 2709; x_wconf 89' lang='lat' dir='ltr'><strong>solemni</strong></span> <span class='ocrx_word' id='word_1_411' title='bbox 2735 2654 2940 2707; x_wconf 83' lang='lat' dir='ltr'><strong>honore</strong></span> <span class='ocrx_word' id='word_1_412' title='bbox 2971 2650 3258 2710; x_wconf 80' lang='lat' dir='ltr'><strong>alliciendi,</strong></span> <span class='ocrx_word' id='word_1_413' title='bbox 3291 2660 3349 2703; x_wconf 92' lang='lat' dir='ltr'><strong>ut</strong></span> <span class='ocrx_word' id='word_1_414' title='bbox 3371 2650 3439 2704; x_wconf 88' lang='lat' dir='ltr'><strong>ab</strong></span> 
     </span>
    </p>
   </div>
   <div class='ocr_carea' id='block_1_57' title="bbox 1868 2745 3437 2820">
    <p class='ocr_par' dir='ltr' id='par_1_57' title="bbox 1868 2745 3437 2820">
     <span class='ocr_line' id='line_1_57' title="bbox 1868 2745 3437 2820; baseline -0.007 -16"><span class='ocrx_word' id='word_1_415' title='bbox 1868 2750 1974 2804; x_wconf 87' lang='lat' dir='ltr'><strong>illis</strong></span> <span class='ocrx_word' id='word_1_416' title='bbox 2021 2751 2237 2820; x_wconf 88' lang='lat' dir='ltr'><strong>quidam</strong></span> <span class='ocrx_word' id='word_1_417' title='bbox 2281 2764 2473 2804; x_wconf 89' lang='lat' dir='ltr'><strong>eorum</strong></span> <span class='ocrx_word' id='word_1_418' title='bbox 2511 2747 2686 2800; x_wconf 80' lang='lat' dir='ltr'><strong>aiIecti</strong></span> <span class='ocrx_word' id='word_1_419' title='bbox 2726 2756 2872 2800; x_wconf 90' lang='lat' dir='ltr'><strong>sunt.</strong></span> <span class='ocrx_word' id='word_1_420' title='bbox 2912 2745 3147 2806; x_wconf 82' lang='lat' dir='ltr'><strong>Fratres,</strong></span> <span class='ocrx_word' id='word_1_421' title='bbox 3191 2760 3280 2794; x_wconf 89' lang='lat' dir='ltr'><strong>oro</strong></span> <span class='ocrx_word' id='word_1_422' title='bbox 3325 2760 3437 2804; x_wconf 85' lang='lat' dir='ltr'><strong>vos,</strong></span> 
     </span>
    </p>
   </div>
   <div class='ocr_carea' id='block_1_58' title="bbox 1869 2834 3438 2912">
    <p class='ocr_par' dir='ltr' id='par_1_58' title="bbox 1869 2834 3438 2912">
     <span class='ocr_line' id='line_1_58' title="bbox 1869 2834 3438 2912; baseline -0.006 -16"><span class='ocrx_word' id='word_1_423' title='bbox 1869 2843 2027 2896; x_wconf 82' lang='lat' dir='ltr'><strong>nolite</strong></span> <span class='ocrx_word' id='word_1_424' title='bbox 2072 2843 2220 2912; x_wconf 75' lang='lat' dir='ltr'><strong>pueri</strong></span> <span class='ocrx_word' id='word_1_425' title='bbox 2271 2842 2397 2910; x_wconf 73' lang='lat' dir='ltr'><strong>eﬁici</strong></span> <span class='ocrx_word' id='word_1_426' title='bbox 2423 2840 2654 2894; x_wconf 79' lang='lat' dir='ltr'><strong>sensibus</strong></span> <span class='ocrx_word' id='word_1_427' title='bbox 2685 2840 2752 2902; x_wconf 67' lang='grc' dir='ltr'><strong>τί,</strong></span> <span class='ocrx_word' id='word_1_428' title='bbox 2784 2838 2879 2891; x_wconf 92' lang='lat' dir='ltr'><strong>sed</strong></span> <span class='ocrx_word' id='word_1_429' title='bbox 2915 2853 3013 2906; x_wconf 90' lang='lat' dir='ltr'><strong>per</strong></span> <span class='ocrx_word' id='word_1_430' title='bbox 3046 2851 3227 2889; x_wconf 85' lang='lat' dir='ltr'><strong>veram</strong></span> <span class='ocrx_word' id='word_1_431' title='bbox 3259 2834 3438 2888; x_wconf 86' lang='lat' dir='ltr'><strong>scien-</strong></span> 
     </span>
    </p>
   </div>
   <div class='ocr_carea' id='block_1_59' title="bbox 1868 2926 3436 3003">
    <p class='ocr_par' dir='ltr' id='par_1_59' title="bbox 1868 2926 3436 3003">
     <span class='ocr_line' id='line_1_59' title="bbox 1868 2926 3436 3003; baseline -0.006 -16"><span class='ocrx_word' id='word_1_432' title='bbox 1868 2933 1997 2987; x_wconf 89' lang='lat' dir='ltr'><strong>tiam</strong></span> <span class='ocrx_word' id='word_1_433' title='bbox 2053 2933 2392 3003; x_wconf 87' lang='lat' dir='ltr'><strong>perficimini.</strong></span> <span class='ocrx_word' id='word_1_434' title='bbox 2427 2931 2500 2985; x_wconf 88' lang='lat' dir='ltr'><strong>De</strong></span> <span class='ocrx_word' id='word_1_435' title='bbox 2541 2932 2627 2985; x_wconf 88' lang='lat' dir='ltr'><strong>his</strong></span> <span class='ocrx_word' id='word_1_436' title='bbox 2651 2937 2830 2984; x_wconf 88' lang='lat' dir='ltr'><strong>autem</strong></span> <span class='ocrx_word' id='word_1_437' title='bbox 2866 2929 2958 2998; x_wconf 92' lang='lat' dir='ltr'><strong>qui</strong></span> <span class='ocrx_word' id='word_1_438' title='bbox 3003 2937 3153 2981; x_wconf 85' lang='lat' dir='ltr'><strong>extra</strong></span> <span class='ocrx_word' id='word_1_439' title='bbox 3180 2926 3436 2980; x_wconf 90' lang='lat' dir='ltr'><strong>fraterni-</strong></span> 
     </span>
    </p>
   </div>
   <div class='ocr_carea' id='block_1_60' title="bbox 1869 3017 3439 3092">
    <p class='ocr_par' dir='ltr' id='par_1_60' title="bbox 1869 3017 3439 3092">
     <span class='ocr_line' id='line_1_60' title="bbox 1869 3017 3439 3092; baseline -0.007 -14"><span class='ocrx_word' id='word_1_440' title='bbox 1869 3034 2034 3078; x_wconf 86' lang='lat' dir='ltr'><strong>tatem</strong></span> <span class='ocrx_word' id='word_1_441' title='bbox 2067 3033 2308 3078; x_wconf 89' lang='lat' dir='ltr'><strong>nostram</strong></span> <span class='ocrx_word' id='word_1_442' title='bbox 2327 3032 2472 3087; x_wconf 90' lang='lat' dir='ltr'><strong>sunt,</strong></span> <span class='ocrx_word' id='word_1_443' title='bbox 2499 3022 2623 3091; x_wconf 92' lang='lat' dir='ltr'><strong>quis</strong></span> <span class='ocrx_word' id='word_1_444' title='bbox 2643 3037 2742 3092; x_wconf 85' lang='lat' dir='ltr'><strong>ego</strong></span> <span class='ocrx_word' id='word_1_445' title='bbox 2773 3035 2892 3074; x_wconf 93' lang='lat' dir='ltr'><strong>sum</strong></span> <span class='ocrx_word' id='word_1_446' title='bbox 2923 3029 2980 3072; x_wconf 91' lang='lat' dir='ltr'><strong>ut</strong></span> <span class='ocrx_word' id='word_1_447' title='bbox 3007 3020 3168 3073; x_wconf 89' lang='lat' dir='ltr'><strong>verba</strong></span> <span class='ocrx_word' id='word_1_448' title='bbox 3201 3017 3388 3069; x_wconf 84' lang='lat' dir='ltr'><strong>faciam</strong></span> <span class='ocrx_word' id='word_1_449' title='bbox 3415 3017 3439 3068; x_wconf 87' lang='lat'><strong>?</strong></span> 
     </span>
    </p>
   </div>
   <div class='ocr_carea' id='block_1_61' title="bbox 177 3091 1761 3197">
    <p class='ocr_par' dir='ltr' id='par_1_61' title="bbox 177 3091 1761 3169">
     <span class='ocr_line' id='line_1_61' title="bbox 177 3091 1761 3169; baseline -0.002 -18"><span class='ocrx_word' id='word_1_450' title='bbox 177 3099 379 3169; x_wconf 83' lang='grc' dir='ltr'>ἐπειδὴ</span> <span class='ocrx_word' id='word_1_451' title='bbox 428 3098 466 3165; x_wconf 73' lang='grc' dir='ltr'>ἡ</span> <span class='ocrx_word' id='word_1_452' title='bbox 518 3096 719 3166; x_wconf 81' lang='grc' dir='ltr'>ἀγάπη</span> <span class='ocrx_word' id='word_1_453' title='bbox 753 3097 1045 3164; x_wconf 79' lang='grc' dir='ltr'>πλήρωμα</span> <span class='ocrx_word' id='word_1_454' title='bbox 1090 3091 1250 3149; x_wconf 83' lang='grc' dir='ltr'>οὖσα</span> <span class='ocrx_word' id='word_1_455' title='bbox 1293 3099 1482 3164; x_wconf 82' lang='grc' dir='ltr'>νόμου</span> <span class='ocrx_word' id='word_1_456' title='bbox 1517 3097 1629 3166; x_wconf 75' lang='grc' dir='ltr'>ἔχει</span> <span class='ocrx_word' id='word_1_457' title='bbox 1671 3097 1761 3148; x_wconf 77' lang='grc' dir='ltr'>καὶ</span> 
     </span>
    </p>
   </div>
   <div class='ocr_carea' id='block_1_62' title="bbox 1869 3091 3437 3197">
    <p class='ocr_par' dir='ltr' id='par_1_62' title="bbox 1869 3091 3437 3184">
     <span class='ocr_line' id='line_1_62' title="bbox 1869 3091 3437 3184; baseline -0.006 -15"><span class='ocrx_word' id='word_1_458' title='bbox 1869 3115 1920 3169; x_wconf 93' lang='lat' dir='ltr'><strong>Si</strong></span> <span class='ocrx_word' id='word_1_459' title='bbox 1953 3124 2109 3184; x_wconf 84' lang='lat' dir='ltr'><strong>cogat</strong></span> <span class='ocrx_word' id='word_1_460' title='bbox 2157 3123 2334 3166; x_wconf 87' lang='lat' dir='ltr'><strong>tamen</strong></span> <span class='ocrx_word' id='word_1_461' title='bbox 2364 3113 2630 3181; x_wconf 83' lang='lat' dir='ltr'><strong>quispiam</strong></span> <span class='ocrx_word' id='word_1_462' title='bbox 2656 3091 2967 3179; x_wconf 47' lang='lat' dir='ltr'><strong>{quoniam</strong></span> <span class='ocrx_word' id='word_1_463' title='bbox 3014 3125 3132 3174; x_wconf 66' lang='lat' dir='ltr'><strong>quae</strong></span> <span class='ocrx_word' id='word_1_464' title='bbox 3167 3108 3437 3175; x_wconf 84' lang='lat' dir='ltr'><strong>plenitudo</strong></span> 
     </span>
    </p>
   </div>
   <div class='ocr_carea' id='block_1_63' title="bbox 174 3188 1722 3259">
    <p class='ocr_par' dir='ltr' id='par_1_63' title="bbox 174 3188 1722 3259">
     <span class='ocr_line' id='line_1_63' title="bbox 174 3188 1722 3259; baseline -0.003 -15"><span class='ocrx_word' id='word_1_465' title='bbox 174 3192 282 3259; x_wconf 77' lang='grc' dir='ltr'>τὴν</span> <span class='ocrx_word' id='word_1_466' title='bbox 322 3189 541 3244; x_wconf 79' lang='grc' dir='ltr'>πειθώο</span> <span class='ocrx_word' id='word_1_467' title='bbox 571 3188 728 3241; x_wconf 85' lang='grc' dir='ltr'>τοῦτό</span> <span class='ocrx_word' id='word_1_468' title='bbox 777 3206 919 3258; x_wconf 88' lang='grc' dir='ltr'>φημι</span> <span class='ocrx_word' id='word_1_469' title='bbox 963 3188 990 3241; x_wconf 83' lang='grc' dir='ltr'><strong>ὃ</strong></span> <span class='ocrx_word' id='word_1_470' title='bbox 1025 3189 1117 3241; x_wconf 72' lang='grc' dir='ltr'>καὶ</span> <span class='ocrx_word' id='word_1_471' title='bbox 1150 3189 1241 3241; x_wconf 85' lang='grc' dir='ltr'><strong>ἐττί</strong></span> <span class='ocrx_word' id='word_1_472' title='bbox 1286 3188 1393 3241; x_wconf 85' lang='grc' dir='ltr'>τῶν</span> <span class='ocrx_word' id='word_1_473' title='bbox 1438 3188 1722 3257; x_wconf 82' lang='grc' dir='ltr'>ἡμετέρων</span> 
     </span>
    </p>
   </div>
   <div class='ocr_carea' id='block_1_64' title="bbox 175 3278 1760 3352">
    <p class='ocr_par' dir='ltr' id='par_1_64' title="bbox 175 3278 1760 3352">
     <span class='ocr_line' id='line_1_64' title="bbox 175 3278 1760 3352; baseline -0.001 -18"><span class='ocrx_word' id='word_1_474' title='bbox 175 3281 462 3351; x_wconf 62' lang='grc' dir='ltr'><strong>ἡμεδαποὶ¹</strong></span> <span class='ocrx_word' id='word_1_475' title='bbox 511 3280 621 3352; x_wconf 84' lang='grc' dir='ltr'><strong>γὰρ</strong></span> <span class='ocrx_word' id='word_1_476' title='bbox 671 3280 934 3333; x_wconf 85' lang='grc' dir='ltr'>κάκεῖνοι.</span> <span class='ocrx_word' id='word_1_477' title='bbox 967 3278 1344 3350; x_wconf 84' lang='grc' dir='ltr'>Πρεσϐύτερος</span> <span class='ocrx_word' id='word_1_478' title='bbox 1375 3278 1486 3331; x_wconf 74' lang='grc' dir='ltr'>εἴτε</span> <span class='ocrx_word' id='word_1_479' title='bbox 1515 3280 1760 3348; x_wconf 80' lang='grc' dir='ltr'>ὑπογρά-</span> 
     </span>
    </p>
   </div>
   <div class='ocr_carea' id='block_1_65' title="bbox 173 3370 1757 3443">
    <p class='ocr_par' dir='ltr' id='par_1_65' title="bbox 173 3370 1757 3443">
     <span class='ocr_line' id='line_1_65' title="bbox 173 3370 1757 3443; baseline -0.005 -14"><span class='ocrx_word' id='word_1_480' title='bbox 173 3374 311 3443; x_wconf 74' lang='grc' dir='ltr'>ψας,</span> <span class='ocrx_word' id='word_1_481' title='bbox 348 3376 462 3427; x_wconf 78' lang='grc' dir='ltr'>εἴτε</span> <span class='ocrx_word' id='word_1_482' title='bbox 491 3375 830 3443; x_wconf 86' lang='grc' dir='ltr'>κοινωνήσας</span> <span class='ocrx_word' id='word_1_483' title='bbox 861 3373 1012 3443; x_wconf 77' lang='grc' dir='ltr'>φόϐῳ</span> <span class='ocrx_word' id='word_1_484' title='bbox 1047 3372 1120 3443; x_wconf 88' lang='grc' dir='ltr'>μὴ</span> <span class='ocrx_word' id='word_1_485' title='bbox 1144 3373 1324 3443; x_wconf 79' lang='grc' dir='ltr'>φέρων</span> <span class='ocrx_word' id='word_1_486' title='bbox 1357 3371 1453 3438; x_wconf 79' lang='grc' dir='ltr'>τὴν</span> <span class='ocrx_word' id='word_1_487' title='bbox 1493 3370 1757 3433; x_wconf 87' lang='grc' dir='ltr'>κάκωσιν,</span> 
     </span>
    </p>
   </div>
   <div class='ocr_carea' id='block_1_66' title="bbox 178 3463 1762 3536">
    <p class='ocr_par' dir='ltr' id='par_1_66' title="bbox 178 3463 1762 3536">
     <span class='ocr_line' id='line_1_66' title="bbox 178 3463 1762 3536; baseline -0.004 -17"><span class='ocrx_word' id='word_1_488' title='bbox 178 3466 462 3536; x_wconf 70' lang='grc' dir='ltr'>εἰργέσθω</span> <span class='ocrx_word' id='word_1_489' title='bbox 491 3466 593 3536; x_wconf 81' lang='grc' dir='ltr'>τῆς</span> <span class='ocrx_word' id='word_1_490' title='bbox 623 3467 924 3527; x_wconf 89' lang='grc' dir='ltr'>κοινωνίας.</span> <span class='ocrx_word' id='word_1_491' title='bbox 960 3465 1116 3518; x_wconf 82' lang='grc' dir='ltr'>Κατὰ</span> <span class='ocrx_word' id='word_1_492' title='bbox 1145 3463 1380 3534; x_wconf 87' lang='grc' dir='ltr'>Χριστοῦ</span> <span class='ocrx_word' id='word_1_493' title='bbox 1425 3463 1532 3533; x_wconf 84' lang='grc' dir='ltr'>γὰρ</span> <span class='ocrx_word' id='word_1_494' title='bbox 1573 3479 1762 3514; x_wconf 87' lang='grc' dir='ltr'>κοινω-</span> 
     </span>
    </p>
   </div>
   <div class='ocr_carea' id='block_1_67' title="bbox 177 3552 1762 3630">
    <p class='ocr_par' dir='ltr' id='par_1_67' title="bbox 177 3552 1762 3630">
     <span class='ocr_line' id='line_1_67' title="bbox 177 3552 1762 3630; baseline -0.004 -19"><span class='ocrx_word' id='word_1_495' title='bbox 177 3561 378 3630; x_wconf 86' lang='grc' dir='ltr'>νήσας.</span> <span class='ocrx_word' id='word_1_496' title='bbox 411 3560 531 3622; x_wconf 79' lang='grc' dir='ltr'>πῶς</span> <span class='ocrx_word' id='word_1_497' title='bbox 563 3559 765 3612; x_wconf 82' lang='grc' dir='ltr'>δύναιτ’</span> <span class='ocrx_word' id='word_1_498' title='bbox 797 3559 861 3611; x_wconf 83' lang='grc' dir='ltr'>ἂν</span> <span class='ocrx_word' id='word_1_499' title='bbox 885 3557 1105 3628; x_wconf 87' lang='grc' dir='ltr'>Χριστῴ</span> <span class='ocrx_word' id='word_1_500' title='bbox 1149 3559 1460 3620; x_wconf 87' lang='grc' dir='ltr'>κοινωνεῖν;</span> <span class='ocrx_word' id='word_1_501' title='bbox 1503 3556 1613 3618; x_wconf 75' lang='grc' dir='ltr'><strong>Τῆς</strong></span> <span class='ocrx_word' id='word_1_502' title='bbox 1652 3552 1762 3623; x_wconf 84' lang='grc' dir='ltr'><strong>γάρ</strong></span> 
     </span>
    </p>
   </div>
   <div class='ocr_carea' id='block_1_68' title="bbox 179 3642 1762 3717">
    <p class='ocr_par' dir='ltr' id='par_1_68' title="bbox 179 3642 1762 3717">
     <span class='ocr_line' id='line_1_68' title="bbox 179 3642 1762 3717; baseline -0.002 -20"><span class='ocrx_word' id='word_1_503' title='bbox 179 3648 574 3717; x_wconf 81' lang='grc' dir='ltr'>ἐγκρατήσεως</span> <span class='ocrx_word' id='word_1_504' title='bbox 625 3646 726 3714; x_wconf 77' lang='grc' dir='ltr'>τῆς</span> <span class='ocrx_word' id='word_1_505' title='bbox 783 3645 1094 3714; x_wconf 87' lang='grc' dir='ltr'>ἱερουργίας</span> <span class='ocrx_word' id='word_1_506' title='bbox 1137 3643 1286 3714; x_wconf 81' lang='grc' dir='ltr'>παρὰ</span> <span class='ocrx_word' id='word_1_507' title='bbox 1330 3642 1609 3713; x_wconf 85' lang='grc' dir='ltr'>συνοδικῆς</span> <span class='ocrx_word' id='word_1_508' title='bbox 1647 3644 1762 3694; x_wconf 88' lang='grc' dir='ltr'>ἐπι-</span> 
     </span>
    </p>
   </div>
   <div class='ocr_carea' id='block_1_69' title="bbox 179 3731 1763 3811">
    <p class='ocr_par' dir='ltr' id='par_1_69' title="bbox 179 3731 1763 3811">
     <span class='ocr_line' id='line_1_69' title="bbox 179 3731 1763 3811; baseline -0.003 -18"><span class='ocrx_word' id='word_1_509' title='bbox 179 3740 440 3808; x_wconf 82' lang='grc' dir='ltr'>σκέψεως</span> <span class='ocrx_word' id='word_1_510' title='bbox 473 3743 506 3811; x_wconf 81' lang='grc' dir='ltr'>ἡ</span> <span class='ocrx_word' id='word_1_511' title='bbox 537 3740 712 3803; x_wconf 86' lang='grc' dir='ltr'>λύσις.</span> <span class='ocrx_word' id='word_1_512' title='bbox 755 3739 814 3793; x_wconf 88' lang='grc'><strong>’0</strong></span> <span class='ocrx_word' id='word_1_513' title='bbox 850 3739 1009 3805; x_wconf 80' lang='grc' dir='ltr'>δόξας</span> <span class='ocrx_word' id='word_1_514' title='bbox 1044 3739 1184 3809; x_wconf 77' lang='grc' dir='ltr'>μετά</span> <span class='ocrx_word' id='word_1_515' title='bbox 1210 3738 1309 3808; x_wconf 81' lang='grc' dir='ltr'>τὴν</span> <span class='ocrx_word' id='word_1_516' title='bbox 1353 3731 1524 3807; x_wconf 80' lang='grc' dir='ltr'>ἧτταν</span> <span class='ocrx_word' id='word_1_517' title='bbox 1551 3737 1763 3789; x_wconf 80' lang='grc' dir='ltr'>ἀναπα·</span> 
     </span>
    </p>
   </div>
   <div class='ocr_carea' id='block_1_70' title="bbox 179 3825 1760 3902">
    <p class='ocr_par' dir='ltr' id='par_1_70' title="bbox 179 3825 1760 3902">
     <span class='ocr_line' id='line_1_70' title="bbox 179 3825 1760 3902; baseline -0.003 -18"><span class='ocrx_word' id='word_1_518' title='bbox 179 3832 369 3886; x_wconf 84' lang='grc' dir='ltr'>λαῖσαι</span> <span class='ocrx_word' id='word_1_519' title='bbox 392 3850 404 3862; x_wconf 91' lang='grc'>·</span> <span class='ocrx_word' id='word_1_520' title='bbox 425 3832 785 3902; x_wconf 87' lang='grc' dir='ltr'>άποχωρείτω</span> <span class='ocrx_word' id='word_1_521' title='bbox 813 3831 908 3884; x_wconf 87' lang='grc' dir='ltr'><strong>τοῦ</strong></span> <span class='ocrx_word' id='word_1_522' title='bbox 932 3833 987 3883; x_wconf 87' lang='grc' dir='ltr'><strong>ἐν</strong></span> <span class='ocrx_word' id='word_1_523' title='bbox 1009 3825 1051 3897; x_wconf 82' lang='grc' dir='ltr'>ᾧ</span> <span class='ocrx_word' id='word_1_524' title='bbox 1079 3830 1371 3894; x_wconf 76' lang='grc' dir='ltr'>ἐκαθέζετο</span> <span class='ocrx_word' id='word_1_525' title='bbox 1399 3830 1528 3899; x_wconf 77' lang='grc' dir='ltr'>πρὶν</span> <span class='ocrx_word' id='word_1_526' title='bbox 1550 3828 1716 3880; x_wconf 86' lang='grc' dir='ltr'>τόπου</span> <span class='ocrx_word' id='word_1_527' title='bbox 1741 3841 1760 3858; x_wconf 78' lang='grc' dir='ltr'><strong>ο</strong></span> 
     </span>
    </p>
   </div>
   <div class='ocr_carea' id='block_1_71' title="bbox 179 3919 1758 3993">
    <p class='ocr_par' dir='ltr' id='par_1_71' title="bbox 179 3919 1758 3993">
     <span class='ocr_line' id='line_1_71' title="bbox 179 3919 1758 3993; baseline -0.002 -19"><span class='ocrx_word' id='word_1_528' title='bbox 179 3923 305 3976; x_wconf 77' lang='grc' dir='ltr'>ἐπεὶ</span> <span class='ocrx_word' id='word_1_529' title='bbox 338 3923 458 3986; x_wconf 81' lang='grc' dir='ltr'><strong>πῶς</strong></span> <span class='ocrx_word' id='word_1_530' title='bbox 489 3924 869 3992; x_wconf 77' lang='grc' dir='ltr'>γνωσθήσεται</span> <span class='ocrx_word' id='word_1_531' title='bbox 914 3923 1063 3993; x_wconf 80' lang='grc' dir='ltr'>αὐτῷ</span> <span class='ocrx_word' id='word_1_532' title='bbox 1113 3940 1170 3976; x_wconf 90' lang='grc' dir='ltr'><strong>τε</strong></span> <span class='ocrx_word' id='word_1_533' title='bbox 1219 3922 1411 3992; x_wconf 81' lang='grc' dir='ltr'>ἐκείνῳ</span> <span class='ocrx_word' id='word_1_534' title='bbox 1449 3923 1482 3991; x_wconf 88' lang='grc' dir='ltr'>ἠ</span> <span class='ocrx_word' id='word_1_535' title='bbox 1524 3919 1758 3990; x_wconf 79' lang='grc' dir='ltr'>ἄρνησις</span> 
     </span>
    </p>
   </div>
   <div class='ocr_carea' id='block_1_72' title="bbox 179 4015 912 4085">
    <p class='ocr_par' dir='ltr' id='par_1_72' title="bbox 179 4015 912 4085">
     <span class='ocr_line' id='line_1_72' title="bbox 179 4015 912 4085; baseline -0.001 -16"><span class='ocrx_word' id='word_1_536' title='bbox 179 4016 250 4085; x_wconf 78' lang='grc' dir='ltr'>ἢν</span> <span class='ocrx_word' id='word_1_537' title='bbox 278 4017 494 4085; x_wconf 81' lang='grc' dir='ltr'>ὑπέστη</span> <span class='ocrx_word' id='word_1_538' title='bbox 515 4055 531 4081; x_wconf 92' lang='grc'><strong>,</strong></span> <span class='ocrx_word' id='word_1_539' title='bbox 565 4016 661 4069; x_wconf 73' lang='grc' dir='ltr'>καὶ</span> <span class='ocrx_word' id='word_1_540' title='bbox 690 4015 870 4079; x_wconf 79' lang='grc' dir='ltr'>ἄλλοις</span> <span class='ocrx_word' id='word_1_541' title='bbox 896 4032 912 4081; x_wconf 86' lang='grc'><strong>;</strong></span> 
     </span>
    </p>
   </div>
   <div class='ocr_carea' id='block_1_73' title="bbox 252 4188 1761 4262">
    <p class='ocr_par' dir='ltr' id='par_1_73' title="bbox 252 4188 1761 4262">
     <span class='ocr_line' id='line_1_73' title="bbox 252 4188 1761 4262; baseline -0.006 -15"><span class='ocrx_word' id='word_1_542' title='bbox 252 4189 333 4247; x_wconf 86' lang='grc' dir='ltr'><strong>Οὐ</strong></span> <span class='ocrx_word' id='word_1_543' title='bbox 411 4190 576 4262; x_wconf 87' lang='grc' dir='ltr'>χωρῶ</span> <span class='ocrx_word' id='word_1_544' title='bbox 644 4191 932 4260; x_wconf 75' lang='grc' dir='ltr'>ἐπιτρέψαι</span> <span class='ocrx_word' id='word_1_545' title='bbox 975 4206 990 4222; x_wconf 76' lang='grc' dir='ltr'><strong>ο</strong></span> <span class='ocrx_word' id='word_1_546' title='bbox 1029 4189 1115 4243; x_wconf 86' lang='grc' dir='ltr'><strong>ἐπ’</strong></span> <span class='ocrx_word' id='word_1_547' title='bbox 1170 4188 1236 4243; x_wconf 83' lang='grc' dir='ltr'>ἂν</span> <span class='ocrx_word' id='word_1_548' title='bbox 1286 4190 1321 4258; x_wconf 83' lang='grc' dir='ltr'><strong>ή</strong></span> <span class='ocrx_word' id='word_1_549' title='bbox 1396 4189 1761 4252; x_wconf 82' lang='grc' dir='ltr'>ἀναπάλαισις</span> 
     </span>
    </p>
   </div>
   <div class='ocr_carea' id='block_1_74' title="bbox 182 4283 1761 4354">
    <p class='ocr_par' dir='ltr' id='par_1_74' title="bbox 182 4283 1761 4354">
     <span class='ocr_line' id='line_1_74' title="bbox 182 4283 1761 4354; baseline 0 -19"><span class='ocrx_word' id='word_1_550' title='bbox 182 4283 350 4336; x_wconf 83' lang='grc' dir='ltr'>αὑτοῦ</span> <span class='ocrx_word' id='word_1_551' title='bbox 382 4283 618 4354; x_wconf 83' lang='grc' dir='ltr'>μάλιστα</span> <span class='ocrx_word' id='word_1_552' title='bbox 634 4284 733 4336; x_wconf 84' lang='grc' dir='ltr'>οὐκ</span> <span class='ocrx_word' id='word_1_553' title='bbox 761 4284 978 4351; x_wconf 87' lang='grc' dir='ltr'>ἐγένετο</span> <span class='ocrx_word' id='word_1_554' title='bbox 1012 4285 1068 4335; x_wconf 90' lang='grc' dir='ltr'><strong>ἐν</strong></span> <span class='ocrx_word' id='word_1_555' title='bbox 1102 4284 1357 4353; x_wconf 77' lang='grc' dir='ltr'>ἐπισήμῳ</span> <span class='ocrx_word' id='word_1_556' title='bbox 1387 4284 1496 4336; x_wconf 80' lang='grc' dir='ltr'>τινὶ</span> <span class='ocrx_word' id='word_1_557' title='bbox 1525 4284 1761 4352; x_wconf 78' lang='grc' dir='ltr'>δράματι</span> 
     </span>
    </p>
   </div>
   <div class='ocr_carea' id='block_1_75' title="bbox 181 4372 1759 4448">
    <p class='ocr_par' dir='ltr' id='par_1_75' title="bbox 181 4372 1759 4448">
     <span class='ocr_line' id='line_1_75' title="bbox 181 4372 1759 4448; baseline 0.001 -20"><span class='ocrx_word' id='word_1_558' title='bbox 181 4372 295 4430; x_wconf 73' lang='grc' dir='ltr'>οἷον</span> <span class='ocrx_word' id='word_1_559' title='bbox 334 4381 429 4433; x_wconf 79' lang='grc' dir='ltr'>ἐπὶ</span> <span class='ocrx_word' id='word_1_560' title='bbox 468 4378 562 4433; x_wconf 94' lang='grc' dir='ltr'><strong>τοῦ</strong></span> <span class='ocrx_word' id='word_1_561' title='bbox 592 4378 932 4441; x_wconf 87' lang='grc' dir='ltr'>Λαοδικείας.</span> <span class='ocrx_word' id='word_1_562' title='bbox 963 4379 1098 4430; x_wconf 83' lang='grc' dir='ltr'><strong>Οὐδὲ</strong></span> <span class='ocrx_word' id='word_1_563' title='bbox 1131 4378 1238 4448; x_wconf 77' lang='grc' dir='ltr'><strong>γάρ</strong></span> <span class='ocrx_word' id='word_1_564' title='bbox 1290 4378 1482 4448; x_wconf 86' lang='grc' dir='ltr'>ἐκείνῳ</span> <span class='ocrx_word' id='word_1_565' title='bbox 1515 4378 1759 4445; x_wconf 82' lang='grc' dir='ltr'>συμϐου-</span> 
     </span>
    </p>
   </div>
   <div class='ocr_carea' id='block_1_76' title="bbox 1867 3199 3435 3276">
    <p class='ocr_par' dir='ltr' id='par_1_76' title="bbox 1867 3199 3435 3276">
     <span class='ocr_line' id='line_1_76' title="bbox 1867 3199 3435 3276; baseline -0.004 -18"><span class='ocrx_word' id='word_1_566' title='bbox 1867 3206 1991 3276; x_wconf 85' lang='lat' dir='ltr'><strong>legis</strong></span> <span class='ocrx_word' id='word_1_567' title='bbox 2027 3214 2100 3258; x_wconf 87' lang='lat' dir='ltr'><strong>est</strong></span> <span class='ocrx_word' id='word_1_568' title='bbox 2124 3205 2334 3258; x_wconf 84' lang='lat' dir='ltr'><strong>dilectio</strong></span> <span class='ocrx_word' id='word_1_569' title='bbox 2360 3205 2427 3269; x_wconf 72' lang='grc' dir='ltr'><strong>ευ,</strong></span> <span class='ocrx_word' id='word_1_570' title='bbox 2458 3218 2609 3257; x_wconf 90' lang='lat' dir='ltr'><strong>suam</strong></span> <span class='ocrx_word' id='word_1_571' title='bbox 2644 3217 2858 3271; x_wconf 88' lang='lat' dir='ltr'><strong>quoque</strong></span> <span class='ocrx_word' id='word_1_572' title='bbox 2894 3200 3168 3256; x_wconf 90' lang='lat' dir='ltr'><strong>suadelam</strong></span> <span class='ocrx_word' id='word_1_573' title='bbox 3214 3199 3381 3252; x_wconf 85' lang='lat' dir='ltr'><strong>habet</strong></span> <span class='ocrx_word' id='word_1_574' title='bbox 3420 3216 3435 3251; x_wconf 93' lang='lat'><strong>:</strong></span> 
     </span>
    </p>
   </div>
   <div class='ocr_carea' id='block_1_77' title="bbox 1865 3287 3436 3363">
    <p class='ocr_par' dir='ltr' id='par_1_77' title="bbox 1865 3287 3436 3363">
     <span class='ocr_line' id='line_1_77' title="bbox 1865 3287 3436 3363; baseline -0.008 -13"><span class='ocrx_word' id='word_1_575' title='bbox 1865 3297 1968 3350; x_wconf 92' lang='lat' dir='ltr'><strong>hoc</strong></span> <span class='ocrx_word' id='word_1_576' title='bbox 2010 3296 2186 3362; x_wconf 91' lang='lat' dir='ltr'><strong>ipsum</strong></span> <span class='ocrx_word' id='word_1_577' title='bbox 2222 3296 2366 3356; x_wconf 91' lang='lat' dir='ltr'><strong>dico,</strong></span> <span class='ocrx_word' id='word_1_578' title='bbox 2402 3294 2544 3363; x_wconf 91' lang='lat' dir='ltr'><strong>quod</strong></span> <span class='ocrx_word' id='word_1_579' title='bbox 2567 3294 2633 3347; x_wconf 92' lang='lat' dir='ltr'><strong>de</strong></span> <span class='ocrx_word' id='word_1_580' title='bbox 2675 3291 2876 3346; x_wconf 88' lang='lat' dir='ltr'><strong>nostris</strong></span> <span class='ocrx_word' id='word_1_581' title='bbox 2912 3309 2923 3345; x_wconf 97' lang='lat'>:</span> <span class='ocrx_word' id='word_1_582' title='bbox 2983 3307 3109 3344; x_wconf 90' lang='lat' dir='ltr'><strong>nam</strong></span> <span class='ocrx_word' id='word_1_583' title='bbox 3161 3298 3216 3343; x_wconf 90' lang='lat' dir='ltr'><strong>et</strong></span> <span class='ocrx_word' id='word_1_584' title='bbox 3267 3287 3436 3341; x_wconf 79' lang='lat' dir='ltr'><strong>nostri</strong></span> 
     </span>
    </p>
   </div>
   <div class='ocr_carea' id='block_1_78' title="bbox 1862 3382 3437 3455">
    <p class='ocr_par' dir='ltr' id='par_1_78' title="bbox 1862 3382 3437 3455">
     <span class='ocr_line' id='line_1_78' title="bbox 1862 3382 3437 3455; baseline -0.01 -10"><span class='ocrx_word' id='word_1_585' title='bbox 1862 3398 1990 3445; x_wconf 89' lang='lat' dir='ltr'><strong>sunt</strong></span> <span class='ocrx_word' id='word_1_586' title='bbox 2010 3392 2172 3442; x_wconf 91' lang='lat' dir='ltr'><strong>etiam</strong></span> <span class='ocrx_word' id='word_1_587' title='bbox 2196 3387 2290 3440; x_wconf 93' lang='lat' dir='ltr'><strong>illi.</strong></span> <span class='ocrx_word' id='word_1_588' title='bbox 2315 3385 2597 3455; x_wconf 84' lang='lat' dir='ltr'><strong>Presbyter</strong></span> <span class='ocrx_word' id='word_1_589' title='bbox 2616 3398 2711 3437; x_wconf 88' lang='lat' dir='ltr'><strong>seu</strong></span> <span class='ocrx_word' id='word_1_590' title='bbox 2737 3382 3143 3450; x_wconf 89' lang='lat' dir='ltr'><strong>subscripserit,</strong></span> <span class='ocrx_word' id='word_1_591' title='bbox 3169 3395 3264 3434; x_wconf 89' lang='lat' dir='ltr'><strong>seu</strong></span> <span class='ocrx_word' id='word_1_592' title='bbox 3291 3385 3437 3431; x_wconf 89' lang='lat' dir='ltr'><strong>metu</strong></span> 
     </span>
    </p>
   </div>
   <div class='ocr_carea' id='block_1_79' title="bbox 1863 3472 3435 3536">
    <p class='ocr_par' dir='ltr' id='par_1_79' title="bbox 1863 3472 3435 3536">
     <span class='ocr_line' id='line_1_79' title="bbox 1863 3472 3435 3536; baseline -0.01 -2"><span class='ocrx_word' id='word_1_593' title='bbox 1863 3476 2284 3534; x_wconf 90' lang='lat' dir='ltr'><strong>communicarit</strong></span> <span class='ocrx_word' id='word_1_594' title='bbox 2333 3473 2677 3528; x_wconf 83' lang='lat' dir='ltr'><strong>alllictionem</strong></span> <span class='ocrx_word' id='word_1_595' title='bbox 2705 3487 2816 3525; x_wconf 89' lang='lat' dir='ltr'><strong>non</strong></span> <span class='ocrx_word' id='word_1_596' title='bbox 2855 3472 3036 3525; x_wconf 87' lang='lat' dir='ltr'><strong>ferens</strong></span> <span class='ocrx_word' id='word_1_597' title='bbox 3068 3487 3087 3536; x_wconf 83' lang='grc'>;</span> <span class='ocrx_word' id='word_1_598' title='bbox 3123 3485 3153 3523; x_wconf 91' lang='lat' dir='ltr'><strong>a</strong></span> <span class='ocrx_word' id='word_1_599' title='bbox 3188 3483 3435 3523; x_wconf 88' lang='lat' dir='ltr'><strong>commn-</strong></span> 
     </span>
    </p>
   </div>
   <div class='ocr_carea' id='block_1_80' title="bbox 1862 3561 3436 3630">
    <p class='ocr_par' dir='ltr' id='par_1_80' title="bbox 1862 3561 3436 3630">
     <span class='ocr_line' id='line_1_80' title="bbox 1862 3561 3436 3630; baseline -0.008 -6"><span class='ocrx_word' id='word_1_600' title='bbox 1862 3571 2026 3624; x_wconf 91' lang='lat' dir='ltr'><strong>nione</strong></span> <span class='ocrx_word' id='word_1_601' title='bbox 2057 3577 2324 3622; x_wconf 86' lang='lat' dir='ltr'><strong>arceatur.</strong></span> <span class='ocrx_word' id='word_1_602' title='bbox 2358 3566 2460 3630; x_wconf 89' lang='lat' dir='ltr'><strong>Qui</strong></span> <span class='ocrx_word' id='word_1_603' title='bbox 2493 3566 2638 3618; x_wconf 90' lang='lat' dir='ltr'><strong>enim</strong></span> <span class='ocrx_word' id='word_1_604' title='bbox 2676 3564 2932 3617; x_wconf 91' lang='lat' dir='ltr'><strong>adversus</strong></span> <span class='ocrx_word' id='word_1_605' title='bbox 2975 3561 3252 3617; x_wconf 88' lang='lat' dir='ltr'><strong>Christum</strong></span> <span class='ocrx_word' id='word_1_606' title='bbox 3285 3574 3436 3614; x_wconf 88' lang='lat' dir='ltr'><strong>com-</strong></span> 
     </span>
    </p>
   </div>
   <div class='ocr_carea' id='block_1_81' title="bbox 1863 3643 3433 3726">
    <p class='ocr_par' dir='ltr' id='par_1_81' title="bbox 1863 3643 3433 3726">
     <span class='ocr_line' id='line_1_81' title="bbox 1863 3643 3433 3726; baseline -0.009 -11"><span class='ocrx_word' id='word_1_607' title='bbox 1863 3661 2178 3715; x_wconf 89' lang='lat' dir='ltr'><strong>munionem</strong></span> <span class='ocrx_word' id='word_1_608' title='bbox 2213 3659 2352 3722; x_wconf 87' lang='lat' dir='ltr'><strong>iniit,</strong></span> <span class='ocrx_word' id='word_1_609' title='bbox 2393 3658 2484 3726; x_wconf 91' lang='lat' dir='ltr'><strong>qui</strong></span> <span class='ocrx_word' id='word_1_610' title='bbox 2540 3664 2716 3725; x_wconf 86' lang='lat' dir='ltr'><strong>potest</strong></span> <span class='ocrx_word' id='word_1_611' title='bbox 2757 3670 2880 3708; x_wconf 91' lang='lat' dir='ltr'><strong>cum</strong></span> <span class='ocrx_word' id='word_1_612' title='bbox 2923 3653 3137 3708; x_wconf 89' lang='lat' dir='ltr'><strong>Christo</strong></span> <span class='ocrx_word' id='word_1_613' title='bbox 3190 3643 3433 3707; x_wconf 74' lang='lat' dir='ltr'><strong>commu-</strong></span> 
     </span>
    </p>
   </div>
   <div class='ocr_carea' id='block_1_82' title="bbox 1863 3743 3438 3810">
    <p class='ocr_par' dir='ltr' id='par_1_82' title="bbox 1863 3743 3438 3810">
     <span class='ocr_line' id='line_1_82' title="bbox 1863 3743 3438 3810; baseline -0.005 -8"><span class='ocrx_word' id='word_1_614' title='bbox 1863 3749 2090 3802; x_wconf 89' lang='lat' dir='ltr'><strong>nicare?</strong></span> <span class='ocrx_word' id='word_1_615' title='bbox 2126 3745 2455 3800; x_wconf 88' lang='lat' dir='ltr'><strong>Privationis</strong></span> <span class='ocrx_word' id='word_1_616' title='bbox 2504 3745 2650 3799; x_wconf 91' lang='lat' dir='ltr'><strong>enim</strong></span> <span class='ocrx_word' id='word_1_617' title='bbox 2701 3743 2952 3798; x_wconf 83' lang='lat' dir='ltr'><strong>sacriﬁcii</strong></span> <span class='ocrx_word' id='word_1_618' title='bbox 2987 3743 3247 3797; x_wconf 82' lang='lat' dir='ltr'><strong>relaxatio</strong></span> <span class='ocrx_word' id='word_1_619' title='bbox 3276 3756 3438 3810; x_wconf 89' lang='lat' dir='ltr'><strong>syno-</strong></span> 
     </span>
    </p>
   </div>
   <div class='ocr_carea' id='block_1_83' title="bbox 1863 3833 3436 3904">
    <p class='ocr_par' dir='ltr' id='par_1_83' title="bbox 1863 3833 3436 3904">
     <span class='ocr_line' id='line_1_83' title="bbox 1863 3833 3436 3904; baseline -0.008 -9"><span class='ocrx_word' id='word_1_620' title='bbox 1863 3841 1997 3896; x_wconf 71' lang='lat' dir='ltr'><strong>dica:</strong></span> <span class='ocrx_word' id='word_1_621' title='bbox 2018 3848 2102 3894; x_wconf 86' lang='lat' dir='ltr'><strong>est</strong></span> <span class='ocrx_word' id='word_1_622' title='bbox 2123 3837 2553 3893; x_wconf 81' lang='lat' dir='ltr'><strong>consultationis.</strong></span> <span class='ocrx_word' id='word_1_623' title='bbox 2581 3834 2682 3900; x_wconf 86' lang='lat' dir='ltr'><strong>Qui</strong></span> <span class='ocrx_word' id='word_1_624' title='bbox 2709 3844 2827 3904; x_wconf 91' lang='lat' dir='ltr'><strong>post</strong></span> <span class='ocrx_word' id='word_1_625' title='bbox 2845 3835 3053 3903; x_wconf 90' lang='lat' dir='ltr'><strong>lapsum</strong></span> <span class='ocrx_word' id='word_1_626' title='bbox 3073 3833 3136 3885; x_wconf 92' lang='lat' dir='ltr'><strong>ad</strong></span> <span class='ocrx_word' id='word_1_627' title='bbox 3161 3842 3436 3886; x_wconf 85' lang='lat' dir='ltr'><strong>certamen</strong></span> 
     </span>
    </p>
   </div>
   <div class='ocr_carea' id='block_1_84' title="bbox 1862 3926 3434 3995">
    <p class='ocr_par' dir='ltr' id='par_1_84' title="bbox 1862 3926 3434 3995">
     <span class='ocr_line' id='line_1_84' title="bbox 1862 3926 3434 3995; baseline -0.006 -8"><span class='ocrx_word' id='word_1_628' title='bbox 1862 3934 2058 3987; x_wconf 91' lang='lat' dir='ltr'><strong>iterum</strong></span> <span class='ocrx_word' id='word_1_629' title='bbox 2092 3930 2402 3991; x_wconf 84' lang='lat' dir='ltr'><strong>revertitur,</strong></span> <span class='ocrx_word' id='word_1_630' title='bbox 2432 3929 2702 3982; x_wconf 88' lang='lat' dir='ltr'><strong>abstineat</strong></span> <span class='ocrx_word' id='word_1_631' title='bbox 2728 3928 2796 3982; x_wconf 92' lang='lat' dir='ltr'><strong>ab</strong></span> <span class='ocrx_word' id='word_1_632' title='bbox 2825 3943 2890 3982; x_wconf 90' lang='lat' dir='ltr'><strong>eo</strong></span> <span class='ocrx_word' id='word_1_633' title='bbox 2931 3929 3052 3981; x_wconf 91' lang='lat' dir='ltr'><strong>loco</strong></span> <span class='ocrx_word' id='word_1_634' title='bbox 3083 3941 3244 3995; x_wconf 90' lang='lat' dir='ltr'><strong>quem</strong></span> <span class='ocrx_word' id='word_1_635' title='bbox 3283 3926 3434 3994; x_wconf 87' lang='lat' dir='ltr'><strong>prius</strong></span> 
     </span>
    </p>
   </div>
   <div class='ocr_carea' id='block_1_85' title="bbox 1861 4019 3433 4092">
    <p class='ocr_par' dir='ltr' id='par_1_85' title="bbox 1861 4019 3433 4092">
     <span class='ocr_line' id='line_1_85' title="bbox 1861 4019 3433 4092; baseline -0.008 -10"><span class='ocrx_word' id='word_1_636' title='bbox 1861 4027 2096 4082; x_wconf 87' lang='lat' dir='ltr'><strong>obtinuit</strong></span> <span class='ocrx_word' id='word_1_637' title='bbox 2128 4042 2142 4080; x_wconf 86' lang='lat'><strong>:</strong></span> <span class='ocrx_word' id='word_1_638' title='bbox 2187 4023 2385 4092; x_wconf 86' lang='lat' dir='ltr'><strong>alioqui</strong></span> <span class='ocrx_word' id='word_1_639' title='bbox 2411 4023 2684 4092; x_wconf 90' lang='lat' dir='ltr'><strong>quomodo</strong></span> <span class='ocrx_word' id='word_1_640' title='bbox 2721 4024 3028 4076; x_wconf 88' lang='lat' dir='ltr'><strong>innotescat</strong></span> <span class='ocrx_word' id='word_1_641' title='bbox 3063 4030 3179 4074; x_wconf 90' lang='lat' dir='ltr'><strong>turn</strong></span> <span class='ocrx_word' id='word_1_642' title='bbox 3214 4019 3433 4088; x_wconf 90' lang='lat' dir='ltr'><strong>ipsimet</strong></span> 
     </span>
    </p>
   </div>
   <div class='ocr_carea' id='block_1_86' title="bbox 1863 4115 2977 4190">
    <p class='ocr_par' dir='ltr' id='par_1_86' title="bbox 1863 4115 2977 4190">
     <span class='ocr_line' id='line_1_86' title="bbox 1863 4115 2977 4190; baseline -0.005 -17"><span class='ocrx_word' id='word_1_643' title='bbox 1863 4119 2076 4190; x_wconf 82' lang='lat' dir='ltr'><strong>negatio</strong></span> <span class='ocrx_word' id='word_1_644' title='bbox 2112 4132 2273 4187; x_wconf 89' lang='lat' dir='ltr'><strong>quam</strong></span> <span class='ocrx_word' id='word_1_645' title='bbox 2309 4131 2503 4185; x_wconf 90' lang='lat' dir='ltr'><strong>passus</strong></span> <span class='ocrx_word' id='word_1_646' title='bbox 2532 4123 2638 4178; x_wconf 89' lang='lat' dir='ltr'><strong>est,</strong></span> <span class='ocrx_word' id='word_1_647' title='bbox 2664 4126 2776 4168; x_wconf 93' lang='lat' dir='ltr'><strong>tum</strong></span> <span class='ocrx_word' id='word_1_648' title='bbox 2806 4115 2977 4168; x_wconf 84' lang='lat' dir='ltr'><strong>aliis?</strong></span> 
     </span>
    </p>
   </div>
   <div class='ocr_carea' id='block_1_87' title="bbox 1934 4203 3440 4279">
    <p class='ocr_par' dir='ltr' id='par_1_87' title="bbox 1934 4203 3440 4279">
     <span class='ocr_line' id='line_1_87' title="bbox 1934 4203 3440 4279; baseline -0.005 -16"><span class='ocrx_word' id='word_1_649' title='bbox 1934 4211 2052 4264; x_wconf 80' lang='lat' dir='ltr'><strong>Non</strong></span> <span class='ocrx_word' id='word_1_650' title='bbox 2093 4224 2316 4279; x_wconf 85' lang='lat' dir='ltr'><strong>possum</strong></span> <span class='ocrx_word' id='word_1_651' title='bbox 2370 4207 2679 4275; x_wconf 83' lang='lat' dir='ltr'><strong>permittere</strong></span> <span class='ocrx_word' id='word_1_652' title='bbox 2715 4223 2726 4257; x_wconf 92' lang='lat'><strong>:</strong></span> <span class='ocrx_word' id='word_1_653' title='bbox 2757 4205 3054 4274; x_wconf 87' lang='lat' dir='ltr'><strong>praesertim</strong></span> <span class='ocrx_word' id='word_1_654' title='bbox 3087 4204 3308 4274; x_wconf 84' lang='lat' dir='ltr'><strong>quando</strong></span> <span class='ocrx_word' id='word_1_655' title='bbox 3339 4203 3440 4256; x_wconf 92' lang='lat' dir='ltr'><strong>ite-</strong></span> 
     </span>
    </p>
   </div>
   <div class='ocr_carea' id='block_1_88' title="bbox 1863 4297 3440 4370">
    <p class='ocr_par' dir='ltr' id='par_1_88' title="bbox 1863 4297 3440 4370">
     <span class='ocr_line' id='line_1_88' title="bbox 1863 4297 3440 4370; baseline -0.005 -12"><span class='ocrx_word' id='word_1_656' title='bbox 1863 4312 1978 4359; x_wconf 86' lang='lat' dir='ltr'><strong>rata</strong></span> <span class='ocrx_word' id='word_1_657' title='bbox 2015 4301 2182 4370; x_wconf 92' lang='lat' dir='ltr'><strong>ipsius</strong></span> <span class='ocrx_word' id='word_1_658' title='bbox 2219 4314 2394 4369; x_wconf 80' lang='lat' dir='ltr'><strong>pugna</strong></span> <span class='ocrx_word' id='word_1_659' title='bbox 2442 4298 2639 4367; x_wconf 88' lang='lat' dir='ltr'><strong>insigni</strong></span> <span class='ocrx_word' id='word_1_660' title='bbox 2686 4297 2941 4366; x_wconf 91' lang='lat' dir='ltr'><strong>quopiam</strong></span> <span class='ocrx_word' id='word_1_661' title='bbox 2985 4309 3150 4364; x_wconf 90' lang='lat' dir='ltr'><strong>opere</strong></span> <span class='ocrx_word' id='word_1_662' title='bbox 3182 4312 3288 4349; x_wconf 92' lang='lat' dir='ltr'><strong>non</strong></span> <span class='ocrx_word' id='word_1_663' title='bbox 3321 4313 3440 4350; x_wconf 84' lang='lat' dir='ltr'><strong>cer-</strong></span> 
     </span>
    </p>
   </div>
   <div class='ocr_carea' id='block_1_89' title="bbox 1865 4387 3440 4460">
    <p class='ocr_par' dir='ltr' id='par_1_89' title="bbox 1865 4387 3440 4460">
     <span class='ocr_line' id='line_1_89' title="bbox 1865 4387 3440 4460; baseline -0.003 -13"><span class='ocrx_word' id='word_1_664' title='bbox 1865 4394 2045 4446; x_wconf 88' lang='lat' dir='ltr'><strong>nitur:</strong></span> <span class='ocrx_word' id='word_1_665' title='bbox 2072 4389 2530 4460; x_wconf 89' lang='lat' dir='ltr'><strong>quemadmodum</strong></span> <span class='ocrx_word' id='word_1_666' title='bbox 2573 4389 2623 4441; x_wconf 92' lang='lat' dir='ltr'><strong>in</strong></span> <span class='ocrx_word' id='word_1_667' title='bbox 2649 4389 2904 4458; x_wconf 85' lang='lat' dir='ltr'><strong>episcopo</strong></span> <span class='ocrx_word' id='word_1_668' title='bbox 2927 4387 3226 4443; x_wconf 78' lang='lat' dir='ltr'><strong>Laodiceae.</strong></span> <span class='ocrx_word' id='word_1_669' title='bbox 3255 4387 3440 4457; x_wconf 86' lang='lat' dir='ltr'><strong>Neque</strong></span> 
     </span>
    </p>
   </div>
   <div class='ocr_carea' id='block_1_90' title="bbox 183 4466 1761 4552">
    <p class='ocr_par' dir='ltr' id='par_1_90' title="bbox 183 4468 1760 4542">
     <span class='ocr_line' id='line_1_90' title="bbox 183 4468 1760 4542; baseline 0.002 -23"><span class='ocrx_word' id='word_1_670' title='bbox 183 4468 445 4542; x_wconf 83' lang='grc' dir='ltr'>λεύσαιμι</span> <span class='ocrx_word' id='word_1_671' title='bbox 477 4472 544 4525; x_wconf 80' lang='grc' dir='ltr'>ἂν</span> <span class='ocrx_word' id='word_1_672' title='bbox 566 4471 741 4539; x_wconf 81' lang='grc' dir='ltr'>ἔγωγε</span> <span class='ocrx_word' id='word_1_673' title='bbox 783 4472 1105 4541; x_wconf 77' lang='grc' dir='ltr'>ἱερουργεῖν,</span> <span class='ocrx_word' id='word_1_674' title='bbox 1162 4469 1194 4540; x_wconf 80' lang='grc' dir='ltr'>ἢ</span> <span class='ocrx_word' id='word_1_675' title='bbox 1255 4471 1418 4540; x_wconf 81' lang='grc' dir='ltr'>μόνον</span> <span class='ocrx_word' id='word_1_676' title='bbox 1477 4472 1760 4524; x_wconf 88' lang='grc' dir='ltr'>κοινωνεῖν</span> 
     </span>
    </p>
   </div>
   <div class='ocr_carea' id='block_1_91' title="bbox 1869 4466 3436 4552">
    <p class='ocr_par' dir='ltr' id='par_1_91' title="bbox 1869 4479 3436 4552">
     <span class='ocr_line' id='line_1_91' title="bbox 1869 4479 3436 4552; baseline -0.005 -14"><span class='ocrx_word' id='word_1_677' title='bbox 1869 4484 2006 4539; x_wconf 87' lang='lat' dir='ltr'><strong>enim</strong></span> <span class='ocrx_word' id='word_1_678' title='bbox 2038 4484 2113 4538; x_wconf 92' lang='lat' dir='ltr'><strong>illi</strong></span> <span class='ocrx_word' id='word_1_679' title='bbox 2146 4497 2246 4552; x_wconf 82' lang='lat' dir='ltr'><strong>ego</strong></span> <span class='ocrx_word' id='word_1_680' title='bbox 2277 4490 2464 4536; x_wconf 87' lang='lat' dir='ltr'><strong>auctor</strong></span> <span class='ocrx_word' id='word_1_681' title='bbox 2497 4479 2691 4534; x_wconf 86' lang='lat' dir='ltr'><strong>fuerim</strong></span> <span class='ocrx_word' id='word_1_682' title='bbox 2735 4479 3098 4541; x_wconf 76' lang='lat' dir='ltr'><strong>sacrificandi,</strong></span> <span class='ocrx_word' id='word_1_683' title='bbox 3136 4479 3227 4532; x_wconf 87' lang='lat' dir='ltr'><strong>sed</strong></span> <span class='ocrx_word' id='word_1_684' title='bbox 3281 4494 3436 4531; x_wconf 86' lang='lat' dir='ltr'><strong>com-</strong></span> 
     </span>
    </p>
   </div>
   <div class='ocr_carea' id='block_1_92' title="bbox 183 4560 1760 4632">
    <p class='ocr_par' dir='ltr' id='par_1_92' title="bbox 183 4560 1760 4632">
     <span class='ocr_line' id='line_1_92' title="bbox 183 4560 1760 4632; baseline 0.001 -20"><span class='ocrx_word' id='word_1_685' title='bbox 183 4560 271 4616; x_wconf 79' lang='grc' dir='ltr'>διὰ</span> <span class='ocrx_word' id='word_1_686' title='bbox 297 4563 361 4615; x_wconf 82' lang='grc' dir='ltr'>τὸ</span> <span class='ocrx_word' id='word_1_687' title='bbox 387 4562 684 4632; x_wconf 88' lang='grc' dir='ltr'>ἐπίσημον.</span> <span class='ocrx_word' id='word_1_688' title='bbox 712 4561 897 4623; x_wconf 82' lang='grc' dir='ltr'>υῦτως</span> <span class='ocrx_word' id='word_1_689' title='bbox 923 4561 1013 4612; x_wconf 74' lang='grc' dir='ltr'>ἐπὶ</span> <span class='ocrx_word' id='word_1_690' title='bbox 1043 4560 1137 4613; x_wconf 90' lang='grc' dir='ltr'><strong>τοῦ</strong></span> <span class='ocrx_word' id='word_1_691' title='bbox 1192 4561 1443 4630; x_wconf 81' lang='grc' dir='ltr'>τυχόντος</span> <span class='ocrx_word' id='word_1_692' title='bbox 1497 4561 1760 4631; x_wconf 68' lang='grc' dir='ltr'>μονάζονα</span> 
     </span>
    </p>
   </div>
   <div class='ocr_carea' id='block_1_93' title="bbox 183 4649 1762 4722">
    <p class='ocr_par' dir='ltr' id='par_1_93' title="bbox 183 4649 1762 4722">
     <span class='ocr_line' id='line_1_93' title="bbox 183 4649 1762 4722; baseline 0.003 -20"><span class='ocrx_word' id='word_1_693' title='bbox 183 4667 274 4714; x_wconf 85' lang='grc' dir='ltr'><strong>τος</strong></span> <span class='ocrx_word' id='word_1_694' title='bbox 299 4668 315 4684; x_wconf 75' lang='grc' dir='ltr'><strong>ο</strong></span> <span class='ocrx_word' id='word_1_695' title='bbox 348 4652 527 4716; x_wconf 78' lang='grc' dir='ltr'>οὓτως</span> <span class='ocrx_word' id='word_1_696' title='bbox 561 4652 654 4704; x_wconf 75' lang='grc' dir='ltr'>ἐπὶ</span> <span class='ocrx_word' id='word_1_697' title='bbox 676 4651 864 4704; x_wconf 88' lang='grc' dir='ltr'>λαῖκοῦ</span> <span class='ocrx_word' id='word_1_698' title='bbox 891 4667 904 4682; x_wconf 86' lang='grc'><strong>·</strong></span> <span class='ocrx_word' id='word_1_699' title='bbox 941 4649 1114 4722; x_wconf 78' lang='grc' dir='ltr'>εῖρξις</span> <span class='ocrx_word' id='word_1_700' title='bbox 1144 4651 1248 4719; x_wconf 86' lang='grc' dir='ltr'>τῆς</span> <span class='ocrx_word' id='word_1_701' title='bbox 1277 4654 1584 4716; x_wconf 85' lang='grc' dir='ltr'>κοινωνίας,</span> <span class='ocrx_word' id='word_1_702' title='bbox 1622 4655 1762 4722; x_wconf 81' lang='grc' dir='ltr'>μετὰ</span> 
     </span>
    </p>
   </div>
   <div class='ocr_carea' id='block_1_94' title="bbox 183 4740 1763 4813">
    <p class='ocr_par' dir='ltr' id='par_1_94' title="bbox 183 4740 1763 4813">
     <span class='ocr_line' id='line_1_94' title="bbox 183 4740 1763 4813; baseline 0.003 -22"><span class='ocrx_word' id='word_1_703' title='bbox 183 4740 291 4794; x_wconf 81' lang='grc' dir='ltr'>τῶν</span> <span class='ocrx_word' id='word_1_704' title='bbox 324 4743 505 4796; x_wconf 79' lang='grc' dir='ltr'>ἄλλων</span> <span class='ocrx_word' id='word_1_705' title='bbox 528 4743 698 4808; x_wconf 78' lang='grc' dir='ltr'>ἀξίων</span> <span class='ocrx_word' id='word_1_706' title='bbox 729 4742 958 4812; x_wconf 84' lang='grc' dir='ltr'>καρπῶν</span> <span class='ocrx_word' id='word_1_707' title='bbox 1014 4743 1118 4811; x_wconf 85' lang='grc' dir='ltr'>τῆς</span> <span class='ocrx_word' id='word_1_708' title='bbox 1160 4743 1450 4811; x_wconf 88' lang='grc' dir='ltr'>μετανοίας</span> <span class='ocrx_word' id='word_1_709' title='bbox 1553 4745 1763 4813; x_wconf 79' lang='grc' dir='ltr'>ἀναμέο</span> 
     </span>
    </p>
   </div>
   <div class='ocr_carea' id='block_1_95' title="bbox 187 4832 1761 4907">
    <p class='ocr_par' dir='ltr' id='par_1_95' title="bbox 187 4832 1761 4907">
     <span class='ocr_line' id='line_1_95' title="bbox 187 4832 1761 4907; baseline 0.004 -26"><span class='ocrx_word' id='word_1_710' title='bbox 187 4847 298 4885; x_wconf 86' lang='grc' dir='ltr'>νειν</span> <span class='ocrx_word' id='word_1_711' title='bbox 324 4851 383 4886; x_wconf 89' lang='grc' dir='ltr'><strong>τε</strong></span> <span class='ocrx_word' id='word_1_712' title='bbox 412 4834 505 4886; x_wconf 83' lang='grc' dir='ltr'>τὸν</span> <span class='ocrx_word' id='word_1_713' title='bbox 536 4833 730 4903; x_wconf 81' lang='grc' dir='ltr'>καιρὸν</span> <span class='ocrx_word' id='word_1_714' title='bbox 758 4835 857 4903; x_wconf 85' lang='grc' dir='ltr'>τῆς</span> <span class='ocrx_word' id='word_1_715' title='bbox 882 4832 1214 4904; x_wconf 81' lang='grc' dir='ltr'>ὀρθοθοξίας.</span> <span class='ocrx_word' id='word_1_716' title='bbox 1253 4835 1400 4904; x_wconf 81' lang='grc' dir='ltr'>Πλὴν</span> <span class='ocrx_word' id='word_1_717' title='bbox 1425 4837 1613 4907; x_wconf 80' lang='grc' dir='ltr'>ἐπειδὴ</span> <span class='ocrx_word' id='word_1_718' title='bbox 1672 4838 1761 4888; x_wconf 81' lang='grc' dir='ltr'>ἐν·</span> 
     </span>
    </p>
   </div>
   <div class='ocr_carea' id='block_1_96' title="bbox 185 4918 1765 4995">
    <p class='ocr_par' dir='ltr' id='par_1_96' title="bbox 185 4918 1765 4995">
     <span class='ocr_line' id='line_1_96' title="bbox 185 4918 1765 4995; baseline 0.004 -24"><span class='ocrx_word' id='word_1_719' title='bbox 185 4918 423 4989; x_wconf 86' lang='grc' dir='ltr'>δέχεται,</span> <span class='ocrx_word' id='word_1_720' title='bbox 458 4923 554 4976; x_wconf 73' lang='grc' dir='ltr'>καὶ</span> <span class='ocrx_word' id='word_1_721' title='bbox 594 4922 784 4991; x_wconf 79' lang='grc' dir='ltr'>ὕφεσιν</span> <span class='ocrx_word' id='word_1_722' title='bbox 818 4924 913 4976; x_wconf 77' lang='grc' dir='ltr'>καὶ</span> <span class='ocrx_word' id='word_1_723' title='bbox 962 4924 1258 4993; x_wconf 85' lang='grc' dir='ltr'>πρόσθεσιν</span> <span class='ocrx_word' id='word_1_724' title='bbox 1306 4926 1555 4992; x_wconf 75' lang='grc' dir='ltr'>γίνεσθαι</span> <span class='ocrx_word' id='word_1_725' title='bbox 1613 4926 1765 4995; x_wconf 83' lang='grc' dir='ltr'>παρὰ</span> 
     </span>
    </p>
   </div>
   <div class='ocr_carea' id='block_1_97' title="bbox 186 5009 1765 5084">
    <p class='ocr_par' dir='ltr' id='par_1_97' title="bbox 186 5009 1765 5084">
     <span class='ocr_line' id='line_1_97' title="bbox 186 5009 1765 5084; baseline 0.006 -24"><span class='ocrx_word' id='word_1_726' title='bbox 186 5009 280 5062; x_wconf 90' lang='grc' dir='ltr'><strong>τοῦ</strong></span> <span class='ocrx_word' id='word_1_727' title='bbox 314 5013 687 5083; x_wconf 85' lang='grc' dir='ltr'>ἐπιτιμῶντος</span> <span class='ocrx_word' id='word_1_728' title='bbox 757 5015 847 5066; x_wconf 63' lang='grc' dir='ltr'>ἐπὶ</span> <span class='ocrx_word' id='word_1_729' title='bbox 872 5014 970 5082; x_wconf 81' lang='grc' dir='ltr'>τῆς</span> <span class='ocrx_word' id='word_1_730' title='bbox 1006 5014 1291 5077; x_wconf 78' lang='grc' dir='ltr'>κοινωνίας</span> <span class='ocrx_word' id='word_1_731' title='bbox 1313 5015 1456 5084; x_wconf 86' lang='grc' dir='ltr'>λέγω</span> <span class='ocrx_word' id='word_1_732' title='bbox 1479 5032 1492 5046; x_wconf 91' lang='grc'><strong>·</strong></span> <span class='ocrx_word' id='word_1_733' title='bbox 1525 5018 1765 5069; x_wconf 83' lang='grc' dir='ltr'>ἐκτεινο-</span> 
     </span>
    </p>
   </div>
   <div class='ocr_carea' id='block_1_98' title="bbox 190 5100 1766 5178">
    <p class='ocr_par' dir='ltr' id='par_1_98' title="bbox 190 5100 1766 5178">
     <span class='ocr_line' id='line_1_98' title="bbox 190 5100 1766 5178; baseline 0.007 -28"><span class='ocrx_word' id='word_1_734' title='bbox 190 5100 367 5166; x_wconf 83' lang='grc' dir='ltr'>μένων</span> <span class='ocrx_word' id='word_1_735' title='bbox 392 5105 502 5157; x_wconf 84' lang='grc' dir='ltr'><strong>τῶν</strong></span> <span class='ocrx_word' id='word_1_736' title='bbox 526 5104 735 5174; x_wconf 86' lang='grc' dir='ltr'>χρόνων</span> <span class='ocrx_word' id='word_1_737' title='bbox 763 5106 862 5175; x_wconf 81' lang='grc' dir='ltr'>τῆς</span> <span class='ocrx_word' id='word_1_738' title='bbox 896 5106 1163 5174; x_wconf 79' lang='grc' dir='ltr'>αἱρέσεως</span> <span class='ocrx_word' id='word_1_739' title='bbox 1197 5107 1338 5159; x_wconf 84' lang='grc' dir='ltr'>κατὰ</span> <span class='ocrx_word' id='word_1_740' title='bbox 1360 5106 1424 5158; x_wconf 80' lang='grc' dir='ltr'><strong>τὰ</strong></span> <span class='ocrx_word' id='word_1_741' title='bbox 1476 5108 1766 5178; x_wconf 80' lang='grc' dir='ltr'>ἀθεώρητα</span> 
     </span>
    </p>
   </div>
   <div class='ocr_carea' id='block_1_99' title="bbox 189 5193 1764 5268">
    <p class='ocr_par' dir='ltr' id='par_1_99' title="bbox 189 5193 1764 5268">
     <span class='ocr_line' id='line_1_99' title="bbox 189 5193 1764 5268; baseline 0.006 -26"><span class='ocrx_word' id='word_1_742' title='bbox 189 5193 432 5266; x_wconf 81' lang='grc' dir='ltr'>κρίματα</span> <span class='ocrx_word' id='word_1_743' title='bbox 466 5196 568 5264; x_wconf 84' lang='grc' dir='ltr'>τῆς</span> <span class='ocrx_word' id='word_1_744' title='bbox 595 5194 808 5258; x_wconf 88' lang='grc' dir='ltr'>δικαίας</span> <span class='ocrx_word' id='word_1_745' title='bbox 855 5196 1020 5266; x_wconf 81' lang='grc' dir='ltr'>ὀργῆς</span> <span class='ocrx_word' id='word_1_746' title='bbox 1050 5196 1144 5248; x_wconf 87' lang='grc' dir='ltr'><strong>τοῦ</strong></span> <span class='ocrx_word' id='word_1_747' title='bbox 1175 5197 1311 5249; x_wconf 86' lang='grc' dir='ltr'>Θεοῦ</span> <span class='ocrx_word' id='word_1_748' title='bbox 1337 5215 1350 5228; x_wconf 85' lang='grc'><em>’</em></span> <span class='ocrx_word' id='word_1_749' title='bbox 1389 5198 1504 5251; x_wconf 83' lang='grc' dir='ltr'>ἐστι</span> <span class='ocrx_word' id='word_1_750' title='bbox 1532 5201 1626 5253; x_wconf 84' lang='grc' dir='ltr'>καὶ</span> <span class='ocrx_word' id='word_1_751' title='bbox 1659 5200 1764 5268; x_wconf 86' lang='grc' dir='ltr'>πρὸ</span> 
     </span>
    </p>
   </div>
   <div class='ocr_carea' id='block_1_100' title="bbox 189 5283 1763 5357">
    <p class='ocr_par' dir='ltr' id='par_1_100' title="bbox 189 5283 1763 5357">
     <span class='ocr_line' id='line_1_100' title="bbox 189 5283 1763 5357; baseline 0.008 -26"><span class='ocrx_word' id='word_1_752' title='bbox 189 5283 408 5338; x_wconf 85' lang='grc' dir='ltr'>συνόδου</span> <span class='ocrx_word' id='word_1_753' title='bbox 443 5286 606 5340; x_wconf 89' lang='grc' dir='ltr'>λῦσαι</span> <span class='ocrx_word' id='word_1_754' title='bbox 634 5287 693 5338; x_wconf 91' lang='grc' dir='ltr'><strong>ἐν</strong></span> <span class='ocrx_word' id='word_1_755' title='bbox 755 5287 984 5357; x_wconf 75' lang='grc' dir='ltr'>Κυρίῳο</span> <span class='ocrx_word' id='word_1_756' title='bbox 1049 5286 1232 5350; x_wconf 86' lang='grc' dir='ltr'>καθὼς</span> <span class='ocrx_word' id='word_1_757' title='bbox 1281 5288 1648 5343; x_wconf 87' lang='grc' dir='ltr'>ὑποπέπτωκε</span> <span class='ocrx_word' id='word_1_758' title='bbox 1701 5290 1763 5343; x_wconf 88' lang='grc' dir='ltr'><strong>τὺ</strong></span> 
     </span>
    </p>
   </div>
   <div class='ocr_carea' id='block_1_101' title="bbox 189 5375 1762 5453">
    <p class='ocr_par' dir='ltr' id='par_1_101' title="bbox 189 5375 1762 5453">
     <span class='ocr_line' id='line_1_101' title="bbox 189 5375 1762 5453; baseline 0.008 -32"><span class='ocrx_word' id='word_1_759' title='bbox 189 5375 481 5439; x_wconf 75' lang='grc' dir='ltr'>πρόσωπον</span> <span class='ocrx_word' id='word_1_760' title='bbox 511 5377 812 5448; x_wconf 84' lang='grc' dir='ltr'>βαρύτερον</span> <span class='ocrx_word' id='word_1_761' title='bbox 845 5379 877 5448; x_wconf 83' lang='grc' dir='ltr'>ἦ</span> <span class='ocrx_word' id='word_1_762' title='bbox 913 5377 1279 5447; x_wconf 76' lang='grc' dir='ltr'>ἐλαφρότερον</span> <span class='ocrx_word' id='word_1_763' title='bbox 1307 5395 1319 5407; x_wconf 82' lang='lat'><strong>&#39;</strong></span> <span class='ocrx_word' id='word_1_764' title='bbox 1376 5383 1471 5432; x_wconf 71' lang='grc' dir='ltr'>καὶ</span> <span class='ocrx_word' id='word_1_765' title='bbox 1519 5382 1642 5435; x_wconf 89' lang='grc' dir='ltr'>καθ’</span> <span class='ocrx_word' id='word_1_766' title='bbox 1695 5383 1762 5453; x_wconf 77' lang='grc' dir='ltr'>ἢν</span> 
     </span>
    </p>
   </div>
   <div class='ocr_carea' id='block_1_102' title="bbox 190 5461 1762 5541">
    <p class='ocr_par' dir='ltr' id='par_1_102' title="bbox 190 5461 1762 5541">
     <span class='ocr_line' id='line_1_102' title="bbox 190 5461 1762 5541; baseline 0.008 -30"><span class='ocrx_word' id='word_1_767' title='bbox 190 5461 345 5516; x_wconf 85' lang='grc' dir='ltr'>πάλιν</span> <span class='ocrx_word' id='word_1_768' title='bbox 380 5467 733 5521; x_wconf 82' lang='grc' dir='ltr'>ὑποδείκνυσι</span> <span class='ocrx_word' id='word_1_769' title='bbox 769 5469 1059 5539; x_wconf 86' lang='grc' dir='ltr'>μετάνοιαν</span> <span class='ocrx_word' id='word_1_770' title='bbox 1090 5483 1102 5495; x_wconf 90' lang='grc'><strong>·</strong></span> <span class='ocrx_word' id='word_1_771' title='bbox 1135 5467 1214 5530; x_wconf 78' lang='grc' dir='ltr'>εἷς</span> <span class='ocrx_word' id='word_1_772' title='bbox 1263 5486 1323 5520; x_wconf 91' lang='grc' dir='ltr'><strong>τε</strong></span> <span class='ocrx_word' id='word_1_773' title='bbox 1379 5471 1506 5532; x_wconf 75' lang='grc' dir='ltr'>τοὺς</span> <span class='ocrx_word' id='word_1_774' title='bbox 1559 5473 1762 5541; x_wconf 80' lang='grc' dir='ltr'>ἡμετέ-</span> 
     </span>
    </p>
   </div>
   <div class='ocr_carea' id='block_1_103' title="bbox 196 5560 1764 5627">
    <p class='ocr_par' dir='ltr' id='par_1_103' title="bbox 196 5560 1764 5627">
     <span class='ocr_line' id='line_1_103' title="bbox 196 5560 1764 5627; baseline 0.006 -18"><span class='ocrx_word' id='word_1_775' title='bbox 196 5566 316 5618; x_wconf 74' lang='grc' dir='ltr'>ρους</span> <span class='ocrx_word' id='word_1_776' title='bbox 341 5561 434 5613; x_wconf 75' lang='grc' dir='ltr'>καὶ</span> <span class='ocrx_word' id='word_1_777' title='bbox 459 5561 588 5624; x_wconf 81' lang='grc' dir='ltr'>τοὺς</span> <span class='ocrx_word' id='word_1_778' title='bbox 621 5560 744 5627; x_wconf 76' lang='grc' dir='ltr'>ἔξω,</span> <span class='ocrx_word' id='word_1_779' title='bbox 776 5561 1153 5615; x_wconf 79' lang='grc' dir='ltr'>συνεστιᾶσθαι</span> <span class='ocrx_word' id='word_1_780' title='bbox 1183 5562 1383 5626; x_wconf 85' lang='grc' dir='ltr'>αὐτοὺς</span> <span class='ocrx_word' id='word_1_781' title='bbox 1407 5565 1466 5616; x_wconf 81' lang='grc' dir='ltr'>οὺ</span> <span class='ocrx_word' id='word_1_782' title='bbox 1490 5566 1764 5618; x_wconf 76' lang='grc' dir='ltr'>κωλυτέον</span> 
     </span>
    </p>
   </div>
   <div class='ocr_carea' id='block_1_104' title="bbox 1857 4570 3437 4641">
    <p class='ocr_par' dir='ltr' id='par_1_104' title="bbox 1857 4570 3437 4641">
     <span class='ocr_line' id='line_1_104' title="bbox 1857 4570 3437 4641; baseline -0.004 -12"><span class='ocrx_word' id='word_1_783' title='bbox 1857 4575 2171 4629; x_wconf 91' lang='lat' dir='ltr'><strong>municandi</strong></span> <span class='ocrx_word' id='word_1_784' title='bbox 2197 4583 2404 4627; x_wconf 90' lang='lat' dir='ltr'><strong>tantum</strong></span> <span class='ocrx_word' id='word_1_785' title='bbox 2437 4583 2657 4641; x_wconf 85' lang='lat' dir='ltr'><strong>propter</strong></span> <span class='ocrx_word' id='word_1_786' title='bbox 2688 4571 3079 4625; x_wconf 85' lang='lat' dir='ltr'><strong>celebritatem.</strong></span> <span class='ocrx_word' id='word_1_787' title='bbox 3111 4570 3203 4624; x_wconf 88' lang='lat' dir='ltr'><strong>Sic</strong></span> <span class='ocrx_word' id='word_1_788' title='bbox 3236 4570 3288 4622; x_wconf 90' lang='lat' dir='ltr'><strong>in</strong></span> <span class='ocrx_word' id='word_1_789' title='bbox 3319 4585 3437 4623; x_wconf 87' lang='lat' dir='ltr'><strong>mo-</strong></span> 
     </span>
    </p>
   </div>
   <div class='ocr_carea' id='block_1_105' title="bbox 1857 4661 3437 4734">
    <p class='ocr_par' dir='ltr' id='par_1_105' title="bbox 1857 4661 3437 4734">
     <span class='ocr_line' id='line_1_105' title="bbox 1857 4661 3437 4734; baseline -0.005 -13"><span class='ocrx_word' id='word_1_790' title='bbox 1857 4668 2032 4721; x_wconf 87' lang='lat' dir='ltr'><strong>nacho</strong></span> <span class='ocrx_word' id='word_1_791' title='bbox 2097 4680 2448 4734; x_wconf 89' lang='lat' dir='ltr'><strong>unoquoque,</strong></span> <span class='ocrx_word' id='word_1_792' title='bbox 2498 4665 2579 4718; x_wconf 86' lang='lat' dir='ltr'><strong>sic</strong></span> <span class='ocrx_word' id='word_1_793' title='bbox 2630 4663 2682 4715; x_wconf 93' lang='lat' dir='ltr'><strong>in</strong></span> <span class='ocrx_word' id='word_1_794' title='bbox 2734 4663 2920 4715; x_wconf 88' lang='lat' dir='ltr'><strong>laico:</strong></span> <span class='ocrx_word' id='word_1_795' title='bbox 2956 4661 3225 4716; x_wconf 90' lang='lat' dir='ltr'><strong>arcendus</strong></span> <span class='ocrx_word' id='word_1_796' title='bbox 3273 4669 3355 4715; x_wconf 89' lang='lat' dir='ltr'><strong>est</strong></span> <span class='ocrx_word' id='word_1_797' title='bbox 3408 4677 3437 4713; x_wconf 88' lang='lat' dir='ltr'><strong>a</strong></span> 
     </span>
    </p>
   </div>
   <div class='ocr_carea' id='block_1_106' title="bbox 1856 4751 3436 4822">
    <p class='ocr_par' dir='ltr' id='par_1_106' title="bbox 1856 4751 3436 4822">
     <span class='ocr_line' id='line_1_106' title="bbox 1856 4751 3436 4822; baseline -0.005 -10"><span class='ocrx_word' id='word_1_798' title='bbox 1856 4757 2398 4819; x_wconf 90' lang='lat' dir='ltr'><strong>communione,cum</strong></span> <span class='ocrx_word' id='word_1_799' title='bbox 2421 4755 2544 4808; x_wconf 89' lang='lat' dir='ltr'><strong>aliis</strong></span> <span class='ocrx_word' id='word_1_800' title='bbox 2570 4753 2748 4822; x_wconf 82' lang='lat' dir='ltr'><strong>dignis</strong></span> <span class='ocrx_word' id='word_1_801' title='bbox 2781 4752 3046 4806; x_wconf 87' lang='lat' dir='ltr'><strong>fructibus</strong></span> <span class='ocrx_word' id='word_1_802' title='bbox 3067 4751 3397 4820; x_wconf 51' lang='lat' dir='ltr'><strong>poenitentiae</strong></span> <span class='ocrx_word' id='word_1_803' title='bbox 3423 4769 3436 4804; x_wconf 93' lang='lat'>:</span> 
     </span>
    </p>
   </div>
   <div class='ocr_carea' id='block_1_107' title="bbox 1859 4841 3438 4916">
    <p class='ocr_par' dir='ltr' id='par_1_107' title="bbox 1859 4841 3438 4916">
     <span class='ocr_line' id='line_1_107' title="bbox 1859 4841 3438 4916; baseline -0.006 -15"><span class='ocrx_word' id='word_1_804' title='bbox 1859 4846 2389 4916; x_wconf 70' lang='lat' dir='ltr'><strong>exspectantiumque</strong></span> <span class='ocrx_word' id='word_1_805' title='bbox 2410 4855 2622 4913; x_wconf 89' lang='lat' dir='ltr'><strong>tempus</strong></span> <span class='ocrx_word' id='word_1_806' title='bbox 2641 4844 2762 4897; x_wconf 87' lang='lat' dir='ltr'><strong>fidei</strong></span> <span class='ocrx_word' id='word_1_807' title='bbox 2786 4844 3124 4897; x_wconf 77' lang='lat' dir='ltr'><strong>orthodoxae.</strong></span> <span class='ocrx_word' id='word_1_808' title='bbox 3143 4841 3438 4903; x_wconf 58' lang='lat' dir='ltr'><strong>Caeterum,</strong></span> 
     </span>
    </p>
   </div>
   <div class='ocr_carea' id='block_1_108' title="bbox 1868 4930 3441 5007">
    <p class='ocr_par' dir='ltr' id='par_1_108' title="bbox 1868 4930 3441 5007">
     <span class='ocr_line' id='line_1_108' title="bbox 1868 4930 3441 5007; baseline -0.006 -16"><span class='ocrx_word' id='word_1_809' title='bbox 1868 4939 2126 5007; x_wconf 87' lang='lat' dir='ltr'><strong>quoniam</strong></span> <span class='ocrx_word' id='word_1_810' title='bbox 2165 4944 2219 4989; x_wconf 89' lang='lat' dir='ltr'><strong>et</strong></span> <span class='ocrx_word' id='word_1_811' title='bbox 2243 4935 2440 4989; x_wconf 91' lang='lat' dir='ltr'><strong>remitti</strong></span> <span class='ocrx_word' id='word_1_812' title='bbox 2470 4946 2523 4990; x_wconf 90' lang='lat' dir='ltr'><strong>et</strong></span> <span class='ocrx_word' id='word_1_813' title='bbox 2553 4933 2760 4988; x_wconf 90' lang='lat' dir='ltr'><strong>intendi</strong></span> <span class='ocrx_word' id='word_1_814' title='bbox 2798 4949 3012 5003; x_wconf 72' lang='lat' dir='ltr'><strong>poenam</strong></span> <span class='ocrx_word' id='word_1_815' title='bbox 3044 4933 3112 4985; x_wconf 90' lang='lat' dir='ltr'><strong>ab</strong></span> <span class='ocrx_word' id='word_1_816' title='bbox 3145 4948 3210 4985; x_wconf 91' lang='lat' dir='ltr'><strong>eo</strong></span> <span class='ocrx_word' id='word_1_817' title='bbox 3243 4930 3325 4984; x_wconf 88' lang='lat' dir='ltr'><strong>fas</strong></span> <span class='ocrx_word' id='word_1_818' title='bbox 3357 4941 3441 4983; x_wconf 89' lang='lat' dir='ltr'><strong>cst</strong></span> 
     </span>
    </p>
   </div>
   <div class='ocr_carea' id='block_1_109' title="bbox 1867 5022 3441 5098">
    <p class='ocr_par' dir='ltr' id='par_1_109' title="bbox 1867 5022 3441 5098">
     <span class='ocr_line' id='line_1_109' title="bbox 1867 5022 3441 5098; baseline -0.004 -16"><span class='ocrx_word' id='word_1_819' title='bbox 1867 5030 1960 5098; x_wconf 92' lang='lat' dir='ltr'><strong>qui</strong></span> <span class='ocrx_word' id='word_1_820' title='bbox 2012 5029 2266 5095; x_wconf 90' lang='lat' dir='ltr'><strong>imponit;</strong></span> <span class='ocrx_word' id='word_1_821' title='bbox 2299 5027 2366 5081; x_wconf 85' lang='lat' dir='ltr'><strong>de</strong></span> <span class='ocrx_word' id='word_1_822' title='bbox 2415 5026 2802 5080; x_wconf 90' lang='lat' dir='ltr'><strong>communione</strong></span> <span class='ocrx_word' id='word_1_823' title='bbox 2860 5026 3081 5093; x_wconf 90' lang='lat' dir='ltr'><strong>loquor;</strong></span> <span class='ocrx_word' id='word_1_824' title='bbox 3131 5023 3175 5078; x_wconf 91' lang='lat' dir='ltr'><strong>si</strong></span> <span class='ocrx_word' id='word_1_825' title='bbox 3211 5022 3441 5077; x_wconf 87' lang='lat' dir='ltr'><strong>occultis</strong></span> 
     </span>
    </p>
   </div>
   <div class='ocr_carea' id='block_1_110' title="bbox 1861 5118 3441 5190">
    <p class='ocr_par' dir='ltr' id='par_1_110' title="bbox 1861 5118 3441 5190">
     <span class='ocr_line' id='line_1_110' title="bbox 1861 5118 3441 5190; baseline -0.004 -18"><span class='ocrx_word' id='word_1_826' title='bbox 1861 5121 2022 5190; x_wconf 75' lang='lat' dir='ltr'><strong>justze</strong></span> <span class='ocrx_word' id='word_1_827' title='bbox 2052 5118 2142 5173; x_wconf 91' lang='lat' dir='ltr'><strong>Dei</strong></span> <span class='ocrx_word' id='word_1_828' title='bbox 2177 5119 2270 5172; x_wconf 77' lang='lat' dir='ltr'><strong>irae</strong></span> <span class='ocrx_word' id='word_1_829' title='bbox 2297 5118 2516 5187; x_wconf 87' lang='lat' dir='ltr'><strong>judiciis</strong></span> <span class='ocrx_word' id='word_1_830' title='bbox 2549 5119 2834 5172; x_wconf 76' lang='lat' dir='ltr'><strong>inereseos.</strong></span> <span class='ocrx_word' id='word_1_831' title='bbox 2861 5125 3104 5184; x_wconf 86' lang='lat' dir='ltr'><strong>tempora</strong></span> <span class='ocrx_word' id='word_1_832' title='bbox 3140 5131 3441 5184; x_wconf 73' lang='lat' dir='ltr'><strong>prorogen-</strong></span> 
     </span>
    </p>
   </div>
   <div class='ocr_carea' id='block_1_111' title="bbox 1867 5205 3438 5279">
    <p class='ocr_par' dir='ltr' id='par_1_111' title="bbox 1867 5205 3438 5279">
     <span class='ocr_line' id='line_1_111' title="bbox 1867 5205 3438 5279; baseline -0.006 -13"><span class='ocrx_word' id='word_1_833' title='bbox 1867 5222 1974 5274; x_wconf 92' lang='lat' dir='ltr'><strong>tur,</strong></span> <span class='ocrx_word' id='word_1_834' title='bbox 1998 5211 2177 5265; x_wconf 87' lang='lat' dir='ltr'><strong>licebit</strong></span> <span class='ocrx_word' id='word_1_835' title='bbox 2194 5212 2353 5264; x_wconf 86' lang='lat' dir='ltr'><strong>etiam</strong></span> <span class='ocrx_word' id='word_1_836' title='bbox 2377 5219 2499 5263; x_wconf 91' lang='lat' dir='ltr'><strong>ante</strong></span> <span class='ocrx_word' id='word_1_837' title='bbox 2521 5208 2791 5279; x_wconf 88' lang='lat' dir='ltr'><strong>synodum</strong></span> <span class='ocrx_word' id='word_1_838' title='bbox 2826 5207 2880 5259; x_wconf 93' lang='lat' dir='ltr'><strong>in</strong></span> <span class='ocrx_word' id='word_1_839' title='bbox 2914 5205 3147 5260; x_wconf 91' lang='lat' dir='ltr'><strong>Domino</strong></span> <span class='ocrx_word' id='word_1_840' title='bbox 3170 5206 3438 5267; x_wconf 76' lang='lat' dir='ltr'><strong>relaxare,</strong></span> 
     </span>
    </p>
   </div>
   <div class='ocr_carea' id='block_1_112' title="bbox 1870 5300 3441 5373">
    <p class='ocr_par' dir='ltr' id='par_1_112' title="bbox 1870 5300 3441 5373">
     <span class='ocr_line' id='line_1_112' title="bbox 1870 5300 3441 5373; baseline -0.004 -18"><span class='ocrx_word' id='word_1_841' title='bbox 1870 5312 2030 5373; x_wconf 90' lang='lat' dir='ltr'><strong>prout</strong></span> <span class='ocrx_word' id='word_1_842' title='bbox 2057 5317 2288 5371; x_wconf 90' lang='lat' dir='ltr'><strong>persona</strong></span> <span class='ocrx_word' id='word_1_843' title='bbox 2324 5301 2544 5370; x_wconf 83' lang='lat' dir='ltr'><strong>gravius</strong></span> <span class='ocrx_word' id='word_1_844' title='bbox 2577 5301 2818 5354; x_wconf 80' lang='lat' dir='ltr'><strong>leviusve</strong></span> <span class='ocrx_word' id='word_1_845' title='bbox 2847 5300 2994 5366; x_wconf 90' lang='lat' dir='ltr'><strong>lapsa</strong></span> <span class='ocrx_word' id='word_1_846' title='bbox 3027 5307 3130 5362; x_wconf 90' lang='lat' dir='ltr'><strong>est,</strong></span> <span class='ocrx_word' id='word_1_847' title='bbox 3169 5306 3221 5350; x_wconf 89' lang='lat' dir='ltr'><strong>et</strong></span> <span class='ocrx_word' id='word_1_848' title='bbox 3251 5313 3347 5364; x_wconf 91' lang='lat' dir='ltr'><strong>pro</strong></span> <span class='ocrx_word' id='word_1_849' title='bbox 3377 5311 3441 5349; x_wconf 91' lang='lat' dir='ltr'><strong>ea</strong></span> 
     </span>
    </p>
   </div>
   <div class='ocr_carea' id='block_1_113' title="bbox 1869 5391 3441 5462">
    <p class='ocr_par' dir='ltr' id='par_1_113' title="bbox 1869 5391 3441 5462">
     <span class='ocr_line' id='line_1_113' title="bbox 1869 5391 3441 5462; baseline -0.004 -15"><span class='ocrx_word' id='word_1_850' title='bbox 1869 5409 2085 5447; x_wconf 90' lang='lat' dir='ltr'><strong>rursum</strong></span> <span class='ocrx_word' id='word_1_851' title='bbox 2127 5393 2465 5462; x_wconf 62' lang='lat' dir='ltr'><strong>poenitentia,</strong></span> <span class='ocrx_word' id='word_1_852' title='bbox 2494 5408 2656 5462; x_wconf 86' lang='lat' dir='ltr'><strong>quam</strong></span> <span class='ocrx_word' id='word_1_853' title='bbox 2708 5407 2817 5461; x_wconf 65' lang='lat' dir='ltr'><strong>prae</strong></span> <span class='ocrx_word' id='word_1_854' title='bbox 2868 5407 2926 5445; x_wconf 90' lang='lat' dir='ltr'><strong>se</strong></span> <span class='ocrx_word' id='word_1_855' title='bbox 2969 5391 3071 5442; x_wconf 87' lang='lat' dir='ltr'><strong>fert</strong></span> <span class='ocrx_word' id='word_1_856' title='bbox 3113 5406 3125 5442; x_wconf 94' lang='lat'><strong>:</strong></span> <span class='ocrx_word' id='word_1_857' title='bbox 3165 5399 3278 5442; x_wconf 91' lang='lat' dir='ltr'><strong>tum</strong></span> <span class='ocrx_word' id='word_1_858' title='bbox 3312 5403 3441 5455; x_wconf 79' lang='lat' dir='ltr'><strong>erga</strong></span> 
     </span>
    </p>
   </div>
   <div class='ocr_carea' id='block_1_114' title="bbox 1871 5480 3439 5552">
    <p class='ocr_par' dir='ltr' id='par_1_114' title="bbox 1871 5480 3439 5552">
     <span class='ocr_line' id='line_1_114' title="bbox 1871 5480 3439 5552; baseline -0.005 -16"><span class='ocrx_word' id='word_1_859' title='bbox 1871 5495 2111 5548; x_wconf 90' lang='lat' dir='ltr'><strong>nostros,</strong></span> <span class='ocrx_word' id='word_1_860' title='bbox 2146 5493 2258 5537; x_wconf 92' lang='lat' dir='ltr'><strong>tum</strong></span> <span class='ocrx_word' id='word_1_861' title='bbox 2290 5499 2417 5552; x_wconf 83' lang='lat' dir='ltr'><strong>erga</strong></span> <span class='ocrx_word' id='word_1_862' title='bbox 2451 5491 2738 5537; x_wconf 80' lang='lat' dir='ltr'><strong>extraneos</strong></span> <span class='ocrx_word' id='word_1_863' title='bbox 2764 5480 3158 5550; x_wconf 88' lang='lat' dir='ltr'><strong>prohibendum</strong></span> <span class='ocrx_word' id='word_1_864' title='bbox 3188 5493 3294 5530; x_wconf 92' lang='lat' dir='ltr'><strong>non</strong></span> <span class='ocrx_word' id='word_1_865' title='bbox 3322 5487 3439 5538; x_wconf 87' lang='lat' dir='ltr'><strong>est;</strong></span> 
     </span>
    </p>
   </div>
   <div class='ocr_carea' id='block_1_115' title="bbox 1871 5566 3443 5640">
    <p class='ocr_par' dir='ltr' id='par_1_115' title="bbox 1871 5566 3443 5640">
     <span class='ocr_line' id='line_1_115' title="bbox 1871 5566 3443 5640; baseline -0.004 -19"><span class='ocrx_word' id='word_1_866' title='bbox 1871 5570 2002 5638; x_wconf 94' lang='lat' dir='ltr'><strong>quin</strong></span> <span class='ocrx_word' id='word_1_867' title='bbox 2032 5585 2139 5624; x_wconf 87' lang='lat' dir='ltr'><strong>una</strong></span> <span class='ocrx_word' id='word_1_868' title='bbox 2163 5571 2465 5640; x_wconf 88' lang='lat' dir='ltr'><strong>cpulentur,</strong></span> <span class='ocrx_word' id='word_1_869' title='bbox 2498 5587 2602 5625; x_wconf 90' lang='lat' dir='ltr'><strong>non</strong></span> <span class='ocrx_word' id='word_1_870' title='bbox 2634 5580 2812 5624; x_wconf 89' lang='lat' dir='ltr'><strong>tamen</strong></span> <span class='ocrx_word' id='word_1_871' title='bbox 2862 5579 2921 5622; x_wconf 92' lang='lat' dir='ltr'><strong>ut</strong></span> <span class='ocrx_word' id='word_1_872' title='bbox 2959 5566 3283 5621; x_wconf 88' lang='lat' dir='ltr'><strong>bcnedicant</strong></span> <span class='ocrx_word' id='word_1_873' title='bbox 3319 5575 3443 5616; x_wconf 87' lang='lat' dir='ltr'><strong>ante</strong></span> 
     </span>
    </p>
   </div>
   <div class='ocr_carea' id='block_1_116' title="bbox 261 5667 1761 5753">
    <p class='ocr_par' dir='ltr' id='par_1_116' title="bbox 261 5667 1750 5753">
     <span class='ocr_line' id='line_1_116' title="bbox 261 5667 1750 5753; baseline 0.007 -30"><span class='ocrx_word' id='word_1_874' title='bbox 261 5667 501 5753; x_wconf 40' lang='lat' dir='ltr'><strong>&#39;I‘IEpist.</strong></span> <span class='ocrx_word' id='word_1_875' title='bbox 565 5675 690 5753; x_wconf 53' lang='lat' dir='ltr'><strong>2L3.</strong></span> <span class='ocrx_word' id='word_1_876' title='bbox 768 5678 824 5753; x_wconf 32' lang='grc' dir='ltr'><strong>τῇ-</strong></span> <span class='ocrx_word' id='word_1_877' title='bbox 849 5677 1016 5753; x_wconf 59' lang='lat' dir='ltr'><strong>[:inst.</strong></span> <span class='ocrx_word' id='word_1_878' title='bbox 1061 5676 1180 5738; x_wconf 73' lang='lat'><strong>192,</strong></span> <span class='ocrx_word' id='word_1_879' title='bbox 1219 5675 1502 5753; x_wconf 71' lang='lat' dir='ltr'><strong>l‘licopolit.</strong></span> <span class='ocrx_word' id='word_1_880' title='bbox 1532 5681 1750 5753; x_wconf 73' lang='lat' dir='ltr'><strong>prcsbyt</strong></span> 
     </span>
    </p>
   </div>
   <div class='ocr_carea' id='block_1_117' title="bbox 1869 5667 3412 5753">
    <p class='ocr_par' dir='ltr' id='par_1_117' title="bbox 1875 5677 3412 5753">
     <span class='ocr_line' id='line_1_117' title="bbox 1875 5677 3412 5753; baseline -0.009 -10"><span class='ocrx_word' id='word_1_881' title='bbox 1875 5687 1944 5742; x_wconf 77' lang='grc'><strong>³1</strong></span> <span class='ocrx_word' id='word_1_882' title='bbox 1987 5689 2110 5743; x_wconf 91' lang='lat' dir='ltr'><strong>Cor.</strong></span> <span class='ocrx_word' id='word_1_883' title='bbox 2143 5705 2229 5753; x_wconf 70' lang='lat' dir='ltr'><strong>xv,</strong></span> <span class='ocrx_word' id='word_1_884' title='bbox 2263 5687 2351 5744; x_wconf 73' lang='lat'><strong>5‘3.</strong></span> <span class='ocrx_word' id='word_1_885' title='bbox 2428 5688 2472 5719; x_wconf 89' lang='grc'><strong>⁷⁷</strong></span> <span class='ocrx_word' id='word_1_886' title='bbox 2544 5686 2672 5741; x_wconf 91' lang='lat' dir='ltr'><strong>ibid.</strong></span> <span class='ocrx_word' id='word_1_887' title='bbox 2717 5686 2806 5740; x_wconf 78' lang='lat'><strong>53.</strong></span> <span class='ocrx_word' id='word_1_888' title='bbox 2883 5684 2926 5717; x_wconf 76' lang='grc'><strong>⁷⁸</strong></span> <span class='ocrx_word' id='word_1_889' title='bbox 2977 5681 3019 5736; x_wconf 94' lang='lat' dir='ltr'><strong>ll</strong></span> <span class='ocrx_word' id='word_1_890' title='bbox 3056 5679 3181 5735; x_wconf 84' lang='lat' dir='ltr'><strong>Cor.</strong></span> <span class='ocrx_word' id='word_1_891' title='bbox 3220 5695 3292 5742; x_wconf 86' lang='lat' dir='ltr'><strong>Vl,</strong></span> <span class='ocrx_word' id='word_1_892' title='bbox 3354 5677 3412 5730; x_wconf 81' lang='grc'><strong>14</strong></span> 
     </span>
    </p>
   </div>
   <div class='ocr_carea' id='block_1_118' title="bbox 203 5735 1299 5810">
    <p class='ocr_par' dir='ltr' id='par_1_118' title="bbox 203 5735 1299 5810">
     <span class='ocr_line' id='line_1_118' title="bbox 203 5735 1299 5810; baseline 0.009 -19"><span class='ocrx_word' id='word_1_893' title='bbox 203 5735 244 5767; x_wconf 61' lang='grc' dir='ltr'><strong>τ’</strong></span> <span class='ocrx_word' id='word_1_894' title='bbox 276 5735 442 5799; x_wconf 78' lang='lat' dir='ltr'><strong>lCor.</strong></span> <span class='ocrx_word' id='word_1_895' title='bbox 473 5763 582 5810; x_wconf 74' lang='lat' dir='ltr'><strong>xlv,</strong></span> <span class='ocrx_word' id='word_1_896' title='bbox 618 5747 707 5801; x_wconf 74' lang='lat'><strong>‘20.</strong></span> <span class='ocrx_word' id='word_1_897' title='bbox 783 5748 827 5779; x_wconf 84' lang='grc'><strong>⁸⁰</strong></span> <span class='ocrx_word' id='word_1_898' title='bbox 862 5735 1018 5802; x_wconf 60' lang='lat' dir='ltr'><strong>lion].</strong></span> <span class='ocrx_word' id='word_1_899' title='bbox 1055 5735 1175 5809; x_wconf 69' lang='lat' dir='ltr'><strong>xui,</strong></span> <span class='ocrx_word' id='word_1_900' title='bbox 1219 5747 1299 5803; x_wconf 83' lang='grc'><strong>10.</strong></span> 
     </span>
    </p>
   </div>
  </div>
