3990 6318
584 343 722 406 1151

1773 355 1831 412 S.
1863 352 2254 414 TlIEODORI
2305 351 2656 411 STUDITA'I

3723 345 3869 411 1152

587 460 997 514 relaxatiouem.
1021 458 1144 515 llscc
1181 469 1307 514 sunt
1332 476 1451 529 quae
1475 463 1539 516 de
1563 463 1647 516 his
1671 464 1844 518 habeo
1876 466 1927 518 iu
1958 467 2144 518 timore

2258 464 2353 531 οὑχ
2389 462 2476 514 ῖνα
2508 461 2807 530 εὐλογῶσιν
2837 461 2939 524 1έως
2969 459 3198 524 λύσεως.
3228 459 3481 517 Τοσαῦτά
3523 478 3619 529 μοι
3662 455 3861 513 ὦπται

585 551 678 604 Dei
708 562 759 604 et
787 551 1031 605 veritate.
1060 551 1114 605 Si
1141 555 1269 620 quid
1308 555 1428 606 novi
1460 556 1542 607 vel
1572 571 1600 608 a
1641 556 1794 610 vobis
1827 557 1905 609 vel
1935 557 2003 610 ab
2031 557 2154 612 aliis

584 640 913 706 proferatur,
946 642 1173 697 discam.
1206 642 1400 698 Fateor
1425 645 1568 698 enim
1598 661 1683 700 me
1715 648 1767 699 in
1797 648 1982 701 multis
2034 663 2155 716 pec-

582 747 706 784 care
741 751 753 786 :
786 742 837 786 et
872 733 1038 787 multa
1076 737 1285 788 nescire
1331 751 1438 789 non
1486 737 1687 791 abnuo.
1745 738 1929 792 Saluta
1958 738 2154 793 fratres

585 833 708 877 tuos
748 834 799 877 et
829 824 967 879 filios
1002 840 1177 890 meos,
1211 826 1428 880 Petrum
1459 830 1734 892 abbatem,
1757 840 1812 883 et
1859 831 2149 900 lgnatium,

581 925 636 968 et
668 915 919 977 Tithoeu,
945 915 1282 971 desideratas
1313 919 1446 971 mihi
1479 920 1530 972 in
1558 920 1784 974 Domino
1805 923 2152 989 etadjutores

586 1021 760 1059 meos.
787 1006 968 1060 Saluta
1002 1022 1096 1061 eos
1112 1008 1204 1076 qui
1228 1009 1356 1062 mihi
1379 1009 1528 1062 chari
1558 1020 1684 1063 sunt
1707 1028 1768 1065 ex
1802 1023 1988 1066 sancta
2021 1027 2155 1066 con-

581 1097 914 1164 gregatione.
959 1096 1145 1151 Saluta
1202 1100 1583 1168 mysteriorum
1637 1102 1910 1167 custodes,
1948 1103 2153 1157 viscera

586 1202 704 1239 mea
760 1187 1104 1242 charissima.
1155 1188 1342 1244 Saluta
1418 1206 1538 1245 eam
1600 1195 1756 1259 cujus
1800 1210 2028 1263 magnus
2073 1204 2158 1251 est

587 1276 737 1328 labor
764 1279 815 1328 in
841 1275 1066 1332 Domino
1089 1297 1101 1331 :
1124 1280 1190 1332 de
1220 1296 1326 1347 qua
1353 1282 1553 1350 recipio
1579 1291 1631 1336 et
1660 1285 1876 1338 abundo
1899 1287 1948 1337 iu
1977 1286 2152 1340 bonis.

582 1367 770 1420 Saluta
824 1384 1013 1425 omnes
1069 1371 1123 1424 in
1173 1371 1391 1425 Christo
1449 1372 1665 1436 fratres,
1697 1376 1860 1428 etiam
1899 1376 1992 1443 qui
2026 1385 2157 1430 sunt

584 1460 726 1522 laici,
776 1476 840 1515 ex
890 1462 1089 1531 quibus
1131 1474 1216 1518 est
1263 1464 1482 1533 Sergius
1526 1467 1645 1534 pius
1675 1479 1730 1521 et
1779 1467 2002 1538 Engius.
2051 1470 2154 1536 Qui

585 1564 795 1602 mecum
828 1561 953 1604 sttnt
984 1551 1179 1607 fratres
1212 1568 1426 1622 semper
1462 1556 1646 1610 dilecti
1680 1564 1731 1611 te
1752 1568 1804 1611 et
1841 1559 1978 1612 alios
2009 1560 2158 1614 salu-

583 1650 716 1694 tant.
748 1640 1076 1697 Mementote
1124 1648 1402 1700 tenuitatis
1450 1662 1601 1702 meze.
1651 1649 1916 1706 Dominus
1971 1661 2158 1707 noster

578 1729 742 1787 Jesus
778 1732 1028 1790 Christus
1061 1735 1363 1799 vobiscum,
1393 1737 1613 1794 fratres.

919 2047 1034 2102 XII.
1059 2080 1130 2092 —
1157 2049 1412 2106 Paschali
1443 2070 1595 2123 papa:
1619 2054 1816 2111 Romae.

2258 555 2389 622 περὶ
2415 553 2624 605 τούτων
2649 555 2708 604 ἐν
2731 552 2883 622 φόϐῳ
2915 551 3054 605 Θεοῦ
3091 552 3185 605 καὶ
3211 552 3462 622 ἀληθείᾳ.
3506 553 3570 604 Et
3604 553 3666 606 δέ
3703 570 3761 605 τι
3809 555 3867 618 ἑξ

2259 640 2414 708 ὑμῶν
2441 639 2471 708 ἢ
2502 641 2595 693 ἀπ’
2626 640 2802 693 ἀλλων
2827 639 3166 710 καινότερον,
3230 639 3484 708 διδαχθῶ.
3555 639 3859 708 Ὁμολογῶ

2255 731 2364 800 γάρ
2400 729 2474 792 ὡς
2503 729 2669 782 πολλά
2697 731 3029 799 ἁμαρτάνων
3049 767 3065 790 ,
3105 730 3199 782 καὶ
3235 731 3409 784 πολλὰ
3438 731 3667 797 ἀγνοεῖν
3708 730 3867 797 δέχο-

2259 839 2376 891 μαι.
2422 823 2697 873 ’Ἄσπασαι
2737 822 2861 884 τοὺς
2894 820 3158 888 ἀδελφούς
3189 837 3283 874 σου
3315 823 3410 875 καὶ
3434 822 3505 874 τά
3525 821 3705 873 τέκνα
3733 839 3860 891 μου,

2254 913 2343 964 τὸν
2377 911 2552 964 ἀῦὀᾶν
2583 913 2809 982 Πέτρον,
2840 913 2935 965 καὶ
2978 912 3256 978 Ίγνάτιον,
3298 913 3392 965 καὶ
3421 912 3628 979 Τιθόην
3677 910 3853 983 [cod-

2257 1002 2390 1074 Reg.
2423 1001 2676 1073 Τιδόῖον],
2711 1002 2839 1065 τοὺς
2863 1005 2922 1054 έν
2971 1003 3159 1072 Κυρῖῳ
3185 1003 3556 1073 ὲπιποθήτους
3583 1020 3697 1071 μου
3757 1008 3855 1056 καὶ

2258 1095 2579 1164 συνεργούς.
2622 1096 2902 1148 Ἄσπασαι
2931 1094 3056 1155 τοὺς
3087 1095 3152 1147 ὲκ
3179 1093 3278 1163 τῆς
3299 1094 3459 1161 ἁγίας
3489 1093 3750 1156 συνοδίας
3767 1113 3858 1163 φι-

2255 1186 2454 1255 λητούς
2486 1202 2610 1255 μου.
2651 1187 2935 1240 Ἄσπασαι
2966 1187 3093 1250 τοὺς
3167 1186 3727 1256 μυστηριοφύλακας,
3786 1187 3858 1238 τά

2257 1278 2369 1346 ὲμά
2415 1276 2755 1346 ἠγαπημένα
2781 1275 3085 1345 σπλάγχνα.
3123 1276 3402 1328 Ἄσπασαι
3431 1276 3532 1344 τὴν
3560 1276 3857 1328 κοπιῶσαν

2257 1370 2315 1420 ὲν
2342 1367 2530 1436 Κυρίῳ
2553 1383 2568 1399 ·
2599 1361 2668 1436 ἧς
2701 1366 3030 1435 ἀπέχωααὶ
3074 1365 3392 1435 περισσεύω
3449 1367 3510 1418 ιν
3569 1367 3812 1432 ἀγαθοῖς

2256 1459 2501 1512 ἀσπασαι
2527 1459 2736 1522 πάντας
2762 1459 2892 1521 τοὺς
2917 1459 2975 1511 ὲν
3003 1456 3224 1527 Χριστῷ
3248 1457 3514 1524 ἀδελφοὺς
3535 1497 3552 1522 ,
3596 1458 3710 1510 κᾶν
3727 1457 3849 1510 λαῑα

2258 1551 2370 1613 κοὶ,
2420 1549 2479 1615 ἐξ
2510 1542 2586 1603 ὧν
2621 1549 2847 1619 Σέργιος
2871 1551 2900 1602 ό
2925 1547 3157 1616 εὐσεϐὴς
3196 1549 3291 1601 καὶ
3314 1547 3497 1616 εγγιος
3531 1546 3600 1619 [τ.
3638 1544 3848 1616 artae].

2271 1641 2630 1704 Ἀσπάζονται
2660 1640 2718 1693 at
2740 1639 2834 1693 καὶ
2865 1641 2992 1702 τοὺς
3017 1639 3212 1702 ἄλλους
3241 1641 3290 1692 oi
3322 1638 3420 1692 σῦν
3464 1639 3592 1708 ἑμοί
3621 1637 3850 1706 ἀδελφοὶ

2259 1731 2596 1802 ἀειπόθητοι.
2629 1729 3018 1800 Μνημονεύετέ
3047 1746 3150 1798 μου
3188 1729 3287 1799 τῆς
3309 1728 3729 1790 ταπεινώσεως.
3788 1729 3847 1780 '0

2183 1789 2229 1848 Β
2257 1789 2649 1892 Κύριοίήμῶν
2713 1789 2919 1891 ’ίησοῦς
2973 1789 3209 1890 Χριστὸς
3242 1789 3387 1890 ’μεθ’
3440 1822 3622 1891 ὑμῶν,
3686 1789 3848 1873 ἀδελ-

2263 1914 2377 1984 φοί.

2545 2052 2650 2108 ιε’.
2670 2081 2741 2120 -—-_
2774 2048 3103 2118 Πασχαλιῳ
3123 2048 3296 2119 πάπᾳ
3338 2049 3596 2120 Ῥώμης.

1063 2166 1267 2216 Romani
1305 2171 1546 2229 pontiﬁcis
1576 2184 1722 2232 opem
1745 2175 1979 2223 adversus
2003 2172 2345 2222 lconomachos
2369 2170 2618 2232 exposcit.
2661 2166 2862 2228 (Baron.
2889 2176 2968 2213 an.
3001 2162 3111 2221 817,
3143 2177 3191 2212 n.
3215 2162 3317 2223 21.)

580 2268 806 2325 Prorsus
834 2276 1170 2328 sanctissimo
1193 2277 1443 2331 luminari
1475 2295 1693 2348 magno,
1727 2284 2028 2335 antistitum
2051 2299 2144 2336 su-

645 2379 843 2428 premo,
890 2364 1101 2417 domino
1152 2379 1355 2429 nostro,
1393 2371 1605 2423 domino
1650 2376 1938 2439 apostolico
1971 2387 2141 2439 papw,

645 2454 898 2518 Joannes,
930 2455 1270 2523 Theodosius,
1298 2460 1642 2527 Athanasius,
1680 2461 1934 2526 Joannes,
1975 2464 2141 2518 Theo-

645 2549 830 2610 dorus,
870 2551 1071 2602 minimi
1100 2552 1392 2623 presbyteri
1425 2566 1473 2607 et
1504 2559 1776 2625 praepositi
1832 2573 2012 2611 eorum
2050 2559 2139 2627 qui

647 2643 790 2706 apud
826 2642 1080 2708 Catliara,
1134 2645 1445 2711 Picridium,
1483 2648 1879 2718 Poulopstrium
1903 2690 1920 2715 ,
1967 2650 2138 2706 Euce-

652 2735 807 2798 riam,
839 2747 886 2789 et
907 2735 1177 2793 Studium.

645 2911 841 2966 Audita
894 2912 1006 2982 jam
1071 2924 1202 2970 sunt
1248 2916 1390 2970 haud
1434 2918 1598 2972 dubie
1643 2934 1913 2991 supremae
1955 2933 2149 2981 vestrae

574 3001 897 3056 beatitudini
929 3018 989 3056 ea
1035 3019 1154 3072 qua:
1189 3017 1407 3075 pr0pter
1460 3020 1681 3076 peccata
1732 3022 1915 3067 nostra
1951 3013 2004 3067 in
2047 3030 2147 3068 no-

577 3102 744 3148 stram
807 3093 1101 3150 Ecclesiam
1162 3098 1428 3154 invasere.
1466 3101 1674 3156 Etenim
1717 3102 1841 3158 facti
1873 3121 2061 3159 sumus
2092 3105 2143 3159 in

2257 2278 2340 2345 Τῷ
2361 2279 2558 2332 πάντα
2582 2271 3031 2344 παναγεστὰτφ.
3051 2270 3320 2340 φωστῆρι
3333 2269 3598 2339 μεγάλῳ,
3624 2269 3841 2338 ἀρχιε-

2314 2370 2415 2438 ρεῖ
2443 2369 2752 2438 πρωτίστῳ
2771 2404 2787 2429 ,
2828 2364 3010 2430 κυρίῳ
3038 2360 3228 2431 ἡμῶν,
3260 2361 3527 2428 δεσπότῃ
3563 2361 3838 2415 ἀποστοο

2319 2460 2469 2525 λικῴ
2497 2460 2686 2524 πάπᾳ,
2737 2455 3043 2522 Ἰωάννης,
3075 2453 3417 2518 Θεοδόσιος,
3450 2451 3836 2518 ’Δθανάσιοα

2331 2552 2636 2619 Ἰωάννης,
2692 2549 3010 2616 Θεόδωρος,
3054 2546 3366 2613 ἐλάχιστοι
3425 2546 3834 2612 πρεσϐύτεροι

2317 2647 2413 2699 καὶ
2438 2626 2760 2712 ἡγούμενοί
2789 2641 2908 2696 τῶν
2925 2638 3161 2705 Καθαρὰ
3179 2679 3194 2701 ,
3225 2635 3345 2690 τῶν
3371 2636 3708 2704 Πικριδίου,
3728 2637 3835 2691 τοῦ

2318 2735 2788 2803 Παυλοκετρίου,
2860 2731 2970 2799 τῆς
3000 2727 3310 2797 Εὺκερίας,
3338 2724 3458 2781 τῶν
3509 2727 3829 2782 Στουδίου.

2327 2927 2464 2996 Ἤδη
2497 2943 2596 2980 που
2633 2925 2855 2985 πάντως
2913 2922 3177 2992 ἠκουσται
3225 2920 3291 2989 τῇ
3359 2920 3637 2988 κορυφαῖα
3675 2916 3834 2986 ὑμῶν

2256 3017 2620 3088 μακαριότητι
2650 3015 2717 3068 τά
2743 3012 2885 3066 κατὰ
2942 3011 3040 3074 τὰς
3067 3011 3345 3081 ἁμαρτίας
3385 3009 3548 3079 ήμῶν
3581 3009 3651 3077 τῇ
3694 3007 3818 3061 καθ’

2251 3110 2399 3178 ἡμᾶς
2440 3106 2738 3177 Ἐκκλησία
2767 3102 3077 3157 ἐπελθόντα.
3143 3101 3252 3154 Καὶ
3301 3099 3410 3171 γὰρ
3474 3099 3830 3169 γεγενήμεθα

578 3182 885 3249 parabolam
937 3195 992 3238 et
1043 3188 1388 3254 proverbium
1441 3191 1696 3246 omnibus
1746 3194 2032 3262 gentibus,
2089 3205 2144 3247 ut

2257 3203 2329 3262 εἰς
2354 3197 2673 3268 παραϐολὴν
2709 3196 2804 3248 καὶ
2836 3195 3079 3264 διήγημα
3138 3193 3192 3246 ὲν
3252 3193 3387 3245 πᾶσι
3407 3192 3520 3254 τοῖς
3593 3190 3778 3245 ἔθνεσι
3807 3231 3825 3256 ,

577 3275 877 3329 secundum
931 3275 1264 3346 Scriptuer
1314 3280 1562 3349 loquar“
1606 3300 1620 3335 :
1667 3285 1906 3338 nondum
1963 3294 2141 3351 tamen

579 3364 811 3418 lortasse
826 3380 888 3418 ea
910 3365 1144 3434 perfecte
1168 3377 1220 3422 et
1243 3384 1338 3438 per
1355 3371 1617 3439 epistolas
1639 3375 1945 3428 renuntiata
1974 3375 2143 3429 fuere.

577 3453 756 3518 Quare
783 3469 882 3509 nos
915 3456 1148 3520 minimi,
1189 3458 1289 3512 etsi
1320 3460 1620 3515 membrum
1665 3465 1909 3530 corporis
1947 3464 2145 3521 Christi

576 3545 827 3600 ultimum
858 3564 1047 3604 sumus
1075 3565 1090 3605 :
1117 3559 1329 3616 tamen,
1353 3567 1474 3606 cum
1508 3554 1554 3609 is
1582 3555 1675 3624 qui
1705 3566 1865 3625 caput
1900 3565 2144 3612 nostrum

575 3645 678 3700 est,
698 3639 947 3706 captivus
980 3641 1070 3704 sit,
1112 3652 1274 3710 atque
1299 3643 1448 3712 iiqui
1476 3645 1614 3698 inter
1651 3644 1846 3702 fratres
1884 3649 2144 3712 eminent,

579 3728 683 3783 huc
724 3739 887 3798 atque
923 3731 1049 3785 illuc
1090 3733 1338 3800 dissipati
1380 3752 1393 3787 :
1428 3735 1612 3804 aliquo
1647 3737 1808 3790 modo
1843 3740 2142 3806 potuimus,

574 3835 640 3873 ex
674 3835 738 3874 eo
766 3821 909 3890 quod
939 3836 1102 3890 prope
1123 3839 1334 3888 sumus,
1354 3833 1406 3878 et
1429 3841 1493 3878 ex
1520 3838 1706 3880 mutua
1727 3830 2141 3897 signiﬁcatione,

578 3923 833 3979 tanquam
864 3927 967 3966 uno
990 3914 1180 3982 spiritu
1205 3925 1257 3970 et
1282 3918 1661 3972 communibus
1692 3920 1869 3974 verbis
1896 3922 2144 3989 quamvis

577 4001 922 4054 temerarium
972 4003 1065 4067 sit,
1109 4005 1212 4058 ista
1251 4006 1509 4061 scribere.
1563 4007 1726 4072 Audi,
1785 4010 2141 4076 apostolicum

575 4101 755 4159 caput,
797 4108 827 4144 a
874 4091 983 4145 Deo
1019 4094 1305 4162 prmposite
1335 4105 1518 4164 pastor
1547 4098 1726 4151 ovium
1757 4097 1977 4162 Christi,
1999 4099 2143 4167 jani-

576 4190 658 4232 tor
678 4183 824 4248 regni
854 4181 1139 4245 ccelorum,
1163 4191 1310 4251 petra
1344 4185 1465 4239 fidei
1502 4203 1666 4257 super
1691 4203 1855 4257 quam
1877 4190 2139 4244 aediﬁcata

573 4282 652 4324 est
687 4271 955 4326 catholica
990 4271 1248 4329 Ecclesia.
1285 4277 1473 4332 Petrus
1504 4279 1648 4333 enim
1682 4289 1756 4345 tu,
1782 4281 1924 4336 Petri
1958 4283 2138 4338 sedem

575 4375 848 4414 exornans
885 4371 940 4413 ct
976 4362 1305 4428 gubernans.
1355 4364 1488 4433 Lupi
1525 4384 1714 4438 graves
1752 4369 2139 4440 irruperuntin

575 4454 787 4506 caulam
844 4453 1054 4508 Domini
1090 4473 1101 4508 :
1133 4465 1297 4523 portae
1339 4457 1513 4524 inferi,
1540 4469 1596 4514 ut
1621 4462 1770 4527 olim,
1813 4471 2140 4532 ruptte'sunt

2253 3293 2542 3364 Γραφικῶς
2573 3293 2748 3344 εἰπεῖν
2769 3306 2783 3320 ·
2809 3290 2871 3342 ού
2898 3287 3004 3360 μὴν
3029 3288 3160 3350 ἴσως
3183 3288 3215 3357 ἠ
3245 3285 3565 3354 ἀπαγγελία
3589 3283 3827 3345 ἐντελῶς

2247 3401 2306 3436 τε
2336 3387 2430 3436 καὶ
2461 3381 2846 3445 ὲπιστολικῶς.
2876 3381 3080 3451 Διόπερ
3114 3380 3278 3449 ἡμεῖς
3333 3379 3384 3430 οἱ
3425 3376 3730 3446 ἐλάχιστοι,
3780 3375 3827 3425 εί

2248 3475 2344 3526 καὶ
2375 3473 2536 3544 μέλος
2584 3488 2689 3527 που
2713 3473 2811 3526 τοῦ
2859 3470 3109 3541 σώματος
3149 3470 3387 3542 Χριστοῦ
3426 3468 3657 3538 ἔσχατον
3687 3483 3826 3533 τυγ-

2247 3566 2500 3636 χάνοντες
2526 3583 2540 3597 ·
2581 3567 2729 3635 ὅμως
2758 3565 2860 3633 τῆς
2882 3562 3123 3633 κεφαλῆς
3154 3561 3312 3631 ἡμῶν
3341 3561 3692 3630 είργομένης,
3715 3557 3827 3610 τῶν

2246 3674 2306 3710 τε
2367 3659 2426 3711 ὲν
2465 3657 2785 3726 ἀδελφότητι
2844 3657 3186 3727 προεχόντων
3252 3647 3354 3708 ὧδέ
3384 3670 3443 3705 τε
3471 3653 3698 3705 κάκεῖσε
3748 3651 3826 3704 δι-

2246 3749 2606 3818 εσπαρμένων
2625 3764 2639 3777 °
2669 3747 3014 3816 ἠδυνήθημέν
3040 3764 3156 3808 πως
3184 3747 3248 3799 ὲκ
3308 3745 3403 3797 τοῦ
3446 3744 3720 3812 σύνεγγυς
3744 3738 3824 3797 sl-

2245 3855 2332 3889 ναι
2362 3839 2451 3890 καὶ
2476 3837 2564 3890 διὰ
2591 3835 2692 3905 τῆς
2724 3838 2803 3898 εἰς
2855 3835 3113 3904 ἀλλήλους
3140 3832 3567 3902 καταμηνύσεως
3617 3833 3699 3893 είς
3755 3830 3815 3883 ἓν

2244 3928 2498 3994 γενέσθαι
2531 3929 2622 3981 καὶ
2652 3926 2870 3996 πνεῦμα
2903 3926 3001 3977 καὶ
3049 3924 3204 3995 ῥῆμα
3227 3939 3241 3954 ⁸
3281 3924 3595 3994 γράφοντες
3633 3925 3683 3975 εί
3731 3924 3824 3976 καὶ

2242 4018 2531 4088 τολμηρῶς
2579 4018 2725 4070 τάδε.
2755 4019 2977 4081 Ἀκουε,
3011 4016 3343 4083 ἀποστολικὴ
3374 4015 3543 4086 κάρα,
3595 4015 3822 4086 θεοπρό-

2243 4109 2404 4178 6λητε
2434 4109 2638 4180 ποιμὴν
2668 4110 2774 4161 τῶν
2809 4109 3045 4178 Χριστοῦ
3064 4109 3349 4178 προϐάτων
3372 4123 3389 4138 ⁸
3420 4107 3698 4176 κλειδοῦχε
3723 4107 3817 4173 τῆς

2241 4197 2486 4268 οὐρανῶν
2538 4199 2815 4267 βασιλείας
2853 4213 2866 4227 ·
2928 4199 3104 4268 πέτρα
3159 4199 3258 4266 τὴς
3311 4197 3574 4260 πίστεως,
3641 4197 3730 4264 ἐφ’

2242 4289 2586 4359 ᾠκοδόμηται
2615 4289 2939 4360 ήκαθολικὴ
2979 4288 3294 4357 Ἐκκλησία.
3331 4290 3538 4359 Πέτρος
3566 4288 3678 4358 γὰρ
3728 4288 3812 4350 σὺ,

2240 4382 2332 4432 τὸν
2384 4379 2592 4450 Πέτρου
2634 4379 2821 4449 θρόνον
2849 4379 3068 4447 κοσμῶν
3097 4379 3190 4430 καὶ
3215 4378 3434 4431 διέπων.
3491 4376 3661 4430 Atith
3723 4375 3817 4446 βα-

2244 4472 2359 4538 ρεῖς
2387 4469 2794 4538 εἰσεφθάρησαν
2827 4471 2884 4521 ἐν
2912 4471 2979 4536 τῇ
3009 4469 3144 4538 αὐλῇ
3177 4469 3384 4538 Κυρίου
3419 4484 3433 4498 ·
3459 4465 3628 4520 πύλαι
3659 4467 3809 4537 ᾅδου,

579 4545 630 4597 in
652 4545 847 4614 ipsam.
871 4544 1012 4610 Quid
1043 4549 1176 4600 hoc?
1200 4548 1636 4607 Persecutionem
1661 4557 1862 4623 patitur
1888 4558 2136 4613 Christus

2257 4560 2314 4620 ὓς
2347 4560 2514 4613 πάλαι
2541 4598 2556 4622 ,
2609 4560 3069 4630 προσερῤἀγησαν
3128 4560 3266 4629 αὐτῇ
3294 4596 3308 4612 .
3354 4559 3420 4612 Τί
3468 4558 3628 4611 τοῦτο
3656 4575 3672 4622 ;
3701 4558 3817 4612 διώ-

575 4652 698 4688 cum
733 4646 906 4691 matre
954 4647 1007 4690 et
1069 4638 1330 4694 ministris
1361 4659 1373 4694 :
1409 4643 1676 4711 siquidem
1719 4656 1906 4702 contra
1948 4649 2139 4720 imagi-

577 4744 695 4781 ncm
747 4727 1018 4795 incursus,
1062 4733 1330 4802 prototypi
1382 4743 1465 4790 est
1515 4741 1840 4804 persecutio.
1875 4741 2013 4797 l‘linc
2045 4744 2141 4797 de-

573 4821 746 4874 tentio
784 4822 1164 4888 patriarchalis
1205 4825 1396 4894 capitis
1429 4843 1443 4879 :
1473 4829 1662 4883 exsilia
1697 4840 1750 4885 et
1785 4832 2140 4902 relegationes

575 4911 1105 4980 archiepiscoporum
1160 4925 1213 4968 et
1258 4915 1624 4980 sacerdotum,
1654 4931 1707 4974 et
1748 4925 2136 4979 monachorum

574 5003 1077 5072 monacharumque
1104 5008 1395 5074 compedes
1446 5017 1499 5063 et
1547 5012 1758 5067 vincula
1793 5013 1986 5082 ferrea,
2025 5026 2137 5070 tor-

573 5100 862 5161 mentaque
903 5102 955 5147 et
986 5093 1050 5147 ad
1078 5104 1383 5152 extremum
1416 5114 1580 5156 mors.
1614 5101 1658 5155 Ο
1693 5103 2002 5160 horribilem
2037 5121 2136 5160 au-

571 5182 866 5238 ditionem!
909 5183 1223 5241 Veueranda
1269 5188 1446 5260 imago
1473 5194 1763 5250 salvatoris
1808 5195 1904 5252 Dei
1943 5200 2135 5261 nostri,

573 5290 737 5342 quam
779 5276 940 5330 etiam
995 5277 1264 5333 daemones
1310 5282 1759 5352 perhorrescunt,
1792 5290 2138 5344 contumeliis

569 5363 764 5418 affecta
800 5374 852 5418 et
887 5365 1121 5420 ludibrio
1156 5368 1340 5424 habita
1386 5381 1488 5433 est,
1516 5389 1624 5427 nou
1669 5378 1842 5430 solum
1886 5378 1939 5432 in
1988 5381 2132 5448 regia

573 5456 726 5516 urbe,
749 5468 934 5510 vertnn
970 5455 1130 5510 etiam
1158 5460 1208 5512 iu
1228 5463 1372 5514 omni
1401 5464 1619 5533 regione
1642 5475 1695 5520 et
1722 5469 1901 5537 opido.
1930 5469 2132 5523 Altaria

569 5548 741 5600 deleta
766 5557 911 5611 sunt,
949 5549 1143 5616 templa
1164 5551 1455 5620 destructa,
1486 5572 1639 5610 sacra
1662 5559 1941 5626 profanata
1963 5560 2128 5625 ,eﬂ'u-

571 5650 666 5690 sus
722 5643 804 5687 cst
859 5637 1081 5705 sanguis
1110 5649 1163 5690 et
1205 5640 1499 5699 effunditur
1553 5662 1741 5704 eorum
1779 5649 1872 5718 qui
1906 5651 2138 5705 retinent

633 5748 683 5777 “
715 5747 856 5802 Psal.
887 5765 1069 5814 LXVIII,
1117 5751 1195 5805 1‘2.

2242 4667 2398 4703 κεται
2453 4649 2687 4720 Χριστὸς
2753 4652 2850 4702 σὺν
2891 4651 3060 4720 μητρὶ
3087 4651 3179 4702 καὶ
3207 4650 3532 4720 θεράπουσιν
3557 4666 3570 4678 ·
3591 4652 3752 4721 εῖπερ
3779 4653 3810 4720 η

2240 4741 2338 4809 τῆς
2386 4740 2592 4802 εἰκόνος
2621 4739 2959 4809 καταδρομὴ,
3002 4738 3097 4793 τοῦ
3130 4739 3487 4810 πρωτοτύπου
3538 4740 3800 4810 διωγμός.

2241 4831 2522 4884 Ἐντεῦθεν
2551 4830 2828 4895 κατένεξις
2888 4830 3295 4902 πατριαρχικῆς
3376 4829 3622 4899 κεφαλῆς
3659 4846 3673 4860 ·
3732 4830 3810 4894 ἡξ-

2241 4924 2383 4993 ορίαι
2410 4940 2466 4974 τε
2508 4924 2601 4975 καὶ
2628 4923 2973 4993 περιορισμοὶ
3009 4923 3309 4992 ἀρχιερέων
3344 4938 3404 4974 τε
3460 4923 3552 4975 καὶ
3596 4923 3805 4993 ἱερέων,

2244 5013 2527 5083 μοναστῶν
2553 5030 2613 5065 τε
2657 5015 2751 5067 καὶ
2787 5014 3135 5083 μοναζουσῶν
3164 5028 3178 5043 ο
3209 5013 3428 5084 είρκταί
3457 5029 3520 5067 τε
3577 5016 3677 5068 καὶ
3735 5031 3806 5067 σι-

2239 5105 2505 5177 δηρώσεις
2535 5124 2549 5137 ο
2576 5107 2798 5176 βάσανοε
2833 5124 2892 5159 τε
2923 5107 3020 5160 καὶ
3083 5106 3233 5170 τέλος
3291 5107 3533 5160 θάνατοι.
3596 5109 3662 5159 Ὢ
3714 5106 3804 5160 τοῦ

2240 5197 2471 5268 φοδεροῦ
2501 5198 2883 5267 ἀκούσματοςί
2916 5199 2948 5269 ἡ
2981 5197 3153 5266 σεπτὴ
3187 5197 3353 5251 εΐκὼν
3401 5197 3497 5251 τοῦ
3546 5198 3802 5268 Σωτῆρος

2239 5287 2395 5357 ἡμῶν
2433 5287 2591 5353 Θεοῦ,
2625 5289 2689 5357 ἢν
2729 5288 2825 5340 καὶ
2849 5288 3109 5357 δαίμονες
3163 5287 3479 5356 φρίττουσιν
3504 5302 3521 5319 ⁶
3583 5287 3801 5357 ἐνύδρι-

2241 5393 2364 5428 σται
2397 5393 2412 5409 ·
2452 5377 2838 5440 ἐξουδένωται·
2864 5377 2925 5429 ού
2978 5377 3137 5448 μόνον
3195 5378 3253 5429 ὲν
3309 5380 3375 5447 τῇ
3442 5375 3800 5448 βασιλευούσῃ

2239 5467 2391 5520 πόλει
2422 5483 2436 5496 °
2467 5468 2605 5522 ἀλλά
2634 5469 2743 5538 γὰρ
2782 5468 2878 5520 καὶ
2912 5468 3052 5521 κατά
3118 5469 3300 5521 πᾶσαν
3330 5466 3513 5537 χώραν
3552 5469 3651 5526 καὶ
3710 5487 3800 5523 πο·

2238 5559 2444 5629 λίχνην,
2475 5561 2850 5629 Θυσιαστήρια
2874 5559 3145 5629 ἠφανίσθη
3165 5575 3179 5588 ⁸
3201 5561 3317 5613 ναοὶ
3343 5559 3756 5632 ἠμαυρώθησαν
3783 5576 3793 5588 '

2237 5651 2356 5720 ἱερὰ
2381 5650 2664 5722 ὲκοινώθη,
2694 5651 2854 5722 ὲχέθη
2882 5651 3089 5722 αἵματα
3121 5651 3212 5704 καὶ
3258 5650 3446 5722 χέεται
3497 5651 3614 5708 τῶν
3675 5653 3794 5707 ἀντ-
