3990 6318
109 348 265 420 1153

1330 360 1873 420 EPISTULARUM
1929 361 2072 420 LIB.
2121 361 2201 422 Ιῐ.

3268 363 3407 425 1154

101 470 412 538 εχομὲνων
453 465 546 520 τοῦ
599 468 958 537 [εὐαγγελίου.
998 472 1238 540 Διωγμοὶ
1274 474 1367 526 καὶ
1434 473 1720 542 φυγαδείαι

1826 471 2199 542 Evangelium,
2255 474 2671 540 persecutiones
2727 480 2782 527 et
2831 471 3023 529 exsilia
3072 487 3262 527 corium
3309 476 3402 543 qui

103 561 225 613 τῶν
262 559 354 610 ἔτι
409 557 910 629 ὑπολελειμμένων.
980 561 1232 632 Ἐσίγησε
1293 566 1403 618 πᾶν
1453 563 1713 617 εὑσεεοῦν

104 650 306 718 στόμα
382 649 492 705 δέει
545 651 782 704 θανάτου
814 668 828 682 '
885 653 1158 724 ἀνέῳκται
1212 655 1245 726 ἡ
1295 657 1572 722 ἀντίθετος
1617 660 1713 712 καὶ

106 743 457 812 βλάσφημος
510 743 738 811 γλῶσσα
764 761 778 774 ·
817 745 1140 800 σεσάλευται
1167 749 1318 801 πᾶσα
1361 749 1500 821 σὰρξ
1530 751 1710 820 ἀμφο-

102 835 446 904 τερὶζουσα.
483 838 650 906 Οἴμοι
678 876 694 902 ,
725 838 914 908 φησὶν,
947 838 1039 892 ὅτι
1072 838 1440 909 ἐγενήθημεν
1458 841 1540 905 ὡς
1561 857 1714 896 avr-

102 923 284 992 ἁγων
318 926 603 995 καλάμην
625 927 695 980 ἐν
722 929 946 998 ἀμητῷ,
981 931 1079 984 καί
1111 931 1192 998 ὡς
1217 931 1590 1001 ἐπιφυλλίδα
1643 932 1714 986 ἐν

103 1018 402 1086 τρυγητῷ
421 1033 433 1046 ·
467 1022 581 1090 οὐχ
611 1019 996 1090 ὑπάρχοντος
1013 1023 1300 1092 βότρυος.

195 1109 525 1181 Ἐφ’ήμᾶς,
573 1106 619 1166 ὧ
647 1114 857 1184 μάκαρ,
881 1116 1102 1184 ἐγένετο
1147 1117 1321 1170 ταῦτα
1373 1116 1574 1170 πάντα.
1642 1118 1712 1171 ’Δ

103 1199 195 1264 τίς
227 1201 340 1271 μὲν
368 1203 471 1257 οὐκ
498 1205 949 1274 ὲπιστυγνάσειεν
975 1209 1056 1272 εἰς
1086 1207 1355 1262 ἑαυτὸντά
1370 1209 1464 1263 τοῦ
1485 1209 1711 1280 πλησίον

105 1293 466 1366 ἀναθεωρῶν
497 1297 646 1368 πάθη
682 1314 697 1362 ;
729 1299 826 1364 Ti;
859 1299 917 1354 δὲ
944 1300 1006 1353 ού
1063 1299 1347 1372 λογίσοιτο
1391 1303 1710 1373 προεισόδια

105 1381 262 1440 εἶναι
301 1387 408 1457 τῆς
467 1388 562 1442 τοῦ
631 1391 1002 1461 ’Δντιχρίστου
1059 1393 1408 1463 παρουσίαςο
1455 1393 1712 1446 τοσοῦτον

103 1478 462 1550 διαφέροντα
491 1482 614 1535 ὅσον
641 1483 807 1536 εἰκὼν
837 1483 1177 1555 ἀρχετύπου,
1215 1487 1301 1553 ἐφ’
1331 1479 1482 1559 ﬂuat
1527 1485 1712 1556 μαίνε-

104 1587 245 1636 ται;
301 1570 481 1642 Δεῦρο
517 1572 582 1643 δὴ
614 1569 710 1627 οὖν
761 1575 869 1628 ἀπὸ
901 1575 1133 1646 Δυσμῶν
1159 1579 1188 1631 ό
1240 1577 1711 1649 Χριστομίμητος,

121 1663 488 1731 Ἀνάστηθι,
522 1667 729 1736 καὶμὴ
753 1667 971 1738 ἀπὼσῃ
996 1672 1083 1736 είς
1113 1669 1307 1736 τέλος.
1346 1669 1490 1739 Πρός
1519 1670 1579 1722 σὲ
1632 1671 1712 1723 εἷ-

113 1771 260 1825 ρηκε
288 1756 533 1826 Χριστὸς
561 1758 590 1810 ό
611 1759 745 1823 Θεὸς
773 1761 933 1830 ἡμῶν
963 1777 978 1792 ο
1009 1763 1117 1815 Kal
1133 1763 1222 1830 σὺ
1245 1761 1392 1815 ποτὲ
1425 1762 1706 1831 ἐπιστρέ-

105 1849 240 1914 ψας
261 1848 582 1916 στηρίξεις
611 1851 753 1916 τοὺς
784 1852 1090 1921 ἀδελφούς
1113 1867 1250 1907 σου.
1300 1853 1407 1907 Ἴδε
1444 1855 1471 1906 ό
1513 1856 1707 1924 χρόνος

108 1937 208 1989 καὶ
241 1938 272 1989 6
302 1938 475 2003 τόπος
499 1956 515 1973 ο
558 1939 832 2012 βοήθησον
857 1945 991 2013 ἡμῖν
1019 1945 1048 1996 6
1076 1945 1180 1998 ὑπὸ
1205 1945 1301 1996 τοῦ
1337 1944 1474 2000 Θεοῦ
1505 1963 1706 2016 τεταγ-

112 2026 285 2093 μένος
319 2029 404 2092 είς
437 2028 631 2083 τοῦτο·
683 2029 870 2100 ὄρεξον
907 2036 1066 2103 χεῖρα
1121 2032 1247 2087 καθ’
1305 2035 1429 2087 ὅσον
1489 2029 1601 2088 οἷόν
1648 2035 1708 2089 τέ

111 2118 271 2171 ἐστιν
305 2133 320 2149 ⁸
349 2118 501 2190 ἔχεις
533 2121 592 2174 τὸ
624 2121 830 2191 ίσχύειν
853 2124 1007 2194 παρὰ
1031 2125 1153 2195 Θεῷ
1207 2126 1271 2179 ὲκ
1337 2125 1432 2180 τοῦ
1487 2128 1708 2180 πάντων

109 2208 432 2278 πρωτεύειν
453 2224 468 2239 °
503 2211 563 2264 ἐν
591 2204 636 2279 ᾧ
663 2213 760 2265 καὶ
786 2213 1001 2285 ὲτέθης.
1021 2215 1287 2285 Πτόησον,
1303 2216 1560 2282 δεόμεθα,
1581 2217 1709 2280 τοὺς

110 2299 444 2369 αἱρετικοὺς
473 2302 653 2373 Θῆρας
680 2304 903 2376 σύριγγι
929 2307 1024 2361 τοῦ
1071 2308 1217 2361 θείου
1256 2309 1416 2377 λόγου
1467 2325 1584 2364 σου.
1649 2311 1710 2363 '0

111 2391 330 2461 ποιμὴν
357 2390 388 2443 ὁ
407 2393 593 2461 καλὸς,
626 2395 717 2460 θὲς
738 2395 837 2466 τὴν
863 2396 1046 2468 ψυχὴν
1062 2398 1208 2470 ὑπὲρ
1240 2399 1352 2453 τῶν
1375 2400 1671 2472 προϐάτων
1694 2417 1709 2432 ’

113 2483 465 2556 ἱκετεύομεν.
550 2488 868 2541 Ἀκουσάτω
910 2489 943 2559 ἡ
993 2490 1086 2542 ὑπ’
1146 2490 1400 2561 οὐρανὸν,
1467 2493 1550 2545 ὅτι
1617 2492 1708 2562 ὑφ’

112 2573 274 2643 ὑμῶν
305 2575 804 2647 ἀναθεματίζονται
853 2580 1148 2641 συνοδικῶς
1200 2583 1249 2636 οἱ
1289 2583 1467 2637 ταῦτα
1527 2584 1712 2638 τετολ-

117 2669 387 2738 μηκὸτες,
417 2669 510 2722 καί
543 2687 607 2739 γε
645 2669 1142 2741 ἀναθεματίζοντες
1170 2673 1300 2737 τοὺς
1353 2676 1544 2744 ἁγίους
1594 2677 1709 2730 Πα-

115 2760 283 2830 τέρας
320 2761 504 2832 ἡμῶν.
539 2759 708 2816 Τοῦτο
740 2765 828 2831 εἴη
858 2764 978 2835 Θεῷ
1019 2764 1384 2835 εὐπρόσιτονο
1452 2767 1709 2837 ἀγγέλοις

113 2853 210 2905 καὶ
264 2853 452 2922 ἁγίοις
500 2856 884 2926 χαρμόσυνον·
946 2858 1329 2929 σαλευομένοις
1385 2862 1704 2931 στήριγμαι

116 2944 537 3017 ἐδραιουμένοις
638 2949 1063 3022 ἑπισφράγισμα
1110 2967 1127 2985 ο
1207 2954 1709 3008 κατα-πεπτωκόσιν

115 3038 419 3110 ἀνάστημα
443 3057 458 3072 ⁶
488 3041 639 3114 πάσῃ
679 3042 978 3116 Ἐκκλησία
1009 3044 1312 3116 όρθοδόξων
1339 3047 1664 3118 άγαλλίαμα
1689 3062 1705 3078 ο

1735 1811 1782 1869 Β

1815 564 1997 618 adhuc
2041 564 2213 618 relicti
2253 573 2402 620 sunt.
2429 564 2709 619 Conticuit
2739 580 2901 619 omne
2929 580 2994 618 os
3025 565 3170 633 pium
3216 567 3410 619 mortis

1816 667 1962 710 metu
1997 674 2010 710 :
2045 666 2229 726 aperta
2272 664 2356 710 est
2383 657 2705 711 adversaria
2735 665 2788 710 et
2816 658 3131 726 blasphcma
3174 657 3358 727 lingua
3391 676 3407 712 :

1814 759 2090 801 commota
2138 759 2224 803 est
2273 749 2456 802 omnis
2488 762 2623 802 caro
2666 748 2720 801 in
2760 749 3117 818 ambiguitate
3157 764 3406 803 versans.

1816 835 1918 890 Hei
1955 837 2119 890 mihi!
2154 838 2352 907 inquit,
2387 839 2513 907 quia
2563 837 2698 906 [acti
2744 853 2930 891 sumus
2978 847 3036 890 ut
3083 838 3172 906 qui
3208 837 3411 905 colligit

1813 931 2079 985 calamum
2126 932 2178 984 in
2212 946 2400 995 messe,
2422 939 2472 984 et
2512 945 2780 984 racemum
2834 930 2892 982 in
2946 927 3244 992 vindemia,
3291 943 3412 979 cunt

1813 1037 1918 1074 non
1947 1022 2014 1075 sit
2033 1024 2210 1074 botrus
2229 1023 2298 1075 ⁸³.

1883 1111 1940 1165 1η
1986 1127 2110 1176 nos,
2171 1127 2205 1166 ο
2266 1112 2442 1178 beate,
2508 1110 2624 1165 haec
2675 1111 2861 1165 omnia
2920 1108 3062 1163 facta
3095 1117 3238 1163 sunt.
3281 1108 3416 1175 Qurc

1813 1209 1938 1280 quis
1995 1224 2103 1262 non
2165 1224 2306 1278 :egre
2340 1207 2544 1273 tulerit,
2599 1207 2653 1261 in
2701 1208 2883 1276 seipso
2927 1206 3162 1276 proximi
3213 1206 3414 1261 damna

1812 1301 2200 1357 considerans?
2237 1299 2373 1365 Quis
2417 1308 2603 1355 autem
2652 1299 3016 1353 ratiocinatus
3061 1312 3171 1351 non
3223 1295 3412 1364 fuerit,

1813 1410 1933 1449 esse
1981 1394 2247 1448 adventus
2305 1392 2625 1446 Antichristi
2666 1393 2967 1461 praeludis,
3011 1399 3223 1445 tantum
3261 1389 3414 1444 dilfe-

1817 1485 1990 1540 rentia
2049 1493 2312 1555 quantum
2383 1485 2454 1538 ab
2517 1483 2818 1554 exemplari
2869 1484 3080 1553 imago,
3143 1485 3194 1535 in
3244 1497 3407 1550 quam

1814 1578 1980 1630 etiam
2030 1576 2336 1630 insanitur?
2369 1575 2488 1629 Huc
2524 1576 2691 1642 igitur
2721 1577 2788 1629 ab
2813 1575 3178 1636 0ccideute,o
3201 1573 3407 1627 Christi

1815 1666 2103 1721 imitator:
2145 1665 2383 1736 Exsurge
2420 1675 2469 1718 et
2517 1681 2580 1718 ne
2626 1666 2850 1734 repellas
2900 1667 2956 1718 in
3005 1665 3248 1734 ﬁnem“.
3285 1661 3406 1716 Tibi

1815 1758 1951 1813 dixit
1974 1757 2226 1813 Christus
2285 1757 2429 1811 Deus
2478 1766 2712 1811 noster:
2752 1756 2821 1810 Et
2853 1767 2909 1809 tu
2945 1757 3236 1826 aliquando
3277 1772 3406 1808 con-

1811 1866 1990 1904 versus
2058 1849 2395 1914 conﬁrmabis
2453 1851 2646 1919 fratres
2699 1849 2901 1903 tuos“.
2959 1847 3100 1902 Ecce
3165 1857 3401 1915 tempus,

1811 1959 1939 2000 ecce
1971 1945 2124 1998 locus
2160 1963 2173 1997 :
2207 1944 2478 2012 opitulare
2510 1942 2691 2003 nobis,
2720 1942 2817 2011 qui
2878 1957 2938 1996 es
2991 1957 3021 1995 a
3070 1942 3178 1994 Deo
3201 1944 3266 1994 ad
3303 1943 3406 1994 hoc

1811 2037 2099 2090 ordinatus
2137 2054 2151 2090 :
2189 2035 2408 2104 porrige
2443 2049 2663 2088 manum
2697 2042 2962 2103 quantum
3015 2031 3128 2087 fieri
3178 2043 3350 2100 potest
3387 2049 3402 2087 :

1812 2127 1984 2182 babes
2021 2134 2344 2197 potestatem
2379 2142 2408 2180 a
2449 2125 2580 2190 Deo,
2607 2140 2673 2178 eo
2702 2125 2846 2192 quod
2875 2123 3120 2177 omnium
3151 2125 3404 2192 princeps

1810 2234 1871 2274 es
1909 2239 1921 2274 :
1962 2218 2017 2272 iu
2051 2233 2162 2288 quo
2198 2229 2252 2272 et
2294 2220 2507 2287 positus
2555 2231 2636 2270 es.
2692 2213 2960 2282 Terreto,
3005 2215 3403 2283 supplicamus,

1813 2310 2094 2364 luereticas
2155 2309 2299 2363 feras
2353 2309 2566 2364 calamo
2627 2307 2796 2362 divini
2848 2307 2994 2360 verbi
3055 2305 3155 2359 tui.
3213 2304 3395 2358 Pastor

1812 2401 1972 2462 bone.
2013 2416 2156 2472 pone
2192 2403 2434 2455 animam
2470 2413 2571 2469 pro
2607 2399 2824 2462 ovibus,
2866 2399 3259 2468 supplicamus.
3293 2399 3404 2450 Au-

1811 2495 1922 2549 diat
1949 2493 2192 2550 Ecclesia
2223 2509 2347 2564 quae
2386 2493 2490 2548 sub
2527 2492 2669 2546 caelo
2697 2500 2807 2555 est,
2837 2492 2980 2561 quod
3009 2507 3038 2544 a
3071 2491 3224 2545 vobis
3267 2505 3404 2542 ana-

1811 2587 2238 2642 thematizantur
2301 2600 2397 2655 per
2449 2585 2718 2656 synodum
2757 2583 2852 2654 qui
2883 2584 2998 2638 haec
3032 2580 3176 2640 ausi.
3206 2591 3259 2634 et
3287 2580 3402 2650 jam

1811 2693 2030 2736 sanctos
2080 2679 2270 2734 Patres
2321 2687 2546 2734 nostros
2576 2678 3066 2732 anathematizauit.
3097 2675 3212 2729 Hoc
3241 2673 3405 2727 fuerit

1814 2774 1922 2828 Deo
1953 2782 2260 2841 acceptum,
2289 2772 2499 2840 angelis
2533 2777 2588 2824 et
2624 2769 2833 2823 sanctis
2862 2768 3144 2838 gaudium,
3175 2780 3400 2819 concus-

1810 2869 1886 2923 sis
1913 2866 2338 2930 lirmamentum,
2363 2864 2606 2918 fundatis
2638 2862 2976 2926 stahilimeu,
3017 2858 3184 2927 lapsis
3218 2871 3404 2911 resur-

1812 2960 2001 3024 rectio,
2049 2959 2196 3012 omni
2233 2957 2664 3011 orthodoxorum
2714 2952 2971 3008 Ecclesiae
3001 2949 3314 3012 exsultatio,
3347 2955 3403 3000 et

1812 3065 1917 3109 tum
1949 3066 2093 3108 certe
2121 3050 2461 3112 eclsitudiui,
2495 3047 2799 3104 secundum
2834 3061 2931 3101 eos
2967 3045 3059 3115 qui
3094 3042 3405 3111 antiquitus

117 3129 212 3184 καί
241 3148 308 3201 γε
339 3135 409 3226 τῇ
450 3135 515 3205 σῇ
541 3137 940 3209 κορυφαιότητι
972 3138 1116 3192 κατά
1143 3141 1275 3202 τοὺς
1345 3141 1512 3194 πάλαι
1569 3160 1707 3213 προ-

1824 3154 2232 3220 praecesserunt,
2255 3155 2518 3199 :eteruum
2547 3140 2968 3194 monimentum.
3001 3135 3105 3202 Qui
3128 3131 3403 3188 similibus

114 3225 514 3294 ηγησαμένους
540 3228 884 3298 μνημόσυνον
916 3228 1154 3285 αἰώνιον.
1175 3233 1238 3284 Οἳ
1274 3233 1334 3285 ὲν
1354 3235 1464 3296 τοῖς
1501 3235 1706 3304 ὁμοίοις

1824 3237 2150 3309 Lemporibus
2209 3249 2332 3289 cum
2386 3231 2617 3287 fecerint
2643 3246 2707 3285 ea
2747 3244 2869 3299 qua:
2903 3243 2932 3282 ε
2961 3226 3122 3281 nobis
3150 3234 3407 3295 peccato-

121 3319 337 3384 καιροῖς
370 3317 440 3372 τὰ
471 3320 603 3389 παρ’
631 3319 787 3389 ἡμῶν
820 3321 929 3374 τῶν
972 3322 1316 3394 ἁμαρτωλῶν
1354 3326 1451 3378 νῦν
1517 3328 1708 3382 αἰτού-

125 3423 261 3474 μενα
277 3406 606 3480 δεδρακότες
631 3428 765 3465 πνευ
776 3415 1152 3484 ματοκινήτως
1175 3432 1189 3446 ·
1208 3416 1306 3470 καὶ
1335 3435 1442 3488 μνη
1452 3421 1710 3488 μονεύον-

122 3510 246 3558 ται,
279 3500 375 3552 καὶ
422 3505 849 3571 μεμακάρινται.
881 3505 1106 3568 Πάντως
1158 3507 1216 3562 δὲ
1252 3509 1588 3581 πιστεύομεν
1634 3513 1716 3576 ὼς

123 3584 260 3657 ἐλέῳ
303 3591 613 3666 οίκτιρμῶν
647 3598 1037 3668 καμπτόμενος
1067 3599 1200 3671 δέξῃ
1220 3602 1380 3671 ἡμῶν
1402 3603 1462 3656 τὸ
1488 3604 1710 3666 εὐτελὲς

126 3679 398 3752 γράμμαο
450 3685 689 3755 Χριστὸν
744 3688 1124 3762 μιμούμενοςο
1165 3694 1225 3757 ὃς
1285 3695 1420 3759 Θεὸς
1472 3695 1549 3749 ὢν
1603 3697 1713 3755 τῶν

127 3771 405 3841 ἁπάντων,
437 3777 538 3832 οὐκ
568 3779 849 3851 ἀπηξίωσε
879 3783 980 3854 τὴν
1004 3785 1158 3857 παρά
1190 3787 1446 3860 Αύγάρου
1489 3792 1712 3844 επιστο-

127 3861 223 3934 λὴν
267 3868 364 3921 καὶ
387 3869 668 3940 δέξασθαι,
702 3875 796 3928 καὶ
826 3877 963 3947 πρὸς
989 3878 1159 3950 αὐτὴν
1179 3881 1536 3954 ἀντιγράψαι.

597 4009 698 4066 II".
727 4039 794 4051 —
832 4008 916 4076 Τῷ
944 4011 1128 4077 αὐτῷ.
1161 4011 1289 4086 [σα’]

1813 3333 1966 3387 ribus
1992 3344 2134 3383 nunc
2169 3336 2427 3399 petuntur
2446 3365 2462 3389 ,
2499 3325 2705 3394 Spiritu
2733 3331 2923 3377 sancto
2945 3319 3142 3382 adlati;
3171 3327 3224 3371 et
3251 3331 3407 3371 com-

1814 3434 2211 3487 memorantur,
2255 3431 2310 3475 et
2356 3421 2501 3475 beati
2550 3416 2719 3472 habiti
2765 3424 2912 3471 sunt.
2942 3413 3173 3467 Prorsus
3225 3419 3404 3464 autem

1812 3517 2088 3573 credimus
2129 3524 2184 3569 et
2208 3512 2565 3576 confidimus,
2593 3509 2738 3578 quod
2766 3505 3140 3562 misericordia
3173 3504 3407 3556 misera-

1814 3611 2020 3665 tionum
2072 3607 2244 3660 ﬂexus
2297 3614 2539 3659 nostram
2574 3613 2788 3656 tenuem
2822 3600 3112 3669 epistolam
3145 3595 3404 3662 accipies,

1812 3702 2094 3756 Christum
2140 3697 2406 3762 imitatus,
2443 3696 2561 3760 qui,
2594 3695 2736 3748 Deus
2771 3708 2894 3747 cum
2944 3699 3092 3745 esset
3133 3689 3405 3744 omnium,

1815 3808 1926 3848 non
1987 3789 2261 3845 recusavit
2305 3787 2375 3840 ab
2415 3786 2636 3856 Abgaro
2707 3781 3000 3854 epistolam
3048 3778 3320 3846 accipere,
3355 3781 3411 3827 et

1816 3895 2054 3955 accepta:
2084 3882 2409 3939 rescribere.

2378 4011 2516 4067 XIII.
2550 4043 2618 4054 —-
2647 4010 2854 4065 Eidem.

1007 4130 1240 4192 Ejusdem
1262 4146 1318 4183 ac
1339 4135 1570 4198 superior
1594 4136 1893 4202 argumenti.
1922 4137 2232 4200 (Bal-omam
2256 4133 2366 4192 8l8,
2394 4146 2445 4181 ο.
2470 4131 2542 4193 2.)

136 4225 218 4292 Τῷ
275 4229 350 4285 τὰ
402 4231 604 4288 πάντα
658 4237 1094 4306 παναγεστάτῳ
1140 4241 1346 4310 "arpi,
1410 4247 1719 4315 κορυφαίῳ

200 4321 470 4391 φωστῆρι
517 4323 926 4393 οἱκουμενικῷ,
966 4327 1151 4396 κυρίῳ
1207 4328 1395 4397 ἡμῶν,
1447 4331 1715 4400 δεσπότῃ

199 4412 587 4481 ἀποστολικῷ
612 4417 802 4485 ardua,
840 4419 1145 4488 Ἰωάννης,
1187 4420 1527 4490 Θεοδόσιος,
1565 4425 1719 4479 Ἀθα-

201 4506 438 4576 νὰσιος,
467 4509 788 4578 Θεόδωρος,
828 4511 1141 4581 ἐλάχιστοι
1185 4515 1577 4583 πρεσϐύτεροι
1617 4517 1714 4570 καί

202 4597 528 4680 ἡγούμενοι
572 4600 693 4656 τῶν
739 4605 1018 4672 Καθαρὰ,
1055 4605 1176 4658 τῶν
1231 4607 1562 4675 Πικριδίου,
1609 4608 1716 4662 τοῦ

206 4692 678 4762 Παυλοπετρίου,
703 4692 822 4747 τῶν
849 4696 1157 4749 Στουδίου.

218 4781 634 4854 Ἐπεσκέψατο
652 4784 808 4855 ὑμᾶς
856 4785 1150 4854 Ἀνατολὴ
1175 4787 1245 4852 ἐξ
1308 4787 1530 4858 ὕψους.
1586 4789 1717 4860 Χρια

144 4870 262 4935 στὸς
290 4877 317 4928 6
345 4878 478 4941 Θεὸς
504 4877 662 4949 ἡμῶν
689 4895 703 4910 ο
735 4881 834 4951 τὴν
863 4878 960 4950 σὴν
995 4881 1054 4932 ὲν
1109 4883 1177 4952 τῇ
1223 4881 1390 4935 Δύσει
1441 4882 1716 4954 μακαριό-

143 4976 295 5031 τητα.
325 4968 520 5041 ὥσπερ
551 4972 675 5025 τινὰ
707 4971 929 5043 λυχνίαν
959 4973 1189 5044 Θεαυγῆ,
1219 4976 1299 5038 είς
1369 4975 1714 5046 περίλαμψιν

148 5053 242 5125 τῆς
267 5058 359 5112 ὑπ’
405 5063 641 5134 οὐρανὸν
681 5064 1031 5135 Ἐκκλησίας,
1088 5067 1182 5119 ἐπὶ
1213 5065 1306 5120 ¹τὸν
1358 5067 1720 5121 ἀποστολικὸν

147 5145 444 5215 πρώτιστον
477 5154 667 5223 Θρόνον
700 5155 950 5226 Θέμενος.
985 5157 1098 5211 Καὶ
1125 5159 1237 5227 γὰρ
1264 5157 1513 5229 ἥσθημεν
1539 5159 1718 5229 φωτὸς

148 5241 328 5308 νοεροῦ
363 5246 414 5298 oi
442 5247 504 5300 ὲν
535 5246 718 5300 σκότει
747 5249 838 5301 καὶ
883 5251 1014 5320 σκιᾷ
1071 5249 1305 5304 θανάτου
1358 5252 1716 5322 ἑνισχημένοι

148 5324 241 5395 τῆς
273 5336 519 5407 πονηρᾶς
554 5335 824 5405 αἱρέσεως
850 5355 864 5370 ·
909 5339 1090 5392 καὶτὸ
1116 5340 1280 5408 νέφος
1326 5343 1424 5411 τῆς
1475 5341 1718 5411 ἀθυμίας

151 5412 460 5492 ἀπεθέμεθα
482 5443 496 5456 ⁸
535 5425 632 5478 καὶ
654 5428 791 5498 πρὸς
817 5429 1062 5498 χρηστὰς
1091 5430 1312 5493 ἐλπίδας
1345 5432 1719 5502 ἀνενεύσαμεν

153 5515 523 5587 μεμαθηκότες
581 5519 648 5572 δι’
677 5514 753 5574 ὧν
807 5522 1210 5592 ἀπεστείλαμεν
1259 5522 1505 5592 ἀδελφῶν
1558 5524 1718 5595 ἡμῶν

152 5602 241 5653 καὶ
270 5610 589 5676 συνδούλων,
631 5607 717 5666 οἷα
746 5615 842 5666 καὶ
870 5615 1036 5686 ἡλίκα
1065 5615 1317 5684 πέπρσχέ
1355 5632 1414 5667 τε
1446 5619 1539 5671 καὶ
1567 5617 1715 5670 λέλε-

154 5706 243 5760 Χεν
273 5697 306 5766 ἡ
338 5701 469 5771 ἁγία
502 5705 661 5776 ὑμῶν
697 5707 1067 5779 κορυφαιότης
1096 5708 1252 5771 ’τοὺς
1285 5709 1385 5779 μὲν
1405 5710 1720 5781 αίρετικοὺς

1827 4243 1935 4300 Per
1965 4247 2142 4298 omnia
2183 4241 2582 4313 religiosissima
2628 4237 2803 4302 Patri,
2858 4251 3102 4306 supremo
3148 4233 3414 4287 luminnri

1896 4335 2206 4398 universali,
2229 4333 2442 4386 domino
2474 4339 2677 4393 nostro,
2694 4328 2906 4380 domino
2925 4325 3212 4396 apostolico
3232 4340 3408 4394 papw,

1894 4427 2150 4493 Joannes,
2186 4425 2527 4488 Theodosius,
2565 4421 2910 4486 Athanasius,
2941 4418 3264 4481 Theodorus,
3307 4419 3412 4469 mi-

1898 4523 2028 4575 nimi
2051 4519 2336 4590 presbyteri
2363 4525 2411 4570 et
2446 4514 2725 4584 Pro-positi
2749 4511 3123 4578 Catharorum,
3157 4507 3410 4576 Picridii,

1898 4611 2248 4680 Paulopetrii,
2280 4617 2329 4663 et
2363 4605 2564 4662 Studii.

1894 4791 2140 4863 Respexit
2165 4806 2260 4844 nos
2287 4789 2458 4844 oriens
2485 4805 2549 4842 ex
2567 4788 2745 4852 alio",
2763 4784 3018 4842 Christus
3034 4783 3175 4840 Deus
3202 4791 3410 4847 noster,

1823 4892 1973 4936 tuam
2025 4884 2076 4936 in
2107 4881 2406 4936 Occidente
2452 4879 2882 4943 beatitudinem,
2913 4885 3172 4945 tanquam
3227 4873 3401 4928 facem

1823 4971 2116 5041 quamdam
2151 4970 2418 5024 divinitus
2441 4975 2736 5033 lucentem,
2768 4965 2834 5021 ad
2866 4967 3120 5022 Ecclesia:
3150 4981 3270 5036 quae
3300 4967 3406 5020 sub

1824 5065 1963 5120 cmlo
2004 5073 2087 5119 est
2127 5061 2606 5123 illuminationem,
2636 5060 2688 5114 in
2722 5060 3018 5128 apostolica
3057 5059 3231 5128 prima
3267 5059 3403 5112 sede

1822 5157 2184 5212 constituens.
2222 5155 2436 5210 Etenim
2485 5153 2771 5224 spiritualc
2809 5152 2990 5205 lumen
3039 5151 3404 5219 percepimus,

1823 5251 1916 5321 qui
1942 5250 1996 5303 in
2024 5249 2261 5303 tenebris
2308 5256 2362 5302 et
2399 5249 2451 5301 in
2496 5246 2688 5300 umbra
2717 5245 2908 5299 mortis
2934 5243 3194 5312 improba:
3227 5241 3408 5297 hatre-

1825 5358 1949 5398 seos
1986 5344 2346 5398 tenebamur:
2386 5350 2439 5396 et
2464 5340 2696 5395 tristitie
2733 5337 2982 5393 nebulam
3028 5337 3408 5406 deposuimus,

1823 5444 1988 5505 atque
2019 5434 2072 5488 in
2115 5447 2266 5502 spem
2299 5433 2554 5501 optimam
2593 5429 2916 5485 emersimus
2947 5470 2962 5493 ,
2994 5443 3118 5482 cum
3177 5427 3412 5482 didicis-

1825 5541 2005 5581 semus
2042 5541 2110 5579 ex
2167 5524 2420 5579 fratribus
2450 5523 2651 5578 nostris
2676 5531 2728 5577 et
2763 5520 3042 5576 conservis
3065 5534 3206 5588 quos
3250 5519 3416 5573 misi-

1831 5633 1974 5683 mus,
2009 5617 2191 5686 qualia
2216 5624 2485 5685 etquanta
2536 5615 2706 5686 egerit
2738 5623 2791 5669 et
2829 5613 3027 5668 dixerit
3058 5619 3244 5665 sancta
3289 5611 3404 5664 cel»

1829 5709 2010 5765 situdo
2035 5719 2214 5764 vestra
2244 5727 2256 5763 :
2280 5708 2500 5779 quando
2521 5707 2805 5764 haereticos
2828 5705 3071 5777 quidem.
3101 5703 3412 5774 Apocrisla-

219 5806 263 5842 "
289 5811 445 5876 Mich.
476 5835 573 5889 vn,
621 5820 673 5877 1.
751 5823 796 5857 ⁸³
821 5822 968 5882 Psal.
999 5838 1160 5891 sun,
1192 5821 1281 5880 25.
1357 5825 1404 5858 ⁸³
1436 5823 1568 5885 Luc.
1603 5840 1728 5880 χιιι.

1824 5825 1860 5878 l.
1937 5824 1981 5856 "
2017 5823 2148 5881 Luc.
2180 5839 2220 5890 ι,
2258 5821 2324 5877 78
