3990 6318
586 343 727 409 1155

1789 357 1845 415 So
1880 356 2274 418 THEODORI
2303 361 2650 421 STUDIT/E

3723 368 3869 430 1156

581 470 711 532 rios,
741 467 884 522 velut
916 467 1085 533 fures,
1116 484 1182 523 ne
1206 470 1259 523 in
1302 485 1518 525 sacrum
1555 472 1771 542 quidem
1803 486 2152 544 conspectum

2270 482 2711 551 Ξιποκρισιαρίους
2740 479 2813 544 ὡς
2838 480 3175 546 λωποδύτας,
3207 483 3342 552 μηδέ
3372 484 3452 545 είς
3486 485 3644 553 ἱερὰν
3688 485 3877 553 αὐτῆς

580 560 824 615 admisit.
860 560 953 615 sed
982 576 1105 616 cum
1146 562 1331 630 procul
1379 564 1556 619 adhuc
1585 574 1783 631 essent,
1812 568 2004 621 merito
2030 567 2165 636 reje:

581 653 698 706 cit:
734 654 935 709 nostris
962 669 1090 708 vero
1128 656 1529 711 calamitatibus
1559 672 1625 711 ex
1665 659 1967 713 litterarum
2011 661 2168 717 audi-

585 742 731 796 tione
761 754 813 797 et
869 743 1159 798 missorum
1208 746 1464 799 relatione
1518 748 1880 816 compatiens,
1927 749 2166 804 indoluit

584 842 747 902 atque
767 834 1052 903 ingemuit,
1071 836 1159 891 Dei
1176 838 1444 907 exemplo,
1468 847 1725 908 tanquam
1747 842 1980 912 propriis
2004 857 2169 896 mein-

584 928 718 981 bris.
762 928 839 980 Ac
872 928 1043 996 reipsa
1073 945 1171 983 nos
1231 929 1464 986 humiles
1509 932 1897 1001 cognovimus,
1936 933 2167 987 nianil‘e-

584 1030 725 1075 stum
762 1019 1148 1085 Apostolorum
1197 1021 1461 1091 principis
1500 1038 1874 1079 successorem
1903 1023 2166 1079 Romanis

585 1113 840 1168 Ecclesia:
891 1111 1196 1179 prazsidere,
1261 1124 1521 1183 certoque
1568 1116 1725 1170 nobis
1770 1116 2165 1185 persuasimus,

582 1204 875 1260 Dominum
912 1202 1212 1259 Ecclesiam
1257 1215 1500 1260 nostram
1555 1209 1782 1262 minime
1835 1208 2168 1273 deseruisse,

583 1295 672 1351 cui
727 1313 893 1351 unum
952 1299 1240 1364 solumque
1284 1310 1312 1350 a
1357 1298 1511 1353 vobis
1552 1299 1817 1354 auxilium
1878 1299 2165 1364 hactenus,

585 1396 751 1456 atque
792 1388 860 1440 ab
893 1389 1010 1457 ipso
1051 1388 1299 1452 exordio,
1333 1388 1386 1441 in
1432 1392 1844 1445 occurrentibus
1882 1390 2166 1455 molestiis,

585 1477 678 1531 Dei
716 1480 1051 1547 providentia
1084 1496 1404 1537 concessum
1448 1491 1551 1535 est.
1601 1480 1708 1537 Vos
1776 1484 1938 1553 igitur
1982 1483 2169 1539 illimis

582 1588 772 1627 revera
803 1590 865 1628 ac
892 1577 1140 1632 sincerus
1185 1579 1254 1631 ab
1284 1578 1438 1631 initio
1486 1576 1609 1632 fons
1662 1578 1983 1633 orthodoxae
2022 1580 2168 1633 veri-

583 1666 712 1719 tatis
747 1683 759 1717 :
793 1682 890 1721 vos
935 1669 1197 1725 adversus
1246 1684 1463 1723 omnem
1515 1669 1826 1726 haereticam
1873 1671 2165 1741 procellam

583 1757 911 1825 tranquillus
964 1762 1237 1828 sepositus
1290 1750 1544 1819 EcClesia:
1608 1763 1874 1820 universae
1920 1777 2157 1835 portus:

2269 570 2397 624 θέαν
2453 574 2867 643 προσηκαμένη,
2898 574 3086 656 πόρρω
3113 574 3170 626 δὲ
3222 574 3382 637 ὄντας
3445 575 3674 639 ὲνόῖκως
3732 582 3873 631 ἀπο-

2268 663 2599 734 πεμψαμένη
2634 680 2647 693 ”
2676 668 2785 728 τοῖς
2814 666 2869 719 δὲ
2907 667 3197 737 ἡμετέροις
3235 665 3566 737 ταλαιπωρή
3581 686 3751 737 μασι,
3785 670 3875 721 διὰ

2266 757 2365 825 τῆς
2391 757 2783 827 ἐπακροάσεως
2819 758 2926 810 τῶν
2952 758 3324 826 γραμμάτιον,
3375 758 3481 834 καὶ
3540 758 3873 828 διηγήσεως

2266 846 2379 899 τῶν
2450 848 2905 911 ἀποσταλέντων,
2962 830 3414 915 ἐπιστυγνάσασά
3457 865 3517 901 τε
3565 839 3680 901 ’καὶ
3750 852 3877 902 ἐπι-

2268 938 2570 1002 στενάξασα
2605 939 3064 1010 θεομιμήτως,ὠς
3096 940 3318 1002 οἰκείοις
3348 941 3559 1010 μέλεσι.
3614 941 3738 994 Καὶ
3781 942 3872 993 δν-

2270 1049 2377 1095 τως
2410 1032 2659 1102 ἔγνωμεν
2688 1032 2736 1085 οί
2776 1034 3048 1094 ταπεινοὶ,
3074 1032 3150 1096 ὡς
3176 1032 3413 1102 ἐναργὴς
3456 1033 3714 1102 διάδοχος
3772 1033 3872 1086 τοῦ

2267 1123 2375 1175 τῶν
2424 1123 2738 1176 ἀποστόλων
2767 1124 3067 1193 κορυφαίου
3094 1117 3339 1193 προέστη
3371 1123 3471 1193 τῆς
3536 1123 3874 1194 Ῥωμαῖκῆς

2284 1214 2612 1284 Ἐκκλησίας
2642 1230 2655 1245 ·
2694 1214 2910 1284 ἀληθῶς
2942 1214 3290 1285 πεπείσμεθα
3316 1257 3331 1281 ,
3384 1216 3468 1268 ὅτι
3497 1215 3599 1267 οὐκ
3660 1218 3875 1283 ἐγκατ-

2268 1305 2425 1358 έλιπε
2459 1306 2663 1374 Κύριος
2694 1307 2792 1374 τὴν
2824 1307 2945 1365 καθ’
2980 1309 3128 1376 ἡμᾶς
3165 1307 3493 1376 Ἐκκλησίαν
3519 1322 3533 1337 °
3576 1309 3715 1376 μιᾶς
3774 1308 3874 1359 καὶ

2271 1396 2441 1466 μόνης
2469 1398 2566 1466 τῆς
2593 1397 2724 1465 παρ’
2760 1397 2915 1467 ὑμῶν
2968 1398 3289 1468 ἐπικουρίας
3331 1398 3539 1451 ἄνωθέν
3568 1415 3630 1450 τε
3673 1399 3782 1452 καὶ
3812 1397 3874 1459 ἐξ

2268 1488 2443 1557 ἀρχῆς
2472 1489 2531 1539 ἐν
2570 1489 2691 1549 ταῖς
2747 1486 3183 1554 συμϐαινούσαις
3230 1486 3621 1557 περιστάσεσιν
3689 1489 3873 1557 ὑπαρ-

2269 1581 2468 1650 χούσης
2501 1581 2637 1651 αὐτῇ
2690 1579 2824 1633 Θεοῦ
2852 1581 3184 1653 προμηθείᾳ.
3232 1580 3423 1650 Ὑμεῖς
3446 1576 3541 1633 οὖν
3593 1582 3672 1643 ὼς
3730 1580 3873 1649 ἀλη-

2270 1670 2379 1733 θῶς
2410 1672 2442 1740 ὴ
2478 1669 2750 1732 ἀθόλωτος
2799 1672 2896 1725 καὶ
2949 1672 3334 1741 ἀκαπήλευτος
3386 1672 3538 1743 πηγὴ
3564 1674 3625 1739 ἐξ
3685 1673 3870 1741 ἀρχῆς

2275 1762 2375 1831 τῆς
2401 1760 2750 1833 ὀρθοδοξίαςο
2803 1763 2963 1831 ὑμεῖς
3020 1765 3048 1815 ὁ
3104 1764 3287 1831 πάσης
3348 1763 3633 1834 αίρετικῆς
3693 1761 3871 1833 ζάλης

582 1862 681 1902 vos
714 1863 744 1902 a
771 1849 879 1903 Deo
903 1851 1071 1906 electa
1100 1854 1290 1908 civitas
1315 1855 1508 1925 refugii
1528 1858 1741 1911 salutis.
1766 1856 1869 1911 Sed
1898 1863 2157 1928 quoniam

2270 1851 2632 1920 ἀνῳκισμένος
2651 1850 2824 1915 εὔδιος
2841 1852 3004 1921 λιμὴν
3020 1852 3119 1921 τῆς
3146 1852 3276 1921 ὅλης
3311 1852 3639 1923 Ἐκκλησίας
3660 1867 3677 1883 °
3702 1853 3868 1921 ὑμεῖς

583 1941 936 1996 temerarium
962 1954 1042 1997 est
1063 1960 1091 1998 a
1119 1947 1275 2001 nobis
1302 1948 1517 2003 miseris
1549 1964 1614 2003 ac
1656 1950 1891 2020 indignis
1914 1958 2163 2010 encomia

582 2035 803 2102 congeri
850 2035 1033 2090 divino
1069 2039 1277 2092 nomini
1331 2050 1534 2105 vestro,
1565 2042 1709 2112 quod
1774 2044 1974 2099 divinae
2029 2044 2159 2102 olim

579 2124 781 2196 lingua:
807 2130 1025 2182 beatum
1072 2131 1439 2199 praedicarunt
1472 2152 1484 2189 :
1519 2145 1739 2204 praestat
1777 2146 1836 2192 ut
1868 2138 1933 2193 ad
1967 2155 2166 2195 terum-

580 2233 681 2273 nas
711 2230 930 2275 nostras
958 2223 1267 2278 veniamus.

649 2401 803 2473 lmpii
833 2419 963 2474 ergo
1000 2415 1260 2461 consueta
1292 2408 1392 2462 sibi
1434 2409 1581 2463 omni
1618 2420 1811 2465 conatu
1848 2425 1913 2465 ac
1938 2409 2165 2465 vesania
2228 2448 2234 2454 -

581 2492 756 2547 facere
782 2510 887 2548 non
911 2507 1129 2553 cessant
1157 2517 1170 2552 :
1203 2514 1393 2555 omnes
1418 2540 1433 2562 .
1467 2502 1557 2569 qui
1603 2503 1794 2557 mortis
1837 2512 1981 2557 metu
2009 2501 2160 2556 fran-

580 2594 804 2657 guntur,
826 2589 879 2642 in
911 2589 1137 2645 lueresis
1165 2592 1481 2645 barathrum
1510 2593 1791 2648 trahentes
1816 2603 1868 2647 et
1894 2594 2167 2662 abripien-

578 2685 699 2732 tcs:
731 2677 998 2746 siquidem
1032 2681 1256 2733 omnino
1301 2695 1523 2735 necesse
1564 2692 1649 2736 est
1678 2697 1802 2735 eum
1837 2683 1931 2750 qui
1973 2682 2166 2737 cedere

580 2770 736 2833 nolit,
792 2772 1082 2826 verberum
1134 2772 1480 2839 aliorumque
1542 2774 1931 2843 suppliciorum
1986 2776 2162 2843 poenis

578 2862 921 2931 subjicizita
961 2873 1020 2917 ut
1072 2864 1319 2917 (liﬂluant
1374 2865 1577 2919 sensim
1632 2865 1826 2934 aliqui,
1880 2866 2027 2934 quod
2076 2875 2163 2920 est

578 2953 976 3016 miserrimum,
1002 2955 1163 3007 etiam
1198 2969 1260 3008 ex
1293 2954 1360 3009 iis
1395 2955 1488 3024 qui
1523 2963 1803 3009 certamen
1848 2964 2006 3008 antea
2039 2970 2165 3008 sus-

576 3043 871 3097 tinuerant.
908 3041 1019 3099 Nos
1058 3059 1187 3099 vero
1230 3045 1446 3110 iterum,
1471 3045 1702 3101 humiles
1732 3058 1784 3101 et
1820 3047 1872 3100 in
1907 3048 2165 3102 membris

580 3134 870 3201 postremi,
905 3144 1013 3189 tam
1048 3150 1144 3204 pro
1175 3151 1334 3191 sacro
1365 3138 1588 3207 proprio
1631 3140 1826 3203 capite,
1864 3154 2027 3207 quam
2066 3154 2163 3207 pro

578 3225 805 3295 reliquis
851 3226 1258 3283 decertantibus
1297 3230 1543 3298 patribus
1571 3240 1623 3283 et
1650 3229 1909 3285 fratribus
1952 3232 2161 3284 auden-

576 3325 663 3371 tes
692 3318 963 3387 legatione
994 3318 1308 3387 fungimur,
1339 3328 1392 3373 et
1424 3319 1778 3373 obsecramus
1809 3329 1868 3373 ut
1912 3322 2162 3375 console—

577 3418 665 3462 tur
690 3424 788 3464 nos
854 3420 1041 3464 sancta
1071 3419 1127 3463 et
1178 3410 1477 3479 apostolica
1534 3412 1716 3465 anima
1755 3420 1867 3466 tua.
1916 3410 2160 3466 Primum

575 3501 817 3570 quidem,
847 3502 992 3570 quod
1021 3512 1075 3556 et
1101 3501 1279 3556 facere
1311 3503 1458 3555 illam
1485 3502 1783 3569 credimus,
1808 3519 1876 3558 ne
1907 3521 2037 3558 suas
2063 3520 2163 3573 pro

574 3594 870 3649 stabilitate
905 3602 962 3650 et
993 3595 1168 3649 salute
1198 3596 1445 3648 omnium
1498 3595 1668 3650 Deum
1705 3595 1981 3651 ﬂectentes
2026 3611 2157 3665 pre-

583 3702 676 3741 ces
700 3688 1046 3742 intermittat.
1068 3687 1142 3743 lta
1165 3689 1509 3744 obtestamur
1531 3689 1905 3744 sacratissima
1928 3690 2157 3743 viscera.

575 3778 779 3836 Deinde
809 3792 869 3836 ut
895 3798 1017 3851 quae
1048 3782 1283 3852 Spiritus
1309 3784 1479 3839 sancti
1528 3782 1788 3837 instinctu
1830 3798 1929 3852 pro
1980 3783 2163 3837 humi-

576 3872 743 3926 litatis
774 3884 971 3929 nostraa
996 3875 1223 3929 utilitate
1248 3891 1312 3930 ac
1329 3884 1586 3945 perpetua
1609 3876 1823 3931 virtutis
1852 3890 1965 3931 suae
2002 3874 2162 3930 laude

572 3966 891 4023 deliberavit
918 3979 974 4025 et
1016 3969 1228 4037 statuit,
1264 3970 1332 4025 ad
1395 3968 1601 4025 exitum
1630 4010 1648 4037 ,
1699 3967 1811 4024 Deo
1849 3969 2159 4040 adjuvante,

573 4058 859 4128 perducat.

961 4244 1104 4301 XIV.
1138 4246 1388 4319 -Ραραξ
1433 4249 1797 4307 Alexandria.

2265 1944 2603 2014 ήθεόλεκτος
2635 1944 2789 2006 πόλις
2823 1942 2919 1997 τοῦ
2952 1944 3387 2014 φυγαδευτηρίου
3416 1946 3516 2014 τῆς
3545 1944 3864 2013 σωτηρίας.

2278 2036 2419 2090 Ἀλλ’
2453 2036 2534 2088 ὅτι
2582 2036 2859 2107 τολμηρὸν
2920 2035 3051 2106 παρ’
3104 2035 3264 2105 ήμῶν
3320 2035 3427 2089 τῶν
3469 2036 3714 2106 οἰκτρῶν
3768 2037 3866 2093 καὶ

2266 2129 2499 2192 ἀναξίων
2526 2127 2781 2198 ἐγκώμια
2807 2127 3082 2199 συναίρειν
3112 2131 3178 2198 τῇ
3210 2128 3316 2181 ὑπὸ
3371 2128 3533 2182 θείων
3589 2128 3865 2196 γλωσσῶν

2264 2217 2435 2269 πάλαι
2468 2217 2932 2288 μεμακαρισμένῃ
2976 2216 3133 2287 ὑμῶν
3203 2216 3482 2290 θεωνυμίᾳ
3514 2234 3529 2247 ⁸
3592 2219 3721 2272 δέον
3772 2222 3865 2272 ἐπὶ

2267 2310 2325 2365 τὸ
2356 2312 2539 2363 πονεῖν
2570 2308 2771 2362 ἐλθεῖν.

2336 2403 2403 2455 Oi.
2434 2396 2639 2471 μὲνοῦν
2662 2399 2986 2464 ἀσεϐοῦντες
3014 2400 3085 2454 τὰ
3106 2401 3313 2473 συνήθη
3346 2402 3445 2455 σὺν
3465 2401 3616 2472 πάσῃ
3648 2401 3861 2470 σπουδῇ

2267 2496 2362 2548 καὶ
2399 2494 2572 2565 μανίᾳ.
2606 2496 2782 2546 ποιεῖν
2812 2494 2912 2546 οὐκ
2934 2494 3202 2548 ἐνδιδόασι
3228 2510 3243 2525 ⁸
3286 2494 3495 2557 πάντας
3524 2496 3861 2563 ὑφέλκοντες

2267 2590 2358 2641 καί
2388 2585 2775 2649 κατασπῶντες
2800 2588 2879 2648 εἰς
2904 2586 2967 2639 τὸ
2995 2588 3093 2656 τῆς
3120 2586 3393 2655 αἱρέσεως
3444 2586 3743 2658 βάραθρον
3770 2587 3861 2640 8e-

2270 2677 2619 2747 διττομένους
2642 2679 2734 2730 τὸν
2750 2676 3001 2730 θάνατον.
3046 2678 3290 2748 Ἀνάγκη
3322 2678 3435 2749 γὰρ
3465 2681 3640 2745 πᾶσα,
3664 2680 3761 2732 τὸν
3786 2680 3861 2749 μὴ

2266 2770 2481 2821 εἴκοντα
2537 2771 2603 2839 τῇ
2635 2770 2848 2839 πονηρᾷ
2879 2768 3039 2837 φλογὶ
3060 2770 3168 2822 τῶν
3220 2772 3501 2841 μαστίγων
3531 2772 3856 2841 ὑποϐληθῆ-

2266 2876 2355 2913 ναι
2388 2860 2484 2911 σὺν
2521 2861 2633 2921 τοῖς
2659 2858 2994 2921 ἀκολούθοις.
3047 2858 3191 2911 ὥστε
3256 2860 3397 2913 κατὰ
3440 2858 3637 2930 μικρὸν
3680 2861 3859 2931 ὑπορο

2269 2951 2431 3020 ῥέειν,
2461 2950 2521 3002 τὸ
2554 2950 2967 3021 σχετλιώτατον,
3003 2952 3097 3002 καὶ
3119 2950 3180 3014 ἐξ
3205 2950 3386 3002 αὐτῶν
3437 2951 3546 3003 τῶν
3605 2951 3853 3022 ἠθληκό-

2266 3060 2394 3095 των.
2441 3042 2633 3111 Ἡμεῖς
2668 3042 2724 3095 δὲ
2744 3043 2837 3093 καὶ
2868 3038 3023 3103 αὖθις
3049 3042 3099 3093 οἱ
3128 3041 3380 3094 ταπεινοὶ
3409 3041 3505 3094 καὶ
3529 3040 3755 3112 ἔσχατοι
3800 3043 3859 3095 ἐν

2266 3137 2378 3196 τοῖς
2420 3136 2662 3204 μέλεσιν,
2710 3133 2851 3201 ὑπέρ
2884 3149 2943 3185 τε
2968 3132 3069 3199 τῆς
3107 3132 3320 3195 οἰκείας
3377 3133 3534 3201 ἱερᾶς
3579 3135 3858 3204 κεφαλῆς,

2266 3228 2362 3280 καὶ
2404 3225 2504 3294 τῆς
2529 3225 2893 3295 ἐνισταμένης
2957 3225 3337 3295 ὑπερεχούσης
3390 3227 3741 3296 πατρότητός
3796 3244 3858 3279 τε

2263 3324 2358 3374 καί
2389 3320 2774 3387 ἀδελφότητος,
2834 3317 3143 3388 τολμῶντες
3201 3318 3590 3389 πρεσϐεύομεν
3646 3336 3707 3373 τε
3760 3322 3857 3373 καὶ

2256 3408 2691 3480 ἐκλιπαροῦμεν,
2767 3410 3193 3481 παρακληθῆναί
3254 3428 3350 3465 σου
3391 3412 3493 3483 τὴν
3547 3413 3714 3481 ἁγίαν
3764 3412 3857 3465 καὶ

2262 3504 2628 3573 ἁποστολικὴν
2654 3502 2858 3574 ψυχήν.
2897 3502 3120 3573 Πρῶτον
3155 3504 3274 3575 μὲν,
3305 3506 3445 3575 ὅπερ
3487 3506 3582 3558 καὶ
3611 3506 3858 3558 πιστεύο-

2265 3612 2367 3666 μεν
2421 3599 2618 3659 ποιεῖν,
2678 3598 2753 3669 μὴ
2780 3598 3086 3666 καταλῆξαι
3114 3598 3217 3668 τῆς
3246 3598 3389 3668 ὑπὲρ
3417 3599 3736 3670 στηριγμοῦ
3761 3598 3858 3653 καὶ

2262 3688 2579 3751 διασώσεως
2639 3690 2897 3743 ἁπάντων
2960 3689 3276 3753 θεοκλινοῦς
3329 3691 3667 3761 προσευχῆς.
3721 3691 3853 3755 Ναὶ,

2262 3779 2495 3848 δεόμεθα
2522 3781 2590 3833 τά
2613 3779 2884 3850 ίερώτατα
2917 3781 3223 3850 σπλάγχνα.
3262 3781 3499 3834 Ἔπειτα
3523 3780 3560 3835 ἃ.
3601 3799 3853 3852 πνευμα-

2266 3874 2567 3942 τοκινήτως
2592 3874 2726 3943 αὐτῇ
2771 3872 3127 3942 βεϐούλευται
3167 3874 3262 3928 καὶ
3297 3872 3533 3944 ὥρισται
3592 3873 3680 3925 ἐπ’
3712 3873 3856 3942 ὠφε-

2270 3963 2389 4034 λείᾳ
2413 3964 2510 4034 μὲν
2538 3963 2697 4034 ἡμῶν
2724 3964 2834 4016 τῶν
2867 3964 3161 4029 ταπεινῶν,
3198 3963 3404 4033 αἰωνίῳ
3429 3964 3486 4017 δὲ
3517 3964 3856 4037 μακαρισμῷ

2270 4056 2372 4126 τῆς
2417 4057 2625 4118 οἰκείας
2652 4055 2855 4127 ἀρετῆς
2877 4097 2891 4123 ,
2919 4057 2999 4120 είς
3022 4055 3198 4128 πέρας
3226 4057 3325 4110 σὺν
3348 4057 3467 4128 Θεῷ
3493 4058 3746 4126 ἀγαγεῖν.

2548 4246 2645 4301 1Δ’.
2672 4277 2744 4289 -ο
2765 4246 2942 4313 ﬁdem
2969 4243 3449 4314 Ἀλεξανδρείας.
3494 4242 3643 4315 [σδ’.]

1345 4414 1575 4478 Ejusdem
1596 4430 1653 4466 ac
1678 4417 1788 4467 duae
1810 4415 2096 4479 superiores
2119 4413 2416 4480 argumenti.
2450 4414 2652 4476 (Baron.
2677 4427 2758 4463 an.
2778 4414 2891 4474 8l7,
2917 4427 2964 4461 n.
2988 4412 3093 4475 26.)

575 4561 642 4617 In
688 4554 930 4621 omnibus
989 4571 1322 4625 sanctissimo
1361 4572 1514 4627 Patri
1589 4574 1844 4639 Patrum,
1896 4575 2151 4628 luminari

642 4656 1011 4725 luminarium,
1040 4661 1263 4715 Domino
1283 4681 1411 4728 meo,
1434 4664 1658 4718 Domino
1678 4667 1981 4719 beatissimo
2000 4680 2152 4734 papa:

646 4750 1009 4812 Alexandriae,
1036 4750 1334 4807 Theodorus
1362 4755 1611 4809 minimus
1634 4758 1905 4825 presbyter
1932 4764 1981 4809 et
2014 4770 2152 4823 pra:-

642 4844 846 4912 positus
880 4842 1081 4898 Studii.

644 4952 935 5007 Maximum
962 4953 1251 5009 humilitati
1282 4969 1416 5009 meae
1459 4969 1681 5019 munus,
1725 4964 1778 5009 et
1807 4955 2004 5010 summi
2037 4955 2149 5007 voti
2188 4982 2235 5041 υ

572 5061 710 5115 opus
737 5056 875 5112 erat,
917 5058 977 5102 ut
1007 5048 1202 5115 dignus
1236 5048 1419 5103 ﬁerem
1450 5050 1542 5117 qui
1595 5063 1687 5117 per
1718 5048 1923 5102 litteras
1977 5047 2149 5099 collo-

572 5152 770 5207 querer
811 5153 934 5192 cum
980 5138 1279 5210 apostolico
1341 5139 1542 5192 vertice
1576 5149 1692 5201 tuo,
1732 5154 1836 5193 non
1872 5139 2048 5192 solum
2083 5140 2155 5191 ob

574 5231 893 5285 tenuitatem
953 5231 1235 5300 parvitatis
1283 5246 1433 5291 mere.
1494 5246 1615 5299 quae
1666 5232 1838 5300 impar
1864 5239 1950 5285 est
1972 5238 2033 5284 ut
2086 5230 2153 5283 ad

577 5322 817 5392 aequales
844 5323 1066 5387 scribat,
1095 5323 1293 5377 nedum
1316 5324 1379 5377 ad
1406 5332 1513 5377 tam
1545 5339 1803 5395 magnum
1826 5333 1879 5379 et
1908 5322 2150 5378 divinum

573 5422 737 5483 caput
768 5430 783 5480 ;
814 5429 997 5469 verum
1022 5416 1181 5469 etiam
1205 5415 1276 5468 ob
1298 5414 1567 5469 diﬂicilem
1593 5417 1644 5469 in
1687 5426 1837 5470 tanto
1871 5416 2155 5470 intervallo

574 5519 879 5571 accessum,
909 5520 1068 5575 quem
1099 5506 1317 5561 etlmica
1360 5507 1629 5575 praecipue
1681 5507 1889 5563 inhibet
1936 5508 2155 5564 obstru-

574 5597 702 5651 ctio.
753 5596 1003 5652 Attamen
1040 5596 1131 5651 Dei
1188 5597 1377 5667 optimi
1405 5597 1649 5652 bonitate
1679 5599 1810 5653 mihi
1846 5600 2058 5671 obtigit,
2094 5608 2151 5655 et

574 5705 721 5745 nunc
752 5691 933 5746 scribo
959 5691 1173 5745 duabus
1197 5690 1266 5745 de.
1288 5690 1470 5746 causis
1507 5710 1518 5745 :
1548 5692 1740 5756 altera,
1775 5700 1833 5746 ut
1866 5709 1977 5763 quo
2004 5693 2147 5763 jam-

572 5782 836 5839 dumdum
878 5793 1065 5840 teneor
1094 5782 1369 5841 desiderio
1398 5824 1413 5851 ,
1454 5782 1507 5838 id
1554 5794 1806 5854 peccator
1852 5786 2140 5856 explicem,

2264 4569 2347 4634 Τῷ
2368 4570 2439 4623 τὰ
2476 4568 2673 4621 πάντα
2718 4567 3015 4637 ἁγιωτάτῳ
3037 4564 3219 4631 Harp!
3248 4562 3548 4631 Πατέρων,
3584 4562 3847 4634 φωστῆρι

2331 4661 2685 4731 φωστήρων,
2723 4662 2906 4727 κυρίῳ
2947 4677 3090 4727 μου,
3119 4659 3389 4725 δεσπότῃ
3422 4662 3840 4726 μακαριωτάτῳ

2332 4755 2500 4820 rrqu
2526 4753 2998 4819 Ἀλεξανδρείας,
3026 4751 3328 4817 Θεόδωρος
3348 4748 3680 4819 ἐλάχιστος
3709 4768 3843 4817 πρε-

2332 4850 2624 4915 σϐύτερος
2655 4846 2753 4901 καί
2784 4846 3119 4915 ἡγούμενος
3157 4842 3280 4897 τῶν
3309 4844 3632 4897 Στουδίου.

2345 4963 2433 5024 Ὠς
2492 4963 2755 5031 μέγιστον
2812 4963 2878 5030 τῇ
2942 4961 3047 5029 ἐμῇ
3107 4956 3439 5012 ταπεινώσει
3496 4957 3697 5028 δῶρον,
3756 4958 3843 5009 καὶ

2258 5056 2423 5123 εὐχῆς
2472 5054 2570 5123 τῆς
2615 5053 2877 5107 ἀνωτάτω
2903 5052 3086 5122 ἔργον,
3114 5051 3203 5103 διὰ
3226 5050 3558 5121 γράμματος
3607 5048 3838 5117 ἀξιωθῆ-

2258 5164 2344 5200 ναι
2387 5147 2465 5209 εἰς
2498 5144 2713 5215 ὁμιλίαν
2739 5144 2913 5197 ἐλθεῖν
2939 5146 3039 5213 τῆς
3068 5142 3436 5207 ἀποστολικῆς
3455 5158 3550 5194 σου
3575 5140 3836 5211 κορυφῆς.

2206 5280 2207 5283 η
2255 5241 2317 5292 οὐ
2361 5239 2521 5308 μόνον
2577 5237 2666 5290 διὰ
2716 5238 2778 5290 τὸ
2855 5235 3074 5299 εὐτελὲς
3134 5236 3235 5305 τῆς
3294 5234 3665 5305 σμικρότητός
3707 5248 3835 5302 μου·

2255 5326 2323 5399 ἧς
2366 5328 2548 5382 καὶτὸ
2598 5328 2740 5399 πρὸς
2790 5328 2941 5390 ῐσους
2996 5327 3231 5397 γράφειν
3292 5326 3495 5388 ἐνδεὲς,
3549 5324 3626 5393 μὴ
3672 5325 3750 5377 ὅτι
3776 5339 3834 5391 γε

2265 5426 2402 5493 πρδς
2432 5423 2576 5476 οὕτω
2612 5422 2858 5492 μεγάλην
2892 5424 2989 5475 καὶ
3019 5420 3171 5475 θείαν
3202 5418 3451 5488 κεφαλήν
3475 5436 3488 5449 ·
3540 5417 3682 5471 ἀλλά
3730 5419 3832 5488 γὰρ

2261 5516 2358 5568 καί
2410 5513 2496 5568 δίἀ
2539 5514 2640 5585 τὴν
2710 5515 2769 5565 ἐν
2828 5511 3068 5583 τοσούτῳ
3098 5509 3410 5581 μακρυσμῷ
3464 5508 3723 5577 πάροδον.
3760 5512 3823 5579 τῇ

2257 5603 2443 5671 ἐθνικῇ
2472 5603 2554 5655 ὄτι
2583 5601 2817 5672 μάλιστα
2854 5599 3183 5672 είργομὲνην
3236 5596 3591 5666 διατειχίσει.
3648 5596 3828 5663 Ὅμως

2254 5694 2471 5765 εὐδοκία
2515 5693 2610 5747 τοῦ
2654 5692 3012 5763 ύπεραγάθου
3048 5688 3184 5745 Θεοῦ
3211 5688 3505 5757 ἐξεγένετό
3535 5706 3629 5760 μοι
3651 5704 3665 5718 ·
3694 5689 3827 5741 δυοῖν

2251 5786 2437 5838 εἵνεκα
2458 5800 2471 5815 ’
2504 5783 2621 5848 ἐνὸς
2658 5784 2781 5856 μὲν,
2808 5783 2882 5848 ὡς
2915 5782 2979 5837 ἂν
3008 5783 3075 5854 ἦν
3102 5780 3269 5837 πάλαι
3322 5773 3471 5850 εἶχον
3534 5777 3825 5849 ἐπιθυμίαν
