3990 6318
125 356 258 423 115⁸1

1321 362 1856 424 EPISTOLARUM
1895 365 2037 425 LIB.
2103 365 2185 424 ΙΙ.

3261 367 3400 434 1158

123 474 151 524 ό
179 470 505 541 ἁμαρτωλὸς
536 471 758 541 ἀποπλη
771 471 950 543 ρώσω,
976 471 1064 525 διὰ
1086 474 1280 543 νοερᾶς
1312 474 1706 545 προσψαύσεως

1814 477 2163 531 intellectuali
2219 485 2474 532 conlaetu
2539 493 2833 534 sacrorum
2903 481 3100 550 pedum
3162 494 3404 543 tuorum.

120 563 230 618 τῶν
285 563 448 634 ίερῶν
476 581 571 616 σου
619 565 779 632 ἰχνῶν
802 580 815 592 ⁸
852 565 1110 636 οὐδὲγὰρ
1154 565 1328 629 ἄλλως
1382 563 1450 637 ἦν
1480 567 1704 620 δυνατὸν

119 658 180 709 τὸ
205 657 540 727 καταθύμιον
568 657 958 727 πληρωθῆναι·
993 658 1179 730 ἐτέρου
1209 660 1290 723 δέ,
1334 661 1362 713 ὃ
1390 663 1484 714 καὶ
1508 662 1704 730 μᾶλλον

123 748 470 813 κατεπεῖγον,
500 745 638 813 πρὸς
685 745 745 796 τὸ
769 747 1175 817 γνωριμώτερα
1224 750 1579 818 παραστῆσαι
1635 750 1705 802 τὰ

120 835 418 888 ἐπελθόντα
443 835 594 889 δεινὰ
629 835 890 908 ἐνταῦθα,
919 839 987 906 τῇ
1017 836 1273 910 θειοτάτῃ
1330 857 1424 892 σου
1462 842 1702 910 κορυφῇ,

120 926 197 988 ὡς
229 925 626 997 συμπασχούσῃ
661 930 774 990 τοῖς
809 928 902 982 τοῦ
942 929 1066 982 ὅλου
1126 930 1379 1000 σώματος
1416 931 1516 1001 τῆς
1580 931 1707 984 Ἑκ-

121 1019 352 1088 κλησίας
379 1019 619 1087 μέλεσιν.
665 1021 732 1072 Ἀ
773 1007 1124 1090 ἐξὴκουσται,
1158 1023 1229 1084 ὡς
1257 1019 1440 1093 οἶμαι,
1473 1025 1570 1078 xui.
1623 1025 1705 1089 ei;

121 1109 192 1161 τὰ
221 1109 429 1179 ἔσχατα
464 1111 560 1179 τῆς
602 1111 949 1182 οἰκουμένης,
983 1113 1071 1167 διὰ
1101 1115 1160 1166 τὸ
1187 1115 1287 1184 τῆς
1337 1115 1539 1179 κακίας
1601 1133 1702 1170 πε-

126 1205 405 1274 ριὸὁητον.

194 1299 448 1368 Διωγμὺς
491 1298 817 1367 κατείληφεν
852 1298 1020 1366 ἡμᾶς,
1066 1290 1111 1352 ὧ
1163 1297 1572 1368 μακαριώτατε,
1616 1300 1708 1353 καὶ

123 1392 384 1463 διωγμῶν
417 1393 445 1444 ό
473 1389 794 1461 βαρύτατος.
828 1390 1002 1442 Πάλαι
1035 1390 1134 1459 μὲν
1167 1390 1260 1444 οὖν
1294 1391 1495 1461 Ἀχαὰΰ
1530 1391 1707 1460 ζητῶν

136 1486 326 1539 Ἠλίαν
368 1485 460 1536 τὸν
487 1485 794 1552 προφήτην.
826 1483 1006 1536 πάντα
1033 1483 1200 1535 τόπον
1241 1485 1521 1554 ἐμπρῆσαι
1552 1484 1705 1550 λέγεο

122 1588 249 1626 ται·
285 1572 380 1626 τοῦ
412 1571 747 1644 ἐμπρησμοῦ
779 1575 869 1626 τὸν
892 1574 1063 1643 θυμὸν
1090 1573 1184 1626 τοῦ
1214 1574 1445 1637 ἀσεϐοῦς
1475 1575 1708 1643 ὑποφαί-

122 1682 330 1728 νοντος.
357 1664 494 1718 Νυνὶ
526 1665 583 1718 δέ
613 1666 642 1716 ὁ
680 1664 1006 1736 Ἀχααδίτης
1047 1666 1140 1718 καὶ
1169 1667 1268 1735 τὴν
1298 1665 1456 1730 ἀξίαν
1485 1667 1582 1720 καὶ
1607 1667 1708 1736 τὴν

126 1753 382 1823 καρδίαν,
414 1754 477 1807 οὑ
511 1755 604 1807 τὸν
643 1754 825 1807 Ἠλιοῦ
861 1755 1020 1825 μόνον
1056 1756 1536 1825 ἐγγεγραμμένον
1573 1757 1708 1810 ἀλλὰ

127 1849 220 1901 καὶ
244 1847 339 1900 τὸν
362 1846 552 1900 τούτου
573 1847 854 1918 Δεσπότην
887 1846 1092 1918 Ἰησοῦν
1116 1849 1369 1916 Χριστὸν,
1395 1849 1484 1902 τὸν
1506 1850 1710 1918 Κύριον

126 1938 222 1991 καὶ
244 1938 378 1992 Θεὸν
403 1939 565 2008 ήμῶν
581 1955 596 1971 ⁸
628 1939 726 2006 τὴν
748 1939 1009 1992 Θεοτόκον
1034 1941 1128 1992 καὶ
1154 1940 1332 1993 πάντα
1355 1940 1507 2008 ἆγιον
1532 1941 1711 2012 ζητῶν

124 2029 367 2102 ἐκζητεῖ,
400 2030 497 2083 καὶ
523 2028 703 2101 εὑρὼν
730 2029 1044 2097 ἐξαφανίζει
1073 2030 1229 2101 θυμῷ
1263 2033 1484 2102 μεγάλῳ
1514 2036 1578 2086 ἐκ
1607 2038 1712 2088 πά-

127 2138 227 2191 σης
264 2122 476 2188 πόλεως
511 2125 606 2177 καὶ
628 2123 812 2194 χώρας
837 2126 934 2194 τῆς
963 2123 1067 2176 ὑπὸ
1092 2127 1270 2195 χεῖρα.
1299 2125 1581 2179 Ἐντεῦθεν
1612 2128 1707 2181 θυ-

126 2218 422 2287 σιαστήρια
458 2214 886 2285 κατεσκαμμένα
905 2230 920 2244 ⁸
951 2217 1068 2269 ναοὶ
1094 2217 1298 2287 Κυρίου
1324 2220 1705 2289 ὴχρειωμένοι,

126 2308 221 2362 καὶ
268 2309 389 2360 κατ’
423 2307 605 2369 οἴκους
639 2307 732 2359 καὶ
762 2306 1066 2369 καθολικῶς
1097 2307 1191 2360 καὶ
1229 2309 1289 2359 ἐν
1320 2309 1580 2378 ἀνδρῶσι,
1617 2311 1710 2364 καὶ

124 2399 182 2450 ἐν
217 2397 587 2468 παρθενῶσιν,
636 2396 685 2448 oi
755 2397 944 2461 πάλαι,
996 2398 1044 2449 οἱ
1094 2400 1289 2450 νεωστὶ
1324 2399 1707 2470 ἐγηγερμένοι.

137 2489 404 2543 Ἐλεεινὺν
434 2489 613 2558 θέαμα
639 2486 829 2558 ὥσπερ
864 2488 1240 2557 ὲξοψισθέντας
1272 2491 1593 2559 ἀνθρώπους
1620 2493 1712 2545 τέ-

128 2583 272 2652 ρατᾶ
303 2599 425 2634 τινα
446 2598 461 2614 ⁸
494 2580 670 2644 οὕτως
696 2582 795 2642 τὰς
826 2581 921 2634 τοῦ
953 2580 1090 2634 Θεοῦ
1124 2582 1448 2654 Ἐκκλησίας
1489 2584 1711 2653 βλέπειν

126 2674 498 2744 ἁφῃρημένας
548 2673 639 2727 τὸν
679 2674 884 2726 οίκεῖον
933 2674 1156 2743 κόσμον,
1199 2674 1292 2725 καὶ
1348 2673 1712 2744 ἁμορφώτους

126 2766 504 2828 καθεστώσας.
531 2764 628 2830 Τίς
653 2766 852 2836 ἢκουσε
879 2765 1116 2817 τοιοῦτον
1161 2763 1194 2832 ἤ
1220 2763 1463 2834 ἑώρακεν
1502 2767 1558 2816 ἐν
1596 2768 1709 2828 τοῖς

127 2858 297 2911 πάλαι
345 2857 693 2928 ἀσεϐήμασι;
732 2857 884 2926 Τάχα
921 2858 949 2908 ὀ
985 2856 1330 2926 ἐπικείμενος
1365 2859 1494 2927 ὑμῖν
1526 2858 1709 2928 ’Ἄραψ

127 2951 266 3002 αἰδοῖ
309 2947 596 3018 χρώμενος
635 2947 1107 3017 φιλοχριστὸτερον
1138 2947 1391 3011 διέξεισιν
1421 2950 1478 3000 ἐν
1511 2947 1709 3017 τούτῳ.

139 3039 279 3092 Ἀλλ’
317 3039 418 3108 οὐχ
461 3040 489 3090 ὁ
530 3039 798 3110 ἡμέτερος
826 3040 867 3089 Τ
873 3038 1061 3108 αείῖεήλ⁸
1099 3038 1325 3102 Φεῖσαι,
1375 3040 1575 3106 Κύριε,
1610 3040 1710 3092 καὶ

1808 567 2251 635 quandoquidem
2287 568 2443 621 aliter
2476 578 2660 622 votum
2715 571 2933 640 explere
2986 587 3094 625 non
3129 574 3288 628 licet:
3319 578 3402 629 al-

1812 669 1950 719 tera,
1983 673 2106 726 qua:
2135 660 2306 728 magis
2333 670 2506 728 urget,
2537 672 2596 714 ut
2623 663 2834 716 notiora
2869 665 3005 718 tiant
3046 665 3402 722 divinissimo

1808 749 2000 803 vertici
2052 760 2145 803 tuo
2166 792 2182 814 ,
2209 767 2329 818 quae
2376 753 2464 806 hic
2486 753 2599 805 dira
2619 755 2937 810 acciderunt
2969 775 2980 810 :
3017 766 3077 810 ut
3107 758 3197 826 qui
3233 761 3403 813 totius

1812 841 2058 908 corporis
2102 841 2354 896 Ecclesiae
2388 845 2649 898 membris
2677 847 2995 902 condoleat.
3022 849 3156 913 Qum
3177 851 3399 918 quidem

1809 932 1893 985 vel
1921 933 1973 985 in
2009 932 2214 987 ultimis
2243 945 2401 988 terra:
2436 935 2636 992 finibus
2679 937 2750 991 ob
2791 949 3094 993 extremam
3146 941 3399 1009 impieta-

1811 1031 1920 1077 tem
1961 1023 2142 1077 audita
2177 1024 2453 1079 existimo.

1880 1289 2085 1345 Invasit
2150 1307 2250 1344 nos
2296 1293 2630 1361 persecutio,
2667 1296 3008 1362 beatissime,
3046 1307 3100 1352 et
3133 1314 3394 1367 persecu-

1810 1381 2019 1436 tionum
2088 1385 2435 1453 gravissima.
2489 1385 2630 1439 Olim
2702 1389 2922 1455 quidem
2980 1390 3170 1444 Achab
3219 1392 3393 1446 Eliam

1808 1488 2061 1541 quaerens
2129 1475 2472 1543 prephetam,
2510 1477 2628 1530 loca
2668 1479 2848 1530 omnia
2917 1480 3234 1536 incendisse
3255 1483 3394 1537 dici-

1807 1573 1917 1628 tur,
1975 1567 2226 1621 incendio
2280 1568 2373 1621 illo
2413 1570 2562 1637 impii
2613 1571 2748 1624 iram
2795 1579 2849 1624 et
2900 1570 3139 1627 furorem
3173 1576 3398 1628 demon-

1809 1665 2017 1711 su'ante
2039 1655 2106 1710 ⁸⁸.
2143 1655 2302 1712 Nune
2344 1674 2473 1713 vero
2517 1673 2571 1714 et
2624 1661 2888 1730 dignitate
2941 1674 2991 1717 et
3021 1664 3189 1719 corde
3217 1666 3396 1720 Acha-

1809 1748 1974 1814 bites,
2012 1763 2120 1801 non
2168 1747 2340 1802 Eliam
2373 1749 2549 1802 solum
2585 1749 2886 1819 depicnnn.
2920 1753 3013 1807 sed
3047 1754 3211 1823 hujus
3253 1771 3396 1823 quo-

1813 1855 1918 1907 que
1948 1837 2236 1892 Dominum
2266 1837 2452 1893 Jesum
2477 1839 2782 1901 Christum,
2818 1843 3108 1897 Dominum
3134 1851 3187 1899 et
3221 1847 3392 1900 Deum

1815 1940 2104 1995 nostrum,
2164 1930 2449 1999 Deiparam
2510 1941 2565 1986 et
2625 1943 2876 1988 sanctum
2941 1951 3392 2006 unumquemque

1812 2035 2065 2088 quau-ens
2113 2022 2328 2089 quaerit,
2365 2021 2762 2092 inventumque
2802 2039 3001 2095 magna
3049 2027 3127 2078 ira
3159 2028 3304 2082 delet
3333 2030 3387 2082 in

1812 2108 1960 2161 omni
1994 2109 2214 2163 civitate
2245 2119 2298 2164 et
2330 2111 2549 2180 regione
2586 2112 2814 2167 ditionis
2851 2128 2983 2168 sure.
3029 2112 3168 2169 Hinc
3205 2133 3395 2172 eversa

1812 2197 2027 2263 altaria,
2083 2199 2278 2268 templa
2329 2199 2544 2253 Domini
2589 2210 2823 2267 vastata,
2854 2212 2910 2257 et
2961 2204 3171 2272 privata
3206 2215 3259 2260 et
3290 2224 3397 2276 pu-

1811 2290 1974 2353 blica,
2007 2307 2126 2361 qum
2158 2293 2210 2345 in
2243 2292 2483 2346 virorum
2512 2294 2854 2363 etvirginum
2899 2295 3254 2362 habitaculis,
3288 2308 3396 2354 tam

1812 2391 1992 2437 vetera
2033 2399 2196 2452 quam
2251 2398 2439 2438 recens
2473 2393 2771 2440 exstructa.
2819 2385 3128 2442 Miserabile
3181 2399 3398 2459 specta-

1814 2476 1997 2530 culum
2025 2476 2036 2527 !
2064 2484 2321 2543 tanquam
2345 2474 2485 2528 facie
2501 2475 2836 2533 deformatos
2856 2479 3103 2534 homines
3129 2489 3183 2533 et
3214 2491 3400 2535 osten-

1813 2576 1864 2621 ta
1898 2570 2174 2638 quaedam,
2205 2571 2285 2624 sic
2320 2569 2412 2624 Dei
2443 2569 2718 2625 Eeclesias
2758 2583 2954 2626 ornatu
2981 2587 3083 2626 suo
3107 2573 3398 2629 destitutas

1813 2671 1868 2714 et
1894 2661 2157 2717 informes
2186 2662 2406 2716 relictas
2435 2665 2813 2732 contemplari.
2843 2665 2979 2730 Quis
3018 2667 3150 2720 talia
3183 2666 3397 2721 audivit

1816 2762 1907 2807 aut
1934 2753 2070 2807 vidit
2103 2769 2344 2821 unquam
2376 2755 2427 2810 in
2457 2756 2652 2826 prisca:
2681 2756 3052 2824 improbitatis
3087 2758 3400 2826 exemplis?

1815 2846 1910 2899 ille
1959 2847 2096 2914 ipse,
2146 2846 2238 2912 qui
2285 2847 2595 2901 cervicibus
2646 2848 2847 2900 vestris
2901 2848 3169 2901 incumbit
3199 2849 3398 2913 Arabs,

1816 2939 2004 2994 mitius
2055 2939 2286 2993 forsitan
2318 2941 2422 2994 hac
2462 2942 2517 2994 in
2561 2950 2715 3011 parte
2745 2956 2872 3010 erga
2905 2941 3185 2996 Christum
3216 2958 3274 2996 se
3305 2958 3399 3011 ge-

1816 3033 1906 3085 rit.
1937 3034 2004 3086 At
2034 3047 2140 3086 non
2171 3035 2252 3086 sic
2283 3033 2485 3087 Tabeel
2533 3043 2722 3089 noster
2751 3053 2763 3087 :
2815 3034 3002 3098 Parce,
3047 3035 3271 3089 Domine
3291 3078 3304 3101 ,
3339 3053 3402 3090 ne

123 3132 207 3200 μὴ
233 3129 354 3196 δῷς
386 3131 599 3184 τέλεον
623 3129 738 3198 τὴν
764 3131 1172 3198 κληρονομίαν
1201 3146 1317 3183 σου
1341 3134 1429 3195 είς
1455 3131 1706 3196 ὄνειδος.

1814 3126 1900 3177 des
1948 3127 2092 3178 ultra
2132 3127 2494 3180 [nereditatem
2525 3137 2670 3180 tuam
2707 3129 2764 3181 in
2798 3129 3133 3197 opprobrium
3163 3129 3229 3184 ⁸⁷.
3262 3130 3400 3184 Cum

129 3222 238 3274 Καὶ
291 3223 343 3274 εἰ
388 3219 516 3285 τοὺς
562 3221 622 3272 ἐν
655 3221 838 3284 πίναξι
878 3220 1253 3291 χαρακτῆρας,
1281 3223 1407 3286 τοὺς
1450 3225 1506 3276 ἐν
1545 3225 1709 3293 ἱεροῖς

126 3307 464 3378 ἀναθήμασι,
488 3309 707 3371 δέλτους
735 3311 834 3370 τὰς
863 3309 1421 3379 ύπομνηματιξούσας
1454 3314 1584 3382 περὶ
1614 3314 1711 3365 αὑ-

125 3403 256 3464 τῶν,
308 3399 576 3465 σκώπτει,
618 3402 891 3470 κωμῳδεῖ,
927 3400 1172 3472 διασύρει
1207 3403 1281 3467 ὡς
1323 3405 1704 3474 βδελύγματαο

126 3491 200 3556 ὡς
223 3491 514 3562 θεοστυγῆο
561 3491 630 3544 τὰ
667 3490 911 3559 θεοφιλῆ,
945 3492 1038 3545 καὶ
1072 3493 1278 3562 κόσμου
1323 3496 1593 3565 σωτήρια·
1628 3495 1704 3549 ῶῐ

124 3585 208 3646 τίς
251 3585 355 3638 οὐκ
389 3583 705 3648 ἐπιστάξειε
741 3583 1008 3653 δάκρυον;
1038 3584 1122 3648 τίς
1148 3586 1246 3637 οὐκ
1273 3587 1474 3655 ἀφήσει
1505 3604 1709 3641 στενα-

126 3677 268 3747 γμὸν
324 3680 392 3731 ἐκ
454 3676 653 3747 βάθους
702 3676 929 3744 καρδίας
985 3677 1482 3748 ἀναπεμπόμενον;
1552 3679 1707 3734 Ὀδοὶ

126 3767 281 3822 Σιὼν
309 3767 610 3823 πενθοῦσι
634 3767 793 3835 παρὰ
822 3768 889 3821 τὸ
911 3767 997 3837 μὴ
1032 3769 1184 3822 εἶναι
1215 3772 1342 3831 τοὺς
1367 3771 1606 3834 εὐσεϐῶς
1629 3773 1708 3824 δι-

125 3858 429 3922 οδεύοντας.
460 3857 570 3910 Καί
590 3873 654 3925 γε
702 3857 933 3923 Πάντες
957 3858 1296 3926 ἐξέκλιναν,
1325 3861 1443 3928 ἅμα
1465 3863 1711 3932 ήχρειώο

127 3956 349 4021 θησαν.
403 3952 700 4022 Ἱεραρχεῖν
749 3951 1026 4016 δοκοῦντες
1073 3953 1168 4006 καὶ
1211 3955 1394 4024 ἱερεῖς,
1448 3959 1710 4026 μονασταὶ

128 4047 222 4098 καὶ
259 4045 510 4116 μιγάδες,
544 4045 653 4097 πᾶν
682 4043 862 4113 γένος,
892 4045 986 4097 καὶ
1022 4047 1172 4098 πᾶσα
1222 4047 1408 4117 ἡλικία
1433 4063 1447 4077 ·
1505 4051 1553 4101 οἱ
1609 4049 1708 4120 μὲν

126 4135 308 4188 τέλεον
343 4133 754 4204 ναυαγήσαντες
810 4132 940 4202 περὶ
968 4131 1065 4203 τὴν
1095 4133 1296 4196 πίστιν,
1329 4135 1378 4186 οἱ
1422 4134 1478 4187 δὲ
1524 4135 1572 4186 εἰ
1616 4134 1709 4186 καὶ

127 4226 252 4288 τοὺς
281 4225 584 4294 λογισμοὺς
610 4223 669 4276 ού
699 4223 1241 4289 καταποντισθέντες,
1274 4227 1338 4295 τῇ
1374 4225 1430 4277 δὲ
1456 4226 1706 4295 αἱρετικῇ

127 4315 386 4386 κοινωνίᾳ
430 4314 488 4380 ἐξ
524 4314 778 4384 ἡμισείας
805 4315 911 4368 δέει
950 4315 1266 4386 σωματικοῦ
1301 4316 1536 4370 θανάτου
1573 4335 1709 4386 συγ-

127 4406 556 4470 κινδυνεύοντες.
595 4406 739 4476 Πλὴν
779 4407 859 4459 ὅτι
887 4408 1025 4460 εἰσὶν
1052 4407 1528 4479 ὑπολελειμμένοι,
1566 4412 1708 4463 οἵτιο

1813 3232 1942 3286 ergo
1997 3219 2167 3285 pictas
2224 3219 2276 3271 in
2329 3220 2533 3276 tabulis
2575 3221 2844 3290 imagines
2878 3237 2907 3275 e
2951 3221 3124 3275 sacris
3161 3221 3403 3277 donariis

1811 3310 2075 3374 sublatas,
2110 3319 2163 3364 et
2192 3311 2362 3365 libros
2386 3313 2480 3382 qui
2514 3313 2849 3367 mentionem
2869 3329 3053 3366 earum
3093 3315 3395 3377 continent,

1809 3404 2136 3470 proscindit,
2187 3405 2398 3471 irridet,
2434 3407 2740 3461 snbsannat
2775 3416 3033 3477 tanquam
3074 3409 3400 3462 abominan-

1810 3493 1876 3545 da
1913 3504 1968 3547 et
1995 3495 2164 3548 invisa
2192 3495 2303 3548 Deo
2352 3497 2593 3565 piacula,
2632 3512 2756 3566 quae
2801 3497 2909 3551 Deo
2941 3509 3162 3567 accepta
3189 3508 3316 3553 sunt
3347 3507 3401 3552 ct

1812 3583 2016 3636 mundo
2043 3585 2304 3638 salutaria
2343 3604 2356 3640 :
2387 3585 2501 3641 lleu
2525 3589 2538 3639 !
2566 3588 2690 3656 quis
2717 3587 2990 3658 lacrymas
3025 3589 3247 3642 teneat?
3276 3594 3402 3658 quis

1811 3675 2042 3742 gemitus
2071 3691 2136 3729 ex
2165 3676 2273 3729 imo
2312 3686 2532 3747 pectore
2567 3694 2676 3733 non
2712 3680 2881 3734 edat?
2907 3678 3017 3732 Via:
3047 3679 3174 3733 Sion
3196 3681 3397 3750 lugent,

1811 3780 1870 3816 eo
1899 3768 2037 3836 quod
2069 3787 2173 3823 non
2203 3770 2307 3822 sint
2341 3772 2430 3839 qui
2460 3771 2546 3840 pie
2576 3772 2857 3825 ambulent
2887 3773 2939 3825 in
2969 3774 3049 3826 eis
3072 3773 3138 3826 ⁸⁸.
3179 3773 3241 3826 Et
3265 3789 3395 3828 vero

1814 3866 2004 3920 Omnes
2068 3862 2500 3922 declinaverunt,
2550 3862 2709 3914 simul
2751 3862 2964 3915 inutiles
3015 3863 3148 3931 facti
3191 3865 3400 3917 sunt”.

1809 3955 1912 4019 Qui
1942 3953 2181 4022 episc0pi
2219 3951 2543 4004 videbantur
2589 3961 2643 4005 et
2697 3952 3029 4015 sacerdotes,
3062 3953 3317 4008 monachi
3351 3966 3404 4010 et

1811 4046 2120 4108 saeculares,
2153 4042 2333 4097 omnis
2366 4057 2530 4096 sexus
2575 4051 2631 4096 et
2652 4044 2833 4097 omnis
2871 4053 3023 4107 aetas,
3049 4044 3140 4097 alii
3175 4045 3400 4113 quidem

1811 4138 1956 4191 circa
2007 4136 2162 4190 fidem
2205 4135 2456 4188 ultimum
2506 4131 2849 4203 naufragium
2892 4135 3038 4202 passi
3087 4144 3256 4199 sunt,
3288 4135 3405 4188 alii.

1810 4231 1857 4284 si
1904 4229 2088 4282 minus
2127 4235 2310 4281 mente
2351 4235 2404 4280 et
2453 4225 2784 4295 cogitatione
2828 4225 3090 4290 demersi,
3149 4227 3402 4281 haaretica

1809 4323 2002 4374 saltem
2027 4317 2415 4373 communione
2442 4318 2634 4371 mortis
2691 4326 2836 4371 metu
2869 4328 3168 4382 contracta,
3200 4319 3396 4374 eodem

1810 4428 1872 4466 ex
1915 4417 2068 4480 parte
2113 4408 2357 4478 periculo
2406 4408 2659 4462 involuti.
2703 4408 2899 4464 Relieti
2945 4420 3128 4464 tamen
3175 4411 3401 4479 quidam

126 4512 229 4564 νες
273 4500 387 4552 οὐκ
436 4498 719 4566 ἔκαμψαν
768 4499 914 4568 γόνυ
964 4499 1040 4568 τῇ
1086 4501 1273 4554 Βάαλ.
1312 4502 1421 4554 Καὶ
1462 4503 1708 4556 τοσοῦτοι

1816 4512 1943 4557 sunt
1990 4501 2079 4570 qui
2127 4516 2230 4554 non
2274 4511 2620 4554 curvaverant
2671 4517 2841 4570 genua
2886 4511 3007 4554 ante
3042 4501 3298 4556 Baal”:
3331 4504 3407 4557 si-

127 4587 312 4640 ὁπόσοι
344 4589 438 4640 καὶ
469 4587 801 4657 ἠρίθμηνται
831 4590 1044 4660 Κυρίῳ.
1070 4590 1183 4658 Πρὸ
1212 4593 1427 4643 πάντων
1452 4593 1479 4643 ό
1508 4591 1715 4661 πρώτι-

131 4697 253 4745 στος
299 4680 482 4751 ήμῶν,
519 4683 549 4750 ἡ
591 4681 707 4750 ἱερὰ
739 4681 894 4750 ήμῶν
929 4683 1164 4753 κεφαλὴ,
1196 4685 1292 4735 καὶ
1335 4683 1612 4754 ὀμοταγὴς
1645 4686 1710 4754 τῇ

130 4773 433 4842 τελειότητί
467 4789 560 4824 σου
583 4787 596 4801 '
644 4773 895 4843 ίερὰρχαι
936 4775 1030 4827 καὶ
1066 4777 1230 4845 ἱερεῖς
1267 4776 1472 4846 Κυρίου
1495 4793 1508 4808 ο
1543 4793 1714 4846 μονα·

131 4867 253 4919 σταὶ
282 4867 380 4919 καὶ
416 4865 776 4936 μονάξουσαιο
809 4866 1014 4918 τούτων
1045 4868 1094 4918 oi
1132 4867 1229 4937 μέν
1256 4869 1588 4938 ἐμπαιγμῶν
1619 4869 1714 4921 καὶ⁵

133 4956 418 5024 μαστίγων
446 4958 639 5024 πεῖραν
665 4955 852 5008 ἔλαϐον
873 4972 885 4984 ·
919 4958 967 5008 oi
995 4956 1050 5009 δὲ
1070 4957 1286 5026 δεσμῶν
1311 4961 1403 5011 καὶ
1434 4960 1680 5028 φυλακῆς
1698 4976 1711 4989 ·

132 5045 279 5117 ἄρτῳ
307 5046 517 5118 μετρίῳ
561 5047 654 5100 καὶ
691 5047 843 5102 ὕδατι
877 5049 1224 5117 τρεφόμενοι.
1263 5051 1444 5103 Ἀλλοι
1474 5052 1714 5122 ἐξορίαις

132 5137 616 5207 περιορισθέντες·
650 5138 824 5210 ἕτεροι
874 5142 931 5192 ἐν
974 5141 1234 5209 ἐρημίαις
1279 5144 1372 5194 καὶ
1417 5143 1566 5213 ὄρεσι
1620 5142 1715 5196 καὶ

133 5234 424 5303 σπηλαίοις
483 5233 577 5285 καὶ
627 5235 748 5296 ταῖς
801 5237 961 5297 ὀπαῖς
1003 5234 1105 5302 τῆς
1132 5221 1238 5304 γῆξ
1269 5236 1711 5306 ἐνδιαιτώμενοιο

133 5327 262 5380 ἔνιοι
306 5328 366 5379 δὲ
413 5329 508 5380 καὶ
545 5329 800 5395 παραυτὰ
845 5329 1304 5399 μαστιγωθέντες,
1359 5331 1712 5402 μαρτυρικῶς

134 5420 267 5490 πρὸς
303 5419 512 5489 Κύριον
541 5420 903 5491 ἐξεδήμησαν.
935 5421 1055 5473 Εἰσὶ
1085 5421 1141 5472 δὲ
1174 5422 1221 5473 οἳ
1255 5424 1346 5475 καὶ
1387 5424 1713 5476 σακκισθέν-

133 5530 221 5577 τες
242 5512 723 5581 ἐθαλασσεύθησαν
751 5514 948 5584 ἀωρία,
975 5513 1051 5576 ὡς
1077 5512 1244 5582 σαφὲς
1268 5514 1488 5582 γέγονεν
1513 5517 1576 5569 ἐκ
1607 5514 1717 5568 τῶν

133 5604 356 5668 τούτους
387 5606 761 5674 θεασαμένων.

213 5757 260 5792 ⁸⁸
290 5760 354 5815 Ill
392 5759 527 5830 Reg.
581 5777 737 5830 xvtn,
805 5765 827 5819 i
863 5778 1016 5833 seqq.

1123 5760 1312 5816 "Jocl
1377 5779 1434 5830 ιι,
1501 5765 1586 5818 17.

139 5831 302 5887 Rom.
337 5850 390 5888 xi
453 5833 508 5885 4.

1721 5762 1766 5795 ⁸⁸
1805 5762 2009 5817 Thrcn.
2064 5777 2102 5827 I,
2130 5760 2183 5815 4.

1820 4591 2040 4663 quidem
2089 4599 2169 4645 tot
2201 4604 2451 4656 numero,
2492 4601 2627 4658 quot
2655 4599 2708 4644 et
2749 4592 3020 4645 numerati
3072 4602 3200 4646 sunt
3238 4607 3267 4645 a
3303 4593 3406 4645 Do-

1822 4687 1993 4740 mino.
2025 4687 2163 4738 Ante
2192 4698 2407 4746 omnes,
2446 4684 2540 4753 qui
2596 4684 2805 4752 primus
2851 4694 2934 4738 est
2984 4685 3126 4739 inter
3168 4700 3290 4749 nos,
3323 4701 3407 4740 sa-

1823 4791 1977 4831 crum
2010 4785 2171 4844 caput
2198 4783 2466 4837 nostrum,
2508 4784 2564 4828 et
2587 4774 2830 4843 ejusdem
2882 4783 3059 4830 tecum
3093 4776 3406 4846 dignitatis;

1822 4868 2062 4939 episcopi
2105 4877 2157 4920 et
2193 4865 2509 4920 sacerdotes
2537 4865 2788 4934 Domini;
2837 4868 3090 4921 monachi
3125 4879 3177 4921 et
3211 4884 3405 4923 mona-

1816 4965 1978 5017 chae:
2038 4974 2273 5028 quorum
2336 4958 2388 5011 hi
2444 4958 2695 5014 ludibriis
2745 4968 2800 5013 et
2849 4961 3171 5014 verberibus
3210 4961 3406 5015 tentati

1817 5052 2078 5114 fuerunt;
2135 5049 2211 5103 illi
2267 5048 2500 5103 vinculis
2532 5057 2586 5103 et
2616 5050 2957 5113 carceribus,
3007 5067 3146 5119 pane
3177 5051 3402 5105 modico

1815 5155 1869 5200 et
1900 5160 2041 5214 aqua
2075 5144 2234 5197 vitam
2269 5144 2547 5197 trahentes
2575 5161 2589 5209 ;
2619 5143 2708 5195 alii
2759 5144 2980 5197 exsiliis
3019 5145 3241 5213 relegati
3270 5159 3285 5209 ;
3315 5146 3408 5199 alii

1818 5235 1872 5289 in
1925 5235 2161 5288 desertis
2200 5244 2255 5287 et
2296 5232 2595 5294 montibus,
2641 5233 2696 5286 in
2748 5233 3024 5301 speluncis
3057 5242 3112 5286 et
3160 5234 3410 5289 cavernis

1821 5336 1982 5381 terra:
2041 5335 2356 5390 versantes;
2403 5325 2626 5394 quidam
2683 5325 2908 5394 insuper
2971 5319 3205 5394 ﬂagellis
3257 5328 3408 5392 caesi,

1822 5428 2089 5489 martyres
2120 5419 2186 5470 ad
2218 5417 2506 5471 Dominum
2530 5416 2891 5485 emigrarunt.
2935 5415 3076 5470 Sunt
3109 5417 3202 5485 qui
3244 5431 3411 5470 sacco

1826 5513 2025 5567 inclusi
2092 5512 2145 5563 in
2207 5525 2358 5564 mare
2406 5508 2644 5563 demersi
2679 5519 2844 5564 nocl-n
2879 5507 3124 5574 fuerunt,
3161 5518 3220 5563 nt
3249 5510 3317 5563 ab
3346 5510 3413 5565 iis

1825 5606 1918 5676 qui
1959 5606 2225 5670 viderant,
2264 5604 2497 5657 relatum
2523 5612 2628 5657 est.

2285 5759 2330 5793 ⁸⁹
2359 5759 2500 5815 Psal.
2534 5776 2628 5825 Lit,
2673 5759 2724 5813 4.
2838 5760 2882 5790 9°
2918 5757 2982 5811 lll
3017 5754 3146 5824 Reg.
3205 5772 3255 5818 ιι,
3298 5755 3361 5809 18
3394 5791 3411 5815 ,
