3990 6318
582 335 724 399 1159

1773 333 1831 392 S.
1874 331 2267 394 THEODORI
2309 332 2450 392 STU
2461 333 2656 393 DITA“.

3724 331 3872 396 1160

645 443 790 509 Quid
819 441 1058 496 cetera?
1087 439 1446 494 Anathemate
1473 437 1744 494 feriuntur
1769 441 1940 494 sancti
1972 438 2161 495 Patres

2338 441 2402 493 Τί
2443 441 2640 505 τάλλας
2685 439 3204 510 ’Λναθεματίζονται
3236 442 3286 494 οι
3317 442 3463 509 ἅγιοι
3496 441 3659 513 ἡμῶν
3691 445 3873 497 nus-

577 536 799 588 nostri:
859 533 1228 602 praulicantur
1275 534 1368 601 qui
1420 533 1570 602 impii
1619 531 1878 593 fuerunt.
1923 533 2168 587 infantes

576 627 874 696 impietatis
899 625 1174 694 dogmata,
1214 626 1411 678 tradito
1439 625 1717 700 magistris
1750 633 1917 688 torno,
1961 628 2167 679 docen—

578 729 667 772 tur
697 735 712 771 :
749 733 855 771 non
895 725 976 771 est
1006 731 1234 785 usquam
1269 717 1458 771 salutis
1499 714 1808 784 perfugium
1841 715 1984 769 inter
2013 729 2168 768 utor-

578 804 752 858 tales:
799 803 950 872 pium
993 803 1219 857 verbum
1265 801 1494 872 proferri
1535 819 1640 858 non
1687 803 1835 868 licet,
1889 819 2057 872 prope
2089 804 2168 858 in-

579 905 727 950 stant
753 896 984 959 insidiae,
1019 899 1092 951 ita
1135 908 1193 951 ut
1221 897 1305 950 vir
1335 913 1364 950 a
1395 897 1626 967 conjuge
1656 913 1755 953 sua
1801 906 1994 951 caveat
2025 913 2039 950 :
2077 898 2166 950 in-

585 987 741 1042 dices
794 999 849 1042 et
907 990 1251 1058 pittaciornm
1304 989 1577 1044 oblatores
1635 990 1838 1044 adhoc
1891 990 2071 1056 ipsum
2104 989 2174 1044 ab

583 1075 915 1148 imperatore
970 1080 1274 1133 mercedem
1331 1081 1573 1149 capiunt,
1618 1092 1676 1135 ut
1709 1081 2027 1144 observent,
2081 1081 2172 1134 ubi

583 1171 708 1240 quis
737 1172 869 1241 quid
914 1172 1114 1226 dicata
1145 1172 1363 1226 Caesare
1400 1173 1741 1241 discrepans,
1785 1183 1878 1226 aut
1908 1173 2171 1241 itnpietati

583 1278 693 1317 non
718 1264 1105 1325 communicet,
1139 1273 1234 1318 aut
1263 1265 1461 1318 librum
1496 1266 1692 1319 haheat
1725 1266 1793 1319 de
1834 1265 2170 1334 imaginibus

585 1363 949 1409 tractantem:
986 1356 1072 1409 vel
1103 1355 1393 1425 imaginem
1424 1357 1621 1426 ipsam,
1663 1365 1759 1410 aut
1803 1358 2046 1412 exsulem
2079 1373 2166 1412 re-

582 1445 769 1512 cipiat,
811 1454 905 1499 aut
945 1447 1177 1516 captivis
1223 1462 1320 1515 pro
1373 1446 1607 1502 Domino
1639 1447 1939 1504 ministret.
1979 1450 2084 1516 Qui
2118 1451 2164 1504 si

584 1535 1045 1605 deprehendatur,
1089 1538 1236 1592 illico
1273 1542 1506 1608 rapitur,
1571 1540 1817 1602 caeditur.
1849 1543 2121 1611 relegatur
2151 1560 2165 1596 :

587 1625 732 1678 unde
757 1635 810 1678 et
837 1626 1089 1680 dominos
1137 1629 1321 1682 videas
1365 1631 1538 1683 servis
1579 1631 1950 1698 supplicantes
1979 1633 2168 1687 indicii

587 1726 756 1770 metu.
796 1714 966 1772 Nobis
998 1717 1131 1772 illud
1165 1719 1349 1774 dicere
1396 1721 1481 1775 l'as
1514 1730 1599 1774 est
1629 1741 1641 1774 :
1704 1720 1826 1775 Non
1859 1733 1938 1777 est
1962 1726 2018 1776 in
2042 1736 2172 1778 tem-

2273 549 2399 602 ρες⁶
2451 533 2920 603 ἀνακηρύττονται
2972 535 3021 585 οἱ
3068 533 3441 602 ὴσεϐηκότεςο
3472 535 3542 587 τὰ
3584 535 3761 602 νήπια
3815 539 3874 588 ἐν

2269 626 2383 688 τοῖς
2410 624 2509 693 τῆς
2530 624 2785 687 ἀσεϐείας
2807 625 3072 694 δόγμασιν
3101 626 3524 696 ἀνατρέφονται,
3554 628 3632 697 τῷ
3655 629 3872 682 δοθέντι

2271 717 2422 786 τόμῳ
2441 718 2553 778 τοῖς
2574 717 2912 780 διδασκάλοις
2932 733 2946 749 ο
2973 718 3074 770 οὐκ
3105 717 3224 770 ἐστι
3253 735 3357 771 που
3381 723 3872 790 καταφευκτήριον

2273 807 2525 876 σώματος
2553 809 2610 860 ἐν
2639 809 3010 877 οἰκουμένοις·
3040 809 3141 862 οὐκ
3185 811 3302 862 ἐστι
3335 810 3604 880 προέσθαι
3634 811 3875 872 εὐσεϐές

2272 915 2324 950 τι
2356 899 2540 968 ῥῆμα’
2581 899 2676 951 καὶ
2722 899 2756 968 ἠ
2786 899 2929 969 θήρα
2962 899 3221 968 ἐγγύθεν·
3259 900 3334 964 ὠς
3363 901 3736 969 φυλάττεσθαι
3775 902 3872 954 dv-

2276 987 2491 1060 θρωπον
2517 988 2612 1043 καὶ
2639 989 2745 1042 ἀπὸ
2776 989 2877 1059 τῆς
2908 991 3201 1058 συγκοίτου
3227 1007 3239 1018 ·
3275 993 3512 1061 μηνυταὶ
3543 992 3640 1046 καὶ
3671 1010 3872 1044 πιττα-

2275 1078 2489 1131 κοδόται
2530 1079 2607 1140 είς
2640 1078 2770 1130 αὐτὸ
2807 1078 2964 1131 τοῦτο
2999 1080 3146 1148 παρὰ
3183 1079 3277 1133 τού
3328 1080 3661 1149 κρατοῦντος
3699 1099 3766 1150 με
3779 1100 3871 1150 μισ

2278 1169 2563 1237 σθωμένοι,
2590 1168 2692 1221 ποῦ
2724 1169 2806 1231 τίς
2832 1187 2884 1221 τι
2914 1169 3060 1238 λέγει
3086 1171 3404 1242 ἀπαρέσκον
3431 1172 3511 1242 τῷ
3536 1173 3810 1240 Καίσαρι,
3836 1174 3868 1242 ἢ

2279 1261 2354 1330 μὴ
2381 1261 2651 1314 κοινωνῶν
2696 1264 2761 1332 τῇ
2797 1263 3046 1333 ἀσεϐείᾳ,
3090 1262 3123 1333 ἦ
3158 1262 3341 1332 βίϐλον
3372 1263 3511 1333 ἔχων
3557 1266 3691 1334 περὶ
3721 1266 3871 1316 εικό-

2273 1370 2383 1406 νων
2413 1353 2641 1421 ἔχουσάν
2663 1371 2715 1406 τι
2739 1355 3050 1423 λεγόμενον,
3075 1355 3243 1426 ήγουν
3265 1357 3434 1425 αὐτὴν
3460 1359 3648 1410 εἰκόνα
3669 1375 3683 1388 ·
3708 1358 3778 1410 ἀν
3807 1375 3870 1409 τε

2275 1435 2712 1514 φυγαδευόῖιενον
2775 1446 3171 1515 εἰσδεχόμενος,
3233 1446 3266 1516 ἢ
3329 1451 3441 1510 τοῖς
3504 1447 3596 1501 διά
3656 1448 3872 1518 Κύριον

2277 1536 2706 1606 φρουρουμένοις
2739 1535 3025 1590 διακονῶν.
3060 1538 3180 1590 Κᾶν
3209 1539 3495 1609 φωραθείη
3524 1550 3541 1566 ⁶
3573 1539 3741 1601 εὐθὺς
3772 1541 3873 1591 ἀν·

2276 1629 2574 1698 άρπαστος,
2599 1627 2920 1698 δαρήσιμος,
2956 1628 3232 1698 ἐξόριστος
3257 1645 3271 1659 ·
3295 1629 3353 1694 ἐξ
3377 1624 3438 1683 οὗ
3473 1630 3566 1682 καὶ
3589 1633 3706 1692 τοῖς
3740 1630 3870 1683 δού-

2276 1720 2389 1780 λοις
2415 1721 2464 1772 οἱ
2497 1719 2754 1771 δεσπόται
2782 1719 3180 1783 ὑποπίπτοντες
3207 1720 3314 1772 δέει
3351 1723 3658 1790 μηνύσεως.
3702 1721 3870 1789 Ἡμῖν

586 1824 710 1876 pore
751 1807 845 1860 hoc
890 1809 1152 1876 princeps.
1183 1819 1232 1864 et
1265 1812 1540 1879 propheta,
1588 1822 1637 1866 et
1668 1813 1798 1878 duas,
1835 1831 1997 1883 neque
2023 1816 2167 1868 locus

2281 1812 2474 1882 πρέπει
2505 1811 2711 1877 λέγειν,
2742 1812 2824 1865 ὅτι
2892 1813 3014 1865 Οὐκ
3052 1811 3224 1864 ἔστιν
3245 1812 3319 1864 ἐν
3346 1811 3425 1876 τῷ
3459 1812 3642 1881 καιρῷ
3671 1816 3870 1878 τούτῳ

586 1899 945 1965 primitiarum
996 1916 1172 1954 coram
1225 1901 1470 1966 Domino,
1517 1913 1573 1956 ut
1622 1907 1884 1973 possimus
1936 1907 2168 1960 invenire

586 1992 1078 2048 misericordiam".
1125 1995 1413 2064 Propterea
1446 1998 1562 2051 hasc
1595 1999 1737 2067 apud
1770 2009 2019 2053 sanctam
2051 2001 2170 2053 ani-

587 2097 732 2136 mant
785 2093 933 2139 tuam
983 2087 1188 2155 indigni
1237 2088 1621 2153 lamentamur,
1677 2099 1938 2159 tanquam
1975 2107 2040 2145 ex
2075 2107 2169 2146 nre

587 2176 834 2230 omnium
861 2175 956 2245 qui
983 2181 1264 2234 veritatem
1296 2179 1613 2244 defendunt,
1651 2183 1773 2250 ejus
1799 2185 2166 2252 patrocinium

586 2273 642 2319 et
674 2267 1080 2324 miserationem
1128 2271 1500 2340 implorantes.
1553 2272 1771 2329 Scimus
1815 2275 1983 2341 enim,
2015 2277 2170 2346 siju-

587 2371 719 2410 vare
769 2358 930 2414 aliter
980 2375 1087 2414 non
1140 2363 1339 2432 possit,
1395 2380 1618 2433 precum
1677 2367 1868 2421 saltem
1921 2368 2169 2424 subsidio

589 2463 846 2518 magnum
886 2451 1118 2506 nobisin
1151 2454 1382 2509 summis
1398 2455 1688 2524 angustiis,
1710 2471 1836 2510 cum
1871 2458 2166 2526 prepitiutn

590 2540 760 2595 Deum
791 2542 1010 2608 habeat,
1038 2545 1472 2600 emolumentum
1499 2547 1812 2602 allaturam.
1839 2546 1960 2613 Quo
1986 2558 2166 2602 autem

587 2649 653 2688 ex
691 2645 847 2704 parte
887 2645 1202 2705 cognoscat,
1255 2638 1439 2706 qualia
1493 2638 1604 2693 sint
1636 2637 1844 2694 nefaria
1873 2640 2168 2709 impiorum

588 2725 864 2794 dogmata,
897 2725 981 2781 his
1008 2742 1070 2782 ea
1098 2728 1294 2783 litteris
1326 2729 1550 2799 adjunxi
1588 2731 1640 2785 in
1674 2733 2165 2801 quaternionibus:

589 2833 713 2884 qua:
758 2817 973 2885 piorum
1026 2829 1219 2889 rogatu
1266 2821 1552 2877 refutanda
1609 2823 1898 2893 imperitus
1926 2827 2163 2897 suscepi.

589 2905 702 2962 Oro
738 2917 922 2964 autem
973 2909 1212 2966 divinam
1274 2913 1597 2982 sapientiam
1657 2923 1828 2980 tuam,
1893 2925 1953 2970 ut
1982 2919 2166 2972 omnia

593 3001 867 3070 inspiciat.
894 3011 949 3056 et
973 3001 1286 3072 imperfecta
1318 2991 1576 3074 corrigat,
1611 3008 1938 3077 veniamque
1963 3009 2168 3065 tribuat

2273 1903 2491 1972 ἅρχων,
2521 1904 2659 1956 οὔτε
2694 1902 3029 1972 προφήτης,
3073 1904 3212 1956 οὔτε
3245 1903 3581 1971 ἡγούμενος
3603 1920 3618 1936 ·
3656 1907 3731 1957 οὺ
3774 1908 3872 1958 td-

2273 2010 2388 2060 πος
2437 1995 2544 2048 τοῦ
2578 1993 2890 2062 περαιῶσαι
2934 1995 3192 2048 ἐνώπιον
3242 1996 3487 2064 Κυρίου,
3525 1997 3626 2048 καὶ
3662 1996 3871 2062 εὑρεῖν

2275 2086 2470 2152 ἕλεος.
2504 2086 2604 2138 Διά
2638 2086 2794 2139 τοῦτο
2819 2086 2993 2140 ταῦτα
3026 2087 3442 2157 ἐπεϐοησάμεθα
3473 2088 3522 2139 οἱ
3550 2087 3768 2151 ἀνάξιοι
3799 2091 3867 2157 τῇ

2276 2177 2407 2247 ἁγίᾳ
2437 2194 2530 2230 σου
2561 2177 2730 2249 ψυχῇ,
2767 2179 2842 2242 ὡς
2875 2178 2984 2231 ἀπὸ
3017 2180 3285 2248 στόματος
3323 2179 3544 2232 πάντων
3588 2180 3704 2232 τῶν
3738 2181 3870 2234 ἀντ·

2275 2269 2550 2337 εχομὲνων
2583 2267 2684 2337 τῆς
2717 2269 2998 2338 ἀληθείας,
3043 2270 3124 2333 είς
3176 2270 3461 2340 ἀντίληψιν
3497 2270 3592 2323 καὶ
3637 2272 3867 2340 συμπά-

2275 2360 2425 2412 θειαν
2471 2359 2632 2428 ἡμῶν
2673 2359 3064 2430 ἐκκαλούμενοι
3107 2362 3300 2431 αὐτήν.
3335 2362 3576 2429 Οἴδαμεν
3618 2361 3755 2431 γὰρ,
3785 2363 3870 2414 ὅτι

2274 2452 2379 2504 κᾶν
2411 2450 2488 2521 μὴ
2513 2448 2622 2504 οἷόν
2643 2468 2702 2504 τε
2729 2452 3039 2522 ἐπικουρεῖν
3064 2451 3257 2517 ἄλλως,
3284 2451 3418 2506 ἀλλά
3441 2469 3503 2520 γε
3535 2455 3604 2522 τῇ
3635 2453 3751 2505 τῶν
3776 2451 3869 2504 εὐ-

2273 2540 2390 2611 χῶν
2413 2541 2633 2612 βοηθείᾳ
2668 2543 2813 2611 μέγα
2839 2543 3067 2612 παρέξει
3098 2545 3230 2614 ἡμῖν
3257 2544 3316 2595 ἐν
3350 2546 3461 2606 τοῖς
3491 2545 3870 2609 ἀναγκαιοτά-

2273 2648 2388 2695 τοις
2447 2632 2508 2684 τδ
2559 2632 2772 2700 δφελος,
2803 2633 3009 2701 εὐμενῆ
3049 2633 3140 2686 τὸν
3187 2633 3320 2687 Θεὸν
3363 2633 3584 2703 ἔχουσα.
3634 2635 3758 2687 Ἰνα
3813 2635 3868 2688 δὲ

2274 2723 2430 2793 γνοίη
2460 2724 2524 2776 ἐκ
2562 2723 2779 2794 μέρους,
2817 2717 2905 2776 οἷα
2937 2723 3006 2776 τὰ
3031 2723 3201 2793 ἀσεϐῆ
3232 2724 3478 2793 δόγματα
3514 2724 3626 2777 τῶν
3660 2727 3864 2790 ἀθέων,

2276 2813 2675 2868 συναπέστειλα
2716 2815 2828 2876 τοῖς
2863 2813 3158 2884 γράμμασι
3207 2817 3300 2868 καὶ
3341 2815 3516 2868 ταῦτα
3558 2817 3618 2867 ἐν
3670 2833 3868 2886 τετρα-

2275 2906 2428 2970 δίοις.
2468 2907 2535 2959 Ἃ
2568 2905 2662 2958 καὶ
2714 2904 2867 2970 ἔδοξα
2911 2909 2940 2959 δ
2969 2906 3187 2976 ἀμαθὴς
3225 2907 3578 2978 ἀνατρέπειν,
3617 2925 3867 2979 προτρα-

2272 2999 2394 3060 πεὶς
2417 2999 2567 3068 παρά
2593 2996 2855 3051 εὐσεϐῶν.
2883 2999 3029 3050 Αίτῶ
3054 2998 3112 3050 δέ
3136 2998 3239 3051 ὑπὸ
3257 2999 3356 3069 τῆς
3382 2998 3532 3062 Θείας
3560 3017 3656 3052 σου
3697 3017 3868 3068 μεγα-

594 3093 724 3145 tnihi
755 3102 1085 3157 erratorum,
1123 3095 1339 3164 meique
1366 3096 1580 3151 inutilis
1604 3097 1699 3150 lilii
1724 3098 1778 3152 in
1813 3100 1929 3155 suis
1954 3099 2169 3156 ﬂecten-

2281 3090 2481 3154 λονοίας
2512 3091 2909 3160 ἐπισκεφθῆναι
2953 3091 3049 3142 καὶ
3089 3090 3150 3143 τὸ
3182 3091 3402 3153 ἐλλιπὲς
3451 3091 3865 3161 ἀνορθωθῆναι,

591 3185 741 3240 tibus
772 3184 942 3241 Deum
973 3187 1230 3256 precibus
1261 3188 1600 3244 recordetur.

597 3440 726 3498 Hac
790 3457 966 3501 autem
1027 3449 1248 3528 epistola
1305 3451 1468 3528 missa
1522 3461 1599 3528 est
1653 3456 1813 3510 etiam
1849 3459 1918 3514 ad
1946 3461 2176 3528 patriar-

1142 3521 1294 3572 cltam
1333 3522 1647 3577 Antiochiam

2279 3181 2375 3234 καὶ
2398 3181 2728 3251 συγγνώμην
2754 3181 2862 3235 τῶν
2887 3182 3110 3253 ἐπωιρλη
3120 3183 3297 3252 μένων
3321 3181 3575 3246 δέξασθαί
3611 3199 3706 3252 με,
3730 3184 3866 3251 λαμ-

2282 3271 2541 3325 ϐἀνεσθαί
2583 3290 2643 3324 τε
2685 3275 2765 3335 εἰς
2797 3274 3020 3342 μνήμην
3065 3275 3122 3326 ἐν
3155 3276 3273 3337 ταῖς
3314 3273 3652 3327 θεοκλινέσιν
3697 3275 3866 3343 αὐτῆς

2282 3365 2632 3434 προσευχαῖς,
2659 3363 2734 3426 ὼς
2765 3365 2983 3432 ἀχρεῖον
3011 3365 3222 3418 τέκνον.

2391 3455 2462 3511 Ἢ
2505 3456 2656 3522 αὐτὴ
2712 3455 2780 3508 δὲ
2835 3455 3130 3524 ἐπιστολὴ
3184 3454 3280 3510 καὶ
3328 3455 3478 3523 πρὸς
3535 3456 3652 3524 τὸν
3673 3455 3785 3522 τῆς

2527 3527 2882 3596 Ἀντιοχείας
2915 3523 3290 3594 πατριάρχην
3307 3523 3652 3592 ἀπεστάλη.

1142 3673 1394 3723 Adversus
1415 3674 1844 3728 loonomacborum
1875 3681 2102 3733 haeresim
2128 3691 2181 3737 et
2207 3690 2580 3739 immanitatem.
2615 3689 2817 3751 (Baron.
2857 3701 2938 3737 an.
2975 3687 3084 3748 817,
3124 3700 3174 3736 n.
3201 3687 3306 3749 30.)

598 3821 711 3876 XV.
729 3852 798 3864 —
825 3821 889 3877 In
916 3823 1157 3876 omnibus
1179 3823 1516 3878 sanctissimo
1546 3824 1701 3881 Patri
1721 3827 1967 3900 Patrum,
1985 3834 2174 3892 lumini

667 3913 948 3979 luminum,
983 3915 1237 3982 magistro
1267 3930 1401 3978 meo,
1432 3915 1646 3969 domino
1674 3923 1998 3987 patriarcha:
2042 3930 2171 3982 Hie-

665 4007 1070 4076 rosolymorum,
1111 4006 1413 4061 Theodorus
1473 4011 1743 4081 minimus,
1783 4017 2075 4089 presbyter,
2121 4032 2172 4077 et

664 4099 978 4168 praepositus
1016 4099 1380 4158 Stuaitarum.

666 4191 799 4256 Quis
845 4194 1180 4248 annuntiabit
1208 4199 1494 4264 Abraham,
1548 4201 1690 4272 quod
1728 4205 1896 4258 lactat
1949 4222 2172 4277 puerum

597 4284 827 4339 Sara"?
857 4285 931 4339 ait
961 4288 1170 4356 uspiam
1196 4303 1377 4344 sermo
1409 4292 1646 4349 divinus.
1697 4294 1763 4349 Et
1792 4298 1918 4365 quis
1950 4298 2174 4371 indigno

596 4377 728 4430 mihi
785 4375 1002 4431 nuntiet
1048 4378 1309 4434 humilem
1351 4384 1636 4452 epistolam
1689 4402 1862 4443 meam
1889 4389 1955 4443 ad
1986 4407 2174 4448 sacras

595 4470 877 4538 apostolici
914 4471 1081 4525 vestri
1112 4473 1413 4529 beatissimi
1457 4478 1718 4534 culminis
1757 4496 1952 4537 manus
1979 4499 2172 4552 perve-

597 4561 783 4615 nisse?
837 4563 1090 4617 Attamen
1147 4568 1443 4635 perveniet,
1505 4579 1566 4624 ut
1613 4585 1823 4641 spero:
1888 4590 1997 4628 non
2028 4576 2172 4631 enitn

595 4667 800 4706 vesana
857 4653 1175 4723 cupiditate,
1211 4656 1306 4711 sed
1354 4663 1664 4715 necessaria
1707 4678 1872 4720 causa
1905 4666 2174 4737 impulsus

595 4756 853 4814 peccator
882 4756 937 4802 et
964 4748 1253 4817 epistolam
1305 4753 1525 4807 mittere
1563 4768 1733 4811 ausus
1778 4772 1922 4824 sum,
1955 4768 2009 4813 et
2037 4759 2174 4815 lato-

596 4852 710 4891 rem
744 4853 850 4892 una
883 4838 1107 4894 fratrem
1121 4841 1506 4898 charissimum
1525 4844 1841 4918 Dionysium
1873 4850 2172 4920 destinare,

596 4930 807 4984 lidelem
869 4945 1119 5001 prorsus.
1178 4943 1232 4988 et
1283 4936 1376 5005 qui
1427 4939 1680 5008 supplere
1726 4955 1821 5011 per
1873 4959 1934 4998 se
1990 4945 2172 5000 omnia

594 5032 763 5088 queat
810 5037 931 5091 quae
967 5024 1209 5092 epistola
1261 5027 1481 5084 desunt.
1543 5029 1726 5101 Itaque
1776 5033 1925 5089 velut
1969 5037 2172 5094 absens

594 5128 848 5184 corpore,
898 5131 1135 5185 praesens
1173 5128 1353 5174 autem
1391 5122 1608 5190 spiritu,
1663 5125 1904 5194 primum
1950 5129 2169 5198 quidem

595 5204 716 5274 ejus
767 5207 930 5275 pedes
981 5209 1277 5264 secundum
1330 5210 1498 5267 Deum
1558 5216 1902 5273 ambulantes
1955 5219 2176 5275 humilis

595 5297 936 5364 amplector:
976 5298 1104 5354 hinc
1141 5301 1285 5355 enim
1330 5304 1462 5357 mihi
1505 5306 1809 5363 benedictio
1850 5318 1903 5364 et
1933 5311 2175 5366 sanctiﬁ-

595 5389 759 5442 catio.
793 5387 991 5445 Deinde
1022 5401 1276 5463 tanquam
1323 5394 1392 5448 ab
1419 5397 1691 5466 eajussus
1724 5399 1788 5452 ad
1823 5410 2011 5455 sancta
2056 5402 2172 5456 loca

603 5481 932 5549 proﬁciscor,
962 5483 1263 5540 adveneror
1301 5503 1520 5542 sacrum
1557 5489 1758 5555 solum,
1794 5493 1941 5564 quod
1982 5493 2166 5549 divina

595 5573 820 5643 vestigia
846 5577 1149 5642 calcarunt,
1195 5579 1468 5635 vivilicum
1505 5594 1938 5652 monumentum,
1979 5587 2030 5640 in
2057 5601 2166 5657 quo

669 5756 714 5789 "
764 5755 899 5815 Dan.
939 5778 1014 5828 Ill,
1057 5764 1144 5818 58.
1221 5767 1266 5797 "
1296 5767 1430 5824 Gen.
1476 5785 1588 5836 ut,
1631 5771 1681 5824 7.

2276 3841 2378 3895 ιε’.
2415 3869 2488 3882 —-
2513 3839 2597 3906 Τῷ
2640 3842 2715 3894 τὰ
2745 3841 2944 3894 πάντα
2990 3839 3288 3910 ἁγιωτάτῳ
3333 3837 3517 3905 Harp!
3549 3838 3861 3905 Πατέρων,

2344 3930 2610 4001 φωστῆρι
2633 3933 2986 4001 φωστήρων,
3010 3931 3193 3999 κυρίῳ
3205 3947 3346 3998 μου,
3376 3928 3644 3996 δεσπότῃ
3660 3945 3863 3997 ,πατρι-

2343 4028 2499 4098 άρχῃ
2525 4027 2983 4095 Ἱεροσολύμων,
3007 4024 3307 4092 Θεόδωρος
3332 4022 3683 4092 ἐλάχιστος,
3724 4037 3861 4089 περε-

2345 4121 2632 4186 σσὺτερος
2665 4118 2764 4170 καὶ
2790 4118 3125 4188 ἡγούμενος
3149 4116 3269 4169 τῶν
3294 4114 3608 4169 Στουδίου.
3721 4112 3861 4186 [ach]

2351 4211 2445 4275 Τίς
2469 4209 2791 4279 ἀναγγελεῖ
2821 4208 3065 4276 Ἀϐραὰμ
3089 4207 3180 4260 ὄτι
3207 4206 3404 4275 Σὰρῤα
3428 4204 3667 4269 θηλάζει
3695 4221 3712 4268 ;
3735 4206 3863 4276 φησι

2275 4316 2379 4354 που
2409 4302 2438 4352 δ
2471 4300 2614 4371 ἱερὸς
2646 4299 2824 4368 λόγος.
2881 4300 2989 4352 Καὶ
3018 4299 3102 4362 τίς
3134 4299 3261 4369 ἐμοὶ
3287 4297 3364 4368 τῷ
3394 4297 3602 4366 ἀναξίῳ
3630 4297 3859 4365 εὐαγγε-

2274 4392 2497 4457 λίσοιτο,
2528 4394 2609 4445 ὅτι
2655 4408 2757 4462 μου
2790 4391 2851 4444 τὸ
2881 4392 3137 4443 ταπεινὸν
3165 4391 3403 4460 γράμμα
3453 4390 3534 4451 εἰς
3568 4390 3722 4458 ἱερὰς
3754 4392 3857 4458 χεῖ-

2279 4501 2378 4554 ρας
2423 4483 2648 4551 φθάσειε
2695 4483 2793 4552 τῆς
2835 4481 3200 4551 ἀποπολικῆς
3243 4481 3399 4550 ὑμῶν
3439 4481 3861 4551 μακαριωτάτης

2276 4577 2559 4647 κορυφῆς;
2590 4576 2782 4645 Ὅμως
2816 4573 3079 4638 πιστεύω,
3129 4575 3210 4626 ὅτι
3259 4575 3586 4643 γενήσεται·
3642 4574 3703 4626 οὐ
3759 4574 3858 4642 γὰρ

2275 4668 2456 4738 ἀλόγῳ
2478 4666 2767 4736 ἐπιθυμίᾳ,
2801 4665 2936 4719 ἀλλά
2969 4663 3246 4733 ἀναγκαίᾳ
3279 4663 3539 4717 ὑποθέσει
3567 4664 3808 4733 κινηθεὶς
3837 4667 3860 4717 ό

2279 4760 2604 4830 ἁμαρτωλὸς
2659 4758 2934 4829 ἐτόλμησα
2983 4757 3081 4811 καὶ
3136 4757 3197 4809 τδ
3237 4757 3476 4827 γράμμα
3525 4758 3856 4817 ἀποστεῖλαι,

2279 4854 2372 4904 καὶ
2420 4852 2513 4905 τὸν
2559 4851 2988 4922 ἐπιστοληφόρον
3032 4849 3310 4903 Διονύσιον
3354 4848 3446 4902 τδν
3489 4849 3857 4902 ποθεινότατον

2277 4943 2503 5011 ἀδελφὸν
2551 4940 3062 5011 συνεκπέμψασθαι,
3095 4941 3288 4996 πιστὸν
3328 4941 3480 5002 δντα,
3509 4942 3605 4993 καὶ
3645 4941 3856 4993 δυνατὸν

2275 5033 2377 5085 ὅσα
2433 5033 2669 5085 ἐλλείπει
2726 5035 2792 5100 τῇ
2837 5029 3095 5100 ἐπιστολῇ
3139 5029 3232 5099 ἀφ’
3261 5029 3457 5083 ἑαυτοῦ
3507 5029 3850 5098 ἐξηγορῆσαι.

2276 5125 2578 5196 Τοιγαροῦν
2609 5123 2684 5188 ὡς
2711 5123 2867 5177 ἀπὼν
2897 5123 2976 5192 τῷ
3007 5123 3244 5192 σώματι,
3277 5121 3471 5191 παρὼν
3502 5122 3560 5173 δὲ
3596 5122 3673 5192 τῷ
3705 5121 3852 5174 πνεύο

2287 5235 2437 5288 ματι,
2475 5217 2692 5287 πρῶτον
2724 5217 2821 5286 μὲν
2853 5217 2881 5269 δ
2910 5216 3165 5278 ταπεινὸς
3195 5211 3629 5283 κατασπάξομαι
3663 5215 3726 5267 τὰ
3756 5214 3835 5266 θεο

2282 5309 2419 5379 ϐαδῆ
2473 5309 2640 5379 αὐτῆς
2687 5309 2806 5378 ἴχνη
2831 5325 2847 5339 ο
2891 5306 3050 5360 τοῦτο
3091 5306 3202 5376 γὰρ
3245 5305 3370 5375 ἐμοὶ
3413 5305 3637 5373 εὐλογία
3679 5323 3735 5358 τε
3769 5306 3847 5357 καὶ

2280 5401 2570 5471 ἀγιασμός.
2605 5401 2836 5454 Ἔπειτα
2865 5399 2940 5461 ὡς
2967 5399 3101 5468 πρὸς
3129 5397 3298 5466 αὐτῆς
3321 5398 3649 5466 ἐπιτραπεὶς
3672 5397 3845 5464 ἄπειμι

2276 5495 2336 5547 ἐν
2381 5495 2493 5553 τοῖς
2527 5491 2810 5554 σεϐαστοῐς
2856 5490 3073 5553 τόποις’
3109 5487 3576 5558 προσπτύσσομαι
3619 5489 3680 5541 τὸ
3721 5489 3843 5540 θεῖον

2273 5587 2488 5655 ἔδαφος,
2519 5577 2581 5639 οὗ
2604 5585 2672 5639 τὰ
2696 5583 2814 5637 θεῖα
2843 5583 2962 5654 ἴχνη
2994 5581 3193 5653 βέϐηκε
3215 5598 3230 5614 ’
3258 5582 3321 5636 τὸ
3352 5580 3624 5646 ζωοποιδν
3653 5582 3838 5652 μνῆμα,
