3990 6318
148 365 267 429 1161

1325 369 1858 431 EPISTOLARUM
1922 372 2070 434 LIB.
2117 372 2196 434 ῐῐ.

3239 367 3373 433 1162

142 484 218 549 ἐφ’
249 473 293 546 ᾧ
324 480 384 530 τὸ
413 479 674 545 πανάγιον
699 480 855 548 σῶμα
883 480 972 531 τοῦ
1001 481 1134 534 Θεοῦ
1160 484 1251 536 καὶ
1276 484 1526 552 Σωτῆρος
1551 484 1706 552 ἡμῶν

1826 483 2218 538 sanctissimum
2263 480 2355 535 Dei
2383 491 2438 536 et
2468 480 2763 535 Salvatoris
2810 479 2982 536 nostri
3013 478 3142 536 Jesu
3170 481 3370 536 Christi

153 572 320 641 Ἰησοῦ
352 569 586 639 Χριστοῦ
617 571 896 638 κατετέθη·
934 573 1020 625 τὸν
1049 573 1223 643 χῶρον
1245 575 1340 628 τοῦ
1374 577 1525 644 ἁγίου
1554 577 1702 646 Κρα-

142 663 267 726 νίου,
303 665 360 714 ἐν
391 655 436 728 ᾧ
466 662 807 730 ἐσταύρωται
842 665 869 717 ὁ
901 664 1098 733 Κύριος
1129 669 1225 736 τῆς
1256 667 1435 737 δόξης.
1469 669 1702 738 Μέτειμι

140 751 371 820 ἀλλαχοῦ
396 768 409 784 ·
444 752 556 821 ὁρῶ
601 752 697 822 τὴν
745 751 908 820 ἁγίαν
961 753 1204 825 Βηθλεὲμ
1242 755 1316 818 ὡς
1353 756 1452 826 τὴν
1506 758 1698 824 Ἐδέμ·

144 844 429 911 προσκυνῶ
470 843 568 911 τὴν
613 843 764 896 θείαν
803 845 1009 914 φάτνην
1041 845 1180 914 ὑπὲρ
1213 847 1310 916 τὴν
1340 849 1574 915 στάμνον
1604 850 1703 917 τὴν

142 937 367 1003 χρυσῆν,
401 935 459 984 ἐν
579 935 640 986 οὐ
678 935 872 1002 μάννα,
913 935 1029 987 ἀλλ’
1069 936 1096 987 ὁ
1126 937 1221 1006 τῆς
1248 936 1393 1004 ζωῆς
1426 938 1589 1006 ἄρτος
1615 940 1704 992 τέ-

142 1025 336 1075 θειται.
369 1024 478 1076 Καὶ
508 1023 613 1092 μὴν
638 1022 818 1090 βλέπω
860 1023 919 1076 τὸ
952 1026 1104 1090 ἆγιον
1129 1025 1273 1094 ὅρος,
1301 1020 1360 1079 οῦ
1393 1028 1423 1095 ἡ
1454 1026 1705 1098 θειοτάτη

144 1112 565 1182 μεταμόρφωσις
589 1127 604 1143 ο
644 1112 704 1164 τὸ
735 1112 845 1165 τῶν
875 1113 1066 1166 ἐλαιῶν
1094 1115 1240 1182 ὅρος,
1271 1116 1362 1184 ἀφ’
1393 1111 1455 1168 οῦ
1497 1117 1706 1187 ἀνέπτη

143 1200 279 1270 πρὸς
336 1202 598 1270 οὐρανοὺς
644 1203 671 1254 ὁ
732 1202 839 1255 τῶν
896 1203 1034 1256 ὅλων
1083 1205 1321 1273 Κύριος·
1388 1207 1490 1277 τὴν
1544 1209 1708 1276 ἁγίαν

143 1292 488 1361 Γεθσημανῆ⁸
527 1294 610 1360 ἐφ’
646 1288 728 1365 ﬁo
753 1294 920 1359 τάφος
951 1295 1049 1362 τῆς
1082 1297 1454 1350 πανσεϐάστου
1489 1298 1707 1352 δεσποί-

143 1399 234 1450 νης
265 1385 298 1447 ή
310 1383 425 1447 μῶν
456 1383 717 1435 Θεοτόκου
738 1399 751 1413 ·
783 1383 940 1436 τοῦτο
974 1386 1196 1437 κάκεῖνο
1219 1401 1231 1414 ⁸
1268 1387 1354 1439 ἵνα
1388 1388 1462 1458 μὴ
1498 1390 1708 1458 μακρὸν

144 1472 481 1541 ἀποτείνοιμι
509 1471 684 1539 λόγον.
716 1474 778 1525 Ὢ
806 1474 920 1536 πῶς
949 1475 1045 1526 καὶ
1067 1476 1159 1527 ἀπ’
1192 1477 1364 1543 αὐτῆς
1390 1479 1556 1545 μόνης
1584 1479 1707 1530 ἐπι-

146 1563 394 1630 μνήσεως
415 1563 689 1633 ἀγιασμοῦ
722 1565 836 1617 ἐστι
867 1565 1200 1634 μετάληψιςῑ
1240 1567 1303 1617 Ὤ
1332 1568 1576 1635 πηλίκων
1620 1570 1710 1621 καὶ

146 1653 387 1722 φρικτῶν
422 1653 780 1724 σεϐασμάτων
818 1659 850 1725 ἠ
885 1657 985 1725 τῆς
1036 1658 1135 1725 σῆς
1177 1660 1570 1727 μακαριότητος
1606 1661 1704 1711 ὑπο

149 1743 305 1811 άρχει
338 1746 550 1813 κορυφή
577 1746 590 1796 1
627 1745 697 1796 Σὺ
721 1747 936 1815 πρῶτος
961 1749 1338 1817 πατριάρχῶν,
1383 1749 1484 1801 κᾶν
1513 1752 1711 1803 πεντά-

146 1831 259 1896 ζοις
314 1833 392 1903 τῷ
432 1835 671 1904 ἀριθμῷ.
715 1831 790 1889 Οῦ
820 1837 928 1908 γὰρ
961 1838 989 1888 ὁ
1029 1839 1324 1902 ἐπίσκοπος
1359 1840 1468 1894 τῶν
1504 1841 1713 1912 ψυχῶν,

148 1923 240 1975 καὶ
272 1923 380 1976 τῶν
408 1926 545 1977 ὅλων
593 1927 879 1997 ἀρχιερεὺς
936 1929 1028 1980 καὶ
1080 1929 1364 1998 ἐγεννήθη,
1400 1931 1495 1983 καὶ
1523 1931 1715 2001 ἔδρασε

147 2015 213 2066 τὰ
236 2014 470 2086 θεουργὰ
499 2018 696 2077 πάντα,
729 2018 822 2069 καὶ
843 2018 1034 2078 ἔπαθε.
1067 2020 1158 2073 καὶ
1185 2003 1466 2086 τέθαπται,
1503 2024 1596 2076 καὶ
1621 2023 1715 2076 ἀν-

148 2105 301 2176 έστη,
339 2107 433 2158 καὶ
480 2106 660 2177 ἔζησε,
697 2109 791 2160 καὶ
841 2110 1160 2179 ἀνελήφθη*
1211 2113 1326 2163 ἐκεῖ
1367 2112 1605 2181 δηλονότι
1657 2113 1717 2166 τὸ

148 2196 444 2266 ὑπεραῖρον
503 2198 758 2251 ἁπάντων
805 2200 1042 2268 ἀξίωμα.
1097 2200 1256 2253 Ἀλλά
1306 2204 1436 2272 περὶ
1466 2203 1564 2272 μὲν
1597 2205 1716 2257 τού-

149 2301 258 2338 των
327 2285 567 2338 τοσαῦτα
637 2286 786 2355 πόθῳ
852 2288 945 2338 καὶ
999 2286 1186 2357 τρόμῳ
1251 2288 1574 2359 τετόλμηταί
1628 2308 1716 2360 μοι

149 2376 382 2444 λαλῆσαι
409 2390 423 2403 °
479 2378 572 2427 ἐπὶ
618 2376 672 2428 δὲ
729 2376 790 2428 τὸ
832 2375 1018 2446 ἕτερον
1063 2376 1333 2447 τρέψομαι
1366 2379 1715 2450 ἀπάγγελμα.

219 2464 470 2532 Διωγμδς
521 2465 665 2533 ἡμᾶς
712 2463 1057 2533 κατείληφεν,
1099 2460 1143 2518 ὦ
1190 2467 1594 2537 μακαριώτατε,
1626 2470 1720 2520 καὶ

149 2555 408 2622 διωγμῶν
426 2556 454 2605 ὁ
476 2553 1032 2622 Ἐλληνοειδέστατος.
1051 2557 1204 2609 Ἐπεὶ
1224 2560 1331 2628 γὰρ
1353 2557 1545 2627 ᾔσθετο
1565 2562 1592 2611 ό
1617 2561 1722 2612 Σα-

149 2647 314 2704 τανᾶς
349 2646 406 2696 ἐν
437 2644 732 2713 προθύροις
777 2641 916 2698 εἶναι
961 2647 1058 2716 τὴν
1099 2649 1376 2718 μακαρίαν
1408 2650 1596 2703 ἐλπίδα
1627 2653 1720 2703 καὶ

151 2734 475 2801 ἐπιφάνειαν
500 2733 598 2803 τῆς
619 2734 776 2804 δόξης
805 2735 898 2787 τοῦ
924 2737 1161 2804 μεγάλου
1185 2737 1320 2790 Θεοῦ
1348 2739 1438 2791 καὶ
1471 2741 1720 2811 Σωτῆρος

152 2824 310 2892 ήμῶν
363 2823 538 2893 Ἰησοῦ
585 2825 844 2895 Χριστοῦ.
878 2827 1115 2890 Μείζους
1161 2829 1270 2881 τῶν
1315 2831 1578 2899 αἱρέσεων
1630 2834 1720 2884 ἁν-

152 2917 314 2969 άπτει
345 2915 444 2978 τάς
474 2916 708 2984 φλόγας,
747 2919 1056 2986 προεισόδια
1094 2919 1193 2987 τῆς
1222 2919 1316 2971 τοῦ
1356 2922 1720 2990 ’Δντιχρίστου

153 3006 475 3075 παρουσίας.
525 3006 590 3058 Τί
641 3006 836 3070 τοῦτο;
869 3007 968 3077 τὴν
1003 3007 1167 3061 πάλαι
1205 3010 1297 3060 ἐπὶ
1352 3010 1576 3072 Λέοντος
1629 3013 1722 3064 καὶ

155 3098 566 3151 Κωνσταντίνου
611 3098 981 3168 διεγερθεῖσαν
1023 3101 1300 3165 ἀσέϐειαν,
1334 3102 1424 3153 καὶ
1462 3106 1721 3172 μανείσαν

152 3190 245 3240 ἐπὶ
284 3189 444 3252 πολὺ,
483 3190 576 3242 καὶ
607 3191 864 3260 ῥαγεῖσαν
894 3191 1013 3260 θεία
1053 3192 1388 3261 ἐπιτιμήσει,
1418 3189 1571 3256 αὖθις
1597 3195 1720 3264 ἄρτι

153 3282 181 3332 ὸ
211 3279 507 3349 ὁμώνυμος
546 3281 639 3332 καὶ
674 3280 983 3350 συνώνυμος
1013 3284 1077 3351 τῇ
1109 3282 1330 3352 ἀσεϐείᾳ
1374 3284 1592 3352 κρατῶν
1626 3287 1719 3337 ἀν-

153 3371 568 3423 ενεώσατο.Καὶ
599 3370 872 3436 τοσοῦτον,
907 3370 980 3432 ὡς
1009 3371 1324 3441 ἀποκρύψαι
1368 3373 1466 3442 τὴν
1499 3373 1721 3425 ἐκείνων

154 3461 373 3517 λύτταν.
403 3463 602 3515 Διώκει
625 3462 714 3514 τὸν
744 3463 977 3531 Χριστὸν
1004 3465 1452 3532 ἐγγεγραμμένον
1477 3465 1572 3516 σὺν
1606 3466 1721 3532 Μη-

152 3555 241 3624 τρὶ
273 3555 368 3607 καὶ
400 3555 719 3624 θεράπουσι·
751 3554 843 3605 καὶ
882 3547 942 3606 οῦ
987 3554 1053 3607 ἂν
1075 3550 1246 3623 εὖροι,
1284 3553 1553 3623 καθαίρει,
1599 3553 1723 3623 φλέ-

154 3659 262 3708 γει.
327 3641 609 3715 Ἐντεῦθεν
661 3641 1018 3710 Θυσιαστήρια
1068 3643 1530 3712 κατεσκαμμέναο
1592 3645 1726 3712 ίεροὶ

157 3735 275 3786 ναοὶ
304 3731 697 3803 ἡμαυρωμένοι
723 3747 735 3760 ”
774 3732 943 3802 σκεύη
974 3731 1095 3801 ἱερὰ
1117 3732 1553 3803 ἐμπεπρησμένα
1575 3750 1588 3764 °
1629 3734 1727 3786 οὐκ

155 3821 304 3876 ἔστιν
334 3823 414 3872 ὅτι
443 3821 519 3890 μὴ
561 3821 894 3872 ἐλλέλειπται
933 3823 1096 3889 μέρος
1127 3822 1225 3890 τῆς
1252 3822 1341 3874 ὑπ’
1373 3823 1534 3874 αὐτὸν
1571 3823 1727 3891 βασι-

155 3913 306 3974 λείας
336 3911 494 3964 ἐαθέν
524 3910 904 3979 ἁκαθαίρετον.
949 3911 1087 3963 Ἀλλ’
1118 3914 1170 3964 εί
1208 3930 1324 3975 πως
1356 3913 1604 3983 εὑρεθείη
1646 3930 1729 3976 τις

155 4001 519 4072 ἐγκεκρυφὼς
551 4002 753 4070 σεπτὴν
780 4002 986 4065 εἰκόνα,
1025 4004 1056 4074 ἢ
1088 4001 1268 4056 δέλτον
1292 4005 1420 4074 περὶ
1443 4006 1609 4075 αὐτῆς
1639 4005 1728 4057 λε-

154 4094 281 4146 κτόν
316 4111 372 4145 τι
405 4093 665 4162 ἔχουσανο
698 4092 1045 4163 ἀνάρπαστος
1087 4093 1268 4158 εὐθὺς,
1303 4095 1519 4163 μάστιξι
1563 4113 1732 4148 κατα-

155 4187 501 4255 ξαινόμενος,
539 4186 634 4237 καὶ
675 4186 784 4238 πᾶν
818 4184 944 4238 ἀλλο
973 4185 1146 4237 δεινὸν
1183 4187 1565 4255 ὑφιστάμενος.
1614 4187 1729 4238 Ἐν-

153 4279 350 4332 τεῦθεν
400 4276 651 4346 δείματα,
705 4277 800 4330 καὶ
851 4276 1064 4346 τρόμοι,
1125 4277 1221 4329 καὶ⁹
1278 4279 1561 4339 ἐκστάσεις
1604 4280 1732 4348 περὶ

155 4373 332 4425 πάντα
385 4369 706 4439 ἄνθρωπον·
765 4369 840 4431 ὡς
887 4370 980 4422 καὶ⁵
1032 4368 1239 4438 χαίρειν
1289 4369 1468 4436 λέγειν
1519 4371 1732 4442 ἀδελφῷ

1810 589 2009 642 corpus
2062 573 2366 643 depositum
2413 572 2544 635 fuit,
2605 587 2822 630 sacrum
2864 571 3128 626 Calvaria:
3152 573 3370 637 locum,

1811 666 1902 720 ubi
1938 667 2195 720 Dominus
2241 664 2424 734 gloria:
2482 665 2798 718 crucifixus.
2850 665 2972 717 Alio
3004 680 3167 738 pergo
3197 681 3212 718 :
3246 680 3370 718 san—

1811 765 1950 810 ctam
1991 756 2261 809 Bethleem
2307 755 2465 824 quasi
2532 755 2699 808 Edent
2760 755 3079 823 conspicio:
3130 755 3372 808 divinum

1812 848 1978 900 adoro
2021 861 2258 914 praesepe
2299 860 2463 914 supra
2521 860 2714 898 urnam
2766 860 3010 910 auream,
3051 845 3103 898 in
3127 858 3238 914 quo
3266 858 3374 897 non

1811 953 2029 998 manna,
2062 936 2154 990 sed
2208 936 2360 1004 panis
2390 935 2513 988 vitae
2549 936 2801 991 conditus
2842 945 2950 990 est.
2996 933 3166 988 Video
3211 935 3374 987 etiam

1813 1037 2060 1082 sanctum
2107 1036 2369 1092 montem,
2403 1025 2456 1078 in
2487 1040 2595 1094 quo
2618 1024 2954 1079 divinissima
2996 1024 3377 1091 Transﬁgura-

1814 1119 1932 1172 tio:
1984 1117 2260 1171 Olivarum
2304 1125 2567 1181 montem,
2598 1114 2741 1170 unde
2782 1114 2850 1169 ad
2897 1114 3064 1169 caelos
3115 1114 3379 1168 Dominus

1813 1207 2056 1261 omnium
2108 1207 2343 1261 evolavit
2372 1223 2386 1259 :
2439 1215 2682 1261 sanctam
2710 1204 3133 1267 Gethsemanen,
3165 1205 3254 1258 ubi
3288 1219 3380 1257 se-

1814 1299 2058 1366 pulcrum
2084 1298 2230 1350 omni
2257 1298 2464 1350 honore
2489 1296 2729 1350 colendae
2756 1295 2996 1348 Dominae
3024 1304 3228 1349 nostra:
3255 1294 3380 1347 Dei--

1814 1404 1979 1456 parat.
2014 1387 2125 1441 Hoc
2146 1399 2304 1456 atque
2329 1387 2482 1449 illud,
2515 1401 2585 1441 ne
2617 1388 2833 1455 longam
2861 1396 3033 1440 texam
3052 1387 3379 1440 orationem.

1816 1477 1860 1534 Ο
1892 1488 2094 1548 quanta
2125 1479 2205 1532 vel
2232 1494 2295 1532 ex
2325 1478 2442 1546 ipsa
2494 1479 3014 1532 commemoratione
3040 1487 3227 1531 manat
3253 1493 3378 1531 sau-

1817 1571 2099 1625 ctilicatio!
2125 1585 2157 1622 o
2184 1581 2314 1638 quot
2343 1579 2397 1623 et
2421 1569 2638 1638 quantis
2693 1555 2923 1622 culturis
2969 1578 3167 1636 praeest
3197 1568 3372 1621 beati-

1818 1663 2020 1717 tudinis
2073 1672 2177 1714 tuze
2235 1659 2449 1714 vertex!
2499 1658 2582 1712 Tu
2639 1659 2846 1727 primus
2905 1659 3379 1726 patriarcharum,

1819 1752 1944 1806 licet
1973 1753 2197 1820 quintus
2247 1748 2572 1802 numereris.
2605 1747 2706 1802 Ubi
2746 1749 2892 1803 enim
2947 1749 3236 1816 episcopus
3263 1749 3384 1800 ani-

1819 1857 2028 1896 marum
2079 1855 2143 1894 ac
2185 1838 2426 1909 pontifex
2477 1837 2722 1892 omnium
2787 1848 2947 1892 natus
2978 1847 3088 1902 est,
3120 1847 3174 1891 et
3202 1838 3382 1891 divina

1817 1933 1996 1988 omnia
2030 1938 2309 1999 operatus,
2341 1939 2394 1982 et
2429 1943 2644 1998 passus,
2682 1936 2737 1982 et
2767 1929 3031 1997 sepultus,
3063 1928 3158 1983 ubi
3205 1943 3385 1982 resur-

1817 2025 1974 2088 rexit,
2004 2033 2059 2076 et
2087 2023 2222 2075 vixit
2260 2028 2316 2075 et
2341 2028 2658 2088 assumptus
2701 2029 2818 2084 est;
2851 2019 2959 2073 illic
2980 2034 3235 2088 suprema
3267 2034 3386 2074 om—

1817 2115 1968 2167 nium
2012 2111 2201 2182 procul
2240 2111 2408 2165 dubio
2447 2112 2707 2179 dignitas.
2739 2109 2840 2164 Sed
2872 2110 2939 2163 de
2979 2110 3064 2164 his
3100 2109 3385 2173 hactenus,

1816 2205 2086 2260 desiderio
2160 2217 2225 2257 ac
2293 2202 2596 2256 reverentia
2666 2199 2936 2268 impulsus
2992 2198 3140 2267 loqui
3216 2213 3387 2251 ausus

1818 2311 1960 2351 sum.
2040 2292 2195 2346 Nunc
2252 2290 2320 2344 ad
2391 2289 2616 2344 alteram
2678 2287 3045 2341 narrationem
3105 2300 3194 2340 me
3256 2301 3388 2341 cou-

1817 2398 1991 2442 νεηο.

1889 2477 2092 2532 Invasit
2139 2488 2242 2529 nos
2273 2472 2603 2542 persecutio,
2652 2468 2989 2532 beatissime,
3038 2477 3093 2524 et
3125 2482 3386 2538 persecu-

1818 2573 2023 2625 tionum
2055 2567 2295 2621 omnium
2323 2565 2552 2618 ethnicaa
2577 2562 2874 2617 simillima.
2917 2561 3212 2630 Postquam
3241 2561 3386 2614 enim

1818 2661 1990 2716 sensit
2023 2658 2254 2712 Satanas
2291 2655 2344 2708 in
2368 2654 2554 2722 januis
2603 2665 2725 2707 esse
2753 2653 2968 2706 beatam
3006 2665 3178 2718 spem,
3210 2659 3264 2704 et
3292 2649 3390 2702 ad-

1819 2759 2036 2804 ventum
2069 2746 2252 2817 gloriae
2294 2743 2476 2812 magni
2519 2743 2610 2796 Dei
2642 2753 2696 2796 et
2733 2741 3036 2796 Salvatoris
3061 2741 3232 2795 nostri
3256 2737 3386 2794 Jesu

1817 2840 2040 2902 Christi,
2073 2837 2307 2904 majores
2336 2835 2602 2888 ltaeresum
2637 2831 2785 2887 faces
2818 2831 3090 2893 accendit,
3130 2829 3391 2900 przeludia

1820 2933 2084 2982 adventus
2141 2924 2482 2980 Antichristi.
2523 2922 2662 2988 Quid
2705 2921 2807 2976 hoc
2842 2921 2918 2974 rei
2969 2920 3092 2976 est?
3136 2918 3391 2972 Exortam

1820 3021 1947 3074 olim
1978 3019 2081 3073 sub
2118 3017 2296 3070 Leone
2327 3023 2382 3072 et
2418 3012 2775 3069 Constantino
2805 3011 3159 3080 impietatem,
3191 3010 3396 3077 diuque

1825 3110 2234 3172 debacchatam,
2296 3106 2388 3160 sed
2443 3103 2625 3158 divina
2680 3102 2922 3156 vindicta
2979 3115 3392 3169 compressam,

1829 3215 1972 3252 nunc
2002 3199 2194 3249 iterum
2224 3190 2566 3262 cognominis
2591 3198 2645 3244 et
2675 3203 2828 3258 aeque
2871 3188 3073 3256 impius
3101 3187 3397 3256 imperator

1826 3288 2123 3349 renovavit,
2179 3287 2342 3354 idque
2389 3290 2543 3337 tanto
2589 3289 2813 3342 conatu,
2846 3289 2905 3333 ut
2934 3279 3152 3333 illorum
3192 3278 3398 3331 rabiem

1825 3382 2098 3435 obscuret.
2126 3376 2454 3444 Expressum
2503 3372 2734 3441 picturis
2783 3371 3061 3425 Christum
3091 3369 3397 3423 insectatur

1827 3485 1949 3524 cum
1983 3468 2148 3520 Matre
2173 3476 2227 3519 et
2257 3464 2525 3517 ministris
2555 3480 2568 3515 :
2603 3461 2915 3527 ubicunque
2942 3466 3137 3512 nactus
3164 3472 3259 3512 eas
3291 3465 3398 3519 est,

1827 3564 1990 3626 delet,
2053 3560 2254 3615 exurit.
2287 3557 2426 3612 Hinc
2455 3568 2644 3608 eversa
2677 3553 2892 3615 altaria,
2924 3550 3068 3604 aedes
3103 3564 3271 3604 sacrae
3304 3549 3400 3602 de-

1825 3655 2089 3717 l‘ormatae,
2117 3663 2270 3704 sacra
2298 3661 2429 3699 vasa
2464 3652 2833 3705 concremata,
2878 3655 2979 3695 nec
3033 3639 3141 3694 ulla
3197 3653 3322 3708 pars
3347 3640 3398 3693 in

1827 3739 1945 3808 ejus
1975 3750 2140 3806 regno
2170 3743 2253 3788 est
2297 3732 2368 3788 ab
2433 3731 2522 3784 illa
2575 3729 2910 3797 grassatione
2945 3726 3223 3782 immunis.
3256 3725 3398 3792 Quin

1830 3831 1874 3884 si
1907 3836 2151 3896 repertus
2172 3823 2443 3892 quispiam
2495 3818 2655 3873 fuerit
2688 3815 3052 3872 venerandam
3109 3815 3398 3885 imaginem

1831 3919 2152 3978 occultasse,
2185 3922 2279 3966 aut
2310 3912 2502 3965 librum
2535 3909 2630 3978 qui
2659 3908 2727 3962 de
2754 3921 2816 3960 ea
2881 3914 3163 3970 retractet,
3196 3906 3402 3973 rapitur

1829 4027 1861 4065 e
1885 4007 2133 4077 vestigio,
2164 4004 2506 4067 verberatur,
2556 4007 2612 4053 et
2640 3997 2756 4052 dira
2807 3996 2913 4051 alia
2942 3996 3124 4049 omnia
3157 3995 3400 4065 perpeti—

1835 4113 1943 4158 tur.
1979 4101 2117 4156 Hinc
2165 4106 2401 4152 terrores
2445 4107 2510 4146 ac
2557 4089 2980 4159 trepidationes.
3043 4099 3402 4155 stuporesque

1833 4191 2075 4247 omnium
2124 4187 2402 4241 hominum
2429 4201 2441 4235 :
2479 4181 2615 4234 adeo
2647 4187 2708 4232 ut
2737 4176 2904 4231 frater
2930 4175 3084 4229 fratri
3110 4174 3400 4237 valedicat,

1833 4294 1888 4339 et
1915 4281 2125 4337 amicus
2177 4276 2412 4332 amicum
2470 4277 2774 4324 aversetur.
2840 4265 3090 4337 Synodus
3119 4265 3262 4319 facta
3295 4275 3401 4329 est,

1837 4384 2067 4428 veterem
2101 4369 2247 4422 illam
2284 4362 2508 4432 impiam
2539 4358 2895 4420 conﬁrmans,
2944 4363 3000 4410 et
3043 4354 3402 4408 orthodoxam

153 4461 410 4528 ἀδελςρδν,
439 4459 535 4512 καὶ
577 4457 713 4528 φίλῳ
760 4458 929 4526 φίλον,
955 4459 1335 4527 ἐκτρέπεσθαι.
1374 4461 1593 4525 Σύνοδος
1637 4481 1720 4514 κυ-

1829 4471 2174 4529 anathemate
2207 4461 2600 4516 condemnans.
2629 4452 2954 4509 Sacerdotes
2981 4464 3087 4504 non
3119 4449 3402 4503 intellexe-

155 4552 329 4623 ροῦσα
341 4551 443 4618 τὴν
460 4549 624 4604 πάλαι
647 4548 1036 4613 ἁσεὸεστάτην,
1057 4550 1148 4603 καὶ
1163 4551 1733 4620 καταναθεματίζουσα

151 4646 252 4714 τὴν
285 4641 592 4714 ὀρθόδοξον.
626 4641 812 4711 Ἰερεῖς
841 4641 1266 4712 ὴφρονεύσαντο,
1296 4643 1390 4694 καὶ
1417 4643 1509 4694 τὸν
1532 4643 1732 4711 Κύριον

151 4735 253 4787 οὐκ
289 4732 628 4801 ἐξεζήτησαν
648 4745 662 4759 ⁶
693 4731 830 4784 ἀλλὰ
858 4736 917 4783 τὸ
947 4731 1024 4800 τῷ
1060 4732 1261 4800 Ἀχαὰὸ
1291 4731 1445 4794 δόξαν
1476 4733 1733 4802 συνεκρό-

150 4840 346 4894 τησαν.
414 4819 642 4885 Πάντες
696 4821 1042 4884 ἐξέκλιναν,
1105 4821 1223 4890 ἅμα
1289 4822 1729 4890 ἠχρεώθησαν*

153 4915 298 4984 πλὴν
338 4912 541 4979 ὀλίγων
576 4910 793 4979 κομιδῇ.
839 4911 1011 4964 Τίνων
1044 4913 1275 4977 τούτων;
1329 4914 1640 4965 ἐπισκόπων
1674 4931 1734 4966 τε

152 5009 246 5061 καὶ
273 5006 597 5076 ἡγουμένων
620 5018 635 5033 ο
667 5000 1003 5071 μοναζόντων
1025 5019 1080 5054 τε
1107 5004 1198 5054 καὶ
1224 5003 1572 5071 μοναζουσῶν
1593 5019 1606 5033 ·
1640 5005 1738 5055 αὺ-

151 5099 248 5150 τοῦ
295 5113 382 5159 τε,
421 5095 606 5165 χάριτι
638 5090 798 5154 Θεοῦ,
821 5090 915 5142 τοῦ
950 5092 1379 5160 κορυφαιοτάτου
1410 5093 1565 5162 ἡμῶν
1604 5093 1738 5162 ἀρχ-

155 5192 386 5262 ιερέωςο
421 5182 495 5242 ὧν
516 5189 564 5239 οἱ
597 5187 692 5255 μὲν
727 5185 1163 5255 ἐμαστίχθησαν⁸
1189 5187 1336 5240 ἄλλοι
1366 5186 1741 5256 ὑπερωρίσθη-

154 5300 290 5336 σανο
338 5282 523 5349 ἕτεροι
570 5276 1032 5346 ἐφυλακίσθησαν.
1063 5278 1234 5329 Ἔνιοι
1266 5277 1321 5328 δὲ
1357 5278 1451 5329 καὶ
1484 5276 1739 5347 παραυτά

153 5375 264 5427 τῶν
294 5370 503 5425 ποινῶν
535 5369 669 5438 πρὸς
699 5369 898 5438 Κύριον
921 5368 1282 5438 ἐξεδήμησαν,
1309 5368 1598 5438 ἀθλητικὸν
1623 5367 1739 5419 στέ-

157 5481 331 5534 φανον
365 5463 656 5530 ἀράμενοι.

232 5554 300 5607 Τί
336 5553 410 5605 τὰ
438 5552 535 5620 τῆς
567 5549 954 5620 βλασφημίας;
989 5550 1349 5621 κωμῳδεῖται
1380 5551 1411 5620 ἡ
1448 5550 1616 5620 σεπτὴ
1641 5549 1733 5602 καὶ

237 5733 285 5769 ⁸³
328 5729 480 5789 Psal.
515 5742 610 5790 LII,
638 5728 692 5781 4.

505 5821 781 5882 ΡΑτιιοι..
826 5819 943 5880 Gn.
995 5818 1220 5880 XCIX.

1840 4568 1987 4622 runt,
2019 4553 2308 4609 Dominum
2340 4563 2444 4602 non
2493 4545 2862 4614 requisierunt
2891 4541 3019 4596 :sed
3052 4541 3196 4608 quod
3218 4541 3406 4593 Achab

1836 4650 2061 4723 placuit,
2107 4642 2577 4711 comprobarunt:
2632 4635 2825 4692 Omnes
2882 4631 3292 4696 declinaverunt,
3331 4633 3406 4685 εὶ-

1840 4722 1950 4795 mul
1982 4737 2194 4792 inutiles
2217 4733 2346 4801 [acti
2375 4737 2495 4784 sunt
2519 4728 2585 4793 ”,
2609 4725 2798 4796 paucis
2825 4723 3114 4777 admodum
3143 4722 3403 4790 exceptis.

1839 4831 2177 4897 Quibusnam
2209 4823 2351 4878 illis?
2383 4817 2664 4887 Episcopis
2687 4824 2740 4868 et
2762 4812 3088 4882 praepositis,
3122 4812 3406 4865 monachis

1837 4934 1891 4977 et
1927 4917 2276 4978 monialibus,
2312 4918 2366 4966 et
2398 4911 2535 4979 ipso,
2565 4905 2660 4962 Dei
2713 4904 2910 4976 gratia,
2942 4917 3200 4972 supremo
3228 4903 3408 4955 archi-

1832 5012 2088 5080 episcopo
2121 5014 2330 5058 nostro.
2373 4999 2615 5066 Quorum
2651 4996 2868 5066 quidem
2898 4994 2985 5046 alii
3022 4992 3243 5062 ﬂagellis
3285 4992 3407 5045 ετξθί

1835 5110 1982 5161 sunt,
2018 5098 2108 5151 alii
2143 5094 2382 5162 relegati,
2410 5091 2500 5143 alii
2529 5090 2580 5142 in
2617 5101 2894 5142 carcerem
2935 5083 3164 5145 detrusi,
3193 5083 3284 5136 alii
3316 5097 3409 5148 per

1838 5195 2000 5246 hasce
2052 5202 2240 5257 pmnas
2283 5186 2349 5238 ad
2386 5181 2678 5236 Dominum
2719 5177 3047 5249 migrarunt,
3094 5174 3409 5230 athleticam

1845 5296 2102 5338 coronam
2125 5285 2462 5347 reportantes
2474 5296 2490 5316 ο

1911 5543 2050 5611 Quid
2072 5542 2138 5599 de
2161 5540 2496 5611 blasphemia
2540 5537 2776 5612 loquar?
2799 5536 3060 5594 irridetur
3106 5527 3419 5588 veneranda

3083 5799 3154 5862 3'1
