3990 6318
596 383 731 449 1163

1785 370 1852 430 S.
1890 365 2281 428 THEODORI
2317 362 2667 424 STUDlT/E

3744 353 3903 417 1164

590 503 646 548 et
685 489 963 545 tremenda
1016 488 1195 557 imago
1243 484 1476 550 Christi,
1517 490 1781 551 tanquam
1829 479 2166 534 abominatio

2291 474 2474 546 ρρικτὴ
2498 474 2663 526 εἰκὼν
2695 470 2950 543 Χριστοῦ,
2975 469 3049 531 ώς
3086 467 3366 537 βδέλυγμα
3397 468 3778 538 ἐρημώσεως,
3815 473 3899 529 ὡς

589 580 972 644 desolationis,
1008 588 1267 648 tanquam
1303 576 1508 630 idolum
1537 574 1747 629 erroris
1784 591 1797 627 :
1829 571 2023 626 eodem
2054 585 2174 623 mo-

590 677 665 731 do
723 673 983 744 quaelibet
1037 672 1141 726 alia
1196 669 1441 724 Domina:
1484 675 1686 720 nostra:
1728 673 1782 718 et
1834 673 2173 717 sanctorum.

592 764 773 829 Nunc,
836 762 1036 831 inquit,
1086 761 1300 813 sincera
1348 765 1402 810 et
1456 754 1730 822 inculpata
1789 752 1977 805 ﬁdes:
2036 765 2177 805 nunc

592 857 860 911 Dominus
920 855 1135 909 locutus
1175 862 1259 906 est
1290 865 1470 919 pacem
1509 848 1699 917 populo
1746 863 1863 911 suo,
1899 856 1946 899 et
1982 845 2177 899 sanctis

592 950 730 1018 ejus,
787 957 838 1003 et
880 947 947 1000 iis
995 945 1087 1016 qui
1127 945 1196 998 ad
1248 943 1398 997 illum
1428 959 1518 995 cor
1561 942 1949 995 convertunt”.
2005 936 2177 1003 Quasi

596 1041 806 1094 sublata
836 1055 940 1109 pax
993 1046 1159 1102 esset,
1216 1052 1283 1092 ex
1321 1050 1433 1106 quo
1484 1033 1737 1089 Christus
1768 1032 1904 1086 dixit
1934 1050 1947 1086 :
1980 1029 2176 1083 Pacem

597 1132 836 1201 relinquo
886 1129 1049 1194 vobis,
1097 1144 1281 1198 pacem
1342 1142 1512 1180 meam
1570 1125 1636 1177 do
1676 1123 1907 1185 vobis",
1961 1120 2028 1175 ad
2079 1120 2180 1174 hoc

600 1238 772 1291 usque
824 1231 1090 1291 tempus:
1152 1229 1207 1276 et
1270 1220 1391 1291 ejus
1478 1218 1721 1277 Ecclesia
1783 1214 2177 1277 contaminata,

597 1329 761 1383 quam
787 1324 1011 1369 sanctus
1070 1312 1274 1367 Paulus
1312 1328 1414 1365 non
1440 1310 1713 1365 habentem
1748 1307 2014 1361 maculam
2042 1320 2181 1375 pra:-

598 1404 763 1467 dicat,
797 1412 889 1456 aut
930 1419 1137 1472 rugam,
1188 1410 1283 1455 aut
1336 1401 1541 1470 aliquid
1577 1399 1905 1469 Itujusmodi,
1931 1395 2020 1451 sed
2050 1412 2179 1450 san-

598 1500 738 1545 ctam
779 1500 829 1544 et
872 1492 1270 1544 immaculatum
1292 1490 1337 1522 ⁹⁶
1418 1489 1483 1543 Et
1518 1489 1609 1542 alii
1656 1487 1879 1557 quidem
1920 1486 2177 1540 ultimum

599 1583 745 1637 circa
782 1582 940 1637 ﬁdem
968 1582 1313 1651 naufragium
1354 1582 1603 1636 fecerunt
1632 1597 1646 1645 ;
1680 1580 1771 1634 alii
1825 1593 1952 1633 vero
1984 1592 2180 1648 quam-

598 1677 683 1731 vis
715 1684 898 1731 mente
926 1686 981 1732 et
1034 1677 1363 1746 cegitatione
1406 1675 1680 1730 submersi
1724 1690 1832 1729 non
1891 1674 2025 1739 sint,
2060 1674 2179 1743 ipsa

600 1778 778 1823 tamen
806 1768 1029 1823 haeresis
1066 1768 1474 1830 communione,
1501 1782 1608 1821 una
1643 1768 1948 1836 perierunt.
1994 1766 2180 1818 Enim-

599 1876 731 1916 vero
771 1862 935 1916 etiam
991 1861 1031 1915 ii
1090 1860 1183 1929 qui
1233 1869 1383 1914 recte
1443 1860 1726 1921 sentiunt,
1781 1857 2179 1928 persecutionis

599 1952 957 2006 diuturnitate
990 1951 1225 2005 titubant
1261 1950 1407 2005 circa
1447 1950 1734 2005 veritatem
1772 1969 1787 2005 :
1831 1950 2185 2019 quemadmo-

599 2046 729 2101 dum
756 2046 823 2100 iis
863 2044 1131 2113 contingit
1161 2043 1256 2113 qui
1287 2045 1353 2097 ad
1399 2043 1739 2097 decumanos
1781 2042 1950 2098 maris
1986 2042 2186 2097 ﬂuctus

600 2139 971 2209 navigationis
1048 2138 1212 2192 rudes
1280 2136 1540 2205 caligant.
1620 2135 1930 2191 Miseranda
2027 2136 2186 2190 nobis

600 2229 809 2291 omnia,
854 2228 1113 2295 luctuque
1167 2225 1351 2296 digna.
1414 2224 1827 2280 Subtrahuntur
1876 2225 2090 2281 cantica
2119 2226 2187 2279 ab

600 2321 843 2391 antiquis
869 2328 1113 2389 accepta,
1149 2320 1200 2373 iu
1245 2318 1447 2388 quibus
1494 2318 1793 2388 imaginum
1843 2318 1903 2373 ﬁt
1937 2320 2141 2375 mentio
2171 2337 2183 2373 :

601 2420 879 2467 canuntur
902 2426 1000 2481 pro
1021 2411 1101 2465 eis
1122 2425 1262 2463 nova
1298 2409 1464 2479 impia
1512 2409 1771 2478 dogmata
1808 2410 1988 2479 palam
2015 2424 2186 2479 expo-

600 2504 727 2567 sita,
782 2517 903 2572 quae
937 2511 993 2557 et
1042 2502 1227 2571 pueris
1278 2500 1413 2570 ipsis
1473 2500 1764 2555 traduntur
1817 2516 1846 2553 a
1884 2501 2184 2571 magistris.

602 2594 859 2650 Omnium
890 2610 1073 2649 rerum
1108 2593 1274 2662 impia
1309 2601 1393 2647 est
1437 2592 1742 2655 conversio,
1789 2592 1935 2647 Facti
1970 2607 2185 2657 sumus,

603 2693 667 2742 ut
710 2686 930 2755 proprie
983 2685 1196 2754 loquar,
1255 2683 1400 2738 sicut
1460 2683 1699 2736 Sodoma
1766 2693 1821 2738 et
1881 2682 2187 2737 Gomorrha

605 2787 829 2849 propter
855 2784 1075 2848 peccata
1103 2785 1290 2831 nostra
1310 2777 1354 2807 "
1388 2794 1399 2830 :
1430 2784 1484 2829 et
1507 2774 1744 2844 procella
1772 2776 1997 2830 haeresis
2020 2776 2187 2830 altius

604 2871 661 2926 in
715 2870 834 2925 dies
884 2885 1177 2941 assurgens
1216 2883 1320 2923 nos
1378 2867 1603 2936 operit:
1647 2882 1748 2922 nec
1808 2868 2063 2923 inventus
2106 2877 2189 2923 est

604 2960 699 3031 qui
742 2960 1022 3017 Christum
1058 2959 1227 3015 Deum
1270 2968 1519 3013 nostrum
1573 2958 1995 3028 expergefaciat,
2030 2970 2086 3014 ut
2114 2959 2188 3013 in-

606 3061 791 3121 crepet
826 3052 1197 3107 turbulentum
1224 3052 1327 3105 hoc
1357 3066 1529 3104 mare.

676 3142 747 3196 At
785 3151 841 3196 tu
874 3152 992 3197 esto
1019 3142 1177 3196 nobis
1201 3156 1390 3195 unuse
1421 3140 1705 3195 duodecim
1738 3142 2024 3210 apostolis,
2058 3144 2185 3198 bea-
2212 3156 2255 3215 (ς

604 3235 818 3291 tissime
850 3253 862 3287 :
889 3235 1066 3288 excita
1096 3247 1128 3287 e
1155 3246 1351 3288 somno
1390 3232 1694 3286 insomnem
1724 3233 1943 3287 oculum
1975 3233 2191 3303 dispen-

604 3326 813 3390 satorie
864 3326 1277 3389 dormitantem,
1341 3325 1469 3393 quia
1523 3323 1766 3393 perimus
1821 3325 2069 3379 omnino.
2132 3325 2189 3378 Si

604 3418 751 3487 quod
782 3425 867 3472 est
909 3426 963 3471 et
992 3416 1138 3470 aliud
1185 3414 1371 3469 auxilii
1406 3415 1757 3483 pharmacum
1793 3415 1862 3469 ad
1909 3416 2189 3471 sanandos

606 3508 853 3563 inﬁrmos
882 3525 897 3575 ;
929 3517 989 3561 ut
1026 3505 1233 3577 peritus
1277 3504 1497 3560 adhibe.
1536 3506 1920 3573 Deprecamur,
1956 3507 2189 3562 sanctis-

605 3600 764 3662 sime,
797 3599 1156 3661 obtestamur,
1188 3597 1495 3651 hortamur.
1524 3595 1765 3651 Membra
1795 3607 1884 3651 tua
1935 3614 2127 3653 sumus
2170 3618 2185 3652 :

606 3689 1051 3759 quandoquidem
1084 3688 1271 3742 ﬁdeles
1294 3702 1487 3742 omnes
1522 3703 1710 3751 corpus
1733 3699 1856 3741 sunt
1890 3688 2111 3753 Christi,
2140 3700 2189 3743 et

606 3781 838 3836 menibra
864 3798 929 3837 ea;
979 3794 1131 3852 parte
1158 3782 1226 3837 ’⁸.
1261 3781 1498 3852 Praccipe
1530 3791 1584 3837 et
1620 3782 1745 3837 aliis
1770 3784 1974 3838 sanctis
2012 3782 2191 3838 Patri-

607 3872 711 3927 bus
755 3874 980 3938 nostris,
1033 3873 1473 3930 intercessoriam
1520 3888 1743 3927 manum
1789 3873 2092 3943 porrigant,
2130 3881 2191 3927 ut

612 3965 912 4019 multorum
948 3965 1299 4035 interpositu,
1330 3980 1487 4021 suam
1523 3962 1667 4019 Deus
1691 3964 1851 4019 nobis
1884 3965 2189 4019 misericor-

605 4059 751 4113 diam
785 4059 1081 4128 impertiat.
1124 4058 1282 4113 ilunc
1320 4058 1375 4113 in
1420 4059 1582 4113 ﬁnem
1630 4058 1884 4128 epistola,
1920 4068 1976 4113 et
2018 4060 2189 4115 tabel-

606 4150 778 4206 larius
822 4152 890 4205 ab
931 4150 1188 4206 omnibus
1220 4150 1408 4205 animo
1441 4150 1764 4215 destinatus,
1810 4150 1915 4205 etsi
1952 4165 1983 4204 a
2029 4150 2188 4206 nobis

604 4241 737 4297 solis
792 4242 1035 4297 omnium
1090 4242 1335 4298 minimis
1401 4242 1621 4296 illorum
1676 4243 1849 4295 vicem
1900 4243 2188 4313 agentibus

607 4334 831 4390 missus.
866 4332 937 4388 Ut
963 4340 1145 4388 autem
1178 4348 1246 4388 ex
1288 4341 1443 4404 parte
1464 4342 1763 4397 cognoscat
1794 4333 2062 4389 celsitudo
2094 4350 2185 4389 ve-

2281 567 2499 620 εἴδωλον
2523 566 2731 634 πλάνης
2755 580 2769 596 ο
2797 563 2971 625 οὕτως
3002 563 3153 614 πᾶσα
3179 560 3312 631 άλλη
3334 560 3684 629 δεσποινικὴ,
3708 562 3898 627 ἁγιω-

2279 660 2427 729 τική.
2469 660 2652 727 Ἀρτι,
2699 656 2857 724 φησὶ,
2908 653 3127 724 καθαρὰ
3160 652 3255 705 καὶ
3292 652 3598 721 ἀμώμητος
3647 652 3856 715 πίστις
3881 669 3895 681 ·

2281 752 2429 820 ἄρτι,
2462 749 2620 819 φησι,
2658 746 2864 816 Κύριος
2888 744 3153 814 ἐλάλησεν
3179 743 3431 811 εἰρήνην
3456 742 3556 795 ἐπὶ
3589 742 3705 796 τὸν
3727 744 3897 796 λαὸν

2281 839 2490 903 αὐτοῦ,
2528 838 2625 891 καὶ
2658 836 2760 891 ἐπὶ
2793 835 2938 900 τοὺς
2967 835 3181 900 ὁσίους
3223 834 3431 896 αὑτοῦ,
3464 834 3566 886 καὶ
3601 833 3709 886 ἐπὶ
3742 833 3895 897 τοὺς

2281 930 2755 998 ἐπιστρέφοντας
2780 926 3034 996 καρδίαν
3056 926 3151 979 ἐπ’
3179 926 3386 979 αὐτόν.
3426 923 3516 987 Ὠς
3546 925 3652 994 ήδη
3690 924 3895 994 ἀρθεί-

2283 1037 2383 1090 σης
2407 1020 2503 1088 τῆς
2537 1018 2781 1089 εἰρήνης,
2813 1019 2905 1086 ἀφ’
2934 1010 2996 1069 οὗ
3028 1016 3263 1085 Χριστὸς
3290 1014 3417 1083 ἔφη·
3460 1014 3737 1082 Εἰρήνην
3769 1015 3893 1082 ἀρ-

2283 1113 2409 1179 ίημι
2438 1112 2582 1177 ὑμῖν
2603 1125 2615 1138 ·
2651 1107 2901 1177 εἰρήνην
2922 1106 3040 1174 τὴν
3071 1106 3227 1176 ἐμὴν
3257 1105 3465 1173 δίδωμι
3494 1104 3644 1173 ὑμῖν
3664 1123 3680 1135 ·
3716 1106 3895 1176 μέχρι

2281 1201 2376 1255 τοῦ
2410 1200 2574 1272 δεῦρο
2597 1216 2610 1229 ο
2647 1202 2739 1253 καὶ
2766 1198 3169 1272 ἐρῤυπωμένης
3200 1195 3367 1267 οὔσης
3397 1197 3498 1267 τῆς
3542 1196 3897 1265 Ἐκκλησίας

2282 1291 2448 1346 αὐτοῦ
2473 1308 2488 1323 ο
2520 1294 2585 1360 ἢν
2611 1294 2639 1345 ὁ
2675 1291 2818 1361 ἱερὸς
2850 1290 3063 1353 Παῦλος
3103 1289 3203 1360 βοᾷ
3226 1289 3313 1357 μὴ
3353 1290 3519 1357 ἔχειν
3552 1288 3821 1353 σπῖλον,
3856 1288 3896 1353 ἢ

2275 1382 2515 1453 ῥυτίδα,
2545 1383 2583 1451 ἦ
2615 1400 2670 1436 τι
2704 1381 2823 1435 τῶν
2861 1382 3144 1435 τοιούτων
3164 1397 3177 1411 ·
3208 1380 3349 1435 ἀλλ’
3377 1377 3531 1434 εἶναι
3570 1380 3759 1449 ἁγίαν
3789 1380 3896 1433 χοὶ

2282 1475 2545 1544 ἄμωμον.
2577 1476 2641 1527 Οἱ
2670 1472 2768 1543 μέν
2790 1473 2974 1527 τέλεον
3004 1472 3134 1543 περὶ
3157 1472 3256 1543 τὴν
3282 1473 3465 1526 πίστιν
3485 1472 3859 1542 ἐναυάγησαν
3877 1488 3892 1501 ·

2282 1568 2331 1618 oi
2356 1566 2497 1629 δέ,εἱ
2526 1567 2620 1617 καὶ
2648 1566 2760 1627 τοῖς
2780 1563 3059 1634 λογισμοῖς
3082 1564 3143 1616 οὐ
3174 1562 3708 1633 κατεποντίσθησαν,
3734 1564 3897 1633 ὅμως

2285 1660 2352 1728 τῇ
2385 1656 2641 1727 κοινωνίᾳ
2692 1656 2790 1725 τῆς
2825 1656 3090 1726 αἱρέσεως
3140 1654 3513 1708 συνόλλυνται.
3556 1654 3729 1707 una
3780 1653 3895 1723 γὰρ

2283 1748 2378 1799 καὶ
2424 1745 2577 1799 αὐτοὶ
2620 1746 2670 1797 οί
2720 1745 2862 1797 κατά
2895 1743 3019 1796 νοῦν
3058 1742 3486 1813 ὀρθοδοξοῦντες,
3529 1745 3598 1813 τῇ
3644 1744 3893 1814 ἐπιμονῇ

2213 1822 2256 1878 Β
2284 1831 2379 1886 τοῦ
2410 1831 2653 1901 διωγμοῦ
2694 1831 2964 1899 ίλιγγιῶσι
2990 1831 3121 1901 περὶ
3148 1832 3250 1901 τὴν
3276 1832 3535 1903 ἀλήθειαν
3554 1848 3571 1862 ·
3602 1830 3809 1902 ὥσπερ
3841 1834 3892 1884 oi

2288 1922 2392 1976 ὑπὸ
2424 1922 2732 1993 τρικυμιῶν
2764 1922 3042 1991 Θαλάσσης
3069 1923 3295 1995 ἀπειρίᾳ
3330 1923 3613 1987 πλεύσεως
3652 1926 3891 1978 σκοτού-

2288 2031 2462 2085 μενοι.
2506 2015 2748 2069 Ἐλεεινά
2796 2015 2863 2068 τά
2896 2016 3074 2068 πάντα
3118 2016 3249 2086 ὑμῖν
3291 2016 3387 2070 καὶ
3430 2016 3689 2087 ὀδυρμῶν
3732 2018 3891 2083 ἄξια.

2286 2107 2758 2178 Παραστέλλονται
2799 2106 3110 2177 ψαλμῳδίαι
3144 2108 3669 2177 ἀρχαιοπαράδοτοι,
3710 2110 3774 2161 ὲν
3806 2106 3894 2172 αἷς

2287 2197 2416 2266 περὶ
2444 2196 2669 2249 εἰκόνων
2707 2196 2889 2267 ᾀδεταί
2932 2214 3019 2249 τι·
3047 2197 3331 2267 άντᾴδεται
3359 2198 3428 2251 τά
3456 2198 3631 2268 ἀσεϐῆ
3664 2200 3766 2252 νέα
3807 2201 3893 2253 δύο

2287 2305 2471 2357 γματα
2513 2290 2591 2352 είς
2620 2283 2898 2359 προῦπτον
2932 2289 3165 2358 κείμενα
3190 2304 3203 2316 °
3239 2288 3375 2343 ἄλλα
3399 2292 3513 2353 τοῖς
3543 2293 3711 2344 παισὶ⁵
3747 2293 3889 2361 πρὸς

2286 2379 2395 2431 τῶν
2423 2378 2763 2431 διδασκάλων
2788 2379 3213 2450 παραδιδόμενα.
3245 2381 3353 2433 Καὶ
3387 2383 3887 2451 μεταστοιχείωσις

2286 2470 2396 2522 τῶν
2423 2470 2679 2523 ἁπάντων
2708 2470 3011 2542 ἀθεωτάτη.
3053 2471 3404 2541 Ἐγενόμεθα,
3437 2473 3651 2543 κυρίως
3683 2475 3886 2536 εἰπεῖν,

2288 2562 2364 2623 ὠς
2406 2561 2614 2630 Σόδομα
2652 2560 2749 2615 καὶ⁵
2776 2561 3029 2633 Γόμορρα
3064 2562 3208 2616 κατά
3238 2564 3339 2626 τὰς
3369 2564 3647 2634 ἁμαρτίας
3686 2565 3887 2635 ἡμῶν·

2290 2652 2387 2704 καὶ
2413 2654 2446 2721 ή
2480 2652 2756 2720 καιταιγὶς
2778 2652 2880 2722 τῆς
2909 2653 3175 2721 αἱρέσεως
3203 2656 3589 2725 κορυφουμένη
3615 2656 3887 2725 impurgab-

2288 2760 2380 2794 ται
2422 2742 2693 2811 ὁσημέραι
2775 2743 2870 2796 καὶ
2898 2743 2927 2795 ὁ
2956 2743 3330 2813 διαναστήσων
3360 2746 3599 2814 Χριστὸν
3624 2747 3722 2800 τὸν
3753 2747 3886 2800 Θεὸν

2289 2834 2448 2903 ἡμῶν
2484 2833 2806 2904 ἐπιτιμῆσαι
2826 2835 2894 2905 τῇ
2925 2834 3139 2905 πονηρᾷ
3168 2834 3341 2907 ταύτῃ
3373 2834 3623 2910 θαλάσσῃ
3655 2838 3758 2909 οὐχ
3793 2838 3883 2891 εῦ-

2292 2943 2479 2997 ρηται.

2373 3167 2533 3222 Ἀλλὰ
2568 3165 2728 3236 γενοῦ
2762 3168 2894 3238 ἡμῖν
2938 3163 3018 3230 εἷς
3065 3166 3176 3220 τῶν
3201 3166 3412 3222 δώδεκα
3448 3169 3800 3231 ἀποστόλων,
3841 3162 3884 3221 ὦ

2298 3258 2719 3329 μακαριώτατε·
2768 3259 3048 3312 διύπνισον
3098 3258 3191 3310 τὸν
3241 3258 3546 3328 ἀκοίμητον
3597 3256 3885 3329 ὀφθαλμὸν

2292 3350 2652 3419 οἰκονομικῶς
2680 3349 3011 3401 καθεύδοντα
3035 3361 3049 3377 ⁶
3084 3350 3165 3402 ὅτι
3195 3348 3553 3418 ἀπολλύμεθα
3574 3351 3785 3404 τέλεον.
3824 3354 3882 3405 Εἰ

2293 3459 2407 3504 πως
2451 3441 2545 3493 καὶ
2583 3439 2757 3500 ἄλλως
2785 3438 2901 3491 ἐστί
2933 3454 2988 3491 τι
3026 3440 3317 3507 φάρμακον
3350 3440 3629 3511 βοηθείας,
3664 3442 3885 3512 ίατρεῦ·

2293 3550 2384 3586 σαι
2433 3532 2559 3593 τοὺς
2612 3529 3018 3600 ἠσθενηκόταςο
3064 3529 3140 3592 ώς
3193 3532 3517 3601 ἐπιστήμων
3569 3534 3881 3603 ἐπείχθητι.

2292 3622 2419 3688 Ναὶ,
2454 3620 2707 3689 δεόμεθα,
2741 3619 3013 3689 ἀγιώτατε
3034 3619 3454 3690 ⁸ἀντιϐολοῦμεν
3474 3637 3490 3653 ο
3521 3626 3881 3695 παρακαλοῦ-

2294 3728 2413 3779 μεν.
2461 3709 2563 3761 Σοῦ
2603 3711 2768 3779 ἐσμεν
2802 3709 2938 3778 μέλη
2961 3725 2976 3740 ο
3010 3709 3135 3761 ἐπεὶ⁵
3176 3709 3227 3761 oi
3257 3710 3457 3772 πάντες
3492 3714 3679 3765 πιστοὶ
3706 3714 3883 3781 σῶμα

2290 3799 2548 3867 Χριστοῦ
2579 3799 2677 3851 καί
2710 3797 2869 3867 μέλη
2896 3798 2965 3852 ἐκ
2989 3800 3236 3868 μέρους.
3279 3799 3605 3871 Ἐπίτρεψον
3638 3804 3737 3855 καὶ
3766 3808 3878 3867 τοῖς

2288 3890 2469 3952 ἄλλοις
2507 3888 2684 3956 ἁγίοις
2727 3890 3007 3959 Πατράσιν
3050 3890 3208 3959 ἡμῶν
3260 3892 3420 3961 χεῖρα
3468 3890 3875 3963 πρεσϐευτικὴν

2287 3980 2507 4050 ὀρέξαιο
2542 3980 2629 4033 ἵνα
2654 3981 2718 4032 ἐκ
2745 3979 2960 4032 πολὶῶν
2988 3980 3300 4050 προσώπων
3331 3980 3391 4033 τὸ
3429 3983 3510 4045 εἰς
3542 3984 3695 4052 ἡμᾶς
3726 3983 3876 4048 ἔλεος

2287 4072 2372 4140 εῑη
2415 4070 2569 4141 παρά
2610 4069 2769 4124 Θεοῦ.
2800 4070 3005 4123 Τούτου
3044 4069 3109 4140 δὴ
3137 4072 3298 4141 χάριν
3329 4070 3390 4125 τὺ
3421 4073 3683 4142 γράμμα,
3719 4077 3818 4129 καὶ
3849 4082 3874 4129 ὁ

2288 4161 2763 4231 γραμματηφόρος
2798 4160 2936 4229 πρὸς
2964 4163 3183 4215 πάντων
3207 4164 3275 4232 τῇ
3302 4162 3561 4231 προθέσει
3591 4164 3871 4220 ἀπεσταλο

2290 4249 2450 4319 μένος
2474 4264 2486 4278 ·
2519 4249 2569 4299 sl
2600 4249 2695 4299 καὶ
2723 4248 2857 4315 παρ’
2883 4250 2916 4317 ἡ
2927 4248 3043 4317 μῶν
3070 4249 3250 4316 μόνων
3274 4249 3384 4301 τῶν
3413 4249 3714 4319 ἐλαχίστων
3742 4257 3872 4309 ἀνα-

2288 4340 2644 4411 πληρούντων
2681 4339 2742 4393 τὸ
2780 4339 3004 4394 ἐκείνων
3042 4340 3354 4410 πρόσωπον.
3384 4341 3501 4395 Ἵνα
3528 4343 3587 4396 δὲ
3622 4346 3781 4416 γνοίη
3809 4350 3871 4401 ἐκ

604 4438 741 4490 stra,
793 4425 1103 4495 cuiusmodi
1152 4426 1266 4480 sint
1315 4426 1570 4497 dogmata
1618 4426 1911 4495 impiorum
1956 4443 1972 4480 :
2014 4442 2077 4482 ea
2128 4429 2184 4483 in

2292 4433 2492 4503 μέρους
2521 4435 2555 4503 ἠ
2585 4432 2950 4502 κορυφαιότης
2980 4448 3095 4495 σου,
3124 4425 3211 4485 οἶα
3234 4432 3303 4485 τά
3325 4431 3434 4486 τῶν
3459 4433 3637 4488 ἀθέων
3661 4434 3869 4505 δόγμα-

604 4516 1057 4585 quaternlonibus
1097 4515 1365 4585 descripta
1411 4516 1659 4586 epistolre
1710 4516 1883 4586 adjeci
1929 4535 1943 4571 :
1980 4532 2100 4586 qua:
2130 4528 2185 4573 et

2291 4502 2387 4579 ταέ
2443 4502 2838 4577 συναπέστειλα
2878 4526 2992 4587 τοῖς
3037 4525 3329 4595 γράμμασι
3373 4525 3549 4579 ταῦτα
3581 4526 3641 4578 ἐν
3674 4502 3868 4599 τετρα-

606 4605 839 4670 aliorum
888 4614 1079 4676 rogatu
1126 4603 1411 4659 refutanda
1458 4606 1745 4675 imperitus
1792 4608 2029 4677 suscepi.
2076 4606 2183 4662 Ora

606 4707 787 4751 autem
823 4706 883 4750 ut
912 4712 973 4751 ea
1013 4692 1269 4766 inspiciat
1289 4697 1473 4753 divina
1506 4706 1597 4752 tua
1632 4698 1924 4767 sapientia,
1960 4708 2013 4753 et
2036 4700 2182 4768 quod

603 4789 759 4844 deest
787 4790 1055 4858 suppleat,
1084 4789 1411 4857 veniamque
1432 4788 1566 4843 mihi
1596 4789 1802 4845 tribuat
1832 4798 2137 4843 erratorum
2164 4805 2181 4843 :

603 4892 767 4951 atque
828 4879 967 4935 adeo
1007 4894 1331 4936 conservum
1386 4878 1608 4935 fratrem
1664 4888 1911 4935 nostrum
1976 4881 2184 4935 litteras

602 4988 743 5041 quas
783 4970 991 5043 accepit
1040 4973 1245 5029 sanctis
1289 4972 1413 5026 aliis
1460 4972 1705 5037 reddere,
1747 4983 1803 5028 et
1833 4974 1939 5029 huc
1971 4984 2182 5045 postea,

607 5063 718 5117 Deo
748 5066 983 5130 volente,
1011 5063 1191 5119 redire
1220 5064 1518 5133 permittat.

2288 4614 2453 4677 δίοιςο
2483 4614 2520 4667 ἃ
2547 4614 2642 4667 καὶ
2671 4612 2828 4677 ἐδοξα
2863 4615 2892 4666 ὁ
2912 4614 3129 4683 ἀμαθὴς
3158 4614 3508 4685 ἀνατρέπειν,
3530 4619 3868 4689 προτραπεὶς

2292 4706 2384 4774 ὑφ’
2432 4707 2655 4775 ἐτέρων.
2686 4705 2832 4759 Αἰτῶ
2859 4705 2918 4758 δέ
2948 4706 3099 4776 παρὰ
3137 4708 3239 4777 τῆς
3288 4707 3387 4776 σῆς
3420 4706 3709 4777 θεοσοφίας
3753 4712 3867 4764 ἐπι-

2290 4798 2623 4867 σκεφθῆναι·
2651 4796 2834 4872 καὶᾲτδ
2855 4796 3071 4862 ἐλλιπὲς
3098 4796 3471 4868 ἀνορθωθῆναι
3492 4815 3507 4830 ⁸
3542 4800 3868 4872 συγγνώμην

2288 4906 2349 4941 τε
2396 4890 2505 4943 τῶν
2568 4869 2979 4960 ἐπωφλημένων
3028 4890 3282 4955 δέξασθαί
3321 4907 3432 4961 με·
3479 4893 3542 4946 οὐ
3582 4892 3691 4964 μὴν

2288 4981 2382 5033 καὶ
2434 4981 2525 5033 τὸν
2578 4980 2867 5034 σύνδουλον
2912 4981 3069 5052 ἡμῶν
3114 4982 3341 5050 ἀδελφὸν
3387 4985 3861 5056 συγκροτηθῆναι·

2282 5071 2421 5141 πρός
2477 5089 2536 5124 τε
2604 5072 2841 5125 διάδοσιν
2903 5072 3013 5126 τῶν
3066 5074 3125 5125 ἐν
3176 5069 3258 5137 οἷς
3310 5075 3710 5147 ἐπεστείλαμεν
3757 5079 3865 5133 ἐτέ-

604 5176 714 5230 ρων
782 5158 952 5225 ἁγίων
1019 5156 1330 5226 προσώπων
1397 5155 1733 5209 ἐπιστολῶνο
1781 5156 1877 5210 καὶ
1925 5156 2011 5228 δὴ,
2042 5148 2177 5212 Θεοῦ
2220 5161 2483 5227 θέλοντος,
2547 5166 2627 5226 εἰς
2686 5165 3022 5237 ἐπιστροφὴν
3074 5164 3385 5229 παλινοδίας
3416 5167 3587 5222 αὑτοῦ
3635 5170 3742 5223 τῶν
3784 5174 3866 5226 ἐν-

601 5248 795 5304 ταῦθα.

884 5384 1020 5440 XVI.
1057 5416 1127 5428 —
1154 5386 1235 5439 Ad
1264 5386 1493 5439 Lauram
1524 5388 1695 5441 sancti
1725 5387 1901 5443 Sabw.

607 5500 651 5553 Α
678 5499 788 5554 Deo
832 5501 1115 5566 honorato,
1138 5501 1329 5555 dilecto
1365 5510 1414 5555 et
1447 5503 1719 5571 spirituati
1748 5502 1904 5555 Patri
1929 5520 2062 5570 meo,
2086 5503 2182 5555 do-

672 5592 817 5645 mino
859 5594 1140 5660 praeposito
1157 5594 1651 5661 percelebrislaura:
1698 5596 1989 5649 beatissimi
2014 5598 2185 5650 sancti

672 5682 851 5737 Patris
899 5687 1063 5740 nostri
1116 5685 1294 5750 Saba),
1330 5697 1377 5740 et
1408 5689 1477 5741 iis
1506 5689 1595 5756 qui
1626 5695 1718 5741 sub
1742 5706 1802 5741 ea
1831 5698 1952 5741 sunt
1986 5690 2185 5743 sanctis

2434 5389 2551 5459 ις’.
2575 5420 2646 5431 —
2676 5394 2778 5462 Είς
2800 5390 2913 5459 τὴν
2936 5390 3178 5458 Λαύραν
3208 5389 3311 5443 τοῦ
3338 5388 3513 5457 ἁγίου
3549 5390 3728 5446 Σάϐα.

2296 5504 2381 5570 Τῷ
2421 5505 2765 5575 θεοτιμήτῳ,
2789 5504 3152 5573 ἠγαπημένῳ
3188 5502 3285 5555 καὶ
3329 5504 3716 5571 πνευματικῷ
3748 5524 3858 5575 μου

2360 5597 2566 5664 Πατρὶ,
2604 5597 2787 5663 κυρίῳ
2814 5596 3172 5663 καθηγεμόνι
3200 5592 3312 5661 τῆς
3342 5597 3705 5663 περιϐοήτου
3722 5600 3859 5652 λαύ-

2357 5707 2472 5757 ρας
2503 5687 2609 5741 τοῦ
2678 5687 3072 5756 παμμάκαρος
3095 5685 3267 5753 ἁγίου
3291 5688 3529 5754 Πατρός
3552 5691 3723 5759 ἡμῶν
3759 5692 3856 5746 Σά.

675 5803 723 5837 ⁸⁸
755 5801 898 5859 Psal.
926 5820 1141 5872 Lxxxtv,
1183 5805 1235 5859 9.
1313 5808 1355 5837 ⁸⁸
1383 5803 1543 5859 Joau.
1576 5822 1685 5870 xlv,
1720 5808 1809 5859 27.
1890 5809 1934 5840 ’⁸
1964 5807 2167 5879 Ephcs.

2291 5808 2368 5861 27.
2446 5807 2489 5838 ’⁷
2531 5805 2636 5860 lsa.
2672 5820 2708 5871 ι,
2738 5805 2792 5857 9.
2874 5804 2917 5835 "
2958 5801 3000 5856 ll
3042 5801 3164 5857 Cor.
3200 5798 3414 5867 xu,27.
