3990 6318
132 356 288 424 H65

1347 385 1888 451 EPISTOLARUM
1930 394 2075 455 LIB.
2144 396 2224 457 II.

3292 400 3428 469 1166

199 477 301 542 6a,
323 477 425 533 καὶ
447 479 568 547 τοῖς
595 485 696 537 ὑπ’
728 489 884 557 αὐτῇ
916 492 1108 561 ὁσίοις
1138 514 1257 565 μου
1280 502 1570 569 Πατράσι,
1594 506 1703 562 Θεό

206 567 261 592 ,ι
278 586 320 592 ,,
336 586 357 592 _
380 591 391 592 ,
436 571 455 592 ι
482 575 498 592 ς
518 573 539 592 ,
997 589 1019 592 _
1041 588 1049 592 -

1908 508 2161 565 Patribus
2204 512 2355 576 meis,
2395 511 2700 570 Theodorus
2752 516 3024 585 minimus,
3071 519 3340 592 presbyter
3374 534 3425 577 et

198 567 397 665 δίρρος
425 571 775 666 ἐλᾴχιστος,
826 588 1225 657 πρεσϐύτερος
1264 596 1361 647 καὶ
1393 567 1730 666 ’ἡγούμενος

200 657 331 765 ἷῶν
347 664 667 765 ’Στουδίοω
1418 657 1456 664 Π
1528 657 1690 765 [agn]

196 749 489 854 Χαρόιμοι
526 761 737 854 μεγάλη
768 766 861 818 καὶ
889 767 1048 839 δόξης
1080 775 1343 845 περιϐολὴ
1373 779 1451 850 τῷ
1481 749 1690 854 ἀῦαέίρί
1706 800 1719 814 ’

110 839 331 935 δτιπερ
362 846 603 917 ὴξῖωμαι
632 853 845 920 εὐτελές
873 877 974 927 μου
998 839 1379 935 γραμματεῖον
1405 839 1727 931 ἀποστεῖλαι

111 930 178 979 ἐν
200 930 373 1033 ,τόπῳ
403 936 565 1006 ἁγίῳ,
595 941 654 993 ἐν
687 949 909 1013 σκηναῖς
941 930 1227 1023 όσίῶνντῆς
1260 958 1535 1031 ὑμετέρας
1568 980 1726 1033 περι-

112 1020 374 1091 ποθήτου
416 1030 779 1100 πατρότητος.
830 1038 1043 1112 Ἐπειδὴ
1082 1020 1191 1115 γὰρ
1221 1020 1722 1123 τῇντοῦρῶματος

112 1118 412 1217 παρουσία
456 1122 555 1192 οὐχ
584 1120 698 1179 οἷόν
735 1145 794 1181 τε
826 1126 892 1201 ἦν
932 1141 1337 1206 παραγενέσθαι
1389 1163 1458 1215 με
1490 1118 1629 1217 πρὸς
1656 1118 1724 1205 τά

117 1202 253 1276 ίχνη
290 1208 468 1312 ὑμῶν,
501 1215 595 1267 καὶ
649 1218 774 1272 ἰδεῖν
827 1224 887 1275 τὸ
942 1202 1100 1295 avio»)
1137 1202 1401 1303 τέμενος.
1432 1202 1545 1308 τὴν⁸
1572 1202 1725 1312 ίεερὰῦ

111 1302 395 1371 περιοχὴν
423 1306 691 1382 ὑμῶν,“ἢν
722 1314 834 1381 ἐγὼ
859 1318 887 1368 6
910 1324 1186 1391 ταπεινὸς,
1206 1302 1290 1389 δὼς
1317 1330 1472 1383 πόλιν
1487 1302 1636 1386 ’Θεοῦ
1655 1317 1725 1389 δι’

111 1392 309 1494 αἰδοῦς
344 1395 485 1466 ἔχων
526 1403 640 1470 είμί
721 1408 1015 1482 εὐδόκησεν
1046 1417 1074 1467 6
1107 1419 1309 1484 ἀγαθὸς
1336 1423 1469 1486 Θεὸς
1508 1426 1597 1480 διὰ
1624 1427 1724 1497 τῆς

110 1484 215 1586 τιῖῦ
270 1493 601 1589 γράμ-ματος
636 1499 949 1572 ἐπισκοπῆς
980 1507 1039 1558 τὸ
1071 1511 1409 1583 καταθύμιόν
1442 1484 1544 1585 μου
1581 1484 1722 1589 πληξ

115 1577 303 1644 ρῶσαι
346 1583 440 1633 τοῦ
470 1586 820 1656 ἀμαρτωλοῦ.
853 1596 961 1649 Καὶ
1007 1599 1069 1669 δὴ
1115 1601 1191 1665 ὡς
1230 1577 1420 1676 παρὼν
1442 1577 1578 1680 ,πρὸ
1612 1577 1723 1666 τῶν

111 1670 305 1722 ποδῶν
335 1672 492 1742 ὑμῶν
526 1717 541 1742 ,
576 1681 668 1732 καὶ
699 1686 1142 1761 περιπτύσσομαι
1176 1694 1321 1765 ὑμᾶς
1348 1697 1420 1769 τῷ
1446 1701 1588 1772 ἁγίῳ
1620 1704 1721 1757 πό·-

112 1759 200 1829 θῳ
229 1781 243 1792 ·
284 1765 381 1817 καὶ
421 1772 714 1837 προσκυνῶ
751 1759 1230 1853 τὸθεῖονέδαφος,
1266 1788 1324 1839 ἐν
1458 1759 1519 1845 τί)
1559 1759 1718 1850 ἐκλε-

1906 605 2224 674 praepositus
2247 603 2606 664 Studitarttm.

1904 775 2097 846 Magna
2160 779 2293 832 mihi
2331 779 2537 847 laetitia,
2585 782 2887 856 ingensque
2918 789 3114 858 gloria,
3161 790 3418 861 indignus

1831 864 1933 919 sim
1972 866 2097 920 licet
2148 869 2293 936 quod
2332 878 2546 925 tenuem
2591 874 2878 941 epistolam
2932 877 3148 931 mittere
3198 877 3252 931 in
3298 880 3417 932 loca

1831 972 1988 1014 sacra
2022 962 2334 1031 contigerit,
2384 963 2441 1018 in
2473 965 2823 1022 tabernacula
2855 979 3195 1035 sanctorum,
3225 981 3418 1024 vestra:

1830 1050 2040 1105 scilicet
2086 1052 2380 1119 plurimum
2430 1053 2751 1111 desiderata:
2807 1058 3177 1125 paternitatis.
3225 1059 3415 1125 Quan-

1830 1140 2124 1209 doquidem
2150 1142 2295 1196 enim
2327 1145 2520 1199 adesse
2542 1160 2728 1200 coram
2755 1163 2861 1202 non
2894 1148 3042 1211 licet,
3075 1165 3139 1205 ac
3167 1152 3413 1221 vestigiis

1829 1234 2028 1287 vestris
2079 1234 2314 1299 advolvi,
2350 1245 2404 1291 et
2436 1248 2681 1293 sanctam
2714 1239 2885 1294 aedem
2921 1252 3156 1297 vestram
3183 1243 3411 1310 intueri,

1830 1339 2156 1397 sacrumque
2190 1337 2425 1397 septum,
2473 1331 2617 1400 quod
2667 1347 2768 1401 ego
2827 1332 3077 1399 humilis,
3140 1344 3407 1405 tanquam

1831 1416 1923 1470 Dei
1960 1419 2257 1485 Civitatem,
2309 1422 2564 1492 religiose
2596 1438 2826 1478 veneror
2889 1426 3092 1495 placuit
3122 1428 3234 1481 Deo
3263 1429 3408 1498 cpti-

1828 1524 1919 1563 mo
1964 1526 2060 1580 per
2106 1512 2335 1577 litteras,
2387 1515 2549 1569 veluti
2604 1533 2700 1586 per
2742 1519 3042 1589 Speculam,
3073 1522 3213 1576 votis
3245 1522 3403 1587 meis,

1827 1603 1955 1657 licet
2001 1606 2238 1672 peccatis
2288 1608 2389 1661 sim
2428 1608 2726 1673 obnoxius,
2776 1613 3174 1669 obsecundare.
3219 1612 3406 1683 Itaque

1826 1703 2086 1762 tanquam
2138 1696 2333 1749 vestris
2359 1696 2586 1766 pedibus
2619 1699 2928 1765 advolutus,
2963 1713 3151 1757 sancto
3180 1719 3277 1758 vos
3311 1704 3406 1759 dc-

1825 1782 2027 1836 siderio
2073 1785 2431 1853 complector,
2487 1795 2542 1841 et
2591 1788 2838 1844 divinum
2878 1793 3067 1846 animo
3114 1798 3406 1851 exosculor

110 1855 253 1908 κτὸν
286 1859 481 1922 σκεῦος
505 1865 598 1916 τοῦ
629 1866 764 1920 Θεοῦ
805 1874 1159 1943 τεταμίευται
1183 1895 1197 1910 °
1242 1881 1305 1933 τὸ
1332 1884 1447 1951 φῶς
1474 1887 1582 1940 τῶν
1615 1908 1703 1959 μο-

1822 1874 2024 1938 solum,
2060 1875 2115 1929 in
2147 1892 2255 1945 quo
2272 1892 2369 1932 vas
2402 1877 2493 1933 Dei
2526 1881 2757 1935 electum
2787 1894 3057 1947 servatur,
3089 1885 3183 1940 lux
3215 1903 3394 1941 mona-

111 1947 421 2048 ναζόντων·
455 1952 484 2004 6
524 1952 783 2028 λαμπτὴρ
815 1962 911 2032 τῆς
937 1965 1264 2040 οἰκουμένης
1288 1987 1302 2001 ⁸
1393 1975 1485 2027 τοῦ
1522 1947 1712 2048 νοηῖτοῦ

109 2037 327 2107 Φαραὼ
383 2052 843 2122 καταποντιστὴς·
888 2056 981 2108 καὶ
1026 2058 1121 2112 τοῦ
1166 2037 1325 2129 ἁγίου
1359 2066 1545 2132 ἔθνους
1582 2037 1714 2124 καθ-

118 2131 366 2222 ηγητὴς,
403 2135 433 2187 ὁ
469 2139 568 2206 τῆς
605 2141 763 2208 ἁγίας
793 2146 894 2215 γῆς
924 2149 1217 2222 ἐγκρατὴς,
1250 2156 1344 2209 καὶ
1388 2158 1495 2213 τῶν
1528 2131 1710 2217 θείων

113 2221 303 2319 μονῶν
353 2224 708 2319 κληροδότης.
761 2221 1192 2311 Συνασπάζομαι
1232 2248 1325 2299 καὶ
1373 2249 1470 2312 τὰς
1520 2252 1713 2319 λοιπὰς

112 2311 428 2409 σεϐασμίας
492 2318 687 2389 θήκας,
741 2326 826 2392 ἐφ’
881 2324 967 2391 αἷς
1016 2334 1083 2384 τὰ
1148 2335 1269 2405 ἱερὰ
1326 2338 1552 2409 σώματα
1600 2311 1710 2399 τῶν

109 2403 283 2457 ὁσίων
307 2421 322 2435 ο
357 2403 439 2470 οἷς
471 2409 499 2461 6
526 2410 752 2477 πλοῦτος
780 2416 888 2469 τῶν
917 2420 1149 2488 ἀρετῶν,
1181 2426 1239 2477 ἐν
1269 2432 1425 2482 νυκτὶ
1457 2433 1551 2485 τοῦ
1583 2437 1710 2506 τῇδε

112 2494 511 2595 βίου’ἇστροις
558 2505 761 2557 ἐοικόσι
822 2507 1127 2577 θεοφαέσιν.
1192 2516 1332 2585 Ὀρῶ
1369 2521 1460 2573 τὸν
1510 2494 1707 2595 χῶρον,

111 2588 200 2652 ἐφ’
234 2581 282 2654 ᾧ
343 2591 371 2640 6
423 2592 616 2654 στύλος
674 2595 768 2648 τοῦ
821 2602 991 2671 πυρὸς
1032 2604 1108 2674 τῷ
1140 2608 1316 2680 στύλῳ
1344 2613 1452 2665 τῶν
1488 2617 1700 2683 ἀρετῶν

109 2671 337 2779 ῶπταιῖ
369 2682 401 2751 ὴ
432 2687 570 2753 πρὸς
596 2689 721 2751 τοὺς
752 2691 1018 2760 ἀοράτους
1044 2671 1584 2779 ἐγθροὺςνικηφόρος
1608 2711 1710 2763 πά-

112 2767 178 2839 λη
208 2788 221 2803 ’
278 2773 341 2826 τὸ
389 2775 488 2845 τῆς
539 2776 985 2854 θαυματουργίας
1035 2767 1252 2862 δρᾶμαο
1294 2767 1452 2852 τοῦτο
1486 2767 1708 2857 κάκεῖνο

114 2863 544 2935 ποικιλλόμενον
569 2872 689 2935 ταῖς
716 2874 853 2927 κατὰ
881 2878 1070 2946 καιρὸν
1100 2882 1402 2953 ἐνεργείαις
1418 2890 1512 2942 τοῦ
1539 2893 1706 2946 Ilvati-

114 2968 312 3019 ματος.
350 2960 413 3009 Ὢ
447 2959 592 3015 πόσα
617 2980 706 3032 μοι
742 2967 772 3018 6
803 2967 967 3032 πόθος
996 2972 1278 3028 ἐπιϐάλλει
1310 2978 1521 3047 λέγεινῐ
1556 2985 1648 3038 καὶ
1675 2988 1704 3039 6

111 3048 319 3131 τρόπος
345 3047 524 3118 εἴργει
554 3052 646 3105 τοῦ
675 3056 750 3125 μὴ
784 3058 863 3119 είς
894 3058 1133 3132 ἄμετρον
1166 3068 1424 3122 ἐκπεσεῖν
1457 3073 1553 3143 τὴν
1583 3076 1703 3129 ἐπι-

1820 1964 2074 2029 chorum,
2131 1966 2279 2020 orbis
2326 1975 2593 2025 terrarum
2645 1971 2886 2039 lucerna,
2941 1976 3034 2044 qui
3098 1978 3401 2046 spiritalem

1818 2051 2159 2107 Pharaonem
2190 2053 2473 2121 demersit,
2502 2058 2647 2127 genti
2693 2070 2897 2116 sancta:
2936 2064 3247 2121 moderator
3280 2054 3400 2132 vite,

1819 2153 1976 2199 terrae
2036 2154 2237 2203 sancta:
2286 2164 2530 2219 compos,
2581 2152 3002 2225 divinarumque
3052 2161 3398 2215 mansionum

1817 2235 2165 2295 distributor.
2217 2241 2407 2297 Saluto
2439 2260 2543 2298 una
2578 2253 2632 2299 et
2667 2247 2905 2317 reliquos
2940 2254 3281 2309 venerandos
3320 2255 3401 2309 lo-

1816 2328 1989 2391 culos,
2021 2331 2076 2383 in
2112 2332 2312 2401 quibus
2347 2348 2501 2389 sacra
2550 2347 2863 2394 sanctorum
2904 2343 3120 2398 comlita
3145 2360 3397 2416 corpora,

1816 2418 1869 2472 in
1910 2421 2109 2488 quibus
2148 2425 2411 2479 virtutum
2444 2443 2575 2497 opes
2608 2432 2877 2498 reposita},
2922 2435 3124 2504 quippe
3172 2454 3294 2506 quae
3338 2440 3394 2492 in

1816 2520 1975 2565 nocte
2008 2513 2238 2582 hujusce
2259 2516 2386 2572 vita:
2413 2520 2723 2576 divinorum
2767 2524 3007 2580 siderum
3042 2528 3217 2584 instar
3236 2530 3396 2587 efful-

1813 2610 1960 2669 gent.
2000 2601 2205 2659 Locum
2237 2607 2370 2662 mihi
2417 2612 2604 2667 videre
2642 2614 2849 2681 videor,
2903 2618 2956 2672 in
3000 2636 3111 2689 quo
3139 2604 3396 2680 columna

1814 2690 1953 2759 ignis
1990 2708 2089 2763 per
2139 2697 2401 2753 virtutum
2440 2703 2751 2759 columnam
2796 2720 3259 2776 reprzcsentatur:
3302 2715 3394 2770 ubi

1811 2780 1957 2838 lucta
2016 2785 2278 2843 adversus
2341 2791 2528 2848 hostes
2575 2795 2882 2855 invisibiles
2933 2816 3056 2856 cum
3103 2804 3394 2874 adeptione

1810 2873 2072 2940 victoriae,
2124 2880 2214 2933 ubi
2250 2896 2415 2937 scena
2461 2884 2660 2941 referta
2714 2890 3016 2959 miraculis,
3047 2893 3137 2949 ubi
3192 2873 3296 2951 hoc
3338 2908 3395 2953 et

1810 2966 1940 3021 illud
1988 2981 2294 3038 opportune
2340 2974 2578 3032 illustrat
2624 2981 2907 3051 multiplex
2955 2987 3181 3054 spiritus
3228 2988 3311 3043 vis
3338 2998 3392 3044 et

1806 3057 2062 3116 efﬁcacia.
2098 3061 2143 3117 Ο
2198 3076 2401 3134 quanta
2460 3069 2641 3124 dicere
2683 3073 2925 3143 suggerit
2981 3076 3239 3132 animus!
3294 3080 3390 3134 sed

113 3124 330 3206 στολήν.
353 3139 417 3190 ’Ὠ
445 3139 630 3194 πόσων
649 3124 870 3212 ἀγαθῶν
891 3124 1144 3222 πράξεων
1175 3157 1414 3226 σύμϐολα
1445 3124 1543 3216 sail.

2216 3124 2230 3134 ,
2690 3124 2923 3143 νων---
2983 3124 3239 3132 _--_---_-.
3294 3124 3390 3134 ..η

1809 3151 2005 3207 modus
2063 3158 2331 3211 tenendus
2390 3166 2514 3223 est,
2555 3175 2622 3215 ne
2667 3161 2721 3215 in
2773 3164 3100 3221 immensum
3141 3183 3392 3236 excurrat

115 3226 382 3325 μνήματα
410 3232 468 3283 ἐν
499 3233 662 3301 ὑμῖνί
697 3244 982 3313 μονονουχὶ
1010 3246 1103 3299 καὶ
1128 3248 1230 3301 ὑπὸ
1254 3250 1379 3315 θέας
1402 3255 1574 3325 αὐτῆς
1605 3257 1700 3310 δυ-

114 3314 324 3414 νάμενα
347 3323 689 3389 παρακαλεῖν
716 3328 894 3400 ψυχὴν
918 3336 997 3397 είς
1031 3336 1269 3392 ἐπίδοσιν
1303 3314 1702 3414 ἀρετῆςίῖΑλΥ

111 3406 274 3507 ὀ-μέν
307 3410 525 3479 πρῶτος
556 3414 710 3484 λόγος
736 3422 906 3490 ἐχέτω
935 3426 1140 3480 ταῦτα·
1166 3431 1213 3482 εί
1249 3406 1599 3490 καὶ-ἐνδεεστε
1610 3457 1700 3508 ρον

112 3497 211 3600 τῇς
238 3503 560 3575 ἐπιθυμίας.
602 3509 719 3578 Ἐφ’
753 3513 942 3585 ἕτερον
969 3517 1025 3570 δέ
1058 3522 1458 3594 μετελεύσομαι
1488 3497 1700 3600 ὀδυρτι-

114 3589 223 3654 κὸν,
252 3595 314 3645 οὐ
361 3601 639 3670 περιχαρῆ
660 3619 674 3633 ·
700 3604 769 3657 δι’
793 3605 851 3660 ὃν
892 3611 1049 3665 ,καὶὸ
1078 3615 1341 3686 πρότερος
1360 3589 1696 3694 *ὑφωρμαῖθη

115 3698 203 3747 μοι
242 3685 506 3757 ὑπάρξαι.
559 3692 895 3765 Ὀργὴ,Θεοῦ
925 3702 1073 3771 ἡμᾶς
1095 3685 1490 3769 κατέλαϐενςῶ
1512 3685 1699 3767 ’[ῖατέί

117 3787 205 3872 ρες
236 3776 561 3844 ἁγιώτατοι,
592 3782 678 3836 διὰ
702 3787 763 3839 τὸ
796 3790 1166 3863 πληθυνθῆναι
1198 3798 1297 3866 τὴν
1327 3801 1573 3871 ἀνομίαν,
1596 3805 1697 3872 ψυ-

112 3864 305 3965 γεῖίσης
332 3870 434 3939 τῆς
469 3873 712 3945 ἀγάπης,
742 3877 818 3941 ὡς
864 3883 892 3933 6
940 3883 1145 3953 Κύριος
1195 3864 1723 3965 εἴρηκε.’Διωγμὸς’

129 3954 527 4031 Ἐλληνοειδὴς,
564 3965 948 4035 χαλεπώτατος
968 3975 1107 4028 λίαν.
1152 3978 1431 4053 Ἀπηλάθη
1453 3986 1565 4053 ’τῆς
1597 3988 1710 4045 αὐ-.

110 4043 204 4116 λῆς
246 4051 275 4102 6
307 4052 650 4126 ἀρχιποιμὴν
695 4061 851 4129 ἡμῶν
877 4080 890 4095 ο
925 4043 1311 4140 διεσκορπίσθη
1360 4043 1431 4126 τά
1459 4043 1694 4147 Χριστοῦ

110 4143 398 4210 πρόϐατα·
449 4148 606 4202 λύκοι
647 4152 833 4225 βαρεῖς
881 4158 1286 4231 εἰσεφθάρησαν
1335 4165 1399 4236 [Γ.
1443 4143 1695 4237 citrea-70a-

113 4242 230 4314 σαν]
274 4246 335 4297 ἐν
361 4250 428 4318 τῇ
458 4249 685 4322 ποίμνῃ,
711 4256 878 4323 καίγε
902 4259 1111 4325 μονιὸς
1138 4259 1347 4329 ἄγριος
1371 4267 1695 4334 κατενεμή-

111 4344 258 4386 σατο
294 4337 514 4404 αὐτήν.
538 4340 604 4392 Τί
648 4342 838 4409 τοῦτο;
869 4347 1039 4401 Πάλιν
1074 4351 1310 4405 ἐνταῦθα
1356 4356 1631 4427 ὴτιμάσθη
1659 4358 1693 4427 ἠ

111 4425 279 4515 σεπτὴ
325 4428 493 4483 εἰκὼν
541 4432 635 4484 τοῦ
689 4434 825 4489 Θεοῦ
864 4439 959 4491 καὶ⁹
1005 4441 1260 4513 Σωτῆρος
1319 4444 1477 4514 ἡμῶν
1516 4425 1691 4515 Ἰησοῦ

1804 3242 2057 3311 epistola.
2113 3242 2325 3313 Oquod
2361 3262 2540 3303 rerum
2585 3253 2843 3319 praeclare
2891 3265 3168 3324 gestarum
3223 3273 3391 3330 argu-

1802 3344 1983 3389 menta
2023 3339 2164 3406 apud
2214 3353 2309 3393 vos
2344 3355 2408 3395 ac
2456 3353 2807 3400 monumenta
2848 3355 3087 3413 exstant,
3135 3364 3257 3418 quin
3303 3350 3389 3408 vel

1804 3429 1923 3499 ipso
1950 3440 2246 3499 conspectu
2298 3432 2577 3503 impellere
2603 3438 2845 3491 animum
2878 3441 3091 3508 possint
3118 3442 3184 3495 ad
3213 3442 3385 3498 virtu-

1803 3522 1872 3575 tis
1919 3524 2262 3591 prol‘cctum!
2322 3524 2424 3581 Sed
2453 3527 2524 3583 sit
2562 3530 2675 3583 haec
2721 3529 2872 3599 prior
2921 3546 3048 3600 pars
3094 3534 3386 3598 orationis,

1802 3627 2112 3682 quanquam
2164 3615 2419 3683 pauciora
2459 3616 2566 3670 dixi
2609 3633 2771 3685 quam
2809 3617 2990 3672 velim.
3028 3621 3108 3674 Ad
3159 3624 3386 3678 alteram

1801 3704 2139 3773 progrediar,
2188 3720 2284 3759 nec
2330 3706 2475 3759 illam
2528 3708 2748 3776 quidem
2799 3711 2981 3779 gaudii
3018 3714 3236 3782 plenam
3290 3716 3389 3770 sed

1801 3796 2054 3851 maeroris
2090 3813 2102 3849 :
2147 3797 2217 3852 ob
2258 3812 2423 3867 quam
2458 3807 2511 3853 et
2538 3799 2796 3868 priorilla
2829 3810 2912 3858 est
2946 3818 2977 3857 a
3010 3818 3096 3857 me
3124 3805 3265 3859 ultro
3297 3806 3386 3859 in-

1799 3885 2006 3942 stituta.
2042 3888 2414 3958 Apprehendit
2443 3906 2543 3945 nos
2563 3891 2640 3946 ira
2671 3893 2787 3956 Dei,
2810 3892 2997 3950 Patres
3025 3898 3383 3964 sanctissimi,

1796 3979 2053 4045 quoniam
2098 3979 2395 4033 abundavit
2440 3982 2720 4050 iniquitas,
2765 3982 3155 4056 refrigescente
3198 3989 3387 4043 chari-

1798 4077 1927 4131 tate,
1988 4072 2132 4124 sicut
2204 4070 2467 4126 Dominus
2532 4074 2905 4141 pronuntiavit
2942 4078 3010 4131 ³⁸.
3066 4077 3384 4135 Persecutio

1796 4162 2284 4227 ethnica'similis,
2337 4171 2534 4231 praeter
2572 4166 2791 4220 modum
2835 4184 2998 4223 sazva.
3040 4170 3283 4225 Abaetus
3311 4173 3382 4227 ab

1795 4251 1924 4304 ovili
1963 4267 2213 4308 summus
2265 4263 2454 4322 pastor
2501 4265 2707 4321 noster,
2757 4256 3018 4326 dispersa:
3071 4269 3202 4314 sunt
3249 4275 3380 4317 oves

1794 4340 2021 4407 Christi,
2070 4344 2180 4412 lupi
2229 4360 2452 4414 rapaces
2490 4346 2807 4402 invaserunt
2845 4365 3088 4424 gregem,
3116 4362 3165 4406 et
3195 4353 3379 4423 singu-

1795 4433 1928 4488 laris
1974 4435 2117 4504 [erus
2158 4436 2407 4505 depastus
2437 4446 2514 4491 est
2553 4455 2673 4492 eum
2701 4440 2741 4493 ¹.
2776 4439 2918 4505 Quid
2964 4443 3106 4498 istud
3144 4444 3221 4499 rei
3249 4448 3382 4501 est?

110 4508 363 4581 Χριστοῦ,
400 4521 502 4587 τῆς
559 4521 843 4589 Θεοτόκου,
897 4529 1095 4591 παντὸς
1154 4532 1462 4589 οὑτινοσοῦν
1506 4537 1686 4604 ἁγίου.

1809 4531 1996 4584 lterum
2025 4530 2112 4584 hic
2137 4531 2329 4585 aﬂecta
2374 4532 2587 4602 probris
2616 4543 2699 4589 est
2732 4540 3039 4593 veneranda
3073 4538 3252 4611 imago
3283 4538 3379 4597 Dei

109 4603 201 4655 Διὰ
253 4609 410 4664 τοῦτο
462 4612 747 4681 ποιμένες
792 4619 1270 4688 ἠφρονεύσαντο,
1329 4627 1423 4678 καὶ
1456 4603 1563 4698 οὐχί
1604 4630 1687 4682 ὅτι

111 4693 212 4785 Ξὺν
244 4700 483 4767 Κύριον,
524 4708 880 4775 προφητικῶς
912 4711 1106 4776 εἰπεῖν,
1140 4715 1251 4766 οὐκ
1271 4693 1642 4785 ἐξεζήτησαν
1669 4734 1682 4748 ’

109 4775 262 4877 ἦττον
285 4792 392 4860 γὰρ
420 4794 488 4845 ἂν
519 4788 586 4862 ἦν
612 4795 673 4848 τὸ
694 4797 947 4868 ἀσέϐημα
972 4817 984 4830 ·
1018 4775 1132 4854 ἀλλ’
1169 4805 1250 4857 ὅτι
1281 4775 1686 4877 συνήχθησαν

123 4872 420 4946 Ἰουδαϊκῶς
487 4886 638 4940 κατὰ
704 4890 811 4942 τοῦ
880 4893 1135 4959 Κυρίου,
1204 4896 1303 4949 καὶ
1362 4900 1513 4952 κατὰ
1578 4902 1684 4955 τοῦ

108 4965 358 5031 Χριστοῦ
385 4975 611 5030 αὐτοῦ’
654 4979 1155 5052 ἀποδοκιμάσαντες
1189 4987 1354 5041 αὐτοῦ
1388 4990 1485 5060 τὴν
1521 4993 1684 5060 ἁγίαν

110 5059 303 5127 εἰκόνα,
365 5070 465 5139 τῆς
523 5085 583 5121 τε
652 5072 817 5125 αὐτοῦ
888 5075 1131 5145 Μητρὸς,
1189 5079 1283 5131 κα)⁵
1348 5059 1457 5135 τῶν
1516 5083 1679 5155 θερα-

112 5149 335 5212 πόντων(

174 5244 267 5296 Διά
297 5250 455 5306 τοῦτο
492 5254 855 5328 θυσιαστήρια
901 5261 1031 5329 ἅγια
1072 5265 1344 5335 ἠφανίσθη
1376 5284 1389 5299 ·
1426 5268 1517 5320 καὶ
1564 5269 1681 5321 ναοὶ

111 5329 305 5431 Κυρίου
338 5345 776 5417 ἠμαυρὼθησαν,
802 5352 858 5404 ἐν
888 5354 1037 5426 πάσῃ
1081 5329 1233 5409 πόλει
1265 5329 1359 5411 καὶ
1395 5360 1546 5431 χώρα
1580 5361 1679 5429 τῆς

109 5424 227 5519 τῇδε
278 5431 547 5499 ἐξουσίας,
590 5440 670 5501 είς
705 5440 899 5504 πένθος
948 5424 1297 5514 προκείμενοι
1336 5424 1449 5512 τοῖς
1477 5424 1676 5519 δρῶσι,

108 5514 191 5613 ’ξὺν
217 5522 409 5581 οἰκεῖον
439 5529 648 5598 κόσμον
675 5531 775 5601 τῆς
801 5533 952 5595 θείας
975 5536 1276 5605 εὐμορφίας
1304 5514 1672 5613 ἀφῃρημένοι.

110 5606 200 5661 Διὰ
239 5614 393 5671 τοῦτο
431 5621 557 5690 ἱερὰ
600 5625 769 5696 σκεύη
822 5627 1300 5701 ἀναχωνευόμενα,
1479 5606 1673 5712 ⁷ἐσθὴς

1784 4627 1843 4676 et
1875 4620 2179 4676 Servatoris
2203 4625 2376 4679 nostri
2411 4623 2538 4681 Jesu
2566 4625 2791 4691 Christi,
2822 4629 3089 4700 Deiparaz,
3118 4646 3170 4688 et
3199 4637 3377 4689 sancti

1789 4718 2097 4786 cujuslibet.
2130 4718 2332 4774 Idcirco
2352 4720 2513 4775 stulte
2547 4732 2763 4792 egerunt
2793 4735 3057 4793 pastores,
3088 4742 3194 4781 non
3228 4731 3377 4796 quod

1789 4808 2097 4874 Dominum,
2151 4819 2206 4863 ut
2266 4827 2387 4866 eum
2441 4814 2700 4898 propheta
2753 4815 2965 4885 loquar,
3013 4834 3119 4870 non
3147 4823 3378 4888 qua-sie-

1788 4912 1910 4953 runt
1930 4902 1970 4968 ²,
2002 4902 2173 4957 levius
2196 4906 2339 4957 enim
2371 4906 2646 4979 piaculum
2674 4907 2832 4974 foret;
2860 4910 2955 4964 sed
2984 4912 3129 4981 quod
3151 4912 3376 4967 Iudae.

1787 5010 1907 5050 rum
1936 5011 2088 5051 more
2126 5007 2473 5051 convenerunt
2512 5000 2565 5052 in
2592 5016 2755 5053 unum
2780 5003 3033 5059 adversus
3061 5004 3376 5070 Dominum,

1783 5099 1831 5139 et
1870 5088 2437 5142 adrersus’Christum
2484 5091 2597 5159 ejus
2628 5093 2649 5123 ⁸
2678 5110 2690 5147 :
2723 5104 2969 5150 sanctam
3012 5095 3132 5164 ejus
3176 5099 3379 5167 imagis

1784 5192 1906 5231 nem
1940 5180 2312 5246 reprobantes,
2344 5180 2531 5235 Matris
2571 5183 2697 5237 item
2734 5200 2798 5239 ac
2826 5184 3185 5245 famulorum.

1854 5269 1987 5323 Eam
2024 5272 2095 5325 ob
2127 5287 2241 5326 rein
2276 5284 2465 5329 sancta
2496 5275 2686 5329 altaria
2715 5276 2917 5340 diruta.
2944 5288 2998 5335 et
3030 5283 3234 5350 templa
3265 5279 3376 5335 Do-

1782 5362 1917 5415 mini
1950 5362 2292 5431 labefactata,
2337 5367 2391 5420 in
2426 5368 2574 5421 omni
2604 5369 2821 5423 civitate
2862 5385 2927 5424 ac
2968 5372 3213 5441 regione,
3247 5388 3375 5442 quae

1782 5453 1911 5509 huic
1963 5454 2189 5524 imperio
2234 5468 2407 5526 paret,
2458 5460 2647 5530 ingens
2678 5461 3030 5519 intuentibus
3064 5464 3245 5519 luctus
3273 5482 3374 5520 ar-

1782 5556 2121 5613 gumentum,
2173 5564 2297 5602 cum
2350 5549 2459 5605 sint
2510 5552 2598 5606 illa
2654 5552 2875 5623 proprio
2913 5556 3085 5610 divini
3147 5558 3373 5614 decoris

1781 5647 1979 5694 ornatu
2007 5640 2228 5695 nudata.
2255 5642 2463 5701 Idcirco
2495 5660 2622 5703 vasa
2656 5661 2815 5703 sacra
2844 5647 3073 5720 liquata,
3094 5660 3149 5705 et
3176 5650 3371 5708 divina

173 5785 215 5819 "
241 5788 426 5857 Matth.
454 5816 606 5869 ιιιν,
641 5803 728 5862 I2.
806 5805 823 5838 ¹
855 5805 999 5864 Psal.
1029 5824 1175 5877 uix,
1209 5809 1295 5865 M.
1372 5812 1393 5844 ¹
1423 5810 1626 5869 Jcrem.
1654 5830 1708 5883 χ,
1738 5813 1829 5871 21.
1901 5818 1927 5853 ’³
1956 5815 2103 5875 Psal.
2147 5831 2210 5888 tt,
2246 5817 2301 5875 ἓ.
