3990 6318
580 366 720 437 1167

1774 358 1833 418 S.
1872 354 2266 416 THEODORI
2308 354 2653 416 STUDI'UE

3720 360 3878 427 1168

578 484 741 539 vestis
774 480 885 550 igni
920 480 1138 545 tradita,
1166 492 1289 535 cum
1317 474 1549 548 depictis
1590 478 1643 531 lu
1675 476 1870 530 tabella
1910 475 2161 545 imagini-

2274 473 2384 527 θεία
2414 476 2547 544 πυρὶ
2584 474 3005 544 παραδιδομένη,
3059 477 3156 531 σὺν
3188 480 3299 541 τοῖς
3351 479 3411 532 έν
3458 479 3646 545 πίναξι
3683 500 3876 553 χαρα-

574 576 702 639 b‘us,
760 584 815 631 et
848 574 1003 629 libris
1044 575 1097 627 in
1153 573 1353 644 quibus
1386 571 1565 641 aliqua
1622 572 1825 626 mentio
1860 571 2158 639 imaginum

571 676 738 719 esset.
822 664 952 718 Eam
1009 664 1081 718 ob
1162 678 1386 718 causam
1444 677 1703 733 magnum
1776 663 2161 716 incarnationis

574 754 895 823 mysterium
927 753 1226 818 deridetur,
1250 762 1304 807 et
1325 752 1693 807 abominanda
1717 768 1802 807 res
1833 753 2156 823 appellatur,

574 846 719 915 quod
751 856 805 899 ei
839 847 1098 899 horresco
1150 844 1414 908 referens,
1470 860 1590 915 qua:
1631 845 1853 901 salutari
1910 846 2027 899 orbi
2080 856 2164 900 est

578 952 838 1006 expressa
892 936 1098 993 Christi
1158 936 1348 1007 ﬁgura,
1379 937 1463 991 vel
1493 936 1746 991 Christus
1808 936 1925 1006 ipse
1979 936 2162 1005 potius

573 1043 701 1082 curn
752 1026 923 1081 Matre
977 1034 1032 1082 et
1081 1025 1340 1081 famulis:
1392 1025 1836 1097 quandoquidem
1867 1027 2074 1081 honore
2110 1035 2164 1079 et

576 1119 939 1189 appellatione
982 1119 1123 1174 idem
1170 1103 1331 1173 ambo
1363 1130 1511 1183 sunt,
1554 1118 1732 1189 imago
1764 1126 1820 1173 et
1861 1117 2159 1188 exemplar.

577 1209 785 1264 Idcirco
847 1210 1180 1280 quaestiones
1232 1218 1288 1264 et
1355 1208 1739 1279 inquisitiones
1776 1223 1872 1279 per
1916 1208 2162 1278 singulos

576 1316 832 1372 quosque
876 1303 1024 1355 viros
1064 1316 1128 1355 ac
1161 1300 1375 1365 domos,
1421 1308 1657 1354 terrores
1707 1313 1788 1353 ac-
1815 1298 1998 1363 minae,
2053 1312 2162 1351 non

576 1392 742 1444 modo
778 1406 846 1444 ne
892 1390 1094 1455 omnis,
1126 1390 1222 1446 sed
1277 1405 1345 1445 ne
1390 1390 1594 1459 aliqua,
1648 1389 1919 1443 haereticis
1960 1388 2162 1443 intacta

578 1483 758 1553 imago
788 1484 1159 1538 subtrahatur.
1191 1483 1401 1537 Idcirco
1427 1482 1739 1537 sacerdotes
1760 1482 1946 1550 inique
1970 1488 2160 1552 agttnt,

575 1583 631 1627 et
664 1572 941 1638 monachi,
981 1582 1146 1627 exuto
1194 1574 1544 1632 monacliatu.
1590 1572 1808 1625 irruuut
1842 1570 1893 1625 iu
1918 1570 2162 1639 ejusdem

579 1666 819 1720 instituti
849 1666 1019 1727 viros,
1066 1664 1273 1718 alumni
1312 1664 1601 1718 adversum
1644 1662 1983 1733 praepositos,
2014 1660 2164 1716 defe—

576 1760 775 1813 ctionis
830 1759 1116 1826 praemium
1170 1756 1545 1826 praefecturam
1591 1756 1908 1824 accipiunt;
1957 1762 2011 1808 et
2068 1754 2161 1823 qui

2264 567 2462 638 κτῆρσι
2496 568 2587 619 καὶ
2614 566 2813 636 βίϐλοις
2838 568 2896 619 ὲν
2924 562 3010 630 αἷς
3034 584 3086 621 τι
3108 568 3297 623 λεκτδν
3318 571 3446 641 περὶ
3470 572 3728 629 είκόνων.
3765 578 3875 629 Διά

2262 647 2419 710 τοῦτο
2451 658 2675 726 γελᾶται
2714 658 2776 710 τὸ
2808 660 2950 728 μέγα
3002 659 3101 724 τῆς
3144 661 3462 730 οἰκονομίας
3503 667 3828 737 μυστήριον
3859 685 3872 698 ·

2265 748 2356 801 καὶ
2388 748 2664 817 βδέλυγμα
2696 748 2977 819 κέκληται,
3004 748 3035 802 δ
3063 750 3157 802 καὶ
3186 752 3396 821 φρίττω
3422 752 3617 821 λέγων,
3658 757 3721 808 τὸ
3758 775 3877 812 σω-

2264 843 2452 911 τήριον
2481 840 2674 911 κόσμῳ
2711 842 2965 913 ὁμοίωμα
2998 844 3270 914 Χριστοῦ·
3302 844 3503 915 μᾶλλον
3533 847 3590 899 δὲ
3618 849 3874 919 Χριστὸς

2266 933 2364 983 σὺν
2388 931 2573 1000 Μητρὶ
2604 933 2701 984 καὶ
2721 931 3081 1002 οεράπουσιν’
3110 935 3271 1002 εῐπερ
3296 934 3371 999 ὡς
3396 938 3464 1007 τῇ
3491 940 3625 1008 τιμῇ
3664 940 3769 993 καὶ
3801 944 3871 1010 τῇ

2266 1020 2457 1090 κλήσει
2510 1021 2707 1073 ταυτὸν
2768 1022 3074 1093 ἀμφότερα,
3111 1023 3277 1078 είκὼν
3321 1026 3415 1081 καὶ
3465 1030 3870 1099 πρωτότυπον.

2264 1112 2365 1165 Διά
2394 1110 2555 1165 τοῦτο
2580 1112 2959 1183 ἐξερευνήσας
2990 1115 3083 1168 καὶ
3110 1115 3459 1188 ἐκζητήσεις,
3487 1120 3587 1173 καὶ
3608 1123 3739 1175 κατ’
3765 1124 3872 1177 ἇν-

2262 1204 2363 1274 δρα
2392 1205 2486 1258 καὶ
2517 1206 2639 1260 κατ’
2669 1201 2820 1259 οἷκον
2844 1222 2859 1238 ·
2894 1207 2989 1260 καὶ
3020 1207 3176 1276 φόϐοι
3211 1210 3305 1264 καὶ
3335 1211 3580 1277 ἀπειλαὶ,
3608 1214 3690 1284 μὴ
3721 1215 3874 1268 ὐπο-

2265 1294 2549 1366 λειφθῆναι
2593 1295 2869 1349 ἀνάλωτον
2900 1299 2967 1367 τῇ
2998 1298 3210 1368 αἱρέσει
3251 1300 3374 1354 τινά
3404 1301 3528 1371 μηδ’
3558 1299 3630 1357 αὖ
3672 1308 3874 1359 πᾶσαν

2264 1385 2470 1439 εἰκόνα.
2518 1386 2619 1440 Διά
2664 1386 2825 1440 τοῦτο
2868 1388 3034 1473 ίερεῑς
3083 1388 3435 1460 ἀνομοῦντες,
3479 1394 3575 1445 καὶ
3624 1397 3874 1466 μοναχοὶ

2264 1476 2529 1546 ἀμόναχοι
2553 1477 2694 1531 κατά
2721 1478 2830 1531 τῶν
2861 1480 3068 1550 δμοσχή
3079 1498 3195 1550 μων
3237 1481 3527 1553 φερόμενοι
3550 1501 3568 1518 ο
3596 1491 3874 1558 φοιτηταί

2266 1568 2407 1621 κατά
2455 1567 2565 1621 τῶν
2614 1569 2955 1639 ἡγουμένων,
3004 1568 3171 1626 ἆθλον
3212 1574 3313 1644 τῆς
3362 1575 3716 1643 ἀποστασίας
3762 1581 3872 1648 τὴν

2267 1659 2557 1730 προεδρίαν
2578 1661 2961 1731 κομιζόμενον
2988 1666 3081 1718 καὶ
3108 1668 3137 1719 δ
3156 1665 3225 1718 τὰ
3244 1666 3472 1723 πλεῖστα
3497 1671 3695 1740 μανεὶς
3717 1678 3872 1725 κατὰ

2266 1750 2528 1821 Χριστοῦ,
2561 1753 2825 1807 πλειόνων
2866 1756 2961 1808 καὶ
2989 1756 3167 1825 τιμῶν
3200 1757 3520 1827 ἠξιωμένος.
3564 1761 3670 1814 Διά
3698 1762 3872 1816 τοῦτο

579 1850 957 1905 vehementius
1013 1849 1068 1903 in
1118 1848 1395 1903 Christum
1444 1846 1667 1912 insanit,
1698 1846 1946 1916 pluribus
1974 1845 2021 1900 is
2058 1843 2158 1898 ho-

2274 1842 2553 1911 μάστιγες,
2587 1843 2800 1914 δεσμοὶ,
2851 1846 3117 1914 φυλακαὶ,
3150 1833 3586 1922 λιμοκτονήσεις,
3623 1850 3868 1925 ὲξορίαι,

577 1941 808 1996 noribus
852 1940 1188 1995 cumulatur.
1234 1938 1447 1994 Idcirco
1485 1938 1735 2000 verbera,
1769 1937 2005 2000 vincula,
2036 1951 2160 1991 car-

577 2043 755 2092 ceres,
787 2029 981 2084 inedia:
1012 2071 1027 2095 ,
1060 2028 1274 2095 exsilia,
1298 2043 1457 2083 neces
1488 2028 1541 2081 in
1572 2042 1667 2082 eos
1694 2026 1786 2097 qui
1813 2028 2161 2082 obuituntur.

650 2120 767 2175 Non
800 2132 886 2175 est
920 2121 1102 2190 impiis
1135 2120 1424 2175 sacerdotii
1453 2120 1834 2186 reverentiam,
1875 2135 1983 2174 non
2010 2121 2164 2175 cani-

577 2214 669 2269 tiei
726 2213 1159 2275 commiseratio,
1194 2225 1304 2266 non
1333 2210 1513 2265 cultus
1572 2210 1810 2279 pietatis,
1871 2220 1966 2264 aut
2015 2210 2161 2264 aliud

575 2303 859 2373 quidpiam
882 2316 1071 2356 eorum
1096 2317 1219 2370 quae
1241 2302 1453 2355 veniam
1480 2309 1903 2355 commercatur.
1922 2298 2029 2355 Lex
2057 2316 2165 2356 una

580 2396 667 2449 his
702 2394 964 2464 principis
998 2392 1280 2447 arbitrium
1310 2402 1393 2448 est
1422 2410 1438 2446 :
1482 2406 1614 2447 cura
1654 2392 1781 2447 item
1808 2408 1937 2456 una,
1970 2406 2165 2447 omnes

580 2494 640 2539 ut
667 2486 772 2539 hoc
807 2486 1006 2555 laqueo
1031 2481 1465 2553 intercipiantur.
1512 2483 1667 2537 Nunc
1700 2499 1795 2539 eos
1817 2484 1911 2553 qui
1940 2498 2000 2538 se
2025 2483 2165 2553 fugai

577 2573 863 2638 dederunt,
906 2574 1227 2628 solitudines
1263 2573 1509 2628 habent:
1568 2589 1731 2643 rupes
1781 2590 1846 2629 ac
1896 2575 2169 2642 spelunca:

576 2680 698 2730 eos,
745 2667 836 2734 qui
907 2666 1305 2721 consuluerunt
1336 2666 1498 2720 saluti
1535 2682 1667 2719 suae.
1702 2666 1772 2721 Ut
1798 2667 2007 2721 similes
2038 2667 2167 2721 facti

579 2773 774 2812 sumus
824 2758 1075 2827 pelicano
1130 2756 1444 2811 solitudinis
1474 2756 1541 2810 ’ί
1589 2766 1648 2811 ut
1692 2756 1805 2810 dati
1857 2770 2051 2811 sumus
2112 2756 2166 2809 iu

578 2852 887 2919 captionem
926 2850 1184 2904 dentibus
1228 2848 1522 2919 impiorum
1554 2849 1575 2880 ⁸
1609 2850 1621 2901 ι
1669 2854 1723 2903 ει
1758 2849 1911 2918 plura
1940 2859 2165 2918 praeter-

583 2943 764 3008 mitto,
796 2957 919 3011 quas
980 2940 1259 2997 fastidium
1292 2940 1571 2996 allen-ent.
1610 2941 1681 2995 At
1710 2941 1887 2995 vicem
1920 2951 2168 2996 nostram

582 3049 683 3089 vos
758 3034 956 3104 lugete,
1008 3032 1213 3103 quibus
1285 3042 1371 3088 est
1422 3032 1476 3087 in
1528 3033 1726 3089 alienis
1777 3033 1940 3088 malis
2018 3044 2169 3087 tene-

2264 1934 2511 2001 θάνατοι,
2543 1935 2639 1989 ἐπὶ
2672 1938 2799 2001 τοὺς
2831 1938 3243 2008 ἐνισταμένους.

2338 2114 2453 2169 Οὐκ
2480 2114 2864 2187 ἀρχιερωσύνη
2890 2119 3004 2182 τοῖς
3027 2118 3286 2175 ἀσεϐέσιν
3310 2121 3617 2191 αἰδέσιμος·
3663 2127 3729 2179 οὗ
3764 2144 3870 2179 πο-

2266 2205 2355 2259 iud
2377 2207 2789 2278 οίκτειρήσιμος
2809 2223 2824 2239 ο
2849 2209 2950 2261 οὐκ
2970 2208 3207 2279 ἄσκησις
3236 2211 3521 2276 εὐσεόείας
3544 2230 3558 2243 ·
3601 2218 3707 2268 οὐκ
3734 2217 3872 2270 ἄλλο

2265 2314 2318 2351 τι
2366 2298 2475 2351 τῶν
2515 2298 2737 2368 φειδοῦς
2765 2298 2955 2365 ἀξίων.
3000 2295 3097 2359 Εἷς
3147 2302 3311 2372 νόμος
3338 2304 3402 2355 τὸ
3440 2304 3535 2357 τοῦ
3577 2307 3871 2379 Καίσαρος

2268 2390 2483 2459 θέλημα
2503 2406 2515 2417 ·
2545 2390 2639 2443 καὶ
2674 2390 2774 2459 μία
2807 2392 3011 2461 σπουδὴ
3042 2391 3290 2455 ἅπαντας
3327 2395 3387 2447 έν
3413 2396 3589 2467 τούτῳ
3629 2399 3865 2453 ἁλῶναι.

2267 2484 2331 2533 Δί
2376 2481 2607 2551 ὲρημίαι
2640 2485 2763 2546 τοὺς
2794 2483 3230 2551 διαπεφευγότας
3280 2485 3527 2555 ἔχουσιν
3568 2490 3626 2541 αί
3662 2493 3869 2560 πέτραι

2268 2571 2363 2624 καὶ
2390 2570 2459 2623 rd
2490 2573 2736 2641 σπήλαια
2752 2574 2881 2636 τοὺς
2906 2574 3473 2644 διασεσωσμένουςέὪ
3495 2578 3616 2642 πῶς
3646 2581 3869 2648 ὡμοιώ-

2269 2660 2445 2730 θημεν
2497 2662 2758 2715 πελεκᾶνι
2794 2662 3086 2733 ὲρημικῷἶ
3126 2662 3173 2715 ὦ
3202 2663 3319 2727 πῶς
3354 2665 3754 2735 παρεδόθημεν
3790 2668 3867 2729 εἰς

2269 2753 2458 2821 χεῖρας
2482 2755 2590 2815 τοῖς
2619 2752 2800 2807 ὀδοῦσι
2828 2754 2936 2807 τῶν
2961 2754 3201 2808 ἀσεϐὦνί
3225 2756 3318 2807 καὶ
3346 2756 3413 2809 ad
3433 2756 3605 2809 πλείω
3633 2758 3867 2827 παρῆκα

2268 2842 2357 2895 διά
2403 2842 2465 2895 τὸ
2517 2844 2843 2915 προσκορές.
2893 2844 3053 2897 Ἀλλὰ
3109 2845 3403 2909 στενάξατε
3458 2848 3545 2914 ἐφ’
3586 2849 3768 2916 ἡμᾶς,
3822 2842 3868 2900 ὦ

2271 2935 2741 3003 συμπαθέστατοι,
2776 2936 2852 2997 ὡς
2899 2936 3181 3005 σύσσωμοι
3203 2953 3219 2967 ·
3244 2937 3472 3006 ὀρέξατε
3522 2941 3691 3009 χεῖρα
3730 2958 3864 3011 πρε-

2273 3026 2565 3097 σὸευτικὴν
2612 3027 2689 3089 ὠς
2742 3026 3078 3095 φιλάδελφοι.
3111 3027 3233 3081 Τῶν
3279 3027 3471 3081 αὐτόθι
3522 3030 3752 3099 χείρονα
3800 3034 3866 3085 τὰ

582 3137 704 3176 rum
759 3131 952 3192 pectus
1010 3131 1270 3193 tanquam
1320 3122 1566 3193 ejusdem
1632 3124 1925 3193 corporis:
1986 3124 2170 3194 preci-

2274 3118 2519 3188 ἡμέτερα
2558 3118 2975 3189 βαρϐαρίζεται.
3018 3120 3107 3185 Ὠς
3142 3120 3353 3191 Σόδομα
3392 3120 3497 3192 ἠδη
3528 3123 3865 3194 γεγόναμεν,

584 3212 690 3268 bus
739 3213 897 3278 fusis,
967 3213 1231 3283 porrigite
1278 3229 1500 3267 manum
1558 3222 1819 3282 tanquam
1881 3212 2165 3269 fratribus.

581 3303 883 3357 Acerbiora
906 3312 1176 3372 suntquae
1213 3302 1302 3356 hic
1331 3304 1590 3372 patimur,
1615 3318 1780 3371 quam
1804 3318 1926 3372 quae
1955 3304 2166 3373 uspiam

587 3410 618 3450 a
663 3394 913 3449 barbaris
943 3402 1091 3465 gesta
1122 3401 1272 3450 sunt.
1299 3392 1422 3448 lam
1472 3395 1614 3449 sicut
1642 3392 1883 3449 Sodoma
1915 3395 2041 3451 facti
2071 3411 2168 3451 su-

586 3504 730 3552 mus,
777 3497 834 3543 et
881 3487 1027 3543 sicut
1075 3486 1383 3543 Gomorrha
1429 3488 1639 3544 similes
1685 3504 1878 3545 sumus
1921 3492 1964 3544 ⁶.
2020 3488 2170 3545 lianc

587 3580 754 3649 igitur
794 3580 866 3634 ob
904 3594 1127 3635 causam
1170 3579 1481 3635 sanctitatis
1526 3589 1720 3636 vestrae
1756 3582 2021 3636 auxilium
2066 3583 2170 3637 hu-

588 3670 746 3724 miles
774 3669 1213 3738 imploravimus,
1236 3669 1383 3723 velut
1416 3685 1527 3724 uno
1546 3685 1640 3725 one
1662 3670 1906 3725 omnium
1940 3670 2171 3727 fratrum

585 3759 682 3828 qui
716 3760 920 3829 pariter
947 3770 1233 3813 vexantur.
1263 3758 1525 3815 Novimus
1547 3762 1692 3815 enim
1711 3773 1975 3831 quantum
1997 3764 2173 3817 valeat

583 3851 731 3919 justa
766 3859 944 3907 vestra
974 3850 1288 3920 deprecatio
1322 3851 1547 3904 assidua
1575 3852 1619 3916 ',
1657 3859 1739 3915 ut,
1781 3862 2007 3906 exorato
2038 3852 2169 3916 Deo,

590 3942 830 3997 haeretici
867 3942 1030 4013 gladii
1058 3941 1205 3997 acies
1244 3942 1639 4011 conquiescat:
1664 3942 1732 3995 ad
1766 3953 1973 3998 rectam
2011 3944 2171 3998 ﬁdem

588 4049 714 4089 cuin
767 4048 900 4105 pace
933 4034 1283 4105 conjunctam
1330 4044 1620 4089 revocante
1663 4034 1896 4089 Domino
1927 4046 2169 4091 nostram

588 4140 812 4196 quoque
858 4126 1186 4180 Eeclesiam.
1223 4122 1295 4179 Ut
1324 4136 1504 4180 autem
1530 4134 1586 4179 et
1613 4140 1713 4181 vos
1738 4127 1979 4183 vicissim
2014 4129 2171 4183 intel-

589 4215 795 4284 ligatis,
848 4214 949 4268 viri
995 4213 1358 4278 venerabiles,
1400 4214 1585 4283 qualia
1636 4216 1748 4270 sint
1783 4216 2172 4287 sacrilegorum

589 4305 758 4376 impia
794 4304 1090 4375 dogmata:
1143 4306 1309 4360 simul
1366 4306 1483 4362 haec
1536 4322 1664 4362 cum
1711 4307 1908 4363 litteris
1940 4310 2065 4367 misi
2120 4310 2175 4363 in

2272 3210 2366 3261 καὶ
2388 3208 2464 3270 ὡς
2499 3211 2752 3283 Γόμορρα
2780 3211 2881 3281 ήδη
2919 3210 3307 3283 ὡμοιώθημεν.
3337 3213 3437 3265 Aid
3474 3212 3638 3266 τοῦτο
3676 3233 3868 3284 τοιγα-

2272 3300 2400 3370 ροῦν
2429 3302 2524 3354 καὶ
2548 3302 2969 3373 ὲπεὸοησάμεθα
2996 3306 3063 3373 τῇ
3087 3304 3368 3376 ἁγιωσύνῃ
3393 3304 3551 3376 ⁴ἡμῶν
3581 3308 3631 3359 oi
3666 3324 3865 3361 ταπει-

2269 3392 2372 3455 νοὶ,
2417 3392 2495 3455 ὡς
2550 3394 2610 3445 ὲν
2648 3394 2731 3445 έν).
2788 3395 3014 3462 στόματι
3054 3393 3165 3446 τῶν
3213 3395 3435 3449 πάντων
3476 3397 3735 3467 ἀδελφῶν
3770 3400 3865 3453 καὶ

2272 3484 2726 3554 συμπασχόντων.
2759 3486 2950 3556 Ἶσμεν
2980 3485 3091 3556 γάρ
3111 3487 3194 3539 δτι
3228 3486 3401 3557 ίσχὺει
3427 3488 3460 3557 ὴ
3485 3487 3675 3541 δικαία
3703 3490 3864 3560 ήμῶν

2269 3571 2456 3643 δέησις
2488 3575 2855 3645 ἐνεργουμένη
2881 3591 2895 3605 ·
2926 3575 3001 3637 ὡς
3030 3574 3098 3628 ἀν
3126 3575 3205 3646 τῷ
3244 3577 3525 3648 ὲξιλασμῷ
3553 3578 3728 3648 αὐτῆς
3768 3597 3861 3633 κο-

2274 3660 2425 3731 πάσῃ
2450 3665 2481 3731 η
2505 3661 2733 3731 Θραῦσις
2760 3662 2862 3731 τῆς
2894 3663 3183 3733 αίρετικῆς
3211 3666 3509 3735 ῥομφαίας
3536 3666 3631 3718 τοῦ
3654 3670 3862 3741 Κυρίου

2273 3754 2355 3814 είς
2405 3753 2688 3824 είρηνικὴν
2723 3752 3033 3825 ὀρθοδοξίαν
3061 3755 3429 3825 ὲπανάγοντος
3476 3759 3572 3811 καὶ
3609 3761 3711 3829 τὴν
3742 3756 3863 3816 καθ’

2272 3847 2421 3915 ἡμᾶς
2461 3847 2811 3917 Ἐκκλησίαν.
2843 3846 2959 3900 ’Ὶνα
2981 3846 3038 3900 δὲ
3065 3848 3244 3917 εἰδῆτε
3274 3848 3369 3903 καὶ
3411 3850 3591 3919 ὑμεῖς,
3624 3846 3671 3905 ὦ
3702 3856 3865 3909 σεσα-

2276 3954 2444 4008 σμιοι,
2470 3941 2537 3992 ἐκ
2571 3940 2791 4011 μέρους,
2820 3936 2907 3993 οἷα
2929 3940 2997 3995 τὰ
3024 3940 3198 4010 ἀσεδῆ
3225 3941 3473 4009 δόγματα
3494 3943 3608 3997 τῶν
3640 3946 3820 4001 ἀθέων
3841 3963 3855 3980 ·

2276 4031 2677 4085 συναπέστειλα
2703 4034 2817 4095 τοῖς
2843 4032 3140 4103 γράμμασι
3194 4030 3370 4088 ταῦτα
3411 4036 3473 4089 ὲν
3519 4038 3859 4107 τετραδίοιςο

2273 4121 2310 4175 ὃ.
2342 4122 2435 4175 καὶ
2465 4122 2621 4187 ἔδοξα
2654 4125 2683 4176 ό
2714 4122 2934 4193 ἀμαθὴς
2964 4124 3316 4195 ἀνατρέπειν,
3339 4131 3681 4199 προτραπεὶς
3710 4133 3862 4201 παρά

2275 4213 2537 4267 εὐσεϐῶν.
2576 4214 2725 4267 Δίτῶ
2770 4215 2827 4267 δὲ
2880 4214 2987 4269 ὑπὸ
3039 4214 3140 4283 τῆς
3181 4216 3332 4280 θείας
3368 4218 3526 4287 ὑμῶν
3579 4220 3861 4289 ἀγχινοίας

2276 4306 2714 4376 ὲπισκεφθῆναιο
2776 4308 2873 4359 καὶ
2923 4306 2985 4360 τὸ
3016 4306 3233 4371 ἐλλιπὲς
3284 4309 3703 4379 ἀνορθωθῆναιο
3768 4314 3860 4366 καὶ

589 4397 1071 4466 quaternionibus,
1120 4412 1243 4467 quae
1292 4398 1547 4455 indoctus
1592 4399 1718 4455 licet
1760 4400 2047 4456 confutare
2079 4417 2177 4473 ag-

2280 4400 2613 4471 συγγνώμην
2668 4400 2778 4453 τῶν
2810 4399 3227 4471 ὲπωφλημένων
3258 4401 3517 4467 δέξασθαί
3553 4420 3622 4471 με
3647 4417 3663 4433 ·
3718 4402 3859 4475 λαμ-

591 4504 815 4559 gressus
836 4504 984 4555 sum,
1010 4490 1307 4559 proborum
1326 4492 1569 4545 virorum
1594 4491 1833 4547 hortatu.
1853 4490 1963 4547 Oro
1992 4502 2175 4548 autem

2282 4498 2544 4552 6dvsa0ai
2572 4512 2633 4549 τε
2682 4497 2766 4559 είς
2820 4498 3041 4566 μνήμην
3074 4496 3133 4547 έν
3166 4497 3286 4559 ταῖς
3322 4495 3655 4550 θεοκλινέσιν
3708 4497 3859 4567 ὑμῶν

593 4593 655 4637 ut
686 4599 749 4636 ea
781 4597 881 4651 pro
912 4582 1098 4637 divina
1130 4592 1309 4637 vestra
1342 4584 1640 4653 sagacitate
1667 4585 2009 4652 expendatis,
2032 4586 2179 4655 quod

2278 4589 2611 4659 προσευχαῖς
2634 4604 2649 4617 ·
2697 4585 2793 4639 καὶ
2840 4586 2948 4657 μὴν
2984 4584 3081 4638 καὶ
3110 4586 3500 4641 συντάττεσθαι
3530 4586 3610 4650 ὼς
3638 4587 3858 4658 ἔσχατον

595 4674 852 4727 vitiosum
895 4682 980 4728 est
1012 4672 1338 4738 emendetis,
1379 4684 1803 4745 erratorumque
1830 4678 2042 4730 veniam
2078 4678 2180 4731 tri-

599 4767 803 4827 huatis.
830 4774 885 4820 et
916 4774 974 4819 ut
1010 4766 1117 4821 mei
1150 4767 1509 4823 memineritis
1541 4767 1594 4821 in
1621 4766 1815 4822 vestris
1842 4767 2183 4825 ﬂectentibus

2278 4678 2499 4732 πάντων
2548 4675 2712 4746 μέλος
2754 4676 2814 4729 ἐν
2859 4675 2939 4747 τῷ
2994 4674 3327 4747 πληρώματι
3359 4674 3461 4746 τῆς
3509 4676 3673 4746 ἁγίας
3712 4679 3857 4749 ὑμῶν

2291 4768 2646 4840 Ἐκκλησίας.

600 4857 771 4911 Deum
814 4858 1067 4927 precibus
1102 4875 1116 4912 :
1165 4859 1400 4929 denique
1434 4869 1495 4914 ut
1538 4868 1803 4930 tanquam
1848 4870 2186 4930 postremum
2254 4866 2503 4923 omnium
2559 4860 2864 4916 membrum
2930 4871 3161 4915 censear
3202 4859 3257 4914 in
3294 4860 3637 4930 plenitudine
3666 4873 3855 4919 sancte

597 4968 794 5015 vestra:
831 4958 1109 5015 Ecclesiae.

668 5050 802 5105 Hac
842 5053 1024 5107 eadem
1063 5052 1285 5121 epistola
1318 5055 1479 5109 missa
1518 5064 1595 5107 est
1623 5057 1782 5109 etiam
1813 5057 1883 5110 ad
1914 5070 2179 5112 monaste-

598 5140 735 5192 rium
761 5143 937 5195 aancti
974 5141 1279 5197 Theodosii.

2372 5053 2442 5107 'H
2471 5049 2625 5117 αὐτὴ
2651 5047 2947 5113 ἐπιστολὴ
2974 5044 3293 5110 ἀπεστάλη
3324 5041 3424 5097 καί
3459 5042 3617 5112 πρὸς
3642 5043 3750 5112 τὴν
3770 5058 3859 5113 μο-

2288 5145 2411 5213 νὴν
2439 5141 2545 5197 τοῦ
2574 5141 2745 5209 ἁγίου
2777 5136 3122 5192 Θεοδοσίου.

1493 5306 1744 5355 Adversus
1764 5307 1961 5355 eosdem
1985 5309 2347 5357 lcouomachos.
2373 5308 2570 5369 (Baron.
2613 5318 2691 5353 an.
2715 5305 2826 5363 817,
2851 5317 2901 5353 n.
2924 5304 2993 5353 54

580 5448 853 5511 ’Χνιι-
882 5459 921 5511 Α
962 5456 1066 5512 Deo
1112 5458 1401 5525 honorato,
1439 5461 1632 5515 dilecto
1662 5476 1707 5516 et
1739 5465 1975 5532 spiritali
2022 5464 2177 5518 Patri

2289 5468 2303 5518 l
2311 5460 2553 5529 22—12;.
2572 5460 2895 5531 θεοτιμήτφ
2914 5502 2928 5527 ,
2953 5456 3317 5529 ἠγαπημένῳ
3341 5456 3443 5509 καὶ
3496 5444 3863 5527 πνευματικῶ

669 5566 806 5615 meo,
835 5552 1048 5605 domino
1092 5553 1412 5605 moderatori
1447 5556 1695 5611 maxima:
1740 5558 1909 5611 (aura:
1944 5558 2178 5611 beatissi-

670 5641 744 5694 mi
776 5642 950 5695 sancti
989 5641 1168 5697 Patris
1201 5644 1368 5697 nostri
1411 5644 1736 5714 Cliarilonis,
1780 5658 1827 5701 et
1860 5649 1927 5703 iis
1956 5650 2047 5714 qui
2080 5649 2175 5702 sub

728 5816 873 5873 Psal.
903 5834 974 5882 cr,
1016 5820 1065 5873 7.

2356 5572 2473 5623 μου
2547 5555 2772 5621 Πατρί,
2818 5552 3001 5619 κυρίῳ
3040 5549 3402 5619 καθηγεμόνι
3446 5548 3568 5616 τῆς
3596 5552 3862 5619 μεγίστης

2354 5652 2584 5715 λαύρας
2627 5646 2734 5702 τοῦ
2775 5644 3163 5715 παμμάκαρος
3219 5641 3397 5710 ἁγίου
3435 5644 3679 5714 Πατρός
3717 5641 3864 5714 ἡμῶν

1142 5821 1162 5851 ⁸
1210 5819 1357 5878 Psal.
1386 5838 1571 5887 cxxiii,
1612 5823 1663 5877 6.
1744 5825 1762 5855 ⁸
1795 5824 1899 5880 lsa.
1940 5842 1976 5893 i,
2014 5826 2067 5881 9.
2146 5824 2299 5879 ’Jac.
2335 5840 2385 5890 v,
2431 5813 2515 5891 16,
