  <div class='ocr_page' id='page_1' title='image "/cluster/home/n/w/nwhite01/storage/ocr_20150623/99/pst.000005714063/636.png"; bbox 0 0 3990 6318; ppageno 0'>
   <div class='ocr_carea' id='block_1_1' title="bbox 155 363 296 431">
    <p class='ocr_par' dir='ltr' id='par_1_1' title="bbox 155 363 296 431">
     <span class='ocr_line' id='line_1_1' title="bbox 155 363 296 431; baseline 0 -3"><span class='ocrx_word' id='word_1_1' title='bbox 155 363 296 431; x_wconf 84' lang='lat'><strong>1169</strong></span> 
     </span>
    </p>
   </div>
   <div class='ocr_carea' id='block_1_2' title="bbox 223 576 1736 649">
    <p class='ocr_par' dir='ltr' id='par_1_2' title="bbox 223 576 1736 649">
     <span class='ocr_line' id='line_1_2' title="bbox 223 576 1736 649; baseline 0.002 -21"><span class='ocrx_word' id='word_1_2' title='bbox 223 576 458 644; x_wconf 76' lang='grc' dir='ltr'><strong>φάσιν,</strong></span> <span class='ocrx_word' id='word_1_3' title='bbox 495 577 791 647; x_wconf 81' lang='grc' dir='ltr'><strong>Θεόδωρος</strong></span> <span class='ocrx_word' id='word_1_4' title='bbox 841 579 1187 648; x_wconf 77' lang='grc' dir='ltr'><strong>ἐλάχιστος,</strong></span> <span class='ocrx_word' id='word_1_5' title='bbox 1215 581 1617 649; x_wconf 77' lang='grc' dir='ltr'><strong>πρεσϐύτερος</strong></span> <span class='ocrx_word' id='word_1_6' title='bbox 1637 580 1736 632; x_wconf 79' lang='grc' dir='ltr'><strong>καί</strong></span> 
     </span>
    </p>
   </div>
   <div class='ocr_carea' id='block_1_3' title="bbox 224 667 1733 744">
    <p class='ocr_par' dir='ltr' id='par_1_3' title="bbox 224 667 1733 744">
     <span class='ocr_line' id='line_1_3' title="bbox 224 667 1733 744; baseline 0.004 -25"><span class='ocrx_word' id='word_1_7' title='bbox 224 668 562 736; x_wconf 70' lang='grc' dir='ltr'><strong>ἡγούμενος</strong></span> <span class='ocrx_word' id='word_1_8' title='bbox 584 667 704 722; x_wconf 78' lang='grc' dir='ltr'><strong>τῶν</strong></span> <span class='ocrx_word' id='word_1_9' title='bbox 735 671 1047 725; x_wconf 83' lang='grc' dir='ltr'><strong>Στουδίου.</strong></span> <span class='ocrx_word' id='word_1_10' title='bbox 1583 671 1733 744; x_wconf 57' lang='grc' dir='ltr'><strong>[σξη]</strong></span> 
     </span>
    </p>
   </div>
   <div class='ocr_carea' id='block_1_4' title="bbox 235 759 1732 834">
    <p class='ocr_par' dir='ltr' id='par_1_4' title="bbox 235 759 1732 834">
     <span class='ocr_line' id='line_1_4' title="bbox 235 759 1732 834; baseline 0.004 -24"><span class='ocrx_word' id='word_1_11' title='bbox 235 759 458 828; x_wconf 77' lang='grc' dir='ltr'><strong>Ἐπειδὴ</strong></span> <span class='ocrx_word' id='word_1_12' title='bbox 482 760 614 828; x_wconf 83' lang='grc' dir='ltr'><strong>παρ’</strong></span> <span class='ocrx_word' id='word_1_13' title='bbox 644 760 837 813; x_wconf 81' lang='grc' dir='ltr'><strong>ὲλπίδα</strong></span> <span class='ocrx_word' id='word_1_14' title='bbox 867 763 901 830; x_wconf 83' lang='grc' dir='ltr'>ὴ</span> <span class='ocrx_word' id='word_1_15' title='bbox 932 763 1209 828; x_wconf 84' lang='grc' dir='ltr'><strong>ὲπίτευξις</strong></span> <span class='ocrx_word' id='word_1_16' title='bbox 1235 763 1344 816; x_wconf 87' lang='grc' dir='ltr'><strong>τῶν</strong></span> <span class='ocrx_word' id='word_1_17' title='bbox 1364 764 1732 834; x_wconf 76' lang='grc' dir='ltr'><strong>γραμμάτων,</strong></span> 
     </span>
    </p>
   </div>
   <div class='ocr_carea' id='block_1_5' title="bbox 147 849 1736 922">
    <p class='ocr_par' dir='ltr' id='par_1_5' title="bbox 147 849 1736 922">
     <span class='ocr_line' id='line_1_5' title="bbox 147 849 1736 922; baseline 0.003 -21"><span class='ocrx_word' id='word_1_18' title='bbox 147 849 547 917; x_wconf 80' lang='grc' dir='ltr'><strong>θαυμαστικῶς</strong></span> <span class='ocrx_word' id='word_1_19' title='bbox 579 850 870 920; x_wconf 75' lang='grc' dir='ltr'><strong>βοήσομαι·</strong></span> <span class='ocrx_word' id='word_1_20' title='bbox 891 853 1059 905; x_wconf 85' lang='grc' dir='ltr'><strong>Πόθεν</strong></span> <span class='ocrx_word' id='word_1_21' title='bbox 1091 871 1182 922; x_wconf 91' lang='grc' dir='ltr'><strong>μοι</strong></span> <span class='ocrx_word' id='word_1_22' title='bbox 1202 852 1378 917; x_wconf 83' lang='grc' dir='ltr'><strong>τοῦτο,</strong></span> <span class='ocrx_word' id='word_1_23' title='bbox 1411 853 1498 906; x_wconf 76' lang='grc' dir='ltr'><strong>ἵνα</strong></span> <span class='ocrx_word' id='word_1_24' title='bbox 1520 853 1736 916; x_wconf 79' lang='grc' dir='ltr'><strong>ἀξιωθῶ</strong></span> 
     </span>
    </p>
   </div>
   <div class='ocr_carea' id='block_1_6' title="bbox 145 939 1732 1013">
    <p class='ocr_par' dir='ltr' id='par_1_6' title="bbox 145 939 1732 1013">
     <span class='ocr_line' id='line_1_6' title="bbox 145 939 1732 1013; baseline 0.003 -22"><span class='ocrx_word' id='word_1_25' title='bbox 145 941 176 991; x_wconf 94' lang='lat'><strong>6</strong></span> <span class='ocrx_word' id='word_1_26' title='bbox 212 939 438 1011; x_wconf 78' lang='grc' dir='ltr'><strong>εὐτελὴς</strong></span> <span class='ocrx_word' id='word_1_27' title='bbox 469 940 773 994; x_wconf 78' lang='grc' dir='ltr'><strong>ἐπιστεῖλαι</strong></span> <span class='ocrx_word' id='word_1_28' title='bbox 796 943 927 1013; x_wconf 83' lang='grc' dir='ltr'><strong>ὑμῖν</strong></span> <span class='ocrx_word' id='word_1_29' title='bbox 951 946 1066 1006; x_wconf 88' lang='grc' dir='ltr'><strong>τοῖς</strong></span> <span class='ocrx_word' id='word_1_30' title='bbox 1099 945 1278 1010; x_wconf 89' lang='grc' dir='ltr'><strong>ἀγίοις</strong></span> <span class='ocrx_word' id='word_1_31' title='bbox 1309 961 1411 1012; x_wconf 88' lang='grc' dir='ltr'><strong>μου</strong></span> <span class='ocrx_word' id='word_1_32' title='bbox 1435 945 1732 1012; x_wconf 80' lang='grc' dir='ltr'><strong>Πατράσινς</strong></span> 
     </span>
    </p>
   </div>
   <div class='ocr_carea' id='block_1_7' title="bbox 160 1031 1736 1105">
    <p class='ocr_par' dir='ltr' id='par_1_7' title="bbox 160 1031 1736 1105">
     <span class='ocr_line' id='line_1_7' title="bbox 160 1031 1736 1105; baseline 0.005 -24"><span class='ocrx_word' id='word_1_33' title='bbox 160 1031 297 1084; x_wconf 79' lang='grc' dir='ltr'><strong>Ἰδοὺ</strong></span> <span class='ocrx_word' id='word_1_34' title='bbox 349 1031 458 1100; x_wconf 82' lang='grc' dir='ltr'><strong>γὰρ</strong></span> <span class='ocrx_word' id='word_1_35' title='bbox 502 1031 579 1094; x_wconf 86' lang='grc' dir='ltr'><strong>ὡς</strong></span> <span class='ocrx_word' id='word_1_36' title='bbox 635 1033 962 1098; x_wconf 76' lang='grc' dir='ltr'><strong>κατείληφεν</strong></span> <span class='ocrx_word' id='word_1_37' title='bbox 1006 1034 1154 1104; x_wconf 76' lang='grc' dir='ltr'><strong>ἡμᾶς</strong></span> <span class='ocrx_word' id='word_1_38' title='bbox 1207 1034 1296 1087; x_wconf 80' lang='grc' dir='ltr'><strong>διὰ</strong></span> <span class='ocrx_word' id='word_1_39' title='bbox 1327 1035 1426 1097; x_wconf 82' lang='grc' dir='ltr'><strong>τὰς</strong></span> <span class='ocrx_word' id='word_1_40' title='bbox 1461 1035 1736 1105; x_wconf 84' lang='grc' dir='ltr'><strong>ἁμαρτίας</strong></span> 
     </span>
    </p>
   </div>
   <div class='ocr_carea' id='block_1_8' title="bbox 147 1121 1736 1198">
    <p class='ocr_par' dir='ltr' id='par_1_8' title="bbox 147 1121 1736 1198">
     <span class='ocr_line' id='line_1_8' title="bbox 147 1121 1736 1198; baseline 0.004 -25"><span class='ocrx_word' id='word_1_41' title='bbox 147 1122 312 1192; x_wconf 77' lang='grc' dir='ltr'><strong>ἡμῶν</strong></span> <span class='ocrx_word' id='word_1_42' title='bbox 358 1123 389 1175; x_wconf 93' lang='lat'><strong>6</strong></span> <span class='ocrx_word' id='word_1_43' title='bbox 448 1123 832 1192; x_wconf 81' lang='grc' dir='ltr'><strong>χαλεπώτατος</strong></span> <span class='ocrx_word' id='word_1_44' title='bbox 873 1125 1114 1195; x_wconf 77' lang='grc' dir='ltr'><strong>διωγμὸς</strong></span> <span class='ocrx_word' id='word_1_45' title='bbox 1159 1121 1318 1190; x_wconf 75' lang='grc' dir='ltr'><strong>οὗτος</strong></span> <span class='ocrx_word' id='word_1_46' title='bbox 1338 1142 1353 1158; x_wconf 89' lang='grc'><strong>·</strong></span> <span class='ocrx_word' id='word_1_47' title='bbox 1398 1122 1459 1181; x_wconf 75' lang='grc' dir='ltr'>οὗ</span> <span class='ocrx_word' id='word_1_48' title='bbox 1509 1130 1543 1198; x_wconf 87' lang='grc' dir='ltr'><strong>ή</strong></span> <span class='ocrx_word' id='word_1_49' title='bbox 1597 1126 1736 1197; x_wconf 78' lang='grc' dir='ltr'><strong>ἀκοὴ</strong></span> 
     </span>
    </p>
   </div>
   <div class='ocr_carea' id='block_1_9' title="bbox 148 1215 1736 1287">
    <p class='ocr_par' dir='ltr' id='par_1_9' title="bbox 148 1215 1736 1287">
     <span class='ocr_line' id='line_1_9' title="bbox 148 1215 1736 1287; baseline 0.004 -21"><span class='ocrx_word' id='word_1_50' title='bbox 148 1216 375 1277; x_wconf 81' lang='grc' dir='ltr'><strong>πάντως</strong></span> <span class='ocrx_word' id='word_1_51' title='bbox 427 1215 590 1286; x_wconf 80' lang='grc' dir='ltr'><strong>μέχρι</strong></span> <span class='ocrx_word' id='word_1_52' title='bbox 637 1217 732 1269; x_wconf 77' lang='grc' dir='ltr'><strong>καὶ</strong></span> <span class='ocrx_word' id='word_1_53' title='bbox 784 1217 939 1286; x_wconf 85' lang='grc' dir='ltr'><strong>ὑμῶν</strong></span> <span class='ocrx_word' id='word_1_54' title='bbox 994 1219 1252 1287; x_wconf 70' lang='grc' dir='ltr'><strong>ἔφθασεν.</strong></span> <span class='ocrx_word' id='word_1_55' title='bbox 1317 1218 1611 1272; x_wconf 84' lang='grc' dir='ltr'><strong>Ἐσκόπουν</strong></span> <span class='ocrx_word' id='word_1_56' title='bbox 1641 1222 1736 1273; x_wconf 73' lang='grc' dir='ltr'><strong>καὶ</strong></span> 
     </span>
    </p>
   </div>
   <div class='ocr_carea' id='block_1_10' title="bbox 147 1302 1734 1380">
    <p class='ocr_par' dir='ltr' id='par_1_10' title="bbox 147 1302 1734 1380">
     <span class='ocr_line' id='line_1_10' title="bbox 147 1302 1734 1380; baseline 0.003 -22"><span class='ocrx_word' id='word_1_57' title='bbox 147 1304 470 1375; x_wconf 76' lang='grc' dir='ltr'><strong>ἀνηρεύνων</strong></span> <span class='ocrx_word' id='word_1_58' title='bbox 487 1308 516 1358; x_wconf 94' lang='lat'><strong>6</strong></span> <span class='ocrx_word' id='word_1_59' title='bbox 535 1306 807 1369; x_wconf 78' lang='grc' dir='ltr'><strong>ταπεινὸς,</strong></span> <span class='ocrx_word' id='word_1_60' title='bbox 832 1307 950 1371; x_wconf 87' lang='grc' dir='ltr'><strong>πῶς</strong></span> <span class='ocrx_word' id='word_1_61' title='bbox 979 1310 1076 1362; x_wconf 76' lang='grc' dir='ltr'><strong>καὶ</strong></span> <span class='ocrx_word' id='word_1_62' title='bbox 1103 1309 1174 1361; x_wconf 80' lang='grc' dir='ltr'><strong>δι’</strong></span> <span class='ocrx_word' id='word_1_63' title='bbox 1197 1302 1406 1371; x_wconf 79' lang='grc' dir='ltr'><strong>οὗτινος</strong></span> <span class='ocrx_word' id='word_1_64' title='bbox 1442 1309 1734 1380; x_wconf 82' lang='grc' dir='ltr'><strong>προσώπου</strong></span> 
     </span>
    </p>
   </div>
   <div class='ocr_carea' id='block_1_11' title="bbox 147 1395 1736 1470">
    <p class='ocr_par' dir='ltr' id='par_1_11' title="bbox 147 1395 1736 1470">
     <span class='ocr_line' id='line_1_11' title="bbox 147 1395 1736 1470; baseline 0.003 -22"><span class='ocrx_word' id='word_1_65' title='bbox 147 1395 443 1466; x_wconf 83' lang='grc' dir='ltr'><strong>δυνηθείην</strong></span> <span class='ocrx_word' id='word_1_66' title='bbox 473 1397 871 1467; x_wconf 83' lang='grc' dir='ltr'><strong>ἀποδύρασθαι,</strong></span> <span class='ocrx_word' id='word_1_67' title='bbox 911 1401 1007 1453; x_wconf 75' lang='grc' dir='ltr'><strong>καὶ</strong></span> <span class='ocrx_word' id='word_1_68' title='bbox 1050 1401 1188 1470; x_wconf 77' lang='grc' dir='ltr'><strong>πρὸς</strong></span> <span class='ocrx_word' id='word_1_69' title='bbox 1219 1401 1363 1470; x_wconf 76' lang='grc' dir='ltr'><strong>ὑμᾶς</strong></span> <span class='ocrx_word' id='word_1_70' title='bbox 1387 1401 1514 1464; x_wconf 82' lang='grc' dir='ltr'><strong>τοὺς</strong></span> <span class='ocrx_word' id='word_1_71' title='bbox 1546 1401 1736 1468; x_wconf 79' lang='grc' dir='ltr'><strong>ἁγίους</strong></span> 
     </span>
    </p>
   </div>
   <div class='ocr_carea' id='block_1_12' title="bbox 147 1487 1735 1560">
    <p class='ocr_par' dir='ltr' id='par_1_12' title="bbox 147 1487 1735 1560">
     <span class='ocr_line' id='line_1_12' title="bbox 147 1487 1735 1560; baseline 0.004 -22"><span class='ocrx_word' id='word_1_72' title='bbox 147 1488 220 1540; x_wconf 80' lang='grc' dir='ltr'><strong>τὰ</strong></span> <span class='ocrx_word' id='word_1_73' title='bbox 246 1487 531 1557; x_wconf 83' lang='grc' dir='ltr'><strong>συμϐάντα</strong></span> <span class='ocrx_word' id='word_1_74' title='bbox 557 1489 690 1558; x_wconf 66' lang='grc' dir='ltr'><strong>⁴ἡμῖν</strong></span> <span class='ocrx_word' id='word_1_75' title='bbox 728 1490 899 1554; x_wconf 87' lang='grc' dir='ltr'><strong>δεινά,</strong></span> <span class='ocrx_word' id='word_1_76' title='bbox 934 1491 1036 1544; x_wconf 86' lang='grc' dir='ltr'><strong>οὐκ</strong></span> <span class='ocrx_word' id='word_1_77' title='bbox 1072 1490 1234 1544; x_wconf 78' lang='grc' dir='ltr'><strong>ἀλλου</strong></span> <span class='ocrx_word' id='word_1_78' title='bbox 1286 1491 1432 1554; x_wconf 83' lang='grc' dir='ltr'><strong>τινὸς</strong></span> <span class='ocrx_word' id='word_1_79' title='bbox 1460 1492 1669 1556; x_wconf 73' lang='grc' dir='ltr'><strong>ἕνεκεν,</strong></span> <span class='ocrx_word' id='word_1_80' title='bbox 1700 1491 1735 1560; x_wconf 75' lang='grc' dir='ltr'><strong>ἢ</strong></span> 
     </span>
    </p>
   </div>
   <div class='ocr_carea' id='block_1_13' title="bbox 149 1581 1736 1656">
    <p class='ocr_par' dir='ltr' id='par_1_13' title="bbox 149 1581 1736 1656">
     <span class='ocr_line' id='line_1_13' title="bbox 149 1581 1736 1656; baseline 0.003 -22"><span class='ocrx_word' id='word_1_81' title='bbox 149 1581 247 1634; x_wconf 90' lang='grc' dir='ltr'><strong>τοῦ</strong></span> <span class='ocrx_word' id='word_1_82' title='bbox 296 1585 378 1645; x_wconf 84' lang='grc' dir='ltr'><strong>εἰς</strong></span> <span class='ocrx_word' id='word_1_83' title='bbox 431 1584 774 1652; x_wconf 74' lang='grc' dir='ltr'><strong>συμπάθειαν</strong></span> <span class='ocrx_word' id='word_1_84' title='bbox 804 1585 1203 1640; x_wconf 74' lang='grc' dir='ltr'><strong>ἐκκαλέσασθαι</strong></span> <span class='ocrx_word' id='word_1_85' title='bbox 1251 1586 1408 1656; x_wconf 79' lang='grc' dir='ltr'><strong>ὑμῶν</strong></span> <span class='ocrx_word' id='word_1_86' title='bbox 1435 1587 1536 1649; x_wconf 83' lang='grc' dir='ltr'><strong>τὰς</strong></span> <span class='ocrx_word' id='word_1_87' title='bbox 1574 1587 1736 1654; x_wconf 88' lang='grc' dir='ltr'><strong>ἀγίας</strong></span> 
     </span>
    </p>
   </div>
   <div class='ocr_carea' id='block_1_14' title="bbox 147 1674 1735 1748">
    <p class='ocr_par' dir='ltr' id='par_1_14' title="bbox 147 1674 1735 1748">
     <span class='ocr_line' id='line_1_14' title="bbox 147 1674 1735 1748; baseline 0.004 -23"><span class='ocrx_word' id='word_1_88' title='bbox 147 1674 359 1743; x_wconf 76' lang='grc' dir='ltr'><strong>ψυχὰς,</strong></span> <span class='ocrx_word' id='word_1_89' title='bbox 414 1674 797 1729; x_wconf 73' lang='grc' dir='ltr'><strong>ἀντιλαϐέσθαι</strong></span> <span class='ocrx_word' id='word_1_90' title='bbox 857 1677 1016 1747; x_wconf 80' lang='grc' dir='ltr'><strong>ἡμῶν</strong></span> <span class='ocrx_word' id='word_1_91' title='bbox 1072 1677 1164 1730; x_wconf 83' lang='grc' dir='ltr'><strong>διά</strong></span> <span class='ocrx_word' id='word_1_92' title='bbox 1217 1677 1328 1732; x_wconf 87' lang='grc' dir='ltr'><strong>τῶν</strong></span> <span class='ocrx_word' id='word_1_93' title='bbox 1385 1679 1735 1748; x_wconf 83' lang='grc' dir='ltr'>προσευχῶν,</span> 
     </span>
    </p>
   </div>
   <div class='ocr_carea' id='block_1_15' title="bbox 152 1767 1736 1840">
    <p class='ocr_par' dir='ltr' id='par_1_15' title="bbox 152 1767 1736 1840">
     <span class='ocr_line' id='line_1_15' title="bbox 152 1767 1736 1840; baseline 0.003 -22"><span class='ocrx_word' id='word_1_94' title='bbox 152 1767 508 1836; x_wconf 81' lang='grc' dir='ltr'><strong>συμπάσχειν</strong></span> <span class='ocrx_word' id='word_1_95' title='bbox 544 1767 788 1835; x_wconf 86' lang='grc' dir='ltr'><strong>δηλονότι</strong></span> <span class='ocrx_word' id='word_1_96' title='bbox 815 1769 1035 1821; x_wconf 82' lang='grc' dir='ltr'><strong>εἰδότων</strong></span> <span class='ocrx_word' id='word_1_97' title='bbox 1065 1771 1209 1822; x_wconf 88' lang='grc' dir='ltr'><strong>κατά</strong></span> <span class='ocrx_word' id='word_1_98' title='bbox 1237 1769 1336 1839; x_wconf 79' lang='grc' dir='ltr'><strong>τὴν</strong></span> <span class='ocrx_word' id='word_1_99' title='bbox 1369 1771 1736 1840; x_wconf 80' lang='grc' dir='ltr'><strong>ἀποστολικὴν</strong></span> 
     </span>
    </p>
   </div>
   <div class='ocr_carea' id='block_1_16' title="bbox 1344 369 2219 430">
    <p class='ocr_par' dir='ltr' id='par_1_16' title="bbox 1344 369 2219 430">
     <span class='ocr_line' id='line_1_16' title="bbox 1344 369 2219 430; baseline -0.002 0"><span class='ocrx_word' id='word_1_100' title='bbox 1344 369 1881 430; x_wconf 79' lang='lat' dir='ltr'><strong>EPISTOLARUM</strong></span> <span class='ocrx_word' id='word_1_101' title='bbox 1939 370 2083 428; x_wconf 88' lang='lat' dir='ltr'><strong>LIB.</strong></span> <span class='ocrx_word' id='word_1_102' title='bbox 2135 369 2219 428; x_wconf 90' lang='grc' dir='ltr'><strong>ΙΙ.</strong></span> 
     </span>
    </p>
   </div>
   <div class='ocr_carea' id='block_1_17' title="bbox 221 479 1817 553">
    <p class='ocr_par' dir='ltr' id='par_1_17' title="bbox 221 479 1817 553">
     <span class='ocr_line' id='line_1_17' title="bbox 221 479 1817 553; baseline 0.003 -20"><span class='ocrx_word' id='word_1_103' title='bbox 221 480 578 548; x_wconf 78' lang='grc' dir='ltr'><strong>Χαρίτωνος,</strong></span> <span class='ocrx_word' id='word_1_104' title='bbox 627 479 731 542; x_wconf 76' lang='grc' dir='ltr'><strong>καὶ</strong></span> <span class='ocrx_word' id='word_1_105' title='bbox 781 483 901 547; x_wconf 85' lang='grc' dir='ltr'><strong>τοῖς</strong></span> <span class='ocrx_word' id='word_1_106' title='bbox 934 483 1035 540; x_wconf 74' lang='grc' dir='ltr'><strong>ὑπ’</strong></span> <span class='ocrx_word' id='word_1_107' title='bbox 1065 482 1220 552; x_wconf 76' lang='grc' dir='ltr'><strong>αὐτῇ</strong></span> <span class='ocrx_word' id='word_1_108' title='bbox 1263 485 1458 550; x_wconf 71' lang='grc' dir='ltr'><strong>ὁσίοις</strong></span> <span class='ocrx_word' id='word_1_109' title='bbox 1481 503 1603 553; x_wconf 80' lang='grc' dir='ltr'><strong>μου</strong></span> <span class='ocrx_word' id='word_1_110' title='bbox 1621 487 1738 538; x_wconf 85' lang='grc' dir='ltr'><strong>Πα-</strong></span> <span class='ocrx_word' id='word_1_111' title='bbox 1765 486 1817 543; x_wconf 82' lang='grc' dir='ltr'><strong>Α</strong></span> 
     </span>
    </p>
   </div>
   <div class='ocr_carea' id='block_1_18' title="bbox 3275 367 3412 432">
    <p class='ocr_par' dir='ltr' id='par_1_18' title="bbox 3275 367 3412 432">
     <span class='ocr_line' id='line_1_18' title="bbox 3275 367 3412 432; baseline 0 0"><span class='ocrx_word' id='word_1_112' title='bbox 3275 367 3412 432; x_wconf 84' lang='lat'><strong>1170</strong></span> 
     </span>
    </p>
   </div>
   <div class='ocr_carea' id='block_1_19' title="bbox 1911 483 3414 556">
    <p class='ocr_par' dir='ltr' id='par_1_19' title="bbox 1911 483 3414 556">
     <span class='ocr_line' id='line_1_19' title="bbox 1911 483 3414 556; baseline 0.005 -20"><span class='ocrx_word' id='word_1_113' title='bbox 1911 484 2009 537; x_wconf 81' lang='lat' dir='ltr'><strong>illa</strong></span> <span class='ocrx_word' id='word_1_114' title='bbox 2030 494 2148 538; x_wconf 73' lang='lat' dir='ltr'><strong>sunt</strong></span> <span class='ocrx_word' id='word_1_115' title='bbox 2163 485 2360 539; x_wconf 75' lang='lat' dir='ltr'><strong>sanctis</strong></span> <span class='ocrx_word' id='word_1_116' title='bbox 2376 483 2628 540; x_wconf 78' lang='lat' dir='ltr'><strong>Patribus</strong></span> <span class='ocrx_word' id='word_1_117' title='bbox 2650 487 2799 550; x_wconf 79' lang='lat' dir='ltr'><strong>meis,</strong></span> <span class='ocrx_word' id='word_1_118' title='bbox 2824 484 3127 542; x_wconf 74' lang='lat' dir='ltr'><strong>Theodorus</strong></span> <span class='ocrx_word' id='word_1_119' title='bbox 3145 490 3414 556; x_wconf 74' lang='lat' dir='ltr'><strong>minimus,</strong></span> 
     </span>
    </p>
   </div>
   <div class='ocr_carea' id='block_1_20' title="bbox 1904 577 3000 647">
    <p class='ocr_par' dir='ltr' id='par_1_20' title="bbox 1904 577 3000 647">
     <span class='ocr_line' id='line_1_20' title="bbox 1904 577 3000 647; baseline 0.004 -19"><span class='ocrx_word' id='word_1_120' title='bbox 1904 579 2171 647; x_wconf 71' lang='lat' dir='ltr'><strong>presbyter</strong></span> <span class='ocrx_word' id='word_1_121' title='bbox 2200 587 2250 632; x_wconf 84' lang='lat' dir='ltr'><strong>et</strong></span> <span class='ocrx_word' id='word_1_122' title='bbox 2281 580 2593 647; x_wconf 61' lang='lat' dir='ltr'><strong>praepositus</strong></span> <span class='ocrx_word' id='word_1_123' title='bbox 2638 577 3000 634; x_wconf 79' lang='lat' dir='ltr'><strong>Studitarum.</strong></span> 
     </span>
    </p>
   </div>
   <div class='ocr_carea' id='block_1_21' title="bbox 1903 757 3415 831">
    <p class='ocr_par' dir='ltr' id='par_1_21' title="bbox 1903 757 3415 831">
     <span class='ocr_line' id='line_1_21' title="bbox 1903 757 3415 831; baseline 0.001 -20"><span class='ocrx_word' id='word_1_124' title='bbox 1903 757 2354 828; x_wconf 82' lang='lat' dir='ltr'><strong>Quandoquidem</strong></span> <span class='ocrx_word' id='word_1_125' title='bbox 2396 769 2596 830; x_wconf 70' lang='lat' dir='ltr'><strong>prmter</strong></span> <span class='ocrx_word' id='word_1_126' title='bbox 2633 777 2786 831; x_wconf 83' lang='lat' dir='ltr'><strong>spem</strong></span> <span class='ocrx_word' id='word_1_127' title='bbox 2824 763 3046 819; x_wconf 78' lang='lat' dir='ltr'><strong>occasio</strong></span> <span class='ocrx_word' id='word_1_128' title='bbox 3095 777 3154 818; x_wconf 89' lang='lat' dir='ltr'><strong>se</strong></span> <span class='ocrx_word' id='word_1_129' title='bbox 3190 761 3286 816; x_wconf 85' lang='lat' dir='ltr'><strong>dat</strong></span> <span class='ocrx_word' id='word_1_130' title='bbox 3326 759 3415 814; x_wconf 91' lang='lat' dir='ltr'><strong>lit-</strong></span> 
     </span>
    </p>
   </div>
   <div class='ocr_carea' id='block_1_22' title="bbox 1835 855 3418 923">
    <p class='ocr_par' dir='ltr' id='par_1_22' title="bbox 1835 855 3418 923">
     <span class='ocr_line' id='line_1_22' title="bbox 1835 855 3418 923; baseline 0 -18"><span class='ocrx_word' id='word_1_131' title='bbox 1835 860 2096 916; x_wconf 87' lang='lat' dir='ltr'><strong>terarum,</strong></span> <span class='ocrx_word' id='word_1_132' title='bbox 2147 863 2371 923; x_wconf 82' lang='lat' dir='ltr'><strong>stupens</strong></span> <span class='ocrx_word' id='word_1_133' title='bbox 2402 855 2720 910; x_wconf 80' lang='lat' dir='ltr'><strong>exelamabo</strong></span> <span class='ocrx_word' id='word_1_134' title='bbox 2768 873 2782 911; x_wconf 90' lang='lat'><strong>:</strong></span> <span class='ocrx_word' id='word_1_135' title='bbox 2830 855 2986 912; x_wconf 85' lang='lat' dir='ltr'><strong>Unde</strong></span> <span class='ocrx_word' id='word_1_136' title='bbox 3030 855 3136 910; x_wconf 83' lang='lat' dir='ltr'><strong>hoc</strong></span> <span class='ocrx_word' id='word_1_137' title='bbox 3167 855 3323 917; x_wconf 92' lang='lat' dir='ltr'><strong>mihi,</strong></span> <span class='ocrx_word' id='word_1_138' title='bbox 3359 862 3418 906; x_wconf 84' lang='lat' dir='ltr'><strong>ut</strong></span> 
     </span>
    </p>
   </div>
   <div class='ocr_carea' id='block_1_23' title="bbox 1833 943 3414 1013">
    <p class='ocr_par' dir='ltr' id='par_1_23' title="bbox 1833 943 3414 1013">
     <span class='ocr_line' id='line_1_23' title="bbox 1833 943 3414 1013; baseline -0.001 -17"><span class='ocrx_word' id='word_1_139' title='bbox 1833 957 1958 996; x_wconf 90' lang='lat' dir='ltr'><strong>cum</strong></span> <span class='ocrx_word' id='word_1_140' title='bbox 1995 944 2199 998; x_wconf 84' lang='lat' dir='ltr'><strong>nullius</strong></span> <span class='ocrx_word' id='word_1_141' title='bbox 2228 945 2329 999; x_wconf 88' lang='lat' dir='ltr'><strong>sim</strong></span> <span class='ocrx_word' id='word_1_142' title='bbox 2360 945 2541 1013; x_wconf 87' lang='lat' dir='ltr'><strong>pretii,</strong></span> <span class='ocrx_word' id='word_1_143' title='bbox 2580 945 2650 998; x_wconf 92' lang='lat' dir='ltr'><strong>ad</strong></span> <span class='ocrx_word' id='word_1_144' title='bbox 2694 960 2813 1009; x_wconf 83' lang='lat' dir='ltr'><strong>vos,</strong></span> <span class='ocrx_word' id='word_1_145' title='bbox 2856 944 3046 999; x_wconf 84' lang='lat' dir='ltr'><strong>Patres</strong></span> <span class='ocrx_word' id='word_1_146' title='bbox 3083 945 3188 998; x_wconf 88' lang='lat' dir='ltr'><strong>mei</strong></span> <span class='ocrx_word' id='word_1_147' title='bbox 3220 943 3414 1005; x_wconf 90' lang='lat' dir='ltr'><strong>sancti,</strong></span> 
     </span>
    </p>
   </div>
   <div class='ocr_carea' id='block_1_24' title="bbox 1837 1033 3421 1104">
    <p class='ocr_par' dir='ltr' id='par_1_24' title="bbox 1837 1033 3421 1104">
     <span class='ocr_line' id='line_1_24' title="bbox 1837 1033 3421 1104; baseline 0.001 -19"><span class='ocrx_word' id='word_1_148' title='bbox 1837 1033 2045 1087; x_wconf 86' lang='lat' dir='ltr'><strong>litteras</strong></span> <span class='ocrx_word' id='word_1_149' title='bbox 2082 1035 2424 1090; x_wconf 87' lang='lat' dir='ltr'><strong>conscribam</strong></span> <span class='ocrx_word' id='word_1_150' title='bbox 2453 1035 2476 1088; x_wconf 74' lang='grc'>7</span> <span class='ocrx_word' id='word_1_151' title='bbox 2501 1035 2638 1091; x_wconf 82' lang='lat' dir='ltr'><strong>Ecce</strong></span> <span class='ocrx_word' id='word_1_152' title='bbox 2677 1037 2823 1092; x_wconf 88' lang='lat' dir='ltr'><strong>enim</strong></span> <span class='ocrx_word' id='word_1_153' title='bbox 2871 1037 2962 1091; x_wconf 90' lang='lat' dir='ltr'><strong>ubi</strong></span> <span class='ocrx_word' id='word_1_154' title='bbox 3009 1050 3110 1089; x_wconf 82' lang='lat' dir='ltr'><strong>nos</strong></span> <span class='ocrx_word' id='word_1_155' title='bbox 3146 1034 3421 1104; x_wconf 82' lang='lat' dir='ltr'><strong>Oppressit</strong></span> 
     </span>
    </p>
   </div>
   <div class='ocr_carea' id='block_1_25' title="bbox 1836 1125 3416 1195">
    <p class='ocr_par' dir='ltr' id='par_1_25' title="bbox 1836 1125 3416 1195">
     <span class='ocr_line' id='line_1_25' title="bbox 1836 1125 3416 1195; baseline 0 -18"><span class='ocrx_word' id='word_1_156' title='bbox 1836 1126 1906 1178; x_wconf 89' lang='lat' dir='ltr'><strong>ob</strong></span> <span class='ocrx_word' id='word_1_157' title='bbox 1939 1127 2146 1182; x_wconf 83' lang='lat' dir='ltr'><strong>scelera</strong></span> <span class='ocrx_word' id='word_1_158' title='bbox 2185 1135 2376 1180; x_wconf 86' lang='lat' dir='ltr'><strong>nostra</strong></span> <span class='ocrx_word' id='word_1_159' title='bbox 2408 1129 2603 1181; x_wconf 86' lang='lat' dir='ltr'><strong>acerba</strong></span> <span class='ocrx_word' id='word_1_160' title='bbox 2642 1127 2758 1182; x_wconf 62' lang='lat' dir='ltr'><strong>haec</strong></span> <span class='ocrx_word' id='word_1_161' title='bbox 2783 1127 2838 1181; x_wconf 89' lang='lat' dir='ltr'><strong>in</strong></span> <span class='ocrx_word' id='word_1_162' title='bbox 2869 1127 3057 1195; x_wconf 86' lang='lat' dir='ltr'><strong>primis</strong></span> <span class='ocrx_word' id='word_1_163' title='bbox 3085 1125 3416 1194; x_wconf 79' lang='lat' dir='ltr'><strong>persecutio,</strong></span> 
     </span>
    </p>
   </div>
   <div class='ocr_carea' id='block_1_26' title="bbox 1834 1214 3414 1286">
    <p class='ocr_par' dir='ltr' id='par_1_26' title="bbox 1834 1214 3414 1286">
     <span class='ocr_line' id='line_1_26' title="bbox 1834 1214 3414 1286; baseline -0.003 -16"><span class='ocrx_word' id='word_1_164' title='bbox 1834 1216 1992 1283; x_wconf 82' lang='lat' dir='ltr'><strong>cujus</strong></span> <span class='ocrx_word' id='word_1_165' title='bbox 2018 1214 2162 1270; x_wconf 76' lang='lat' dir='ltr'><strong>fama</strong></span> <span class='ocrx_word' id='word_1_166' title='bbox 2204 1217 2429 1271; x_wconf 87' lang='lat' dir='ltr'><strong>omnino</strong></span> <span class='ocrx_word' id='word_1_167' title='bbox 2458 1216 2526 1270; x_wconf 89' lang='lat' dir='ltr'><strong>ad</strong></span> <span class='ocrx_word' id='word_1_168' title='bbox 2555 1233 2657 1273; x_wconf 86' lang='lat' dir='ltr'><strong>vos</strong></span> <span class='ocrx_word' id='word_1_169' title='bbox 2701 1233 2880 1286; x_wconf 84' lang='lat' dir='ltr'><strong>usque</strong></span> <span class='ocrx_word' id='word_1_170' title='bbox 2911 1216 3178 1286; x_wconf 76' lang='lat' dir='ltr'><strong>pervenit.</strong></span> <span class='ocrx_word' id='word_1_171' title='bbox 3213 1214 3414 1283; x_wconf 80' lang='lat' dir='ltr'><strong>Explo-</strong></span> 
     </span>
    </p>
   </div>
   <div class='ocr_carea' id='block_1_27' title="bbox 1835 1308 3417 1379">
    <p class='ocr_par' dir='ltr' id='par_1_27' title="bbox 1835 1308 3417 1379">
     <span class='ocr_line' id='line_1_27' title="bbox 1835 1308 3417 1379; baseline 0.001 -19"><span class='ocrx_word' id='word_1_172' title='bbox 1835 1310 2064 1378; x_wconf 85' lang='lat' dir='ltr'><strong>raviego</strong></span> <span class='ocrx_word' id='word_1_173' title='bbox 2089 1308 2356 1374; x_wconf 84' lang='lat' dir='ltr'><strong>misellus,</strong></span> <span class='ocrx_word' id='word_1_174' title='bbox 2374 1320 2430 1364; x_wconf 91' lang='lat' dir='ltr'><strong>et</strong></span> <span class='ocrx_word' id='word_1_175' title='bbox 2454 1311 2637 1365; x_wconf 89' lang='lat' dir='ltr'><strong>animo</strong></span> <span class='ocrx_word' id='word_1_176' title='bbox 2654 1311 2915 1374; x_wconf 88' lang='lat' dir='ltr'><strong>volutavi,</strong></span> <span class='ocrx_word' id='word_1_177' title='bbox 2955 1309 3417 1379; x_wconf 73' lang='lat' dir='ltr'><strong>quemadmodum</strong></span> 
     </span>
    </p>
   </div>
   <div class='ocr_carea' id='block_1_28' title="bbox 1834 1397 3422 1470">
    <p class='ocr_par' dir='ltr' id='par_1_28' title="bbox 1834 1397 3422 1470">
     <span class='ocr_line' id='line_1_28' title="bbox 1834 1397 3422 1470; baseline -0.001 -20"><span class='ocrx_word' id='word_1_178' title='bbox 1834 1405 1889 1450; x_wconf 91' lang='lat' dir='ltr'><strong>et</strong></span> <span class='ocrx_word' id='word_1_179' title='bbox 1922 1411 2018 1464; x_wconf 88' lang='lat' dir='ltr'><strong>per</strong></span> <span class='ocrx_word' id='word_1_180' title='bbox 2039 1413 2204 1465; x_wconf 87' lang='lat' dir='ltr'><strong>quem</strong></span> <span class='ocrx_word' id='word_1_181' title='bbox 2225 1399 2357 1452; x_wconf 89' lang='lat' dir='ltr'><strong>mihi</strong></span> <span class='ocrx_word' id='word_1_182' title='bbox 2384 1397 2464 1454; x_wconf 82' lang='lat' dir='ltr'><strong>ias</strong></span> <span class='ocrx_word' id='word_1_183' title='bbox 2493 1409 2636 1455; x_wconf 83' lang='lat' dir='ltr'><strong>esset</strong></span> <span class='ocrx_word' id='word_1_184' title='bbox 2650 1415 2714 1455; x_wconf 90' lang='lat' dir='ltr'><strong>ea</strong></span> <span class='ocrx_word' id='word_1_185' title='bbox 2745 1400 2929 1470; x_wconf 82' lang='lat' dir='ltr'><strong>lugere</strong></span> <span class='ocrx_word' id='word_1_186' title='bbox 2951 1401 3112 1454; x_wconf 88' lang='lat' dir='ltr'><strong>etiam</strong></span> <span class='ocrx_word' id='word_1_187' title='bbox 3132 1399 3274 1467; x_wconf 89' lang='lat' dir='ltr'><strong>apud</strong></span> <span class='ocrx_word' id='word_1_188' title='bbox 3303 1412 3422 1463; x_wconf 84' lang='lat' dir='ltr'><strong>vos,</strong></span> 
     </span>
    </p>
   </div>
   <div class='ocr_carea' id='block_1_29' title="bbox 1837 1487 3424 1560">
    <p class='ocr_par' dir='ltr' id='par_1_29' title="bbox 1837 1487 3424 1560">
     <span class='ocr_line' id='line_1_29' title="bbox 1837 1487 3424 1560; baseline 0.004 -24"><span class='ocrx_word' id='word_1_189' title='bbox 1837 1487 1938 1539; x_wconf 90' lang='lat' dir='ltr'><strong>viri</strong></span> <span class='ocrx_word' id='word_1_190' title='bbox 1959 1487 2158 1550; x_wconf 87' lang='lat' dir='ltr'><strong>sancti,</strong></span> <span class='ocrx_word' id='word_1_191' title='bbox 2187 1503 2313 1556; x_wconf 69' lang='lat' dir='ltr'><strong>quae</strong></span> <span class='ocrx_word' id='word_1_192' title='bbox 2358 1489 2516 1544; x_wconf 84' lang='lat' dir='ltr'><strong>nobis</strong></span> <span class='ocrx_word' id='word_1_193' title='bbox 2551 1490 2832 1560; x_wconf 86' lang='lat' dir='ltr'><strong>contigere</strong></span> <span class='ocrx_word' id='word_1_194' title='bbox 2883 1489 3200 1550; x_wconf 75' lang='lat' dir='ltr'><strong>infortunia,</strong></span> <span class='ocrx_word' id='word_1_195' title='bbox 3247 1505 3424 1557; x_wconf 80' lang='lat' dir='ltr'><strong>neque</strong></span> 
     </span>
    </p>
   </div>
   <div class='ocr_carea' id='block_1_30' title="bbox 1836 1577 3422 1650">
    <p class='ocr_par' dir='ltr' id='par_1_30' title="bbox 1836 1577 3422 1650">
     <span class='ocr_line' id='line_1_30' title="bbox 1836 1577 3422 1650; baseline 0.001 -19"><span class='ocrx_word' id='word_1_196' title='bbox 1836 1577 2001 1631; x_wconf 85' lang='lat' dir='ltr'><strong>aliam</strong></span> <span class='ocrx_word' id='word_1_197' title='bbox 2033 1579 2104 1632; x_wconf 89' lang='lat' dir='ltr'><strong>ob</strong></span> <span class='ocrx_word' id='word_1_198' title='bbox 2128 1593 2373 1645; x_wconf 81' lang='lat' dir='ltr'><strong>causam,</strong></span> <span class='ocrx_word' id='word_1_199' title='bbox 2400 1595 2565 1648; x_wconf 89' lang='lat' dir='ltr'><strong>quam</strong></span> <span class='ocrx_word' id='word_1_200' title='bbox 2596 1591 2655 1634; x_wconf 90' lang='lat' dir='ltr'><strong>ut</strong></span> <span class='ocrx_word' id='word_1_201' title='bbox 2687 1589 2935 1635; x_wconf 85' lang='lat' dir='ltr'><strong>sanctum</strong></span> <span class='ocrx_word' id='word_1_202' title='bbox 2965 1589 3156 1650; x_wconf 89' lang='lat' dir='ltr'><strong>pectus</strong></span> <span class='ocrx_word' id='word_1_203' title='bbox 3182 1590 3422 1633; x_wconf 82' lang='lat' dir='ltr'><strong>vestrum</strong></span> 
     </span>
    </p>
   </div>
   <div class='ocr_carea' id='block_1_31' title="bbox 1836 1668 3424 1741">
    <p class='ocr_par' dir='ltr' id='par_1_31' title="bbox 1836 1668 3424 1741">
     <span class='ocr_line' id='line_1_31' title="bbox 1836 1668 3424 1741; baseline 0.002 -19"><span class='ocrx_word' id='word_1_204' title='bbox 1836 1668 1904 1722; x_wconf 86' lang='lat' dir='ltr'><strong>ad</strong></span> <span class='ocrx_word' id='word_1_205' title='bbox 1933 1670 2464 1726; x_wconf 84' lang='lat' dir='ltr'><strong>commiserationem</strong></span> <span class='ocrx_word' id='word_1_206' title='bbox 2505 1686 2950 1741; x_wconf 82' lang='lat' dir='ltr'><strong>provocaremus,</strong></span> <span class='ocrx_word' id='word_1_207' title='bbox 2968 1683 3025 1726; x_wconf 89' lang='lat' dir='ltr'><strong>ut</strong></span> <span class='ocrx_word' id='word_1_208' title='bbox 3049 1689 3149 1726; x_wconf 85' lang='lat' dir='ltr'><strong>nos</strong></span> <span class='ocrx_word' id='word_1_209' title='bbox 3174 1673 3424 1739; x_wconf 76' lang='lat' dir='ltr'><strong>precibus</strong></span> 
     </span>
    </p>
   </div>
   <div class='ocr_carea' id='block_1_32' title="bbox 1837 1757 3421 1830">
    <p class='ocr_par' dir='ltr' id='par_1_32' title="bbox 1837 1757 3421 1830">
     <span class='ocr_line' id='line_1_32' title="bbox 1837 1757 3421 1830; baseline 0.002 -18"><span class='ocrx_word' id='word_1_210' title='bbox 1837 1757 2214 1823; x_wconf 84' lang='lat' dir='ltr'><strong>sublevaretis,</strong></span> <span class='ocrx_word' id='word_1_211' title='bbox 2248 1760 2341 1828; x_wconf 92' lang='lat' dir='ltr'><strong>qui</strong></span> <span class='ocrx_word' id='word_1_212' title='bbox 2382 1761 2619 1829; x_wconf 89' lang='lat' dir='ltr'><strong>compati</strong></span> <span class='ocrx_word' id='word_1_213' title='bbox 2645 1761 2893 1816; x_wconf 84' lang='lat' dir='ltr'><strong>videlicet</strong></span> <span class='ocrx_word' id='word_1_214' title='bbox 2941 1762 3186 1830; x_wconf 85' lang='lat' dir='ltr'><strong>apprime</strong></span> <span class='ocrx_word' id='word_1_215' title='bbox 3224 1762 3421 1827; x_wconf 83' lang='lat' dir='ltr'><strong>nostis,</strong></span> 
     </span>
    </p>
   </div>
   <div class='ocr_carea' id='block_1_33' title="bbox 148 1839 1742 1928">
    <p class='ocr_par' dir='ltr' id='par_1_33' title="bbox 148 1839 1737 1928">
     <span class='ocr_line' id='line_1_33' title="bbox 148 1839 1737 1928; baseline 0.001 -17"><span class='ocrx_word' id='word_1_216' title='bbox 148 1858 527 1915; x_wconf 71' lang='grc' dir='ltr'><strong>διδασκαλίαν.</strong></span> <span class='ocrx_word' id='word_1_217' title='bbox 554 1858 725 1928; x_wconf 74' lang='grc' dir='ltr'><strong>Εἴπερ</strong></span> <span class='ocrx_word' id='word_1_218' title='bbox 746 1858 935 1926; x_wconf 74' lang='grc' dir='ltr'><strong>ἐσμὲν</strong></span> <span class='ocrx_word' id='word_1_219' title='bbox 963 1861 1018 1912; x_wconf 77' lang='grc' dir='ltr'><strong>οἱ</strong></span> <span class='ocrx_word' id='word_1_220' title='bbox 1038 1857 1265 1923; x_wconf 74' lang='grc' dir='ltr'><strong>πάντες</strong></span> <span class='ocrx_word' id='word_1_221' title='bbox 1283 1857 1456 1927; x_wconf 79' lang='grc' dir='ltr'><strong>σῶμα</strong></span> <span class='ocrx_word' id='word_1_222' title='bbox 1479 1839 1737 1926; x_wconf 82' lang='grc' dir='ltr'><strong>Χριστοῦ</strong></span> 
     </span>
    </p>
   </div>
   <div class='ocr_carea' id='block_1_34' title="bbox 1846 1839 3425 1928">
    <p class='ocr_par' dir='ltr' id='par_1_34' title="bbox 1846 1849 3425 1923">
     <span class='ocr_line' id='line_1_34' title="bbox 1846 1849 3425 1923; baseline 0.003 -20"><span class='ocrx_word' id='word_1_223' title='bbox 1846 1852 1992 1917; x_wconf 77' lang='lat' dir='ltr'><strong>iuxta</strong></span> <span class='ocrx_word' id='word_1_224' title='bbox 2013 1849 2255 1919; x_wconf 83' lang='lat' dir='ltr'><strong>Apostoli</strong></span> <span class='ocrx_word' id='word_1_225' title='bbox 2274 1852 2733 1908; x_wconf 80' lang='lat' dir='ltr'><strong>adhortationem.</strong></span> <span class='ocrx_word' id='word_1_226' title='bbox 2750 1852 3029 1923; x_wconf 84' lang='lat' dir='ltr'><strong>Siquidem</strong></span> <span class='ocrx_word' id='word_1_227' title='bbox 3055 1868 3248 1908; x_wconf 87' lang='lat' dir='ltr'><strong>omnes</strong></span> <span class='ocrx_word' id='word_1_228' title='bbox 3268 1852 3425 1908; x_wconf 78' lang='lat' dir='ltr'><strong>Chri-</strong></span> 
     </span>
    </p>
   </div>
   <div class='ocr_carea' id='block_1_35' title="bbox 152 1946 1736 2017">
    <p class='ocr_par' dir='ltr' id='par_1_35' title="bbox 152 1946 1736 2017">
     <span class='ocr_line' id='line_1_35' title="bbox 152 1946 1736 2017; baseline -0.001 -13"><span class='ocrx_word' id='word_1_229' title='bbox 152 1948 256 2004; x_wconf 73' lang='grc' dir='ltr'><strong>καί</strong></span> <span class='ocrx_word' id='word_1_230' title='bbox 281 1946 438 2017; x_wconf 70' lang='grc' dir='ltr'><strong>μέλη</strong></span> <span class='ocrx_word' id='word_1_231' title='bbox 470 1948 541 2001; x_wconf 76' lang='grc' dir='ltr'><strong>ἐκ</strong></span> <span class='ocrx_word' id='word_1_232' title='bbox 576 1946 820 2016; x_wconf 80' lang='grc' dir='ltr'><strong>μέρους.</strong></span> <span class='ocrx_word' id='word_1_233' title='bbox 853 1947 962 2000; x_wconf 74' lang='grc' dir='ltr'><strong>Καὶ</strong></span> <span class='ocrx_word' id='word_1_234' title='bbox 995 1946 1070 2010; x_wconf 83' lang='grc' dir='ltr'><strong>ὡς</strong></span> <span class='ocrx_word' id='word_1_235' title='bbox 1107 1947 1210 2017; x_wconf 71' lang='grc' dir='ltr'><strong>ἠδη</strong></span> <span class='ocrx_word' id='word_1_236' title='bbox 1251 1947 1424 2001; x_wconf 87' lang='grc' dir='ltr'><strong>ταῦτα</strong></span> <span class='ocrx_word' id='word_1_237' title='bbox 1469 1949 1736 2002; x_wconf 72' lang='grc' dir='ltr'><strong>ἐνενόουν·</strong></span> 
     </span>
    </p>
   </div>
   <div class='ocr_carea' id='block_1_36' title="bbox 1842 1943 3425 2014">
    <p class='ocr_par' dir='ltr' id='par_1_36' title="bbox 1842 1943 3425 2014">
     <span class='ocr_line' id='line_1_36' title="bbox 1842 1943 3425 2014; baseline 0.001 -17"><span class='ocrx_word' id='word_1_238' title='bbox 1842 1945 1917 1997; x_wconf 73' lang='lat' dir='ltr'><strong>sti</strong></span> <span class='ocrx_word' id='word_1_239' title='bbox 1945 1959 2135 2012; x_wconf 75' lang='lat' dir='ltr'><strong>corpus</strong></span> <span class='ocrx_word' id='word_1_240' title='bbox 2169 1960 2370 2009; x_wconf 72' lang='lat' dir='ltr'><strong>sumus,</strong></span> <span class='ocrx_word' id='word_1_241' title='bbox 2397 1954 2446 1997; x_wconf 84' lang='lat' dir='ltr'><strong>et</strong></span> <span class='ocrx_word' id='word_1_242' title='bbox 2479 1945 2709 1999; x_wconf 79' lang='lat' dir='ltr'><strong>membra</strong></span> <span class='ocrx_word' id='word_1_243' title='bbox 2733 1961 2804 1999; x_wconf 68' lang='lat' dir='ltr'><strong>ex</strong></span> <span class='ocrx_word' id='word_1_244' title='bbox 2832 1954 2981 2014; x_wconf 85' lang='lat' dir='ltr'><strong>parte</strong></span> <span class='ocrx_word' id='word_1_245' title='bbox 3003 1945 3046 1997; x_wconf 85' lang='grc'><strong>⁸.</strong></span> <span class='ocrx_word' id='word_1_246' title='bbox 3072 1943 3280 1999; x_wconf 85' lang='lat' dir='ltr'><strong>Etcum</strong></span> <span class='ocrx_word' id='word_1_247' title='bbox 3312 1945 3425 1999; x_wconf 60' lang='lat' dir='ltr'><strong>haec</strong></span> 
     </span>
    </p>
   </div>
   <div class='ocr_carea' id='block_1_37' title="bbox 150 2032 1742 2107">
    <p class='ocr_par' dir='ltr' id='par_1_37' title="bbox 150 2036 1737 2107">
     <span class='ocr_line' id='line_1_37' title="bbox 150 2036 1737 2107; baseline -0.001 -17"><span class='ocrx_word' id='word_1_248' title='bbox 150 2040 359 2107; x_wconf 74' lang='grc' dir='ltr'><strong>ἐπέστη</strong></span> <span class='ocrx_word' id='word_1_249' title='bbox 385 2038 594 2106; x_wconf 79' lang='grc' dir='ltr'><strong>ἀθρόως</strong></span> <span class='ocrx_word' id='word_1_250' title='bbox 633 2038 725 2090; x_wconf 83' lang='grc' dir='ltr'><strong>καί</strong></span> <span class='ocrx_word' id='word_1_251' title='bbox 747 2039 776 2090; x_wconf 88' lang='lat'><strong>6</strong></span> <span class='ocrx_word' id='word_1_252' title='bbox 813 2036 1281 2107; x_wconf 81' lang='grc' dir='ltr'><strong>γραμματοφόρος</strong></span> <span class='ocrx_word' id='word_1_253' title='bbox 1313 2039 1376 2090; x_wconf 81' lang='grc' dir='ltr'><strong>ὲκ</strong></span> <span class='ocrx_word' id='word_1_254' title='bbox 1405 2037 1512 2091; x_wconf 88' lang='grc' dir='ltr'><strong>τῶν</strong></span> <span class='ocrx_word' id='word_1_255' title='bbox 1549 2038 1737 2090; x_wconf 80' lang='grc' dir='ltr'><strong>αὐτόθι</strong></span> 
     </span>
    </p>
   </div>
   <div class='ocr_carea' id='block_1_38' title="bbox 1846 2032 3424 2107">
    <p class='ocr_par' dir='ltr' id='par_1_38' title="bbox 1846 2032 3424 2105">
     <span class='ocr_line' id='line_1_38' title="bbox 1846 2032 3424 2105; baseline 0.004 -20"><span class='ocrx_word' id='word_1_256' title='bbox 1846 2032 1947 2102; x_wconf 85' lang='lat' dir='ltr'><strong>iam</strong></span> <span class='ocrx_word' id='word_1_257' title='bbox 1965 2033 2081 2101; x_wconf 82' lang='lat' dir='ltr'><strong>ipse</strong></span> <span class='ocrx_word' id='word_1_258' title='bbox 2095 2049 2310 2088; x_wconf 88' lang='lat' dir='ltr'><strong>mecum</strong></span> <span class='ocrx_word' id='word_1_259' title='bbox 2337 2044 2671 2103; x_wconf 84' lang='lat' dir='ltr'><strong>reputarem,</strong></span> <span class='ocrx_word' id='word_1_260' title='bbox 2684 2036 2858 2091; x_wconf 86' lang='lat' dir='ltr'><strong>astitit</strong></span> <span class='ocrx_word' id='word_1_261' title='bbox 2869 2045 3091 2105; x_wconf 88' lang='lat' dir='ltr'><strong>repente</strong></span> <span class='ocrx_word' id='word_1_262' title='bbox 3109 2035 3424 2092; x_wconf 82' lang='lat' dir='ltr'><strong>tabellarius</strong></span> 
     </span>
    </p>
   </div>
   <div class='ocr_carea' id='block_1_39' title="bbox 149 2120 1737 2200">
    <p class='ocr_par' dir='ltr' id='par_1_39' title="bbox 149 2120 1737 2200">
     <span class='ocr_line' id='line_1_39' title="bbox 149 2120 1737 2200; baseline -0.001 -19"><span class='ocrx_word' id='word_1_263' title='bbox 149 2131 345 2200; x_wconf 64' lang='grc' dir='ltr'><strong>ἥκων·</strong></span> <span class='ocrx_word' id='word_1_264' title='bbox 395 2129 491 2180; x_wconf 79' lang='grc' dir='ltr'><strong>καὶ</strong></span> <span class='ocrx_word' id='word_1_265' title='bbox 538 2120 693 2189; x_wconf 76' lang='grc' dir='ltr'><strong>οὗτος</strong></span> <span class='ocrx_word' id='word_1_266' title='bbox 738 2127 850 2190; x_wconf 79' lang='grc' dir='ltr'><strong>υίὸς</strong></span> <span class='ocrx_word' id='word_1_267' title='bbox 898 2128 1031 2197; x_wconf 78' lang='grc' dir='ltr'><strong>ἐμὸς</strong></span> <span class='ocrx_word' id='word_1_268' title='bbox 1061 2130 1119 2181; x_wconf 80' lang='grc' dir='ltr'><strong>ὲν</strong></span> <span class='ocrx_word' id='word_1_269' title='bbox 1151 2129 1444 2198; x_wconf 88' lang='grc' dir='ltr'><strong>πνεύματι,</strong></span> <span class='ocrx_word' id='word_1_270' title='bbox 1474 2129 1567 2180; x_wconf 77' lang='grc' dir='ltr'><strong>καὶ</strong></span> <span class='ocrx_word' id='word_1_271' title='bbox 1617 2128 1737 2180; x_wconf 81' lang='grc' dir='ltr'><strong>λίαν</strong></span> 
     </span>
    </p>
   </div>
   <div class='ocr_carea' id='block_1_40' title="bbox 152 2211 1738 2287">
    <p class='ocr_par' dir='ltr' id='par_1_40' title="bbox 152 2211 1738 2287">
     <span class='ocr_line' id='line_1_40' title="bbox 152 2211 1738 2287; baseline -0.002 -16"><span class='ocrx_word' id='word_1_272' title='bbox 152 2219 500 2280; x_wconf 80' lang='grc' dir='ltr'><strong>πιστότατος.</strong></span> <span class='ocrx_word' id='word_1_273' title='bbox 531 2215 656 2280; x_wconf 88' lang='grc' dir='ltr'><strong>Πῶς</strong></span> <span class='ocrx_word' id='word_1_274' title='bbox 700 2211 792 2269; x_wconf 81' lang='grc' dir='ltr'><strong>οὖν</strong></span> <span class='ocrx_word' id='word_1_275' title='bbox 825 2218 926 2270; x_wconf 82' lang='grc' dir='ltr'><strong>οὐκ</strong></span> <span class='ocrx_word' id='word_1_276' title='bbox 954 2217 1180 2287; x_wconf 72' lang='grc' dir='ltr'><strong>ἔμελλον</strong></span> <span class='ocrx_word' id='word_1_277' title='bbox 1210 2220 1239 2271; x_wconf 92' lang='lat'><strong>6</strong></span> <span class='ocrx_word' id='word_1_278' title='bbox 1274 2217 1595 2287; x_wconf 79' lang='grc' dir='ltr'><strong>ἁμαρτωλὸς</strong></span> <span class='ocrx_word' id='word_1_279' title='bbox 1643 2218 1738 2268; x_wconf 76' lang='grc' dir='ltr'><strong>ἑκ-</strong></span> 
     </span>
    </p>
   </div>
   <div class='ocr_carea' id='block_1_41' title="bbox 151 2307 1740 2379">
    <p class='ocr_par' dir='ltr' id='par_1_41' title="bbox 151 2307 1740 2379">
     <span class='ocr_line' id='line_1_41' title="bbox 151 2307 1740 2379; baseline 0 -18"><span class='ocrx_word' id='word_1_280' title='bbox 151 2309 434 2378; x_wconf 83' lang='grc' dir='ltr'><strong>πλαγῆναι</strong></span> <span class='ocrx_word' id='word_1_281' title='bbox 461 2309 552 2359; x_wconf 75' lang='grc' dir='ltr'><strong>ἐπὶ</strong></span> <span class='ocrx_word' id='word_1_282' title='bbox 584 2307 662 2377; x_wconf 80' lang='grc' dir='ltr'><strong>τῷ</strong></span> <span class='ocrx_word' id='word_1_283' title='bbox 695 2309 949 2379; x_wconf 82' lang='grc' dir='ltr'><strong>ὲρμαίῳ;</strong></span> <span class='ocrx_word' id='word_1_284' title='bbox 990 2309 1112 2373; x_wconf 79' lang='grc' dir='ltr'><strong>Πῶς</strong></span> <span class='ocrx_word' id='word_1_285' title='bbox 1145 2309 1201 2372; x_wconf 80' lang='grc' dir='ltr'><strong>δὲ</strong></span> <span class='ocrx_word' id='word_1_286' title='bbox 1242 2310 1340 2361; x_wconf 81' lang='grc' dir='ltr'><strong>οὑκ</strong></span> <span class='ocrx_word' id='word_1_287' title='bbox 1371 2308 1740 2378; x_wconf 75' lang='grc' dir='ltr'><strong>ἀνθομολογη-</strong></span> 
     </span>
    </p>
   </div>
   <div class='ocr_carea' id='block_1_42' title="bbox 155 2396 1739 2468">
    <p class='ocr_par' dir='ltr' id='par_1_42' title="bbox 155 2396 1739 2468">
     <span class='ocr_line' id='line_1_42' title="bbox 155 2396 1739 2468; baseline -0.002 -15"><span class='ocrx_word' id='word_1_288' title='bbox 155 2400 360 2454; x_wconf 83' lang='grc' dir='ltr'><strong>σασθαι</strong></span> <span class='ocrx_word' id='word_1_289' title='bbox 396 2398 585 2468; x_wconf 80' lang='grc' dir='ltr'>Κυρίῳ</span> <span class='ocrx_word' id='word_1_290' title='bbox 612 2396 691 2465; x_wconf 81' lang='grc' dir='ltr'><strong>τῷ</strong></span> <span class='ocrx_word' id='word_1_291' title='bbox 729 2396 847 2466; x_wconf 86' lang='grc' dir='ltr'><strong>Θεῷ</strong></span> <span class='ocrx_word' id='word_1_292' title='bbox 894 2415 995 2468; x_wconf 89' lang='grc' dir='ltr'><strong>μου</strong></span> <span class='ocrx_word' id='word_1_293' title='bbox 1039 2398 1106 2450; x_wconf 78' lang='grc' dir='ltr'><strong>τὰ.</strong></span> <span class='ocrx_word' id='word_1_294' title='bbox 1138 2398 1365 2460; x_wconf 77' lang='grc' dir='ltr'><strong>εἰκότας</strong></span> <span class='ocrx_word' id='word_1_295' title='bbox 1412 2397 1578 2449; x_wconf 79' lang='grc' dir='ltr'><strong>Ἀλλά</strong></span> <span class='ocrx_word' id='word_1_296' title='bbox 1607 2399 1739 2467; x_wconf 71' lang='grc' dir='ltr'><strong>πρὶν</strong></span> 
     </span>
    </p>
   </div>
   <div class='ocr_carea' id='block_1_43' title="bbox 154 2487 1738 2559">
    <p class='ocr_par' dir='ltr' id='par_1_43' title="bbox 154 2487 1738 2559">
     <span class='ocr_line' id='line_1_43' title="bbox 154 2487 1738 2559; baseline 0.001 -19"><span class='ocrx_word' id='word_1_297' title='bbox 154 2489 397 2554; x_wconf 77' lang='grc' dir='ltr'><strong>ἐξειπεῖν</strong></span> <span class='ocrx_word' id='word_1_298' title='bbox 448 2489 517 2541; x_wconf 76' lang='grc' dir='ltr'><strong>τά</strong></span> <span class='ocrx_word' id='word_1_299' title='bbox 571 2487 838 2557; x_wconf 77' lang='grc' dir='ltr'><strong>ὀδυνηρά,</strong></span> <span class='ocrx_word' id='word_1_300' title='bbox 899 2489 991 2542; x_wconf 82' lang='grc' dir='ltr'><strong>τὸν</strong></span> <span class='ocrx_word' id='word_1_301' title='bbox 1041 2490 1178 2559; x_wconf 82' lang='grc' dir='ltr'><strong>πρὸς</strong></span> <span class='ocrx_word' id='word_1_302' title='bbox 1234 2490 1376 2557; x_wconf 76' lang='grc' dir='ltr'><strong>ὑμᾶς</strong></span> <span class='ocrx_word' id='word_1_303' title='bbox 1418 2506 1521 2558; x_wconf 91' lang='grc' dir='ltr'><strong>μου</strong></span> <span class='ocrx_word' id='word_1_304' title='bbox 1575 2488 1738 2542; x_wconf 83' lang='grc' dir='ltr'><strong>πόθον</strong></span> 
     </span>
    </p>
   </div>
   <div class='ocr_carea' id='block_1_44' title="bbox 153 2574 1738 2651">
    <p class='ocr_par' dir='ltr' id='par_1_44' title="bbox 153 2574 1738 2651">
     <span class='ocr_line' id='line_1_44' title="bbox 153 2574 1738 2651; baseline -0.001 -17"><span class='ocrx_word' id='word_1_305' title='bbox 153 2578 540 2648; x_wconf 77' lang='grc' dir='ltr'><strong>ἀφοσιώσομαι</strong></span> <span class='ocrx_word' id='word_1_306' title='bbox 583 2581 611 2631; x_wconf 92' lang='lat'><strong>6</strong></span> <span class='ocrx_word' id='word_1_307' title='bbox 644 2581 917 2643; x_wconf 79' lang='grc' dir='ltr'><strong>ταπεινός.</strong></span> <span class='ocrx_word' id='word_1_308' title='bbox 967 2581 1222 2651; x_wconf 85' lang='grc' dir='ltr'><strong>Χαίρετε,</strong></span> <span class='ocrx_word' id='word_1_309' title='bbox 1255 2574 1300 2633; x_wconf 77' lang='grc' dir='ltr'><strong>ὦ</strong></span> <span class='ocrx_word' id='word_1_310' title='bbox 1334 2580 1738 2651; x_wconf 86' lang='grc' dir='ltr'><strong>μακαριώτατοι</strong></span> 
     </span>
    </p>
   </div>
   <div class='ocr_carea' id='block_1_45' title="bbox 158 2668 1740 2742">
    <p class='ocr_par' dir='ltr' id='par_1_45' title="bbox 158 2668 1740 2742">
     <span class='ocr_line' id='line_1_45' title="bbox 158 2668 1740 2742; baseline 0.001 -19"><span class='ocrx_word' id='word_1_311' title='bbox 158 2670 404 2739; x_wconf 85' lang='grc' dir='ltr'><strong>Πατέρες</strong></span> <span class='ocrx_word' id='word_1_312' title='bbox 431 2684 445 2698; x_wconf 91' lang='grc'><strong>·</strong></span> <span class='ocrx_word' id='word_1_313' title='bbox 473 2669 525 2720; x_wconf 89' lang='grc' dir='ltr'><strong>οἰ</strong></span> <span class='ocrx_word' id='word_1_314' title='bbox 568 2668 668 2738; x_wconf 79' lang='grc' dir='ltr'><strong>τῆς</strong></span> <span class='ocrx_word' id='word_1_315' title='bbox 701 2671 864 2738; x_wconf 82' lang='grc' dir='ltr'><strong>ἀγίας</strong></span> <span class='ocrx_word' id='word_1_316' title='bbox 892 2669 995 2739; x_wconf 83' lang='grc' dir='ltr'><strong>γῆς</strong></span> <span class='ocrx_word' id='word_1_317' title='bbox 1038 2671 1323 2742; x_wconf 77' lang='grc' dir='ltr'><strong>οἰκήτορες</strong></span> <span class='ocrx_word' id='word_1_318' title='bbox 1350 2689 1365 2704; x_wconf 77' lang='grc' dir='ltr'><strong>ο</strong></span> <span class='ocrx_word' id='word_1_319' title='bbox 1412 2671 1474 2724; x_wconf 84' lang='grc' dir='ltr'><strong>τὸ</strong></span> <span class='ocrx_word' id='word_1_320' title='bbox 1505 2670 1740 2740; x_wconf 82' lang='grc' dir='ltr'><strong>χρυσοῦν</strong></span> 
     </span>
    </p>
   </div>
   <div class='ocr_carea' id='block_1_46' title="bbox 156 2759 1740 2830">
    <p class='ocr_par' dir='ltr' id='par_1_46' title="bbox 156 2759 1740 2830">
     <span class='ocr_line' id='line_1_46' title="bbox 156 2759 1740 2830; baseline 0.002 -17"><span class='ocrx_word' id='word_1_321' title='bbox 156 2762 316 2828; x_wconf 78' lang='grc' dir='ltr'><strong>γένος</strong></span> <span class='ocrx_word' id='word_1_322' title='bbox 343 2775 357 2788; x_wconf 88' lang='grc'><strong>·</strong></span> <span class='ocrx_word' id='word_1_323' title='bbox 405 2761 455 2811; x_wconf 86' lang='grc' dir='ltr'>οί</span> <span class='ocrx_word' id='word_1_324' title='bbox 505 2759 601 2830; x_wconf 84' lang='grc' dir='ltr'><strong>τὴν</strong></span> <span class='ocrx_word' id='word_1_325' title='bbox 634 2759 817 2813; x_wconf 87' lang='grc' dir='ltr'><strong>πίστιν</strong></span> <span class='ocrx_word' id='word_1_326' title='bbox 847 2760 1229 2830; x_wconf 82' lang='grc' dir='ltr'><strong>δοκιμώτατοι,</strong></span> <span class='ocrx_word' id='word_1_327' title='bbox 1257 2763 1353 2816; x_wconf 72' lang='grc' dir='ltr'><strong>καὶ</strong></span> <span class='ocrx_word' id='word_1_328' title='bbox 1399 2761 1510 2814; x_wconf 88' lang='grc' dir='ltr'><strong>τῶν</strong></span> <span class='ocrx_word' id='word_1_329' title='bbox 1549 2762 1740 2817; x_wconf 86' lang='grc' dir='ltr'><strong>παθῶν</strong></span> 
     </span>
    </p>
   </div>
   <div class='ocr_carea' id='block_1_47' title="bbox 153 2851 1737 2923">
    <p class='ocr_par' dir='ltr' id='par_1_47' title="bbox 153 2851 1737 2923">
     <span class='ocr_line' id='line_1_47' title="bbox 153 2851 1737 2923; baseline 0.002 -20"><span class='ocrx_word' id='word_1_330' title='bbox 153 2851 482 2920; x_wconf 85' lang='grc' dir='ltr'><strong>δαμάτορες·</strong></span> <span class='ocrx_word' id='word_1_331' title='bbox 516 2851 806 2921; x_wconf 78' lang='grc' dir='ltr'><strong>χαίρετε,ή</strong></span> <span class='ocrx_word' id='word_1_332' title='bbox 840 2851 1161 2921; x_wconf 82' lang='grc' dir='ltr'><strong>περιϐόητος</strong></span> <span class='ocrx_word' id='word_1_333' title='bbox 1183 2853 1453 2923; x_wconf 81' lang='grc' dir='ltr'><strong>ὁμήγυρις</strong></span> <span class='ocrx_word' id='word_1_334' title='bbox 1477 2852 1737 2923; x_wconf 76' lang='grc' dir='ltr'><strong>Χριστοῦ·</strong></span> 
     </span>
    </p>
   </div>
   <div class='ocr_carea' id='block_1_48' title="bbox 153 2932 1738 3017">
    <p class='ocr_par' dir='ltr' id='par_1_48' title="bbox 153 2932 1738 3017">
     <span class='ocr_line' id='line_1_48' title="bbox 153 2932 1738 3017; baseline 0.004 -25"><span class='ocrx_word' id='word_1_335' title='bbox 153 2943 207 2993; x_wconf 90' lang='grc' dir='ltr'><strong>οἰ</strong></span> <span class='ocrx_word' id='word_1_336' title='bbox 239 2941 474 3011; x_wconf 80' lang='grc' dir='ltr'><strong>ἐργάται</strong></span> <span class='ocrx_word' id='word_1_337' title='bbox 498 2932 608 2994; x_wconf 83' lang='grc' dir='ltr'><strong>τῶν</strong></span> <span class='ocrx_word' id='word_1_338' title='bbox 635 2940 866 2994; x_wconf 77' lang='grc' dir='ltr'>ἐντολῶν</span> <span class='ocrx_word' id='word_1_339' title='bbox 902 2942 1107 3012; x_wconf 77' lang='grc' dir='ltr'>Κυρίου</span> <span class='ocrx_word' id='word_1_340' title='bbox 1128 2959 1142 2973; x_wconf 75' lang='grc' dir='ltr'><strong>ο</strong></span> <span class='ocrx_word' id='word_1_341' title='bbox 1185 2944 1276 2995; x_wconf 79' lang='grc' dir='ltr'><strong>καὶ</strong></span> <span class='ocrx_word' id='word_1_342' title='bbox 1317 2943 1417 3012; x_wconf 81' lang='grc' dir='ltr'><strong>τῆς</strong></span> <span class='ocrx_word' id='word_1_343' title='bbox 1447 2946 1505 2996; x_wconf 87' lang='grc' dir='ltr'><strong>ὲν</strong></span> <span class='ocrx_word' id='word_1_344' title='bbox 1559 2961 1738 3017; x_wconf 84' lang='grc' dir='ltr'><strong>παρα·</strong></span> 
     </span>
    </p>
   </div>
   <div class='ocr_carea' id='block_1_49' title="bbox 155 3031 1739 3108">
    <p class='ocr_par' dir='ltr' id='par_1_49' title="bbox 155 3031 1739 3108">
     <span class='ocr_line' id='line_1_49' title="bbox 155 3031 1739 3108; baseline 0.002 -23"><span class='ocrx_word' id='word_1_345' title='bbox 155 3033 320 3102; x_wconf 81' lang='grc' dir='ltr'><strong>δείσῳ</strong></span> <span class='ocrx_word' id='word_1_346' title='bbox 342 3031 554 3102; x_wconf 86' lang='grc' dir='ltr'><strong>διαίτης</strong></span> <span class='ocrx_word' id='word_1_347' title='bbox 583 3034 682 3102; x_wconf 76' lang='grc' dir='ltr'><strong>τὴν</strong></span> <span class='ocrx_word' id='word_1_348' title='bbox 708 3033 918 3102; x_wconf 75' lang='grc' dir='ltr'><strong>θεοειδῆ</strong></span> <span class='ocrx_word' id='word_1_349' title='bbox 935 3033 1080 3104; x_wconf 79' lang='grc' dir='ltr'><strong>ζωὴν</strong></span> <span class='ocrx_word' id='word_1_350' title='bbox 1112 3034 1471 3104; x_wconf 87' lang='grc' dir='ltr'><strong>μιμούμενοι·</strong></span> <span class='ocrx_word' id='word_1_351' title='bbox 1493 3037 1739 3108; x_wconf 80' lang='grc' dir='ltr'><strong>χαίρετε,</strong></span> 
     </span>
    </p>
   </div>
   <div class='ocr_carea' id='block_1_50' title="bbox 156 3121 1739 3197">
    <p class='ocr_par' dir='ltr' id='par_1_50' title="bbox 156 3121 1739 3197">
     <span class='ocr_line' id='line_1_50' title="bbox 156 3121 1739 3197; baseline 0.004 -23"><span class='ocrx_word' id='word_1_352' title='bbox 156 3125 193 3191; x_wconf 80' lang='grc' dir='ltr'>ὴ</span> <span class='ocrx_word' id='word_1_353' title='bbox 227 3121 322 3176; x_wconf 87' lang='grc' dir='ltr'><strong>τοῦ</strong></span> <span class='ocrx_word' id='word_1_354' title='bbox 372 3121 508 3175; x_wconf 83' lang='grc' dir='ltr'><strong>Θεοῦ</strong></span> <span class='ocrx_word' id='word_1_355' title='bbox 566 3123 720 3186; x_wconf 88' lang='grc' dir='ltr'><strong>πόλις</strong></span> <span class='ocrx_word' id='word_1_356' title='bbox 770 3122 999 3192; x_wconf 80' lang='grc' dir='ltr'><strong>ὲκλεκτή</strong></span> <span class='ocrx_word' id='word_1_357' title='bbox 1035 3140 1050 3156; x_wconf 81' lang='grc' dir='ltr'><strong>ο</strong></span> <span class='ocrx_word' id='word_1_358' title='bbox 1088 3125 1246 3194; x_wconf 84' lang='grc' dir='ltr'><strong>εἰπερ</strong></span> <span class='ocrx_word' id='word_1_359' title='bbox 1299 3126 1356 3177; x_wconf 78' lang='grc' dir='ltr'><strong>ὲν</strong></span> <span class='ocrx_word' id='word_1_360' title='bbox 1391 3125 1544 3196; x_wconf 76' lang='grc' dir='ltr'><strong>μέσῳ</strong></span> <span class='ocrx_word' id='word_1_361' title='bbox 1585 3127 1739 3197; x_wconf 84' lang='grc' dir='ltr'><strong>ὑμῶν</strong></span> 
     </span>
    </p>
   </div>
   <div class='ocr_carea' id='block_1_51' title="bbox 158 3213 1740 3288">
    <p class='ocr_par' dir='ltr' id='par_1_51' title="bbox 158 3213 1740 3288">
     <span class='ocr_line' id='line_1_51' title="bbox 158 3213 1740 3288; baseline 0.003 -22"><span class='ocrx_word' id='word_1_362' title='bbox 158 3215 389 3284; x_wconf 79' lang='grc' dir='ltr'><strong>Κύριος,</strong></span> <span class='ocrx_word' id='word_1_363' title='bbox 424 3214 514 3269; x_wconf 81' lang='grc' dir='ltr'><strong>διὰ</strong></span> <span class='ocrx_word' id='word_1_364' title='bbox 541 3215 640 3284; x_wconf 80' lang='grc' dir='ltr'><strong>τῆς</strong></span> <span class='ocrx_word' id='word_1_365' title='bbox 673 3213 782 3266; x_wconf 86' lang='grc' dir='ltr'><strong>τῶν</strong></span> <span class='ocrx_word' id='word_1_366' title='bbox 818 3213 1038 3282; x_wconf 78' lang='grc' dir='ltr'><strong>ἀγαθῶν</strong></span> <span class='ocrx_word' id='word_1_367' title='bbox 1072 3215 1250 3286; x_wconf 73' lang='grc' dir='ltr'><strong>ἔργων</strong></span> <span class='ocrx_word' id='word_1_368' title='bbox 1299 3216 1621 3288; x_wconf 79' lang='grc' dir='ltr'><strong>ἀναλήψεως</strong></span> <span class='ocrx_word' id='word_1_369' title='bbox 1651 3217 1740 3270; x_wconf 89' lang='grc' dir='ltr'><strong>θε-</strong></span> 
     </span>
    </p>
   </div>
   <div class='ocr_carea' id='block_1_52' title="bbox 160 3304 1740 3378">
    <p class='ocr_par' dir='ltr' id='par_1_52' title="bbox 160 3304 1740 3378">
     <span class='ocr_line' id='line_1_52' title="bbox 160 3304 1740 3378; baseline 0.002 -20"><span class='ocrx_word' id='word_1_370' title='bbox 160 3305 556 3376; x_wconf 77' lang='grc' dir='ltr'><strong>ραπευόμενος.</strong></span> <span class='ocrx_word' id='word_1_371' title='bbox 603 3304 934 3373; x_wconf 83' lang='grc' dir='ltr'><strong>Ἐϐουλόμην</strong></span> <span class='ocrx_word' id='word_1_372' title='bbox 968 3306 1087 3375; x_wconf 76' lang='grc' dir='ltr'><strong>ὄψει</strong></span> <span class='ocrx_word' id='word_1_373' title='bbox 1127 3307 1416 3360; x_wconf 82' lang='grc' dir='ltr'><strong>ὑπολαϐεῖν</strong></span> <span class='ocrx_word' id='word_1_374' title='bbox 1456 3309 1556 3378; x_wconf 82' lang='grc' dir='ltr'><strong>τὴν</strong></span> <span class='ocrx_word' id='word_1_375' title='bbox 1589 3309 1740 3362; x_wconf 89' lang='grc' dir='ltr'><strong>θείαν</strong></span> 
     </span>
    </p>
   </div>
   <div class='ocr_carea' id='block_1_53' title="bbox 161 3396 1740 3469">
    <p class='ocr_par' dir='ltr' id='par_1_53' title="bbox 161 3396 1740 3469">
     <span class='ocr_line' id='line_1_53' title="bbox 161 3396 1740 3469; baseline 0.004 -20"><span class='ocrx_word' id='word_1_376' title='bbox 161 3396 316 3465; x_wconf 84' lang='grc' dir='ltr'><strong>ὑμῶν</strong></span> <span class='ocrx_word' id='word_1_377' title='bbox 346 3397 634 3467; x_wconf 78' lang='grc' dir='ltr'><strong>περιοχὴν,</strong></span> <span class='ocrx_word' id='word_1_378' title='bbox 672 3396 769 3448; x_wconf 75' lang='grc' dir='ltr'><strong>καὶ</strong></span> <span class='ocrx_word' id='word_1_379' title='bbox 800 3397 1186 3467; x_wconf 79' lang='grc' dir='ltr'><strong>προσάψασθαι</strong></span> <span class='ocrx_word' id='word_1_380' title='bbox 1237 3399 1344 3452; x_wconf 84' lang='grc' dir='ltr'><strong>τῶν</strong></span> <span class='ocrx_word' id='word_1_381' title='bbox 1381 3400 1543 3469; x_wconf 88' lang='grc' dir='ltr'><strong>ίερῶν</strong></span> <span class='ocrx_word' id='word_1_382' title='bbox 1585 3400 1740 3468; x_wconf 84' lang='grc' dir='ltr'><strong>ὑμῶν</strong></span> 
     </span>
    </p>
   </div>
   <div class='ocr_carea' id='block_1_54' title="bbox 163 3487 1741 3560">
    <p class='ocr_par' dir='ltr' id='par_1_54' title="bbox 163 3487 1741 3560">
     <span class='ocr_line' id='line_1_54' title="bbox 163 3487 1741 3560; baseline 0.003 -19"><span class='ocrx_word' id='word_1_383' title='bbox 163 3488 347 3558; x_wconf 82' lang='grc' dir='ltr'><strong>ίχνῶν·</strong></span> <span class='ocrx_word' id='word_1_384' title='bbox 374 3488 501 3541; x_wconf 87' lang='grc' dir='ltr'><strong>ἰδεῖν</strong></span> <span class='ocrx_word' id='word_1_385' title='bbox 531 3488 594 3540; x_wconf 77' lang='grc' dir='ltr'><strong>τὸ</strong></span> <span class='ocrx_word' id='word_1_386' title='bbox 623 3487 778 3552; x_wconf 78' lang='grc' dir='ltr'><strong>ἀγιον</strong></span> <span class='ocrx_word' id='word_1_387' title='bbox 808 3487 1033 3558; x_wconf 78' lang='grc' dir='ltr'><strong>τέμενος</strong></span> <span class='ocrx_word' id='word_1_388' title='bbox 1056 3506 1071 3519; x_wconf 87' lang='grc'><strong>·</strong></span> <span class='ocrx_word' id='word_1_389' title='bbox 1103 3491 1478 3560; x_wconf 77' lang='grc' dir='ltr'><strong>προσκυνῆσαι</strong></span> <span class='ocrx_word' id='word_1_390' title='bbox 1506 3492 1566 3544; x_wconf 85' lang='grc' dir='ltr'><strong>τὸ</strong></span> <span class='ocrx_word' id='word_1_391' title='bbox 1597 3491 1741 3547; x_wconf 83' lang='grc' dir='ltr'><strong>θεῖον</strong></span> 
     </span>
    </p>
   </div>
   <div class='ocr_carea' id='block_1_55' title="bbox 159 3579 1741 3651">
    <p class='ocr_par' dir='ltr' id='par_1_55' title="bbox 159 3579 1741 3651">
     <span class='ocr_line' id='line_1_55' title="bbox 159 3579 1741 3651; baseline 0.002 -18"><span class='ocrx_word' id='word_1_392' title='bbox 159 3582 377 3649; x_wconf 71' lang='grc' dir='ltr'><strong>εδαφος·</strong></span> <span class='ocrx_word' id='word_1_393' title='bbox 410 3579 620 3632; x_wconf 67' lang='grc' dir='ltr'><strong>ἕκαστα</strong></span> <span class='ocrx_word' id='word_1_394' title='bbox 654 3580 1211 3651; x_wconf 84' lang='grc' dir='ltr'><strong>κατασκοπῆσαι,ποῦ</strong></span> <span class='ocrx_word' id='word_1_395' title='bbox 1240 3583 1267 3635; x_wconf 97' lang='lat'><strong>6</strong></span> <span class='ocrx_word' id='word_1_396' title='bbox 1299 3581 1454 3650; x_wconf 74' lang='grc' dir='ltr'><strong>ἅγιος</strong></span> <span class='ocrx_word' id='word_1_397' title='bbox 1483 3583 1575 3636; x_wconf 90' lang='grc' dir='ltr'><strong>τοῦ</strong></span> <span class='ocrx_word' id='word_1_398' title='bbox 1605 3583 1741 3636; x_wconf 87' lang='grc' dir='ltr'><strong>Θεοῦ</strong></span> 
     </span>
    </p>
   </div>
   <div class='ocr_carea' id='block_1_56' title="bbox 159 3670 1740 3743">
    <p class='ocr_par' dir='ltr' id='par_1_56' title="bbox 159 3670 1740 3743">
     <span class='ocr_line' id='line_1_56' title="bbox 159 3670 1740 3743; baseline 0.001 -18"><span class='ocrx_word' id='word_1_399' title='bbox 159 3675 188 3725; x_wconf 91' lang='lat'><strong>6</strong></span> <span class='ocrx_word' id='word_1_400' title='bbox 248 3670 592 3742; x_wconf 84' lang='grc' dir='ltr'><strong>φερωνύμως</strong></span> <span class='ocrx_word' id='word_1_401' title='bbox 663 3670 916 3739; x_wconf 80' lang='grc' dir='ltr'><strong>Χαρίτων</strong></span> <span class='ocrx_word' id='word_1_402' title='bbox 981 3672 1412 3743; x_wconf 83' lang='grc' dir='ltr'><strong>πεπληρωμένος</strong></span> <span class='ocrx_word' id='word_1_403' title='bbox 1480 3673 1740 3743; x_wconf 77' lang='grc' dir='ltr'><strong>ἒνήθλησε</strong></span> 
     </span>
    </p>
   </div>
   <div class='ocr_carea' id='block_1_57' title="bbox 163 3759 1741 3833">
    <p class='ocr_par' dir='ltr' id='par_1_57' title="bbox 163 3759 1741 3833">
     <span class='ocr_line' id='line_1_57' title="bbox 163 3759 1741 3833; baseline 0 -19"><span class='ocrx_word' id='word_1_404' title='bbox 163 3759 517 3833; x_wconf 86' lang='grc' dir='ltr'><strong>μαρτυρικῶς</strong></span> <span class='ocrx_word' id='word_1_405' title='bbox 543 3775 604 3812; x_wconf 85' lang='grc' dir='ltr'><strong>τε</strong></span> <span class='ocrx_word' id='word_1_406' title='bbox 636 3759 769 3829; x_wconf 84' lang='grc' dir='ltr'><strong>ὁμοῦ</strong></span> <span class='ocrx_word' id='word_1_407' title='bbox 798 3761 892 3814; x_wconf 78' lang='grc' dir='ltr'><strong>καὶ</strong></span> <span class='ocrx_word' id='word_1_408' title='bbox 922 3763 1234 3832; x_wconf 87' lang='grc' dir='ltr'><strong>ἀσκητικῶς</strong></span> <span class='ocrx_word' id='word_1_409' title='bbox 1261 3777 1277 3792; x_wconf 90' lang='grc'><strong>·</strong></span> <span class='ocrx_word' id='word_1_410' title='bbox 1323 3763 1400 3831; x_wconf 84' lang='grc' dir='ltr'><strong>πῆ</strong></span> <span class='ocrx_word' id='word_1_411' title='bbox 1429 3762 1485 3815; x_wconf 83' lang='grc' dir='ltr'><strong>δὲ</strong></span> <span class='ocrx_word' id='word_1_412' title='bbox 1509 3764 1568 3816; x_wconf 83' lang='grc' dir='ltr'><strong>τὸ</strong></span> <span class='ocrx_word' id='word_1_413' title='bbox 1598 3763 1741 3832; x_wconf 71' lang='grc' dir='ltr'><strong>ἱερὸν</strong></span> 
     </span>
    </p>
   </div>
   <div class='ocr_carea' id='block_1_58' title="bbox 161 3849 1742 3926">
    <p class='ocr_par' dir='ltr' id='par_1_58' title="bbox 161 3849 1742 3926">
     <span class='ocr_line' id='line_1_58' title="bbox 161 3849 1742 3926; baseline -0.001 -20"><span class='ocrx_word' id='word_1_414' title='bbox 161 3854 326 3907; x_wconf 78' lang='grc' dir='ltr'><strong>αὑτοῦ</strong></span> <span class='ocrx_word' id='word_1_415' title='bbox 385 3850 546 3920; x_wconf 82' lang='grc' dir='ltr'><strong>σῶμα</strong></span> <span class='ocrx_word' id='word_1_416' title='bbox 593 3849 985 3921; x_wconf 86' lang='grc' dir='ltr'><strong>τεταμίευται·</strong></span> <span class='ocrx_word' id='word_1_417' title='bbox 1038 3856 1067 3907; x_wconf 93' lang='lat'><strong>6</strong></span> <span class='ocrx_word' id='word_1_418' title='bbox 1118 3855 1285 3920; x_wconf 79' lang='grc' dir='ltr'><strong>ὄντως</strong></span> <span class='ocrx_word' id='word_1_419' title='bbox 1330 3855 1602 3926; x_wconf 79' lang='grc' dir='ltr'><strong>θησαυρὸς</strong></span> <span class='ocrx_word' id='word_1_420' title='bbox 1635 3853 1742 3905; x_wconf 82' lang='grc' dir='ltr'><strong>τῶν</strong></span> 
     </span>
    </p>
   </div>
   <div class='ocr_carea' id='block_1_59' title="bbox 161 3945 1742 4020">
    <p class='ocr_par' dir='ltr' id='par_1_59' title="bbox 161 3945 1742 4020">
     <span class='ocr_line' id='line_1_59' title="bbox 161 3945 1742 4020; baseline -0.001 -19"><span class='ocrx_word' id='word_1_421' title='bbox 161 3946 374 4020; x_wconf 79' lang='grc' dir='ltr'><strong>ἀρετῶν</strong></span> <span class='ocrx_word' id='word_1_422' title='bbox 397 3960 414 3976; x_wconf 88' lang='grc'>⁶</span> <span class='ocrx_word' id='word_1_423' title='bbox 445 3947 475 3999; x_wconf 94' lang='lat'><strong>6</strong></span> <span class='ocrx_word' id='word_1_424' title='bbox 505 3945 606 4015; x_wconf 81' lang='grc' dir='ltr'><strong>τῆς</strong></span> <span class='ocrx_word' id='word_1_425' title='bbox 631 3945 840 4015; x_wconf 75' lang='grc' dir='ltr'><strong>ἐρήμου</strong></span> <span class='ocrx_word' id='word_1_426' title='bbox 875 3946 1119 4018; x_wconf 84' lang='grc' dir='ltr'><strong>πολίτης,</strong></span> <span class='ocrx_word' id='word_1_427' title='bbox 1154 3949 1249 4001; x_wconf 75' lang='grc' dir='ltr'><strong>καὶ</strong></span> <span class='ocrx_word' id='word_1_428' title='bbox 1286 3948 1385 4018; x_wconf 81' lang='grc' dir='ltr'><strong>τῆς</strong></span> <span class='ocrx_word' id='word_1_429' title='bbox 1418 3949 1742 4016; x_wconf 81' lang='grc' dir='ltr'><strong>οἰκουμένης</strong></span> 
     </span>
    </p>
   </div>
   <div class='ocr_carea' id='block_1_60' title="bbox 163 4032 1739 4110">
    <p class='ocr_par' dir='ltr' id='par_1_60' title="bbox 163 4032 1739 4110">
     <span class='ocr_line' id='line_1_60' title="bbox 163 4032 1739 4110; baseline -0.001 -18"><span class='ocrx_word' id='word_1_430' title='bbox 163 4039 430 4110; x_wconf 86' lang='grc' dir='ltr'><strong>λαμπτήρ</strong></span> <span class='ocrx_word' id='word_1_431' title='bbox 459 4055 473 4069; x_wconf 89' lang='grc'><strong>·</strong></span> <span class='ocrx_word' id='word_1_432' title='bbox 525 4032 587 4091; x_wconf 79' lang='grc' dir='ltr'><strong>οῦ</strong></span> <span class='ocrx_word' id='word_1_433' title='bbox 638 4035 699 4089; x_wconf 83' lang='grc' dir='ltr'><strong>τὸ</strong></span> <span class='ocrx_word' id='word_1_434' title='bbox 743 4036 962 4107; x_wconf 80' lang='grc' dir='ltr'><strong>ἔντιμον</strong></span> <span class='ocrx_word' id='word_1_435' title='bbox 1007 4039 1229 4110; x_wconf 83' lang='grc' dir='ltr'><strong>σπέρμα</strong></span> <span class='ocrx_word' id='word_1_436' title='bbox 1257 4041 1357 4093; x_wconf 79' lang='grc' dir='ltr'><strong>οὐκ</strong></span> <span class='ocrx_word' id='word_1_437' title='bbox 1405 4039 1739 4101; x_wconf 77' lang='grc' dir='ltr'><strong>ἐκλέλοιπεν,</strong></span> 
     </span>
    </p>
   </div>
   <div class='ocr_carea' id='block_1_61' title="bbox 162 4128 1742 4198">
    <p class='ocr_par' dir='ltr' id='par_1_61' title="bbox 162 4128 1742 4198">
     <span class='ocr_line' id='line_1_61' title="bbox 162 4128 1742 4198; baseline -0.002 -13"><span class='ocrx_word' id='word_1_438' title='bbox 162 4133 281 4185; x_wconf 71' lang='grc' dir='ltr'><strong>οὐδὲ</strong></span> <span class='ocrx_word' id='word_1_439' title='bbox 324 4128 629 4198; x_wconf 74' lang='grc' dir='ltr'><strong>ὲκλείῲειεν</strong></span> <span class='ocrx_word' id='word_1_440' title='bbox 649 4128 754 4192; x_wconf 71' lang='grc' dir='ltr'><strong>ἓως</strong></span> <span class='ocrx_word' id='word_1_441' title='bbox 781 4129 882 4198; x_wconf 81' lang='grc' dir='ltr'><strong>τῆς</strong></span> <span class='ocrx_word' id='word_1_442' title='bbox 912 4131 1221 4195; x_wconf 87' lang='grc' dir='ltr'><strong>συντελείας</strong></span> <span class='ocrx_word' id='word_1_443' title='bbox 1249 4131 1347 4197; x_wconf 76' lang='grc' dir='ltr'><strong>τοῦ</strong></span> <span class='ocrx_word' id='word_1_444' title='bbox 1377 4132 1590 4194; x_wconf 87' lang='grc' dir='ltr'><strong>αἰῶνος.</strong></span> <span class='ocrx_word' id='word_1_445' title='bbox 1617 4129 1742 4183; x_wconf 82' lang='grc' dir='ltr'><strong>Εἴθε</strong></span> 
     </span>
    </p>
   </div>
   <div class='ocr_carea' id='block_1_62' title="bbox 164 4217 1743 4293">
    <p class='ocr_par' dir='ltr' id='par_1_62' title="bbox 164 4217 1743 4293">
     <span class='ocr_line' id='line_1_62' title="bbox 164 4217 1743 4293; baseline 0 -19"><span class='ocrx_word' id='word_1_446' title='bbox 164 4217 304 4274; x_wconf 70' lang='grc' dir='ltr'><strong>εἶδον</strong></span> <span class='ocrx_word' id='word_1_447' title='bbox 335 4221 533 4286; x_wconf 90' lang='grc' dir='ltr'><strong>ταῦτα,</strong></span> <span class='ocrx_word' id='word_1_448' title='bbox 581 4222 675 4274; x_wconf 76' lang='grc' dir='ltr'><strong>καὶ</strong></span> <span class='ocrx_word' id='word_1_449' title='bbox 716 4221 1166 4293; x_wconf 81' lang='grc' dir='ltr'><strong>περιεπτυξάμην</strong></span> <span class='ocrx_word' id='word_1_450' title='bbox 1195 4224 1286 4275; x_wconf 80' lang='grc' dir='ltr'><strong>τὸν</strong></span> <span class='ocrx_word' id='word_1_451' title='bbox 1316 4223 1444 4293; x_wconf 85' lang='grc' dir='ltr'><strong>χοῦν</strong></span> <span class='ocrx_word' id='word_1_452' title='bbox 1467 4223 1743 4292; x_wconf 61' lang='grc' dir='ltr'><strong>’ὼςίὲμψυ-</strong></span> 
     </span>
    </p>
   </div>
   <div class='ocr_carea' id='block_1_63' title="bbox 164 4311 1743 4384">
    <p class='ocr_par' dir='ltr' id='par_1_63' title="bbox 164 4311 1743 4384">
     <span class='ocr_line' id='line_1_63' title="bbox 164 4311 1743 4384; baseline 0.002 -20"><span class='ocrx_word' id='word_1_453' title='bbox 164 4316 285 4383; x_wconf 84' lang='grc' dir='ltr'><strong>χονί</strong></span> <span class='ocrx_word' id='word_1_454' title='bbox 323 4311 678 4379; x_wconf 76' lang='grc' dir='ltr'><strong>ὦφελον.καὶ</strong></span> <span class='ocrx_word' id='word_1_455' title='bbox 729 4314 981 4383; x_wconf 81' lang='grc' dir='ltr'><strong>ἀπήχθην</strong></span> <span class='ocrx_word' id='word_1_456' title='bbox 1016 4315 1076 4366; x_wconf 78' lang='grc' dir='ltr'><strong>ὲν</strong></span> <span class='ocrx_word' id='word_1_457' title='bbox 1121 4317 1241 4378; x_wconf 86' lang='grc' dir='ltr'><strong>ταῖς</strong></span> <span class='ocrx_word' id='word_1_458' title='bbox 1282 4315 1497 4378; x_wconf 85' lang='grc' dir='ltr'><strong>λοιπαῖς</strong></span> <span class='ocrx_word' id='word_1_459' title='bbox 1549 4315 1743 4384; x_wconf 82' lang='grc' dir='ltr'><strong>θήκαις</strong></span> 
     </span>
    </p>
   </div>
   <div class='ocr_carea' id='block_1_64' title="bbox 161 4404 1739 4476">
    <p class='ocr_par' dir='ltr' id='par_1_64' title="bbox 161 4404 1739 4476">
     <span class='ocr_line' id='line_1_64' title="bbox 161 4404 1739 4476; baseline 0 -18"><span class='ocrx_word' id='word_1_460' title='bbox 161 4406 269 4458; x_wconf 86' lang='grc' dir='ltr'><strong>τῶν</strong></span> <span class='ocrx_word' id='word_1_461' title='bbox 321 4405 510 4467; x_wconf 81' lang='grc' dir='ltr'><strong>ὁσίων,</strong></span> <span class='ocrx_word' id='word_1_462' title='bbox 544 4405 640 4455; x_wconf 83' lang='grc' dir='ltr'><strong>ἀπ’</strong></span> <span class='ocrx_word' id='word_1_463' title='bbox 666 4404 835 4476; x_wconf 78' lang='grc' dir='ltr'><strong>αὐτῆς</strong></span> <span class='ocrx_word' id='word_1_464' title='bbox 897 4406 1065 4476; x_wconf 86' lang='grc' dir='ltr'><strong>μόνης</strong></span> <span class='ocrx_word' id='word_1_465' title='bbox 1119 4407 1296 4475; x_wconf 73' lang='grc' dir='ltr'><strong>ὅψεως</strong></span> <span class='ocrx_word' id='word_1_466' title='bbox 1344 4407 1739 4476; x_wconf 67' lang='grc' dir='ltr'><strong>ἁγιαζόμεῦοςί</strong></span> 
     </span>
    </p>
   </div>
   <div class='ocr_carea' id='block_1_65' title="bbox 1838 2125 3423 2198">
    <p class='ocr_par' dir='ltr' id='par_1_65' title="bbox 1838 2125 3423 2198">
     <span class='ocr_line' id='line_1_65' title="bbox 1838 2125 3423 2198; baseline 0.001 -17"><span class='ocrx_word' id='word_1_467' title='bbox 1838 2141 1904 2181; x_wconf 82' lang='lat' dir='ltr'><strong>ex</strong></span> <span class='ocrx_word' id='word_1_468' title='bbox 1939 2125 2047 2180; x_wconf 84' lang='lat' dir='ltr'><strong>illis</strong></span> <span class='ocrx_word' id='word_1_469' title='bbox 2086 2126 2402 2195; x_wconf 73' lang='lat' dir='ltr'><strong>regionibus</strong></span> <span class='ocrx_word' id='word_1_470' title='bbox 2445 2142 2742 2194; x_wconf 84' lang='lat' dir='ltr'><strong>reversus;</strong></span> <span class='ocrx_word' id='word_1_471' title='bbox 2783 2136 2839 2182; x_wconf 90' lang='lat' dir='ltr'><strong>et</strong></span> <span class='ocrx_word' id='word_1_472' title='bbox 2883 2128 2972 2182; x_wconf 88' lang='lat' dir='ltr'><strong>ille</strong></span> <span class='ocrx_word' id='word_1_473' title='bbox 3005 2130 3227 2198; x_wconf 89' lang='lat' dir='ltr'><strong>quidem</strong></span> <span class='ocrx_word' id='word_1_474' title='bbox 3277 2129 3423 2182; x_wconf 86' lang='lat' dir='ltr'><strong>lilius</strong></span> 
     </span>
    </p>
   </div>
   <div class='ocr_carea' id='block_1_66' title="bbox 1840 2218 3421 2292">
    <p class='ocr_par' dir='ltr' id='par_1_66' title="bbox 1840 2218 3421 2292">
     <span class='ocr_line' id='line_1_66' title="bbox 1840 2218 3421 2292; baseline 0.003 -23"><span class='ocrx_word' id='word_1_475' title='bbox 1840 2231 1995 2271; x_wconf 90' lang='lat' dir='ltr'><strong>meus</strong></span> <span class='ocrx_word' id='word_1_476' title='bbox 2027 2218 2081 2270; x_wconf 92' lang='lat' dir='ltr'><strong>iu</strong></span> <span class='ocrx_word' id='word_1_477' title='bbox 2104 2218 2320 2286; x_wconf 84' lang='lat' dir='ltr'><strong>spiritu,</strong></span> <span class='ocrx_word' id='word_1_478' title='bbox 2350 2218 2605 2287; x_wconf 88' lang='lat' dir='ltr'><strong>idemque</strong></span> <span class='ocrx_word' id='word_1_479' title='bbox 2645 2219 2996 2292; x_wconf 82' lang='lat' dir='ltr'><strong>integerrima</strong></span> <span class='ocrx_word' id='word_1_480' title='bbox 3022 2221 3145 2275; x_wconf 87' lang='lat' dir='ltr'><strong>tide.</strong></span> <span class='ocrx_word' id='word_1_481' title='bbox 3175 2219 3421 2286; x_wconf 83' lang='lat' dir='ltr'><strong>Quomo-</strong></span> 
     </span>
    </p>
   </div>
   <div class='ocr_carea' id='block_1_67' title="bbox 1839 2307 3423 2380">
    <p class='ocr_par' dir='ltr' id='par_1_67' title="bbox 1839 2307 3423 2380">
     <span class='ocr_line' id='line_1_67' title="bbox 1839 2307 3423 2380; baseline 0.004 -19"><span class='ocrx_word' id='word_1_482' title='bbox 1839 2307 1911 2361; x_wconf 90' lang='lat' dir='ltr'><strong>do</strong></span> <span class='ocrx_word' id='word_1_483' title='bbox 1944 2307 2111 2378; x_wconf 77' lang='lat' dir='ltr'><strong>igitur</strong></span> <span class='ocrx_word' id='word_1_484' title='bbox 2149 2324 2257 2363; x_wconf 91' lang='lat' dir='ltr'><strong>non</strong></span> <span class='ocrx_word' id='word_1_485' title='bbox 2294 2323 2382 2362; x_wconf 87' lang='lat' dir='ltr'><strong>me</strong></span> <span class='ocrx_word' id='word_1_486' title='bbox 2426 2319 2770 2379; x_wconf 89' lang='lat' dir='ltr'><strong>peccatorem</strong></span> <span class='ocrx_word' id='word_1_487' title='bbox 2816 2311 3060 2380; x_wconf 88' lang='lat' dir='ltr'><strong>oportuit</strong></span> <span class='ocrx_word' id='word_1_488' title='bbox 3085 2319 3196 2365; x_wconf 89' lang='lat' dir='ltr'><strong>tam</strong></span> <span class='ocrx_word' id='word_1_489' title='bbox 3237 2313 3423 2380; x_wconf 87' lang='lat' dir='ltr'><strong>inspe-</strong></span> 
     </span>
    </p>
   </div>
   <div class='ocr_carea' id='block_1_68' title="bbox 1841 2399 3424 2471">
    <p class='ocr_par' dir='ltr' id='par_1_68' title="bbox 1841 2399 3424 2471">
     <span class='ocr_line' id='line_1_68' title="bbox 1841 2399 3424 2471; baseline 0.003 -21"><span class='ocrx_word' id='word_1_490' title='bbox 1841 2406 1959 2451; x_wconf 90' lang='lat' dir='ltr'><strong>rato</strong></span> <span class='ocrx_word' id='word_1_491' title='bbox 1982 2399 2135 2453; x_wconf 88' lang='lat' dir='ltr'><strong>lucro</strong></span> <span class='ocrx_word' id='word_1_492' title='bbox 2175 2399 2613 2470; x_wconf 80' lang='lat' dir='ltr'><strong>obstupescere?</strong></span> <span class='ocrx_word' id='word_1_493' title='bbox 2659 2400 2948 2467; x_wconf 86' lang='lat' dir='ltr'><strong>Quomodo</strong></span> <span class='ocrx_word' id='word_1_494' title='bbox 2985 2417 3092 2455; x_wconf 90' lang='lat' dir='ltr'><strong>non</strong></span> <span class='ocrx_word' id='word_1_495' title='bbox 3120 2402 3302 2455; x_wconf 86' lang='lat' dir='ltr'><strong>decuit</strong></span> <span class='ocrx_word' id='word_1_496' title='bbox 3335 2402 3424 2471; x_wconf 89' lang='lat' dir='ltr'><strong>ju-</strong></span> 
     </span>
    </p>
   </div>
   <div class='ocr_carea' id='block_1_69' title="bbox 1838 2489 3422 2560">
    <p class='ocr_par' dir='ltr' id='par_1_69' title="bbox 1838 2489 3422 2560">
     <span class='ocr_line' id='line_1_69' title="bbox 1838 2489 3422 2560; baseline 0.003 -18"><span class='ocrx_word' id='word_1_497' title='bbox 1838 2489 2109 2543; x_wconf 84' lang='lat' dir='ltr'><strong>stissimas</strong></span> <span class='ocrx_word' id='word_1_498' title='bbox 2151 2505 2311 2560; x_wconf 74' lang='lat' dir='ltr'><strong>agere</strong></span> <span class='ocrx_word' id='word_1_499' title='bbox 2356 2492 2560 2560; x_wconf 80' lang='lat' dir='ltr'><strong>gratias</strong></span> <span class='ocrx_word' id='word_1_500' title='bbox 2622 2491 2854 2545; x_wconf 85' lang='lat' dir='ltr'><strong>Domino</strong></span> <span class='ocrx_word' id='word_1_501' title='bbox 2916 2506 3038 2546; x_wconf 84' lang='lat' dir='ltr'><strong>meo</strong></span> <span class='ocrx_word' id='word_1_502' title='bbox 3100 2490 3212 2545; x_wconf 88' lang='lat' dir='ltr'><strong>Deo</strong></span> <span class='ocrx_word' id='word_1_503' title='bbox 3251 2493 3274 2544; x_wconf 85' lang='lat'><strong>?</strong></span> <span class='ocrx_word' id='word_1_504' title='bbox 3319 2492 3422 2547; x_wconf 88' lang='lat' dir='ltr'><strong>Sed</strong></span> 
     </span>
    </p>
   </div>
   <div class='ocr_carea' id='block_1_70' title="bbox 1840 2578 3426 2651">
    <p class='ocr_par' dir='ltr' id='par_1_70' title="bbox 1840 2578 3426 2651">
     <span class='ocr_line' id='line_1_70' title="bbox 1840 2578 3426 2651; baseline 0.004 -20"><span class='ocrx_word' id='word_1_505' title='bbox 1840 2578 2166 2647; x_wconf 89' lang='lat' dir='ltr'><strong>priusquam</strong></span> <span class='ocrx_word' id='word_1_506' title='bbox 2186 2595 2249 2634; x_wconf 86' lang='lat' dir='ltr'><strong>ea</strong></span> <span class='ocrx_word' id='word_1_507' title='bbox 2273 2596 2397 2650; x_wconf 76' lang='lat' dir='ltr'><strong>qua:</strong></span> <span class='ocrx_word' id='word_1_508' title='bbox 2442 2591 2572 2636; x_wconf 90' lang='lat' dir='ltr'><strong>sunt</strong></span> <span class='ocrx_word' id='word_1_509' title='bbox 2595 2582 2756 2651; x_wconf 85' lang='lat' dir='ltr'><strong>digna</strong></span> <span class='ocrx_word' id='word_1_510' title='bbox 2797 2581 2950 2637; x_wconf 90' lang='lat' dir='ltr'><strong>luctu</strong></span> <span class='ocrx_word' id='word_1_511' title='bbox 2975 2582 3223 2651; x_wconf 89' lang='lat' dir='ltr'><strong>eloquar,</strong></span> <span class='ocrx_word' id='word_1_512' title='bbox 3250 2584 3426 2638; x_wconf 82' lang='lat' dir='ltr'><strong>obiter</strong></span> 
     </span>
    </p>
   </div>
   <div class='ocr_carea' id='block_1_71' title="bbox 1841 2667 3422 2740">
    <p class='ocr_par' dir='ltr' id='par_1_71' title="bbox 1841 2667 3422 2740">
     <span class='ocr_line' id='line_1_71' title="bbox 1841 2667 3422 2740; baseline 0.006 -25"><span class='ocrx_word' id='word_1_513' title='bbox 1841 2679 2021 2717; x_wconf 89' lang='lat' dir='ltr'><strong>meum</strong></span> <span class='ocrx_word' id='word_1_514' title='bbox 2080 2680 2205 2734; x_wconf 81' lang='lat' dir='ltr'><strong>erga</strong></span> <span class='ocrx_word' id='word_1_515' title='bbox 2269 2682 2365 2721; x_wconf 91' lang='lat' dir='ltr'><strong>vos</strong></span> <span class='ocrx_word' id='word_1_516' title='bbox 2425 2667 2758 2723; x_wconf 85' lang='lat' dir='ltr'><strong>desiderium</strong></span> <span class='ocrx_word' id='word_1_517' title='bbox 2817 2669 3072 2740; x_wconf 83' lang='lat' dir='ltr'><strong>indignus</strong></span> <span class='ocrx_word' id='word_1_518' title='bbox 3132 2686 3422 2740; x_wconf 83' lang='lat' dir='ltr'><strong>exponam.</strong></span> 
     </span>
    </p>
   </div>
   <div class='ocr_carea' id='block_1_72' title="bbox 1842 2751 3423 2827">
    <p class='ocr_par' dir='ltr' id='par_1_72' title="bbox 1842 2751 3423 2827">
     <span class='ocr_line' id='line_1_72' title="bbox 1842 2751 3423 2827; baseline 0.006 -20"><span class='ocrx_word' id='word_1_519' title='bbox 1842 2751 2108 2819; x_wconf 85' lang='lat' dir='ltr'><strong>Gaudete,</strong></span> <span class='ocrx_word' id='word_1_520' title='bbox 2167 2753 2358 2812; x_wconf 87' lang='lat' dir='ltr'><strong>Patres</strong></span> <span class='ocrx_word' id='word_1_521' title='bbox 2402 2755 2726 2824; x_wconf 77' lang='lat' dir='ltr'><strong>felicissimi,</strong></span> <span class='ocrx_word' id='word_1_522' title='bbox 2771 2770 2934 2815; x_wconf 65' lang='lat' dir='ltr'><strong>terrae</strong></span> <span class='ocrx_word' id='word_1_523' title='bbox 2980 2771 3183 2816; x_wconf 71' lang='lat' dir='ltr'><strong>sanctae</strong></span> <span class='ocrx_word' id='word_1_524' title='bbox 3214 2763 3423 2827; x_wconf 76' lang='lat' dir='ltr'><strong>incolae,</strong></span> 
     </span>
    </p>
   </div>
   <div class='ocr_carea' id='block_1_73' title="bbox 1840 2846 3424 2922">
    <p class='ocr_par' dir='ltr' id='par_1_73' title="bbox 1840 2846 3424 2922">
     <span class='ocr_line' id='line_1_73' title="bbox 1840 2846 3424 2922; baseline 0.005 -24"><span class='ocrx_word' id='word_1_525' title='bbox 1840 2860 2011 2915; x_wconf 88' lang='lat' dir='ltr'><strong>genus</strong></span> <span class='ocrx_word' id='word_1_526' title='bbox 2033 2861 2282 2912; x_wconf 84' lang='lat' dir='ltr'><strong>aureum,</strong></span> <span class='ocrx_word' id='word_1_527' title='bbox 2314 2846 2419 2903; x_wconf 86' lang='lat' dir='ltr'><strong>iide</strong></span> <span class='ocrx_word' id='word_1_528' title='bbox 2442 2865 2606 2920; x_wconf 90' lang='lat' dir='ltr'><strong>supra</strong></span> <span class='ocrx_word' id='word_1_529' title='bbox 2636 2860 2862 2907; x_wconf 69' lang='lat' dir='ltr'><strong>cancros</strong></span> <span class='ocrx_word' id='word_1_530' title='bbox 2901 2851 3138 2922; x_wconf 84' lang='lat' dir='ltr'><strong>probati,</strong></span> <span class='ocrx_word' id='word_1_531' title='bbox 3164 2853 3424 2907; x_wconf 88' lang='lat' dir='ltr'><strong>vitiorum</strong></span> 
     </span>
    </p>
   </div>
   <div class='ocr_carea' id='block_1_74' title="bbox 1839 2939 3417 3010">
    <p class='ocr_par' dir='ltr' id='par_1_74' title="bbox 1839 2939 3417 3010">
     <span class='ocr_line' id='line_1_74' title="bbox 1839 2939 3417 3010; baseline 0.003 -17"><span class='ocrx_word' id='word_1_532' title='bbox 1839 2939 2186 2995; x_wconf 90' lang='lat' dir='ltr'><strong>domitores:</strong></span> <span class='ocrx_word' id='word_1_533' title='bbox 2239 2939 2492 3010; x_wconf 89' lang='lat' dir='ltr'><strong>gaudete,</strong></span> <span class='ocrx_word' id='word_1_534' title='bbox 2556 2941 2886 3010; x_wconf 86' lang='lat' dir='ltr'><strong>percelebris</strong></span> <span class='ocrx_word' id='word_1_535' title='bbox 2937 2940 3142 2996; x_wconf 83' lang='lat' dir='ltr'><strong>Christi</strong></span> <span class='ocrx_word' id='word_1_536' title='bbox 3217 2953 3417 3009; x_wconf 62' lang='lat' dir='ltr'><strong>cactus,</strong></span> 
     </span>
    </p>
   </div>
   <div class='ocr_carea' id='block_1_75' title="bbox 1840 3027 3426 3098">
    <p class='ocr_par' dir='ltr' id='par_1_75' title="bbox 1840 3027 3426 3098">
     <span class='ocr_line' id='line_1_75' title="bbox 1840 3027 3426 3098; baseline 0.004 -17"><span class='ocrx_word' id='word_1_537' title='bbox 1840 3027 2133 3083; x_wconf 80' lang='lat' dir='ltr'><strong>etl&#39;ectores</strong></span> <span class='ocrx_word' id='word_1_538' title='bbox 2179 3027 2561 3084; x_wconf 84' lang='lat' dir='ltr'><strong>mandatorum</strong></span> <span class='ocrx_word' id='word_1_539' title='bbox 2594 3029 2711 3098; x_wconf 89' lang='lat' dir='ltr'><strong>Dei,</strong></span> <span class='ocrx_word' id='word_1_540' title='bbox 2745 3046 2810 3086; x_wconf 89' lang='lat' dir='ltr'><strong>ac</strong></span> <span class='ocrx_word' id='word_1_541' title='bbox 2835 3031 3019 3086; x_wconf 89' lang='lat' dir='ltr'><strong>divina</strong></span> <span class='ocrx_word' id='word_1_542' title='bbox 3053 3032 3268 3086; x_wconf 87' lang='lat' dir='ltr'><strong>vivendi</strong></span> <span class='ocrx_word' id='word_1_543' title='bbox 3303 3049 3426 3087; x_wconf 91' lang='lat' dir='ltr'><strong>nor-</strong></span> 
     </span>
    </p>
   </div>
   <div class='ocr_carea' id='block_1_76' title="bbox 1842 3121 3421 3196">
    <p class='ocr_par' dir='ltr' id='par_1_76' title="bbox 1842 3121 3421 3196">
     <span class='ocr_line' id='line_1_76' title="bbox 1842 3121 3421 3196; baseline 0.005 -23"><span class='ocrx_word' id='word_1_544' title='bbox 1842 3135 1928 3173; x_wconf 88' lang='lat' dir='ltr'><strong>ma</strong></span> <span class='ocrx_word' id='word_1_545' title='bbox 1970 3121 2270 3177; x_wconf 86' lang='lat' dir='ltr'><strong>imitatores</strong></span> <span class='ocrx_word' id='word_1_546' title='bbox 2307 3123 2426 3194; x_wconf 85' lang='lat' dir='ltr'><strong>ejus</strong></span> <span class='ocrx_word' id='word_1_547' title='bbox 2462 3123 2586 3178; x_wconf 77' lang='lat' dir='ltr'><strong>vitae</strong></span> <span class='ocrx_word' id='word_1_548' title='bbox 2623 3139 2745 3193; x_wconf 72' lang='lat' dir='ltr'><strong>qua:</strong></span> <span class='ocrx_word' id='word_1_549' title='bbox 2776 3124 2828 3177; x_wconf 91' lang='lat' dir='ltr'><strong>iu</strong></span> <span class='ocrx_word' id='word_1_550' title='bbox 2870 3123 3122 3196; x_wconf 87' lang='lat' dir='ltr'><strong>paradiso</strong></span> <span class='ocrx_word' id='word_1_551' title='bbox 3148 3125 3362 3194; x_wconf 86' lang='lat' dir='ltr'><strong>degitur</strong></span> <span class='ocrx_word' id='word_1_552' title='bbox 3405 3144 3421 3181; x_wconf 88' lang='lat'><strong>:</strong></span> 
     </span>
    </p>
   </div>
   <div class='ocr_carea' id='block_1_77' title="bbox 1840 3211 3424 3281">
    <p class='ocr_par' dir='ltr' id='par_1_77' title="bbox 1840 3211 3424 3281">
     <span class='ocr_line' id='line_1_77' title="bbox 1840 3211 3424 3281; baseline 0.003 -19"><span class='ocrx_word' id='word_1_553' title='bbox 1840 3211 2096 3278; x_wconf 90' lang='lat' dir='ltr'><strong>gaudete,</strong></span> <span class='ocrx_word' id='word_1_554' title='bbox 2141 3211 2310 3266; x_wconf 90' lang='lat' dir='ltr'><strong>electa</strong></span> <span class='ocrx_word' id='word_1_555' title='bbox 2344 3211 2440 3265; x_wconf 90' lang='lat' dir='ltr'><strong>Dei</strong></span> <span class='ocrx_word' id='word_1_556' title='bbox 2484 3212 2702 3278; x_wconf 89' lang='lat' dir='ltr'><strong>civitas,</strong></span> <span class='ocrx_word' id='word_1_557' title='bbox 2748 3212 3016 3281; x_wconf 86' lang='lat' dir='ltr'><strong>siquidem</strong></span> <span class='ocrx_word' id='word_1_558' title='bbox 3041 3222 3126 3267; x_wconf 83' lang='lat' dir='ltr'><strong>est</strong></span> <span class='ocrx_word' id='word_1_559' title='bbox 3157 3213 3210 3266; x_wconf 90' lang='lat' dir='ltr'><strong>in</strong></span> <span class='ocrx_word' id='word_1_560' title='bbox 3243 3214 3424 3267; x_wconf 89' lang='lat' dir='ltr'><strong>medio</strong></span> 
     </span>
    </p>
   </div>
   <div class='ocr_carea' id='block_1_78' title="bbox 1840 3300 3423 3374">
    <p class='ocr_par' dir='ltr' id='par_1_78' title="bbox 1840 3300 3423 3374">
     <span class='ocr_line' id='line_1_78' title="bbox 1840 3300 3423 3374; baseline 0.001 -18"><span class='ocrx_word' id='word_1_561' title='bbox 1840 3312 1984 3356; x_wconf 74' lang='lat' dir='ltr'><strong>coetu</strong></span> <span class='ocrx_word' id='word_1_562' title='bbox 2039 3311 2222 3356; x_wconf 89' lang='lat' dir='ltr'><strong>vestro</strong></span> <span class='ocrx_word' id='word_1_563' title='bbox 2286 3300 2570 3368; x_wconf 89' lang='lat' dir='ltr'><strong>Dominus,</strong></span> <span class='ocrx_word' id='word_1_564' title='bbox 2641 3318 2804 3373; x_wconf 86' lang='lat' dir='ltr'><strong>quem</strong></span> <span class='ocrx_word' id='word_1_565' title='bbox 2872 3303 3138 3358; x_wconf 87' lang='lat' dir='ltr'><strong>bonorum</strong></span> <span class='ocrx_word' id='word_1_566' title='bbox 3195 3320 3423 3374; x_wconf 89' lang='lat' dir='ltr'><strong>operum</strong></span> 
     </span>
    </p>
   </div>
   <div class='ocr_carea' id='block_1_79' title="bbox 1841 3385 3423 3461">
    <p class='ocr_par' dir='ltr' id='par_1_79' title="bbox 1841 3385 3423 3461">
     <span class='ocr_line' id='line_1_79' title="bbox 1841 3385 3423 3461; baseline 0.003 -19"><span class='ocrx_word' id='word_1_567' title='bbox 1841 3389 2229 3443; x_wconf 79' lang='lat' dir='ltr'><strong>exercitatione</strong></span> <span class='ocrx_word' id='word_1_568' title='bbox 2289 3391 2488 3446; x_wconf 90' lang='lat' dir='ltr'><strong>colitis.</strong></span> <span class='ocrx_word' id='word_1_569' title='bbox 2530 3385 2736 3445; x_wconf 71' lang='lat' dir='ltr'><strong>vellem</strong></span> <span class='ocrx_word' id='word_1_570' title='bbox 2778 3391 2964 3461; x_wconf 87' lang='lat' dir='ltr'><strong>utique</strong></span> <span class='ocrx_word' id='word_1_571' title='bbox 3013 3393 3258 3447; x_wconf 89' lang='lat' dir='ltr'><strong>divinum</strong></span> <span class='ocrx_word' id='word_1_572' title='bbox 3291 3394 3423 3447; x_wconf 84' lang='lat' dir='ltr'><strong>illud</strong></span> 
     </span>
    </p>
   </div>
   <div class='ocr_carea' id='block_1_80' title="bbox 1842 3483 3420 3556">
    <p class='ocr_par' dir='ltr' id='par_1_80' title="bbox 1842 3483 3420 3556">
     <span class='ocr_line' id='line_1_80' title="bbox 1842 3483 3420 3556; baseline 0.001 -22"><span class='ocrx_word' id='word_1_573' title='bbox 1842 3492 2085 3536; x_wconf 89' lang='lat' dir='ltr'><strong>vestrum</strong></span> <span class='ocrx_word' id='word_1_574' title='bbox 2109 3491 2320 3551; x_wconf 90' lang='lat' dir='ltr'><strong>septum</strong></span> <span class='ocrx_word' id='word_1_575' title='bbox 2354 3483 2528 3538; x_wconf 89' lang='lat' dir='ltr'><strong>oculis</strong></span> <span class='ocrx_word' id='word_1_576' title='bbox 2564 3499 2851 3556; x_wconf 82' lang='lat' dir='ltr'><strong>usurpare,</strong></span> <span class='ocrx_word' id='word_1_577' title='bbox 2883 3499 3039 3539; x_wconf 88' lang='lat' dir='ltr'><strong>sacra</strong></span> <span class='ocrx_word' id='word_1_578' title='bbox 3069 3495 3250 3538; x_wconf 85' lang='lat' dir='ltr'><strong>vestra</strong></span> <span class='ocrx_word' id='word_1_579' title='bbox 3284 3501 3420 3539; x_wconf 83' lang='lat' dir='ltr'><strong>cou-</strong></span> 
     </span>
    </p>
   </div>
   <div class='ocr_carea' id='block_1_81' title="bbox 1841 3572 3419 3644">
    <p class='ocr_par' dir='ltr' id='par_1_81' title="bbox 1841 3572 3419 3644">
     <span class='ocr_line' id='line_1_81' title="bbox 1841 3572 3419 3644; baseline 0.002 -18"><span class='ocrx_word' id='word_1_580' title='bbox 1841 3572 2050 3643; x_wconf 85' lang='lat' dir='ltr'><strong>tingere</strong></span> <span class='ocrx_word' id='word_1_581' title='bbox 2106 3574 2355 3644; x_wconf 81' lang='lat' dir='ltr'><strong>vestigia,</strong></span> <span class='ocrx_word' id='word_1_582' title='bbox 2400 3586 2646 3630; x_wconf 89' lang='lat' dir='ltr'><strong>sanctam</strong></span> <span class='ocrx_word' id='word_1_583' title='bbox 2693 3575 2892 3630; x_wconf 88' lang='lat' dir='ltr'><strong>intueri</strong></span> <span class='ocrx_word' id='word_1_584' title='bbox 2933 3577 3124 3642; x_wconf 57' lang='lat' dir='ltr'><strong>aedem,</strong></span> <span class='ocrx_word' id='word_1_585' title='bbox 3171 3577 3419 3630; x_wconf 89' lang='lat' dir='ltr'><strong>divinum</strong></span> 
     </span>
    </p>
   </div>
   <div class='ocr_carea' id='block_1_82' title="bbox 1842 3664 3427 3735">
    <p class='ocr_par' dir='ltr' id='par_1_82' title="bbox 1842 3664 3427 3735">
     <span class='ocr_line' id='line_1_82' title="bbox 1842 3664 3427 3735; baseline 0.002 -17"><span class='ocrx_word' id='word_1_586' title='bbox 1842 3666 2018 3718; x_wconf 85' lang='lat' dir='ltr'><strong>solum</strong></span> <span class='ocrx_word' id='word_1_587' title='bbox 2062 3665 2321 3730; x_wconf 82' lang='lat' dir='ltr'><strong>osculari,</strong></span> <span class='ocrx_word' id='word_1_588' title='bbox 2368 3666 2580 3735; x_wconf 84' lang='lat' dir='ltr'><strong>singula</strong></span> <span class='ocrx_word' id='word_1_589' title='bbox 2603 3666 2837 3722; x_wconf 84' lang='lat' dir='ltr'><strong>lustrare</strong></span> <span class='ocrx_word' id='word_1_590' title='bbox 2865 3668 3143 3731; x_wconf 88' lang='lat' dir='ltr'><strong>attentius,</strong></span> <span class='ocrx_word' id='word_1_591' title='bbox 3193 3667 3283 3720; x_wconf 92' lang='lat' dir='ltr'><strong>ubi</strong></span> <span class='ocrx_word' id='word_1_592' title='bbox 3315 3664 3427 3721; x_wconf 90' lang='lat' dir='ltr'><strong>Deo</strong></span> 
     </span>
    </p>
   </div>
   <div class='ocr_carea' id='block_1_83' title="bbox 1843 3754 3422 3825">
    <p class='ocr_par' dir='ltr' id='par_1_83' title="bbox 1843 3754 3422 3825">
     <span class='ocr_line' id='line_1_83' title="bbox 1843 3754 3422 3825; baseline 0.003 -19"><span class='ocrx_word' id='word_1_593' title='bbox 1843 3754 2056 3824; x_wconf 90' lang='lat' dir='ltr'><strong>plenus,</strong></span> <span class='ocrx_word' id='word_1_594' title='bbox 2081 3771 2143 3808; x_wconf 89' lang='lat' dir='ltr'><strong>ac</strong></span> <span class='ocrx_word' id='word_1_595' title='bbox 2164 3771 2264 3808; x_wconf 92' lang='lat' dir='ltr'><strong>suo</strong></span> <span class='ocrx_word' id='word_1_596' title='bbox 2299 3756 2634 3825; x_wconf 90' lang='lat' dir='ltr'><strong>respondens</strong></span> <span class='ocrx_word' id='word_1_597' title='bbox 2665 3759 2870 3812; x_wconf 89' lang='lat' dir='ltr'><strong>nomini</strong></span> <span class='ocrx_word' id='word_1_598' title='bbox 2895 3768 3116 3812; x_wconf 85' lang='lat' dir='ltr'><strong>sanctus</strong></span> <span class='ocrx_word' id='word_1_599' title='bbox 3157 3756 3248 3811; x_wconf 90' lang='lat' dir='ltr'><strong>Dei</strong></span> <span class='ocrx_word' id='word_1_600' title='bbox 3277 3757 3422 3811; x_wconf 89' lang='lat' dir='ltr'><strong>Cha-</strong></span> 
     </span>
    </p>
   </div>
   <div class='ocr_carea' id='block_1_84' title="bbox 1843 3845 3424 3918">
    <p class='ocr_par' dir='ltr' id='par_1_84' title="bbox 1843 3845 3424 3918">
     <span class='ocr_line' id='line_1_84' title="bbox 1843 3845 3424 3918; baseline 0.001 -20"><span class='ocrx_word' id='word_1_601' title='bbox 1843 3845 1970 3910; x_wconf 88' lang='lat' dir='ltr'><strong>rito,</strong></span> <span class='ocrx_word' id='word_1_602' title='bbox 2012 3855 2124 3898; x_wconf 90' lang='lat' dir='ltr'><strong>tum</strong></span> <span class='ocrx_word' id='word_1_603' title='bbox 2187 3848 2432 3916; x_wconf 84' lang='lat' dir='ltr'><strong>martyrii</strong></span> <span class='ocrx_word' id='word_1_604' title='bbox 2488 3858 2600 3901; x_wconf 91' lang='lat' dir='ltr'><strong>tum</strong></span> <span class='ocrx_word' id='word_1_605' title='bbox 2660 3849 2781 3902; x_wconf 62' lang='lat' dir='ltr'><strong>vita:</strong></span> <span class='ocrx_word' id='word_1_606' title='bbox 2824 3849 3137 3903; x_wconf 74' lang='lat' dir='ltr'><strong>monasticae</strong></span> <span class='ocrx_word' id='word_1_607' title='bbox 3188 3847 3424 3918; x_wconf 87' lang='lat' dir='ltr'><strong>palmam</strong></span> 
     </span>
    </p>
   </div>
   <div class='ocr_carea' id='block_1_85' title="bbox 1844 3936 3427 4009">
    <p class='ocr_par' dir='ltr' id='par_1_85' title="bbox 1844 3936 3427 4009">
     <span class='ocr_line' id='line_1_85' title="bbox 1844 3936 3427 4009; baseline 0.002 -19"><span class='ocrx_word' id='word_1_608' title='bbox 1844 3936 1966 3990; x_wconf 88' lang='lat' dir='ltr'><strong>tulit</strong></span> <span class='ocrx_word' id='word_1_609' title='bbox 2006 3955 2019 3990; x_wconf 90' lang='lat'>:</span> <span class='ocrx_word' id='word_1_610' title='bbox 2069 3937 2159 3991; x_wconf 89' lang='lat' dir='ltr'><strong>ubi</strong></span> <span class='ocrx_word' id='word_1_611' title='bbox 2189 3955 2404 3992; x_wconf 80' lang='lat' dir='ltr'><strong>sacrum</strong></span> <span class='ocrx_word' id='word_1_612' title='bbox 2436 3939 2580 3994; x_wconf 91' lang='lat' dir='ltr'><strong>illius</strong></span> <span class='ocrx_word' id='word_1_613' title='bbox 2619 3955 2820 4009; x_wconf 90' lang='lat' dir='ltr'><strong>corpus</strong></span> <span class='ocrx_word' id='word_1_614' title='bbox 2875 3940 3211 3994; x_wconf 87' lang='lat' dir='ltr'><strong>reconditum</strong></span> <span class='ocrx_word' id='word_1_615' title='bbox 3250 3957 3263 3992; x_wconf 93' lang='lat'>:</span> <span class='ocrx_word' id='word_1_616' title='bbox 3301 3954 3427 3993; x_wconf 82' lang='lat' dir='ltr'><strong>vere</strong></span> 
     </span>
    </p>
   </div>
   <div class='ocr_carea' id='block_1_86' title="bbox 1843 4027 3422 4097">
    <p class='ocr_par' dir='ltr' id='par_1_86' title="bbox 1843 4027 3422 4097">
     <span class='ocr_line' id='line_1_86' title="bbox 1843 4027 3422 4097; baseline 0.004 -19"><span class='ocrx_word' id='word_1_617' title='bbox 1843 4027 2136 4082; x_wconf 87' lang='lat' dir='ltr'><strong>thesaurus</strong></span> <span class='ocrx_word' id='word_1_618' title='bbox 2189 4030 2474 4093; x_wconf 85' lang='lat' dir='ltr'><strong>virtutum,</strong></span> <span class='ocrx_word' id='word_1_619' title='bbox 2519 4032 2689 4085; x_wconf 85' lang='lat' dir='ltr'><strong>eremi</strong></span> <span class='ocrx_word' id='word_1_620' title='bbox 2744 4032 2900 4097; x_wconf 88' lang='lat' dir='ltr'><strong>civis,</strong></span> <span class='ocrx_word' id='word_1_621' title='bbox 2954 4032 3102 4085; x_wconf 88' lang='lat' dir='ltr'><strong>orbis</strong></span> <span class='ocrx_word' id='word_1_622' title='bbox 3153 4041 3422 4085; x_wconf 85' lang='lat' dir='ltr'><strong>terrarum</strong></span> 
     </span>
    </p>
   </div>
   <div class='ocr_carea' id='block_1_87' title="bbox 1845 4117 3422 4190">
    <p class='ocr_par' dir='ltr' id='par_1_87' title="bbox 1845 4117 3422 4190">
     <span class='ocr_line' id='line_1_87' title="bbox 1845 4117 3422 4190; baseline 0.006 -21"><span class='ocrx_word' id='word_1_623' title='bbox 1845 4117 2108 4173; x_wconf 88' lang='lat' dir='ltr'><strong>lucerna:</strong></span> <span class='ocrx_word' id='word_1_624' title='bbox 2161 4121 2318 4190; x_wconf 83' lang='lat' dir='ltr'><strong>cujus</strong></span> <span class='ocrx_word' id='word_1_625' title='bbox 2360 4122 2658 4190; x_wconf 84' lang='lat' dir='ltr'><strong>pretiosum</strong></span> <span class='ocrx_word' id='word_1_626' title='bbox 2692 4137 2879 4175; x_wconf 88' lang='lat' dir='ltr'><strong>semen</strong></span> <span class='ocrx_word' id='word_1_627' title='bbox 2927 4137 3035 4175; x_wconf 93' lang='lat' dir='ltr'><strong>non</strong></span> <span class='ocrx_word' id='word_1_628' title='bbox 3065 4121 3284 4187; x_wconf 82' lang='lat' dir='ltr'><strong>defecit,</strong></span> <span class='ocrx_word' id='word_1_629' title='bbox 3323 4139 3422 4178; x_wconf 91' lang='lat' dir='ltr'><strong>nec</strong></span> 
     </span>
    </p>
   </div>
   <div class='ocr_carea' id='block_1_88' title="bbox 1844 4212 3417 4282">
    <p class='ocr_par' dir='ltr' id='par_1_88' title="bbox 1844 4212 3417 4282">
     <span class='ocr_line' id='line_1_88' title="bbox 1844 4212 3417 4282; baseline 0.003 -18"><span class='ocrx_word' id='word_1_630' title='bbox 1844 4226 1975 4267; x_wconf 80' lang='lat' dir='ltr'><strong>vero</strong></span> <span class='ocrx_word' id='word_1_631' title='bbox 2034 4212 2246 4266; x_wconf 80' lang='lat' dir='ltr'><strong>deﬁciet</strong></span> <span class='ocrx_word' id='word_1_632' title='bbox 2299 4229 2472 4282; x_wconf 89' lang='lat' dir='ltr'><strong>usque</strong></span> <span class='ocrx_word' id='word_1_633' title='bbox 2533 4214 2586 4266; x_wconf 90' lang='lat' dir='ltr'><strong>in</strong></span> <span class='ocrx_word' id='word_1_634' title='bbox 2638 4214 3169 4268; x_wconf 87' lang='lat' dir='ltr'><strong>consummationem</strong></span> <span class='ocrx_word' id='word_1_635' title='bbox 3214 4214 3417 4268; x_wconf 56' lang='lat' dir='ltr'><strong>saeculi.</strong></span> 
     </span>
    </p>
   </div>
   <div class='ocr_carea' id='block_1_89' title="bbox 1847 4303 3420 4375">
    <p class='ocr_par' dir='ltr' id='par_1_89' title="bbox 1847 4303 3420 4375">
     <span class='ocr_line' id='line_1_89' title="bbox 1847 4303 3420 4375; baseline 0 -17"><span class='ocrx_word' id='word_1_636' title='bbox 1847 4303 2065 4358; x_wconf 89' lang='lat' dir='ltr'><strong>Utinam</strong></span> <span class='ocrx_word' id='word_1_637' title='bbox 2119 4304 2233 4358; x_wconf 61' lang='lat' dir='ltr'><strong>hare</strong></span> <span class='ocrx_word' id='word_1_638' title='bbox 2259 4304 2430 4360; x_wconf 89' lang='lat' dir='ltr'><strong>oculis</strong></span> <span class='ocrx_word' id='word_1_639' title='bbox 2479 4320 2781 4368; x_wconf 89' lang='lat' dir='ltr'><strong>cernerem,</strong></span> <span class='ocrx_word' id='word_1_640' title='bbox 2837 4305 3223 4375; x_wconf 90' lang='lat' dir='ltr'><strong>pulveremque</strong></span> <span class='ocrx_word' id='word_1_641' title='bbox 3267 4320 3420 4358; x_wconf 88' lang='lat' dir='ltr'><strong>com-</strong></span> 
     </span>
    </p>
   </div>
   <div class='ocr_carea' id='block_1_90' title="bbox 1847 4391 3424 4462">
    <p class='ocr_par' dir='ltr' id='par_1_90' title="bbox 1847 4391 3424 4462">
     <span class='ocr_line' id='line_1_90' title="bbox 1847 4391 3424 4462; baseline -0.002 -16"><span class='ocrx_word' id='word_1_642' title='bbox 1847 4394 2112 4462; x_wconf 86' lang='lat' dir='ltr'><strong>plecterer</strong></span> <span class='ocrx_word' id='word_1_643' title='bbox 2143 4393 2308 4447; x_wconf 83' lang='lat' dir='ltr'><strong>veluti</strong></span> <span class='ocrx_word' id='word_1_644' title='bbox 2339 4394 2637 4462; x_wconf 81' lang='lat' dir='ltr'><strong>Spirantem</strong></span> <span class='ocrx_word' id='word_1_645' title='bbox 2671 4394 2684 4446; x_wconf 90' lang='lat'><strong>!</strong></span> <span class='ocrx_word' id='word_1_646' title='bbox 2732 4391 2952 4447; x_wconf 89' lang='lat' dir='ltr'><strong>Utinam</strong></span> <span class='ocrx_word' id='word_1_647' title='bbox 2990 4403 3044 4447; x_wconf 87' lang='lat' dir='ltr'><strong>et</strong></span> <span class='ocrx_word' id='word_1_648' title='bbox 3067 4392 3424 4460; x_wconf 86' lang='lat' dir='ltr'><strong>progrederer</strong></span> 
     </span>
    </p>
   </div>
   <div class='ocr_carea' id='block_1_91' title="bbox 177 4481 1742 4583">
    <p class='ocr_par' dir='ltr' id='par_1_91' title="bbox 177 4493 1742 4568">
     <span class='ocr_line' id='line_1_91' title="bbox 177 4493 1742 4568; baseline -0.001 -16"><span class='ocrx_word' id='word_1_649' title='bbox 177 4499 316 4552; x_wconf 82' lang='grc' dir='ltr'><strong>Ἀλλ’</strong></span> <span class='ocrx_word' id='word_1_650' title='bbox 347 4496 472 4551; x_wconf 73' lang='grc' dir='ltr'><strong>ἐπεὶ</strong></span> <span class='ocrx_word' id='word_1_651' title='bbox 503 4493 675 4548; x_wconf 81' lang='grc' dir='ltr'><strong>ταῦτα</strong></span> <span class='ocrx_word' id='word_1_652' title='bbox 702 4497 761 4562; x_wconf 74' lang='grc' dir='ltr'><strong>ἐξ</strong></span> <span class='ocrx_word' id='word_1_653' title='bbox 799 4496 979 4563; x_wconf 86' lang='grc' dir='ltr'><strong>ὀλίγου</strong></span> <span class='ocrx_word' id='word_1_654' title='bbox 1012 4515 1103 4566; x_wconf 85' lang='grc' dir='ltr'><strong>μοι</strong></span> <span class='ocrx_word' id='word_1_655' title='bbox 1147 4497 1381 4568; x_wconf 86' lang='grc' dir='ltr'><strong>ῦμνηται</strong></span> <span class='ocrx_word' id='word_1_656' title='bbox 1408 4537 1424 4562; x_wconf 94' lang='grc'><strong>,</strong></span> <span class='ocrx_word' id='word_1_657' title='bbox 1481 4496 1613 4566; x_wconf 86' lang='grc' dir='ltr'><strong>φέρε</strong></span> <span class='ocrx_word' id='word_1_658' title='bbox 1663 4499 1742 4550; x_wconf 85' lang='grc' dir='ltr'><strong>δι-</strong></span> 
     </span>
    </p>
   </div>
   <div class='ocr_carea' id='block_1_92' title="bbox 1846 4481 3421 4583">
    <p class='ocr_par' dir='ltr' id='par_1_92' title="bbox 1853 4481 3421 4553">
     <span class='ocr_line' id='line_1_92' title="bbox 1853 4481 3421 4553; baseline -0.003 -17"><span class='ocrx_word' id='word_1_659' title='bbox 1853 4486 1917 4537; x_wconf 88' lang='lat' dir='ltr'><strong>ad</strong></span> <span class='ocrx_word' id='word_1_660' title='bbox 1976 4485 2218 4553; x_wconf 84' lang='lat' dir='ltr'><strong>reliquus</strong></span> <span class='ocrx_word' id='word_1_661' title='bbox 2274 4495 2588 4538; x_wconf 86' lang='lat' dir='ltr'><strong>sanctorum</strong></span> <span class='ocrx_word' id='word_1_662' title='bbox 2620 4483 2847 4547; x_wconf 90' lang='lat' dir='ltr'><strong>loculos,</strong></span> <span class='ocrx_word' id='word_1_663' title='bbox 2898 4482 2984 4535; x_wconf 89' lang='lat' dir='ltr'><strong>vel</strong></span> <span class='ocrx_word' id='word_1_664' title='bbox 3046 4482 3166 4535; x_wconf 91' lang='lat' dir='ltr'><strong>solo</strong></span> <span class='ocrx_word' id='word_1_665' title='bbox 3221 4481 3421 4534; x_wconf 91' lang='lat' dir='ltr'><strong>intuitu</strong></span> 
     </span>
    </p>
   </div>
   <div class='ocr_carea' id='block_1_93' title="bbox 166 4587 1753 4683">
    <p class='ocr_par' dir='ltr' id='par_1_93' title="bbox 166 4587 1753 4683">
     <span class='ocr_line' id='line_1_93' title="bbox 166 4587 1753 4683; baseline -0.001 -41"><span class='ocrx_word' id='word_1_666' title='bbox 166 4591 274 4659; x_wconf 87' lang='grc' dir='ltr'><strong>ηγή</strong></span> <span class='ocrx_word' id='word_1_667' title='bbox 285 4607 464 4662; x_wconf 83' lang='grc' dir='ltr'><strong>σωμαι</strong></span> <span class='ocrx_word' id='word_1_668' title='bbox 480 4589 576 4642; x_wconf 77' lang='grc' dir='ltr'><strong>καὶ</strong></span> <span class='ocrx_word' id='word_1_669' title='bbox 599 4587 669 4683; x_wconf 60' lang='grc' dir='ltr'><strong>τά</strong></span> <span class='ocrx_word' id='word_1_670' title='bbox 703 4587 894 4656; x_wconf 79' lang='grc' dir='ltr'><strong>ὀδύνης</strong></span> <span class='ocrx_word' id='word_1_671' title='bbox 914 4588 1145 4656; x_wconf 76' lang='grc' dir='ltr'><strong>ἔμπλεα·</strong></span> <span class='ocrx_word' id='word_1_672' title='bbox 1182 4588 1432 4656; x_wconf 80' lang='grc' dir='ltr'><strong>Ἀνέστη</strong></span> <span class='ocrx_word' id='word_1_673' title='bbox 1453 4589 1753 4654; x_wconf 78' lang='grc' dir='ltr'><strong>βασιλεὺς</strong></span> 
     </span>
    </p>
   </div>
   <div class='ocr_carea' id='block_1_94' title="bbox 166 4678 1752 4752">
    <p class='ocr_par' dir='ltr' id='par_1_94' title="bbox 166 4678 1752 4752">
     <span class='ocr_line' id='line_1_94' title="bbox 166 4678 1752 4752; baseline -0.001 -19"><span class='ocrx_word' id='word_1_674' title='bbox 166 4682 386 4750; x_wconf 79' lang='grc' dir='ltr'><strong>ἕτερος,</strong></span> <span class='ocrx_word' id='word_1_675' title='bbox 415 4679 552 4752; x_wconf 84' lang='grc' dir='ltr'><strong>φησί</strong></span> <span class='ocrx_word' id='word_1_676' title='bbox 576 4678 678 4733; x_wconf 80' lang='grc' dir='ltr'>που</span> <span class='ocrx_word' id='word_1_677' title='bbox 709 4678 770 4732; x_wconf 82' lang='grc' dir='ltr'><strong>τὸ</strong></span> <span class='ocrx_word' id='word_1_678' title='bbox 802 4679 946 4744; x_wconf 75' lang='grc' dir='ltr'><strong>ἱερὸν</strong></span> <span class='ocrx_word' id='word_1_679' title='bbox 968 4679 1228 4751; x_wconf 88' lang='grc' dir='ltr'><strong>Γράμμα,</strong></span> <span class='ocrx_word' id='word_1_680' title='bbox 1257 4680 1325 4746; x_wconf 82' lang='grc' dir='ltr'><strong>ὃς</strong></span> <span class='ocrx_word' id='word_1_681' title='bbox 1348 4682 1460 4734; x_wconf 76' lang='grc' dir='ltr'><strong>οὐκ</strong></span> <span class='ocrx_word' id='word_1_682' title='bbox 1487 4679 1615 4750; x_wconf 72' lang='grc' dir='ltr'><strong>ᾔδει</strong></span> <span class='ocrx_word' id='word_1_683' title='bbox 1649 4681 1752 4732; x_wconf 78' lang='grc' dir='ltr'><strong>τὸν</strong></span> 
     </span>
    </p>
   </div>
   <div class='ocr_carea' id='block_1_95' title="bbox 179 4771 428 4840">
    <p class='ocr_par' dir='ltr' id='par_1_95' title="bbox 179 4771 428 4840">
     <span class='ocr_line' id='line_1_95' title="bbox 179 4771 428 4840; baseline 0.012 -16"><span class='ocrx_word' id='word_1_684' title='bbox 179 4771 428 4840; x_wconf 71' lang='grc' dir='ltr'><strong>Ἰωσήφ.</strong></span> 
     </span>
    </p>
   </div>
   <div class='ocr_carea' id='block_1_96' title="bbox 237 4945 1757 5022">
    <p class='ocr_par' dir='ltr' id='par_1_96' title="bbox 237 4945 1757 5022">
     <span class='ocr_line' id='line_1_96' title="bbox 237 4945 1757 5022; baseline -0.005 -15"><span class='ocrx_word' id='word_1_685' title='bbox 237 4954 281 5006; x_wconf 84' lang='grc' dir='ltr'><strong>Τ</strong></span> <span class='ocrx_word' id='word_1_686' title='bbox 284 4952 498 5016; x_wconf 87' lang='grc' dir='ltr'><strong>οιοῦτος</strong></span> <span class='ocrx_word' id='word_1_687' title='bbox 531 4951 597 5022; x_wconf 82' lang='grc' dir='ltr'><strong>δὴ</strong></span> <span class='ocrx_word' id='word_1_688' title='bbox 624 4951 720 5004; x_wconf 84' lang='grc' dir='ltr'><strong>οῦν</strong></span> <span class='ocrx_word' id='word_1_689' title='bbox 743 4953 772 5005; x_wconf 92' lang='lat'><strong>6</strong></span> <span class='ocrx_word' id='word_1_690' title='bbox 811 4951 1081 5022; x_wconf 76' lang='grc' dir='ltr'><strong>ἡμέτερος</strong></span> <span class='ocrx_word' id='word_1_691' title='bbox 1104 4950 1326 5022; x_wconf 81' lang='grc' dir='ltr'><strong>Φαραὼ,</strong></span> <span class='ocrx_word' id='word_1_692' title='bbox 1357 4945 1403 5002; x_wconf 78' lang='grc' dir='ltr'><strong>ὦ</strong></span> <span class='ocrx_word' id='word_1_693' title='bbox 1436 4948 1757 5017; x_wconf 61' lang='grc' dir='ltr'><strong>ἁγιώτατοι·</strong></span> 
     </span>
    </p>
   </div>
   <div class='ocr_carea' id='block_1_97' title="bbox 167 5039 1753 5113">
    <p class='ocr_par' dir='ltr' id='par_1_97' title="bbox 167 5039 1753 5113">
     <span class='ocr_line' id='line_1_97' title="bbox 167 5039 1753 5113; baseline -0.006 -17"><span class='ocrx_word' id='word_1_694' title='bbox 167 5045 227 5098; x_wconf 82' lang='grc' dir='ltr'><strong>οὑ</strong></span> <span class='ocrx_word' id='word_1_695' title='bbox 266 5045 358 5097; x_wconf 84' lang='grc' dir='ltr'><strong>τὸν</strong></span> <span class='ocrx_word' id='word_1_696' title='bbox 397 5043 599 5113; x_wconf 81' lang='grc' dir='ltr'><strong>Ἰωσὴφ</strong></span> <span class='ocrx_word' id='word_1_697' title='bbox 629 5042 861 5111; x_wconf 83' lang='grc' dir='ltr'><strong>ἀγνοῶν,</strong></span> <span class='ocrx_word' id='word_1_698' title='bbox 902 5042 1038 5097; x_wconf 82' lang='grc' dir='ltr'><strong>ἀλλὰ</strong></span> <span class='ocrx_word' id='word_1_699' title='bbox 1067 5043 1160 5096; x_wconf 81' lang='grc' dir='ltr'><strong>τὸν</strong></span> <span class='ocrx_word' id='word_1_700' title='bbox 1201 5042 1549 5111; x_wconf 86' lang='grc' dir='ltr'><strong>ἀγοράσαντα</strong></span> <span class='ocrx_word' id='word_1_701' title='bbox 1594 5039 1753 5091; x_wconf 83' lang='grc' dir='ltr'><strong>αὐτὸν</strong></span> 
     </span>
    </p>
   </div>
   <div class='ocr_carea' id='block_1_98' title="bbox 169 5127 1751 5204">
    <p class='ocr_par' dir='ltr' id='par_1_98' title="bbox 169 5127 1751 5204">
     <span class='ocr_line' id='line_1_98' title="bbox 169 5127 1751 5204; baseline -0.003 -19"><span class='ocrx_word' id='word_1_702' title='bbox 169 5134 449 5203; x_wconf 85' lang='grc' dir='ltr'><strong>Δεσπότην</strong></span> <span class='ocrx_word' id='word_1_703' title='bbox 479 5131 838 5204; x_wconf 82' lang='grc' dir='ltr'><strong>ἀρνούμενος.</strong></span> <span class='ocrx_word' id='word_1_704' title='bbox 870 5133 1040 5202; x_wconf 74' lang='grc' dir='ltr'><strong>Δῆλον</strong></span> <span class='ocrx_word' id='word_1_705' title='bbox 1066 5134 1174 5204; x_wconf 79' lang='grc' dir='ltr'><strong>γάρ</strong></span> <span class='ocrx_word' id='word_1_706' title='bbox 1197 5133 1272 5196; x_wconf 83' lang='grc' dir='ltr'><strong>ὡς</strong></span> <span class='ocrx_word' id='word_1_707' title='bbox 1304 5133 1333 5182; x_wconf 95' lang='lat'><strong>6</strong></span> <span class='ocrx_word' id='word_1_708' title='bbox 1360 5131 1567 5184; x_wconf 84' lang='grc' dir='ltr'><strong>ἀθετῶν</strong></span> <span class='ocrx_word' id='word_1_709' title='bbox 1587 5127 1751 5182; x_wconf 82' lang='grc' dir='ltr'><strong>αὐτοῦ</strong></span> 
     </span>
    </p>
   </div>
   <div class='ocr_carea' id='block_1_99' title="bbox 168 5221 1750 5297">
    <p class='ocr_par' dir='ltr' id='par_1_99' title="bbox 168 5221 1750 5297">
     <span class='ocr_line' id='line_1_99' title="bbox 168 5221 1750 5297; baseline -0.003 -19"><span class='ocrx_word' id='word_1_710' title='bbox 168 5227 262 5297; x_wconf 78' lang='grc' dir='ltr'><strong>τὴν</strong></span> <span class='ocrx_word' id='word_1_711' title='bbox 292 5228 504 5289; x_wconf 82' lang='grc' dir='ltr'><strong>εἰκόνα,</strong></span> <span class='ocrx_word' id='word_1_712' title='bbox 544 5224 709 5278; x_wconf 80' lang='grc' dir='ltr'><strong>αὑτὸν</strong></span> <span class='ocrx_word' id='word_1_713' title='bbox 758 5224 958 5278; x_wconf 87' lang='grc' dir='ltr'><strong>ἀθετεῖ.</strong></span> <span class='ocrx_word' id='word_1_714' title='bbox 1004 5223 1160 5277; x_wconf 77' lang='grc' dir='ltr'><strong>Οὕτω</strong></span> <span class='ocrx_word' id='word_1_715' title='bbox 1213 5225 1306 5276; x_wconf 81' lang='grc' dir='ltr'><strong>καὶ</strong></span> <span class='ocrx_word' id='word_1_716' title='bbox 1346 5222 1443 5292; x_wconf 83' lang='grc' dir='ltr'><strong>τὴν</strong></span> <span class='ocrx_word' id='word_1_717' title='bbox 1471 5221 1750 5286; x_wconf 80' lang='grc' dir='ltr'><strong>Θεοτόκον,</strong></span> 
     </span>
    </p>
   </div>
   <div class='ocr_carea' id='block_1_100' title="bbox 172 5312 1748 5384">
    <p class='ocr_par' dir='ltr' id='par_1_100' title="bbox 172 5312 1748 5384">
     <span class='ocr_line' id='line_1_100' title="bbox 172 5312 1748 5384; baseline -0.002 -16"><span class='ocrx_word' id='word_1_718' title='bbox 172 5319 260 5369; x_wconf 80' lang='grc' dir='ltr'><strong>καί</strong></span> <span class='ocrx_word' id='word_1_719' title='bbox 290 5320 471 5370; x_wconf 81' lang='grc' dir='ltr'><strong>πάντα</strong></span> <span class='ocrx_word' id='word_1_720' title='bbox 502 5317 660 5382; x_wconf 80' lang='grc' dir='ltr'><strong>ἀγιον</strong></span> <span class='ocrx_word' id='word_1_721' title='bbox 692 5314 979 5384; x_wconf 78' lang='grc' dir='ltr'><strong>ἡθέτησεν.</strong></span> <span class='ocrx_word' id='word_1_722' title='bbox 1009 5315 1086 5366; x_wconf 82' lang='lat'>06</span> <span class='ocrx_word' id='word_1_723' title='bbox 1139 5317 1248 5384; x_wconf 78' lang='grc' dir='ltr'><strong>γὰρ</strong></span> <span class='ocrx_word' id='word_1_724' title='bbox 1284 5313 1446 5384; x_wconf 77' lang='grc' dir='ltr'><strong>ἔφερε</strong></span> <span class='ocrx_word' id='word_1_725' title='bbox 1478 5314 1638 5381; x_wconf 81' lang='grc' dir='ltr'><strong>φύσις</strong></span> <span class='ocrx_word' id='word_1_726' title='bbox 1673 5312 1748 5365; x_wconf 83' lang='grc' dir='ltr'><strong>ὣν</strong></span> 
     </span>
    </p>
   </div>
   <div class='ocr_carea' id='block_1_101' title="bbox 168 5404 1752 5478">
    <p class='ocr_par' dir='ltr' id='par_1_101' title="bbox 168 5404 1752 5478">
     <span class='ocr_line' id='line_1_101' title="bbox 168 5404 1752 5478; baseline -0.001 -20"><span class='ocrx_word' id='word_1_727' title='bbox 168 5408 460 5478; x_wconf 79' lang='grc' dir='ltr'><strong>ἀρνητικὴ,</strong></span> <span class='ocrx_word' id='word_1_728' title='bbox 494 5406 571 5476; x_wconf 83' lang='grc' dir='ltr'><strong>μὴ</strong></span> <span class='ocrx_word' id='word_1_729' title='bbox 612 5404 734 5474; x_wconf 83' lang='grc' dir='ltr'><strong>ούχί</strong></span> <span class='ocrx_word' id='word_1_730' title='bbox 761 5408 825 5474; x_wconf 85' lang='grc' dir='ltr'><strong>τῇ</strong></span> <span class='ocrx_word' id='word_1_731' title='bbox 855 5404 1064 5473; x_wconf 79' lang='grc' dir='ltr'><strong>κεφαλῇ</strong></span> <span class='ocrx_word' id='word_1_732' title='bbox 1122 5405 1506 5476; x_wconf 83' lang='grc' dir='ltr'><strong>συμπεριελεῖν</strong></span> <span class='ocrx_word' id='word_1_733' title='bbox 1539 5406 1636 5458; x_wconf 75' lang='grc' dir='ltr'><strong>καὶ</strong></span> <span class='ocrx_word' id='word_1_734' title='bbox 1681 5404 1752 5456; x_wconf 86' lang='grc' dir='ltr'><strong>τά</strong></span> 
     </span>
    </p>
   </div>
   <div class='ocr_carea' id='block_1_102' title="bbox 173 5493 1748 5568">
    <p class='ocr_par' dir='ltr' id='par_1_102' title="bbox 173 5493 1748 5568">
     <span class='ocr_line' id='line_1_102' title="bbox 173 5493 1748 5568; baseline -0.002 -19"><span class='ocrx_word' id='word_1_735' title='bbox 173 5499 305 5568; x_wconf 81' lang='grc' dir='ltr'><strong>μέλη</strong></span> <span class='ocrx_word' id='word_1_736' title='bbox 340 5500 520 5552; x_wconf 86' lang='grc' dir='ltr'><strong>πάντα</strong></span> <span class='ocrx_word' id='word_1_737' title='bbox 540 5513 557 5529; x_wconf 91' lang='grc'><strong>·</strong></span> <span class='ocrx_word' id='word_1_738' title='bbox 610 5498 699 5549; x_wconf 76' lang='grc' dir='ltr'><strong>ἵνα</strong></span> <span class='ocrx_word' id='word_1_739' title='bbox 746 5498 883 5566; x_wconf 89' lang='grc' dir='ltr'><strong>μόνη</strong></span> <span class='ocrx_word' id='word_1_740' title='bbox 913 5499 946 5565; x_wconf 79' lang='grc' dir='ltr'><strong>ἡ</strong></span> <span class='ocrx_word' id='word_1_741' title='bbox 976 5493 1136 5548; x_wconf 87' lang='grc' dir='ltr'><strong>εἰκὼν</strong></span> <span class='ocrx_word' id='word_1_742' title='bbox 1165 5497 1331 5551; x_wconf 77' lang='grc' dir='ltr'><strong>αὑτοῦ</strong></span> <span class='ocrx_word' id='word_1_743' title='bbox 1361 5496 1748 5566; x_wconf 75' lang='grc' dir='ltr'><strong>ἐμφανίξηται,</strong></span> 
     </span>
    </p>
   </div>
   <div class='ocr_carea' id='block_1_103' title="bbox 172 5587 1750 5659">
    <p class='ocr_par' dir='ltr' id='par_1_103' title="bbox 172 5587 1750 5659">
     <span class='ocr_line' id='line_1_103' title="bbox 172 5587 1750 5659; baseline -0.001 -18"><span class='ocrx_word' id='word_1_744' title='bbox 172 5588 754 5659; x_wconf 79' lang='grc' dir='ltr'><strong>Ναϐουχοδονοσορικῴ</strong></span> <span class='ocrx_word' id='word_1_745' title='bbox 811 5588 1064 5656; x_wconf 82' lang='grc' dir='ltr'><strong>δόγματι.</strong></span> <span class='ocrx_word' id='word_1_746' title='bbox 1142 5587 1422 5642; x_wconf 86' lang='grc' dir='ltr'><strong>Ἐντεῦθεν</strong></span> <span class='ocrx_word' id='word_1_747' title='bbox 1474 5591 1750 5658; x_wconf 74' lang='grc' dir='ltr'><strong>ἐρήμωσις</strong></span> 
     </span>
    </p>
   </div>
   <div class='ocr_carea' id='block_1_104' title="bbox 177 5676 1750 5750">
    <p class='ocr_par' dir='ltr' id='par_1_104' title="bbox 177 5676 1750 5750">
     <span class='ocr_line' id='line_1_104' title="bbox 177 5676 1750 5750; baseline 0.003 -23"><span class='ocrx_word' id='word_1_748' title='bbox 177 5679 358 5732; x_wconf 78' lang='grc' dir='ltr'><strong>πασῶν</strong></span> <span class='ocrx_word' id='word_1_749' title='bbox 403 5679 509 5733; x_wconf 87' lang='grc' dir='ltr'><strong>τῶν</strong></span> <span class='ocrx_word' id='word_1_750' title='bbox 580 5677 918 5746; x_wconf 83' lang='grc' dir='ltr'><strong>Ἐκκλησιῶν</strong></span> <span class='ocrx_word' id='word_1_751' title='bbox 977 5676 1072 5728; x_wconf 85' lang='grc' dir='ltr'><strong>τοῦ</strong></span> <span class='ocrx_word' id='word_1_752' title='bbox 1127 5678 1300 5744; x_wconf 79' lang='grc' dir='ltr'><strong>Θεοῦ,</strong></span> <span class='ocrx_word' id='word_1_753' title='bbox 1353 5678 1750 5750; x_wconf 75' lang='grc' dir='ltr'><strong>ἀφανιζομένης</strong></span> 
     </span>
    </p>
   </div>
   <div class='ocr_carea' id='block_1_105' title="bbox 243 5789 1111 5862">
    <p class='ocr_par' dir='ltr' id='par_1_105' title="bbox 243 5789 1111 5862">
     <span class='ocr_line' id='line_1_105' title="bbox 243 5789 1111 5862; baseline -0.003 -16"><span class='ocrx_word' id='word_1_754' title='bbox 243 5789 264 5820; x_wconf 83' lang='grc'>⁸</span> <span class='ocrx_word' id='word_1_755' title='bbox 298 5789 468 5848; x_wconf 86' lang='lat' dir='ltr'><strong>lCor.</strong></span> <span class='ocrx_word' id='word_1_756' title='bbox 497 5806 596 5862; x_wconf 79' lang='lat' dir='ltr'><strong>xu,</strong></span> <span class='ocrx_word' id='word_1_757' title='bbox 622 5790 676 5845; x_wconf 73' lang='lat'><strong>2.</strong></span> <span class='ocrx_word' id='word_1_758' title='bbox 754 5792 773 5824; x_wconf 83' lang='grc'>⁹</span> <span class='ocrx_word' id='word_1_759' title='bbox 799 5789 966 5845; x_wconf 82' lang='lat' dir='ltr'><strong>Exod.</strong></span> <span class='ocrx_word' id='word_1_760' title='bbox 992 5804 1028 5854; x_wconf 80' lang='grc' dir='ltr'><strong>ι,</strong></span> <span class='ocrx_word' id='word_1_761' title='bbox 1058 5789 1111 5842; x_wconf 88' lang='grc'><strong>8.</strong></span> 
     </span>
    </p>
   </div>
   <div class='ocr_carea' id='block_1_106' title="bbox 1852 4573 3421 4645">
    <p class='ocr_par' dir='ltr' id='par_1_106' title="bbox 1852 4573 3421 4645">
     <span class='ocr_line' id='line_1_106' title="bbox 1852 4573 3421 4645; baseline -0.004 -15"><span class='ocrx_word' id='word_1_762' title='bbox 1852 4577 2141 4645; x_wconf 84' lang='lat' dir='ltr'><strong>expiatus!</strong></span> <span class='ocrx_word' id='word_1_763' title='bbox 2175 4575 2244 4629; x_wconf 89' lang='lat' dir='ltr'><strong>At</strong></span> <span class='ocrx_word' id='word_1_764' title='bbox 2275 4587 2562 4645; x_wconf 86' lang='lat' dir='ltr'><strong>postquam</strong></span> <span class='ocrx_word' id='word_1_765' title='bbox 2595 4577 2707 4630; x_wconf 67' lang='lat' dir='ltr'><strong>haec</strong></span> <span class='ocrx_word' id='word_1_766' title='bbox 2724 4576 2952 4630; x_wconf 89' lang='lat' dir='ltr'><strong>strictim</strong></span> <span class='ocrx_word' id='word_1_767' title='bbox 2976 4573 3421 4632; x_wconf 85' lang='lat' dir='ltr'><strong>commemoravi,</strong></span> 
     </span>
    </p>
   </div>
   <div class='ocr_carea' id='block_1_107' title="bbox 1850 4663 3423 4737">
    <p class='ocr_par' dir='ltr' id='par_1_107' title="bbox 1850 4663 3423 4737">
     <span class='ocr_line' id='line_1_107' title="bbox 1850 4663 3423 4737; baseline -0.002 -17"><span class='ocrx_word' id='word_1_768' title='bbox 1850 4667 2025 4720; x_wconf 89' lang='lat' dir='ltr'><strong>dicam</strong></span> <span class='ocrx_word' id='word_1_769' title='bbox 2066 4683 2228 4737; x_wconf 89' lang='lat' dir='ltr'><strong>porro</strong></span> <span class='ocrx_word' id='word_1_770' title='bbox 2273 4677 2326 4720; x_wconf 90' lang='lat' dir='ltr'><strong>et</strong></span> <span class='ocrx_word' id='word_1_771' title='bbox 2371 4685 2492 4736; x_wconf 64' lang='lat' dir='ltr'><strong>quae</strong></span> <span class='ocrx_word' id='word_1_772' title='bbox 2534 4676 2661 4721; x_wconf 89' lang='lat' dir='ltr'><strong>sunt</strong></span> <span class='ocrx_word' id='word_1_773' title='bbox 2708 4666 2863 4736; x_wconf 82' lang='lat' dir='ltr'><strong>plena</strong></span> <span class='ocrx_word' id='word_1_774' title='bbox 2908 4667 3129 4720; x_wconf 84' lang='lat' dir='ltr'><strong>luetus:</strong></span> <span class='ocrx_word' id='word_1_775' title='bbox 3180 4663 3423 4718; x_wconf 74' lang='lat' dir='ltr'><strong>Surrexit</strong></span> 
     </span>
    </p>
   </div>
   <div class='ocr_carea' id='block_1_108' title="bbox 1851 4756 3424 4826">
    <p class='ocr_par' dir='ltr' id='par_1_108' title="bbox 1851 4756 3424 4826">
     <span class='ocr_line' id='line_1_108' title="bbox 1851 4756 3424 4826; baseline -0.002 -16"><span class='ocrx_word' id='word_1_776' title='bbox 1851 4774 1946 4811; x_wconf 75' lang='lat' dir='ltr'><strong>rex</strong></span> <span class='ocrx_word' id='word_1_777' title='bbox 1973 4776 2154 4823; x_wconf 74' lang='lat' dir='ltr'><strong>novus,</strong></span> <span class='ocrx_word' id='word_1_778' title='bbox 2183 4758 2382 4812; x_wconf 90' lang='lat' dir='ltr'><strong>alicubi</strong></span> <span class='ocrx_word' id='word_1_779' title='bbox 2417 4757 2658 4817; x_wconf 82' lang='lat' dir='ltr'><strong>referunt</strong></span> <span class='ocrx_word' id='word_1_780' title='bbox 2695 4773 2867 4813; x_wconf 71' lang='lat' dir='ltr'><strong>sacra:</strong></span> <span class='ocrx_word' id='word_1_781' title='bbox 2901 4757 3128 4826; x_wconf 75' lang='lat' dir='ltr'><strong>paginae,</strong></span> <span class='ocrx_word' id='word_1_782' title='bbox 3158 4757 3247 4825; x_wconf 80' lang='lat' dir='ltr'><strong>qui</strong></span> <span class='ocrx_word' id='word_1_783' title='bbox 3276 4756 3424 4826; x_wconf 83' lang='lat' dir='ltr'><strong>igno-</strong></span> 
     </span>
    </p>
   </div>
   <div class='ocr_carea' id='block_1_109' title="bbox 1853 4851 2284 4920">
    <p class='ocr_par' dir='ltr' id='par_1_109' title="bbox 1853 4851 2284 4920">
     <span class='ocr_line' id='line_1_109' title="bbox 1853 4851 2284 4920; baseline 0.005 -17"><span class='ocrx_word' id='word_1_784' title='bbox 1853 4852 2001 4904; x_wconf 84' lang='lat' dir='ltr'><strong>rabat</strong></span> <span class='ocrx_word' id='word_1_785' title='bbox 2025 4851 2220 4920; x_wconf 81' lang='lat' dir='ltr'><strong>Joseph</strong></span> <span class='ocrx_word' id='word_1_786' title='bbox 2243 4854 2284 4905; x_wconf 72' lang='grc'><strong>⁸.</strong></span> 
     </span>
    </p>
   </div>
   <div class='ocr_carea' id='block_1_110' title="bbox 1923 4937 3424 5010">
    <p class='ocr_par' dir='ltr' id='par_1_110' title="bbox 1923 4937 3424 5010">
     <span class='ocr_line' id='line_1_110' title="bbox 1923 4937 3424 5010; baseline -0.003 -16"><span class='ocrx_word' id='word_1_787' title='bbox 1923 4941 2070 4997; x_wconf 85' lang='lat' dir='ltr'><strong>Talis</strong></span> <span class='ocrx_word' id='word_1_788' title='bbox 2118 4942 2366 5010; x_wconf 80' lang='lat' dir='ltr'><strong>profecto</strong></span> <span class='ocrx_word' id='word_1_789' title='bbox 2407 4941 2625 4996; x_wconf 84' lang='lat' dir='ltr'><strong>Pharao</strong></span> <span class='ocrx_word' id='word_1_790' title='bbox 2663 4950 2853 4995; x_wconf 88' lang='lat' dir='ltr'><strong>noster</strong></span> <span class='ocrx_word' id='word_1_791' title='bbox 2892 4948 2999 5003; x_wconf 84' lang='lat' dir='ltr'><strong>est,</strong></span> <span class='ocrx_word' id='word_1_792' title='bbox 3036 4937 3139 4991; x_wconf 87' lang='lat' dir='ltr'><strong>viri</strong></span> <span class='ocrx_word' id='word_1_793' title='bbox 3188 4937 3424 4991; x_wconf 85' lang='lat' dir='ltr'><strong>sanctis-</strong></span> 
     </span>
    </p>
   </div>
   <div class='ocr_carea' id='block_1_111' title="bbox 1851 5029 3425 5102">
    <p class='ocr_par' dir='ltr' id='par_1_111' title="bbox 1851 5029 3425 5102">
     <span class='ocr_line' id='line_1_111' title="bbox 1851 5029 3425 5102; baseline -0.003 -17"><span class='ocrx_word' id='word_1_794' title='bbox 1851 5034 1999 5097; x_wconf 90' lang='lat' dir='ltr'><strong>simi,</strong></span> <span class='ocrx_word' id='word_1_795' title='bbox 2031 5049 2140 5085; x_wconf 92' lang='lat' dir='ltr'><strong>non</strong></span> <span class='ocrx_word' id='word_1_796' title='bbox 2176 5035 2270 5102; x_wconf 91' lang='lat' dir='ltr'><strong>qui</strong></span> <span class='ocrx_word' id='word_1_797' title='bbox 2301 5032 2500 5102; x_wconf 80' lang='lat' dir='ltr'><strong>.loseph</strong></span> <span class='ocrx_word' id='word_1_798' title='bbox 2549 5032 2781 5097; x_wconf 86' lang='lat' dir='ltr'><strong>nesciat,</strong></span> <span class='ocrx_word' id='word_1_799' title='bbox 2825 5031 2917 5086; x_wconf 92' lang='lat' dir='ltr'><strong>sed</strong></span> <span class='ocrx_word' id='word_1_800' title='bbox 2950 5029 3043 5099; x_wconf 92' lang='lat' dir='ltr'><strong>qui</strong></span> <span class='ocrx_word' id='word_1_801' title='bbox 3075 5044 3223 5092; x_wconf 90' lang='lat' dir='ltr'><strong>eum,</strong></span> <span class='ocrx_word' id='word_1_802' title='bbox 3256 5043 3286 5080; x_wconf 89' lang='lat' dir='ltr'><strong>a</strong></span> <span class='ocrx_word' id='word_1_803' title='bbox 3310 5043 3425 5096; x_wconf 90' lang='lat' dir='ltr'><strong>quo</strong></span> 
     </span>
    </p>
   </div>
   <div class='ocr_carea' id='block_1_112' title="bbox 1851 5120 3426 5195">
    <p class='ocr_par' dir='ltr' id='par_1_112' title="bbox 1851 5120 3426 5195">
     <span class='ocr_line' id='line_1_112' title="bbox 1851 5120 3426 5195; baseline -0.004 -14"><span class='ocrx_word' id='word_1_804' title='bbox 1851 5128 2168 5195; x_wconf 89' lang='lat' dir='ltr'><strong>redemptus</strong></span> <span class='ocrx_word' id='word_1_805' title='bbox 2224 5135 2342 5192; x_wconf 90' lang='lat' dir='ltr'><strong>est,</strong></span> <span class='ocrx_word' id='word_1_806' title='bbox 2399 5124 2694 5179; x_wconf 89' lang='lat' dir='ltr'><strong>Dominum</strong></span> <span class='ocrx_word' id='word_1_807' title='bbox 2741 5123 2923 5194; x_wconf 90' lang='lat' dir='ltr'><strong>ipsum</strong></span> <span class='ocrx_word' id='word_1_808' title='bbox 2981 5130 3161 5192; x_wconf 85' lang='lat' dir='ltr'><strong>neget.</strong></span> <span class='ocrx_word' id='word_1_809' title='bbox 3209 5120 3426 5189; x_wconf 85' lang='lat' dir='ltr'><strong>Quippe</strong></span> 
     </span>
    </p>
   </div>
   <div class='ocr_carea' id='block_1_113' title="bbox 1851 5215 3421 5288">
    <p class='ocr_par' dir='ltr' id='par_1_113' title="bbox 1851 5215 3421 5288">
     <span class='ocr_line' id='line_1_113' title="bbox 1851 5215 3421 5288; baseline -0.006 -15"><span class='ocrx_word' id='word_1_810' title='bbox 1851 5219 2206 5273; x_wconf 82' lang='lat' dir='ltr'><strong>manifestum</strong></span> <span class='ocrx_word' id='word_1_811' title='bbox 2236 5228 2340 5281; x_wconf 86' lang='lat' dir='ltr'><strong>est,</strong></span> <span class='ocrx_word' id='word_1_812' title='bbox 2381 5218 2476 5288; x_wconf 90' lang='lat' dir='ltr'><strong>qui</strong></span> <span class='ocrx_word' id='word_1_813' title='bbox 2512 5217 2686 5287; x_wconf 90' lang='lat' dir='ltr'><strong>ipsius</strong></span> <span class='ocrx_word' id='word_1_814' title='bbox 2733 5215 3029 5286; x_wconf 86' lang='lat' dir='ltr'><strong>imaginem</strong></span> <span class='ocrx_word' id='word_1_815' title='bbox 3072 5222 3421 5282; x_wconf 80' lang='lat' dir='ltr'><strong>aSpernatur,</strong></span> 
     </span>
    </p>
   </div>
   <div class='ocr_carea' id='block_1_114' title="bbox 1853 5304 3424 5382">
    <p class='ocr_par' dir='ltr' id='par_1_114' title="bbox 1853 5304 3424 5382">
     <span class='ocr_line' id='line_1_114' title="bbox 1853 5304 3424 5382; baseline -0.003 -17"><span class='ocrx_word' id='word_1_816' title='bbox 1853 5311 2033 5382; x_wconf 88' lang='lat' dir='ltr'><strong>ipsum</strong></span> <span class='ocrx_word' id='word_1_817' title='bbox 2087 5311 2394 5381; x_wconf 87' lang='lat' dir='ltr'><strong>aspernari.</strong></span> <span class='ocrx_word' id='word_1_818' title='bbox 2447 5310 2539 5365; x_wconf 91' lang='lat' dir='ltr'><strong>Sic</strong></span> <span class='ocrx_word' id='word_1_819' title='bbox 2588 5310 2680 5364; x_wconf 90' lang='lat' dir='ltr'><strong>ille</strong></span> <span class='ocrx_word' id='word_1_820' title='bbox 2727 5318 2782 5363; x_wconf 90' lang='lat' dir='ltr'><strong>et</strong></span> <span class='ocrx_word' id='word_1_821' title='bbox 2831 5309 2884 5362; x_wconf 92' lang='lat' dir='ltr'><strong>in</strong></span> <span class='ocrx_word' id='word_1_822' title='bbox 2928 5305 3219 5376; x_wconf 87' lang='lat' dir='ltr'><strong>Deiparam</strong></span> <span class='ocrx_word' id='word_1_823' title='bbox 3268 5313 3323 5362; x_wconf 83' lang='lat' dir='ltr'><strong>et</strong></span> <span class='ocrx_word' id='word_1_824' title='bbox 3366 5304 3424 5360; x_wconf 88' lang='lat' dir='ltr'><strong>in</strong></span> 
     </span>
    </p>
   </div>
   <div class='ocr_carea' id='block_1_115' title="bbox 1860 5393 3420 5470">
    <p class='ocr_par' dir='ltr' id='par_1_115' title="bbox 1860 5393 3420 5470">
     <span class='ocr_line' id='line_1_115' title="bbox 1860 5393 3420 5470; baseline -0.005 -14"><span class='ocrx_word' id='word_1_825' title='bbox 1860 5412 2112 5456; x_wconf 87' lang='lat' dir='ltr'><strong>sanctum</strong></span> <span class='ocrx_word' id='word_1_826' title='bbox 2171 5400 2471 5470; x_wconf 85' lang='lat' dir='ltr'><strong>quemlibet</strong></span> <span class='ocrx_word' id='word_1_827' title='bbox 2541 5397 2777 5469; x_wconf 88' lang='lat' dir='ltr'><strong>injurius</strong></span> <span class='ocrx_word' id='word_1_828' title='bbox 2841 5396 2964 5452; x_wconf 79' lang='lat' dir='ltr'><strong>fuit.</strong></span> <span class='ocrx_word' id='word_1_829' title='bbox 3027 5393 3217 5464; x_wconf 85' lang='lat' dir='ltr'><strong>Neque</strong></span> <span class='ocrx_word' id='word_1_830' title='bbox 3271 5394 3420 5448; x_wconf 83' lang='lat' dir='ltr'><strong>enim</strong></span> 
     </span>
    </p>
   </div>
   <div class='ocr_carea' id='block_1_116' title="bbox 1857 5484 3424 5560">
    <p class='ocr_par' dir='ltr' id='par_1_116' title="bbox 1857 5484 3424 5560">
     <span class='ocr_line' id='line_1_116' title="bbox 1857 5484 3424 5560; baseline -0.006 -14"><span class='ocrx_word' id='word_1_831' title='bbox 1857 5494 1999 5548; x_wconf 83' lang='lat' dir='ltr'><strong>ferre</strong></span> <span class='ocrx_word' id='word_1_832' title='bbox 2025 5493 2202 5560; x_wconf 87' lang='lat' dir='ltr'><strong>potuit</strong></span> <span class='ocrx_word' id='word_1_833' title='bbox 2233 5502 2427 5544; x_wconf 86' lang='lat' dir='ltr'><strong>natura</strong></span> <span class='ocrx_word' id='word_1_834' title='bbox 2452 5490 2518 5544; x_wconf 89' lang='lat' dir='ltr'><strong>ad</strong></span> <span class='ocrx_word' id='word_1_835' title='bbox 2559 5489 2866 5559; x_wconf 87' lang='lat' dir='ltr'><strong>negandum</strong></span> <span class='ocrx_word' id='word_1_836' title='bbox 2895 5485 3176 5555; x_wconf 79' lang='lat' dir='ltr'><strong>proclivis,</strong></span> <span class='ocrx_word' id='word_1_837' title='bbox 3206 5484 3424 5551; x_wconf 89' lang='lat' dir='ltr'><strong>quomi-</strong></span> 
     </span>
    </p>
   </div>
   <div class='ocr_carea' id='block_1_117' title="bbox 1857 5578 3424 5652">
    <p class='ocr_par' dir='ltr' id='par_1_117' title="bbox 1857 5578 3424 5652">
     <span class='ocr_line' id='line_1_117' title="bbox 1857 5578 3424 5652; baseline -0.008 -13"><span class='ocrx_word' id='word_1_838' title='bbox 1857 5603 1959 5640; x_wconf 88' lang='lat' dir='ltr'><strong>nus</strong></span> <span class='ocrx_word' id='word_1_839' title='bbox 1997 5601 2103 5639; x_wconf 88' lang='lat' dir='ltr'><strong>una</strong></span> <span class='ocrx_word' id='word_1_840' title='bbox 2145 5600 2266 5639; x_wconf 90' lang='lat' dir='ltr'><strong>cum</strong></span> <span class='ocrx_word' id='word_1_841' title='bbox 2304 5585 2479 5652; x_wconf 85' lang='lat' dir='ltr'><strong>capite</strong></span> <span class='ocrx_word' id='word_1_842' title='bbox 2509 5583 2764 5636; x_wconf 88' lang='lat' dir='ltr'><strong>universa</strong></span> <span class='ocrx_word' id='word_1_843' title='bbox 2797 5595 3019 5651; x_wconf 90' lang='lat' dir='ltr'><strong>quoque</strong></span> <span class='ocrx_word' id='word_1_844' title='bbox 3051 5578 3295 5632; x_wconf 86' lang='lat' dir='ltr'><strong>membra</strong></span> <span class='ocrx_word' id='word_1_845' title='bbox 3321 5591 3424 5628; x_wconf 89' lang='lat' dir='ltr'><strong>au-</strong></span> 
     </span>
    </p>
   </div>
   <div class='ocr_carea' id='block_1_118' title="bbox 1857 5665 3423 5745">
    <p class='ocr_par' dir='ltr' id='par_1_118' title="bbox 1857 5665 3423 5745">
     <span class='ocr_line' id='line_1_118' title="bbox 1857 5665 3423 5745; baseline -0.004 -16"><span class='ocrx_word' id='word_1_846' title='bbox 1857 5673 2022 5732; x_wconf 81' lang='lat' dir='ltr'><strong>ferret</strong></span> <span class='ocrx_word' id='word_1_847' title='bbox 2051 5694 2062 5730; x_wconf 88' lang='lat'><strong>:</strong></span> <span class='ocrx_word' id='word_1_848' title='bbox 2093 5688 2150 5731; x_wconf 86' lang='lat' dir='ltr'><strong>ut</strong></span> <span class='ocrx_word' id='word_1_849' title='bbox 2181 5677 2294 5732; x_wconf 91' lang='lat' dir='ltr'><strong>sola</strong></span> <span class='ocrx_word' id='word_1_850' title='bbox 2339 5676 2410 5730; x_wconf 86' lang='lat' dir='ltr'><strong>sit</strong></span> <span class='ocrx_word' id='word_1_851' title='bbox 2445 5675 2620 5745; x_wconf 90' lang='lat' dir='ltr'><strong>ipsius</strong></span> <span class='ocrx_word' id='word_1_852' title='bbox 2652 5674 2829 5745; x_wconf 83' lang='lat' dir='ltr'><strong>imago</strong></span> <span class='ocrx_word' id='word_1_853' title='bbox 2875 5671 3196 5741; x_wconf 86' lang='lat' dir='ltr'><strong>conspicua,</strong></span> <span class='ocrx_word' id='word_1_854' title='bbox 3233 5665 3423 5724; x_wconf 82' lang='lat' dir='ltr'><strong>Nabu-</strong></span> 
     </span>
    </p>
   </div>
  </div>
