3990 6318
564 335 702 405 1171
1759 336 1824 398 S.
1866 333 2149 395 THEOD(

2255 332 2261 390 ἶ
2293 330 2642 393 ΒΤΗΒΙΤᾸΞ
3704 326 3870 393 1172

560 448 1003 505 chodonosorlco
1032 445 1235 504 edicto.
1284 444 1423 503 Hinc
1465 447 1709 502 omnium
1746 445 1839 499 Dei
1873 444 2148 500 Ecclesia-

2255 442 2531 512 πανταχοῦ
2558 442 2739 510 πάσης
2762 440 2964 512 σεπτῆς
2993 440 3223 503 εἰκόνος.
3242 438 3526 494 Ἐντεῦθεν
3556 438 3864 511 ἔμπρησις

562 557 686 594 rum
753 540 1057 603 desolatio,
1122 540 1331 609 ubique
1388 539 1604 594 sublata
1668 554 1699 593 e
1756 538 1938 592 medio
1991 537 2145 591 omni

2255 533 2415 604 ιερῶν
2453 534 2838 604 ἀναθημάτων,
2876 535 2933 586 ἐν
2961 527 3044 595 οἷς
3074 531 3256 585 είκώψ
3291 532 3385 584 καὶ
3416 530 3639 601 βίϐλων,
3672 532 3742 584 ἐν
3763 526 3863 596 αἶς

562 632 879 685 veneranda
931 630 1192 701 imagine.
1248 628 1387 686 Hinc
1444 644 1732 685 sacrorum
1783 628 2145 681 denariorum

561 725 805 787 exustio,
839 723 893 776 in
932 723 1135 793 quibus
1178 723 1393 793 imago;
1450 737 1513 777 ac
1546 720 1917 786 voluminum,
1952 720 2006 774 iu
2030 720 2151 789 qui-

565 818 669 871 lms
706 817 887 885 aliqua
917 816 1173 886 imaginis
1200 816 1431 871 mentio.
1474 814 1615 869 Hinc
1643 815 1821 885 plena:
1850 813 2150 884 impietatis

564 908 1000 977 subscriptiones
1028 909 1326 979 exiguntur
1357 925 1370 961 :
1403 917 1457 962 et
1492 906 1773 979 sacrilegae
1801 905 2149 961 communioo

565 1001 653 1054 nis
673 1000 1025 1069 participatio
1067 998 1215 1054 facta
1244 1000 1495 1070 diligenti
1543 1015 1607 1055 ac
1638 998 1875 1053 sollicita
1916 995 2150 1066 inquisi-

566 1104 739 1155 tione,
790 1105 859 1145 ne
891 1091 1018 1160 quis
1057 1091 1377 1147 mortalium
1427 1106 1537 1147 non
1572 1091 1825 1146 devictus
1876 1103 1937 1145 se
1977 1087 2151 1143 ruina:

566 1183 875 1238 subtrahat.
908 1181 950 1235 E
982 1183 1203 1239 duobus
1228 1184 1377 1237 enim
1405 1184 1733 1240 alterutrum
1772 1180 2147 1236 necessarium

565 1277 651 1323 est
683 1286 695 1321 :
725 1279 819 1324 aut
850 1269 1080 1326 colenda
1117 1272 1297 1343 imago
1342 1287 1532 1339 aurea,
1562 1282 1659 1326 aut
1700 1271 1901 1327 acerba
1931 1271 2151 1325 crueia-

565 1372 721 1415 tuum
766 1364 984 1417 ﬂamma
1026 1363 1373 1433 perferenda.
1419 1365 1498 1421 Ac
1548 1364 1909 1420 nihilominus
1958 1379 2154 1419 nume-

567 1470 691 1509 rare
740 1456 793 1509 in
854 1465 1109 1526 promptu
1164 1466 1249 1512 est
1294 1473 1391 1513 eos
1432 1458 1527 1527 qui
1579 1459 1871 1529 perSIitere
1911 1457 2146 1513 immoti.

560 1546 805 1607 Ouiuam
834 1548 911 1600 illi
950 1550 1160 1617 porro?
1191 1547 1358 1604 Sacer
1384 1550 1573 1619 utique
1594 1550 1908 1620 patriarcha
1934 1560 2148 1614 noster,

565 1640 811 1708 episcopi
844 1649 899 1695 et
931 1641 1273 1705 sacerdotes,
1326 1642 1585 1696 monachi
1614 1651 1669 1697 et
1699 1641 2002 1696 monachae.
2045 1640 2152 1695 Ne-

2249 626 2379 695 περὶ
2423 625 2595 694 αὐτῆς
2626 642 2679 677 τι
2727 623 2936 679 λεκτόν.
2978 622 3260 677 Ἐντεῦθεν
3313 621 3381 675 τὰ
3429 623 3529 692 τῆς
3579 621 3863 683 ἀσεϐείας

2250 714 2593 784 χειρόγραφα
2640 713 3023 783 ἀπαιτούμενα
3047 729 3059 743 ’
3094 713 3187 766 καὶ
3212 715 3245 782 η
3281 711 3501 783 μέθεξις
3540 712 3645 780 τῆς
3672 710 3863 763 ἀθέου

2250 806 2532 868 κοινωνίας
2562 804 2651 857 διὰ
2708 804 2905 873 πολλῆς
2960 804 3309 873 ὲκζητήσεως
3344 805 3438 856 καὶ
3467 802 3703 872 ἐρεύνης
3724 817 3744 831 ⁸
3780 802 3865 864 ὡς

2254 897 2330 967 μὴ
2369 896 2761 967 ὑπολειφθῆναι
2813 897 3088 951 ἀνάλωτον
3116 896 3294 949 πάντα
3325 895 3639 967 ἄνθρωπον.
3682 898 3861 947 Δυοῖν

2249 987 2358 1054 γάρ
2414 986 2641 1057 θάτερον
2668 988 2883 1058 ἀνάγκη
2906 1004 2920 1017 ·
2949 987 2995 1058 ’ἢ
3032 988 3414 1058 προσκυνῆσαι
3460 990 3527 1058 τῇ
3563 984 3856 1060 είκόνιτῇ

2250 1079 2448 1147 χρυσῇ,
2480 1078 2511 1147 ἢ
2548 1081 2612 1148 τῇ
2652 1081 2864 1150 πονηρᾷ
2897 1078 3057 1147 φλογὶ
3097 1079 3206 1133 τῶν
3238 1079 3487 1149 βασάνων
3516 1078 3859 1149 ὑποϐληθῆ-

2252 1186 2364 1222 ναι.
2428 1170 2539 1222 Καὶ
2587 1171 2737 1240 ὅμως
2793 1170 3150 1243 εὐαρίθμητοι
3211 1171 3262 1223 oi
3319 1172 3624 1241 ἀκαμπεῖς.
3680 1172 3859 1235 Τίνες

2250 1253 2430 1324 eiurat;
2474 1261 2533 1313 Ὀ
2579 1260 2720 1330 ἱερὸς
2751 1260 2906 1331 ὑμῶν
2933 1261 3317 1332 πατριάρχης,
3352 1261 3607 1332 ίεράρχαι
3649 1278 3712 1314 τε
3752 1262 3857 1316 καὶ

2255 1351 2439 1421 ἱερεῖς,
2476 1350 2741 1421 μονασταὶ
2787 1330 2882 1404 καὶ
2909 1330 3259 1419 μονάζουσαιή.
3584 1354 3621 1422 ἡ
3662 1352 3855 1424 πόρνη

2254 1440 2318 1513 [1⁵.
2352 1438 2581 1513 πόρνης]
2610 1440 2753 1509 ὄψις,
2793 1438 2993 1512 ᾐδέσθη
3032 1442 3128 1493 καὶ
3157 1441 3320 1512 μέχρι
3358 1440 3563 1495 τούτων
3585 1441 3690 1506 τὰς
3739 1443 3856 1512 μά-

2256 1550 2446 1601 στιγας
2471 1536 2781 1603 ἐπαφεῖναι.
2812 1531 2935 1597 [Ιῶς
2965 1532 3076 1604 γὰρ
3126 1534 3194 1587 ἀν
3246 1534 3493 1605 ἐναργῶς
3543 1536 3853 1607 παραστή-

2256 1642 2411 1695 σαιμι
2462 1625 2560 1689 τάς
2606 1625 2814 1695 θλίψεις
2834 1666 2850 1691 ,
2876 1625 2974 1689 τάς
3004 1627 3273 1696 φυλακὰς,
3298 1629 3424 1691 τοὺς
3448 1626 3717 1697 δεσμοὺς,
3746 1628 3855 1689 τὰς

565 1743 673 1796 que
699 1731 845 1784 enim
880 1732 1234 1786 meretricius
1266 1732 1466 1785 oculus
1498 1732 1708 1786 veritus
1741 1739 1827 1786 est
1850 1730 1937 1786 vel
1962 1732 2016 1784 in
2050 1730 2149 1785 hos

2255 1718 2689 1790 λιμοκτονήσεις,
2744 1720 2845 1783 τὰς
2900 1720 3136 1792 εξορίας,
3175 1721 3277 1784 τὰς
3324 1721 3658 1789 ἀπαγωγὰς,
3714 1722 3855 1785 τοὺς

567 1837 743 1892 usque
773 1822 988 1895 ﬂagella
1043 1823 1358 1879 immittere.
1408 1822 1533 1889 Quo
1575 1822 1722 1877 enim
1755 1829 1918 1889 pacto
1957 1820 2137 1889 palam

2255 1783 2551 1878 θανάτουςξ
2598 1783 2751 1867 Ἐπεὶ
2806 1814 2904 1869 καὶ
2944 1783 3130 1885 μεχρι
3169 1783 3326 1869 τούδε
3360 1817 3394 1885 ή
3431 1783 3623 1885 πεῖρα,
3641 1783 3764 1877 ’τὰς
3791 1783 3854 1868 ὲν

565 1930 836 1983 exponam
880 1916 1225 1982 vexationes,
1269 1929 1543 1979 carceres,
1590 1914 1832 1980 vincula,
1880 1911 2143 1976 inediam,

564 2008 780 2067 exsilia.
824 2008 1028 2062 damna
1062 2008 1235 2073 illata,
1279 2008 1482 2063 neces?
1512 2007 1578 2062 Et
1602 2008 1717 2061 haec
1744 2007 1929 2061 omnia
1956 2020 2151 2062 sumus

565 2099 775 2167 experti
813 2117 826 2153 :
860 2099 913 2152 in
951 2099 1236 2154 montibus
1265 2098 1446 2169 fugas,
1492 2099 1898 2153 occultationes
1940 2097 1993 2150 in
2022 2110 2150 2165 spe-

565 2190 747 2245 luncis
799 2203 854 2246 et
908 2191 1164 2247 cavernis
1215 2199 1396 2246 terrm.
1437 2192 1642 2246 Abdias
1683 2191 1968 2261 propheta,
2020 2204 2146 2243 cum

562 2291 714 2337 esset
747 2284 929 2338 adlmc
962 2299 993 2339 e
1031 2284 1263 2339 ducibus
1292 2285 1507 2349 Achab,
1562 2298 1687 2340 cum
1713 2282 1933 2339 Iezabel
1968 2283 2147 2337 caedes

566 2385 831 2445 patraret,
872 2375 1077 2431 dicitur
1114 2378 1255 2432 ﬁlios
1290 2378 1680 2447 pr0phetarum
1724 2378 2147 2446 quinquagenos

566 2468 623 2521 iu
669 2468 885 2522 duabus
930 2467 1213 2536 speluncis
1258 2470 1596 2529 occultasse.
1625 2482 1765 2536 quos
1803 2476 1859 2520 et
1902 2468 2052 2535 pavit
2081 2467 2146 2519 ‘°.

640 2556 739 2610 llic
772 2573 904 2612 vero
940 2558 985 2613 si
1017 2559 1143 2627 quis
1169 2558 1614 2627 deprehendatur
1641 2558 1725 2612 vel
1772 2572 1941 2611 unum
1985 2556 2151 2610 modo

565 2651 904 2718 occuluisse,
946 2650 1002 2706 in
1050 2665 1313 2722 magnum
1346 2650 1434 2704 ille
1472 2650 1769 2705 discrimen
1809 2649 1961 2702 venit
1992 2667 2004 2701 :
2040 2649 2150 2701 imo

565 2743 612 2797 si
644 2743 730 2797 vel
771 2744 911 2798 clam
952 2743 1177 2813 impiam
1214 2743 1665 2798 communionem
1718 2740 2013 2811 refugisse,
2056 2749 2150 2793 aut

564 2850 730 2903 penes
758 2850 818 2889 se
857 2849 1113 2890 servasse
1145 2835 1471 2902 imaginem,
1505 2843 1599 2890 aut.
1629 2836 1883 2889 volumen
1923 2836 2147 2905 aliquod

565 2930 620 2983 in
653 2944 765 2998 quo
806 2929 935 2996 quid
981 2929 1192 2983 inesset
1240 2929 1363 2997 ejus
1414 2929 1746 2999 argumenti.
1792 2928 1967 2982 Sileut
2000 2930 2148 2983 domi

566 3036 663 3075 ora
690 3020 945 3088 piorum;
988 3018 1199 3074 nefaria
1242 3020 1427 3090 lingua
1463 3021 1728 3083 solvitur,
1768 3036 2026 3091 maguum
2076 3023 2152 3074 i'n-

2251 1905 2403 1976 δρεσι
2436 1905 2750 1975 φυγαδείας,
2771 1906 2869 1969 τὰς
2891 1907 2950 1960 ὲν
2980 1905 3267 1977 σπηλαίοις
3300 1908 3394 1960 καὶ
3415 1908 3577 1969 όπαῖς
3608 1906 3715 1976 τῆς
3741 1907 3853 1976 γῆς

2251 1999 2645 2069 κατακρύψεις.
2688 1999 2898 2053 Ἀϐδιοὺ
2924 2000 2953 2052 ό
2978 2002 3287 2071 προφήτης,
3318 1999 3397 2053 ἔτι
3428 1998 3504 2053 ὢν
3536 2001 3854 2070 τριστάτης

2264 2091 2493 2162 Ἀχαὰ6,
2524 2092 2621 2161 τῆς
2670 2090 2903 2155 Ἰεζάϐελ
2931 2091 3206 2161 φονώσης·
3239 2092 3453 2159 λέγεται
3478 2092 3852 2162 κατακρύψαι

2254 2187 2406 2248 υἱοὺς
2425 2185 2533 2239 τῶν
2554 2186 2852 2257 προφητῶν
2868 2185 2973 2239 ἀνὰ
2992 2187 3329 2255 πεντήκοντα
3355 2186 3435 2248 είς
3455 2185 3550 2240 δύο
3571 2186 3849 2257 σπήλαια,

2251 2277 2346 2339 οὓς
2371 2278 2465 2329 καὶ
2487 2277 2789 2347 διέτρεφεν.

2338 2553 2601 2607 Ἐνταῦθα
2626 2556 2680 2609 δὲ
2702 2557 2750 2609 εί
2780 2558 3059 2631 φωραθείη
3090 2576 3172 2622 τις
3199 2560 3294 2612 καὶ
3326 2560 3485 2629 μόνον
3508 2559 3605 2612 ἕνα
3631 2576 3847 2629 κεκρυ-

2255 2640 2369 2710 φὼς
2393 2683 2407 2707 ,
2455 2644 2513 2695 ὲν
2553 2644 2784 2714 κινδύνῳ
2815 2647 3035 2716 μεγάλῳ
3059 2663 3073 2676 °
3115 2647 3250 2699 ἀλλά
3282 2645 3392 2716 γὰρ
3433 2646 3536 2699 κᾶν
3576 2648 3848 2717 κρύϐδην,

2255 2734 2473 2802 φεύγων
2518 2735 2615 2804 τὴν
2666 2737 2837 2807 ἀσεϐῆ
2864 2737 3169 2802 κοινωνίαν,
3209 2737 3242 2807 ἢ
3271 2738 3455 2790 είκόνα
3488 2738 3778 2809 φρουρῶν,
3811 2738 3843 2808 ἢ

2258 2828 2441 2897 βίϐλον
2494 2828 2855 2898 περιέχουσαν
2907 2829 2975 2881 τὰ
3035 2829 3377 2898 κατάύτήν.
3416 2829 3555 2900 Σιγᾷ
3609 2831 3678 2885 τὰ
3734 2829 3846 2883 τῶν

2254 2919 2621 2974 εὐσεϐούντων
2684 2920 2832 2974 ἔνδον
2893 2921 3134 2991 στόματα
3167 2938 3182 2954 ·
3238 2924 3447 2976 ἀνεῖται
3514 2922 3845 2994 βλάσφημος

2253 3012 2512 3082 γλῶσσα·
2572 3012 2915 3083 κωμῳδεῖται
2960 3013 3019 3067 τὸ
3067 3013 3209 3084 μέγα
3253 3015 3353 3083 τῆς
3390 3015 3705 3083 οἰκονομίας
3744 3034 3845 3085 μυ·

567 3113 909 3169 carnationis
932 3112 1252 3183 mysterium
1287 3114 1340 3165 in
1371 3121 1746 3181 contemptum
1773 3112 1942 3165 venit.
1973 3109 2147 3176 Nunc,

2258 3106 2499 3174 στήριον.
2532 3107 2706 3175 Ἀρτι.
2739 3107 2874 3175 φησὶ
2900 3148 2916 3173 ,
2964 3108 3181 3176 Κύριος
3233 3107 3541 3176 ἐλάλησεν
3588 3108 3845 3177 εἰρήνην·

568 3207 747 3278 inquit
783 3226 796 3261 :
830 3206 1086 3261 Dominus
1121 3206 1327 3259 locutus
1358 3218 1437 3261 est
1457 3223 1637 3276 pacem
1664 3208 1717 3259 in
1744 3207 1940 3276 plebem
1975 3225 2148 3269 suam,

564 3308 617 3352 st
651 3313 809 3367 super
832 3307 1043 3352 sanctos
1071 3314 1220 3362 suos,
1244 3308 1292 3351 et
1326 3298 1380 3351 in
1398 3316 1484 3352 eos
1507 3301 1595 3369 qui
1629 3309 1929 3353 convertunt
1958 3318 2049 3354 cor
2082 3300 2150 3353 ad

566 3390 739 3455 ipsum
768 3387 807 3419 “
845 3386 981 3456 :qui
1026 3386 1189 3441 initio
1220 3388 1461 3457 propriis
1505 3388 1791 3458 discipulis
1826 3390 1964 3444 dixit
2000 3410 2013 3444 :
2047 3390 2153 3443 Pa-

566 3493 679 3531 cem
704 3477 938 3547 relinquo
970 3479 1136 3545 vobis,
1183 3494 1367 3547 pacem
1406 3496 1577 3531 meam
1613 3482 1680 3532 do
1712 3482 1854 3534 vobis
1880 3483 1943 3535 ”.
1974 3482 2147 3545 Nunc,

567 3568 851 3637 inquiunt,
883 3569 1099 3623 sublata
1133 3583 1165 3622 e
1212 3568 1395 3623 medio
1440 3569 1585 3621 idola
1618 3569 1852 3625 cthnicae
1884 3570 2151 3638 supersti-

570 3658 760 3721 tionis,
809 3673 933 3728 qua:
986 3658 1228 3713 Deorum
1277 3659 1696 3715 multitudinem
1759 3662 1960 3717 astruit
1997 3679 2010 3715 :
2042 3663 2151 3715 cla-

566 3759 757 3803 mante
805 3749 919 3817 jam
980 3750 1110 3804 olim
1168 3750 1478 3820 Apostolo:
1520 3750 1674 3805 Nihil
1718 3762 1795 3806 est
1851 3753 2050 3806 idolum
2098 3754 2151 3806 in

568 3841 765 3894 mundo
791 3843 853 3896 ⁸⁸.
886 3841 1064 3903 Nunc.
1087 3843 1265 3905 aiunt,
1290 3844 1551 3897 mundata
1580 3842 1822 3899 Ecclesia
1854 3854 1957 3909 est,
1985 3860 2148 3913 quam

567 3934 697 3987 olim
755 3933 899 3988 idem
957 3934 1254 4003 Apostolus
1298 3936 1678 4006 pronuntiavit
1703 3936 1746 3967 ιδ
1798 3952 1905 3989 non
1952 3935 2151 3989 habere

566 4027 845 4080 maculam
882 4041 1061 4096 neque
1097 4042 1313 4097 rugam,
1351 4037 1446 4081 aut
1477 4027 1684 4097 aliquid
1716 4028 2013 4096 ejusmodi,
2054 4027 2148 4081 sed

567 4133 693 4173 esse.
738 4127 991 4173 sanctam
1041 4127 1095 4173 et.
1154 4119 1588 4174 immaculatam.
1640 4117 1816 4183 Nunc,
1870 4120 2150 4187 inquiunt,

568 4210 664 4264 lux
702 4211 1035 4266 Christianis
1071 4210 1275 4265 all‘ulsit
1316 4212 1640 4281 ignorantiae
1681 4212 1914 4281 caligine
1971 4212 2150 4279 impli-

567 4303 711 4357 catis
755 4321 769 4357 :
811 4303 1017 4373 quibus
1070 4303 1395 4373 jampridem
1462 4318 1492 4357 a
1569 4303 1838 4373 principio
1895 4302 2149 4356 Christus

566 4395 707 4450 dixit
748 4412 763 4449 :
799 4394 913 4464 Ego
962 4396 1055 4449 (ua:
1113 4396 1168 4449 in
1216 4396 1471 4449 mundum
1519 4397 1680 4449 veni:
1717 4406 1774 4447 ut
1826 4396 1997 4448 omnis
2060 4397 2148 4463 qui

2253 3196 2348 3249 ἐπὶ
2378 3195 2487 3248 τὸν
2515 3196 2670 3248 λαὸν
2699 3196 2922 3263 abeat},
2943 3197 3041 3250 καὶ
3072 3197 3170 3252 ἐπὶ
3199 3197 3342 3263 τοὺς
3381 3199 3595 3263 ὁσίους
3626 3200 3843 3265 αὑτοῦ,

2253 3288 2351 3343 καί
2387 3288 2485 3342 ἐπὶ
2524 3288 2666 3355 τοὺς
2713 3288 3189 3357 ἐπιστρέφοντας
3213 3288 3466 3356 καρδίαν
3494 3288 3588 3343 ἐπ’
3615 3290 3840 3344 αὐτόν’

2250 3384 2278 3436 ό
2328 3384 2385 3434 ὲν
2422 3384 2562 3454 ἀρχῇ
2604 3382 2777 3453 φήσας
2812 3383 2922 3444 τοῖς
2959 3381 3182 3445 οἰκείοις
3212 3380 3483 3452 μαθηταῖς
3516 3398 3530 3411 ·
3568 3381 3842 3451 Εἰρήνην

2252 3477 2463 3545 ἀφίημι
2517 3476 2680 3546 ὑμῖν,
2732 3477 2982 3547 εἰρήνην
3030 3476 3147 3546 τὴν
3202 3477 3362 3547 ἐμὴν
3412 3477 3623 3546 δίδωμι
3670 3483 3837 3550 ὑμῖν.

2255 3571 2319 3622 Ἀ
2333 3588 2436 3639 ρτι,
2462 3570 2645 3638 φασὶν,
2672 3570 2815 3641 ῆρθη
2837 3574 2902 3625 ἐκ
2940 3572 3106 3640 μέσου
3132 3570 3477 3642 βδελύγματα
3512 3570 3841 3643 Ἑλληνικῆς

2253 3662 2557 3727 πολυθεῖας·
2597 3663 2690 3716 τοῦ
2727 3663 3051 3716 Ἀποστόλου
3076 3663 3314 3735 ἀρχῆθεν
3342 3663 3576 3734 βοῶντος
3596 3681 3612 3697 ο
3644 3666 3841 3719 Οὐδὲν

2252 3753 2505 3807 εῖδωλον
2552 3753 2621 3806 ἐν
2653 3755 2880 3821 κόσμῳ.
2934 3753 3128 3821 Ἀρτι,
3185 3753 3321 3821 φασὶ
3349 3795 3363 3815 ,
3423 3753 3768 3823 κεκάθαρται
3807 3757 3839 3825 ἡ

2264 3835 2578 3915 Ἐκκλησία,
2628 3845 2695 3913 ἢν
2726 3845 2895 3897 πάλαι
2928 3844 3208 3913 ἀπέφηνεν
3246 3846 3275 3896 ό
3313 3844 3474 3908 αὐτὸς
3512 3845 3840 3911 Ἀπόστολος

2256 3938 2331 4007 μὴ
2365 3938 2507 4006 ἔχειν
2540 3935 2745 4001 σπῖλον,
2782 3935 2815 4007 ἢ
2860 3935 3068 4006 ῥυτίδα,
3104 3936 3137 4006 ῆ
3183 3953 3236 3988 τι
3262 3935 3370 3988 τῶν
3391 3938 3651 3991 τοιούτων
3675 3957 3690 3971 ο
3719 3939 3839 3997 ἀλλ’

2252 4030 2391 4083 εἶναι
2432 4029 2592 4097 ἁγίαν
2618 4029 2711 4081 καὶ
2733 4028 2987 4098 ἄμωμον.
3006 4030 3184 4098 Ἄρτι,
3212 4026 3367 4096 φασὶ,
3392 4026 3452 4079 τδ
3485 4028 3602 4096 φῶς
3628 4030 3838 4107 ηὕγασε

2252 4120 2361 4180 τοῖς
2393 4119 2738 4188 Χριστιανοῖς
2790 4118 3166 4187 ἑνισχημένοις
3214 4115 3367 4185 ζόφῳ
3425 4117 3649 4184 ἀγνοίας
3678 4136 3692 4149 ο
3756 4116 3837 4185 οἷς

2252 4209 2460 4265 ἀνωθεν
2490 4208 2583 4263 καὶ
2621 4208 2714 4261 ἀπ’
2746 4210 2923 4278 ἀρχῆς
2954 4208 3190 4281 Χριστὸς
3218 4207 3423 4279 ἔφησεν
3452 4224 3467 4239 ·
3510 4207 3659 4277 Ἐγὼ
3709 4211 3836 4279 φῶς

2252 4304 2338 4367 εἷς
2393 4301 2502 4354 τὸν
2542 4301 2776 4368 κόσμον
2810 4298 3083 4367 ἐλήλυθα
3105 4312 3120 4328 ⁸
3166 4300 3266 4353 ἵνα
3312 4298 3434 4365 πᾶς
3467 4300 3499 4353 ό
3534 4303 3837 4356 πιστεύων

2253 4397 2339 4459 εἰς
2387 4392 2513 4461 ἐμὲ,
2559 4393 2628 4446 ἐν
2658 4390 2733 4459 τῇ
2765 4390 2982 4456 σκοτίᾳ
3008 4390 3095 4458 μὴ
3123 4391 3323 4459 μείνῃ.
3370 4392 3589 4461 Ὁρᾶτε,
3621 4392 3836 4463 ἀδελφοὶ

568 4485 734 4538 credit
761 4485 815 4538 in
841 4501 942 4548 me,
972 4486 1025 4538 in
1054 4485 1279 4540 tenebris
1304 4502 1407 4539 non
1444 4496 1656 4540 maneat
1683 4488 1747 4540 ".
1779 4484 2011 4550 Videtis,
2040 4487 2145 4539 l'ra-

2255 4484 2417 4552 ἆγιοι,
2470 4486 2566 4553 τὴν
2606 4482 2942 4535 ἀποστασίαν
2986 4482 3052 4550 ἢν
3081 4482 3162 4534 δεῖ
3198 4482 3411 4551 πρῶτον
3462 4482 3663 4547 ἐλθεῖν,
3695 4485 3835 4539 καθά

569 4583 683 4631 tres
724 4576 925 4641 sancti,
969 4577 1392 4643 discessionem,
1439 4595 1603 4649 quam
1657 4588 1868 4649 oportet
1914 4582 2150 4647 primum

566 4669 781 4733 venire,
812 4669 1277 4738 quemadmodum
1306 4672 1603 4740 Apostolus
1627 4672 1869 4741 loquitur
1897 4660 1962 4724 ’⁵.
1996 4672 2153 4725 Nunc

568 4759 754 4814 oculis
789 4759 892 4828 ipsi
923 4761 1205 4815 cernimus
1236 4759 1561 4816 Antichristi
1593 4763 1913 4831 primordia.
1938 4762 2149 4817 Defeci-

565 4864 732 4913 suus,
786 4849 1102 4918 consumpti
1152 4865 1344 4904 sumus
1378 4869 1393 4905 :
1425 4850 1626 4920 Defecit
1673 4852 2020 4922 summarium
2066 4852 2144 4917 '7;

567 4940 771 4994 occidit
802 4954 928 5009 spes
975 4941 1179 5007 omnis,
1208 4941 1255 4995 si
1291 4942 1521 4997 facultas
1554 4945 1791 4996 humana
1842 4948 2143 5013 spectatur.

567 5035 641 5087 At
668 5033 840 5087 vicem
872 5043 1118 5089 nostram
1148 5050 1247 5090 vos
1278 5035 1478 5105 lugete,
1508 5035 1711 5104 quibus
1753 5044 1835 5089 est
1868 5037 1919 5089 in
1952 5036 2149 5096 alienis

569 5122 733 5177 malis
779 5132 1025 5178 tenerum
1054 5134 1266 5195 pectus,
1300 5134 1561 5194 tanquam
1598 5124 1844 5194 ejusdem
1873 5127 2145 5195 corporis.

567 5213 739 5282 Opem
796 5214 957 5269 nobis
1012 5230 1109 5285 per
1165 5228 1375 5273 vestras
1421 5233 1611 5287 preces
1654 5219 1828 5285 ferte,
1888 5226 2149 5289 tauquam

571 5304 810 5359 fratrum
842 5314 1118 5362 amantes.
1147 5308 1443 5364 Acerbiora
1476 5321 1605 5371 sunt
1629 5327 1750 5379 qua:
1773 5311 1861 5366 hic
1893 5312 2155 5380 patimur,

570 5410 741 5463 quam
777 5411 899 5464 qua:
938 5397 1158 5466 uspiam
1195 5413 1227 5452 a
1258 5397 1515 5454 Barbaris
1546 5410 1828 5469 geruntur.
1861 5399 1979 5454 Jam
2017 5400 2160 5454 sicut

571 5487 813 5543 Sodoma
862 5488 994 5543 facti
1046 5504 1263 5556 sumus,
1311 5501 1365 5546 et
1407 5492 1548 5547 sicut
1593 5492 1898 5547 Gomorrha
1950 5492 2158 5548 similes

571 5592 770 5633 sumus
795 5578 861 5630 '°.
910 5575 1062 5634 Hanc
1097 5579 1266 5649 igitur
1313 5583 1383 5636 ob
1432 5598 1657 5638 causam
1706 5583 2020 5638 sanctitatis
2064 5597 2157 5636 ve-

646 5689 691 5719 ¹⁰
716 5684 781 5739 Ill
806 5684 939 5788 Reg.
970 5702 1125 5753 xvm,
1160 5690 1214 5743 4.
1296 5690 1334 5721 “
1359 5691 1501 5747 Psal.
1534 5708 1753 5758 1.xxxiv,
1789 5693 1843 5746 9.

646 5773 651 5788 .
724 5755 785 5788 Ls:
927 5757 946 5788 ο
975 5755 1014 5788 II
1043 5755 1217 5788 Tim..-
1276 5776 1311 5788 ..
1370 5762 1400 5788 τ
1503 5762 1544 5788 ιτ
1580 5761 1746 5788 1....η..-
1805 5778 1833 5788 ..

574 5772 675 5823 xu,
717 5757 810 5811 46.
902 5757 946 5788 ¹⁶

1926 5690 2159 5759 “Joan.
2184 5705 2294 5754 xw,
2325 5690 2419 5745 27.
2503 5687 2729 5747 "lCor.
2765 5708 2883 5759 vm,
2918 5694 2971 5748 4.

972 5755 1018 5811 ll
1043 5755 1240 5815 Thess.
1276 5776 1335 5829 ll,
1370 5762 1422 5817 5.
1503 5762 1544 5794 ¹⁷
1569 5755 1767 5819 Jerem.
1805 5778 1877 5826 vr,
1908 5763 1999 5816 29.
2080 5762 2119 5791 "‘
2146 5758 2246 5815 lsa.
2284 5776 2322 5825 ι,
2352 5762 2403 5816 9.

2253 4592 2415 4644 φησιν
2445 4576 2473 4627 ό
2516 4572 2859 4636 ’Δπόστολος.
2894 4573 3033 4643 Ἤδη
3067 4574 3127 4627 ἐν
3155 4573 3457 4644 ὀφθαλμοῖς
3508 4577 3674 4646 ήμῶν
3700 4580 3834 4649 όρῶ-

2253 4684 2350 4737 μεν
2400 4668 2470 4719 τά
2522 4666 2724 4719 είσόδια
2784 4663 2877 4718 τοῦ
2926 4666 3321 4737 Ἀντιχρίστου.
3363 4667 3830 4739 Ἐκλελοίπαμεν·

2250 4756 2689 4828 παρανηλὼμεθα
2720 4770 2735 4785 ·
2777 4756 3053 4821 Ἐξέλιπε
3102 4756 3387 4826 φυσητήρ
3496 4760 3830 4832 ἀπελήλαται

2251 4854 2402 4904 πᾶσα
2452 4850 2607 4913 ἐλπὶς
2631 4850 2758 4903 ὅσον
2800 4848 2940 4902 κατά
2978 4848 3284 4919 ἄνθρωπον.
3332 4851 3497 4905 Ἀλλά
3544 4854 3829 4919 στενάξατε

2255 4944 2340 5010 ἐφ’
2370 4942 2538 5011 ἡμᾶς,
2563 4936 2606 4993 ὦ
2630 4940 3091 5015 συμπαθέστατοι,
3121 4940 3197 5001 ὡς
3232 4940 3534 5013 σύσσωμοι.
3584 4946 3831 5015 ’(νρὲξατε

2260 5036 2417 5103 χεῖρα
2467 5033 2891 5103 πρεσϐευτικὴν,
2954 5030 3029 5096 ὼς
3061 5014 3417 5102 ἥφιλάδελφοι.
3466 5035 3592 5088 Τῶν
3650 5014 3833 5094 αύτὸοι

2258 5126 2480 5195 χείρονα
2508 5124 2576 5177 τά
2614 5124 2859 5193 ῄμέτερα
2892 5121 3305 5193 βαρϐαρίζεται.
3355 5124 3443 5187 Ὦς
3480 5126 3694 5197 Σόδομα
3737 5131 3833 5201 ἥδη

2255 5217 2577 5287 γεγόναμεν,
2612 5216 2709 5269 καὶ
2763 5214 2837 5280 ὼς
2870 5215 3123 5287 Γόμορρα
3153 5214 3254 5286 ἤδη
3306 5216 3701 5289 ὡμοιώθημεν.
3741 5226 3832 5275 Δια

2253 5308 2412 5363 τοῦτο
2464 5306 2754 5379 τοιγαροῦν
2812 5307 2904 5361 καὶ
2967 5308 3389 5379 ἐπεύοησὰμεθα
3442 5313 3508 5382 τῇ
3558 5313 3832 5389 ἁγιωσύνῃ

2258 5399 2408 5469 ὑμῶν
2453 5401 2502 5452 oi
2546 5399 2821 5465 ταπεινοὶ,
2866 5399 2941 5462 ὡς
2971 5400 3027 5452 ὲν
3074 5401 3154 5453 ἑνὶ
3201 5400 3415 5471 σώματι
3474 5404 3588 5456 τῶν
3624 5407 3830 5459 πάντων

2255 5490 2501 5559 ἀδελφῶν
2532 5491 2626 5544 καὶ
2654 5492 3109 5562 συμπασχόντων.
3144 5493 3334 5565 Ἰσμεν
3365 5494 3475 5566 γὰρ
3525 5496 3612 5551 ὅτι
3666 5500 3829 5570 ἰσχύει

2255 5582 2287 5650 ἡ
2319 5579 2504 5633 δικαία
2533 5578 2684 5648 ὑμῶν
2711 5579 2894 5650 δέησις
2928 5582 3316 5653 ἐνεργουμένη,
3340 5583 3416 5647 ὡς
3444 5584 3513 5639 ἂν
3540 5587 3624 5656 τῷ
3663 5589 3828 5655 ἐξιλα-

3053 5692 3091 5725 ¹¹⁵
3115 5693 3315 5765 Ephes.
3353 5710 3403 5761 v,
3431 5695 3527 5753 ‘27.
3610 5701 3657 5734 "
3681 5700 3828 5760 Joan.
