3990 6318
163 368 306 431 1173

1357 374 1893 432 EPISTULARUM
1959 377 2105 432 LIB.
2154 374 2233 432 ΙΙ.

3286 371 3419 433 1174

157 478 290 548 σμῷ
322 477 494 548 αὐτῆς
521 480 736 550 κοπάσῃ
789 482 820 548 ή
875 479 1102 551 θραῦσις
1150 484 1247 550 τῆς
1280 484 1564 553 αίρετικῆς
1600 487 1733 553 ῥομ-

1852 493 1970 539 stne
2022 482 2287 537 auxilium
2337 495 2439 535 nos
2485 480 2721 537 humiles
2773 479 3230 551 imploravimus,
3291 486 3418 534 cuin

158 569 332 634 φαίας
358 584 370 597 ·
411 567 506 620 τοῦ
539 570 746 639 Κυρίου
775 572 856 633 είς
886 571 1168 641 εἰρηνικὴν
1197 573 1509 642 όρθοδοξίαν
1565 575 1737 625 ἐπαν-

155 659 388 724 άγοντος
415 659 507 710 καὶ
539 659 636 727 τὴν
664 659 784 712 καθ’
815 662 962 730 ἡμᾶς
996 661 1462 732 Ἐκκλησίαν.⁰1να
1484 663 1540 716 δὲ
1571 662 1745 732 εἰδῆτε

156 749 258 800 καὶ
309 750 485 817 ὑμεῖς,
521 741 566 802 ὦ
620 750 930 820 σεϐάσμιοι,
972 753 1037 805 ὲκ
1091 754 1313 823 μέρους,
1366 748 1454 808 οἶα
1479 753 1547 806 τά
1575 753 1743 823 ἀσεϐῆ

154 837 410 906 δόγματα
450 837 556 889 τῶν
589 836 765 892 ἀθέων
793 855 805 868 '
848 839 1244 893 συναπέστειλα
1289 842 1402 902 τοῖς
1451 841 1746 912 γράμμασι

154 928 337 982 ταῦτα
365 929 422 980 ἐν
457 927 750 996 τετραδίοις
775 943 787 957 ⁸
821 927 857 981 ἀ
886 931 976 982 καὶ
1016 929 1166 993 ἔδοξα
1199 930 1227 981 6
1265 930 1482 998 ἀμαθὴς
1511 931 1739 1000 ἀνατρέ-

156 1035 313 1086 πειν,
371 1020 701 1090 προτραπεὶς
753 1019 902 1090 παρὰ
935 1020 1193 1073 εὐσεϐῶν.
1226 1020 1372 1074 Διτῶ
1404 1021 1460 1074 δὲ
1509 1021 1613 1073 ὑπὸ
1641 1021 1742 1090 τῆς

156 1109 316 1170 θείας
344 1109 624 1177 ἀγχινοίας
655 1110 809 1180 ὑμῶν
849 1110 1271 1180 ὲπισκεφθῆναι,
1299 1112 1393 1164 καὶ
1434 1112 1498 1165 τὸ
1527 1113 1741 1176 ἐλλιπὲς

155 1199 578 1270 ἀνορθωθῆναι·
628 1202 721 1254 καὶ
771 1199 1105 1272 συγγνώμην
1164 1183 1286 1255 τῶν
1332 1201 1740 1272 ὲπωφλημένων

156 1293 421 1360 δέξασθαί
469 1307 572 1363 με·
632 1291 1006 1362 λαμόάνεσθαί
1061 1307 1121 1343 τε
1167 1293 1248 1355 είς
1284 1294 1504 1362 μνήμην
1535 1294 1594 1346 ὲν
1622 1295 1741 1356 ταῖς

158 1385 494 1437 θεοκλινέσιν
524 1383 680 1453 ’ὑμῶν
711 1385 1040 1453 προσευχαῖς
1063 1398 1077 1413 ⁸
1112 1382 1207 1435 καὶ
1234 1384 1342 1452 μὴν
1374 1383 1470 1437 καὶ
1509 1384 1738 1437 συντάτ-

155 1475 355 1527 τεσθαι
381 1473 457 1537 ὡς
493 1473 720 1542 ἔσχατον
754 1474 973 1529 πάντων
1004 1473 1165 1546 μέλος
1197 1475 1255 1527 ὲν
1301 1473 1378 1545 τῷ
1410 1474 1740 1546 πληρώματι

157 1571 265 1640 τῆς
292 1569 453 1638 ἁγίας
483 1569 637 1640 ὑμῶν
675 1570 1022 1640 Ἐκκλησίας.

1851 577 1920 630 sit
1981 589 2149 628 unum
2212 588 2413 642 corpus
2469 572 2713 627 omnium
2785 571 3013 628 fratrum
3069 571 3164 642 qui
3216 571 3422 640 pariter

1849 674 2138 719 vexantur.
2172 661 2437 718 Novimus
2461 664 2606 716 enim
2639 672 2904 732 quantum
2942 662 3121 715 valeat
3149 661 3295 731 justa
3330 676 3421 713 ve-

1849 761 1962 806 stra
1991 751 2308 819 deprecatio
2353 751 2572 804 assidua
2594 752 2661 815 ‘9,
2707 760 2789 815 ut,
2822 761 3048 806 exorato
3087 749 3218 814 Deo,
3251 750 3421 802 haere-

1849 840 1941 894 tici
1973 840 2137 909 gladii
2173 839 2291 894 acie
2328 841 2689 910 conquiescat
2721 854 2733 891 :
2766 842 2832 896 ad
2864 849 3064 896 rectam
3097 840 3257 894 ﬁdem
3295 854 3420 892 cum

1849 945 1983 999 pace
2023 930 2372 1000 conjunctam
2413 940 2702 986 revocante
2732 931 2965 986 Domino
3006 941 3249 986 nostram
3284 943 3425 999 quo-

1846 1038 1951 1091 que
1982 1022 2308 1076 Ecclesiant.
2339 1022 2409 1076 Ut
2437 1031 2641 1086 autent,
2674 1031 2729 1078 et
2761 1039 2880 1089 vos,
2913 1023 3018 1078 viri
3055 1022 3422 1085 venerabiles,

1845 1128 1911 1168 ex
1937 1123 2087 1182 parte
2118 1114 2434 1182 intelligatis
2474 1115 2658 1184 qualia
2688 1114 2797 1168 sint
2839 1114 3234 1184 sacrilegorum
3263 1112 3428 1182 impia

1846 1205 2146 1275 dogmata:
2180 1205 2343 1258 simul
2386 1205 2501 1258 haec
2547 1204 2670 1259 misi
2705 1219 2828 1259 cum
2863 1205 3064 1258 litteris
3114 1206 3168 1257 in
3201 1212 3431 1272 quater-

1847 1294 2148 1348 nionibus:
2183 1308 2304 1362 quae
2359 1291 2650 1346 confutare
2693 1306 2990 1362 aggressus
3047 1306 3190 1356 sum,
3247 1305 3430 1358 quan-

1847 1398 2014 1454 quam
2062 1383 2336 1445 indoctus,
2391 1381 2686 1450 proborum
2737 1381 2983 1435 virorum
3023 1380 3270 1432 hortatu.
3319 1375 3431 1430 Oro

1850 1487 2032 1530 autem
2063 1483 2119 1526 ut
2159 1488 2223 1527 ea
2255 1487 2352 1540 pro
2393 1471 2577 1524 divina
2611 1478 2794 1525 vestra
2821 1468 3118 1538 sagacitate
3154 1467 3432 1534 expenda-

1849 1567 1922 1622 tis
1956 1586 1969 1620 :
1998 1563 2143 1633 quod
2195 1563 2454 1617 vitiosum
2491 1571 2578 1616 est
2621 1561 2930 1617 emcndetis
2961 1580 2980 1613 ελ
3007 1569 3434 1628 erratorumque

157 1663 380 1716 veniam
412 1662 709 1717 tribuatis:
740 1671 793 1716 et
829 1673 888 1717 ut
914 1662 1018 1718 mei
1061 1662 1425 1720 memineritis
1462 1663 1518 1718 in
1549 1663 1749 1720 vestris
1788 1659 1931 1730 apud
1968 1657 2139 1712 Deum
2204 1656 2458 1724 precibus
2488 1670 2504 1709 :
2568 1654 2806 1724 denique
2844 1661 2906 1708 ut
2929 1661 3192 1722 tanquam
3223 1659 3434 1720 postre-

160 1773 318 1811 mum
357 1757 606 1810 omnium
663 1757 968 1811 membrum
1022 1772 1254 1812 censear
1305 1757 1360 1812 in
1409 1758 1748 1828 plenitudine
1784 1764 1990 1812 sancta:
2013 1761 2210 1806 vestras
2244 1749 2518 1803 Ecclesia.

245 1852 321 1903 Ἦ
350 1849 505 1915 αὑτὴ
534 1847 834 1915 ἐπιστολὴ
863 1848 1180 1916 ἀπεστάλη
1209 1849 1482 1918 καὶπρὸς
1507 1848 1622 1917 τὴν
1642 1865 1743 1918 μο-

1928 1843 2133 1898 Εαιῒεηι
2164 1841 2386 1909 epistota
2429 1842 2600 1894 missa
2642 1848 2718 1894 est
2750 1840 2913 1894 etiam
2941 1837 3015 1892 ad
3047 1836 3430 1891 monasterium

160 1941 284 2009 γὴν
317 1941 425 1995 τοῦ
449 1941 622 2010 ἁγίου
647 1941 975 2007 Εὐθυμίου.

157 2056 270 2109 ιιιν.
307 2081 377 2092 -
412 2050 730 2120 Νικηφόρῳ
756 2048 837 2114 τῷ
866 2051 1162 2119 ἁγιωτάτῳ
1190 2051 1544 2122 πατριάρχῃ.
1572 2050 1742 2125 [σωκ]

1856 1939 2028 1992 sancti
2071 1935 2365 2005 Euthymii.

1950 2045 2138 2102 XVIII.
2175 2076 2239 2089 -—-
2269 2045 2566 2116 Nicephoro
2598 2044 2936 2100 sanctissimo
2974 2043 3321 2113 patriar-clue.

1263 2165 1462 2215 Solatur
1497 2166 1738 2215 exsulem.
1764 2164 1961 2226 (Bacon.
1983 2175 2061 2210 an.
2083 2160 2193 2221 8H,
2221 2174 2268 2209 ιι.
2297 2159 2400 2221 29.)

229 2272 504 2334 Πολλάκις
539 2270 872 2340 προθέμενος
920 2268 1223 2322 ἐπιστεῖλαι
1261 2272 1328 2341 τῇ
1385 2271 1508 2340 ἱερᾷ
1535 2271 1745 2340 κορυφῇ

160 2366 259 2434 τῆς
291 2361 690 2432 μακαριότητος
733 2376 850 2412 σου·
879 2360 1166 2429 ὲνεκόπην,
1193 2360 1270 2430 πῆ
1307 2361 1406 2430 μὲν
1431 2360 1530 2432 τὴν
1553 2361 1747 2414 ἑαυτοῦ

159 2454 489 2522 ἀναξιότητα
535 2451 880 2519 λογιζόμενος
913 2450 1074 2522 [Reg.
1122 2452 1245 2506 cod.
1297 2451 1740 2522 ὲπαισθόμενος],

164 2550 242 2618 πῆ
265 2548 320 2600 δὲ
349 2544 584 2613 ὑποδεὴς
608 2542 683 2595 ὢν
712 2544 838 2607 τοὺς
863 2543 1224 2613 πειρασμούς.
1251 2545 1386 2598 Νυνὶ
1408 2545 1464 2598 δὲ
1490 2561 1748 2615 περιφροο

161 2643 334 2710 νήσας
364 2638 712 2707 ἀμφοτέρων,
738 2636 832 2689 καὶ
861 2638 928 2706 τῇ
965 2636 1155 2706 Τριάδι
1183 2638 1212 2688 6
1243 2638 1412 2700 τάλας
1443 2637 1745 2708 θαρρήσας,

161 2733 335 2798 λέγων
368 2730 485 2797 εἰμὶ
511 2728 657 2782 τάδε’
691 2729 882 2796 Χαῖρε,
901 2728 1117 2799 ἀληθῶς
1138 2730 1454 2799 νικητήριον
1470 2730 1744 2794 ἀσεσεέας,

161 2821 190 2871 ὁ
229 2822 286 2872 ἐν
336 2817 625 2887 τεθρίππῳ
661 2815 870 2887 ἀρετῶν
917 2816 1149 2869 διανύων
1206 2818 1298 2869 τὸν
1347 2816 1450 2886 τῆς
1511 2819 1745 2882 πίστεως

162 2911 360 2978 δρόμον
378 2927 390 2940 ·
408 2907 628 2978 χαίρε,ό
660 2907 830 2976 μέγας
863 2905 1014 2976 ἥλιος
1036 2907 1137 2976 τῆς
1170 2906 1511 2975 ὀρθοδοξίας,
1538 2899 1598 2959 οὗ
1629 2910 1746 2969 ταῖς

164 3002 589 3072 ὁμολογητικαῑς
646 2999 830 3052 ἀκτῖσι
889 2999 1277 3067 φωτοϐολεῖται
1327 3001 1360 3070 ή
1422 2999 1740 3070 οἰκουμένη·

166 3096 345 3164 χαῖρε,
373 3093 662 3162 ὑπέρμαχε
713 3091 813 3161 τῆς
871 3090 1129 3160 ἀληθείας
1185 3090 1324 3145 κατά
1346 3091 1471 3154 τοὺς
1513 3090 1744 3144 ἔκπαλαι

167 3183 466 3252 θεοφόρους
512 3181 827 3250 διαπρέπων
854 3180 932 3250 τῷ
968 3180 1068 3248 τῆς
1103 3179 1305 3249 ἀρετῆς
1357 3180 1564 3234 κάλλει.
1611 3181 1742 3233 ’Λπ-

167 3275 349 3337 ἑλιπες
378 3273 473 3326 τὸν
509 3271 710 3341 ὑψηλὸν
760 3271 947 3341 θρόνον
1009 3272 1100 3324 διὰ
1146 3273 1255 3324 τὸν
1280 3273 1499 3328 ἑαυτὸν
1543 3290 1744 3327 ταπει-

165 3365 447 3420 νώσαντα
495 3363 673 3434 μέχρι
705 3363 988 3428 θανάτου,
1022 3363 1282 3418 θανάτου
1342 3364 1410 3418 δὲ
1453 3365 1742 3433 σταυροῦ·

168 3455 432 3516 ἀπελιπες
458 3453 848 3524 ἀρχιερατικάς
889 3454 1196 3522 ὑπηρεσίας
1245 3456 1338 3506 καὶ
1383 3456 1740 3520 ἀναπαύσεις*

1919 2266 2055 2320 Cum
2106 2277 2486 2333 smpenumero
2537 2261 2604 2315 ad
2652 2272 2871 2316 sacrum
2921 2257 3278 2314 beatitudinis
3327 2271 3433 2318 tua:

1853 2359 2114 2414 verticem
2151 2357 2391 2412 scribere
2417 2354 2804 2418 instituissem,
2848 2353 3038 2408 destiti
3069 2354 3139 2408 ab
3171 2356 3428 2424 incmpto,

1847 2451 2044 2520 partim
2109 2447 2452 2517 indignitatis
2501 2460 2638 2500 mea:
2695 2445 3172 2512 consideratione,
3230 2452 3428 2517 partim

1853 2543 2010 2594 .:tiam
2071 2540 2388 2594 infirmitate
2444 2554 2509 2592 ex
2581 2539 2844 2592 aerumnis
2896 2549 3024 2592 nata
3078 2542 3426 2608 praepeditus.

1847 2633 2002 2687 Nunc
2057 2646 2185 2685 vero
2235 2640 2531 2697 utrumque
2580 2629 3004 2698 parvipendens,
3058 2640 3108 2683 et
3161 2629 3430 2685 Trinitate

1849 2723 2043 2786 fretus,
2079 2722 2246 2776 miser
2282 2721 2398 2776 haec
2427 2721 2571 2775 dico.
2615 2721 2826 2784 Gaude,
2856 2735 2981 2775 vere
3013 2721 3192 2775 victor
3234 2724 3427 2792 impie-

1849 2815 2000 2878 tatis,
2027 2814 2122 2882 qui
2159 2813 2422 2866 virtutum
2455 2811 2740 2880 quadrigis
2766 2812 2890 2865 ﬁdei
2919 2827 3145 2866 cursum
3170 2829 3424 2868 consum-

1847 2922 1965 2960 mas
2001 2924 2013 2960 :
2053 2905 2224 2969 salve,
2249 2917 2447 2972 magne
2480 2904 2562 2957 sol
2601 2903 2868 2957 doctrinae
2897 2903 3240 2966 orthodoxae.
3269 2906 3427 2975 cujus

1847 2997 2213 3053 confessionis
2231 2996 2399 3050 radiis
2415 2996 2706 3050 universus
2727 2995 2875 3051 orbis
2897 2995 3199 3050 illustratur
3221 3014 3234 3050 :
3255 2998 3422 3063 salve,

1850 3098 2223 3161 propugnator
2235 3089 2501 3152 veritatis,
2524 3096 2769 3142 veterum
2789 3097 3106 3143 sanctorum
3130 3091 3299 3145 instar
3317 3091 3427 3143 vir-

1849 3183 1980 3236 tutis
2017 3179 2430 3250 pulchritudinc
2469 3180 2772 3234 collucens.
2815 3179 3105 3248 Reliquisti
3146 3182 3423 3236 excelsum

1847 3273 2106 3331 thronum
2135 3271 2255 3340 ejus
2284 3285 2474 3334 causa,
2501 3272 2593 3339 qui
2622 3272 2961 3337 semetipsum
2998 3272 3298 3327 ltumiliavit
3331 3291 3426 3328 us-

1845 3381 1941 3434 que
1967 3365 2037 3417 ad
2067 3373 2304 3427 mortem,
2347 3373 2565 3416 mortem
2591 3375 2772 3416 autem
2805 3365 2978 3418 crucis
3007 3365 3110 3430 ¹⁹⁶;
3155 3366 3424 3436 reliquisti

1853 3453 2070 3506 turbam
2097 3453 2424 3507 famulorum
2452 3461 2507 3506 et
2542 3451 2941 3508 oblectamenta
2980 3453 3426 3524 archiepiscopa-

175 3545 370 3615 μᾶλλον
424 3545 680 3614 ἑλόμενος
742 3545 1234 3614 συγκακουχεῖσθαι
1263 3547 1339 3616 τῷ
1367 3547 1743 3618 ὁμολογητικῷ

1852 3544 1961 3598 lia:
1997 3553 2052 3597 et
2103 3543 2270 3596 variis
2324 3542 2729 3608 incommodis,
2783 3541 3167 3598 confessorum
3230 3561 3425 3614 more,

170 3636 376 3706 τρόπῳ,
429 3637 462 3706 ἢ
513 3635 848 3705 πρόσκαιρον
885 3635 1030 3705 ἔχειν
1091 3639 1366 3708 ἁμαρτίας
1419 3641 1742 3696 ἀπόλαυσιν.

175 3727 360 3795 Ὅμως
405 3728 491 3781 ὅτι
521 3727 642 3780 οὐδὲ
672 3727 792 3780 κατ’
825 3725 1014 3791 αύτάς,
1039 3727 1145 3781 κᾶν
1178 3730 1236 3782 ὲν
1283 3731 1492 3796 αὑταῖς,
1523 3731 1630 3795 ζῶν
1654 3729 1742 3801 ἧς’

173 3818 379 3890 νεκρῶν
434 3819 505 3872 τὰ
543 3818 678 3889 μέλη
711 3820 776 3888 τῇ
807 3819 863 3871 ὲν
905 3820 1095 3890 Κυρίῳ
1128 3819 1240 3892 ζωῇ
1266 3837 1280 3853 ·
1318 3823 1554 3892 ήνεγκας
1585 3824 1747 3892 ἁγίας

175 3909 391 3980 Μητρὸς
441 3909 735 3979 στέρησινο
775 3909 1020 3979 ἀδελφῶν
1075 3911 1294 3979 τιμίων,
1343 3914 1562 3966 πάντων
1609 3913 1746 3984 ὁμοῦ

173 3999 231 4049 ὲν
255 3997 460 4053 ἅπασιν
483 3999 824 4069 ἀφαιρεθείς.
858 4001 969 4055 Καὶ
1005 4000 1157 4054 οὔπω
1183 4002 1326 4070 λέγω
1355 4005 1482 4066 τοὺς
1513 4007 1746 4074 Χριστο-

176 4089 331 4152 ειδείς
393 4108 492 4143 σου
551 4090 910 4162 ὀνειδισμοὺς,
962 4092 1062 4156 τὰς
1125 4095 1192 4146 ἐκ
1236 4094 1344 4146 τῶν
1405 4097 1747 4165 κρατούντων

177 4179 503 4250 προσϐολὰς,
527 4181 860 4250 ὲρεσχελίας,
895 4185 1282 4254 στενοχωρίας,
1313 4187 1407 4238 καὶ
1435 4187 1596 4238 οἱονεὶ
1622 4188 1748 4239 ἀπο-

178 4271 398 4336 πνίξεις.
443 4271 803 4342 Κατηνέχθης
841 4274 938 4326 σὺν
969 4273 1191 4344 Χριστῷ
1237 4276 1295 4327 ἐν
1328 4276 1519 4328 νυκτί·
1560 4277 1746 4346 ἐπειδὴ

179 4361 269 4411 καὶ
321 4361 484 4424 αὐτὸς
537 4361 964 4432 προδιδόμενος,
1022 4363 1392 4434 περιωρίσθης
1423 4404 1438 4428 ,
1510 4365 1744 4435 μεθωρί-

180 4451 306 4520 σθης
351 4454 410 4506 ὲν
466 4454 729 4525 γεωλόφῳ
764 4471 867 4507 που
908 4454 1272 4525 καθεζόμενος
1311 4459 1339 4510 6
1375 4457 1584 4528 μάρτυς
1615 4459 1747 4528 Χρι-

181 4559 322 4598 στου.

257 4636 393 4688 Ἀλλ’
428 4632 578 4705 εὖγε,
604 4638 689 4691 ὅτι
721 4636 898 4690 πάντα
925 4637 1006 4698 εἰς
1043 4637 1203 4689 καλόν
1231 4655 1334 4692 σοι.
1365 4633 1536 4708 Ἆρον
1564 4636 1748 4706 κύκλῳ

1846 3635 2088 3690 exerceri
2147 3635 2414 3697 maluisti,
2453 3648 2619 3702 quam
2658 3635 3006 3703 temporariis
3050 3635 3157 3690 frui
3215 3638 3425 3696 deliciis

1846 3725 2052 3794 peccati
2076 3725 2143 3778 ὀ.
2183 3725 2260 3778 Ac
2291 3731 2459 3787 certe,
2502 3723 2764 3792 quoniam
2803 3739 2907 3778 non
2948 3739 3014 3780 ex
3056 3725 3184 3791 illis,
3217 3728 3320 3782 etsi
3367 3729 3420 3782 in

1847 3815 1979 3879 illis,
2014 3815 2252 3878 vivebas,
2293 3814 2539 3868 membra
2569 3829 2665 3882 per
2701 3815 2868 3868 vitam
2906 3816 2961 3869 in
2988 3815 3220 3872 Domino
3247 3827 3423 3873 actam

1848 3907 2211 3968 mortificans,
2255 3915 2459 3960 sancta:
2489 3906 2681 3960 matris
2709 3906 3073 3975 privationem
3108 3910 3420 3978 pertulisti:

1849 3998 2035 4053 charis
2066 3997 2350 4060 fratribus,
2404 3998 2663 4053 omnibus
2707 3998 2876 4052 simul
2921 4001 3172 4064 omnino,
3225 4002 3426 4071 spolia-

1849 4099 1960 4144 tus.
1997 4087 2241 4145 Necdum
2286 4089 2581 4158 opprobria
2611 4099 2702 4143 tua
2741 4089 2948 4145 Christi
2991 4093 3301 4161 opprobriis
3345 4096 3425 4150 si-

1848 4181 2000 4234 milia
2056 4194 2472 4243 commemoro,
2533 4179 2810 4235 immissas
2868 4180 2938 4234 ab
3001 4181 3424 4250 imperatoribus

1849 4271 2305 4340 oppugnationes,
2347 4271 2768 4334 ludiﬁcationes,
2810 4273 3134 4342 angustias:
3166 4288 3229 4329 ac
3257 4277 3423 4332 veluti

1852 4363 2264 4416 sulfocationes.
2324 4361 2498 4416 Nae-tu
2551 4378 2676 4416 cum
2731 4363 2951 4418 Christo
2997 4365 3267 4422 abductus
3313 4383 3418 4432 es:

1849 4455 2049 4507 etenim
2098 4453 2349 4521 proditus
2388 4453 2551 4508 etiam
2585 4454 2699 4523 ipse
2743 4455 3018 4525 relegatus
3057 4471 3138 4521 es,
3180 4458 3234 4512 in
3266 4458 3423 4514 collis

1852 4542 2152 4596 conﬁnium
2180 4543 2437 4597 redactus
2462 4558 2543 4605 es,
2581 4555 2788 4614 martyr
2821 4545 3044 4601 Christi.

1922 4633 2028 4686 Sed
2066 4647 2224 4701 euge,
2255 4634 2518 4702 quoniam
2546 4633 2597 4686 in
2629 4635 2829 4690 bonum
2861 4636 2957 4691 tibi
2983 4638 3194 4690 omnia.
3220 4639 3424 4694 Attolle

179 4727 297 4790 τοὺς
325 4727 638 4800 ὀφθαλμούς
669 4744 763 4781 σου
793 4727 902 4781 ἀπὸ
925 4727 1023 4796 τῆς
1055 4727 1149 4780 τοῦ
1177 4728 1269 4781 νοῦ
1322 4731 1555 4791 σκοπιᾶς
1581 4745 1596 4760 ο
1655 4732 1743 4782 καὶ

1852 4723 1904 4776 in
1939 4723 2124 4776 orbem
2155 4725 2347 4779 oculos
2374 4741 2436 4779 ex
2470 4727 2691 4794 specula
2724 4730 2946 4792 mentis,
2978 4737 3033 4781 et
3059 4729 3248 4797 aspice
3281 4730 3423 4785 ﬁlios

181 4816 255 4868 ίδε
285 4835 379 4872 σου
405 4821 475 4874 τά
500 4819 690 4881 τέκνα,
729 4818 830 4871 εἴτ’
854 4815 949 4871 οὖν
980 4817 1250 4886 πρόϐατα,
1282 4821 1312 4872 6
1361 4818 1565 4888 ποιμὴν
1596 4820 1624 4872 6
1654 4835 1743 4870 κα-

1852 4825 1999 4877 tuos,
2039 4830 2140 4868 scu
2180 4816 2354 4870 mavis
2399 4831 2553 4882 oves,
2583 4826 2772 4886 pastor
2806 4820 2970 4882 bone,
3009 4819 3262 4888 quamvis
3293 4836 3420 4876 cor-

182 4898 286 4966 λδς,
315 4907 362 4958 εί
397 4907 491 4960 καὶ
547 4904 1006 4976 διεσκορπισμένα
1044 4905 1278 4974 σώματι,
1339 4907 1453 4960 ἀλλ’
1491 4906 1743 4976 ἡνωμένα

1852 4921 1978 4974 pore
2006 4907 2304 4974 dispersas,
2358 4908 2542 4961 animo
2590 4917 2775 4962 tamen
2822 4909 3176 4977 conjunctas,
3205 4910 3260 4963 in
3311 4921 3420 4967 tota

181 4992 464 5061 πνεύματι,
521 4994 833 5064 διειληφότα
885 4994 1072 5064 σχεδὸν
1111 4995 1238 5048 ἀλλο
1275 4996 1394 5049 κατ’
1421 4996 1548 5051 ἀλλο
1583 4997 1743 5066 μέρος

1852 5010 1989 5062 pene
2018 4996 2257 5051 Ecclesia
2284 5006 2375 5050 tua
2411 4998 2579 5052 variis
2601 4998 2740 5053 locis
2770 4999 2999 5068 positas,
3036 5007 3090 5053 et
3115 5000 3422 5056 confessio-

179 5081 274 5151 τὴν
313 5083 640 5158 Ἐκκλησίαν
692 5101 785 5137 σου
835 5086 1018 5138 πᾶσαν
1049 5101 1063 5115 '
1115 5085 1209 5138 καὶ
1250 5089 1369 5148 ταῖς
1412 5087 1610 5154 αὐγαῖς
1654 5087 1743 5155 τῆς

1852 5087 1935 5141 nis
1987 5103 2098 5142 sua:
2138 5089 2370 5157 fulgore,
2418 5089 2702 5143 stellarum
2736 5089 2929 5154 instar,
2979 5089 3046 5145 iis
3092 5092 3186 5160 qui
3235 5091 3288 5144 in
3317 5106 3420 5146 no-

179 5170 460 5243 ὁμολογίας
516 5177 676 5247 δίκην
731 5175 979 5246 ἀστέρων
1036 5177 1469 5249 φρυκτωροῦντα
1525 5179 1638 5240 τοῖς
1692 5179 1743 5230 ὲν

1852 5182 2059 5232 cturnis
2110 5179 2378 5234 haereseos
2431 5179 2676 5235 tenebris
2721 5189 3049 5246 versantur,
3103 5182 3422 5238 orthodoxae

182 5267 512 5336 νυκτομαχίᾳ
560 5266 658 5336 τῆς
695 5265 982 5334 αἱρέσεως,
1016 5265 1078 5318 τὸ
1102 5266 1217 5334 φῶς
1271 5267 1371 5336 τῆς
1398 5266 1743 5338 ὀρθοδοξίας·

1852 5269 1972 5322 ﬁdei
2009 5270 2194 5323 lumen
2230 5271 2585 5326 ostendentes
2615 5287 2628 5324 :
2658 5271 2795 5328 alias
2824 5272 3046 5342 quidem
3086 5271 3198 5327 Deo
3227 5273 3423 5330 immo-

181 5347 244 5400 τὰ
277 5353 372 5420 μιν
420 5357 654 5410 τυθέντα
689 5355 810 5426 Θεῷ
857 5356 925 5410 δι’
946 5357 1246 5427 ἀθλητικῆς
1277 5358 1608 5420 τελειώσεως
1633 5374 1647 5389 ⁶
1674 5360 1742 5412 τά

1852 5357 1991 5412 latas
2019 5375 2116 5428 per
2141 5361 2455 5415 athleticam
2489 5363 3044 5427 consummationem,
3069 5363 3207 5417 alias
3230 5362 3423 5419 decer-

181 5435 233 5489 δὲ
281 5442 567 5513 ἀθλοῦντα,
617 5445 786 5516 μηδὲν
823 5447 1242 5516 ὑποπτήσσοντα
1281 5448 1389 5501 τῶν
1421 5447 1700 5518 παρόντων
1725 5465 1736 5476 ·

1852 5459 2028 5504 tantes
2086 5451 2206 5505 sine
2256 5452 2369 5505 ullo
2423 5455 2778 5522 prasentium
2827 5469 3011 5508 rerum
3066 5463 3211 5507 metu
3262 5473 3273 5507 :
3326 5459 3420 5510 sed

182 5527 311 5585 ἀλλά
363 5537 681 5608 ῥωννύμενα
731 5538 853 5599 ταῖς
905 5537 1202 5590 θεοκλινέσι
1247 5555 1342 5590 σου
1389 5541 1739 5608 προσευχαῖς.

1852 5537 2020 5592 Deum
2058 5541 2400 5597 flectentibus
2429 5544 2682 5612 precibus
2710 5545 2820 5599 tuis
2849 5544 3254 5598 corroboratas.
3295 5544 3422 5600 llaec

184 5613 324 5687 Αὕτη
371 5623 402 5692 ἡ
446 5624 573 5691 δόξα
625 5643 718 5680 σου
757 5628 856 5695 τῆς
897 5625 1222 5696 Ἐκκλησίας
1259 5641 1270 5653 ·
1321 5625 1477 5679 τοῦτό
1537 5643 1630 5678 σου
1685 5627 1743 5678 τὸ

1854 5637 1934 5682 est
1960 5629 2130 5699 gloria
2163 5631 2417 5688 Ecclesia:
2448 5642 2552 5688 tum
2583 5653 2596 5689 :
2631 5634 2736 5690 hoc
2765 5634 2981 5705 insigne
3023 5647 3088 5689 ac
3113 5635 3418 5705 symbolum

255 5733 424 5795 "Jac.
456 5758 507 5810 ν,
540 5743 626 5799 16,
705 5745 766 5776 ¹⁹⁶
799 5742 997 5809 Philip.
1032 5759 1090 5810 ll,
1132 5743 1184 5798 8.
1231 5791 1238 5802 .
1266 5745 1309 5775 ²⁰
1329 5744 1493 5800 Hebr.
1525 5759 1602 5809 XI,
1639 5741 1732 5797 ‘25.
