3990 6318
544 287 686 354 1175
1729 281 1789 340 S.
1822 278 2212 340 TIIEODORI
2267 278 2613 338 STUDITE
3679 277 3838 343 1176

543 399 790 470 martyrii
827 417 840 452 :
871 395 1016 469 quod
1052 409 1290 467 sequens
1339 400 1473 449 aetas
1517 391 1822 462 excipiens,
1860 393 2031 445 Deum
2068 392 2119 444 in

2265 390 2508 458 ύσσημον
2559 393 2657 460 τῆς
2697 389 3002 462 μαρτυρίας
3031 407 3045 422 ⁸
3096 392 3232 462 ὅπερ
3280 391 3309 444 6
3341 393 3554 463 μέλλων
3620 400 3836 465 χρόνος

543 504 616 556 te,
668 493 746 546 uti
795 506 962 554 nunc,
1006 487 1352 560 glorilicablt.
1398 485 1562 539 Multa
1615 485 1709 538 tibi
1763 499 1862 552 pro
1905 484 2119 538 Christo

2262 480 2645 550 ποδεξὰμτνος,
2671 480 2913 544 δοξάσειε
2945 481 3037 534 τὸν
3065 481 3198 536 Θεὸν
3235 484 3294 536 ἐν
3327 487 3431 551 σοὶ,
3462 487 3540 550 ὠς
3594 490 3699 540 καὶ
3758 491 3833 543 τὰ

545 582 780 650 imagine
819 579 1080 650 pugnanti
1121 577 1371 632 encomia
1410 575 1702 629 debentur.
1747 573 1854 628 Sed
1897 574 2121 643 ignosce

2257 568 2337 623 ῦν.
2384 571 2562 624 Πολλά
2601 589 2682 624 σοι
2735 571 2803 624 τά
2848 571 3102 641 ἐγκώμια
3126 573 3400 641 ὀφείλεται
3426 575 3506 644 τῷ
3541 577 3690 646 ὑπὲρ
3723 580 3833 647 τῆς

545 671 698 734 mihi,
729 671 819 724 Dei
855 671 1119 732 imitator,
1154 669 1247 738 qui
1282 669 1400 723 haec
1449 682 1515 721 ex
1553 681 1742 720 amore
1779 681 1949 721 ausus
1977 681 2120 728 sum,

2257 661 2426 723 ίκόνος
2459 663 2695 732 Χριστοῦ
2725 663 3060 717 ἐναθλοῦντι.
3101 665 3261 719 Ἀλλά
3302 683 3392 736 μοι
3425 668 3742 736 σύγγνωθι,
3785 665 3833 722 ὦ

544 777 667 828 qua:
698 760 810 815 dixi
846 775 1074 814 :sacras
1111 775 1303 827 preces
1332 767 1455 812 tuas
1492 758 1832 826 impertiens,
1873 766 1930 810 ut
1961 757 2120 810 mini-

2252 754 2542 822 εομίμητε,
2573 755 2906 825 τολμήσαντι
2937 758 3002 809 ἐκ
3029 757 3193 809 πόθου
3224 759 3283 810 ἐν
3314 753 3396 821 οἷς
3424 759 3828 828 ἐφθεγξάμην·

547 867 671 905 mus
719 851 864 906 filius
897 861 1021 905 tuus
1075 865 1201 905 esse
1251 865 1362 903 nun
1407 849 1678 913 desinam,
1723 849 1818 918 qui
1869 849 2117 902 omnium

2257 841 2580 911 αριζόμενος
2629 843 2728 912 τὴν
2785 845 2936 914 ίεράν
2991 861 3084 898 σου
3147 846 3477 916 προσευχὴν,
3514 849 3594 910 ὡς
3633 849 3707 901 ἂν
3750 851 3833 919 μὴ

548 941 784 994 maxime
816 939 1029 995 inutilis
1058 954 1178 995 sum
1207 949 1430 1009 propter
1462 946 1709 1008 peccata.

2257 934 2561 1002 ιποπέσοιμι
2609 935 2702 987 τοῦ
2749 931 2889 988 εἶναι
2939 953 3030 988 σου
3060 937 3340 1006 ἐλάχιστον
3373 939 3566 992 τέκνον
3595 979 3612 1004 ,
3649 941 3677 992 6
3711 941 3833 993 τῶν

2227 1023 2482 1076 ἁπάντων
2507 1026 2856 1098 ἀχρειότερος
2877 1028 2966 1082 διὰ
2992 1028 3092 1090 τὰς
3125 1028 3423 1100 ἁμαρτίας.

1027 1163 1168 1218 XIX.
1201 1193 1269 1205 —
1299 1161 1647 1216 Martialibus.
2588 1166 2603 1220 |

2588 1166 2687 1220 18’.
2712 1193 2770 1205 —-
2796 1165 3225 1231 Μοναζούσαις.
3258 1165 3447 1238 [σκα’.]

1635 1299 1711 1350 Ad
1737 1299 1987 1363 religiosa
2016 1302 2127 1351 vita:
2162 1303 2518 1364 perfectionem
2540 1310 2745 1358 excitat.

617 1438 832 1509 Optima
865 1436 931 1490 ad
972 1451 1060 1489 me
1079 1437 1222 1489 fama
1250 1435 1457 1504 perlata
1484 1435 1551 1490 de
1578 1437 1882 1491 reverentia
1919 1446 2120 1500 vestra,

2314 1439 2550 1510 Ἀγαθὴν
2581 1440 2749 1512 ἀκοὴν
2792 1439 3150 1511 ἐνηχούμενος
3185 1442 3311 1514 περὶ
3340 1441 3441 1512 τῆς
3489 1446 3825 1516 τιμιότητος

547 1548 647 1598 ego
683 1530 903 1584 humilis
929 1529 1081 1581 laetor
1109 1545 1122 1580 :
1159 1527 1429 1595 imprimis
1455 1527 1600 1594 quod
1631 1527 1854 1597 sanguis
1882 1539 1936 1580 et
1965 1527 2123 1594 Spiri-

2248 1527 2384 1597 5μῶν
2401 1529 2575 1598 χαίρω
2597 1532 2624 1583 6
2646 1530 2918 1593 ταπεινόςο
2947 1530 3178 1599 μάλιστα
3195 1532 3278 1584 ὅτι
3300 1524 3440 1600 αἷμα
3471 1534 3567 1586 καὶ
3587 1535 3824 1603 πνεῦμά

553 1633 637 1677 tus
666 1625 799 1676 estis
823 1621 1059 1674 hominis
1089 1620 1205 1683 Dei,
1233 1629 1286 1674 et
1311 1620 1626 1674 communis
1659 1621 1920 1690 parentis.
1947 1620 2124 1674 Vehe-

2237 1620 2348 1670 ἐστε
2393 1619 2486 1671 τοῦ
2536 1619 2822 1688 ἀνθρώπου
2855 1621 2948 1673 τοῦ
2999 1621 3134 1674 Θεοῦ
3185 1622 3278 1674 καὶ
3335 1622 3516 1676 κοινοῦ
3565 1626 3813 1694 Πατρός.

552 1717 788 1768 ntentius
848 1723 1028 1766 autem
1087 1712 1303 1782 gaudeo
1349 1722 1402 1766 et
1454 1713 1702 1782 gloriﬁco
1751 1711 1943 1776 Deum,
1997 1728 2120 1768 cum

2239 1708 2349 1761 Ἔτι
2376 1709 2429 1762 δὲ
2462 1711 2862 1782 περισσοτέρως
2913 1711 3107 1782 ἥδομαι
3142 1713 3233 1765 καὶ
3275 1712 3483 1780 δοξάζω
3515 1717 3610 1770 τὸν
3652 1719 3815 1780 Θεὸν,

552 1806 715 1858 audio
747 1805 1052 1872 perstitisse
1091 1819 1191 1857 vos
1229 1804 1494 1857 hactenus
1527 1804 1674 1856 nulla
1721 1804 2126 1858 communionis

2243 1798 2514 1851 ,ιανθάνων
2542 1800 2623 1852 ὃτι
2651 1802 2912 1870 ἀχραντοι
2953 1802 3392 1873 διαμεμενήκατε
3440 1805 3546 1862 ἕως
3578 1807 3680 1859 τοῦ
3717 1807 3819 1860 νῦν

556 1895 818 1947 han-etim:
853 1895 971 1946 labe
1012 1907 1289 1962 aspersas.
1321 1892 1386 1946 Et
1416 1908 1512 1949 eos
1544 1894 1730 1963 utique
1765 1903 2002 1963 oportet,
2031 1895 2124 1963 qui

2245 1889 2327 1952 ςῆς
2361 1890 2468 1941 τῶν
2505 1893 2799 1961 αἱρετικῶν
2851 1895 3156 1956 κοινωνίας.
3214 1894 3389 1963 Καίγε
3448 1897 3532 1948 δεῖ
3564 1900 3695 1961 τοὺς
3749 1902 3821 1953 τὰ

553 1996 681 2039 sunt
729 2000 955 2053 corpore
1007 1985 1237 2048 illibati,
1299 1982 1421 2038 ﬁdei
1487 1998 1709 2053 quoque
1762 1985 2126 2055 integritatem

2248 1979 2458 2049 πώματα
2499 1981 2755 2051 ἀνέπαφα
2809 1984 3054 2052 ἔχοντας,
3108 1984 3203 2037 καὶ
3259 1986 3402 2040 κατά
3461 1987 3562 2058 τὴν
3623 1991 3824 2044 πίστιν

553 2078 846 2131 custodire.
884 2077 1290 2130 Fornieationis
1313 2077 1459 2129 enim
1487 2091 1659 2145 genus
1687 2086 1793 2141 est,
1823 2093 1856 2131 ο
1887 2078 2127 2146 pruden-

2245 2067 2605 2137 παρθενεύειν.
2639 2073 2868 2142 Μοιχεία
2906 2073 3014 2143 γάρ
3044 2077 3210 2139 ἐστιν,
3251 2070 3296 2129 ὦ
3339 2078 3687 2147 πανσύνετοι,
3724 2087 3821 2135 καὶ

557 2171 827 2232 ιῖεείιηαξ,
883 2169 968 2223 vel
1029 2168 1418 2223 communione
1472 2169 1720 2236 copulari
1755 2186 1768 2221 :
1798 2183 1829 2222 a
1879 2183 1985 2236 qua
2033 2183 2129 2223 vos

2242 2159 2290 2210 τὸ
2336 2159 2432 2229 τῆς
2470 2164 2754 2225 κοινωνίας
2795 2165 3078 2234 μετέχειν·
3110 2160 3177 2237 ἦς
3207 2167 3350 2236 ὑμᾶς
3402 2170 3608 2241 Κύριος
3649 2175 3818 2242 μέχρι

559 2261 822 2314 Dominus
854 2275 1029 2328 usque
1074 2261 1128 2312 in
1170 2259 1331 2312 linem
1381 2268 1562 2314 servet
1606 2259 1860 2322 intactas,
1890 2260 1984 2327 qui
2032 2275 2129 2314 vos

2243 2249 2418 2313 τέλους
2455 2251 2832 2323 διατηρήσειεν
2864 2255 3232 2324 ἐναψαύστους
3253 2273 3266 2288 ⁸
3301 2261 3329 2311 6
3352 2265 3819 2332 νυμφευσὰμενος

558 2354 674 2420 ipse
728 2351 832 2405 sibi
890 2365 986 2418 per
1026 2348 1359 2419 virginitatis
1401 2360 1592 2402 votum
1647 2349 1957 2417 despondit.
1999 2347 2131 2404 Βαθο

2242 2341 2410 2412 ἑαυτῷ
2457 2341 2544 2395 διά
2582 2340 2678 2396 τοῦ
2727 2345 2869 2398 κατά
2918 2346 3016 2416 τὴν
3042 2348 3339 2417 παρθενίαν
3369 2352 3818 2421 ἐπαγγέλματος.

559 2443 707 2506 prior
749 2454 877 2509 pars
912 2439 1181 2493 orationis
1229 2453 1383 2491 meat.
1432 2436 1833 2492 lnstitutionem
1879 2447 2060 2491 autem
2099 2452 2129 2490 a

2242 2426 2404 2495 [ίῦτος
2450 2434 2479 2486 6
2535 2434 2750 2504 πρῶτός
2808 2453 2899 2503 μοι
2938 2436 3114 2506 λόγος.
3171 2441 3531 2496 Διδασκαλίαν
3563 2444 3624 2497 δὲ
3681 2446 3818 2513 παρ’

559 2551 646 2588 me
696 2545 981 2603 peccatore
1026 2549 1127 2588 cur
1172 2533 1465 2602 ﬂagitatis.
1513 2547 1638 2587 cum
1689 2533 1810 2589 sitis
1858 2534 1989 2601 ipsae
2037 2549 2132 2602 per

2241 2521 2366 2590 ἐμοῦ
2398 2520 2492 2574 τοῦ
2520 2525 2849 2594 ἁμαρτωλοῦ
2893 2526 2982 2581 ἴνα
3037 2530 3090 2582 τί
3122 2532 3396 2597 αίτείσθε;
3442 2534 3602 2601 ὑμεῖς
3637 2537 3817 2589 θεοδίά

559 2628 762 2682 Christi
784 2628 1015 2697 gratiam
1043 2642 1072 2680 a
1094 2627 1206 2681 Deo
1232 2626 1474 2681 educta?
1498 2625 1634 2678 Nam
1663 2635 1717 2679 et
1741 2642 1806 2680 ex
1833 2627 1937 2692 piis
1959 2627 2131 2680 ambae

2243 2611 2414 2664 5ακτοί
2455 2614 2578 2666 ἐστε
2623 2617 2803 2686 χάριτι
2831 2618 3090 2689 Χριστοῦ.
3125 2623 3232 2674 Καὶ
3257 2623 3366 2692 γὰρ
3389 2624 3484 2676 καὶ
3510 2627 3574 2679 ἐκ
3610 2630 3819 2696 γονέων

561 2729 693 2772 orta:
736 2718 1077 2786 parentibus,
1111 2725 1166 2771 et
1198 2717 1445 2770 scientia
1492 2715 1729 2780 eximiae,
1769 2724 1823 2769 et
1861 2717 1980 2784 ipso
2012 2717 2134 2770 vitae

2242 2701 2473 2754 εὐσεὸὦν
2511 2704 2838 2777 ἀμφότεραι,
2874 2710 2967 2762 καὶ
3018 2708 3216 2776 γνώσει
3260 2712 3618 2785 διαφέρουσαι
3649 2733 3668 2750 ο
3719 2720 3818 2771 καὶ

561 2824 760 2877 genere
819 2807 1127 2862 doctrinam
1187 2809 1576 2861 mandatorum
1636 2806 2008 2875 przeferentes.
2076 2807 2131 2860 Si

2237 2792 2312 2861 τῷ
2340 2792 2440 2863 βίῳ
2469 2794 2530 2846 τὸ
2580 2795 2920 2850 διδασκάλων
2943 2799 3053 2852 τῶν
3077 2801 3304 2857 ἐντολῶν
3353 2806 3813 2876 προσαλλόμεναι.

562 2899 694 2966 quid
740 2909 920 2952 autem
966 2909 1020 2953 et
1071 2914 1102 2953 a
1150 2899 1310 2954 nobis
1359 2898 1630 2968 imperitis
1675 2900 1934 2969 poscitis,
1974 2900 2134 2953 timur

2242 2883 2298 2936 Εί
2327 2884 2382 2937 δέ
2414 2902 2466 2937 τι
2490 2887 2581 2940 καὶ
2611 2889 2738 2957 παρ’
2762 2891 2917 2958 ήμῶν
2939 2890 3147 2943 δέοισθε
3177 2892 3287 2946 τῶν
3310 2894 3558 2965 ἀμαθῶν·
3586 2900 3615 2949 ὁ
3649 2899 3818 2966 φόϐος

565 2991 658 3042 hei
710 2989 1122 3057 conquirendus
1165 2989 1456 3058 imprimis.
1491 2988 1626 3044 Nam
1668 2990 1714 3045 is
1753 2991 1843 3045 ubi
1890 2992 2130 3044 animum

2240 2976 2330 3029 τοῦ
2361 2978 2496 3030 Θεοῦ
2548 2979 2609 3031 τὸ
2653 2981 3001 3050 ζητούμενον.
3027 2977 3194 3047 Οὗτος
3233 2986 3341 3058 γάρ
3372 2989 3429 3040 ἐν
3462 2989 3664 3059 καρδίᾳ
3723 2991 3816 3042 δε-

563 3077 756 3141 subiit,
807 3078 900 3129 lux
951 3077 1196 3142 aﬁ‘ulsit,
1241 3079 1470 3133 vitiosos
1521 3080 1845 3148 temperavit
1887 3080 2134 3134 allectus.

2245 3068 2411 3136 χθεὶς,
2439 3071 2553 3137 φῶς
2584 3071 2815 3140 ἔλαμψε,
2837 3075 2904 3126 τὰ
2935 3074 3082 3146 πάθη
3108 3076 3393 3146 ἐμείωσεν.
3433 3079 3521 3142 Ἐξ
3549 3074 3611 3134 οὗ
3647 3083 3821 3135 κατά.-

566 3168 697 3222 lnde
743 3171 1117 3238 compunctio,
1178 3171 1451 3240 lacrymaa,
1513 3171 1701 3223 mundi
1752 3170 1959 3232 odium,
2012 3170 2135 3223 coeli

2239 3160 2387 3223 νυξις
2413 3177 2426 3191 ’
2456 3162 2685 3231 δάκρυον
2717 3179 2731 3192 ·
2763 3167 2919 3235 μῖσος
2953 3169 3156 3237 κόσμου
3184 3187 3196 3199 ·
3227 3170 3491 3240 ἐπιθυμία
3523 3173 3778 3240 οὐρανῶν
3803 3191 3814 3203 ·

565 3262 932 3325 desiderium;
962 3270 1016 3314 et
1041 3261 1173 3328 quid
1205 3277 1314 3314 non
1349 3262 1476 3314 inde
1504 3270 1712 3315 rectum
1743 3262 1986 3314 oriatur?
2016 3260 2139 3314 llaec

2244 3252 2332 3302 καὶ
2361 3251 2413 3303 τί
2444 3253 2550 3323 γὰρ
2598 3255 2660 3307 οὐ
2707 3257 2870 3310 καλὸν
2918 3260 3168 3313 ἐντεῦθεν
3210 3263 3595 3332 προσγένοιτο,
3647 3266 3820 3319 Τοῦτο

568 3353 663 3405 Dei
707 3351 960 3405 videlicet
1013 3352 1341 3407 inhabitatio
1391 3362 1517 3407 est:
1553 3353 1644 3405 ubi
1689 3368 1819 3406 vero
1857 3351 2020 3416 Dens,
2063 3354 2136 3407 ibi

2240 3340 2330 3395 οῦν
2354 3346 2500 3397 ἐστιν
2529 3347 2800 3418 ἐνοίκησις
2831 3350 2988 3403 Θεοῦ’
3027 3346 3087 3407 οὗ
3130 3353 3184 3406 δὲ
3206 3354 3360 3418 Θεὸς,
3392 3355 3510 3407 ἐκεῖ
3537 3357 3646 3409 τῶν
3677 3360 3816 3425 ἀγα-

569 3442 691 3496 fnns
720 3442 1010 3505 bonorum,
1043 3457 1168 3511 pax,
1202 3445 1487 3513 gaudium.
1518 3446 1779 3500 charitas.
1812 3445 2012 3501 llortor
2042 3463 2137 3504 vos

2243 3437 2346 3488 θῶν
2404 3439 2435 3508 ἡ
2488 3439 2660 3510 πηγὴ,
2692 3442 2904 3513 είρήνη,
2939 3445 3104 3514 χαρὰ,
3132 3446 3344 3516 ἀγάπη.
3381 3447 3692 3518 Παρακαλῶ
3725 3449 3819 3505 οὖν

567 3535 753 3602 itaque
802 3549 902 3602 ego
939 3534 1182 3597 humilis,
1231 3551 1337 3590 non
1383 3537 1451 3590 ad
1501 3552 1563 3590 ea
1611 3553 1734 3605 qua:
1781 3538 2139 3592 circumstant

2242 3528 2384 3596 ὑμᾶς
2413 3531 2442 3581 6
2475 3535 2724 3597 ταπεινὸς
2746 3573 2761 3597 ,
2796 3538 2870 3605 μὴ
2903 3538 3040 3605 πρὸς
3070 3539 3140 3591 τὰ
3166 3537 3276 3592 τῶν
3322 3541 3551 3610 πλησίον
3579 3545 3818 3598 ἁποδλέ-

567 3624 812 3692 exempla
844 3623 1062 3688 intueri,
1097 3625 1333 3680 maxime
1365 3641 1498 3678 vero
1543 3639 1650 3679 non
1694 3626 1759 3680 ad
1801 3628 2134 3690 simulatam,

2243 3638 2362 3674 πειν
2397 3625 2811 3694 παραδείγματα
2829 3644 2843 3658 ·
2875 3630 2969 3680 καὶ
2995 3629 3230 3698 μάλιστα
3259 3631 3356 3701 τῆς
3383 3633 3738 3700 ἐπιπλάστως
3763 3642 3819 3691 ἐν

566 3729 728 3782 quam
776 3715 1044 3783 pleraeque
1087 3717 1352 3769 moniales
1403 3715 1719 3783 praferunt,
1765 3719 2139 3771 conversatio-

2244 3716 2359 3774 ταῖς
2378 3715 2654 3778 πλείσταις
2683 3717 2791 3769 τῶν
2819 3721 3164 3788 μοναζουσῶν
3193 3723 3636 3795 ἐπιδεδειγμένης
3666 3731 3820 3782 πολι-

567 3819 690 3858 netu
727 3805 986 3874 tepidam,
1028 3815 1085 3859 ut
1119 3806 1192 3859 ita
1231 3807 1443 3873 loquar,
1497 3816 1551 3860 et
1581 3807 1867 3862 remissam
1902 3826 1915 3861 :
1945 3809 2038 3862 sed
2072 3809 2140 3862 ad

2241 3806 2389 3867 τείας
2421 3808 2667 3876 χλιαρᾶς,
2707 3809 2773 3861 ἵν’
2801 3810 2974 3874 οὕτως
3001 3813 3162 3877 εῐπω,
3210 3816 3306 3867 καὶ
3360 3821 3814 3888 συγκεχυμένης·

565 3898 782 3966 egregia
823 3898 1176 3966 exemplaria,
1208 3913 1441 3967 quorum
1468 3900 1607 3953 vitas
1643 3901 1855 3954 habetis
1890 3917 1997 3970 pra:
2029 3918 2141 3955 ma-

2241 3895 2376 3947 ἁλλὰ
2406 3901 2542 3966 πρὸς
2578 3900 2638 3951 τά
2668 3900 2955 3968 ἀρχέτυπα
2985 3902 3180 3972 κάλλη,
3215 3897 3291 3958 ὧν
3319 3907 3368 3958 οἱ
3400 3905 3507 3974 βίοι
3540 3909 3597 3960 ἐν
3631 3911 3816 3980 χερσὶν

568 3990 731 4044 nibus
761 3989 946 4044 divino
975 3989 1184 4058 passim
1220 4005 1406 4044 amore
1445 4002 1811 4047 coruscantes
1844 4011 1856 4046 :
1889 3995 2140 4062 quando-

2242 3985 2435 4055 ὑμῶν,
2508 3989 3056 4060 ἀστραπηφοροῦντες
3119 3995 3248 4056 τοὺς
3319 3994 3500 4060 θείους
3561 3998 3813 4066 ἔρωτας·

565 4083 784 4149 quidem
821 4097 922 4136 nec
954 4082 1126 4149 pictor
1171 4097 1237 4135 ex
1269 4081 1632 4147 deformibus,
1683 4084 1778 4138 sed
1824 4100 1888 4137 ex
1925 4086 2139 4141 decoris

2243 4080 2364 4132 ἐπεὶ
2412 4081 2506 4133 καὶ
2550 4079 2840 4150 ζωγράφος
2894 4084 2996 4135 οὐκ
3047 4085 3110 4137 ἐκ
3160 4085 3400 4153 φαύλων,
3425 4088 3540 4141 ἀλλ’
3566 4088 3626 4153 ἐξ
3649 4091 3804 4158 ὠραῑ·

567 4174 896 4241 imaginibus
930 4187 996 4227 ae
1028 4181 1298 4228 vetustate
1345 4174 1659 4243 conspicuis
1711 4175 2000 4246 imaginem
2050 4194 2141 4231 ex-

2245 4172 2458 4239 σμένων
2481 4175 2571 4224 καὶ
2597 4173 2920 4241 ἀρχαιότητι
2951 4175 3314 4245 διαφερόντων
3364 4179 3592 4231 εἰκόνων
3647 4199 3812 4249 μετα-

567 4265 849 4334 presserit.

2173 4331 2196 4334 ᾳ
2245 4266 2505 4333 γράφοιεν
2535 4266 2650 4318 είκό
2661 4283 2737 4318 να.

731 4376 782 4398 ΣΑΙ
826 4377 876 4398 2..
925 4376 1032 4398 ΞΙΙΞ-
1083 4379 1237 4398 __-I_!_,
1287 4395 1326 4398 ,κ
1387 4382 1426 4398 I,
1510 4393 1521 4398 -
1699 4385 1770 4398 ..Α
1811 4385 1843 4398 Α
1887 4387 1899 4398 ι
1950 4387 1983 4398 ,ο
2106 4389 2118 4398 ι
2173 4331 2215 4384 D

2106 4389 2118 4398 .
2173 4331 2215 4384 Β
2313 4377 2376 4398 m3
2413 4373 2562 4398 12.1-.
2598 4379 2717 4398 x--,r,
2751 4396 2773 4398 ᾉ
2817 4397 2827 4398 κ
2988 4380 3100 4398 ,κεν
3150 4381 3164 4398 ι
3220 4383 3242 4397 ς
3364 4382 3426 4398 ιο
3615 4383 3639 4395 ς

639 4376 784 4441 Quid
826 4377 881 4430 in
925 4376 1034 4432 illis
1083 4379 1240 4434 vobis
1277 4382 1620 4449 exploratum
1667 4385 1770 4440 sit?
1811 4385 2022 4441 Salutio
2071 4389 2139 4440 ab
2173 4376 2208 4384 ⁷

2313 4377 2376 4426 Τί
2410 4376 2476 4444 ἦν
2506 4378 2564 4428 ἐν
2594 4379 2829 4441 ἐκείναις
2861 4380 3103 4446 γνωστὸν
3143 4381 3305 4449 ὑμῖν;
3351 4382 3521 4444 Λύσις
3573 4383 3682 4436 τῶν
3728 4387 3809 4439 δε-

570 4468 861 4521 all‘ectuum
911 4467 1170 4531 vinculis,
1217 4471 1394 4524 virilis
1453 4485 1706 4541 aspectus
1754 4475 1901 4544 fuga,
1959 4476 2138 4544 quoad

2248 4465 2398 4532 σμῶν
2432 4467 2529 4535 τῆς
2564 4469 2957 4536 προσπαθείας·
2981 4471 3125 4540 φυγὴ
3154 4473 3449 4542 ἀρῤενικῆς
3479 4475 3658 4543 ὅψεως
3687 4479 3807 4532 ὅσον

569 4560 691 4629 ejus
742 4560 859 4613 ﬁeri
916 4568 1115 4628 potest,
1162 4560 1437 4617 demissus
1482 4564 1649 4618 animi
1709 4579 1922 4629 sensus,
1977 4568 2141 4621 vestis

2244 4553 2535 4625 ἐνδέχεταιο
2565 4557 3038 4628 καταϐεϐλημένον
3064 4561 3336 4630 φρόνημα·
3373 4565 3602 4632 ρυπῶσα
3627 4569 3803 4639 ἐσθὴς,

571 4648 815 4712 sordida,
847 4648 1095 4716 dejectus
1126 4650 1180 4702 in
1217 4658 1416 4704 terram
1449 4653 1662 4715 oculus,
1692 4655 1915 4708 inutiles
1945 4670 2140 4708 narra-

2243 4647 2396 4716 δμμα
2447 4647 2597 4700 κάτω
2649 4650 2917 4712 νενευκός.
2954 4646 3060 4713 Οὖς
3109 4651 3311 4718 φεῦγον
3340 4653 3603 4725 ἀνωφελῆ-
3647 4660 3807 4713 ἀκού.

573 4738 849 4792 titmculas
883 4739 1036 4792 auris
1065 4738 1298 4801 evitans,
1332 4754 1394 4794 os
1423 4741 1602 4795 divina
1635 4743 1885 4812 loquens,
1929 4745 2142 4797 vexatio

2248 4755 2427 4805 σματα
2455 4753 2469 4766 ⁸
2506 4740 2679 4807 στόμα
2708 4739 2900 4790 λαλοῦν
2929 4739 3105 4805 ἔνθεα,
3141 4742 3504 4813 ὑπωπιασμὺς
3541 4742 3802 4818 σώματος.

574 4829 844 4897 corporis.
899 4826 1036 4882 Nam
1100 4830 1181 4883 sic
1235 4830 1462 4886 aﬂ‘ectus
1519 4835 1703 4888 carnis
1755 4844 2140 4901 superarunt:

2247 4826 2403 4879 Οὕτω
2431 4826 2538 4894 γὰρ
2568 4829 2944 4897 περιεγένοντο
2974 4828 3065 4881 τοῦ
3089 4831 3186 4899 τῆς
3217 4833 3417 4901 σαρκὸς
3443 4839 3803 4907 φρονήματος·

573 4919 1015 4988 quandoquidem
1060 4936 1186 4973 caro
1232 4924 1549 4990 concupiscit
1593 4925 1838 4977 adversus
1876 4925 2141 4992 spiritum,

2247 4920 2475 4988 ἐπείπερ
2529 4922 2567 4986 ἡ
2608 4921 2764 4987 σὰρξ
2802 4922 3078 4991 ἐπιθυμεῖ
3115 4925 3264 4979 κατὰ
3302 4927 3406 4982 τοῦ
3451 4934 3807 5002 πνεύματος,

574 5023 636 5064 ut
667 5010 933 5080 scriptum
969 5021 1052 5065 est
1074 5052 1089 5076 ,
1145 5013 1362 5080 spiritus
1399 5023 1571 5067 autem
1609 5016 1857 5069 adversus
1889 5033 2098 5069 carnem
2125 5033 2143 5069 :

2246 5011 2322 5072 ὡς
2368 5010 2694 5079 γέγραπται.
2752 5012 2816 5064 τὸ
2843 5011 2912 5063 δὲ
2957 5013 3190 5081 πνεῦμα
3239 5017 3387 5070 κατὰ
3419 5017 3532 5086 τῆς
3562 5025 3804 5089 σαρκός.

577 5103 687 5155 ἠως
712 5102 852 5154 enim
889 5101 989 5156 sibi
1019 5102 1242 5156 invicem
1272 5103 1624 5157 adversantur
1645 5107 1713 5169 ",
1745 5115 1798 5160 et
1835 5115 1916 5160 est
1943 5107 2142 5160 bellum

2247 5101 2436 5154 ταῦτα
2484 5100 2551 5152 δὲ
2598 5102 2919 5156 ἀντίκειται
2975 5105 3305 5172 ἀλλήλοις·
3353 5109 3444 5160 καὶ
3505 5112 3808 5181 ἀκήρυκτος

574 5193 938 5261 implacabile.
985 5193 1163 5259 Quare
1227 5196 1375 5247 omni
1429 5196 1518 5249 die
1558 5211 1778 5251 necesse
1823 5206 1925 5260 est,
1982 5213 2146 5266 prope

2251 5194 2503 5260 πόλεμος.
2545 5195 2655 5247 Καὶ
2710 5195 2789 5246 δεῖ
2836 5196 2982 5265 ἡμᾶς
3033 5198 3212 5250 πᾶσαν
3259 5200 3494 5269 ἡμέραν,
3554 5205 3694 5258 εἴπω
3726 5210 3808 5258 καὶ

579 5285 808 5338 dixerim
839 5284 988 5337 omni
1022 5284 1181 5350 hora,
1222 5285 1483 5339 adversus
1516 5287 1642 5340 vitia
1675 5297 1895 5342 strenue
1935 5304 2034 5343 nos
2065 5290 2148 5342 di-

2250 5285 2420 5355 ὥραν,
2455 5285 2779 5338 ὁπλίσασθαι
2816 5287 2956 5339 κατὰ
3000 5288 3108 5340 τῶν
3158 5290 3346 5342 παθῶν
3377 5293 3652 5360 ἀνδρικῶς
3686 5301 3807 5367 μετὰ

579 5374 802 5436 micare,
850 5369 960 5426 Deo
992 5380 1268 5439 spectante
1298 5389 1361 5426 ac
1386 5375 1631 5442 iuvante,
1659 5387 1781 5445 post
1827 5379 2145 5431 diuturnum

2252 5378 2386 5430 Θεοῦ
2435 5378 2529 5431 καὶ
2563 5380 2658 5430 σὺν
2691 5377 2829 5446 Θεῷ,
2864 5380 2920 5431 ἐν
2967 5379 3146 5449 πολλῷ
3183 5381 3354 5447 ἀγῶνι
3401 5384 3675 5452 νικῶντας
3727 5394 3807 5444 τιν

581 5471 856 5514 certamen
895 5462 1109 5516 hostem
1159 5465 1462 5532 vincentes,
1511 5469 1603 5536 qui
1649 5479 1889 5524 nostrum
1932 5484 2146 5537 semper

2255 5470 2461 5539 ἐχθρὸν,
2512 5468 2603 5521 τὸν
2658 5469 2745 5520 ἀεὶ
2778 5467 3014 5537 διψῶντα
3044 5471 3144 5538 τὴν
3195 5471 3475 5526 ἀπώλειαν
3521 5479 3682 5546 ἡμῶν
3713 5499 3723 5509 .
3758 5479 3808 5536 οὗ

581 5553 807 5606 exitium
855 5554 970 5608 sitit
1001 5570 1017 5610 :
1049 5555 1208 5625 cujus
1250 5559 1431 5628 jacula
1495 5561 1696 5617 nullius
1746 5563 1961 5618 demant
2025 5574 2150 5619 sunt

2257 5565 2312 5616 αἱ
2374 5563 2634 5632 ρομφαῖαι
2691 5563 2770 5625 είς
2828 5560 2979 5623 τέλος
3019 5559 3264 5624 ἐξέλιπον
3306 5567 3420 5629 τοῖς
3467 5572 3808 5642 προσέχουσιν

654 5695 693 5724 ²¹
723 5693 900 5748 Galat.
928 5711 977 5759 v,
1013 5695 1099 5749 l7.
