3990 6318
149 393 297 459 ῙΠἹ

1348 382 1883 442 EPISTOLARUM
1934 383 2078 441 LIB.
2138 382 2212 440 ll.

3273 382 3409 445 1178

141 500 432 569 ἀσφαλῶς.
484 497 597 550 Ούκ
641 494 758 549 ἔστι
800 492 857 547 δὲ
900 491 975 562 μὴ
1016 492 1284 563 ἡττᾶσθαι
1336 493 1576 555 παντως,
1639 491 1731 542 καὶ

1837 490 2047 542 roboris
2095 489 2148 541 iu
2194 502 2288 542 eos
2332 486 2424 557 qui
2482 489 2586 543 sibi
2639 489 2829 544 sedulo
2877 489 3243 560 prospiciunt.
3289 493 3408 548 Non

143 588 515 662 πλήττεσθαι,
551 588 643 640 τὸν
670 585 1092 655 ἀγωνιζόμενον,
1145 586 1202 636 ἐν
1232 583 1375 652 λόγῳ
1405 584 1497 635 καὶ
1529 582 1732 651 ἐννοίᾳ,

142 687 243 738 καὶ
279 685 340 734 ὲν
371 683 481 743 τοῖς
511 679 716 748 ὁμοίοις
750 680 860 740 τοῖς
895 677 970 747 μὴ
1003 675 1138 746 πρὸς
1175 674 1404 728 θάνατον
1433 673 1731 744 ἁμαρτίαςο

141 769 286 822 ἀλλὰ
321 769 382 820 τὸ
415 768 611 820 θᾶττον
631 765 985 818 ἀναπαλαίειν
1013 764 1142 834 χρὴ,
1167 764 1261 816 καὶ
1281 764 1370 815 ἐπὶ
1393 764 1490 831 τῆς
1509 763 1735 833 δεούσης

143 861 411 913 ἵστασθαι
441 857 849 920 καταστάσεως.
874 857 1316 924 Παραπτώματα
1345 856 1452 924 γὰρ
1474 858 1563 921 τίς
1589 872 1736 909 συν-

142 954 331 1016 vitrea;
365 953 471 1003 Καὶ
496 950 579 1012 τίς
610 951 945 1018 καυχήσεται
980 950 1078 1017 τὴν
1107 948 1287 1018 ψυχὴν
1343 949 1517 1016 ἁγνὴν
1549 949 1731 1017 ἔχειν;

143 1043 262 1094 Καὶ
318 1043 378 1092 ὲν
409 1041 586 1109 θλίψει
628 1041 727 1108 μὲν
753 1042 780 1092 ὁ
808 1041 866 1090 ἐν
907 1039 1096 1108 Κυρίῳ
1145 1039 1252 1102 ζῶν
1275 1052 1291 1067 ⁸
1319 1037 1509 1108 ἐπειδὴ
1543 1038 1732 1105 στενὴ

141 1134 247 1184 καὶ
306 1130 665 1199 τεθλιμμένη
700 1131 737 1198 ἡ
769 1128 908 1193 ὁδὸς
935 1129 1256 1197 ἀπάγουσα
1282 1131 1370 1194 εὶς
1396 1128 1511 1195 τὴν
1539 1127 1692 1196 ζωήν
1715 1143 1728 1157 °

143 1224 344 1292 ὥσπερ
399 1222 432 1289 ἡ
487 1218 702 1273 ἐναντία
735 1220 848 1281 τοῖς
877 1218 1162 1281 ἐναντίοις.
1204 1219 1332 1271 Ὅτε
1361 1219 1428 1271 -δὲ
1469 1218 1612 1270 ἔλθοι
1672 1218 1733 1271 τὸ

146 1315 330 1380 πέρας
353 1311 460 1362 τῶν
486 1308 733 1377 ἀγώνων,
765 1308 887 1360 τότε
917 1301 1210 1369 εἴσεσθε,ὢ
1241 1308 1447 1377 νύμφαι
1471 1307 1730 1377 Χριστοῦ,

146 1405 199 1454 τί
238 1402 604 1472 προεξένησεν
636 1400 766 1468 ὑμῖν
793 1399 824 1466 ἡ
872 1396 1119 1449 πολιτεία
1145 1412 1158 1424 ⁸
1196 1396 1500 1466 ἀρθήσεσθε
1532 1397 1641 1465 γὰρ
1675 1397 1732 1447 ἐν

147 1495 299 1563 χαρᾷ
331 1491 684 1559 ἀνεκλαλήτῳ
703 1490 806 1540 ὑπὸ
823 1488 1043 1554 ἀγαθῶν
1065 1488 1316 1557 ἀγγέλων
1342 1505 1354 1517 ·
1382 1491 1475 1540 καὶ
1496 1486 1732 1540 εἰσελεύ-

145 1582 310 1635 σεσθε
374 1583 451 1644 εἰς
505 1580 605 1650 τὴν
665 1578 1080 1649 ἀχειρότευκτον
1152 1578 1444 1645 παστάδα,
1496 1581 1576 1643 είς
1640 1579 1730 1632 τὸν

141 1678 407 1744 οὐράνιον
439 1673 728 1742 νυμφῶνα,
769 1672 999 1724 πάντοτε
1055 1673 1152 1726 σὺν
1187 1673 1377 1744 Κυρίῳ
1425 1676 1504 1738 είς
1557 1674 1730 1729 αίῶνα

143 1769 428 1836 ἐσόμεναι.
458 1762 568 1817 Ἦν
609 1765 705 1833 μὲν
735 1763 829 1815 καὶ
855 1763 1018 1816 πλέον
1042 1781 1093 1815 τι
1120 1763 1299 1830 λέγειν
1334 1781 1350 1797 ⁸
1395 1765 1511 1819 ἀλλ’
1536 1765 1726 1838 ἐπειδὴ

1835 580 2100 647 contingit
2134 591 2316 633 autem
2364 594 2470 632 uon
2503 581 2645 635 vinci
2676 582 2924 646 omnino,
2964 597 3028 636 ac
3059 583 3267 637 nullum
3301 587 3413 638 vul-

1838 683 1941 722 nus
1977 669 2142 736 recipi
2173 669 2311 722 inter
2339 670 2719 738 prteliandum,
2746 674 2911 728 verbo
2941 673 3023 727 vel
3057 675 3409 744 cogitatione,

1835 757 2062 825 aliisque
2096 757 2392 820 similibus,
2428 774 2549 826 qua:
2598 769 2828 813 mortem
2865 764 3070 830 peccati
3117 777 3226 817 non
3273 763 3412 817 infe-

1836 855 1964 900 ruut
2011 847 2150 901 :sed
2203 863 2384 917 pugna
2430 849 2718 903 confestim
2763 851 3178 921 redintegranda
3205 897 3219 917 ,
3258 862 3311 906 et
3356 855 3408 907 in

1834 941 2052 1008 pmpria
2106 941 2341 994 statione
2384 941 2816 996 consistendum.
2863 943 3071 997 Delicta
3116 946 3252 997 enim
3293 946 3410 1013 quis

1834 1030 2091 1098 intelliget
2121 1032 2168 1060 ”
2188 1030 2210 1083 ‘i
2234 1029 2299 1083 Et
2328 1031 2452 1100 quis
2483 1031 2805 1101 gloriabitur
2831 1035 3074 1087 animum
3099 1049 3164 1088 se
3200 1044 3410 1089 castqu

1833 1124 2061 1191 gerere?
2113 1119 2168 1175 In
2224 1122 2580 1179 tribulatione
2638 1125 2829 1194 utique
2885 1134 2988 1189 est,
3040 1126 3134 1195 qui
3177 1127 3308 1180 vivit
3358 1127 3411 1179 in

1835 1213 2108 1267 Domino:
2141 1215 2585 1283 quandoquidem
2643 1227 2794 1269 arcta
2833 1226 2881 1270 et
2925 1227 3151 1286 angusta
3194 1220 3277 1270 via
3335 1228 3411 1271 est

1832 1316 1949 1373 quae
1981 1307 2126 1359 ducit
2161 1305 2229 1357 ad
2268 1309 2432 1359 vitam
2456 1307 2503 1339 "
2538 1325 2551 1361 :
2579 1307 3037 1376 quemadmodum
3071 1310 3154 1362 via
3199 1319 3414 1361 contra-

1834 1395 1914 1447 ria
1944 1410 1975 1448 e
2010 1396 2311 1450 contrario.
2347 1397 2417 1451 At
2456 1411 2582 1453 cum
2613 1399 2979 1453 certaminum
3027 1399 3150 1453 linis
3179 1400 3412 1454 advene-

1832 1483 1925 1547 rit,
1967 1498 2096 1538 tunc
2140 1485 2475 1555 intelligetis,
2509 1501 2542 1541 ο
2573 1498 2790 1554 sponsa:
2832 1487 3058 1551 Christi,
3091 1487 3222 1556 quid
3257 1488 3414 1542 vobis

1837 1586 2092 1646 suscepta
2139 1576 2355 1631 vivendi
2406 1577 2547 1632 ratio
2597 1579 2931 1633 contulerit:
2969 1577 3218 1633 auferent
3265 1579 3410 1633 enim

1831 1682 1929 1722 vos
2014 1667 2278 1724 sublimes
2337 1682 2460 1721 cum
2532 1667 2883 1723 inenarrabili
2965 1669 3151 1723 laetitia
3234 1669 3412 1738 angeli

1832 1758 2066 1828 optimi,
2122 1767 2176 1810 et
2221 1758 2273 1811 in
2330 1757 2631 1811 thalamum
2685 1758 3068 1828 ingrediemini
3127 1773 3234 1812 non
3295 1773 3414 1811 ma-

145 1857 490 1926 στοχάζομαι
543 1854 978 1926 ὑπερϐεϐηκέναι
1046 1856 1108 1907 τὸ
1179 1855 1377 1927 μέτρον
1441 1856 1540 1927 τῆς
1599 1858 1720 1910 ἐπι-

1838 1848 2146 1913 nuiactum,
2194 1847 2250 1902 in
2297 1845 2575 1904 caelestem
2626 1859 2829 1914 torum,
2873 1865 3089 1919 semper
3136 1865 3258 1904 cum
3312 1851 3414 1903 Do-

146 1951 347 2019 στολῆς
380 1989 396 2013 ,
447 1947 679 2001 ἐνταῦθα
723 1946 1134 2017 καταπαύσοιμι
1189 1944 1282 2000 τὸν
1322 1947 1479 2015 λόγον
1508 1965 1524 1982 ο
1584 1950 1727 2022 ὑπὲρ

142 2035 205 2092 οῦ
236 2038 544 2109 χαρίσασθέ
590 2052 682 2110 μοι
727 2038 806 2108 τῷ
853 2037 1166 2110 ἁμαρτωλῷ
1225 2039 1326 2103 τὰς
1367 2040 1527 2109 ἁγίας
1573 2041 1729 2111 ὑμῶν

145 2130 339 2201 εὐχάς.

399 2413 488 2467 κ’.
519 2442 590 2455 --
617 2412 903 2481 Μακαριφ
926 2411 1259 2483 ἡγουμένῳ.
1293 2411 1484 2484 [σκγ¹.]

1835 1945 1983 1995 mino
2037 1941 2091 1994 in
2135 1955 2297 1995 omne
2341 1955 2516 1995 aevum
2556 1940 2780 1998 fotum.
2832 1941 3108 1996 Habebam
3158 1941 3410 2012 equidem

1833 2032 1987 2103 plura
2010 2033 2194 2087 dicere
2226 2051 2240 2087 :
2276 2033 2371 2087 sed
2409 2034 2670 2103 quoniam
2703 2034 2881 2089 sentio
2913 2049 2999 2088 me
3030 2035 3251 2088 modum
3295 2034 3412 2102 epié

1834 2122 1988 2177 stola:
2014 2137 2450 2191 supergressum,
2478 2123 2640 2176 finem
2677 2124 2951 2192 imponam
2987 2125 3112 2178 huic
3134 2124 3371 2179 sermoni
3396 2140 3410 2176 :

1834 2227 1933 2283 pro
1961 2228 2072 2282 quo
2113 2214 2247 2268 mihi
2275 2214 2551 2284 peccatori
2591 2224 2810 2270 sanctas
2838 2224 3049 2271 vestras
3084 2231 3270 2287 preces
3309 2215 3415 2269 im-

1835 2306 2048 2369 pertite.

2265 2422 2382 2480 XX.
2424 2423 2669 2479 Macario
2696 2425 2998 2493 prteposito.

1285 2522 1362 2574 De
1387 2524 1597 2586 quodam
1624 2529 1906 2594 praeposito,
1931 2532 2142 2597 aliisque
2168 2536 2337 2598 lapsis.

213 2636 284 2688 Τί
315 2636 514 2697 ποιεῖς,
562 2625 607 2686 ὦ
653 2632 762 2686 θεῖε
804 2631 1009 2702 Πάτερ,
1069 2630 1264 2684 ἑαυτὸν
1315 2632 1589 2685 ταπεινῶν
1639 2633 1732 2686 τὸν

149 2729 357 2799 ὑψηλὸν
387 2729 456 2797 τῇ
487 2727 689 2796 ἀρετῇ*
723 2725 870 2796 κάμὲ
903 2724 1053 2792 ὑψῶν
1078 2724 1135 2777 ὲν
1167 2726 1281 2787 τοῖς
1319 2725 1524 2795 τιμίοις
1551 2724 1732 2794 λόγοις

150 2837 267 2882 σου,
292 2820 387 2872 τὸν
418 2817 698 2888 χθαμαλὸν
730 2818 795 2886 τῇ
825 2815 1015 2883 κακίᾳ,
1044 2815 1118 2878 ὡς
1152 2815 1369 2886 μυρίοις
1397 2817 1596 2871 πάθεσι
1629 2837 1730 2871 πο-

149 2910 540 2982 λιορκούμενον
576 2907 956 2976 καθεκάστην;
1001 2907 1144 2975 Ἐγὼ
1196 2907 1376 2960 τοίνυν
1417 2909 1602 2972 δοῦλός
1636 2928 1730 2962 σου

1903 2638 2044 2705 Quid
2087 2641 2225 2711 agis,
2262 2656 2297 2696 ο
2337 2641 2522 2696 divine
2566 2640 2750 2707 Pater,
2790 2656 2918 2696 cum
2965 2643 3197 2711 teipsum
3232 2644 3414 2714 depri-

1834 2732 1960 2795 mis,
2016 2732 2108 2800 qui
2161 2732 2416 2790 sublimis
2463 2748 2522 2787 es
2570 2732 2826 2788 virtute:
2869 2747 2934 2787 ac
2985 2748 3074 2788 me
3115 2735 3412 2790 honoriﬁca

1833 2819 2084 2875 oratione
2134 2829 2226 2875 tua
2275 2821 2514 2887 extollis,
2560 2821 2652 2890 qui
2692 2836 2816 2878 sum
2869 2822 3217 2892 improbitate
3264 2826 3414 2894 abje-

1837 2921 1985 2974 ctus,
2021 2912 2223 2981 quippe
2254 2912 2563 2969 innumeris
2597 2913 2844 2981 quotidie
2873 2915 3016 2968 vitiis
3054 2914 3416 2984 profligatus?

151 3004 245 3055 καὶ
302 3004 456 3065 παῖς,
490 2999 760 3070 μαθητιᾷν
794 3000 994 3068 μᾶλλον
1026 2998 1338 3069 ἐφιέμενος,
1392 3000 1425 3070 ἢ
1458 3001 1732 3055 διδάσκειν

1837 3001 1948 3073 Ego
1998 3003 2166 3069 igitur
2210 3019 2406 3060 servus
2451 3013 2602 3069 tuus,
2640 3019 2702 3059 ac
2740 3020 2876 3074 pene
2919 3021 3074 3074 puer,
3118 3006 3202 3060 cui
3239 3008 3417 3075 major

149 3093 476 3162 δυνάμενος.
506 3092 694 3160 Ὅμως
724 3093 754 3144 ὀ
778 3091 998 3160 ἀγαθὸς
1030 3089 1339 3158 ἄνθρωπος
1363 3092 1432 3144 ἐκ
1457 3091 1562 3155 τοῦ
1585 3093 1730 3160 ἀγα-

151 3187 258 3240 θοῦ
295 3185 608 3253 θησαυροῦ
658 3183 767 3252 τῆς
811 3184 1057 3252 καρδίας
1084 3184 1365 3238 ἐκϐάλλει
1402 3186 1474 3239 τὰ
1501 3186 1694 3254 ἀγαθά
1717 3203 1730 3217 ο

152 3276 395 3338 τοιοῦτος
448 3278 512 3328 σὺ
573 3275 667 3327 καὶ
705 3275 981 3346 ὁρώμενος
1042 3277 1134 3330 καὶ
1193 3278 1729 3346 ἀναγινωσκόμενος.

154 3371 291 3440 Περὶ
315 3369 418 3438 μὲν
433 3368 528 3421 οῦν
552 3366 645 3420 τοῦ
667 3368 763 3435 τῆς
785 3369 1183 3438 Δημητριάδος,
1209 3370 1302 3422 καὶ
1324 3369 1431 3421 τῶν
1453 3369 1730 3438 μαθητῶν,

155 3463 235 3514 ὅτι
272 3459 479 3529 ᾤχοντο
499 3478 512 3492 ο
542 3460 630 3512 ῖνα
659 3460 848 3528 γνοίης
873 3461 936 3512 ὲκ
975 3461 1085 3512 τῶν
1117 3461 1347 3530 καρπῶν
1378 3461 1437 3514 τὺ
1481 3462 1696 3530 δένδρον
1717 3479 1730 3492 ·

157 3553 250 3605 καὶ
279 3551 412 3621 εὔξῃ
443 3550 670 3614 ἐκείνοις
709 3551 810 3620 μὲν
847 3552 1157 3620 μετάνοιαν,
1195 3554 1319 3622 ἐμοὶ
1344 3552 1400 3606 δὲ
1438 3552 1516 3622 τῷ
1565 3553 1735 3622 ἀθλίῳ

158 3642 465 3712 στηριγμὸν
500 3641 638 3711 πρός
684 3659 744 3694 τε
797 3643 922 3705 τοὺς
955 3640 1327 3712 πολεμοῦντας
1375 3644 1624 3714 ἀοράτως
1675 3661 1734 3696 τε

158 3733 252 3782 καὶ
280 3730 581 3802 δρωμένως
599 3746 610 3758 ’
639 3729 713 3794 ὡς
734 3729 799 3784 ἂν
831 3732 1059 3784 κατόπιν
1093 3731 1385 3803 ἀξιωθείην
1411 3733 1587 3786 ἐλθεῖν
1623 3733 1732 3786 τῶν

156 3823 273 3873 νυνὶ
300 3823 520 3874 πάντων
551 3821 900 3891 όμολογητῶν
932 3822 1174 3891 Χριστοῦ
1197 3838 1212 3852 ο
1261 3824 1601 3895 ὁμολογητὴς
1629 3824 1737 3895 γὰρ

162 3915 316 3976 πᾶςὸ
347 3915 722 3984 ἐνιστάμενος.
774 3915 911 3986 Περὶ
966 3914 1024 3967 δὲ
1078 3914 1187 3968 τῶν
1220 3913 1314 3968 δύο
1343 3916 1520 3971 ἀλλων
1569 3934 1738 3986 κεφα-

157 4006 343 4070 λαίων,
382 4006 630 4060 τοιοῦτον
673 4008 733 4060 τὸ
768 4007 1172 4078 παριστάμενόν
1208 4024 1300 4076 μοι
1381 4007 1737 4078 Ὑπογράψας

160 4098 536 4172 πρεσϐύτερος
580 4100 647 4168 τῇ
704 4098 950 4168 ἀσεϐείᾳ,
1019 4100 1299 4168 μετανοεῖν
1351 4099 1579 4167 ὀφείλει,
1641 4100 1738 4152 καὶ

159 4190 515 4259 προσκλαίειν
555 4189 802 4259 θερμῶς·
857 4189 1279 4261 συγχωρηθῆναι
1320 4189 1468 4260 αὐτῷ
1497 4190 1559 4244 τὸ
1604 4191 1734 4243 ἀσέ-

158 4278 310 4349 ϐημα
336 4295 349 4308 °
382 4277 721 4348 λειτουργεῖν
758 4278 838 4342 δὲ,
868 4279 975 4334 κᾶν
1022 4279 1082 4331 ού
1115 4279 1436 4351 μνημονεύῃ
1482 4279 1577 4332 τοῦ
1613 4281 1738 4333 ἀσε-

1835 3093 2083 3148 discendi
2135 3095 2452 3164 cupiditas,
2507 3111 2673 3166 quam
2735 3097 2967 3152 facultas
3022 3099 3278 3153 docendi.
3346 3100 3416 3153 At

1835 3184 1997 3236 bonus
2042 3184 2195 3236 homo
2250 3186 2314 3238 de
2361 3185 2495 3238 bono
2546 3187 2789 3241 thesauro
2844 3190 3021 3243 cordis
3078 3192 3162 3243 sui
3213 3192 3416 3259 profert

1836 3272 2036 3326 bona”
2064 3292 2077 3327 :
2121 3273 2437 3343 cujusmodi
2481 3286 2534 3329 tu
2567 3279 2787 3346 quidem
2823 3292 2876 3334 et
2910 3279 3112 3336 videris
3155 3291 3209 3336 et
3243 3299 3416 3351 agno-

1835 3364 2032 3416 δεδήει.
2067 3363 2140 3418 De
2191 3364 2482 3431 praeposito
2512 3375 2695 3421 autem
2733 3367 3097 3425 Demetriadis
3139 3386 3205 3425 ac
3247 3371 3415 3427 disci-

1835 3454 1980 3522 pulis
2014 3457 2133 3526 ejus
2180 3460 2325 3529 quod
2360 3460 2585 3528 quaeris,
2631 3460 2862 3530 periisse
2895 3462 3058 3524 scito,
3099 3472 3156 3514 ut
3184 3478 3250 3515 ex
3300 3464 3416 3517 fru-

1835 3547 2015 3602 ctibus
2063 3551 2316 3604 arborem
2373 3567 2640 3621 agnoscas
2696 3570 2710 3607 :
2768 3568 2832 3607 ac
2875 3567 2974 3622 pro
3028 3554 3140 3610 illis
3194 3557 3415 3629 quidan

1839 3634 2273 3702 resipisceutiam
2315 3639 2670 3708 depreceris:
2706 3655 2806 3709 pro
2840 3657 2925 3697 me
2969 3654 3152 3698 autem
3201 3645 3418 3701 infelice

1837 3722 2008 3775 robur
2061 3724 2326 3780 adversus
2373 3728 2561 3782 hostes
2611 3736 2724 3782 tum
2772 3729 3076 3787 invisibiles
3124 3742 3239 3787 tum
3287 3736 3420 3789 visi-

1841 3810 2023 3868 biles:
2067 3825 2127 3869 ut
2173 3816 2419 3887 vestigiis
2469 3818 2728 3874 insistere
2776 3835 2990 3875 merear
3020 3826 3267 3880 omnium
3315 3827 3419 3882 hoc

1838 3918 1954 3958 aevo
1995 3903 2202 3962 Christi
2263 3909 2645 3965 confessorum
2708 3928 2722 3964 :
2784 3912 3077 3970 confessor
3131 3917 3277 3971 enim
3334 3929 3420 3974 est

1838 3995 2089 4066 quisquis
2131 4011 2191 4052 se
2232 4007 2462 4055 strenue
2498 4001 2661 4070 gerit.
2707 4000 2783 4056 De
2824 4004 3038 4060 duobus
3069 4007 3191 4062 aliis
3225 4011 3417 4079 capiti-

1839 4087 1966 4149 bus,
2015 4103 2164 4144 nunc
2213 4089 2345 4145 illud
2390 4093 2637 4146 occurrit
2685 4093 2892 4148 animo.
2946 4095 3050 4162 Qui
3093 4099 3418 4170 subscripsit

1839 4176 2106 4248 impietati
2145 4179 2449 4251 presbyter,
2477 4182 2640 4237 debet
2681 4183 2728 4238 is
2758 4184 2939 4240 scelus
2969 4187 3189 4256 expiare
3220 4192 3416 4258 panis,

1837 4277 1893 4323 et
1923 4285 2172 4340 magnam
2216 4273 2321 4325 vim
2352 4273 2684 4342 profundere
2722 4275 3126 4348 lacrymarum;
3163 4291 3222 4335 ut
3262 4283 3417 4337 venia

158 4369 266 4430 ϐῶς
290 4368 352 4441 [ι.
372 4365 629 4439 ἀσεϐοῦς]
656 4384 670 4398 ·
695 4367 970 4438 οὐδαμῶς,
986 4367 1101 4420 ἀλλ’
1118 4367 1396 4438 εἴργεσθαι
1412 4368 1511 4437 τῆς
1531 4368 1732 4438 ἱερουρ-

1841 4360 2036 4415 deinde
2087 4360 2276 4434 ﬂagitii
2338 4364 2608 4419 tribuatur
2646 4383 2658 4419 :
2696 4375 2759 4420 ut
2806 4379 2988 4423 autem
3041 4385 3155 4425 rem
3201 4385 3414 4428 sacram

159 4461 308 4526 γίας·
334 4462 440 4525 ἕως
464 4461 530 4514 ἂν
557 4461 968 4529 ὲπίδοιΚύριος,
993 4461 1086 4513 καὶ
1105 4459 1220 4529 δοίη
1239 4459 1428 4529 καιρὸν
1456 4460 1734 4532 ὀρθοδόξου

162 4552 378 4603 συνόδου
403 4568 417 4582 ·
441 4552 502 4602 ὲν
536 4545 824 4624 ᾖλήψεται
873 4548 1033 4622 [Reg.
1065 4551 1184 4604 cod.
1223 4548 1455 4620 ἕκαστα]
1510 4551 1736 4614 ἕκαστος

159 4639 225 4691 τὰ
270 4642 391 4692 κατ’
425 4641 586 4705 ἀξίαν
627 4641 944 4714 θεοκρίτως.
989 4641 1129 4710 Ἐγὼ
1172 4641 1229 4694 δὲ
1283 4641 1657 4712 συμϐουλέυω,
1687 4644 1736 4695 εἰ

162 4731 393 4800 μετέσχε
427 4732 528 4797 τῆς
560 4731 792 4796 ἀσεϐοῦς
847 4731 1154 4796 κοινωνίας,
1193 4732 1251 4784 ἐν
1287 4732 1589 4804 μεταλήψει
1642 4733 1736 4786 καὶ

159 4820 266 4874 τῶν
297 4821 662 4891 ἀγιασμάτων
697 4821 997 4891 ἀπέχεσθαι
1024 4820 1217 4892 μέχρις
1238 4822 1358 4885 ἑνὸς
1387 4821 1420 4893 ἢ
1443 4823 1587 4876 δυοῖν
1610 4824 1736 4893 χρό-

161 4927 289 4964 νοιν.
313 4912 627 4980 Γέγραπται
644 4913 751 4982 γάρ
767 4928 780 4942 ο
805 4913 887 4965 Οὐ
910 4912 1179 4966 δύνασθε
1195 4911 1485 4980 ποτήριον
1511 4914 1736 4981 Kvplov

163 5001 379 5065 πίνειν,
399 5002 499 5056 καί
525 5001 810 5070 ποτήριον
835 5001 1156 5073 δαιμονίων
1174 5017 1188 5032 ·
1216 5003 1287 5056 οὗ
1309 5002 1576 5059 δύνασθε
1603 5022 1738 5074 τρα-

165 5093 341 5161 πέζης
371 5095 598 5162 Kvplcv
613 5093 907 5163 μετέχειν,
940 5094 1037 5147 καί
1069 5093 1358 5162 τραπέζης
1386 5093 1731 5164 δαιμονίων.

165 5185 235 5237 Τὸ
263 5186 307 5238 δ’
331 5187 465 5240 αὐτὸ
496 5185 592 5238 καὶ
617 5185 709 5237 ἐπὶ
750 5185 860 5239 τῶν
904 5185 1262 5258 Ἐκκλησιῶν.
1298 5187 1394 5251 Τίς
1429 5184 1726 5255 συγκατά-

164 5274 326 5336 θεσις
353 5271 480 5337 ναῷ
518 5271 668 5325 Θεοῦ
698 5273 851 5341 μετά
882 5272 1188 5337 elabitur;
1220 5273 1296 5327 Ού
1326 5273 1408 5325 δεῖ
1443 5272 1536 5327 οῦν
1571 5273 1735 5326 elate-

162 5375 246 5412 ναι
293 5363 372 5424 είς
404 5362 475 5415 τά
511 5361 929 5433 μαρτύριατῶν
962 5362 1283 5432 αίρετικῶν·
1331 5363 1734 5431 προστέτακται

164 5448 288 5516 ἡμῖν
327 5451 431 5504 ὑπὸ
466 5452 565 5521 τῆς
614 5451 777 5518 ἁγίας
821 5452 1039 5504 συνόδου
1066 5467 1079 5480 ·
1116 5452 1218 5504 οὐκ
1281 5447 1398 5505 οἶδα
1446 5451 1496 5502 εί
1534 5451 1610 5521 μὴ
1644 5451 1732 5503 ἐπ’

163 5538 405 5604 ἐξουσίαν
439 5543 643 5605 τελέως
667 5543 868 5610 γίνοιτο
900 5545 928 5596 ὁ
955 5545 1079 5604 ναὸς
1100 5542 1382 5612 ὀρθοδόξου
1411 5541 1505 5593 τοῦ
1533 5541 1732 5610 μηκέτι

164 5626 594 5703 λειτουργεῖσθαι
623 5633 712 5703 ὑφ’
743 5633 1020 5704 αἱρετικοῦ
1043 5650 1054 5662 ο
1089 5633 1205 5685 τότε
1234 5635 1342 5703 γὰρ
1381 5632 1474 5684 καὶ
1501 5633 1730 5685 είσιτέον

232 5767 436 5827 "Psal.
475 5788 631 5840 xvm,
674 5775 756 5830 l5.
839 5773 1090 5828 "Matth.
1127 5790 1219 5839 vn,
1255 5775 1336 5828 ll.

1454 5778 1496 5805 ²“⁶
1537 5774 1664 5829 Luc.
1706 5791 1776 5842 vr,

1842 4451 2044 4519 faciat;
2111 4456 2328 4510 etiamsi
2387 4456 2663 4511 hominem
2725 4459 2955 4529 impium
3009 4477 3119 4515 non
3177 4477 3418 4519 comme-

1840 4553 2054 4608 moret;
2108 4547 2335 4601 minime
2375 4563 2527 4614 sane,
2566 4551 2662 4605 sed
2693 4567 2722 4604 a
2754 4566 2915 4607 sacro
2963 4569 3188 4609 munere
3230 4556 3417 4624 prohi-

1839 4636 2052 4692 bendus
2080 4648 2185 4698 est,
2224 4640 2398 4694 donec
2431 4643 2733 4712 respexerit
2774 4643 3064 4708 Dominus,
3095 4646 3416 4717 dederitque

1841 4737 2056 4796 tempus
2088 4730 2296 4801 synodo
2324 4732 2660 4800 orthodoxae,
2693 4735 2877 4805 inqua
2898 4736 3213 4793 admittetur
3243 4757 3413 4796 unus-

1837 4818 2070 4888 quisque
2090 4835 2188 4888 pro
2225 4822 2436 4886 merito,
2458 4832 2718 4893 tanquam
2743 4839 2809 4880 ex
2827 4825 2920 4882 Dei
2943 4827 3172 4897 judicio.
3207 4831 3414 4886 Auctor

1819 4925 1968 4969 .vero
1984 4927 2127 4976 sum,
2155 4923 2232 4979 ut,
2252 4914 2296 4969 si
2317 4917 2916 4988 communionisimpia:
2935 4920 3208 4991 particeps
3221 4922 3412 4990 i‘uit,iu

1839 5001 2185 5070 perceptione
2215 5006 2292 5056 rei
2311 5019 2481 5058 sacra:
2497 5006 2843 5064 sanctiﬁcatis
2860 5008 3022 5064 donis
3039 5010 3414 5069 abstineatan-

1838 5105 1906 5143 no
1932 5105 2040 5146 uno
2075 5101 2166 5146 aut
2195 5093 2388 5147 altero.
2411 5093 2684 5166 Scriptum
2701 5108 2785 5154 est
2818 5101 2965 5154 enim
2989 5117 3003 5132 ο
3046 5099 3170 5156 Νοη
3197 5107 3413 5169 potestis

1837 5180 2052 5234 calicem
2073 5182 2286 5236 Domini
2309 5184 2501 5252 bibere,
2534 5196 2584 5241 et
2613 5188 2834 5244 calicem
2856 5191 3236 5247 da’moniorum
3264 5209 3282 5248 :
3308 5212 3411 5250 non

1835 5273 2050 5337 potestis
2071 5289 2260 5327 mensa:
2276 5273 2490 5329 Domini
2501 5280 2788 5345 participes
2804 5298 2936 5348 esse,
2950 5293 2999 5338 et
3019 5300 3207 5340 mensa:
3221 5286 3414 5342 daemo-

1838 5363 2043 5416 uiarum
2057 5363 2120 5418 ’⁵.
2147 5365 2292 5419 idem
2313 5377 2368 5420 et
2387 5367 2454 5422 de
2471 5367 2732 5425 Ecclesiis
2753 5375 3124 5429 statuendum.
3142 5376 3273 5441 Quis
3287 5394 3412 5432 con-

1836 5470 2017 5507 sensus
2056 5457 2247 5526 templo
2295 5457 2388 5512 Dei
2441 5477 2560 5513 cum
2607 5462 2762 5517 idolis
2787 5466 2874 5519 ³θῖ
2918 5463 3084 5522 Nefas
3128 5469 3300 5538 igitur
3355 5473 3408 5525 iu

1839 5543 2218 5599 haereticorum
2269 5549 2530 5619 martyria
2571 5551 2762 5620 pedem
2809 5553 3011 5609 inferre
3046 5573 3058 5608 :
3098 5556 3179 5611 sic
3218 5566 3408 5614 sancta

1837 5637 1996 5691 nobis
2039 5639 2281 5707 synodus
2320 5641 2573 5711 praecepit
2609 5663 2624 5697 ;
2658 5645 2762 5698 nisi
2796 5645 2937 5700 forte
2974 5641 3407 5706 orthddoxorum

1985 5780 2027 5810 ”
2070 5779 2088 5833 l
2123 5781 2247 5842 Cor.
2283 5799 2336 5849 χ,
2374 5783 2463 5838 20.
2541 5786 2586 5816 ⁸⁸
2626 5786 2643 5839 l
2680 5786 2807 5840 Cor.
2842 5803 2917 5851 vr,
2966 5788 3048 5842 l6.
