3990 6318
521 286 658 351 1179
1704 290 1764 348 S.
1800 291 2190 350 TIIEODORI
2231 293 2574 353 STUDIT/E
3671 297 3847 361 1180

516 398 661 449 aedes
690 409 800 448 non
840 394 1065 448 omnino
1114 393 1167 447 in
1214 393 1448 449 alienam
1498 402 1820 465 potestatem
1863 400 2093 459 venerit,
2129 439 2136 461 Α

2243 402 2295 454 αἱ
2325 402 2744 475 λειτουργητέον
2776 398 2870 456 τὸν
2898 402 3202 474 όρθὸδοξον.
3225 404 3339 457 Οὐκ
3375 405 3533 468 ὄντος
3570 411 3849 480 προκρί-

521 500 620 538 nec
655 485 935 554 liturgiam
987 485 1277 539 bmrelicus
1313 486 1385 539 ibi
1430 488 1721 558 peregerit.
1757 486 1913 543 Tunc
1955 492 2100 543 enim

2243 510 2383 557 ,ατος
2418 494 2486 546 τά
2522 495 2882 565 προλαϐόντα.
2932 493 3091 548 Οὕτω
3125 494 3331 567 φρονῶ,
3376 497 3567 567 Πάτερ
3623 516 3776 567 μου,
3814 502 3845 553 ό

519 591 569 631 et
618 576 827 645 ingredi
878 576 1186 631 orthodoxe
1239 575 1342 641 fas,
1391 586 1446 633 et
1496 594 1611 633 rem
1664 594 1875 633 sacram
1926 581 2100 635 obire.

2209 581 2468 643 ταπεινός
2492 595 2507 608 ⁸
2548 582 2882 652 ἀναθεωρῶν
2929 582 2998 637 τά
3045 583 3153 635 ὑπὸ
3186 584 3298 637 τῶν
3335 584 3503 637 θείων
3532 585 3843 657 Πατέρηων

521 668 656 731 Quae
692 668 913 738 quidem
948 669 1066 723 sine
1111 670 1425 737 prazjudicio
1469 670 1613 725 dicta
1660 671 1771 725 sint
1818 672 2101 726 hactenus.

2211 672 2652 743 παραδείγματα.
2692 674 2805 743 Τῆς
2858 674 2956 745 σῆς
3002 675 3048 726 δ’
3091 675 3157 729 ἂν
3214 674 3299 746 εἴη
3340 676 3709 745 τελειότητος
3762 683 3842 730 τὰ

525 757 618 813 Sic
662 773 763 828 ego
798 761 1043 825 humilis,
1077 759 1238 814 Pater
1270 761 1366 825 mi,
1398 763 1579 816 sentio
1608 779 1621 816 :
1657 764 1969 817 divinorum
2000 764 2104 817 Pa-

527 860 669 904 trum
714 853 962 921 exempla
992 868 1410 923 recognoscens.
1453 853 1584 909 Tuae
1611 870 1742 909 vero
1779 856 2111 924 praestantiae

528 941 727 1008 fuerit,
791 944 1017 998 meliora
1078 947 1473 1016 contemplari.
1539 962 1603 1001 ac
1660 949 1798 1001 meis
1853 946 2112 1001 exhibere

527 1033 727 1089 oculis.
783 1032 1106 1090 Valetudine
1151 1038 1360 1107 integra
1416 1053 1515 1107 pro
1561 1037 1672 1093 Deo
1738 1038 2009 1092 dimicans
2054 1046 2109 1092 tu

534 1125 664 1178 mihi
699 1135 815 1180 esto
852 1127 1162 1190 incolumis,
1194 1142 1227 1181 ο
1259 1129 1398 1183 inter
1427 1128 1616 1181 Patres
1642 1127 2106 1183 celebratissime:

531 1214 696 1267 simul
724 1224 778 1268 et
804 1230 903 1284 pro
930 1231 1015 1269 me
1040 1216 1264 1286 indigno
1291 1234 1458 1271 orans
1486 1219 1685 1287 partim
1716 1233 1780 1270 ex
1818 1218 2107 1281 charitate,

532 1307 730 1373 partim
764 1321 893 1361 vero
926 1318 984 1360 ut
1018 1308 1118 1377 legi
1152 1309 1224 1361 ita
1258 1310 1593 1379 praecipienti
1629 1307 1998 1379 obtemperes.

532 1416 676 1472 XXI.
700 1450 770 1460 ο·-
794 1418 1093 1499 Theodorus
1141 1424 1206 1476 iis
1252 1425 1343 1492 qui
1372 1432 1584 1488 propter
1614 1422 1895 1475 Dominum
1941 1422 1994 1475 in
2036 1422 2120 1475 di-

603 1508 764 1564 versis
795 1513 1093 1567 carceribus
1136 1514 1436 1569 detinentur
1466 1514 1726 1582 fratribus
1765 1513 1972 1568 dilectis
2016 1529 2118 1567 sa-

607 1598 770 1654 lutem
808 1600 909 1671 (⁸).

2213 764 2500 833 κρείττονα
2534 764 2631 817 καὶ
2656 764 2955 835 θεωρῆσαι,
2995 767 3090 819 καὶ
3114 769 3269 836 ὲμοῖς
3298 768 3545 836 ὄμμασιν
3584 768 3841 822 ὑποδεῖ-

2211 857 2320 921 ξαι.
2362 856 2706 927 Ἐρρωμένος
2751 858 2847 911 καὶ
2899 857 3141 911 ὲναθλῶν
3173 858 3314 929 ὑπὲρ
3346 857 3485 911 Θεοῦ
3530 859 3840 927 διαφυλα-

2210 947 2395 1018 χθείης
2430 965 2519 1018 μοι
2542 947 2622 1001 ἔτι
2650 965 2665 979 ⁸
2701 950 2729 1001 ό
2766 948 3096 1013 ἐξάκουστος
3131 950 3189 1003 ἐν
3218 948 3499 1019 Πατράσιν
3525 965 3540 979 ·
3564 949 3726 1018 ὁμοῦ
3775 969 3839 1003 τε

2213 1039 2307 1093 καὶ
2336 1039 2777 1108 ὑπερευχόμενός
2826 1056 2928 1108 μου
2966 1039 3069 1108 τῆς
3096 1038 3475 1107 ἀναξιὸτητος,
3509 1038 3575 1091 τό
3622 1040 3739 1110 μὲν
3776 1040 3844 1104 ἐξ

2210 1132 2454 1202 ἀγάπης,
2484 1130 2545 1183 τὸ
2572 1130 2628 1185 δὲ
2649 1131 2742 1185 καὶ
2763 1131 2851 1184 διὰ
2888 1130 2986 1201 τὴν
3014 1131 3344 1185 κελεύουσαν
3366 1129 3628 1201 ἐντολήν.

2220 1420 2354 1474 KA'.
2385 1449 2455 1459 —
2493 1416 2792 1485 Θεόδωρος
2830 1413 2953 1480 τοῖς
2996 1413 3096 1468 διὰ
3140 1414 3358 1481 Κύριον
3389 1412 3460 1468 ἐν
3494 1413 3838 1483 διαφόροις

2291 1510 2593 1581 φυλακαῖς
2660 1506 3052 1577 τηρουμένας
3114 1504 3401 1575 ἀδελφοῖς
3466 1504 3835 1577 ἀγαπητοῖς

2293 1606 2545 1674 χαίρειν.
2577 1599 2727 1675 [σλ’.]

1547 1715 1622 1767 De
1645 1715 1829 1767 sanctis
1853 1714 2169 1777 imaginibus.
2198 1715 2400 1778 (Baron.
2426 1726 2503 1762 an.
2533 1711 2645 1771 816,
2669 1723 2720 1760 ιι,
2748 1708 2852 1770 27.)

610 1824 883 1892 Quidnam
918 1825 1032 1879 haec
1071 1824 1148 1880 rei
1181 1832 1332 1891 sunt,
1377 1839 1500 1894 quae
1527 1825 1820 1881 videmus?
1854 1826 2112 1896 gaudium

2290 1823 2356 1876 Ti
2386 1822 2455 1876 τά
2486 1820 2732 1891 παρόντα
2757 1836 2771 1885 ;
2811 1818 2957 1889 χαρὰ
2986 1819 3081 1872 καὶ
3110 1816 3452 1886 ἀγαλλιασις·
3485 1833 3570 1870 οτι
3617 1819 3680 1869 ὲν
3701 1819 3829 1879 τοῖς

538 1929 593 1971 et
614 1917 913 1973 exsultatio
939 1933 953 1981 ;
983 1916 1241 1986 quoniam
1276 1918 1535 1987 martyria
1564 1932 1664 1987 pro
1690 1916 1915 1974 Christo
1938 1916 2123 1972 subire

540 2011 748 2078 dignati
794 2008 1042 2066 fuimus:
1077 2008 1200 2077 quia
1250 2010 1565 2065 carceribus
1598 2019 1653 2065 et
1688 2010 1976 2066 tormentis
2012 2020 2123 2064 tra-

541 2102 643 2156 diti
675 2117 867 2155 sumus
900 2110 1122 2170 propter
1146 2101 1237 2154 Dei
1271 2102 1497 2155 verbum
1526 2119 1540 2156 :
1578 2104 1839 2171 quoniam
1872 2103 2043 2171 plagis
2068 2108 2125 2155 et

542 2195 897 2248 contumeliis
946 2202 1168 2263 propter
1196 2192 1475 2248 Christum
1512 2196 1603 2263 qui
1650 2210 1748 2264 pro
1795 2196 1954 2249 nobis
1996 2209 2123 2249 ver—

547 2286 701 2347 bera.
788 2286 1107 2355 opprobria,
1173 2301 1391 2341 erucem
1452 2286 1688 2356 denique
1757 2302 1955 2356 passus
2019 2294 2124 2352 est,

542 2378 742 2433 subditi
813 2393 1027 2433 sumus.
1099 2376 1234 2444 Quis
1319 2393 1427 2432 non
1504 2379 1689 2433 laudet
1744 2380 1766 2432 ?
1812 2380 1947 2446 Quis
2016 2394 2123 2433 non

545 2471 731 2541 gloriae
781 2472 990 2525 ducat?
1035 2469 1230 2526 Oriens
1276 2471 1515 2537 laetatur,
1570 2473 1773 2542 gaudet
1823 2472 2123 2535 Oecideiis,

548 2564 820 2617 universae
872 2578 969 2632 per
1018 2572 1257 2632 quatuor
1306 2564 1495 2618 mundi
1553 2565 1804 2618 cardines
1851 2564 2129 2617 exsultant

548 2654 827 2708 Ecclesiae.
859 2655 926 2708 Et
955 2654 1084 2724 quid
1117 2666 1392 2710 terrenum
1422 2654 1607 2709 orbem
1650 2654 1888 2724 loquor?
1916 2653 2127 2709 Caelum

550 2745 727 2812 ipsum
776 2746 977 2814 gaudio
1013 2747 1273 2815 repletum
1327 2756 1411 2800 est
1446 2762 1461 2800 :
1497 2750 1641 2816 quod
1677 2761 1783 2799 non
1831 2747 2006 2799 solum
2038 2761 2129 2800 su-

550 2850 771 2904 premus
810 2837 1115 2890 antistitum
1158 2846 1498 2895 nostrorum.
1546 2837 1787 2905 episcopi
1835 2852 1899 2891 ac
1943 2852 2128 2891 sacer-

551 2926 726 2987 dotes,
755 2926 1012 2994 przesides
1036 2926 1409 2981 cmuobiorum
1435 2936 1491 2982 et
1512 2927 1786 2994 discipuli,
1809 2927 1904 2982 sed
1933 2937 1986 2981 et
2015 2941 2132 2981 mo-

555 3016 743 3070 nachaa
774 3032 899 3071 cum
939 3018 1399 3074 moderatricibus
1448 3020 1565 3075 suis
1614 3018 1863 3087 martyrii
1894 3018 2132 3072 stadium

2227 1915 2367 1985 ὑπὲρ
2411 1911 2650 1983 Χριστοῦ
2691 1910 3014 1982 μαρτυρίοις
3060 1909 3309 1963 ὲναθλεῖν
3353 1906 3656 1978 ἠξιὼμεθα
3683 1922 3698 1937 ·
3741 1910 3831 1961 ὅτι

2225 2006 2495 2075 φυλακαῖς
2523 2020 2583 2057 τε
2606 2003 2700 2057 καὶ
2728 2002 2941 2072 θλίψεσι
2969 2000 3059 2056 διὰ
3077 2001 3167 2053 τὸν
3199 2000 3357 2068 λόγον
3385 1999 3477 2052 τοῦ
3506 1998 3652 2052 Θεοῦ
3677 2017 3832 2070 παρ-

2228 2098 2493 2170 εδόθημεν
2518 2114 2533 2130 ο
2581 2098 2664 2150 ὅτι
2701 2096 2939 2165 πληγαῖς
2976 2112 3035 2147 τε
3072 2094 3167 2147 καὶ
3206 2092 3398 2163 ὕϐρεσι
3434 2092 3525 2144 διὰ
3569 2093 3828 2163 Χριστὸν

2225 2192 2317 2245 τὸν
2335 2193 2474 2261 ὑπὲρ
2499 2190 2657 2262 ἡμῶν
2677 2188 3044 2260 μαστιχθέντα
3064 2188 3159 2239 καὶ
3183 2184 3553 2240 όνειδισθέντα
3570 2203 3584 2214 ·
3621 2185 3827 2238 ἔπειτα

2227 2284 2321 2338 καὶ
2356 2281 2744 2352 σταυρωθέντα
2784 2279 3194 2350 ὑπεϐλήθημεν.
3228 2278 3326 2340 Τίς
3374 2276 3478 2329 οὐκ
3532 2275 3821 2339 αίνέσειε;

2227 2377 2312 2438 τίς
2337 2374 2399 2428 οὗ
2429 2373 2703 2439 δοξάσειεν
2726 2389 2742 2439 ;
2779 2370 3040 2441 Ἀνατολὴ
3063 2369 3274 2441 ἥδεται,
3302 2368 3466 2432 Δύσις
3512 2366 3823 2435 εὐφραίνε-

2228 2483 2353 2520 ταιο
2400 2467 2553 2519 πᾶσα
2625 2463 2923 2535 Ἐκκλησία
2978 2463 3080 2533 τῆς
3118 2463 3537 2534 τετραπεράτου
3575 2459 3825 2519 κτίσεως

2233 2558 2547 2627 ἀγάλλεται.
2584 2558 2697 2611 Καὶ
2736 2557 2787 2610 τί
2823 2556 2969 2625 λέγω
3000 2556 3091 2609 τὸν
3137 2555 3422 2626 περίγειον
3457 2553 3709 2619 κόσμον;
3759 2550 3821 2603 '0

2230 2650 2463 2721 οὐρανὸς
2488 2649 2652 2714 αὐτὸς
2694 2648 2966 2719 θυμηδίας
3000 2646 3359 2717 πεπλήρωται
3385 2659 3398 2672 ·
3432 2645 3515 2697 ὅτι
3552 2644 3617 2695 οὐ
3650 2643 3820 2713 μόνον

2231 2746 2259 2796 ὁ
2292 2743 2589 2811 κορυφαῖος
2630 2740 2740 2794 τῶν
2771 2739 2895 2795 καθ’
2922 2740 3069 2811 ἡμᾶς
3108 2738 3401 2810 ίεραρχῶν,
3448 2735 3709 2807 ίεράρχαι
3761 2753 3823 2790 τε

2234 2837 2331 2889 καὶ
2381 2837 2571 2907 ἱερεῖς,
2600 2834 2979 2905 καθηγεμόνες
3001 2850 3061 2886 τε
3098 2832 3195 2884 καὶ
3230 2829 3508 2899 φοιτηταὶ,
3540 2828 3683 2883 ἀλλά
3726 2830 3824 2881 καὶ

2240 2927 2571 3001 μονάζουσαι
2611 2929 2707 2981 σὺν
2750 2925 3148 2997 προεστώσαις,
3175 2923 3382 2976 εἴλοντο
3421 2922 3489 2975 τά
3533 2922 3637 2993 τῆς
3673 2938 3822 2993 μαρ-

2236 3022 2430 3091 τυρίας
2464 3021 2785 3089 σκάμματα.
2840 3016 2946 3070 Ἐὦ
2967 3016 3150 3084 λέγειν
3177 3014 3307 3077 τοὺς
3334 3015 3392 3067 ἐν
3420 3014 3689 3085 ἐρημίαις
3722 3012 3823 3065 καὶ

556 3107 819 3175 ingressae
848 3118 998 3161 sunt.
1030 3107 1188 3163 Mitto
1228 3109 1350 3163 illos
1383 3109 1565 3163 dicere
1600 3110 1693 3177 qui
1725 3109 1777 3162 in
1818 3109 2050 3164 desertis
2083 3117 2136 3165 et

2243 3114 2414 3183 ὄρεσι,
2450 3113 2546 3165 καὶ
2578 3107 2891 3179 σπηλαίοις,
2931 3110 3026 3163 καὶ
3080 3109 3203 3170 ταῖς
3239 3108 3401 3170 ὀπαῖς
3451 3108 3552 3177 τῆς
3596 3107 3725 3176 γῆς,
3758 3107 3823 3157 ὲκ

556 3198 858 3260 montibus,
886 3198 939 3251 in
972 3198 1247 3267 speluncis
1267 3209 1321 3253 et
1349 3199 1402 3252 in
1431 3200 1683 3254 cavernis
1715 3210 1893 3265 terra),
1922 3203 2136 3257 exsules

2245 3173 2544 3275 ιρυγαδείας
2596 3173 2967 3273 θλιβομένους,
3014 3198 3471 3269 ὑστερουμένους,
3507 3173 3820 3266 -κακουχουο

559 3287 896 3357 alﬂiguntur,
935 3290 1173 3359 inopiam
1211 3291 1498 3359 patiuntur
1527 3300 1582 3345 et
1614 3285 1767 3346 dura'
1793 3307 1894 3362 pro
1925 3292 2136 3347 Christo

2248 3296 2443 3365 μένους
2476 3294 2564 3347 διὰ
2594 3294 2687 3347 τὸν
2715 3295 2855 3364 ὑπὲρ
2884 3292 3123 3363 Χριστοῦ
3144 3292 3408 3361 διωγμόν.
3432 3291 3674 3353 Εἰκότως
3701 3288 3822 3350 οῦν,

561 3381 943 3449 persecutione
987 3393 1275 3437 vexantur.
1316 3382 1510 3439 Merito
1560 3384 1764 3454 itaque,
1812 3386 1999 3455 fratres
2042 3388 2136 3438 mei

2243 3385 2497 3455 ἀδελφοί
2536 3402 2654 3454 μου
2686 3384 3057 3455 ἠγαπημένοι
3101 3382 3201 3437 καὶ
3248 3383 3618 3447 ἐπιπόθητοι,
3668 3381 3823 3448 χαρὰ

562 3472 746 3525 dilecti
769 3482 819 3526 et
850 3471 1320 3539 desideratissimi,
1361 3476 1613 3545 gaudium
1639 3486 1687 3529 et
1720 3492 1917 3529 corona
1945 3491 2059 3528 mea
2075 3476 2136 3539 ³⁷,

2248 3478 2349 3532 καὶ
2381 3477 2687 3546 στέφανός
2710 3493 2850 3546 μου,
2880 3475 3058 3547 χαίρω
3094 3474 3191 3528 καὶ
3241 3472 3526 3542 συγχαίρω
3556 3470 3689 3540 ὑμῖν
3712 3486 3726 3501 ·
3763 3471 3823 3523 τὸ

564 3565 779 3633 gaudeo
810 3574 863 3618 et
898 3566 1252 3636 congratulor
1282 3566 1459 3622 vobis.
1491 3567 1729 3638 ldipsum
1758 3577 1937 3621 autem
1965 3577 2020 3621 et
2049 3582 2136 3622 vos

2246 3568 2291 3622 δ’
2318 3568 2557 3621 αὐτὸκαὶ
2574 3569 2733 3638 ὑμεῖς
2750 3568 2970 3638 χαίρετε
2998 3566 3093 3620 καὶ
3110 3563 3437 3634 συγχαίρετέ
3465 3579 3577 3631 μοι.
3608 3562 3821 3615 Παύλου

567 3654 799 3723 gaudete
855 3663 910 3709 et
957 3658 1415 3726 congratulamini
1485 3658 1642 3712 mihi.
1719 3657 1869 3712 Beati
1924 3659 2145 3728 quidem

568 3746 725 3800 Pauli
762 3756 892 3803 sunt
925 3746 1040 3801 haec
1069 3748 1257 3812 verba,
1295 3749 1395 3819 sed
1421 3747 1552 3803 huic
1580 3749 1811 3817 tempori
1842 3765 2151 3820 congruen-

570 3839 683 3893 tia:
719 3838 915 3894 Omnia
948 3838 1219 3909 siquidem
1255 3839 1324 3892 ad
1362 3849 1599 3892 nostram
1627 3840 1927 3895 doctrinam
1952 3844 2150 3913 scripta

569 3934 782 4001 sunt",
826 3942 881 3987 et
915 3934 1215 3988 imitatores
1262 3934 1346 3988 sui
1393 3948 1494 3989 nos
1522 3948 1645 3989 esse
1674 3934 2000 3989 obtestatur.
2032 3936 2151 3992 Pri-

572 4042 723 4080 mum
748 4041 881 4096 ergo
906 4026 1036 4080 illud
1063 4041 1186 4081 vere
1214 4026 1469 4091 dixerim,
1500 4042 1610 4081 non
1640 4037 1907 4097 quantum
1940 4029 2150 4094 volunt,

571 4119 913 4188 cupiuntque
966 4118 1002 4170 ii
1055 4119 1149 4186 qui
1200 4131 1304 4172 nos
1359 4126 1578 4181 vexant,
1632 4119 1896 4174 aerumnis
1931 4129 1987 4175 et
2018 4120 2154 4175 allii-

2252 3660 2353 3731 μὲν
2373 3659 2468 3712 τοῦ
2496 3658 2770 3730 μακαρίου
2800 3660 2856 3714 αἱ
2874 3657 3051 3727 φωναί
3070 3672 3083 3686 °
3107 3654 3186 3726 τῷ
3204 3654 3379 3725 καιρῷ
3398 3653 3457 3707 δὲ
3477 3653 3818 3725 πρέπουσαι·

2263 3750 2506 3820 Ἐπειδὴ
2536 3753 2624 3817 εις
2671 3749 2970 3819 ἡμετέραν
3012 3747 3343 3802 νουθεσίαν
3382 3744 3582 3803 πάντα
3616 3745 3819 3815 τέτρα-

2251 3858 2392 3897 πται
2417 3858 2433 3873 °
2464 3842 2561 3896 καὶ
2584 3842 2829 3912 μιμητὰς
2856 3838 3021 3895 αὐτοῦ
3060 3838 3352 3908 ὲκλιπαρεῖ
3382 3836 3628 3905 γίνεσθαι
3657 3836 3818 3906 ἡμᾶς.

2252 3936 2479 4008 Πρῶτον
2528 3935 2627 4007 μὲν
2684 3936 2862 3987 ἐκεῖνο
2912 3932 3112 4005 ἀληθὲς
3147 3933 3359 3985 εἰπεῖν*
3413 3931 3498 3984 ὅτι
3558 3930 3657 4000 οὐχ
3702 3930 3821 3981 ὅσον

2252 4029 2644 4102 προαιροῦνται
2674 4031 2768 4084 καὶ
2800 4028 3084 4099 βούλονται
3110 4028 3161 4081 oi.
3187 4024 3488 4089 κακοῦντες
3505 4025 3683 4095 ἡμᾶς,
3706 4025 3820 4085 ταῖς

2255 4124 2468 4194 θλίψεσι
2498 4123 2593 4177 καὶ
2625 4122 2979 4193 περιστάσεσι
3028 4117 3455 4191 παραδιδόμεθα.
3517 4115 3674 4169 Οὕτω
3711 4115 3817 4182 γὰρ

572 4209 851 4264 ctionibus
911 4224 1013 4263 nos
1042 4208 1239 4279 premi.
1291 4205 1386 4263 Sic
1430 4210 1575 4263 enim
1614 4210 1976 4269 intolerabilis
2018 4213 2132 4269 fore

2257 4215 2324 4270 ἂν
2352 4214 2676 4275 ἀνύποιστος
2724 4207 2792 4281 ἦν
2841 4212 2875 4281 ἡ
2904 4211 3076 4279 πεῖρα
3100 4226 3113 4240 ·
3143 4206 3288 4261 καθά
3321 4206 3418 4260 καὶ
3473 4205 3506 4274 ἡ
3532 4201 3681 4271 παρά
3715 4199 3820 4252 τῶν

576 4303 806 4357 tentatio
841 4319 856 4357 :
892 4302 1073 4371 qualis
1102 4316 1223 4371 quae
1267 4317 1299 4356 a
1348 4302 1693 4357 daemonibus
1741 4305 1955 4360 occulte
1999 4308 2136 4362 nubi:

2255 4308 2529 4378 δαιμόνων
2554 4305 2801 4375 ἀοράτως
2826 4304 2960 4373 ἡμῖν
3000 4297 3419 4371 προσϐάλλουσα
3439 4313 3453 4329 ·
3524 4292 3664 4349 ἀλλά
3692 4290 3821 4343 καθ-

577 4393 812 4447 infertur
842 4406 857 4445 :
890 4392 984 4447 sed
1011 4400 1277 4460 quantum
1315 4392 1584 4461 permittit
1610 4395 1925 4450 certaminis
1957 4411 2136 4464 praise:

2258 4400 2383 4454 όσον
2412 4398 2735 4469 παραχωρεῖ
2779 4397 2808 4448 ό
2855 4390 3210 4461 ἀγωνοθετῶν
3244 4390 3340 4443 καὶ
3379 4384 3657 4442 συναθλῶν
3694 4384 3820 4453 ἡμῖν

575 4492 633 4537 et
662 4482 934 4553 particeps
981 4480 1268 4536 nobiscum
1308 4480 1587 4547 Christus,
1634 4483 1724 4550 qui
1757 4498 1858 4550 pro
1891 4485 2136 4556 cujusqut

2265 4488 2519 4561 Χριστὸς,
2550 4486 2735 4557 μέτρῳ
2761 4485 2857 4538 καὶ
2879 4481 3110 4553 σταθμῷ
3134 4481 3237 4552 τῆς
3261 4481 3497 4534 ἑκάστου
3528 4474 3819 4544 δυνάμεως,

578 4573 781 4628 virium
814 4573 1038 4631 modulo
1084 4588 1151 4629 ac
1199 4587 1481 4642 mensura,
1526 4574 1677 4644 justo
1713 4575 1921 4644 judicio
1951 4593 2136 4648 agone:

2261 4584 2321 4637 ὲν
2352 4580 2535 4651 κρίσει
2568 4578 2753 4647 δικαίᾳ
2780 4576 2909 4639 τοὺς
2939 4574 3158 4644 ἀγῶνας
3201 4572 3457 4641 ἐπαφεὶς,
3498 4568 3533 4640 ἧ
3565 4567 3645 4631 εἰς
3684 4565 3821 4619 Exti-

580 4664 844 4725 immittit,
898 4663 984 4718 vel
1034 4662 1102 4717 ad
1148 4662 1474 4717 delictorum
1524 4663 1846 4730 vindictam,
1900 4665 1947 4719 si
1995 4666 2158 4721 modo

580 4764 775 4826 sponte
817 4756 883 4810 a‘d
922 4754 1239 4824 patiendum
1270 4755 1606 4821 accedimus,
1638 4756 1724 4810 vel
1751 4756 1818 4811 ad
1854 4758 2160 4813 victricium

581 4864 909 4907 coronarum
941 4849 1380 4914 retributionem,
1412 4864 1443 4904 e
1471 4849 1645 4919 gloria
1684 4851 1739 4904 in
1772 4850 2000 4921 gloriam
2033 4866 2164 4921 pro-

584 4948 980 5016 gredientibus.
1025 4945 1139 5001 Non
1171 4946 1318 5001 enim
1352 4947 1405 5001 in
1444 4946 1637 5003 iisdem
1672 4963 1794 5013 nos,
1826 4949 2026 5018 quibus
2061 4948 2166 5005 Pe-

587 5049 705 5093 trus
744 5045 801 5092 et
851 5036 1056 5092 Paulus
1105 5052 1229 5091 cum
1278 5038 1609 5107 aequalibus,
1662 5048 1759 5093 aut
1803 5039 2069 5111 Georgius
2116 5050 2171 5095 et

584 5128 914 5184 Theodorus
944 5145 1068 5185 cum
1103 5130 1347 5202 ejusdem
1378 5130 1563 5201 gloriae
1609 5132 1794 5197 sociis,
1845 5140 1940 5187 aut
1969 5131 2170 5189 Thecla

589 5230 646 5276 et
675 5220 946 5276 Febronia
975 5237 1099 5276 cum
1126 5221 1374 5291 paribus,
1405 5220 1583 5277 aﬂ‘ecti
1629 5224 1915 5279 tormentis
1942 5223 2171 5289 fuimus,

589 5314 645 5368 in
699 5312 924 5383 quibus,
978 5328 1101 5366 cum
1154 5313 1388 5367 multum
1442 5312 1761 5383 diligerent,
1818 5317 2173 5386 proportione

588 5402 937 5455 abundarunt
970 5409 1024 5455 et
1049 5401 1250 5456 Christi
1288 5416 1563 5457 concessae
1602 5404 1905 5472 passiones.
1943 5406 2011 5460 At
2048 5406 2173 5475 qui-

590 5495 696 5551 bus
727 5493 926 5563 exigua
956 5501 1041 5548 est
1066 5493 1304 5549 eharitas
1323 5534 1339 5561 ,
1368 5494 1436 5551 iis
1462 5496 1678 5551 minora
1708 5496 1871 5553 etiam
1896 5497 2009 5570 pati
2046 5514 2173 5555 con-

663 5627 708 5659 "
753 5626 951 5696 Philip.
1004 5642 1078 5692 iv,
1111 5628 1160 5683 i.
1240 5630 1284 5661 ’⁸
1326 5628 1483 5686 Rom.
1520 5647 1609 5695 xv.
1651 5631 1703 5685 4.

661 5738 738 5813 (⁸)
766 5738 1096 5815 Dogmatica.

2266 4690 2352 4728 σιν
2378 4670 2668 4743 ἁμαρτιῶν
2696 4686 2709 4700 °
2739 4670 2789 4723 ει
2828 4668 2925 4721 καὶ
2971 4665 3318 4735 αὐθαιρέτως
3369 4663 3579 4733 ἥκομεν
3622 4658 3746 4730 πρὸς
3767 4658 3822 4710 τὸ

2266 4762 2591 4840 πάσχειν-ἣ
2627 4762 2720 4815 ἐπὶ
2766 4757 3048 4828 στεφάνων
3093 4752 3474 4824 ἀθλοφορικῶν
3514 4748 3739 4820 ἀμοιϐὴν
3765 4750 3822 4801 ἐκ

2267 4858 2424 4923 δόξης
2457 4858 2539 4918 εἰς
2573 4854 2734 4919 δόξαν
2763 4848 3213 4924 προερχομένοις.
3255 4844 3349 4915 Μὴ
3380 4843 3491 4913 γάρ
3517 4841 3596 4905 ὡς
3639 4840 3821 4910 Πέτρος

2270 4952 2303 5021 ἢ
2337 4948 2549 5011 Παῦλος
2580 4947 2679 5001 σὺν
2706 4947 2819 5010 τοῖς
2845 4939 3194 5012 όμοταγέσιν,
3217 4935 3252 5007 ἢ
3281 4935 3562 5006 Γεώργιος
3590 4931 3680 4985 καὶ
3704 4929 3821 4983 Θεό-

2266 5041 2437 5112 δωρος
2460 5040 2557 5093 σὺν
2586 5039 2699 5101 τοῖς
2725 5033 3069 5107 όμοκλεέσιν,
3124 5029 3159 5101 ἢ
3211 5026 3400 5112 Θέκλαᾼ
3427 5024 3525 5078 καὶ
3567 5021 3823 5091 Φεσρωνία

2271 5110 2368 5188 σὺν
2390 5134 2510 5196 ταῖς
2528 5128 2828 5201 ὁμοδόξοις,
2848 5118 3297 5197 βεϐασανὶσμεθα
3318 5133 3333 5147 ο
3356 5110 3442 5180 οἷς
3467 5115 3605 5168 πολῦ
3631 5114 3824 5183 ἀγαπήο

2273 5242 2431 5279 σασιν
2458 5222 2743 5291 ἀναλόγως
2773 5218 3134 5289 περιέσσευσε
3168 5214 3264 5266 καὶ
3291 5210 3359 5264 τὰ
3384 5206 3630 5279 Χριστοῦ
3664 5205 3822 5275 παθή-

2276 5332 2422 5387 ματα
2448 5311 2820 5383 δεδωρημένα.
2851 5302 2948 5371 Οἷς
2967 5307 3024 5361 δὲ
3049 5305 3109 5360 τὸ
3132 5303 3235 5373 τῆς
3266 5300 3619 5369 ἀγαπήσεως.
3647 5296 3820 5365 ὀλίγον,

2275 5407 2619 5476 ἐνδεέστερον
2667 5402 2765 5457 καὶ
2795 5400 2858 5454 τό
2912 5398 3145 5468 πάσχειν
3172 5411 3189 5428 ο
3234 5391 3379 5447 ὥστε
3428 5388 3713 5443 λυπεῖσθαι
3741 5387 3824 5440 καὶ

2276 5501 2586 5571 δυσφορεῖν,
2628 5497 2711 5552 ὅτι
2748 5493 2825 5567 μὴ
2852 5490 3024 5546 πολλὰ
3056 5485 3402 5554 πανθάνομεν
3424 5498 3438 5514 ⁸
3475 5480 3581 5535 οὐκ
3610 5476 3823 5535 ἀλλοιοῦ-
