3990 6318
181 393 318 462 1181

1379 397 1920 460 EPISTOLARUM
1957 401 2103 461 LIB-
2142 399 2228 461 II.

3297 400 3439 467 1182

173 513 302 566 σθαι
339 511 449 565 δεῖν
476 509 571 564 καὶ
614 508 956 581 ἀποκάμνειν
983 511 1042 564 ἒν
1065 507 1149 574 οἷς
1195 511 1436 581 μετρίως
1465 513 1632 582 ἐσμὲν
1661 529 1746 565 τι-

1874 514 2100 581 :editur;
2154 520 2216 568 ut
2243 511 2430 568 dolere
2484 517 2648 580 atque
2697 525 2840 583 aegre
2885 509 3028 566 ferre
3071 512 3218 581 quod
3265 515 3434 567 multa

174 600 365 672 μωροὺ
374 617 549 672 μενοι.

245 778 311 830 El
353 777 410 829 δὲ
453 777 782 845 ἐκπέσωμεν
807 789 822 806 ⁸
870 775 1009 846 ὅπερ
1037 775 1205 845 ἀπείη
1260 775 1354 828 καὶ
1399 777 1599 829 ἐννοεῖν
1625 792 1640 808 ο
1691 777 1753 830 οὑ

169 867 330 938 παρὰ
361 868 459 938 τὴν
491 866 770 940 θεόκριτον
798 867 1017 937 ἐπαφήν
1042 884 1056 898 ·
1095 868 1246 937 παρά
1282 869 1339 920 δὲ
1371 868 1474 938 τὴν
1522 867 1618 920 τοῦ
1651 885 1752 920 κα-

171 957 680 1027 ταμαλακισθέντος
710 958 950 1023 ἀτονίαν,
973 960 1068 1010 καὶ
1100 958 1392 1028 ἀκαρδίαν,
1420 960 1515 1012 καὶ
1539 959 1751 1014 ἀθεῖαν.

185 1049 247 1102 Ὀ
282 1051 383 1119 μὲν
403 1051 510 1120 γὰρ
531 1049 730 1104 δέδωκε
755 1050 816 1102 τὸ
842 1049 1048 1118 ἰσχύειν
1075 1050 1216 1102 κατὰ
1234 1049 1327 1104 τοῦ
1356 1051 1596 1120 πονηροῦ
1621 1053 1757 1122 κρά-

169 1159 306 1206 τους
322 1158 335 1172 °
359 1143 656 1213 νικηφόρον
689 1141 1016 1211 βουλόμενος
1041 1143 1134 1194 τὸν
1162 1143 1475 1213 ἀγωνιστὴν
1497 1142 1717 1195 ἔσεσθαι
1737 1159 1750 1172 ·

172 1236 205 1287 6
236 1233 294 1286 δὲ
327 1233 586 1304 ὀλιγωρίᾳ
620 1233 783 1304 ῥίψας
809 1232 877 1286 τὰ
905 1233 1004 1303 τῆς
1038 1234 1321 1303 ὑπομονῆς
1367 1233 1507 1287 ὅπλα
1548 1233 1719 1286 ῶλετο
1740 1274 1754 1286 .

173 1325 406 1394 Μάρτυς
433 1323 526 1375 τοῦ
581 1323 740 1391 λόγου
791 1324 822 1375 6
869 1324 1091 1394 κράζων
1113 1340 1126 1354 ·
1157 1323 1381 1389 Πιστὸς
1427 1327 1460 1377 ό
1492 1322 1658 1388 Θεὸς,
1690 1322 1756 1387 ὃς

174 1416 293 1468 οὐκ
323 1412 487 1467 ἐάσει
512 1412 669 1482 ὑμᾶς
708 1412 1111 1482 πειρασθῆναι
1163 1413 1316 1480 ὑπὲρ
1367 1412 1399 1465 ὃ
1451 1411 1716 1464 δύνασθε
1740 1426 1753 1439 ·

175 1505 343 1559 ἀλλὰ
369 1504 610 1572 ποιήσει
649 1505 770 1558 σὺν
804 1502 882 1568 τῷ
901 1503 1209 1572 πειρασμῷ
1233 1504 1330 1556 καὶ
1361 1502 1477 1569 τὴν
1504 1501 1758 1555 ἔκϐασιν

175 1597 289 1651 τοῦ
342 1595 638 1651 δύνασθαι
675 1595 830 1664 ὑμᾶς
862 1595 1240 1665 ὑπενεγκεῖν.
1266 1589 1394 1648 Ὧδε
1421 1596 1455 1666 ὴ
1487 1593 1755 1664 ὑπομονὴ,

173 1687 400 1757 ἀδελφοί
425 1705 437 1717 ⁸
476 1682 577 1741 ὧδε
600 1691 648 1741 oi
676 1688 962 1741 θεόπ).οκοι
1006 1687 1263 1756 στέφανοι
1295 1687 1394 1756 τῆς
1444 1686 1755 1747 εὑπιστίας.

176 1780 273 1849 Μὴ
300 1775 392 1834 οὖν
437 1778 894 1850 ὲπαισχυνθῶμεν
938 1780 998 1832 τὸ
1051 1778 1354 1848 μαρτύριον
1411 1775 1507 1829 τοῦ
1550 1776 1757 1847 Κυρίου

177 1871 340 1940 ἡμῶν
367 1887 378 1898 ·
420 1870 556 1940 μηδὲ
585 1870 1003 1938 ἀπολειφθῶμεν
1033 1869 1292 1923 Θαδδαίου
1330 1867 1423 1921 τοῦ
1476 1867 1758 1920 νεολέκτου
1793 1851 1832 1905 Β

181 1963 483 2030 μάρτυρος,
511 1962 605 2014 καὶ
629 1960 737 2013 τῶν
769 1961 1343 2028 συνομολογησάντων,
1382 1961 1474 2014 καὶ
1502 1959 1760 2029 συνεκδη-

182 2054 479 2122 μησάντων
524 2053 702 2105 ὀπίσω
745 2051 938 2105 αὑτοῦο
977 2044 1051 2105 ὧν
1097 2052 1210 2104 ῐστε
1263 2052 1327 2122 δὴ
1374 2053 1442 2106 τὰ
1489 2053 1756 2123 ὀνόματα.

179 2144 390 2212 Αῖματι
423 2143 715 2214 μαρτύρων
746 2141 981 2213 ὴρδεύθη
1014 2143 1110 2195 καὶ
1139 2142 1234 2197 νῦν
1263 2146 1297 2214 ὴ
1341 2144 1637 2215 Ἐκκλησία
1663 2145 1759 2198 τοῦ

180 2237 319 2290 Θεοῦ
339 2255 353 2268 ·
389 2237 513 2290 ἐπεὶ
545 2237 636 2289 καὶ
666 2236 952 2306 ἀρδεύεται
973 2236 1060 2289 διὰ
1083 2237 1192 2290 τῶν
1228 2238 1309 2291 ἔτι
1334 2237 1642 2292 ἀθλούντων
1668 2240 1761 2292 καὶ

181 2328 539 2398 πολυτρόπως
572 2328 981 2397 ἐκπιεζομένων
1008 2332 1126 2392 ταῖς
1168 2328 1435 2398 θλίψεσιν.
1486 2325 1635 2397 Αἷμα
1668 2346 1755 2382 κε-

179 2423 322 2472 νοῖὸ
347 2419 762 2489 καθειργμένος,
798 2421 826 2472 6
868 2423 1278 2491 μεμονωμένος,
1313 2423 1342 2473 6
1391 2423 1760 2492 στενοχωρού-

184 2527 372 2580 μενος,
397 2513 425 2563 6
449 2510 880 2581 ἀφηρπασμένος
910 2514 972 2564 ὲκ
997 2512 1198 2575 παντὸς
1220 2512 1530 2582 προσώπου,
1552 2517 1580 2566 6
1604 2515 1759 2566 ὑστε⁶

184 2601 451 2673 ρούμενος
481 2601 589 2656 τῶν
620 2603 762 2655 κατὰ
794 2605 1006 2674 χρείαν,
1039 2607 1068 2658 6
1100 2605 1322 2667 πεινῶν,
1343 2608 1372 2656 ὁ
1401 2605 1592 2673 διψῶν,
1621 2609 1648 2659 6
1685 2606 1760 2676 μὴ

179 2694 285 2764 τὴν
315 2695 409 2747 τοῦ
440 2693 589 2764 ἡλίου
625 2695 818 2749 ἀκτῖνα
859 2695 1145 2766 δεχόμενος
1167 2736 1182 2760 ,
1242 2696 1567 2766 καθημέραν
1621 2699 1760 2749 ἀπο-

183 2782 459 2852 θνήσκων,
489 2781 562 2843 ὡς
577 2782 675 2852 βοᾷ
693 2784 924 2850 Παῦλος,
955 2786 1046 2837 καὶ
1072 2785 1202 2854 ὃλην
1225 2785 1324 2853 τὴν
1349 2785 1563 2854 ἡμέραν
1585 2785 1752 2837 θανα-

182 2875 468 2942 τούμενος,
495 2873 570 2936 ὡς
601 2874 717 2945 ᾅδει
743 2876 932 2929 Δαϐίδ.
971 2876 1112 2928 Ἀλλ’
1131 2878 1184 2928 εί
1215 2876 1627 2943 ἀποθάνωμεν,
1661 2876 1759 2928 καί

183 2961 535 3031 συζήσομεν
567 2966 799 3032 Χριστῷ
827 2982 840 2996 ο
894 2968 946 3019 εί
979 2966 1417 3034 ὑπομείνωμεν,
1468 2966 1565 3018 καὶ
1603 2983 1761 3032 συμ-

185 3054 826 3124 ϐωιλέυσομεναὺτῷ.
862 3057 948 3108 Ἐν
969 3058 1079 3118 τοῖς
1105 3056 1217 3108 ἀνω
1246 3057 1459 3125 χρόνοις
1482 3055 1762 3121 ἐξελέξατο

1860 620 1967 658 non
2004 605 2264 673 patimur,
2297 618 2407 656 non
2436 602 2645 656 turbari
2678 616 2779 658 nos
2812 602 3022 669 deceat,
3054 617 3231 672 neque
3258 601 3435 674 frangi

1857 693 1928 748 ob
1954 693 2248 747 mediocria
2285 691 2398 746 haec
2426 691 2689 760 supplicia
2723 705 2846 760 quae
2875 690 3233 745 sustinemus.

1928 785 2082 852 Quod
2114 787 2159 840 si
2206 785 2592 848 ceciderimus,
2641 783 2786 852 quod
2837 782 2980 836 absit
3021 781 3104 836 vel
3149 780 3433 851 cogitaret

1859 894 1968 932 non
1997 878 2063 932 ad
2090 877 2338 931 divinum
2373 876 2688 946 impulsum,
2722 874 2814 929 sed
2849 874 2915 927 ad
2949 873 3071 942 ejus
3121 873 3217 940 qui
3260 871 3441 927 factus

1857 979 1941 1024 est
1982 969 2390 1032 remissionem,
2432 976 2486 1022 et
2527 967 2826 1036 ignaviam,
2868 964 3315 1033 impietatemque
3350 979 3439 1016 re-

1861 1059 2172 1114 ferendum.
2207 1059 2353 1114 Deus
2373 1058 2518 1113 enim
2546 1058 2694 1112 vires
2719 1057 2867 1110 dedit
2888 1055 3153 1110 adversus
3174 1054 3440 1109 daemonis

1859 1151 2196 1219 potentiam,
2254 1149 2520 1202 victorem
2576 1146 2766 1201 volens
2816 1144 3082 1198 athletam
3132 1142 3302 1197 ﬁeri:
3351 1142 3439 1196 hic

1859 1257 1992 1297 vero
2042 1239 2371 1310 negligentia
2422 1253 2557 1304 sua,
2603 1238 2884 1308 patientia:
2935 1250 3093 1291 arma
3140 1235 3440 1305 projiciens

1862 1330 2045 1400 periit.
2082 1329 2259 1385 Testis
2285 1330 2479 1383 horum
2514 1328 2606 1399 qui
2640 1328 2842 1383 clamat
2873 1347 2886 1382 :
2927 1327 3132 1381 Fidelis
3159 1325 3324 1389 Deus,
3347 1325 3438 1395 qui

1860 1439 1963 1475 non
1993 1421 2223 1490 patietur
2252 1436 2338 1475 vos
2371 1421 2574 1474 tentari
2601 1435 2766 1488 supra
2802 1420 2858 1474 id
2888 1418 3029 1489 quod
3063 1419 3320 1488 potestis;
3349 1416 3439 1470 sed

1862 1513 2022 1581 faciet
2054 1529 2174 1566 cum
2223 1513 2511 1566 tentatione
2550 1523 2881 1581 proventum,
2919 1522 2976 1565 ut
3011 1511 3228 1580 possitis
3277 1511 3440 1563 sustio

1861 1605 2063 1657 nere”.
2107 1601 2229 1668 llic,
2265 1602 2486 1668 fratres,
2536 1602 2794 1671 patientia
2824 1620 2839 1670 ;
2877 1603 2963 1656 hic
2989 1617 3111 1671 quas
3139 1617 3168 1655 a
3203 1601 3311 1654 Deo
3342 1615 3440 1654 ne-

1861 1703 2086 1750 ctuntur
2118 1694 2240 1748 fidei
2273 1708 2511 1749 coronae.
2542 1691 2622 1748 Ne
2648 1693 2818 1765 igitur
2855 1693 3250 1749 erubescamus
3287 1692 3440 1746 testi-

1861 1786 2106 1841 monium
2142 1785 2356 1839 Domini
2406 1786 2604 1851 nostri,
2668 1798 2769 1839 nec
2798 1784 2941 1839 vinci
2973 1800 3074 1840 nos
3105 1784 3374 1854 patiamur
3411 1797 3442 1837 a

1862 1878 2137 1933 Thaddreo
2168 1876 2373 1931 recenti
2411 1885 2675 1948 martyre,
2722 1876 2900 1946 iisque
2931 1876 3024 1946 qui
3067 1891 3173 1931 una
3206 1875 3444 1932 confessi

1861 1979 1987 2040 post
2025 1985 2150 2024 eum
2202 1968 2495 2024 abierunt:
2523 1983 2760 2033 quorum
2805 1968 2908 2037 ipsi
2959 1967 3181 2021 nomina
3224 1966 3442 2022 tenetis.

1865 2060 2161 2132 Martyrum
2189 2059 2458 2130 sanguine
2493 2059 2716 2130 irrigata
2752 2059 3052 2113 etiamnum
3085 2067 3168 2112 est
3205 2056 3445 2112 Ecclesia

1866 2151 1961 2205 Dei
1995 2171 2008 2206 :
2047 2159 2210 2219 atque
2235 2149 2372 2207 adeo
2407 2149 2665 2220 irrigatur
2690 2163 2786 2221 per
2813 2163 2909 2202 eos
2935 2149 3027 2218 qui
3057 2148 3236 2202 adhuc
3262 2148 3448 2202 decer-

1863 2249 2000 2304 tant,
2058 2251 2113 2296 et
2166 2240 2334 2294 variis
2390 2239 2652 2294 aerumnis
2705 2237 3057 2292 alllictantur.
3113 2238 3445 2306 Sanguinem

1864 2332 2046 2386 fundit
2083 2331 2177 2401 qui
2211 2331 2460 2386 inclusus
2501 2339 2740 2395 tenetur,
2770 2329 2864 2399 qui
2907 2328 2976 2382 ab
3014 2328 3135 2382 aliis
3164 2329 3447 2396 sejunctus

1861 2433 1966 2487 est,
1989 2424 2082 2492 qui
2113 2423 2166 2476 in
2194 2424 2463 2494 angustiis
2491 2422 2850 2492 positus,.qui
2882 2421 2950 2475 ab
2977 2420 3124 2476 omni
3150 2430 3446 2489 conspectu

1863 2525 2144 2577 remotus,
2195 2516 2289 2584 qui
2365 2516 2532 2569 rebus
2567 2513 2892 2569 necessariis
2941 2512 3277 2578 destitutus,
3349 2513 3446 2579 qui

1861 2611 2058 2674 esurit,
2090 2607 2180 2678 qui
2229 2607 2366 2673 sitit,
2398 2607 2490 2676 qui
2527 2605 2662 2660 solis
2693 2605 2906 2658 radium
2958 2618 3066 2656 non
3103 2603 3272 2666 videt,
3310 2618 3448 2672 quo-

1865 2703 1994 2756 tidie
2038 2700 2316 2764 moriens,
2366 2709 2425 2753 ut
2475 2699 2718 2769 loquitur
2765 2697 2968 2751 Paulus
2987 2696 3055 2761 ³⁸,
3101 2706 3157 2749 et
3200 2704 3308 2748 tota
3362 2694 3450 2748 die

1865 2793 2247 2856 niurtificatus,
2291 2801 2350 2846 ut
2392 2790 2540 2844 canit
2595 2789 2762 2843 David
2794 2789 2859 2842 ³¹.
2912 2787 3018 2842 Sed
3046 2789 3093 2841 si
3132 2787 3450 2840 commortui

1863 2885 2083 2947 erimus,
2139 2892 2190 2936 et
2237 2883 2569 2935 convivemus
2625 2880 2883 2934 Christo:
2918 2879 2964 2932 si
3015 2878 3447 2940 sustinuerimus,

1865 2985 1914 3026 et
1978 2973 2505 3043 conregnabimus“.
2567 2970 2953 3040 Superioribus
3004 2967 3222 3024 saeculis
3290 2967 3451 3036 elegit

1867 3066 2044 3135 gratia
2095 3081 2237 3134 quos
2286 3066 2450 3134 elegit
2506 3063 2573 3117 ad
2623 3062 2828 3117 Christi
2893 3061 3292 3117 testimonium.
3346 3057 3452 3112 Per

187 3151 221 3216 ὴ
252 3147 412 3216 χάρις
456 3146 550 3212 οὓς
601 3146 884 3214 ἐξελέξατο
926 3150 1007 3210 εἰς
1037 3148 1097 3200 τὸ
1141 3147 1382 3215 Χριστοῦ
1439 3147 1761 3216 μαρτύριον.

1874 3165 2062 3210 aetates
2094 3155 2341 3224 singulas
2370 3154 2696 3209 exoriuntur
2727 3161 3016 3224 martyres.
3050 3151 3280 3205 Necesse
3312 3151 3452 3204 enim

187 3239 350 3292 Κατά
366 3240 559 3307 γενεάν
579 3243 671 3294 καὶ
683 3239 874 3306 γενεὰν
887 3238 1165 3307 ἀνίσχουσι
1185 3237 1483 3306 μάρτυρες.
1503 3238 1764 3306 Ἀνάγκη

1874 3257 1948 3301 est
1977 3255 2033 3299 ut
2071 3247 2282 3299 veniant
2321 3245 2608 3310 scandala,
2646 3244 2786 3301 dixit
2829 3244 3086 3298 Christus
3106 3245 3192 3298 “z
3228 3255 3286 3298 ut
3320 3245 3454 3300 solis

188 3333 304 3405 γὰρ
333 3330 534 3383 ἐλθεῖν
560 3329 630 3384 τὰ
661 3328 980 3383 σκάνδαλα
1000 3345 1012 3358 ·
1050 3326 1286 3398 Χριστὸς
1316 3327 1519 3396 ἔφησεν
1539 3344 1553 3357 ο
1604 3329 1690 3380 ἵνα
1717 3331 1766 3381 οἱ

189 3420 438 3476 ἐκλεκτοὶ
469 3423 753 3492 λάμψωσιν
780 3419 1058 3490 ἡλιοειδῶς
1076 3438 1090 3452 ·
1117 3420 1211 3474 καὶ
1235 3419 1303 3471 τά
1321 3417 1534 3483 ζιζάνια
1558 3421 1767 3492 φανερά

188 3511 421 3581 γένηται
451 3513 794 3574 νυκτοειδῶς.
1607 3521 1609 3523 ’

266 3604 590 3674 Γενοίμεθα.
615 3598 660 3658 ὦ
693 3604 934 3674 ἀδελφοὶ,
970 3609 1029 3661 ὲν
1061 3611 1125 3679 τῇ
1152 3611 1315 3679 γενεᾷ
1343 3606 1518 3679 ταύτῃ
1540 3609 1606 3677 τῇ
1639 3623 1767 3658 σκο-

190 3696 285 3766 λιᾷ
311 3697 407 3750 καὶ
435 3697 866 3770 διεστραμμένη,
905 3700 981 3763 ὼς
1012 3707 1300 3772 φωστῆρες
1348 3699 1683 3769 αὑγάζοντες
1709 3700 1768 3750 ὲν

191 3791 506 3860 σκοτομήνῃ
559 3790 658 3860 τῆς
708 3790 975 3859 αἱρέσεως
1012 3811 1026 3824 ·
1070 3794 1214 3848 καθά
1276 3795 1426 3864 ἡμᾶς
1484 3792 1768 3859 ἐξελέξατο

192 3881 433 3950 Χριστὸς
485 3882 565 3945 είς
612 3881 874 3951 καύχημα
905 3885 1072 3937 αὑτοῦ
1103 3888 1182 3948 είς
1230 3887 1386 3950 κλέος
1436 3883 1767 3956 ὀρθοδοξίας.

205 3973 298 4035 Ὠς
330 3974 460 4042 ημῖν
509 3976 559 4026 οἱ
590 3973 874 4038 ἀνέκαθεν,
906 3976 1078 4040 οὑτως
1110 3979 1270 4048 ἡμεῖς
1300 3980 1411 4040 τοῖς
1471 3976 1771 4048 μετέπειτα

195 4067 503 4135 στηριγμδς
531 4067 627 4120 καὶ
657 4065 1022 4136 ὑπογραμμὸς
1053 4067 1507 4138 ὑποδειχθείημεν
1528 4085 1540 4101 ·
1577 4069 1670 4121 καὶ
1693 4072 1772 4131 εἰς

192 4159 414 4227 ἡμέραν
451 4158 689 4229 Χριστοῦ
722 4158 1077 4230 εὑρεθείημεν
1130 4164 1470 4230 χορεύοντες.
1513 4161 1772 4226 Καίτοιγε

197 4247 316 4300 τῶν
337 4249 618 4319 προσεχῶν
646 4251 807 4317 ἡμεῖς
832 4249 1033 4318 μᾶλλον
1064 4251 1445 4321 φανερώτερον
1470 4250 1532 4303 τὸ
1563 4249 1772 4320 μαρτύ-

205 4356 323 4410 ριον
351 4338 567 4411 ἔχομεν.
594 4341 729 4393 Οὑδὲ
769 4339 878 4411 γάρ
908 4342 1034 4411 περὶ
1068 4342 1175 4396 τῶν
1208 4344 1266 4394 ὲν
1300 4341 1522 4412 Χριστῷ
1554 4341 1770 4409 φύσεων

205 4432 240 4500 ἢ
261 4429 604 4502 θελημάτων,
633 4433 727 4493 καὶ
747 4431 847 4484 ὅσα
869 4433 1006 4503 πρὸς
1023 4432 1233 4496 τούτοις
1254 4432 1771 4502 ἀμφισϐητούμενα·

1873 3339 1979 3393 ritu
2017 3339 2345 3408 splendeant
2374 3337 2558 3402 electi,
2591 3347 2646 3393 et
2685 3338 2895 3392 zizania
2924 3345 3190 3392 nocturna
3222 3353 3322 3392 sua
3350 3337 3452 3393 ob-

1874 3429 2136 3486 scuritate
2173 3429 2461 3483 manifesta
2500 3428 2653 3483 fiant.

1948 3605 2154 3669 Simus,
2193 3604 2414 3668 fratres,
2443 3606 2496 3657 in
2526 3603 2746 3658 natione
2775 3603 2879 3657 hac
2911 3615 3072 3669 prava
3101 3609 3154 3656 et
3180 3615 3454 3670 perversa,

1877 3707 2135 3768 tauquam
2163 3697 2334 3751 stellae
2364 3699 2608 3751 lucentes
2635 3697 2688 3749 in
2717 3695 2958 3750 tenebris
2990 3694 3285 3754 haereseos,
3313 3691 3457 3746 sicut

1874 3791 2036 3860 elegit
2086 3806 2186 3845 nos
2215 3788 2468 3844 Christus
2516 3789 2570 3842 in
2619 3788 2852 3858 gloriam
2901 3799 3081 3850 suam,
3126 3786 3193 3839 ad
3238 3785 3454 3839 laudem

1878 3884 2001 3938 fidei
2029 3883 2368 3938 orthodoxae.
2411 3880 2892 3947 Quemadmodum
2939 3878 3100 3932 nobis
3139 3878 3172 3931 ii
3202 3877 3295 3948 qui
3325 3877 3454 3931 olim

1880 3973 2137 4040 fuerunt,
2213 3974 2286 4028 ita
2350 3988 2452 4027 nos
2511 3971 2746 4041 posteris
2829 3969 3238 4031 stahilimento,
3292 3975 3457 4036 atque

1885 4066 2140 4134 exemplo
2177 4065 2392 4119 simus:
2424 4072 2484 4117 ut
2524 4065 2577 4116 in
2612 4062 2701 4116 die
2734 4061 2940 4115 Christi
2985 4059 3320 4117 exsultantes
3365 4071 3456 4111 re-

1882 4156 2176 4227 periantur.
2210 4155 2276 4209 Et
2309 4170 2438 4208 vero
2475 4155 2677 4208 clarius
2699 4162 2864 4220 atque
2891 4147 3257 4213 manifestius,
3289 4162 3455 4217 quam

1881 4247 2119 4316 majores
2162 4246 2361 4309 nostri,
2414 4243 2787 4298 testimonium
2827 4243 3110 4296 habemus.
3163 4240 3278 4293 Non
3310 4239 3455 4292 enim

1879 4341 1946 4394 de
1983 4338 2190 4393 Christi
2239 4338 2486 4400 naturis,
2527 4345 2622 4390 aut
2663 4335 3079 4396 voluntatibus,
3131 4339 3190 4389 et
3235 4331 3451 4386 caeteris

1881 4445 2001 4499 qua:
2047 4429 2100 4481 in
2150 4429 2510 4497 quaestionem
2559 4434 2754 4480 vocata
2808 4426 3074 4488 fuerunt;
3140 4425 3194 4477 in
3251 4420 3456 4492 quibus

198 4517 280 4576 ὢν
307 4524 341 4594 ἠ
387 4523 754 4596 διαμάρτησις
810 4526 952 4578 κατὰ
1005 4525 1074 4578 τὰ
1116 4526 1367 4595 νοήματα
1412 4520 1572 4582 οῦσα,
1621 4523 1766 4575 οὑδὲν

1881 4518 2258 4584 hallucinatio,
2309 4518 2573 4588 quoniam
2627 4519 2679 4570 in
2733 4515 3051 4570 nctionibus
3098 4514 3232 4583 ipsis
3278 4514 3457 4582 posita

198 4614 477 4683 αἰσθητῶς
509 4618 740 4687 παρεῖχε
789 4613 886 4685 τὴν
942 4616 1250 4681 ἀπόδειξινο
1292 4617 1387 4668 νῦν
1439 4615 1496 4668 δὲ
1529 4615 1626 4666 σὺν
1664 4615 1778 4676 τοῖς

199 4706 437 4775 νοήμασι
486 4705 581 4758 καὶ
610 4705 737 4758 κατ’
780 4703 1094 4774 ὀφθαλμοὺς
1123 4706 1185 4758 τὸ
1235 4703 1776 4775 ἀμφισϐητούμενον,

200 4798 323 4867 ῆτοι
351 4796 739 4866 ἀσεόούμενον.
765 4796 873 4849 Τδν
899 4796 1007 4866 γὰρ
1032 4797 1268 4866 Χριστὸν
1297 4800 1344 4849 οἱ
1374 4797 1766 4866 ἀντικείμενοι,

199 4890 264 4941 οὑ
307 4889 466 4959 μόνον
489 4889 590 4941 οὑκ
620 4887 977 4952 είκονίζεσθαι
1001 4886 1219 4954 λέγουσί
1245 4906 1303 4941 τε
1336 4888 1429 4942 καὶ
1467 4887 1774 4952 λοξονοοῦσι

203 4980 303 5032 σῦν
331 4983 398 5050 τῇ
426 4979 674 5050 Θεοτόκῳ
694 4981 788 5033 καὶ
819 4979 1130 5032 οὑτινοσοῦν
1151 4980 1262 5032 τῶν
1291 4981 1462 5049 ἁγίων
1479 4998 1491 5011 ο
1520 4980 1657 5034 ἀλλά
1681 4981 1776 5033 καὶ

203 5070 693 5142 ἐγγεγραμμένους
732 5071 1148 5139 ὲξαφανίζουσι·
1198 5070 1408 5140 πλάνην
1441 5073 1536 5125 καὶ
1557 5071 1781 5141 ὖλεθρον

203 5162 391 5233 ψυχῶν
441 5163 568 5225 τοὺς
603 5161 782 5225 θείους
835 5163 1193 5233 χαρακτῆρας
1237 5163 1676 5234 δογματίζοντες.
1709 5165 1776 5218 Ὢ

203 5252 303 5324 τῆς
337 5251 638 5320 Ἰουδαϊκῆς
683 5253 777 5305 καὶ
822 5252 1139 5323 Ἑλληνικῆς
1166 5254 1620 5317 ἀντιπεπονθότικς
1652 5255 1778 5308 ἀσε-

205 5343 387 5406 Gelae!
429 5341 598 5396 Οὐδὲν
632 5337 727 5398 οὖν
754 5343 864 5414 ἀρα
905 5345 966 5396 τὸ
1013 5344 1245 5396 καθόλου
1270 5361 1283 5375 ο
1325 5346 1358 5415 ἢ
1392 5345 1544 5413 παρά
1581 5345 1642 5398 τὸ
1681 5344 1782 5414 τῆς

204 5433 396 5496 οὐσίας
448 5434 728 5504 διάφορον,
781 5436 815 5504 ἠ
862 5433 1131 5504 ἐξαλλαγὴ
1188 5436 1246 5488 ὲν
1279 5430 1324 5503 ᾧ
1358 5439 1386 5489 6
1423 5437 1601 5504 λόγος.
1642 5436 1720 5506 Φὴ
1753 5437 1782 5488 6

218 5524 472 5586 Ἰουδαῖος
503 5523 622 5593 ῆτοι
642 5525 671 5575 6
695 5523 896 5594 Ἕλλην
925 5521 1004 5592 τῷ
1030 5525 1360 5594 Χριστιανῷο
1393 5526 1661 5596 Ἀρνησαι
1687 5525 1780 5578 τὸν

204 5613 464 5686 Χριστὸν,
494 5613 596 5685 τὴν
629 5613 871 5684 Μαρίαν.
907 5613 1079 5667 Τοῦτο
1100 5615 1193 5667 καὶ
1218 5616 1248 5667 6
1281 5617 1670 5687 Είκονομάχος.
1712 5617 1778 5670 'H

279 5835 325 5867 "
369 5833 414 5891 ll
444 5833 650 5902 Cons,
688 5833 776 5889 l8.
857 5835 900 5866 ³ο
941 5831 960 5887 l
995 5831 1122 5889 Cur.
1159 5849 1246 5899 xv,
1291 5835 1379 5890 5l.
1457 5837 1498 5870 ⁸¹
1539 5834 1684 5893 Psal.
1722 5850 1881 5904 xum,
1908 5834 2000 5889 22.
2079 5835 2123 5867 “
2164 5833 2210 5888 ll
2245 5831 2390 5889 Tim.
2432 5849 2491 5900 ιι,
2537 5830 2621 5887 12.

1881 4619 2022 4676 erat,
2059 4610 2265 4662 nullam
2299 4608 2402 4662 sub
2431 4622 2629 4661 sensus
2675 4604 3207 4661 demonstrationem
3244 4601 3408 4655 dabat
3443 4618 3455 4653 :

1883 4704 1978 4757 sed
2029 4715 2176 4755 nunc
2232 4699 2300 4754 de
2351 4699 2424 4754 iis
2484 4715 2607 4768 qua:
2661 4696 3020 4767 cogitationes
3073 4693 3239 4748 simul
3296 4699 3460 4760 atque

1883 4794 2075 4849 oculos
2137 4791 2376 4855 feriunt,
2425 4791 2695 4845 dubitatio
2747 4797 2861 4853 est,
2917 4803 3013 4843 seu
3065 4785 3246 4855 potius
3294 4785 3459 4852 impia

1885 4881 2104 4950 negatio
2132 4897 2146 4933 :
2180 4879 2461 4934 Christum
2495 4875 2768 4948 siquidem
2800 4874 3099 4932 adversarii
3137 4888 3242 4927 non
3281 4871 3458 4927 solum

1881 4973 2063 5041 eﬂingi
2100 4987 2262 5043 posse
2303 4979 2503 5040 negant
2535 4985 2599 5024 ac
2639 4984 2805 5039 prave
2838 4967 3120 5031 sentiunt;
3156 4964 3461 5032 eodemque

1883 5068 2048 5122 modo
2077 5065 2393 5135 Deiparam,
2447 5073 2612 5133 atque
2658 5071 2879 5117 sanctos
2913 5059 3188 5131 quoslibet
3217 5074 3248 5124 ;-
3270 5072 3460 5111 verum

1887 5173 2180 5228 expressos
2233 5157 2398 5212 etiam
2454 5156 2702 5220 abolent,
2754 5169 3003 5209 errorem
3054 5167 3119 5206 ac
3163 5149 3461 5220 perniciem

1889 5249 2199 5303 animarum
2250 5262 2440 5307 sacras
2494 5245 2762 5316 imagines
2816 5259 2939 5299 esse
2996 5241 3354 5296 aﬂirmantes.
3416 5238 3463 5293 0

1886 5341 2166 5397 Judaicam
2221 5343 2424 5411 pariter
2468 5347 2524 5394 et
2568 5339 2844 5394 ethnicam
2898 5335 3270 5406 impietatem!
3305 5332 3464 5388 Nulla

1889 5435 2057 5505 igitur
2081 5436 2356 5501 universe,
2392 5441 2488 5487 aut
2514 5430 2694 5501 quoad
2720 5430 3041 5485 substantiae
3073 5425 3463 5491 ditl'erentiam,

1890 5527 2127 5581 varietas
2159 5527 2213 5579 in
2247 5539 2314 5579 eo
2344 5525 2420 5578 'de
2465 5538 2576 5593 quo
2629 5536 2814 5577 sermo
2841 5528 2948 5575 est.
2981 5520 3070 5572 Ait
3116 5517 3340 5572 Judaeus
3369 5525 3467 5572 aut

1890 5617 2145 5673 ethnicus
2176 5615 2492 5672 Christiano
2517 5632 2530 5669 :
2557 5611 2703 5684 Nega
2719 5612 3026 5675 Christum,
3046 5622 3183 5680 nega
3205 5609 3428 5664 Mariam
3448 5627 3462 5663 :

2703 5832 2744 5863 ³³
2787 5829 2976 5886 Matth.
3013 5842 3174 5895 xvut,
3209 5825 3277 5882 7.
