3990 6318
557 339 695 405 “83

1746 350 1808 410 S.
1846 350 2240 412 THEODORI
2263 353 2610 414 STUDITA!

3683 345 3832 410 1184

554 459 657 511 hoc
687 459 863 526 ipsum
889 457 965 514 ait
993 469 1048 514 et
1076 459 1498 518 lconomachus.
1539 464 1724 534 Imago
1749 466 1894 519 enim
1919 467 2124 521 Christi

2239 469 2335 539 γὰρ
2370 469 2535 522 εἰκὼν
2564 467 2826 539 Χριστοῦ,
2860 467 3056 535 ὥσπερ
3081 466 3176 520 καὶ
3205 466 3304 536 τῆς
3324 464 3624 528 etatem»,
3667 464 3831 533 ὀμω-

551 559 606 600 et
647 547 930 617 Deiparze,
985 551 1181 605 eodem
1229 555 1452 608 nomine
1491 554 1743 610 Christus
1791 566 1846 610 et
1899 556 2125 625 Deipara

552 646 921 705 nuncupatur.
975 638 1157 704 Quare
1204 643 1298 709 qui
1349 642 1642 712 imaginem
1701 645 1886 714 negari
1934 646 2126 715 jubet,

552 742 677 780 eum
708 728 866 796 cujus
890 731 1070 798 imago
1096 741 1201 796 est,
1231 733 1414 801 negari
1447 735 1590 786 haud
1623 735 1787 788 dubie
1807 735 1983 804 jubet.
2011 736 2127 791 Non

554 833 695 882 mea,
751 819 844 887 qui
901 821 1086 874 nullus
1120 837 1264 883 sum,
1321 825 1436 877 haec
1484 825 1776 878 sententia.
1818 827 1958 879 Audi
1995 828 2128 896 quid

553 907 725 978 Μυγεί
758 911 906 966 dicat
952 913 1337 967 universorum
1392 913 1533 968 Deus
1563 934 1574 968 :
1614 913 1726 968 Fac
1757 916 2127 970 Cherubim“.

553 999 740 1068 Itaque
783 999 1080 1055 Cherubim
1133 1002 1399 1073 imagines
1447 1006 1561 1060 fieri
1599 1005 1791 1074 jussit.
1835 1006 1947 1062 Nec
1981 1010 2126 1061 enim

555 1097 808 1143 naturam
871 1091 1166 1146 Cherubim
1237 1094 1589 1161 designasse,
1657 1098 1854 1151 mentis
1904 1111 2130 1167 compos

555 1181 698 1235 ullus
730 1181 893 1236 dicet.
938 1181 1004 1235 Et
1045 1198 1262 1237 rursum
1300 1203 1312 1237 :
1349 1183 1452 1238 Fac
1484 1197 1778 1254 serpentem
1819 1203 2020 1241 a'neum
2042 1188 2127 1244 3':

553 1282 607 1325 et
643 1273 730 1325 hic
761 1288 980 1342 quoque
1025 1276 1292 1341 serpentis
1342 1278 1630 1346 imaginem
1679 1279 1909 1345 exprimi
1955 1281 2127 1349 jubet.

561 1365 757 1418 Verum
789 1368 901 1420 haec
933 1377 1016 1420 est
1047 1378 1243 1420 natura
1283 1371 1578 1440 prototypi,
1617 1379 1672 1424 et
1703 1371 1935 1438 exempli
1968 1373 2038 1425 ab
2062 1387 2130 1425 eo

557 1459 798 1520 deducti,
846 1469 904 1512 ut
933 1461 1242 1530 exemplum
1277 1464 1554 1534 archetypi
1606 1480 1800 1519 nomen
1833 1476 2036 1529 sumat,
2076 1476 2131 1520 et

557 1563 667 1600 uno
699 1551 913 1604 sublato
949 1551 1179 1606 alterum
1220 1554 1480 1617 tollatur,
1517 1563 1775 1623 tanquam
1820 1571 1942 1624 qua:
1966 1556 2130 1610 simul

554 1637 682 1689 sint.
705 1638 828 1692 Erat
847 1641 1091 1709 angelus,
1117 1642 1236 1696 ideo
1253 1643 1501 1712 etangeli
1519 1644 1699 1713 imago
1721 1654 2128 1714 :eratserpens,

555 1727 678 1782 ideo
711 1739 763 1782 et
793 1730 972 1797 imago
1004 1734 1296 1800 serpentis.
1327 1735 1526 1787 Eadem
1560 1744 1646 1788 est
1672 1736 1811 1789 ratio
1839 1737 1916 1790 rei
1946 1738 2130 1805 cujus-

2230 561 2413 630 νύμως
2442 560 2677 630 Χριστὸς
2713 561 2807 614 καὶ
2847 559 3112 621 Θεοτόκος
3139 558 3380 626 λέγεται.
3433 557 3602 609 Ὥστε
3639 556 3830 622 λέγων

2228 651 2325 720 τὴν
2346 651 2532 704 εἰκόνα
2560 651 2842 720 ἀρνεῖσθαι
2872 667 2886 681 ·
2928 651 3020 702 τὸν
3055 644 3266 712 οὗτινος
3301 650 3334 718 ἡ
3381 647 3568 711 εἰκὼν,
3605 648 3831 699 ἐκεῖνον

2227 741 2520 812 διαρρήδην
2559 740 2901 813 ἑξαρνείσθαι
2949 739 3230 808 ἀπαιτοίη.
3272 739 3362 808 Μὴ
3403 741 3515 808 γὰρ
3547 738 3686 806 ἐμοῦ
3723 737 3827 788 τοῦ

2228 831 2515 902 ούδαμινοῦ
2546 834 2574 884 6
2601 833 2776 900 λόγος.
2827 832 3027 884 ’Δκουε
3064 830 3118 883 τι
3156 845 3289 900 φησι
3315 830 3395 898 τῷ
3429 830 3622 882 Μωσεῐ
3648 830 3676 879 6
3702 829 3826 879 τῶν

2234 923 2370 976 ὅλων
2395 922 2548 986 Θεόςο
2579 924 2849 991 Ποίησον
2868 921 3179 991 Χερουόίμ.
3229 919 3338 974 Καί
3378 936 3459 972 τοι
3488 920 3678 972 εἰκόνα
3705 920 3826 971 Χε-

2237 1012 2438 1085 ρουϐὶμ
2465 1013 2693 1082 ποιῆσαι
2721 1014 3113 1086 προστέταχεν.
3139 1012 3212 1065 Ού
3257 1011 3366 1079 γάρ
3394 1027 3477 1063 τοι
3509 1009 3676 1078 φύσιν
3711 1010 3828 1062 Χε-

2233 1107 2489 1177 ρουσικὴν
2521 1105 2734 1177 φρονῶν
2770 1122 2854 1168 τις
2898 1105 3254 1174 παραστῆσαι
3296 1104 3462 1156 αὐτὸν
3515 1105 3678 1171 φαῖεν
3728 1105 3821 1156 ἄν.

2230 1199 2341 1252 Kal
2394 1193 2584 1261 αὖθις·
2641 1197 2917 1264 Ποίησον
2973 1197 3114 1266 ὄφιν
3177 1194 3488 1264 χαλκοῦν·
3555 1194 3652 1246 καὶ
3703 1194 3829 1262 μὴν

2230 1287 2508 1342 κάνταῦθα
2567 1288 2752 1341 εἰκόνα
2799 1288 2975 1356 ὄφεως
3024 1288 3200 1338 ποιεῖν
3241 1285 3598 1356 προστάσσει.
3668 1284 3824 1336 Ἀλλ’

2229 1381 2426 1450 αῦτηή
2462 1379 2625 1450 φύσις
2659 1379 3018 1451 πρωτοτύπου
3059 1378 3153 1431 καὶ
3203 1375 3566 1448 παραγώγου·
3605 1376 3669 1427 τὸ
3700 1391 3822 1427 πα-

2231 1473 2425 1543 ραχθὲν
2452 1473 2548 1525 εἰτ’
2573 1463 2666 1525 οὖν
2702 1471 2762 1526 τὸ
2787 1470 3086 1524 εἰκονισθὲν
3113 1469 3206 1523 τοῦ
3233 1467 3542 1539 ἀρχετύπου
3570 1467 3652 1537 τῷ
3688 1467 3820 1519 ὀνό-

2233 1583 2362 1634 ματι
2397 1565 2697 1630 καλεῖσθαι,
2737 1565 2834 1617 καὶ
2881 1564 2947 1632 τῇ
2981 1562 3207 1633 θατέρου
3257 1561 3536 1630 ἀναιρέσει
3573 1559 3821 1630 θάτερον

2230 1653 2592 1726 ἀναιρεῖσθαι,
2629 1653 2705 1716 ὼς
2740 1653 2848 1706 τῶν
2891 1651 3009 1722 ἀμα
3039 1652 3228 1704 όντων.
3276 1646 3385 1702 Ἦν
3429 1650 3682 1716 ἀγγελος,
3722 1649 3818 1700 διὰ

2230 1744 2388 1797 τοῦτο
2419 1744 2514 1796 καὶ
2543 1743 2706 1797 εἰκὼν
2742 1741 2979 1811 ἀγγέλου
3006 1758 3021 1772 ·
3069 1736 3137 1810 ἦν
3183 1741 3327 1808 ὄφις,
3368 1741 3457 1792 διὰ
3493 1739 3658 1791 τοῦτο
3718 1740 3821 1790 καὶ

554 1821 704 1874 libet.
755 1821 940 1892 Itaque
971 1834 1234 1878 vocantur
1277 1825 1550 1879 interdum
1587 1826 1806 1894 quidem
1841 1827 2126 1898 imagines,

2239 1837 2392 1890 εἰκὼν
2417 1835 2591 1905 ὄφεως
2624 1849 2639 1862 ·
2685 1807 3111 1888 καὶνοῦτινοσοῦν
3135 1807 3298 1885 ἄλλου
3335 1829 3446 1883 τῶν
3475 1831 3671 1884 ὅντων.
3703 1832 3822 1882 Καὶ

554 1928 789 1981 quorum
834 1914 1010 1982 reipsa
1049 1925 1177 1970 sunt
1211 1934 1224 1970 :
1263 1917 1533 1970 interdum
1583 1934 1731 1978 vero,
1778 1929 1999 1988 propter
2033 1921 2128 1974 ha-

554 2004 886 2070 bitudinem,
931 2018 1190 2076 tanquam
1232 2008 1524 2077 archetypa
1567 2006 1685 2078 ipsa
1716 2022 2126 2080 nuncupantur,

555 2105 610 2150 et
647 2110 755 2149 non
795 2097 1061 2167 imagines
1089 2113 1306 2152 eorum.

628 2191 742 2246 lloc.
782 2195 945 2245 modo
968 2191 1188 2246 divinus
1219 2192 1516 2262 Apostolus
1544 2194 1622 2248 ait
1653 2211 1668 2248 ι
1709 2193 1980 2264 Superque
2013 2213 2128 2249 eam

556 2282 837 2337 Cherubin:
899 2285 1085 2355 gloria
1135 2285 1505 2339 obumbrantia
1567 2288 2064 2355 propitiatorium“
2113 2307 2126 2344 :

2229 1926 2521 1982 καλοῦνται
2552 1923 2628 1996 πῆ
2667 1926 2765 1994 μὲν
2806 1926 3015 1987 εἰκόνες
3051 1920 3239 1994 ὦνπερ
3292 1923 3387 1975 καὶ
3426 1922 3570 1974 εἰσί*
3603 1922 3682 1991 πῆ
3731 1921 3818 1983 δὲ,

2228 2013 2314 2066 διὰ
2337 2013 2436 2083 τὴν
2459 2012 2661 2082 σχέσιν,
2686 2013 2760 2075 ὡς
2795 2012 2933 2065 αύτά
2959 2011 3029 2064 τὰ
3066 2011 3351 2081 ἀρχέτυπα
3401 2009 3816 2079 ὀνομαζόμενα,

2230 2104 2324 2156 καὶ
2349 2103 2448 2155 οὑκ
2467 2103 2676 2167 εἰκόνες
2705 2103 2906 2156 αὐτῶν.

2301 2193 2457 2246 υῦτω
2493 2193 2627 2263 φησί
2655 2193 2749 2248 καὶ
2776 2195 2804 2247 6
2847 2193 2989 2264 ἱερὸς
3024 2193 3377 2256 ’Δπόστολοςσ
3421 2192 3720 2260 Taede
3747 2193 3820 2246 δὲ

2229 2285 2421 2353 αὐτῆς
2447 2285 2731 2353 Χερουϐὶμ
2755 2284 2940 2350 δόξης
2967 2283 3436 2344 κατασκιάζοντα
3465 2285 3533 2336 τὸ
3562 2285 3819 2349 ἱλαστή-

557 2377 827 2445 prototypi
903 2393 1100 2432 nomen
1163 2379 1414 2432 tribuens
1469 2380 1820 2449 imaginibus.
1885 2382 2023 2434 Audi
2078 2390 2133 2436 et

2239 2393 2364 2440 pter
2385 2395 2399 2408 ο
2433 2375 2510 2446 τῷ
2538 2377 2767 2445 ὀνόματι
2793 2377 2902 2428 τῶν
2932 2375 3308 2446 πρωτοτύπων
3333 2375 3684 2445 χρησάμενος
3721 2377 3819 2427 ἐπὶ

557 2470 816 2526 Basillum
856 2486 1116 2542 magnum
1148 2490 1162 2526 :
1196 2491 1214 2523 ι
1253 2471 1604 2540 Exprimatur
1636 2474 1802 2526 etiam
1852 2474 1906 2527 in
1949 2475 2132 2528 tabula

556 2565 915 2618 crrtatninum
963 2578 1162 2634 praeses
1203 2563 1454 2619 Christus
1483 2565 1547 2616 ³⁷.
1588 2582 1606 2615 ι
1669 2566 1783 2617 Non
1815 2566 1960 2618 enim
2014 2566 2129 2618 ait:

563 2655 908 2723 Exprimatur
958 2655 1139 2724 imago
1197 2654 1447 2724 praesidis
1494 2655 1856 2708 certaminum
1904 2655 2130 2720 Christi,

555 2746 690 2809 sed,
748 2745 1020 2799 Christus.
1088 2745 1226 2798 Audi
1281 2754 1335 2798 et
1402 2743 1724 2811 Gregorium
1778 2742 2128 2812 Nyssenum:

563 2855 581 2888 ι
623 2837 831 2892 Ρι-ιῐεειο
865 2847 947 2891 est
980 2836 1150 2891 Isaac.
1184 2859 1202 2887 ο
1243 2837 1419 2904 Ipsam
1452 2836 1602 2889 Isaac
1632 2835 1947 2904 imaginem,
1988 2835 2134 2890 Isaae

557 2930 815 2999 appellat.
847 2927 988 2982 Audi
1034 2929 1489 2998 Chrysostomum
1524 2943 1536 2978 :
1579 2945 1597 2976 ι
1631 2925 1750 2978 Vidi
1787 2927 2036 2994 angelum
2079 2927 2130 2979 in

560 3022 819 3090 imagine.
859 3039 875 3070 ι
915 3019 1032 3073 Non
1066 3021 1211 3073 enim
1258 3019 1549 3086 imaginem
1591 3018 1770 3086 angeli
1815 3019 1868 3070 in
1901 3018 2134 3086 imagine

2231 2468 2341 2520 τῶν
2396 2467 2642 2521 εἰκόνων.
2701 2468 2900 2520 ’Δκουε
2931 2466 3025 2518 καὶ
3061 2465 3154 2518 τοῦ
3203 2464 3441 2534 μεγάλου
3478 2464 3772 2517 Βασιλείου
3799 2481 3815 2496 ο

2240 2575 2259 2608 ι
2310 2558 2703 2626 Ἐγγραφέσθω
2729 2557 2808 2626 τῷ
2842 2557 3036 2610 πίνακι
3068 2557 3163 2610 καὶ
3203 2557 3232 2606 6
3261 2555 3371 2607 τῶν
3409 2554 3818 2622 παλαισμάτων

2232 2650 2572 2719 ἀγωνοθέτης
2596 2652 2848 2719 Χριστός.
2884 2671 2902 2702 ι
2934 2651 3025 2720 Μὴ
3049 2651 3154 2721 γάρ
3193 2645 3383 2702 εἶπεν*
3418 2649 3819 2720 Ἐγγραφέσθω

2233 2745 2266 2812 ἡ
2289 2741 2454 2794 εἰκὼν
2483 2741 2573 2793 τοῦ
2596 2743 2706 2794 τῶν
2735 2741 3137 2811 παλαισμάτων
3157 2739 3497 2807 ἀγωνοθέτου
3530 2743 3776 2812 Χριστοῦ
3802 2759 3815 2772 ·

2232 2835 2388 2894 ἀλλὰ,
2414 2834 2668 2903 Χριστός.
2700 2833 2897 2886 Ἀκουε
2925 2832 3021 2885 καὶ
3054 2831 3355 2901 Γρηγορίου
3385 2830 3483 2884 τοῦ
3505 2832 3774 2895 Νυσσέως
3800 2849 3812 2862 ·

2238 2942 2256 2975 ι
2302 2925 2592 2994 Πρόκειται
2648 2925 2676 2977 6
2723 2924 2926 2977 Ἰσαάκ.
2991 2941 3010 2975 ι
3053 2922 3151 2992 τὴν
3211 2922 3397 2976 εἰκόνα
3449 2922 3544 2976 τοῦ
3603 2923 3816 2984 Ἰσαὰκ,

2246 3016 2430 3070 Ἰσαὰκ
2497 3016 2883 3083 ὀνομάσαντος.
2949 3016 3151 3067 Ἀκουε
3211 3013 3310 3068 τοῦ
3375 3016 3815 3085 Χρυσοστόμου·

560 3129 589 3167 a
625 3129 684 3170 se
717 3114 889 3167 visam
922 3113 1081 3176 dixit,
1116 3112 1207 3166 sed
1239 3111 1516 3180 angelum.
1568 3110 1628 3164 In
1666 3110 1899 3179 imagine
1931 3111 2130 3179 quippe

2241 3125 2258 3155 ι
2294 3103 2442 3157 Εἶδον
2471 3105 2700 3172 ἀγγελον
2731 3107 2788 3159 ὲν
2809 3107 2979 3159 εἰκόνι
2999 3120 3012 3134 ·
3055 3125 3073 3158 ι
3108 3107 3199 3176 Μὴ
3228 3105 3340 3175 γάρ
3369 3107 3604 3174 ἀγγέλου
3627 3107 3818 3162 εἰκόνα

560 3215 907 3275 pratotypum
939 3213 1360 3272 repraesentetur
1401 3219 1412 3254 :
1455 3201 1598 3256 sicut
1625 3202 1752 3256 etin
1792 3213 1919 3271 typo
1951 3203 2131 3256 crucis

2239 3196 2337 3266 ἔφη
2369 3197 2427 3248 ὲν
2450 3198 2616 3248 εἰκόνι
2647 3198 2796 3261 ἰδεῖν,
2843 3198 2958 3249 ἀλλ’
2983 3197 3235 3266 ἄγγελον.
3279 3199 3369 3250 Ἐν
3405 3200 3517 3268 γὰρ
3544 3201 3610 3269 τῇ
3643 3201 3817 3254 εἰκόνι

561 3310 692 3351 crux
729 3297 842 3363 ipsa
867 3294 1078 3348 viviﬁca
1110 3312 1124 3348 :
1159 3303 1428 3362 quatenus
1456 3293 1818 3360 inseparabile
1850 3303 1932 3347 est
1957 3307 2130 3345 unum

562 3387 630 3440 ab
669 3388 840 3439 altero
895 3385 950 3438 in
1002 3384 1341 3437 adoratione.
1399 3384 1689 3452 Propterea
1741 3393 1794 3436 et
1848 3384 2131 3454 archetypi

565 3493 764 3530 nomen
817 3475 1026 3529 obtinet
1078 3475 1280 3543 imago.
1335 3474 1481 3529 Crux
1544 3475 1688 3526 enim
1741 3475 1921 3528 erucis
1977 3485 2134 3544 typus

565 3567 890 3637 appellatur.
940 3565 1032 3619 Sic
1081 3566 1146 3618 de
1188 3580 1337 3634 rege,
1391 3565 1646 3632 omnique
1698 3565 1936 3630 homine,
1987 3565 2135 3618 etde

565 3659 712 3713 ontui
754 3658 858 3711 alia
909 3671 985 3718 re,
1035 3670 1160 3708 vere
1190 3656 1347 3708 nobis
1377 3654 1557 3710 dicere
1586 3655 1766 3718 liceat,
1803 3673 1984 3727 regem
2026 3658 2134 3712 dici

563 3753 728 3805 etiam
770 3749 911 3818 regis
944 3748 1235 3816 imaginem
1267 3747 1343 3800 ait
1371 3747 1591 3802 divinus
1640 3747 1894 3812 Basilius,
1947 3758 2001 3802 et
2030 3751 2136 3803 Pe-

563 3854 734 3902 trum,
777 3840 919 3893 Petri
966 3839 1300 3908 imaginem;
1349 3849 1402 3892 et
1436 3838 1689 3904 Paulum;
1740 3839 1892 3894 Pauli
1941 3841 2136 3910 imagi-

568 3947 716 3986 nem.
769 3928 952 3982 Dicam
1001 3927 1205 3996 aliquid
1255 3928 1568 3992 sublimius,
1617 3938 1670 3982 et
1705 3928 1874 3982 Deum
1920 3945 2139 4000 quoque

567 4025 845 4078 lietninem
875 4021 1008 4082 dici,
1040 4027 1303 4088 tanquam
1337 4018 1429 4074 Dei
1465 4021 1779 4088 imaginem.
1815 4020 1956 4090 Ergo
1983 4024 2138 4090 juxta

565 4129 629 4167 ea
675 4127 794 4180 quae
853 4110 1088 4164 Basilius
1143 4109 1368 4172 docuit,
1432 4109 1596 4162 etiam
1649 4109 1904 4164 Christus
1959 4111 2138 4180 imago

566 4206 793 4259 Christi.
848 4203 995 4256 Dixit
1043 4202 1211 4265 enim,
1267 4210 1321 4254 et
1363 4201 1557 4255 iterum
1584 4202 1705 4254 dico
1737 4221 1749 4255 :
1785 4201 2140 4271 Exprimatur

567 4297 620 4348 in
660 4293 862 4357 tabula,
897 4307 1007 4345 non
1043 4293 1224 4360 imago
1262 4289 1489 4352 Christi,
1539 4290 1635 4344 sed
1675 4289 1948 4344 Christus.
1978 4291 2135 4356 Quod

567 4386 612 4440 si
665 4386 780 4439 hare
830 4399 937 4437 non
989 4383 1173 4437 ferunt
1215 4382 1583 4446 contentiosi;
1641 4381 1877 4449 primum
1928 4383 2140 4438 divinas

2233 3287 2294 3342 τὸ
2325 3287 2632 3358 ἀρχέτυπον
2676 3288 2996 3355 ὲκφαίνεται
3021 3305 3037 3320 ·
3079 3288 3153 3350 ὡς
3190 3289 3284 3341 καὶ
3326 3289 3385 3339 ὲν
3411 3289 3490 3358 τῷ
3520 3294 3677 3360 τύπῳ
3718 3283 3817 3344 τοῦ

2237 3381 2474 3451 σταυροῦ
2507 3382 2534 3433 6
2576 3380 2840 3444 ζωοποιδς
2879 3382 3108 3450 σταυρός
3139 3396 3154 3410 °
3199 3382 3346 3435 καθά
3376 3383 3471 3436 καὶ
3507 3384 3819 3452 ἀχώριστόν

2236 3474 2351 3525 ἔστι
2392 3473 2620 3543 θάτερον
2677 3474 2908 3544 θατέρου
2953 3475 3020 3544 τῇ
3077 3475 3484 3543 προσκυνήσει·
3517 3474 3609 3526 διὰ
3657 3474 3818 3527 τοῦτο

2236 3563 2332 3614 καὶ
2358 3564 2455 3634 τὴν
2487 3564 2679 3634 κλῆσιν
2713 3564 2805 3617 τοῦ
2844 3563 3206 3634 πρωτοτύπου
3257 3565 3371 3634 ἔχει
3398 3564 3460 3617 τὸ
3503 3566 3812 3633 εἰκόνισμα.

2239 3650 2475 3721 Σταυρδς
2503 3653 2613 3722 γάρ
2647 3655 2675 3705 6
2711 3652 2881 3715 τύπος
2915 3654 3008 3706 τοῦ
3060 3655 3298 3724 σταυροῦ
3333 3654 3617 3725 κέκληται.
3656 3655 3817 3709 Οὕτω

2239 3743 2332 3794 καὶ
2370 3744 2461 3796 ἐπὶ
2500 3744 2785 3811 βασιλέως,
2815 3747 2907 3798 καὶ
2950 3747 3150 3808 παντὸς
3195 3746 3509 3816 ἀνθρώπου,
3549 3748 3646 3802 καὶ
3675 3766 3816 3801 παν-

2238 3835 2328 3897 τὸς
2347 3835 2540 3901 εἰδούς,
2567 3837 2765 3906 ἀληθὲς
2799 3838 2933 3907 ἡμῖν
2958 3837 3160 3905 λέγειν,
3189 3839 3272 3890 ὅτι
3312 3837 3568 3907 βασιλεὺς
3593 3839 3815 3909 λέγεται

2241 3929 2334 3980 καὶ
2360 3929 2392 3996 ἡ
2419 3928 2512 3981 τοῦ
2544 3927 2810 4000 βασιλέως
2840 3928 3026 3992 εἰκὼν,
3060 3929 3229 3998 φησὶν
3257 3932 3285 3982 6
3313 3929 3456 3992 θεῖος
3489 3932 3772 3996 Βασίλειος
3799 3953 3812 3965 ·

2241 4020 2332 4072 καὶ
2361 4021 2563 4090 Πέτρος
2597 4021 2630 4091 ὴ
2663 4020 2868 4089 Πέτρου
2903 4019 3070 4072 εἰκών
3095 4036 3110 4050 ο
3146 4021 3243 4073 καὶ
3291 4020 3504 4083 Παῦλος
3527 4022 3562 4091 ἠ
3598 4023 3816 4077 Παύλου

2240 4110 2431 4164 εἰκών.
2464 4111 2618 4163 Εἴπω
2650 4127 2702 4163 τι
2738 4113 2835 4164 καὶ
2869 4111 3233 4181 ὑψηλότερον,
3267 4112 3362 4165 καὶ
3387 4111 3520 4174 Θεὸς
3542 4114 3571 4165 6
3601 4112 3818 4184 ἀνθρω-

2240 4216 2360 4262 πος,
2391 4199 2466 4261 ὡς
2490 4199 2625 4252 Θεοῦ
2666 4199 2849 4255 εἰκών.
2891 4202 3195 4272 Τοιγαροῦν
3237 4203 3499 4273 καθάπερ
3537 4202 3818 4269 Βασίλειος

2240 4289 2366 4360 ἔφη,
2389 4291 2481 4343 le
2523 4291 2757 4362 Χριστὸς
2785 4293 2818 4361 ἡ
2862 4291 3104 4361 Χριστοῦ
3131 4294 3299 4345 εἰκών
3322 4309 3337 4323 ο
3386 4288 3512 4346 εἷπε
3545 4292 3681 4364 γὰρ,
3721 4299 3818 4348 καὶ

2239 4377 2392 4442 αὖθις
2415 4379 2558 4449 λέγω
2583 4397 2596 4411 ·
2636 4381 3027 4450 Ἐγγραφέσθω
3064 4381 3142 4450 τῷ
3180 4382 3395 4448 πίνακι,
3441 4383 3543 4453 οὐχ
3587 4385 3619 4452 ἡ
3654 4382 3818 4438 εἰκὼν

569 4492 731 4530 voces
770 4475 1117 4543 improbant;
1165 4473 1356 4527 deinde
1399 4471 1678 4526 Christum
1718 4472 1992 4526 hominem
2026 4489 2132 4526 non

2243 4471 2504 4541 Χριστοῦ’
2538 4473 2692 4536 ἀλλά,
2723 4472 2976 4541 Χριστός.
2993 4472 3054 4524 Εἰ
3081 4471 3140 4523 δὲ
3163 4473 3266 4525 οὐκ
3293 4472 3582 4542 ἀνέχονται
3612 4475 3664 4526 οἰ
3688 4474 3816 4526 δύσε-

566 4582 707 4629 esse,
761 4565 806 4618 si
862 4580 968 4618 non
1025 4563 1211 4625 verbo,
1263 4563 1441 4630 reipsa
1493 4561 1709 4614 docent.
1758 4561 1814 4614 Si
1860 4561 2004 4614 enim
2056 4572 2141 4616 est

571 4659 755 4720 homo,
798 4655 1108 4725 depingitur
1134 4654 1359 4718 utique;
1396 4653 1632 4708 hominis
1662 4654 1808 4704 enim
1837 4654 2141 4721 prOprietas

569 4747 744 4816 prima
776 4755 861 4800 est
905 4745 1140 4814 depingi.
1175 4741 1231 4796 Si
1277 4757 1406 4795 vero
1449 4756 1555 4794 non
1602 4741 1934 4810 depingitur,
1975 4742 2139 4796 homo

573 4854 678 4892 non
705 4847 809 4902 est,
841 4835 936 4892 sed
967 4834 1149 4889 carnis
1175 4849 1370 4902 expers
1400 4850 1412 4885 :
1450 4842 1505 4886 et
1531 4833 1773 4885 nondum
1809 4833 1954 4886 venit
1981 4831 2140 4886 Chri-

571 4943 708 4993 stus,
756 4929 900 4983 sicut
945 4926 1116 4980 Judaei
1164 4933 1457 4993 nngantur.
1515 4925 1662 4977 Hanc
1704 4927 1774 4978 ob
1821 4940 2042 4979 causam
2091 4934 2147 4979 et

573 5020 858 5085 Deiparam
886 5031 1106 5086 quoque
1131 5016 1404 5085 depictam
1431 5015 1818 5076 exterminant,
1851 5025 1904 5068 et
1925 5027 2145 5071 sanctos

571 5128 764 5165 onmes
792 5129 805 5163 :
837 5110 992 5179 quasi
1031 5125 1141 5164 non
1176 5119 1352 5162 mater
1379 5108 1604 5171 Christi,
1640 5123 1739 5161 nee
1769 5107 1958 5162 famuli
1981 5108 2140 5162 Citri-

573 5204 641 5258 sti
673 5211 877 5256 essent.

645 5379 928 5434 Exclamat
962 5395 1067 5432 vox
1108 5392 1270 5432 aurea
1318 5395 1331 5431 :
1388 5374 1578 5430 Verbis
1631 5376 1739 5429 tuis
1793 5390 1956 5444 opera
2008 5375 2138 5429 mihi

572 5471 912 5526 credibiliora
943 5468 1471 5538 sunt.Consequitur
1499 5483 1628 5536 ergo
1654 5468 1933 5535 judaizare
1957 5483 2140 5521 revera

576 5563 966 5620 lcunomachos
993 5581 1006 5618 :
1038 5572 1092 5618 et
1123 5563 1218 5633 qui
1248 5562 1317 5616 ab
1357 5561 1424 5614 iis
1450 5561 1686 5629 patitur,
1721 5569 1940 5629 propter
1981 5558 2141 5614 Chri-

2245 4579 2381 4632 ερις,
2405 4562 2599 4629 πρῶτα
2629 4561 2728 4630 μὲν
2767 4561 3020 4614 ἀθετοῦσι
3053 4562 3151 4625 τάς
3185 4562 3336 4625 θείας
3371 4564 3557 4629 φωνάς
3585 4579 3600 4593 ο
3631 4565 3816 4617 ἔπειτα

2245 4653 2494 4706 ἐντεῦθεν
2525 4653 2601 4723 μὴ
2627 4653 2914 4724 ἀνθρωπον
2942 4653 3196 4722 γενέσθαι
3228 4654 3324 4706 τὸν
3371 4655 3611 4724 Χριστὸν
3648 4657 3814 4727 ἔργῳ,

2245 4745 2347 4799 κάν
2367 4746 2510 4814 λόγῳ
2529 4744 2590 4799 οὒ
2612 4786 2626 4811 ,
2663 4744 3103 4815 δογματίζουσιν.
3134 4747 3197 4800 Εἰ
3229 4745 3339 4817 γὰρ
3380 4727 3690 4816 ἄνθρωπος,
3723 4748 3817 4801 καὶ

2243 4836 2571 4901 εἰκονίζεται
2591 4837 2836 4906 δηλονότι
2855 4852 2872 4869 ο
2900 4836 3191 4907 ἀνθρώπου
3225 4838 3336 4908 γὰρ
3369 4837 3431 4891 τὸ
3452 4839 3814 4903 εἰκονίζεσθαι

2244 4928 2459 4997 πρῶτον
2495 4927 2690 4997 ἰδίωμα
2710 4944 2724 4959 ο
2755 4928 2802 4979 εἰ
2827 4927 2884 4980 δὲ
2926 4928 3028 4980 ούκ
3071 4928 3437 4992 εἰκονίζεταιο
3469 4929 3574 4982 οὐκ
3608 4929 3814 4999 ἀνθρω-

2241 5031 2363 5077 πος,
2395 5015 2533 5068 ἀλλά
2564 5016 2835 5086 ἄσαρκος·
2877 5016 2974 5068 καὶ
2999 5014 3153 5068 οὔπω
3192 5010 3298 5087 ἧκε
3344 5017 3584 5087 Χριστός
3609 5034 3623 5049 ο
3657 5017 3732 5080 ὡς
3766 5021 3814 5070 οἰ

2257 5104 2505 5157 Ἰουδαῖοι
2540 5104 2946 5171 φενακίζονται.
2978 5105 3079 5158 Διά
3109 5105 3266 5158 τοῦτο
3296 5106 3391 5158 καὶ
3423 5105 3527 5176 τὴν
3554 5107 3815 5160 Θεοτόκον

2247 5196 2653 5266 εἰκονιζομένην
2703 5195 3028 5266 ἐξορίζουσι,
3069 5196 3162 5249 καὶ
3194 5198 3372 5250 πάντα
3404 5198 3564 5265 ἀγιον
3589 5238 3606 5263 ,
3643 5199 3719 5262 ὡς
3756 5202 3814 5252 οὑ

2248 5289 2478 5356 Μητέρα
2508 5288 2643 5340 Θεοῦ
2669 5329 2684 5352 ,
2721 5289 2843 5341 οὐδὲ
2864 5288 3204 5356 θεράποντας
3237 5288 3399 5351 ὄντας
3421 5290 3690 5357 Χριστοῦ.

2318 5377 2430 5429 Kal
2491 5376 2588 5447 βοᾷ
2647 5377 2678 5429 6
2729 5379 3169 5448 χρυσορῤήμων·
3224 5378 3344 5430 Τῶν
3374 5379 3551 5444 λόγων
3610 5396 3709 5432 σου
3754 5397 3817 5433 τα

2248 5467 2384 5536 ἔργα
2443 5470 2569 5536 ἐμοὶ
2624 5470 2940 5539 πιστότερα.
2979 5471 3250 5539 Συνῆκται
3300 5466 3394 5523 οῦν
3445 5471 3507 5536 ἐξ
3563 5474 3817 5543 ἀληθείας

2253 5557 2567 5621 ’ἰουδαΐζειν
2597 5562 2721 5622 τοὺς
2753 5561 3186 5628 Εἰκονομάχουςο
3222 5559 3315 5611 καί⁵
3346 5562 3374 5611 6
3406 5559 3703 5615 πανθάνων
3735 5563 3814 5615 ὑπ’

650 5741 694 5770 ³⁵
734 5739 902 5794 Exod.
938 5739 1154 5802 xxv,l8.
1231 5739 1272 5770 ³⁵
1314 5735 1471 5790 Num.
1515 5751 1624 5802 ut,
1665 5737 1716 5788 9.
1795 5737 1837 5768 ³⁸
1883 5735 2041 5790 llebr.
2085 5751 2141 5798 ιι,
2179 5737 2226 5789 9.
2307 5738 2346 5767 ³⁷
2391 5735 2724 5792 Testimonia
2755 5737 3017 5793 haec'vide
3049 5752 3229 5804 supra,
3263 5735 3531 5792 €01.477.
