3990 6318
213 365 356 429 1185

1415 371 1954 462 EPISTOLARUM
1999 373 2144 433 LIB.
2206 375 2289 436 II.

3346 379 3485 444 1180

204 477 395 530 αὐτῶν
420 493 430 504 ·
458 474 543 526 διὰ
570 472 806 542 Χριστὸν
835 476 924 529 καὶ
955 474 1095 546 ὑπὲρ
1128 477 1368 549 Χριστοῦ
1402 483 1637 550 πάσχων
1662 499 1673 508 -
1704 481 1793 533 διὰ

1906 493 2039 537 stum
2077 494 2132 538 et
2163 501 2262 555 pro
2294 487 2512 540 Christo
2535 489 2685 557 pati;
2727 499 2946 558 propter
2981 488 3262 558 Deiparam
3297 505 3350 547 et
3382 510 3483 562 pro

201 568 306 638 τὴν
358 569 628 621 Θεοτόκον
676 572 769 622 καὶ
825 571 953 641 ύτὲρ
985 572 1084 639 τῆς
1114 573 1417 625 Θεοτόκου·
1473 575 1560 626 διὰ
1613 575 1793 625 πάντα

202 659 364 726 ἆγιον
389 659 484 711 καὶ
515 661 655 730 ὑπὲρ
683 663 901 715 πάντων
932 663 1100 731 ἁγίων
1126 680 1138 692 ·
1197 667 1412 735 μάρτυς
1452 666 1788 736 ἀπαράγρα·

205 767 367 814 πτος,
425 752 522 804 καὶ
593 754 933 822 ὁμολογητὴς
991 757 1254 825 Χριστοῦ,
1309 761 1337 810 ὁ
1400 759 1640 811 ὲναθλῶν
1696 759 1793 810 καὶ

206 844 588 912 ἐνιστάμενος.
635 846 743 898 Καὶ
766 847 945 909 οὐδεὶς
975 847 1270 918 ἁντερήσει
1301 849 1480 916 λόγος.
1532 851 1595 901 Ut
1626 851 1790 902 Μακ-

205 936 432 988 καϐαῖοι
479 936 781 1007 μάρτυρες,
837 939 912 1008 μὴ
971 939 1152 1008 κρεῶν
1204 940 1366 992 ὑείων
1420 941 1790 1010 ἀνασχόμενοι

204 1028 547 1095 παρανόμοις
578 1028 901 1095 γεύσασθαι.
945 1029 1001 1082 '0
1045 1031 1362 1101 Πρόδρομος
1413 1033 1623 1102 μάρτυς
1653 1034 1794 1103 ὑπὲρ

205 1123 443 1190 ὲλεγμοῦ
474 1123 760 1194 ἀληθείας·
795 1126 890 1178 καὶ
923 1125 1079 1190 ἄλλος
1103 1127 1243 1197 ὑπὲρ
1277 1126 1372 1179 τοῦ
1416 1127 1491 1198 μὴ
1537 1128 1791 1181 καταϐα-

206 1215 399 1270 λέσθαι
422 1216 606 1270 ὀϐολὸν
647 1219 727 1280 εἰς
765 1218 1054 1289 οἰκοδομὴν
1101 1219 1374 1271 είδωλείου
1400 1235 1414 1249 ·
1450 1220 1546 1272 καὶ
1600 1221 1791 1290 ἕτερος

206 1306 276 1358 δι’
304 1308 492 1378 ἕτερον
523 1308 785 1379 ἐνταλμα.
844 1311 908 1362 Τί
971 1311 1079 1380 γὰρ
1121 1311 1200 1363 δεῖ
1242 1309 1311 1365 τά
1360 1313 1530 1366 πολλά
1565 1313 1789 1380 λέγειν;

210 1401 305 1451 καὶ
353 1401 585 1454 ἐνταῦθα
635 1403 918 1472 προδήλως
967 1403 995 1455 6
1025 1403 1113 1456 διά
1143 1405 1380 1474 Χριστὸν
1439 1404 1682 1458 ὲναθλῶν
1727 1407 1789 1459 οὐ

214 1494 448 1562 μάρτυς,
481 1493 557 1556 ὥς
587 1494 718 1562 φασί
741 1511 885 1557 τινες
908 1495 1019 1548 τῶν
1049 1495 1364 1566 δυστήνων;
1400 1497 1616 1568 μάρτυς
1653 1498 1791 1568 ἀλη-

214 1584 337 1654 θὴς,
371 1585 496 1654 μηδ’
525 1585 703 1639 ὁτιοῦν
725 1587 921 1640 ἐνδέων
955 1587 1064 1642 τῶν
1105 1589 1190 1657 ἐφ’
1233 1589 1510 1659 Ἑλλήνων
1557 1591 1590 1660 ἢ
1664 1589 1794 1642 Ἰου-

213 1678 382 1730 δαίων
412 1677 881 1748 μαρτυρησάντων
909 1695 923 1710 ·
959 1679 1068 1734 Καὶ
1098 1682 1131 1734 ό
1168 1679 1403 1749 μάρτυς
1448 1681 1518 1734 ἐν
1558 1680 1794 1749 οὐρανῷ

209 1770 452 1834 πιστός.
501 1767 683 1831 ’Ὀλως
722 1765 839 1836 οὖν,
889 1771 938 1823 εἰ
976 1771 1005 1824 6
1049 1770 1142 1823 τὸν
1178 1769 1350 1824 τύπον
1400 1771 1498 1825 τοῦ
1552 1771 1789 1842 σταυροῦ

1900 575 2173 644 Deipara;
2227 589 2447 647 propter
2497 589 2720 633 sanctos
2764 595 2958 634 omnes
3013 591 3062 636 et
3118 597 3217 651 pro
3276 586 3484 641 sanctis

1898 669 2352 738 quibuscunque;
2395 681 2687 740 martyrem
2723 671 3151 741 irrefragabilem
3187 683 3240 726 et
3269 676 3481 728 confes-

1899 774 2079 814 sorem
2127 759 2328 814 Christi
2376 777 2536 828 esse,
2585 764 2676 832 qui
2723 763 2965 817 decertat
3008 772 3060 816 et
3094 764 3320 820 resistit.
3373 765 3483 819 Nec

1897 852 2099 918 Opponi
2151 863 2341 907 contra
2399 856 2700 923 quidquam
2742 865 2937 925 potest.
2985 857 3279 912 Maehaba-i
3338 875 3483 912 mar-

1897 954 2043 1012 tyres
2081 942 2242 1007 facti,
2276 948 2423 1015 quod
2466 949 2660 1003 suillas
2703 965 2896 1004 carnes
2944 951 3107 1005 edere
3156 952 3478 1006 abnuerent.

1899 1034 2211 1090 Praecursor
2253 1049 2455 1108 martyr
2496 1039 2595 1092 fuit
2633 1049 2856 1109 propter
2893 1042 3157 1097 indicium
3192 1044 3437 1097 veritatis
3464 1083 3479 1106 ,

1899 1127 2038 1181 alius
2073 1129 2216 1195 quod
2267 1130 2489 1184 obolum
2533 1132 2783 1185 conferre
2830 1132 2998 1186 nollet
3038 1133 3105 1186 ad
3143 1142 3479 1188 structuram

1897 1217 2086 1284 idolii;
2143 1231 2196 1272 et
2245 1221 2385 1274 alios
2429 1221 2574 1275 aliud
2632 1224 2704 1275 ob
2762 1225 3100 1277 mandatum.
3151 1224 3292 1290 Quid
3337 1227 3482 1280 enim

1897 1310 2089 1364 attinet
2113 1314 2278 1365 multa
2304 1314 2495 1378 loqui?
2528 1314 2592 1367 Et
2612 1314 2700 1366 hie
2725 1315 2817 1384 qui
2845 1315 3134 1370 manifeste
3155 1332 3251 1386 pro
3267 1316 3484 1371 Christo

1896 1401 2172 1464 decertat,
2213 1415 2416 1475 martyr
2444 1421 2549 1459 non
2587 1408 2731 1472 erit,
2777 1416 2832 1460 ut
2862 1407 3050 1463 miseri
3085 1410 3306 1479 quidam
3339 1409 3486 1463 διον.

1898 1495 2081 1546 mant?
2109 1494 2317 1565 Martyr
2354 1497 2512 1564 plane
2542 1513 2703 1551 verus
2726 1538 2740 1560 ,
2777 1500 2926 1554 nulla
2975 1516 3032 1554 re
3060 1502 3382 1572 discrepans
3423 1504 3490 1557 ab

1897 1583 2006 1637 illis
2038 1599 2177 1653 quos
2217 1585 2421 1639 ethnici
2463 1586 2547 1640 vel
2575 1585 2748 1641 Judaei
2781 1600 3051 1659 martyres
3085 1592 3333 1645 fecerunt
3361 1610 3376 1647 :
3423 1592 3490 1646 Et

1898 1676 2044 1729 testis
2074 1677 2130 1729 in
2156 1678 2282 1730 caelo
2309 1678 2482 1745 ﬁdelis
2509 1679 2575 1731 ³⁸.
2605 1677 2849 1735 Omnino
2880 1698 3032 1752 ergo,
3076 1685 3120 1738 si
3153 1687 3279 1754 quis
3313 1687 3492 1740 crucis

1898 1777 2084 1836 typum
2110 1768 2338 1837 spernit,
2365 1769 2416 1821 in
2436 1767 2712 1823 Christum
2743 1773 2925 1840 ipsum
2943 1784 3322 1844 contemptum
3346 1777 3493 1832 hunc

207 1833 442 1923 ἀθετῶν,
476 1860 557 1919 είς
596 1833 832 1931 Χριστὸν
857 1860 1122 1931 ἀναφέρει
1145 1860 1245 1929 τὴν
1278 1860 1539 1928 ἀθέτησιν
1561 1876 1574 1890 ·
1609 1833 1792 1932 πολλῷ

1906 1833 2155 1927 torquet;
2190 1859 2365 1912 multo
2389 1861 2561 1929 magis
2593 1861 2686 1928 qui
2716 1833 3009 1932 imaginem
3047 1833 3250 1919 Christi
3285 1877 3445 1936 negat
3473 1910 3487 1931 ,

213 1955 417 2024 μᾶλλον
442 1954 472 2006 6
501 1954 599 2025 τὴν
629 1955 815 2008 εἰκόνα
847 1954 1086 2026 Χριστοῦ
1108 1956 1466 2027 ἀρνούμενος,
1515 1958 1596 2020 εἰς
1650 1958 1791 2026 Χρι-

211 2047 341 2100 στὸν
398 2045 715 2118 ἀναπέμπει
775 2049 874 2118 τὴν
908 2049 1160 2120 ἄρνησιν.
1212 2048 1399 2112 Οὕτως
1461 2049 1558 2101 καὶ
1626 2049 1655 2101 6
1706 2051 1793 2117 ἐφ’

209 2140 455 2212 ἑκατέρᾳ.
485 2141 805 2213 μαρτυρῶν,
835 2141 1044 2211 μάρτυς
1083 2141 1456 2210 ἀληθέστατος
1482 2156 1497 2171 ·
1531 2139 1628 2194 καὶ
1658 2141 1795 2211 μᾶλ-

209 2233 305 2285 λον
344 2235 402 2285 ὲν
436 2235 502 2303 τῇ
549 2233 758 2285 εἰκόνι·
789 2233 871 2286 ὅτι
914 2234 943 2285 6
972 2233 1070 2302 μὲν
1103 2235 1328 2303 σημεῖον
1354 2249 1369 2265 ·
1420 2232 1448 2284 6
1495 2233 1552 2286 δὲ
1608 2233 1793 2303 μορφὴ

212 2325 478 2394 Χριστοῦ.
540 2325 875 2395 Παρακαλῶ,
916 2325 1140 2392 ἀδελφοί
1185 2342 1286 2394 μου
1317 2325 1483 2393 ἆγιοι,
1537 2325 1788 2395 κλήσεως

212 2417 546 2487 ἐπουρανίου
602 2417 842 2486 μέτοχοι,
899 2416 1116 2485 πρῶτον
1175 2418 1398 2486 μνήμην
1461 2434 1562 2486 μου
1626 2417 1797 2469 ποιεῖ-

215 2510 345 2561 σθαι
399 2508 494 2561 τοῦ
551 2507 850 2561 ταπεινοῦ·
903 2503 985 2571 οἷς
1038 2508 1204 2576 λέγω,
1257 2509 1406 2578 ἔργῳ
1468 2507 1797 2577 ἀποδειχθῆ-

212 2599 304 2653 ναί
341 2617 408 2668 με
443 2599 764 2668 εὐχόμενοι·
792 2599 1060 2669 μηδαμῶς
1107 2597 1584 2669 ὑποχαυνούμενον
1629 2599 1691 2649 ἐκ
1734 2613 1795 2649 τε

210 2694 324 2746 τῶν
379 2694 627 2762 ἀοράτων
673 2692 765 2745 καὶ
822 2692 1114 2762 ὁρωμένων
1185 2690 1503 2761 προσϐολῶν
1537 2706 1552 2721 ·
1602 2689 1796 2756 ἔπειτα

212 2786 511 2855 προσέχειν
593 2786 806 2846 ἑαυτοῖς
876 2784 972 2835 καὶ
1025 2785 1091 2852 τῇ
1158 2783 1488 2852 ἐνισταμένη
1544 2782 1794 2850 ἀθλήσει.

223 2875 390 2930 Ἀλλά
421 2875 497 2945 μὴ
521 2877 632 2938 τοῖς
653 2875 934 2943 λογισμοῖς
963 2871 1364 2942 ὲμπύρίζεσθαι
1398 2872 1488 2924 διὰ
1517 2872 1797 2941 πτωχείαν

211 2969 491 3030 συνέσεως
544 2969 602 3021 ὲν
630 2969 694 3038 τῇ
756 2966 866 3019 τῶν
925 2965 1272 3035 πραγμάτων
1325 2963 1489 3027 δείξει
1539 2964 1647 3016 ὑπὸ
1698 2963 1800 3030 τῆς

213 3060 484 3129 προνοίας
511 3058 908 3128 διοικουμένων
943 3056 1174 3126 βαθέως,
1207 3057 1301 3107 καὶ
1343 3055 1418 3116 ὼς
1444 3053 1544 3105 οὐκ
1581 3053 1802 3121 ἐφικτὸν

1895 1949 2241 2019 negationem
2277 1950 2326 2002 in
2357 1949 2639 2004 Christum
2669 1950 2857 2005 refert.
2887 1952 2999 2013 Sic,
3031 1955 3122 2021 qui
3160 1956 3487 2024 martyrium

1895 2055 1994 2109 pro
2026 2041 2292 2094 alterutro
2318 2040 2508 2095 suffert
2533 2081 2547 2107 ,
2582 2052 2794 2112 martyr
2819 2043 3143 2099 verissimus
3168 2061 3181 2097 :
3227 2060 3291 2099 ac
3319 2046 3490 2113 magis

1895 2133 2060 2186 etiam
2095 2133 2148 2186 in
2181 2134 2451 2204 imagine:
2498 2135 2624 2202 quia
2674 2144 2834 2204 typus
2862 2135 3078 2204 signum
3107 2177 3120 2201 ,
3160 2137 3337 2206 imago
3379 2137 3491 2190 for-

1897 2239 1983 2278 ma
2011 2234 2096 2278 est
2115 2225 2342 2280 Christi.
2365 2224 2627 2289 Obsecro,
2661 2225 2862 2280 fratres
2897 2228 3000 2280 mei
3027 2228 3221 2292 sancti,
3251 2229 3490 2282 caelestis

1898 2316 2205 2369 vocationis
2243 2317 2576 2385 participes,
2627 2317 2863 2386 primum
2897 2318 3116 2387 quidem
3167 2321 3485 2374 memoriam

1900 2407 2004 2459 mei
2035 2406 2256 2459 humilis
2287 2405 2499 2461 faciatis
2520 2450 2535 2474 ,
2568 2418 2788 2463 orantes
2822 2417 2882 2462 ut
2913 2425 3035 2478 quae
3064 2410 3190 2464 dico
3215 2451 3228 2473 ,
3261 2427 3320 2463 re
3347 2427 3486 2480 pra!—

1898 2507 2034 2553 stem
2057 2540 2071 2565 ,
2110 2500 2274 2554 nullis
2301 2502 2500 2559 cedens
2540 2518 2641 2557 nec
2674 2503 2880 2572 apertis
2927 2519 3028 2558 nec
3049 2503 3278 2558 occultis
3312 2505 3488 2557 insul—

1900 2592 2046 2645 tibus
2106 2608 2118 2645 :
2167 2593 2362 2652 deinde
2392 2594 2550 2649 vobis
2594 2595 2734 2663 ipsis
2785 2596 3081 2651 attendatis
3133 2604 3188 2650 et
3235 2595 3486 2665 praesenti

1900 2684 2209 2747 certamini.
2276 2685 2385 2740 Nec
2431 2702 2564 2742 vero
2624 2688 3053 2757 cogitationibus
3119 2689 3355 2741 uramini
3418 2705 3486 2743 ex

1903 2779 2083 2848 inopia
2121 2780 2366 2833 scientia:
2405 2780 2459 2833 in
2516 2782 2710 2836 harum
2750 2796 2932 2835 rerum
2987 2781 3444 2850 contemplatione

1901 2887 2024 2938 qua:
2046 2887 2074 2925 a
2113 2873 2453 2942 providentia
2494 2873 2606 2927 alto
2638 2872 2872 2927 consilio
2899 2872 3303 2940 gubernantur,
3341 2874 3486 2942 quod

1903 2964 2120 3031 assequi
2148 2965 2338 3032 nequit
2371 2965 2608 3018 humana
2654 2966 3051 3034 intelligentia;
3106 2981 3206 3019 nec
3247 2967 3401 3022 vobis
3435 2968 3488 3021 id

1904 3056 2186 3124 contingat
2217 3055 2362 3124 quod
2394 3057 2595 3112 canitis
2629 3074 2641 3109 :
2691 3056 2795 3110 Mei
2828 3069 3007 3111 autem
3037 3074 3164 3125 pene
3199 3060 3327 3112 moti
3366 3069 3488 3112 sunt

212 3150 506 3221 ἀνθρώπου
541 3147 748 3218 διανοίᾳ
771 3164 784 3176 ·
814 3145 1002 3216 μηδὲό
1043 3144 1274 3212 ψάλλετε
1309 3143 1557 3197 πάθοιτε.
1624 3142 1796 3210 Ἐμοῦ

1906 3148 2088 3216 pedes:
2115 3164 2242 3215 pene
2262 3149 2418 3216 eﬂ‘usi
2441 3158 2561 3202 sunt
2588 3165 2794 3217 gressus
2821 3150 2918 3202 mei
2942 3167 2959 3213 ;
2988 3150 3113 3218 quia
3140 3151 3304 3203 zelavi
3335 3168 3492 3219 super

218 3240 291 3293 es
335 3241 493 3308 παρὰ
527 3240 740 3308 μικρὸν
794 3236 1223 3302 ἐσαλεύθησαν
1278 3236 1331 3287 οἱ
1380 3234 1584 3298 πόδες·
1657 3232 1793 3298 παρ’

216 3335 432 3402 ὀλίγον
456 3331 716 3398 ἐξεχύθη
740 3328 813 3382 τὰ
837 3325 1170 3395 διαϐήματά
1194 3343 1315 3394 μου
1338 3342 1352 3356 ·
1404 3324 1492 3377 ὅτι
1520 3322 1796 3391 ἐζήλωσα

214 3426 319 3479 ἐπὶ
348 3424 473 3490 τοῖς
499 3424 768 3491 ἀνόμοις,
797 3421 858 3474 τὸ
884 3420 976 3473 καὶ
1009 3419 1069 3472 τὸ
1097 3417 1342 3486 θεωρῶν.
1391 3415 1555 3468 Ἀλλά
1595 3414 1800 3484 μᾶλλον

212 3517 438 3573 ἀκούειν
469 3515 564 3569 τοῦ
608 3515 816 3584 Κυρίου
861 3512 1142 3580 λέγοντος·
1188 3507 1536 3577 Ὑπόμεινόν
1587 3522 1659 3574 με
1713 3507 1801 3569 εἰς

215 3608 455 3678 ἡμέραν
481 3604 876 3670 ἀναστάσεως
914 3620 1053 3672 μου.
1086 3602 1196 3655 Καὶ
1231 3601 1313 3653 ὅτι
1361 3599 1425 3652 '0
1474 3597 1803 3666 ὑπομείνας

217 3703 310 3767 εἰς
336 3700 534 3766 τέλος,
569 3694 751 3763 οὗτος
778 3695 1141 3764 σωθήσεται.

401 3815 530 3870 KB’.
569 3844 639 3855 —
666 3811 796 3882 Τοῖς
823 3810 1090 3865 ἀποῦσιν
1117 3805 1423 3875 ἀδελφοῖς.
1460 3801 1641 3874 [σλα’.]

1903 3239 2111 3308 iniquos
2156 3239 2235 3304 ³⁹,
2293 3241 2397 3294 hoc
2439 3248 2493 3294 et
2538 3240 2671 3294 illud
2706 3240 2920 3295 videns.
2969 3243 3073 3298 Sed
3109 3243 3294 3298 audite
3314 3244 3493 3310 potius

1901 3331 2169 3384 dicentem
2206 3331 2537 3384 Dominum:
2590 3330 2853 3398 Exspecta
2895 3349 2975 3388 me
3023 3335 3076 3386 in
3125 3335 3211 3387 die
3251 3350 3492 3389 resurre-

1902 3423 2090 3475 ctionis
2125 3439 2248 3477 mea:
2282 3424 2349 3476 ‘°.
2382 3422 2447 3478 Et
2477 3441 2490 3478 :
2525 3422 2628 3489 Qui
2658 3426 2971 3479 sustinuerit
3000 3441 3164 3495 usque
3211 3426 3263 3480 in
3300 3426 3490 3494 ﬁnem,

1907 3517 1988 3569 hic
2018 3515 2195 3570 salvus
2217 3517 2317 3570 erit
2351 3516 2417 3572 ⁸¹.

2279 3799 2445 3855 XXII.
2493 3799 2776 3856 Fratribus
2806 3802 3131 3860 absentibus.

942 3924 996 3973 In
1019 3934 1219 3972 carcere
1240 3921 1424 3981 scripta
1448 3925 1684 3979 tanquam
1723 3918 2094 3964 testamentum.
2123 3913 2322 3975 (Baron.
2357 3929 2442 3964 an.
2467 3915 2578 3975 816,
2603 3928 2654 3964 ιι.
2681 3916 2785 3981 35.)

294 4044 537 4098 Πάντοτε
598 4039 696 4110 μὲν
759 4034 1096 4090 διατίθεσθαι
1155 4030 1263 4102 χρὴ
1321 4031 1411 4082 τὸν
1478 4026 1809 4099 Χριστιανὸν

220 4139 295 4192 τά
334 4137 472 4206 πρὸς
523 4132 791 4186 θάνατον·
849 4127 1086 4198 μάλιστα
1123 4124 1180 4177 δὲ
1229 4123 1434 4176 ὁπόταν
1469 4121 1805 4190 πειρασμοῖς

222 4227 512 4299 περιπαρῇ
560 4224 790 4276 θάνατον
830 4218 1172 4273 ἀπειλοῦσιν.
1214 4216 1370 4269 Ἐπεὶ
1424 4214 1518 4268 οῦν
1565 4212 1808 4266 τοιοῦτον

223 4324 286 4375 τὸ
336 4318 461 4374 καθ’
493 4318 663 4388 ἡμᾶς,
728 4312 817 4366 διὰ
868 4313 967 4382 τὴν
1028 4310 1343 4378 σφύζουσαν
1396 4306 1507 4358 τῶν
1560 4304 1807 4358 διωκτῶν

227 4415 431 4486 μανίαν
466 4411 654 4463 εἵνεκα
703 4407 803 4476 τῆς
830 4401 1068 4474 Χριστοῦ
1117 4401 1375 4472 ἀγάπης·
1429 4396 1522 4451 τοῦ
1576 4413 1808 4467 προκει-

228 4509 392 4578 μένου
426 4505 491 4574 δὴ
528 4498 830 4572 μαρτυρίου
859 4496 962 4566 τῆς
995 4495 1124 4565 περὶ
1151 4493 1315 4547 αὑτὸν
1345 4489 1641 4558 ὁμολογίας
1665 4503 1680 4517 ·
1712 4488 1808 4540 καὶ

222 4599 326 4650 οὐκ
357 4590 478 4648 οῖδα
509 4594 561 4646 τί
619 4608 707 4662 μοι
763 4588 1106 4659 ἀποϐήσεται
1152 4584 1366 4654 ἀθρόως
1397 4582 1512 4635 ὄντι
1553 4597 1806 4652 μεμονω-

1984 4023 2208 4094 Semper
2228 4027 2449 4094 quidem
2470 4026 2537 4080 ad
2557 4035 2790 4081 mortem
2815 4027 3002 4082 omnia
3030 4028 3319 4095 disponere
3339 4028 3498 4084 Chri-

1910 4114 2147 4168 stianum
2178 4125 2433 4183 oportet:
2475 4115 2569 4169 sed
2611 4124 2730 4169 tum
2775 4118 3010 4171 maxime
3058 4135 3183 4172 cum
3234 4119 3498 4174 aerumnis

1911 4213 2141 4256 mortem
2176 4203 2576 4258 intentantihus
2613 4214 2862 4273 urgetur.
2907 4203 3140 4269 Quando
3190 4207 3355 4277 igitur
3397 4207 3500 4260 hoc

1911 4295 1964 4349 in
2013 4306 2158 4350 statu
2200 4307 2330 4350 sunt
2373 4314 2461 4352 res
2500 4307 2741 4361 nostra),
2785 4297 3042 4353 saeviente
3081 4306 3498 4366 persecutorum

1912 4387 2066 4441 rabie
2094 4388 2166 4441 ob
2187 4387 2393 4441 Christi
2429 4387 2751 4441 charitatem
2771 4427 2785 4451 ,
2817 4387 2932 4441 sive
2962 4387 3032 4439 ob
3074 4401 3314 4453 praesens
3342 4385 3501 4439 testi-

1915 4479 2161 4533 monium
2191 4478 2556 4534 confessionis
2585 4478 2740 4548 ejus;
2787 4494 2887 4533 nec
2931 4480 3071 4532 scire
3111 4494 3336 4548 possum
3369 4476 3502 4546 quid

1916 4570 2098 4624 subito
2127 4577 2451 4623 eventurum
2493 4569 2564 4623 sit
2598 4569 2731 4622 mihi
2774 4570 2843 4623 ab
2877 4568 2998 4621 aliis
3039 4569 3328 4637 sejuncto,
3368 4583 3501 4637 pro-

227 4640 378 4760 '9;th
402 4688 495 4740 ita).
529 4640 943 4756 τιεὲιειργιιένῳΙ
967 4679 1184 4750 μακράν
1229 4640 1332 4728 που
1378 4674 1473 4742 ἀφ’
1506 4640 1664 4743 ὑμῶν
1698 4671 1798 4724 τῶν

1915 4661 2110 4728 cuique
2141 4675 2169 4712 a
2204 4659 2358 4714 vobis
2393 4661 2652 4713 omnibus
2683 4658 2954 4714 fratribus
2994 4660 3129 4714 meis
3160 4676 3223 4715 ac
3250 4659 3506 4712 Patribus

223 4781 486 4835 ἁπάντων
517 4775 763 4844 ἀδελφῶν
791 4791 892 4843 μου
941 4772 1034 4824 καὶ
1078 4770 1373 4838 Πατέρων·
1424 4764 1577 4828 ἔδοξα
1627 4761 1808 4825 καλῶς

225 4873 374 4942 ἔχειν
407 4867 726 4922 τελευταίαν
759 4863 923 4918 οἱονεὶ
972 4861 1182 4931 φωνὴν,
1212 4861 1416 4927 ταύτην
1448 4857 1546 4925 τὴν
1588 4857 1807 4909 ἐπιστο-

225 4964 326 5031 λὴν
361 4958 707 5031 παραθέσθαι
741 4957 894 5025 ὑμῖν,
924 4953 1017 5006 καὶ
1067 4951 1134 5004 δι’
1167 4950 1322 5020 ὑμῶν
1351 4948 1502 5017 πάσῃ
1553 4949 1617 5016 τῇ
1652 4946 1809 4998 ἀδελ-

228 5055 446 5124 φότητι.
480 5049 664 5103 Καλὸν
699 5048 806 5119 γάρ
841 5045 1104 5107 πολλάκις
1155 5039 1492 5095 διατίθεσθαι
1523 5039 1618 5091 καὶ
1680 5040 1807 5090 ὲπι-

228 5147 435 5216 μένειν,
489 5140 522 5210 ἢ
580 5139 878 5210 προσδοκίᾳ
934 5135 1080 5204 ζωῆς
1155 5133 1385 5199 ἐξάπινα
1451 5129 1806 5198 ἀνάρπαστον

223 5235 537 5305 γινόμενον,
591 5227 874 5283 ἀδιάθετον
920 5225 1166 5286 ἀϐούλως
1194 5218 1803 5290 ὲγκαταλιμπάνεσθαι.

224 5330 289 5380 Τί
319 5327 506 5379 τοίνυν
556 5323 617 5374 τὸ
667 5320 880 5393 παρὸν;
944 5315 1165 5385 Ἐπειδὴ
1229 5312 1490 5373 πολλάκις
1545 5311 1646 5362 ὅσα
1703 5307 1808 5359 ἔδει

223 5421 423 5480 εἰπεῖν,
484 5416 594 5468 εἴτε
649 5413 862 5483 βαρέως
917 5409 1172 5477 νοσήσας,
1232 5405 1342 5457 εἴτε
1380 5401 1637 5472 διωγμῶν
1672 5416 1810 5468 προ-

225 5515 535 5581 κειμένων,
591 5507 687 5560 καὶ
734 5504 996 5573 διεθέμην
1047 5503 1141 5553 καὶ
1194 5497 1665 5568 ὑπεμνημάτισα·
1717 5492 1810 5544 καὶ

225 5603 380 5655 οῦπω
415 5598 577 5671 χρεία
607 5595 867 5667 περὶτῶν
900 5594 1004 5663 ήδη
1035 5590 1337 5659 λεχθέντων
1367 5586 1800 5656 δευτερολογεῐν.

241 5694 451 5747 Ἐκεῖνο
477 5689 715 5760 πρῶτον,
751 5685 976 5753 ἀδελφοί
1013 5691 1138 5753 μου,
1183 5681 1269 5733 ἵνα
1331 5697 1420 5748 μοι
1471 5675 1807 5745 συγγνώμην

298 5806 342 5838 ³⁸
369 5805 515 5870 Psal.
552 5817 820 5866 LXXXVIII,
856 5797 945 5853 58.
1025 5796 1066 5827 ³⁹
1100 5794 1242 5850 Psal.
1279 5807 1446 5856 Lxxtt,
1489 5791 1541 5843 ἓ.

1917 4753 2283 4808 circumcluso
2326 4771 2339 4803 :
2393 4761 2539 4804 recte
2590 4751 2861 4805 facturum
2898 4767 2984 4805 me
3023 4751 3373 4814 existimavi,
3419 4752 3500 4814 si,

1917 4856 2230 4909 supremam
2289 4841 2453 4894 veluti
2512 4855 2743 4905 vocem,
2802 4843 2946 4895 hanc
2999 4841 3289 4910 epistolam
3347 4841 3504 4894 vobis

1913 4930 2348 4984 commendarem
2378 4972 2393 4996 ,
2446 4940 2500 4983 et
2546 4946 2642 4999 per
2688 4946 2787 4986 vos
2823 4932 3093 4986 universae
3144 4932 3498 4986 fraternitati.

1915 5025 2107 5079 Melius
2140 5027 2285 5080 enim
2317 5035 2400 5080 est
2427 5041 2570 5094 saepe
2599 5027 2832 5090 testari,
2864 5034 2918 5078 et
2949 5034 3305 5092 exspectare,
3333 5039 3499 5092 quam

1916 5118 2037 5171 vitae
2075 5117 2338 5186 longioris
2372 5115 2786 5184 exspectatione
2826 5115 3007 5169 subito
3041 5116 3241 5186 abripi,
3279 5125 3332 5169 et
3361 5116 3502 5168 inte-

1917 5220 2121 5265 statum
2151 5209 2463 5263 inconsulto
2495 5207 2752 5276 relinqui.
2790 5206 2930 5272 Quid
2957 5223 3090 5276 ergo
3134 5225 3243 5263 non
3289 5209 3502 5262 restat?

1917 5300 2370 5369 Quandoquidem
2412 5314 2554 5368 saepe
2601 5314 2944 5367 quzecunqoe
2979 5299 3165 5354 dicere
3201 5302 3501 5355 convenie-

1917 5396 2045 5458 bat,
2097 5394 2179 5448 vel
2233 5392 2380 5462 gravi
2437 5391 2698 5459 quopiam
2747 5391 2940 5445 morbo
2983 5391 3353 5454 decumbens,
3414 5392 3499 5444 vel

1919 5490 2156 5542 instante
2195 5484 2596 5554 persecutione,
2630 5482 2906 5546 recensui,
2941 5484 3334 5552 memoriarque
3369 5497 3502 5550 sug-

1917 5581 2098 5651 gessi;
2145 5593 2321 5647 neque
2371 5591 2518 5630 nunc
2557 5591 2693 5642 opus
2732 5585 2818 5629 est
2856 5590 2979 5644 qua:
3016 5574 3161 5630 dicta
3198 5584 3364 5630 sunt.
3399 5575 3500 5626 ite-

1919 5685 2040 5724 rum
2077 5675 2343 5736 repetere.
2379 5663 2491 5717 lloc
2526 5664 2782 5732 primum,
2819 5663 3016 5718 fratres
3046 5665 3174 5730 mei,
3202 5675 3262 5720 ut
3286 5664 3497 5717 veniam

1622 5791 1666 5821 '*°
1696 5788 1938 5858 Sophon.
1976 5803 2058 5851 ιιι,
2091 5784 2140 5834 8.
2221 5781 2257 5809 ¹⁶¹
2297 5778 2459 5831 MaI'C-
2494 5793 2611 5841 XIII.
2645 5778 2726 5830 i5-
