3990 6318
484 288 619 355 1187

1689 289 1755 350 S.
1791 289 2182 350 TIIEODORI
2221 294 2568 355 STUDI'I‘IE

3617 301 3648 365 1
3662 301 3780 367 1'88

481 402 615 456 mihi
646 400 785 454 detis
814 413 1027 463 eorum,
1057 413 1177 469 quae
1212 405 1405 467 preter
1450 397 1716 450 rationem
1760 399 1812 450 in
1853 400 2053 467 guber-

2182 406 2335 472 οίητε
2391 408 2476 475 ἐφ’
2531 403 2613 470 οἷς
2667 410 2818 478 παρὰ
2873 410 3031 478 λόγον
3082 413 3171 465 διὰ
3228 416 3327 483 τῆς
3386 414 3773 484 καθηγήσεως

480 493 698 545 natione
728 494 1011 546 adversum
1049 508 1142 546 vos
1177 492 1288 544 dixi
1324 490 1403 543 vel
1434 490 1538 560 egi,
1575 499 1690 544 tum
1726 494 1908 553 verbo,
1944 499 2061 544 tum

483 584 645 637 facto.
699 585 901 636 Delicta
932 583 1072 636 enim
1108 583 1223 652 quis
1260 583 1513 651 intelliget
1544 582 1634 635 “?
1678 583 1777 636 Et:
1817 582 2058 650 Oﬂ’endi-

482 693 595 728 mus
628 692 803 729 omnes
820 676 897 740 ⁴³;
939 685 992 730 et
1025 690 1124 743 ego
1154 675 1453 745 praisertim
1491 676 1735 727 omnium
1783 675 2057 743 nequissi-

485 783 629 821 mus.
672 766 821 821 Unde
874 777 927 821 et
977 782 1165 836 preces
1212 774 1422 820 vestras
1474 765 1709 834 imploro
1758 766 1823 818 ad
1866 780 2063 821 conse-

485 859 756 928 quendam
790 858 1017 913 salutem
1066 872 1388 912 :eruumosze
1435 856 1632 910 anima:
1658 872 1792 909 mea:
1827 874 1839 910 :
1873 857 2068 909 deinde

486 966 582 1019 pro
624 951 881 1003 fratribus
903 991 917 1013 ,
945 951 1036 1019 qui
1071 958 1291 1018 propter
1319 956 1537 1017 peccata
1592 960 1712 1001 mea
1756 948 2025 1015 segregati
2050 989 2064 1007 ,

485 1043 772 1110 avulsiquc
800 1050 927 1095 sunt
974 1057 1003 1094 a
1048 1041 1321 1095 nostrain
1363 1040 1566 1109 Spiritu
1614 1050 1807 1093 sancto
1838 1056 2059 1108 congre-

488 1137 724 1202 gatione.
767 1133 854 1185 Est
887 1134 1125 1201 quidem,
1147 1141 1229 1186 est
1257 1132 1420 1201 plane
1453 1132 1707 1186 omnibus
1738 1131 2066 1201 patefactum

487 1228 632 1294 quod
660 1226 740 1279 eis
771 1224 1272 1292 impcndctjustum
1309 1223 1401 1276 Dei
1435 1223 1707 1292 judicium
1737 1239 1749 1275 :
1786 1233 2065 1276 verumta-

491 1334 614 1369 men
649 1317 779 1383 quia
817 1317 909 1367 lilii
942 1324 1072 1368 sunt
1117 1324 1171 1369 et
1202 1315 1445 1369 membra
1471 1353 1485 1375 ,
1521 1313 1919 1366 condolendum
1960 1314 2070 1368 illis

488 1421 574 1464 eSt
594 1451 609 1472 ,
651 1420 704 1463 et
733 1408 970 1477 amplius
999 1408 1441 1461 conn-standum.
1494 1406 1625 1460 Dico
1655 1417 1836 1460 autem
1864 1445 1879 1467 ,
1920 1406 2067 1459 fratri

489 1501 717 1556 Leontio
742 1542 756 1565 ,
795 1500 1031 1555 Maximo
1058 1540 1072 1563 ,
1108 1499 1415 1563 Clementi,
1462 1500 1583 1553 aliis
1630 1498 1923 1563 omnibus,
1975 1499 2068 1565 qui

488 1596 701 1664 seipsos
731 1608 1060 1664 quacunque
1099 1592 1276 1645 inanis
1319 1599 1615 1659 praetextus
1661 1589 1844 1658 specie
1887 1603 2071 1657 segre-

489 1699 723 1759 garunt;
760 1703 878 1756 qua:
909 1688 959 1739 in
996 1701 1083 1738 me
1110 1684 1332 1753 quidem
1367 1683 1741 1745 admiserunt,
1778 1684 1905 1735 olim
1932 1682 2065 1742 dixi,

2168 698 2285 749 μεν
2332 682 2631 747 ἅπαντες·
2680 685 2771 737 καί
2812 703 2876 752 γε

2173 496 2329 560 ἔλεξα
2372 499 2403 568 ἢ
2458 499 2662 571 ἔδρασα
2712 504 2792 563 εἰς
2841 503 2984 572 ὑμᾶς
3030 505 3265 571 λογικῶς
3311 507 3403 557 καὶ
3437 522 3771 575 πραγματι-

2173 590 2304 652 κῶς.
2361 592 2675 659 Ἀμαρτίας
2702 594 2811 662 γὰρ
2861 597 2952 660 τίς
2989 598 3295 663 συνήσεις
3352 598 3493 649 Καίο
3544 600 3770 652 Πταίο-

2951 688 3190 756 μάλιστα
3259 690 3369 757 ἐγὼ
3427 692 3456 742 ὁ
3530 691 3769 743 πάντων

2174 774 2525 843 ἀχρειότερος
2580 774 2907 855 ἀνθρῴπων.
2945 780 3037 831 Διὸ
3078 781 3171 832 καὶ
3237 780 3561 850 ὲξαιτοῦμαι
3604 782 3768 851 ὑμῶν

2173 865 2272 931 τὴν
2312 864 2627 936 προσευχὴν
2670 868 2747 929 είς
2796 866 3085 933 ἐπίτευξιν
3109 872 3386 940 σωτηρίας
3423 872 3522 942 τῆς
3566 872 3763 924 ταλαι-

2176 954 2362 1023 πώρου
2420 974 2520 1025 μου
2572 957 2787 1027 ψυχῆςο
2849 959 3043 1013 ἔπειτα
3114 961 3202 1014 διὰ
3273 964 3400 1026 τοὺς
3459 962 3603 1016 κατὰ
3662 964 3765 1027 τὰς

2175 1038 2454 1109 ἁμαρτίας
2521 1059 2625 1110 μου
2693 1046 3115 1116 ἀπορῤαγέντας
3176 1053 3276 1120 τῆς
3343 1052 3402 1102 ὲν
3475 1053 3765 1124 Πνεῦματι

2176 1131 2318 1200 ἁγίῳ
2370 1133 2664 1200 συναφείας
2724 1137 2885 1206 ἡμῶν
2942 1138 3232 1206 ἀδελφούς.
3287 1141 3444 1193 Ἔστι
3491 1142 3594 1212 μὲν
3637 1140 3761 1207 οὖν,

2177 1223 2291 1276 ἐστι
2325 1225 2698 1294 δεδηλωμένον
2735 1229 2795 1281 ὲν
2832 1228 3006 1281 ἆπασι
3030 1230 3091 1283 τὸ
3126 1230 3337 1285 ἔνδικον
3380 1232 3569 1295 αὐτοῖς
3599 1234 3762 1304 παρὰ

2177 1314 2297 1383 Θεῷ
2359 1319 2571 1385 κρῖμαο
2633 1317 2747 1370 ἀλλ’
2792 1319 2943 1387 ὅμως
3000 1321 3127 1373 ἐπεὶ
3186 1323 3355 1376 τέκνα
3416 1325 3511 1376 καὶ
3592 1325 3759 1395 μέλη,

2180 1407 2608 1475 συμπαθητέον,
2670 1410 2766 1463 καὶ
2824 1411 3317 1484 ’διαμαρτυρητέον
3388 1416 3572 1478 αὐτοῖς
3643 1416 3754 1471 ἔτι.

2179 1498 2334 1564 Λέγω
2362 1497 2446 1567 δὴ.
2487 1498 2563 1567 τῷ
2594 1499 2809 1570 ἀδελφῷ
2834 1503 3098 1574 Λεοντίῳ,
3140 1503 3398 1575 Μαξίμῳ,
3449 1505 3762 1575 Κλήμεντι,

2177 1592 2289 1651 τοῖς
2317 1590 2495 1652 ἄλλοις
2535 1590 2733 1656 ἅπασι,
2788 1595 2905 1657 τοῖς
2949 1594 3072 1648 καθ’
3122 1595 3506 1666 οίονδηποτοῦν
3556 1599 3763 1666 τρόπον

2180 1681 2613 1749 προφασιλογίας
2649 1683 2890 1752 ματαίας
2942 1686 3323 1755 ἀποσχισθείσι
3347 1704 3364 1719 θ
3406 1687 3476 1741 τὰ
3505 1690 3587 1750 είς
3622 1687 3762 1757 ὲμέ’

490 1793 545 1834 et
579 1796 725 1833 nunc
756 1780 880 1832 dico
901 1818 914 1843 ,
959 1774 1352 1845 ignoscendum
1386 1773 1491 1828 illis
1520 1784 1625 1828 est.
1669 1773 1775 1827 Sed
1807 1774 2067 1842 quoniam

2182 1774 2270 1825 καὶ
2322 1769 2475 1826 εἶπον
2543 1774 2749 1837 πάλαι,
2803 1777 2897 1828 καὶ
2965 1778 3109 1846 λέγω
3169 1779 3325 1848 ἄρτιο
3372 1781 3765 1849 Συγχωρητέον

494 1887 616 1942 qua:
649 1874 702 1925 in
733 1871 899 1923 Deum
930 1868 1225 1921 commissa
1257 1874 1419 1930 sunt,
1457 1866 1696 1919 hominis
1734 1882 1837 1918 non
1875 1875 1994 1928 est,
2028 1867 2073 1919 si

491 1965 699 2030 absque
740 1960 1056 2029 pcenitentia
1101 1966 1362 2012 maneant
1392 1995 1407 2020 ,
1463 1957 1704 2021 solvere;
1764 1957 1839 2010 illi
1892 1966 2074 2010 autem

494 2049 809 2121 pmnitenlia
844 2046 1086 2101 nondum
1123 2045 1253 2099 tacti
1286 2044 1539 2098 videntur
1567 2060 1580 2108 ;
1623 2044 1755 2113 quin
1789 2044 1893 2097 alia
1922 2045 2076 2098 insu-

498 2159 592 2213 per
626 2142 739 2195 ltare
765 2149 817 2194 et
845 2140 935 2192 illa
962 2138 1144 2207 egisse
1170 2153 1290 2205 qua:
1321 2136 1423 2204 ipsi
1462 2142 1663 2189 norunt
1688 2154 1700 2188 :
1728 2136 1955 2189 obsecro
1974 2178 1988 2199 ,
2022 2147 2079 2189 ut

491 2250 594 2306 per
616 2250 711 2288 vos
736 2235 848 2287 sive
874 2247 1041 2295 IIIIIIC,
1062 2231 1174 2284 sive
1198 2238 1329 2305 post
1350 2238 1575 2283 mortem
1602 2242 1799 2291 meam,
1822 2228 1920 2281 hoe
1948 2229 2075 2291 illis,

496 2329 859 2384 teutationum
889 2332 1032 2378 metu
1058 2363 1072 2386 ,
1108 2322 1462 2376 denuntietur
1490 2338 1502 2373 :
1541 2320 1669 2388 quia
1703 2321 1897 2375 videtis
1920 2360 1932 2379 ,
1962 2319 2069 2373 fra-

495 2432 606 2476 tres
629 2462 643 2486 ,
680 2419 917 2474 terribile
958 2425 1012 2471 et
1054 2414 1365 2469 inevitabile
1394 2413 1663 2482 judicium
1694 2453 1708 2476 ,
1757 2412 1860 2466 nisi
1895 2411 2066 2465 Deum

495 2513 657 2581 digna
689 2508 1004 2579 pmnitentia
1072 2504 1420 2575 placaveritis
1454 2517 1469 2556 :
1523 2512 1788 2572 quantum
1827 2502 1972 2555 enim
2007 2501 2073 2555 ad

496 2622 587 2663 me
635 2614 973 2672 peccatorem
1027 2596 1416 2668 ignoscendum
1469 2606 1552 2649 est
1604 2595 1781 2648 vobis.
1842 2592 1953 2647 lloc
1998 2603 2083 2647 est

497 2698 643 2769 quod
692 2694 941 2750 nonnihil
977 2706 1063 2747 me
1109 2690 1436 2748 contristat,
1486 2698 1536 2739 et
1579 2686 1747 2740 menti
1798 2686 2078 2739 occurrit:

496 2793 640 2863 quod
693 2801 753 2844 ut
790 2804 916 2858 erga
950 2799 1139 2839 omnes
1184 2780 1476 2851 perliciatis
1508 2794 1605 2833 vos
1640 2794 1761 2832 oro.
1811 2776 1995 2832 Valete
2027 2776 2080 2829 in

499 2887 752 2941 Domino.

922 2971 1114 3028 XXIII.
1151 3000 1217 3011 —
1244 2967 1538 3035 Prwposito
1573 2966 1663 3035 (‘).

2184 1865 2390 1927 αὐτοῖς.
2444 1866 2585 1917 Ἀλλ’
2639 1867 2827 1937 ἐπειδὴ
2880 1867 2949 1921 τὰ
3003 1871 3083 1931 εἰς
3115 1868 3270 1933 Θεὸν,
3317 1871 3418 1923 οὐκ
3473 1871 3763 1939 ἀνθρώπου

2184 1944 2333 2008 λύειν
2372 1957 2723 2027 ἁμετανόητα
2756 1960 2989 2028 μένοντα
3011 1976 3025 1988 ·
3059 1960 3119 2012 οὑ
3148 1960 3322 2028 δήπου
3356 1962 3411 2013 δὲ
3440 1979 3767 2031 μετανενοη-

2187 2046 2341 2109 κότες
2406 2049 2687 2114 φαίνονται
2800 2049 2940 2102 ἀλλὰ
3009 2052 3105 2104 καὶ
3183 2052 3765 2122 προσεξεργασάμενοι

2186 2138 2343 2190 τοῦτο
2373 2141 2616 2204 κάκεῖνο,
2650 2139 2685 2192 ἃ
2726 2142 2869 2194 ἴσασι
2890 2157 2905 2172 ·
2938 2142 3263 2213 παρακαλῶ,
3291 2143 3359 2195 δι’
3391 2143 3544 2213 ὑμῶν
3577 2143 3610 2214 ἢ
3646 2144 3765 2207 νῦν,

2188 2231 2298 2284 εἴτε
2359 2233 2498 2301 μετὰ
2549 2232 2779 2285 θάνατόν
2841 2251 2965 2301 μου,
3024 2234 3177 2304 φόϐῳ
3245 2234 3354 2287 τῶν
3410 2236 3765 2305 πειρασμῶν,

2185 2323 2409 2392 δοθῆναι
2457 2326 2641 2386 αὐτοῖς
2690 2325 2782 2376 τὸν
2834 2324 3031 2393 λόγοντ
3080 2327 3165 2378 ὅτι
3218 2326 3467 2395 βλέπετε,
3520 2328 3763 2394 ἀδελφοὶ,

2189 2415 2422 2484 φοϐερὸν
2456 2416 2516 2467 τὸ
2570 2418 2747 2486 κρῖμα
2781 2418 2875 2469 καὶ
2918 2417 3298 2488 ἀπαραίτητον
3324 2434 3337 2448 ⁶
3371 2420 3419 2471 εί
3479 2423 3557 2490 μὴ
3602 2438 3767 2490 μεταο

2188 2507 2305 2576 νοεᾳ
2332 2506 2601 2577 ἀξιολόγῳ
2636 2507 2990 2571 ὲξιλεώσεσθε
3014 2510 3106 2562 τὸν
3132 2510 3293 2563 Θεόνο
3322 2511 3383 2563 τὸ
3419 2512 3528 2581 γὰρ
3559 2516 3616 2565 ἐν
3646 2514 3768 2583 ἐμοὶ

2185 2600 2264 2670 τῷ
2315 2600 2629 2670 ἁμαρτωλῷ
2674 2602 3059 2672 συγχωρητέον
3119 2605 3270 2671 ὑμῖν.
3322 2605 3496 2659 Τοῦτό
3535 2608 3657 2657 ἐστι
3708 2606 3769 2658 τὸ

2190 2692 2502 2744 ὁπολυποῦν
2563 2710 2630 2763 με
2690 2696 2786 2746 καὶ
2843 2697 3294 2765 παριστάμενον
3367 2698 3395 2749 ὅ
3458 2697 3768 2751 διατελέσαι

2190 2780 2328 2849 πρὸς
2362 2782 2573 2845 πάντας
2608 2782 2846 2839 δυσωπῶ
2896 2785 3063 2855 ὑμᾶς.
3102 2786 3388 2857 Ἔρρωσθε
3445 2790 3505 2840 ὲν
3553 2787 3764 2858 Κυρίῳ.

2552 2969 2677 3024 Kl".
2697 2998 2756 3009 —
2807 2968 3169 3040 Ἦγουμένῳ.
3194 2968 3379 3042 [σλβ’.]

1488 3081 1562 3131 De
1590 3081 1773 3129 sanctis
1810 3078 2125 3140 imaginibus.
2156 3081 2354 3142 (Baron.
2384 3095 2462 3130 an.
2491 3082 2605 3141 816,
2632 3097 2681 3131 ιι.
2710 3082 2813 3145 δι.)

569 3206 820 3261 Paterna:
845 3196 1120 3256 sanctitati
1151 3203 1344 3248 vestrae
1378 3192 1650 3247 scribendi
1684 3205 1891 3244 moram
1932 3188 2033 3243 feci
2068 3208 2070 3240 :

2274 3192 2575 3264 Ἐϐράδυνα
2606 3195 2911 3247 ἐπιστεῖλαι
2940 3198 3008 3266 τῇ
3040 3198 3282 3266 πατρικῇ
3314 3212 3407 3247 σου
3450 3196 3770 3266 ἁγιωσυνῃ·

505 3303 577 3356 ita
612 3298 829 3368 quidem
862 3290 1154 3360 impeditus
1194 3286 1263 3339 ab
1295 3299 1357 3338 ea
1387 3282 1634 3337 custodia
1677 3296 1799 3349 quae
1849 3295 1935 3333 me
1979 3280 2070 3333 cir-

2188 3283 2331 3337 οῦτω
2381 3302 2493 3348 πως
2543 3287 2891 3356 ὲμποδισθεὶς
2948 3287 3052 3340 ὑπὸ
3114 3288 3215 3358 τῆς
3284 3289 3656 3357 περιεχούσης
3708 3307 3774 3358 με

502 3400 760 3449 cmnstat.
788 3385 983 3439 Audivi
1009 3382 1292 3435 enimvero
1317 3378 1446 3430 olim
1475 3373 1712 3428 carceris
1740 3381 1959 3441 propter
1985 3372 2070 3424 Do

2188 3375 2515 3443 ἀσφαλείας.
2588 3377 2741 3430 Ἐπεὶ
2798 3378 2963 3431 πάλαι
3034 3377 3291 3447 ἀκηκοώς
3343 3380 3457 3447 εἰμι
3515 3378 3619 3448 τῆς
3686 3378 3773 3431 διὰ

505 3483 714 3537 minum
752 3493 815 3532 ac
846 3472 1163 3530 certaminis
1193 3470 1272 3523 tui
1313 3467 1575 3521 laborem.
1614 3462 1720 3517 Sed
1774 3463 2070 3517 benedictus

2190 3466 2398 3537 Κύριον
2446 3468 2696 3539 φυλακῆς
2752 3471 2847 3522 καὶ
2898 3470 3240 3540 ὲναθλήσεώς
3295 3488 3390 3521 σου
3438 3470 3530 3522 τὸν
3561 3469 3773 3535 ἀγῶνα.

505 3575 649 3629 Deus
689 3572 783 3641 qui
825 3578 879 3623 et
922 3565 1266 3621 sanctitatem
1303 3555 1453 3614 tuam
1505 3556 1719 3611 vocavit
1764 3554 1830 3608 ad
1874 3552 2070 3609 confes-

2204 3561 2346 3613 Ἀλλ’
2375 3560 2669 3632 εὐλογητὸς
2697 3563 2726 3614 δ
2786 3560 2941 3627 Θεὸς,
2976 3563 3004 3614 ὁ
3059 3562 3155 3614 καὶ
3199 3561 3295 3630 τὴν
3343 3561 3442 3629 σὴν
3498 3561 3773 3628 ὁσιότητα.

505 3666 715 3721 sionem
751 3658 871 3713 Filii
906 3657 990 3711 sui
1021 3654 1147 3708 .lesu
1180 3648 1404 3713 Christi,
1439 3646 1651 3700 Domini
1683 3653 1736 3698 et
1770 3642 1863 3697 Dei
1895 3641 2065 3696 nostri

2194 3653 2435 3716 καλέσας
2464 3654 2545 3715 εἰς
2569 3655 2670 3723 τὴν
2710 3653 3006 3721 ὁμολογίαν
3066 3652 3161 3705 τοῦ
3196 3652 3327 3704 Υἱοῦ
3377 3651 3549 3705 αὑτοῦ
3601 3652 3775 3721 Ἰησοῦ

506 3756 696 3824 Neque
729 3753 876 3808 enim
904 3748 1053 3803 aliud
1082 3758 1165 3799 est
1198 3756 1297 3813 pro
1323 3740 1558 3809 imagine
1585 3736 1776 3789 formae
1806 3735 1950 3788 illius
1972 3749 2070 3786 eor-

2193 3742 2456 3813 Χριστοῦ,
2492 3741 2587 3793 τοῦ
2627 3742 2833 3811 Κυρίου
2882 3742 2976 3794 καὶ
3008 3740 3144 3793 Θεοῦ
3198 3740 3380 3811 ἡμῶν.
3444 3741 3522 3791 Οὐ
3582 3743 3695 3808 γάρ
3727 3757 3776 3790 τι

508 3863 686 3920 porcae
715 3847 1021 3904 decertare,
1050 3852 1215 3906 quam
1244 3849 1340 3905 pro
1368 3831 1486 3900 ipso
1516 3829 1839 3898 martyrium
1872 3825 2052 3879 facere

2194 3836 2320 3888 ἄλλο
2350 3835 2467 3887 ἐστὶ
2495 3832 2555 3886 τὸ
2575 3833 2716 3903 ὑπὲρ
2750 3835 2849 3902 τῆς
2879 3832 3088 3894 εἰκόνος
3114 3830 3208 3884 τοῦ
3253 3830 3575 3901 σωματικοῦ
3613 3830 3776 3882 αὑτοῦ

504 3936 949 4011 quandoquidem
976 3946 1143 3985 unum
1174 3926 1427 3992 idemque
1451 3930 1556 3987 cst,
1583 3920 1761 3989 quoad
1788 3931 2070 3987 repra-sen

2197 3926 2553 3999 χαρακτῆρος
2588 3924 2857 3987 ὲναθλεῖν,
2890 3924 2923 3994 ἢ
2965 3925 3026 3976 τὸ
3059 3923 3189 3993 περὶ
3244 3923 3413 3976 αὐτοῦ
3452 3927 3775 3993 μαρτυρεῖν.

506 4008 660 4087 tandi
693 4029 822 4093 vim,
857 4033 912 4079 et
941 4024 1119 4091 imago
1147 4028 1202 4074 et
1231 4017 1278 4071 is
1308 4013 1400 4084 qui
1438 4010 1671 4079 imagine
1707 4008 2069 4062 adumbratur

2208 4016 2430 4087 Ἐπειδὴ
2484 4014 2541 4068 ἓν
2576 4013 2671 4067 καὶ
2707 4014 2906 4067 ταυτὸν
2937 4016 3003 4085 τῇ
3042 4015 3344 4084 ὁμοιωτικῇ
3394 4014 3716 4072 ὑποστάσει.
3748 4014 3777 4081 ἠ

513 4120 737 4192 Depingi
766 4128 950 4174 autem
972 4113 1252 4168 Christum
1272 4146 1288 4172 ,
1331 4105 1412 4159 vel
1448 4104 1653 4173 lapides
1705 4100 1806 4170 ipsi
1833 4098 2070 4153 clamant

2198 4108 2361 4163 εἰκὼν
2386 4108 2522 4180 πρὸς
2554 4108 2647 4160 τὸν
2692 4105 3115 4178 εἰκονιζόμενον.
3167 4107 3291 4160 Ὅτι
3352 4106 3410 4159 δὲ
3451 4108 3781 4170 είκονίζεται

509 4189 718 4271 Idcirco
763 4208 961 4267 similis
994 4205 1169 4258 factus
1202 4210 1286 4255 est
1325 4196 1481 4250 nobis
1526 4210 1621 4263 per
1660 4192 1845 4246 omnia
1887 4189 2070 4259 absqui

2198 4198 2453 4269 Χριστὸς,
2485 4196 2580 4250 καὶ
2607 4198 2657 4249 οἱ
2689 4195 2827 4249 λίθοι
2869 4197 3196 4267 κεκράγασι.
3230 4196 3375 4248 Διότι
3426 4196 3615 4264 ὅμοιος
3649 4197 3783 4264 ἡμῖν

510 4316 757 4379 peccato,
792 4303 937 4358 sicut
969 4297 1235 4365 scriptum
1262 4300 1352 4346 est
1374 4289 1419 4320 “
1446 4306 1459 4343 :
1498 4287 1703 4354 absque
1737 4292 1963 4354 peccato
1994 4298 2070 4336 aut

2200 4294 2395 4359 γέγονε
2415 4293 2557 4344 κατὰ
2580 4291 2760 4343 πάντα
2778 4288 2914 4359 πλὴν
2932 4290 3209 4359 ἁμαρτίας
3224 4304 3240 4320 ο
3267 4286 3410 4341 καθὰ
3434 4288 3785 4357 γέγραπται·

512 4376 619 4451 tem
641 4436 658 4463 ,
693 4390 839 4463 quod
872 4389 991 4443 sine
1020 4384 1227 4439 semine
1259 4393 1480 4435 carnem
1514 4376 1743 4444 accepit,
1771 4383 2069 4442 conceptus

2203 4381 2479 4451 ἁμαρτίας
2501 4382 2578 4445 δὲ,
2602 4382 2682 4433 ὅτι
2709 4379 2836 4432 ἄνευ
2870 4380 3079 4449 σπορᾶς
3110 4380 3301 4449 εἴληφε
3334 4380 3434 4447 τὴν
3453 4380 3660 4448 σάρκα,
3690 4378 3783 4429 καὶ

509 4503 617 4559 que
645 4461 747 4542 est
788 4477 1043 4550 virginali
1091 4489 1240 4529 more
1286 4486 1356 4527 ex
1400 4467 1756 4525 sanctissima
1801 4461 1974 4518 Matre
2032 4478 2070 4517 at

2202 4469 2412 4539 ὲκυήθη
2451 4468 2798 4538 παρθενικῶς
2827 4470 2892 4520 ὲκ
2920 4466 3023 4537 τῆς
3054 4468 3329 4535 παναγίας
3366 4466 3537 4520 αὑτοῦ
3576 4467 3785 4537 μητρὸς

516 4543 764 4648 Deipara.
876 4543 904 4550 ν
1631 4647 1635 4648 7
1886 4644 1896 4648 _
1981 4642 1992 4648 _
2128 4543 2293 4615 Dxa).
2325 4560 2612 4613 Θεοτόκου.

583 4642 819 4733 Quando
874 4667 1120 4715 nostrum
1179 4654 1345 4725 igitur
1401 4647 1786 4718 unusquisque
1847 4642 2070 4715 pingitm

2280 4654 2433 4706 Ἐπεὶ
2460 4649 2555 4705 οὖν
2595 4654 2757 4723 ἡμεῖς
2789 4653 3175 4724 είκονιζόμεθα
3222 4653 3498 4716 ἃπαντεςο
3560 4652 3624 4715 ὃς
3681 4654 3787 4722 γὰρ

514 4764 674 4833 (nam
711 4758 803 4828 qui
845 4754 993 4825 pingi
1032 4749 1261 4819 nequit,
1305 4760 1412 4800 non
1444 4745 1491 4799 is
1526 4744 1691 4797 homo
1715 4781 1730 4805 ,
1763 4740 1859 4795 sed
1888 4737 2064 4793 aborti

2198 4745 2301 4798 οὐκ
2333 4743 2686 4808 εἰκονίζεται,
2723 4745 2824 4796 οὐκ
2851 4743 3164 4814 ἄνθρωπος,
3223 4744 3364 4798 ἀλλά
3393 4762 3445 4797 τι
3485 4743 3785 4813 ἑκτρωμαο

517 4829 644 4905 vum
673 4847 931 4919 quiddam
959 4852 1042 4898 est
1076 4860 1090 4896 :
1128 4841 1315 4893 vivens
1346 4837 1493 4891 enim
1521 4832 1835 4903 quodlibet,
1860 4829 2007 4899 quod
2038 4829 2070 4882 il

2202 4839 2285 4891 ὅτι
2307 4838 2399 4889 καὶ
2431 4838 2539 4888 πᾶν
2592 4836 2726 4899 ζῶον
2756 4839 2834 4899 εἰς
2881 4837 2996 4906 φῶς
3032 4837 3187 4890 ἐλθὸν
3213 4836 3583 4900 εἰκονίζεσθαι
3616 4838 3790 4905 πέφυ-

518 4918 704 4995 luccm
729 4936 882 4997 exit,
927 4942 1117 4987 natura
1156 4929 1316 4982 habet
1361 4934 1421 4979 ut
1461 4925 1637 4993 ipsum
1678 4920 1823 4990 pingi
1865 4918 2056 4989 possit)

2208 4944 2333 4981 κεν⁹
2380 4927 2677 4981 είκόνισται
2727 4927 2974 4998 δηλονότι
3032 4928 3128 4980 καὶ
3175 4928 3461 4997 ,Χριστόςο
3516 4928 3623 4981 κᾶν
3684 4931 3792 4990 τοῖς

2208 5016 2387 5077 ἀθέοις
2414 5015 2475 5067 οὐ
2505 5016 2661 5085 δοκῇ,
2693 5016 3055 5086 ἀρνουμένοις
3092 5014 3348 5069 ἐντεῦθεν
3383 5014 3445 5066 τὸ
3474 5015 3577 5081 τῆς
3614 5033 3792 5082 σωτη-

522 5123 759 5186 vidctur,
784 5117 877 5187 qui
902 5114 1159 5171 salutaris
1185 5111 1409 5182 proinde
1435 5103 1865 5177 dispensationis
1893 5110 2070 5171 myste

2210 5110 2326 5180 ρίου
2356 5109 2673 5180 οἰκονομίας
2706 5111 3029 5179 μυστήριον.
3074 5108 3199 5171 Πῶς
3251 5110 3361 5179 γὰρ
3416 5109 3483 5161 ἂν
3528 5109 3797 5178 ὁμολογη-

526 5214 665 5268 rium
691 5211 981 5277 abnegant.
1011 5204 1146 5259 Nam
1171 5218 1281 5272 quo
1308 5215 1463 5271 paeto
1488 5196 1737 5254 conﬁteri
1760 5195 1884 5249 licet
1903 5191 2064 5246 Filiur

2206 5202 2324 5273 θείη
2355 5203 2383 5254 ὁ
2407 5202 2534 5264 Υἱὸς
2554 5202 2649 5254 τοῦ
2666 5200 2801 5255 Θεοῦ
2818 5201 3103 5271 ἄνθρωπος
3118 5200 3459 5271 χρηματίσαι
3483 5200 3611 5253 καθ’
3630 5201 3797 5271 ἡμᾶς.

531 5304 622 5359 Dei
659 5302 934 5356 hominem
956 5338 971 5362 ,
1022 5298 1164 5352 sicut
1193 5311 1294 5350 nos
1320 5332 1337 5358 ,
1381 5292 1707 5361 appellatum
1734 5326 1750 5350 ,
1781 5300 2017 5355 quorum
2050 5300 2070 5339 ε

2204 5288 2279 5347 ὧν
2309 5294 2403 5347 καὶ
2434 5293 2662 5363 ἀδελφὸς
2690 5293 2890 5362 ἠξίωσε
2950 5291 3217 5362 κληθῆναι
3243 5329 3260 5353 ,
3315 5290 3393 5361 μὴ
3427 5290 3631 5358 ἐπίσης
3670 5290 3799 5359 ἡμῖν

529 5398 696 5451 frater
726 5390 1029 5459 nuncupari
1061 5389 1267 5453 voluit;
1309 5384 1415 5439 nisi
1450 5398 1605 5452 aeque
1638 5396 1701 5436 ac
1733 5394 1833 5433 nos
1863 5378 2070 5449 circum

2214 5384 2715 5457 περιγραφόμενοςς
2744 5384 2865 5446 Πῶς
2901 5384 2958 5437 δὲ
2994 5381 3323 5452 γεννηθῆναι
3360 5381 3515 5450 νόμῳ
3558 5381 3797 5449 φύσεως,

531 5487 845 5547 scribatur?
871 5489 977 5539 Aut
1006 5480 1282 5554 quomodo
1323 5480 1438 5549 lege
1469 5488 1676 5533 natura:
1725 5490 1911 5533 natum
1940 5516 1956 5543 ,
2001 5477 2070 5530 ni:

2220 5479 2298 5548 μὴ
2320 5476 2565 5547 ἐμφερὴς
2598 5474 2674 5530 ὢν
2712 5476 2783 5546 τῇ
2818 5474 2998 5545 οἰκείᾳ
3038 5473 3245 5545 μητρί,
3284 5473 3347 5526 El
3395 5468 3492 5527 οὖν
3536 5473 3600 5526 οὺ
3646 5488 3801 5545 περι·

1681 5594 1727 5627 ³⁸
1766 5592 1926 5649 Hebr.
1960 5609 2034 5657 tv,
2075 5593 2155 5647 l5.

521 5032 701 5102 pictus
728 5026 982 5081 videlicet
1030 5031 1086 5078 et
1132 5020 1387 5075 Christus
1416 5026 1539 5071 est:
1587 5014 1691 5069 etsi
1730 5013 1887 5066 aliter
1919 5008 2103 5078 impiis

602 5604 651 5635 δ’
682 5599 828 5655 Psal.
864 5615 1016 5664 xvnr,
1054 5599 1137 5653 15.
1214 5598 1261 5630 ⁸³
1291 5595 1405 5653 Jac.
1439 5612 1523 5665 ιιι,
1548 5595 1599 5649 2.

610 5722 685 5794 (⁸)
723 5721 1058 5791 Dogmatica.
