3990 6318
146 369 278 439 1189

1331 368 1869 430 EPISTOLARUM
1937 368 2087 427 LIB.
2124 368 2210 427 Ii.

3262 362 3397 427 1190

140 490 452 557 γέγραπται
477 526 489 548 ,
518 484 617 537 οὐκ
648 485 713 538 ὲκ
736 484 845 537 τῶν
870 482 1217 554 παρθενικῶν
1240 484 1413 552 αὐτῆς
1441 483 1713 552 αἱμάτων,

1835 482 1894 533 sit
1944 480 2105 533 matri
2154 492 2263 533 sua:
2297 474 2537 532 similis?
2586 473 2698 529 Nisi
2732 475 2898 545 igitur
2932 482 3017 530 est
3048 474 3400 531 circumscrio

140 576 198 641 ἑξ
214 572 288 628 ὧν
316 576 798 649 ὲπλαστούργησεν
855 574 1035 644 ἑαυτῷ
1089 574 1237 637 ναὸν,
1295 572 1411 626 ἀλλ’
1465 574 1714 641 οὐράνιον

138 670 321 739 φέρων
351 668 510 737 σῶμα
532 684 545 697 ’
580 667 762 730 καθὼς
802 665 1110 735 Μαρκέλλῳ
1138 665 1219 734 τῷ
1246 663 1512 735 αίρετικῷ
1543 663 1713 729 δοκεῖ,

147 760 242 810 καὶ
300 759 417 818 τοῖς
475 756 583 825 πρὸ
633 754 802 808 αὑτοῦ
853 754 1025 807 πάλαι
1070 753 1351 822 ἀσεβέσιν.
1427 752 1714 805 Ἐντεῦθεν

140 848 326 901 λοιπὸν
364 848 485 900 οὐδὲ
521 848 705 917 μήτηρ
737 846 955 913 ἀληθῶς
987 847 1021 916 ὴ
1070 846 1277 915 μήτηρ,
1313 844 1449 897 ἀλλὰ
1500 842 1716 912 ψευδώ-

143 953 345 1004 νυμος·
377 935 489 987 οὐδ’
516 937 649 1004 ἡμῖν
691 936 899 1004 ὅμοιος,
942 933 1059 986 ἀλλ’
1096 932 1455 1002 ὲτεροούσιος.
1494 932 1569 984 Οὐ
1609 931 1716 1000 μὴν

144 1026 268 1079 οὗτε
315 1026 489 1095 Ἀδὰμ
531 1025 934 1095 ἁνακέκληται·
968 1023 1084 1087 πῶς
1114 1023 1220 1092 γὰρ
1258 1024 1363 1089 av;
1409 1022 1719 1095 ἑτερογενεῖ

142 1116 505 1184 ἀναστήσεται
540 1112 750 1183 σώματι
792 1113 853 1165 τὺ
879 1112 1095 1181 χοῖκόν;
1153 1111 1300 1164 Διότι
1337 1110 1416 1181 τῷ
1464 1111 1636 1181 ὁμοίῳ
1658 1111 1718 1163 τὸ

143 1206 329 1275 ὅμοιον
373 1202 752 1267 ἀνασώζεσθαι
787 1202 1076 1256 δέδεικται.
1116 1201 1255 1254 οὔτε
1305 1197 1398 1256 οῦν
1426 1204 1454 1255 ὁ
1486 1201 1718 1263 θάνατος

143 1296 450 1364 κατεπόθη,
506 1294 651 1347 κατά
698 1294 761 1346 τὸ
807 1292 1138 1347 ἀκόλουθον
1210 1290 1337 1346 οὔτε
1412 1293 1447 1363 ἡ
1518 1293 1717 1363 νομικὴ

142 1387 372 1458 λατρεία
451 1387 756 1440 πέπαυται·
823 1386 987 1457 χρεία
1062 1384 1389 1457 περιτομῆς,
1460 1387 1552 1439 καὶ
1608 1385 1719 1437 τῶν

144 1478 370 1532 λοιπῶν.

225 1654 411 1725 Ὁρᾷς,
431 1647 476 1709 ὦ
499 1654 591 1709 τοῦ
620 1656 755 1709 Θεοῦ
781 1654 1057 1728 ἄνθρωπε,
1088 1656 1169 1720 είς
1203 1655 1233 1710 ὃ
1265 1656 1539 1728 βάραθρον
1595 1658 1722 1719 ἀσε-

144 1744 298 1808 δείας
342 1746 667 1816 ἐληλακότες
718 1748 1090 1819 ὲνεπάρησαν,
1133 1750 1197 1801 ὲκ
1240 1748 1336 1801 τοῦ
1388 1748 1465 1819 μὴ
1518 1749 1724 1819 ἐγγρά-

146 1839 343 1905 φεσθαι
373 1838 466 1892 τὸν
498 1838 734 1909 Χριστὸν
760 1840 819 1891 ὲν
860 1840 1053 1893 πίνακι
1101 1838 1350 1905 δοξάζειν
1405 1842 1455 1893 οί
1497 1841 1719 1893 Εἰκονο⁹
1747 1822 1794 1881 Β

148 1927 349 1997 μάχοι;
420 1928 800 1992 Ἰουδαῖζουσιν
855 1928 965 1998 ἄρα
1051 1930 1331 1998 ἀσφαλῶς.
1439 1928 1722 1982 Ἐντεῦθεν

144 2018 267 2071 οὕτε
308 2020 410 2087 τὴν
435 2019 717 2083 Θεοτόκον,
772 2018 896 2072 οὔτε
952 2021 1074 2073 τινὰ
1121 2020 1233 2074 τῶν
1275 2023 1446 2088 ἁγίων
1484 2021 1723 2092 παραδὲ-

147 2126 372 2178 χονται,
409 2110 497 2163 διά
545 2113 645 2180 τῆς
702 2111 812 2164 τῶν
859 2113 1077 2165 οἰκείων
1125 2112 1308 2164 αὐτῶν
1354 2114 1724 2183 χαρακτήρων

147 2202 454 2270 ἀρνήσεως,
501 2203 627 2265 τοὺς
662 2203 1250 2273 χαρακτηριζομένους
1287 2203 1721 2274 βδελυττόμενοι.

159 2290 223 2343 Ἦ
243 2293 353 2360 γὰρ
373 2292 474 2361 τῆς
510 2294 716 2356 είκέυνος
734 2294 866 2363 τιμὴ
888 2294 981 2346 καὶ
1007 2294 1202 2362 ἀτιμία
1229 2295 1325 2346 ἐπὶ
1345 2295 1407 2346 τὸ
1436 2295 1722 2364 πρωτότυ-

146 2397 247 2433 πον
266 2380 537 2434 διαϐαίνει
563 2421 576 2445 ,
606 2381 678 2443 ὦς
705 2398 870 2451 φησιν
918 2383 947 2434 ὁ
977 2381 1150 2452 μέγας
1181 2383 1483 2444 Βασίλειος.
1532 2382 1727 2434 Βδέλυ-

148 2470 236 2537 ξαι
285 2474 381 2525 τὸν
426 2472 599 2525 τύπον
653 2472 748 2526 τοῦ
802 2473 1070 2545 σταυροῦ·
1113 2477 1209 2529 καὶ
1247 2476 1369 2527 τίνα
1423 2473 1723 2545 βδελύσσῃ;

147 2564 271 2633 οὐχὶ
290 2564 383 2617 τὸν
410 2563 674 2626 ζωοποιὸν
723 2564 986 2634 σταυρόνξ
1035 2566 1222 2628 Οὕτως
1280 2564 1376 2619 τοῦ
1429 2565 1724 2634 βασιλέως,

148 2655 327 2718 οὕτως
353 2654 664 2707 οὑτινοσοῦν
694 2654 983 2727 ἀνθρώπου
1004 2674 1017 2687 ·
1040 2655 1183 2709 οὕτω
1216 2658 1308 2710 καὶ
1337 2656 1433 2709 τοῦ
1463 2656 1725 2727 Χριστοῦ,

148 2748 249 2815 τῆς
274 2763 335 2798 τε
362 2746 593 2817 Μητρδς
629 2746 821 2809 αὑτοῦ,
873 2747 970 2800 καὶ
998 2748 1198 2811 παντὸς
1234 2749 1416 2815 ἁγίου.
1455 2749 1728 2818 Ἤρνηται

149 2838 245 2891 νῦν
273 2840 302 2890 δ
329 2838 589 2907 Χριστὸς,
619 2839 713 2891 καὶ
733 2838 1045 2904 δεδίωκται,
1084 2841 1180 2892 καὶ
1206 2839 1579 2902 ὲξουδένωται.
1622 2840 1730 2894 Καὶ

153 2925 429 2995 μακάριος
465 2921 536 2987 εί,
563 2925 765 2994 Πάτερ,
798 2926 1038 2979 ὲναθλῶν
1082 2928 1177 2980 καὶ
1226 2930 1586 2998 ἀντεχόμενος
1631 2931 1729 2999 τῆς

149 3011 486 3081 ὀρθοδοξίας.
505 3012 666 3066 Ἀλλά
696 3013 1001 3084 προσεύχου
1026 3017 1120 3069 καὶ
1158 3016 1301 3086 ὑπὲρ
1350 3018 1486 3087 ἐμοῦ
1526 3018 1619 3071 τοῦ
1649 3020 1728 3071 oi-

1816 582 1965 642 ptus,
2002 588 2117 626 tum
2135 588 2200 624 ex
2227 570 2475 640 virginali
2512 571 2685 639 ipsius
2713 569 2981 640 sanguine
3004 609 3019 633 ,
3057 583 3123 622 ex
3161 584 3270 637 quo
3296 569 3400 624 sibi

1818 664 1931 733 ipse
1953 664 2217 733 templum
2244 663 2535 725 exstruxit,
2565 662 2656 716 sed
2681 661 2905 715 cmleste
2931 658 3148 729 pragl'ert
3176 674 3401 729 corpus.

1817 755 1895 806 uti
1927 753 2182 807 Marcello
2211 753 2465 806 heretico
2500 751 2676 804 visum
2724 759 2845 814 est,
2895 750 3215 819 ueterisque
3265 749 3398 803 olim

1816 846 2001 914 impiis
2032 855 2157 899 ante
2184 845 2391 913 ipsum.
2424 844 2582 898 Unde
2616 845 3020 895 consectarium
3054 850 3179 903 est,
3215 851 3274 894 ut
3308 854 3403 893 ne—

1819 950 1927 1005 que
1958 944 2132 989 mater
2154 950 2278 989 vere
2307 947 2481 988 mater
2515 934 2607 995 sit,
2640 934 2735 987 sed
2763 932 2956 986 falsum
2987 945 3184 984 nomen
3213 942 3361 1000 gerat
3388 948 3402 981 :

1819 1041 1919 1082 nec
1951 1027 2043 1080 ille
2074 1026 2272 1080 similis
2301 1025 2482 1091 nobis,
2515 1025 2606 1079 sed
2631 1031 2839 1077 natura:
2875 1022 3181 1077 dissimilis.
3218 1022 3405 1090 Neque

1819 1117 1988 1184 igitur
2019 1115 2191 1170 Adam
2227 1116 2533 1185 appellatus
2563 1124 2645 1168 est
2673 1131 2686 1167 :
2730 1128 2853 1167 nam
2886 1127 2996 1182 quo
3026 1112 3077 1165 id
3108 1112 3307 1180 pacto?
3344 1112 3402 1162 In

1820 1208 2048 1263 alterius
2070 1214 2281 1261 natura:
2304 1220 2533 1275 corpore
2562 1213 2809 1272 resurget
2834 1203 2981 1273 quod
3008 1211 3264 1256 terrestre
3284 1209 3366 1253 est
3382 1200 3408 1252 ἲ

1818 1301 1978 1355 Certe
2009 1299 2174 1354 simili
2220 1299 2400 1353 simile
2442 1296 2639 1351 salvari
2685 1296 3025 1364 intelligitur.
3078 1296 3263 1361 Neque
3313 1291 3405 1359 igi-

1820 1398 1910 1443 tur
1945 1391 2110 1457 (nam
2158 1389 2208 1442 id
2243 1396 2420 1441 estex
2452 1401 2519 1441 eo
2552 1386 2934 1454 consequens)
2970 1398 3115 1438 mors
3148 1385 3402 1450 absorpta

1819 1488 1900 1535 est
1926 1519 1941 1545 ,
1971 1495 2148 1549 neque
2182 1478 2376 1547 legalis
2410 1477 2647 1531 servitus
2672 1476 2832 1531 desiit
2862 1493 2875 1529 :
2920 1484 3033 1529 tum
3060 1490 3187 1529 vero
3214 1484 3267 1528 et
3297 1476 3405 1527 cir-

1822 1572 2163 1626 cumcisione
2188 1610 2203 1636 ,
2234 1578 2289 1623 et
2317 1567 2544 1638 reliquis
2569 1582 2728 1635 opus.

1897 1662 2080 1728 Vides,
2119 1678 2153 1716 0
2193 1663 2356 1716 homo
2387 1660 2523 1725 Dei,
2565 1660 2619 1712 in
2649 1674 2811 1728 quem
2840 1659 3076 1714 demersi
3111 1658 3403 1727 impietatis

1825 1750 2090 1819 gurgitem
2120 1750 2465 1803 lconomachi
2493 1749 2834 1811 devenerint,
2861 1763 2969 1801 non
2994 1748 3210 1817 depingi
3238 1746 3402 1800 Chri-

1823 1850 1967 1894 stum
2023 1840 2074 1892 in
2130 1839 2312 1893 tabula
2366 1840 2712 1893 statuentes?
2759 1838 2981 1907 Absque
3027 1840 3135 1891 ulla
3188 1839 3404 1891 dubita-

1824 1927 2292 1993 tionejudaizant.
2323 1926 2463 1978 Hinc
2491 1942 2670 1995 neque
2710 1925 3014 1995 Deiparam,
3051 1942 3149 1980 nec
3176 1938 3402 1981 sancto-

1824 2033 1944 2072 rum
1968 2032 2295 2087 quemquam
2328 2017 2645 2082 admittunt,
2674 2032 2769 2085 per
2802 2018 3143 2086 negationem
3173 2021 3408 2087 proprias

1827 2109 2075 2179 ipsorum
2120 2109 2190 2161 for
2213 2124 2333 2172 mae,
2364 2124 2461 2163 eos
2493 2124 2710 2178 quoque
2741 2124 2975 2177 quorum
3014 2109 3185 2163 forma
3226 2112 3406 2180 expri-

1825 2202 2017 2266 mitur,
2048 2209 2419 2255 exsecrantes.
2471 2200 2727 2269 lmaginis
2758 2202 2904 2254 enim
2952 2201 3126 2254 honor
3172 2210 3227 2255 et
3261 2217 3408 2256 con-

1827 2301 2065 2361 temptus
2097 2291 2150 2344 in
2184 2299 2528 2359 prototypum
2572 2289 2746 2353 redit,
2787 2298 2847 2342 ut
2880 2305 3111 2360 magnus
3139 2292 3216 2344 ait
3244 2290 3401 2346 Basi-

1829 2385 1952 2438 lius.
1985 2382 2176 2437 Crucis
2226 2381 2643 2436 similitudinem
2675 2383 2978 2437 exsecraris
3012 2398 3027 2435 :
3080 2398 3243 2450 qnam
3290 2399 3407 2438 rem

1829 2484 1880 2531 te
1911 2473 2189 2528 exsecrari
2237 2473 2464 2528 censes?
2519 2487 2699 2526 nonne
2738 2473 2914 2542 ipsam
2959 2474 3228 2527 viviticam
3281 2490 3407 2530 cru-

1827 2564 1981 2620 cem?
2006 2563 2096 2620 Sic
2125 2565 2191 2618 de
2222 2565 2365 2632 regis
2396 2562 2593 2633 elligie,
2623 2572 2717 2617 aut
2750 2564 2992 2633 cujusvis
3022 2564 3300 2619 hominis:
3331 2563 3411 2618 sic

1827 2666 1880 2711 et
1912 2656 2148 2720 Christi,
2178 2663 2232 2709 et
2260 2654 2448 2711 Matris
2471 2656 2591 2724 ejus
2629 2667 2685 2708 et
2712 2657 2885 2709 sancti
2915 2655 3223 2725 cujuslibet.
3257 2654 3413 2709 Nunc

1827 2746 2083 2801 Christus
2118 2756 2344 2816 negatus
2374 2755 2478 2807 est,
2512 2753 2566 2798 et
2597 2747 3039 2814 persecutionem
3074 2761 3270 2814 passus
3296 2754 3411 2809 est,

1832 2847 1887 2891 et
1919 2837 2222 2906 despicatui
2258 2837 2472 2890 habitus
2502 2847 2599 2890 est.
2632 2837 2698 2889 Et
2744 2837 2934 2891 beatus
2962 2852 3052 2901 cs,
3080 2835 3258 2899 Pater,
3287 2850 3411 2889 cum

1831 2929 2068 2983 dimicas
2100 2944 2163 2983 ac
2186 2929 2455 2982 obniteris
2485 2944 2585 2998 pro
2609 2929 2916 2983 orthodoxa
2950 2929 3073 2983 lide.
3101 2929 3204 2983 Sed
3232 2936 3285 2982 et
3314 2944 3414 2997 pro

1830 3034 1916 3073 me
1951 3020 2152 3074 misero
2183 3034 2434 3087 precare,
2470 3029 2528 3074 ut
2557 3021 2807 3090 vestigiis
2842 3020 3150 3075 sanctitatis
3180 3029 3287 3075 tua:
3327 3021 3410 3074 in-

152 3104 320 3173 κτροῦ
340 3145 356 3168 ,
408 3104 640 3158 κατόπιν
676 3106 815 3159 ἱέναι
865 3106 966 3176 τῆς
994 3108 1305 3181 ἁγιωσύνης
1337 3126 1431 3162 σου
1455 3149 1471 3175 ,
1520 3110 1618 3164 καὶ
1650 3110 1726 3181 μὴ

1835 3110 2057 3175 sistam,
2092 3126 2193 3166 nec
2217 3121 2435 3181 propter
2472 3124 2696 3181 peccata
2731 3127 2853 3166 mea
2878 3113 3093 3182 ejiciar.

152 3195 502 3266 ἀπωσθῆναι,
525 3196 619 3249 διά
645 3196 747 3259 τὰς
777 3197 1069 3268 ἁμαρτίας
1087 3217 1213 3269 μου.

509 3309 638 3363 KA'.
669 3336 740 3350 —
773 3308 1041 3378 'Irratltp
1064 3309 1273 3379 τέκνῳ.
1297 3310 1482 3384 [σλζ’.]

1756 3162 1803 3224 C

2284 3308 2474 3367 XXIV.
2499 3342 2566 3354 --
2593 3310 2803 3383 Ignatio
2830 3312 2966 3383 ﬁlio.

1491 3425 1722 3479 Celebrat
1742 3426 1879 3475 illius
1903 3424 2101 3473 laudes.

228 3509 299 3562 Ἀ
363 3507 681 3579 γέγραφας,
715 3509 907 3564 τέκνον
959 3511 1342 3581 ἠγαπημένον,
1388 3511 1561 3579 ἔγνων
1585 3530 1599 3544 ·
1636 3513 1733 3565 καὶ

154 3600 332 3669 χαίρω
347 3600 568 3652 ἁκούων
583 3616 677 3652 σου
694 3599 793 3670 τῆς
807 3601 1012 3670 φωνῆς·
1029 3602 1089 3653 ού
1112 3602 1219 3671 μὴν
1237 3601 1311 3665 ὡς
1330 3602 1734 3670 ὑπολαμϐάνεις

154 3692 223 3745 τὰ
246 3692 373 3746 κατ’
396 3690 498 3761 ὲμὲ
522 3704 538 3721 ’
560 3691 703 3744 ἕωλα
727 3692 835 3761 γάρ
865 3693 959 3745 κοιλ⁸
992 3692 1287 3763 οὐδαμινὰ·
1313 3692 1452 3763 πλὴν
1480 3696 1528 3746 εί
1557 3694 1733 3761 λέγοις

153 3782 493 3851 ὡφελεῖσθαι
515 3783 573 3835 ὲν
594 3784 706 3844 τοῖς
732 3782 913 3849 λόγοις
942 3800 1068 3851 μου.
1101 3785 1283 3853 Γράφε
1312 3785 1405 3836 καὶ
1430 3785 1583 3853 δέχου
1606 3801 1618 3813 ⁸
1643 3787 1737 3839 καὶ

156 3874 351 3942 φθόνος
372 3873 572 3935 οὐδείς.
626 3873 857 3941 Συνίημι
884 3874 996 3943 βίον
1027 3876 1209 3928 ἕλκειν
1249 3892 1311 3927 σε
1334 3893 1736 3947 στενοχωρητι-

157 3966 253 4019 κδν
274 3968 335 4018 ὲν
362 3964 444 4035 τῷ
479 3963 712 4035 παρόντι
741 3964 968 4035 διωγμῷ
987 3982 1002 3997 ο
1050 3965 1241 4038 ὥσπερ
1272 3967 1372 4021 καὶ
1411 3970 1461 4021 οἱ
1508 3968 1739 4037 ὁμοτρό-

156 4072 276 4121 πως
333 4073 419 4110 σοι
468 4056 857 4127 κρυπτόμενοι.
928 4057 1069 4111 Ἀλλ’
1128 4060 1160 4127 ἡ
1202 4058 1359 4121 ἐλπὶς
1408 4058 1734 4128 κουφιζέτω.

161 4149 296 4219 Ἔχε
323 4148 398 4201 τὰ
430 4148 576 4200 κατά
622 4148 681 4199 σὲ
728 4146 1008 4217 ἀσφαλῶς,
1047 4148 1186 4217 μετά
1225 4148 1322 4201 τοῦ
1370 4148 1536 4200 καλοῦ
1571 4149 1739 4201 Εὐσε-

160 4237 299 4307 βίου,
338 4238 400 4291 ὃν
424 4240 520 4291 καὶ
556 4240 972 4309 προσαγορεύω.
1020 4240 1087 4292 Ἥ
1111 4241 1261 4309 παρά
1292 4240 1403 4293 τῶν
1443 4242 1741 4310 αἱρετικῶν

157 4326 423 4382 κοινωνία
450 4326 515 4379 οὐ
542 4326 719 4390 κοινὸς
757 4326 1106 4398 ἄρτος,’ἀλλά
1137 4330 1451 4399 φάρμακον,
1484 4330 1544 4382 ού
1583 4330 1743 4398 σῶμα

159 4418 428 4489 βλάπτον,
485 4418 625 4473 ἀλλά
671 4418 852 4489 ψυχὴν
887 4419 1138 4489 μελαῖνον
1172 4422 1267 4473 καὶ
1314 4421 1598 4485 σκοτίζον·
1657 4423 1743 4491 ρίο

157 4529 318 4567 πτειν
349 4512 409 4565 δὲ
426 4510 525 4564 καὶ
550 4509 815 4581 κρύϐδην,
845 4512 944 4565 οὐκ
965 4512 1090 4582 ἐμοὶ
1120 4512 1181 4565 τὸ
1203 4511 1406 4579 λέγειν.
1438 4512 1600 4574 Ἀλλὰ
1626 4513 1737 4565 τῶν

156 4602 470 4655 ποιούντων
498 4601 679 4670 φόϐῳ*
718 4603 851 4672 περὶ
876 4596 952 4656 ὧν
980 4602 1160 4655 ἐκεῖνο
1199 4600 1382 4671 λέγειν
1443 4602 1622 4665 ἐστιν,
1664 4604 1747 4656 ὅτι

157 4692 390 4747 Πολλοὶ
442 4690 565 4744 τῶν
606 4692 918 4760 ἀρχόντων
978 4694 1306 4747 ἐπίστευον
1356 4695 1443 4758 εἰς
1513 4695 1743 4748 αὐτόν·

156 4783 298 4838 ἀλλ’
334 4784 453 4852 οὐχ
479 4782 831 4851 ὡμολόγουν
858 4781 957 4836 διὰ
1000 4784 1146 4850 τοὺς
1188 4785 1552 4852 Φαρισαίους
1576 4803 1589 4817 ο
1645 4786 1732 4839 ἵνα

1846 4790 1995 4860 pibus
2034 4786 2370 4841 crediderunt
2410 4786 2462 4839 in
2497 4801 2615 4839 eum
2656 4800 2675 4838 :

153 4874 240 4943 μὴ
264 4872 737 4942 ἀποσυνάγωγοι
761 4871 1068 4942 γένωνται.
1116 4876 1468 4945 Ἡγὰπησαν
1494 4877 1606 4946 γὰρ
1632 4877 1749 4946 τὴν

159 4962 357 5027 δόξαν
391 4961 515 5017 τῶν
566 4960 897 5028 ἀνθρώπων
921 4959 1161 5027 μᾶλλον
1188 4964 1226 5032 ἢ
1265 4964 1381 5031 τὴν
1409 4965 1602 5030 δόξαν
1639 4966 1747 5021 τοῦ

160 5054 337 5109 Θεοῦ.
372 5054 440 5106 Ei
470 5052 529 5104 δὲ
558 5051 856 5122 ὀρθοδόξων
886 5053 941 5107 ai
971 5052 1129 5122 εὐχαὶ
1176 5055 1276 5124 τῆς
1313 5055 1624 5126 ίερουργίας
1650 5072 1665 5088 ·
1698 5057 1749 5110 τί

158 5146 343 5211 τοῦτο,
380 5146 433 5197 εί
480 5142 635 5211 παρὰ
678 5142 975 5213 αἱρετικῶν
1042 5143 1296 5210 γίνοιντο,
1340 5146 1745 5216 συμϐάλλεταις

159 5238 235 5291 Οὐ
269 5240 384 5308 γὰρ
438 5232 518 5295 ὡς
566 5234 595 5286 ὁ
646 5234 880 5303 ποιήσας
929 5234 1101 5296 αὑτάς
1137 5236 1461 5304 φρονοῦσιν·
1516 5238 1640 5291 οὐδὲ
1674 5239 1750 5301 ὡς

158 5329 321 5381 αὑταὶ
369 5324 430 5378 αἱ
464 5323 642 5390 φωναὶ
675 5324 1035 5393 σημαίνουσι,
1083 5326 1465 5380 πιστεύουσιν·
1519 5329 1751 5399 ἐπείπερ

157 5418 317 5472 πᾶσα
345 5417 382 5485 ἡ
415 5416 807 5485 μυσταγωγία,
826 5416 1065 5487 Χριστὸν
1094 5416 1382 5487 ἄνθρωπον
1408 5419 1624 5490 άληθῶς
1656 5438 1751 5487 γε·

160 5506 431 5578 γενῆσθαι
458 5504 704 5569 δοξάζει·
730 5507 779 5559 οἰ
807 5508 864 5560 δὲ
906 5507 1219 5577 ἀρνοῦνται,
1250 5512 1355 5567 κᾶν
1400 5512 1624 5583 λέγωσι,
1664 5513 1753 5567 διὰ

161 5600 224 5653 τὸ
254 5602 485 5671 φρονεῖν
517 5598 595 5669 μὴ
622 5598 1051 5665 ὲξεικονίζεσθαι
1079 5602 1262 5658 αὐτόν.

234 5788 279 5817 ⁵⁸
307 5785 473 5840 Jom.
515 5800 620 5850 xu,
654 5785 742 5838 4‘2.

1903 3510 2034 3576 Quae
2065 3509 2369 3578 scripsisti,
2399 3510 2596 3565 dilecte
2637 3511 2745 3579 fili,
2799 3513 3080 3582 intellexi,
3126 3529 3192 3570 ac
3232 3530 3417 3571 vocem

1835 3609 1981 3655 tuam
2015 3600 2233 3670 quidem
2277 3603 2465 3656 audire
2494 3619 2581 3657 me
2609 3604 2839 3659 delectat
2872 3624 2886 3659 :
2924 3614 2978 3661 at
3018 3620 3106 3661 res
3146 3622 3279 3662 mem
3312 3623 3419 3661 non

1835 3693 1916 3747 sic
1954 3703 2103 3756 sunt,
2134 3704 2191 3747 ut
2219 3704 2271 3746 tu
2302 3694 2628 3761 existimas;
2671 3710 2794 3749 nam
2826 3706 2956 3750 sunt
2978 3697 3171 3753 inanes
3198 3714 3261 3753 ac
3293 3700 3418 3753 nu|~

1836 3784 1944 3837 lius
1989 3785 2178 3852 pretii,
2227 3784 2334 3839 nisi
2380 3785 2526 3853 quod
2579 3787 2928 3843 sermonibus
2969 3788 3107 3842 meis
3148 3789 3327 3857 juvari
3368 3800 3420 3843 te

1836 3875 1940 3929 ais.
1977 3874 2169 3929 Scribe
2197 3884 2250 3928 et
2278 3876 2465 3944 accipe
2491 3892 2503 3925 :
2541 3890 2641 3929 nec
2670 3876 2944 3931 invidebo.
2978 3875 3227 3948 Intelligo
3250 3880 3416 3932 vitam

1841 3967 2060 4020 trahere
2094 3975 2144 4019 te
2185 3966 2401 4035 plenam
2436 3967 2813 4021 molestiarum
2850 3969 2904 4022 in
2944 3970 3198 4038 praesenti
3234 3986 3421 4040 perse-

1839 4059 2104 4112 cutione:
2147 4057 2609 4123 quemadmodum
2653 4066 2708 4111 et
2750 4058 2787 4111 i1'
2836 4059 2931 4127 qui
2964 4058 3222 4114 similiter
3264 4076 3329 4114 ac
3362 4071 3421 4114 tu

1842 4149 1896 4202 in
1928 4147 2152 4202 latebris
2176 4147 2403 4217 degunt.
2430 4147 2535 4201 Sed
2569 4147 2807 4201 laborem
2841 4162 2968 4216 spes
2999 4149 3263 4202 sublevet.
3298 4148 3418 4203 Tihi

1842 4240 2035 4295 sedulo
2060 4254 2192 4295 cave
2226 4254 2349 4293 cum
2379 4238 2595 4308 egregio
2632 4238 2891 4301 Eusebio,
2921 4255 3085 4309 quem
3115 4249 3170 4293 et
3211 4240 3415 4295 saluto.

1841 4330 2170 4386 Communia
2195 4344 2321 4383 cum
2354 4328 2625 4383 ltzereticis
2655 4342 2761 4382 non
2788 4328 2945 4397 panis
2976 4330 3286 4383 communis
3312 4337 3420 4393 est,

1843 4424 1936 4479 sed
1974 4438 2244 4478 venenum
2271 4461 2285 4486 ,
2318 4422 2462 4491 quod
2496 4436 2603 4474 non
2636 4435 2841 4490 corpus
2870 4419 3090 4490 quidem
3117 4458 3134 4483 ,
3165 4420 3261 4474 sed
3303 4420 3424 4474 ani-

1845 4530 1995 4569 mum
2028 4513 2285 4575 obscurat
2310 4521 2364 4565 et
2389 4511 2712 4565 ohtenebrat
2739 4528 2751 4563 :
2786 4510 3057 4581 projicere
3078 4524 3208 4564 vero
3236 4510 3423 4565 occul-

1846 4614 1920 4671 te,
1946 4620 2052 4659 non
2075 4614 2159 4659 est
2185 4619 2366 4657 meum
2385 4603 2566 4657 dicere
2594 4620 2608 4669 ;
2638 4603 2732 4658 sed
2758 4602 2995 4671 suntqui
3018 4610 3162 4655 metu
3183 4601 3419 4667 iaciant;

1847 4697 1915 4752 de
1953 4698 2153 4767 quibus
2180 4695 2315 4750 illud
2357 4709 2622 4762 usurpare
2653 4693 2734 4749 fas
2766 4702 2851 4748 est
2878 4711 2892 4747 :
2936 4690 3099 4745 Multi
3134 4708 3198 4745 ea:
3222 4692 3423 4759 princi.

2727 4786 2816 4839 sed
2866 4794 3080 4853 propter
3118 4783 3422 4837 Phariswos

1841 4896 1946 4932 non
1980 4878 2387 4945 conﬁtebantur,
2440 4886 2496 4929 ut
2545 4893 2572 4929 e
2620 4874 2902 4945 Synagoga
2935 4892 3038 4928 non
3082 4875 3417 4943 ejicerentur.

1844 4970 2154 5024 Dilexerunt
2204 4970 2340 5023 enim
2392 4969 2620 5036 gloriam
2681 4968 2953 5020 hominum
3007 4969 3213 5037 magis,
3263 4984 3423 5037 quam

1843 5058 2066 5127 gloriam
2119 5058 2214 5111 Dei
2262 5058 2329 5110 "’.
2375 5056 2529 5122 Quod
2583 5056 2628 5110 si
2686 5056 3119 5110 ortltodoxorum
3169 5065 3294 5110 sunt
3346 5072 3425 5111 eae

1845 5165 2032 5219 preces
2055 5151 2258 5219 quibus
2286 5165 2372 5203 res
2395 5164 2551 5203 sacra
2585 5148 2864 5218 peragitur
2894 5165 2907 5200 :
2946 5163 3235 5216 quorsum,
3263 5163 3330 5201 an
3355 5150 3424 5201 ab

1845 5239 2114 5295 haereticis
2164 5241 2268 5294 ill-.e
2301 5242 2463 5304 liant,
2500 5239 2886 5309 disceptatur?
2931 5237 3119 5308 Neque
3146 5238 3291 5293 enim
3331 5254 3424 5293 eas

1856 5332 2078 5400 perinde
2107 5343 2271 5399 atque
2304 5333 2549 5401 ipsarum
2591 5341 2782 5385 auctor
2820 5330 3129 5399 intelligunt
3178 5347 3191 5383 :
3251 5345 3427 5398 neque

1856 5420 1911 5474 id
1946 5422 2176 5476 credunt
2203 5423 2348 5490 quod
2383 5434 2545 5474 voces
2586 5420 2717 5489 ipsa:
2746 5417 3057 5487 signiﬁcant
3096 5434 3108 5470 :
3156 5416 3426 5485 siquidem

1858 5511 1935 5565 rei
1983 5526 2155 5565 sacrae
2191 5512 2434 5581 peractio
2464 5511 2645 5564 omnis
2673 5508 2950 5564 Christum
2985 5508 3264 5563 hominem
3300 5521 3428 5560 vere

1859 5600 2061 5657 factum
2093 5603 2281 5657 statuit
2315 5622 2329 5657 :
2373 5603 2429 5656 hi
2456 5617 2585 5655 vero
2623 5609 2855 5669 negant,
2896 5599 3161 5671 quidquid
3209 5598 3423 5662 dicant,

1858 5696 1950 5768 qtti
1983 5711 2104 5751 eum
2134 5696 2276 5767 pingi
2313 5709 2470 5766 posse
2500 5694 2831 5751 inliciantur.
