3990 6318
573 336 703 407 1191

639 450 1115 517 Quemadmodum
1159 450 1204 504 si
1238 451 1443 504 diceret
1476 448 1676 519 aliquis
1709 468 1720 503 :
1761 451 1938 505 Credo
1968 452 2020 504 in
2051 449 2149 502 Pa-
2177 449 2225 506 A

568 553 727 607 trem,
762 555 813 597 et
843 543 1065 605 Filium,
1090 552 1145 597 et
1176 542 1438 611 Spiritum
1477 551 1749 605 sanctum,
1780 542 2007 595 sentiret
2051 556 2146 593 an-

569 643 675 687 tetn
694 636 929 696 Patrem,
945 642 1000 686 et
1016 632 1231 696 Filium,
1246 644 1298 686 et
1313 633 1572 701 Spiritum
1588 643 1834 687 sanctum
1852 649 2013 685 unam
2028 646 2147 687 esse

571 724 905 793 hypostasim
924 724 1026 777 sub
1044 724 1241 793 triplici
1269 724 1517 786 nomine;
1542 725 1687 792 quod
1720 723 1822 776 fuit
1842 722 2147 791 insipientis

573 810 794 864 Sabellii
823 811 1049 880 dogma;
1082 826 1200 881 age,
1228 812 1373 865 hunc
1400 812 1690 880 quisquam
1721 820 1972 865 nostrum
2002 809 2148 863 dicat

572 902 625 952 in
664 899 988 954 Trinitatem
1030 900 1291 955 credere?
1328 900 1554 954 minime
1594 914 1727 954 sane
1774 915 1789 951 :
1829 913 2145 966 quanquam

573 991 621 1045 is
648 1001 944 1045 asseveret.
981 989 1071 1046 Sic
1100 991 1285 1059 igitur,
1312 1006 1489 1059 neque
1525 990 1636 1051 hic,
1674 999 1733 1042 ut
1763 989 2039 1058 loquitur,
2072 988 2146 1042 ita

573 1080 782 1144 credit,
813 1081 1064 1149 quamvis
1110 1081 1185 1133 rei
1233 1094 1403 1133 sacrae
1449 1081 1583 1134 ritus
1628 1080 1967 1133 orthodoxus
2019 1086 2145 1131 est:

574 1168 669 1221 sed
712 1168 755 1221 is
792 1168 1065 1221 incassum
1099 1170 1376 1238 loquitur,
1409 1168 1491 1221 vel
1520 1169 1699 1237 potius
1730 1169 1889 1223 ludos
1920 1168 2051 1237 agit,
2082 1181 2149 1221 ac

574 1260 856 1327 liturgiam
909 1261 1238 1314 contumelia
1289 1260 1453 1313 allicit
1505 1278 1519 1313 :
1581 1259 2025 1330 quandoquidem
2094 1268 2150 1314 et

576 1351 1006 1421 praestigiatores
1061 1362 1115 1405 et
1173 1353 1543 1406 incantatores
1600 1352 1800 1406 divinis
1852 1353 2149 1405 abutuntur

577 1442 811 1495 canticis
866 1443 917 1496 in
972 1442 1369 1495 daemoniorum
1417 1442 1614 1496 sacris.
1643 1441 2013 1497 Przestabilius
2062 1452 2150 1499 est

576 1545 726 1594 eum,
754 1531 845 1599 qui
877 1532 1116 1584 nondum
1149 1532 1219 1584 sit
1249 1546 1407 1585 sacro
1436 1530 1583 1585 fonte
1613 1532 1813 1585 tinctus
1842 1570 1857 1596 ,
1897 1532 1943 1587 si
1979 1532 2150 1602 bapti-

577 1630 732 1673 zator
762 1620 1100 1675 orthodoxns
1145 1636 1251 1674 non
1300 1622 1478 1685 adsit,
1526 1636 1557 1674 a
1605 1626 1910 1689 monacho;
1954 1632 2049 1675 aut
2101 1623 2147 1677 si

577 1712 719 1765 desit
762 1712 889 1773 ille,
938 1726 967 1765 a
1012 1712 1150 1765 laico
1187 1711 1494 1781 baptizari,
1537 1712 1791 1767 dicente:
1837 1712 2149 1781 Baptizatur

1775 342 1836 400 S.
1875 336 2271 400 THEODORI
2314 332 2663 394 STUDIT/E

3704 320 3856 385 “9?.

2332 443 2419 505 Ὠς
2448 441 2515 494 ἂν
2544 442 2591 492 εἰ
2619 439 2712 492 καὶ
2744 438 2917 506 λέγων
2948 455 3031 502 τις
3055 454 3067 466 ³
3105 436 3352 491 Πιστεύω
3384 437 3464 497 εἰς
3494 433 3727 503 Πατέρα
3747 434 3851 483 καὶ

2250 533 2378 585 Υίὸν
2409 532 2500 584 καὶ
2524 531 2678 599 ἅγιον
2711 529 2937 597 Πνεῦμα
2958 546 2972 558 ο
3006 528 3220 599 φρονῶν
3253 529 3313 581 δὲ
3336 528 3420 580 ὅτι
3449 527 3477 578 ό
3509 523 3710 591 Πατὴρ
3747 522 3851 572 καὶ

2246 626 2274 676 6
2306 623 2434 686 Υἱὸς
2468 622 2562 675 καὶ⁵
2619 620 2679 673 τὸ
2730 621 2885 687 ἅγιον
2938 619 3160 688 Πνεῦμα
3219 618 3318 688 μία
3362 614 3670 675 ὑπόστασίς
3723 613 3850 662 ἐστι

2245 715 2555 785 τριώνυμος
2591 730 2606 745 ’
2655 713 2794 783 ὅπερ
2847 712 3085 781 ὑπάρχει
3152 711 3329 780 δόγμα
3388 707 3687 763 Σαϐελλίου
3747 703 3850 757 τοῦ

2249 804 2684 874 ματαιόφρονος·
2726 801 2781 853 τί
2826 799 2957 865 οῦνς
3002 799 3249 876 εςπωμεν
3296 799 3389 852 τὸν
3437 796 3691 851 τοιοῦτον
3749 811 3849 844 πι-

2247 894 2460 948 στεύειν
2491 894 2571 957 είς
2595 891 2837 963 Τριάδα;
2874 889 3126 959 οὐδαμῶς
3145 906 3159 920 ο
3186 889 3289 942 κᾶν
3321 888 3473 958 λέγῃ.
3499 886 3691 949 Οὕτως
3716 879 3844 941 οὖν.

2246 986 2369 1039 οὑδέ
2398 982 2632 1037 ἐνταῦθα
2682 980 2929 1036 πιστεύει
2976 981 3055 1043 ὡς
3100 981 3284 1048 λέγει’
3332 978 3434 1033 κᾶν
3464 975 3764 1047 όρθόδοξος
3812 976 3848 1041 ἡ

2250 1076 2651 1148 μυσταγωγία⁹
2705 1075 2821 1129 ἀλλ’
2882 1074 3213 1144 είκαιολογεί
3268 1076 3297 1126 6
3363 1071 3609 1133 τοιοῦτος
3665 1069 3842 1139 [Reg.

2247 1170 2368 1227 cod.
2415 1166 2735 1239 ἑκάτερος]’
2772 1168 2972 1238 μᾶλλον
3019 1168 3078 1221 δὲ
3114 1165 3388 1237 ἐνυϐρίζει
3457 1162 3679 1225 παίζων
3733 1161 3847 1229 τὴν

2247 1261 2588 1330 λειτουργίαν
2609 1275 2621 1288 ·
2656 1260 2780 1312 ἐπεὶ
2806 1259 2899 1312 καὶ
2942 1258 3139 1327 γόητες
3171 1257 3266 1310 καὶ
3310 1253 3561 1309 ἐπαοιδοὶ
3582 1250 3844 1321 χρῶνται

2248 1350 2421 1413 θείαις
2472 1349 2638 1419 ᾠδαῖς
2685 1350 2744 1402 ἐν
2789 1351 2901 1411 τοῖς
2936 1344 3337 1417 δαιμονιὼδεσι.
3409 1342 3690 1413 Συμφέρει
3744 1339 3845 1390 τὸν

2256 1442 2613 1504 ἀϐάπτιστον,
2642 1440 2690 1492 εί
2755 1438 2831 1507 μὴ
2870 1437 3174 1508 εὑρίσκοιτο
3224 1432 3506 1504 όρθόδοξος
3551 1432 3578 1483 6
3635 1429 3845 1498 βαπτί-

2252 1534 2381 1598 ζων,
2418 1530 2523 1584 ὑπὸ
2574 1529 2830 1599 μοναχοῦ,
2873 1527 2929 1597 ἢ,
2987 1528 3081 1580 καὶ
3134 1525 3326 1578 τούτου
3376 1523 3451 1593 μὴ
3511 1522 3690 1581 όντος,
3727 1518 3843 1570 ὑπὸ

2248 1623 2437 1678 λαῖκοῦ
2474 1620 2861 1692 βαπτισθῆναι,
2892 1618 3177 1686 λέγοντοςθ
3207 1614 3541 1678 Βαπτίζεται
3597 1612 3626 1663 6
3679 1610 3843 1661 δεῖνα

2255 1718 2333 1779 εἰς
2356 1716 2417 1767 τὸ
2443 1717 2615 1784 όνομα
2634 1711 2725 1766 τοῦ
2759 1709 2975 1781 Πατρός
3002 1709 3098 1761 καὶ
3122 1707 3217 1761 τοῦ
3248 1704 3379 1759 Υίοῦ
3405 1704 3497 1756 καὶ
3541 1699 3639 1754 τοῦ
3671 1698 3839 1765 ἁγίου

576 1801 703 1854 talis
735 1801 785 1853 in
820 1802 1037 1855 nomine
1064 1775 1272 1866 Patris,
1295 1811 1349 1856 et
1386 1801 1531 1865 Filii,
1560 1811 1613 1857 et
1654 1802 1891 1871 Spiritus
1913 1775 2104 1858 sancti
2132 1821 2147 1869 ;

2260 1775 2599 1877 Πνεύματοςο
2656 1804 2688 1874 ἦ
2738 1775 3044 1871 ἀφώτιστον
3077 1797 3415 1868 ἐκδημῆσαιο
3471 1795 3567 1847 καὶ
3597 1790 3837 1860 άληθῶς

574 1903 737 1957 quam
787 1890 984 1944 lavacri
1030 1902 1307 1961 expertem
1353 1908 1383 1947 e
1430 1895 1539 1946 vita
1590 1894 1781 1948 abire:
1816 1904 1869 1948 et
1914 1895 2000 1963 ille
2027 1910 2150 1950 vere

577 1980 888 2050 baptizatus
920 1992 1021 2037 est.
1067 1982 1143 2036 Ex
1182 1982 1507 2037 necessitate
1544 1984 1687 2037 enim
1728 1983 1784 2037 fit
1822 1984 1954 2053 legis
1991 1999 2148 2040 com-

574 2072 807 2126 mutatio
836 2090 851 2139 ;
892 2075 967 2127 uti
997 2075 1126 2128 olim
1164 2073 1366 2127 laetum
1393 2082 1447 2127 et
1474 2076 1835 2128 constitutum
1866 2085 1971 2130 est.

950 2183 1119 2239 XXV.
1144 2214 1213 2224 —
1239 2182 1397 2238 Petro
1430 2182 1628 2237 Νἱείειε
1665 2183 1763 2253 (l).

2254 1898 2577 1966 ἐϐαπτίσθη.
2622 1894 2713 1958 Ἐξ
2741 1894 2992 1960 ἀνάγκης
3023 1890 3131 1959 γὰρ
3166 1888 3261 1942 καὶ
3287 1888 3457 1957 νόμου
3495 1882 3838 1955 μετάθεσιςο

2255 1989 2332 2053 ὡς
2360 1988 2553 2057 γέγονε
2588 1986 2758 2039 πάλαι
2781 1984 2874 2037 καὶ
2908 1980 3308 2035 ἀποδέδεικται.

2606 2188 2736 2241 KE'.
2763 2216 2831 2226 —
2862 2183 3060 2253 Πέτρῳ
3081 2181 3347 2247 Νικαίας.
3376 2174 3577 2251 [σμβ’.]

1336 2272 1413 2323 De
1440 2274 1784 2325 haereticorum
1809 2277 2002 2326 vitanda
2033 2279 2395 2327 communione.
2425 2278 2624 2339 (Daren.
2648 2290 2729 2325 an.
2758 2275 2869 2333 8l6,
2900 2289 2951 2323 ιι.
2980 2273 3083 2335 46.)

640 2358 832 2412 Sciens
867 2357 959 2410 tibi
996 2357 1146 2411 cordi
1188 2372 1310 2411 esse
1336 2397 1351 2422 ,
1404 2368 1464 2411 ut
1499 2367 1674 2413 tecum
1700 2398 1715 2420 ,
1762 2375 1921 2414 sacro
1969 2361 2147 2428 capite

572 2462 717 2510 meo,
753 2448 906 2501 nihili
936 2447 1101 2500 homo
1132 2448 1363 2516 loquar;
1402 2448 1609 2502 amoris
1637 2463 1791 2513 ergo,
1824 2465 1930 2503 non
1968 2464 2148 2505 neces-

572 2538 752 2591 sitatis
795 2551 999 2599 eausa,
1042 2552 1185 2591 nunc
1237 2537 1449 2604 loquor.
1506 2536 1571 2590 Et
1617 2537 1835 2605 quidem
1868 2538 1981 2605 jam
2022 2546 2147 2592 ante

575 2625 792 2679 locutus
814 2641 909 2694 per
934 2628 1162 2679 alteram
1193 2625 1478 2694 epistolam
1509 2626 1697 2679 videor
1723 2644 1735 2681 :
1768 2642 1930 2695 quam
1962 2636 2146 2681 utrum

575 2718 857 2786 acceperis
915 2717 1120 2770 nescio.
1172 2715 1231 2770 In
1285 2726 1518 2784 utraque
1578 2725 1759 2772 autem
1811 2720 1997 2773 eadem
2040 2734 2146 2772 vox

578 2810 711 2863 mihi
738 2850 753 2872 ,
784 2818 843 2863 ut
872 2824 1102 2877 corpore
1123 2810 1325 2874 valeas,
1371 2810 1442 2862 mi
1473 2809 1630 2865 Pater
1652 2852 1670 2877 ,
1703 2812 1917 2866 ﬁrmum
1946 2812 2146 2867 verita-

578 2903 649 2956 tis
702 2899 1121 2954 fundamentum
1172 2900 1239 2954 ad
1290 2902 1587 2955 multorum
1642 2903 2035 2966 stabilitatem,
2081 2904 2147 2955 ad

578 2986 703 3042 fidei
736 2987 1076 3056 signaculum
1108 3027 1124 3052 ,
1177 2988 1244 3041 ad
1284 2988 1498 3043 laudem
1536 2989 1778 3056 Christi,
1822 2990 1888 3045 ad
1921 2992 2146 3060 gloriam

582 3077 851 3130 universa:
879 3077 1139 3131 Ecclesiae
1166 3098 1179 3132 :
1220 3078 1481 3146 quoniam
1513 3083 1845 3150 conspicuus
1876 3091 1930 3135 tu
1961 3084 2152 3136 oculus

2316 2360 2484 2422 Εἰδὼς
2515 2363 2601 2414 ὅτι
2647 2360 2821 2428 (paler;
2844 2353 3179 2426 φθέγγεσθαί
3214 2369 3283 2423 με
3310 2351 3401 2405 τὸν
3424 2346 3640 2409 οὐδενὸς
3678 2345 3837 2410 ἄξιον

2251 2452 2387 2522 πρὸς
2421 2451 2481 2503 σὲ
2523 2450 2622 2521 τὴν
2658 2448 2811 2519 ίεράν
2843 2464 2945 2517 μου
2993 2443 3235 2513 κεφαλήν
3258 2459 3274 2474 ·
3309 2440 3492 2509 φιλίας
3539 2437 3701 2507 χάριν
3723 2476 3741 2499 ,
3771 2437 3833 2488 οὐ

2248 2544 2439 2612 χρείας
2474 2543 2637 2595 ἓνεκα
2666 2541 2767 2610 ἤδη
2795 2539 3104 2606 φθέγγομαι
3127 2552 3140 2565 ο
3178 2532 3443 2602 φαίνομαι.
3469 2532 3529 2583 δέ
3560 2530 3660 2583 καὶ
3690 2545 3833 2597 προ-

2247 2634 2621 2701 φθεγξάμενος
2644 2631 2713 2683 δι’
2739 2630 2938 2698 ἐτέρας
2965 2625 3254 2694 ἐπιπολῆς
3278 2640 3292 2655 ο
3318 2623 3387 2693 ἢν
3416 2619 3704 2682 εἱέδέξατο
3731 2618 3836 2669 οὑκ

2248 2725 2571 2793 ἐπίσταμαι.
2638 2722 2727 2772 Ἐν
2778 2715 2873 2772 οὖν
2920 2716 3260 2787 αμφοτὲραις
3299 2708 3380 2775 εἷς
3419 2727 3511 2779 μοι
3555 2710 3584 2761 6
3645 2708 3833 2774 λόγος,

2253 2810 2519 2879 ὑγιαίνειν
2549 2827 2607 2862 σε
2639 2808 2716 2878 τῷ
2740 2809 2956 2877 σώματι
2988 2805 3079 2857 τὸν
3118 2803 3253 2873 ἐμὸν
3293 2801 3534 2869 Πατέρα,
3566 2799 3662 2850 τὸν
3706 2813 3835 2848 στεο

2252 2905 2379 2973 ρεὸν
2416 2902 2666 2971 θεμέλιον
2702 2900 2801 2968 τῆς
2842 2896 3122 2966 ἀληθείας,
3168 2895 3249 2955 εἰς
3296 2892 3546 2963 ἐδρασμα
3588 2887 3834 2949 πολλῶν,

2253 2996 2333 3057 είς
2390 2993 2662 3063 σφραγῖδα
2708 2991 2965 3051 πίστεως,
3022 2990 3103 3049 είς
3157 2985 3377 3039 ἐπαινον
3424 2981 3691 3050 Χριστοῦ,
3749 2980 3831 3041 εἰς

2257 3085 2416 3147 κλέος
2455 3086 2551 3153 τῆς
2591 3084 2719 3151 ὅλης
2786 3078 3141 3141 Ἐκκλησίας·
3170 3073 3362 3144 ἐπειδὴ
3387 3071 3699 3142 περιφανὴς
3768 3070 3834 3121 σὺ

580 3184 690 3239 prae
714 3168 945 3235 caeteris,
974 3168 1181 3222 Orienti
1210 3178 1263 3222 et
1295 3168 1573 3223 Occidenti
1603 3180 1785 3234 notus,
1820 3170 2023 3225 habens
2047 3187 2150 3225 una

2257 3174 2527 3242 όφθαλμλς
2575 3174 2727 3243 παρὰ
2770 3171 2897 3236 τοὺς
2951 3169 3169 3233 ἄλλους,
3211 3164 3474 3233 ’Δνατολῇ
3510 3162 3606 3214 καὶ
3666 3159 3834 3211 Δύσει.

580 3278 708 3317 cum
762 3264 865 3317 vita
910 3274 1138 3328 sancta,
1196 3262 1511 3318 facultatem
1560 3264 1829 3319 sermonis
1873 3264 2155 3319 eximiam.

584 3352 736 3407 Unde
764 3365 817 3407 et
848 3352 1273 3421 imperatoribus
1302 3352 1500 3406 eharus
1532 3352 1709 3407 factus
1741 3368 1800 3407 es
1824 3395 1838 3418 ,
1872 3362 1927 3407 et
1956 3353 2158 3423 princi-

584 3446 748 3516 pibus
783 3446 1034 3499 amabilis
1061 3486 1077 3510 ,
1121 3454 1175 3499 et
1214 3446 1501 3500 monachis
1549 3446 1838 3500 laudabilis
1865 3488 1879 3512 ,
1926 3447 2160 3515 propriae

580 3550 713 3589 vero
744 3534 1005 3588 Ecclesia:
1028 3534 1158 3604 quid
1185 3534 1367 3589 dicere
1398 3551 1537 3603 opus
1558 3536 1681 3589 ρειῖ
1709 3552 1831 3590 eum
1866 3537 2079 3590 beatqu
2110 3546 2160 3589 te

582 3622 881 3691 prmdicet,
931 3630 981 3675 te
1015 3631 1284 3691 exspetat,
1339 3632 1589 3689 ametque
1638 3623 1707 3675 ob
1759 3624 1990 3691 plurima
2039 3637 2161 3691 quae

580 3714 809 3782 patrasti
831 3713 1041 3782 egregia
1073 3712 1338 3773 facinora,
1359 3722 1417 3765 ut
1448 3711 1685 3767 infantes
1700 3713 1867 3767 ubera
1889 3726 2157 3783 materna,

582 3810 645 3855 ut
671 3802 803 3870 pulli
834 3802 1124 3864 nutricem,
1158 3809 1216 3853 ut
1247 3802 1369 3871 agni
1402 3818 1591 3855 verum
1624 3811 1921 3873 pastorem.
1954 3802 2159 3867 Quidni

583 3891 817 3945 autem?
865 3907 988 3946 cum
1035 3892 1263 3945 auribus
1306 3893 1618 3947 insonantia
1662 3893 1898 3948 habeant
1944 3895 2158 3947 vivilica

583 3984 747 4037 verba
788 3992 879 4037 tua
914 4001 928 4049 ;
972 4000 1081 4052 prae
1118 3984 1293 4037 oculis
1328 3992 1509 4037 erecta
1564 3998 1658 4053 per
1699 3993 1751 4038 te
1797 3983 1890 4038 Dei
1937 3984 2157 4052 templa.

580 4073 825 4129 Necdum
882 4077 1006 4130 dico
1058 4075 1530 4145 eleemosynarum
1584 4076 1807 4145 copias,
1854 4084 1908 4129 et
1949 4076 2157 4143 reliqua

583 4178 752 4233 opera
784 4176 995 4219 saneta.
1028 4163 1139 4218 Nec
1168 4180 1296 4218 vero
1328 4165 1593 4219 arbitrere
1624 4180 1709 4219 me
1747 4166 2002 4219 amicitia:
2036 4180 2159 4235 gra-

582 4254 802 4309 tiﬁcari.
839 4254 971 4309 Nam
1004 4256 1102 4309 etsi
1140 4256 1315 4309 oculis
1344 4272 1448 4308 non
1485 4256 1765 4325 usurpavi,
1803 4257 1983 4309 audivi
2017 4257 2161 4311 nihi-

582 4344 825 4400 lominus
874 4360 940 4399 ex
995 4345 1062 4401 iis
1110 4347 1204 4414 qui
1242 4346 1509 4399 viderant.
1553 4345 1705 4411 Quod
1753 4348 1797 4400 si
1854 4362 1999 4401 nunc
2046 4348 2161 4402 haec

581 4445 813 4506 occupat
845 4437 1119 4506 piaculum
1148 4476 1163 4501 ,
1210 4452 1337 4491 vere
1381 4438 1567 4492 luscus
1618 4438 1706 4491 ille
1736 4446 1790 4491 et
1825 4440 2064 4493 externis
2102 4450 2156 4493 et

583 4528 816 4583 internis
848 4528 1057 4582 oculis:
1104 4543 1170 4581 ne
1200 4529 1569 4593 contristeris,
1602 4528 1786 4593 beate,
1816 4544 1990 4597 neque
2021 4530 2155 4582 adeo

582 4618 821 4673 mireris.
870 4620 1111 4688 Apostoli
1142 4620 1195 4673 in
1225 4620 1511 4674 cmnaculo
1545 4628 1736 4683 erant,
1786 4630 1838 4673 et
1867 4621 2155 4675 celeberri-

582 4726 733 4765 mum
770 4712 1032 4779 templum
1087 4711 1313 4765 deicidac
1368 4712 1729 4781 occupabant.
1775 4711 1973 4766 Eadem
2010 4726 2153 4766 nunc

583 4802 1077 4857 lconomachorum
1130 4804 1312 4868 ratio,
1370 4813 1424 4857 et
1479 4802 1701 4857 Judaica
1754 4804 2150 4874 sentientium:

582 4908 722 4962 quos
752 4904 1031 4947 convertat
1072 4893 1335 4949 Dominus
1361 4934 1376 4958 ,
1429 4903 1482 4947 et
1513 4893 1786 4947 custodiat
1830 4904 1879 4949 te
1927 4909 2025 4964 pro
2068 4908 2153 4947 me

584 4994 832 5039 orantem
869 4985 979 5039 ﬁlio
1011 4994 1124 5039 tuo.

2257 3263 2688 3333 γνωριζόμενος·
2726 3262 2865 3332 ἔχων
2914 3263 3051 3331 μετὰ
3083 3260 3177 3315 τοῦ
3216 3259 3366 3331 ἱεροῦ
3421 3258 3537 3328 βίου
3589 3255 3685 3309 καὶ
3742 3255 3836 3307 τὶν

2258 3354 2414 3422 λόγον
2482 3353 2798 3406 πολλοστόν.
2861 3352 2954 3415 Ἐξ
2992 3346 3052 3405 οὗ
3112 3353 3210 3404 καὶ
3266 3349 3545 3419 βασιλεῦσι
3594 3347 3834 3414 γέγονας

2259 3444 2519 3515 φιλητὸς,
2598 3444 2691 3496 καὶ
2734 3442 2993 3513 ἄρχουσιν
3056 3441 3319 3513 ἐραστδς,
3373 3439 3468 3493 καὶ
3527 3439 3834 3507 μονασταῖς

2260 3536 2577 3598 ἐπαινετόςο
2629 3536 2695 3605 τῇ
2744 3534 2801 3588 δὲ
2847 3534 3026 3605 οἰκείᾳ
3067 3532 3371 3602 Ἐκκλησία
3403 3531 3457 3582 τί
3483 3529 3564 3582 δεῖ
3597 3528 3695 3580 καὶ
3745 3528 3834 3580 λέ-

2258 3642 2413 3694 γειν;
2468 3627 2851 3697 μακαριζούσῃ
2884 3643 2944 3679 σε
2976 3626 3071 3679 καὶ
3103 3621 3465 3692 ἐπιποθούσῃ,
3495 3620 3566 3673 δι’
3588 3618 3627 3672 ἃ
3673 3618 3838 3687 ἐδρα-

2261 3734 2358 3779 σας
2402 3716 2628 3769 πλεῖστα
2688 3718 2771 3769 ὃτι
2842 3717 3077 3786 μάλιστα
3124 3714 3552 3785 κατορθώματα,
3595 3712 3675 3773 ὡς
3732 3716 3837 3781 νή-

2260 3825 2361 3861 πια
2428 3808 2555 3873 τοὺς
2616 3810 2919 3879 μητρικοὺς
2982 3806 3222 3878 μαζοὺς,
3300 3806 3379 3869 ὡς
3449 3802 3659 3857 νεοττοὶ
3737 3804 3840 3871 τὴν

2258 3900 2476 3969 τροφὸν,
2526 3901 2603 3963 ὡς
2649 3901 2811 3971 ἄρνες
2848 3899 2939 3953 τὸν
2975 3898 3195 3969 ἀληθῶς
3242 3897 3501 3968 ποιμένα.
3557 3896 3672 3949 Καὶ
3718 3895 3841 3955 πῶς

2261 3989 2369 4057 γὰρ
2402 3990 2462 4043 οὑ
2482 4008 2496 4052 ;
2519 3990 2719 4043 ἔναυλα
2749 3988 2962 4060 ἔχοντες
2980 3989 3050 4041 τά
3074 3987 3267 4058 ζωηρά
3293 4004 3388 4040 σου
3420 3987 3669 4057 ῥήματα,
3712 3985 3839 4037 κατ’

2259 4080 2571 4150 ὀφθαλμοὺς
2613 4079 2898 4150 βλέποντες
2942 4081 3069 4143 τοὺς
3119 4079 3224 4132 ὑπὸ
3278 4077 3371 4130 σοῦ
3422 4075 3839 4147 ὰνορθωθέντας

2260 4173 2421 4231 ναοὺς
2449 4172 2606 4225 Θεοῦ.
2628 4173 2737 4223 Καὶ
2769 4169 2921 4223 οὑπω
2943 4171 3087 4237 λέγω
3116 4153 3426 4237 τδ’δαψιλὲς
3464 4169 3563 4235 τῆς
3603 4166 3839 4235 ἐλεημο-

2263 4262 2449 4332 σύνης,
2492 4262 2587 4314 καὶ
2635 4261 2703 4313 τὰ
2740 4261 2902 4314 λοιπά
2948 4260 3253 4328 όσιώματα.
3321 4257 3431 4310 Καὶ
3481 4256 3559 4327 μὴ
3624 4256 3839 4322 δόξειας

2261 4352 2413 4423 φιλίᾳ
2438 4368 2506 4422 με
2536 4351 2875 4422 χαρίζεσθαι.
2902 4352 2964 4404 El
2994 4350 3101 4421 γὰρ
3124 4350 3219 4403 καὶ
3260 4349 3336 4419 μὴ
3366 4347 3486 4416 όψει
3522 4347 3835 4409 ὑπέλαϐον,

2261 4443 2377 4497 ἀλλ’
2409 4443 2556 4512 ὅμως
2607 4444 2875 4512 κατήκοος
2910 4442 3178 4513 ἐγενόμην
3233 4438 3384 4512 παρὰ
3425 4436 3537 4490 τῶν
3590 4439 3834 4491 εἰδότων.

2262 4534 2406 4587 Είδὲ
2427 4534 2508 4586 ὅτι
2547 4533 2642 4586 νῦν
2688 4534 2950 4605 κάθαρμα
2986 4536 3016 4587 6
3056 4534 3131 4595 ὡς
3170 4532 3382 4602 ἀληθῶς
3422 4529 3836 4600 ἑτερόφθαλμος

2259 4625 2487 4686 καὶτοῖς
2512 4623 2615 4687 ἔξω
2639 4625 2733 4676 καὶ
2762 4627 2874 4687 τοῖς
2913 4623 3061 4677 ἐνδον
3095 4622 3308 4693 όμμασι
3349 4619 3571 4689 κατέχει
3618 4619 3797 4673 ταῦτα
3817 4661 3831 4681 ,

2261 4714 2337 4785 μὴ
2368 4711 2562 4777 λυποῦ,
2591 4705 2636 4763 ὦ
2664 4710 2848 4782 μάκαρ
2869 4728 2883 4742 ·
2915 4714 3052 4782 μήτε
3086 4711 3194 4782 μὴν
3235 4710 3549 4781 θαυμάσῃς.
3602 4711 3670 4763 Οἱ
3703 4711 3834 4763 ἀπό·

2258 4802 2438 4856 στολοι
2462 4804 2518 4855 ἐν
2541 4802 2617 4872 τῷ
2640 4802 2875 4875 ὑπερῴῳ
2903 4800 3065 4873 ἦσαν,
3092 4805 3189 4857 καὶ
3222 4803 3314 4855 τὸν
3348 4802 3689 4873 περιβόητον
3716 4803 3837 4855 ναὸν

2256 4898 2304 4948 οί
2332 4895 2605 4949 θεοκτόνοι
2636 4895 3094 4965 περιελάμϐανον.
3117 4894 3355 4948 Τοιαῦτα
3389 4894 3490 4946 καὶ
3520 4897 3588 4946 τὰ
3612 4894 3724 4945 τῶν
3750 4894 3833 4945 El-

2260 4983 2581 5053 κονομόίχων
2633 4985 2726 5036 καὶ
2783 4985 3221 5055 Ἰουδαιοφρόνων
3266 4983 3381 5037 νῦν.
3424 4983 3534 5049 Οὓς
3585 4984 3834 5055 ἐπιστρέ-

584 5076 736 5144 ψειεν
764 5078 791 5129 6
814 5076 1037 5144 Κύριος,
1066 5076 1161 5128 καὶ
1190 5076 1247 5128 σὲ
1282 5074 1669 5144 περιφυλάξειε
1712 5076 2151 5145 προσευχόμενον
2184 5076 2312 5147 περὶ
2334 5073 2470 5144 ἐμοῦ
2501 5073 2594 5126 τοῦ
2632 5074 2724 5126 σοῦ
2758 5074 2970 5127 τέκνου.

829 5185 1014 5241 XXVI.
1050 5216 1117 5228 —
1148 5184 1531 5256 Tlteopltylacto
1562 5186 1906 5239 Nicomediae.

2508 5183 3125 5253 KCf'.—Gso;cv.1dxt<p
3144 5184 3565 5254 Νικομηδείας.
3647 5181 3833 5259 [σμγ]

1562 5277 1637 5326 De
1672 5276 2197 5340 sanctis'imaginibus.
2226 5280 2423 5342 (Baron.
2460 5275 2670 5335 an.816,
2708 5290 2754 5324 ιι.
2778 5275 2881 5338 59.)

652 5380 907 5437 Jamdum
953 5380 1204 5451 Optabam
1238 5379 1554 5434 beatitudini
1605 5390 1708 5436 tuae
1748 5383 1985 5437 scribere
2022 5400 2033 5436 :
2068 5384 2160 5437 sed

586 5473 903 5531 defuitmihi
922 5472 1107 5527 humili
1128 5470 1281 5541 copia
1301 5471 1585 5525 tabellarii.
1605 5470 1757 5527 Nunc
1777 5471 1869 5526 Dei
1890 5473 2162 5528 voluntate

2345 5385 2517 5439 Πάλαι
2559 5378 2865 5448 ἐπεθύμουν
2913 5380 3210 5433 ἐπιστεῖλαι
3234 5382 3301 5451 τῇ
3331 5383 3707 5455 μακαριότητί
3748 5401 3832 5437 σου

2271 5478 2365 5529 καὶ
2392 5474 2489 5527 οὐκ
2537 5468 2810 5535 ἐξεγένετό
2840 5485 2929 5537 μοι
2955 5467 3031 5537 τῷ
3055 5469 3293 5541 ταπεινῷ
3331 5471 3543 5543 ἀπορίᾳ
3573 5490 3827 5545 γραμμα.

2113 5614 2341 5669 ΝΟΤ.-Ε.

664 5704 744 5773 (l)
779 5700 951 5773 Huius
980 5702 1124 5761 Petri
1154 5704 1397 5775 episcopi
1437 5704 1735 5763 honoriﬁca
1765 5708 1966 5763 mentio
1989 5716 2071 5762 est
2104 5707 2157 5761 in
2193 5707 2311 5765 Vita
2347 5706 2404 5763 S.
2442 5706 2651 5765 Niceta:
2676 5708 2818 5779 apud
2851 5706 3069 5764 Surium
3098 5706 3131 5761 3
3164 5705 3383 5774 Aprilis.
