3990 6318
142 331 283 394 1193

1342 346 1880 408 EPISTOLARUM
1927 343 2071 407 LIB.
2139 353 2219 408 ll.

3284 341 3421 408 1194

138 444 385 513 τηφόρου
417 459 429 470 ·
459 443 553 496 νῦν
581 445 639 497 δὲ
701 447 920 520 εὐδοκία
953 450 1090 502 Θεοῦ
1159 453 1464 524 ἐπιτυχὼν,
1508 459 1600 510 τὸν
1631 460 1725 509 7:6-

1856 470 2049 522 iactus,
2079 460 2270 526 expleo
2301 456 2631 511 desiderium
2667 468 2870 518 meum,
2900 455 3042 524 quod
3071 470 3198 523 erga
3227 460 3276 509 te
3311 455 3436 529 jure

144 535 244 589 Θον
280 552 384 606 μου
415 536 745 609 ἀποπληρῶ,
780 540 840 593 ὃν
871 542 1099 606 εἰκότως
1133 545 1222 597 ἐπ’
1253 547 1392 618 αὐτῇ
1415 548 1694 619 κέκτημαι
1715 569 1728 582 ·

142 630 208 681 οὐ
244 629 408 699 μόνον
459 629 550 684 διὰ
583 631 681 702 τὴν
715 634 771 685 ἐν
803 633 994 706 Κυρίῳ
1054 637 1348 707 ὁμολογίαν
1379 657 1393 670 ·
1456 641 1593 694 ἀλλὰ
1626 647 1735 715 γὰρ

141 721 243 773 καὶ
278 720 424 783 ἰδίως
450 721 540 775 διὰ
566 723 666 795 τὴν
693 725 970 796 ἐξαίρετόν
1014 746 1107 781 σου
1141 731 1292 801 παρὰ
1329 734 1456 795 τοὺς
1499 734 1734 798 πολλοὺς

142 811 508 883 ἰδιοτροπίαν,
542 815 602 868 τὸ
637 818 927 888 μειλίχιον,
967 821 1028 874 τὸ
1083 823 1314 889 ἁπλοῦν,
1365 826 1428 878 τὸ
1487 828 1734 896 ἐπίχαρι,

134 903 200 954 τὸ
230 903 407 972 γλυκὺ
443 908 500 958 ἐν
525 911 648 972 ταῖς
677 910 942 980 ὁμιλίαις,
975 914 1036 966 τὸ
1067 916 1484 988 εὐπροσήγορον
1526 920 1583 972 ὲν
1615 923 1738 983 ταῖς

138 997 444 1062 ἐντεύξεσι,
478 1003 541 1052 τὸ
566 1003 694 1072 περὶ
723 1003 902 1058 πάντα
927 1007 1272 1078 άγαΟοεργές
1294 1027 1310 1043 ·
1335 1011 1428 1079 ἀφ’
1461 1005 1536 1065 ὧν
1571 1015 1599 1065 ὁ
1624 1015 1738 1083 ,τῆς

142 1090 304 1160 ἰερᾶς
337 1109 431 1144 σου
471 1092 653 1164 ψυχῆς
683 1100 996 1170 χαρακτὴρ,
1047 1102 1146 1156 καὶ
1183 1106 1258 1175 μὴ
1291 1105 1589 1177 ὁρώμενος,
1648 1127 1741 1162 τε·

142 1183 428 1256 θεώρηται
463 1188 808 1260 ὠραϊσμένος
840 1195 905 1264 τῇ
941 1196 1190 1270 ποικιλίᾳ
1214 1199 1325 1252 τῶν
1346 1201 1577 1272 ἀρετῶν.
1627 1204 1740 1258 Ἀ).-

139 1276 212 1330 λὰ
251 1279 384 1350 περὶ
415 1277 567 1335 τοῦδε
599 1283 699 1352 μὲν
733 1286 936 1349 ἱκανῶς
969 1329 983 1352 ,
1012 1289 1095 1341 ὅτι
1129 1291 1268 1360 μηδὲ
1313 1280 1509 1362 καιρὸς
1562 1296 1739 1362 ἐγκω-

148 1368 319 1438 μίων.
354 1371 419 1424 Τί
446 1372 504 1426 δέ
533 1389 616 1427 σοι
649 1369 856 1440 ὦπται,
885 1368 930 1431 ὦ
955 1379 1168 1453 μάκαρ,
1199 1382 1268 1434 τὰ
1303 1385 1583 1454 παρόντα;
1625 1388 1740 1440 ἀλλ’

142 1460 273 1531 οὐχὶ
328 1466 528 1534 μικροῦ
586 1466 696 1519 δεῖν
761 1469 1119 1541 Ἰουδαῖσμὸς,
1169 1474 1290 1544 ἤτοι
1345 1475 1738 1548 Ἐλληνισμός;

157 1553 443 1648 Ἀςρῃρέθη
466 1557 494 1609 ὁ
517 1557 720 1630 κόσμος
738 1561 839 1630 τῆς
869 1563 1215 1634 Ἐκκλησίας.
1235 1570 1267 1636 ἡ
1291 1566 1414 1636 ὄψις
1439 1569 1548 1622 τῶν
1582 1571 1744 1640 ἱερῶν

134 1645 300 1698 ναῶν
342 1645 478 1717 πυρὶ
505 1651 786 1723 παρεδόθη
823 1654 889 1708 τὰ
926 1655 1057 1724 ἅγια
1089 1675 1101 1689 ’
1133 1660 1262 1714 ἄλλο
1295 1679 1349 1714 τι
1380 1662 1567 1732 σχῆμα
1604 1682 1744 1732 γνω-

151 1736 371 1806 ρίζεται
425 1741 484 1792 ἐν
517 1741 597 1811 τῷ
631 1744 1052 1820 Χριστιανισμῷ
1096 1766 1109 1781 ο
1143 1753 1259 1819 εἴγε
1287 1753 1370 1806 δεῖ
1421 1757 1742 1826 Χριστιανι-

1836 553 2077 620 suscepi,
2117 567 2223 605 non
2256 551 2430 605 solum
2465 551 2536 604 ob
2563 559 2713 603 tuam
2770 549 2821 602 in
2858 548 3093 601 Domino
3130 548 3433 602 confessio-

1836 661 1982 712 nem,
2015 645 2109 701 sed
2145 645 2490 715 peculiariter
2525 643 2689 696 etiam
2723 641 2792 694 oh
2820 641 3070 710 egregios
3095 655 3204 708 prae
3241 639 3432 692 multis

1836 754 2018 794 mores
2039 746 2184 802 tuos,
2210 737 2557 796 suavitatem,
2587 734 2902 799 candorem,
2936 734 3189 802 gratiam.
3218 743 3272 786 et
3295 732 3431 785 mel-

1837 831 1989 885 litam
2039 831 2533 893 conversationem,
2588 826 2961 881 aliahilitatem
3033 825 3085 878 in
3123 824 3435 895 congressi-

1839 925 1974 989 bus,
2025 934 2078 978 et
2127 938 2294 993 supra
2352 921 2537 976 omnia
2596 921 3025 975 beneficentiam
3062 933 3178 976 :zcx
3237 916 3441 987 quibus

1839 1029 2010 1070 sacra:
2059 1015 2257 1068 animae
2312 1022 2418 1067 tum
2475 1012 2780 1075 character,
2830 1011 2931 1064 etsi
2982 1025 3091 1062 non
3141 1010 3440 1078 inspectus.

1839 1116 2068 1162 ornatus
2123 1109 2276 1161 visus
2320 1117 2404 1161 est
2449 1105 2713 1159 virtutmn
2757 1106 3040 1158 varietate.
3091 1102 3198 1158 Sed
3230 1102 3298 1157 de
3341 1103 3444 1157 hac

1843 1214 1901 1253 re.
1945 1201 2079 1255 satis
2116 1220 2130 1255 :
2163 1216 2263 1255 nec
2295 1200 2441 1254 enim
2475 1210 2690 1268 tempus
2722 1206 2806 1252 est
2846 1197 3253 1252 encomiorum.
3304 1195 3444 1263 Quid

1842 1307 1970 1344 vero
2020 1293 2139 1354 lilii,
2174 1307 2206 1345 ο
2250 1292 2425 1351 beate.
2473 1292 2588 1345 visa
2636 1299 2766 1345 sunt
2822 1289 2940 1344 hac
2991 1304 3115 1358 quae
3140 1285 3448 1359 geruntur?

1843 1381 2038 1434 Annon
2073 1398 2240 1450 prope
2293 1380 2633 1444 Judaismus,
2670 1389 2766 1435 aut
2812 1379 3215 1449 paganismus?
3256 1380 3447 1432 Detra-

1842 1484 1966 1529 ctus
1996 1484 2081 1528 est
2103 1483 2336 1530 ornatus
2388 1475 2668 1541 Ecclesiae,
2700 1490 2978 1530 sacrarum
3016 1475 3213 1530 :edium
3239 1473 3404 1528 facies
3432 1490 3445 1527 :

1846 1569 1957 1638 igni
1993 1569 2184 1622 tradita
2219 1579 2348 1624 sunt
2377 1580 2564 1624 sancta
2597 1587 2609 1623 :
2642 1569 2748 1623 alia
2781 1569 3032 1637 quaedam
3101 1567 3275 1621 forma
3331 1583 3450 1621 cer-

1846 1663 1996 1715 nitur
2025 1664 2075 1715 in
2110 1663 2536 1718 (lhristianismo
2571 1681 2585 1717 :
2619 1663 2663 1717 si
2691 1662 3181 1717 Christianismum
3231 1660 3338 1714 dici
3372 1659 3454 1714 fas

1845 1762 1952 1817 est,
1983 1763 2038 1808 et
2067 1768 2176 1807 non
2225 1755 2408 1822 potius
2442 1754 2810 1809 Judaismum.
2868 1752 3025 1808 Nunc
3083 1761 3451 1823 opportunum

154 1831 321 1899 σμὸν,
354 1832 492 1886 ἀλλὰ
524 1835 600 1905 μὴ
643 1837 980 1910 Ἰουδαϊσμὺν
999 1842 1501 1917 καλεῖν.Εὗκαιρον
1525 1851 1620 1902 καὶ
1647 1850 1740 1903 νῦν

1851 1855 1930 1902 est
1967 1857 2024 1900 ut
2073 1846 2325 1900 dicatur:
2353 1847 2595 1909 Domine,
2627 1847 2909 1917 prophetas
2946 1857 3068 1898 tuos
3112 1845 3443 1903 occiderunt,

145 1919 340 1988 λέγειν
373 1939 386 1952 ο
419 1925 619 1992 Κύριε,
657 1925 800 1994 τοὺς
825 1931 1148 1999 Προφήτας
1198 1950 1315 1988 σου
1350 1936 1738 2000 ἀπέκτειναν,

145 2011 251 2065 καὶ
312 2014 388 2068 τὰ
440 2018 845 2088 θυσιαστήριά
904 2037 1023 2077 σου
1083 2024 1502 2096 κατέσκαψαν.
1545 2031 1653 2082 Καί
1677 2047 1741 2098 γε

144 2107 408 2162 ἔκτειναν
439 2112 533 2162 καὶ
564 2129 628 2180 γε
662 2114 1040 2186 κατέσκαψαν.
1074 2119 1148 2171 Τὸ
1198 2119 1309 2187 γάρ
1351 2120 1493 2186 ξέειν
1529 2124 1623 2176 καὶ
1652 2125 1741 2189 ἐξ·

145 2201 408 2271 ορύσσειν
433 2202 534 2274 τὴν
583 2204 707 2274 ὄψιν
744 2206 942 2271 αὐτῶν,
977 2210 1100 2279 οὐχὶ
1145 2214 1561 2267 κατασκάπτειν
1595 2217 1743 2268 ἐστὶν

143 2294 446 2362 ἐμφανῶς;
485 2296 686 2366 Ἀφελε
736 2298 862 2368 ὄψιν
897 2299 1231 2371 ἀνθρώπου·
1265 2305 1362 2358 καὶ
1417 2305 1603 2359 οὐκέτι
1645 2305 1741 2358 ἄν·

143 2385 393 2455 θρωπος,
451 2389 590 2443 άλλά
649 2409 704 2444 τι
746 2392 1050 2463 ἓκτρωμα·
1093 2394 1211 2463 εἴγε
1276 2398 1374 2449 καὶ
1427 2398 1550 2450 ἐστι
1600 2398 1739 2468 ζῇνο

159 2479 568 2549 Ἐνεπύρισαν
603 2483 674 2537 ἐν
733 2486 879 2553 πυρί
913 2487 982 2539 τὸ
1013 2489 1404 2557 ἀτιαστήριόν
1442 2509 1581 2546 σου.
1632 2493 1742 2546 Καὶ

145 2572 328 2625 ταῦτα
364 2574 583 2644 ἀληθῶς
615 2591 630 2606 ·
679 2579 863 2632 πᾶσαν
892 2577 1048 2633 θείαν
1089 2583 1273 2636 εἰκόνα
1329 2587 1389 2636 ἐν
1450 2585 1601 2658 πάσῃ
1639 2585 1740 2657 ῦλῃ

148 2662 530 2734 χαραχθεῖσαν
561 2667 972 2736 ἐμπρήσαντες.
1001 2670 1544 2743 Ἀνέῳκταιγλῶσσα
1580 2677 1742 2745 βλάσ-

151 2771 367 2823 φημος,
398 2755 489 2807 τὸν
521 2757 756 2827 Χριστὸν
785 2758 1007 2814 εἰδωλον
1041 2762 1300 2831 λέγουσα,
1329 2764 1430 2835 τὴν
1456 2767 1739 2832 Θεοτόκον,

150 2849 340 2900 πάντα
374 2846 552 2916 ᾰγιον.
594 2851 704 2903 Καὶ
750 2850 858 2923 γὰρ
918 2853 1014 2907 τοῦ
1062 2856 1377 2926 ἀρχετύπου
1410 2859 1510 2929 τὴν
1549 2861 1743 2930 κλῆσιν

148 2939 210 2991 τὸ
238 2940 580 3011 παράγωγον
609 2941 878 3015 κέκτηται
913 2962 926 2976 ·
964 2947 1156 3017 ἐπειδὴ
1188 2949 1281 3002 καὶ
1337 2951 1436 3020 τὴν
1494 2953 1741 3022 προσκύ-

148 3048 332 3101 νησιν.
367 3032 470 3084 Διὰ
511 3032 674 3086 τοῦτο
707 3036 802 3088 καὶ
830 3035 1044 3108 [πάντα
1072 3041 1312 3110 σταυροῦ
1341 3042 1540 3105 τύπον,
1573 3062 1744 3097 σταυ-

155 3124 250 3195 ρὸν
272 3123 571 3197 καλοῦμεν,
603 3127 700 3180 καὶ
727 3127 834 3202 ⁸⁷⁸]
867 3131 1306 3202 προσκυνοῦντες
1354 3135 1447 3187 τὸν
1480 3134 1744 3198 ζωοποιὸν

153 3217 419 3288 σταυρὸν,
485 3221 1013 3292 προσπτυσσόμεθα.
1065 3225 1230 3278 ’Λλλὰ
1266 3227 1441 3281 ταῦτα
1478 3229 1742 3302 ἐξετραγ-

152 3307 349 3382 ῴδησα
423 3312 454 3364 ὁ
512 3313 797 3379 ταπεινὸς,
839 3316 937 3386 οὐχ
987 3315 1064 3380 ὡς
1119 3320 1426 3389 ἀγνοούσης
1480 3340 1575 3376 σου
1645 3327 1745 3393 τῆς

155 3401 443 3471 πανσόφου
468 3402 813 3474 τελειότητος
856 3409 956 3477 τῆς
985 3409 1198 3479 πλάνης
1238 3412 1330 3463 τὸν
1362 3412 1606 3484 ὄλεθρον,
1673 3418 1746 3486 μή

157 3512 210 3547 τι
242 3495 476 3566 πάθοιμι
520 3499 770 3569 μωρικόν
791 3517 806 3532 ·
841 3499 902 3553 τὸ
933 3500 1218 3556 θλιπτικδν
1247 3504 1304 3556 δὲ
1339 3505 1510 3570 πάθος
1571 3526 1749 3578 παραρ

161 3589 506 3660 μυθούμενος
548 3590 648 3661 τῆς
692 3593 935 3663 ἐμαυτοῦ
979 3596 1209 3664 καρδίας
1254 3597 1344 3651 διὰ
1382 3599 1493 3652 τῶν
1546 3603 1751 3671 ἀναφο-

161 3682 273 3752 ρῶν
299 3698 315 3714 ·
367 3684 428 3737 αἴ
455 3700 575 3748 πως
635 3686 914 3756 πεφύκασι
946 3687 1301 3760 λαλούμεναι,
1361 3693 1643 3760 κουφίζειν
1685 3696 1753 3748 τὰ

159 3774 414 3845 ἐνκρυφῆ
449 3777 675 3845 ἀλγεινά
704 3796 716 3808 ·
761 3781 854 3832 καὶ
880 3780 1000 3850 ἅμα
1036 3782 1311 3837 ὑποκινῶν
1344 3785 1519 3857 αὐτὴν
1555 3785 1755 3857 θερμό-

159 3883 320 3938 τερον
342 3870 627 3938 προσιέναι
648 3870 788 3942 Θεῷ,
819 3876 1044 3943 ταχεῖαν
1070 3876 1393 3947 ἐπιτίμησιν
1432 3879 1658 3948 ποιῆσαι
1681 3881 1747 3950 τῇ

164 3963 380 4033 πονηρᾷ
410 3962 585 4034 ταύτῃ
617 3965 825 4035 αίρέσει
861 3967 943 4028 εἰς
1003 3968 1282 4040 σωτηρίαν
1334 3969 1431 4023 τοῦ
1484 3969 1616 4024 λαοῦ
1651 3972 1748 4023 αῦ-

1844 1946 1895 1989 et
1947 1935 2150 1989 altaria
2201 1944 2294 1988 tua
2332 1935 2805 1989 destruxerunt“.
2845 1933 2911 1986 Et
2952 1933 3174 2002 quidem
3233 1932 3450 1986 occide-

1848 2035 1995 2093 runt,
2026 2036 2080 2081 et
2101 2028 2319 2096 quidem
2347 2027 2763 2082 destruxerunt.
2803 2025 3040 2080 Eradere
3066 2026 3209 2078 enim
3241 2035 3293 2079 et
3321 2024 3452 2079 effo-

1845 2121 1975 2174 dere
2006 2119 2198 2174 faciem
2231 2135 2444 2186 eorum,
2465 2120 2596 2191 quid
2633 2120 2779 2175 aliud
2801 2129 2905 2184 est,
2931 2133 3096 2188 quam
3129 2127 3314 2186 aperte
3352 2119 3450 2170 de-

1846 2214 2104 2264 struere?
2143 2209 2311 2264 Aufer
2361 2209 2606 2263 hominis
2669 2205 2887 2267 faciem,
2945 2219 3054 2259 non
3105 2204 3218 2272 jam
3283 2203 3448 2256 homo

1845 2302 1968 2365 erit,
1992 2302 2085 2356 sed
2105 2302 2412 2356 abortivum
2447 2302 2732 2369 quiddam.
2761 2300 2804 2352 si
2835 2311 3014 2352 tamen
3043 2299 3224 2351 vivere
3251 2298 3446 2366 possit.

1847 2393 2194 2448 Incenderunt
2245 2392 2355 2463 igni
2404 2393 2772 2445 sanctuarium
2809 2400 2959 2444 tuum
2998 2389 3063 2443 ⁸⁷.
3101 2388 3167 2442 Et
3191 2391 3294 2442 hoc
3327 2404 3452 2443 vere

1848 2487 1977 2539 item
2015 2504 2028 2540 :
2066 2500 2284 2540 omnem
2339 2485 2581 2539 divinam
2625 2484 2920 2554 imaginem
2957 2497 3289 2551 quacunque
3321 2498 3438 2536 ma-

1850 2578 1983 2632 teria
2035 2592 2357 2647 expressam
2413 2585 2855 2631 concremantes.
2926 2575 3192 2644 Apertum
3244 2581 3330 2628 est
3382 2590 3445 2629 os

1848 2671 2251 2739 hlasphemum,
2284 2669 2564 2724 Christum
2604 2668 2805 2722 idolum
2844 2669 3147 2737 appellans,
3198 2679 3254 2722 et
3321 2667 3448 2722 Dei-

1847 2777 2057 2831 param.
2119 2772 2173 2815 et
2212 2776 2433 2815 omnem
2495 2770 2746 2815 sanctum
2790 2779 2802 2813 :
2840 2760 3121 2830 archetypi
3178 2759 3450 2830 siquidem

1849 2868 2045 2908 nomen
2098 2853 2296 2908 retinet
2345 2854 2511 2908 etiam
2564 2855 2876 2923 exemplum
2915 2895 2931 2918 ,
2969 2857 3193 2923 quando
3232 2864 3286 2909 et
3316 2855 3452 2908 ado-

1849 2946 2118 3001 rationem
2161 2960 2396 3015 quoque.
2433 2946 2642 3001 Idcirco
2682 2956 2736 3000 et
2772 2961 2988 3000 omnem
3032 2957 3217 3018 typum
3247 2947 3448 3009 crucis.

1847 3053 2068 3092 crucem
2136 3037 2499 3107 appellamus,
2545 3047 2598 3092 et
2653 3037 2921 3092 viviﬁcam
2954 3055 3174 3094 crucem
3215 3041 3454 3093 adoran-

1852 3141 1934 3185 tcs
1989 3130 2398 3200 amplectimur.
2449 3129 2651 3184 Verum
2709 3131 2824 3186 hare
2849 3147 2948 3202 ego
2990 3131 3214 3185 humilis
3265 3130 3453 3198 deploa

1854 3223 1987 3288 ravi,
2032 3238 2142 3277 non
2204 3221 2358 3291 quasi
2405 3224 2612 3276 erroris
2655 3224 2952 3291 perniciem
3002 3223 3216 3293 ignoret
3263 3231 3452 3276 exacta

1854 3315 2121 3384 sapientia
2155 3323 2243 3367 tua
2271 3332 2284 3373 ;
2313 3327 2377 3367 ne
2401 3313 2605 3368 stultus
2643 3313 2829 3368 videar
2867 3333 2880 3368 :
2920 3313 3011 3368 sed
3039 3323 3098 3368 ut
3131 3313 3314 3369 cordis
3347 3312 3454 3365 mel

1855 3410 2102 3464 dolorem
2153 3413 2270 3482 ipse
2311 3411 2513 3465 leniam
2582 3409 3113 3466 commemorando:
3150 3407 3331 3462 solent
3379 3408 3456 3461 si-

1857 3502 2076 3572 quidem
2139 3504 2510 3565 narrationes,
2545 3518 2672 3557 cum
2722 3502 3048 3566 efferuntur,
3090 3501 3339 3556 occultas
3374 3500 3457 3554 le-

1859 3611 1986 3650 vare
2029 3596 2309 3650 molestias
2347 3613 2361 3657 ;
2395 3606 2560 3665 atque
2611 3605 2672 3648 ut
2715 3596 2864 3649 illam
2911 3611 3020 3648 una
3081 3596 3315 3650 excitem
3388 3592 3458 3646 ad

1861 3689 2030 3744 Deum
2069 3689 2288 3743 enixius
2316 3688 2747 3757 deprecandum,
2775 3699 2834 3741 ut
2873 3687 3106 3742 celerem
3149 3686 3455 3740 vindictam

1859 3796 2038 3849 prava:
2099 3781 2223 3834 huic
2282 3779 2472 3834 lueresi
2521 3779 2712 3833 reddat
2743 3779 2809 3854 ad
2851 3780 3037 3849 pepuli
3063 3779 3149 3834 sui
3202 3780 3458 3834 salutem.

1858 3875 1962 3928 ()ra
1997 3875 2160 3928 etiam
2199 3889 2296 3937 pro
2331 3888 2417 3926 me
2447 3871 2680 3925 minimo
2727 3872 2836 3924 lilio
2889 3881 3005 3937 tuo,
3031 3871 3194 3926 Pater
3226 3871 3461 3925 sanctis-

1865 3985 2024 4023 Slnlf‘.

161 4053 276 4106 τοῦ.
335 4055 646 4126 ιῐροσεύχου
677 4059 928 4130 καὶπερὶ
972 4060 1106 4131 ἐμοῦ
1143 4060 1238 4114 τοῦ
1300 4061 1585 4133 ἐλαχίστου
1651 4082 1742 4116 σου
1799 4063 2018 4120 τέκνου,
2058 4056 2333 4124 ἁγιώτατέ
2368 4073 2472 4125 μου
2510 4055 2714 4123 Πάτερ.

524 4174 634 4226 ΚΖ.
656 4206 720 4214 ——
751 4176 1002 4245 Τιμοθέῳ
1030 4175 1241 4245 τέκνῳ.
1270 4177 1465 4250 [σμδ’.]

2252 4172 2466 4227 XXVII.
2504 4203 2574 4212 --
2618 4172 2888 4226 Timotheo
2945 4170 3077 4238 ﬁlio.

662 4313 852 4363 Laudat
875 4316 938 4366 ob
964 4321 1290 4368 constantiam
1316 4333 1405 4381 pro
1432 4320 1700 4382 imaginum
1723 4318 2018 4367 defensione
2045 4333 2057 4365 :
2089 4323 2191 4365 tum
2211 4316 2405 4376 jejunio
2440 4315 2638 4362 modum
2663 4311 2961 4374 praescribit.

231 4420 338 4475 Οἴα.
386 4438 482 4475 σου
517 4421 550 4493 ἡ
588 4423 759 4494 ψυχὴ,
807 4425 999 4479 τέκνον
1064 4446 1164 4498 μου
1229 4430 1486 4500 ποθητὸν,
1518 4429 1745 4482 τοιαῦτα

1923 4427 2113 4495 Qualis
2149 4426 2368 4480 animtts
2394 4435 2542 4485 tuus,
2584 4424 2656 4478 fili
2694 4425 2764 4478 mi
2805 4422 3294 4487 desideratissime,
3325 4425 3459 4479 tales

167 4513 262 4565 καὶ
288 4514 359 4568 τὰ
392 4520 724 4585 γράμματα,
775 4516 1076 4588 θαρσαλέα,
1113 4520 1347 4592 εὕθυμα,
1408 4521 1754 4592 εὐπρόθυμα.

171 4609 420 4678 φιλόθεα,
454 4611 843 4685 φιλομάρτυρα
863 4631 874 4641 ·
905 4614 999 4667 καί
1027 4632 1089 4681 γε
1116 4616 1214 4685 τῆς
1241 4616 1421 4686 ψυχῆς
1453 4615 1663 4679 εἰκόνες
1705 4615 1754 4668 οἱ

168 4702 350 4772 λόγον
411 4705 509 4759 καὶ
564 4707 629 4758 ἐκ
679 4707 775 4760 τοῦ
843 4710 1292 4779 περισσεύματος
1353 4711 1451 4780 τῆς
1523 4710 1755 4779 καρδίας

169 4796 404 4863 ἕκαστος
427 4798 582 4870 φέρει
614 4800 682 4854 τὰ
713 4801 872 4870 λόγια
891 4819 905 4833 ο
947 4802 1086 4856 ὥστε
1111 4804 1206 4856 καὶ
1235 4805 1383 4874 ἡμᾶς
1410 4803 1755 4866 ἀκούσαντάς

170 4905 265 4942 σου
297 4890 410 4943 τῶν
451 4893 736 4963 ῥημάτων,
777 4894 1215 4967 ἐπιρρωσθῆναι,
1249 4895 1343 4949 καὶ
1396 4897 1614 4967 μᾶλλον.
1656 4897 1754 4949 ἁν-

167 4981 520 5053 δρειωθῆναι,
553 4988 647 5039 καὶ
687 4987 825 5058 πρὸς
851 4986 1081 5059 ἄθλησιν
1129 4989 1474 5061 ἐπειχθῆναι.
1518 4986 1649 5061 Ἐμὲ
1698 4988 1756 5041 δὲ

170 5077 565 5147 καὶὸἀδελφὸς
626 5079 905 5155 Ἁδριανὸς
952 5081 1368 5154 ἐξηγησάμενος
1421 5082 1590 5171 πλέον
1639 5080 1754 5146 ἐξέ-

170 5185 352 5222 νιιτεν⁹
391 5171 730 5238 ἁναγγείλας
764 5190 857 5226 σου
900 5171 962 5227 τὸ
1019 5173 1285 5245 εὓθαρσον
1339 5176 1433 5228 καὶ
1479 5174 1754 5243 σταθηρὺν

173 5256 262 5311 καὶ
293 5259 777 5331 εύπαρρησίαστον
804 5280 818 5293 ·
859 5265 954 5316 καὶ
986 5264 1085 5333 μέν
1123 5281 1207 5317 τοι
1260 5265 1351 5319 καὶ
1405 5264 1752 5317 διαλεκτικὸν

174 5354 308 5422 πρὸς
344 5371 474 5417 τους
509 5355 874 5424 ἐρεθίζοντας.
896 5356 1071 5410 Πόθεν
1104 5375 1187 5410 σοι
1214 5357 1422 5423 ταῦτα;
1451 5355 1482 5426 ἧ
1507 5356 1629 5425 οὐχὶ
1663 5358 1756 5407 ἐπὶ

173 5443 273 5512 τῆς
333 5446 686 5519 προαγούσης
734 5448 948 5519 ἀγαθῆς
1002 5452 1382 5520 προαιρέσεως
1444 5450 1538 5502 καὶ
1609 5448 1760 5510 θείας

179 5543 583 5613 περιποιήσεως
615 5559 626 5572 ·
659 5544 726 5597 δι’
754 5541 820 5618 ἧς
841 5543 1082 5615 ’ἤνεγκας
1125 5547 1195 5599 τὰ
1237 5543 1605 5615 προλαϐόντα,
1670 5544 1762 5596 καὶ

182 5630 423 5703 ἕστηκας
450 5636 518 5705 τῇ
542 5634 718 5689 ἐλπίδι
761 5639 863 5706 τῆς
899 5637 1058 5706 δόξης
1115 5638 1210 5691 τοῦ
1251 5635 1410 5701 Θεοῦ,
1453 5637 1615 5707 μέχρι
1668 5636 1762 5687 θα-

222 5839 234 5851 ,
274 5770 321 5802 η
348 5771 584 5851 utneg.
611 5789 723 5838 ιιι,
752 5777 835 5832 ιι.

189 5843 372 5896 vimus.
402 5843 559 5896 lint'r.

431 5936 700 5997 ΡΑτιιοι.
738 5939 853 5997 Gn-
900 5936 1123 5999 XCIX-

943 5777 987 5808 "
1011 5776 1152 5834 Psal.
1182 5793 1374 5846 Lxxm,
1395 5777 1448 5833 7.

1862 4531 1916 4575 et
1951 4521 2142 4574 litterae
2169 4518 2341 4588 plena:
2400 4517 2617 4580 fiducia,
2644 4517 2949 4580 alacritate,
2989 4516 3337 4578 streuuitate.
3367 4521 3454 4570 in-

1862 4613 2002 4684 signi
2025 4626 2150 4678 erga
2179 4610 2341 4664 Deum
2366 4619 2416 4662 et
2440 4619 2705 4680 martyres
2727 4608 3015 4664 charitate.
3037 4608 3247 4678 Quippe
3277 4609 3456 4678 imago

1863 4687 2030 4760 animi
2085 4716 2270 4756 sermo
2318 4707 2426 4763 est,
2471 4712 2522 4756 et
2569 4719 2633 4754 ex
2679 4701 3012 4755 abundantia
3066 4701 3250 4754 cordis
3293 4717 3463 4753 unus-

1861 4797 2094 4866 quisque
2119 4792 2326 4864 profert
2352 4794 2591 4848 oracula.
2619 4793 2689 4846 lla
2719 4804 2846 4846 utet
2877 4807 3000 4855 nos,
3025 4801 3311 4860 postquam
3337 4806 3459 4844 Ver-

1864 4891 1950 4945 his
1982 4889 2092 4943 tuis
2124 4903 2287 4942 aures
2323 4887 2683 4956 praebuimus,
2710 4885 2934 4939 fortiore
2964 4884 3148 4937 animo
3168 4899 3232 4938 ac
3288 4885 3462 4952 magis

1861 4981 2002 5035 virili
2059 4979 2343 5039 fuerimus,
2375 4987 2429 5031 et
2479 4978 2545 5030 ad
2589 4986 2866 5031 certamen
2917 4974 3221 5028 ineundum
3285 4975 3460 5029 multo

1860 5073 2242 5145 promptiores.
2288 5070 2370 5125 Me
2397 5084 2526 5124 vero
2551 5079 2605 5124 et
2630 5069 2796 5123 frater
2826 5067 3103 5121 Adrianus
3130 5067 3196 5121 de
3237 5077 3289 5120 te
3331 5083 3462 5119 nar-

1857 5183 1990 5221 rans
2036 5165 2411 5219 vehementius
2465 5163 2888 5233 perculitzcttm
2944 5170 2996 5215 et
3064 5159 3318 5214 fiduciam
3375 5158 3464 5211 ille

1859 5272 2038 5323 tuam,
2075 5268 2129 5312 et
2154 5259 2324 5312 rolmr
2353 5258 2546 5318 animi,
2573 5265 2625 5309 et
2658 5253 2870 5308 dicendi
2922 5251 3228 5307 libertatem
3287 5250 3461 5304 refer-

1868 5364 1971 5418 ret,
2002 5349 2300 5421 quinetiam
2325 5356 2379 5402 et
2413 5357 2586 5400 artem
2621 5342 2924 5400 disserendi
2961 5343 3224 5397 adversus
3258 5356 3459 5411 provo‘

1867 5459 2080 5504 cantes.
2139 5446 2298 5500 Unde
2330 5444 2413 5496 hae
2445 5442 2541 5496 tibi
2572 5441 2771 5496 dotes?
2795 5454 2978 5494 annon
3008 5453 3077 5492 ex
3131 5437 3276 5492 bono
3335 5451 3463 5506 pro—

1871 5541 2050 5611 posito
2113 5537 2484 5601 antecedente,
2538 5551 2602 5590 ac
2669 5533 2864 5588 fiducia
2929 5535 2983 5585 in
3047 5531 3266 5594 Deum;
3305 5530 3462 5598 cujus

1872 5649 1974 5702 ope
2026 5634 2310 5702 superiora
2364 5629 2659 5700 pertulisti,
2693 5642 2755 5682 ac
2779 5641 2877 5696 spe
2919 5625 3107 5695 gloria:
3173 5622 3267 5678 Dei
3334 5638 3458 5691 per-

1576 5777 1650 5809 ³⁷*
1679 5775 1917 5841 Inclusa,
1951 5777 2003 5829 in
2037 5772 2168 5827 edit.
2201 5768 2468 5823 Sirmondi
2495 5765 2808 5837 typographi
2839 5763 2964 5817 vitio
2995 5761 3216 5822 omissa,
3252 5757 3464 5826 supple:

3109 5917 3186 5979 38
