3990 6318
531 304 708 389 '1195

1770 325 1830 382 S.
1867 322 2252 383 THEODOIH
2299 324 2648 383 STUIHTA‘]

3726 321 3875 385 1190

565 434 791 497 stitisti,
862 449 1033 505 usque
1093 434 1157 487 ad
1227 434 1434 489 obitum
1515 434 1580 488 Ilii
1666 449 1903 504 pugnam
1979 434 2149 487 accin-

2266 434 2427 487 νάτου
2456 432 2940 503 εὑτρεπιζὸμενος;
2984 432 3177 502 Χαῖρε,
3214 431 3511 502 εὐφραίνου
3546 449 3560 459 ·
3605 432 3871 503 ἰσχύσεις

565 537 652 581 tus
677 526 700 579 τ
725 525 933 589 Gaude,
984 525 1165 580 hetare
1195 548 1205 580 :
1235 540 1358 579 cum
1398 525 1511 578 Deo
1561 525 1765 579 valebis
1807 524 1989 578 omnia
2024 524 2159 577 tole-

565 634 706 682 rare,
730 633 932 672 corona
969 617 1208 671 victoriis
1231 617 1536 671 redimitus.
1586 616 1691 671 Sed
1719 624 1773 669 et
1804 632 1902 685 pro
1928 631 2011 669 me
2040 630 2157 670 ora,

564 706 755 773 frater,
792 720 849 764 ut
886 721 940 764 et
970 720 1083 776 tua,
1120 718 1173 764 et
1214 710 1458 776 cujusvis
1501 711 1725 765 alterius
1757 710 1954 764 similis
1991 709 2159 764 vesti-

566 801 652 870 gia
680 815 1006 869 consequar.
1048 800 1391 855 Suntautem
1436 800 1569 853 satis
1621 800 1775 854 multi
1827 816 1923 871 per
1952 797 2158 854 ChriSIi

565 889 794 958 gratiam
825 907 838 941 :
876 890 1079 944 etenim
1137 889 1300 942 veluti
1356 889 1691 942 curriculum
1754 898 1839 942 est
1870 890 1922 941 in
1956 889 2075 942 luce
2107 899 2160 941 et

564 990 860 1050 conspectu
900 983 1139 1049 positum
1181 1000 1192 1033 :
1233 981 1452 1049 plurimi
1479 996 1699 1050 quoque
1730 991 2024 1051 martyres.
2079 980 2158 1034 Ne

565 1072 714 1125 aliud
779 1073 947 1143 igitur
1003 1074 1118 1127 base
1174 1088 1299 1142 qua:
1346 1086 1609 1142 geruntur
1658 1074 1939 1128 existimes
1991 1089 2156 1143 quam

563 1162 767 1218 Christi
815 1164 1180 1234 negationem,
1210 1165 1390 1233 quoad
1421 1179 1515 1219 eos
1565 1164 1657 1234 qui
1715 1173 2154 1234 persequuntur,

566 1254 880 1324 factumque
925 1271 1025 1325 pro
1063 1256 1281 1311 Christo
1313 1258 1655 1327 martyrium,
1696 1258 1874 1326 quoad
1920 1272 2016 1311 eos
2064 1257 2154 1325 qui

563 1348 783 1413 praamia
820 1348 1087 1403 referunt.
1147 1352 1327 1419 Atque
1368 1351 1513 1404 istud
1549 1351 1768 1420 quidem
1815 1352 1982 1405 estin
2018 1365 2155 1403 con-

564 1440 726 1494 fesso.
766 1438 902 1494 Nam
957 1449 1017 1494 ut
1065 1442 1118 1494 iu
1156 1442 1336 1495 crucis
1379 1441 1618 1511 imagine
1672 1457 1807 1495 crux
1850 1443 1964 1511 ipsa
2023 1441 2157 1494 vivi—

562 1532 663 1585 iiea
696 1539 750 1585 et
788 1532 1129 1603 agnoscitur,
1182 1543 1236 1587 et
1287 1542 1557 1602 negatur:
1594 1532 1674 1587 sic
1731 1542 1785 1585 et
1835 1533 1887 1586 in
1922 1533 2155 1603 imagine

560 1619 766 1678 Christi
807 1624 950 1677 idem
992 1624 1110 1678 sine
1133 1623 1453 1678 discrimine
1488 1624 1861 1677 statuendum.
1919 1623 2153 1679 Mundus

562 1714 685 1767 licet
716 1715 1019 1769 obcaecatus
1067 1716 1157 1779 sit,
1187 1715 1270 1768 vel
1310 1716 1401 1769 ubi
1431 1715 1710 1769 Christum
1744 1716 1995 1785 abnegat,
2021 1731 2154 1769 con-

2267 529 2361 580 σὺν
2394 526 2512 596 (θεῷ
2536 527 2713 579 πάντα
2740 527 3009 592 ἐνεγκεῖν,
3037 525 3397 596 ἀολοιρορικδν
3430 526 3708 594 στέφανον
3734 530 3873 580 ἀνα-

2260 616 2583 687 δησάμενος.
2631 616 2769 667 Ἀλλ’
2802 614 2964 685 εῦχου
2989 618 3177 685 κάμοὶ,
3221 616 3442 685 ἀδελφέ,
3507 617 3870 670 συνέπεσθαι

2263 711 2345 763 σοί
2376 727 2435 763 τε
2459 710 2555 764 καὶ
2584 710 2640 763 εἴ
2667 729 2772 764 τινι
2796 712 2940 781 ἄλλῳ
2979 711 3376 781 παραπλησίῳ,
3412 712 3616 765 ’ἱκανοὶ
3664 712 3730 765 δὲ
3766 714 3868 782 χά-

2263 820 2369 871 ριτι
2399 804 2660 873 Χριστοῦ.
2695 805 2804 857 Καὶ
2834 807 2943 873 γὰρ
2977 803 3053 866 ὡς
3082 804 3143 857 τὸ
3201 804 3418 857 στάδιον
3441 803 3713 874 λαμπρὸν
3772 806 3869 857 καὶ

2259 897 2539 965 ἐμφανές·
2584 896 2831 950 πλεῖστοι
2872 898 2965 949 καὶ
3000 897 3049 949 οἱ
3091 897 3388 967 μάρτυρες.
3439 897 3533 966 Μὴ
3584 898 3701 966 γὰρ
3745 898 3865 949 οἴου

2259 1005 2309 1038 τι
2347 988 2477 1041 ἄλλο
2500 986 2638 1041 εἶναι
2670 988 2738 1041 τὰ
2774 989 3039 1058 παρόντα,
3087 988 3121 1058 ἢ
3177 988 3414 1057 Χριστοῦ
3466 990 3710 1059 ἄρνησιν
3768 990 3865 1040 ἐπὶ

2257 1081 2384 1141 τοὺς
2418 1080 2716 1144 διώκοντας
2748 1097 2764 1112 ’
2801 1084 2896 1133 καὶ
2941 1080 3181 1149 Χριστοῦ
3242 1082 3551 1150 μαρτυρίαν
3591 1084 3678 1143 εἰς
3727 1083 3864 1143 τοὺς

2256 1172 2323 1222 τὰ
2348 1166 2488 1224 ἆθλα
2514 1172 2801 1241 φέροντας,
2835 1175 2932 1225 καὶ
2958 1173 3119 1226 τοῦτο
3141 1173 3381 1243 εὑδηλον.
3427 1173 3516 1235 Ὡς
3537 1172 3655 1242 γάρ
3696 1175 3763 1225 ἐν
3792 1178 3859 1241 τῇ

2260 1263 2429 1316 εἰκόνι
2449 1263 2543 1316 τοῦ
2570 1265 2806 1335 σταυροῦ
2838 1266 2866 1317 ὁ
2898 1266 3164 1329 ζωοποιὸς
3204 1268 3441 1337 σταυρὸς
3482 1265 3579 1317 καὶ
3625 1254 3859 1335 ding-

2263 1372 2430 1423 γηται
2455 1358 2548 1408 καὶ
2571 1357 2804 1427 ἤρνηται
2838 1375 2851 1387 ·
2882 1356 3025 1414 οὑτω
3051 1359 3146 1410 καὶ
3175 1359 3233 1410 ἐν
3267 1360 3332 1427 τῇ
3376 1357 3547 1409 εἰκόνι
3602 1357 3861 1428 Χριστοῦ

2260 1450 2320 1501 τὸ
2355 1450 2485 1501 αὑτὸ
2533 1449 2994 1520 ἀπαραλλάκτως.
3034 1452 3097 1503 Εἰ
3139 1453 3232 1503 καὶ
3270 1450 3617 1520 τετύφλωται
3665 1453 3698 1504 ὁ
3746 1455 3860 1505 κο·-

2257 1559 2393 1610 σμος
2419 1556 2434 1572 ο
2460 1542 2555 1594 καὶ
2578 1542 2813 1614 Χριστὸν
2840 1542 3195 1613 ἀρνούμενος,
3230 1543 3412 1607 παίζει
3434 1544 3534 1612 τὴν
3549 1542 3743 1614 ὕϐριν,
3763 1546 3857 1597 διᾶ

2252 1634 2353 1701 τὴν
2396 1632 2492 1685 τοῦ
2556 1631 2914 1702 ὑϐριζομένου
2969 1633 3376 1705 μακροθυμίαν.
3434 1635 3546 1686 Καὶ
3600 1636 3655 1686 τί
3713 1634 3852 1687 Θαυ-

2257 1724 2464 1793 μαστὸν
2502 1727 2549 1776 εἰ
2584 1726 2874 1793 ὑπομένει,
2908 1724 3090 1796 ζητῶν
3122 1726 3221 1796 τὴν
3275 1726 3397 1791 τῶν⁸
3425 1727 3854 1796 παροινούντων

562 1805 841 1859 tumeliam
873 1806 1061 1874 jocum
1093 1815 1330 1876 reputat,
1361 1818 1581 1875 propter
1609 1807 1754 1861 illius
1787 1808 2149 1874 tolerantiam,

2259 1816 2743 1887 ὲπιστροφήν;Μὴ
2775 1816 2897 1886 οὐχὶ
2927 1816 3192 1885 στέφανον
3236 1815 3295 1881 ἐξ
3331 1817 3586 1870 ἀκανθῶν
3632 1818 3851 1889 ἐπέθη-

569 1913 731 1967 quem
763 1899 1161 1953 contumeliose
1182 1907 1399 1954 tractat.
1431 1899 1534 1953 Sed
1571 1900 1700 1969 quid
1758 1900 1959 1953 mirum
1984 1900 2029 1953 si
2064 1901 2151 1985 ille

560 1990 817 2050 sustinet.
846 1991 1182 2045 furiosorum
1233 1993 1649 2047 conversionem
1702 1992 2005 2062 qumrens?
2042 1994 2153 2044 An-

560 2098 667 2135 non
722 2081 967 2151 spineam
1030 2099 1290 2137 coreuam
1335 2084 1497 2153 capiti
1538 2084 1657 2152 ejus
1708 2085 2015 2152 imposuere
2050 2084 2151 2136 mi-

560 2174 723 2228 lites?
758 2188 939 2227 auuon
988 2183 1193 2228 vestem
1249 2174 1299 2228 ei
1332 2175 1740 2229 circumdedere
1773 2187 2103 2243 purpuream

558 2265 653 2333 qui
705 2273 759 2318 et
806 2264 991 2318 dixere
1036 2280 1050 2316 :
1093 2266 1214 2328 Ave,
1253 2281 1344 2317 rex
1366 2264 1679 2318 Judworum
1716 2280 1733 2317 :
1775 2274 1823 2318 et
1858 2265 2055 2319 dabant
2089 2268 2137 2319 ei

561 2358 749 2427 alapas
777 2358 839 2411 ⁸⁸.
880 2358 999 2427 ipse
1029 2374 1158 2411 vero
1184 2359 1365 2411 omnia
1404 2358 1728 2427 perferebat,
1760 2374 1885 2413 cum
1923 2359 2140 2415 deride-

559 2462 729 2516 retur,
763 2450 1161 2520 habereturque
1200 2452 1455 2514 ludibrio,
1490 2466 1611 2503 cum
1648 2460 1702 2504 et
1736 2453 1788 2504 in
1831 2465 1993 2504 cruce
2042 2450 2147 2503 alia

562 2542 796 2608 plurima
822 2551 1123 2612 pateretur.
1159 2540 1309 2596 Talia
1349 2557 1493 2595 nunc
1520 2558 1737 2611 quoque
1763 2551 1980 2611 propter
2009 2542 2146 2595 ima—

559 2636 741 2705 ginem
790 2650 970 2699 suam,
1003 2644 1057 2688 et
1096 2639 1148 2687 iu
1197 2650 1297 2688 sua
1350 2638 1467 2703 ipse
1534 2634 1773 2704 imagine
1820 2634 2144 2703 perpetitur,

562 2722 830 2791 siquidem
896 2722 1249 2792 archetypum
1306 2724 1358 2776 in
1411 2721 1647 2793 imagine
1688 2724 2044 2794 conspicitur,
2091 2735 2148 2779 ut

560 2814 663 2868 viri
699 2816 873 2869 sancti
903 2816 1111 2870 dixere.
1166 2815 1270 2870 Sed
1301 2817 1620 2871 miserescat
1648 2817 1736 2870 ille
1752 2818 1999 2872 celeriter
2042 2817 2143 2872 Ec-

560 2907 738 2961 clesiae
762 2924 892 2972 suae,
920 2908 1266 2963 confessores
1296 2908 1684 2963 corroborans.
1716 2908 1893 2963 Audio
1924 2922 1975 2964 te
2000 2910 2140 2979 jeju-

561 2997 714 3052 nium
750 2998 1093 3066 protrahere,
1124 3005 1179 3051 et
1202 2998 1350 3052 laetor
1384 2997 1611 3068 utique:
1645 2999 1737 3053 tibi
1778 3014 1905 3052 vero
1956 3007 2146 3052 auctor

560 3104 682 3143 sum
714 3099 771 3143 ut
804 3090 1046 3159 quotidie
1070 3100 1191 3158 post
1218 3106 1502 3160 vesperam
1537 3092 1718 3145 cibum
1746 3105 1956 3145 sumas.
2020 3090 2147 3145 Haec

558 3181 705 3233 enim
762 3182 846 3235 via
897 3182 1044 3251 regia
1080 3191 1182 3247 est,
1218 3192 1271 3236 et
1306 3183 1418 3238 haec
1464 3182 1753 3237 laudabilis
1809 3181 2141 3237 abstinentia
2168 3172 2211 3231 C

558 3273 611 3325 in
641 3273 745 3327 isto
778 3275 1022 3343 martyrii
1056 3289 1272 3344 genere.

876 3384 1113 3439 XXVIII.
1144 3417 1213 3426 —
1245 3384 1449 3441 Basilio
1493 3391 1797 3456 prwposito.

2254 1924 2358 1960 καν
2393 1908 2559 1960 αὑτοῦ
2609 1911 2675 1977 τῇ
2734 1910 2948 1979 κεφαλῇ
2984 1909 3032 1962 οί
3094 1910 3550 1978 στρατευόμενοι;
3600 1911 3674 1981 μὴ
3721 1911 3851 1980 οὐχὶ

2254 2001 2349 2053 καὶ
2396 2002 2612 2071 ἱμάτιον
2659 2002 2972 2073 πορφυροῦν
3028 2002 3357 2072 περιέὸαλον
3406 2004 3605 2069 αὑτόν;
3655 2003 3712 2056 οἳ
3752 2009 3851 2058 καὶ

2253 2093 2444 2161 ἔλεγον
2469 2113 2481 2124 ·
2515 2094 2711 2163 Χαῖρε,
2752 2098 2783 2147 ό
2806 2093 3112 2158 ,βασιλεὺς
3154 2093 3276 2147 τῶν
3341 2094 3643 2149 Ἰουδαίων
3668 2114 3683 2127 ·
3744 2100 3850 2151 καὶ

2252 2183 2497 2237 ἐδίδουν
2522 2184 2682 2249 αὐτῷ
2704 2184 3081 2251 ῥαπίσματα.
3122 2183 3178 2235 '0
3205 2182 3260 2235 δὲ
3292 2182 3453 2256 ἔφερε
3484 2186 3687 2249 πάντα,
3740 2202 3849 2238 κα-

2251 2278 2659 2347 ταγελώμενος,
2705 2276 3200 2346 μυκτηριζόμενος,
3253 2279 3348 2330 καὶ
3382 2279 3482 2331 ὃσα
3523 2277 3668 2331 ἄλλα
3735 2279 3850 2332 πὲ-

2254 2387 2397 2439 σχων
2428 2373 2485 2423 ἐν
2526 2370 2766 2440 σταυρῷ.
2800 2369 3040 2423 Τοιαῦτα
3070 2373 3188 2424 ἐστι
3221 2371 3317 2423 νῦν
3346 2371 3574 2439 πάσχων
3616 2370 3712 2423 διὰ
3744 2374 3847 2440 τῆς

2252 2462 2463 2524 εἰκόνος
2495 2460 2684 2526 αὑτοῦ,
2732 2461 2827 2514 καὶ
2870 2463 2928 2513 ἐν
2962 2465 3029 2533 τῇ
3085 2462 3255 2515 εἰκόνι
3286 2460 3451 2513 αὑτοῦ
3476 2462 3719 2529 ’,ἐπειδὴ
3785 2465 3847 2515 τὸ

2253 2554 2564 2623 ἀρχέτυπον
2595 2556 2653 2607 ὲν
2678 2555 2743 2625 τῇ
2776 2555 2948 2609 εἰκόνι
2973 2555 3317 2623 ὲκφαίνεται,
3340 2553 3415 2615 ὡς
3453 2553 3682 2624 εἴρηται
3729 2558 3847 2618 τοῖς

2255 2646 2451 2713 ἁγίοις.
2507 2645 2647 2698 Ἀλλ’
2694 2646 2781 2713 εἴη
2818 2646 2966 2710 ἔλεος
3000 2648 3057 2698 ἐν
3092 2645 3247 2714 τάχει
3293 2647 3359 2714 τῇ
3405 2644 3711 2716 Ἐκκλησία
3740 2647 3846 2698 αὑο

2253 2735 2370 2797 τοῦ,
2410 2735 2730 2806 ὲνδυναμῶν
2755 2737 2883 2800 τοὺς
2924 2735 3347 2805 ὁμολογοῦντας.
3381 2735 3597 2791 Ἀκούω
3634 2737 3721 2788 ὅτι
3750 2754 3847 2805 νη-

2256 2825 2441 2878 στείαν
2471 2826 2653 2889 ἕλκεις
2680 2842 2693 2857 ·
2726 2828 2822 2881 καὶ
2851 2826 3029 2896 χαίρω
3067 2825 3187 2895 μὲν,
3219 2826 3577 2896 συμϐουλεύω
3606 2826 3665 2877 δὲ
3696 2825 3843 2878 καθ-

2255 2920 2496 2990 εκάστην
2560 2919 2764 2974 ἐσθίειν
2817 2919 2957 2988 μετά
3002 2920 3071 2972 τὰ
3102 2921 3386 2990 ἐσπερινά.
3444 2919 3621 2972 Τοῦτο
3663 2919 3779 2988 γὰρ
3810 2920 3844 2989 ἡ

2254 3011 2511 3083 βασιλικὴ
2540 3012 2680 3076 ὁδὸς,
2724 3011 2818 3065 καὶ
2843 3010 2983 3082 αὕτη
3015 3010 3278 3081 ἐπαινετὴ
3335 3011 3642 3080 ἐγκράτεια
3684 3012 3748 3064 ἐν
3776 3014 3844 3081 τῇ

2255 3103 2545 3172 μαρτυρία.

2463 3384 2599 3440 KH’.
2623 3387 3005 3453 ε-Βασιλείῳ
3035 3384 3371 3456 ἡγουμένῳ.
3403 3386 3621 3459 [augt]

923 3500 991 3551 Ut
1013 3500 1210 3550 fortiter
1245 3515 1334 3564 pro
1357 3503 1549 3553 Christo
1581 3503 1682 3566 pati
1710 3508 1904 3568 pergat,
1940 3517 2035 3554 nec
2068 3503 2285 3565 trepidet
2304 3500 2347 3551 si
2368 3507 2483 3551 ante
2506 3502 2858 3564 imperatorem
2883 3506 2970 3551 aut
2989 3499 3225 3564 praesides
3249 3502 3472 3550 ducatur.

634 3604 740 3662 Ubi
781 3608 1020 3662 intellexi
1048 3608 1230 3662 omnia
1268 3623 1388 3678 quae
1417 3618 1636 3677 propter
1664 3609 1952 3661 Dominum
1983 3622 2146 3677 passa

559 3710 644 3755 est
694 3701 956 3755 sanctitas
1002 3710 1115 3763 tua,
1149 3717 1272 3755 cum
1311 3716 1469 3753 sacro
1520 3715 1623 3754 suo
1651 3700 1910 3766 subdito;
1943 3699 2147 3769 glorifi-

562 3793 680 3847 cavi
737 3792 1002 3862 optimum
1062 3791 1229 3845 Deum
1261 3801 1510 3845 nostrum
1546 3792 1741 3845 valde:
1773 3791 1913 3859 quod
1961 3792 2148 3859 utique

558 3895 782 3941 exortus
819 3893 873 3940 et
907 3884 1023 3955 ipse
1067 3898 1126 3939 es
1151 3884 1316 3937 veluti
1364 3882 1515 3937 sidus
1544 3883 1598 3936 in
1639 3885 1841 3937 mundo
1869 3898 1994 3937 cum
2026 3884 2148 3938 aliis

558 3978 854 4042 sideribus,
889 3978 945 4031 in
975 3976 1079 4030 hac
1100 3975 1353 4045 praesenti
1390 3976 1549 4045 quasi
1590 3986 1856 4030 nocturna
1882 3976 2154 4030 haereseos

559 4084 763 4140 pugna,
821 4084 919 4122 vas
972 4067 1284 4130 electionis,
1325 4066 1579 4119 columna
1640 4075 1694 4119 et
1750 4065 2151 4120 firmamentum

558 4162 828 4219 veritatis.
891 4161 1069 4227 Quam
1127 4158 1450 4213 admirabile
1500 4174 1596 4229 par
1652 4158 1787 4212 illud
1852 4158 2149 4214 vestrum!

2326 3608 2512 3660 Πάντα
2548 3605 2880 3677 καταμαθὼν
2906 3605 3052 3676 ἅπερ
3080 3605 3167 3660 διὰ
3198 3605 3403 3677 Κύριον
3432 3606 3646 3677 ὑπέστη
3669 3623 3769 3660 σου
3806 3609 3841 3677 ή

2253 3696 2473 3766 ὁσιότης
2503 3698 2601 3750 σὺν
2621 3696 2699 3766 τῷ
2729 3695 2859 3767 ίερῷ
2905 3695 3132 3765 ὑπηκόῳ
3156 3710 3169 3723 ·
3204 3694 3433 3757 ἐδόξασα
3480 3695 3578 3748 τὸν
3629 3696 3845 3765 ἀγαθὸν

2254 3790 2387 3845 Θεὸν
2426 3792 2582 3860 ἡμῶν
2638 3789 2790 3843 λίαν*
2833 3791 3027 3860 ὅτιπερ
3056 3787 3338 3852 ἀνέτειλας
3379 3789 3473 3840 καὶ
3516 3788 3684 3853 αὑτὸς
3718 3809 3843 3860 φω-

2256 3880 2394 3953 στὴρ
2438 3884 2496 3934 ὲν
2526 3880 2605 3952 τῷ
2656 3882 2846 3952 κόσμῳ
2878 3882 2976 3934 σὺν
3022 3879 3202 3944 ἄλλοις
3250 3879 3626 3950 λαμπτῆρσιν,
3672 3881 3733 3933 ὲν
3772 3882 3840 3951 τῇ

2251 3979 2369 4029 νυνὶ
2430 3974 2774 4046 νυκτομαχίᾳ
2817 3974 2918 4043 τῆς
2975 3974 3267 4043 αἱρέσεως,
3314 3972 3511 4035 σκεῦος
3568 3971 3841 4043 ἐκλογῆς,

2254 4067 2449 4131 στύλος
2478 4067 2575 4121 καὶ
2602 4066 2891 4137 ἑδραίωμα
2919 4065 3014 4135 τῆς
3052 4064 3335 4135 ἀληθείας.
3372 4064 3459 4129 Ὠς
3490 4064 3789 4135 Θαυμαστὴ
3808 4067 3841 4135 ἡ

2251 4159 2592 4230 δυὰςνὺμῶνί
2640 4160 2714 4222 ὼς
2749 4159 2955 4231 ὲραστὴ
2985 4158 3060 4229 τῷ
3092 4159 3334 4229 Χριστῷ,
3383 4157 3598 4226 πληγὰς
3629 4158 3695 4210 δι’
3739 4159 3842 4209 αὑ-

561 4272 725 4327 quam
757 4253 983 4309 Christo
1023 4252 1278 4316 amabile,
1326 4252 1473 4321 quod
1517 4252 1703 4321 plagas
1761 4250 1935 4321 ipsius
1989 4265 2149 4305 causa

2255 4251 2343 4304 τὸν
2375 4250 2743 4321 ὑπομείνασα,
2794 4249 3128 4317 ἀπαγωγὰς,
3178 4248 3448 4318 φυλακὰς,
3505 4248 3599 4300 καὶ
3656 4246 3841 4301 ταῦτα

563 4349 804 4418 pertulit,
838 4346 1053 4411 exsilia,
1081 4360 1351 4410 carceres,
1394 4355 1448 4398 et
1496 4359 1558 4398 ea
1602 4359 1778 4415 usque
1809 4345 1863 4398 in
1909 4358 2149 4413 praesen-

2255 4343 2362 4406 ἓως
2385 4344 2479 4396 τοῦ
2513 4342 2794 4410 παρόντος.
2829 4341 2990 4395 Ἀλλά
3021 4342 3076 4393 τί
3109 4341 3193 4394 ὅτι
3217 4341 3323 4411 πρὸ
3348 4344 3447 4410 τῆς
3475 4340 3672 4409 πείρας
3694 4335 3838 4413 ἧκες

562 4440 837 4496 temdiem
864 4440 876 4491 !
910 4437 1016 4491 Sed
1047 4435 1176 4504 quid
1207 4443 1291 4489 est
1320 4437 1489 4504 quod,
1521 4444 1813 4505 antequam
1846 4434 2145 4502 periculum

562 4529 792 4591 faceres,
826 4528 892 4581 ad
931 4542 1018 4581 me
1041 4524 1302 4578 humilem
1340 4524 1557 4584 venisti,
1587 4524 1745 4578 sicuti
1777 4539 1842 4577 ex
1890 4532 1940 4578 te
1988 4522 2145 4576 intel-

561 4622 687 4683 lexi,
727 4636 827 4675 nec
855 4630 1036 4673 tamen
1070 4625 1367 4686 conspectu
1421 4630 1543 4669 meo
1565 4614 1671 4669 frui
1710 4615 1896 4669 licuit:
1924 4629 2021 4669 nec
2045 4614 2145 4667 mi-

561 4729 684 4767 rum
736 4712 942 4781 utique.
990 4706 1443 4779 Quandoquidem
1479 4706 1648 4771 enim,
1684 4716 1742 4760 ut
1794 4704 2144 4775 conjiciebas,

559 4822 674 4861 non
731 4806 949 4859 aderam
986 4822 1001 4869 ;
1032 4802 1196 4856 miser
1250 4801 1397 4854 enim
1449 4813 1547 4868 ego
1598 4815 1663 4853 ac
1696 4799 1933 4854 tenebris
1994 4798 2146 4853 obsi-

563 4906 654 4952 tus
691 4913 708 4964 ;
746 4894 877 4965 quid
901 4904 952 4948 te
978 4894 1324 4948 incommodo
1355 4889 1583 4945 aﬂecisti
1620 4890 1641 4942 ?
1674 4891 1777 4945 nisi
1806 4890 1949 4960 quod
1996 4903 2144 4943 nunc

563 4989 799 5057 teipsum
850 4984 1006 5047 nobis
1040 5000 1135 5053 per
1170 4984 1380 5039 litteras
1420 4982 1754 5053 conjunxisti
1787 4999 1799 5035 :
1832 4982 2010 5049 ctjam
2045 4996 2147 5035 nos

561 5081 756 5152 spiritu
792 5079 1021 5133 invicem
1070 5079 1368 5143 intuemur,
1400 5087 1454 5132 et
1485 5078 1537 5131 in
1573 5091 1742 5129 unum
1794 5074 2147 5129 convenimus

562 5176 619 5228 in
653 5172 870 5243 spiritu,
912 5169 1091 5223 unain
1113 5168 1345 5223 Domino
1363 5169 1544 5222 anima
1568 5166 1764 5234 eﬂ‘ecti,
1796 5181 1895 5237 ego
1928 5167 2148 5221 humilis

565 5266 621 5319 in
643 5264 797 5319 vobis
831 5262 1057 5326 sanctis,
1078 5271 1131 5316 et
1155 5276 1251 5315 vos
1274 5262 1325 5314 in
1360 5277 1467 5315 me.
1497 5260 1862 5326 Quamobrem
1894 5259 2148 5314 Christus

565 5360 620 5411 in
674 5354 854 5409 tnedio
906 5363 1177 5418 nostrum,
1220 5354 1375 5423 juxta
1414 5369 1660 5408 veracem
1697 5352 1839 5405 illius
1876 5351 2145 5421 pollicita-

565 5450 789 5505 tionem.
821 5447 963 5513 Quid
993 5446 1189 5501 deinde
1220 5446 1491 5517 reliquum
1523 5457 1606 5501 est
1633 5448 1657 5499 ?
1686 5445 2149 5515 Ut,quemadmo-

565 5544 692 5597 dum
729 5540 997 5610 coepimus
1036 5540 1090 5593 in
1120 5538 1400 5594 laboribus
1443 5553 1541 5607 pro
1596 5538 1848 5604 Christo,
1892 5550 2150 5591 consum—

566 5649 776 5690 memus
808 5632 1145 5702 propositum
1175 5630 1334 5688 nobis
1368 5641 1668 5697 certamen,
1705 5630 1842 5686 nihil
1890 5627 2146 5686 reformi-

634 5770 679 5801 "
701 5767 861 5824 Joan.
893 5783 1005 5828 XXi.
1030 5767 1082 5821 5.

2251 4438 2390 4507 πρός
2421 4454 2487 4505 με
2523 4436 2614 4489 τὸν
2646 4436 2926 4495 ταπεινὸν,
2953 4434 3098 4487 καθά
3123 4434 3395 4500 ἐδίδαξας,
3445 4432 3519 4502 μὴ
3554 4434 3838 4503 ἐπιτυχών

2252 4546 2355 4598 μου
2392 4529 2487 4581 τοῦ
2534 4528 2909 4598 συνοψισμοῦς
2959 4526 3055 4579 καὶ
3121 4527 3371 4588 εἰκότως.
3436 4524 3657 4595 Ἐπειδὴ
3695 4526 3835 4597 γὰρ,

2248 4622 2324 4684 ὡς
2372 4620 2775 4691 ὑπελάμϐανες,
2815 4620 2915 4671 οὑκ
2964 4614 3031 4687 ἦν
3062 4636 3076 4649 ·
3139 4620 3356 4687 οἰκτρὸς
3401 4616 3512 4687 γὰρ
3570 4616 3684 4685 ἐγὼ
3738 4623 3838 4673 καὶ

2250 4714 2562 4775 σκοτεινός·
2603 4713 2657 4765 τί
2681 4713 2769 4766 ἵνα
2796 4712 2892 4764 καὶ
2928 4710 3196 4779 ἐδλάὅης;
3250 4710 3389 4781 πλὴν
3443 4710 3524 4763 ὅτι
3583 4711 3837 4781 συνῆψας

2248 4807 2381 4876 ἡμῖν
2405 4805 2597 4858 ἑαυτὸν
2642 4804 2762 4857 νυνὶ
2807 4804 2895 4857 διὰ
2922 4803 3017 4856 τοῦ
3046 4804 3377 4873 γράμματος
3405 4818 3420 4831 ·
3480 4803 3577 4856 καὶ
3610 4802 3833 4875 ὁρῶμεν

2248 4898 2512 4969 ἀλλήλους
2542 4896 2643 4967 ἤδη
2673 4895 2753 4967 τῷ
2781 4894 3054 4965 πνεύματι
3083 4911 3096 4925 ο
3126 4896 3222 4948 καὶ
3258 4894 3337 4957 εἰς
3376 4894 3578 4947 ταυτὸν
3628 4895 3833 4966 συνήλ-

2249 4990 2416 5060 θομεν
2448 4991 2508 5043 ὲν
2539 4988 2811 5059 πνεύματι
2837 5002 2849 5014 ·
2880 4988 2980 5058 μία
3012 4986 3161 5057 ψυχὴ
3184 4987 3243 5039 ὲν
3275 4985 3469 5057 Κυρίῳ
3508 4985 3827 5055 γεγονότες,

2250 5080 2414 5150 ὲγὼό
2447 5080 2705 5144 ταπεινὸς
2752 5082 2810 5133 ὲν
2862 5081 2992 5150 ὑμῖν
3036 5082 3150 5142 τοῖς
3194 5078 3394 5147 ἁγίοις,
3436 5082 3533 5130 καὶ
3564 5078 3728 5147 ὑμεῖς
3776 5079 3834 5131 ἐν

2250 5172 2405 5241 ἐμοί’
2445 5172 2642 5242 ὅτιπερ
2676 5172 2935 5243 -Χριστὸς
2969 5174 3026 5225 ἐν
3083 5171 3235 5242 μέσῳ
3285 5168 3644 5241 ἀμφοτέρων,
3690 5171 3836 5225 κατά

2251 5265 2349 5336 τὴν
2376 5263 2586 5332 ἀψευδῆ
2632 5263 2987 5331 ἐπαγγελίαν.
3040 5263 3106 5316 Τί
3157 5262 3342 5316 λοιπὸν
3388 5262 3504 5326 En;
3540 5262 3653 5327 ῐνα,
3689 5262 3835 5316 καθὰ

2250 5355 2600 5426 ἐνηρξάμεθα
2638 5356 2696 5407 ὲν
2729 5358 2843 5418 τοῖς
2894 5355 3037 5425 ὑπὲρ
3068 5353 3308 5425 Χριστοῦ
3342 5355 3699 5425 μαρτυρίοις,
3745 5372 3832 5407 τε·

2252 5447 2566 5517 λειὼσωμεν
2598 5446 2691 5499 τὸν
2761 5446 3124 5518 προκείμενον
3191 5447 3324 5516 ἡμῖν
3381 5444 3596 5513 ἀγῶνα,
3668 5446 3833 5517 μηδὲν

2253 5538 2697 5609 ὑποπτήσσοντες
2725 5554 2740 5570 ·
2787 5538 2862 5609 μὴ
2903 5536 3118 5609 πληγὰς
3173 5535 3351 5602 αὖθις,
3406 5537 3485 5608 μὴ
3520 5538 3723 5610 δεσμὰ,
3759 5539 3832 5609 μὴ

2258 5629 2699 5701 οτρεὸλωτῆρας,
2739 5630 2814 5701 μὴ
2849 5628 2981 5701 πῦρ,
3011 5630 3086 5701 μὴ
3127 5629 3300 5697 ξίφος,
3353 5628 3427 5698 μὴ
3479 5628 3652 5702 ὕδωρ,
3704 5630 3832 5700 μηδὲ
