3990 6318
115 363 250 428 1197

1328 350 1869 415 EPISTOLARUM
1904 350 2051 412 LIB.
2087 349 2147 409 ΙΙ

3232 339 3367 403 1193

116 477 423 547 μάχαιραν.
463 469 651 534 Οὕτως
689 466 1005 522 ὑποτίθεται
1056 467 1190 539 ἡμῖν
1219 466 1247 521 6
1279 466 1438 535 λόγος
1461 484 1477 499 ο
1526 464 1701 528 οὕτως

1824 460 2017 528 Iantes,
2036 476 2145 516 non
2170 458 2354 530 plagas
2378 472 2562 529 porro.
2597 471 2704 512 non
2731 453 2969 521 vincula,
2997 468 3105 509 non
3136 462 3380 509 tormen-

113 570 215 639 βοᾷ
242 567 272 620 6
310 563 638 626 Ἀπόστολος
667 577 681 591 '
712 557 890 623 οῦτως
923 561 958 630 ἡ
986 558 1271 622 τελείωσις
1317 559 1425 611 τῶν
1482 556 1695 629 μαρτύ-

114 677 227 734 ρων
255 658 537 713 ἁπάντων.
570 654 684 709 Ούκ
731 653 899 722 ὲσμὲν
938 652 1286 721 ἀγενέστεροι
1333 648 1511 702 αὐτῶν
1542 661 1556 676 ’
1593 645 1697 701 κᾶν

110 751 225 820 ἐγὼ
254 749 451 813 τάλας,
482 749 546 800 ὲκ
579 745 714 798 Θεοῦ
746 745 841 797 καὶ
863 744 1018 797 αὐτοὶ
1040 742 1409 812 ἐγεννήθημεν
1431 756 1444 770 ’
1477 740 1576 809 τὴν
1602 740 1699 791 αύ-

108 846 212 915 τὴν
245 841 460 915 μητέρα
483 842 584 909 τῆς
604 836 879 900 υἱοθεσίας
905 834 1240 904 κεκτήμεθα.
1286 834 1511 886 Ἐκεῖνοι
1536 831 1699 902 ὴθλο-

112 937 366 1006 φόρησαν
387 947 400 962 ’
438 931 534 985 καὶ
558 930 723 1001 ἡμεῖς
752 926 1036 997 ἁσχημονή
1049 942 1263 995 σομεν;’
1297 926 1555 993 γυναῖκες
1602 923 1701 978 καὶ

114 1028 282 1097 κόραι
359 1022 740 1091 ὲστέφθησαν·
802 1018 898 1071 καὶ
959 1018 1121 1086 ἡμεῖς
1187 1017 1696 1087 φιλοσαρκήσομενς

113 1121 374 1188 γέροντες
406 1114 502 1169 καὶ
536 1115 707 1184 νήπια
729 1109 1049 1179 νενικήκασι
1083 1109 1377 1178 τυράννους
1411 1109 1505 1161 καὶ
1543 1107 1697 1175 βασι·-

114 1210 377 1270 λεύοντας
407 1226 420 1238 ·
452 1206 548 1259 καὶ
574 1205 737 1275 ἡμεῖς
758 1201 1173 1271 1λιγγιάσομεν;
1212 1198 1481 1268 οὐδαμῶς.
1509 1198 1700 1266 Δῶμεν

115 1302 215 1364 τὰς
248 1298 459 1369 σάρκας
481 1297 595 1356 τοῖς
620 1292 971 1363 σαρκοφίλοις
1002 1306 1017 1320 ·
1052 1292 1086 1359 ἡ
1115 1289 1261 1360 ψυχὴ
1295 1289 1553 1357 ἄληπτος.
1596 1284 1700 1358 Μὴ

118 1391 451 1463 φοϐηθῶμεν
486 1385 628 1453 τοὺς
659 1384 1159 1455 σωματοκτόνους
1183 1398 1199 1413 ο
1231 1381 1393 1435 ἀλλὰ
1443 1379 1549 1433 τόν
1593 1378 1699 1433 δυ-

117 1484 388 1553 νάμενον
417 1478 515 1533 καὶ
548 1477 763 1547 ¹Ψυχὴν
818 1474 918 1528 καὶ
961 1473 1134 1543 σῶμα
1181 1473 1251 1526 ἐν
1302 1472 1516 1542 γεέννῃ
1549 1471 1700 1525 ἀπο-

118 1577 320 1630 λέσαι.
348 1570 529 1626 Τανῦν
563 1567 885 1637 ἀγαλλίασις
916 1565 1011 1619 καὶ
1047 1562 1304 1635 Ουμηδία.
1365 1564 1548 1631 Εἴπερ
1592 1564 1701 1632 γὰρ

120 1664 589 1737 συμπάσχομεν,
624 1659 723 1714 καὶ
747 1658 1392 1731 συνδοξασθησόμεθα.
1428 1656 1703 1730 Θρηνείτω

118 1760 149 1812 6
176 1757 448 1819 διάϐολος,
480 1755 577 1808 καὶ
605 1753 655 1805 οἱ
689 1750 854 1805 αὑτοῦ
888 1750 1161 1821 ὑπηρέται
1187 1765 1200 1778 ’
1237 1747 1398 1801 τοῦτο
1457 1748 1566 1821 γὰρ
1598 1748 1703 1801 πά-

1814 563 1889 619 ta,
1939 568 2047 609 non
2095 553 2297 622 ignem,
2331 566 2440 606 non
2491 564 2699 613 ensem,
2743 562 2852 602 non
2884 561 3105 616 aquam,
3132 561 3239 600 non
3274 547 3381 616 gla-

1798 645 1949 700 dium
1982 644 2050 697 "'.
2085 642 2175 699 Sic
2208 644 2323 712 ipsa
2360 657 2462 697 nos
2490 640 2772 709 Scriptura
2801 640 3057 713 admonet
3089 654 3103 690 :
3138 637 3218 693 sic
3238 636 3381 708 Apo-

1799 737 1971 793 stolus
2021 736 2258 790 clamat:
2286 734 2366 789 sic
2402 740 2705 802 martyrum
2744 730 2988 783 omnium
3021 745 3381 785 consumma-

1801 830 1895 883 tio.
1942 825 2061 882 Non
2114 834 2245 881 sunt
2302 825 2482 890 nobis,
2514 838 2679 894 quant
2710 821 2835 885 illis,
2868 821 3051 875 minus
3092 822 3225 876 clari
3281 838 3381 875 na-

1797 920 1955 984 tales,
1985 931 2298 988 quanquam
2355 930 2456 986 ego
2504 913 2690 968 infelix
2726 930 2741 979 ;
2773 928 2839 967 ex
2903 911 3016 966 Deo
3046 918 3100 966 et
3127 912 3228 981 ipsi
3266 913 3379 965 nati

1801 1024 1994 1065 sumus
2025 1008 2270 1062 eamdem
2298 1004 2609 1074 adoptionis
2642 1013 2869 1057 matrem
2902 1002 3102 1072 adepti.
3138 1002 3217 1056 Illi
3244 1017 3383 1072 prae-

1802 1104 1911 1156 mia
1964 1100 2199 1155 retulere
2235 1117 2247 1153 :
2290 1108 2343 1153 et
2405 1112 2509 1152 nos
2561 1097 2858 1166 degeneres
2883 1094 3090 1150 erimus
3120 1095 3144 1148 ?
3173 1094 3387 1149 feminae

1801 1210 1865 1249 ac
1892 1193 2084 1263 puellae
2110 1200 2385 1246 coronatae
2406 1198 2537 1246 sunt
2566 1208 2579 1243 :
2610 1199 2663 1243 ct
2694 1204 2794 1243 nos
2817 1188 2970 1243 carni
3003 1183 3387 1241 blandicmur?

1800 1300 1960 1341 senes
2009 1292 2063 1337 et
2122 1282 2277 1353 pueri
2321 1291 2584 1353 tyrannos
2632 1280 2814 1335 vicere
2862 1288 2917 1333 et
2962 1294 3119 1348 reges
3150 1296 3162 1331 :
3198 1289 3252 1331 et
3286 1288 3387 1333 n‘os

1801 1385 2082 1447 stupentes
2141 1375 2469 1430 hatrehimus
2501 1373 2525 1427 ἲ
2562 1373 2783 1429 Minime
2828 1387 2979 1427 vero.
3016 1370 3251 1426 Carnem
3300 1371 3388 1425 di-

1803 1469 2086 1524 mittamus
2137 1467 2223 1522 his
2253 1468 2348 1537 qui
2403 1480 2626 1522 carnem
2672 1464 3193 1536 diliguntzanimus
3243 1465 3388 1517 inte-

1802 1564 1906 1618 rim
1937 1561 2468 1633 expugnarinequit.
2529 1560 2605 1615 Ne
2631 1559 2925 1613 timeamus
2954 1574 3042 1612 eos
3099 1559 3188 1628 qui
3250 1558 3392 1611 occi-

1803 1655 1934 1709 dunt
1995 1670 2185 1724 corpus
2221 1668 2239 1706 :
2271 1652 2361 1707 sed
2404 1668 2522 1705 eum
2575 1653 2665 1720 qui
2686 1661 2855 1718 potest
2896 1652 3132 1703 animam
3175 1658 3224 1702 et
3277 1666 3395 1702 cor-

1808 1765 1904 1818 pus
1961 1748 2174 1818 perdere
2218 1747 2274 1801 in
2338 1754 2625 1817 gehennam
2664 1746 2734 1800 ⁸⁰.
2796 1744 2855 1799 ln
2927 1745 3183 1814 prasenti
3252 1743 3396 1797 lenti-

123 1864 348 1919 σχουσιν
367 1848 424 1898 ἐν
447 1846 515 1914 τῇ
539 1840 949 1910 ἀκαταπλήκτῳ
970 1839 1217 1892 ὲνστάσει
1239 1837 1348 1889 τῶν
1370 1837 1708 1907 μαρτυρούν-

1824 1842 1887 1896 tia
1924 1852 2009 1897 est
2036 1851 2090 1898 et
2128 1842 2381 1897 alacritas
2415 1860 2428 1896 :
2466 1840 2738 1912 Siquidem
2767 1840 2909 1895 enim
2944 1839 3323 1909 compatimur,
3345 1846 3397 1891 et

122 1958 253 1994 των.
287 1939 398 2008 Φὴς
427 1936 502 2008 μὴ
539 1934 741 1989 ἰδέσθαι
772 1931 994 1985 πώποτε
1019 1928 1244 2000 βασιλέα
1273 1946 1288 1961 ·
1328 1930 1460 2000 μηδὲ
1480 1928 1708 2002 ἄρχου-σι

126 2031 469 2102 παρεστάναι
504 2046 518 2060 ο
559 2025 853 2079 κάντεῦθεν
880 2041 999 2086 πως
1037 2023 1235 2093 δεδιᾷν.
1277 2022 1581 2094 Μηδαμῶς.
1635 2017 1708 2075 τΩ

127 2124 339 2194 Πάτερ,
381 2119 795 2188 καταφρόνησον
846 2114 1194 2184 ἀμφοτέρων,
1227 2116 1254 2168 ὸ
1286 2114 1524 2185 Χριστὸν
1569 2115 1708 2185 ἔχων

128 2214 506 2282 ἐνδεδυμένον.
554 2208 790 2271 Ἐκεῖνός
834 2224 893 2259 σε
939 2204 1201 2276 πτηξάτω
1227 2208 1416 2277 ὥσπερ
1450 2210 1544 2260 καὶ
1596 2207 1710 2261 δαί-

129 2327 292 2380 μονες
320 2326 337 2341 ο
378 2305 594 2369 ἄνοιξον
626 2303 717 2354 σὺν
756 2300 935 2371 στόμα
961 2300 1156 2371 παρὼν
1206 2300 1345 2371 πρὸς
1396 2301 1578 2355 αὐτόν.
1625 2303 1712 2353 Δο-

128 2402 356 2473 Θήσεται
388 2400 498 2468 γάρ
535 2413 618 2448 σοι
662 2394 819 2460 λόγος
848 2409 860 2422 ·
892 2393 1131 2465 Χριστὸς
1176 2392 1563 2463 ἐπηγγείλατο.
1619 2394 1713 2445 Ἔ-

128 2492 322 2562 λεγξον
347 2488 534 2551 αὐτὸν,
579 2487 628 2538 εί
669 2484 1038 2556 ματαιολογεί.
1073 2485 1146 2537 Οὐ
1180 2484 1270 2535 τὸν
1313 2484 1516 2553 Ἀχαόιϐ
1546 2484 1711 2554 ἤλεγ-

132 2584 221 2649 ξεν
282 2581 509 2645 Ἦλίας;
552 2578 610 2631 ού
654 2578 745 2630 τὸν
787 2576 1038 2649 Ἡρώδην
1086 2575 1379 2643 Ἰωάννης;
1415 2576 1515 2629 ούκ
1567 2575 1714 2628 ἄλλοι

128 2673 254 2735 τοὺς
301 2670 536 2735 ᾶλλους;
589 2666 678 2720 ἵνα
729 2664 807 2738 μὴ
842 2663 1232 2735 κατονομάζων
1263 2665 1607 2735 μακρολογῶ.
1658 2664 1716 2717 '0

130 2762 253 2815 τότε
291 2762 447 2823 Θεὸς,
501 2759 596 2811 καὶ
652 2756 773 2812 νῦν.
822 2756 911 2819 Ὠς
968 2756 1257 2827 ἠγάπησεν
1307 2757 1570 2821 ἐκείνους,
1622 2754 1717 2810 καὶ

130 2855 298 2924 ημᾶς.
322 2850 624 2921 Μαθητιῶν
665 2846 733 2922 ἧς
769 2852 882 2913 τοῖς
909 2850 1258 2915 ἀποστόλοις,
1293 2850 1548 2921 μάρτυσι,
1586 2866 1720 2921 προσ

136 2922 360 3016 ξρῆταις,
420 2942 724 3011 Πατράσιν,
774 2941 965 3004 ὁσίοις.
1022 2941 1082 2994 Ὀ
1111 2941 1323 3013 καρπὸς
1380 2939 1458 3010 τῷ
1521 2940 1720 3011 δένδρῳ

136 3032 528 3106 ἑξομοιούσθω,
592 3032 690 3086 καὶ
743 3033 793 3084 εί
856 3032 930 3102 μὴ
1000 3032 1146 3085 οὕτω
1222 3032 1718 3103 περιπατήσομεν’

138 3127 318 3181 σκαιοὶ
352 3127 451 3178 καὶ
484 3126 606 3195 οὐχὶ
630 3124 893 3195 μαθηταὶ,
932 3124 1052 3177 οὐδὲ
1102 3124 1230 3189 υἱοὶ,
1290 3124 1413 3176 οὐδὲ
1472 3123 1676 3194 καρποί
1704 3139 1719 3154 ·

303 3214 403 3290 τῆς
435 3178 821 3289 ἀντικειμένης
849 3178 1065 3287 μέρίδος
1089 3233 1104 3247 ο
1134 3178 1242 3269 τῶν
1270 3178 1614 3286 φιλοκόσμων
1634 3216 1721 3286 δὴ,
1748 3178 1791 3235 C

138 3312 301 3380 λέγω,
330 3310 431 3363 καὶ
463 3308 842 3378 δουλοσάρκων
864 3324 878 3338 ·
937 3298 1011 3359 ῶν
1043 3305 1141 3377 τὴν
1169 3307 1402 3377 μίμησιν
1436 3306 1725 3374 φύγοιμεν,

142 3401 503 3471 ὲπιτύχοιμεν
554 3399 612 3453 δὲ
646 3398 808 3459 Θεοῦ,
877 3396 1273 3466 τελειοφρόνως
1333 3396 1730 3466 ἀγωνιζόμενοι

144 3494 200 3545 ὲν
228 3491 455 3564 Χριστῶ
490 3486 664 3559 Ἰησοῦ
687 3487 766 3558 τῷ
798 3485 991 3557 Κυρίῳ
1021 3485 1180 3555 ἡμῶν
1238 3486 1485 3558 εἰρηκότι
1522 3503 1537 3517 ο
1581 3489 1731 3557 Θαρ-

145 3584 325 3652 σεῖτε,
355 3583 473 3654 ἐγὼ
499 3583 794 3648 νενίκηκα
832 3580 942 3633 τὸν
962 3580 1217 3646 κόσμον.

1812 1934 2422 2005 congloriﬁcabimur“.
2476 1934 2684 2006 Lugeat
2743 1932 2997 1987 diabolus
3055 1940 3111 1986 et
3161 1929 3398 1985 ministri

1812 2027 1931 2097 ejus
1967 2025 2157 2080 :hunc
2207 2027 2352 2080 enim
2392 2025 2525 2096 ipsis
2570 2025 2813 2080 dolorem
2838 2023 2982 2093 parit
3007 2022 3208 2077 invicta
3248 2036 3396 2075 mare

1813 2128 1992 2190 tyrum
2059 2118 2388 2172 constantia.
2463 2116 2756 2187 Nunquam
2818 2125 2871 2171 te
2927 2130 3109 2186 regem
3163 2116 3247 2170 ais
3302 2130 3400 2171 co-

1812 2224 1931 2262 ram
1984 2208 2267 2273 intuitum,
2318 2222 2418 2261 nec
2466 2209 2931 2277 iit-conspectum
2992 2209 3206 2261 venisse
3268 2223 3401 2276 pro-

1812 2316 2020 2364 cerum,
2050 2308 2213 2368 atque
2259 2300 2463 2353 idcirco
2507 2301 2885 2354 extimescere.
2941 2299 3119 2355 Absit.
3148 2296 3191 2353 Ο
3219 2296 3401 2364 Pater,

1816 2405 2085 2461 utrosque
2128 2407 2348 2461 sperne,
2380 2392 2472 2461 qui
2504 2392 2783 2447 Christum
2819 2392 2988 2446 habes
3028 2406 3192 2460 quem
3222 2391 3406 2445 indui‘

1814 2485 1904 2539 sti.
1937 2486 2029 2538 llle
2061 2495 2111 2538 te
2160 2486 2344 2539 timeat
2372 2486 2448 2538 uti
2472 2494 2526 2538 et
2555 2484 2851 2539 daemones.
2894 2482 3096 2539 Rescra
3127 2499 3190 2538 os
3228 2492 3403 2545 tuum,

1816 2594 1939 2634 cum
1988 2577 2130 2648 apud
2175 2578 2351 2647 ipsum
2412 2592 2597 2632 coram
2650 2591 2799 2646 ages.
2835 2575 3068 2631 Dabitur
3103 2576 3250 2632 enim
3309 2575 3406 2631 tibi

1817 2684 2045 2730 sermo;
2084 2669 2335 2723 Christus
2386 2668 2660 2736 pollicitus
2702 2677 2788 2725 est
2813 2669 2881 2725 ⁸⁸.
2938 2669 3122 2739 Argue
3175 2684 3300 2722 cum
3359 2668 3406 2723 si

1818 2760 2001 2815 inania
2063 2759 2324 2830 loquitur.
2371 2758 2492 2814 Non
2522 2760 2711 2815 Achab
2746 2760 2894 2817 Elias
2953 2760 3243 2830 coarguit?
3286 2757 3407 2814 Non

1818 2851 2086 2908 Herodem
2145 2852 2435 2909 Joannes?
2467 2870 2576 2909 non
2615 2855 2752 2910 alios
2798 2855 2933 2909 alii?
2968 2863 3027 2909 ut
3051 2869 3118 2907 ne
3158 2853 3409 2924 singulos

1822 2946 2143 3016 appellando
2175 2947 2275 3000 sim
2319 2946 2556 3016 longior.
2614 2945 2718 3012 Qui
2764 2956 2893 3001 tunc
2959 2946 3120 3010 Deus,
3154 2946 3295 3000 idem
3356 2955 3413 2999 et

1822 3051 1991 3091 nunc.
2043 3034 2111 3090 Ut
2137 3036 2259 3090 illos
2279 3038 2489 3103 dilexit,
2529 3038 2601 3091 ita
2631 3046 2684 3092 et
2716 3053 2837 3092 nos.
2868 3037 3163 3091 Alumnum
3198 3046 3251 3091 te
3286 3051 3414 3105 pro-

1823 3126 2002 3180 fessus
2054 3142 2113 3180 es
2162 3129 2559 3196 apostolorum,
2618 3139 2941 3200 martyrum,
2998 3128 3411 3199 prophetarum,

1825 3219 2081 3285 Patrum,
2136 3232 2484 3275 sanctorum.
2548 3219 2745 3273 Arbori
2801 3219 3010 3273 fructus
3063 3219 3413 3295 respondeat.

1824 3312 1941 3368 Nisi
1980 3314 2124 3367 enim
2169 3328 2267 3368 nos
2316 3313 2390 3367 ita
2438 3312 2698 3383 gerimus,
2739 3313 3034 3382 degeneres
3062 3324 3274 3373 sumus,
3299 3326 3414 3364 non

1827 3404 2101 3474 discipuli,
2156 3419 2265 3458 non
2313 3404 2431 3469 filii,
2482 3418 2593 3457 non
2629 3401 2844 3458 fructus
2875 3421 2888 3456 :
2918 3401 3011 3457 sed
3044 3403 3097 3456 in
3139 3402 3418 3457 contraria

1828 3504 1983 3563 parte
2039 3510 2255 3560 sumus,
2292 3509 2480 3549 eorum
2531 3493 2676 3557 dico,
2707 3493 2800 3562 qui
2856 3493 3121 3547 mundum
3161 3491 3415 3561 diligunt,

1831 3585 1926 3653 qui
1969 3586 2117 3641 carni
2147 3585 2393 3641 serviunt
2427 3603 2440 3638 :
2476 3599 2710 3654 quorum
2746 3584 2994 3655 exempla
3025 3583 3321 3654 fugiamus,
3360 3593 3420 3636 ttt

148 3679 255 3738 frui
312 3678 429 3732 Deo
474 3674 775 3744 possimus;
808 3671 958 3726 omni
989 3686 1090 3740 ope
1118 3678 1390 3725 certantes
1415 3671 1469 3725 in
1509 3669 1734 3725 Christo
1802 3671 1932 3732 Jesu
1987 3678 2216 3734 Domino
2281 3688 2488 3741 nostro,
2524 3677 2616 3748 qui
2659 3676 3147 3746 dixit:Conﬁdile,
3187 3691 3282 3745 ego
3320 3676 3424 3732 οἱοί

150 3772 408 3825 mundum
437 3768 507 3822 ⁸³.

150 3883 264 3936 ΚΘ.
299 3911 369 3923 ——
402 3875 655 3949 Μεγαλῷ
704 3876 805 3931 καί
851 3876 1054 3944 Μαρίᾳ
1089 3873 1514 3945 μοναζούσαις.
1554 3876 1733 3949 [σνο’.]

1949 3877 2144 3933 XXIX.
2186 3908 2256 3918 --
2290 3877 2555 3950 Μαραιοηὶ
2581 3887 2630 3935 ει
2672 3877 2866 3936 Maria:
2918 3879 3256 3937 monialibus.
3297 3888 3313 3906 '

1510 3994 1565 4043 In
1599 3994 1734 4044 obitu
1773 3994 2040 4055 praepositi.

218 4109 292 4161 T6
319 4106 559 4178 γράμμα
585 4102 739 4174 ὑμῶν
768 4103 950 4173 τίμιον
979 4117 994 4131 ·
1036 4102 1129 4154 καὶ
1167 4103 1199 4171 ἡ
1228 4105 1571 4175 προσηγορία
1602 4122 1724 4157 συν.

155 4202 287 4273 ετήο
340 4203 375 4271 ἡ
428 4199 487 4252 δὲ
552 4196 807 4265 ἀγγελία,
848 4195 900 4247 τί
940 4192 1109 4259 είπω;
1155 4195 1410 4266 ὀδυνηρά,
1472 4196 1504 4265 ἢ
1562 4215 1730 4268 χαρο-

1905 4106 2245 4160 Venerabilis
2301 4103 2533 4173 epistola
2597 4115 2802 4169 vestra,
2859 4106 3081 4161 cordata
3122 4107 3416 4165 salutatio:

1834 4200 2056 4256 nuntius
2088 4212 2234 4255 vero.
2261 4196 2388 4264 quid
2417 4195 2592 4251 dicam
2616 4196 2638 4247 ?
2682 4196 2946 4263 plenusne
2968 4198 3170 4264 luctus,
3197 4216 3265 4255 an
3290 4219 3425 4272 gau-

154 4293 333 4356 ποιός;
394 4292 453 4345 'o
486 4289 616 4359 ὲμδς
673 4288 863 4358 Πατὴρ
916 4286 1274 4357 ἐξεδήμησενν
1330 4292 1357 4340 ὁ
1398 4290 1721 4361 ὁμολογητὴς

1838 4294 1912 4347 dii
1939 4292 1961 4345 ?
1992 4290 2151 4344 Pater
2178 4303 2334 4343 meus
2372 4289 2604 4343 excessit
2625 4304 2655 4343 e
2685 4289 2845 4353 vivis,
2880 4291 3083 4348 Christi
3115 4294 3421 4362 confessor,

155 4385 412 4457 Χριστοῦ,
439 4387 469 4438 6
497 4384 751 4453 δεύτερος
820 4380 964 4444 Ἰὼϐ,
1019 4381 1081 4434 τὸ
1140 4371 1579 4453 ’ἒγκαλλώπισμα
1623 4384 1721 4437 τῶι

1834 4385 1935 4441 Job
1954 4384 2109 4446 alter,
2133 4382 2300 4436 decus
2323 4381 2740 4445 monachorum,
2765 4384 3052 4439 charitatis
3081 4387 3423 4449 conciliator.

159 4476 461 4547 μοναστῶν,
486 4477 515 4527 6
534 4475 632 4543 τῆς
655 4474 877 4543 ἀγάπης
898 4475 1105 4542 Δημιου
1117 4473 1269 4543 ργὸς,
1291 4472 1319 4524 ὀ
1342 4473 1740 4543 παντοφίλητος

156 4568 314 4639 ἀνὴρ,
345 4568 375 4620 6
397 4566 495 4620 τοῦ
519 4564 658 4618 Θεοῦ
685 4565 992 4636 ἄνθρωπος,
1020 4566 1049 4617 ὁ
1078 4563 1421 4635 πολύδακρυς
1438 4564 1737 4635 ὀφθαλμὸς,

156 4656 185 4708 6
219 4654 526 4725 φιλομαθὴς
552 4652 699 4717 νοῦς,
731 4655 759 4706 6
789 4652 913 4724 Θείᾳ
953 4651 1155 4721 γνώσει
1190 4654 1680 4725 πεπλουτισμένος,
1713 4654 1742 4707 6

158 4748 321 4810 πολὺς
359 4747 419 4798 ὲν
451 4745 952 4816 ταπεινοφροσύνῃ,
982 4744 1077 4798 καὶ
1107 4745 1398 4810 πολλοστὸς
1415 4749 1475 4799 ὲν
1506 4747 1740 4814 συνέσει,

159 4840 187 4891 6
222 4836 528 4908 περιφανὴς
575 4836 684 4908 πρὸ
710 4840 1015 4907 σχήματος,
1052 4837 1146 4889 καὶ
1182 4838 1322 4906 μετὰ
1374 4839 1475 4910 τὴν
1520 4857 1744 4910 μοναχι-

161 4929 259 4997 κὴν
279 4926 566 4980 τελείωσιν
603 4926 928 4997 ὑπέρτερος.
973 4925 1032 4978 '0
1066 4925 1241 4989 δεθεὶς
1259 4928 1317 4980 ἐν
1349 4928 1539 4999 ἀγάπῃ
1567 4927 1703 4981 Θεοῦ
1726 4943 1741 4957 ·

162 5015 459 5069 κάντεῦθεν
499 5016 742 5085 μισήσας
775 5016 980 5085 κόσμον
1002 5032 1016 5045 ’
1049 5014 1175 5078 δούς
1216 5032 1274 5068 τε
1308 5021 1510 5086 προῖκα
1562 5019 1743 5072 πάντα

164 5108 382 5179 Χριστῷ
402 5105 698 5162 πολύολϐον
735 5108 925 5162 οὐσίαν
967 5124 980 5137 ·
1022 5102 1144 5161 εἶτα
1199 5108 1537 5179 διαζευχοεὶς
1585 5126 1742 5178 περι-

165 5194 314 5261 δόξου
342 5198 644 5270 ὁμοζύγου,
675 5200 868 5266 γένους
896 5216 956 5252 τε
1003 5198 1100 5252 καὶ
1124 5199 1294 5265 φίλων
1324 5202 1417 5252 καὶ
1452 5201 1699 5268 συνήθων
1730 5216 1743 5230 ·

167 5289 194 5339 6
245 5288 653 5353 καταλελοιπὼς
713 5291 996 5362 περίγειον
1052 5289 1292 5360 ἀξίωμα,
1344 5287 1512 5356 οἷκον,
1569 5292 1746 5357 πόλιν,

171 5386 426 5457 πατρίδα,
476 5388 572 5442 καὶ
612 5388 783 5442 ταῦτα
810 5390 870 5441 ἐν
909 5386 1239 5459 ἀκμαζούσῃ
1281 5384 1471 5456 ἡλικίᾳ
1502 5401 1515 5413 ·
1549 5384 1749 5455 εὐπρε-

330 5497 390 5532 τε
431 5480 728 5551 προσώπου
774 5484 867 5535 καὶ
922 5481 1047 5551 ὕψει
1077 5478 1331 5549 ἡλικίαςο
1382 5477 1663 5548 εὐσθενείᾳ
1689 5493 1748 5528 τε

175 5568 445 5640 σώματος,
481 5570 579 5624 καὶ
601 5570 1153 5643 ἀμφοτεροδεξιότητι
1177 5570 1418 5640 τρόπων,
1448 5567 1656 5635 νοητῶν
1691 5584 1750 5619 τε

176 5662 267 5714 καὶ
289 5663 503 5734 ὁρατῶν
535 5677 550 5692 ⁸
588 5665 682 5718 καὶ
704 5665 876 5719 πλείω
907 5663 1116 5718 τούτων
1151 5662 1216 5716 ἄν
1240 5680 1323 5726 τις
1353 5660 1545 5726 εἰπὼν,
1576 5660 1754 5726 ,ἐλάτ-

246 5798 289 5830 δ’
327 5798 484 5854 Rom.
516 5814 630 5865 vnt,
663 5801 748 5871 55.

1836 4478 1923 4530 vir
1978 4472 2239 4528 omnibus
2278 4471 2500 4534 charus,
2532 4472 2698 4525 homo
2758 4472 2875 4539 Dei,
2900 4475 2987 4529 cui
3017 4485 3280 4545 perpetuo
3313 4494 3427 4531 ma-

1839 4568 1975 4622 dens
2007 4564 2205 4620 oculus
2236 4563 2515 4633 lacrymis,
2570 4579 2724 4618 mens
2756 4565 2999 4619 discendi
3035 4568 3254 4637 cupida,
3285 4571 3427 4623 divi-

1842 4660 1928 4715 nis
1992 4656 2259 4712 doctrinis
2325 4658 2590 4727 locuples,
2655 4656 2709 4710 in
2778 4656 3085 4712 humilitate
3146 4661 3424 4725 assiduus,

1843 4749 2094 4817 idemque
2138 4746 2473 4817 perspicacia
2530 4746 2699 4799 animi
2754 4746 3008 4817 inclytus,
3050 4758 3177 4804 ante
3207 4764 3425 4805 sacrum

1844 4840 2088 4893 habitum
2132 4839 2489 4908 conspicuus,
2523 4846 2576 4891 et
2599 4838 2739 4891 idem
2763 4846 2885 4905 post
2911 4841 3271 4894 monasticam
3303 4858 3426 4911 per-

1845 4930 2130 4985 fectionem
2166 4929 2324 4999 longe
2361 4928 2727 4997 praestantior.
2790 4927 2885 4982 Ille
2922 4924 3012 4981 Dei
3044 4928 3306 4982 charitate
3336 4930 3431 4984 de-

1844 5021 2078 5085 vinctus,
2130 5035 2196 5072 ac
2247 5018 2443 5072 deinde
2491 5017 2753 5071 mundum
2807 5032 3030 5079 exosus,
3085 5019 3432 5087 gratuitnquc

1847 5127 2074 5167 munere
2123 5109 2410 5164 facultates
2478 5122 2689 5173 omnes,
2742 5124 2865 5163 cum
2935 5108 3199 5177 praedives
3264 5121 3430 5172 esset,

1847 5203 2068 5258 Christo
2120 5201 2384 5270 clargitus
2416 5216 2431 5252 ι
2465 5214 2591 5253 mox
2648 5199 2934 5268 seiunctus
2996 5208 3079 5253 est
3134 5200 3204 5253 ab
3236 5199 3433 5257 illustri

1849 5294 2099 5365 conjuge,
2134 5310 2165 5347 a
2193 5291 2439 5359 cognatis
2465 5298 2517 5344 et
2541 5289 2733 5344 amicis
2762 5298 2817 5344 et
2842 5288 3203 5345 familiaribus
3234 5307 3247 5343 :
3280 5290 3435 5347 abdi-

1851 5397 1973 5441 cato
2026 5385 2273 5439 terrestri
2331 5382 2676 5451 magistratu,
2735 5382 2922 5435 relicta
2965 5381 3151 5443 domo,
3193 5382 3435 5447 civitate,

1854 5475 2028 5544 patria
2065 5491 2080 5539 ;
2116 5482 2171 5527 et
2200 5474 2314 5527 haec
2347 5472 2399 5524 in
2456 5470 2674 5525 ﬂorenti
2703 5479 2860 5525 atate
2893 5490 2906 5525 :
2939 5472 3052 5526 oris
3086 5471 3261 5526 forma
3309 5489 3439 5542 per-

1854 5568 2121 5635 clegante,
2167 5562 2425 5619 eminenti
2456 5572 2687 5626 statura,
2728 5554 3199 5631 optima'corporis
3228 5563 3440 5619 valetu-

1855 5660 2014 5724 dine,
2064 5668 2299 5728 utroque
2349 5654 2570 5710 laudum
2633 5670 2831 5723 genere
2884 5655 3174 5725 praeditus,
3204 5665 3259 5713 et
3320 5671 3443 5727 quae

847 5802 891 5835 "'
914 5800 1102 5858 Matth.
1140 5816 1230 5865 xx,
1258 5798 1349 5853 ‘28.
1427 5800 1468 5830 '”
1516 5798 1674 5854 Rom.
1701 5811 1782 5862 ttt,
1819 5794 1903 5848 l7.
1980 5796 2023 5827 “
2057 5792 2245 5849 Matth.
2289 5809 2341 5859 κ,
2375 5792 2461 5848 19.
2537 5790 2765 5845 "Joau.
2803 5806 2874 5861 Vt,
2910 5791 3000 5846 33.
