3990 6318
546 310 680 377 1199
1742 319 1800 377 S.
1834 310 2229 376 THEODORI
2267 309 2615 371 STUDIT/E
3707 302 3853 365 1200

544 430 729 482 animo
788 424 1162 491 continentur,
1189 438 1243 483 et
1275 445 1396 499 quae
1432 430 1722 486 incurrunt
1752 432 1807 488 in
1831 433 2020 488 oculos
2046 451 2059 487 :
2082 440 2136 487 et

2257 446 2343 482 των
2372 427 2518 480 ἔλθοι
2574 426 2675 497 τῆς
2717 422 2812 479 τοῦ
2873 426 3064 497 ἀνδρὸς
3119 425 3342 495 ἀρετῆς.
3379 417 3558 486 Οὗτος
3626 420 3836 492 ᾤχετο,

544 516 589 572 si
622 517 749 587 quis
804 518 960 588 plura
996 518 1217 583 dixerit,
1270 536 1377 574 non
1413 521 1459 575 is
1508 531 1687 577 tamen
1720 524 1827 580 viri
1878 528 2134 580 virtutem

2257 518 2435 589 ὶνῆλθε
2468 518 2606 589 πρὸς
2632 518 2856 589 Κύριον.
2878 519 2986 571 Ποῦ
3006 518 3101 571 καὶ
3126 517 3275 581 πῶςς
3298 516 3490 588 ἀρθεὶς
3514 514 3703 586 φόρτᾳ
3718 518 3843 583 (sit)

544 611 796 666 oratione
816 619 1207 680 consequatur.
1240 610 1385 668 Vixit
1414 614 1526 678 ille,
1551 617 1617 668 ad
1641 615 1936 672 Dominum
1965 615 2132 671 abiit:

2266 629 2299 665 κ
2325 610 2423 681 τῆς
2457 612 2697 682 ποίμνης
2742 611 2829 665 διά
2867 612 2965 682 τὴν
2990 609 3270 665 δύσοιστον
3319 616 3480 663 νόσον
3512 626 3529 641 υ
3587 608 3841 679 φυλακι-

547 702 639 756 ubi
666 710 871 765 autem,
898 710 953 756 et
988 718 1097 771 quo
1132 704 1337 773 pacto?
1364 703 1598 776 Ereptus
1647 707 1957 777 importune
1986 706 2135 779 gregi

2257 702 2387 767 πθεὶς
2432 704 2492 756 ὲν
2541 703 2699 758 ἄστει
2732 697 2927 768 ⁸ἄλλοις
2974 704 3069 759 δύο
3113 702 3379 757 ἔτεσικαὶ
3405 702 3582 771 πρός·
3623 700 3832 754 ἔπειτα

546 794 619 847 ob
655 793 906 848 morbum
937 792 1209 849 difficilem
1247 812 1262 859 ;
1295 796 1538 853 inclusus
1565 812 1785 854 carcere
1838 800 1892 855 in
1920 800 2137 856 civitate

2266 794 2539 866 ξορισθεὶς
2583 797 2642 848 ὲν
2688 798 2838 867 νήσῳ
2883 796 2993 849 τινε
3026 813 3040 827 ·
3092 798 3319 850 κάκεῖσε
3364 795 3683 858 τελειώσας
3746 798 3838 847 τὸν

548 887 707 940 annis
739 885 953 942 duobus
978 887 1098 941 aliis
1125 897 1180 942 et
1201 902 1267 942 eo
1312 889 1547 960 amplius
1587 909 1599 945 :
1642 892 1838 948 deinde
1868 893 1922 947 in
1945 907 2138 962 quam-

548 978 673 1031 dam
699 976 982 1047 ablegatus
1006 978 1264 1043 insulam,
1301 981 1413 1050 ubi,
1448 983 1541 1052 qui
1564 982 1936 1040 confessorem
1959 984 2135 1050 decet,

550 1082 648 1138 pro
678 1067 897 1122 Christo
917 1083 1138 1123 cursum
1161 1072 1583 1125 consummavit.

621 1158 743 1213 Non
774 1158 939 1228 igitur
986 1158 1121 1213 mihi
1155 1175 1447 1216 mterorem
1506 1163 1595 1217 hic
1637 1177 1799 1219 casus
1838 1162 2016 1229 aﬂert,
2044 1164 2138 1219 sed

552 1249 795 1305 laetitiam
824 1249 1176 1320 singularem.
1231 1251 1349 1307 Non
1382 1254 1474 1309 ille
1513 1264 1597 1310 est
1648 1265 1918 1317 mortuus,
1948 1256 2040 1310 sed
2084 1255 2141 1310 in

555 1342 940 1413 sempiternam
991 1345 1156 1397 vitam
1194 1346 1448 1415 migravit
1480 1367 1493 1401 :
1532 1363 1639 1401 non
1700 1347 1845 1403 hunc
1882 1358 2024 1403 terra
2066 1356 2143 1403 te—

556 1435 652 1506 git.
685 1436 779 1491 sed
824 1435 1023 1489 coelum
1060 1436 1425 1505 amplectitur.
1465 1438 1691 1509 Excepit
1735 1440 1883 1495 hunc
1921 1438 2141 1495 confes-

556 1543 744 1583 sorum
807 1529 1034 1590 chorus.
1087 1541 1265 1588 coetus
1317 1543 1622 1589 ascetarttm
1654 1554 1667 1589 :
1700 1536 1794 1591 ubi
1842 1537 1938 1593 lux
1988 1550 2140 1599 vera,

555 1618 651 1674 ubi
688 1620 847 1674 beata
886 1621 1125 1690 requies,
1157 1633 1381 1693 prapter
1432 1640 1596 1694 quant
1624 1625 2029 1694 adipiscendam
2061 1627 2142 1680 la-

2233 885 2630 958 ὁμολογητικδν
2665 886 2869 959 δρόμον
2904 887 3049 959 ὑπὲρ
3081 887 3345 959 Χριστοῦ.

2309 1157 2425 1212 Οὐκ
2447 1157 2711 1229 ὀδυνηρόν
2749 1176 2836 1228 μοι
2864 1176 2958 1212 ουν
2996 1157 3058 1211 τὸ
3084 1157 3259 1217 πάθος
3282 1173 3297 1189 ⁸
3345 1156 3483 1211 ἀλλά
3538 1156 3639 1210 καὶ
3708 1156 3833 1211 λίαν

2241 1250 2538 1324 περιχαρές
2574 1265 2590 1282 ο
2625 1250 2686 1301 ού
2719 1248 2984 1320 τέθνηκεν
3022 1263 3037 1281 ⁸
3078 1248 3215 1304 ἀλλά
3280 1251 3518 1321 μετέστη
3564 1251 3652 1314 εἰς
3696 1251 3830 1303 αιώο

2240 1361 2354 1399 νιον
2381 1344 2527 1414 ζωήν
2550 1356 2563 1370 ·
2587 1341 2648 1395 ού
2686 1341 2757 1412 γῆ
2801 1340 2965 1394 αὑτὸν
2988 1341 3260 1412 ἐκάλυψεν
3285 1356 3300 1371 ·
3327 1342 3445 1395 ἀλλ’
3464 1342 3703 1413 οὐρανὸς
3730 1343 3833 1395 ὑπ’

2240 1436 2479 1500 εδέξατο.
2545 1433 2847 1488 Ὑπέλαϐεν
2898 1435 3060 1489 αὑτὸν
3112 1437 3145 1507 ή
3199 1436 3551 1506 ὁμολογητῶν
3607 1437 3825 1507 χορεία.

2242 1531 2277 1600 ἠ
2306 1527 2565 1599 ἀσκητῶν
2620 1528 2925 1599 ὁμοσκηνία
2955 1542 2968 1556 ·
3011 1524 3147 1582 ὅπου
3186 1528 3249 1582 τὸ
3286 1528 3402 1598 φῶς
3445 1528 3505 1581 τὸ
3541 1528 3824 1599 ἀληθινὸν,

2243 1618 2372 1671 ἔνθα
2410 1621 2465 1673 αἱ
2499 1618 2770 1691 μακάριαι
2799 1618 3159 1684 ἀναπαύσεις,
3184 1619 3300 1673 ἀνθ’
3324 1613 3399 1673 ὧν
3424 1620 3602 1674 εἵλετο
3636 1620 3827 1673 κόπων

555 1713 715 1767 bores
741 1727 806 1766 ac
829 1713 1109 1768 molestias
1138 1715 1282 1769 ultro
1316 1715 1370 1770 in
1397 1732 1563 1773 carne
1604 1717 1795 1784 subiit,
1828 1726 2139 1772 ascetarum

2257 1710 2338 1762 ιιαί
2366 1710 2544 1762 πόνων
2560 1709 2618 1762 ὲν
2642 1709 2807 1780 σαρκὶ
2836 1709 3151 1779 ἀσκητικῶς
3178 1727 3237 1763 τε
3263 1710 3361 1763 καὶ
3385 1712 3824 1779 ὁμολογητικῶς.

556 1800 1044 1875 confessorumque
1079 1806 1207 1860 ritu.
1249 1805 1405 1863 Nunc
1440 1809 1573 1861 mihi
1623 1810 1884 1866 solemnis
1918 1811 2020 1865 iste
2060 1808 2141 1864 fe-

2257 1802 2359 1854 Νῦν
2400 1818 2491 1873 μοι
2522 1802 2852 1873 πανήγυρις,
2872 1801 3053 1872 ἑορτὴ,
3074 1801 3312 1872 θυμηδία
3344 1818 3358 1833 ·
3400 1803 3535 1857 ἀλλά
3556 1805 3684 1875 [μὴν
3733 1804 3829 1857 καὶ

554 1904 785 1965 stusque
817 1897 957 1965 dies,
985 1913 1134 1953 nunc
1179 1900 1351 1954 animi
1381 1901 1573 1969 ingens
1601 1902 1890 1958 oblectatio
1913 1913 2017 1967 est,
2045 1903 2142 1957 sed

556 1994 613 2040 et
640 1987 963 2043 orthodoxis
992 1991 1271 2054 omnibus,
1314 1992 1462 2063 quod
1519 1991 1824 2063 adiutorem
1858 1993 1924 2048 ad
1972 1992 2141 2047 Deum

556 2078 932 2146 transmisere,
961 2081 1055 2151 qui
1088 2083 1276 2136 eodem
1296 2084 1461 2138 modo
1515 2093 1677 2155 atque
1706 2096 1973 2157 martyres
2008 2085 2134 2140 hac-

557 2179 718 2225 tenus
779 2185 976 2227 cursus
1011 2173 1266 2229 absolvit.
1326 2175 1566 2231 Laetetur
1592 2177 1856 2235 Ecclesia.
1888 2178 2031 2250 Quod
2060 2194 2146 2232 cu-

558 2262 776 2317 lumnas
825 2264 1006 2318 adhuc
1068 2265 1456 2321 babet:sacer
1509 2270 1643 2323 ordo
1696 2271 1954 2335 exsultet,
2003 2271 2143 2339 quod

553 2355 727 2409 stellae
758 2355 809 2409 in
846 2357 1051 2411 mundo
1104 2374 1328 2413 rursum
1362 2360 1633 2425 oriuntur,
1660 2376 1783 2429 qua:
1832 2362 1899 2414 iis
1951 2362 2042 2431 qui
2091 2363 2145 2413 in

557 2444 801 2499 tenebris
854 2446 1126 2501 haereseos
1150 2456 1436 2502 versantur
1457 2449 1633 2504 lucem
1661 2450 1972 2504 ostendant.
2014 2452 2097 2503 Oh
2129 2452 2142 2503 ε

555 2534 739 2601 Pater,
784 2534 986 2591 Pater!
1018 2552 1183 2607 quam
1220 2540 1471 2608 egregius
1524 2555 1721 2595 cursus
1745 2541 1835 2596 ille
1864 2552 1993 2597 tuus
2020 2543 2144 2597 est!

555 2640 721 2695 quam
751 2636 1001 2682 sanctum
1027 2639 1441 2685 monumentum
1472 2637 1625 2685 tuum
1652 2632 1668 2685 '_
1695 2647 1856 2702 quam
1889 2634 2043 2689 beata
2072 2649 2151 2689 re.

558 2718 806 2773 cordatio
840 2720 917 2773 tui
954 2721 967 2775 !
1006 2719 1178 2778 Totus
1218 2733 1274 2779 tu
1304 2726 1649 2796 splendidus.
1694 2725 1920 2795 pulcher
1983 2737 2147 2784 totus.

556 2808 693 2877 Quis
723 2818 776 2864 te
807 2810 1039 2867 intuitus
1065 2828 1172 2868 non
1198 2815 1387 2872 dilexit
1415 2816 1438 2869 ?
1468 2816 1605 2883 Quis
1653 2816 1753 2871 tibi
1793 2817 1987 2870 obvius
2028 2833 2140 2871 non

555 2898 819 2955 delinitus
849 2911 933 2955 est
962 2900 985 2954 Y
1021 2902 1375 2959 Consuetudo
1403 2914 1498 2960 tua
1527 2906 1809 2975 optabilis.
1859 2906 2037 2959 virtus
2063 2921 2155 2960 ex-

556 2990 769 3060 plorata
808 3010 824 3058 ;
862 2994 994 3062 quid
1044 2996 1319 3065 reliquum
1368 2998 1496 3052 est?
1538 2998 1811 3053 Memento
1858 3008 1971 3053 tum
2032 3013 2154 3068 gre-

2242 1895 2410 1947 πᾶσιν
2435 1892 2759 1964 ὀρθοδόξοις,
2796 1894 3110 1966 προστάτην
3134 1895 3215 1957 εὶς
3238 1894 3371 1948 Θεὸν
3414 1896 3830 1966 παραπέμψασι

2245 1986 2545 2057 σύνδρομον
2595 1984 2703 2038 τῶν
2776 1986 3204 2056 προδραμόντων
3261 1988 3561 2060 μαρτύρων
3630 1989 3827 2046 τανῦν.

2257 2075 2634 2143 Ἀγαλλιάσθω
2665 2078 2696 2145 ἡ
2738 2076 3058 2144 Ἐκκλησία,
3094 2080 3175 2129 ὅτι
3214 2077 3436 2142 στύλους
3465 2080 3548 2132 ἑτι
3603 2083 3828 2134 κτᾶται·

2244 2167 2626 2240 εὐφραινέσθω
2663 2168 2691 2219 ὁ
2752 2170 2893 2240 ἱερὸς
2924 2170 3108 2233 θίασος
3134 2211 3148 2233 ,
3194 2171 3279 2223 ὅτι
3326 2172 3615 2244 φωστῆρες
3642 2173 3704 2226 ὲν
3735 2174 3828 2238 χό-

2248 2277 2371 2331 σμῳ
2402 2260 2570 2313 πάλιν
2598 2259 2881 2329 ἀνίσχουσι
2912 2262 3365 2333 φρυκτωροῦντες
3396 2264 3523 2328 τοὺς
3560 2267 3622 2317 ὲν
3646 2266 3831 2319 σκότει

2246 2353 2346 2422 τῆς
2371 2353 2658 2425 αἱρέσεως.
2679 2353 2742 2405 Ὠ
2766 2354 2778 2406 ι
2805 2347 2850 2405 ὦ
2877 2353 3079 2423 Πάτερ,
3113 2355 3295 2428 Πάτερ
3316 2395 3332 2421 ,
3366 2355 3443 2420 ὡς
3476 2357 3648 2422 καλός
3689 2375 3779 2413 σου
3803 2360 3834 2414 6

2246 2442 2481 2514 δρόμοςε
2519 2442 2597 2506 ὡς
2622 2444 2769 2495 ὅσιον
2788 2442 2846 2495 τὸ
2878 2443 3224 2513 μνημόσυνόν
3270 2447 3399 2497 σουῑ
3442 2445 3518 2509 ὡς
3558 2450 3834 2519 μακάριον

2248 2537 2311 2590 τὸ
2341 2535 2641 2605 ὑπόμνημά
2685 2536 2813 2588 σουί
2871 2534 2997 2598 ὅλος
3049 2537 3113 2588 σὺ
3145 2535 3388 2607 φαιδρὸς,
3445 2538 3567 2602 ὅλος
3594 2544 3831 2610 χαρὶεις.

2250 2627 2347 2690 Τίς
2383 2643 2442 2678 σε
2480 2626 2607 2678 ῐδὼν
2630 2626 2730 2678 οὐκ
2759 2627 3053 2695 ἡγάπηκες
3098 2626 3181 2688 τίς
3219 2626 3275 2680 δὲ
3304 2629 3582 2698 συντυχὼν
3630 2630 3694 2684 οὐ
3744 2650 3834 2700 γε-

2251 2717 2591 2787 γλύκανται;
2628 2717 2693 2770 Ἡ
2724 2718 2983 2771 συνουσία
3011 2735 3104 2771 σου
3136 2719 3302 2788 ὲιρετή
3327 2735 3342 2750 ·
3374 2724 3407 2791 η
3437 2722 3609 2794 ἀρετὴ
3635 2740 3837 2795 mles-

2256 2811 2438 2879 στική.
2469 2808 2617 2862 ΤΓτὸ
2649 2806 2866 2876 λοιπὸν;
2900 2811 3168 2882 Μέμνησο
3202 2812 3277 2876 ὼς
3314 2817 3413 2883 τῆς
3440 2816 3683 2887 ποίμνης
3720 2836 3834 2885 σου,

2254 2901 2435 2969 κάμοῦ
2472 2899 2567 2955 τοῦ
2602 2901 2697 2955 σοῦ
2738 2902 2876 2967 υἱοῦ,
2914 2904 3018 2956 κᾶν
3042 2904 3330 2975 ἐλαχίστου
3356 2908 3449 2959 καὶ
3472 2909 3835 2981 ἐρριμμένου.

2255 2992 2418 3059 Οἶδας
2438 2995 2528 3047 τὸν
2553 2994 2717 3047 πόθον
2745 3012 2840 3049 σου
2868 2995 2960 3049 τὸν
2986 2998 3044 3050 ἐν
3074 2998 3232 3068 ἐμοί·
3262 2998 3338 3059 ὼς
3367 2998 3523 3067 κάγὼ
3556 3002 3647 3054 τὸν
3673 3004 3733 3057 ἐν
3759 3007 3842 3057 σοὶ

557 3085 643 3153 gis
702 3086 804 3149 tui,
834 3098 945 3141 tum
996 3090 1101 3144 mei
1156 3092 1352 3160 ipsius,
1400 3091 1495 3145 filii
1539 3092 1637 3157 tui,
1686 3108 1996 3161 quanquam
2049 3092 2148 3146 mi-

2257 3085 2410 3154 ἐμοῦ.
2443 3086 2719 3156 Βοήθησον
2748 3087 2811 3161 [Γ.
2839 3089 3067 3162 Βὸησον]
3104 3090 3245 3161 ὑπὲρ
3278 3091 3457 3160 πάσης
3484 3092 3583 3161 τῆς
3610 3093 3845 3167 Ἐκκλη-

560 3175 696 3231 nimi
723 3180 940 3246 quidem
975 3196 1040 3237 ac
1063 3182 1207 3238 vilis.
1236 3181 1356 3248 Quo
1389 3196 1492 3251 ego
1528 3190 1580 3236 te
1603 3196 1906 3251 prosequar
1937 3196 2145 3244 amore,

562 3279 705 3332 nosti
733 3295 747 3331 :
777 3287 831 3333 et
860 3292 971 3346 quo
996 3285 1053 3331 tu
1079 3292 1184 3341 me,
1222 3275 1369 3329 novi.
1426 3274 1529 3329 Fer
1565 3274 1664 3329 toti
1731 3272 1989 3328 Ecclesiae
2023 3289 2152 3343 sup-

562 3367 739 3437 petias
784 3366 927 3436 apud
956 3365 1271 3420 Dominum.
1311 3365 1418 3419 Pro
1459 3382 1545 3420 me
1578 3366 1781 3420 misero
1829 3366 2149 3434 deprecare,

564 3467 624 3512 ut
653 3458 837 3513 statim
870 3474 934 3514 ac
983 3469 1035 3513 te
1059 3459 1297 3521 veniam,
1344 3473 1453 3528 quo
1494 3473 1645 3513 more
1680 3458 1821 3513 diem
1880 3457 2152 3512 clausisti.

565 3549 690 3605 llaec
719 3550 938 3620 quidem
983 3566 1100 3605 mea
1124 3561 1207 3606 est
1233 3551 1377 3620 apud
1401 3565 1750 3605 communem
1793 3548 2006 3602 Patrem
2032 3564 2157 3603 ora-

2251 3179 2378 3242 σιας
2407 3178 2542 3245 πρὸς
2570 3180 2797 3250 Κύριονο
2826 3182 3045 3253 δεήθητι
3069 3184 3161 3237 καὶ
3186 3184 3315 3253 περὶ
3342 3182 3480 3254 ἐμοῦ
3503 3185 3600 3237 τοῦ
3616 3189 3843 3260 οἰκτροῦ

2250 3270 2405 3340 τάχει
2432 3268 2607 3323 ἐλθεῖν
2637 3271 2775 3341 πρὸς
2808 3272 2889 3335 σὲ,
2923 3275 2979 3325 ἐν
3000 3267 3043 3341 ᾧ
3062 3274 3247 3346 τρόπῳ
3276 3275 3646 3331 τετελείωσαι.
3666 3274 3847 3335 Δῦται

2256 3363 2355 3433 μέν
2389 3380 2479 3433 μοι
2510 3364 2567 3417 αἱ
2600 3365 2774 3433 φωναὶ
2806 3366 2943 3436 πρὸς
2972 3367 3062 3418 τὸν
3092 3369 3270 3422 κοινὸν
3292 3369 3535 3441 Πατέρα.
3577 3369 3759 3441 ’Υμᾶς
3789 3376 3849 3429 δὲ

2255 3455 2583 3526 παρακαλῶ,
2627 3455 2705 3527 μὴ
2730 3457 3024 3528 προδοῦναι
3056 3460 3156 3529 τὴν
3196 3461 3381 3515 πίστιν
3403 3480 3417 3495 ’
3453 3464 3622 3527 ὁσίως
3668 3464 3845 3535 βιοῦν,

2255 3546 2331 3608 ὡς
2352 3547 2559 3600 ἐκείνου
2582 3545 2761 3610 οὖσαι,
2790 3549 2997 3622 θατέρα
3023 3551 3261 3625 Θατέρας
3282 3571 3295 3586 ο
3330 3558 3363 3628 ὴ
3386 3555 3491 3627 μὲν
3526 3557 3807 3629 ὁμόζυγος
3831 3581 3847 3595 ’

567 3644 667 3698 tio.
720 3643 832 3699 Vos
884 3659 1016 3699 vero
1075 3643 1359 3707 adhortor,
1416 3659 1486 3698 ne
1552 3643 1713 3697 fidem
1774 3641 2064 3712 prodatis:
2100 3651 2148 3693 ut

2257 3639 2286 3708 ἡ
2322 3638 2379 3691 δὲ
2402 3640 2503 3708 τῆς
2541 3642 2817 3710 ὁμοζύγου
2848 3645 3105 3714 ὁμαίμων
3134 3662 3149 3677 ο
3183 3649 3259 3710 ὡς
3299 3647 3367 3702 ἂν
3402 3651 3505 3703 σὺν
3538 3650 3851 3724 ὲκείνῳδό..

565 3747 756 3792 sancte
813 3738 1034 3801 vivatis,
1064 3752 1193 3792 cum
1230 3737 1354 3792 sitis
1395 3736 1570 3791 ambae
1601 3735 1770 3799 illius,
1825 3743 1879 3789 et
1930 3731 2157 3787 alterius

2256 3731 2353 3801 ξης
2382 3730 2482 3801 τῆς
2514 3734 2687 3787 ἀϊδίου
2711 3736 3098 3791 ἀπολαύσοιτε.

566 3827 755 3892 altera,
793 3829 907 3884 haec
957 3828 1179 3898 quidem
1224 3828 1424 3897 conjux
1455 3868 1470 3893 ,
1525 3827 1615 3882 illa
1670 3837 1851 3880 autem
1908 3824 2158 3894 conjugis
2198 3825 2652 3895 consanguinea;
2701 3835 2761 3881 ut
2818 3844 2941 3883 cum
2972 3829 3065 3882 illo
3094 3831 3265 3901 gloria
3302 3832 3663 3901 perfruamini
3704 3852 3856 3892 sem-

566 3921 798 3989 piterna.

939 4015 1108 4072 XXX.
1146 4046 1218 4060 -
1251 4015 1484 4071 Simeoni
1511 4016 1788 4069 monac/to.

2551 4010 2619 4065 A.
2643 4038 2711 4050 -—-
2734 4009 2983 4077 Συμεὼν
3011 4010 3348 4081 por-det.
3372 4013 3564 4085 [oEa’J

863 4134 1149 4186 Gratulatur
1170 4136 1303 4197 quod
1335 4148 1427 4197 pro
1448 4134 1641 4186 Christo
1668 4139 1875 4182 strenue
1896 4131 2182 4179 dimicasset
2204 4127 2444 4176 adversus
2470 4123 2836 4173 lconomachos.
2872 4124 3071 4181 (Baron.
3095 4139 3173 4176 an.
3214 4125 3327 4183 818,
3351 4139 3405 4175 ιι.
3441 4128 3551 4192 22.)

637 4246 868 4301 Reddita
905 4245 1041 4299 mihi
1073 4245 1307 4315 cpistola
1356 4245 1668 4301 sanctitatis
1713 4252 1840 4297 tuae.
1886 4240 1994 4298 Ubi
2032 4254 2151 4294 eam

564 4338 691 4407 legi,
726 4345 781 4391 et
809 4337 1021 4408 singula
1050 4336 1213 4390 didici
1242 4351 1364 4406 qua:
1404 4336 1480 4389 illi
1524 4334 1868 4402 cmterisque,
1906 4332 2151 4401 quicum

565 4446 627 4483 ea
661 4437 806 4490 sunt,
843 4428 1050 4482 sanctis
1082 4426 1334 4482 Patribus
1363 4426 1570 4482 nostris
1599 4445 1613 4479 :
1663 4425 1903 4491 Quorum
1938 4424 2153 4477 nomina

566 4522 773 4573 suntin
823 4521 957 4573 libro
993 4521 1199 4586 vita“,
1258 4520 1598 4583 acciderant,
1641 4532 1855 4573 sacram
1905 4516 2151 4572 omnium

566 4608 966 4678 expulsionem,
998 4608 1351 4679 longinquam
1376 4610 1834 4680 deportationem,
1862 4607 2151 4660 molestam

567 4698 713 4753 illam
748 4708 803 4753 et
828 4714 1073 4769 gravem,
1120 4701 1192 4753 ob
1237 4700 1446 4753 variam
1485 4701 1591 4753 huc
1632 4708 1797 4766 atque
1830 4697 1958 4751 illuc
1989 4696 2157 4751 abdu-

566 4790 827 4855 ctionem,
858 4800 915 4845 et
955 4792 1150 4845 duram
1187 4790 1481 4861 impiorum
1523 4791 1860 4854 custodiam;
1917 4787 2156 4859 ingemui

568 4883 733 4938 simul
763 4884 1010 4947 humilis,
1054 4884 1109 4938 in
1139 4885 1447 4954 cujusmodi
1483 4885 1811 4939 tentationes
1845 4882 1937 4938 Dei
1970 4882 2156 4937 Eccle-

571 4973 685 5029 sias
708 4983 927 5045 tempus
950 4975 1267 5045 perduxerit
1305 4978 1490 5031 animo
1542 4976 1939 5030 considerans:
1988 4972 2155 5028 simtil

566 5062 731 5116 etiam
770 5064 929 5119 beata
966 5064 1093 5119 duxi
1128 5065 1561 5134 persecutionem
1602 5079 1699 5134 pro
1722 5063 1944 5119 Christo
1971 5062 2155 5118 feren-

567 5159 704 5213 tium
737 5154 1082 5221 certamina;
1131 5167 1290 5226 teqne
1326 5157 1531 5226 pariter
1568 5157 1659 5225 qui
1706 5166 1985 5226 gestorum
2033 5171 2157 5210 om-

568 5248 721 5302 nium
775 5246 933 5302 nobis
966 5246 1195 5302 nuntius
1228 5246 1402 5311 fuisti,
1451 5261 1551 5301 nec
1602 5247 1833 5302 renuisti
1882 5262 2012 5318 erga
2044 5262 2155 5313 me,

567 5337 728 5393 nihili
754 5337 1059 5403 hominem,
1085 5346 1141 5393 et
1162 5354 1388 5393 manum
1417 5353 1640 5394 movere
1670 5340 1739 5394 ad
1778 5340 2153 5408 scribendum,

566 5438 623 5485 et
658 5437 834 5484 totam
876 5427 1185 5485 atllictionis
1216 5431 1412 5485 seriem
1462 5430 1777 5501 singulatim
1806 5446 2151 5503 percensere.

567 5520 691 5585 Quo
722 5520 947 5575 nomine
971 5520 1259 5576 benedicat
1290 5521 1388 5576 tibi
1420 5520 1708 5588 Dominus,
1738 5538 1803 5579 ac
1830 5523 2005 5592 magis
2032 5538 2150 5578 ma-

567 5613 760 5683 gisque
790 5612 1079 5669 conﬁrmet
1106 5623 1160 5671 et
1203 5614 1520 5673 corroboret
1559 5613 1612 5672 in
1644 5616 1839 5675 acerba
1866 5616 1971 5673 ista
2001 5617 2157 5674 testi-

638 5746 683 5781 “
708 5747 937 5819 Philipp.
978 5765 1049 5817 tv,
1084 5750 1129 5804 ἆ

2334 4231 2640 4303 Δεξάμενος
2695 4232 2787 4287 ἐπὶ
2822 4235 3014 4304 χεῖρας
3069 4236 3171 4306 τὴν
3224 4238 3323 4308 τῆς
3376 4237 3699 4307 ἁγιωσύνης
3763 4259 3855 4295 σου

2261 4326 2573 4397 ἐπιστολὴν,
2613 4326 2706 4380 καὶ
2736 4327 3006 4395 ἀναγνοὺς
3056 4330 3148 4382 καὶ
3182 4329 3457 4400 διδαχθεὶς
3491 4331 3707 4387 ἕκαστα
3749 4335 3858 4389 τῶν

2264 4418 2697 4498 συμῦεὸηκότων
2728 4420 2865 4490 αὐτῇ
2911 4438 2970 4473 τε
3016 4423 3110 4474 καὶ
3155 4426 3269 4485 τοῖς
3321 4424 3420 4477 σὺν
3474 4426 3619 4498 αὐτῇ
3672 4428 3856 4494 ἁγίοις

2262 4495 2546 4582 ιιατράσιν
2578 4511 2766 4582 ἡμῶν·
2796 4507 2913 4566 Ὃν
2941 4513 3011 4568 τὰ
3041 4514 3307 4584 ὀνόματα
3326 4515 3397 4568 ἐν
3423 4495 3631 4580 βίϐλοι
3663 4516 3853 4588 ζωῆς·

2260 4603 2349 4656 διὰ
2379 4603 2479 4675 τὴν
2511 4604 2768 4657 ἀπάντων
2824 4606 2977 4675 ἱερὰν
3032 4606 3353 4676 φυγαδείαν,
3390 4610 3489 4661 καὶ
3540 4610 3857 4683 ἀλλοδαπὴν

2269 4696 2695 4767 μετανάστασιν,
2733 4698 2831 4751 καὶ
2876 4700 3244 4772 πειραστικὴν
3294 4700 3388 4754 καὶ
3416 4699 3740 4774 ολιπτικὴν,
3771 4706 3859 4758 διὰ

2264 4789 2366 4858 τῆς
2395 4782 2498 4843 ὧδέ
2534 4806 2592 4842 τε
2629 4789 2854 4843 κάκεῖσε
2904 4791 3212 4859 ἀπαγωγῆς
3237 4808 3297 4844 τε
3342 4792 3437 4844 καὶ
3468 4800 3858 4866 φρουρητικῆς

2266 4882 2419 4953 παρά
2444 4882 2553 4935 τῶν
2576 4880 2757 4936 ἀθέων
2803 4883 3204 4953 καταπράξεως
3224 4900 3239 4913 ·
3279 4882 3415 4953 ὁμοῦ
3450 4884 3558 4953 μὲν
3586 4886 3857 4951 ὲστὲναξα

2262 4977 2291 5027 ὁ
2344 4975 2619 5039 ταπεινὸς,
2655 4976 2735 5038 εἰς
2789 4968 2877 5027 οἶα
2910 4976 3119 5045 ἤγαγεν
3157 4977 3185 5027 ὁ
3234 4974 3430 5045 χρόνος
3474 4981 3856 5050 πειραστήρισ

2263 5066 2362 5129 τὰς
2419 5066 2749 5139 Ἐκκλησέας
2796 5066 2893 5120 τοῦ
2947 5066 3081 5120 Θεοῦ
3130 5066 3506 5121 κατασκοπῶν
3536 5084 3551 5098 ο
3606 5069 3752 5141 ὁμοῦ
3805 5071 3855 5124 δὲ

2264 5162 2583 5232 ἐμακάρισα
2619 5162 2686 5215 τὰ
2734 5159 2874 5215 ἆθλα
2918 5162 3027 5215 τῶν
3060 5162 3439 5233 δεδιωγμένων
3490 5164 3691 5219 ἕνεκεν
3727 5168 3857 5237 Χριο

2266 5252 2394 5306 στοῦ
2422 5268 2433 5279 ·
2465 5252 2660 5306 ἔπειτα
2705 5254 2799 5306 καί
2849 5254 2909 5306 σὲ
2962 5254 3056 5306 τὸν
3109 5252 3343 5322 ἄγγελον
3388 5256 3531 5326 ἡμῖν
3588 5260 3856 5327 γεγονότα

2264 5344 2523 5398 ἁπάντων
2577 5344 2687 5396 τῶν
2731 5344 3376 5417 δραματουργηθέντων·
3433 5346 3542 5401 οὐκ
3604 5350 3855 5419 ἀποκνή-

2263 5452 2433 5489 σαντα
2478 5438 2618 5506 πρός
2662 5453 2730 5506 με
2771 5437 2864 5490 τὸν
2896 5436 3109 5500 οὐδενὸς
3138 5434 3311 5501 ἀξιον,
3343 5439 3439 5492 καὶ
3471 5443 3649 5513 χεῖρα
3678 5442 3776 5495 ἐπὶ
3803 5438 3855 5492 τὸ

2261 5527 2469 5597 γράψαι
2502 5526 2707 5592 δοῦναι,
2753 5530 2849 5583 καὶ
2898 5527 3253 5600 ἔχνομυθῆσαι
3300 5531 3432 5601 ὅλην
3478 5533 3587 5605 τὴν
3624 5532 3733 5605 τῆς
3764 5549 3855 5584 κα-

2265 5618 2487 5685 κώσεως
2520 5620 2830 5694 meum.»
2860 5620 2975 5676 ἀνθ’
3028 5615 3104 5677 ὧν
3164 5620 3466 5692 εὐλογῆσαι
3530 5640 3593 5677 σε
3624 5624 3850 5694 Κύριος,
