3990 6318
125 389 253 454 1201

1315 387 1862 450 EPISTOLARUM
1907 391 2056 451 LIB.
2112 391 2194 452 II.

3252 387 3393 453 120?.

122 498 371 569 στηρίξαι
411 513 472 550 τε
503 495 599 549 ἐπὶ
644 495 829 561 πλέον,
865 496 960 549 καὶ
990 493 1291 565 βεϐαιῶσαι
1340 497 1398 548 ἐν
1430 497 1496 566 τῇ
1529 496 1696 565 ἀμει-

1811 495 1968 550 monii
2001 493 2204 550 Christi
2230 492 2613 564 dimicatione,
2630 490 2922 549 Enimvero
2948 494 3178 565 cognovi
3201 509 3392 563 quem.

120 592 285 661 λίκτῳ
317 588 574 643 ὲνστάσει
625 589 723 659 τῆς
761 587 1072 660 μαρτυρίας
1115 585 1377 658 Χριστοῦ.
1433 587 1544 640 Kal.
1585 585 1694 655 γὰρ

121 683 319 753 ῑμαθον
376 683 569 753 ὅτιπερ
622 681 920 752 συμϐαλὼν
975 679 1116 750 μετὰ
1158 678 1257 750 τὴν
1313 679 1566 732 ἔνστασιν
1616 677 1696 748 τῷ

120 774 400 844 ἀσεϐάρχῃ
465 772 688 842 Ἰωάννῃ
741 772 842 843 οὐχ
890 769 1224 837 ὑπεστάλης,
1274 768 1394 822 οὐδὲ
1443 768 1697 839 δεύτερος

119 862 280 936 ἦλθες
337 864 442 935 τῆς
483 865 566 928 είς
612 863 809 932 λόγους
843 861 1205 934 συμπλοκῆς*
1265 859 1404 913 ἀλλὰ
1454 861 1697 932 στερρῶς

120 949 546 1021 ἆντικαταστὰς,
592 956 868 1027 περιεῖλες
901 955 1089 1018 αὑτὸν,
1125 954 1219 1005 καὶ
1250 953 1698 1022 ὰπεστομάτισας

121 1050 382 1113 νεανικῶς
413 1048 558 1119 λόγῳ
585 1047 847 1119 ἀληθείας
872 1046 973 1116 τῆς
1004 1045 1256 1115 δοθείσης
1288 1061 1373 1097 σοι
1409 1045 1519 1099 ὑπὸ
1547 1047 1700 1116 ὲνερ-

119 1143 276 1214 γείας
309 1141 404 1196 τοῦ
431 1143 588 1210 ἁγίου
617 1142 960 1211 Πνεύματος.

190 1234 302 1288 Καὶ
325 1235 436 1304 γὰρ
473 1234 594 1287 οὐδὲ
629 1232 900 1304 πάρεστιν
938 1235 997 1286 ὲν
1032 1234 1144 1296 τοῖς
1190 1231 1571 1302 ἠπατημένοις
1606 1231 1700 1284 δύο

121 1345 281 1397 ναμις
311 1327 472 1395 λόγου
501 1344 516 1358 ·
551 1326 677 1379 ἐπεὶ
704 1326 842 1396 μηδὲ
875 1325 991 1392 φῶς
1017 1343 1030 1356 ο
1081 1325 1206 1378 οὐδὲ
1253 1323 1514 1393 ἀληθείας
1561 1323 1700 1377 ἀπό-

119 1419 304 1482 δειξις,
355 1418 480 1471 οὐδὲ
525 1435 580 1470 τι
623 1417 804 1481 εύθὲς,
853 1418 977 1470 οὐδὲ
1026 1418 1176 1471 ὅσιον
1203 1421 1261 1472 ὲν
1293 1417 1479 1471 σκότει
1508 1417 1700 1470 διαπο-

123 1510 438 1580 ρευομένοις
485 1513 553 1581 τῇ
611 1508 860 1579 ἀσύνετῳ
909 1509 1110 1580 καρδίᾳ
1169 1509 1264 1562 καὶ
1321 1507 1701 1579 μεμωραμένῃ

124 1601 318 1673 σοφία,
365 1601 599 1672 τάληθὲς
641 1601 699 1654 δὲ
750 1604 949 1668 εἰπεῖν,
986 1602 1190 1672 ἀσοφίᾳ
1220 1602 1316 1656 καὶ
1364 1601 1578 1671 ἀμαθία
1609 1603 1703 1653 καὶ

120 1693 438 1765 τυφλότητι.
468 1695 561 1746 Ἓν
588 1694 644 1746 δὲ
684 1695 842 1761 μόνον
869 1695 964 1746 καὶ
994 1695 1213 1764 πρῶτον
1247 1695 1340 1747 καὶ
1363 1693 1700 1757 τελευταῖον,

121 1788 154 1856 ὴ
189 1785 410 1849 ἐξουσία
447 1785 544 1837 τοῦ
583 1784 808 1848 σκότους
830 1801 843 1816 ο
871 1783 1031 1838 τοῦτο
1055 1785 1239 1847 αὐτοῖς
1270 1785 1366 1837 καὶ
1398 1785 1578 1851 λόγος,
1611 1785 1707 1836 καὶ

1799 585 2096 642 admodum
2141 594 2268 654 post
2315 583 2723 640 dimicationem
2782 582 2976 652 ipsam,
3029 597 3153 636 cum
3180 579 3394 637 Joanne

1798 677 2092 747 impiorum
2142 677 2282 731 duce
2333 691 2701 746 congressus,
2761 675 3189 746 haudquaquam
3243 684 3394 730 metu

1800 770 2056 837 cesseris,
2107 784 2210 824 nec
2242 768 2469 823 inferior
2495 768 2765 824 sermonis
2808 767 3065 822 conflictu
3091 769 3391 827 exstiteris.

1801 864 1897 921 sed
1933 863 2149 919 fortiter
2195 863 2472 919 obsistens
2516 862 2697 931 ipsum
2745 861 2966 923 viceris,
3019 872 3075 916 et
3117 862 3392 932 elinguem

1797 957 2028 1027 iuvenili
2067 957 2256 1026 vigore
2301 955 2611 1010 reddideris
2664 954 2832 1008 verbo
2889 952 3140 1007 veritatis
3194 955 3393 1008 subni-

1801 1065 1929 1115 xus,
1983 1065 2149 1120 quam
2203 1049 2300 1103 tibi
2340 1047 2580 1118 Spiritus
2619 1047 2796 1101 sancti
2843 1044 3090 1117 operatio
3139 1059 3395 1115 suggere-

1801 1140 1921 1197 bat.

1874 1232 2035 1288 Nulla
2067 1232 2317 1288 videlicet
2342 1233 2397 1286 in
2445 1231 2514 1286 iis
2543 1231 2639 1302 qui
2672 1231 2884 1301 decepti
2920 1237 3051 1285 sunt
3080 1231 3285 1285 residet
3313 1230 3398 1284 vis

1801 1323 2105 1390 sermonis;
2155 1325 2415 1394 quoniam
2453 1339 2557 1377 nec
2587 1324 2796 1380 lumen.
2847 1337 2949 1378 nec
2993 1323 3240 1377 veritatis
3275 1338 3400 1390 spe-

1805 1411 2005 1478 cimen,
2054 1429 2154 1468 nec
2208 1423 2418 1467 rectum
2451 1411 2684 1482 aliquid,
2723 1423 2818 1466 aut
2861 1424 3112 1466 sanctum
3151 1412 3206 1466 iu
3243 1421 3394 1466 tene-

1805 1505 1918 1561 bris
1968 1506 2386 1561 ambulantibus
2423 1507 2594 1561 stulto
2631 1507 2798 1561 corde
2831 1518 2885 1561 et
2913 1508 3144 1562 evanida
3171 1508 3393 1576 sapien-

1808 1600 1905 1663 tia,
1939 1613 2061 1662 seu,
2103 1609 2164 1653 ut
2208 1601 2393 1655 verius
2423 1601 2662 1664 dicatur,
2708 1601 3048 1669 insipientia,
3092 1601 3394 1671 imperitia,

1806 1691 2068 1746 caecitate.
2101 1690 2277 1746 Uuum
2309 1700 2495 1747 autem
2538 1693 2702 1758 inest,
2733 1702 2788 1747 et
2822 1693 3063 1763 primum
3096 1705 3152 1748 et
3196 1701 3400 1763 postre-

1809 1799 1984 1848 mum,
2015 1795 2257 1854 potestas
2288 1786 2640 1841 tenebrarum
2674 1803 2686 1840 :
2748 1787 2852 1840 hoc
2881 1785 2992 1840 illis
3019 1796 3074 1841 et
3101 1799 3305 1851 sermo,
3343 1794 3398 1838 et

119 1879 263 1948 ὅρος,
301 1879 400 1931 καὶ
431 1878 639 1942 πίστις,
690 1878 786 1930 καὶ
829 1876 982 1943 δόξα,
1017 1879 1110 1930 καὶ
1165 1877 1350 1930 ὅπλον.
1414 1878 1514 1931 Ἐκ
1579 1877 1699 1930 τῶν

1811 1876 2065 1940 definitio,
2100 1887 2156 1931 et
2201 1879 2353 1940 fides,
2382 1889 2437 1934 et
2467 1880 2664 1948 gloria,
2706 1888 2762 1934 et
2804 1893 2978 1933 arma.
3036 1877 3123 1931 Ex
3155 1879 3398 1947 operibus

120 1969 308 2038 ἔργων
324 1968 528 2025 αὐτῶν
549 1967 958 2038 ἐπιγνώσεσθε
1009 1968 1232 2034 αὐτοὺς
1250 2009 1265 2030 ,
1291 1968 1397 2038 ἔφη
1440 1972 1468 2022 ὁ
1497 1969 1701 2040 Κύριος

120 2060 184 2112 Ti.
225 2061 339 2132 γὰρ
403 2060 505 2113 οὐκ
554 2060 792 2132 ἔδρασαν
841 2059 1040 2122 ἀσεϐές
1093 2077 1153 2112 τε
1217 2062 1313 2113 καὶ
1380 2061 1698 2127 Ἰουδαϊκόν;

120 2154 357 2224 Χριστὸν
403 2152 717 2224 ὲνύϐρισαν,
744 2152 844 2221 τὴν
882 2151 1163 2215 Θεοτόκον,
1195 2152 1322 2214 τοὺς
1365 2152 1555 2219 ἁγίους
1576 2169 1590 2183 ο
1624 2145 1699 2206 ὧν

119 2248 226 2318 γὰρ
256 2249 306 2300 οἱ
357 2247 663 2316 σωματικοὶ
713 2245 1064 2316 χαρακτῆρες
1096 2245 1479 2315 ἀτιμάζονται,
1519 2247 1702 2309 αὐτοῖς

121 2342 353 2403 ἐκείνοις
384 2342 419 2412 ὴ
474 2338 633 2409 ὕϐρις
686 2337 1078 2408 ἀναπέμπεται
1124 2341 1239 2402 τοῖς
1287 2339 1698 2410 πρωτοτύποις’

121 2433 214 2488 καὶ
274 2434 365 2487 διὰ
419 2431 578 2484 τοῦτο
628 2431 856 2497 εἰκότως
926 2431 1297 2501 Ἀντίχριστοι
1365 2431 1582 2502 ῥηθεῖεν
1653 2432 1703 2485 οἱ

120 2526 486 2596 Είκονομάχοι
509 2540 522 2555 ³
564 2523 757 2596 ἐπειδὴ
800 2522 949 2592 λέγει
979 2526 1007 2576 ὁ
1050 2523 1314 2589 Θεολόγος
1343 2525 1437 2577 καὶ
1465 2525 1703 2592 εὐαγγε-

120 2618 340 2688 λιστής·
403 2615 514 2670 Καὶ
572 2616 691 2670 νῦν
744 2616 964 2670 πολλοὶ
1031 2615 1452 2682 Ἀ-ντίχριστοι.
1516 2614 1705 2668 Ταῦτα

123 2709 297 2778 μικρὰ
333 2707 434 2779 μὲν
464 2707 600 2778 πρὸς
647 2707 744 2779 τὴν
799 2707 898 2777 σὴν
927 2706 1147 2760 σύνεσιν
1173 2722 1186 2736 ·
1233 2707 1335 2776 τῆς
1374 2705 1598 2774 ἀγάπης
1646 2706 1704 2758 δὲ

123 2796 387 2867 σύμϐολα,
441 2798 544 2867 τῆς
599 2800 658 2851 ὲν
693 2799 774 2852 ἐνὶ
821 2798 1139 2869 φρονήματι
1182 2797 1278 2852 καὶ
1317 2800 1416 2869 μιᾷ
1445 2797 1590 2867 ψυχῇ
1624 2797 1705 2849 δο-

121 2889 308 2962 θείσης
336 2893 470 2962 ἡμῖν
500 2891 605 2943 ὑπὸ
633 2891 790 2944 Θεοῦ.
831 2891 996 2944 Ἀλλά
1026 2908 1118 2961 μοι
1147 2890 1481 2962 προσεύχου,
1505 2889 1704 2958 ἀδελφὲ

122 2981 276 3048 καλὲ,
310 2985 382 3037 τὰ
411 2979 506 3037 ἵσά
534 3000 617 3036 σοι
653 2983 901 3036 ὲναθλείν
925 3000 939 3013 ·
975 2984 1070 3035 καὶ
1103 2983 1371 3055 γνωρίσαι
1417 3000 1509 3054 μοι
1540 2982 1703 3036 πάλιν

124 3075 356 3142 ἀξίωσον
385 3075 538 3139 ὅπως
574 3074 638 3128 σύ
664 3091 722 3128 τε
749 3076 981 3143 διάγοις,
1023 3077 1116 3128 καὶ
1138 3076 1288 3138 ὅπως
1317 3073 1427 3144 ἔχει
1465 3073 1561 3127 καὶ
1589 3072 1702 3138 ’ἐξει

120 3169 187 3221 τὰ
220 3171 320 3241 τῆς
346 3169 502 3240 ἱερᾶς
541 3185 635 3221 σου
672 3168 941 3223 συνοδίας.

121 3285 335 3340 AA'.-—
373 3284 598 3354 Ἰωσὴφ
621 3283 864 3353 ἀδελφῷ
897 3283 1490 3353 καίάρχιεπισκόπῳ.
1521 3282 1706 3356 [σξβ⁹.]

1804 1984 1986 2023 eorum
2035 1973 2363 2039 cognoscetis
2413 1972 2582 2033 eos",
2615 1973 2696 2026 ait
2729 1971 3019 2025 Dominus.
3063 1968 3206 2036 Quid
3249 1970 3396 2025 enim

1805 2063 2032 2132 impium
2065 2072 2160 2117 aut
2198 2063 2487 2120 Judaicum
2520 2080 2630 2119 non
2662 2064 2934 2132 egerunt?
2959 2063 3238 2117 Christum
3279 2077 3402 2118 eon-

1807 2154 2029 2208 tum’elia
2070 2154 2393 2220 affecerunt,
2435 2154 2725 2224 Deiparam
2755 2164 2809 2210 et
2841 2162 3063 2210 sanctos
3111 2170 3129 2207 :
3161 2169 3400 2224 quorum

1803 2247 1949 2300 enim
1975 2261 2254 2314 corporeae
2273 2246 2465 2316 ﬁgura:
2492 2247 2792 2315 ignominia
2817 2245 3151 2312 afﬁciuntur,
3183 2248 3236 2301 in
3261 2263 3395 2318 pro-

1809 2346 1994 2409 totypa
2053 2338 2171 2407 ipsa
2248 2339 2648 2394 transmittitur
2725 2339 3116 2400 contumelia:
3171 2339 3404 2411 ideoque

1826 2428 2151 2482 Antichristi
2190 2428 2387 2482 merito
2418 2429 2524 2484 dici
2549 2439 2783 2498 possunt
2813 2430 3201 2486 lconomachi:
3235 2446 3404 2501 quau-

1806 2520 2126 2589 tloquidem,
2165 2521 2248 2575 uti
2299 2536 2329 2575 a
2363 2519 2644 2592 Tlteologo
2678 2531 2734 2576 et
2759 2523 3092 2592 evangelista
3131 2522 3401 2593 scriptum

1805 2620 1891 2665 est
1920 2628 1933 2664 :
1967 2609 2036 2664 Et
2067 2628 2206 2666 nunc
2263 2613 2419 2666 multi
2455 2623 2578 2667 sunt
2610 2612 3005 2668 Antichristi“.
3051 2613 3178 2669 Haec
3232 2630 3404 2685 parva

1805 2703 2028 2772 quidem
2081 2706 2150 2760 ad
2178 2706 2540 2775 prudentiam
2569 2717 2719 2760 tuam
2759 2725 2771 2760 :
2808 2707 2904 2762 sed
2945 2707 3253 2776 (haritatis,
3282 2724 3408 2780 quae

1807 2796 1966 2851 nobis
2018 2812 2049 2852 a
2101 2797 2215 2852 Deo
2263 2796 2316 2850 in
2363 2810 2475 2850 uno
2513 2810 2679 2851 sensu
2727 2807 2784 2852 et
2832 2797 3015 2851 anima
3053 2813 3162 2853 una
3199 2799 3404 2854 donata

1805 2900 1911 2956 est,
1949 2889 2196 2961 symbola
2222 2899 2372 2945 sunt.
2404 2887 2484 2943 Tu
2522 2904 2674 2953 vero,
2717 2889 2887 2945 fr'ater
2911 2890 3152 2961 egregie,
3183 2905 3285 2961 pro
3319 2906 3407 2947 me

1813 2998 1937 3045 ora,
1971 2990 2029 3037 ut
2076 2981 2194 3052 pari
2251 2990 2434 3037 tecum
2495 2998 2674 3052 pugna
2725 2982 3001 3038 decertem
3035 3002 3050 3037 :
3081 2991 3138 3037 et
3165 2983 3407 3038 indicare

1806 3089 1972 3143 porro
2017 3089 2126 3127 non
2154 3074 2420 3143 graveris,
2445 3073 2724 3143 quomodo
2755 3083 2809 3127 et
2856 3074 2970 3142 ipse
3015 3089 3166 3147 agas,
3195 3083 3252 3128 et
3276 3089 3409 3144 quo-

1810 3165 1977 3219 modo
1999 3180 2058 3219 se
2080 3164 2315 3237 habeant
2342 3165 2693 3234 habiturique
2720 3166 2832 3221 sint
2859 3166 3002 3220 sacri
3037 3167 3270 3220 comites
3306 3168 3405 3220 tui.

1961 3281 2152 3335 XXXI.
2192 3313 2261 3322 —
2284 3281 2534 3353 Josepho,
2566 3285 2728 3354 fratri
2752 3297 2801 3339 et
2840 3288 3260 3355 archiepiscopo.

123 3382 394 3444 variatum
419 3392 480 3443 ab
503 3393 838 3444 Iconomacbis
873 3392 1046 3455 impie,
1082 3403 1185 3442 tum
1209 3399 1381 3440 contra
1404 3391 1756 3503 ῐοοηιέῒειιέιίιέε
1798 3409 1825 3444 a
1863 3392 2055 3519 ἕξις-ἱδιὶ
2089 3392 2457 3445 confessoribus
2485 3395 2681 3462 fortiter
2716 3399 2861 3463 gesta
2909 3406 3168 3449 memorat.
3200 3402 3403 3463 (Barou.

1601 3491 1612 3503 .
1741 3493 1754 3514 ,
1789 3470 1841 3507 ιι.
1927 3494 1936 3504 .

1601 3491 1612 3503 .
1644 3470 1754 3514 ato,
1789 3470 1841 3507 ιι.
1863 3470 1936 3504 eo.

190 3543 360 3595 Ὅσον
409 3543 510 3612 μὲν
549 3543 659 3595 ἀπὸ
706 3541 1077 3612 γραμμάτων»
1121 3544 1224 3596 τ’ὑκ
1255 3540 1461 3612 ἔμαθον
1501 3543 1569 3595 τὰ
1610 3543 1703 3613 τῆς

1883 3543 2160 3610 Quantum
2192 3545 2414 3614 quidem
2470 3562 2537 3601 ex
2572 3547 2791 3610 litteris,
2843 3548 2912 3604 de
2939 3549 3251 3605 valetudine
3311 3559 3405 3607 tua

122 3635 306 3702 ὑγείας
343 3652 460 3699 σου,
514 3635 652 3688 ἀλλά
685 3634 788 3703 φεῦ
817 3635 925 3688 τῶν
973 3635 1260 3705 ἁμαρτιῶν
1293 3652 1395 3705 μου
1431 3635 1515 3687 ὅτι
1563 3634 1706 3688 οὕτω

123 3726 384 3792 γέγονενί
436 3724 714 3793 Ἐδηλώθη
757 3724 866 3795 γάρ
914 3743 1005 3795 μοι
1059 3727 1165 3779 ὑπὸ
1215 3726 1324 3779 τῶν
1375 3725 1622 3794 ἀδελφῶν
1671 3727 1705 3797 ἡ

128 3817 332 3870 τούτων
365 3817 489 3887 μεθ’
531 3818 734 3887 ἑτέρων
765 3815 1015 3871 ἀπώλεια
1039 3834 1054 3848 °
1084 3819 1182 3874 καὶ
1213 3819 1309 3888 ἥδε
1335 3818 1432 3872 τοῦ
1456 3818 1704 3872 διαϐόλου

126 3910 398 3980 ἐνέργεια.
459 3908 626 3962 ’Δλλά
674 3908 804 3972 δόξα
853 3909 931 3978 τῷ
965 3909 1086 3980 Θεῷ
1134 3910 1212 3980 τῷ
1255 3910 1526 3980 κρύψαντι
1568 3912 1708 3966 αὐτὰ

125 4001 230 4053 ἀπὸ
267 4002 376 4055 τῶν
426 3999 802 4071 κρατούντων.
843 4000 1115 4068 Ἐμελλον
1142 4003 1253 4073 γὰρ
1284 4003 1476 4056 πολλοὶ
1527 4004 1709 4058 κινδυ-

124 4093 316 4151 νεύειν.
363 4093 508 4149 Ἀλλ’
566 4095 649 4149 ὅτι
691 4092 788 4146 καὶ
845 4092 895 4146 οἱ
943 4093 1132 4164 ἴαμϐοι
1172 4094 1577 4162 συναπώλοντο,
1614 4096 1709 4158 οὓς

124 4182 182 4240 εὖ
234 4187 408 4240 ποιῶν
452 4187 770 4258 ὲμέτρησας
815 4186 959 4240 κατὰ
1005 4186 1115 4240 τῶν
1172 4187 1584 4258 Είκονομάχων.
1632 4187 1704 4241 Ού

123 4278 342 4344 πάντως
397 4281 458 4333 δὲ
514 4280 948 4350 ἀμεταγρὰφους
1025 4281 1122 4335 καὶ
1175 4279 1709 4351 ἀπαρασημειώτους

125 4371 344 4442 ιμελλες
377 4373 582 4435 αὐτοὺς
608 4374 1074 4444 πέμπειν.Ταῦτα
1107 4375 1204 4444 μὲν
1242 4375 1514 4442 ἐλύπησεν
1539 4375 1706 4444 ἡμᾶς,

123 4466 194 4529 ὠς
218 4467 280 4521 τὸ
310 4468 485 4530 εἰκός.
535 4464 680 4534 Ἐγὼ
727 4467 785 4520 δὲ
838 4470 866 4522 ό
896 4469 1174 4534 ταπεινὸς,
1220 4470 1312 4522 καὶ
1351 4464 1507 4532 αὖθις
1539 4484 1710 4539 προσ-

123 4560 371 4632 αγορεύω
393 4559 496 4630 τὴν
521 4559 841 4630 ἁγιωσύνην
863 4577 956 4613 σου
989 4561 1310 4631 γλιχόμενός
1325 4580 1425 4633 ¹σου
1448 4562 1510 4614 τὸ
1530 4562 1709 4631 τίμιον

127 4653 443 4723 πρόσωπονο
492 4653 590 4705 καὶ
633 4651 780 4713 τίνος
826 4653 936 4722 γὰρ
977 4652 1085 4723 πρὸ
1120 4653 1254 4718 σοῦς
1291 4654 1387 4707 καὶ
1433 4653 1555 4724 οὐχὶ
1587 4652 1707 4718 ἀεί;

126 4743 183 4795 οὑ
234 4744 495 4798 τοσοῦτον
544 4744 611 4796 ὲκ
660 4742 898 4813 φύσεως,
934 4746 1069 4798 νόσον
1123 4746 1190 4799 ἐκ
1235 4747 1605 4816 συμπράξεως
1647 4746 1708 4797 ού

124 4836 220 4906 τῆς
264 4838 512 4908 χαμόθεν
547 4837 932 4915 ὲγειρομένης.
975 4838 1089 4890 ἀλλ’
1116 4839 1409 4910 οὐρανόθεν
1451 4842 1707 4908 ἐνεργου-

127 4931 314 5001 μένης,
344 4932 410 4983 ἐκ
440 4929 671 5001 πρώτης
708 4930 956 5000 βαλϐίδος
984 4931 1174 5000 σχεδὸν
1201 4938 1363 5002 μέχρι
1387 4931 1479 4985 τοῦ
1511 4931 1670 5002 δεῦρο
1689 4949 1702 4962 ·

128 5021 198 5085 ὡς
241 5024 388 5076 ἴσασι
426 5023 636 5085 πάντες
660 5037 675 5054 '
713 5024 809 5075 καὶ
835 5024 1166 5094 ἐμόρφωσαν
1219 5025 1269 5076 oi
1301 5025 1697 5094 γεννήσαντες,

126 5113 258 5165 εἴπω
288 5116 383 5167 καὶ
422 5111 760 5184 σωματικῶς
795 5115 891 5166 καὶ
921 5113 1346 5182 πνεψατικώςς
1378 5114 1477 5182 Είη
1509 5114 1567 5166 δὲ
1610 5113 1704 5184 μέ-

125 5220 231 5256 νειν
260 5207 409 5274 ἡμᾶς
441 5206 538 5258 καὶ
582 5202 720 5275 πρὸς
762 5205 824 5256 τὸ
870 5205 995 5274 ἑξῆς
1045 5205 1341 5267 ὡσαύτως·
1379 5206 1469 5257 καὶ
1505 5187 1579 5274 μή
1634 5221 1702 5273 με

125 5295 449 5367 διαιρεῖσθαί
480 5314 578 5349 σου
630 5298 728 5364 τῆς
758 5297 963 5368 ἀρετῆς
1006 5295 1199 5362 πλήθει
1229 5295 1338 5348 τῶν
1384 5295 1699 5365 ἁμαρτιῶν

127 5390 187 5441 ἐκ
219 5391 369 5456 θείας
424 5390 848 5462 φιλανθρωπίας
904 5388 1433 5458 συγκρατουμένους,
1490 5389 1584 5439 καὶ
1621 5388 1703 5437 ἐν-

126 5482 353 5548 τεύξεως
399 5484 513 5537 τῶν
549 5485 628 5546 εἰς
675 5482 790 5550 φῶς
842 5482 1200 5548 ἐνεγκόντων.
1230 5481 1312 5534 Τὰ
1348 5479 1446 5549 μὲν
1492 5479 1556 5552 δὴ
1604 5479 1704 5548 τῆς

127 5575 284 5645 εὐχῆς
313 5575 565 5629 τοιαῦτα.

195 5666 272 5718 Τὰ
302 5668 344 5720 δ’
384 5669 523 5722 ἄλλα
552 5664 642 5719 οἷα
693 5667 784 5718 καὶ
825 5667 947 5730 ὅσα,
973 5666 1066 5719 ἐπὶ
1108 5664 1211 5732 τῆς
1257 5663 1587 5736 Ἐκκλησίας
1612 5663 1706 5717 τοῦ

130 5758 278 5822 Θεοῦ,
316 5762 642 5828 στεναγμῶν
701 5760 796 5811 καὶ
843 5760 1095 5830 ὀδυρμῶν
1154 5757 1303 5822 ἄξια,
1334 5758 1433 5828 ἤδη
1492 5758 1706 5819 πάντως

210 5874 456 5933 ⁵⁵)Ιδιτίι.
495 5892 566 5930 vn
624 5876 704 5932 l6.
789 5879 831 5908 ⁵⁸⁵
872 5875 1070 5931 Uouit.
1116 5892 1175 5939 ιι,
1212 5875 1290 5928 l9.

1809 3637 1947 3690 nihil
1994 3639 2248 3707 cognovi,
2283 3641 2375 3693 sed
2424 3640 2529 3694 heu
2559 3641 2797 3710 peccatis
2823 3643 2960 3696 meis
2986 3643 3136 3712 quod
3173 3641 3289 3699 bzec
3324 3644 3402 3699 ita

1808 3729 2148 3782 evenerunt!
2202 3728 2503 3784 lndicatum
2553 3733 2698 3786 enim
2755 3733 2997 3789 mihiest
3042 3750 3071 3788 a
3113 3734 3402 3800 fratribus,

1807 3819 2021 3874 litteras
2078 3821 2198 3874 illas
2235 3838 2341 3874 una
2377 3838 2501 3876 eum
2532 3823 2657 3878 aliis
2713 3824 3071 3879 intercidisse
3107 3845 3120 3879 :
3192 3836 3247 3880 et
3289 3827 3405 3883 haec

1809 3912 2032 3982 quidem
2105 3913 2308 3967 diaboli
2360 3913 2464 3967 vis.
2520 3913 2622 3968 Sed
2671 3915 2790 3971 laus
2825 3914 2956 3981 Deo,
2986 3916 3080 3984 qui
3119 3918 3243 3973 illas
3269 3917 3398 3974 abs-

1809 4005 1998 4058 condit
2071 4004 2139 4058 iis
2168 4005 2263 4073 qui
2295 4020 2478 4058 rerum
2512 4007 2836 4074 potiuntur:
2884 4008 3073 4063 multis
3117 4010 3267 4063 enim
3300 4011 3406 4064 im-

1810 4097 2088 4166 pendebat
2148 4097 2479 4165 periculum.
2546 4098 2855 4163 Quinetiam
2932 4102 3164 4170 periisse
3238 4101 3406 4157 simul

1809 4189 2046 4253 iambos,
2114 4205 2254 4258 quos
2309 4200 2457 4245 recte
2531 4206 2700 4261 agens
2742 4202 2936 4248 contra
3004 4193 3404 4250 lcouomachos

1811 4282 2114 4351 scripseras
2155 4300 2167 4334 :
2220 4284 2448 4336 omnino
2500 4295 2679 4338 autem
2735 4286 2856 4340 sine
2904 4288 3156 4354 exemplo
3183 4295 3239 4343 et
3269 4299 3400 4343 nota

1808 4388 1906 4427 eos
1931 4375 2147 4428 mittere
2176 4390 2284 4428 non
2329 4376 2620 4431 debueras.
2655 4375 2780 4431 Haec
2831 4393 2964 4433 sane
3005 4379 3406 4437 contristarunt

1811 4479 1935 4526 nos,
1971 4475 2030 4518 ut
2058 4480 2157 4534 par
2186 4473 2329 4519 erat.
2361 4463 2474 4535 Ego
2502 4479 2632 4519 vero
2658 4467 2885 4522 humilis
2923 4467 3120 4520 iterum
3148 4468 3403 4538 alloquor

1812 4556 2157 4610 sanctitatem
2186 4566 2356 4621 tuam,
2396 4557 2590 4611 faciem
2626 4560 2999 4613 venerandam
3053 4559 3239 4614 videre
3263 4560 3404 4614 desi-

1812 4646 2044 4710 (leraus;
2078 4647 2234 4715 cujus
2277 4649 2424 4700 cnim
2465 4649 2649 4715 potius
2681 4665 2846 4717 quam
2882 4650 3076 4703 tuam?
3117 4650 3196 4704 Ac
3221 4665 3404 4706 nonne

1812 4739 2064 4807 semper?
2105 4754 2283 4808 neque
2328 4740 2380 4792 id
2410 4755 2476 4794 ex
2515 4750 2710 4793 natura
2755 4750 2994 4808 tantum,
3035 4752 3304 4811 quantum
3334 4757 3402 4798 ex

1815 4831 2093 4883 actionum
2157 4831 2494 4899 conspiranti
2547 4833 2828 4899 societate,
2890 4849 2999 4889 non
3050 4835 3200 4889 humi
3247 4845 3402 4902 nata,

1811 4920 1902 4973 sed
1965 4920 2181 4975 caelitus
2237 4920 2504 4992 profecta,
2541 4937 2572 4977 a
2603 4926 2796 4993 primis
2844 4927 2956 4981 fere
3003 4926 3318 4981 carceribus
3345 4927 3404 4981 in

1812 5013 1952 5066 hanc
1981 5013 2146 5078 diem,
2205 5025 2264 5066 ut
2295 5015 2478 5068 sciunt
2505 5030 2728 5081 omnes;
2775 5033 2840 5073 ac
2887 5017 3269 5072 formaverunt
3299 5034 3397 5085 pa-

1810 5115 2016 5168 rentes,
2081 5105 2444 5174 corporaliter
2509 5107 2689 5161 dicam
2729 5124 2797 5162 an
2854 5109 3254 5178 spiritualiter?
3289 5108 3404 5163 Uti-

1813 5213 1937 5250 nam
1990 5207 2173 5251 autem
2227 5199 2308 5254 sic
2341 5214 2665 5255 maneamus
2702 5202 2868 5255 etiam
2921 5203 2973 5255 in
3004 5212 3307 5271 posterum,
3343 5213 3403 5257 ut

1813 5305 1842 5342 a
1900 5289 2102 5344 virtute
2162 5301 2256 5345 tua
2317 5307 2425 5346 non
2477 5291 2708 5347 divellar
2748 5305 3094 5364 peccatorum
3151 5309 3401 5351 raeorum

1817 5383 2186 5449 multitudine,
2258 5400 2322 5439 ex
2367 5385 2551 5441 divina
2590 5387 2923 5458 benignitate
2959 5386 3396 5449 consentientes,

1812 5485 1865 5528 et
1894 5493 1958 5529 ex
1996 5490 2186 5530 eorum
2225 5476 2612 5546 deprecatione
2643 5481 2733 5549 qui
2787 5481 3131 5550 genuerunt!
3178 5481 3256 5534 Ac
3276 5488 3399 5533 vota

1816 5573 2034 5634 quidem
2074 5582 2260 5626 nostra
2295 5576 2418 5627 talia
2449 5587 2597 5629 sunt.

1887 5666 2093 5719 Caetera
2122 5677 2303 5720 autem
2337 5670 2521 5736 qualia
2552 5679 2608 5723 et
2639 5686 2800 5740 quam
2841 5671 3032 5734 multa,
3067 5671 3118 5723 in
3158 5668 3400 5726 Ecclesia

1819 5757 1935 5827 Dei,
1985 5763 2187 5831 gemitu
2219 5778 2281 5816 ac
2325 5762 2582 5833 lacryntis
2622 5765 2805 5835 digna,
2836 5766 2945 5834 jam
2992 5780 3211 5833 prorsus
3244 5765 3397 5818 audi-
