3990 6318
592 386 729 449 1203
1786 392 1847 451 S.
1878 389 2273 452 THEODORI
2300 389 2651 452 STUDIT/E
3733 384 3887 451 1204

588 498 659 553 sti
696 515 710 551 :
750 512 875 568 qua
911 498 1055 553 enim
1086 514 1156 555 ne
1208 496 1375 569 prisci
1405 499 1624 569 quidem
1662 508 1852 556 contra
1880 501 2159 557 Christum

2286 502 2487 565 ικούοις
2514 518 2529 533 ·
2560 500 2596 555 ἃ
2621 502 2731 571 γάρ
2750 497 2872 551 οὐδὲ
2906 498 2956 553 oi
2983 497 3154 553 πάλαι
3186 498 3577 573 αἱρετίσαντες
3609 498 3887 569 ἔπραξαν

588 600 812 663 egerant
860 591 1123 656 haeretici,
1187 607 1250 646 ea
1312 607 1459 646 nunc
1512 592 1709 663 majori
1766 595 1917 648 rabie
1952 602 2167 665 patrata

2286 591 2416 645 κατὰ
2439 589 2701 662 Χριστοῦ,
2727 589 2900 643 ταῦτα
2935 587 3314 661 μανικώτερον
3342 589 3717 662 ἐξείργασται
3754 592 3884 648 νῦν.

592 697 740 739 sunt.
768 684 837 740 Et
881 685 1087 739 dormit
1142 684 1418 754 Christus,
1450 697 1505 742 et
1532 688 1736 743 salsum
1770 689 2170 748 incredulitatis

2286 684 2383 736 Καὶ
2419 682 2659 753 Χριστὸς
2687 682 2943 735 καθεύδει
2966 698 2983 714 ο
3018 682 3168 754 καλή
3196 683 3419 753 ἀλμυρὰ
3456 684 3561 753 τῆς
3593 684 3885 748 ἀπιστίας

589 792 741 832 mare
792 777 1148 843 intumescit,
1204 788 1509 834 extremam
1560 782 1855 851 perniciem
1913 781 2167 838 aﬂ‘erens.

2286 776 2519 829 λάλασσα
2559 776 2967 847 κεκορύφωται,
3022 774 3383 846 πανολεθρίαν
3416 775 3684 831 ποιοῦσα.
3726 777 3884 831 Ἀλλ’

594 870 699 923 Sed
748 871 931 925 adsint
970 881 1147 926 tecum
1184 874 1428 941 germani
1459 874 1731 945 discipuli,
1764 875 1856 945 qui
1891 874 2169 932 Christum

2286 868 2465 938 εἴησαν
2498 871 2596 925 σὺν
2626 870 2711 923 σοὶ
2741 870 2792 923 οι
2832 868 3217 941 γνησιεύοντες
3247 869 3354 923 τῶν
3388 868 3685 939 μαθητῶν,
3732 870 3884 940 Χρι-

591 964 658 1015 ad
692 962 1121 1032 increpationem
1160 965 1497 1036 periculique
1532 966 1905 1037 depulsionem
1932 970 2174 1024 exsusci-

593 1062 726 1108 tent.
756 1053 905 1107 Abiit
929 1063 983 1109 et
1016 1070 1174 1110 meus
1204 1056 1258 1109 in
1290 1056 1479 1112 habitu
1508 1068 1797 1128 susceptor
1825 1074 1891 1113 ac
1913 1073 2171 1131 sponsor,

591 1144 678 1197 vir
731 1144 928 1210 bonus,
996 1145 1368 1203 confessionis
1420 1151 1705 1219 praamium
1772 1162 2063 1222 reportans
2118 1154 2173 1207 in

592 1234 1003 1303 molestissima,
1029 1249 1089 1293 ut
1154 1239 1211 1294 in
1264 1240 1466 1296 lectulo
1528 1256 1589 1297 se
1640 1242 1758 1313 ipse
1787 1258 2011 1299 versare
2064 1260 2175 1301 non

594 1338 805 1397 posset,
842 1330 1185 1386 inﬁrmitate.
1267 1331 1595 1399 Quomodo?
1670 1332 1811 1389 Cum
1870 1337 2174 1403 resisteret,

594 1417 862 1473 abductus
898 1429 982 1475 est
1014 1431 1068 1475 et
1103 1422 1435 1487 custoditus,
1457 1424 1655 1481 deinde
1684 1425 1851 1480 etiam
1882 1426 2177 1499 relegatus,

594 1519 761 1580 atque
803 1510 875 1565 ita
907 1514 1233 1584 martyrium
1263 1530 1677 1572 consummans.
1711 1517 1895 1589 Itaque
1920 1520 2179 1577 Dominus

596 1617 706 1657 non
781 1603 1030 1673 despexit
1084 1605 1408 1661 obedientiae
1471 1608 1590 1678 ejus
1637 1609 1873 1676 labores,
1944 1622 2179 1681 quantos

598 1694 739 1747 nosti
772 1712 785 1747 :
834 1695 1051 1751 tametsi
1092 1707 1317 1767 propter
1341 1711 1568 1769 peccata
1599 1716 1719 1756 mea
1745 1703 1887 1757 inter
1914 1702 2177 1759 Mazchia—

596 1804 699 1844 nos
742 1790 1117 1860 deprehensus
1156 1792 1341 1859 fuerit,
1386 1795 1606 1864 corpori
1647 1811 1897 1865 parcens,
1921 1812 2031 1852 non
2065 1799 2183 1852 ani-

596 1897 687 1936 mo
712 1882 841 1936 item
872 1882 1155 1953 abreptus,
1189 1895 1246 1939 ut
1273 1900 1360 1940 res
1392 1885 1511 1956 ipsa
1544 1887 1861 1942 declaravit.
1886 1888 2181 1958 Propterea

596 1978 765 2033 coetui
805 1994 837 2033 a
886 1978 997 2034 Deo
1038 1980 1365 2045 subductus,
1403 1982 1456 2035 in
1488 1982 1714 2037 alteram
1755 1992 1967 2052 partem
2008 1983 2181 2037 victo-

598 2067 738 2122 riam
782 2067 989 2122 vertit:
1045 2070 1515 2138 quemadmodum
1559 2081 1614 2128 et
1657 2073 1990 2138 Mediciotes,
2018 2082 2183 2143 atque

597 2159 736 2213 adeo
788 2157 1041 2215 Nicaanus
1092 2177 1355 2232 quoque;
1414 2174 1475 2218 ut
1526 2163 1725 2220 litteris
1781 2164 1916 2234 ipsis
1954 2165 2184 2220 edoctus

598 2270 742 2312 sum.
783 2253 851 2309 Et
873 2254 1000 2324 quid
1031 2255 1176 2309 hunc
1205 2264 1299 2309 aut
1342 2255 1495 2309 illum
1526 2254 1693 2310 dico?
1726 2254 1855 2309 Mihi
1881 2255 2026 2310 enim
2058 2269 2185 2324 per-

598 2348 827 2411 suadeo.
847 2348 927 2402 sio
953 2347 1176 2402 allectos
1203 2362 1323 2401 esse
1350 2362 1544 2402 omnes
1560 2348 1653 2415 qui
1679 2348 2018 2403 restiterunt.
2041 2347 2184 2413 Quin

597 2451 655 2499 et
689 2441 805 2511 ipse
832 2456 996 2496 verus
1022 2440 1335 2510 patriarcha
1363 2450 1551 2494 noster
1576 2442 1860 2495 veritatem
1881 2445 2184 2511 proﬁtetur,

603 2544 664 2587 ut
686 2548 754 2587 ex
792 2531 915 2599 ejus
964 2546 1062 2587 ore
1096 2532 1262 2586 didici
1308 2531 1403 2601 qui
1449 2531 1601 2586 illum
1652 2533 1915 2599 audierat,
1958 2536 2191 2604 ejusque

601 2622 983 2678 defensionem
1037 2623 1319 2678 laudabat.
1384 2621 1512 2678 Haec
1568 2624 1708 2688 dixi,
1761 2633 1875 2679 tum
1901 2634 1963 2679 ut
1994 2624 2191 2681 defun—

601 2724 750 2767 ctum
779 2714 976 2767 merito
1033 2714 1336 2776 laudarem,
1373 2723 1486 2768 tum
1523 2725 1582 2768 ut
1612 2716 1891 2770 sanctitati
1930 2726 2037 2771 tua:
2060 2725 2188 2771 nota

602 2806 839 2864 facerem
864 2824 987 2876 qum
1006 2807 1294 2861 debebam.
1334 2807 1439 2861 Sed
1479 2822 1585 2861 non
1620 2809 1844 2877 ignoras
1871 2810 2188 2864 intestinum

604 2900 832 2963 malum,
880 2898 1167 2953 Leontium
1220 2900 1373 2954 illum
1402 2902 1674 2968 quondam
1722 2910 1993 2961 nostrum.
2019 2902 2111 2971 qui
2139 2910 2194 2955 et

604 2999 765 3043 antea
838 2987 1163 3044 Mtechianis
1218 2990 1469 3053 adhaesit,
1522 3000 1576 3043 et
1624 3006 1768 3045 nunc
1812 2992 2066 3060 princeps
2110 3002 2194 3045 est

605 3082 1116 3138 Ieonomacborum.
1173 3081 1304 3136 Eam
1357 3082 1429 3137 ob
1482 3099 1705 3137 causam
1756 3092 1812 3136 et
1867 3082 2191 3137 Studianutu

605 3173 866 3234 obtinuit,
898 3182 952 3226 et
976 3172 1307 3229 Saccudioni
1353 3174 1550 3241 injuste
1595 3175 1934 3229 dominatur.
1980 3175 2053 3228 Ex
2086 3174 2191 3229 im-

605 3278 746 3333 puro
804 3264 939 3319 nihil
997 3280 1193 3329 purum
1234 3282 1246 3317 :
1290 3264 1469 3333 qualis
1514 3264 1727 3335 genitor
1774 3264 2037 3326 carnalis,
2070 3264 2193 3317 talis

607 3367 671 3408 et
710 3354 855 3411 ﬁlius
894 3372 909 3410 :
950 3372 1111 3425 quem
1153 3355 1297 3410 Deus
1354 3364 1640 3409 convertat
1698 3356 1903 3411 sanctis
1947 3354 2198 3425 precibus

612 3445 725 3500 tuis
751 3463 767 3513 ;
796 3454 851 3500 et
886 3462 973 3502 me
1006 3457 1353 3516 peccatorem
1390 3447 1443 3501 in
1504 3448 1699 3501 timore
1748 3463 1849 3501 suo
1889 3446 2197 3501 conﬁrmet.

612 3538 804 3593 Saluto
859 3553 955 3594 eos
994 3542 1089 3608 qui
1143 3539 1465 3593 reverentiae
1518 3548 1627 3593 tuae
1672 3538 2031 3595 famulantur.
2091 3537 2196 3605 Qui

609 3643 826 3697 mecum
860 3640 967 3696 est,
1008 3636 1069 3685 ut
1097 3628 1342 3686 famulus
1383 3639 1434 3686 te
1466 3639 1783 3691 veneratur.

1005 3918 1221 3976 XXXII.
1254 3952 1324 3961 —
1356 3920 1621 3975 Thaletica
1662 3920 1795 3991 ﬁlio.

2278 960 2402 1014 στὸν
2444 962 2524 1024 είς
2574 961 2897 1032 ἐπιτίμησιν
2928 959 3025 1014 καὶ
3065 960 3503 1030 καταστόρευσιν
3541 961 3648 1031 τῆς
3685 961 3885 1014 κινδυ-

2277 1052 2518 1117 νεύσεως
2554 1053 2938 1125 διεγείροντες.
2992 1052 3219 1123 Οῖχεταί
3258 1070 3361 1124 μου
3386 1054 3481 1107 καὶ
3525 1055 3554 1106 ὁ
3591 1051 3699 1106 τοῦ
3746 1056 3888 1124 σχή-

2280 1161 2450 1214 ματος
2503 1145 2763 1217 ἀνάδοχος
2788 1186 2804 1210 ,
2876 1144 3016 1216 ἀνὴρ
3067 1144 3291 1215 ἀγαθὸς,
3345 1143 3645 1215 ὁμολογίας
3707 1140 3887 1198 ἆθλαν

2277 1236 2727 1305 ἀπενεγκάμενος
2768 1238 2827 1288 ἐν
2868 1235 3093 1307 τοιαύτῃ
3144 1236 3503 1307 χαλεπωτάτῃ
3565 1235 3756 1306 νόσῳ·
3802 1236 3888 1299 ὡς

2278 1327 2476 1391 ἐνδεῶς
2504 1326 2654 1398 ἔχειν
2689 1327 2910 1381 καὶτοῦ
2948 1328 3041 1381 ἐπὶ
3080 1327 3269 1397 κλίνης
3306 1327 3667 1398 στρέφεσθαι.
3704 1328 3886 1395 Πῶς;

2279 1421 2495 1485 ἐνστὰς,
2538 1420 2635 1474 καὶ
2670 1419 2861 1492 ἀρθεὶς
2900 1422 2995 1475 καὶ
3040 1419 3422 1491 φυλακισθεὶς,
3456 1416 3577 1472 εἶτα
3614 1421 3721 1473 καὶ
3787 1421 3886 1487 ἐξ-

2278 1512 2519 1585 ορισθείς
2544 1531 2559 1547 ·
2587 1513 2880 1587 καὶταύτῃ
2908 1514 2968 1567 τὸ
2997 1514 3296 1585 μαρτύριον
3330 1512 3575 1575 τελέσας.
3609 1514 3694 1565 Οὐ
3727 1530 3886 1584 παρη

2281 1608 2420 1661 εἶδεν
2462 1601 2557 1662 οὖν
2601 1606 2765 1660 αὐτοῦ
2795 1610 3000 1677 Κύριος
3032 1609 3161 1672 τοὺς
3200 1608 3605 1670 ύποτακτικοὺς
3635 1608 3885 1671 κόπους,

2280 1701 2515 1765 ὁπόσους
2538 1695 2720 1765 οἶσθα,
2738 1700 2840 1753 κᾶν
2870 1700 3015 1754 ἑάλω
3059 1700 3201 1753 κατά
3228 1700 3327 1762 τὰς
3355 1699 3633 1769 ἁμαρτίας
3665 1716 3779 1768 μου
3825 1702 3887 1752 ἐν

2283 1796 2397 1858 τοῖς
2426 1795 2801 1865 Μοιχειανοῖς,
2836 1794 3012 1863 φειδοῖ
3040 1793 3133 1846 τοῦ
3160 1793 3429 1863 σώματος,
3474 1792 3532 1844 οὗ
3567 1792 3886 1862 συναιρού-

2288 1903 2450 1957 μενος
2479 1886 2557 1958 τῷ
2602 1886 2954 1958 φρονήματι·
2997 1886 3073 1950 ὠς
3102 1886 3161 1939 τὸ
3193 1888 3427 1957 πρᾶγμα
3477 1884 3728 1941 ἐδείκνυ.
3779 1885 3887 1939 Διά

2283 1978 2444 2032 τοῦτο
2462 1980 2568 2032 ὑπὸ
2594 1979 2730 2032 θεοῦ
2762 1980 2857 2032 καὶ
2883 1980 3073 2050 ραγεὶς
3089 1979 3187 2046 τῆς
3208 1977 3539 2049 συμμορίας,
3560 1979 3888 2049 ἑτεραλκέα

2283 2072 2383 2140 τὴν
2398 2070 2571 2139 ’νίκην
2600 2072 2920 2140 πεποίηται,
2945 2069 3133 2140 ῶσπερ
3152 2072 3247 2123 καὶ
3267 2072 3295 2123 ό
3321 2069 3683 2139 Μηδικιώτης
3706 2085 3721 2095 ·
3739 2069 3885 2122 ἀλλὰ

2290 2163 2395 2234 μὴν
2421 2162 2520 2216 καὶ
2554 2164 2583 2215 ὁ
2622 2163 2891 2227 Νικαίας”
2922 2163 2997 2226 ὡς
3029 2163 3355 2233 γράμμασιν
3404 2161 3593 2223 αὐτοῖς
3630 2160 3889 2213 ἐπιστὼσ

2287 2254 2411 2324 θην.
2442 2256 2553 2324 καὶ
2580 2255 2632 2307 τί
2674 2254 2821 2322 λέγω
2846 2252 3037 2307 τοῦτον
3077 2255 3360 2317 κάκεῖνον;
3394 2253 3504 2305 Καὶ
3531 2252 3644 2323 γὰρ
3680 2252 3885 2305 πείθοι-

2291 2364 2389 2416 μαι
2416 2348 2507 2399 καὶ
2530 2345 2761 2399 ἕκαστον
2777 2344 2888 2397 τῶν
2915 2344 3285 2415 ἐνισταμένων
3306 2342 3476 2406 οὕτως
3498 2343 3669 2413 ἔχειν.
3714 2342 3887 2397 Ἀλλά

2288 2440 2399 2507 γὰρ
2428 2439 2524 2491 καὶ
2555 2438 2718 2500 αὐτὸς
2754 2438 2782 2490 ό
2814 2435 3067 2507 ἀληθινὸς
3100 2434 3262 2505 ἡμῶν
3292 2435 3645 2506 πατριάρχης
3679 2435 3885 2505 ὁμολο-

2290 2530 2401 2599 γῶν
2434 2531 2548 2582 ἐστι
2573 2529 2671 2600 τὴν
2699 2528 2963 2599 ἀλήθειαν
2982 2543 2997 2559 ⁶
3028 2527 3105 2591 ὡς
3142 2526 3343 2599 ἔμαθον
3379 2528 3443 2579 ἐκ
3472 2528 3756 2595 στόματος
3782 2528 3884 2581 τοῦ

2292 2620 2423 2691 παρ’
2474 2620 2640 2675 αὐτοῦ
2684 2620 3006 2688 ἀκηκοότος,
3058 2619 3155 2674 καὶ
3199 2618 3553 2682 ἐπαινοῦντος
3597 2620 3701 2690 τὴν
3757 2622 3884 2675 τότε

2293 2709 2573 2765 ἔνστασιν.
2607 2712 2822 2781 Εῖρηκα
2852 2711 3043 2776 ταῦτα,
3073 2710 3211 2780 ὁμοῦ
3242 2710 3343 2782 μὶν
3366 2711 3459 2764 τὸν
3482 2712 3885 2782 ἐκδημήσαντα

2292 2804 2521 2866 εἰκότως
2568 2802 2890 2871 ἀποτιμῶν·
2954 2803 3093 2873 ὁμοῦ
3138 2803 3196 2856 δὲ
3237 2804 3335 2857 καὶ
3368 2805 3437 2874 τῇ
3497 2806 3565 2873 σῇ
3632 2804 3885 2873 ὁσιότητι

2293 2895 2552 2966 γνώριμα
2582 2894 2856 2947 καθιστῶν
2885 2894 2954 2947 τὰ
3001 2896 3348 2966 ὀφειλόμενα.
3392 2895 3535 2949 Ἀλλ’
3588 2892 3747 2961 οἶδας
3798 2897 3885 2951 ὅτι

2293 2990 2353 3042 τὸ
2383 2989 2674 3057 ἐγκόλπιον
2723 2986 2895 3040 κακὸν
2943 2987 3218 3053 Λεόντιος,
3249 2990 3277 3041 ὁ
3303 2988 3435 3042 ποτὲ
3475 2988 3778 3059 ἡμέτερος,
3807 2990 3890 3057 ὡς

2297 3077 2623 3147 συναπήχθη
2680 3080 2797 3140 τοῖς
2853 3078 3199 3147 Μοιχειανοῖς
3263 3079 3556 3149 πρότερον,
3632 3081 3736 3132 καὶ
3789 3079 3888 3133 νῦν

2298 3170 2611 3240 προστάτης
2666 3170 2776 3223 τῶν
2828 3169 3236 3238 Είκονομάχων.
3293 3169 3392 3222 Διά
3440 3168 3605 3223 τοῦτο
3656 3171 3758 3223 καὶ
3816 3171 3890 3223 τὰ

2249 3265 2263 3281 ⁸
2296 3262 2544 3316 Στουδίου
2581 3262 2860 3331 παρέλαϐε
2882 3279 2897 3293 ·
2948 3262 3045 3314 καὶ
3074 3261 3171 3315 τοῦ
3206 3262 3615 3324 Σακκουδίωνος
3659 3262 3891 3334 ἀνόμως

2295 3355 2477 3424 ἄρχει.
2518 3353 2607 3419 Ἐξ
2640 3352 2959 3423 ἀκαθάρτου
2984 3354 3140 3406 οὐδὲν
3178 3353 3454 3424 καθαρόν·
3486 3348 3601 3417 οἷος
3638 3356 3668 3407 ὁ
3705 3356 3890 3424 φύσας

2296 3445 2440 3499 κατὰ
2496 3446 2696 3513 σάρκα,
2758 3442 3001 3497 τοιοῦτον
3048 3444 3114 3515 δὴ
3178 3446 3272 3498 καὶ
3324 3446 3384 3498 τὸ
3418 3446 3669 3518 γέννημα
3707 3463 3723 3479 ·
3764 3447 3825 3500 δν
3860 3450 3891 3501 ὁ

2301 3536 2435 3599 Θεὸς
2485 3536 2913 3608 μεταστρέψειεν
2947 3536 3137 3607 εὐχαῖς
3181 3552 3276 3589 σου
3310 3535 3525 3604 ἁγίαις*
3558 3537 3708 3607 κάμὲ
3756 3555 3891 3611 στη-

2302 3628 2469 3699 ρίξειε
2504 3629 2595 3682 τὸν
2629 3628 2957 3699 ἁμαρτωλὸν
3004 3630 3085 3693 εἰς
3115 3628 3280 3698 φόϐον
3312 3626 3499 3683 αὐτοῦ.
3542 3628 3686 3693 Τοὺς
3713 3630 3889 3700 ἠξιωο

2301 3721 2496 3790 μένους
2536 3721 2931 3794 ὑπηρετεῖσθαι
2959 3724 3028 3793 τῇ
3060 3722 3340 3792 τιμιότητί
3377 3739 3474 3777 σου
3502 3722 3891 3795 προσφθέγγοο

2299 3831 2419 3884 μαι.
2451 3816 2509 3869 '0
2542 3815 2639 3871 σὺν
2669 3816 2792 3885 ἐμοί
2824 3831 2884 3868 σε
2909 3815 3177 3879 δουλικῶς
3202 3818 3522 3885 προσκυνεῖ.

2600 3928 2724 3982 AB‘.
2762 3957 2833 3969 —
2864 3930 3171 3993 Θαλελαίῳ
3206 3930 3413 3997 τέκνῳ.
3435 3928 3618 4003 [σξθ’.]

736 4019 813 4070 De
846 4014 1166 4080 presbytero,
1200 4014 1308 4079 qui,
1337 4030 1449 4066 cum
1483 4016 1791 4067 orthodoxus
1823 4021 1980 4079 esset,
2019 4024 2179 4079 metu,
2204 4032 2315 4069 cum
2350 4020 2599 4071 haereticis
2622 4020 2788 4072 cibum
2821 4022 3068 4072 sumebat.
3098 4019 3303 4085 (Baron.
3324 4034 3403 4071 an.
3425 4023 3536 4083 818,
3557 4036 3611 4072 n.
3635 4024 3745 4086 20.)

684 4100 854 4156 Recte
905 4101 1088 4170 egisti,
1144 4102 1239 4170 qui
1268 4102 1335 4156 ad
1388 4117 1474 4157 me
1523 4103 1832 4172 scripseris,
1873 4104 2069 4158 dilecte
2102 4104 2177 4158 ﬁli

2377 4108 2573 4170 Καλῶς
2612 4108 2898 4180 ἐποίησας,
2943 4106 3255 4169 ἐπιστείλας
3295 4123 3410 4178 μοι,
3440 4107 3635 4161 τέκνον
3663 4109 3888 4184 ἠγαπη-

616 4194 731 4249 Hoc
758 4194 877 4262 ipso
902 4194 1047 4247 enim
1081 4202 1196 4247 tum
1240 4194 1424 4260 ﬁdem,
1464 4206 1577 4249 tum
1603 4210 1845 4250 amorem
1880 4204 2037 4250 tuum
2074 4212 2184 4267 pro-

2306 4199 2489 4268 μένον.
2517 4200 2767 4265 Ἐδειξας
2799 4203 2909 4272 γὰρ
2938 4202 2994 4253 ἐν
3017 4200 3191 4269 τούτῳ
3212 4200 3311 4273 τὴν
3336 4198 3523 4253 πίστιν
3543 4199 3638 4251 καὶ
3656 4201 3889 4274 ἀγάπην

615 4285 823 4341 didisti.
859 4284 964 4338 Sed
999 4284 1129 4353 quid
1162 4284 1295 4339 mihi
1333 4284 1523 4339 laudes
1552 4286 1782 4349 occinis,
1820 4300 2051 4354 quarum
2086 4301 2184 4340 om‘

2304 4309 2420 4346 σου.
2464 4293 2625 4347 Ἀλλά
2652 4293 2705 4346 τί
2732 4310 2822 4363 μοι
2862 4294 3119 4357 ἐπαίνους
3154 4293 3324 4365 ᾄδεις,
3363 4285 3440 4346 ὧν
3482 4292 3702 4363 ἀμοιρῶ
3741 4297 3887 4351 κατὰ

618 4379 749 4435 nino
792 4393 915 4432 sum
974 4376 1202 4445 expers?
1240 4374 1357 4431 Non
1414 4394 1499 4432 me
1553 4388 1895 4448 peccatorem
1949 4380 2113 4443 nosti,
2142 4395 2184 4433 at

2303 4385 2514 4451 πάντα;
2544 4386 2659 4439 Οὐκ
2695 4380 2845 4448 οἶδας
2883 4385 2965 4438 ὅτι
2995 4384 3325 4455 ἁμαρτωλὸς
3373 4383 3487 4453 ἐγὼ
3536 4385 3633 4438 καὶ
3666 4384 3889 4459 ίδιὼτης

618 4486 875 4527 sermone
908 4471 1095 4527 rudem
1116 4471 1140 4523 ?
1165 4470 1272 4525 Sed
1304 4470 1479 4525 solers
1503 4482 1586 4526 est
1612 4473 1906 4526 admodum
1940 4473 2178 4527 charitas

2306 4476 2385 4546 τῷ
2422 4477 2604 4547 λόγῳ;
2643 4477 2785 4530 Ἀλλ’
2812 4479 2846 4547 ὴ
2878 4477 3068 4544 ἀγάπη
3092 4476 3509 4542 κλεπτίστατος,
3539 4476 3611 4531 τά
3644 4477 3723 4548 μὴ
3753 4478 3887 4533 ὄντα

618 4565 811 4620 amicis
847 4580 941 4620 eas
974 4574 1209 4635 quarum
1240 4575 1493 4636 expertes
1510 4576 1641 4624 sunt
1671 4565 1857 4621 laudes
1877 4568 2179 4621 attribucns

2307 4571 2419 4631 τοῖς
2453 4568 2781 4638 ἀγεράστοις
2823 4566 2977 4639 παρὰ
3006 4567 3116 4620 τῶν
3140 4567 3436 4635 φιλούντων
3466 4569 3886 4639 προσάπτουσα.

620 4656 909 4713 Laudandi
944 4658 1111 4727 igitur
1131 4658 1313 4714 studio
1362 4659 1533 4714 misso
1554 4700 1567 4720 .
1599 4675 1696 4714 ora
1728 4661 1910 4729 potius
1933 4701 1949 4727 ,
1996 4658 2069 4715 ﬁli
2095 4699 2110 4725 ,
2147 4676 2177 4713 u

2323 4660 2619 4730 Ἀρφέμενος
2668 4656 2763 4715 οῦν
2809 4658 2906 4713 τοῦ
2953 4661 3233 4727 ἐπαινεῖν,
3284 4660 3594 4731 προσεύχου
3650 4662 3885 4731 μᾶλλον,

622 4749 677 4803 in
705 4747 937 4804 Domino
960 4749 1336 4813 eonstabiliar,
1354 4760 1406 4805 et
1428 4750 1578 4805 omni
1603 4751 1761 4805 modo
1786 4767 1975 4807 server
1991 4766 2021 4806 a
2038 4752 2181 4805 malo

2306 4754 2516 4817 τέκνον,
2558 4750 2911 4822 στηρίζεσθαι
2953 4769 3020 4819 με
3047 4753 3106 4805 ἐν
3145 4751 3356 4823 Κυρίῳ,
3393 4752 3491 4804 καὶ
3520 4752 3793 4816 σώζεσθαι
3826 4757 3888 4809 ἐν

618 4842 934 4913 Corporalis
982 4842 1275 4899 inﬁrmitas
1331 4853 1422 4898 tua
1463 4859 1585 4898 cum
1639 4849 1939 4915 gratiarum
1991 4846 2184 4900 actione

2308 4845 2473 4900 παντὶ
2528 4844 2714 4915 τρόπῳ
2750 4844 2858 4897 ἀπὸ
2908 4844 3003 4899 τοῦ
3048 4844 3318 4915 Πονηροῦ.
3370 4844 3433 4897 Ἦ
3462 4847 3757 4919 σωματικὴ
3791 4864 3886 4903 σου

619 4934 692 4990 sit
717 4933 859 5003 apud
889 4933 1058 4989 Deum
1093 4952 1108 4989 :
1144 4950 1245 4989 nec
1274 4936 1343 4991 de
1374 4937 1539 4991 modo
1563 4938 1893 4991 contristare
1933 4953 2040 5006 quo
2068 4953 2184 4991 corn

2308 4936 2563 4992 ἀσθένεια
2583 4938 2639 4989 ἐν
2668 4936 2993 5008 εὐχαριστίᾳ
3016 4937 3103 5007 εἴη
3129 4936 3264 5006 πρὸς
3293 4935 3427 4989 Θεόν
3448 4950 3463 4966 ⁸
3494 4937 3591 4990 καὶ
3610 4936 3687 5008 μὴ
3714 4938 3886 4992 λυποῦ

623 5026 763 5098 tigit.
814 5024 976 5080 Novit
1017 5026 1281 5083 Dominus
1320 5043 1445 5098 quae
1478 5027 1675 5098 cuique
1700 5030 1909 5098 prosint
1946 5027 2184 5083 tribuere

2303 5036 2397 5083 τὸν
2426 5030 2631 5099 τρόπον
2662 5028 2723 5093 ἐξ
2752 5023 2813 5083 οῦ
2834 5025 3023 5099 ἦλθεν.
3061 5025 3183 5082 Οἵδε
3208 5027 3418 5099 Κύριος
3448 5028 3518 5081 τὰ.
3540 5030 3887 5100 συμφέροντα

620 5117 778 5175 Unde
808 5118 858 5172 id
889 5125 1072 5174 tamen
1104 5120 1366 5175 acciderit
1407 5122 1616 5175 nescio.
1655 5120 2037 5175 Maledicentia
2072 5136 2184 5175 cont

2306 5122 2523 5193 ἑκάστῳ
2582 5122 2824 5176 τιθέναι·
2879 5122 3024 5192 πλὴν
3068 5120 3251 5190 ἀγνοῶ
3301 5120 3427 5174 ὅθεν
3480 5138 3564 5175 σοι
3613 5118 3775 5195 ἧκεν.
3827 5123 3887 5176 Ἡ

623 5221 920 5275 temnatur,
945 5226 1010 5266 ac
1039 5212 1289 5267 celeriter
1315 5224 1605 5268 evanescet
1639 5230 1652 5266 :
1684 5214 1729 5267 si
1758 5213 1902 5266 enim
1930 5213 2184 5268 timeatur

2308 5215 2637 5286 βλασφημία
2669 5212 3123 5285 καταφρονείσθω
3144 5229 3158 5243 ·
3205 5213 3303 5267 καὶ
3344 5214 3639 5283 οἰχήσεται
3666 5215 3885 5269 θᾶττον·

627 5303 801 5373 magis
833 5303 1263 5374 ingruet;quam
1310 5306 1500 5361 vincas
1532 5308 1765 5372 utinam,
1797 5302 1908 5360 Deo
1944 5305 2184 5361 corrobo‘

2310 5306 2555 5375 φοΰοῦσα
2590 5306 2648 5359 δὲ
2674 5306 2876 5374 μᾶλλον
2904 5304 3288 5375 παραγίνεται.
3324 5296 3433 5367 Ἧς
3467 5304 3737 5377 ρυσθείης
3760 5303 3886 5359 Θεοῦ

625 5404 800 5451 rante.
830 5392 1155 5464 Quanquam
1187 5394 1438 5464 plurimae
1468 5396 1535 5450 ab
1560 5396 1627 5451 iis
1655 5396 1748 5466 qui
1780 5407 2184 5466 persequuntur

2316 5399 2644 5472 ἐπιῤῥώσει.
2693 5400 2757 5451 El
2803 5398 2899 5452 καὶ
2956 5398 3331 5467 καταπὸνησις
3366 5396 3543 5470 πολλὴ
3594 5400 3751 5472 παρά
3790 5398 3888 5452 τῶν

624 5489 891 5544 molestize
932 5489 1200 5559 ingruunt
1236 5506 1250 5543 :
1290 5499 1345 5545 at
1378 5489 1623 5545 cmlestis
1684 5491 2058 5545 remuneratio
2104 5500 2184 5547 est

2314 5492 2595 5547 διωκτῶν·
2651 5490 2787 5545 ἀλλά
2815 5490 2877 5544 τὸ
2923 5490 3181 5561 βραϐεῖον
3239 5490 3515 5561 οὐράνιον.
3571 5492 3765 5558 Εἴπερ
3806 5486 3889 5544 οὖν

624 5578 898 5649 Siquidem
934 5578 1099 5650 igitur
1143 5581 1515 5648 compatimur,
1538 5587 1588 5632 et
1611 5576 2184 5647 congloriﬁcabimur"

2317 5587 2782 5656 συμπάσχομεν,
2816 5583 2964 5657 [ἵνα]
2988 5584 3085 5637 καὶ
3114 5581 3663 5655 συνδοξασθῶμεν.
3692 5586 3765 5641 Ού
3792 5584 3888 5657 γὰρ

624 5669 741 5727 Non
775 5670 919 5727 enim
954 5670 1336 5727 oblectationis
1380 5672 1545 5735 istud,
1586 5670 1680 5728 sed
1713 5670 1963 5743 martyrii
2000 5679 2177 5742 tempu

2317 5676 2614 5743 εὐπαθείας
2642 5677 2671 5730 ό
2718 5674 2927 5746 καιρὸς,
2957 5673 3091 5729 ἀλλά
3125 5674 3450 5747 μαρτυρίου.

625 5775 729 5818 CSI.

699 5857 738 5885 ⁵⁷
774 5854 928 5911 Rom.
966 5873 1082 5919 VIII,
1115 5857 1198 5911 I7.
