3990 6318
149 400 290 460 1205

1348 392 1896 454 EPISTOLARUM
1947 393 2097 451 LIB.
2132 393 2214 452 II.

3273 388 3405 454 1206

213 513 291 565 Τὸ
329 510 626 583 πρόϐλημα
657 507 787 578 περὶ
837 505 932 559 τοῦ
959 505 1336 575 πρεσὸυτέρου
1376 503 1471 562 τοῦ
1503 503 1720 574 ὀρθοδο-

1883 502 2126 567 Quaestio
2155 503 2222 558 de
2248 503 2593 576 presbytero,
2625 505 2714 574 qui
2743 519 2865 559 cum
2913 503 3256 558 orthodoxus
3295 519 3412 558 ere-

142 602 257 669 ξεῖν
310 602 629 666 δοκοῦντος,
688 597 1062 659 συνεσθίοντος
1131 596 1187 648 δὲ
1236 595 1520 664 ἐπισκόπῳ
1571 593 1718 646 καθά

140 701 375 770 εἴρηκας
395 711 409 725 ο
434 695 482 746 εί
503 693 603 766 μὲν
624 692 890 745 παύσοιτο
908 690 1007 760 τῆς
1024 688 1279 760 τοιαύτης
1299 686 1718 752 συνεστιάσεως,

146 789 269 862 μετ’
297 786 578 858 ἐπιτιμίου
619 784 922 854 ἀπείρξεως
959 783 1056 850 τῆς
1098 780 1409 852 ἱερουργίας
1438 780 1542 843 ἓως
1579 779 1722 842 τινὸς

142 881 370 954 χρόνου,
433 878 631 951 μηκέτι
667 880 747 940 εἰς
783 877 877 928 τὸν
903 874 1068 930 αὑτὸν
1105 874 1321 927 δλισοον
1360 873 1720 927 ὑποπίπτειν·

144 976 260 1046 ἔχει
295 973 438 1028 ἴασιν
481 970 576 1025 τοῦ
627 970 939 1041 ἱερουργεῖν
978 965 1114 1037 Θεῷ.
1170 965 1234 1019 El
1276 965 1333 1020 δὲ
1364 965 1721 1036 ἀδιαφοροίηο

149 1069 224 1138 μὴ
259 1067 471 1136 γένοιτο
501 1063 699 1135 λύτρον
731 1059 925 1131 ἀνδρὸς
949 1061 978 1112 ὁ
1026 1059 1158 1122 ἴδιος
1193 1057 1420 1122 πλοῦτος
1443 1073 1456 1088 ·
1490 1057 1582 1110 τοῦ
1611 1073 1727 1126 φυ-

145 1162 288 1228 γεῖν·
321 1159 418 1212 σὺν
464 1159 532 1226 τῇ
581 1155 727 1209 δόσει
781 1152 878 1206 καὶ
925 1150 1213 1222 αἱρετικῆς
1267 1150 1579 1214 κοινωνίας,
1632 1147 1727 1201 καὶ

148 1255 266 1324 ἁμα
277 1247 776 1324 ρ[τη]τικῆς,ἄλλης
804 1242 1079 1315 πράξεως·
1099 1243 1161 1295 οὺ
1184 1240 1289 1312 μὴν
1321 1244 1387 1312 τῇ
1409 1239 1726 1308 ἀνταλλαγῇ

146 1347 339 1402 δοῦναι
368 1344 431 1398 τὺ
473 1342 661 1408 καλὸν,
708 1340 805 1392 καὶ
833 1339 1022 1392 λαϐεῖν
1054 1335 1117 1389 τὸ
1146 1337 1359 1405 χεῖρονο
1400 1328 1514 1387 οἷον
1543 1331 1730 1385 δοῦναι

149 1441 290 1510 φῶς,
325 1438 420 1492 καὶ
447 1436 635 1490 λαὸεῖν
681 1432 892 1494 σκότος.
950 1429 1073 1483 Οὐδ’
1121 1428 1189 1482 ἂν
1221 1427 1291 1479 τὰ
1335 1425 1433 1480 ὅλα
1467 1425 1730 1496 χρήματα

148 1531 244 1586 τοῦ
284 1530 493 1601 κόσμου
521 1524 751 1596 παρέξει
777 1536 892 1585 τις⁶
931 1521 1027 1575 καὶ
1056 1517 1329 1572 κοινωνῶν
1360 1518 1448 1586 εῐη
1473 1519 1541 1587 τῇ
1575 1515 1732 1586 αἱρέ-

152 1642 260 1688 σει,
294 1622 453 1692 φίλος
493 1617 632 1671 Θεοῦ
683 1615 1032 1676 καθίσταται,
1078 1611 1194 1663 ἀλλ’
1247 1608 1464 1680 ἐχθρός.
1507 1607 1621 1662 Καὶ
1678 1606 1732 1658 τί

149 1717 298 1783 λέγω
334 1710 656 1773 κοινωνίας;
690 1707 810 1760 Κᾶν
838 1707 896 1757 ὲν
932 1700 1206 1775 βρώματι,
1236 1700 1331 1753 καὶ
1377 1698 1605 1769 πόματι,
1638 1696 1733 1749 καὶ

153 1811 308 1880 φιλίᾳ
371 1803 690 1872 συγκάτεισι
736 1802 848 1859 τοῖς
900 1796 1202 1865 αἱρετικοῖς
1255 1790 1577 1852 ὑπεύθυνος,
1624 1790 1731 1841 Τοῦ

152 1897 550 1972 Χρυσοστύμου
576 1895 610 1964 ἡ
645 1892 957 1959 άπόφασις’
1003 1887 1129 1939 ἐπεὶ
1171 1886 1267 1938 καὶ
1310 1883 1511 1944 παντὸς
1549 1881 1728 1950 ἁγίου.

154 1967 280 2054 “ibi;
318 1989 375 2042 δὲ
403 1974 680 2044 ἀκούσιον,
709 1981 803 2034 καὶ
835 1978 937 2030 οὑκ
977 1974 1139 2045 ἔργον
1167 1973 1244 2041 τῷ
1278 1969 1528 2024 δοκοῦντι
1574 1967 1728 2038 ὀρθο-

155 2079 400 2149 φρονεῖν,
434 2069 783 2128 κοινωνοῦντι
816 2065 873 2118 δὲ
902 2066 1052 2134 ὅμως
1084 2065 1151 2133 τῇ
1188 2062 1408 2131 ἁρέσει;
1449 2057 1734 2111 Ἀκούσιόν

155 2175 330 2235 ἐστιν,
367 2170 496 2222 ὅταν
526 2163 587 2217 τὸ
619 2162 791 2230 στόμα
821 2177 907 2221 τις
937 2157 1035 2210 τοῦ
1062 2152 1348 2226 ὀρθοδόξου
1382 2151 1576 2221 βιαίως
1604 2150 1736 2202 ἀνα-

156 2265 348 2336 χάνας,
376 2258 551 2329 ἐγχέῃ
588 2254 689 2326 τὴν
719 2250 1002 2322 αἰρετικὴν
1022 2245 1306 2300 κοινωνίαν
1329 2262 1342 2275 ·
1371 2245 1509 2336 ὅπερ
1542 2240 1736 2336 έποίηῗ

160 2333 260 2410 σαν
293 2355 343 2406 οἱ
371 2351 540 2405 πάλαι
578 2344 871 2417 αἱρετικοὶ,
908 2343 1002 2395 καὶ
1032 2337 1304 2400 ποιοῦσιν,
1333 2336 1408 2399 ὡς
1435 2333 1665 2405 ἔμαθον,
1689 2334 1738 2385 οῖ

156 2449 276 2501 νυνὶ
328 2439 726 2516 Χριστομάχοι.
764 2436 838 2489 Τὸ
897 2435 953 2488 δὲ
1013 2431 1104 2500 ἀφ’
1159 2428 1354 2484 ἑαυτοῦ
1422 2428 1736 2498 μετασχεῖν,

161 2539 434 2594 ἑκούσιον.
472 2534 531 2586 Εἰ
557 2533 612 2585 δὲ
641 2532 721 2583 ὅτι
745 2528 889 2581 δέει·
924 2524 1084 2577 τοῦτο
1106 2523 1213 2593 γάρ
1244 2521 1440 2573 ἔστιτὸ
1471 2518 1741 2589 ζητούμε-

159 2649 250 2684 νον
272 2647 287 2659 ·
321 2628 442 2682 οὐδὲ
475 2620 794 2684 οῦτωςὲξει
839 2614 1159 2683 ἀπολογίαν.
1197 2612 1293 2677 Μὴ
1320 2610 1601 2679 φοϐεῖσθε
1630 2609 1740 2679 γὰρ

163 2723 281 2778 ἀπὸ
299 2719 418 2773 τῶν·
433 2713 896 2772 ἀποκτεινόντων
925 2706 988 2760 τὸ
1018 2702 1364 2775 σῶμα,ἀλλά
1379 2702 1536 2765 Θεὸν,
1565 2701 1656 2754 τὸν
1683 2701 1742 2752 τὸ

165 2813 582 2884 συναμφότερον
604 2806 800 2876 γεέννῃ
822 2801 1044 2855 αἰωνίου
1074 2797 1247 2868 πυρὸς
1272 2795 1738 2865 παραπέμποντα.

174 2907 504 2975 Ἀκούομεν;
547 2896 788 2967 ’Λληθῶς
819 2897 846 2947 ὁ
887 2893 1090 2961 κόσμος
1126 2891 1245 2951 ὅλος
1276 2889 1406 2958 μιᾶς
1438 2886 1615 2956 ψυχῆς
1646 2885 1745 2938 οὐκ

164 3003 312 3056 ἐστιν
359 2995 634 3060 ἀντάξιος,
678 2993 778 3061 τῆς
815 2984 1186 3058 φυλαττούσης
1233 2985 1432 3050 ἑαυτὴν
1475 2980 1745 3050 ἀμέτοχον

1723 3072 1745 3098 ὶ-

1703 1762 1807 1814 .~.B

1826 592 2088 659 deretur;
2168 608 2292 647 cum
2344 595 2622 665 episcopo,
2681 595 3145 666 quemadmodum
3202 594 3414 654 dixisti.

1827 700 1935 738 una
1976 686 2158 739 cibum
2192 687 2374 756 capit;
2411 687 2456 742 si
2498 687 2716 758 quidem
2747 689 2820 742 ita
2852 688 3133 744 convivari
3167 687 3412 749 desierit,

1829 778 2081 848 imposita
2102 795 2284 849 pcena,
2307 781 2593 837 abstentus
2614 792 2672 836 ut
2693 782 2764 836 sit
2792 783 2861 836 ab
2893 797 2951 836 re
2983 797 3138 837 sacra
3166 781 3415 837 obeunda

1828 888 2005 942 usque
2051 875 2116 928 ad
2155 885 2363 929 certum
2406 884 2639 945 tempus,
2681 892 2749 932 ne
2779 876 3010 946 posthac
3063 875 3228 930 simili
3259 874 3413 943 lapsu

1827 965 2072 1021 offendat
2128 985 2141 1020 :
2184 968 2366 1023 sanari
2435 977 2632 1038 potest,
2685 977 2744 1022 ut
2791 969 2963 1024 sacris
3009 963 3303 1037 operetur.‘
3325 963 3420 1019 Sin

1829 1059 1877 1114 is
1910 1059 2306 1129 parvipendat;
2358 1076 2426 1116 ne
2477 1061 2590 1114 sint
2648 1061 2857 1114 homini
2899 1061 3136 1131 propriae
3165 1073 3297 1128 opes
3322 1073 3423 1127 pro

1829 1151 2221 1219 redemptionis
2246 1151 2438 1220 pretio.
2473 1151 2747 1223 Fugienda
2773 1153 2917 1206 enim
2964 1168 3089 1208 cum
3119 1151 3416 1205 donatione

1831 1242 2149 1297 communio
2203 1243 2479 1306 haeretica,
2511 1251 2567 1298 et
2617 1243 2765 1298 aliud
2810 1244 3043 1313 quodvis
3073 1241 3253 1297 scelus
3284 1259 3297 1295 ε
3324 1254 3426 1294 nec

1833 1336 1914 1391 sic
1964 1335 2298 1391 instituenda
2358 1338 2740 1403 commulatio,
2807 1349 2866 1391 ut
2924 1337 3070 1407 quod
3104 1338 3312 1391 bonum
3343 1342 3424 1388 est

1833 1426 2013 1491 detur,
2072 1426 2376 1496 accipiatur
2437 1430 2584 1497 quod
2639 1430 2929 1484 deterius:
2988 1427 3299 1498 cujusmodi
3341 1435 3426 1481 est

1835 1521 2010 1574 lucem
2046 1520 2310 1590 impertiri
2336 1561 2350 1584 ,
2405 1536 2470 1576 ac
2513 1523 2769 1577 tenebras
2819 1523 3044 1577 referre.
3080 1521 3190 1576 Nec
3222 1521 3266 1577 si
3302 1520 3426 1590 quis

1836 1613 2122 1666 universas
2180 1614 2369 1666 mundi
2420 1613 2640 1669 divitias
2690 1612 2907 1676 offerat,
2943 1613 3427 1681 communicetque

1839 1703 2052 1766 haeresi,
2109 1703 2320 1759 amicus
2372 1703 2464 1759 Dei
2503 1707 2833 1768 censebitur,
2883 1707 2974 1761 sed
3005 1704 3204 1760 hostis.
3238 1704 3427 1770 Quan-

1841 1810 2007 1865 quam
2035 1795 2167 1864 quid
2193 1796 2637 1870 communionem
2671 1797 2839 1853 dico?
2879 1796 2972 1852 Vel
3007 1798 3049 1850 si
3088 1797 3143 1850 in
3179 1796 3303 1850 cibo
3332 1811 3424 1865 po-

1842 1895 2035 1956 tuque,
2066 1897 2120 1942 et
2151 1888 2394 1944 amicitia
2415 1905 2542 1943 cum
2572 1890 2845 1945 haereticis
2867 1889 3275 1959 congredietur,
3303 1903 3430 1941 reus

1841 1991 1945 2036 est.
1981 1981 2108 2036 Ilaec
2143 1981 2544 2053 Chrysustomi,
2579 1983 2689 2036 imo
2719 1993 2772 2037 et
2807 1982 3052 2051 cujusvis
3074 1981 3273 2045 sancti,
3306 1995 3432 2036 ora-

1843 2072 1920 2125 tio
1948 2081 2049 2126 est.
2083 2071 2369 2137 Quomodo
2396 2087 2524 2127 vero
2553 2073 2605 2126 id
2638 2081 2830 2126 contra
2861 2067 3198 2127 voluntatem
3231 2085 3296 2124 ac
3322 2083 3430 2122 non

1844 2174 2038 2236 sponte
2072 2165 2150 2231 fit,
2184 2181 2306 2221 cum
2348 2167 2472 2235 quis
2519 2167 2865 2220 orthodoxus
2918 2165 3139 2234 quidem
3179 2163 3430 2222 videtur,

1846 2258 2037 2313 haeresi
2071 2267 2252 2312 tamen
2297 2258 2517 2314 interim
2549 2257 2964 2314 communicat?
3001 2257 3204 2312 Contra
3237 2256 3433 2310 volun-

1849 2358 2012 2403 tatem
2043 2357 2146 2412 est,
2179 2351 2227 2404 si
2264 2351 2390 2420 quis
2437 2350 2728 2404 orthodoxi
2780 2365 2842 2403 os
2875 2365 2973 2419 per
3019 2342 3131 2403 vim
3161 2349 3435 2417 aperiens,

1847 2439 2161 2495 haereticam
2196 2440 2647 2494 communionem
2683 2440 2937 2494 infundat
2966 2457 2979 2494 ι
3020 2440 3071 2494 id
3112 2439 3261 2509 quod
3290 2439 3435 2492 fecc-

1849 2539 1976 2584 runt
1999 2529 2126 2582 olim
2157 2529 2416 2593 haeretici,
2460 2537 2514 2583 et
2544 2527 2775 2591 faciunt,
2806 2542 2864 2584 ut
2898 2529 3085 2593 didici,
3121 2529 3284 2599 hujus
3313 2539 3440 2582 aeta-

1849 2622 1918 2676 tis
1967 2620 2396 2675 Christomachi.
2439 2621 2575 2674 Cum
2611 2622 2735 2691 quis
2776 2633 2957 2676 autem
2990 2637 3017 2674 a
3046 2621 3227 2691 seipso
3267 2622 3437 2690 parti-

1850 2728 1977 2783 ceps
2007 2713 2085 2777 fit,
2145 2713 2196 2768 id
2241 2722 2436 2782 sponte
2487 2713 2566 2768 fit.
2607 2714 2704 2768 Sin
2731 2723 2911 2769 autern
2947 2715 3208 2784 quoniam
3249 2715 3438 2776 timet;

1851 2806 1955 2860 hoc
1989 2806 2133 2859 enim
2166 2815 2248 2860 est
2278 2807 2422 2876 quod
2453 2808 2749 2878 quaeritur;
2789 2823 2891 2862 nec
2924 2808 3005 2863 sic
3033 2807 3255 2862 habebit
3281 2822 3440 2863 excu-

1852 2900 2146 2955 sationem.
2191 2898 2375 2955 Nolite
2407 2904 2556 2958 enim
2588 2904 2768 2956 timere
2795 2919 2880 2956 eos
2909 2903 2999 2972 qui
3055 2903 3300 2956 occidunt
3324 2918 3443 2954 cor-

1853 3010 1952 3062 pus
1975 2995 2063 3063 l“3;
2100 2996 2192 3049 sed
2229 2997 2420 3064 Deum,
2463 2998 2558 3067 qui
2613 3007 2905 3066 utrumque
2934 3007 3116 3067 potest
3154 2998 3207 3051 in
3240 2997 3443 3066 gehen-

165 3096 257 3148 καὶ
309 3090 596 3162 αἱρετικῆς
630 3082 918 3145 κοινωνίας
959 3079 1054 3133 καὶ
1087 3076 1290 3138 παντὸς
1337 3073 1533 3127 κακοῦ.
1579 3073 1643 3125 Οἱ
1691 3070 1742 3122 δὲ

1855 3102 1982 3140 nam
2044 3088 2366 3154 sempiterni
2399 3090 2540 3157 ignis
2595 3087 2913 3142 amandare.
2944 3087 3212 3140 Audimus
3243 3086 3265 3139 ?
3305 3084 3444 3139 Vere

166 3186 494 3257 ἀμφοτέρων
517 3180 757 3251 μέτοχοι,
789 3175 966 3246 χόρτῳ
986 3172 1244 3240 ἰσότιμοι,
1269 3168 1467 3235 ξύλοις,
1498 3167 1744 3237 καλάμῃ.

172 3283 237 3332 Ἀ
268 3273 643 3332 κατακαύσειε
682 3270 743 3323 τὸ
775 3263 1167 3336 δοκιμαστικὸν
1201 3261 1316 3332 πῦρ
1347 3262 1446 3330 τῆς
1474 3259 1710 3330 κρίσεως
1732 3274 1745 3287 ·

165 3371 292 3432 τοὺς
329 3367 373 3419 δ’
407 3363 594 3420 αὐτῶν
625 3362 945 3431 πράκτορας
1005 3355 1360 3425 συντηρήσει,
1392 3351 1582 3415 ἁῖδίως
1615 3350 1748 3420 φλο-

167 3459 514 3532 γιζομένους,
541 3450 638 3507 καὶ
670 3453 745 3522 μὴ
779 3449 1210 3522 χωνευομένους.

171 3553 428 3624 summa;
475 3561 599 3618 quae
628 3546 846 3615 quidem
890 3544 1208 3613 explorator
1239 3540 1382 3610 ignis
1435 3538 1632 3608 judicii
1701 3547 1969 3600 cremabit

1851 3178 2091 3234 mundus
2122 3174 2270 3235 totus
2300 3179 2414 3234 non
2439 3189 2525 3234 est
2547 3196 2669 3235 cum
2703 3179 2888 3232 anima
2921 3193 3029 3231 una
3054 3176 3441 3242 conferendus,

1849 3285 1970 3338 qua:
2001 3272 2240 3340 seipsam
2297 3281 2412 3327 tum
2449 3273 2517 3327 ab
2565 3273 2818 3328 haeretica
2875 3272 3293 3335 communione,
3325 3282 3439 3326 tum

1848 3362 1917 3414 ab
1975 3363 2127 3416 omni
2178 3365 2324 3418 malo
2388 3377 2566 3420 servat
2618 3367 2944 3420 immunem.
3001 3364 3108 3431 Qui
3155 3378 3287 3418 vero
3320 3373 3448 3417 sum

1849 3455 2137 3525 utriusque
2191 3457 2526 3529 participes,
2586 3457 2712 3512 feuo
2765 3459 2973 3512 similes
3061 3466 3210 3523 sunt,
3275 3456 3444 3526 ligno,

2045 3565 2059 3601 :
2117 3564 2308 3605 eorum
2363 3561 2545 3606 autem
2617 3559 2870 3606 auctores
2922 3551 2976 3604 in
3049 3549 3444 3623 sempiternum

173 3665 347 3707 aevum
417 3641 679 3708 servabit,
729 3639 1035 3695 exurendos
1101 3637 1266 3700 idem,
1301 3651 1410 3689 non
1467 3649 1599 3689 vero
1633 3640 1971 3708 purgandos.

174 3769 296 3823 ΑΓν,
336 3794 411 3809 ...-
436 3759 594 3832 Πρὸς
640 3756 788 3820 τοὺς
854 3755 1148 3823 λέγοντας
1205 3754 1292 3821 μὴ
1355 3767 1429 3804 πε
1470 3750 1761 3820 ιγραπτὸν

625 3824 780 3882 εἶναι
809 3828 931 3879 τὸν,
954 3823 1213 3893 Χριστόν⁴
1252 3769 1466 3893 [611th

625 3824 780 3882 εἶναι
809 3822 1213 3894 τὸνξΧριστόν
1252 3822 1425 3895 [σπη’.

258 3925 319 3980 .0
377 3925 453 3995 μὴ
500 3915 880 3990 περιγραπτὸν
933 3910 1078 3969 εἶναι
1128 3913 1380 3983 σώματος
1433 3913 1750 3983 χαρακτῆρι

177 4020 265 4073 τδν
299 4015 540 4087 Χριστὸν
563 4013 738 4081 λέγων
758 4027 771 4039 ·
806 4008 985 4081 εἱρμῷ
1009 4025 1120 4060 τινι
1150 4007 1369 4069 πάντως
1387 4005 1625 4076 φυσικῷ,
1658 4007 1753 4059 καὶ

1938 3756 2183 3814 XXXIII.
2217 3789 2286 3799 —-
2315 3761 2395 3815 Ad
2428 3777 2514 3815 eos
2532 3761 2621 3826 qui
2651 3762 2832 3814 dicunt
2867 3773 2969 3812 non
3014 3757 3378 3814 circumscribi

2501 3831 2796 3887 Christum.

1921 3919 2024 3986 Qui
2081 3921 2564 3990 circumscriptum
2614 3937 2738 3977 esse
2778 3923 3029 3992 corporis
3058 3921 3236 3977 forma
3275 3920 3441 3974 Chri-

1851 4023 1995 4066 stum
2038 4022 2228 4083 negat;
2263 4015 2654 4070 consecutione
2682 4016 2917 4085 quadam
2949 4016 3173 4069 omnino
3201 4013 3446 4085 physica,

179 4109 454 4174 ἀποδείξει
507 4107 703 4175 λογικῇ
771 4102 1147 4172 κεχρημένος,
1209 4099 1309 4168 τὴν
1372 4099 1502 4166 περὶ
1557 4098 1742 4152 τούτου

1851 4112 1906 4157 ct
1930 4105 2395 4161 demonstratione
2430 4108 2628 4178 logica.
2662 4124 2817 4171 usus,
2854 4110 2996 4163 hanc
3034 4109 3102 4162 de
3148 4109 3255 4163 isto
3285 4119 3450 4175 argu-

180 4204 433 4258 ἔνστασιν
468 4199 786 4267 πεποίηται,
813 4197 894 4258 είς
927 4194 1217 4266 βεϐαίωσιν
1246 4190 1504 4261 ἀληθείας
1535 4191 1625 4244 καὶ
1642 4191 1754 4244 δια-

182 4300 413 4369 σάφησιν
433 4295 547 4349 τῶν
574 4292 856 4362 ἀμυήτων.

249 4389 460 4445 Οὐκοῦν
496 4384 786 4457 παρελθὼν
833 4381 1154 4448 διδασκέτω,
1212 4382 1363 4445 ὅπως
1394 4381 1508 4452 ἔχει
1541 4381 1753 4450 φύσεως

183 4485 212 4537 ὁ
240 4484 420 4552 λόγος,
454 4481 550 4534 καὶ¹
592 4478 676 4540 τίς
717 4477 748 4546 ἡ
794 4475 944 4530 αἰτία.
998 4475 1097 4545 τῆς
1152 4475 1451 4546 ἀγραφίας.
1506 4475 1628 4528 Ὅτι
1679 4472 1756 4542 τῷ

183 4577 302 4630 καθ’
333 4577 480 4647 ἡμᾶς
514 4572 646 4625 εῖδει
677 4571 736 4623 οὐ
771 4568 1160 4639 μεμόρφωται;
1195 4569 1280 4622 ὅτι
1323 4567 1532 4629 ὀστέοις
1554 4566 1614 4620 τὸ
1647 4565 1754 4618 σῶ-

1852 4204 2035 4250 mento
2063 4196 2380 4251 instantiam
2429 4199 2657 4268 protulit
2685 4201 2752 4254 ad
2786 4200 3272 4254 confirmationem
3307 4199 3446 4252 veri-

1856 4288 2008 4352 tatis,
2037 4297 2090 4341 et
2119 4298 2179 4342 ut
2201 4289 2416 4358 profani
2445 4291 2698 4346 homines
2743 4291 3018 4346 manifesti
3048 4291 3201 4346 fiant.

1925 4382 2194 4438 Prodiens
2231 4386 2414 4453 itaque
2439 4385 2491 4438 in
2528 4384 2792 4449 medium,
2827 4386 3021 4440 doceat
3055 4384 3213 4455 cujus
3247 4383 3318 4439 sit
3352 4399 3450 4437 na-

1855 4481 1989 4528 turae
2019 4490 2220 4542 sermo,
2259 4485 2314 4530 et
2338 4492 2459 4545 quae
2512 4493 2676 4532 causa
2724 4479 2815 4543 sit,
2868 4493 2967 4532 cur
2996 4475 3250 4532 Christus
3307 4475 3451 4545 pingi

1852 4579 1959 4619 non
1981 4566 2174 4635 possit.
2204 4568 2286 4620 An
2338 4569 2485 4638 quod
2530 4585 2634 4624 non
2667 4580 2751 4624 est
2779 4569 2847 4624 ad
2903 4569 3319 4625 similitudinem
3349 4583 3449 4622 no—

186 4685 258 4738 μα
306 4669 367 4721 οὐ
431 4664 782 4732 διείληπται;
829 4661 911 4713 ὅτι
957 4659 1249 4729 βλεφάροις
1282 4659 1378 4713 καὶ
1429 4659 1625 4729 ὀφρύσι
1658 4658 1742 4719 τὰς

1865 4666 2032 4715 stram
2068 4658 2397 4716 informatus
2427 4663 2449 4715 ?
2483 4663 2628 4731 quod
2666 4678 2864 4732 corpus
2893 4664 2943 4718 ei
2969 4678 3078 4717 non
3108 4671 3191 4718 est
3215 4661 3450 4716 divisum

182 4759 410 4824 όπτικὰς
443 4757 615 4827 κόρας
648 4755 750 4807 ούκ
781 4754 1159 4823 ὲφήρμοσταις
1192 4753 1273 4805 ὅτι
1315 4753 1421 4804 ὠσὶ
1469 4752 1597 4813 τοὺς
1642 4752 1754 4803 ἑλι-

183 4853 409 4915 κοειδεῖς
440 4850 646 4918 πόρους
689 4847 748 4899 ού
779 4846 1073 4898 τετόνωται
1095 4861 1109 4910 ;
1133 4843 1215 4896 ὃτι
1251 4845 1362 4916 ῥισὶ
1381 4843 1489 4896 τῶν
1521 4845 1761 4914 ὀσφραν-

181 4943 286 4996 τῶν
334 4941 758 5011 ἀντιλαμϐάνειν
815 4940 915 4992 οὐκ
956 4937 1314 5009 ηύῦείασται;
1371 4939 1451 4990 ὅτι
1505 4938 1761 5007 παρειαῖς

185 5035 424 5106 ἡϐώσαις
485 5034 586 5088 οὐκ
623 5031 957 5103 έξήρτηται;
994 5032 1077 5084 ὅτι
1121 5030 1349 5100 στόματι
1385 5028 1480 5082 καὶ
1521 5029 1758 5101 γλώττῃ,

1866 4749 2134 4804 ossibus?
2162 4752 2306 4820 quod
2344 4752 2576 4822 pupillas
2596 4754 2880 4809 oculorum
2917 4769 3023 4809 non
3059 4753 3222 4808 habet
3254 4754 3447 4824 palpe—

1865 4839 1978 4895 bris
2007 4842 2300 4898 instructas
2337 4860 2401 4900 ac
2425 4847 2734 4916 superciliis
2761 4849 2785 4901 ?
2813 4848 2958 4917 quod
2988 4863 3150 4902 aures
3179 4862 3290 4904 non
3315 4859 3447 4900 sunt

1864 4931 2108 4990 sinuosis
2139 4947 2436 5008 compactae
2464 4939 2770 4994 meatibus?
2819 4939 2963 5008 quod
3005 4955 3111 4993 non
3170 4947 3298 4992 sunt
3327 4949 3450 5008 apte

1863 5026 2180 5094 compositae
2215 5045 2378 5084 nares
2403 5031 2467 5084 ad
2487 5029 2865 5100 percipiendos
2895 5030 3093 5085 odores
3119 5030 3143 5084 ?
3166 5029 3309 5099 quod
3338 5045 3446 5086 nou

185 5129 385 5198 χείλεσί
413 5146 474 5181 τε
527 5127 624 5179 καὶ
679 5125 913 5189 ὀδοῦσιν,
945 5125 1006 5177 οὐ
1055 5122 1372 5184 διείλεκται,
1415 5122 1668 5192 βέϐρωκέ
1698 5139 1742 5173 τε

1860 5122 1945 5171 est
1971 5118 2395 5187 pubescentibus
2421 5121 2572 5191 genis
2597 5121 2931 5177 instructus?
2947 5119 3094 5190 quod
3111 5135 3226 5185 ore,
3249 5120 3450 5186 lingua.

186 5218 278 5270 καὶ
318 5219 612 5279 πέπωκεν;
666 5215 749 5268 ὅτι
799 5213 986 5285 ὤμων,
1020 5211 1114 5266 καὶ
1149 5210 1388 5275 ὠλενῶν,
1438 5211 1532 5264 καὶ
1557 5209 1758 5281 χειρῶν

187 5310 462 5382 περιοέσει
489 5309 552 5362 οὐ
579 5306 930 5372 διέπλασται;
963 5307 1046 5359 ὅτι
1081 5306 1281 5376 στέρνα
1317 5301 1466 5372 αὐτῷ
1498 5303 1591 5357 καὶ
1619 5303 1764 5356 νῶτα

191 5402 282 5457 σὺν
309 5405 540 5474 κνημῖσι
564 5401 660 5454 καὶ
704 5399 864 5454 ποσὶν
893 5399 992 5452 οὐκ
1017 5399 1379 5467 έμπέφυκενς
1411 5397 1494 5449 ὅτι
1517 5396 1764 5467 παράτα-

187 5510 267 5548 σιν
309 5495 572 5567 χρονικὴν
620 5493 762 5547 κατὰ
813 5491 1100 5563 προκοπὴν
1158 5491 1256 5544 καὶ
1287 5489 1516 5560 αῦξησιν
1545 5489 1764 5559 ἡλικίας

190 5584 285 5637 οὐκ
308 5586 571 5656 είληερεν;
605 5584 689 5636 ὅτι
719 5583 935 5653 κίνησις
961 5582 1110 5651 αύτῷ
1136 5581 1461 5651 πορευτικὴ,
1489 5582 1523 5650 ἡ
1562 5580 1698 5642 ἄνω,
1729 5582 1761 5648 ὴ

191 5675 355 5740 κάτω,
387 5678 420 5745 ἡ
462 5676 637 5741 ἐντὸς,
698 5677 731 5745 ἡ
773 5673 949 5736 ἐκτὸς,
1003 5675 1036 5746 ἡ
1094 5671 1268 5738 δεξιά,
1325 5673 1358 5740 ἠ
1413 5670 1699 5742 ἀριστερὰ,
1733 5671 1765 5737 ἠ

195 5767 585 5840 κυκλοφορικὴ,
648 5768 709 5819 οὐ
770 5767 1250 5836 συνεκπέφανται;
1307 5765 1387 5818 ὅτι
1447 5763 1635 5826 κόποις
1672 5763 1766 5814 καὶ

257 5881 301 5910 ⁵⁸
330 5879 516 5937 Matth.
554 5897 607 5943 κ,
635 5879 722 5935 28.

1863 5205 2023 5261 labiis
2054 5208 2442 5280 dentibusque,
2477 5227 2576 5266 nec
2602 5228 2790 5266 vocem
2815 5213 3058 5284 protulit,
3085 5225 3186 5266 nec
3217 5212 3449 5267 comedit

1875 5306 1969 5352 aut
1999 5299 2174 5355 bibit?
2203 5303 2348 5372 quod
2382 5318 2488 5357 non
2528 5313 2612 5359 est
2641 5305 2907 5366 humeris,
2945 5314 2998 5360 et
3033 5305 3198 5371 ulnis,
3239 5313 3294 5360 et
3333 5321 3453 5360 ma-

1877 5389 2038 5445 nibus
2068 5391 2462 5449 circumductis
2493 5395 2866 5452 conformatus
2894 5397 2917 5450 ?
2943 5396 3088 5465 quod
3132 5411 3234 5450 nec
3262 5405 3453 5465 pectus

1874 5480 1922 5532 ei
1965 5497 2064 5536 nec
2087 5481 2310 5539 dorsum
2334 5525 2348 5548 ,
2381 5503 2504 5541 cum
2552 5488 2805 5543 cruribus
2838 5488 3174 5557 pedibusque
3196 5527 3211 5551 ,
3249 5488 3389 5543 inest
3422 5507 3450 5543 a

1878 5582 2073 5630 natura
2102 5577 2125 5630 ?
2153 5579 2300 5648 quod
2332 5595 2622 5651 progressu
2657 5582 2917 5652 temporis
2952 5596 3064 5634 non
3119 5590 3205 5635 est
3246 5584 3454 5650 proce-

1877 5665 1990 5721 rior
2016 5667 2212 5735 factus,
2252 5672 2406 5741 juxta
2445 5689 2756 5743 processum
2793 5666 2856 5728 ct
2878 5673 3275 5729 incrementum
3324 5685 3456 5728 aeta-

1876 5759 1946 5816 lis
1975 5761 1998 5814 ?
2024 5765 2167 5834 quod
2201 5768 2380 5826 nullus
2426 5768 2472 5824 ei
2507 5768 2571 5823 ad
2605 5769 2875 5825 incessum
2910 5776 3115 5833 motus,
3143 5781 3330 5837 supra,
3364 5767 3457 5822 in-
