3990 6318
566 371 699 440 1207
1753 369 1814 426 S.
1854 364 2246 425 TIIEODORI
2275 363 2621 423 STUDITAE
3688 353 3825 417 1%8

559 486 663 546 ira.
696 484 855 547 intra,
916 490 1089 545 extra,
1126 480 1500 544 dextrorsum,
1536 478 1940 541 sinistrorsum,
1969 477 2024 530 in
2055 490 2146 530 or-

2262 472 2531 544 ἰχθηδόσι,
2562 472 2657 525 καὶ
2683 472 2797 534 τοῖς
2842 468 3020 532 ἄλλοις
3069 464 3416 534 ἀδιαϐλήτοις
3462 462 3731 528 πάθεσιν,
3762 466 3823 518 οὗ

558 578 681 632 bem
700 619 717 640 ,
746 574 1119 645 deprehensus
1147 571 1271 629 est?
1310 571 1452 641 quod
1487 571 1765 627 laboribus
1794 585 1859 626 ac
1882 570 2149 626 molestiis

2262 564 2634 619 ruvouoim‘cat'
2667 564 2812 634 θριξὶ
2840 562 2940 634 τὴν
2973 559 3215 630 κεφαλὴν
3246 556 3458 625 κομῶν,
3492 555 3595 609 καὶ
3627 556 3826 626 χιτῶσι

557 667 790 737 aliisque
820 665 1221 730 affectionibus,
1248 680 1368 735 quae
1417 664 1574 733 culpa
1630 672 1845 727 vacant,
1876 662 2148 717 obnoxius

2262 656 2306 714 πὸ
2343 656 2463 710 ὅλον
2493 655 2653 725 σῶμα
2690 653 3059 724 σκεπόμενος;
3091 652 3153 703 Εἰ
3189 651 3246 702 δὲ
3277 653 3334 704 ὲν
3377 648 3598 710 τούτοις
3630 646 3827 717 ὁμολο-

559 776 671 816 non
717 760 867 825 fuit;
941 759 1135 828 capitis
1177 773 1392 812 comam
1445 756 1695 811 nutriens
1724 796 1740 819 ,
1801 765 1857 813 et
1904 756 2146 812 vestibus

560 854 879 909 universum
910 868 1110 922 corpus
1134 851 1395 906 obvelans
1424 850 1448 903 ’ἰ
1479 849 1573 903 Sin
1592 860 1774 904 autem
1811 849 1865 903 in
1891 849 2145 904 confesso

558 953 645 999 est
694 942 871 997 visum
898 941 953 998 in
977 942 1062 997 his
1094 956 1216 1011 quae
1262 939 1583 1009 collegimus
1629 939 1904 992 hominem
1936 953 2144 1005 verum,

561 1033 720 1099 cuius
746 1031 863 1086 fieri
891 1032 1183 1086 delineatio
1209 1031 1380 1099 possit
1407 1029 1585 1098 quoad
1621 1026 1854 1081 formam
1890 1041 2148 1097 corpora-

564 1128 667 1180 lem
702 1168 718 1192 ,
755 1140 1030 1195 veraxque
1090 1125 1322 1193 pictura,
1360 1124 1480 1177 sine
1511 1135 1619 1191 qua
1652 1135 1752 1175 nec
1780 1128 2031 1174 constare
2061 1119 2149 1173 ul-

561 1218 674 1269 lum
716 1228 916 1284 corpus
968 1213 1333 1282 compositum
1383 1211 1599 1279 possit:
1670 1207 1939 1278 siquidem
1999 1216 2147 1262 tactu

561 1316 618 1360 et
649 1306 832 1359 colore
891 1305 1205 1359 continetur
1236 1321 1249 1355 :
1288 1317 1408 1372 quae
1439 1301 1633 1372 ingens
1662 1300 1752 1354 illa
1793 1300 2008 1354 caecitas
2040 1308 2145 1368 est,

564 1397 844 1467 impiaque
891 1396 1197 1461 altercatio,
1240 1405 1299 1449 ut
1330 1394 1635 1458 Christum,
1673 1391 1767 1462 qui
1827 1391 1985 1448 nobis
2015 1407 2149 1447 con-

564 1488 946 1544 substantialis
994 1488 1267 1557 apparuit,
1299 1502 1364 1541 ac
1395 1501 1491 1555 per
1520 1486 1703 1539 omnia
1735 1483 1949 1547 similis,
2002 1484 2148 1555 pingi

565 1595 672 1633 non
708 1594 870 1649 posse
896 1578 1234 1634 contendat?
1266 1575 1555 1643 Quomodo
1591 1588 1739 1637 vero,
1768 1586 1835 1626 eo
1890 1582 2149 1640 pereunte

564 1673 708 1738 quod
743 1672 891 1741 pingi
924 1678 1120 1740 potest,
1152 1683 1261 1722 non
1293 1682 1398 1721 una
1433 1667 1611 1735 perire
1658 1679 1879 1720 necesse
1908 1675 1993 1721 est
2054 1682 2148 1720 co—

2244 750 2528 821 γουμένως
2555 742 2758 811 ὦπται,
2794 740 2869 801 ὧν
2900 748 2933 816 ἡ
2969 745 3234 813 ἄθροισις,
3265 741 3554 812 ἄνθρωπος
3590 738 3825 808 ἀληθὴς,

2247 845 2338 897 καὶ
2369 836 2428 895 οὗ
2456 845 2488 912 ὴ
2529 839 2674 894 κατὰ
2714 840 2806 892 τὸν
2839 836 3155 907 σωματικὸν
3199 833 3529 904 χαρακτῆρα
3558 829 3831 895 essum-

2247 950 2352 995 σις,
2382 932 2586 1001 γραφὶς
2638 929 2910 999 ἀψευδής·
2944 929 3037 981 καὶ
3088 921 3157 997 ἦς
3194 926 3326 979 ἄνευ
3370 923 3493 976 οὐδὲ
3552 921 3829 992 συστῆναι

2247 1027 2355 1078 πᾶν
2401 1022 2559 1093 σῶμα
2617 1021 2874 1076 σύνθετον
2924 1014 3036 1073 οἶόν
3104 1032 3199 1070 τεο
3256 1014 3416 1087 εἴπερ
3475 1016 3534 1066 ἐν
3575 1015 3693 1083 ἁφῇ
3736 1014 3831 1067 καὶ

2246 1116 2404 1185 χροιᾷ
2437 1114 2500 1167 τὸ
2527 1113 2804 1167 τοιοῦτονο
2834 1111 2919 1175 τίς
2958 1113 2992 1181 ἠ
3050 1110 3191 1178 ἄγαν
3232 1107 3507 1174 τυφλότης
3539 1104 3639 1158 καὶ
3668 1104 3832 1167 ἄθεος

2246 1206 2365 1275 ἔρις
2388 1242 2405 1268 ,
2456 1203 2548 1257 τὸν
2583 1203 2718 1272 ἡμῖν
2758 1199 3046 1272 όμοούσιον
3100 1198 3196 1252 καὶ
3221 1198 3408 1268 ὅμοιον
3458 1195 3608 1248 κατὰ
3643 1194 3833 1247 πάντα.

2249 1292 2561 1363 πεφηνότα,
2596 1290 2879 1362 ἄγραπτον
2931 1286 3169 1359 Χριστὸν
3200 1286 3415 1355 λέγειν;
3468 1276 3609 1349 Πῶς⁸
3642 1283 3704 1337 δὲ
3738 1285 3837 1338 καὶ

2245 1383 2339 1438 τοῦ
2372 1382 2627 1456 γραπτοῦ
2659 1382 2971 1453 οἰχομένου,
2998 1379 3059 1456 ού
3087 1379 3470 1449 συνοιχήσεται
3505 1377 3734 1430 ἅπαντα
3766 1374 3838 1428 τὰ

2249 1452 2509 1547 σύστοιχα
2552 1452 2853 1546 ἰδιώματα;
2890 1473 2954 1526 Ἦ
2982 1452 3094 1544 γὰρ
3129 1472 3355 1541 ἰδιότης,
3382 1470 3610 1540 φησὶν-ό
3635 1455 3841 1521 Θεολό-

2247 1588 2363 1640 γος,
2417 1570 2698 1640 ἀκίνητος,
2734 1569 2768 1638 ἢ
2805 1565 2923 1632 πῶς
2971 1566 3125 1637 μένοι
3174 1565 3370 1632 ἰδιότης
3396 1561 3699 1632 κινουμένη
3738 1560 3836 1612 καὶ

2250 1663 2704 1735 μεταπίπτουσας
2738 1662 2961 1713 Eii-riam
2984 1660 3012 1715 ὁ
3040 1658 3442 1724 ἀντικείμενος.

566 1777 760 1834 gnatas
805 1780 999 1820 omnes
1029 1762 1439 1834 pr0prictates?
1469 1760 1564 1815 Est
1594 1760 1739 1814 enim
1789 1760 2147 1815 immutabilis
2187 1760 2512 1830 proprietas,
2575 1756 2652 1812 ait
2717 1753 3071 1825 Thcologus;
3116 1759 3212 1807 aut
3238 1748 3511 1820 quomodo
3548 1753 3842 1819 permanet

566 1866 774 1912 mutata
808 1869 1248 1920 evanescensque
1276 1853 1586 1923 proprietas
1614 1852 1637 1904 ?
1671 1850 2019 1923 Respondeat.
2048 1853 2422 1910 adversarius.

937 1968 1181 2025 XXXIV.
1226 1998 1295 2010 —
1340 1966 1646 2023 Naucratio
1679 1966 1813 2035 ﬁlio.

2567 1966 2688 2018 AA'.
2727 1961 2897 2035 [TE'.]
2926 1993 2994 2003 —
3027 1958 3376 2027 Ναυκρατίῳ
3400 1955 3612 2023 τέκνῳ.

689 2066 895 2116 Carcere
932 2064 1179 2113 inclusum
1202 2062 1523 2111 cohortatur:
1561 2070 1680 2121 tum,
1706 2074 1817 2123 qua:
1851 2068 1904 2111 et
1928 2060 2036 2125 ipse
2060 2065 2108 2112 in
2142 2074 2232 2111 suo
2277 2070 2476 2111 carcere
2510 2064 2785 2121 pateretur,
2820 2055 3045 2111 exponit.
3073 2056 3274 2118 (Baron.
3310 2065 3392 2101 an.
3425 2048 3609 2108 816,n.
3635 2048 3715 2110 8.)

676 2172 1131 2241 Quidjucundius
1188 2173 1379 2228 audire
1409 2190 1507 2242 ego
1547 2183 1799 2244 peccator
1845 2185 2089 2243 poteram
2127 2215 2144 2240 ,

2319 2173 2385 2226 Ti
2412 2171 2607 2225 τούτου
2636 2170 3013 2242 χαριέστερον,
3043 2165 3141 2219 τοῦ
3161 2163 3391 2220 ἀκοῦσαί
3419 2180 3485 2233 με
3513 2163 3607 2214 τὸν
3640 2160 3843 2230 ἀμαρ-

567 2281 732 2335 quam
759 2277 810 2319 te
839 2265 1099 2319 dilectum
1138 2267 1306 2321 filium
1360 2282 1565 2332 meum,
1602 2282 1727 2320 cum
1784 2267 1906 2323 aliis
1941 2277 2148 2338 septem

571 2356 832 2412 fratribus
865 2355 993 2416 luis,
1023 2372 1243 2425 quorum
1276 2357 1489 2409 numina
1525 2367 1647 2409 sunt
1677 2356 1881 2411 inlibro
1917 2358 2038 2412 vita:
2066 2360 2112 2391 "
2135 2401 2150 2425 ,

571 2464 670 2518 pro
697 2445 916 2501 Christo
939 2447 1145 2514 Optimo
1167 2445 1277 2499 Deo
1302 2456 1488 2500 nostro
1514 2446 1699 2517 flagris
1724 2463 1925 2503 caesum
1946 2448 2154 2505 fuisse?

571 2539 716 2594 Laus
737 2538 787 2592 ei
827 2537 921 2607 qui
957 2552 1055 2594 vos
1087 2539 1299 2591 vocavit
1347 2538 1414 2591 ad
1445 2538 1850 2595 confessionem
1903 2542 2153 2596 veritatis

571 2646 685 2687 suae
715 2651 730 2685 :
760 2630 880 2683 laus
916 2629 964 2682 ei
990 2629 1082 2698 qui
1117 2629 1464 2685 honorandas
1517 2634 1732 2687 animas
1766 2643 1974 2689 vestras
2032 2650 2153 2690 cor-

571 2722 872 2785 roboravit,
903 2729 963 2773 ut
985 2728 1111 2773 ante
1137 2719 1279 2775 alios
1305 2731 1584 2776 certamen
1631 2723 1873 2777 subirent
1909 2743 1920 2778 :
1958 2736 2018 2779 ut
2046 2742 2153 2779 non

574 2811 1028 2875 reformidarent,
1055 2826 1153 2864 nec
1188 2808 1505 2878 refugerent
1535 2828 1565 2864 a
1616 2825 1913 2882 conspectu
1970 2816 2154 2885 impii,

574 2904 669 2957 sed
716 2900 1005 2973 pulchram
1067 2898 1468 2955 confessionem
1537 2913 1769 2958 vestram
1820 2904 2054 2968 obirent,
2105 2916 2159 2961 et

573 3006 792 3064 propter
817 3008 938 3048 eam
961 2993 1186 3047 dorsum
1236 2993 1555 3049 verberibus
1585 3010 1712 3049 cum
1767 2996 1990 3051 Christo
2021 3013 2159 3067 pra:-

574 3088 788 3141 berent.
842 3083 956 3140 Vos
1020 3086 1227 3142 chorus
1285 3088 1427 3143 alius
1477 3088 1842 3144 confessionis
1904 3090 2158 3145 Ecclesia:

577 3174 671 3230 Dei
718 3174 915 3244 adiecti
954 3175 1120 3231 estis:
1150 3192 1248 3230 vos
1295 3176 1655 3232 fraternitatis
1692 3178 1745 3231 in
1792 3178 2009 3233 Christo
2039 3180 2156 3249 glo-

577 3268 719 3319 riam
778 3265 1031 3319 auxistis.
1084 3265 1236 3319 Beati
1285 3266 1531 3330 omnino,
1564 3268 1743 3321 dilecti
1808 3269 1937 3332 mei,
1974 3281 2029 3323 et
2078 3280 2159 3324 ter

579 3358 719 3413 beati
745 3376 759 3411 :
789 3358 919 3426 quin
953 3366 1008 3411 et
1041 3357 1184 3411 beati
1215 3368 1433 3413 ventres
1474 3360 1565 3427 qui
1602 3360 1654 3412 in
1713 3360 1885 3413 lucem
1912 3377 2009 3416 vos
2041 3362 2158 3416 edi-

575 3450 796 3505 derunt.
830 3449 983 3516 Quod
1010 3451 1056 3504 si
1089 3451 1157 3504 de
1184 3466 1270 3503 me
1298 3452 1500 3520 aliquid
1530 3453 1691 3506 etiam
1723 3453 2012 3509 dicendum
2038 3463 2157 3521 est;

578 3546 772 3599 beatus
795 3557 897 3615 ego
925 3558 1143 3614 quoque
1165 3543 1351 3599 infelix
1383 3560 1449 3599 ac
1520 3547 1704 3607 miscr.
1737 3550 1831 3618 qui
1886 3558 2158 3603 tantorum
2189 3514 2235 3576 c

582 3637 746 3691 audio
777 3646 929 3706 pater
954 3637 1213 3702 tiliorum,
1250 3637 1339 3691 Dei
1367 3639 1674 3694 tiliorumet
1705 3641 1979 3696 luercdmn
2006 3643 2163 3697 Chri-

579 3730 669 3783 sti.
704 3728 991 3794 Quodnam
1056 3728 1161 3782 hoc
1196 3731 1453 3799 gaudium
1485 3732 1508 3783 ?
1553 3735 1749 3785 Annon
1787 3735 1935 3787 omni
1966 3735 2163 3801 gaudio

580 3821 956 3876 dclectabilius
976 3820 998 3873 ?
1021 3820 1280 3886 Quaenam
1304 3822 1474 3890 gloria
1510 3823 1624 3876 lure
1645 3823 1667 3875 ?
1687 3824 1881 3877 Annon
1913 3824 2160 3880 diadema

581 3912 913 3978 gestantium
949 3912 1121 3981 gloria
1178 3914 1502 3979 mirabilior,
1538 3914 1677 3968 ferre
1712 3917 1965 3985 stigmata
2003 3917 2162 3971 Chri-

582 4003 694 4057 sti:
724 4002 965 4056 viviticas
996 4003 1117 4073 ejus
1160 4006 1463 4073 passiones,
1490 4020 1586 4059 ceu
1609 4007 1881 4060 coronas?

688 4178 780 4233 Sic
814 4178 979 4248 igitur
1003 4189 1181 4237 vestra
1214 4195 1272 4234 se
1304 4180 1529 4245 habent,
1557 4195 1679 4250 quae
1706 4190 1763 4236 et
1792 4182 1993 4237 celum
2038 4182 2161 4237 Iau-

583 4270 753 4337 davit,
786 4281 841 4325 et
878 4281 1025 4326 terra
1077 4272 1305 4327 audivit.
1355 4272 1550 4331 Nostra
1597 4289 1728 4329 vero
1774 4276 1978 4331 nullius
2034 4283 2165 4330 sunt

583 4364 866 4427 momenti,
902 4373 955 4417 et
989 4364 1144 4434 plena
1174 4365 1435 4434 peccatis,
1464 4366 1644 4434 qualia
1682 4368 1940 4422 nimirum
1964 4367 2162 4421 Adria-

586 4470 690 4508 nus
746 4455 912 4508 frater
939 4456 1210 4509 nuntiavit
1241 4474 1255 4509 :
1288 4458 1515 4511 omnino
1546 4458 1691 4512 enim
1730 4460 1914 4513 salvus
1963 4461 2158 4513 evasit.

584 4546 740 4612 Quod
788 4547 835 4602 si
865 4546 993 4615 quid
1028 4546 1189 4617 adjici
1219 4558 1471 4616 oporteat
1501 4566 1515 4603 :
1554 4549 1669 4604 haec
1702 4566 1921 4621 quoque
1947 4551 2162 4607 indica—

588 4641 787 4693 bimus.
823 4639 955 4695 Post
984 4638 1397 4695 dilaniationem
1451 4640 1794 4697 incluserunt
1846 4658 1945 4697 nos
1998 4644 2163 4699 ambo

585 4734 637 4781 in
666 4728 887 4784 subiimi
913 4729 1052 4794 loco,
1083 4730 1308 4798 januam
1344 4731 1689 4787 obstrucntes
1722 4742 1835 4798 :et,
1858 4734 2019 4790 scalis
2072 4750 2161 4790 re-

586 4823 769 4884 motis,
808 4823 975 4877 additi
1003 4825 1580 4895 suntcircumquaque
1613 4828 1886 4892 custodes,
1924 4843 1991 4881 ne
2036 4830 2161 4899 quis

587 4915 812 4984 prOpius
836 4914 1080 4975 accedat,
1110 4918 1498 4986 contingatquc
1545 4917 1904 4972 domicilium.
1941 4918 2082 4985 Quin
2114 4930 2168 4974 et

588 5014 830 5061 castrum
880 5005 1249 5075 ingredientes
1279 5007 1523 5075 singulos
1578 5010 1721 5063 obvii
1775 5014 2025 5065 custodes
2066 5013 2167 5066 ob-

588 5105 831 5161 servant,
865 5112 965 5151 nec
999 5097 1107 5151 alio
1133 5098 1402 5153 divertere
1467 5102 1655 5156 sinant
1700 5117 1861 5170 quam
1920 5104 1986 5157 ad
2044 5117 2169 5173 pro-

589 5187 734 5255 prias
767 5186 986 5255 domos,
1021 5190 1202 5259 quoad
1241 5189 1315 5244 illi
1340 5206 1561 5245 rursum
1596 5194 1964 5261 egrediantur.
1997 5194 2169 5250 lnter-

588 5279 798 5333 dictum
828 5288 913 5334 est
944 5295 1151 5347 severe,
1205 5297 1273 5336 ne
1330 5283 1464 5352 quid
1515 5285 1671 5339 nobis
1743 5285 1908 5340 detur
1974 5296 2169 5355 praeter

589 5385 786 5439 aquam
815 5370 993 5425 solum
1019 5380 1074 5425 et
1102 5372 1332 5442 lignum.
1370 5373 1446 5428 lta
1474 5391 1575 5429 nos
1618 5376 1778 5446 plane
1811 5385 2070 5447 tanquam
2112 5380 2169 5434 in

589 5460 837 5529 sepulcro
897 5460 1167 5528 locarunt,
1226 5474 1285 5519 ut
1338 5476 1565 5520 enecent
1603 5483 1725 5523 nos.
1785 5468 1930 5523 Deus
1976 5464 2165 5525 autem

591 5549 942 5619 benignitatis
982 5566 1097 5606 suae
1153 5555 1554 5621 misericordia,
1587 5573 1683 5628 per
1714 5573 1779 5614 ea
1823 5576 1945 5630 qua:
1977 5561 2168 5617 intuli-

594 5656 713 5697 mus
745 5644 1080 5709 necessaria,
1110 5654 1164 5701 et
1196 5649 1340 5717 quod
1370 5648 1594 5719 insuper
1626 5651 1694 5705 ab
1726 5667 1792 5707 eo
1843 5652 1934 5723 qui
1983 5654 2170 5711 admo—

681 5801 724 5834 "
773 5800 1006 5872 Philipp.
1047 5820 1115 5869 Iv,
1170 5806 1220 5860 5.

2251 2262 2441 2327 τω).δν,
2460 2264 2654 2331 ὅτιπερ
2694 2261 2758 2314 σὺ
2792 2262 2821 2313 ό
2852 2258 3139 2328 ἀγαπητός
3169 2273 3270 2326 μου
3310 2256 3445 2318 υἱὸς,
3477 2252 3597 2323 μεθ’
3630 2252 3843 2321 ἑτέρων

2253 2355 2394 2412 ἑπτὰ
2417 2354 2665 2424 ἀδελφῶν
2695 2370 2813 2418 σου,
2834 2344 2922 2404 ὧν
2957 2351 3031 2405 τὰ
3052 2350 3317 2417 ὀνόματα
3341 2346 3413 2399 ἐν
3439 2346 3636 2410 βίϐλῳ
3660 2341 3842 2411 ζωῆς.

2253 2444 2629 2517 ὲμαστίχθητε
2662 2444 2801 2515 ὑπὲρ
2824 2440 3063 2515 Χριστοῦ
3092 2439 3191 2494 τοῦ
3228 2436 3439 2508 ἀγαθοῦ
3474 2437 3634 2506 ἡμῶν
3658 2434 3838 2501 Θεοῦς

2254 2536 2394 2602 Δόξα
2444 2536 2524 2608 τῷ
2573 2534 2869 2589 καλέσαντι
2917 2532 3063 2604 ὑμᾶς
3124 2532 3205 2595 είς
3251 2530 3351 2600 τὴν
3396 2526 3699 2597 ὁμολογίαν
3742 2527 3843 2597 τῆς

2255 2628 2518 2700 ἀληθείας
2546 2625 2714 2681 αὑτοῦ
2752 2644 2764 2657 ·
2797 2625 2925 2692 δόξα
2954 2624 3034 2697 τῷ
3077 2619 3484 2691 σταθερώσαντι
3512 2618 3616 2682 τὰς
3650 2618 3843 2688 τιμίας

2256 2722 2411 2793 ὑμῶν
2448 2722 2629 2793 ψυχὰς
2672 2720 2781 2774 τῶν
2818 2717 2996 2776 ἄλλων
3034 2710 3492 2787 προκινδυνεῦσαι
3533 2712 3618 2775 εἰς
3663 2711 3728 2763 τὸ
3768 2710 3841 2780 μὴ

2256 2815 2483 2883 πτῆξαι,
2517 2809 2653 2886 μηδέ
2681 2811 3037 2883 ὑποχωρῆσαι
3076 2806 3184 2863 ἀπὸ
3232 2804 3531 2879 προσώπου
3562 2804 3661 2859 τοῦ
3697 2804 3837 2857 ἁλά-

2261 2923 2452 2977 στορος
2484 2923 2497 2936 ·
2555 2904 2697 2958 ἀλλὰ
2731 2902 2832 2973 τὴν
2888 2899 3061 2971 καλὴν
3090 2897 3245 2969 ὑμῶν
3295 2894 3596 2966 ὁμολογίαν
3644 2896 3843 2964 ὁμολο-

2258 2997 2433 3065 γῆσαι
2454 3034 2471 3059 ,
2503 2996 2599 3049 καὶ
2623 2995 2711 3047 διὰ
2742 2992 2953 3061 ταύτην
2988 2991 3086 3044 σὺν
3130 2988 3355 3060 Χριστῷ
3384 2987 3567 3043 δοῦναι
3599 2988 3693 3040 τὸν
3740 2987 3843 3041 v5:—

2259 3104 2350 3140 τον
2377 3088 2457 3150 εἰς
2494 3087 2791 3157 μάστιγας.
2836 3081 3216 3154 Προσετέθητε
3248 3080 3411 3151 χορὸς
3441 3078 3608 3141 ἄλλος
3638 3078 3843 3147 ὁμολο-

2259 3182 2387 3249 γίας
2433 3181 2499 3250 τῇ
2554 3177 2851 3249 Ἐκκλησία
2894 3175 2991 3234 τοῦ
3026 3173 3184 3229 Θεοῦ.
3240 3172 3531 3244 Ηύξήσατε
3574 3169 3639 3229 τὸ
3684 3169 3846 3231 κλέος

2262 3273 2362 3341 τῆς
2391 3272 2452 3323 ὲν
2495 3268 2719 3341 Χριστῷ
2765 3268 3150 3337 ἀδελφότητος.
3195 3264 3480 3332 Μακάριοι
3504 3260 3703 3326 ὅντως,
3739 3278 3841 3314 πο-

2264 3362 2417 3433 Οητοί
2443 3380 2569 3433 μου,
2596 3363 2691 3415 καὶ
2720 3360 3137 3432 τρισμακάριοι.
3183 3356 3452 3429 μακάριαι
3501 3355 3601 3409 καὶ
3632 3356 3691 3407 αἰ
3723 3371 3841 3408 κοι-

2263 3455 2411 3518 λίαι,
2444 3454 2501 3508 αἶ
2546 3456 2627 3517 εἰς
2694 3455 2811 3524 φῶς
2868 3454 3013 3524 ὑμᾶς
3056 3453 3285 3522 ἤγαγον.
3326 3447 3472 3504 Εἰδέ
3501 3467 3557 3501 τι
3587 3449 3689 3502 καὶ
3722 3451 3849 3519 περὶ

2267 3545 2431 3617 ὲμοῦ⁶
2469 3548 2741 3618 μακάριος
2788 3544 2943 3613 κάγὼ
2997 3545 3025 3597 ό
3073 3542 3452 3613 ἁμακάριττος
3490 3540 3590 3594 καὶ
3618 3539 3810 3604 ἄθλιος

2267 3642 2350 3696 ὅτι
2380 3640 2718 3711 τηλικούτων
2755 3637 2962 3702 ἀκούω,
3011 3634 3201 3704 Πατὴρ
3246 3633 3477 3699 τέκνων,
3514 3632 3659 3686 Θεοῦ
3693 3634 3849 3696 υίῶν,

2268 3736 2362 3787 καὶ
2394 3731 2748 3803 κληρονόμων
2796 3726 3058 3799 Χριστοῦ.
3095 3726 3195 3790 Τίς
3236 3728 3270 3795 ἡ
3301 3725 3451 3796 χαρὰ
3499 3724 3691 3798 αὖτης
3737 3726 3851 3781 ἀλλ’

2267 3825 2388 3895 ούχὶ
2415 3825 2599 3894 πάσης
2621 3822 2796 3893 χαρᾶς
2845 3818 3232 3892 θυμηρεστέρα
3262 3836 3279 3885 ;
3319 3816 3416 3881 Τίς
3447 3817 3653 3887 ήδδόξα
3674 3819 3851 3890 αὖτη;

2266 3916 2382 3975 ἀλλ’
2409 3916 2529 3985 οὐχὶ
2584 3915 2693 3968 τῶν
2721 3913 2790 3967 τὰ
2830 3912 3154 3983 διαδήματα)
3175 3908 3490 3980 φορούντων
3522 3909 3854 3979 θαυμασιω-

2266 4008 2424 4077 τέρα,
2455 4007 2732 4077 στίγματα
2787 4006 2978 4076 φέρειν
3024 4003 3118 4059 τοῦ
3149 4001 3415 4075 Χριστοῦ,
3485 4003 3558 4056 τὰ
3608 4003 3854 4068 ζωοποιά

2268 4098 2432 4153 αὑτοῦ
2462 4098 2641 4168 πάθη,
2672 4097 2749 4161 ὡς
2783 4097 2988 4169 στέφηῖ

2338 4187 2526 4253 Οὕτως
2574 4188 2671 4257 μὲν
2724 4182 2818 4242 οῦν
2869 4188 2968 4248 τὰς
3015 4184 3139 4240 καθ’
3184 4186 3373 4254 ὑμᾶς’
3418 4184 3455 4240 ἃ
3485 4186 3582 4239 καὶ
3614 4186 3851 4259 οὐρανὸς

2270 4284 2465 4355 ᾔνεσε,
2514 4281 2609 4336 καὶ
2642 4282 2713 4353 γῆ
2762 4279 3085 4351 ⁴ίνριουτίσθη.
3138 4279 3220 4332 Τὰ
3266 4278 3324 4332 δὲ
3373 4278 3632 4350 ἡμέτερα
3680 4280 3853 4350 μηδα-

2273 4377 2405 4446 μινὰ
2432 4376 2526 4429 καὶ
2551 4374 2855 4445 ἁμαρτωλά
2879 4390 2895 4405 ο
2923 4372 3065 4443 πλὴν
3092 4370 3168 4435 ὡς
3196 4371 3535 4441 ἀπήγγειλεν
3562 4374 3591 4425 ό
3618 4374 3849 4442 ἁδελφὸς

2282 4469 2560 4538 Ἀδριανός
2581 4484 2595 4499 ο
2638 4468 2859 4529 πάντως
2884 4466 2994 4535 γὰρ
3035 4463 3442 4517 ἀποσέσωσται.
3476 4464 3543 4517 Εἰ
3575 4466 3636 4517 δέ
3662 4485 3716 4518 τι
3742 4467 3851 4520 δέοι

2269 4563 2364 4612 καὶ
2408 4557 2759 4630 προσθεῖναι,
2796 4556 2966 4610 ταῦτα
3017 4555 3113 4609 καὶ
3164 4552 3503 4624 δηλώσομεν.
3556 4557 3721 4609 Μετὰ
3763 4558 3851 4610 τὸν

2267 4652 2476 4722 δαρμὸν
2505 4648 2756 4705 ἔκλεισαν
2794 4650 2946 4716 ἡμᾶς
2975 4647 3104 4710 τοὺς
3138 4646 3233 4699 δύο
3262 4647 3342 4708 εἰς
3373 4646 3643 4714 ἀνώγεων
3668 4690 3683 4710 ,
3720 4650 3850 4701 ἀνα-

2269 4743 2579 4812 φρὰξαντες
2630 4741 2729 4813 τὴν
2760 4739 2953 4812 θύραν,
2995 4739 3091 4793 καὶ
3138 4739 3371 4810 ἄραντες
3424 4739 3526 4810 τὴν
3561 4740 3847 4811 κλίμακαο

2272 4835 2533 4889 κυκλόθεν
2563 4834 2804 4903 φύλακες
2826 4850 2841 4863 ’
2864 4835 2951 4903 μή
2995 4834 3077 4895 τίς
3124 4850 3227 4885 που
3277 4831 3430 4905 θίγῃ,
3463 4832 3605 4902 μηδὲ
3638 4833 3848 4907 ἅψηται

2268 4927 2364 4979 τοῦ
2395 4926 2669 4997 δωματίου
2695 4941 2708 4954 ·
2743 4924 2879 4977 ἀλλὰ
2933 4925 3029 4976 καὶ
3073 4925 3254 4977 πάντα
3305 4922 3398 4975 τὸν
3442 4924 3844 4996 εἰσερχόμενον

2267 5023 2346 5083 εἰς
2382 5020 2444 5072 τὸ
2498 5017 2757 5087 κάστρον,
2814 5014 3269 5087 προῦπαντῶντες
3307 5015 3357 5067 οἰ
3414 5013 3693 5084 φύλακες,
3753 5018 3848 5070 οὐκ

2267 5110 2396 5163 ἐῶσί
2422 5126 2528 5163 που
2577 5108 2855 5180 τραπῆναι
2894 5106 3072 5176 πάρεξ
3116 5105 3213 5159 τοῦ
3248 5106 3381 5159 ἰδίου
3426 5108 3611 5172 οἴκου,
3641 5109 3753 5172 ἕως
3787 5110 3849 5163 ἂν

2266 5196 2421 5262 αὖθις
2478 5190 2542 5270 [ί.
2571 5191 2749 5269 αὖτις]
2798 5195 3027 5261 ἐξέλθοι.
3067 5195 3423 5266 Παραγγελία
3473 5200 3746 5267 κραταιὰ,
3779 5199 3849 5269 μὴ

2266 5289 2743 5359 ἐπιδοθῆναιήμῖν
2792 5304 2846 5339 τι
2871 5285 3049 5357 πάρεξ
3079 5285 3272 5350 ὕδατος
3324 5288 3489 5357 μόνου
3545 5291 3646 5342 καὶ
3670 5288 3845 5355 ξύλου.

2268 5381 2457 5445 Οὕτως
2505 5379 2691 5444 ἁπλῶς
2731 5379 2951 5451 θέμενοι
2988 5376 3066 5444 ὡς
3118 5379 3176 5430 ὲν
3230 5377 3410 5449 τάφῳ,
3465 5380 3567 5433 καὶ
3618 5383 3764 5451 προς
3788 5382 3845 5435 τὸ

2269 5463 2674 5543 κτείναιῆμᾶς.
2720 5470 2780 5524 Ὀ
2817 5469 2876 5523 δὲ
2910 5468 3050 5536 Osi);
3082 5468 3220 5520 ἐλέει
3269 5467 3702 5538 φιλανθρωπίας
3756 5473 3846 5525 αὖε

2266 5565 2361 5623 τοῦ
2382 5580 2397 5595 ο
2437 5564 2503 5623 δι’
2536 5557 2612 5619 ὧν
2642 5560 3151 5633 προεισηνέγκαμεν
3178 5556 3377 5629 χρειῶν
3405 5576 3422 5591 ⁶
3453 5563 3556 5615 καὶ
3585 5563 3674 5617 ἔτι
3694 5563 3764 5618 δι’
3792 5557 3847 5623 οἱ

2269 5656 2570 5711 ὲπιδέδοται
2599 5656 2734 5725 ἡμῖν
2764 5652 2826 5707 τὸ
2872 5649 3212 5723 προσταχθὲν
3257 5651 3324 5706 δι’
3350 5652 3493 5725 ὄπῆς
3544 5655 3655 5728 τῆς
3708 5656 3849 5734 ovet.
