3990 6318
151 367 314 432 1209

1359 363 1900 426 EPISTOLARUM
1962 363 2109 427 LIB.
2148 363 2231 423 II.

3291 364 3425 429 1210

143 483 280 544 δοςν
313 477 404 530 ἐπὶ
431 477 701 548 κλίμακος
729 477 971 540 ἀνιόντος
997 475 1137 531 κατὰ
1165 477 1267 550 τὴν
1303 477 1453 548 ὥραν
1493 477 1740 547 ἑστώσης

1846 477 1915 530 tis
1949 485 2092 531 stata
2143 474 2282 530 hora
2317 474 2481 530 scalis
2527 474 2689 539 redit,
2724 474 2882 530 nobis
2917 475 3173 531 tribuitur
3194 475 3430 549 impera-

146 569 471 640 διατρέφει.
501 569 575 623 Οὐ
598 567 888 638 τολμῶμεν
913 568 1088 637 φῆσαι
1119 569 1296 622 ἐκεῖνο
1320 570 1349 622 ὅ
1378 587 1513 642 φησι
1543 569 1745 640 Δανιὴλ

145 664 467 733 δεξάμενος
493 660 648 732 παρὰ
664 660 757 712 τοῦ
802 660 1131 731 Ἀμὸακοῦμ
1151 662 1210 714 τὸ
1235 661 1459 732 ἄριστον
1483 675 1498 690 ⁸
1531 661 1750 731 Ἐμνή-

147 757 289 822 σθη
327 754 438 824 γάρ
471 769 590 822 μου
621 754 654 805 ὁ
694 751 860 817 Θεός.
898 752 1044 821 Πλὴν
1071 752 1151 804 ὃτι
1183 752 1432 824 ἐμνήσθη
1463 753 1559 808 καὶ
1589 753 1749 825 ἡμῶν

147 847 278 902 τῶν
313 845 662 919 ἁμαρτωλῶν
687 862 701 876 ⁸
734 846 829 898 καὶ
875 844 1038 910 ἐλεεῖ,
1061 847 1154 898 καὶ
1179 847 1453 917 περιέπει,
1488 848 1577 900 καὶ
1624 847 1750 900 σκέ-

148 959 280 996 πει.
313 941 461 1003 Ἐως
489 938 554 991 ἂν
583 934 674 992 οὖν
705 939 970 1008 πάρεστιν
1010 940 1158 1010 ἡμᾶς
1193 940 1492 1010 τρέφεσθαι
1545 941 1610 993 ἐκ
1638 940 1748 993 τῶν

146 1036 314 1089 ἔνδον
341 1049 355 1063 ⁸
390 1034 425 1105 ἢ
472 1034 620 1095 ὅπως
669 1031 798 1090 ποτὲ
857 1032 975 1095 ἐνὸς
1015 1031 1124 1085 τῶν
1177 1032 1490 1104 πορταρίων
1529 1032 1746 1090 οἴκοθεν

146 1128 344 1199 λάθρα
374 1125 706 1188 ἐπιδιδόντος
759 1123 855 1178 τοῦ
908 1126 1004 1177 καὶ
1055 1124 1459 1196 ἐὸδομαρησίου
1492 1141 1506 1156 ⁸
1543 1125 1743 1196 τρέφει

148 1221 338 1293 ἡμᾶς,
384 1220 480 1273 καὶ
535 1216 831 1287 δοξάζομεν
877 1216 968 1269 τὸν
1018 1215 1172 1270 Θεὸν.
1238 1217 1634 1272 Ἐπιλιπόντων
1686 1218 1746 1270 δὲ

147 1314 272 1367 τῶν
312 1311 537 1384 χρειῶν,
580 1309 866 1381 οἰκονομίᾳ
901 1306 1062 1374 Θεοῦ,
1115 1309 1626 1380 συγκαταλείψομεν
1649 1310 1746 1366 καὶ

149 1410 331 1478 ἡμεῖς
353 1406 455 1477 τὴν
480 1405 648 1472 ζωὴν,
691 1403 788 1454 καὶ
821 1404 880 1453 ὲν
913 1400 1092 1472 τούτῳ
1115 1393 1384 1474 χαίρομεν
1409 1419 1424 1434 ⁸
1457 1403 1556 1457 καὶ
1584 1400 1745 1460 τοῦτο

148 1503 259 1571 τῆς
308 1497 727 1572 μεγαλοδωρεᾶς
754 1494 846 1547 τοῦ
886 1494 1044 1548 Θεοῦ.

233 1679 360 1734 Καὶ
390 1676 474 1737 τίς
503 1676 621 1746 είμι
649 1673 761 1743 ἐγὼ
787 1676 815 1728 ὁ
867 1675 1058 1739 τάλας,
1101 1675 1330 1747 τοιούτῳ
1355 1676 1544 1750 τρόπῳ
1571 1696 1743 1734 κατα-

148 1772 395 1843 ληφθεὶς
420 1769 562 1838 ὑπὲρ
589 1768 684 1821 τοῦ
709 1768 975 1837 ὀνόματος
1006 1767 1194 1830 αὑτοῦ,
1220 1770 1313 1821 καὶ
1342 1769 1478 1840 πρὸς
1501 1771 1562 1824 τὸ
1588 1773 1735 1844 ἑξῆς,

1850 580 1963 624 tum
2005 583 2098 638 per
2136 567 2377 622 foramen
2417 567 2618 634 ostioli,
2652 583 2752 622 nos
2778 578 3070 623 sustentat.
3104 567 3294 625 Dicere
3319 587 3427 626 non

1849 658 2117 712 audemus
2183 659 2325 728 quod
2382 656 2571 713 Daniel
2630 658 2786 721 dixit,
2838 674 2960 712 cum
3012 661 3302 728 prandium
3361 662 3429 717 ab

1848 745 2106 801 llabacuc
2168 748 2469 816 accepisset
2527 765 2540 802 :
2595 746 2923 801 Recordatus
2988 751 3124 802 enim
3187 762 3263 804 est
3325 754 3428 808 mei

1851 840 1987 893 Deus
2010 840 2076 893 “l.
2106 837 2492 894 Verumtamen
2525 840 2842 895 recordatus
2870 851 2954 894 est
2977 842 3148 898 nostri
3173 843 3265 912 qui
3306 861 3430 912 pec-

1847 943 2060 987 catores
2107 948 2320 999 sumus,
2366 943 2426 987 et
2487 935 2796 1001 miseretur,
2825 944 2881 988 et
2913 937 3068 1004 regit,
3097 948 3148 991 et
3176 940 3426 1008 protegit.

1847 1025 2101 1093 Quandiu
2140 1027 2308 1097 igitur
2356 1028 2594 1098 suppetit
2643 1030 2793 1084 intus
2859 1030 3003 1085 unde
3039 1034 3250 1087 alamur
3277 1073 3293 1097 ,
3334 1043 3430 1089 aut

1846 1133 2179 1189 quocunque
2213 1119 2374 1173 modo
2405 1119 2604 1189 aliquis
2631 1122 2982 1178 ostiariorum
3008 1126 3100 1192 qui
3134 1126 3430 1182 hebdoma-

1846 1210 2034 1267 durius
2067 1213 2159 1276 sit,
2207 1213 2346 1266 clam
2384 1211 2644 1282 elargitur
2714 1215 2878 1270 domo
2939 1217 3156 1272 allatqu
3199 1221 3425 1283 cibum;

1847 1303 1945 1357 alit
1983 1319 2104 1367 nos,
2131 1313 2185 1359 et
2210 1302 2376 1358 Deum
2402 1304 2793 1376 glorificamus.
2827 1306 3216 1365 Deficientibus
3244 1322 3424 1366 autem

1846 1394 2195 1459 necessariis,
2227 1394 2320 1449 Dei
2347 1395 2651 1464 permissu;
2692 1396 2856 1451 vitam
2882 1414 2990 1452 una
3021 1414 3289 1468 ponemus
3323 1401 3425 1470 ipsi

1849 1496 2014 1555 atque
2045 1487 2100 1540 in
2135 1487 2239 1541 hoc
2279 1486 2600 1558 gaudemus,
2633 1487 2794 1558 idque
2835 1489 3014 1560 ipsum
3052 1500 3136 1545 est
3168 1489 3263 1546 Dei
3303 1507 3427 1547 mu-

1847 1579 2128 1634 nificentia
2157 1620 2170 1634 .

1951 1669 2014 1725 Et
2051 1671 2173 1740 quis
2231 1685 2332 1742 ego
2380 1687 2500 1724 sum
2532 1671 2724 1739 miser,
2779 1672 2872 1741 qui
2904 1688 3004 1743 pro
3060 1674 3180 1743 ejus
3211 1676 3428 1732 nomine

1847 1763 1902 1817 in
1933 1764 2077 1818 hunc
2104 1762 2328 1816 modum
2360 1763 2623 1827 detincar,
2653 1773 2709 1816 ut
2737 1763 3132 1820 abundantiore
3157 1775 3277 1834 post
3312 1768 3427 1836 glo-

146 1838 499 1929 dig-46151555
529 1861 686 1932 δόξης
726 1862 1130 1934 περισσοτέρας
1155 1862 1248 1915 τὸν
1273 1838 1578 1934 ἀγέραστον
1602 1838 1737 1918 καίτ-

1844 1855 1941 1916 ria,
1975 1853 2310 1920 sicutjubct.
2339 1853 2724 1908 inhonoratum
2784 1870 2911 1908 cum
2973 1854 3139 1910 fratre
3172 1871 3427 1911 remune-

145 1956 396 2024 αξιῶσαι
453 1955 550 2007 σὺν
611 1953 689 2024 τῷ
751 1952 1000 2022 ἀδελφῷ;
1050 1955 1358 2024 Παρακαλῶ
1419 1952 1514 2010 οὖν
1570 1958 1736 2029 ὑμᾶς,

146 2046 420 2116 ἁδελφοὶς
472 2044 918 2113 συναγωνίσασθὲ
987 2063 1077 2115 μοι
1135 2048 1195 2099 ἐν
1260 2050 1384 2110 ταῖς
1412 2053 1742 2121 προσευχαῖς

149 2138 321 2208 ὑμῶν
352 2136 490 2208 πρὸς
519 2135 610 2189 τὸν
640 2135 794 2201 Θεὸν,
829 2136 915 2189 ἵνα
945 2135 1127 2206 ῥυσθῶ
1177 2139 1236 2190 ἐν
1261 2142 1423 2192 παντὶ
1443 2142 1631 2212 τρόπῳ
1654 2142 1742 2201 διὰ

146 2229 366 2290 παντὸς
409 2231 474 2282 ἐκ
507 2227 600 2281 τοῦ
627 2227 874 2298 Πονηροῦ
896 2243 909 2257 ⁸
951 2229 1044 2281 καὶ
1072 2228 1158 2282 ἵνα
1205 2231 1234 2283 ὁ
1284 2233 1653 2304 ἐναρξάμενος
1684 2237 1742 2287 ἐν

146 2324 294 2392 ἡμῖν
353 2319 518 2392 ἔργον
559 2319 852 2390 ὁμολογίας
879 2319 1046 2372 αὑτοῦ
1097 2319 1184 2374 διά
1219 2321 1505 2392 σπλάγχνα
1527 2325 1740 2393 οἰκτιρο

151 2415 300 2484 μῶν,
358 2414 461 2466 οὐκ
498 2411 558 2477 ἐξ
587 2412 764 2483 ἔργων
808 2411 908 2483 μού
935 2430 1097 2465 τινων
1121 2430 1134 2443 ⁸
1171 2413 1232 2465 οὐ
1265 2414 1376 2486 γάρ
1416 2416 1653 2487 ἐποίησά.
1689 2435 1741 2470 τι

150 2506 370 2575 ἀγαθὸν
398 2507 492 2558 ἐπὶ
526 2506 624 2574 τῆς
685 2506 809 2574 γῆς,
858 2505 996 2558 ἀλλά
1045 2507 1361 2561 τούναντίον
1389 2526 1401 2540 ·
1429 2510 1595 2573 αὐτὸς
1646 2512 1743 2565 καὶ

150 2598 536 2653 ἐπιτελέσειεν
567 2599 624 2649 ἐν
653 2597 1000 2667 ἀμφοτέροις,
1028 2598 1200 2652 Τοῦτο
1229 2602 1323 2654 καὶ
1367 2603 1534 2672 ἡμεῖς
1560 2603 1610 2655 οί
1643 2620 1742 2655 τα-

154 2689 340 2742 πεινοὶ
362 2689 500 2759 πρὸς
525 2688 669 2758 ὑμᾶς
697 2691 823 2752 τοὺς
845 2689 914 2742 τὰ
936 2690 1076 2744 αὐτά
1103 2692 1410 2761 πάσχοντας
1437 2694 1498 2746 οὐ
1527 2694 1740 2763 διαλιμ-

155 2782 408 2850 πάνομεν
467 2779 734 2833 αἰτεῖσθαι
779 2781 918 2852 μετ-ἀ
966 2782 1244 2853 δακρύων.
1296 2785 1371 2835 υὺ
1405 2784 1566 2855 μόνον
1612 2785 1742 2848 τοὺς

152 2871 304 2928 ὀκτὼ
330 2872 432 2942 τὴν
470 2872 703 2943 ἐκλογὴν
731 2873 822 2925 τοῦ
847 2875 1053 2944 Κυρίου
1074 2890 1086 2902 ·
1120 2874 1256 2928 ἀλλά
1287 2877 1382 2928 καὶ
1421 2877 1514 2930 τὸν
1567 2878 1742 2932 ἁ66ἇν

153 2966 388 3036 Πέτρον,
413 2967 507 3019 καὶ
535 2965 627 3021 τὸν
656 2965 818 3019 καλὸν
844 2967 1072 3035 Λητόῖον
1099 2983 1112 2997 ⁸
1148 2967 1244 3020 καὶ
1300 2967 1356 3020 el.’
1408 2985 1530 3021 τινα
1559 2967 1738 3026 ἀλλον.

153 3057 525 3130 ἀσπαζόμεθα
554 3061 613 3111 ἐν
650 3059 862 3130 Κυρίῳ.

541 3169 666 3225 AE'.
695 3197 768 3212 --
807 3170 1127 3240 Ἑπιφανίῳ
1166 3171 1373 3238 τέκνῳ.
1401 3171 1558 3248 [τς¹].

1843 1945 1972 2000 ret?
2008 1943 2248 2000 Obsecro
2271 1961 2400 2016 ergo
2441 1961 2557 2009 vos,
2592 1941 2810 2012 fratres,
2842 1947 3028 2016 juvate
3053 1963 3138 2003 me
3173 1951 3428 2018 precibus

1842 2041 2038 2093 vestris
2065 2039 2129 2093 ad
2156 2039 2350 2103 Deum,
2387 2048 2444 2092 ut
2474 2053 2688 2108 semper
2718 2055 2747 2093 a
2777 2041 2921 2094 malo
2953 2041 3150 2097 liberer
3175 2043 3429 2099 omnibus

1844 2130 2051 2184 modis:
2075 2138 2127 2183 et
2147 2131 2239 2199 qui
2265 2129 2637 2184 confessionis
2671 2145 2786 2184 sua:
2813 2147 2951 2201 opus
2980 2133 3035 2187 in
3064 2135 3219 2189 nobis
3239 2137 3426 2206 coepit,

1844 2237 1943 2291 pcr
1969 2222 2180 2276 viscera
2204 2222 2606 2277 misericordiae
2639 2238 2774 2287 suae,
2797 2240 2903 2278 non
2924 2241 2988 2279 ex
3017 2228 3273 2294 operibus
3294 2229 3431 2282 meis

1845 2313 2011 2378 ullis;
2045 2327 2222 2381 neque
2250 2313 2395 2365 enim
2425 2312 2635 2366 bonum
2670 2314 2893 2383 aliquod
2929 2316 2982 2369 in
3030 2328 3170 2371 terra
3201 2321 3304 2390 egi,
3335 2321 3427 2374 sed

1843 2407 2218 2471 contrarium;
2259 2405 2374 2475 ipse
2408 2405 2656 2476 perficiat
2685 2406 2738 2459 in
2790 2409 3079 2466 ambobus.
3115 2409 3230 2466 Hoc
3259 2414 3426 2466 etiam

1843 2506 1898 2551 et
1928 2512 2027 2552 nos
2054 2497 2287 2552 humiles
2318 2512 2418 2568 pro
2450 2499 2628 2562 vobis,
2658 2499 2753 2568 qui
2787 2502 2975 2558 eadem
3003 2504 3275 2573 patimini,
3301 2521 3426 2561 cum

1843 2587 2098 2658 lacrymis
2132 2603 2290 2643 orare
2349 2603 2459 2642 non
2490 2604 2796 2644 cessamus.
2829 2591 2949 2646 Non
2976 2602 3102 2647 octo
3130 2603 3338 2649 tantum
3373 2597 3424 2650 in

1843 2678 2077 2735 Domino
2110 2681 2312 2736 electos
2336 2722 2351 2747 ,
2387 2681 2481 2736 sed
2534 2681 2786 2736 abbatem
2842 2700 3062 2754 quoque
3093 2685 3343 2754 Petrum,
3375 2699 3430 2744 et

1843 2772 2124 2843 egregium
2170 2773 2446 2838 Lctoium,
2498 2781 2553 2827 et
2589 2774 2635 2827 si
2690 2776 2819 2844 quis
2872 2777 3036 2846 alius,
3070 2780 3122 2833 iu
3198 2781 3429 2835 Domino

1843 2864 2164 2918 salutamus.

2205 3173 2430 3234 XXXV.
2464 3209 2534 3219 —
2565 3176 2867 3250 Epiphanio
2902 3176 3036 3248 ﬁlio.

703 3280 1011 3344 Epiphanius
1033 3282 1249 3333 mittitur
1271 3286 1330 3334 ad
1355 3284 1643 3335 Paschalem
1670 3285 1913 3337 summum
1936 3286 2239 3348 pontiﬁcem.
2278 3287 2479 3352 (Baron.
2508 3303 2588 3339 an.
2615 3289 2726 3349 818,
2754 3303 2804 3341 n.
2835 3291 2903 3353 4.)

237 3392 399 3458 Ἰδοὺ,
423 3389 616 3444 τέκνον
649 3406 752 3459 μου
793 3387 1174 3459 ἠγαπημένον,
1211 3390 1390 3454 καθὼς
1420 3392 1738 3463 προεθυμή-

155 3486 277 3557 θης,
302 3487 518 3556 ἀπᾶραι
545 3487 604 3538 ἐν
638 3487 703 3555 τῇ
732 3484 913 3546 Δύσει,
961 3484 1207 3547 εἰπόντος
1240 3501 1343 3554 μου
1377 3480 1510 3554 ἆραι
1551 3485 1737 3555 γράμ-

158 3594 304 3646 ματα
375 3575 574 3630 ταῦτα.
641 3574 965 3626 Ἀπέστειλα
1011 3572 1105 3626 δύο
1157 3572 1471 3638 ἐπιστολὰς,
1524 3573 1618 3626 τοῦ
1673 3591 1735 3627 τε

157 3666 548 3731 ἀποστολικοῦ,
585 3666 682 3718 καὶ
715 3665 808 3718 τοῦ
835 3662 1004 3735 κυροῦ
1041 3664 1330 3718 Μεθοδίου.
1367 3665 1430 3718 Οί
1457 3665 1568 3736 γὰρ
1606 3665 1737 3736 περὶ

156 3763 247 3815 τὸν
286 3761 520 3829 ἀδελφὸν
567 3759 844 3812 Διονύσιον
892 3757 1110 3829 εὐδοκία
1140 3756 1276 3810 Θεοῦ
1314 3759 1412 3811 καὶ
1445 3757 1738 3830 ἀπεσώθη-

161 3869 260 3907 σαν
289 3854 398 3916 ἓως
427 3851 538 3905 τῶν
585 3851 724 3913 ἐκεῖ,
755 3849 852 3902 καὶ
887 3848 1134 3920 χρηστὰς
1178 3847 1402 3912 ἐλπίδας
1453 3849 1695 3921 ἤνεγκαν
1721 3866 1733 3880 ⁸

160 3946 300 4016 πρὸς
351 3945 422 4007 ἀς
462 3944 560 3997 καὶ
614 3944 778 3997 πάλιν
837 3941 1139 3995 ἐπιστεῖλαι
1190 3935 1250 3995 εὖ
1305 3941 1553 4012 ἐνόμισα.
1600 3942 1736 3996 Ἐπο

162 4037 378 4090 ἐστειλα
405 4037 483 4100 δέ,
515 4036 614 4106 οὐχ
640 4035 715 4100 ὡς
745 4037 838 4089 ἀπ’
873 4033 1006 4104 ἐμοῦ
1047 4034 1227 4105 μόνον,
1265 4034 1403 4097 ἀλλ’,
1426 4035 1503 4097 ὡς
1527 4035 1589 4087 τὸ
1610 4033 1740 4104 πρό-

159 4143 340 4196 τερον,
381 4128 441 4193 ἐξ
469 4127 798 4198 ἀμφοτέρων
839 4127 949 4179 τῶν
995 4125 1337 4197 ἡγουμένων,
1396 4125 1489 4189 οὓς
1535 4126 1735 4197 δηλοῖή

163 4219 446 4291 ἐπιστολὴ,
489 4217 667 4288 πάρεξ
691 4215 786 4272 τοῦ
815 4218 914 4286 τῆς
943 4217 1242 4288 Εὑκαιρίας
1264 4230 1281 4248 ⁸
1313 4209 1475 4281 οὗτος
1502 4217 1632 4287 γὰρ,
1664 4215 1738 4279 ὡς

163 4308 390 4376 ἔμαθον,
423 4310 566 4362 κατὰ.
588 4310 690 4371 τάς
725 4309 1003 4378 ἁμαρτίας
1047 4325 1152 4379 μου
1194 4308 1489 4365 κατέπεσε.
1535 4307 1740 4362 Γνώσει

163 4395 255 4450 οῦν
290 4402 387 4453 καὶ
413 4401 568 4469 κοινῇ
599 4399 816 4472 γνώμῃ,
843 4397 932 4451 διά
962 4399 1282 4471 μηνύματος
1328 4399 1616 4472 λαθραίου,
1645 4400 1739 4454 καὶ

163 4488 524 4556 ἀναγνώσεως
559 4488 659 4558 τῆς
685 4488 998 4560 ἐπιστολῆς,
1051 4490 1172 4541 τότε
1201 4492 1619 4560 ἐπεστείλαμεν,
1663 4490 1740 4552 ὼς

163 4581 255 4632 καὶ
303 4581 494 4654 ἐδήλου
521 4582 581 4634 τὸ
614 4583 776 4635 ἀπιὸν
798 4582 1053 4657 γράμμα.
1079 4581 1196 4634 Νῦν
1233 4581 1312 4645 δέ,
1348 4583 1450 4636 κᾶν
1494 4583 1554 4639 οὐ
1586 4582 1740 4636 δεδύ-

1909 3391 2012 3459 Εη,
2049 3393 2248 3450 dilecte
2286 3394 2360 3449 fili
2393 3395 2487 3461 mi,
2525 3397 2669 3451 sicut
2707 3398 2871 3454 alacri
2903 3403 3088 3455 animo
3121 3401 3429 3473 instituisti,

1839 3485 1987 3539 solve
2019 3486 2074 3539 in
2131 3484 2509 3553 Occidentem,
2573 3489 2785 3546 litteras
2849 3491 2989 3546 istas
3049 3493 3262 3550 laturus
3289 3513 3428 3566 quas

1837 3566 2060 3633 dictavi.
2120 3578 2239 3633 Misi
2290 3581 2551 3650 epistolas
2591 3583 2750 3647 duas,
2823 3585 2890 3638 ad
2939 3588 3321 3655 apostolicum,
3377 3602 3432 3648 et

1840 3669 1906 3722 ad
1951 3668 2239 3724 dominum
2277 3669 2638 3728 Methodium.
2691 3673 2884 3730 Frater
2931 3678 3076 3733 enim
3135 3679 3429 3754 Dionysius

1841 3760 1934 3816 Dei
1960 3773 2096 3816 nutu
2128 3772 2183 3818 et
2231 3763 2523 3820 incolumis
2575 3781 2822 3837 eousque
2880 3772 3146 3839 pervasit,
3177 3784 3231 3828 et
3276 3793 3427 3845 spem

1839 3855 2099 3921 Optimam
2171 3857 2519 3924 reportavit:
2571 3858 2637 3911 ad
2696 3874 2860 3929 quam
2923 3861 3155 3919 iteratas
3217 3866 3428 3926 litteras

1840 3943 2040 3998 addere
2068 3959 2249 4014 operte
2306 3947 2541 4014 pretium
2590 3948 2744 4004 duxi.
2801 3951 3008 4021 Scripsi
3058 3966 3260 4024 autem,
3315 3975 3425 4015 non

1842 4047 2102 4107 tanquam
2133 4053 2164 4092 a
2191 4052 2282 4094 me
2312 4039 2511 4106 solum,
2544 4041 2660 4108 sed,
2694 4042 2837 4098 sicut
2867 4054 3047 4112 antea,
3083 4063 3149 4103 ex
3179 4065 3420 4120 persona

1841 4133 2202 4200 utrorumque
2249 4135 2688 4202 praepositorum,
2790 4152 2888 4191 uos
2941 4137 3145 4196 indicat
3171 4144 3422 4213 epistola,

1841 4232 2203 4294 praeterquam
2235 4224 2495 4282 Eucasriae
2524 4245 2537 4281 :
2574 4226 2620 4282 is
2646 4228 2814 4295 enim,
2852 4237 2912 4284 ut
2958 4235 3168 4304 accepi,
3200 4249 3425 4307 propter

1842 4323 2060 4383 peccata
2088 4331 2209 4371 mea
2244 4316 2430 4386 lapsus
2449 4328 2552 4374 est.
2594 4318 2670 4373 Ex
2706 4323 2984 4377 communi
3006 4340 3135 4395 ergo
3156 4330 3422 4385 sententia

1840 4413 1893 4458 et
1925 4405 2178 4471 scientia,
2224 4415 2336 4461 tum
2365 4424 2461 4477 per
2487 4412 2762 4466 occultam
2796 4415 3272 4485 significationem,
3303 4429 3420 4476 tum

1840 4511 1936 4566 per
1966 4498 2210 4567 epistola:
2257 4500 2433 4570 ipsius
2462 4502 2775 4570 lectionem,
2812 4517 2941 4562 tunc
2988 4510 3331 4578 scripsimus,
3363 4525 3424 4568 ut

1840 4587 2070 4656 epistola
2115 4591 2283 4644 missa
2341 4591 2504 4646 etiam
2546 4593 2878 4653 declarabat.
2911 4599 3068 4654 Nune
3123 4617 3286 4666 vero,
3317 4606 3421 4660 etsi

165 4689 332 4742 νημαι
361 4674 524 4728 τοῦτο
567 4675 790 4744 ποιῆσαι
840 4674 929 4727 διὰ
980 4675 1079 4743 τὴν
1121 4673 1444 4742 ἀσφάλειαν,
1493 4676 1606 4730 ἀλλ’
1664 4676 1738 4738 ὡς

1847 4688 2064 4749 propter
2096 4693 2304 4737 arctam
2332 4687 2634 4745 custodiam
2666 4691 2717 4744 id
2752 4691 2929 4748 facere
2953 4709 3060 4749 non
3084 4699 3254 4766 potui,
3282 4709 3422 4754 atta-

164 4765 261 4834 ἥδη
327 4767 868 4838 όμογνωμονούντων
940 4768 1292 4839 ἀμφοτέρων,
1359 4769 1454 4821 καὶ
1506 4769 1644 4840 αῦτη
1705 4771 1739 4840 ἡ

167 4858 442 4933 ἐπιστολή.
483 4862 643 4922 ’ῐσως
678 4860 734 4912 δὲ
768 4861 864 4913 καὶ
890 4862 1028 4930 μετὰ
1057 4859 1227 4912 ταῦτα
1251 4861 1521 4933 ἐνδέχεται
1555 4863 1742 4915 κάκεί-

163 4969 282 5017 νους
335 4953 657 5025 ἐπιγνῶναι.
712 4954 907 5010 "Amo:
959 4949 1074 5016 οῦν,
1123 4947 1169 5006 ὦ
1234 4956 1367 5008 καλέ
1425 4955 1738 5025 Ἐπιφάνιε⁸

167 5044 424 5114 ἐπίφανον
497 5048 563 5117 τῇ
626 5045 788 5098 Δύσει
864 5045 1094 5113 ἄγγελος
1173 5048 1382 5112 πιστὸς,
1455 5050 1737 5120 φρόνιμος,

169 5136 663 5208 ἀρχαιογνώριστος
693 5152 707 5166 ⁸
768 5136 1053 5200 ἀποδιδοὺς
1112 5137 1210 5207 τὴν
1263 5139 1592 5208 ἐπιστολὴν,
1644 5141 1740 5192 καὶ

169 5230 304 5282 κατά
323 5231 388 5283 τὰ
406 5228 739 5298 θεοκινήτως
765 5228 1089 5282 τυπωθέντα
1115 5229 1172 5280 ἐν
1226 5230 1303 5300 τῷ
1335 5231 1476 5301 ἁγίῳ
1507 5231 1740 5284 ἀποστο-

169 5313 320 5385 me,
370 5316 684 5386 ὑποθετικῷ
714 5318 903 5388 τρόπῳ
943 5319 1038 5371 καὶ
1077 5317 1220 5387 λόγῳ
1247 5320 1340 5372 τοῦ
1370 5321 1516 5390 ἱεροῦ
1566 5320 1739 5374 Μεθο-

170 5401 299 5469 δίου,
329 5412 425 5461 καὶ
482 5405 578 5461 τοῦ
617 5408 713 5475 τῆς
753 5408 1146 5476 Μονεμὸασίας
1197 5411 1355 5477 ἁγίου
1410 5411 1734 5476 ἐπισκόπου,

172 5495 260 5546 καὶ
291 5499 448 5564 αὐτὸς
482 5498 1008 5568 συνεπιπρεσεεύων
1055 5501 1150 5552 καὶ
1194 5499 1507 5572 ἐκλιπαρῶν
1534 5503 1615 5564 είς
1640 5503 1734 5554 πέ-

174 5601 269 5655 ρας
312 5589 599 5660 ἐνεχθῆναι
625 5589 798 5642 ταῦτα
839 5589 974 5643 Θεοῦ
1002 5589 1244 5662 εὐδοκία,
1279 5590 1370 5644 τοῦ
1423 5592 1640 5662 ἔχοντός
1676 5609 1734 5646 σε

173 5676 258 5734 καὶ
279 5680 582 5746 ἀποσῶσαι,
632 5683 726 5734 καὶ
779 5686 1132 5755 παραστῆσαι
1171 5687 1237 5757 τῇ
1278 5687 1400 5758 ίερᾷ
1433 5687 1529 5740 καὶ
1559 5703 1735 5760 μακα-

239 5813 278 5846 ⁶⁰
314 5815 440 5875 Dan.
482 5834 592 5884 ιιγ,
626 5819 714 5876 57.

1841 4785 1964 4826 men
1997 4774 2165 4828 veluti
2199 4775 2313 4845 jam
2362 4782 2834 4840 consentientibus
2889 4787 3158 4858 utrisque,
3226 4806 3418 4847 eorum

1839 4861 2002 4914 etiam
2027 4872 2113 4917 est
2143 4864 2259 4920 haec
2289 4868 2542 4937 cpistola.
2571 4870 2829 4929 Fortasse
2859 4884 3039 4930 autem
3062 4889 3251 4947 postea
3287 4895 3421 4934 con-

1841 4949 2000 5018 tingit
2025 4959 2084 5004 ut
2120 4962 2175 5006 et
2206 4953 2311 5022 ipsi
2356 4957 2623 5014 certiores
2654 4959 2805 5019 ﬁant.
2855 4964 2998 5019 Vade
3039 4966 3224 5036 igitur,
3258 4984 3418 5038 egre-

1839 5041 1925 5107 gie
1957 5039 2251 5113 Epiphani,
2277 5062 2480 5118 appare
2502 5049 2780 5109 Occidenti
2817 5059 3044 5113 nuntius
3066 5060 3261 5124 fidelis,
3288 5079 3418 5133 pru-

1839 5135 1994 5201 dens,
2021 5137 2134 5206 jam
2161 5139 2291 5194 olim
2324 5144 2587 5212 probatus
2617 5165 2630 5202 :
2661 5150 2825 5205 redde
2849 5153 3156 5221 epistolam,
3184 5166 3239 5211 et
3258 5157 3418 5227 juxta

1836 5243 1899 5281 ea
1927 5245 2049 5298 quae
2091 5231 2274 5288 divino
2305 5235 2567 5293 instinctu
2624 5240 2892 5311 impressa
2941 5255 3071 5302 sunt
3127 5248 3180 5301 in
3222 5262 3415 5306 saneto

1836 5320 2158 5386 apostolico,
2193 5325 2544 5393 suggestione
2573 5330 2862 5400 verbisque
2913 5334 3087 5388 sancti
3132 5334 3414 5400 Methodii,

1834 5422 1886 5463 et
1915 5413 2088 5465 sancti
2121 5412 2504 5472 Moliembasia:
2556 5419 2796 5492 episcopi
2850 5423 3012 5478 simul
3064 5425 3339 5480 intercede
3364 5437 3419 5482 et

1839 5502 1977 5571 ipse.
1997 5513 2052 5557 et
2072 5519 2190 5570 ora,
2217 5514 2276 5560 ut
2299 5507 2366 5561 ad
2397 5509 2558 5562 finem
2593 5512 2706 5566 haec
2725 5514 3092 5582 perducantur
3113 5515 3208 5570 Dei
3227 5517 3418 5572 volun-

1846 5603 1974 5662 tate,
2041 5598 2134 5668 qui
2166 5607 2344 5669 potest
2370 5609 2424 5655 et
2451 5601 2662 5656 salvum
2721 5613 2772 5659 te
2825 5621 3066 5672 servare,
3123 5619 3178 5662 et
3225 5608 3420 5664 sistere

1847 5702 2026 5758 sacro,
2055 5698 2108 5746 et
2151 5690 2310 5748 beato
2343 5693 2550 5752 vertici.
2607 5693 2685 5752 Ne
2733 5696 2999 5757 formidas
3097 5700 3266 5758 multa
3321 5701 3419 5758 tibi
