3990 6318
553 324 675 387 1211
1736 336 1797 395 S.
1838 334 2232 395 THEODORI
2274 336 2621 396 STUDlT/E
3683 332 3820 395 1212

551 457 785 507 merces,
838 450 895 499 et
948 460 1204 509 magnum
1251 457 1551 502 certamen.
1615 443 1869 504 Christus
1917 456 2121 504 tecum.

2252 448 2325 515 at;
2358 448 2594 516 κορυφῇ.
2630 444 2721 513 Μὴ
2771 441 2988 514 δείσῃςο
3034 438 3199 505 πολύς
3246 456 3329 494 σοι
3367 441 3396 494 ὁ
3458 439 3678 510 μισθὸς,
3721 444 3819 495 καὶ

549 535 739 589 Saluta
775 545 995 592 sanctos
1027 552 1240 612 omnes,
1272 548 1326 592 et
1355 540 1594 593 maxime
1629 554 1724 595 eos
1748 540 1842 610 qui
1863 540 2134 597 notissimi

2252 539 2405 606 ιέγας
2428 541 2456 591 ὁ
2484 537 2652 605 ἀγών.
2686 536 2919 607 Χριστὸς
2965 534 3102 605 μετά
3132 533 3251 587 σοῦ.
3283 534 3562 606 Πρόσειπε
3599 536 3815 598 πάντας

550 634 681 680 sunt
710 644 723 679 :
750 627 1023 697 praecipue
1049 636 1301 680 sanctum
1357 624 1573 681 Patrem
1607 641 1789 681 meum
1820 629 2134 685 archiman-

2252 632 2358 697 τοὺς
2416 631 2625 701 ἁγίους,
2674 630 2769 682 καὶ
2816 628 3054 698 μάλιστα
3108 627 3237 691 τοὺς
3292 627 3809 697 γνωριμωτάτους’

551 716 775 782 dritam,
808 731 873 772 ac
906 717 1193 771 dominum
1236 731 1417 770 meum
1464 713 1993 787 Chartophylacem:
2034 736 2131 776 cu-

2255 724 2521 794 ξαιρέτως
2542 722 2635 775 τὸν
2678 721 2835 789 ἆγιόν
2875 738 2979 791 μου
3040 721 3264 791 Πατέρα
3303 720 3396 773 τὸν
3440 720 3821 790 ἀρχιμανδρί-

547 809 641 881 jus
672 810 915 867 charitas
943 810 1106 865 iniixa
1134 820 1220 866 est
1241 812 1295 865 in
1327 810 1524 865 humili
1546 809 1711 865 corde
1736 827 1878 867 meo.

2255 832 2345 885 ην.
2394 814 2557 869 Ἀλλὰ
2585 814 2679 869 καὶ
2706 814 2805 885 τὸν,
2834 813 3103 883 δεσπότην
3159 829 3259 883 μου
3305 810 3399 865 τόν
3440 811 3819 881 Χαρτοφύλα-

2227 922 2334 960 καθ
2395 899 2457 960 οὗ
2498 908 2534 978 ἡ
2596 906 2787 978 ἀγάπη
2848 904 3091 972 ἔγκειται
3144 904 3203 956 ὲν
3256 905 3323 974 τῇ
3397 903 3634 974 ταπεινῇ
3713 920 3820 972 μου

925 1098 1168 1155 XXXVI.
1198 1121 1268 1141 ε-
1300 1100 1599 1156 Naucratio
1625 1101 1757 1171 ﬁlio.

2237 999 2457 1071 καρδίᾳ.

2526 1111 2666 1178 Aq'.
2692 1109 2804 1183 [ΤΘ
2826 1110 2866 1183 .”Ι
2905 1143 2945 1154 -
3007 1110 3358 1180 Ναυκρατίφ
3378 1107 3595 1171 τέκνῳ.

1691 1216 1979 1277 Dogmatica
2007 1216 2072 1266 de
2106 1221 2290 1269 sanctis
2320 1220 2640 1285 imaginibus.

626 1319 705 1374 De
741 1330 791 1375 te
818 1319 1049 1390 gaudeo,
1082 1319 1157 1375 mi
1201 1319 1369 1375 frater
1417 1320 1699 1389 Naucrati,
1733 1325 1877 1394 quod
1929 1326 2132 1382 laetitia:

555 1412 698 1467 (ilius
728 1411 902 1466 factus
927 1426 1006 1475 es,
1038 1412 1182 1481 quod
1196 1419 1279 1467 est
1306 1428 1404 1481 pro
1425 1413 1644 1469 Christo
1670 1416 1801 1485 pati.
1833 1414 1966 1470 Nam
1988 1418 2133 1488 quod

557 1504 662 1559 isto
702 1504 874 1573 majus
904 1503 1103 1557 laetitiae
1144 1512 1523 1573 argumentum
1549 1545 1565 1570 ,
1611 1514 1705 1559 aut
1745 1508 1875 1577 quid
1925 1518 2009 1563 est
2064 1508 2134 1564 ad

558 1596 771 1650 laudem
803 1595 1109 1650 illustrius?
1138 1594 1391 1666 Flagellis
1427 1596 1592 1666 igitur
1617 1612 1793 1653 caesus
1815 1613 1895 1667 es,
1924 1598 2132 1656 Christi

554 1688 807 1757 exemplo
839 1704 855 1743 :
891 1703 923 1741 e
948 1702 1165 1741 carcere
1192 1697 1492 1756 pertractus
1530 1688 1581 1742 iu
1611 1704 1907 1755 carcerem,
1938 1692 1991 1746 in
2014 1708 2134 1747 ma-
2167 1740 2208 1795 Β

557 1794 661 1833 nus
693 1777 843 1847 impii
873 1775 1098 1831 Joannis
1133 1778 1363 1832 traditus
1404 1793 1483 1843 es,
1543 1780 1647 1835 sub
1672 1796 1781 1851 quo
1812 1792 1866 1837 et
1900 1798 2000 1852 ego
2034 1783 2133 1837 hu-

556 1871 701 1925 milis
750 1869 1041 1924 decertavi.
1077 1868 1405 1935 Quinetiam,
1460 1872 1606 1941 quod
1644 1873 1737 1927 illo
1794 1875 2138 1945 aggrediente

558 1978 662 2017 non
700 1978 759 2017 es
797 1963 1114 2028 subversas,
1146 1964 1237 2017 sed
1278 1978 1307 2018 e
1343 1966 1620 2019 contrario
1675 1966 1883 2022 insana:
1938 1970 2137 2023 utentis

557 2055 833 2110 hominem
871 2056 1114 2127 repulisti
1140 2067 1193 2111 et
1221 2057 1539 2126 confutasti,
1585 2061 1773 2131 utique
1819 2062 2004 2115 audivi
2037 2078 2138 2135 ego

556 2148 743 2213 miser,
775 2158 829 2203 et
859 2164 1109 2217 magnam
1147 2150 1329 2205 animo
1388 2150 1507 2221 cepi
1556 2152 1917 2221 voluptatem.
1978 2157 2139 2211 Adsit

556 2255 687 2294 vero
719 2240 814 2294 tibi
871 2248 924 2294 et
956 2240 1007 2293 in
1032 2253 1311 2309 posterum
1345 2244 1411 2296 ad
1471 2254 1699 2298 eventus
1734 2260 1924 2300 omnes
1975 2263 2006 2301 a
2032 2248 2139 2302 Du-

559 2332 709 2385 mino
738 2332 1068 2387 subsidium.
1097 2331 1365 2398 Quoniam
1386 2350 1511 2388 vero
1535 2334 1846 2404 insinuasti,
1873 2340 2137 2408 quasdam

560 2425 631 2479 ab
662 2439 729 2478 eo
763 2425 904 2479 inter
953 2425 1342 2493 dieputandum
1389 2426 1619 2495 proferri
1685 2430 2007 2495 sententias,
2071 2430 2140 2485 ad

559 2516 902 2572 eversionem
936 2526 1249 2572 sanctarum
1286 2518 1610 2586 imaginum,
1632 2520 1883 2575 videlicet
1914 2521 2138 2589 Asterii,

566 2609 873 2680 Epiphanii,
910 2620 965 2665 et
1006 2610 1274 2666 Theodoti
1324 2628 1337 2665 :
1379 2629 1559 2682 opera),
1610 2614 1847 2683 pretium
1896 2615 2031 2670 duxi
2071 2616 2139 2671 ad

564 2700 982 2756 instructionem
1010 2702 1319 2766 amborum,
1351 2703 1455 2757 ltoc
1477 2704 1597 2758 loco
1621 2719 1927 2768 recensere,
1957 2722 2136 2777 quan-

564 2810 729 2864 quam
754 2795 806 2849 id
830 2796 1073 2865 epistola'.
1100 2798 1323 2851 modum
1354 2798 1585 2865 excedit,
1612 2809 1724 2853 tum
1749 2800 1895 2869 ipsas
1921 2802 2138 2858 illorum

567 2901 753 2950 voces,
786 2896 900 2941 tum
931 2896 1201 2953 nostram,
1232 2888 1339 2943 Deo
1380 2890 1624 2958 juvante,
1657 2892 1759 2945 etsi
1790 2892 2025 2962 imperiti
2047 2910 2143 2949 su-

568 2996 713 3046 mus,
742 2996 932 3036 earum
982 2981 1435 3038 confutatiouem.
1481 2984 1682 3039 Asterii
1734 2986 1919 3056 itaque
1961 2988 2142 3042 oratio

2307 1333 2503 1403 Χαίρω
2528 1334 2623 1387 ἐπὶ
2653 1335 2756 1399 σοὶ,
2810 1333 3009 1401 ἀδελφέ
3071 1350 3171 1403 μου
3202 1331 3544 1401 Ναυκράτιε,
3580 1330 3665 1383 ὅτι
3718 1330 3825 1398 τῆς

2234 1426 2414 1494 χαρᾶς
2472 1425 2582 1488 υίὸς
2610 1424 3005 1497 χρηματίζεες’
3053 1426 3188 1495 ὅπερ
3225 1424 3341 1477 ἐστὶ
3358 1422 3421 1476 τὸ
3458 1422 3550 1474 διὰ
3575 1422 3825 1491 Χριστὸν

2237 1518 2489 1588 πάσχειν.
2542 1520 2653 1571 Καὶ
2696 1518 2747 1571 τί
2794 1518 2901 1588 γὰρ
2961 1517 3153 1571 τούτου
3208 1516 3604 1586 χαριέστερονς
3640 1513 3697 1565 τί
3764 1512 3826 1565 δὲ

2236 1608 2652 1681 εὐκλεέστερον;
2703 1608 3071 1679 Ἐμαστίχθης
3137 1603 3230 1660 οὖν
3287 1602 3768 1675 Χριστομιμήτως
3804 1616 3821 1630 ’

2236 1700 2411 1772 ἤρθης
2462 1703 2526 1753 ὲκ
2588 1701 2836 1770 φυλακῆς
2886 1701 2969 1762 είς
3024 1698 3291 1768 φυλακὴν,
3352 1693 3692 1765 παραδοθεὶς
3743 1692 3828 1755 εἰς

2241 1795 2432 1863 χεῖρας
2486 1792 2737 1847 Ἰωάννου
2789 1791 2883 1845 τοῦ
2913 1791 3165 1855 ἀσεόοὓς,
3194 1791 3278 1858 ἐφ’
3308 1782 3352 1857 ᾧ
3379 1792 3407 1843 ό
3429 1786 3693 1850 ταπεινὸς
3728 1787 3829 1839 καὶ

2244 1881 2552 1951 ὴγωνίασα.
2590 1881 2733 1934 Ἀλλ’
2766 1883 2846 1934 ὅτι
2877 1881 3274 1953 προσϐαλόντος
3312 1879 3478 1932 αὑτοῦ
3536 1879 3598 1931 οὐ
3636 1895 3830 1946 περιε-

2240 1974 2480 2045 τράτιης,
2508 1972 2820 2026 τούναντίον
2845 1973 2901 2025 δὲ
2937 1974 3031 2027 καὶ
3076 1973 3387 2041 ἀπεπέμψω
3424 1969 3831 2037 διελεγκτικῶς

2237 2067 2330 2119 τὸν
2358 2066 2753 2138 ματαιόφρονα,
2784 2065 2923 2119 πάνυ
2980 2067 3008 2120 ὁ
3056 2066 3226 2128 τάλας
3266 2064 3464 2135 ἣσθην,
3511 2063 3611 2115 καὶ
3656 2060 3829 2114 εὐθύ-

2244 2175 2414 2227 μησα.
2451 2159 2549 2228 Εῐη
2585 2157 2642 2210 δέ
2670 2174 2752 2210 σοι
2784 2159 2877 2211 καὶ
2904 2157 3040 2228 πρὸς
3076 2157 3136 2209 τὸ
3167 2158 3293 2226 ἑξῆς
3326 2157 3465 2226 πρὸς
3505 2156 3618 2207 πᾶν
3646 2154 3834 2207 ὁτιοῦν

2240 2250 2348 2303 τῶν
2381 2249 2817 2321 συμϐησομένων
2868 2248 3018 2319 παρὰ
3062 2249 3268 2319 Κυρίου
3309 2246 3555 2317 βοήθεια,
3599 2246 3835 2315 Ἐπειδὴ

2239 2344 2297 2396 δὲ
2342 2343 2475 2413 ἔφης
2526 2345 2807 2414 προτεῖναι
2863 2341 3023 2397 αὐτὸν
3062 2342 3121 2395 ἐν
3151 2344 3216 2412 τῇ
3248 2340 3485 2406 διαλέξει
3527 2340 3723 2408 φωνὰς
3778 2341 3837 2390 ἑν

2243 2439 2524 2508 ἀνατροπῇ
2591 2436 2699 2488 τῶν
2751 2434 2920 2501 ἁγίων
2971 2434 3224 2487 εἰκόνων·
3275 2432 3444 2502 ἤγουν
3511 2431 3832 2500 Ἀστερίου,

2255 2529 2594 2598 Ἐπιφανίου,
2625 2529 2719 2582 καὶ
2760 2527 3015 2581 Θεοδότου
3045 2544 3057 2557 ·
3090 2526 3392 2592 ἀναγκαῖον
3442 2522 3639 2593 ᾠήθην
3686 2522 3833 2592 πρὸς

2244 2622 2614 2691 καταρτισμὸν
2658 2621 3006 2691 ἀμφοτέρων,
3054 2615 3399 2686 παραθέσθαι
3446 2615 3697 2667 ἐνταῦθα
3724 2630 3739 2645 °
3785 2615 3833 2665 εἰ

2244 2713 2339 2767 καὶ
2378 2712 2692 2785 ὑπερτείνει
2722 2712 2782 2765 τὸ
2813 2710 3221 2777 ἐπιστολιμαῖον
3255 2706 3389 2774 ὕφος
3409 2723 3424 2737 ·
3469 2706 3649 2768 αὐτὰς
3678 2704 3832 2756 ὲκεί-

2244 2824 2351 2858 νων
2374 2806 2473 2869 τὰς
2502 2806 2707 2875 φωνὰς,
2758 2803 2853 2856 καὶ
2881 2802 2981 2872 τὴν
3030 2801 3127 2853 σὺν
3174 2799 3292 2869 Θεῷ
3340 2799 3471 2868 παρ’
3522 2798 3689 2867 ἡμῶν
3729 2795 3836 2848 τῶν

2244 2897 2471 2967 ἀμαθῶν
2534 2895 2844 2966 ἀνατροπὴν
2920 2892 3119 2946 αὐτῶν.
3184 2891 3248 2944 Ἠ
3300 2890 3397 2942 οὖν
3455 2888 3554 2941 τοῦ
3639 2890 3834 2940 Ἀστε-

2247 2989 2364 3059 ρίου
2401 2988 2477 3057 (1)
2514 2989 2607 3040 ἐπὶ
2635 2987 2833 3052 λέξεως
2887 2984 3012 3039 τάδε
3037 3000 3051 3013 ⁸
3090 3003 3109 3036 ‹
3171 2984 3262 3051 Μὴ
3317 2982 3497 3052 γράφε
3541 2981 3636 3034 τὸν
3695 2982 3833 3052 Χρι-

567 3071 635 3125 ad
671 3071 897 3125 verbum
924 3080 1007 3126 est
1067 3072 1403 3142 ltujusmodi.
1460 3092 1478 3125 ι
1521 3074 1802 3130 Christum
1864 3092 1931 3131 ne
1956 3078 2136 3148 pinge.

2252 3080 2370 3133 στόν
2398 3095 2412 3110 ο
2454 3080 2615 3150 ἀρκεῖ
2646 3078 2752 3148 γὰρ
2792 3075 2941 3148 αὐτῷ
2989 3076 3024 3147 ἡ
3088 3074 3187 3145 μία
3220 3075 3318 3143 τῆς
3366 3072 3831 3141 ὲνσωματώσεως

569 3160 779 3216 Suliicit
805 3164 949 3217 enim
982 3164 1083 3233 ipsi
1114 3166 1257 3232 quod
1278 3165 1341 3218 ad
1373 3181 1688 3235 corpoream
1711 3179 1958 3221 naturam
1987 3184 2143 3224 assu-

568 3254 818 3307 mendam
847 3262 1028 3308 nostra
1060 3270 1225 3308 causa
1255 3271 1314 3309 se
1340 3265 1533 3323 sponte
1552 3255 1759 3312 dimisit
1787 3276 1800 3311 :
1833 3259 1927 3313 sed
1964 3268 2145 3314 mente

571 3352 626 3399 et
666 3346 938 3401 intellectu
975 3344 1213 3402 Verbum
1278 3348 1663 3417 incorporeum
1704 3348 2000 3406 circumfer
2017 3352 2085 3407 “.
2120 3372 2139 3404 ι

569 3440 935 3513 luterrOgetur
989 3444 1171 3512 itaque
1219 3453 1524 3513 argutator,
1576 3446 1933 3514 quamobrem
1975 3446 2144 3501 Chri-

570 3542 717 3589 stum
742 3536 885 3607 pingi
920 3545 1100 3605 negat.
1150 3535 1407 3591 Su‘liicere
1436 3537 1485 3593 ei
1534 3536 1667 3593 dicit
1698 3538 1912 3593 unicam
1962 3540 2147 3595 incor-

571 3626 875 3694 porationis
907 3628 1294 3693 humilitatem,
1320 3628 1524 3699 quippe
1552 3644 1673 3698 quae
1696 3630 1859 3683 semel
1889 3641 2144 3702 suscepta

570 3725 654 3772 est
678 3718 796 3772 sine
820 3719 1047 3783 honore,
1083 3721 1387 3790 refugieute
1424 3722 1543 3790 ipso
1566 3722 1792 3777 alteram
1820 3722 2147 3781 humilitatis

573 3810 1093 3867 manifestatiouem.
1126 3813 1190 3867 Et
1220 3816 1493 3883 quomodo
1526 3814 1618 3869 illa
1654 3826 1848 3886 sponte
1872 3827 2145 3887 suscepta,

573 3902 620 3957 si
654 3903 815 3958 habet
844 3902 1160 3973 adjunctam
1193 3904 1671 3961 infamiam?'Nam
1716 3907 1862 3978 quod
1890 3910 2145 3963 volunta-

575 3995 717 4048 rium
739 4004 845 4059 est,
870 3994 923 4049 id
951 3994 1249 4065 gloriosum
1273 4010 1512 4066 quoque,
1530 4012 1631 4052 nec
1648 3998 1961 4067 adjunctam
1986 3998 2149 4051 habet

577 4087 929 4142 involuntarii
976 4097 1180 4142 notam.
1211 4088 1309 4153 Ac,
1346 4089 1391 4143 si
1448 4105 1537 4144 res
1568 4104 1726 4144 secus
1764 4088 1928 4153 foret,
1965 4096 2147 4144 tamen

576 4176 785 4245 pictura
827 4177 1041 4229 iteratio
1068 4186 1170 4242 est,
1194 4177 1333 4231 idem
1359 4178 1503 4247 quod
1523 4179 1675 4248 prius
1690 4177 1952 4233 exhibens
1969 4179 2151 4248 quoad

577 4267 1017 4323 similitudinem.
1054 4266 1120 4322 Et
1156 4270 1432 4339 quomodo
1481 4269 1629 4326 illius
1682 4270 2004 4326 memoriam
2052 4286 2151 4341 per

578 4358 829 4413 auditum
878 4359 1139 4415 refricare
1190 4378 1299 4415 non
1347 4362 1621 4433 piaculum
1653 4362 1775 4418 sit:
1833 4362 1881 4418 si
1929 4362 2151 4432 quidem

2244 3169 2738 3241 ταπεινοφροσύνῃ,
2803 3170 2870 3240 ἣν
2910 3166 3249 3239 αὐθαιρέτως
3283 3167 3351 3218 δι’
3393 3167 3545 3236 ἡμᾶς
3600 3164 3832 3217 κατεδέ-

2247 3264 2376 3330 ξατο
2395 3280 2411 3296 ·
2442 3263 2538 3316 ἐπὶ
2566 3262 2623 3315 δὲ
2652 3261 2752 3332 τῆς
2793 3260 2973 3331 ψυχῆς
3019 3276 3111 3313 σου
3171 3257 3456 3329 βαστάζων
3485 3257 3706 3327 νοητῶς
3745 3257 3836 3308 τὸν

2246 3354 2537 3425 ἀσώματον
2587 3353 2759 3422 Λόγον
2795 3354 3084 3422 περίφερε.
3126 3369 3145 3402 ι
3213 3347 3546 3420 Ἐρωτάσθω
3596 3364 3833 3416 τοιγαρ-

2249 3448 2346 3501 οῦν
2399 3450 2427 3502 ὁ
2466 3447 2834 3517 λογογράφος,
2888 3444 3112 3499 ἀνθότου
3164 3440 3559 3511 ἀπαγορεύσας
3592 3438 3838 3509 Χριστὸν

2248 3540 2579 3611 γράφεσθαι,
2608 3542 2801 3611 ἀρκεῖν
2831 3537 2981 3605 αὐτῷ
3028 3538 3179 3605 λέγει
3225 3536 3325 3607 τὴν
3357 3533 3490 3603 μίαν
3532 3532 3635 3600 τῆς
3665 3532 3839 3583 ὲνσω-

2254 3634 2555 3705 ματώσεως
2580 3630 3079 3701 ταπεινοφροσύνην
3098 3646 3112 3660 ο
3145 3629 3221 3690 ὡς
3242 3627 3337 3680 καὶ
3368 3626 3468 3697 τὴν
3498 3623 3655 3688 ἅπαξ
3687 3625 3841 3692 αἱρε-

2252 3728 2438 3780 θεῖσαν
2491 3725 2678 3790 ἇδοξον
2712 3722 3075 3790 ὑποφεύγοντι
3128 3720 3227 3790 τὴν
3268 3716 3705 3788 δευτερεύουσαν
3742 3716 3839 3785 τῆς

2250 3814 2758 3887 ταπεινοφροσύνης
2808 3813 3140 3884 φανέρωσιν.
3179 3810 3288 3862 Kal.
3322 3809 3437 3873 πῶς
3507 3807 3840 3877 αὐθαίρετος

2250 3912 2300 3963 εἰ
2362 3909 2586 3975 ἀδοξος;
2632 3906 2693 3961 τὸ
2740 3906 2851 3977 γὰρ
2891 3903 3219 3971 αὐθαίρετον
3262 3901 3500 3967 ἔνδοξον,
3549 3900 3657 3954 οὐκ
3716 3898 3839 3970 ἕχον

2249 4002 2344 4055 τοῦ
2393 4000 2657 4055 ἀκουσίου
2714 3998 2777 4051 τὸ
2830 3996 3040 4062 ἄδοξον.
3083 3995 3146 4048 ΕΞ
3180 3994 3238 4048 δὲ
3268 3992 3433 4046 τοῦτο
3471 3991 3572 4046 οὕο
3611 3992 3730 4047 ἀλλ’
3760 3993 3839 4044 ὅτι

2251 4095 2579 4165 δευτέρωσις
2623 4094 2657 4164 ή
2692 4091 2753 4144 τὸ
2800 4090 2933 4145 αὐτὸ
2985 4089 3081 4143 καὶ
3133 4087 3350 4159 πρῶτον
3396 4084 3522 4139 καθ’
3575 4085 3841 4154 ὁμοίωσιν

2254 4188 2577 4245 δεικνύουσα
2640 4184 2852 4255 γραφή.
2912 4181 3035 4245 Πῶς
3082 4180 3139 4233 δὲ
3193 4180 3286 4233 καὶ
3340 4178 3401 4231 τὸ
3441 4175 3838 4245 ὑπομνηματι-

2256 4280 2442 4344 ζεσθαι
2469 4278 2535 4332 δι’
2562 4277 2733 4347 ἀκοῆς
2759 4276 2819 4330 οὐ
2852 4274 3249 4346 παραιτήσεται
3271 4286 3284 4301 ⁶
3318 4270 3433 4338 εῐγε
3461 4269 3527 4322 τὸ
3561 4269 3633 4321 δι’
3662 4268 3841 4336 Wo);

2261 4369 2691 4441 θριαμϐεύεσθαι
2761 4369 2837 4430 ὼς
2892 4365 3223 4435 δευτέρωσιν
3294 4360 3465 4433 φέρον
3526 4359 3841 4429 νεμεσητὸν

582 4467 679 4521 per
718 4455 891 4507 visum
947 4468 1057 4508 rem
1108 4454 1410 4525 divulgare,
1443 4455 1601 4526 quasi
1660 4456 1857 4511 iterare
1896 4455 2149 4525 injuriam

2261 4460 2443 4530 αύτῷ;
2483 4458 2779 4528 Ἑκάτερον
2800 4456 2909 4525 γὰρ
2940 4454 3166 4526 θατέρου
3208 4449 3427 4505 σύνοδόν
3484 4465 3548 4501 τε
3581 4450 3680 4503 καὶ
3730 4450 3840 4501 leo.

584 4543 783 4598 fuerit?
812 4542 906 4597 Est
926 4546 1071 4598 enim
1115 4546 1347 4601 alterum
1379 4547 1534 4602 alteri
1562 4562 1868 4603 consonum
1898 4556 1952 4600 et
1980 4560 2161 4615 aequa-

585 4637 657 4700 le,
695 4648 754 4692 ut
806 4636 1037 4708 magnus
1102 4638 1338 4694 Basilius
1382 4641 1569 4710 divino
1611 4655 1711 4696 ore
1754 4638 2156 4710 pronuntiavit.

586 4730 925 4800 Intelligetur
967 4739 1147 4786 autem
1174 4741 1227 4787 et
1261 4747 1354 4801 per
1402 4733 1894 4803 comparationem,
1948 4733 1994 4786 si
2023 4746 2158 4786 crux

588 4821 757 4876 semel
786 4822 1110 4886 delineatur,
1142 4823 1365 4877 alterius
1392 4824 1640 4879 videlicet
1695 4838 1818 4879 esse
1842 4823 2030 4879 crucis
2056 4823 2160 4876 ite-

590 4912 877 4977 rationem,
908 4914 1050 4969 sicut
1071 4924 1126 4969 et
1150 4914 1217 4969 de
1240 4914 1548 4985 Evangelio.
1573 4916 1912 4985 thuoniam
1936 4929 2165 4985 semper

591 5014 887 5077 utrumque
949 5008 1322 5075 describitur;
1401 5008 1716 5065 innumeras
1777 5024 1900 5065 esse
1942 5023 2160 5073 cruces,

592 5097 875 5167 multoque
902 5097 1056 5168 plura
1107 5096 1421 5169 Evangelia,
1484 5114 1590 5155 non
1643 5115 1809 5155 unam
1862 5108 1917 5154 et
1968 5114 2161 5153 unum.

592 5185 749 5255 Quod
776 5188 824 5245 si
859 5204 965 5243 una
1000 5204 1134 5245 crux
1187 5200 1242 5246 et
1287 5207 1392 5245 non
1422 5191 1528 5246 alia
1554 5198 1657 5255 est,
1691 5191 1796 5247 etsi
1853 5189 2000 5245 mille
2042 5190 2164 5259 pin-

2255 4554 2513 4623 δύναμον,
2572 4551 2649 4613 ὡς
2682 4547 2746 4601 τὸ
2794 4548 2938 4600 θεῖον
2993 4544 3188 4615 στόμα,
3244 4540 3586 4605 Βασίλειοςό
3641 4540 3839 4612 μέγας⁴

2258 4638 2661 4712 ἀπεφθέγξατο.
2708 4638 3105 4706 Λογισθήσεται
3135 4634 3193 4687 δὲ
3236 4633 3334 4686 καὶ
3363 4632 3508 4685 κατά
3551 4632 3617 4684 τὸ
3648 4631 3843 4685 ἀνάλο-

2258 4753 2377 4804 γον,
2426 4734 2520 4787 καὶ
2549 4731 2607 4785 τό
2636 4730 2729 4785 τὸν
2755 4729 2985 4799 σταυρὸν
3016 4726 3164 4792 ἅπαξ
3196 4724 3499 4796 γραφῆναι,
3519 4724 3714 4795 ἑτέρου
3746 4724 3841 4793 δη-

2260 4826 2396 4896 λαδὴ
2442 4823 2678 4895 σταυροῦ
2723 4821 3053 4893 δευτέρωσις
3079 4834 3093 4850 ο
3132 4818 3209 4882 ὡς
3258 4816 3353 4872 καὶ
3397 4817 3495 4869 ἐπὶ⁵
3531 4816 3632 4869 τοῦ
3658 4817 3840 4884 Εὐαγ-

2262 4916 2471 4986 γελίου.
2511 4915 2624 4970 Kal.
2662 4912 2855 4982 ἐπειδὴ
2880 4913 2968 4966 ἀεὶ
2994 4910 3271 4981 γράφεται
3310 4909 3647 4979 ἀμφότερα·
3680 4905 3843 4961 ἀπεί-

2264 5024 2392 5079 ρους
2436 5007 2742 5077 σταυροὺς,
2781 5003 2919 5076 πρὸς
2971 5002 3027 5057 δὲ
3065 5002 3163 5055 καὶ
3224 4999 3569 5070 Εὐαγγέλια,
3611 5001 3716 5070 οὐχ
3748 4999 3844 5052 ἕνα

2264 5102 2355 5155 καὶ
2391 5098 2472 5164 ἓν,
2528 5098 2821 5168 ὑπάρχειν.
2886 5096 2950 5150 El
2983 5093 3042 5149 δὲ
3088 5089 3173 5157 εἷς
3224 5096 3324 5148 καὶ
3377 5093 3692 5163 οὐδέτερος,
3744 5091 3844 5145 κᾶν

2267 5192 2570 5263 μυριοστῶς
2597 5191 2886 5261 γράφοιτο,
2919 5189 3151 5259 σταυρός
3180 5185 3281 5257 (2).
3312 5187 3427 5240 Καὶ
3469 5186 3532 5241 ἓν
3560 5186 3661 5239 καὶ
3692 5184 3841 5239 οὐδέ·

2095 5304 2331 5361 ΝΟΤίΈ.

668 5414 832 5488 (ΙΗη
872 5416 996 5471 cod.
1029 5416 1160 5486 Reg.
1190 5416 1256 5473 ad
1290 5434 1441 5473 oram
1467 5420 1593 5474 libri
1624 5438 1637 5473 :
1682 5420 1876 5473 ’ἰστέον
1913 5418 1988 5480 ὡς
2016 5417 2167 5471 ἔστιν

609 5487 884 5561 ’Δςτέριος
918 5488 1021 5561 ὑπὸ
1042 5488 1136 5561 τοῦ
1170 5489 1472 5561 ἀγιωτάτου
1505 5490 1817 5561 Σωφρονίου
1844 5490 2047 5561 ἐντοῖς
2062 5489 2166 5561 αὑ-

595 5557 693 5629 τοῦ
730 5558 1026 5629 συνοδικοϊς
1060 5557 1732 5629 ἀναθεματιζόμενοςζᾷιαὶ
1764 5560 1867 5612 ὑπὸ
1885 5559 2043 5629 ἄλλου
2060 5560 2172 5611 Πα-

596 5627 725 5695 τρός
761 5628 1123 5698 ’Δπολιναρίῳ
1141 5627 1242 5681 και
1262 5627 1493 5697 Εὐτυχεῑ
1517 5630 1962 5698 συνταττόμενος.
1989 5628 2172 5682 Scien—

596 5647 725 5695 τρος
779 5647 1123 5698 ΔποΑιναριῳ
1141 5647 1234 5681 και
1262 5647 1490 5697 δυτυχει
1517 5647 1777 5684 συνταττο
1824 5647 1962 5691 ενος.
1989 5647 2172 5682 acten—

594 5698 726 5750 dum
784 5698 921 5766 quod
994 5698 1233 5752 Asterius
1273 5716 1306 5751 a
1351 5701 1688 5755 sanctissimo
1758 5647 2051 5767 gitti/ironia
2099 5708 2175 5750 est

601 5767 1083 5824 anathematizatus
1110 5784 1128 5833 ;
1155 5779 1203 5824 et
1230 5769 1293 5824 ab
1324 5770 1430 5825 alio
1469 5787 1585 5825 cum
1612 5770 1940 5841 Apollinario
1969 5781 2018 5823 et
2066 5767 2175 5822 Eu-

2264 5422 2415 5492 tyche
2449 5419 2567 5492 conj
2574 5429 2782 5492 unctus.

2339 5491 2415 5561 (2)
2448 5489 2503 5544 In
2540 5479 2664 5545 cod.
2690 5490 2821 5560 Reg.
2851 5488 2918 5561 ad
2949 5502 3099 5561 orant
3136 5484 3262 5540 libri
3288 5501 3302 5539 :
3328 5479 3424 5561 ξίἷς
3447 5486 3573 5561 ἔστι
3593 5483 3844 5561 Χριστὸς,

2268 5554 2369 5615 κᾶν
2399 5554 2718 5634 γράφωνται
2758 5554 2960 5634 μυρίοι.
3001 5554 3400 5634 Καλλισταυρὺς
3429 5554 3610 5634 οὕτω,
3632 5554 3738 5609 κᾶν
3763 5554 3847 5634 γίτ

2270 5625 2469 5685 νωνται
2498 5625 2770 5693 πλείονες.’
2801 5625 2945 5683 Unus
2992 5638 3067 5681 est
3107 5625 3349 5681 Christus
3378 5640 3397 5678 :
3431 5626 3535 5680 etsi
3592 5625 3848 5679 innumeri

2272 5702 2581 5772 pingantur.
2610 5699 2697 5755 Sic
2728 5709 2777 5754 et
2817 5712 2972 5766 crux,
2996 5697 3115 5751 licet
3151 5696 3330 5766 plures
3363 5696 3750 5765 conﬁciantur.
