3990 6318
178 371 327 437 1213

1378 377 1918 443 EPISTOLARUM
1959 381 2108 445 LIB.
2165 381 2251 443 II.

3303 384 3439 448 1214

171 498 365 552 τερον,
417 481 524 536 κᾶν
574 481 819 554 ἀπείρως
886 483 1177 557 γράφοιτο,
1240 473 1617 557 Εὐαγγέλιονο
1664 488 1762 544 καὶ

1868 497 2064 560 gantur
2104 488 2189 544 :si
2219 503 2411 554 unum,
2433 493 2487 544 et
2517 502 2627 544 non
2654 487 2907 552 alterum,
2948 487 3302 560 Evangelium
3328 498 3434 558 est,

172 568 265 639 εἷς
290 574 388 629 καὶ
417 573 478 628 ού
523 573 636 641 δύο,
677 573 782 628 κᾶν
831 574 1099 641 ὡσαύτως
1157 577 1445 648 γράφοιτο,
1498 579 1754 650 Χριστός.

171 667 538 740 Γραφόμενος
567 667 678 738 γάρ
729 669 898 732 ἐστιν,
932 669 1007 732 ὡς
1057 671 1602 738 ἀναγινωσκόμενοςο
1662 672 1758 724 καὶ

169 762 246 815 οὐ
276 760 652 831 πλησθήσεται
682 755 778 825 οὖς
797 761 908 815 ἀπὸ
927 761 1405 832 ἀκροάσεως,οῠτε
1433 763 1542 832 μὴν
1561 761 1760 831 ὀφθαλ-

175 853 290 923 μὸς
335 852 446 909 ἀπὸ
473 852 722 923 ὁράσεως
747 869 762 884 ο
810 854 894 907 ὅτι
941 855 971 906 6
997 852 1132 917 Θεὸς
1184 853 1475 924 ἄνθρωπος
1513 855 1708 922 γέγονε
1741 870 1754 884 °

171 944 283 1003 καὶ
307 944 390 998 ὅτι
420 942 578 1015 ὤφθη
639 943 841 1015 βρέφος
881 946 910 998 6
966 943 1186 1007 αἰώνιος
1207 960 1221 973 ·
1251 945 1348 997 καὶ
1389 945 1759 1015 γαλακτοτρο-

169 1035 371 1100 φεῖται
396 1035 424 1087 6
455 1034 674 1104 τρέφων
705 1034 774 1088 τά
803 1033 1125 1105 σύμπανταο
1180 1035 1278 1090 καὶ
1323 1035 1684 1102 άγκαλίζεται
1731 1037 1760 1091 6

167 1125 600 1198 ἀπερίληπτος.
655 1127 752 1180 καὶ
788 1126 1122 1197 χρηματίζει
1169 1129 1306 1202 ἀνὴρ
1365 1129 1394 1182 6
1446 1129 1756 1200 ὑπέρθεος·

169 1220 282 1274 καὶ
319 1219 648 1290 βαπτίζεται
683 1221 715 1290 ἡ
744 1219 844 1289 τῆς
877 1220 1075 1288 σοφίας
1105 1220 1379 1285 ἄϐυσσος·
1433 1223 1528 1276 καὶ
1558 1223 1663 1294 δρᾷ
1692 1223 1759 1277 τά

172 1310 471 1381 θεοπρεπῆ
528 1311 624 1364 καὶ
681 1310 1132 1382 ἀνθρωποπρεπῆ
1189 1312 1217 1363 6
1272 1313 1629 1382 ύπερούσιος·
1667 1315 1758 1366 καὶ

173 1401 524 1472 σταυροῦται
551 1404 580 1456 6
620 1400 722 1471 τῆς
762 1401 923 1471 δόξης
953 1401 1159 1469 Κύριος
1181 1420 1197 1436 ο
1235 1403 1334 1455 ita).
1365 1403 1630 1456 θάπτεται
1665 1406 1758 1458 καὶ

169 1495 475 1549 ἀνίσταται
527 1495 555 1548 6
594 1492 879 1558 ζωοποιῶν
905 1498 972 1547 τὰ
998 1493 1295 1566 σύμπαντα
1319 1511 1333 1526 ο
1388 1495 1484 1548 κα)⁸
1514 1497 1759 1560 ἀναλαμ-

169 1584 414 1638 ϐάνεται
467 1584 956 1657 ἀνθρωποπρεπῶς
1003 1588 1032 1640 6
1073 1587 1332 1657 μηδαμοῦ
1381 1587 1757 1660 χωρούμενος.

167 1675 497 1730 Παυσάσθω
541 1677 906 1746 ἀπαγορεύειν
943 1677 1043 1751 τὴν
1074 1678 1218 1733 οὓτω
1249 1682 1516 1751 σωτήριον
1553 1683 1758 1752 κόσμου

168 1767 312 1825 καθ’
361 1769 602 1833 ἑκάτερα
661 1771 974 1840 φανέρωσιν
1001 1789 1015 1802 ο
1053 1773 1149 1825 κα)⁸
1194 1772 1293 1841 τὴν
1341 1773 1501 1839 δόξαν
1545 1774 1757 1845 Κυρίου

165 1858 408 1923 ἀδοξίαν
463 1858 890 1931 ὑποτιθέμενος,
939 1861 1034 1916 καὶ
1069 1862 1168 1934 τὴν
1199 1864 1526 1935 αὐθαίρετον
1566 1883 1760 1921 ταπει-
1795 1845 1836 1899 Β

166 1951 528 2024 νοφροσύνην
556 1953 813 2006 ἀκούσιον
847 1953 1320 2025 ὑποϐαλλόμενοςο
1359 1958 1663 2012 παυσάσθω
1705 1959 1762 2014 δὲ

167 2043 276 2097 καὶ
300 2043 383 2114 τῷ
413 2044 633 2114 μεγάλῳ
659 2046 926 2116 Βασιλείῳ
952 2046 1396 2116 ἀντιφερόμενος,
1429 2043 1492 2104 οῦ
1515 2052 1548 2121 ἡ
1582 2052 1757 2121 φωνὴ,

169 2133 326 2188 Θεοῦ
368 2130 680 2206 φωνήνῶδέ
717 2155 818 2189 που
859 2137 1267 2207 προστάσσοντι
1295 2155 1307 2170 ⁸
1354 2159 1374 2193 ι
1447 2142 1760 2212 Ἐγγραφέ-

170 2228 296 2280 σθω
327 2227 408 2298 τῷ
435 2230 625 2281 πίνακι
659 2229 755 2280 καὶ
781 2229 808 2281 ὀ
845 2229 957 2280 τῶν
995 2229 1392 2299 παλαισμάτων
1414 2231 1761 2302 ἀγωνοθέτης

170 2321 443 2392 Χριστός.
479 2339 499 2371 ι
546 2321 821 2392 Ἐρρίφθω
866 2320 922 2372 δέ
968 2338 1072 2374 που
1113 2321 1260 2375 θείου
1321 2323 1486 2393 χοροῦ
1528 2324 1627 2376 σὺν
1692 2327 1757 2395 τῇ

172 2411 441 2484 παρούσῃ
491 2412 768 2481 ἀποφάσει
814 2413 968 2485 καὶὴ
1017 2413 1148 2484 ὲξῆς
1203 2417 1537 2484 κατάφασις,
1571 2415 1646 2479 ὡς
1699 2417 1761 2470 τὸ

174 2502 298 2559 ἴσον
350 2502 452 2573 τῆς
478 2503 708 2566 ἀτοπίας
749 2502 968 2574 ἔχουσα.

246 2680 319 2733 Τί
340 2679 451 2750 γάρ
465 2696 630 2749 φησιν
650 2697 664 2745 ;
682 2680 807 2734 Ἐπὶ
823 2682 880 2735 δὲ
901 2683 1003 2748 τῆς
1022 2682 1201 2754 ψυχῆς
1223 2701 1315 2736 σου
1333 2683 1617 2755 βαστάζων
1634 2705 1761 2757 νοη-

172 2774 288 2836 τῶς
310 2772 406 2825 τὸν
434 2770 728 2842 ἀσώματον
756 2775 928 2844 Λόγον
952 2777 1242 2846 περίφερε.
1271 2777 1336 2829 Ὢ
1371 2779 1468 2846 τῆς
1501 2778 1756 2846 ἀλογίαςί

175 2866 428 2920 Ούτίπου
447 2865 554 2936 γὰρ
579 2866 721 2919 θεῖον
748 2869 922 2936 στόμα
953 2867 1242 2938 ἀσώματον
1273 2869 1365 2922 τὸν
1389 2872 1582 2939 Λόγον,
1622 2872 1760 2941 μετά

175 2960 238 3015 τὸ
259 2957 521 3026 γενέσθαι
551 2959 712 3010 αὑτὸν
752 2961 954 3030 σάρκα,
987 2960 1235 3030 λέλεχεν;
1274 2963 1473 3014 Οὐκέτι
1507 2963 1607 3032 μὲν
1652 2963 1760 3034 γάρ

177 3051 365 3120 σάρκα
407 3049 665 3120 Χριστὸν,
707 3051 823 3103 ἀλλ’
881 3051 982 3104 οὐκ
1029 3053 1323 3121 ἀσώματον
1388 3055 1478 3106 τὸν
1509 3055 1680 3121 Λόγον
1733 3057 1761 3108 6

180 3142 330 3211 ἱερὸς
373 3143 696 3206 ’Λπόστολος
736 3145 979 3214 εἴρηκεν,
1013 3145 1069 3196 ὲν
1117 3139 1197 3208 οἷς
1233 3162 1399 3214 φησιν
1429 3165 1443 3177 ο
1478 3145 1668 3216 Ἡμεῖς
1691 3147 1761 3199 δὲ

177 3233 300 3288 ἀπὸ
325 3235 439 3289 τοῦ
467 3235 586 3289 νῦν
627 3235 846 3289 οὐδένα
878 3237 1126 3304 οἴδαμεν
1152 3249 1303 3290 κατα
1347 3239 1544 3307 σάρκα
1580 3257 1594 3272 ο
1615 3243 1665 3293 εὶ
1693 3239 1762 3292 δὲ

177 3325 280 3378 καί
321 3324 672 3396 ἐγνώκαμεν
715 3325 862 3379 κατὰ
897 3327 1092 3396 σάρκα
1123 3329 1402 3396 Χριστὸν,
1443 3329 1607 3384 ἀλλὰ
1646 3330 1762 3383 νῦν

177 3417 385 3471 οὐκέτι
427 3416 822 3487 γινώσκομεν.
852 3419 1031 3491 Ὅπερ
1064 3421 1383 3492 ἑρμηνεύων
1425 3424 1453 3474 6
1499 3421 1760 3488 Θεολόγος

180 3508 514 3580 Γρηγόριος,
543 3511 608 3562 τά
638 3511 880 3582 σαρκικὰ
907 3511 1012 3581 ἔφη
1048 3512 1218 3583 πάθη,
1256 3514 1350 3566 καὶ
1374 3515 1541 3583 χωρὶς
1577 3514 1762 3584 ἁμαρ-

179 3601 304 3665 τῖας
335 3603 587 3672 ἡμέτερα
625 3618 638 3632 °
686 3601 760 3666 ὡς
789 3603 883 3656 καὶ
921 3603 1154 3673 ἀλλαχοῦ
1196 3621 1361 3675 φησιν
1391 3619 1408 3636 ⁶
1429 3605 1630 3659 Οὐκέτι
1661 3605 1762 3672 μὲν

184 3693 389 3762 σάρκα,
419 3695 521 3747 οὐκ
547 3693 842 3765 ἀσώματον
865 3695 940 3748 δέ.
984 3697 1044 3748 Ὀ
1072 3697 1129 3749 δὲ
1159 3695 1454 3768 ἀσώματον
1469 3698 1562 3749 τὸν
1587 3698 1763 3766 Λόγον

183 3785 392 3856 φήσας,
433 3787 496 3837 ού
557 3787 717 3854 μόνον
766 3791 879 3848 τοῖς
929 3787 1101 3853 δυσὶν,
1142 3788 1280 3840 ἀλλὰ
1334 3792 1429 3841 καὶ
1459 3791 1596 3842 πᾶσι
1644 3792 1764 3853 τοῖς

183 3876 474 3948 θεοφόροις
507 3876 816 3947 μαχόμενος
840 3872 968 3930 εἷεν.
1005 3879 1283 3933 Δέδεικται
1312 3881 1492 3934 τοίνυν
1545 3881 1762 3951 φύσεως

182 3969 329 4040 λόγῳ
379 3971 569 4040 ἀτόπῳ
631 3969 830 4023 ἄτοπον
886 3971 1332 4043 ὲπακολουθῆσαν
1365 3991 1379 4004 ·
1406 3975 1503 4028 καὶ
1546 3977 1614 4046 τῇ
1667 3976 1763 4029 τοῦ

184 4059 422 4130 ψεύδους
458 4062 742 4133 ἀνατροπῇ
783 4062 988 4116 κείσθω
1026 4065 1402 4136 ἀντιστρόφως
1445 4069 1478 4139 ἡ
1509 4068 1763 4139 ἀλήθεια.

187 4153 340 4220 Πῶς;
384 4155 571 4225 Γράφε
620 4154 709 4207 τὸν
749 4156 984 4226 Χριστὸν
1021 4158 1156 4210 ὅπου
1185 4157 1266 4211 δεῖ
1292 4175 1305 4187 °
1337 4159 1411 4222 ὡς
1435 4161 1576 4230 ἔχων
1605 4161 1766 4214 αὑτὸν

188 4246 554 4300 κατοικοῦντα
583 4248 643 4300 ὲν
669 4250 734 4318 τῇ
761 4249 957 4321 καρδίᾳ
981 4267 1074 4302 σου
1105 4267 1120 4282 ·
1150 4250 1239 4303 ἵνα
1269 4251 1363 4304 καὶ
1396 4253 1768 4321 ἀναγινωσκό-

191 4352 354 4402 μενος
388 4340 449 4390 ὲν
499 4337 693 4408 δέλτῳ,
723 4341 815 4392 καὶ
863 4343 1139 4412 ὁρώμενος
1172 4345 1228 4394 ὲν
1275 4343 1462 4415 Γραφῇ
1495 4363 1508 4377 ·
1541 4345 1615 4408 ὡς
1646 4349 1767 4410 ταῖς

188 4427 342 4502 δυσὶν
393 4429 685 4501 αἰσθήσεσι
733 4432 1135 4503 γνωριζόμενος
1162 4435 1376 4500 διττῶς,
1409 4437 1618 4508 φωτίζῃ
1669 4454 1764 4490 σου

1861 583 1966 638 etsi
2011 583 2223 638 inlinite
2264 582 2654 638 describatur:
2688 583 2770 638 sic
2819 597 2983 647 unus,
3012 597 3124 636 non
3163 584 3434 650 geminus,

1860 676 1966 731 etsi
2013 675 2266 730 similiter
2340 674 2618 745 pingatur.
2684 673 2940 730 Christus
3019 683 3124 730 est.
3187 673 3439 746 Pingitur

1860 768 2032 832 enim,
2068 775 2130 822 ut
2158 775 2211 820 et
2236 767 2430 836 legitur
2457 785 2470 820 :
2506 781 2604 820 nec
2628 765 3020 834 multiplicatur
3050 765 3199 820 auris
3223 766 3434 830 auditu,

1861 868 1956 914 aut
2003 859 2198 913 oculus
2227 859 2366 912 visu.
2405 855 2523 911 Jam
2579 872 2703 911 cum
2757 857 2902 912 Deus
2935 856 3116 911 factus
3141 857 3305 911 homo
3336 859 3430 922 sit,

1862 950 2044 1008 infans
2093 951 2314 1006 habitus
2349 950 2443 1020 qui
2470 949 2837 1018 sempiternus
2869 967 2884 1002 :
2914 963 3040 1002 cum
3077 948 3219 1003 lacte
3257 949 3439 1004 alatur

1862 1059 1957 1113 per
2017 1058 2182 1114 quem
2229 1042 2484 1096 universa
2542 1041 2802 1106 aluntur;
2840 1055 2966 1094 cum
3016 1040 3440 1110 incomprehen-

1863 1135 2042 1190 sibilis
2093 1135 2236 1189 ulnis
2280 1133 2665 1198 contineatur;
2693 1147 2817 1186 cum
2881 1132 2965 1185 vir
3005 1132 3304 1201 appelletur
3340 1131 3437 1202 qui

1864 1225 2007 1279 Deus
2043 1225 2280 1279 eximius
2303 1231 2430 1290 est;
2463 1238 2589 1278 cum
2620 1223 2926 1292 baptizetur
2975 1222 3026 1278 is
3066 1222 3224 1290 cujus
3269 1222 3430 1276 inex-

1862 1316 2060 1370 hauSIa
2120 1314 2388 1384 sapientia
2449 1322 2578 1380 est;
2621 1328 2744 1368 cum
2823 1312 3009 1366 divina
3087 1312 3440 1384 humanaque

1862 1414 2084 1477 peragat
2116 1406 2210 1476 qui
2251 1414 2499 1459 naturam
2543 1420 2762 1459 omnem
2821 1411 3082 1473 superat;
3121 1420 3245 1460 cum
3285 1405 3438 1460 cruci

1863 1498 2126 1551 Dominus
2154 1496 2342 1565 gloria:
2401 1493 2692 1564 amgatur;
2747 1495 3042 1564 sepeliatur
3087 1509 3152 1549 ac
3188 1503 3439 1566 resurgat

1863 1591 1910 1644 is
1958 1590 2050 1659 qui
2100 1591 2264 1643 rebus
2291 1586 2547 1641 omnibus
2580 1585 2748 1638 vitam
2807 1586 3093 1654 impertit;
3136 1586 3438 1654 accipiatur

1861 1681 2096 1751 denique
2127 1690 2187 1734 ut
2217 1679 2500 1733 hominem
2533 1679 2690 1733 decet
2714 1677 2761 1733 is
2800 1679 2895 1747 qui
2924 1678 3078 1731 nullo
3109 1679 3283 1747 spatio
3308 1693 3439 1732 con-

1864 1775 2086 1829 tinetur.
2123 1772 2350 1828 Desinat
2395 1782 2505 1826 tam
2529 1772 2825 1826 salutarem
2859 1772 3066 1825 mundo
3109 1781 3343 1841 utraque
3372 1786 3438 1823 ex

1863 1875 2016 1937 parte
2047 1863 2543 1918 manifestationem
2596 1862 2911 1932 prohibere,
2969 1871 3024 1916 et
3058 1878 3182 1917 cum
3224 1860 3440 1914 Domini

1864 1959 2088 2028 gloriam
2142 1955 2499 2026 ignominiam
2549 1962 2785 2023 reputat,
2817 1963 2870 2009 et
2928 1969 3052 2007 cum
3085 1963 3439 2023 spontaneam

1862 2048 2228 2103 humilitatem
2263 2055 2452 2102 contra
2487 2046 2826 2099 voluntatem
2868 2045 3041 2100 fuisse
3070 2045 3209 2099 falso
3239 2059 3442 2114 suppo-

1863 2141 1942 2194 nit
1969 2157 1982 2192 :
2017 2139 2235 2193 desinat
2262 2148 2315 2191 et
2337 2153 2535 2207 magno
2570 2136 2769 2190 Basilio
2803 2136 3104 2200 adversari,
3128 2135 3286 2204 cujus
3313 2151 3438 2200 vox,

1865 2233 1956 2286 Dei
1987 2247 2091 2284 vox
2117 2239 2237 2284 est:
2272 2229 2353 2283 sic
2392 2239 2576 2282 autem
2610 2232 2655 2282 is
2688 2227 2888 2282 alicubi
2931 2228 3176 2297 pracipit
3204 2246 3217 2281 :
3262 2245 3282 2278 ι
3311 2226 3441 2280 Pin-

1863 2334 2019 2394 gatur
2051 2324 2105 2376 in
2140 2321 2326 2376 tabula
2364 2333 2418 2375 et
2460 2321 2822 2376 certaminum
2862 2336 3063 2389 praeses
3094 2318 3346 2374 Christus
3373 2321 3416 2351 θ’

1863 2416 2197 2485 Bepudietur
2249 2421 2433 2467 autem
2473 2429 2502 2466 a
2559 2413 2771 2482 piorum
2807 2421 2953 2467 cmtu
3009 2427 3137 2465 cum
3177 2411 3279 2465 hac
3312 2426 3444 2466 seu-

1861 2509 2052 2573 tentia,
2086 2521 2321 2576 scqueus
2363 2520 2583 2574 quoque
2642 2505 2898 2568 assertio,
2950 2519 3074 2559 cum
3125 2506 3199 2558 ait
3255 2505 3347 2559 illa
3375 2520 3443 2560 ex

1861 2615 2018 2669 atquo
2044 2597 2302 2652 absurda.

1933 2691 2072 2758 Quid
2095 2689 2237 2744 enim
2271 2688 2383 2742 ait?
2411 2687 2468 2741 In
2500 2687 2683 2740 animo
2703 2697 2795 2741 tuo
2811 2702 2907 2756 per
2923 2688 3442 2756 contemplationem

1862 2785 2246 2851 incorporeum
2314 2778 2552 2833 Verbum
2617 2778 3008 2834 circumfer.0
3063 2780 3434 2832 dementiam!

1862 2875 2115 2944 Nunquid
2152 2874 2294 2927 enim
2331 2873 2420 2926 Dei
2446 2888 2548 2927 vox
2580 2872 2966 2939 incorporeum
3002 2873 3260 2937 Verbum,
3295 2882 3447 2942 post-

1861 2983 2026 3038 quam
2058 2981 2185 3022 caro
2244 2965 2446 3020 factum
2506 2974 2611 3027 est,
2675 2965 3015 3034 appellavit?
3077 2964 3192 3018 Non
3222 2981 3442 3018 carnem

1860 3060 2083 3132 quidem
2117 3059 2416 3120 Christum,
2459 3060 2550 3112 sed
2579 3073 2752 3127 neque
2782 3058 3162 3124 incorporeum
3206 3055 3442 3110 Verbum

1788 3182 1830 3239 ο
1863 3167 2018 3207 sacer
2049 3149 2344 3218 Apostolus
2376 3148 2532 3214 dixit,
2555 3147 2645 3200 ubi
2668 3147 2748 3200 sic
2769 3146 2845 3199 ait
2874 3166 2886 3199 :
2918 3146 3106 3215 Itaque
3138 3162 3233 3198 nos
3260 3162 3324 3198 ea:
3349 3145 3446 3197 lwc

1871 3244 2128 3297 neminem
2154 3241 2390 3293 novimus
2449 3239 2737 3295 secundum
2767 3254 3020 3291 carnem:
3059 3238 3159 3290 etsi
3203 3237 3447 3307 cognovi-

1869 3350 1984 3388 mus
2009 3333 2295 3387 secundum
2321 3348 2530 3384 carnem
2558 3330 2868 3395 Christum;
2901 3331 2989 3382 sed
3025 3346 3160 3381 nunc
3189 3329 3306 3398 jam
3343 3344 3446 3382 non

1871 3425 2107 3477 novimus
2131 3422 2196 3477 θ.
2231 3421 2386 3488 Quod
2422 3421 2813 3489 interpretatus
2861 3420 3156 3488 Gregorius
3216 3419 3448 3472 Theolo-

1868 3530 1970 3586 ‘gus
2006 3516 2277 3582 “,caruis
2329 3514 2468 3568 dixit
2528 3513 2774 3576 all'ectus,
2803 3522 2857 3567 et
2909 3527 3030 3581 qua:
3085 3519 3272 3566 nostra
3306 3521 3441 3565 sunt

1872 3609 2078 3677 absque
2104 3616 2358 3677 peccato:
2403 3615 2462 3660 ut
2487 3615 2540 3660 ct
2571 3606 2698 3658 alibi
2726 3605 2858 3658 dicit
2887 3619 2898 3652 :
2935 3604 3045 3673 jam
3086 3603 3307 3671 quidem
3337 3617 3448 3655 non

1872 3716 2114 3766 carnem,
2143 3716 2250 3753 non
2301 3699 2684 3766 incorporeum
2735 3707 2939 3749 tamen.
2978 3695 3078 3762 Qui
3112 3709 3239 3749 vero
3269 3695 3450 3748 incor-

1873 3807 2096 3862 poreum
2127 3789 2363 3842 Verbum
2407 3789 2558 3853 dicit,
2609 3803 2718 3841 non
2770 3787 2986 3841 duobus
3050 3787 3234 3850 modo,
3271 3785 3364 3839 sed
3393 3795 3450 3839 et

1871 3882 2125 3938 omnibus
2174 3881 2376 3935 sanctis
2429 3879 2683 3934 Patribus
2752 3879 3094 3932 adversatur.
3153 3876 3447 3931 Ostensum

1873 3974 2038 4047 igitur
2068 3975 2279 4029 ratione
2309 3974 2552 4044 physica,
2605 3972 2906 4028 absurdum
2932 3987 2999 4025 ex
3031 3969 3276 4024 absurdo
3311 3983 3448 4024 con-

1873 4067 2050 4137 sequi.
2077 4063 2196 4119 Jam
2232 4065 2521 4134 proﬂigato
2551 4061 2858 4124 mendacio,
2889 4077 2954 4116 ex
2979 4061 3210 4114 adverso
3243 4057 3447 4114 veritas

1875 4167 2162 4214 statuatur.
2197 4155 2315 4221 Quo
2343 4153 2547 4224 pacto?
2607 4152 2885 4207 Christum
2940 4151 3100 4220 pinge
3140 4149 3232 4203 ubi
3270 4163 3450 4217 operae

1873 4252 2106 4321 pretium
2145 4247 2310 4302 fuerit
2339 4266 2351 4302 :
2391 4257 2645 4316 tanquam
2684 4244 2860 4313 ipsum
2892 4257 3082 4312 gerens
3113 4241 3447 4295 habitantem

1876 4345 1930 4398 in
1961 4341 2128 4397 corde
2155 4350 2250 4394 tuo
2281 4357 2296 4393 :
2335 4348 2395 4392 ut
2421 4339 2536 4392 sive
2577 4337 2630 4391 in
2660 4336 2803 4390 libro
2839 4336 3073 4403 legatur,
3105 4333 3220 4386 sive
3252 4347 3449 4387 cerua-

1876 4449 1964 4493 tur
2003 4440 2056 4492 in
2093 4439 2342 4507 pictura;
2399 4445 2658 4504 tanquam
2715 4431 2922 4502 duplici
2981 4446 3148 4485 sensu
3205 4431 3446 4498 agnitus,

191 4520 286 4584 τὰς
318 4523 526 4594 φρένας
565 4539 578 4553 ⁸
608 4523 871 4593 μαθόντος
920 4527 1057 4596 ὅπερ
1097 4527 1187 4579 διὰ
1220 4527 1378 4594 λόγου
1413 4529 1754 4600 κατηχήθης,

1876 4525 2124 4580 bifariam
2159 4524 2403 4577 animum
2437 4531 2589 4576 tuum
2615 4520 2917 4583 collustret,
2952 4526 3234 4588 expertum
3259 4518 3450 4586 utique

192 4611 348 4664 τοῦτο
371 4613 594 4682 βλέπειν
621 4616 742 4666 κατ’
783 4615 1120 4684 ὀφθαλμούς.
1158 4619 1267 4671 Καί
1294 4636 1355 4686 γε
1394 4623 1452 4672 έν
1478 4622 1556 4690 τῷ
1594 4622 1770 4684 οὕτως

194 4699 585 4767 ἀκοντίζεσθαι
624 4703 717 4755 καὶ
764 4705 1013 4774 ὁρᾶσθαι,
1047 4707 1149 4759 οὐκ
1182 4709 1294 4776 ἔχει
1341 4709 1501 4777 φύσιν
1534 4710 1608 4781 μὴ
1647 4711 1771 4780 οὐχὶ

192 4788 512 4857 δοξάζεσθαι
547 4794 704 4860 Θεὸν,
734 4797 826 4848 καὶ
860 4797 1296 4852 κατανύττεσθαι
1354 4800 1643 4871 ἄνθρωπον
1668 4800 1766 4852 εύ-

197 4884 328 4954 σεὸἧ
358 4904 370 4916 ·
409 4882 470 4939 οῦ
516 4889 572 4940 τί
603 4887 668 4940 ἂν
698 4890 908 4956 γένοιτο
945 4892 1457 4963 σωτηριωδέστερον
1505 4893 1600 4946 καὶ
1650 4891 1770 4962 Θεῷ

196 4976 566 5048 εύπρόσιτονς
609 4980 795 5045 Οὕτως
836 4979 929 5037 οὖν
974 4986 1020 5037 οἱ
1063 4985 1345 5054 οὺδαμινοὶ
1394 4985 1626 5056 νοοῦμεν
1672 4987 1772 5039 τά·

199 5065 339 5141 ληθῆ
373 5087 385 5102 ο
425 5074 474 5127 εί
509 5073 607 5125 καί
633 5090 778 5136 τινες
823 5075 930 5127 τῶν
962 5075 1068 5147 πρὸ
1093 5076 1252 5146 ἡμῶν
1307 5077 1466 5147 ἱερῶν
1511 5076 1773 5146 Πατέρων

199 5157 402 5230 ἑτέρως
451 5165 793 5236 ὑπειλήφασι
822 5166 883 5220 τὸ
925 5168 1235 5238 διελεγχθὲν
1289 5168 1608 5240 πρόϐλημα.
1665 5169 1777 5239 Τῆς

203 5248 329 5312 γοῦν
366 5256 524 5312 τοῦδε
559 5258 740 5328 φωνῆς
772 5259 1197 5330 περαιωθείσης,
1231 5260 1316 5323 τίς
1355 5261 1505 5332 ήτοῦ
1547 5261 1778 5330 Ἐαιτιφα⁹

203 5355 317 5394 νιου
345 5347 457 5418 (5);
501 5351 706 5420 Νοήσει
758 5355 790 5424 ἡ
846 5354 912 5423 σὴ
948 5354 1263 5418 θεοσέϐεια,
1299 5354 1348 5405 εί
1391 5353 1606 5421 πρέπον
1660 5354 1778 5407 ἐστὶ

1869 4619 2014 4688 quod
2073 4631 2168 4686 per
2199 4629 2512 4669 sermonem
2546 4613 2774 4668 edoctus
2820 4627 2898 4677 es,
2930 4611 3033 4664 hoc
3060 4612 3237 4678 ipsum
3272 4609 3449 4663 oculis

1873 4703 2094 4759 intueri.
2137 4703 2300 4771 Atqui
2338 4717 2461 4755 cum
2493 4702 2572 4756 sic
2605 4701 2820 4755 auditur
2849 4717 2916 4754 ac
2947 4700 3218 4763 cernitur,
3254 4706 3448 4752 natura

1873 4797 2104 4851 omnino
2138 4805 2514 4864 comparatum
2547 4803 2628 4848 est
2652 4801 2711 4848 ut
2739 4803 2793 4849 et
2827 4792 3162 4865 gloriﬁcetur
3197 4791 3362 4856 Deus,
3395 4800 3451 4845 et

1872 4893 2038 4946 homo
2087 4891 2212 4960 pius
2242 4889 2429 4944 dolore
2462 4898 2738 4958 pungatur
2766 4928 2781 4953 ,
2835 4902 2947 4958 quo
2988 4886 3116 4956 quid
3148 4883 3450 4939 salutarius

1874 4984 1990 5039 ﬁeri
2042 4993 2245 5054 potest,
2307 4993 2398 5036 aut
2442 4981 2702 5037 facilioris
2744 4982 2812 5034 ad
2862 4979 3032 5035 Deum
3095 4975 3447 5032 aditus?Sic

1875 5075 2041 5145 igitur
2072 5090 2172 5128 nos
2200 5073 2382 5142 pusilli
2431 5087 2554 5126 vera
2589 5072 2894 5138 cogitamus
2933 5089 2948 5124 :
2988 5067 3088 5122 etsi
3144 5067 3366 5136 quidam
3420 5081 3452 5121 e

1875 5169 2080 5224 sanctis
2113 5167 2392 5228 Patribus,
2429 5166 2524 5235 qui
2581 5180 2681 5219 nos
2732 5168 3150 5232 praecesserunt,
3199 5158 3455 5214 confuta-

1876 5271 1989 5317 tam
2025 5261 2384 5332 quazstiouem
2442 5260 2599 5314 aliter
2654 5273 2933 5327 accepere.
2979 5256 3094 5310 Hac
3124 5255 3290 5325 igitur
3321 5269 3456 5308 con-

1877 5355 2018 5410 fecta
2068 5354 2215 5409 illius
2253 5354 2546 5416 sententia,
2588 5367 2836 5421 quaenam
2908 5350 3081 5403 altera
3163 5345 3454 5417 Epiphanii

276 5435 315 5512 ff
349 5437 553 5498 lloutil.
597 5459 613 5496 ι
647 5441 721 5498 De
745 5446 912 5502 divite
940 5459 993 5502 et
1020 5445 1250 5501 Lazaro.
1326 5445 1370 5475 “
1415 5444 1569 5500 Orat.
1613 5449 1668 5499 in
1701 5445 1762 5500 S.
1807 5446 2067 5501 Bartaam
2090 5486 2106 5512 ,
2142 5447 2196 5500 in
2225 5445 2351 5500 line.
2428 5445 2472 5476 ⁸³
2499 5443 2542 5500 ll
2567 5443 2694 5498 Cor.
2728 5459 2781 5508 ν,
2820 5442 2906 5497 iii.
2983 5440 3029 5472 “
3065 5437 3218 5495 Orat.
3257 5439 3344 5502 11,
3387 5438 3457 5493 de

210 5506 368 5564 Filio.

278 5697 426 5767 ('5)ln
461 5701 588 5755 cod.
614 5698 748 5763 Reg.
777 5700 840 5752 ad
873 5715 1034 5759 oram.
1053 5699 1206 5752 libri:
1234 5697 1432 5751 ’ἰστέον
1454 5699 1529 5760 ὼς
1557 5699 1758 5765 Ἐπίφα

1894 5699 1999 5752 ὑπὸ
2046 5699 2101 5752 δὲ
2149 5697 2244 5752 τοῦ
2294 5698 2451 5765 ἁγίου
2503 5693 3001 5767 Σωφρονίου-μετὲι
3053 5693 3460 5767 Καρποκράτην

216 5783 320 5845 νιος
341 5763 464 5845 sus
491 5771 587 5823 τοῦ
619 5770 778 5845 ἁγίου
807 5769 1340 5845 Ἐπιφανίουλὲνλτῴ
1372 5769 1470 5837 λβ’.
1507 5763 1786 5845 κεφαλαίῳ
1906 5769 2225 5845 Ἑπιφάνιος
2275 5763 2754 5845 ἀναθεηματίιζεήται.
2778 5836 2788 5845 ι
2813 5764 3095 5818 Sciendum
3154 5766 3290 5843 quod
3329 5763 3459 5831 Epi-

219 5835 324 5889 τὼν
349 5841 632 5906 αἱρέσεων,
651 5835 985 5911 Οὐαλεντίνῳ
1007 5839 1099 5892 καὶ
1131 5835 1382 5908 Ἰσιδώρῳ
1408 5835 1762 5892 συντάττεται

1892 5839 2119 5906 phanius
2154 5855 2183 5890 a
2207 5848 2390 5892 sancto
2425 5835 2744 5903 Epiphanio,
2769 5836 3031 5890 Ιιαινεεεοη
3059 5835 3228 5901 capite
3264 5848 3457 5897 xum,
