3990 6318
548 315 686 379 1215

1733 322 1794 382 S.
1835 321 2230 384 THEODORI
2265 325 2609 387 STUDITE

3682 317 3846 384 1216

537 436 625 483 est
644 428 668 477 τ
697 425 908 480 Viderit
937 425 1115 496 pictas
1144 435 1258 491 tua,
1314 442 1446 481 num
1481 427 1671 484 deceat
1718 430 1996 500 depictum
2025 448 2123 487 co-

2236 435 2360 489 Βεὸν
2391 435 2534 505 ἔχειν
2568 435 2716 504 ἡμᾶς
2755 430 3118 503 ζωγραφητὸν
3164 429 3252 483 διὰ
3293 429 3636 500 χρωμάτων.
3673 431 3846 500 Ὅρα

539 517 750 574 loribus
789 533 890 572 nos
918 518 1118 572 habere
1150 516 1343 572 Deum.
1405 517 1539 573 Vide
1567 534 1734 589 porro
1771 523 2114 578 mendacem.

537 609 658 666 Non
692 611 971 666 Christum
1008 613 1164 676 dixit,
1221 613 1276 667 in
1334 630 1443 683 quo
1493 617 1932 686 circumscriptio
1991 635 2117 672 cum

539 704 1108 770 iucircumscriptione
1144 705 1554 760 demonstratur
1585 727 1598 761 :
1634 710 1713 764 sic
1747 711 1891 763 enim
1920 712 2121 764 utrius-

537 812 642 864 que
687 806 897 852 naturaa
924 798 1222 851 declaratio
1273 798 1366 853 lit:
1413 800 1507 854 sed
1559 799 1728 855 Deum
1783 803 1984 856 habere
2019 818 2119 857 nos

538 889 839 958 depictum,
897 887 1133 942 Verbum
1193 890 1534 946 humanitate
1594 908 1803 949 exuens
1845 909 1909 947 ex
1945 894 2118 947 Mani-

538 980 814 1034 chaeorum
861 981 1153 1045 sententia,
1205 997 1268 1036 ac
1317 982 1485 1036 Deum
1527 984 1734 1038 nudum
1785 999 2118 1054 proponens,

539 1080 600 1124 ut
635 1072 1031 1140 propositionis
1102 1073 1443 1130 absurditate
1522 1085 1725 1128 terreat
1784 1078 2117 1130 audientem.

542 1161 633 1216 Sic
659 1163 904 1233 profecto
953 1173 1007 1217 et
1054 1165 1324 1219 visibilem
1384 1165 1553 1219 Deum
1585 1167 1768 1220 dicere
1821 1168 2122 1222 absurdum

541 1263 662 1309 est:
698 1256 968 1325 siquidem
1015 1257 1093 1310 ait
1140 1258 1323 1311 divina
1375 1256 1700 1324 Scriptura:
1756 1259 1923 1312 Deum
1973 1275 2122 1313 nemo

542 1347 669 1401 vidit
687 1364 939 1414 unquam,
958 1348 1246 1419 etquidem
1274 1350 1572 1420 unigenitus
1600 1349 1798 1413 Filius,
1825 1368 1952 1405 cum
1979 1353 2124 1406 Deus

542 1449 686 1494 esset
719 1448 1132 1505 etcerneretur,
1183 1442 1288 1495 hoc
1328 1442 1507 1511 ipsum
1581 1445 1938 1498 enarravit".
1992 1443 2120 1510 Sed,

543 1532 730 1600 procul
757 1533 943 1597 dubio,
966 1535 1173 1588 nudum
1207 1535 1545 1591 humanitate
1576 1535 1746 1590 Deum
1781 1552 1942 1591 nemo
1967 1537 2121 1595 vidit.

543 1623 811 1690 Quoniam
855 1643 980 1680 vero
1033 1627 1350 1696 unigenitus
1378 1642 1484 1680 non
1542 1629 1614 1681 ita
1647 1629 1825 1683 nudus
1867 1641 1990 1696 post
2041 1629 2125 1683 in-

543 1720 916 1772 carnationem
945 1737 958 1782 ;
992 1719 1197 1773 idcirco
1221 1730 1272 1774 et
1295 1720 1647 1790 aspectabilis
1664 1730 1767 1776 est.
1802 1720 1940 1776 Hinc
1967 1737 2124 1776 sacer

2225 527 2288 595 δὴ
2328 530 2420 579 τὸν
2465 524 2820 595 ψευδηγορον.
2853 523 2929 577 Οὐ
2959 521 3194 590 Χριστὸν
3222 516 3394 584 εἶπεν,
3427 520 3516 590 ἐφ’
3551 513 3600 587 ᾧ
3621 519 3844 590 δηλοῡ.

2225 620 2369 685 ταιή
2405 617 2722 686 περιγραφὴ
2756 613 2894 684 μετά
2921 611 3016 664 τοῦ
3065 612 3485 682 άπεριγράπτου
3513 626 3530 641 ⁸
3569 606 3685 664 ὦδε
3717 613 3843 680 γὰρ

2225 709 2334 760 τῶν
2361 707 2639 776 ἑκατέρων
2671 705 2887 774 φύσεων
2920 707 2953 772 ἡ
2986 704 3218 776 δήλωσις
3251 720 3266 734 ο
3301 703 3438 758 ἀλλὰ
3485 703 3627 757 Θεὸν
3673 703 3839 772 ἔχειν

2225 801 2379 870 ἡμᾶς
2437 797 2799 869 ζωγραφητόν
2841 812 2857 826 ·
2906 796 3291 865 ἀπαμφιεννὸς
3343 796 3437 848 τὸν
3486 795 3673 863 Λόγον
3725 795 3837 862 τῆς

2227 889 2650 960 ἀνθρωπὸτητος
2680 885 3007 956 Μανιχαῐκῷ
3039 885 3369 955 φρονήματι,
3407 885 3507 937 καὶ
3543 884 3690 936 Θεὸν
3726 900 3836 951 γυ-

2229 985 2362 1051 μνὸν
2406 985 2726 1054 προτείνας·
2757 983 2831 1046 ὡς
2881 981 2950 1034 ἂν
2983 982 3060 1052 τῷ
3090 981 3282 1051 ἀτόπῳ
3335 979 3436 1050 τῆς
3483 982 3836 1049 προτάσεως

2227 1076 2317 1128 τὸν
2369 1076 2649 1146 ἀκροατὴν
2724 1075 3072 1143 ἐκπλήξειεν.
3129 1074 3287 1127 Οὕτω
3343 1073 3408 1143 δὴ
3459 1077 3554 1126 καὶ
3615 1074 3831 1142 ὁρατὸν

2228 1167 2361 1220 Θεὸν
2405 1170 2580 1220 εἰπεῖν
2620 1168 2851 1220 ἔκτοπον
2885 1183 2897 1196 ·
2932 1166 3090 1238 εῐπερ
3132 1167 3268 1235 φησι
3304 1165 3372 1218 τὰ
3419 1164 3542 1216 θεῖα
3595 1165 3788 1232 Λόγια
3813 1180 3829 1194 ·

2232 1257 2380 1310 Θεὸν
2416 1257 2616 1323 οὐδεὶς
2649 1256 2873 1326 ἑώρακε
2898 1257 3134 1309 πώποτε
3169 1273 3181 1285 ·
3211 1256 3304 1309 καὶ
3336 1257 3443 1326 μὴν
3492 1259 3525 1309 ὁ
3558 1273 3832 1325 μονογε-

2229 1349 2344 1416 νὴς
2369 1351 2500 1415 Υἱὸς
2528 1350 2662 1414 Θεὸς
2697 1349 2774 1403 ὢν
2801 1349 2894 1402 καὶ
2922 1347 3221 1417 ὁρώμενος,
3261 1347 3420 1401 τοῦτο
3452 1347 3783 1418 ἐξηγήσατο
3813 1365 3827 1376 .

2230 1441 2345 1494 ἀλλ’
2391 1440 2614 1510 εὔδηλον
2647 1441 2729 1493 ὅτι
2763 1439 2969 1509 γυμνὸν
3009 1439 3144 1492 Θεὸν
3175 1439 3602 1508 ἁνθρωπότητος
3638 1440 3830 1501 οὐδεὶς

2230 1532 2492 1602 ἑώρακεν.
2542 1531 2695 1584 Ἐπεὶ
2717 1531 2770 1583 δὲ
2800 1533 2827 1584 6
2857 1531 3169 1599 Μονογενὴς
3192 1531 3251 1582 οὐ
3281 1532 3488 1598 γυμνὸς
3521 1531 3667 1600 μετὰ
3722 1532 3829 1599 τὴν

2233 1627 2530 1695 σάρκωσιν,
2556 1625 2644 1677 διὰ
2662 1624 2821 1676 τοῦτο
2841 1625 2935 1676 καὶ
2965 1624 3178 1693 ὁρατός.
3200 1625 3308 1676 Καὶ
3333 1624 3601 1693 βεσόηκεν
3620 1626 3648 1675 6
3673 1624 3826 1694 ἱερὸς

2247 1717 2572 1780 Ἀπόστολος
2601 1735 2612 1747 ο
2646 1719 2789 1782 Θεὸς
2811 1716 3152 1784 ἐφανερώθη
3177 1717 3244 1768 ὲν
3270 1717 3472 1784 σαρκὶ,
3491 1716 3826 1783 ἐδικαιώθη

543 1809 840 1876 Apostolus
878 1811 1118 1866 clamat:
1159 1810 1298 1864 Deus
1329 1812 1700 1880 manifestata;
1733 1819 1810 1864 est
1847 1813 1901 1864 in
1939 1827 2118 1874 carne,

2236 1812 2294 1865 ἓν
2353 1811 2647 1880 πνέυματι
2680 1853 2694 1876 ,
2745 1811 2911 1880 ὤφθη
2961 1810 3242 1880 ἀγγέλοις
3274 1852 3286 1874 ,
3331 1810 3646 1877 ἐκηρύχθη
3743 1811 3818 1863 ἐν

538 1901 871 1970 justiﬁcatus
911 1913 984 1954 est
1028 1904 1084 1955 in
1115 1904 1329 1971 spiritu,
1380 1905 1630 1972 apparuit
1683 1905 1902 1974 angelis,
1936 1905 2129 1970 prtedi-

543 2003 696 2046 catus
718 2004 795 2046 est
827 1995 882 2046 in
917 1994 1177 2063 gentibus,
1221 1995 1451 2049 creditus
1480 2006 1557 2048 est
1597 1997 1649 2048 in
1671 1997 1886 2060 mundo,
1920 2014 2129 2050 assum-

542 2095 664 2154 ptus
694 2095 768 2138 est
798 2086 850 2138 in
879 2085 1051 2155 gloria
1077 2086 1141 2139 ⁸⁸.
1178 2086 1314 2140 Illud
1346 2087 1534 2156 utique
1558 2087 1614 2140 in
1643 2103 1824 2152 carne,
1887 2088 1940 2141 in
1984 2103 2124 2156 qua-

543 2192 762 2246 cunque
783 2177 1161 2233 enuutiatione
1212 2195 1371 2246 atque
1420 2179 1546 2248 jure
1602 2179 2125 2250 subiutelligendum

543 2278 647 2322 est.
681 2268 934 2323 Cohaeret
974 2270 1120 2324 enim
1150 2285 1256 2326 vox
1291 2270 1380 2324 illa
1420 2272 1590 2340 prior,
1636 2286 1746 2324 non
1796 2272 1960 2325 modo
1998 2286 2124 2324 cum

545 2360 1034 2430 subsequentibus,
1077 2361 1170 2416 sed
1209 2373 1263 2416 et
1310 2375 1434 2415 cum
1493 2361 1753 2416 omnibus
1804 2362 2130 2430 incorpora-

548 2452 714 2507 tionis
739 2452 1186 2520 proprietatibus.
1240 2451 1712 2516 Quemadmodum
1753 2453 1919 2522 igitur
1977 2453 2123 2507 Deus

548 2541 935 2597 maniiestatus
981 2553 1065 2596 est
1103 2543 1158 2596 in
1189 2557 1392 2607 carne;
1428 2543 1509 2596 sic
1545 2553 1597 2597 et
1651 2543 1704 2595 in
1744 2543 1976 2612 singulis
2006 2559 2130 2613 quae

548 2647 674 2692 sunt
705 2645 830 2692 ante
875 2648 1328 2692 commemorata.
1367 2635 1555 2708 Neque
1589 2638 1734 2691 enim
1777 2649 1971 2691 natura
2000 2636 2125 2702 fert,

550 2739 626 2792 ut,
662 2730 767 2783 nisi
802 2729 1244 2799 subintelligatur
1273 2730 1404 2783 illud
1436 2733 1489 2782 in
1521 2745 1704 2793 carne,
1743 2739 1840 2783 aut
1863 2745 2130 2797 apparue-

549 2822 642 2885 rit,
666 2831 760 2874 aut
797 2831 1098 2890 assumptus
1127 2823 1218 2874 sit.
1251 2821 1332 2876 Ita
1372 2821 1623 2875 videlicet
1641 2831 1693 2875 et
1727 2821 1867 2876 lacte
1893 2822 2133 2875 nutritur

2225 1901 2489 1965 ἔθνεσιν,
2508 1902 2831 1968 ἐπιστεύθη
2853 1902 2924 1954 ὲν
2945 1903 3175 1969 κόσμῳ,
3199 1900 3515 1967 ἀνελήφθη
3541 1900 3614 1952 ἑν
3643 1900 3822 1967 δόξῃ.

2226 1994 2300 2048 Τὸ
2325 1990 2419 2046 οὖν
2459 1993 2528 2046 ἐν
2556 1993 2758 2061 σαρκὶ,
2793 1995 2885 2045 ἐπὶ
2927 1994 3079 2064 πάσῃ
3123 1993 3429 2060 ἀποφάνσει
3476 1993 3587 2045 ἀπὸ
3632 1993 3821 2045 κοινῦῦ

2224 2085 2481 2157 ληπτέον.
2515 2085 2719 2154 Εῐρμὸς
2748 2085 2857 2156 γάρ
2909 2085 2994 2147 τίς
3045 2088 3252 2155 ἑστινὴ
3303 2085 3497 2154 πρώτη
3530 2085 3718 2154 φωνὴ,
3759 2087 3818 2137 οὗ

2229 2179 2388 2249 μόνον
2417 2179 2536 2240 ταῖς
2567 2177 2766 2247 ἐφεξῆς
2804 2195 2818 2208 ⁹
2843 2177 2980 2230 ἀλλὰ
3015 2178 3124 2247 γὰρ
3168 2178 3262 2230 καὶ
3317 2178 3524 2240 πάσαις
3556 2181 3686 2240 ταῖς
3719 2178 3827 2248 τῆς

2226 2269 2677 2340 ὲνσωματώσεως
2711 2267 2991 2337 ἰδιότησιν.
3036 2271 3122 2332 Ὠς
3153 2267 3245 2323 οὖν
3270 2272 3298 2322 6
3325 2269 3458 2333 Θεὸς
3483 2270 3819 2340 ἐφανερώθη

2227 2363 2285 2414 ὲν
2323 2364 2507 2433 σαρκὶ,
2541 2361 2638 2414 κει)⁸
2694 2361 2779 2426 ἐφ’
2810 2360 3028 2430 ἑκάστῳ
3070 2361 3179 2414 τῶν
3231 2362 3669 2434 προειρημένων
3740 2363 3824 2430 (οὺ

2227 2453 2336 2525 γὰρ
2370 2455 2436 2507 ἂν
2478 2454 2592 2524 ἔχοι
2633 2450 2818 2520 φύσιν,
2878 2454 2952 2523 μὴ
3011 2455 3580 2523 προσυπακουομένου
3613 2453 3714 2506 τοῦ
3760 2455 3828 2507 ἐν

2227 2546 2430 2610 σαρκὶ,
2458 2546 2490 2615 ἢ
2520 2546 2800 2614 ὀφθῆναι,
2840 2545 2872 2616 ἢ
2909 2544 3355 2614 ἀναληφθῆναι)
3379 2562 3392 2575 ·
3440 2546 3587 2599 οὕτω
3619 2547 3827 2618 δηλαδὴ

2233 2637 2330 2689 καὶ
2385 2637 2736 2708 γαλουχεῑται
2776 2639 2846 2691 ἐν
2890 2635 3095 2704 σαρκὶ,
3122 2641 3215 2691 καὶ
3259 2638 3562 2708 προκόπτει
3611 2639 3824 2711 ἡλικίᾳ,

2237 2731 2330 2781 καὶ
2367 2728 2573 2798 βαδίζει
2611 2731 2752 2795 ποδὶ,
2786 2732 2880 2784 καὶ
2912 2731 3050 2801 ἱδροῖ
3095 2730 3325 2801 ἀγωνίᾳ,
3363 2732 3456 2783 καὶ
3497 2731 3824 2801 διαλέγεται

2238 2820 2455 2892 γλώττῃ
2490 2836 2503 2850 ·
2539 2823 2633 2874 καὶ
2663 2823 2871 2893 ὅσαπερ
2900 2821 3034 2874 ἄλλα
3061 2820 3158 2891 τῆς
3191 2821 3372 2892 ἀὐτῆς
3401 2825 3754 2894 συστοιχίας.

552 2917 605 2969 in
639 2923 904 2978 carne,et
941 2914 1159 2983 proﬁcit
1225 2922 1407 2977 aetate,
1457 2925 1512 2968 et
1556 2914 1786 2984 pedibus
1830 2914 2092 2978 ambulat,
2156 2924 2208 2967 et
2249 2916 2302 2966 in
2353 2916 2546 2984 agonia
2595 2916 2776 2980 sudat,
2807 2924 2858 2968 et
2906 2915 3090 2986 lingua
3145 2914 3407 2984 loquitur,
3438 2926 3494 2969 et
3547 2925 3825 2988 quotquot

551 3008 657 3061 alia
682 3017 809 3061 sunt
836 3007 1081 3076 ejusdem
1101 3008 1335 3062 ordinis.

623 3100 753 3156 Hzcc
786 3117 918 3157 vero
942 3103 988 3156 si
1021 3101 1102 3155 sic
1141 3103 1365 3164 habent,
1423 3100 1870 3169 quandoquidem
1920 3113 2026 3153 una
2061 3113 2127 3152 ex

2306 3092 2369 3145 Ei
2399 3093 2454 3143 δὲ
2485 3091 2665 3145 ταῦτα
2698 3091 2873 3156 οὕτως
2905 3109 2918 3123 ·
2944 3092 3134 3163 ἐπειδὴ
3163 3093 3226 3147 ἔν
3258 3091 3366 3146 τῶν
3386 3092 3654 3147 ἁπάντων
3685 3095 3826 3149 ἰδιω-

552 3195 810 3248 omnibus
828 3193 1078 3262 corporis
1109 3191 1535 3262 proprietatibus
1571 3191 2006 3259 circumscriptio
2025 3198 2129 3254 est,

555 3283 910 3340 manifestum
958 3293 1041 3340 est
1087 3295 1141 3339 et
1194 3284 1573 3339 circumscribi
1614 3282 1786 3336 Deum
1829 3283 1887 3335 in
1945 3297 2132 3346 carne,

557 3380 671 3435 sive
705 3376 986 3431 coloribus
1023 3377 1401 3442 adumbrctur,
1439 3392 1533 3431 seu
1567 3376 1766 3446 quovis
1790 3374 1900 3429 alio
1945 3373 2132 3427 modo.

554 3469 598 3522 E
629 3469 846 3524 duobus
875 3471 1021 3523 enim
1057 3470 1287 3523 alterum
1324 3470 1551 3521 omnino
1608 3467 1982 3522 necessarium
2031 3475 2132 3518 est.

559 3561 618 3616 Si
652 3563 806 3616 visus
839 3569 922 3615 est
948 3563 999 3614 in
1031 3577 1217 3623 carne,
1241 3561 1371 3614 etin
1418 3576 1582 3614 carne
1613 3558 2090 3614 circumscribitur
2121 3576 2133 3610 :

556 3654 828 3722 siquidem
875 3653 990 3707 haec
1042 3661 1273 3722 cognata
1313 3662 1439 3706 sunt
1486 3653 1638 3707 inter
1675 3668 1754 3718 se,
1806 3661 1859 3706 et
1902 3651 2136 3706 alterum

558 3745 787 3800 alterius
817 3759 1003 3799 causa.
1044 3743 1098 3798 Si
1139 3745 1324 3814 itaque
1361 3745 1633 3813 posterius
1668 3760 1857 3798 verum
1895 3760 2003 3798 non
2031 3757 2132 3809 εει,

559 3848 706 3892 certe
739 3853 839 3892 nec
873 3838 1065 3906 prius:
1106 3839 1255 3907 atqui
1288 3853 1476 3892 verum
1513 3838 1666 3907 prius
1695 3856 1708 3891 :
1747 3837 1913 3907 igitur
1948 3845 2001 3890 et
2038 3851 2137 3906 po-

560 3929 780 3984 sterius.
821 3927 914 3982 Sic
943 3939 995 3983 et
1022 3929 1178 3997 juxta
1210 3929 1424 3983 divinas
1461 3929 1710 3999 paginas,
1742 3940 1797 3990 et
1827 3929 2130 3983 secundum

561 4023 842 4092 vulgarem
875 4021 1238 4075 ratiocinandi
1267 4022 1515 4084 modum,
1555 4020 1869 4091 insipientis
1909 4028 1994 4074 est
2029 4036 2137 4074 non

559 4115 810 4168 conliteri
864 4113 1034 4168 Deum
1070 4115 1124 4168 in
1153 4129 1319 4168 carne
1352 4114 1520 4184 pingi,
1589 4114 1858 4183 siquidem
1912 4113 2141 4168 visusin

562 4221 728 4260 carne
761 4215 865 4260 est.
915 4205 1118 4261 Deinde
1164 4207 1272 4259 alio
1323 4206 1377 4259 in
1427 4205 1549 4261 loco
1587 4205 1672 4258 vir
1721 4215 1978 4259 strenuus
2025 4206 2139 4259 ait:

569 4317 586 4348 ι
621 4297 818 4352 Audivi
856 4298 1120 4368 quosdam
1151 4297 1344 4369 jubere
1382 4297 1995 4367 incomprehensibilem
2045 4296 2141 4351 Dei

566 4390 762 4444 Filium
783 4391 955 4462 pingi.
982 4391 1120 4447 Cum
1155 4391 1296 4446 istud
1331 4390 1506 4454 audis,
1541 4391 1891 4445 exhorresce.
1925 4410 1943 4442 ι
2005 4390 2139 4456 Quis

2237 3188 2423 3256 μάτων
2440 3184 2534 3237 τοῦ
2561 3184 2813 3253 σώματος
2835 3187 2928 3238 καὶ
2950 3187 2982 3256 ή
3012 3187 3351 3258 περιγραφὴ,
3379 3187 3610 3257 εὔδηλον
3623 3190 3709 3241 ὅτι
3734 3191 3826 3242 καὶ

2236 3279 2641 3349 περιγράφεται
2667 3276 2801 3338 Θεὸς
2847 3283 2903 3331 ἐν
2935 3281 3118 3349 σαρκὶ,
3144 3281 3254 3332 εἴτε
3282 3282 3822 3351 χρωματουργικῶς,

2236 3376 2331 3429 εἴτ’
2358 3371 2452 3427 οὖν
2469 3373 3030 3445 ὲτεροτρόπως.Δυοῖν
3055 3375 3163 3446 γὰρ
3182 3375 3466 3444 ἑκάτερον,
3491 3377 3645 3430 πᾶσα
3664 3377 3826 3447 ἀνάγ-

2237 3485 2329 3537 κη.
2362 3468 2424 3519 Ei
2445 3459 2624 3518 ὦπται
2655 3467 2713 3519 ὲν
2742 3465 2943 3536 σαρκὶ,
2970 3463 3060 3518 καὶ
3106 3469 3583 3537 περιγράφεταιὲν
3614 3471 3782 3544 σαρκί
3805 3486 3820 3502 ·

2238 3562 2468 3634 ἐπείπερ
2487 3562 2668 3616 σύστοι
2675 3578 2767 3631 χον
2781 3561 2875 3613 καὶ
2889 3558 3234 3629 άλληλαίτιον
3247 3561 3507 3632 ἑκάτερον
3532 3565 3820 3635 ἐκατέρου.

2239 3657 2303 3708 Εἰ
2330 3651 2425 3709 οὖν
2463 3655 2538 3726 μὴ
2571 3653 2632 3706 τὸ
2683 3653 2935 3721 δεύτερον
2986 3648 3208 3719 ἀληθὲς,
3259 3650 3366 3702 οὐδ’
3399 3652 3507 3723 ἄρα
3554 3655 3618 3706 τὸ
3671 3657 3819 3725 πρῶ-

2237 3768 2347 3804 τον.
2380 3748 2541 3800 Ἀλλὰ
2575 3745 2679 3817 μὴν
2696 3747 2755 3798 τὸ
2771 3743 2982 3816 πρῶτον
3000 3742 3198 3812 ἀληθές
3220 3760 3233 3772 ’
3261 3742 3459 3796 οὐκοῦν
3491 3746 3586 3796 καὶ
3607 3746 3668 3798 τὸ
3701 3747 3820 3800 δεύ-

2238 3861 2417 3913 τερον.
2435 3840 2593 3895 Οὕτω
2624 3839 2717 3891 καὶ
2742 3837 2883 3890 κατὰ
2905 3838 2972 3890 τὰ
2994 3837 3114 3890 θεῖα
3140 3836 3333 3906 Λόγια,
3359 3837 3454 3889 καὶ
3483 3837 3629 3890 κατὰ
3651 3839 3820 3894 κοινὸν

2244 3931 2623 4002 συλλογισμὸν,
2648 3928 2853 3998 ἠλίθιον
2888 3927 2948 3979 τὸ
2999 3927 3072 3998 μὴ
3121 3929 3407 3998 ὁμολογεῖν
3447 3927 3583 3980 Θεὸν
3618 3931 3820 4001 ἐγγρά-

2217 4024 2436 4093 σφεσοαι
2468 4026 2525 4075 ὲν
2559 4021 2747 4090 σαρκὶ,
2786 4019 2943 4090 εἴπερ
2973 4013 3154 4072 ὦπται
3188 4020 3244 4072 ὲν
3278 4019 3444 4090 σαρκί
3475 4035 3490 4049 ⁸
3541 4021 3697 4074 Ἐπεὶ
3729 4025 3819 4078 καὶ

2244 4116 2469 4186 ἑτέρωθι
2502 4118 2528 4168 6
2572 4112 2834 4183 γεννάδας
2862 4113 3058 4185 φησίνο
3099 4131 3118 4164 ι
3177 4113 3426 4165 ’Ἤκουσα
3476 4114 3560 4167 ὅτι
3611 4116 3819 4169 καὶτὸν

2244 4208 2631 4278 ἀκατάληπτον
2668 4205 2796 4260 Υἱὸν
2821 4205 2914 4258 τοῦ
2934 4203 3072 4257 Θεοῦ
3103 4222 3253 4269 τινες
3291 4205 3526 4275 γράφειν
3549 4208 3819 4276 ἐπαγγέλ-

2242 4300 2449 4352 λονται.
2505 4297 2697 4368 Φρίξαι
2733 4298 2825 4351 ἐπὶ
2870 4297 2964 4353 τοῦ
3009 4298 3266 4351 ἀκοῦσαι.
3308 4317 3327 4348 ›
3363 4299 3460 4361 Τίς
3515 4297 3652 4366 γοῦν
3701 4299 3819 4352 νοῦν

2248 4391 2386 4461 ἔχων
2434 4392 2535 4443 οὐκ
2587 4391 2930 4459 ὲπιγελάοειε
2977 4390 3065 4442 τὸν
3130 4393 3546 4461 ματαιόφρονα;
3591 4395 3818 4450 Οὑτίπου

565 4482 748 4552 itaque
778 4455 926 4536 sana:
954 4483 1152 4537 mentis
1197 4482 1557 4552 desipientem
1591 4498 1700 4535 non
1765 4483 1973 4536 rideat!
2017 4455 2132 4537 Non

2242 4455 2452 4552 ἀνέγνω
2483 4525 2496 4546 ,
2531 4485 2613 4537 ὅτι
2641 4455 2989 4538 Σιλνέλαϐον
3019 4455 3142 4535 τὸν⁷
3165 4455 3430 4550 Ἰησοῧν,
3455 4455 3557 4538 καὶ
3595 4486 3819 4556 ἔδησαν

566 4573 694 4644 legit
724 4572 929 4642 utique,
960 4571 1103 4640 quod
1134 4571 1634 4640 comprehenderunt
1665 4570 1870 4634 Iesum,
1919 4582 1968 4624 et
1996 4571 2135 4640 liga-

576 4673 758 4718 verunt
815 4679 976 4726 eum;
1009 4676 1058 4716 et
1115 4664 1454 4716 adduxerunt
1508 4679 1623 4716 eum
1663 4665 1732 4715 ad
1786 4665 1990 4715 Annam
2040 4665 2153 4732 pri-

567 4766 711 4812 mum
745 4755 813 4820 ⁶⁷,
853 4755 1150 4824 principem
1191 4754 1534 4808 sacerdotum
1561 4754 1584 4807 ?
1616 4753 1682 4807 Et
1728 4755 1857 4808 alibi
1889 4769 2106 4808 rursum
2136 4771 2148 4806 :

569 4849 891 4916 Acceperunt
917 4864 1040 4917 ergo
1068 4864 1257 4916 corpus
1285 4845 1435 4911 Jesu,
1469 4856 1517 4900 et
1552 4846 1843 4917 ligaverunt
1877 4845 2012 4900 illud
2044 4847 2149 4900 lin-

569 4939 668 4992 teis
701 4954 821 4991 cum
869 4939 1197 4991 aromatibus
1227 4938 1321 4991 ‘3?
1372 4937 1568 4991 Annon
1629 4940 1922 4992 conlitetur
1978 4939 2149 4992 Deum

569 5045 692 5084 esse
719 5027 907 5085 Jesum
935 5031 958 5082 ?
989 5029 1044 5083 Si
1082 5029 1226 5086 Deus
1258 5030 1444 5099 igitur,
1479 5031 1760 5101 quomodo
1803 5032 1848 5086 is
1874 5030 1964 5100 qui
1997 5047 2148 5085 com-

573 5122 830 5192 prehendi
874 5123 1082 5193 nequit,
1119 5123 1549 5193 comprehensus
1577 5133 1661 5177 est
1690 5138 1754 5176 ac
1802 5125 1998 5192 ligatus
2045 5123 2151 5176 nisi

572 5213 861 5271 manifeste
895 5217 947 5269 in
973 5231 1158 5278 carne,
1191 5215 1653 5285 quemadmodum
1714 5215 2153 5285 sapientissimus

572 5306 776 5361 Paulus
807 5307 1097 5363 confessus
1128 5309 1255 5362 est?
1296 5307 1464 5363 Sileat
1503 5309 1665 5378 igitur
1696 5307 1884 5362 furens
1915 5307 1968 5360 in
1997 5305 2156 5359 Chri-

574 5408 720 5456 stum
758 5409 815 5453 et
855 5399 944 5454 hic
992 5399 1393 5454 fraudulentus.
1430 5398 1616 5455 Sicubi
1660 5415 1788 5453 vero
1841 5398 2025 5453 audiat
2059 5397 2156 5450 ha-

646 5538 691 5568 ⁶⁸
719 5536 877 5592 Joan.
914 5555 952 5602 ι,
989 5538 1075 5593 ll.

580 5693 697 5734 cum
765 5675 1044 5732 Valentino
1101 5687 1148 5731 ct
1199 5676 1407 5732 Isidoro
1472 5676 1808 5747 conjungitur

582 5760 756 5804 ratur.

2246 4577 2451 4638 αὑτὸν,
2484 4576 2582 4629 καὶ
2631 4576 2948 4645 ἀπήγαγον
3001 4576 3187 4628 αὺτὸν
3219 4576 3369 4643 πρὸς
3417 4578 3640 4632 Ἅνναν
3672 4579 3816 4647 πρῶ-

2250 4685 2377 4734 τον,
2412 4667 2502 4720 τὸν
2545 4667 2851 4738 ἀρχιερέα;
2898 4667 3006 4720 Καὶ
3065 4666 3292 4738 ἑτέρωθι
3335 4668 3502 4721 πάλιν
3528 4687 3542 4698 ·
3574 4671 3819 4726 Ἔλαϐον

2251 4753 2365 4812 οὖν
2402 4757 2468 4809 τὸ
2525 4755 2698 4825 σῶμα
2741 4755 2848 4808 τοῦ
2885 4755 3088 4822 Ἰησοῦ
3121 4772 3135 4785 ·
3171 4756 3268 4808 καὶ
3314 4753 3552 4822 ἔδησαν
3580 4759 3729 4810 αὐτὸ
3759 4759 3818 4811 ἐν

2250 4848 2509 4914 ὀθονίοις
2546 4849 2695 4915 μετὰ
2741 4845 2861 4901 τῶν
2894 4847 3251 4915 ἀρωμάτων;
3282 4848 3396 4916 υὺχ
3411 4847 3671 4916 ὁμολογεῖ
3697 4849 3817 4902 Θεὸν

2248 4943 2340 4993 τὸν
2388 4940 2626 5009 Ἰησοῦν;
2661 4941 2720 4994 Εἰ
2753 4939 2889 5002 Θεὸς
2909 4938 3024 5002 οὖν,
3056 4937 3173 5003 πῶς
3217 4941 3245 4991 6
3272 4941 3668 5011 ἀκατάληπτος
3703 4943 3814 5011 ἐλή-

2250 5031 2357 5102 φοη
2402 5032 2497 5085 καὶΙ
2525 5031 2702 5102 ἐδέθη,
2738 5032 2770 5103 ἦ
2801 5030 2961 5102 δῆλον
2987 5033 3067 5085 ὅτι
3107 5033 3164 5084 ἐν
3221 5033 3404 5102 σαρκὶ,
3440 5033 3588 5085 καθὰ
3622 5034 3814 5104 ὡμολό-

2250 5141 2418 5195 γησεν
2441 5127 2468 5176 6
2503 5126 2776 5192 nivoopo;
2803 5124 3050 5191 Παῦλος;
3089 5123 3304 5193 Σιγάτω
3335 5121 3428 5178 οὗν
3450 5127 3665 5181 λυττῶν
3690 5127 3815 5181 κατὰ

2251 5217 2486 5287 Χριστοῦ
2521 5220 2614 5270 καὶ
2647 5213 2800 5280 οὗτος
2828 5221 2856 5271 6
2890 5219 3106 5282 πλάνος.
3152 5218 3277 5271 Ἐὰν
3304 5218 3361 5271 δέ
3393 5237 3498 5272 που
3544 5220 3813 5274 ἀκούσειεν

2253 5308 2334 5359 ὅτι
2379 5307 2470 5359 καὶ
2518 5306 2830 5376 ἐσθιόμενον
2855 5309 3051 5378 ἔχομεν
3093 5308 3245 5375 Θεὸν,
3276 5310 3418 5379 τάχα
3453 5310 3522 5363 ἂν
3575 5313 3637 5364 οὐ
3673 5313 3812 5381 μόνον

2257 5399 2460 5470 φρὶξοι,
2487 5400 2624 5453 ἀλλὰ
2657 5403 2749 5454 καὶ
2779 5401 3160 5474 διαρῤηχθείη,
3215 5403 3292 5473 μὴ
3338 5404 3530 5475 φέρων
3580 5406 3644 5459 τὸ
3671 5409 3810 5462 ἄκου-

1153 5539 1198 5570 ⁶⁶
1233 5536 1415 5591 lTim.
1453 5554 1534 5604 Ill,
1569 5537 1654 5590 16.
1732 5538 1773 5567 ⁸⁷
1813 5534 1971 5591 Joan.
2006 5551 2138 5600 xvii,
2176 5533 2261 5587 12.
2340 5537 2386 5567 ⁸⁸
2413 5534 2574 5589 Joan.
2601 5553 2714 5598 xu.
2744 5537 2834 5591 40.

1876 5693 1892 5729 :
1959 5693 1989 5729 ιι
2040 5685 2220 5730 sancto
2263 5684 2435 5730 autem
2507 5675 2804 5745 Saphromo
2876 5684 2992 5744 post
3055 5672 3434 5743 Carpocrutem
3488 5673 3812 5731 anathemati-
