3990 6318
183 326 326 393 1217

1375 333 1908 396 EPISTOLABUM
1951 335 2098 396 LIB.
2163 336 2248 395 ll.

3299 333 3437 398 19.18

176 458 322 510 σμα.
368 441 530 494 Ἀλλὰ
582 444 635 496 τί
683 446 902 520 φησινό
973 447 1244 516 Χριστός;
1281 450 1388 503 Kal
1440 453 1472 504 ό
1518 451 1746 519 τρώγων

1861 451 1991 506 bere
2047 466 2147 506 nos
2203 450 2369 504 Deum
2421 465 2582 519 quem
2635 451 3050 518 manducemus,
3110 449 3252 507 forte
3322 467 3430 508 non

165 549 278 600 με,
319 533 600 600 κάκεῖνος
650 533 889 603 ζήσεται
909 537 982 591 δι’
1015 539 1141 606 ἐμέ.
1185 542 1300 595 Οὐκ
1351 541 1418 595 ἂν
1472 543 1528 596 δὲ
1584 544 1759 606 ἄλλως

175 621 424 693 βρωθείη
454 626 503 676 εί
545 624 618 695 μὴ
653 626 711 677 ὲν
742 628 929 698 σαρκί.
989 631 1100 683 Καὶ
1138 630 1246 701 γάρ
1287 634 1316 686 ὁ
1360 633 1592 703 Χριστὸς
1622 635 1757 702 ὁμοῦ

167 713 318 777 Θεὸς
346 717 438 767 καὶ
467 715 756 788 ἄνθρωπος
785 719 988 783 τέλειος
1013 721 1294 793 ὑπάρχων,
1325 725 1590 796 ὁπότερον
1628 727 1754 781 καθ’

167 804 449 875 ἑκάτερον
472 807 580 858 τῶν
613 808 671 874 ἐξ
715 802 790 862 ὧν
844 812 1100 883 συνετέθη
1138 814 1352 881 φύσεων
1389 816 1708 887 ὀνομάζοιτο
1739 831 1754 850 ⁶

167 895 278 947 καὶ
333 897 457 949 καθ’
509 899 768 970 ἑκάτερον
803 901 1004 970 κυρίως
1055 905 1342 974 νοούμενος
1384 907 1638 976 λέγοιτο·
1694 909 1756 962 οὐ

166 984 286 1052 τῆς
323 984 554 1057 θατέρου
584 987 843 1057 ἰδιότητος
876 992 936 1043 ἐν
973 992 1049 1060 τῷ
1080 994 1350 1066 μοναδικῷ
1379 998 1482 1068 τῆς
1515 1000 1756 1052 ὑποστά-

167 1095 328 1142 σεως
361 1081 692 1154 μειουμένης
720 1085 752 1155 ἢ
793 1087 1238 1157 συμφυρομένης.

253 1337 367 1390 Καὶ
399 1338 607 1409 μάρτυς
649 1341 742 1394 τοῦ
791 1342 952 1411 λόγου
989 1345 1153 1410 αὐτὸς
1201 1350 1228 1402 ό
1255 1348 1385 1414 Θεὸς
1425 1352 1519 1404 καὶ
1559 1353 1751 1422 Λόγος,

164 1429 254 1497 πῆ
288 1428 386 1496 μὲν
409 1429 583 1496 λέγων
608 1447 623 1462 °
663 1431 728 1486 Τί
760 1451 836 1501 με
880 1435 1100 1502 ζητεῖτε
1142 1439 1507 1507 ἀποκτεῖναι,
1537 1444 1757 1512 ἅνθρω-

162 1536 299 1572 πον
338 1519 405 1587 ὃς
449 1522 564 1589 τὴν
615 1525 906 1594 ἀλήθειαν
934 1531 1080 1599 ὑμῖν
1111 1527 1464 1600 .1ε.2ά.2ηκα;
1498 1537 1754 1606 Καίτοιγε

159 1611 194 1662 ό
254 1609 433 1678 λέγων
489 1613 582 1666 καὶ
629 1614 762 1679 Θεὸς
817 1618 1082 1682 ἀθάνατος
1128 1617 1216 1692 ἦν.
1253 1624 1336 1694 ΙΙὴ
1384 1625 1440 1678 δὲ
1493 1626 1752 1694 φάσκων⁸

167 1719 189 1752 ι
250 1701 444 1770 Ὑμεῖς
471 1705 660 1773 λέγετε
687 1744 702 1771 ,
745 1708 825 1762 ὅτι
881 1710 1357 1783 Βλασφημείςοότι
1402 1711 1588 1770 εἷπον·
1629 1719 1755 1781 Υἱὸς

1863 543 2027 597 modo
2075 542 2121 597 is
2178 543 2552 606 exhorrescet,
2611 544 2706 597 sed
2766 545 3162 613 disrumpetur,
3225 545 3438 601 dictum

1862 649 1974 690 non
2012 635 2217 690 ferens.
2261 634 2362 690 Sed
2395 637 2523 705 quid
2549 635 2802 691 Christus
2827 638 2902 691 ait
2932 637 2955 690 ?
2995 636 3064 690 Et
3091 639 3184 706 qui
3211 638 3438 692 mandu-

1862 737 1948 782 σαι
1987 745 2085 792 me,
2118 737 2167 781 et
2199 728 2309 796 ipse
2337 729 2468 781 vivet
2491 738 2705 796 propter
2733 744 2814 782 me
2838 728 2903 782 ⁶⁹.
2937 727 3044 783 Nec
3091 745 3221 784 vero
3274 730 3435 786 aliter

1864 818 2291 872 manducaretur
2318 817 2425 871 nisi
2458 817 2512 871 in
2553 834 2739 873 carne.
2775 817 2987 873 Etenim
3037 819 3288 876 Christus
3311 837 3435 877 cum

1861 909 2024 963 simul
2057 908 2199 964 Deus
2233 910 2308 966 sit
2336 918 2390 964 et
2413 909 2550 964 idem
2581 911 2747 964 homo
2777 909 3072 980 perfectus,
3119 914 3436 968 utrumlibet

1859 1001 2156 1055 secundum
2193 1002 2535 1067 alterutram,
2590 1017 2656 1055 ex
2696 1001 2763 1057 iis
2804 1006 3014 1060 naturis
3073 1006 3276 1075 quibus
3303 1021 3437 1061 con-

1859 1100 1987 1154 stat,
2041 1093 2324 1160 appellari,
2380 1101 2432 1147 et
2467 1093 2762 1147 secundum
2817 1094 3137 1151 alterutram
3203 1098 3428 1167 proprie

1857 1190 2135 1249 spectatus
2158 1183 2262 1236 dici
2316 1191 2515 1252 potest,
2554 1193 2750 1237 neutra
2779 1186 3116 1254 proprietate
3156 1187 3210 1241 in
3240 1189 3434 1257 singu-

1856 1269 2072 1326 laritate
2121 1286 2371 1340 personae
2426 1273 2512 1326 vel
2546 1271 2816 1327 diminuta
2869 1275 2954 1328 vel
3005 1277 3323 1329 commista.

1926 1356 1992 1414 Et
2018 1363 2169 1416 testis
2195 1362 2415 1431 quidem
2459 1361 2624 1432 hujus
2673 1365 2955 1419 sententia:
3002 1364 3145 1419 Deus
3177 1365 3318 1420 idem
3371 1378 3436 1421 ac

1862 1451 2117 1516 Verbum,
2146 1455 2342 1508 alicubi
2384 1455 2615 1511 dicens:
2657 1455 2799 1521 Quid
2834 1473 2913 1510 me
2956 1459 3198 1527 quwritis
3225 1458 3435 1526 interﬁ-

1855 1557 1987 1608 cere,
2016 1542 2274 1596 hominem
2291 1545 2380 1611 qui
2411 1545 2677 1596 ueritatem
2699 1545 2841 1598 vobis
2869 1544 3072 1599 locutus
3103 1563 3217 1600 sum
3249 1545 3338 1598 ὀἳ
3370 1546 3435 1600 Et

1855 1630 1948 1698 qui
1987 1631 2103 1685 haec
2147 1641 2328 1686 tamen
2360 1633 2518 1694 dixit,
2560 1632 2700 1687 Deus
2729 1633 2892 1688 etiam
2944 1633 3273 1689 immortalis
3307 1633 3431 1688 l‘uit.

1855 1720 1994 1774 Alibi
2041 1736 2170 1776 vero
2223 1723 2411 1782 aiens:
2453 1721 2554 1776 Vos
2596 1724 2773 1777 dicitis
2799 1761 2816 1787 ,
2872 1725 2996 1794 quia
3043 1723 3372 1793 blasphemas
3407 1765 3423 1790 ,

158 1793 270 1847 τοῦ
331 1795 463 1848 Θεοῦ
527 1799 666 1866 είμι.
721 1819 740 1851 ι
807 1802 915 1855 Καὶ
977 1804 1082 1874 μὴν
1137 1808 1165 1858 ό
1222 1807 1421 1870 είπὼν,
1497 1811 1591 1863 καὶ
1649 1813 1746 1876 υἱὸς

1862 1811 1985 1879 quia
2033 1811 2188 1864 dixi:
2217 1810 2397 1866 Filius
2449 1812 2544 1866 Dei
2593 1829 2709 1866 sum
2742 1814 2788 1845 τί
2823 1853 2836 1867 .
2862 1793 2929 1867 Ει
2958 1828 3089 1868 sane
3143 1829 3268 1868 cum
3321 1816 3436 1869 haec

160 1884 466 1955 ἀνθρώπου
514 1885 602 1962 ἦν.
637 1889 791 1945 Οὕτω
832 1893 892 1946 τὸ
945 1896 1186 1963 πεφυκὸς
1235 1898 1494 1968 ἐκατέρου
1554 1902 1754 1970 ὀνόμα-

157 1989 263 2037 τος
335 1975 537 2047 θατέρᾳ.
594 1979 749 2046 φύσει
787 1981 1158 2052 ἀπονέμοντες
1221 1986 1442 2041 οὐτίπου
1489 1989 1754 2059 διασφαλ-

155 2066 401 2136 λόμεθα.
443 2068 598 2125 Ἐπεὶ
639 2073 818 2127 δὲκαὶ
851 2075 1008 2127 τοῦδε
1039 2076 1191 2140 τέλος
1222 2079 1444 2149 εἴληφεν
1485 2084 1517 2150 ὴ
1579 2084 1749 2154 φωνὴ.

155 2159 254 2223 τίς
300 2161 335 2229 ἡ
385 2160 640 2216 Θεοδότου
700 2163 813 2234 (4);
851 2183 870 2216 ‹
933 2166 1046 2230 Τάς
1088 2169 1197 2220 τῶν
1246 2171 1417 2239 ἁγίων
1468 2173 1609 2238 ίδέας
1653 2176 1752 2228 οὐκ

155 2253 222 2304 ἐν
278 2254 488 2306 εἰκόσιν
537 2254 799 2319 ὲξὺλικῶν
843 2259 1148 2329 χρωμάτων
1196 2263 1300 2316 ἀνα
1342 2266 1581 2334 μορφοῦν
1611 2285 1751 2337 παρ·

161 2345 483 2415 ειλήφαμεν
512 2364 526 2378 ·
572 2348 707 2402 ἀλλά
779 2349 877 2412 τὰς
914 2352 1118 2407 τούτων
1171 2355 1372 2426 ἀρετὰς
1412 2358 1500 2412 διὰ
1546 2359 1654 2412 τῶν
1693 2362 1749 2412 ὲν

155 2437 422 2504 Γραφαῖς
483 2440 611 2509 περὶ
659 2440 835 2493 αὐτῶν
891 2443 1254 2515 δηλουμένων,
1291 2443 1401 2501 οἷόν
1452 2468 1601 2514 τινας
1649 2453 1749 2521 ἐμ-

154 2529 381 2598 ψύχους
409 2531 628 2593 εἰκόνας
656 2533 1061 2602 ἀναμάττεσθαι
1102 2537 1461 2607 δεδιδάγμεθα
1490 2558 1504 2572 ο
1534 2544 1597 2595 ὲκ
1629 2542 1749 2595 τού-

156 2639 263 2674 του
318 2622 456 2691 πρὸς
495 2622 586 2674 τὸν
630 2623 815 2692 ὅμοιον
878 2627 1061 2690 αὐτοῖς
1119 2631 1509 2701 διεγειρόμενοι
1559 2632 1740 2702 ζῆλον.

172 2715 344 2768 Ἐπεὶ
402 2714 715 2770 εἰπάτωσαν
776 2719 825 2770 οἱ
886 2721 985 2784 τὰς
1038 2723 1251 2776 τοιάσδε
1319 2727 1745 2800 ἀναστὶηλοῦντες

163 2804 414 2876 μορφὰς,
450 2805 611 2869 ποίας
647 2808 754 2878 ἄρα
791 2812 855 2862 ὲκ
893 2810 1099 2864 τούτων
1127 2816 1566 2871 καταπολαύοιεν
1598 2818 1743 2884 ὠφε-

161 2896 324 2958 λείας
353 2913 366 2926 ·
395 2896 428 2965 ἢ
477 2899 534 2947 ἐν
574 2897 701 2970 ποίᾳ
731 2899 819 2953 διὰ
846 2900 945 2969 τῆς
986 2903 1190 2955 τούτων
1225 2906 1582 2975 ἀναμνήσεως
1608 2909 1740 2961 ἀνάε

160 3004 364 3056 γονται
405 2994 752 3062 πνευματικῇ
805 2992 1028 3064 θεωρίᾳ.
1070 2994 1209 3047 Ἀλλ’
1251 2996 1474 3066 εὔδηλον
1504 2998 1578 3060 ὼς
1639 3016 1744 3067 μα-

161 3079 295 3132 ταία
330 3081 608 3152 ἡτοιαύτη
655 3084 888 3145 ἐπίνοια,
952 3085 1047 3138 καὶ
1092 3085 1404 3156 διαβολικῆς
1457 3089 1742 3158 μεθοδείας

1859 1901 2083 1964 diceret,
2126 1901 2268 1955 ﬁlius
2303 1905 2465 1956 etiam
2521 1903 2758 1957 hominis
2790 1903 2915 1957 fuit.
2949 1902 3039 1958 Sic
3099 1903 3245 1972 quod
3306 1920 3434 1974 pro-

1859 1992 2038 2059 prium
2065 2003 2149 2048 est
2179 1993 2496 2049 alterutrius
2531 1995 2914 2065 appellationis
2942 1996 3189 2051 alterutri
3224 2007 3435 2051 natura

1858 2083 2178 2149 tribuentes,
2211 2098 2242 2137 a
2303 2099 2430 2138 vero
2470 2085 2788 2154 neutiquam
2834 2085 3174 2140 aberramus.
3205 2085 3434 2152 Quando

1859 2183 2038 2228 autem
2074 2183 2128 2230 et
2162 2175 2322 2244 hujus
2374 2190 2476 2229 vox
2507 2176 2667 2230 ﬁnem
2733 2180 2966 2246 accepit,
2995 2177 3110 2246 jam
3160 2177 3428 2232 Theodoti

1857 2282 2103 2336 quaenam
2136 2268 2264 2322 est?
2291 2285 2310 2318 ι
2346 2265 2672 2322 Sanctorum
2706 2269 2856 2326 ideas
2887 2285 2994 2324 non
3013 2270 3066 2324 ln
3101 2269 3430 2341 imaginibus

1855 2374 1920 2412 ex
1983 2360 2190 2414 crassis
2249 2361 2526 2417 coloribus
2576 2359 2883 2415 informare
2947 2363 3427 2432 aceepimus,sed

1855 2454 2168 2506 eorumdem
2194 2453 2419 2508 virtutes
2451 2469 2547 2523 per
2569 2467 2634 2507 ea
2662 2468 2786 2522 qua:
2819 2454 2885 2508 de
2913 2454 3048 2523 ipsis
3082 2455 3428 2509 declarantur

1854 2544 1910 2597 in
1940 2543 2113 2598 sacris
2147 2542 2464 2612 Scripturis,
2497 2545 2653 2614 quasi
2695 2549 2964 2615 quasdam
2989 2547 3261 2600 animatas
3290 2547 3430 2600 ima-

1853 2633 2005 2703 gines
2037 2635 2342 2703 exprimere
2369 2637 2548 2689 edocti
2618 2650 2829 2700 sumus,
2864 2651 2930 2690 ex
2962 2651 3072 2705 quo
3129 2637 3244 2705 pari
3299 2651 3424 2690 cum

1852 2725 1984 2795 ipsis
2030 2725 2211 2780 studio
2244 2727 2554 2781 incitamur.
2589 2726 2779 2780 Dicant
2806 2727 3000 2781 deinde
3024 2728 3117 2796 qui
3154 2727 3288 2780 tales
3309 2725 3424 2780 ior-

1852 2831 2064 2870 marum
2095 2816 2296 2886 elIigies
2321 2817 2557 2886 erigunt,
2586 2831 2750 2887 quem
2787 2833 2851 2874 ex
2887 2818 2996 2872 illis
3040 2817 3274 2887 denique
3311 2817 3426 2872 l‘ru-

1852 2920 1998 2962 ctum
2032 2920 2438 2979 consequantur
2469 2926 2488 2964 :
2513 2919 2606 2965 aut
2631 2911 2697 2966 ad
2724 2927 2887 2980 quam
2923 2925 2988 2966 ex
3012 2926 3198 2965 earum
3231 2911 3425 2964 admo-

1851 2999 2060 3054 nitione
2078 3000 2379 3069 spiritalem
2411 3003 2925 3072 contemplationem
2953 3011 3260 3071 assurgant.
3317 3001 3423 3056 Sed

1849 3091 2195 3161 perspicuum
2254 3103 2338 3148 est
2386 3093 2606 3148 inanem
2661 3094 2929 3164 ejusmodi
2972 3095 3421 3164 excogitationem

161 3169 407 3240 εὕρεμα.
455 3190 472 3222 i
504 3173 679 3235 Εὐθὺς
709 3175 740 3244 ή
775 3174 962 3244 eam;
1005 3175 1099 3229 τοῦ
1163 3178 1320 3247 λόγου
1351 3181 1410 3233 οὐ
1443 3184 1740 3254 νεμεσητὴ,

1855 3195 1988 3246 esse,
2028 3191 2083 3236 et
2129 3183 2410 3238 diabolicae
2441 3185 2575 3239 artis
2608 3184 2888 3239 inventum
2919 3185 3016 3238 τ’.»
3079 3184 3200 3238 Non
3241 3183 3425 3239 statim

162 3260 340 3312 εἶκαὶ
384 3260 492 3314 τῶν
550 3262 747 3334 ἑφεξῆς
792 3266 1006 3320 ἀτόπων
1050 3276 1528 3343 κατασκευαστική
1566 3291 1579 3302 ·
1622 3277 1744 3328 ἐπεὶ

162 3351 262 3403 καὶ
315 3352 505 3405 πολλοὶ
556 3355 664 3407 τῶν
722 3357 885 3426 ἱερῶν
927 3358 1262 3414 διδασκάλων
1320 3364 1419 3433 τῆς
1468 3366 1747 3437 είκονικῆς

163 3441 300 3506 θέας
328 3445 430 3514 τὴν
448 3446 719 3514 διαλόγων
734 3449 972 3516 ἱστορίαν
989 3453 1344 3522 προύργιαιτέ
1356 3472 1453 3524 ραν
1469 3456 1706 3511 τίθενται
1729 3475 1741 3487 ·

161 3533 224 3584 οὐ
241 3534 628 3599 διαϐάλλοντες
649 3539 746 3607 τὴν
770 3539 1004 3610 θατέραν
1037 3560 1052 3574 ο
1079 3543 1256 3614 ἕτεροι
1309 3547 1365 3599 δὲ
1386 3547 1445 3599 τὸ
1474 3548 1710 3617 ἔμπαλιν
1728 3567 1742 3581 ο

162 3622 279 3691 ἔχοι
299 3625 359 3676 δὲ
390 3626 450 3677 τὸ
476 3626 612 3690 ίσον,
641 3628 785 3680 καθά
815 3647 976 3698 φησιν
1002 3635 1030 3685 ό
1075 3635 1248 3703 μέγας
1275 3637 1578 3702 Βασίλειος·
1610 3659 1628 3690 α
1678 3642 1746 3693 Ἃ

162 3713 275 3782 γὰρ
303 3717 334 3767 ό
357 3715 518 3782 λόγος
539 3717 639 3784 τῆς
667 3719 905 3789 ἱστορίας
935 3721 998 3772 δι’
1027 3725 1199 3793 ἀκοῆς
1221 3729 1542 3798 παρίστησι,
1575 3728 1746 3782 ταῦτα

161 3807 419 3877 γραφικὴ
461 3809 725 3863 σιωπῶσα
751 3811 840 3864 διὰ
877 3817 1162 3885 μιμήσεως
1194 3819 1458 3874 δείκνυσι.
1489 3839 1508 3872 ›
1545 3822 1653 3876 Καὶ
1685 3825 1744 3875 οὐ

165 3897 376 3961 πάντες
427 3895 739 3970 ζωγράφοι,
795 3903 914 3956 οὐδὲ
970 3905 1170 3970 πάντες
1213 3908 1545 3980 λογογράφοι
1577 3931 1590 3944 ο
1630 3915 1746 3967 ἀλλ’

165 3991 389 4062 ἑκάστῳ
419 3991 494 4053 ὡς
524 3995 552 4044 ὁ
593 3992 723 4057 Θεὸς
770 3996 994 4066 ἐμέρισε
1043 4000 1242 4069 μέτρον
1295 4003 1537 4072 χάριτος.
1576 4007 1739 4061 Ὥστε

164 4082 323 4150 τήνδε
353 4084 454 4154 τὴν
477 4085 737 4155 πρότασιν
768 4089 986 4158 παρεὶς,
1015 4089 1219 4160 λεγέτω
1236 4094 1334 4166 τὴν
1357 4096 1503 4166 ἑξῆς·
1540 4117 1558 4149 ι
1595 4099 1748 4153 Ἐπεὶ

165 4173 485 4229 εἰπάτωσαν
537 4179 585 4231 οῐ
628 4178 725 4242 τὰς
776 4181 986 4234 τοιάσδε
1025 4186 1458 4258 ἀναστηλοῦντες
1493 4191 1707 4261 μορφὰς
1731 4231 1746 4251 ,

166 4265 328 4330 ποίας
364 4271 430 4321 ὲκ
471 4269 677 4324 τούτων
733 4272 839 4342 ἄρα
887 4279 1316 4332 καταπολαύοιεν
1363 4281 1630 4351 ὡφελείας
1662 4301 1676 4315 ·
1709 4285 1739 4355 ἢ

165 4356 224 4407 ὲν
261 4359 396 4430 ποίᾳ
449 4361 542 4413 διὰ
601 4362 698 4431 τῆς
759 4363 963 4417 τούτων
1022 4370 1383 4443 ἀναμνήσεως
1448 4375 1737 4443 ἀνάγονται

167 4456 519 4522 πνευματικῇ
564 4454 786 4525 θεωρία.
825 4474 844 4507 ι

250 4632 676 4704 Ἀντερωτάσθω
698 4632 790 4690 οὖν
821 4637 850 4690 ό
879 4638 1143 4704 γεννάδας
1175 4658 1191 4676 ο
1226 4642 1390 4695 ποίαν
1412 4644 1522 4714 γὰρ
1551 4645 1736 4717 ὄνησιν

1844 3273 2348 3342 reprehendendum
2378 3277 2642 3331 orationis
2658 3277 2946 3331 exordium
2979 3284 3083 3340 est,
3118 3277 3220 3331 etsi
3279 3277 3423 3331 viam

1852 3363 2061 3417 muniat
2105 3365 2172 3417 ad
2228 3365 2464 3420 absurda
2509 3382 2634 3436 quin
2671 3377 3087 3437 consequuntur
3118 3385 3132 3421 ι
3169 3367 3422 3437 quando-

1849 3456 2069 3525 quidem
2115 3464 2169 3510 et
2203 3458 2355 3512 multi
2402 3472 2432 3512 e
2485 3459 2660 3513 sacris
2691 3459 3006 3514 doctoribus
3059 3459 3424 3514 narrationem

1849 3564 1971 3619 qua:
1999 3564 2129 3604 voce
2159 3550 2240 3615 ﬁt,
2273 3551 2544 3606 utiliorem
2585 3551 2922 3606 arbitrantur
2978 3560 3202 3622 aspectu
3234 3553 3426 3624 imagi-

1845 3659 1998 3707 num,
2021 3659 2196 3712 neque
2224 3645 2367 3699 hunc
2390 3653 2569 3699 tamen
2605 3643 2912 3713 vituperant
2939 3662 2954 3711 ;
3031 3645 3123 3699 alii
3156 3661 3282 3700 vero
3310 3647 3426 3701 vice

1844 3751 2020 3789 versa.
2053 3735 2157 3790 Sed
2207 3738 2427 3806 perinde
2473 3747 2574 3803 est,
2627 3746 2688 3791 ut
2743 3754 2974 3809 magnus
3004 3740 3080 3792 ait
3137 3739 3421 3795 Basilius:

1853 3847 1871 3880 ι
1900 3827 2034 3883 Nam
2053 3845 2172 3898 qua:
2195 3831 2528 3886 narrationis
2555 3845 2734 3886 sermo
2773 3847 2868 3902 per
2908 3833 3156 3886 auditum
3192 3834 3413 3902 ingerit,

1847 3921 1951 3975 hoc
1990 3922 2199 3990 pictura
2228 3922 2392 3977 silens
2418 3937 2512 3992 per
2545 3924 2907 3978 imitationem
2942 3924 3267 3978 ostendit".
3304 3942 3323 3975 ι
3354 3927 3425 3978 At

1849 4026 1949 4068 nec
1981 4026 2168 4067 omnes
2205 4014 2456 4082 pictores,
2498 4029 2598 4069 nec
2624 4030 2814 4069 omnes
2843 4027 2971 4070 sunt
3015 4025 3259 4073 oratores
3289 4034 3302 4070 :
3328 4017 3425 4070 sed

1849 4113 2010 4172 prout
2069 4105 2363 4174 unicuique
2427 4105 2570 4162 Deus
2619 4109 2805 4178 gratia
2861 4108 3084 4163 modum
3142 4109 3420 4178 impertiit.

1846 4198 2046 4264 Quare,
2071 4197 2271 4251 omissa
2302 4199 2405 4252 hac
2447 4201 2833 4268 propositione,
2864 4200 2930 4253 ad
2964 4207 3276 4269 sequentem
3327 4217 3424 4256 ve-

1847 4290 1981 4343 niat.
2017 4308 2037 4340 ι
2067 4288 2264 4344 Dicant
2294 4289 2490 4345 deinde
2539 4291 2632 4360 qui
2687 4292 2824 4346 tales
2866 4292 3166 4346 formarum
3219 4291 3420 4361 effigies

1843 4394 1937 4434 aut
1965 4381 2031 4434 ad
2063 4397 2224 4450 quam
2248 4398 2313 4436 ex
2347 4397 2536 4436 earum
2566 4384 2938 4437 admonitione
2973 4383 3268 4452 spiritalem
3304 4386 3420 4438 eri-

1841 4480 2003 4541 gunt,
2036 4487 2195 4539 quem
2227 4489 2291 4527 ex
2321 4473 2422 4529 illis
2453 4475 2688 4544 denique
2713 4475 2948 4530 fructum
2982 4485 3415 4546 consequantur:

1769 4545 1822 4604 D
1848 4565 2358 4632 contemplationem
2392 4575 2704 4634 assurgant.
2748 4584 2767 4616 ι

1917 4654 2279 4727 interrogetur
2309 4660 2550 4713 vicissim
2577 4659 2658 4712 vir
2684 4668 2961 4721 strenuus,
2990 4659 3114 4728 quis
3156 4674 3265 4712 non
3296 4659 3421 4712 inde

166 4721 263 4774 καὶ
293 4725 448 4793 ἱερὰν
474 4725 708 4796 θεωρίαν
740 4730 839 4783 οὐκ
884 4730 1029 4783 ἔστιν
1055 4734 1305 4788 ἐντεῦθεν
1340 4736 1636 4806 εὑρέσθαι;
1675 4740 1736 4792 Et

1855 4742 2068 4813 Tructus,
2095 4764 2216 4817 qua:
2262 4764 2368 4802 non
2400 4749 2483 4817 pia
2520 4749 2906 4818 contemplatio
2947 4749 3176 4803 oriatur.
3204 4747 3340 4802 Nam
3372 4752 3417 4804 si

168 4813 276 4884 γὰρ
299 4816 441 4887 αῦτη
476 4818 637 4886 φύσις
666 4823 893 4888 εἰκόνος,
930 4825 1154 4894 μίμημα
1187 4823 1328 4880 εἷναι
1358 4827 1451 4880 τοῦ
1505 4830 1739 4900 ἀρχετύ-

1864 4839 2094 4906 maginis
2114 4813 2322 4893 natura
2356 4813 2438 4892 est
2493 4847 2550 4892 ut
2583 4841 2654 4893 sit
2689 4841 2973 4911 archetypi
3019 4840 3372 4894 simulacrum
3399 4879 3416 4900 .

171 4919 294 4967 που,
321 4907 469 4962 καθά
499 4926 665 4979 φησιν
702 4912 730 4963 ὁ
757 4914 1016 4982 Θεολόγος
1058 4915 1352 4988 Γρηγόριος
1389 4935 1404 4949 ⁸

169 4995 336 5049 εἰκόνι
357 4999 420 5052 τὸ
445 5002 759 5071 ἀρχέτυπον
789 5006 1129 5074 ὲκφαίνεται,
1159 5011 1304 5063 καθά
1340 5028 1503 5082 φησιν
1529 5013 1557 5064 ό
1606 5014 1744 5066 πάν-

170 5099 331 5155 carpo;
383 5093 663 5158 Διονύσιος
700 5113 712 5125 ·
775 5097 932 5168 δῆλον
988 5101 1070 5153 ὃτι
1115 5103 1176 5154 ἐκ
1228 5101 1322 5154 τοῦ
1376 5105 1736 5174 μιμήματος,

237 5203 280 5234 ⁶’
318 5204 479 5263 Joan.
515 5225 586 5274 vr,
621 5210 707 5265 58.
798 5213 844 5244 ⁷⁸
866 5211 1026 5267 Joan.
1061 5229 1160 5278 ut,
1204 5215 1293 5270 40.

171 5282 454 5346 martyres,
481 5281 660 5347 initio,
698 5292 736 5336 t.
770 5281 812 5348 Ι,
838 5299 961 5354 pag.
987 5285 1112 5339 527.

1391 5217 1434 5246 τ’
1483 5215 1640 5272 Joan.
1675 5235 1728 5283 x,
1763 5218 1851 5272 56.

1450 4920 1544 4972 καὶ
1575 4922 1632 4972 ἐν
1672 4925 1738 4992 τῇ
1841 4929 2298 4997 quemadmodum
2356 4932 2432 4984 ait
2496 4932 2787 5001 Gregorius
2846 4932 3202 5001 Theologus,
3250 4941 3304 4986 et
3360 4933 3416 4987 in

1846 5019 2083 5089 imagine
2132 5023 2482 5091 archetypum
2533 5025 2798 5088 cernitur,
2852 5033 2912 5079 ut
2971 5025 3416 5094 sapientissimus

1851 5108 2145 5180 Dionysius
2178 5112 2418 5181 loquitur
2453 5130 2466 5165 :
2504 5114 2851 5182 perspicuum
2881 5123 2965 5169 est
2993 5129 3060 5168 ex
3094 5113 3417 5176 simulacro,

1958 5220 2003 5253 ’¹
2040 5220 2247 5276 Coneil.
2276 5221 2478 5276 Nicazni
2509 5239 2568 5289 ii,
2605 5233 2710 5278 act.
2739 5224 2791 5278 6.
2887 5225 2932 5256 ⁷³
2968 5222 3122 5278 Hom.
3153 5220 3223 5275 20
3261 5221 3313 5276 in
3347 5223 3421 5282 40

1682 5379 1918 5435 NOTAE.

240 5460 315 5523 (4)
357 5463 411 5537 In
442 5467 569 5522 cod.
608 5467 737 5537 Reg.
773 5470 839 5524 ad
873 5485 1024 5525 oram
1049 5471 1171 5526 libri
1211 5491 1224 5526 :
1267 5471 1463 5524 ’ἰστέον
1506 5471 1581 5534 ὡς
1606 5473 1737 5525 Θεό-

228 5545 305 5582 τοι
331 5536 607 5614 τέσσαρες,
631 5536 734 5614 ὑπὸ
764 5540 856 5593 τοῦ
889 5542 1379 5614 ἀγίουᾼίΣωφρονίου
1399 5544 1733 5614 ἀναθεματί-

172 5591 350 5680 ςρνταιι
559 5591 610 5680 oti
643 5609 741 5675 μὲν
779 5591 1240 5680 τρεῖξπρόδηλξιῗ·
1273 5614 1299 5664 ὁ
1325 5611 1378 5662 δὲ
1411 5608 1489 5673 εἷς
1518 5591 1730 5664 ἀξώνυ-

175 5677 289 5750 ξρςν
317 5673 421 5750 ξξπδ
461 5678 519 5750 δε
574 5673 759 5750 ὲ-τέοου
815 5673 1038 5749 πατρὸς.
1070 5673 1143 5744 ὡς
1189 5683 1451 5748 ἀνέγνων,
1480 5683 1733 5745 Θεόδοτος

197 5734 456 5814 Αγκύρων
491 5735 858 5820 διαϐέϐληται.
891 5734 1170 5806 ὃὲἰέιιιίιιῖη
1195 5734 1270 5808 est
1299 5734 1538 5821 quatuor
1566 5751 1606 5804 Τ
1609 5734 1728 5807 lico:

1843 5478 1997 5533 dolos
2019 5496 2050 5533 a
2085 5489 2264 5533 sancto
2287 5479 2582 5547 Sophronia
2599 5479 3047 5533 anathematizari
3077 5495 3137 5531 ac
3167 5487 3270 5533 tres
3290 5480 3415 5548 qui-

1847 5550 1963 5601 dem
1999 5552 2110 5602 noti
2144 5561 2306 5602 sunt:
2339 5551 2420 5602 hic
2461 5562 2632 5604 autem
2662 5567 2795 5603 unus
2839 5551 2949 5603 sine
2995 5551 3318 5617 cognomine,
3347 5551 3412 5605 ab

1843 5619 2010 5674 altera
2041 5621 2215 5674 Patre.
2239 5621 2370 5671 sicut
2396 5622 2516 5690 legi,
2550 5620 2843 5689 infamatur
2864 5629 3115 5689 tanquam
3148 5621 3216 5673 sit
3241 5617 3410 5673 Theo.

1842 5690 1996 5746 dotus
2029 5691 2361 5758 Ancyranus.
