3990 6318
540 286 680 351 1219

1726 286 1787 346 S.
1819 281 2215 345 THEODORI
2254 282 2605 346 STUDIT/E

3670 271 3816 336 1220

536 399 641 454 ἰιοο
669 406 776 463 est,
811 411 878 452 ex
924 395 1162 465 imagine
1191 410 1442 468 magnam
1475 395 1763 451 utilitatem
1794 396 2019 466 percipi,
2048 408 2140 453 ac.

2232 396 2386 466 ίιγουν
2416 396 2646 459 εἰκόνος,
2672 391 2810 446 πολὺ
2844 390 2905 444 τὸ
2945 390 3140 460 ὃφελος
3171 389 3392 461 πρόεισι
3422 400 3440 418 ⁸
3473 388 3576 440 καὶ
3599 385 3691 439 διὰ
3714 385 3815 439 τοῦ

534 504 635 559 per
660 488 1011 543 simulacrum
1042 487 1308 543 exsistere
1349 487 1712 557 multiplicem
1742 486 2118 549 circaarche-

539 589 724 650 typum
749 579 948 633 mentis
1009 578 1544 647 contemplationem.
1579 578 1659 631 Ac
1703 578 1856 632 testis
1886 575 2105 646 quidem

537 668 759 724 divinus
786 667 1041 734 Basilius,
1083 668 1282 725 alicubi
1333 669 1558 723 dicens:
1594 687 1612 719 ι
1658 666 1917 738 Imaginis
1955 666 2121 719 honor

540 761 610 814 ad
645 769 984 829 prototypum
1014 761 1251 813 ascendit
1273 760 1342 816 ".
1378 779 1401 812 ι
1437 760 1494 813 Si
1527 759 1772 815 ascendit
1828 770 2033 821 autem,
2068 766 2125 813 et

540 828 839 905 descendit,
869 828 1013 906 hatid
1047 851 1212 906 dubie
1275 852 1341 905 ad
1386 851 1683 921 imaginem
1741 866 1773 905 a
1802 859 2115 921 prototypo.

538 939 712 995 Nemo
748 955 880 996 vero
903 940 976 995 ita
1008 941 1207 1009 desipit
1228 949 1287 995 ut
1316 940 1462 995 dicat
1493 942 1756 995 honorem
1777 941 1981 995 nullius
2005 954 2126 994 esse

543 1030 817 1099 utilitatis,
850 1042 941 1086 aut
970 1031 1321 1086 simulacrum
1350 1047 1459 1085 non
1514 1047 1634 1086 esse
1665 1031 1741 1085 rei
1806 1030 2126 1086 assimilatre

540 1135 855 1189 expressam
887 1121 1138 1191 elIigietn,
1193 1121 1266 1175 ita
1303 1130 1364 1176 ut
1421 1122 1652 1175 alterum
1688 1121 1744 1175 in
1787 1120 1960 1175 altero
2015 1122 2125 1185 sit,

537 1213 694 1279 juxta
746 1213 988 1267 divinum
1039 1211 1356 1283 Dionysium
1388 1229 1402 1265 :
1434 1228 1543 1282 quo
1604 1212 1734 1281 quid
1768 1227 1889 1267 esse
1940 1212 2127 1267 utilius

544 1312 723 1374 potest
747 1305 829 1358 vel
860 1304 926 1357 ad
972 1304 1229 1359 sublimia
1291 1303 1475 1357 animo
1511 1302 1928 1373 contemplanda
1959 1305 1971 1357 ἰ
2033 1305 2130 1359 Est

542 1397 687 1450 enim
718 1398 1126 1466 repraesentatio
1154 1398 1255 1467 ipsi
1320 1411 1501 1451 rerum
1560 1397 1807 1467 aspectui
1842 1412 1981 1465 par:
2045 1406 2131 1452 est

545 1488 746 1558 imago,
781 1499 838 1542 ut
888 1490 1108 1557 proprio
1153 1489 1409 1558 exemplo
1466 1498 1613 1555 utar,
1666 1490 1734 1543 ad
1764 1489 1898 1544 solis
1952 1488 2128 1543 lucem

544 1583 698 1652 quasi
731 1582 873 1636 lunae
904 1585 1017 1635 lux.
1057 1583 1273 1653 Alioqui
1298 1583 1342 1637 si
1378 1598 1463 1636 res
1492 1598 1651 1637 secus
1680 1583 1858 1647 habet,
1888 1582 2017 1652 quid
2042 1598 2133 1637 ve-

545 1674 751 1730 teribus
780 1674 1189 1728 tabernaculum
1225 1674 1521 1729 testimonii
1551 1672 1777 1743 profuit,
1815 1673 1961 1743 quod
2028 1673 2132 1727 fuit

544 1763 849 1819 caelestium
916 1763 1267 1817 simulacrum
1294 1763 1317 1816 ?
1340 1761 1476 1816 Nam
1506 1772 1560 1817 et
1608 1762 1719 1816 illic
1751 1778 1874 1817 cum
1917 1763 2127 1818 caeteris
2162 1754 2200 1807 Β

544 1854 843 1909 Cherubim
904 1854 1089 1922 gloria:
1151 1854 1599 1922 propitiatorium
1677 1854 2074 1924 obtegchant"
2110 1890 2126 1917 ,

545 1944 653 1999 hoc
708 1952 812 2007 est,
848 1942 1113 2013 imagines
1148 1944 1386 1999 humana
1416 1944 1774 2001 similitudine
1821 1960 2123 2015 expressae:

547 2051 738 2091 omnes
801 2035 866 2089 ad
912 2044 1145 2089 mentem
1206 2051 1423 2090 sursum
1464 2038 1814 2092 attollendam
1867 2047 2043 2108 aptae,
2077 2046 2131 2091 et

549 2127 1038 2196 contemplationes
1075 2128 1413 2183 adorationis
1457 2129 1509 2182 in
1546 2129 1763 2199 spiritu.
1798 2128 2023 2183 Frustra
2045 2144 2131 2183 ve-

548 2235 612 2275 ro
637 2221 815 2285 nobis,
842 2220 1144 2276 secundum
1177 2220 1323 2275 illam
1370 2222 1821 2291 propositionem,
1851 2232 1905 2276 et
1948 2222 2127 2293 imago

550 2313 737 2368 crucis
776 2329 791 2365 :
838 2311 1039 2366 frustra
1061 2321 1114 2366 et
1163 2328 1285 2381 quae
1317 2313 1561 2367 lanceam
1596 2331 1609 2365 :
1670 2313 1873 2368 frustra
1904 2326 1958 2369 et
2012 2333 2134 2386 quae

552 2406 833 2477 spongiam
862 2412 1213 2475 repraesentat
1243 2424 1257 2459 :
1293 2406 1559 2474 siquidem
1591 2415 1645 2459 et
1683 2406 1797 2461 haec
1844 2408 2134 2465 simulacra

555 2506 705 2561 sunt,
749 2497 851 2553 etsi
893 2513 1005 2552 non
1052 2496 1305 2551 humanae
1357 2498 1769 2552 similitudinis:
1822 2498 2029 2555 frustra
2081 2511 2137 2555 et

555 2604 895 2659 quaecunque
943 2588 1048 2642 alia
1105 2588 1456 2645 sensibilibus
1502 2590 1855 2660 imaginibus,
1902 2602 1960 2647 ut
2012 2608 2134 2648 cum

558 2680 821 2753 Dionysio
849 2683 1042 2749 loquar
1062 2681 1106 2713 ⁷⁵
1145 2721 1161 2748 ,
1199 2681 1359 2736 nobis
1394 2691 1524 2736 sunt
1573 2683 1771 2737 tradita
1802 2703 1814 2738 :
1876 2700 1974 2754 per
2015 2700 2137 2755 qua:

556 2776 624 2829 ad
662 2773 1075 2843 intelligibilem,
1124 2774 1304 2843 quoad
1338 2774 1458 2845 ejus
1487 2774 1601 2830 ﬁeri
1652 2784 1850 2845 potest,
1907 2778 2086 2847 inquit
2119 2814 2134 2843 ,

559 2863 1085 2931 contemplationem
1120 2866 1484 2933 assurgimus.

666 2952 869 3007 Deinde
901 2967 1029 3006 vero
1046 2960 1100 3006 et
1117 2968 1222 3007 una
1247 2968 1276 3007 e
1296 2953 1539 3024 quinque
1564 2954 1761 3010 animae
1787 2956 2139 3014 facultatibus

559 3046 849 3116 phantasia
884 3055 970 3101 est
1006 3064 1020 3100 :
1061 3045 1348 3117 phantasia
1373 3061 1503 3102 vero
1528 3047 1708 3117 imago
1742 3050 1991 3117 quaedam
2032 3065 2142 3103 me-

562 3140 668 3194 rito
735 3140 1029 3194 videatur:
1065 3147 1360 3211 utrumque
1410 3140 1556 3195 enim
1623 3141 1978 3198 simulacrum
2034 3154 2140 3198 est.

562 3231 680 3285 Non
711 3231 918 3286 inutilis
942 3231 1106 3303 igitur
1130 3232 1331 3303 imago,
1362 3249 1484 3304 quae
1510 3235 1895 3304 sitphantasiae
1920 3238 2142 3295 similis.

562 3323 717 3389 Quod
748 3324 795 3378 si
856 3323 1071 3379 inutilis
1110 3338 1175 3378 ea
1213 3332 1299 3380 est
1356 3341 1478 3395 quae
1544 3328 1914 3395 praestantior,
1973 3329 2146 3384 multo

563 3418 751 3485 utique
777 3415 947 3484 magis
981 3430 1044 3471 ea
1072 3430 1196 3486 qua:
1254 3416 1510 3481 deterior,
1548 3418 1747 3473 frustra
1779 3428 1985 3475 natura
2012 3437 2147 3475 con-

566 3507 768 3577 gcnita.
808 3508 887 3562 Ac
919 3507 964 3560 si
989 3506 1216 3571 frustra,
1247 3507 1451 3576 pariter
1488 3519 1542 3563 et
1570 3524 1692 3579 qua:
1742 3520 1870 3565 sunt
1901 3511 2145 3581 ejusdem

566 3614 692 3653 cum
724 3598 813 3652 illa
866 3596 1097 3663 ordinis,
1134 3612 1350 3664 sensus,
1383 3600 1593 3669 opinio,
1645 3600 1925 3671 cogitatio,
1971 3618 2144 3658 mens.

570 3690 663 3747 Sic
716 3690 925 3745 ratione
1002 3691 1231 3762 physica
1286 3703 1450 3747 utens
1539 3692 1719 3747 oratio
1798 3692 2145 3762 insipientem

566 3782 827 3849 ostendit,
867 3784 1039 3853 magis
1075 3784 1337 3853 probabili
1372 3784 1853 3855 contemplatione,
1895 3785 2149 3856 imaginis

568 3878 687 3933 sive
732 3876 1037 3946 phantasiae
1095 3884 1549 3946 contemptorem.
1620 3877 1732 3949 Ego
1769 3892 1901 3932 vero
1950 3887 2005 3932 et
2042 3878 2150 3931 alio

570 3968 797 4026 nomine
843 3968 1191 4038 phantasiam
1253 3970 1448 4023 miror.
1485 3969 1654 4024 Aiunt
1700 3970 1846 4024 enim
1899 3971 2148 4026 nonnulli

574 4062 857 4117 mulierem
887 4062 1081 4116 hausta
1114 4060 1389 4133 Ethiopis
1457 4063 1691 4135 imagine
1724 4065 1828 4120 sub
1863 4065 1981 4133 ipso
2013 4081 2151 4121 con-

572 4151 1103 4222 ceptuJEthiopem
1173 4154 1470 4223 peperisse.
1534 4154 1726 4212 Simile
1765 4157 2024 4227 quiddam
2085 4158 2153 4213 de

574 4246 884 4315 patriarcha
913 4241 1080 4298 Jacob
1143 4254 1396 4298 narratur
1428 4245 1481 4299 in
1533 4246 1813 4316 virgarum
1851 4249 2153 4304 decortica-

577 4335 781 4390 tione"
811 4352 829 4397 ;
860 4346 972 4404 quo
1010 4349 1081 4389 ex
1130 4333 1272 4401 visu,
1303 4324 1439 4390 varii
1490 4337 1690 4393 coloris
1728 4353 1924 4407 pecora
1967 4355 2155 4395 nasce-

2224 490 2541 560 μιμήματος
2572 486 2801 556 πλείστη
2826 485 2919 538 ὲπὶ
2944 484 3004 537 τδ
3043 481 3348 552 ἀρχέτυπον
3384 480 3418 550 ἡ
3449 478 3815 547 πνευματική

2223 580 2428 649 θεωρία
2463 580 2660 634 ἄνεισι.
2691 578 2801 632 Καὶ
2844 576 3058 646 μάρτυς
3095 574 3123 626 ό
3150 572 3311 636 αὐτὸς
3344 570 3488 633 θεῖος
3522 569 3816 631 Βασίλειος

2222 664 2323 726 ὦδὲ
2357 689 2459 725 που
2490 671 2664 739 λέγων
2698 687 2710 700 ’
2742 687 2761 720 ι
2812 668 2877 722 Ἦ
2906 668 3005 737 τῆς
3027 667 3234 728 εἰκόνος
3270 662 3406 734 τιμὴ
3429 661 3524 714 ἐπὶ
3562 660 3625 713 τὸ
3656 676 3817 729 πρω-

2223 768 2456 821 τότυπον
2486 764 2791 819 ἀναϐαίνει.
2831 780 2850 814 ι
2889 762 2952 814 Εἰ
2984 761 3040 813 δὲ
3079 756 3384 816 ἀναϐαίνει,
3413 755 3511 807 καὶ
3559 751 3818 806 κάτεισιν

2226 859 2447 928 εὔδηλον
2491 857 2586 911 ἐπὶ
2636 856 2735 925 τὴν
2769 853 2955 906 εἰκόνα
2986 850 3094 905 ἀπὸ
3121 848 3217 902 τοῦ
3263 838 3657 917 πρωτοτύπου.
3696 844 3817 896 Οὐκ

2228 952 2294 1006 ἂν
2327 951 2384 1003 δέ
2414 968 2495 1013 τις
2524 947 2862 1018 ἀνοηταίνων
2902 943 3156 1012 ἀνωφελῆ
3208 941 3306 1013 τὴν
3336 940 3505 1010 τιμὴν
3536 938 3762 991 εἴποιεν
3795 952 3811 965 ο

2227 1043 2334 1096 οὐδ’
2377 1039 2445 1096 αὖ
2479 1042 2537 1095 τὸ
2586 1040 2809 1111 μίμημα
2837 1038 2910 1108 μὴ
2938 1037 3060 1105 οὐχὶ
3103 1033 3199 1086 τοῦ
3249 1031 3636 1103 μεμιμημένον
3675 1030 3817 1081 ἁπο-

2228 1131 2465 1201 τύπωμα
2497 1146 2510 1158 ·
2536 1129 2611 1192 ὡς
2655 1124 2796 1181 εἶναι
2825 1127 3083 1194 ἑκάτερον
3124 1126 3182 1177 ὲν
3229 1121 3473 1192 ἑκατέρῳ
3517 1118 3664 1173 κατά
3720 1116 3816 1171 τὸν

2229 1224 2371 1277 Θεῖον
2404 1220 2679 1274 Διονύσιον
2703 1236 2715 1250 ·
2755 1213 2815 1271 οὗ
2856 1218 2908 1271 τί
2946 1218 3014 1270 ἂν
3045 1216 3256 1284 γένοιτο
3302 1211 3732 1283 ὠφελιμώτερόν
3753 1226 3815 1261 τε

2229 1316 2324 1370 καί.
2343 1312 2859 1382 άναγωγικώτερον;
2896 1311 3180 1379 Ἐμφασις
3231 1307 3340 1376 γάρ
3376 1306 3493 1356 ἐστι
3533 1302 3637 1372 τῆς
3679 1300 3821 1354 αὐτ-

2229 1410 2409 1479 οψίας,
2440 1407 2533 1461 καὶ
2566 1405 2866 1479 σεληνιαῖόν
2896 1420 2948 1455 τι
2992 1401 3130 1470 φῶς,
3162 1399 3251 1452 ἵνα
3285 1398 3379 1452 καί.
3406 1394 3593 1465 οἰκείῳ
3626 1410 3820 1463 παρα-

2230 1477 2480 1571 δείγματι
2519 1477 2832 1570 χρήσωμαι,
2886 1494 3022 1563 πρὸς
3069 1490 3295 1563 ἡλιακὸν
3347 1488 3462 1558 φῶς
3514 1487 3549 1557 ἡ
3595 1486 3815 1539 είκών’

2231 1596 2353 1649 ἐπεὶ
2381 1596 2427 1647 εί
2477 1594 2551 1663 μὴ
2608 1590 2787 1656 τοῦτο,
2822 1588 2874 1640 τί
2922 1586 3129 1655 ὀνίνησι
3176 1584 3304 1648 τοὺς
3342 1582 3513 1637 πάλαι
3556 1582 3590 1651 ὴ
3632 1577 3819 1648 σκηνὴ

2232 1686 2324 1740 τοῦ
2381 1683 2721 1756 μαρτυρίου,
2780 1681 3007 1751 μίμημα
3063 1671 3201 1730 οὖσα
3259 1676 3365 1729 τῶν
3415 1671 3817 1742 ὲπουρανίων;

2230 1780 2405 1832 Κάκεῖ
2431 1778 2539 1846 γὰρ
2566 1774 2703 1845 μετὰ
2730 1773 2841 1825 τῶν
2870 1772 3049 1825 ἄλλων
3080 1767 3363 1840 Χερουϐὶμ
3416 1765 3576 1835 δόξης
3634 1779 3819 1815 καταο

2231 1866 2523 1931 σκιάζοντα
2563 1864 2623 1917 τὺ
2663 1862 2971 1931 ἱλαστήριον
3003 1872 3018 1888 ⁸
3052 1859 3330 1911 τουτέστιν
3359 1855 3568 1916 εἰκόνες
3596 1853 3824 1920 ἀνθρω-

2231 1960 2500 2031 πομόρφῳ
2542 1957 2674 2017 εῖδει
2717 1951 3151 2023 διατυπούμεναι
3184 1967 3197 1979 ·
3242 1946 3566 2018 ἀναγωγικά
3608 1946 3819 2006 πάντα,

2186 2073 2195 2085 ·
2230 2052 2324 2105 καὶ
2358 2051 2457 2119 τῆς
2492 2051 2548 2101 ὲν
2584 2046 2853 2115 πνεύματι
2883 2044 3139 2114 λατρείας
3173 2041 3531 2111 θεωρήματα.
3602 2038 3814 2104 Μάτην

2229 2141 2286 2194 δὲ
2317 2141 2448 2209 ἡμῖν
2479 2138 2602 2190 ὅσον
2653 2135 2747 2187 ἐπὶ
2790 2136 2855 2204 τῇ
2902 2132 3082 2202 τοιᾷδε
3137 2131 3396 2201 προτάσει
3432 2130 3526 2180 καὶ
3568 2127 3603 2196 ἡ
3652 2143 3822 2178 σταυ-

2236 2231 2449 2303 ροειδὴς
2504 2228 2667 2281 εἰκών
2695 2242 2708 2257 ·
2749 2225 2929 2297 μάτην
2973 2224 3069 2278 καὶ
3113 2225 3145 2293 ὴ
3227 2218 3539 2290 λογχοειδής
3575 2234 3590 2248 ο
3630 2217 3819 2287 μάτην

2233 2323 2326 2375 καὶ
2359 2323 2392 2390 ἡ
2421 2318 2798 2388 σπογγοειδὴς.
2848 2315 3111 2385 Ἐπείπερ
3141 2312 3234 2365 καί
3259 2312 3434 2364 ταῦτα
3488 2311 3819 2380 μιμήματα,

2234 2415 2338 2468 κᾶν
2373 2416 2473 2468 οὐκ
2502 2412 2981 2481 ἀνθρωπόμορφα*
3010 2408 3188 2478 μάτην
3217 2404 3312 2458 καὶ
3340 2405 3441 2456 ὅσα
3461 2402 3598 2455 ἄλλα
3624 2400 3824 2471 αἰσθη-

2233 2508 2350 2569 ταῖς
2375 2506 2567 2565 εἱκόσι,
2601 2500 2970 2563 Διονυσιακῶς
3005 2499 3200 2562 εἰπεῖν,
3230 2495 3599 2568 παραδέδοται
3634 2495 3774 2563 ἡμῖν
3806 2510 3821 2525 ο

2234 2596 2300 2649 δι’
2315 2589 2388 2649 ὧν
2416 2595 2507 2647 ἐπὶ
2524 2594 2623 2657 τας
2655 2594 2850 2665 νοητὰς
2874 2588 3019 2645 κατὰ
3042 2589 3103 2643 τὸ
3120 2586 3367 2653 δυνατὸν,
3392 2585 3585 2657 φησὶν,
3619 2583 3824 2654 ἀναγόο

2240 2689 2379 2761 μεθα
2409 2688 2666 2759 θεωρίας.

2310 2961 2544 3013 Ἔπειτα
2576 2956 2671 3008 καί⁸
2722 2957 2753 3026 ἡ
2802 2954 2896 3023 μία
2924 2952 3033 3005 τῶν
3085 2951 3247 3004 πέντε
3281 2948 3382 3017 τῆς
3421 2946 3608 3017 ψυχῆς
3661 2946 3827 3000 δυνά-

2246 3069 2389 3123 μεων
2426 3053 2460 3122 ἡ
2497 3048 2765 3120 φαντασία
2792 3063 2805 3077 ο
2839 3045 3114 3116 φαντασία
3154 3043 3211 3096 δὲ
3260 3039 3431 3104 δόξειέ
3471 3056 3556 3099 τις
3614 3037 3784 3090 εἰκών
3813 3052 3827 3066 ⁸

2251 3146 2548 3216 ἰνδάλματα
2601 3143 2709 3214 γάρ
2756 3142 3067 3213 ἀμφότερα.
3128 3140 3243 3192 Οὐκ
3284 3137 3575 3207 ἀνωφελὴς
3637 3134 3751 3206 ἄρα
3795 3136 3827 3201 ἡ

2246 3239 2410 3294 εἰκὼν
2430 3242 2494 3309 τῇ
2528 3235 2801 3306 φαντασία
2835 3236 3066 3287 ἐοικυῖα.
3092 3232 3221 3284 Εἱδὲ
3248 3230 3531 3297 ἀνωφελὴς
3557 3230 3593 3299 ἡ
3616 3229 3831 3299 προύρ-

2248 3332 2521 3404 γιαιτέρα,
2558 3327 2739 3397 πολλῴ
2778 3322 2871 3379 οὖν
2910 3325 3111 3395 μᾶλλον
3155 3325 3187 3392 ἡ
3223 3321 3693 3392 ὑφειμενεστέρα,
3730 3318 3832 3387 μά-

2247 3444 2346 3498 την
2388 3422 2807 3493 συνυπάρχουσα
2851 3421 2914 3489 τῇ
2948 3418 3110 3487 φύσει
3142 3431 3157 3446 ⁶
3184 3416 3278 3467 καί⁸
3306 3417 3353 3466 εἰ
3395 3413 3602 3483 μάτην,
3633 3412 3735 3464 καὶ
3778 3412 3831 3463 αἰ

2250 3520 2520 3589 cdo-corvi
2545 3516 2736 3580 αὐτῆς,
2769 3512 3042 3583 αἴσθησις,
3068 3507 3216 3574 δόξα,
3235 3506 3464 3569 διάνοια,
3490 3503 3641 3567 νοῦς.
3675 3502 3831 3556 Οὕτω

2250 3609 2637 3682 φυσιολογῶνὸ
2675 3608 2833 3675 λόγος
2874 3606 3037 3659 ἄνουν
3085 3596 3417 3671 ὑπαγορεύει
3466 3596 3556 3650 διὰ
3595 3595 3831 3664 θεωρίας

2249 3702 2752 3772 ὲπαγωγικωτέρας
2785 3699 2877 3751 τὸν
2925 3699 3023 3767 τῆς
3077 3694 3284 3756 εἰκόνος
3343 3692 3463 3762 ἦτοι
3529 3688 3833 3758 φαντασίας

2251 3796 2628 3865 ὲξουδενωτήν.
2673 3791 2813 3861 Ἐγὼ
2846 3790 2901 3842 δὲ
2929 3790 3024 3843 καὶ
3055 3788 3230 3850 άλλως
3257 3786 3470 3856 ἄγαμαι
3495 3783 3599 3854 τὴν
3627 3798 3831 3853 φανταυ

2254 3890 2393 3942 σίαν.
2437 3889 2574 3940 Φασὶ
2605 3885 2714 3955 γάρ
2760 3899 2905 3946 τινες
2932 3882 3168 3949 γυναῖκα
3204 3878 3347 3931 κατά
3374 3876 3482 3928 ’τὸν
3512 3874 3833 3945 συλλήψεως

2251 3980 2441 4051 καιρὸν
2471 3977 2705 4031 Αἰθίοπα
2751 3975 3175 4047 φαντασθεῖσαν,
3226 3969 3460 4025 Αἰθίοπα
3518 3969 3834 4022 ἀποτεκεῖν.

2252 4071 2504 4126 Τοιοῦτον
2546 4072 2639 4123 καὶ
2670 4070 2732 4122 τὸ
2779 4068 2920 4121 κατὰ
2969 4068 3060 4120 τὸν
3109 4064 3458 4136 πατριάρχην
3501 4060 3706 4115 Ἰακὼὸ
3746 4060 3835 4114 ἐπὶ

2251 4160 2329 4232 τῷ
2356 4160 2465 4213 τῶν
2501 4158 2712 4233 ῥάϐδων
2744 4154 2997 4227 λεπισμῷ
3029 4172 3041 4185 ·
3072 4154 3131 4220 ἐξ
3150 4151 3217 4226 ἧς
3251 4151 3556 4222 φαντασίας
3587 4152 3835 4206 ὲποικίλ-

2251 4254 2404 4306 λοντο
2453 4253 2519 4306 τά
2561 4254 2617 4304 ὲν
2656 4253 2769 4315 τοῖς
2811 4249 3094 4321 θρέμμασι
3133 4249 3455 4317 τικτόμενα,
3487 4245 3611 4313 καὶ,
3654 4244 3703 4298 ὢ
3744 4245 3835 4297 τοῦ

2254 4346 2560 4417 θαύματοςί
2593 4345 2676 4397 ὅτι
2726 4341 3128 4414 πραγματικῆς
3178 4340 3462 4410 ἐνεργείας
3495 4340 3530 4409 ἡ
3575 4340 3837 4392 εἰκονοει-

576 4429 795 4494 bantur,
820 4437 893 4493 et,
925 4442 960 4483 ο
1006 4442 1120 4482 rem
1146 4426 1341 4481 miram
1374 4428 1387 4480 !
1423 4427 1642 4498 imagini
1691 4428 1889 4483 similis
1920 4428 2140 4499 phanta-

2255 4439 2351 4510 δὴς
2382 4436 2652 4506 φαντασία
2686 4428 2867 4488 ὦπται
2894 4433 3267 4497 ἀποτέλεσμα.
3316 4429 3455 4483 Ἀλλ’
3494 4429 3588 4483 ἐπὶ
3614 4430 3676 4483 τὸ
3706 4446 3840 4499 προ-

576 4521 659 4576 sia
691 4520 801 4574 vim
833 4518 1159 4574 eli'ectricem
1213 4517 1330 4575 visa
1365 4527 1452 4573 est
1484 4534 1916 4576 consummasse.
1957 4521 2062 4576 Sed
2085 4521 2140 4575 ad

2249 4530 2502 4600 κείμενον
2536 4531 2563 4582 ό
2590 4528 2748 4597 λόγος
2777 4544 2790 4556 ·
2831 4546 2848 4579 ι
2883 4525 3214 4579 Εἰπάτωσαν
3244 4524 3296 4575 οἱ
3325 4523 3424 4585 τὰς
3450 4522 3669 4575 τοιάσδε
3707 4521 3838 4575 ἀνα-

578 4613 921 4683 pr0positum
981 4618 1283 4666 revertatur
1340 4613 1515 4667 oratio
1550 4628 1566 4671 ;
1610 4610 1836 4667 «Dicant
1877 4614 1973 4683 qui
2015 4614 2153 4670 tales

580 4709 881 4763 formarum
933 4700 1136 4775 eﬂi‘gies
1196 4704 1438 4775 erigunt,
1471 4720 1635 4776 quem
1674 4719 1739 4760 ex
1783 4704 1891 4762 illis
1919 4706 2155 4777 denique

579 4801 818 4856 fructum
883 4806 1341 4867 consequantur:
1397 4805 1490 4850 aut
1524 4797 1590 4851 ad
1630 4811 1794 4867 quam
1854 4813 1922 4853 ex
1965 4813 2154 4854 earum

579 4889 951 4946 admonitione
973 4887 1270 4958 spiritalem
1297 4887 1811 4957 contemplationem
1853 4890 2157 4958 provehan-

583 4995 690 5039 tur.
730 5001 747 5035 ι
787 4982 1007 5053 Ecquis,
1069 4996 1103 5037 o
1139 4980 1330 5046 amice,
1359 4996 1427 5035 ex
1477 4982 1731 5052 imaginis
1776 4993 1999 5052 aspectu
2031 5024 2047 5049 ,
2082 4983 2157 5037 si-

581 5076 801 5147 quidem
830 5084 1017 5130 exacte
1033 5074 1262 5143 iixisque
1288 5074 1652 5141 dextrorsum,
1685 5089 1749 5131 ac
1782 5076 2158 5131 sinistrorsum

584 5169 756 5223 oculis
792 5176 1000 5230 cernat,
1064 5163 1359 5221 simulacra
1412 5165 1674 5221 hauriens
1704 5180 1812 5222 non
1870 5165 2056 5237 inligat
2105 5165 2159 5220 in

585 5260 803 5313 animo:
830 5266 884 5312 et
915 5257 1120 5327 optima
1167 5255 1410 5325 quidem,
1454 5257 1499 5312 si
1527 5272 1594 5312 ex
1639 5257 1878 5328 imagine
1913 5258 2162 5328 optima:

589 5353 673 5406 sin
705 5367 770 5406 ex
801 5351 965 5421 turpi,
1003 5352 1185 5423 turpia
1212 5351 1235 5404 ?
1269 5352 1343 5405 ita
1372 5362 1431 5405 ut
1460 5366 1698 5422 perszepe
1724 5361 1779 5407 et
1817 5352 1966 5406 domi
2012 5351 2168 5405 habi-

589 5454 712 5499 tans
768 5458 917 5498 nunc
975 5454 1400 5513 compungatur,
1451 5458 1596 5498 nunc
1647 5459 1776 5498 VCI'O
1825 5453 2165 5501 succenseat.

591 5538 783 5591 Annon
816 5544 870 5590 et
898 5534 1095 5606 aliquis
1123 5535 1394 5591 interdum
1412 5534 1760 5592 obdormiens
1779 5536 1911 5592 visis
1946 5546 2169 5591 noctur-

672 5740 716 5771 ⁷⁵
748 5738 866 5795 Lib.
900 5738 972 5795 De
997 5738 1199 5809 Spiritu
1234 5747 1441 5800 sancto,
1472 5753 1521 5793 c.
1552 5738 1637 5791 l7.

1715 5739 1759 5771 "
1793 5737 1960 5794 Exod.
1993 5753 2117 5806 xxv,
2149 5737 2239 5793 20.
2294 5739 2312 5771 ⁵
2348 5733 2422 5795 Dc
2467 5738 2671 5794 caelesti
2700 5735 3027 5801 hierarchia,
3066 5750 3186 5805 cap.
3220 5734 3269 5789 l.

2251 4620 2573 4689 πηλοῦντες
2613 4619 2853 4691 μορφὰς,
2884 4616 3047 4681 ποίας
3088 4616 3196 4687 ἄρα
3233 4616 3297 4668 ὲκ
3332 4614 3539 4667 τούτων
3588 4629 3839 4666 καταπο-

2249 4713 2465 4768 λαύοιεν
2498 4712 2803 4779 ὡφελείαςο
2839 4710 2872 4781 ἢ
2911 4711 2968 4764 ὲν
3018 4708 3149 4779 ποίᾳ
3175 4707 3264 4759 διὰ
3304 4706 3404 4775 τῆς
3454 4703 3671 4759 τούτων
3708 4704 3840 4757 ἀνα-

2258 4808 2511 4878 μνήσεως
2545 4806 2840 4872 ἀνάγονται
2872 4802 3094 4874 θεωρία.
3132 4821 3151 4854 ι
3178 4803 3288 4855 Καὶ
3315 4800 3419 4866 τίς,
3440 4794 3485 4852 ὦ
3506 4800 3632 4861 τᾶν,
3660 4797 3763 4850 οὐκ
3782 4796 3841 4848 ἐκ

2253 4901 2351 4970 τῆς
2370 4900 2640 4970 εἰκονικῆς
2671 4898 2833 4963 ἰδέας,
2860 4896 3017 4968 εἴπερ
3046 4894 3293 4967 ἐναργῶς
3323 4894 3621 4955 ἀτενίσειε,
3651 4891 3838 4956 δεξιᾶς

2255 5007 2314 5043 τε
2348 4991 2380 5061 ἢ
2412 4991 2729 5061 ἀριστερᾶς,
2767 4988 3063 5060 ἰνδάλματα
3116 4985 3295 5040 λαὸὼν
3321 4986 3378 5037 ὲν
3420 4985 3497 5054 νῷ
3555 4982 3788 5038 ἄπεισιν
3819 5002 3833 5048 ;

2257 5081 2371 5135 ἀλλ’
2402 5083 2449 5134 εἰ
2491 5081 2589 5151 μὲν
2633 5080 2692 5143 ἐξ
2720 5081 2947 5151 ἀρίστης
2991 5078 3191 5149 ἄριστα
3226 5094 3240 5108 ·
3277 5079 3323 5130 εἰ
3356 5076 3415 5129 δὲ
3458 5074 3520 5141 ἐξ
3550 5075 3842 5147 αἰσχίστης

2258 5172 2512 5243 αἴσχιστα
2536 5188 2549 5203 ·
2588 5170 2727 5224 ὥστε
2763 5171 3025 5235 πολλάκις
3064 5171 3159 5224 καὶ
3209 5169 3348 5222 οίκοι
3387 5167 3570 5239 μένων
3602 5171 3671 5239 τῇ
3738 5167 3835 5237 μὲν

2261 5263 2711 5327 κατανύττεσθαι,
2753 5266 2818 5334 τῇ
2854 5264 2910 5316 δὲ
2949 5261 3329 5317 παθαίνεσθαι.
3364 5262 3435 5313 Ἦ
3460 5260 3587 5331 οὐχὶ
3622 5258 3721 5313 καί
3767 5275 3842 5318 τις

2265 5354 2435 5406 ἐνίοτε
2470 5352 2803 5421 ἀφυπνὼσας
2835 5354 2947 5414 τοῖς
2980 5352 3314 5421 νυκτερινοτς
3349 5352 3716 5421 φαντάσμασι
3751 5365 3842 5400 πε-

2274 5446 2516 5515 ριχαρῶς
2546 5446 2579 5517 ἢ
2604 5445 2863 5516 λυπηρῶς
2904 5445 3271 5511 διανίσταται;
3309 5442 3374 5497 Ei
3414 5445 3471 5499 δὲ
3513 5447 3637 5497 ἐκεῖ
3656 5441 3840 5503 οὕτως,

2269 5539 2448 5611 πολλῷ
2492 5540 2693 5603 μᾶλλον
2737 5542 2794 5593 ἐν
2819 5542 2931 5604 τοῖς
2963 5538 3084 5593 καθ’
3114 5537 3261 5609 ὕπαρ
3292 5537 3650 5609 είκονίσμασι
3678 5536 3841 5589 διατί-

3353 5736 3397 5768 ⁷⁷
3435 5734 3573 5790 Gen.
3601 5748 3702 5787 xxx
3724 5773 3736 5794 ,
3760 5730 3839 5785 37.
