3990 6318
152 346 278 409 ῙΏῙ

1341 358 1882 421 ΕΡΙΒΤΟΙΛΗΗΜ
1919 363 2068 420 LIB.
2125 365 2207 421 II.

3264 371 3400 431 19.22

146 460 330 512 θέσθαι
357 463 474 514 ἔστι
519 462 653 532 πρὸς
689 464 927 534 ἑκάτερα
964 465 1053 518 τὸν
1097 466 1367 535 βλέποντα
1390 486 1404 499 °
1443 474 1517 524 Οὑ
1549 473 1716 542 δήπου

1829 475 1915 529 nis
1952 477 2247 539 excitatur,
2307 490 2399 530 seu
2429 477 2549 531 lana
2607 492 2669 532 ea
2712 477 2842 541 sint,
2874 494 2968 534 seu
2998 480 3176 533 tristia
3205 481 3228 532 ?
3255 480 3410 545 Quod

145 551 408 619 ἀνέγνως,
441 549 486 605 ὦ
523 554 787 623 βέλτιστε,
825 557 901 619 ὡς
930 558 978 609 οἰ
1006 558 1175 611 πάλαι
1198 560 1586 630 ὑποδείγματι
1621 562 1723 616 καὶ

146 642 292 712 σκιᾷ
342 646 705 713 λατρεύουσι
749 645 869 701 τῶν
907 648 1305 718 ἐπουρανίων.
1331 651 1432 720 Τί;
1462 655 1724 726 ἑκάτερον

144 737 242 790 οὑκ
273 737 473 798 εἰκώνς
524 740 625 792 οὑκ
667 741 726 792 ὲν
766 741 936 793 εἰκόνι
975 743 1243 813 ἀνήγοντο
1290 745 1428 816 πρὸς
1473 747 1574 817 τὴν
1613 748 1723 802 τῶν

145 829 481 898 ἐπουρανίων
518 829 780 901 θεωρίαν;
816 833 915 886 οὑκ
962 833 1031 887 ἐν
1071 837 1260 891 εἰκόνι
1301 836 1720 907 διαπορεύεται

144 922 252 984 πᾶς
280 921 614 990 ἄνθρωπος,
647 926 950 990 Δαυῖτικῶς
981 929 1158 983 εἰπεῖν
1190 946 1205 994 ;
1242 934 1344 986 οὐκ
1378 932 1540 994 αὑτὸς
1583 934 1646 984 σὺ
1693 934 1723 986 6

145 1012 516 1085 Εἰκονομάχος
562 1018 729 1070 εἰκὼν
760 1019 919 1086 Θεοῦ,
955 1023 1049 1074 καὶ
1082 1022 1225 1077 κατά
1268 1024 1410 1078 ίδέαν
1457 1028 1722 1095 πατρῴαν

143 1106 447 1178 γεννηθεὶς,
487 1111 584 1162 καὶ⁸
618 1112 902 1176 εἰκονικῶς
932 1115 989 1166 ὲν
1027 1115 1218 1168 πίνακι
1261 1118 1718 1188 ὲγγραφόμενος;

142 1199 175 1268 ἢ
211 1200 372 1270 μόνος
425 1203 489 1255 σὺ
525 1203 976 1269 ἀνεξεικόνιστος,
1006 1205 1082 1269 ὡς
1113 1208 1213 1261 οὐκ
1256 1209 1566 1280 ἄνθρωπος,
1603 1211 1720 1263 ἀλλ’

143 1291 546 1364 ἀμϐλωθρίδιος
575 1314 588 1328 ο
607 1297 704 1350 καὶ
737 1297 824 1350 διὰ
851 1299 1010 1351 τοῦτο
1042 1301 1136 1352 καὶ
1166 1301 1296 1363 τοὺς
1322 1299 1512 1369 ἁγίους
1549 1302 1721 1367 οὕτως

143 1385 428 1456 οἰόμενος;
475 1389 614 1442 Ἀλλ’
645 1389 728 1442 ἵνα
779 1392 979 1460 μᾶλλον
1011 1393 1040 1445 6
1080 1395 1210 1463 περὶ
1237 1394 1392 1448 τοῦδε
1433 1397 1590 1461 λόγος
1627 1397 1721 1449 πί-

146 1493 352 1532 στωσιν
386 1480 594 1544 δέξοιτο
620 1498 635 1512 ·
666 1484 860 1553 παρεὶς
895 1483 955 1536 τὸ
977 1482 1188 1537 οἴκοθεν
1216 1484 1587 1556 δογματίζειν,
1619 1487 1720 1540 αὑ-

141 1572 263 1634 τοὺς
296 1573 668 1643 προστήσεται
701 1575 826 1638 τοὺς
861 1578 962 1646 τῆς
1009 1575 1337 1647 οἰκουμένης
1365 1577 1716 1649 λαμπτῆρας,

141 1663 609 1734 ἀποκρινομένους
643 1683 726 1718 σοι
774 1667 912 1738 πρὸς
948 1667 1048 1739 τὴν
1095 1668 1392 1740 ἐρώτησιν.
1418 1671 1718 1741 Γρηγόριος

140 1758 167 1808 6
195 1757 449 1821 Νυσσεύς
477 1774 490 1787 ·

139 1851 230 1903 τοῦ
255 1850 463 1915 πάθους
484 1869 499 1882 θ
543 1852 637 1904 καὶ
660 1852 761 1904 οὑκ
797 1852 1064 1922 ἀδακρυτὶ
1088 1852 1184 1922 τὴν
1222 1853 1349 1906 θέαν
1379 1855 1661 1925 παρῆλθον
1699 1874 1711 1886 ·

139 1942 385 2015 ἐναργῶς
402 1943 500 2011 τῆς
531 1943 730 2014 τέχνης
746 1943 837 1996 ὑπ’
856 1943 980 2013 ὅφιν
997 1943 1240 2016 ἀγούσης
1269 1945 1366 2015 τὴν
1398 1946 1659 2014 ἱστορίαν.
1689 1965 1708 1998 ι

150 2035 206 2089 '0
242 2035 660 2106 Χρυσόστομος·
704 2055 722 2086 ι
785 2036 928 2105 Ἐγὼ
962 2037 1057 2090 καὶ
1082 2037 1183 2106 τὴν
1221 2037 1524 2108 κηρόχυτον
1574 2039 1713 2106 ἠγά-

139 2145 289 2197 πησα
328 2128 551 2199 γραφὴν
602 2127 884 2191 εὐσεϐείας
917 2128 1102 2182 ἕνεκεν
1133 2129 1592 2199 πεπληρωμένην.
1622 2127 1713 2182 Εἷ-

137 2221 220 2274 δον
247 2222 358 2292 γὰρ
379 2221 610 2290 ἄγγελον
634 2222 691 2274 ἐν
713 2222 881 2276 εἰκόνι
898 2222 1191 2276 ἐλαύνοντα
1208 2222 1509 2293 Βαρϐάρων
1527 2223 1712 2293 στίφηο

138 2308 274 2367 εἶδον
319 2313 642 2384 πατούμενα
689 2315 992 2386 Βαρϐάρων
1029 2315 1173 2383 φῦλα
1199 2334 1214 2348 ο
1258 2314 1355 2368 καὶ
1416 2315 1508 2366 τὸν
1555 2314 1722 2367 Δαϐὶδ

137 2407 490 2478 ἀληθεύοντα·
520 2410 714 2477 Κύριε,
737 2409 807 2462 ἐν
829 2407 906 2476 τῇ
924 2408 1097 2463 πόλει
1115 2424 1233 2462 σου
1254 2407 1368 2474 τὴν
1386 2409 1589 2462 εἰκόνα
1613 2410 1719 2462 αὑ-

135 2499 252 2552 τῶν
285 2500 744 2566 ἑξουδενώσεις.
785 2499 1055 2571 Κύριλλος
1100 2499 1537 2571 Ἀλεξανδρείαςο
1576 2519 1594 2551 ι
1625 2494 1717 2551 Εἴ-

135 2592 222 2646 δον
247 2592 359 2661 ἐγὼ
385 2592 532 2646 κατά
555 2595 740 2662 τοίχου
768 2594 1007 2664 γραφὴν,
1039 2593 1370 2648 ὲναθλοῦσαν
1395 2595 1507 2656 τοῖς
1535 2593 1716 2661 σκάμ-

139 2702 270 2754 μασι
293 2685 464 2756 κόρην
484 2701 496 2715 ⁸
519 2686 614 2738 καὶ
625 2688 724 2738 οὑκ
745 2685 1012 2755 ἀδακρυτὶ
1029 2686 1124 2756 τὴν
1138 2685 1264 2739 θέαν
1283 2683 1657 2738 κατώπτευσα.
1691 2701 1709 2734 ι

135 2778 434 2852 Γρηγόριος
459 2779 489 2830 6
507 2779 765 2846 Θεολόγος
786 2798 798 2810 ’

1825 566 1872 621 si
1905 567 1986 622 sic
2020 582 2106 621 res
2146 566 2253 620 illic
2292 566 2497 633 habet;
2535 569 2707 623 multo
2749 570 2922 638 magis
2971 570 3026 624 in
3061 571 3126 625 iis
3159 571 3414 640 imagini-

1825 658 1930 714 bus
1961 674 2081 729 qua}
2124 660 2267 714 inter
2297 661 2629 731 vigilandum
2701 662 3092 728 informantur,
3155 663 3415 719 utrolibet

1825 752 1988 807 modo
2020 766 2246 808 necesse
2300 763 2383 808 est
2433 752 2569 809 ailici
2622 763 2995 811 contuentem.
3065 753 3182 811 Non
3237 757 3415 827 legiSIi

1824 841 2054 904 scilicet,
2096 843 2180 896 vir
2216 843 2440 912 Optime,
2474 845 2619 914 quod
2647 855 2858 900 veteres
2888 843 3180 915 exemplari
3207 857 3257 901 et
3295 864 3414 902 um-

1825 933 1935 988 bra:
1961 934 2258 988 deserviunt
2292 935 2578 989 cmlestium
2601 934 2648 968 ⁷⁸
2674 977 2688 992 .
2741 935 2927 1002 Quid?
2984 945 3276 1007 utrumque
3305 954 3410 992 non

1824 1024 2006 1095 imago
2045 1027 2163 1080 est?
2197 1042 2306 1080 non
2336 1028 2389 1081 in
2422 1027 2658 1096 imagine
2717 1029 2782 1082 ad
2823 1026 3130 1084 caelestium
3165 1038 3415 1085 contem-

1823 1117 2116 1186 plationem
2149 1119 2590 1175 subvehebantur
2617 1120 2640 1174 ?
2673 1136 2780 1174 non
2813 1121 2871 1174 in
2906 1121 3140 1189 imagine
3171 1134 3416 1191 pertran-

1821 1211 1890 1262 sit
1928 1211 2107 1266 omnis
2135 1213 2288 1264 homo
2323 1212 2368 1244 τθ
2409 1254 2423 1278 ,
2463 1222 2524 1267 ιιι
2576 1227 2699 1267 cum
2749 1209 2952 1267 Davide
3010 1213 3248 1283 loquar?
3304 1230 3412 1268 non

1821 1299 1937 1369 ipse
1963 1310 2041 1366 tu,
2077 1300 2457 1368 lconomache,
2491 1302 2592 1356 Dei
2623 1301 2828 1371 imago,
2864 1312 2917 1357 et
2970 1303 3034 1356 ad
3061 1304 3234 1372 patris
3263 1303 3417 1358 simi-

1821 1393 2104 1448 litudinem
2147 1396 2384 1466 genitus,
2415 1404 2469 1450 et
2505 1395 2766 1466 graphice
2814 1396 3064 1466 depictus
3098 1395 3152 1449 in
3190 1396 3416 1450 tabula?

1820 1486 1902 1542 An
1929 1497 1984 1542 tu
2032 1488 2182 1544 solus
2219 1488 2339 1544 sine
2371 1489 2612 1559 imagine
2668 1506 2749 1556 es,
2785 1499 3051 1560 tanquam
3113 1505 3218 1544 non
3253 1491 3416 1545 homo

1820 1580 1921 1643 sis,
1969 1579 2062 1635 sed
2121 1589 2314 1650 partus
2347 1580 2649 1645 abortivus,
2703 1591 2868 1651 atque
2909 1582 3114 1636 idcirco
3163 1583 3241 1637 sic
3271 1591 3322 1635 ct
3352 1584 3418 1638 de

1822 1668 2034 1724 sanctis
2063 1670 2396 1725 existimas?
2439 1669 2639 1726 Verum
2689 1680 2750 1726 ut
2790 1672 3057 1742 majorem
3088 1674 3204 1727 haec
3235 1673 3414 1729 oratio

540 1777 556 1809 ι
614 1755 769 1812 Εἶδον
833 1759 1097 1823 πολλάκις
1138 1762 1230 1813 ἐπὶ
1278 1763 1500 1833 γραφῆς
1534 1765 1716 1816 εἰκόνα

1822 1758 2063 1813 inveniat
2095 1760 2278 1825 ﬁdem,
2313 1762 2526 1831 propria
2557 1762 2982 1819 ratiocinatione
3015 1766 3411 1834 praetermissa,

1821 1853 1938 1923 ipsa
1993 1853 2273 1908 exhibebit
2330 1855 2481 1909 orbis
2555 1863 2824 1910 terrarum
2859 1857 3099 1922 lumina,
3165 1873 3286 1927 quae
3316 1857 3415 1911 tibi

1820 1942 1889 1995 ad
1923 1943 2256 2013 interrogata
2302 1945 2688 2013 respondeant.
2736 1944 3033 2015 Gregorius
3086 1945 3411 2016 Nyssenus:

1822 2034 1946 2090 Vidi
1982 2051 2356 2106 saepenumero
2403 2039 2457 2092 in
2502 2038 2712 2109 pictura
2752 2039 3045 2109 imaginem
3076 2042 3155 2094 rei
3183 2041 3414 2096 misera-

1823 2128 1970 2194 bilis,
2001 2144 2099 2184 nec
2119 2129 2291 2184 oculis
2344 2130 2510 2186 siccis
2561 2133 2933 2199 spectaculum
2963 2132 3197 2204 praeterii
3233 2149 3246 2185 :
3279 2133 3414 2187 adeo

1824 2220 2113 2274 manifeste
2143 2221 2245 2275 sub
2267 2222 2458 2277 oculos
2482 2238 2596 2276 rem
2626 2233 2835 2291 gestam
2871 2240 2960 2277 ars
2989 2225 3284 2280 exhibebat
3305 2224 3403 2277 ⁸ο.»

1828 2308 2254 2379 Chrysostomus
2279 2311 2324 2342 ⁸¹
2353 2329 2365 2366 :
2394 2331 2412 2363 ι
2446 2313 2557 2382 Ego
2574 2320 2628 2367 et
2649 2315 2702 2368 in
2735 2329 2860 2368 cera
2891 2330 3208 2384 expressam
3233 2316 3410 2369 amavi

1825 2408 2120 2476 picturam,
2146 2406 2369 2477 pietatis
2403 2422 2570 2460 causa
2604 2406 2933 2461 coniectam.
2976 2405 3099 2460 Vidi
3133 2407 3279 2460 enim
3308 2422 3410 2460 an-

1824 2503 2002 2572 gelum
2034 2503 2087 2556 in
2112 2502 2345 2572 imagine
2383 2501 2742 2556 Barbarorum
2783 2503 2967 2572 copias
3011 2503 3407 2570 dissipantem;

1821 2595 1932 2648 vidi
1963 2594 2329 2649 Barbarorum
2365 2594 2583 2664 agmina
2619 2594 3034 2650 conculcantem
3070 2614 3083 2650 :
3122 2594 3411 2649 Davidem-

1825 2701 1931 2756 que
1956 2702 2079 2742 vere
2104 2687 2371 2742 dicentem
2409 2704 2422 2739 :
2453 2687 2694 2752 Domine,
2742 2688 2796 2741 in
2840 2690 3056 2742 civitate
3096 2699 3188 2741 tua
3217 2687 3411 2756 imagi-

1827 2796 1943 2834 nem
1994 2781 2228 2849 ipsorum
2285 2781 2354 2833 ad
2422 2781 2646 2834 nihilum
2707 2783 2906 2853 rediges
2957 2783 3024 2837 ⁸¹.
3080 2802 3100 2835 ›
3167 2782 3408 2853 Cyrillus

133 2871 581 2928 Alexandrinus:
617 2890 635 2923 ι
672 2871 790 2926 Vidi
814 2887 915 2941 ego
969 2873 1023 2926 in
1078 2871 1286 2942 pariete
1325 2869 1616 2940 picturam,
1663 2869 1896 2939 puellam
1931 2871 1985 2924 in
2018 2871 2197 2926 stadio
2227 2870 2595 2926 decertantem
2627 2889 2640 2925 :
2685 2886 2785 2928 nec
2815 2872 2970 2926 licuit
2995 2872 3114 2928 sine
3136 2870 3398 2940 lacrvmis

137 2965 509 3034 spectaculum
549 2964 815 3018 contueri.
848 2964 1145 3034 Gregorius
1177 2961 1486 3032 Theologus
1519 2960 1562 2993 ”
1595 2977 1609 3013 ε

203 3084 314 3153 Τῆς
341 3083 386 3135 δ’
416 3079 486 3153 ἦν
511 3083 612 3134 ὑπε
624 3082 882 3153 ρκύπτων
906 3082 1165 3152 Πολέμων
1193 3083 1251 3153 ὲν
1280 3081 1470 3135 εἰκόνι.

1894 3073 2174 3147 Eminebat
2203 3075 2392 3129 exinde
2420 3074 2673 3147 Polemon
2699 3077 2753 3129 in
2783 3077 3013 3147 imagine
3037 3093 3055 3131 :

204 3144 662 3224 ΤάύτηνῚδοῦσά
707 3151 948 3224 [supple,
996 3144 1229 3224 ὲτάιρίς]
1302 3153 1421 3224 (κα).
1471 3149 1581 3224 γάρ
1627 3144 1696 3220 ἦν

1887 3145 2063 3211 Quam
2121 3162 2240 3199 cum
2276 3146 2554 3218 (scortum)
2585 3148 2777 3201 videret
2805 3165 2824 3213 ;
2855 3144 2967 3224 erat
3017 3149 3156 3224 enim
3178 3150 3408 3224 pictura

1315 3222 1611 3293 σεϐασμία)
1625 3261 1637 3282 ,

214 3292 484 3363 Ἀπῆλθεν
515 3292 674 3356 εὐθύς
693 3311 706 3324 ·
736 3294 830 3347 καὶ
859 3292 987 3356 θέας
1016 3294 1318 3363 ἡττημένη,

214 3364 300 3428 Ὠς
328 3361 488 3428 ζῶντ’
521 3364 947 3434 ὲπαισχυνθεῖσα
972 3361 1062 3416 τὸν
1088 3361 1496 3434 γεγραμμένον.

136 3479 410 3542 Βασίλειος
450 3478 480 3530 6
522 3477 727 3547 μέγας·
767 3496 785 3529 ι
835 3476 1134 3546 Ἀνάστητέ
1185 3493 1274 3548 μοι
1318 3475 1436 3542 νῦν,
1472 3469 1516 3529 ὦ
1571 3475 1714 3544 λαμ-

137 3574 261 3641 προὶ
295 3572 404 3626 τῶν
443 3570 756 3641 ἀθλητικῶν
789 3571 1234 3641 κατορθωμάτων
1274 3569 1590 3642 ζωγράφον
1615 3567 1715 3639 τὴν

136 3664 227 3716 τοῦ
261 3661 578 3734 στρατηγοῦ
619 3661 1009 3715 κολοϐωθεῖσαν
1041 3660 1225 3714 εἰκόνα
1253 3663 1373 3724 ταῖς
1417 3659 1716 3729 ὑμετέραις

139 3760 482 3829 μεγαλύνατε
537 3759 790 3829 τέχναις*
853 3756 1232 3827 ἀμαυρότερον
1272 3754 1404 3826 παρ’
1456 3752 1591 3824 ἐμοῦ
1625 3753 1716 3805 τὸν

139 3851 464 3923 στεφανίτην
493 3851 773 3924 γραφέντα
801 3851 915 3912 τοῖς
949 3849 1050 3917 τῆς
1083 3849 1356 3918 ὑμετέρας
1390 3845 1581 3915 σοφίας
1616 3861 1717 3896 πε-

140 3945 443 4015 ριλάμψατε
490 3942 796 4016 χρώμασιν.
852 3941 1098 3994 ’Δπέλθω
1131 3943 1196 4011 τῇ
1233 3938 1340 3992 τῶν
1377 3935 1716 4009 ἁριστευμά-

135 4054 239 4090 των
283 4035 378 4090 τοῦ
425 4034 701 4106 μάρτυρος
755 4033 1110 4105 νενικημένος
1157 4032 1367 4100 γραφῇ.
1401 4027 1591 4100 Χαίρω
1643 4028 1711 4097 τῇ

137 4127 356 4197 τοιαύτῃ
386 4126 492 4193 τῆς
519 4126 793 4195 ὑμετέρας
834 4123 1016 4193 ίσχύος
1047 4123 1289 4193 σήμερον
1312 4120 1439 4191 νίκῃ
1468 4117 1718 4189 ἡττώμε-

135 4237 218 4282 νος
245 4236 258 4249 °
291 4220 387 4273 ἴδω
417 4216 519 4285 τῆς
551 4218 733 4287 χειρὸς
757 4218 894 4289 πρὸς
926 4217 984 4269 τὸ
1018 4215 1130 4286 πῦρ
1163 4213 1554 4285 ἀκριϐέστερον
1583 4211 1714 4282 παρ’

139 4311 289 4380 ὑμῶν
325 4311 686 4382 γραφομένην
726 4309 826 4380 τὴν
854 4308 1053 4379 πάλην.
1086 4306 1208 4360 Ἴδω
1240 4304 1592 4377 φαιδρότερον
1623 4304 1716 4356 ἐπὶ

137 4405 234 4473 τῆς
278 4407 560 4476 ὑμετέρας
602 4402 692 4456 τδν
721 4402 1027 4474 παλαιστὴν
1057 4399 1446 4472 γεγραμμένον
1485 4396 1713 4460 εἰκόνος.

135 4497 546 4552 Κλαυσάτωσαν
594 4495 848 4565 δαίμονες
889 4494 982 4548 καὶ
1021 4494 1115 4546 νῦν
1157 4495 1280 4556 ταῖς
1307 4490 1402 4544 τοῦ
1441 4489 1716 4561 μάρτυρος

133 4590 188 4642 ὲν
218 4591 346 4660 ὑμῖν
385 4589 696 4662 ἀριστείαις
737 4586 1102 4658 πληττόμενοι
1128 4601 1142 4613 ·
1199 4583 1507 4654 φλεγομένη
1550 4583 1712 4635 πάλιν
1749 4605 1790 4658 D

135 4681 318 4746 αὐτοῖς
349 4684 382 4754 ἡ
420 4683 544 4753 χεὶρ
577 4681 672 4736 καὶ
708 4679 914 4736 νικῶσα
942 4677 1262 4732 δεικνύσθω.
1300 4696 1318 4729 ›
1371 4676 1535 4747 Ὁρᾷς
1569 4676 1716 4737 ὅπως

132 4776 160 4828 6
204 4776 302 4846 μὲν
347 4775 643 4848 προτίθησι
673 4775 771 4844 τῆς
806 4771 1181 4842 λογογραφίας
1216 4771 1315 4842 τὴν
1357 4769 1715 4841 ζωγραφίαν·

128 4867 188 4920 ὲν
300 4868 468 4939 ἡλίκη
505 4868 538 4936 ἡ
592 4867 900 4930 ὲκθείασις,
946 4864 1022 4928 ὠς
1049 4863 1142 4916 καὶ
1187 4861 1398 4916 κλαίειν
1435 4863 1563 4923 τοὺς
1602 4861 1718 4914 δαί-

135 4977 329 5029 μοναςο
366 4962 395 5014 6
438 4960 498 5013 δὲ
536 4959 782 5026 πηλίκως
825 4959 943 5020 πῶς
983 4956 1256 5027 σεϐαστὴν
1298 4956 1398 5027 τὴν
1440 4956 1719 5026 εἰκονουρ-

128 5051 256 5119 γίαν
299 5051 597 5123 κέκληκεν,
643 5049 716 5113 ὡς
746 5050 1018 5120 ἑταιρίδος
1059 5047 1440 5120 σωφρονισμὸν
1470 5047 1717 5117 ὑπάρξα-

135 5158 264 5210 σαν;
300 5141 439 5198 Εἶτα
472 5142 640 5196 πάλιν
686 5141 804 5204 πῶς
842 5144 870 5196 6
897 5141 1086 5212 ἕτερος
1111 5141 1212 5194 οὐκ
1239 5140 1479 5211 ἄδακρυς
1517 5141 1582 5192 ὲκ
1619 5138 1717 5208 τῆς

134 5235 414 5306 γραφικῆς
464 5234 597 5298 θέας
648 5232 904 5298 ἄπεισιν,
968 5233 1028 5285 ὲν
1081 5233 1150 5302 τῇ
1207 5233 1394 5303 γραφῇ
1450 5229 1718 5284 ἀθλοῦσαν

139 5326 349 5396 βλέπων
386 5327 490 5400 τὴν
543 5327 831 5398 μάρτυρα;
883 5324 1055 5380 Πάλιν
1083 5325 1200 5389 πῶς
1242 5327 1271 5379 6
1306 5324 1464 5389 ἄλλος
1499 5325 1718 5395 ἠγαπη-

137 5417 302 5489 μένην
337 5419 497 5474 καλεῖ
534 5419 635 5487 τὴν
685 5417 989 5488 κηρόχυτον
1037 5415 1294 5486 γραφὴν,
1348 5414 1424 5480 ὡς
1475 5416 1534 5468 ἐν
1574 5415 1715 5484 αὑτῇ

139 5509 252 5564 ἰδὼν
300 5514 367 5567 τὰ
417 5512 785 5582 πρωτότυπα;
847 5512 1082 5566 Ἔπειτα
1131 5512 1226 5564 καὶ
1262 5512 1289 5564 6
1337 5509 1453 5581 μετ’
1481 5508 1709 5574 αὑτοὺς,

135 5602 248 5667 πῶς
276 5605 387 5658 οὐδ’
418 5605 581 5671 αὐτὸς
614 5608 678 5660 ὲκ
702 5606 802 5677 τῆς
832 5605 1054 5678 γραφῆς
1101 5603 1261 5678 τῆσδε
1289 5604 1528 5674 ἄδακρυς
1556 5603 1713 5657 ἄπει-

2925 3216 3262 3289 [υεηειναὸὲιὲε
3289 3238 3309 3287 ;

1875 3285 2101 3359 Repente
2144 3288 2308 3359 abiit,
2358 3304 2448 3341 nec
2503 3288 2640 3357 ferre
2697 3285 3051 3356 spectaculum
3087 3293 3278 3359 potuit.

1888 3357 2021 3413 Cum
2044 3358 2258 3427 puderet
2283 3359 2477 3412 intueri
2501 3359 2656 3428 quasi
2679 3360 2928 3412 viventem
2952 3361 3041 3430 qui
3073 3357 3242 3429 pictus
3265 3373 3402 3420 erat.

1819 3473 2060 3531 Basilius
2100 3490 2330 3545 magnus
2366 3492 2380 3528 :
2418 3494 2436 3527 ι
2470 3473 2760 3544 Exsurgite
2821 3475 2954 3529 mihi
3006 3491 3176 3542 nunc,
3209 3491 3244 3531 0
3268 3492 3407 3545 praes

1818 3566 1950 3621 clari
1973 3566 2355 3622 athleticorum
2379 3574 2657 3637 gestorum
2693 3569 2954 3635 pictores,
2981 3568 3226 3621 mutilam
3251 3568 3407 3622 ducis

1819 3661 2114 3733 imaginem
2155 3663 2357 3717 eximio
2390 3670 2574 3716 vestro
2625 3661 2860 3716 artiﬁcio
2894 3662 3171 3717 illustrate
3198 3681 3211 3717 :
3239 3677 3404 3716 coro—

1818 3765 2009 3810 natum
2052 3756 2336 3819 athletam,
2380 3754 2670 3810 obscurius
2699 3771 2729 3809 a
2761 3770 2848 3810 me
2877 3755 3175 3825 depictum,
3206 3765 3406 3810 vestrae

1820 3863 1921 3904 vos
1955 3848 2241 3903 industriae
2259 3847 2536 3904 coloribus
2559 3847 2920 3916 conspicuum
2952 3847 3178 3902 reddite.
3215 3847 3405 3902 Disce-

1820 3939 1943 3995 dam
1990 3955 2170 3995 rerum
2206 3940 2463 4010 praeclare
2493 3955 2523 3994 a
2584 3948 2825 4011 martyre
2877 3949 3156 4010 gestarum
3192 3941 3403 4008 pictura

1821 4032 2018 4088 victus.
2065 4031 2346 4088 Gaudeam
2383 4032 2481 4087 tali
2528 4040 2724 4088 vestrae
2763 4033 2999 4088 solertia:
3046 4033 3276 4088 victoria
3302 4033 3407 4087 ho-

1821 4123 2011 4177 dierno
2046 4122 2134 4178 die
2161 4131 2476 4193 superatus.
2499 4122 2689 4178 Liceat
2715 4124 2918 4178 intueri
2945 4139 3144 4178 manus
3176 4123 3404 4193 bujusm:

1821 4228 1943 4267 cum
1993 4215 2118 4285 igne
2164 4215 2364 4269 luctam
2403 4215 2721 4284 diligentius
2771 4232 2803 4271 a
2851 4215 3006 4270 vobis
3051 4215 3399 4270 delineatam.

1822 4304 2046 4361 Videam
2096 4307 2423 4363 alacriorem
2470 4307 2712 4378 pugilem
2754 4318 2933 4364 vestra
2958 4308 3232 4376 depictum
3262 4307 3404 4360 ima-

1821 4395 1963 4464 gine.
1998 4393 2246 4466 Lugeant
2273 4396 2550 4451 daemones
2579 4404 2636 4452 et
2676 4413 2824 4452 nunc
2857 4397 3114 4468 martyris
3139 4397 3283 4450 inter
3306 4412 3406 4452 vos

1823 4485 2021 4540 virtute
2076 4485 2367 4556 perculsi:
2421 4485 2622 4541 ardens
2670 4485 2868 4542 iterum
2904 4485 3038 4556 ipsis
3078 4501 3299 4550 manus,
3351 4494 3407 4540 et

1821 4577 2018 4632 victrix
2074 4579 2321 4648 quidem,
2378 4579 2696 4634 ostendatur
2724 4576 2790 4635 “.
2825 4598 2845 4631 ι
2878 4577 3091 4646 Viden’,
3141 4578 3404 4648 quemad-

1821 4669 2043 4725 modum
2071 4672 2211 4727 alter
2239 4671 2546 4727 narrationi
2578 4671 2848 4742 picturam
2877 4672 3184 4742 anteponit,
3212 4670 3266 4724 in
3295 4684 3405 4739 qua

1819 4770 2030 4818 tantum
2059 4764 2190 4820 insit
2214 4763 2409 4820 divina:
2451 4765 2693 4833 virtutis,
2729 4773 2788 4820 ut
2827 4764 3105 4821 daemones
3129 4763 3193 4818 ad
3226 4767 3407 4832 lacry-

1820 4871 1940 4912 mas
1970 4858 2183 4928 adigat:
2212 4859 2348 4916 alter
2367 4866 2426 4913 ut
2455 4859 2819 4914 venerabilem
2853 4859 3118 4928 picturam
3148 4854 3403 4926 appellet,

1819 4949 1968 5020 quod
2030 4960 2278 5007 scortum
2317 4949 2561 5020 adegerit
2589 4950 2658 5006 ad
2696 4950 3094 5005 continentiam
3126 4949 3150 5002 ἵ
3195 4947 3315 5003 Mox
3348 4957 3408 5002 ut

1821 5042 1957 5096 alter
1985 5040 2183 5096 iterum
2213 5055 2326 5096 non
2368 5041 2488 5095 sine
2519 5039 2778 5112 lacrymis
2806 5040 2924 5095 visa
2947 5037 3142 5094 tabella
3179 5036 3398 5102 abierit,

1817 5132 1979 5203 quasi
2031 5132 2087 5187 in
2135 5133 2347 5203 pictura
2403 5139 2704 5203 martyrem
2744 5131 2981 5202 puellam
3031 5129 3404 5185 decertantem

1818 5225 2099 5282 vidisset?
2137 5225 2379 5280 Rursum
2421 5234 2483 5281 ut
2527 5225 2670 5282 alius
2713 5223 3097 5281 charissimam
3132 5230 3289 5278 vocet
3317 5221 3404 5292 pi-

1821 5329 2034 5374 cturam
2075 5319 2467 5385 encausticam,
2503 5317 2665 5388 quasi
2712 5318 2766 5371 in
2817 5317 2935 5385 ipsa
2987 5323 3271 5385 prototypa
3320 5314 3406 5367 in-

1817 5422 2064 5469 tueretur
2097 5413 2121 5467 ?
2165 5413 2360 5469 Postea
2386 5420 2441 5469 et
2472 5413 2519 5468 is
2547 5413 2640 5483 qui
2683 5419 2910 5466 caeteros
2934 5409 3308 5479 subsequitur,
3346 5416 3407 5461 ut

1821 5523 1923 5564 nec
1963 5508 2081 5578 ipse
2120 5507 2286 5563 siccis
2339 5506 2408 5562 ab
2438 5516 2663 5578 aspectu
2704 5502 2933 5573 hujusce
2975 5501 3176 5558 tabulae
3227 5499 3405 5556 oculis

1822 5602 2045 5669 abierit,
2078 5601 2304 5674 perinde
2326 5608 2492 5670 atque
2515 5614 2629 5655 rem
2651 5598 2825 5668 ipsam
2849 5595 3023 5652 oculis
3045 5599 3366 5663 usurpasset
3386 5591 3408 5644 τ

202 5739 248 5769 ⁷⁸
266 5737 438 5812 Bebr.
472 5757 590 5805 vin,
634 5744 689 5799 5.
765 5744 810 5776 "’
837 5743 984 5800 Psal.
1012 5760 1248 5808 xxxviii,
1275 5745 1328 5802 7.
1405 5746 1450 5778 ⁸ο
1480 5743 1630 5799 Orat.
1670 5744 1724 5797 in
1752 5743 2056 5805 Abraham,
2083 5753 2124 5800 t.
2167 5743 2233 5808 ll,
2253 5757 2374 5812 pag.
2397 5740 2522 5812 908.
2596 5736 2641 5812 ξ’
2668 5736 2846 5812 S_erm.
2866 5737 2932 5792 de
2952 5735 3183 5812 diversis
3204 5734 3403 5790 utrius-

137 5825 240 5876 que
264 5810 597 5870 Testamenti
634 5815 790 5872 locis.
865 5815 909 5846 ⁸³
943 5817 1089 5874 Psal.
1119 5806 1285 5883 um,
1325 5815 1416 5871 ‘20.
1495 5817 1539 5849 ³³
1573 5816 1720 5872 lamb
1774 5829 1944 5870 carm.
1981 5815 2070 5869 18.
2146 5817 2191 5849 ⁸⁵
2214 5806 2370 5869 noui.
2405 5811 2470 5866 17
2500 5812 2553 5867 in
2592 5807 2648 5864 S.
2683 5808 2953 5875 Barlaam,
2983 5806 3037 5858 in
3065 5806 3193 5860 fine.
