3990 6318
593 320 728 384 1223

1779 334 1837 391 S.
1879 332 2270 395 TIIEODORI
2310 336 2654 396 STUDITA‘J

3732 335 3865 395 19.24

594 429 725 484 \‘ide
756 439 890 498 quot
919 444 981 481 ex
1023 445 1083 483 ea
1116 447 1175 486 re
1206 433 1531 489 commoda:
1560 436 1929 509 contemplare
1951 449 2167 507 quanta:

2288 459 2389 505 rtv,
2444 444 2520 505 ὡς
2567 442 2736 512 αὐτὴν
2785 435 3071 493 ὑπολαϐὼν
3117 438 3213 507 τὴν
3257 436 3563 507 apti/lim;
3601 437 3716 490 Ἴδε
3764 440 3866 491 ὅσα

588 523 699 580 sint
726 524 1009 576 utilitates.
1041 522 1104 577 Et
1129 537 1418 595 postquam
1455 528 1765 585 sciscitatus
1789 530 2031 597 audiisti,
2059 546 2166 585 non

2288 537 2335 589 εά
2366 534 2705 605 ὀνησιφόραο
2764 533 3039 601 σκόπησον
3079 530 3284 600 πηλίκα
3322 529 3391 582 τὰ
3419 528 3712 599 ὠφέλιμα.
3754 529 3866 582 Καὶ

591 614 661 670 ab
700 613 805 668 hoc
832 614 915 668 vel
962 614 1053 668 illo
1094 632 1157 671 ex
1199 618 1480 672 hominum
1514 620 1667 688 plebe
1702 636 1765 675 ac
1797 622 1945 685 faece,
1975 624 2068 678 sed
2101 623 2169 676 ab

592 707 660 761 iis
691 707 786 777 qui
820 721 942 762 cum
972 708 1177 777 Spiritu
1208 708 1298 762 Dei
1326 710 1699 778 loquerentur,
1727 712 1914 767 orbem
1953 715 2170 768 univer-

595 814 718 851 sum
779 800 936 868 quasi
992 801 1191 854 tonitru
1227 810 1469 855 terruere
1502 819 1516 868 ;
1575 804 1783 873 subjice
1830 807 1974 874 quod
2005 823 2072 861 ex
2105 808 2171 862 iis

596 890 966 956 concluditur,
1027 906 1060 944 o
1110 893 1479 947 ratiocinator.
1541 893 1645 948 Sed
1708 898 2041 965 perspicuum
2094 908 2169 952 est

596 982 804 1034 inanem
847 982 1107 1045 eiusmodi
1134 986 1571 1053 excogitationem
1608 1003 1737 1053 esse,
1792 1000 1841 1040 et
1895 990 2175 1043 diabolica:

596 1073 727 1126 artis
758 1073 1020 1126 inventum
1051 1074 1117 1126 ⁸⁸.
1151 1077 1467 1143 Opportune
1496 1078 1582 1132 hic
1602 1078 1727 1133 licet
1754 1089 2009 1135 contenta
2040 1097 2175 1136 voce

598 1163 943 1216 exclamare:
990 1163 1323 1230 Obstupesce,
1370 1168 1578 1234 cwlum,
1618 1186 1772 1239 super
1794 1172 1890 1224 ltoc
1911 1172 1993 1227 ⁸⁶ε
2034 1189 2176 1243 quo-

600 1251 743 1305 niam
778 1250 970 1306 frivola
995 1256 1320 1322 excogitatio
1346 1270 1411 1309 ac
1430 1257 1711 1313 diabolicae
1738 1263 1871 1316 artis
1896 1262 2174 1318 inventum

601 1344 651 1397 id
690 1344 1017 1413 appellatur,
1066 1347 1211 1416 quod
1249 1348 1419 1404 divini
1447 1350 1634 1406 Patres
1671 1352 1927 1409 docuere.
1962 1358 2032 1409 At
2068 1373 2175 1413 non

603 1438 674 1493 ita
727 1447 831 1500 est.
884 1439 1243 1509 impostorum
1292 1442 1627 1513 nequissime
1674 1463 1686 1499 :
1753 1446 1846 1501 sed
1888 1462 1919 1501 e
1961 1448 2178 1505 diverso

600 1535 898 1599 regerenda
938 1533 991 1585 in
1029 1541 1079 1586 te
1134 1532 1329 1602 linguze
1372 1534 1641 1589 vibrantis
1684 1536 1889 1606 jacula.
1918 1538 2179 1605 Quando-

601 1622 820 1689 quidem
851 1623 1015 1692 igitur
1051 1625 1153 1679 tela
1180 1636 1262 1679 est
1287 1627 1352 1680 ad
1373 1627 1530 1682 linem
1558 1644 1735 1698 usque
1759 1640 2027 1700 pertexta,
2047 1634 2178 1690 illud

2270 626 2459 699 ἐπειδὴ
2491 626 2773 697 ἐρωτήσας
2801 625 3064 694 ἤκουσας,
3095 624 3156 675 οὐ
3191 621 3340 691 παρά
3380 621 3539 674 τοῦδε
3580 621 3679 673 καὶ
3706 622 3863 675 τοῦδε

2273 718 2524 790 σμικρῶν
2578 716 2881 788 ἀνθρώπων
2930 717 3026 768 καὶ
3086 712 3422 801 οὐδαμινῶν,
3476 710 3627 782 πρὸς
3682 712 3866 764 αὐτῶν

2270 811 2327 865 δὲ
2352 809 2461 863 τῶν
2494 808 2766 879 πνεύματι
2814 806 3209 878 φθεγξαμένων
3244 805 3405 867 Θεοῦ,
3446 805 3549 858 καὶ¹
3587 801 3865 873 βροντῶν-

2271 920 2379 956 των
2420 903 2518 972 τὴν
2555 900 2647 955 ὑπ’
2696 899 2944 970 οὐρανὸν,
2987 899 3195 970 φράσον
3231 899 3324 950 καὶ
3362 897 3422 949 τὸ
3473 895 3865 965 συμπέρασμα

2272 993 2365 1047 τοῦ
2394 994 2591 1060 λόγου,
2633 987 2678 1045 ὧ
2715 992 3074 1058 δογματιστά.
3132 988 3294 1043 Ἀλλ’
3332 987 3608 1055 εὔδηλον
3640 985 3725 1050 ὡς
3751 1001 3865 1053 μα-

2274 1082 2409 1137 ταία
2436 1084 2474 1150 ἡ
2498 1082 2737 1148 τοιαύτη
2760 1081 3013 1143 ἐπίνοια,
3042 1080 3136 1133 καὶ
3166 1075 3521 1145 διασολικῆς
3538 1075 3865 1146 μεθοδειάς

2275 1175 2511 1244 εὕρεμα.
2569 1171 2837 1244 Εὔκαιρον
2879 1170 3115 1224 ἐνταῦθα
3172 1169 3433 1239 ἐκϐοῆσαι
3490 1170 3644 1238 μέγα
3673 1183 3691 1199 ·
3723 1170 3865 1221 Ἕκ-

2277 1268 2475 1330 στηθι,
2508 1264 2746 1332 οὺρανὲ,
2781 1262 2880 1315 ἐπὶ
2930 1262 3151 1327 totiter
3182 1261 3264 1313 ὅτι
3306 1259 3543 1330 ματαίαν
3578 1259 3861 1321 ἐπίνοιαν,

2278 1356 2372 1409 καὶ
2404 1355 2533 1426 εῦρε
2544 1373 2621 1425 μα
2648 1355 2931 1425 μεθοδείας
2962 1353 3213 1407 διαϐόλου
3241 1352 3309 1405 τά
3336 1352 3490 1423 παρά
3516 1351 3636 1403 τῶν
3669 1352 3865 1421 θεοφὸο

2281 1465 2390 1518 ρων
2424 1446 2544 1518 ἱερά
2579 1447 2822 1517 δόγματα
2852 1446 3216 1515 ὲκπέφασται.
3260 1445 3401 1500 Ἀλλ’
3430 1445 3535 1515 οὐχ
3573 1444 3759 1510 οὕτως
3781 1486 3795 1507 ,
3821 1438 3866 1499 ὦ

2279 1539 2497 1593 πλάνων
2542 1539 2804 1607 μέγιστε·
2843 1539 3158 1592 τούναντίον
3206 1538 3263 1592 δὲ
3299 1538 3392 1591 ἐπὶ
3437 1537 3524 1590 σοὶ
3567 1537 3866 1593 ἀναθετέον

2278 1632 2347 1686 τὰ
2389 1633 2488 1702 τῆς
2516 1629 2765 1702 γλώττης
2807 1648 2901 1684 σου
2933 1630 3335 1701 ἀμαρύγματα.
3388 1629 3546 1682 Ἐπεὶ
3575 1626 3676 1684 οὖν
3716 1631 3869 1692 τέλος

603 1715 862 1783 pervelim
891 1724 943 1769 te
978 1731 1159 1781 nosse,
1189 1715 1374 1783 frater,
1412 1718 1509 1775 has
1536 1723 1835 1779 sententias
1881 1724 1950 1779 ab
1988 1725 2181 1780 lcono-

2288 1723 2476 1794 Εχειτὸ
2507 1720 2670 1791 ὕφος·
2715 1724 2891 1776 ὲκεῐνο
2923 1721 3186 1792 βούλομαί
3234 1738 3317 1785 σε,
3360 1720 3582 1789 ἀδελφὲ,
3641 1722 3864 1783 εἰδέναι,

606 1806 814 1860 inachis
836 1806 1064 1877 proferri
1091 1826 1101 1861 :
1125 1824 1356 1878 quarum
1380 1811 1498 1867 alite
1519 1813 1587 1867 ab
1609 1813 1877 1869 haereticis
1903 1816 2186 1873 manifeste

2288 1817 2366 1870 ’ότι
2400 1814 2583 1882 ἇσπερ
2622 1814 2957 1884 προφέρουσι
3002 1815 3233 1885 χρήσεις
3269 1814 3320 1867 οἱ
3362 1812 3737 1883 Είκονομάχοι
3762 1829 3774 1841 ·
3813 1814 3868 1865 αἱ

602 1909 898 1968 petuntur;
936 1899 1049 1953 fieri
1074 1901 1240 1965 enim,
1259 1901 1373 1956 fieri
1396 1904 1619 1959 omnino
1635 1921 1742 1959 non
1763 1914 1961 1976 potest,
1988 1916 2046 1963 ut
2071 1923 2179 1962 non

605 1993 960 2047 interseratur
1001 1994 1347 2049 mendacium
1395 1995 1631 2063 veritati,
1684 2007 1741 2052 ιιι
1784 1999 2059 2054 frumento
2100 2003 2178 2055 zi-

605 2085 758 2137 zania
798 2103 809 2137 :
847 2084 966 2138 aliae
1011 2099 1075 2139 ex
1109 2087 1311 2141 sanctis
1351 2086 1625 2155 Patribus,
1655 2105 1794 2159 quas
1838 2091 1916 2145 illi
1946 2092 2178 2148 obducta

605 2174 845 2229 tenebris
877 2177 1204 2243 cogitatione
1238 2192 1491 2247 perversa
1526 2180 1802 2250 accipiunt
1835 2200 1849 2236 :
1888 2184 2006 2239 alia:
2026 2184 2183 2240 deni-

605 2279 712 2334 que
765 2279 795 2318 a
850 2267 1134 2334 proposito
1188 2267 1396 2333 alienze,
1456 2286 1517 2324 ea
1554 2286 1677 2341 quae
1722 2273 1863 2328 idola
1912 2286 2179 2344 spectant,

607 2354 809 2410 Christi
875 2357 1096 2426 imagini
1178 2362 1719 2419 accommodantes:
1777 2381 2011 2435 quorum
2074 2383 2181 2422 non

606 2454 819 2514 oportet
860 2456 1062 2501 temere
1114 2464 1303 2503 vocem
1368 2452 1674 2517 admittere,
1737 2471 1933 2526 neque,
1994 2470 2182 2514 contra

608 2538 945 2593 sanctionem
998 2542 1377 2609 apostolicam,
1431 2560 1554 2599 cum
1616 2547 1886 2605 haereticis
1936 2550 2185 2606 conferre

609 2643 942 2685 sermonem.
990 2631 1262 2688 Czeterum
1311 2636 1499 2692 salvus
1542 2638 1639 2703 sis,
1668 2638 1740 2692 fili
1770 2658 1782 2694 :
1829 2651 1884 2695 et
1912 2650 1969 2696 ut
1997 2642 2183 2699 salvus

611 2737 713 2775 Slm
755 2738 872 2776 ora.

609 2830 875 2889 XXXVII.
930 2866 998 2877 —
1046 2835 1348 2916 Theodorus
1382 2841 1647 2916 omnibus
1699 2842 1887 2913 ubique
1937 2845 2186 2916 dispersis

1171 2908 1612 2976 fraternitatibus.

2276 1907 2384 1979 ,μὲν
2421 1906 2704 1978 προδήλως
2750 1905 3048 1977 αἱρετικῶν
3074 1922 3087 1935 ο
3124 1906 3184 1960 οὐ
3216 1905 3325 1976 γὰρ
3367 1904 3537 1965 ἔστιν.
3570 1905 3679 1958 οὐκ
3712 1906 3828 1959 εστι
3849 1945 3866 1969 ,

2284 1999 2358 2070 μὴ
2400 1999 2522 2068 οὐχὶ
2568 1997 3012 2068 παρυφίστασθαι
3045 2000 3112 2068 τῇ
3139 1996 3368 2068 ἀληθείᾳ
3410 1998 3469 2049 τὺ
3501 1995 3749 2066 ψεῦδος,
3794 1997 3869 2058 ὡς

2281 2094 2373 2146 καὶ
2417 2092 2496 2162 τῷ
2545 2092 2677 2163 σίτῳ
2722 2092 2792 2146 τὰ
2835 2089 3089 2157 ζιζάνια·
3138 2092 3194 2143 αἱ
3242 2090 3299 2143 δὲ
3347 2089 3611 2161 Πατέρων
3657 2089 3865 2158 ἁγίων,

2282 2183 2556 2253 στρεὸλῶς
2614 2185 2719 2237 ὑπὸ
2777 2184 2877 2253 τῆς
2938 2181 3335 2253 ὲσκοτισμένης
3380 2181 3565 2234 αὐτῶν
3624 2180 3869 2243 διανοίας

2280 2274 2799 2344 ἐκλαμϐανόμεναι’
2842 2274 2899 2327 αἱ
2946 2274 3005 2327 δὲ
3045 2273 3393 2328 παντάπασιν
3436 2272 3767 2336 ἀλλόκοτοι,
3802 2273 3869 2325 τὰ

2282 2369 2424 2422 κατά
2455 2367 2686 2422 εἰδώλων
2715 2370 2781 2439 τῇ
2816 2368 2987 2422 εἰκόνι
3015 2368 3252 2439 Χριστοῦ
3281 2368 3633 2422 ἀνάπτουσαι
3651 2383 3667 2395 ⁸
3708 2360 3786 2421 ὧν
3810 2367 3868 2419 οὐ

2282 2462 2365 2515 δεῖ
2397 2462 2472 2525 ὡς
2503 2461 2661 2531 ἔτυχε
2695 2459 3017 2531 προσίεσθαι
3047 2460 3250 2531 φωνὴν,
3285 2458 3411 2513 οὔτε
3448 2458 3559 2529 μὴν
3588 2460 3870 2530 συναίρειν

2283 2554 2441 2621 λόγον
2471 2554 2767 2623 αἱρετικοίς
2801 2553 2956 2626 παρά
2984 2553 3085 2624 τὴν
3117 2551 3485 2621 ἀποστολικὴν
3512 2550 3866 2622 νομοθεσίαν.

2284 2647 2358 2699 Τὸ
2402 2646 2624 2711 λοιπὸν,
2679 2646 2907 2715 σώζοιο,
2981 2647 3170 2701 τέκνον
3203 2661 3218 2676 ⁸
3276 2643 3373 2699 xal.
3441 2642 3514 2712 μὲ
3598 2643 3871 2711 σώζεσθαι

2285 2739 2587 2810 προσεύχου
2619 2739 2717 2811 (1).

2287 2856 2818 2927 ΛΖ’.-Θεόδωρος
2871 2857 3001 2922 ταῖς
3050 2853 3359 2927 πανταχοῦ
3399 2851 3873 2925 διεσπαρμέναις

2786 2926 3175 2996 ἀδελφότητι-ι.
3212 2924 3347 2998 [τι⁸.]

1532 3028 1827 3079 Cohortatur
1845 3032 1904 3080 ad
1929 3033 2231 3095 patientiam.
2268 3040 2467 3103 (Barou.
2489 3055 2567 3090 an.
2594 3041 2703 3096 818.
2732 3055 2779 3090 ιι.
2809 3040 2879 3103 7.)

689 3122 708 3154 ι
744 3102 935 3158 Gratia
988 3104 1128 3160 vobis
1162 3116 1210 3161 et
1242 3124 1348 3178 pax
1384 3110 1737 3179 adimpleatur
1762 3115 1829 3167 θ’.
1875 3120 1918 3167 ι*
1948 3115 2187 3186 ASquum

2363 3125 2537 3193 Χάρις
2593 3124 2733 3193 ὑμῖν
2771 3102 2871 3176 καί
2919 3120 3126 3189 εἰρήνη
3189 3119 3589 3188 πληθυνθείη.
3654 3117 3874 3171 Δίκαιον

613 3196 757 3250 enim
788 3207 871 3251 est
897 3198 1226 3268 Apostolicis
1267 3204 1447 3258 verbis
1479 3205 1631 3260 aliari
1658 3222 1751 3261 eos
1781 3209 1872 3276 qui
1912 3224 2009 3279 pro
2038 3210 2194 3265 Chri-

616 3300 702 3344 sto
749 3292 1173 3358 persecutionem
1229 3296 1526 3363 patiuntur.
1576 3296 1901 3355 Benedictus
1946 3300 2091 3358 Deus
2143 3314 2197 3358 et

616 3378 776 3434 Pater
820 3380 1033 3437 Domini
1087 3386 1261 3441 nostri
1306 3386 1434 3443 Jesu
1482 3389 1703 3457 Christi,
1756 3393 1849 3463 qui
1907 3395 2197 3451 humilitati

618 3484 818 3527 nostrm
842 3475 1067 3544 jauuam
1090 3480 1323 3549 aperuit,
1346 3483 1596 3550 quamvis
1627 3494 1774 3541 arcte
1797 3489 2195 3555 custodiamur,

619 3571 682 3618 ut
700 3566 979 3622 vobiscum
1000 3569 1333 3627 charissimis
1357 3572 1614 3631 fratribus
1630 3578 1829 3632 nostris
1849 3579 2196 3649 cpistolarum

619 3657 889 3726 colloquio
915 3662 1170 3731 congredi
1217 3664 1510 3732 possimus.
1542 3665 1680 3723 Vere
1722 3670 1941 3726 Verbum
1972 3673 2063 3726 Det
2097 3690 2197 3727 non

619 3757 696 3803 est
740 3749 1077 3819 alligatum“
1111 3770 1126 3807 :
1164 3755 1265 3808 etsi
1299 3756 1521 3826 alligare
1572 3774 1633 3812 se
1676 3769 1864 3828 putent
1896 3764 1988 3831 qui
2024 3763 2201 3815 domi-

620 3850 837 3896 nantur.
879 3842 1014 3899 Vere
1047 3843 1217 3899 lmtari
1261 3847 1555 3915 plurimum
1590 3850 1872 3917 debemus,
1903 3869 2024 3907 cum
2059 3853 2200 3907 divi-

621 3951 815 3990 narum
851 3938 1264 4007 praedictionum
1295 3952 1486 3997 eventa
1520 3944 1572 3996 in
1604 3946 1761 3999 nobis
1790 3946 1921 4015 ipsis
1951 3958 2200 4015 peccato-

622 4027 774 4082 ribus
824 4031 1212 4096 conspicimus.
1254 4034 1387 4103 Age,
1452 4051 1572 4090 cum
1624 4037 1885 4106 Apostolo
1928 4041 2197 4106 dicamus,

624 4118 818 4173 fratres
851 4138 864 4173 :
907 4121 1039 4187 Quis
1079 4140 1170 4177 nos
1202 4125 1467 4193 separabit
1498 4144 1529 4179 a
1561 4128 1823 4185 citaritate
1856 4132 1951 4185 Dei
1978 4135 2002 4187 ?
2035 4133 2201 4187 tribu-

625 4210 753 4263 latio
776 4214 801 4264 ?
828 4228 893 4263 an
916 4214 1157 4281 angustia
1184 4216 1209 4266 .9
1233 4232 1299 4268 an
1326 4216 1491 4284 fames
1510 4219 1535 4270 .’
1555 4235 1623 4271 an
1650 4225 1937 4289 persecutio
1961 4225 1987 4277 .9
2013 4243 2077 4277 an
2106 4242 2202 4278 mt-

623 4302 765 4355 ditas
798 4303 823 4354 3’
849 4320 916 4355 an
940 4304 1279 4371 periculum?
1306 4324 1373 4360 an
1410 4309 1620 4379 gladius
1652 4310 1698 4344 ⁸⁹
1726 4314 1750 4366 ?
1780 4310 1918 4368 Num
1957 4317 2102 4370 enim
2138 4316 2204 4374 de

622 4394 803 4463 seipso
838 4404 1047 4449 tantum
1091 4397 1205 4452 haec
1236 4399 1391 4461 dixit,
1420 4416 1484 4456 ac
1515 4418 1623 4456 non
1683 4405 1846 4459 etiam
1884 4407 1950 4461 de
1987 4409 2143 4464 nobis
2184 4428 2199 4465 :

2294 3214 2403 3284 γὰρ
2433 3215 2539 3267 ἀπὸ
2582 3214 2777 3283 φωνῶν
2818 3210 3194 3265 ἀποστολικῶν
3237 3215 3351 3274 τοῖς
3379 3209 3467 3264 διὰ
3504 3209 3757 3277 Χριστὸν
3796 3209 3874 3261 δε⁶

2294 3305 2617 3375 διωγμὲνοις
2661 3302 3116 3374 ἐπιφθέγγεσθαι.
3163 3300 3466 3371 Εὐλογητὸς
3508 3301 3537 3353 ό
3587 3298 3732 3363 Θεὸς
3788 3298 3874 3353 καὶ

2298 3396 2487 3466 Πατὴρ
2519 3394 2615 3448 τοῦ
2654 3396 2860 3466 Κυρίου
2889 3394 3048 3465 ἡμῶν
3091 3393 3266 3465 Ἰησοῦ
3296 3390 3560 3461 Χριστοῦ,
3597 3390 3628 3442 ὁ
3659 3390 3872 3456 ἀνοίξας

2298 3487 2430 3558 ἡμῖν
2486 3489 2599 3549 τοῖς
2647 3488 2923 3551 ταπεινοῖς
2980 3486 3150 3557 θύραν
3170 3525 3185 3548 ,
3256 3482 3460 3552 καίπερ
3509 3482 3873 3551 τηρουμὲνοις

2297 3579 2575 3649 ἀσφαλῶς,
2600 3582 2664 3650 τῇ
2695 3579 2782 3631 διὰ
2808 3578 2900 3632 τοῦ
2927 3578 3258 3647 γράμματος
3303 3571 3492 3643 ὁμιλίᾳ
3531 3573 3874 3642 συναφθῆνιιι

2298 3673 2427 3743 ὑμῖν
2458 3674 2574 3734 τοῖς
2630 3671 3008 3741 ἠγαπημένοις
3050 3667 3299 3736 ἀδελφοῖς
3350 3662 3529 3735 ἡμῶν.
3590 3664 3809 3726 Ὄντως
3848 3665 3877 3715 ό

2298 3766 2489 3833 Λόγος
2513 3763 2618 3815 τοῦ
2649 3761 2799 3815 Θεοῦ
2833 3763 2905 3814 οὺ
2940 3759 3205 3814 δέδεται·
3244 3756 3349 3811 κᾶν
3400 3755 3629 3824 δεσμεῖν
3661 3756 3715 3808 οἱ
3751 3771 3878 3825 κρα·

2297 3856 2517 3919 τοῦντες
2540 3854 2763 3907 οἴωνται
2782 3868 2797 3883 ⁸
2826 3852 2997 3916 ὅντως
3030 3850 3174 3922 μέγα
3199 3848 3490 3919 ὀφείλομεν
3519 3849 3744 3918 χαίρειν
3766 3866 3781 3877 ·
3806 3848 3877 3899 ὅτι

2297 3948 2513 4018 ὁρῶμεν
2559 3946 2617 3997 ὲν
2650 3946 2781 4015 ἡμῖν
2824 3944 3009 4002 αὐτοῖς
3044 3944 3157 4003 τοῖς
3188 3937 3535 4010 ἁμαρτωλοῖς
3583 3937 3687 4001 τὰς
3722 3936 3879 3990 ὲκϐἀο

2301 4053 2414 4100 σεις
2444 4037 2553 4090 τῶν
2590 4035 2749 4088 θείων
2783 4035 3166 4105 προρρήσεων.
3206 4030 3391 4095 Δεῦτε,
3419 4030 3694 4100 εἴπωμεν.
3732 4031 3879 4084 ἀδελ-

2299 4131 2412 4199 φοὶ,
2454 4130 2593 4199 μετά
2615 4128 2711 4188 τοῦ
2746 4126 3105 4181 ’Λποστόλουθ
3149 4124 3246 4191 Τίς
3279 4120 3439 4192 ἡμᾶς
3468 4124 3723 4191 χωρίσει
3768 4120 3879 4175 ἀπὸ

2299 4222 2410 4291 τῆς
2452 4221 2691 4291 ἀγάπης
2725 4221 2832 4275 τοῦ
2888 4218 3073 4281 Θεοῦ;
3109 4219 3351 4286 aliti-rc;
3397 4214 3435 4285 ἢ
3475 4214 3879 4282 στενοχωρίας

2300 4314 2339 4383 ἢ
2380 4314 2585 4383 λιμός
2618 4314 2656 4381 ἢ
2701 4312 2989 4381 army-prie;
3032 4309 3071 4377 ἢ
3106 4308 3443 4378 γυμνότης;
3483 4306 3523 4374 ἢ
3553 4303 3879 4368 κίνδυνος-ἐ

2302 4407 2341 4475 ἢ
2378 4405 2641 4475 μάχαιρα
2654 4421 2673 4469 ;
2714 4406 2807 4475 Μὴ
2840 4405 2951 4474 γὰρ
2978 4402 3048 4455 δι’
3079 4400 3272 4454 ἑαυτὸν
3311 4399 3472 4470 μόνον
3508 4396 3691 4451 ταῦτα
3737 4396 3884 4466 εἴρη-

622 4492 677 4536 et
723 4492 782 4536 ut
834 4497 934 4538 nos
962 4499 1090 4555 erga
1124 4486 1288 4539 Deum
1327 4489 1406 4543 sic
1445 4488 1619 4545 allecti
1647 4492 1840 4556 simus,
1875 4503 1933 4547 ut
1962 4492 2189 4549 afﬂictio-

2304 4473 2431 4565 2:9,,
2467 4473 2608 4548 ἀλλ’
2660 4473 2805 4563 οὐχὶ-
2841 4473 2935 4548 καὶ
2981 4492 3121 4562 ὑπὲρ
3174 4488 3370 4561 ἡμῶν·
3430 4488 3522 4542 ἴνα
3574 4486 3677 4540 καὶ
3728 4488 3881 4558 lipsi;

624 4576 789 4630 nibus
838 4576 961 4631 istis
1014 4592 1152 4646 quas
1193 4581 1553 4647 sustinemus,
1585 4585 1810 4638 minime
1869 4585 2201 4653 lrangamur,

625 4667 720 4721 sed
746 4683 809 4722 ea
848 4684 973 4738 quae
1002 4670 1199 4726 desunt
1232 4673 1550 4743 passionum
1588 4691 1710 4731 cum
1747 4676 1943 4745 gaudio
1969 4675 2205 4745 perferre

624 4771 871 4812 amemus
908 4759 977 4814 '°.
1024 4759 1296 4818 Gaudium
1353 4765 1496 4820 enim
1554 4776 1638 4822 est
1685 4768 2064 4829 inenarrabile,
2108 4783 2206 4838 pro

624 4844 843 4900 Christo
871 4857 925 4902 et
952 4864 1074 4903 cum
1104 4851 1320 4908 Christo
1369 4855 1501 4924 pati,
1534 4857 1991 4926 quemadmodum
2024 4868 2207 4912 osten-

624 4937 822 4993 derunt
851 4943 1025 4997 sancti
1053 4959 1244 5001 omnes
1268 4960 1440 5017 usque
1464 4948 1528 5002 ad
1549 4948 1880 5004 Thaddazum
1907 4962 2199 5022 martyrem

626 5041 899 5098 nostrum,
931 5041 985 5087 et
1008 5037 1305 5104 quemlibet
1352 5039 1519 5093 alium
1558 5040 1955 5106 confessorem,
1988 5045 2201 5113 egregia

627 5123 796 5176 animi
848 5128 1183 5193 constantia,
1232 5138 1287 5185 et
1333 5132 1699 5199 persecutioni
1749 5135 2201 5190 convenientibus

630 5209 788 5268 factis
820 5233 833 5267 :
859 5218 952 5286 qui
984 5220 1100 5274 sive
1123 5235 1189 5275 ex
1216 5237 1453 5283 carcere,
1482 5224 1597 5278 sive
1629 5240 1697 5279 ex
1724 5225 1832 5281 alio
1855 5226 2032 5282 exsilii
2064 5242 2199 5298 quo-

633 5301 712 5356 vis
739 5303 881 5372 loco,
912 5318 1034 5377 post
1067 5310 1216 5365 illum
1259 5312 1529 5366 abierunt.

700 5440 748 5474 ⁸⁵
780 5440 983 5499 Jerem.
1019 5460 1079 5511 ιι,
1114 5446 1202 5501 12.
1276 5447 1323 5480 ⁸⁸
1352 5446 1484 5503 ibid.
1559 5446 1604 5479 "
1634 5447 1679 5503 ll
1719 5448 1862 5505 Petr.
1894 5466 1933 5512 ι,
1964 5451 2019 5505 2.
2097 5449 2143 5483 ⁸⁵
2176 5451 2189 5505 1

2288 5451 2505 5507 limoth.
2540 5469 2600 5520 tt,
2631 5453 2687 5507 9.

2297 4586 2524 4657 τοιαύτῃ
2572 4585 2812 4639 διαθέσει
2844 4584 2915 4638 τὰ
2958 4584 3096 4654 πρὸς
3155 4581 3288 4635 Θεὸν
3328 4580 3577 4652 ἔχωμεν,
3626 4579 3773 4632 ῶστε
3813 4579 3882 4649 μὴ

2302 4677 2632 4747 ὲκκακῶμεν
2660 4679 2717 4729 ὲν
2748 4671 2829 4737 οἷς
2868 4676 3035 4746 ἐσμεν
3077 4672 3348 4741 θλιϐεροῖς
3370 4685 3385 4700 ·
3422 4671 3541 4724 ἀλλ’
3574 4671 3882 4739 ἀγαπῶμεν

2304 4766 2397 4819 καὶ
2421 4765 2490 4817 τὰ
2542 4765 2864 4818 ἐλλείποντα
2897 4763 3197 4832 παθήματα
3230 4763 3454 4816 ὑποῐσαι
3500 4762 3645 4832 μετά
3675 4763 3880 4833 χαρᾶςς

2301 4859 2446 4929 χαρὰ
2498 4857 2607 4927 γάρ
2660 4859 2810 4911 ἐστιν
2869 4855 3235 4926 ἀνεκλάλητος
3292 4854 3432 4926 ὑπὲρ
3489 4853 3739 4923 Χριστοῦ
3796 4852 3881 4905 καὶ

2299 4950 2436 5017 μετὰ
2492 4947 2733 5019 Χριστοῦ
2805 4947 3067 5017 πάσχειν·
3128 4944 3313 5010 καθὼς
3366 4944 3583 5010 ἔδειξαν
3636 4946 3689 4998 ot
3744 4943 3881 5012 ἅγιοι

2297 5041 2500 5104 πάντες
2547 5040 2711 5112 μέχρι
2761 5039 3030 5093 Θαδδαίου
3082 5038 3181 5093 τοῦ
3232 5039 3512 5111 ἡμετέρου
3566 5051 3877 5109 μαρτυρος,

2296 5135 2391 5187 καὶ
2417 5124 2629 5198 οὗτινος
2668 5132 2828 5188 ἀλλου
2866 5132 3205 5204 ὁμολογητοῦ
3255 5130 3590 5203 μετόπισθεν
3635 5132 3879 5201 ἀπάραν-

2295 5244 2409 5292 τος,
2447 5227 2479 5296 ἢ
2526 5227 2589 5278 ὲκ
2618 5226 2885 5296 φυλακῆς,
2922 5227 2955 5297 ἢ
2989 5224 3052 5279 ἔκ
3084 5242 3229 5288 τινος
3262 5223 3424 5278 ἄλλου
3452 5222 3765 5291 φυγαδείας
3796 5220 3877 5274 τώ⁴

2300 5335 2402 5372 που
2424 5359 2440 5383 ,
2471 5321 2611 5390 καλῇ
2644 5318 2921 5391 προθυμίᾳ
2953 5320 3048 5373 καὶ
3077 5317 3413 5387 ἀξιοδιώκτῳ
3442 5315 3675 5387 πράξει.

2776 5451 2821 5485 ⁸³
2853 5453 3015 5508 Rom.
3070 5467 3187 5514 vnt,
3217 5450 3307 5505 55.
3381 5448 3428 5481 ”
3467 5446 3689 5505 Coloss.
3724 5463 3766 5513 ι,
3794 5444 3876 5501 Si.

2153 5565 2361 5624 NOTAE
2372 5606 2384 5622 .

707 5676 956 5750 (l)__Cod.
1001 5676 1133 5745 Reg.
1187 5674 1320 5750 hic_:
1376 5675 1811 5750 'ApX'h_Bt6MO'J
1869 5679 1934 5750 β’.
1989 5679 2207 5734 initium

643 5741 857 5809 librili;
883 5761 1073 5815 nempe
1088 5741 1362 5816 posterior
1391 5741 1509 5804 ἱειό
1535 5741 1819 5807 Theodori
1850 5741 2205 5808 eoistolarum

2316 5678 2491 5754 liber,
2526 5694 2620 5734 seu
2663 5678 2898 5750 sylloge,
2953 5674 3215 5754 dividitur
3288 5673 3354 5754 in
3382 5668 3503 5754 hoc
3530 5672 3759 5754 .cpdice
3826 5672 3873 5727 in

2317 5750 2488 5805 libros
2529 5744 2784 5821 quatuor,
2808 5744 3047 5819 quorum
3074 5746 3284 5817 primus
3321 5744 3396 5800 ibi
3426 5744 3659 5800 desinit.
