  <div class='ocr_page' id='page_1' title='image "/cluster/home/n/w/nwhite01/storage/ocr_20150623/99/pst.000005714063/664.png"; bbox 0 0 3990 6318; ppageno 0'>
   <div class='ocr_carea' id='block_1_1' title="bbox 136 341 296 404">
    <p class='ocr_par' dir='ltr' id='par_1_1' title="bbox 136 341 296 404">
     <span class='ocr_line' id='line_1_1' title="bbox 136 341 296 404; baseline 0.019 -3"><span class='ocrx_word' id='word_1_1' title='bbox 136 341 296 404; x_wconf 72' lang='lat'><strong>1225</strong></span> 
     </span>
    </p>
   </div>
   <div class='ocr_carea' id='block_1_2' title="bbox 1349 349 2220 408">
    <p class='ocr_par' dir='ltr' id='par_1_2' title="bbox 1349 349 2220 408">
     <span class='ocr_line' id='line_1_2' title="bbox 1349 349 2220 408; baseline -0.002 -2"><span class='ocrx_word' id='word_1_2' title='bbox 1349 349 1884 408; x_wconf 77' lang='lat' dir='ltr'><strong>EPISTOLARUM</strong></span> <span class='ocrx_word' id='word_1_3' title='bbox 1927 349 2074 407; x_wconf 82' lang='lat' dir='ltr'><strong>LIB.</strong></span> <span class='ocrx_word' id='word_1_4' title='bbox 2136 349 2220 404; x_wconf 91' lang='grc' dir='ltr'><strong>Ιῐ.</strong></span> 
     </span>
    </p>
   </div>
   <div class='ocr_carea' id='block_1_3' title="bbox 3274 353 3412 414">
    <p class='ocr_par' dir='ltr' id='par_1_3' title="bbox 3274 353 3412 414">
     <span class='ocr_line' id='line_1_3' title="bbox 3274 353 3412 414; baseline -0.007 0"><span class='ocrx_word' id='word_1_5' title='bbox 3274 353 3412 414; x_wconf 71' lang='lat'><strong>1226</strong></span> 
     </span>
    </p>
   </div>
   <div class='ocr_carea' id='block_1_4' title="bbox 213 449 1715 526">
    <p class='ocr_par' dir='ltr' id='par_1_4' title="bbox 213 449 1715 526">
     <span class='ocr_line' id='line_1_4' title="bbox 213 449 1715 526; baseline -0.005 -21"><span class='ocrx_word' id='word_1_6' title='bbox 213 449 566 521; x_wconf 83' lang='grc' dir='ltr'>Γενοίμεθα,</span> <span class='ocrx_word' id='word_1_7' title='bbox 613 451 832 519; x_wconf 84' lang='grc' dir='ltr'>ἀδελφοί</span> <span class='ocrx_word' id='word_1_8' title='bbox 887 470 1019 522; x_wconf 91' lang='grc' dir='ltr'>μου,</span> <span class='ocrx_word' id='word_1_9' title='bbox 1080 455 1175 508; x_wconf 73' lang='grc' dir='ltr'>καὶ</span> <span class='ocrx_word' id='word_1_10' title='bbox 1227 457 1388 524; x_wconf 79' lang='grc' dir='ltr'>ἡμεῖς</span> <span class='ocrx_word' id='word_1_11' title='bbox 1451 457 1715 526; x_wconf 60' lang='grc' dir='ltr'>μάρτυρες</span> 
     </span>
    </p>
   </div>
   <div class='ocr_carea' id='block_1_5' title="bbox 1816 449 3412 526">
    <p class='ocr_par' dir='ltr' id='par_1_5' title="bbox 1904 451 3412 524">
     <span class='ocr_line' id='line_1_5' title="bbox 1904 451 3412 524; baseline 0.005 -20"><span class='ocrx_word' id='word_1_12' title='bbox 1904 451 2089 504; x_wconf 87' lang='lat' dir='ltr'><strong>Simus</strong></span> <span class='ocrx_word' id='word_1_13' title='bbox 2133 461 2187 504; x_wconf 89' lang='lat' dir='ltr'><strong>et</strong></span> <span class='ocrx_word' id='word_1_14' title='bbox 2231 467 2352 511; x_wconf 90' lang='lat' dir='ltr'><strong>nos,</strong></span> <span class='ocrx_word' id='word_1_15' title='bbox 2399 451 2596 506; x_wconf 76' lang='lat' dir='ltr'><strong>fratres</strong></span> <span class='ocrx_word' id='word_1_16' title='bbox 2645 453 2772 517; x_wconf 89' lang='lat' dir='ltr'><strong>mei,</strong></span> <span class='ocrx_word' id='word_1_17' title='bbox 2832 464 3099 524; x_wconf 77' lang='lat' dir='ltr'><strong>martyres</strong></span> <span class='ocrx_word' id='word_1_18' title='bbox 3145 459 3211 511; x_wconf 88' lang='lat' dir='ltr'><strong>ad</strong></span> <span class='ocrx_word' id='word_1_19' title='bbox 3264 459 3412 513; x_wconf 89' lang='lat' dir='ltr'><strong>hunc</strong></span> 
     </span>
    </p>
   </div>
   <div class='ocr_carea' id='block_1_6' title="bbox 130 543 1729 620">
    <p class='ocr_par' dir='ltr' id='par_1_6' title="bbox 130 543 1729 620">
     <span class='ocr_line' id='line_1_6' title="bbox 130 543 1729 620; baseline 0.002 -23"><span class='ocrx_word' id='word_1_20' title='bbox 130 544 579 614; x_wconf 83' lang='grc' dir='ltr'>τοιουτοτρόπως</span> <span class='ocrx_word' id='word_1_21' title='bbox 598 561 613 575; x_wconf 94' lang='grc'><strong>·</strong></span> <span class='ocrx_word' id='word_1_22' title='bbox 647 545 706 598; x_wconf 83' lang='grc' dir='ltr'>ὲν</span> <span class='ocrx_word' id='word_1_23' title='bbox 726 543 805 614; x_wconf 84' lang='grc' dir='ltr'>τῷ</span> <span class='ocrx_word' id='word_1_24' title='bbox 835 545 919 598; x_wconf 80' lang='grc' dir='ltr'><strong>ἀεὶ</strong></span> <span class='ocrx_word' id='word_1_25' title='bbox 949 547 1392 614; x_wconf 83' lang='grc' dir='ltr'><strong>παρεσκευάσθαι</strong></span> <span class='ocrx_word' id='word_1_26' title='bbox 1417 549 1729 620; x_wconf 82' lang='grc' dir='ltr'>συλληφθῆ-</span> 
     </span>
    </p>
   </div>
   <div class='ocr_carea' id='block_1_7' title="bbox 127 637 1730 709">
    <p class='ocr_par' dir='ltr' id='par_1_7' title="bbox 127 637 1730 709">
     <span class='ocr_line' id='line_1_7' title="bbox 127 637 1730 709; baseline 0.004 -21"><span class='ocrx_word' id='word_1_27' title='bbox 127 655 233 690; x_wconf 84' lang='grc' dir='ltr'><strong>ναι</strong></span> <span class='ocrx_word' id='word_1_28' title='bbox 257 677 275 702; x_wconf 92' lang='grc'><strong>,</strong></span> <span class='ocrx_word' id='word_1_29' title='bbox 314 637 671 707; x_wconf 82' lang='grc' dir='ltr'>ὁμολογῆσαι,</span> <span class='ocrx_word' id='word_1_30' title='bbox 706 637 1193 709; x_wconf 78' lang='grc' dir='ltr'>φραγελλωθῆναι,</span> <span class='ocrx_word' id='word_1_31' title='bbox 1219 639 1529 694; x_wconf 85' lang='grc' dir='ltr'>ἀποθανεῖν.</span> <span class='ocrx_word' id='word_1_32' title='bbox 1558 640 1730 694; x_wconf 82' lang='grc' dir='ltr'>Τοῦτό</span> 
     </span>
    </p>
   </div>
   <div class='ocr_carea' id='block_1_8' title="bbox 127 728 1729 804">
    <p class='ocr_par' dir='ltr' id='par_1_8' title="bbox 127 728 1729 804">
     <span class='ocr_line' id='line_1_8' title="bbox 127 728 1729 804; baseline 0.004 -23"><span class='ocrx_word' id='word_1_33' title='bbox 127 731 266 782; x_wconf 78' lang='grc' dir='ltr'>ἐστι</span> <span class='ocrx_word' id='word_1_34' title='bbox 318 728 438 783; x_wconf 86' lang='grc' dir='ltr'>καθ’</span> <span class='ocrx_word' id='word_1_35' title='bbox 489 729 703 800; x_wconf 78' lang='grc' dir='ltr'><strong>ἡμέραν</strong></span> <span class='ocrx_word' id='word_1_36' title='bbox 757 733 1088 800; x_wconf 84' lang='grc' dir='ltr'>μαρτυρεῖν·</span> <span class='ocrx_word' id='word_1_37' title='bbox 1145 731 1303 784; x_wconf 79' lang='grc' dir='ltr'>τοῦτο</span> <span class='ocrx_word' id='word_1_38' title='bbox 1337 732 1456 785; x_wconf 86' lang='grc' dir='ltr'>καθ’</span> <span class='ocrx_word' id='word_1_39' title='bbox 1515 734 1729 804; x_wconf 82' lang='grc' dir='ltr'>ἡμέραν</span> 
     </span>
    </p>
   </div>
   <div class='ocr_carea' id='block_1_9' title="bbox 125 814 1727 894">
    <p class='ocr_par' dir='ltr' id='par_1_9' title="bbox 125 814 1727 894">
     <span class='ocr_line' id='line_1_9' title="bbox 125 814 1727 894; baseline 0.003 -19"><span class='ocrx_word' id='word_1_40' title='bbox 125 819 522 893; x_wconf 78' lang='grc' dir='ltr'>ἀποθνήσκειν</span> <span class='ocrx_word' id='word_1_41' title='bbox 542 837 556 852; x_wconf 97' lang='grc'><strong>·</strong></span> <span class='ocrx_word' id='word_1_42' title='bbox 603 821 662 888; x_wconf 77' lang='grc' dir='ltr'><strong>ἐξ</strong></span> <span class='ocrx_word' id='word_1_43' title='bbox 689 814 754 876; x_wconf 70' lang='grc' dir='ltr'><strong>οὗ</strong></span> <span class='ocrx_word' id='word_1_44' title='bbox 781 821 1142 891; x_wconf 79' lang='grc' dir='ltr'>καθαίρεσθαι</span> <span class='ocrx_word' id='word_1_45' title='bbox 1179 823 1472 892; x_wconf 81' lang='grc' dir='ltr'>συμϐαίνει</span> <span class='ocrx_word' id='word_1_46' title='bbox 1496 825 1594 894; x_wconf 84' lang='grc' dir='ltr'>τὴν</span> <span class='ocrx_word' id='word_1_47' title='bbox 1623 826 1727 891; x_wconf 76' lang='grc' dir='ltr'>ψυ-</span> 
     </span>
    </p>
   </div>
   <div class='ocr_carea' id='block_1_10' title="bbox 124 914 1726 990">
    <p class='ocr_par' dir='ltr' id='par_1_10' title="bbox 124 914 1726 990">
     <span class='ocr_line' id='line_1_10' title="bbox 124 914 1726 990; baseline 0.002 -23"><span class='ocrx_word' id='word_1_48' title='bbox 124 916 280 986; x_wconf 84' lang='grc' dir='ltr'>χήν·</span> <span class='ocrx_word' id='word_1_49' title='bbox 341 915 645 986; x_wconf 84' lang='grc' dir='ltr'>ἀναχωρεῖν</span> <span class='ocrx_word' id='word_1_50' title='bbox 696 914 808 968; x_wconf 84' lang='grc' dir='ltr'>τῶν</span> <span class='ocrx_word' id='word_1_51' title='bbox 861 916 1085 969; x_wconf 88' lang='grc' dir='ltr'>παθῶν·</span> <span class='ocrx_word' id='word_1_52' title='bbox 1141 917 1384 986; x_wconf 74' lang='grc' dir='ltr'>ἐγγίζειν</span> <span class='ocrx_word' id='word_1_53' title='bbox 1431 919 1509 989; x_wconf 81' lang='grc' dir='ltr'><strong>τῷ</strong></span> <span class='ocrx_word' id='word_1_54' title='bbox 1567 919 1726 990; x_wconf 81' lang='grc' dir='ltr'>Θεῷ·</span> 
     </span>
    </p>
   </div>
   <div class='ocr_carea' id='block_1_11' title="bbox 128 1006 1726 1078">
    <p class='ocr_par' dir='ltr' id='par_1_11' title="bbox 128 1006 1726 1078">
     <span class='ocr_line' id='line_1_11' title="bbox 128 1006 1726 1078; baseline 0.005 -20"><span class='ocrx_word' id='word_1_55' title='bbox 128 1008 336 1076; x_wconf 83' lang='grc' dir='ltr'>μισεῖν</span> <span class='ocrx_word' id='word_1_56' title='bbox 369 1007 574 1077; x_wconf 86' lang='grc' dir='ltr'>κόσμον</span> <span class='ocrx_word' id='word_1_57' title='bbox 593 1023 607 1037; x_wconf 92' lang='grc'><strong>·</strong></span> <span class='ocrx_word' id='word_1_58' title='bbox 637 1006 1005 1075; x_wconf 77' lang='grc' dir='ltr'>φαντάζεσθαι</span> <span class='ocrx_word' id='word_1_59' title='bbox 1039 1008 1288 1078; x_wconf 83' lang='grc' dir='ltr'>οὐρανὸν,</span> <span class='ocrx_word' id='word_1_60' title='bbox 1313 1010 1382 1063; x_wconf 79' lang='grc' dir='ltr'>τὰ</span> <span class='ocrx_word' id='word_1_61' title='bbox 1414 1013 1495 1072; x_wconf 80' lang='grc' dir='ltr'><strong>είς</strong></span> <span class='ocrx_word' id='word_1_62' title='bbox 1525 1013 1726 1078; x_wconf 78' lang='grc' dir='ltr'>αἰῶνας</span> 
     </span>
    </p>
   </div>
   <div class='ocr_carea' id='block_1_12' title="bbox 125 1093 1728 1170">
    <p class='ocr_par' dir='ltr' id='par_1_12' title="bbox 125 1093 1728 1170">
     <span class='ocr_line' id='line_1_12' title="bbox 125 1093 1728 1170; baseline 0.006 -23"><span class='ocrx_word' id='word_1_63' title='bbox 125 1095 492 1164; x_wconf 85' lang='grc' dir='ltr'>ἀποκείμενα</span> <span class='ocrx_word' id='word_1_64' title='bbox 524 1095 742 1164; x_wconf 84' lang='grc' dir='ltr'>ἀγαθά·</span> <span class='ocrx_word' id='word_1_65' title='bbox 797 1097 911 1149; x_wconf 88' lang='grc' dir='ltr'>ἀλλ’</span> <span class='ocrx_word' id='word_1_66' title='bbox 951 1093 1044 1151; x_wconf 82' lang='grc' dir='ltr'><strong>οὖν</strong></span> <span class='ocrx_word' id='word_1_67' title='bbox 1083 1099 1178 1153; x_wconf 79' lang='grc' dir='ltr'><strong>καὶ</strong></span> <span class='ocrx_word' id='word_1_68' title='bbox 1225 1100 1549 1170; x_wconf 82' lang='grc' dir='ltr'>σκυθρωπά.</span> <span class='ocrx_word' id='word_1_69' title='bbox 1592 1103 1728 1156; x_wconf 83' lang='grc' dir='ltr'><strong>Οὐδὲ</strong></span> 
     </span>
    </p>
   </div>
   <div class='ocr_carea' id='block_1_13' title="bbox 125 1186 1729 1267">
    <p class='ocr_par' dir='ltr' id='par_1_13' title="bbox 125 1186 1729 1267">
     <span class='ocr_line' id='line_1_13' title="bbox 125 1186 1729 1267; baseline 0.006 -29"><span class='ocrx_word' id='word_1_70' title='bbox 125 1187 249 1256; x_wconf 80' lang='grc' dir='ltr'>γὰρ</span> <span class='ocrx_word' id='word_1_71' title='bbox 286 1186 356 1240; x_wconf 84' lang='grc' dir='ltr'><strong>ἂν</strong></span> <span class='ocrx_word' id='word_1_72' title='bbox 387 1189 419 1254; x_wconf 87' lang='grc' dir='ltr'>ἡ</span> <span class='ocrx_word' id='word_1_73' title='bbox 455 1187 675 1259; x_wconf 84' lang='grc' dir='ltr'>τοιαύτη</span> <span class='ocrx_word' id='word_1_74' title='bbox 724 1192 1049 1260; x_wconf 82' lang='grc' dir='ltr'>παρασκευὴ</span> <span class='ocrx_word' id='word_1_75' title='bbox 1082 1192 1262 1245; x_wconf 83' lang='grc' dir='ltr'>δίδωσι</span> <span class='ocrx_word' id='word_1_76' title='bbox 1305 1194 1502 1265; x_wconf 83' lang='grc' dir='ltr'>σχολὴν</span> <span class='ocrx_word' id='word_1_77' title='bbox 1540 1195 1617 1266; x_wconf 82' lang='grc' dir='ltr'><strong>τῷ</strong></span> <span class='ocrx_word' id='word_1_78' title='bbox 1653 1196 1729 1267; x_wconf 79' lang='grc' dir='ltr'>νῷ</span> 
     </span>
    </p>
   </div>
   <div class='ocr_carea' id='block_1_14' title="bbox 127 1280 1724 1355">
    <p class='ocr_par' dir='ltr' id='par_1_14' title="bbox 127 1280 1724 1355">
     <span class='ocr_line' id='line_1_14' title="bbox 127 1280 1724 1355; baseline 0.008 -24"><span class='ocrx_word' id='word_1_79' title='bbox 127 1280 477 1348; x_wconf 82' lang='grc' dir='ltr'>φιληδονεῖν,</span> <span class='ocrx_word' id='word_1_80' title='bbox 505 1282 597 1334; x_wconf 82' lang='grc' dir='ltr'>καὶ</span> <span class='ocrx_word' id='word_1_81' title='bbox 628 1282 934 1338; x_wconf 86' lang='grc' dir='ltr'>διακεῖσθαι</span> <span class='ocrx_word' id='word_1_82' title='bbox 964 1285 1300 1355; x_wconf 87' lang='grc' dir='ltr'>προσπαθῶς</span> <span class='ocrx_word' id='word_1_83' title='bbox 1329 1281 1428 1340; x_wconf 84' lang='grc' dir='ltr'>ὧδε</span> <span class='ocrx_word' id='word_1_84' title='bbox 1461 1291 1724 1342; x_wconf 75' lang='grc' dir='ltr'>κάκεῖσε·</span> 
     </span>
    </p>
   </div>
   <div class='ocr_carea' id='block_1_15' title="bbox 125 1370 1726 1444">
    <p class='ocr_par' dir='ltr' id='par_1_15' title="bbox 125 1370 1726 1444">
     <span class='ocr_line' id='line_1_15' title="bbox 125 1370 1726 1444; baseline 0.006 -22"><span class='ocrx_word' id='word_1_85' title='bbox 125 1370 280 1422; x_wconf 77' lang='grc' dir='ltr'>ἀλλὰ</span> <span class='ocrx_word' id='word_1_86' title='bbox 317 1375 500 1439; x_wconf 83' lang='grc' dir='ltr'>νευροῖ</span> <span class='ocrx_word' id='word_1_87' title='bbox 551 1372 750 1442; x_wconf 84' lang='grc' dir='ltr'>μᾶλλον</span> <span class='ocrx_word' id='word_1_88' title='bbox 782 1372 882 1443; x_wconf 83' lang='grc' dir='ltr'>τὴν</span> <span class='ocrx_word' id='word_1_89' title='bbox 933 1374 1193 1444; x_wconf 88' lang='grc' dir='ltr'>καρδίαν·</span> <span class='ocrx_word' id='word_1_90' title='bbox 1247 1377 1581 1432; x_wconf 81' lang='grc' dir='ltr'>κατανύσσει</span> <span class='ocrx_word' id='word_1_91' title='bbox 1629 1379 1726 1432; x_wconf 85' lang='grc' dir='ltr'>δα-</span> 
     </span>
    </p>
   </div>
   <div class='ocr_carea' id='block_1_16' title="bbox 125 1463 1724 1539">
    <p class='ocr_par' dir='ltr' id='par_1_16' title="bbox 125 1463 1724 1539">
     <span class='ocr_line' id='line_1_16' title="bbox 125 1463 1724 1539; baseline 0.006 -25"><span class='ocrx_word' id='word_1_92' title='bbox 125 1463 441 1533; x_wconf 72' lang='grc' dir='ltr'>κρυῤῥοείν</span> <span class='ocrx_word' id='word_1_93' title='bbox 491 1468 618 1528; x_wconf 84' lang='grc' dir='ltr'>τοὺς</span> <span class='ocrx_word' id='word_1_94' title='bbox 648 1465 960 1537; x_wconf 82' lang='grc' dir='ltr'>ὀφθαλμούς</span> <span class='ocrx_word' id='word_1_95' title='bbox 984 1483 999 1498; x_wconf 93' lang='grc'><strong>·</strong></span> <span class='ocrx_word' id='word_1_96' title='bbox 1047 1467 1298 1537; x_wconf 80' lang='grc' dir='ltr'>ἐφίεσθαι</span> <span class='ocrx_word' id='word_1_97' title='bbox 1329 1472 1428 1539; x_wconf 86' lang='grc' dir='ltr'>τὴν</span> <span class='ocrx_word' id='word_1_98' title='bbox 1472 1473 1581 1525; x_wconf 87' lang='grc' dir='ltr'><strong>ἀπὸ</strong></span> <span class='ocrx_word' id='word_1_99' title='bbox 1617 1473 1724 1524; x_wconf 87' lang='grc' dir='ltr'><strong>σώ-</strong></span> 
     </span>
    </p>
   </div>
   <div class='ocr_carea' id='block_1_17' title="bbox 129 1554 1721 1634">
    <p class='ocr_par' dir='ltr' id='par_1_17' title="bbox 129 1554 1721 1634">
     <span class='ocr_line' id='line_1_17' title="bbox 129 1554 1721 1634; baseline 0.008 -28"><span class='ocrx_word' id='word_1_100' title='bbox 129 1572 319 1622; x_wconf 82' lang='grc' dir='ltr'>ματος</span> <span class='ocrx_word' id='word_1_101' title='bbox 357 1554 538 1622; x_wconf 79' lang='grc' dir='ltr'>ἔξοδον</span> <span class='ocrx_word' id='word_1_102' title='bbox 581 1557 659 1620; x_wconf 85' lang='grc' dir='ltr'>ὡς</span> <span class='ocrx_word' id='word_1_103' title='bbox 717 1557 780 1611; x_wconf 83' lang='grc' dir='ltr'>ἔκ</span> <span class='ocrx_word' id='word_1_104' title='bbox 809 1575 955 1622; x_wconf 87' lang='grc' dir='ltr'>τινος</span> <span class='ocrx_word' id='word_1_105' title='bbox 1001 1559 1379 1630; x_wconf 81' lang='grc' dir='ltr'>δεσμωτηρίου</span> <span class='ocrx_word' id='word_1_106' title='bbox 1427 1564 1721 1634; x_wconf 75' lang='grc' dir='ltr'>ἐπαχθοῦς.</span> 
     </span>
    </p>
   </div>
   <div class='ocr_carea' id='block_1_18' title="bbox 125 1644 1720 1723">
    <p class='ocr_par' dir='ltr' id='par_1_18' title="bbox 125 1644 1720 1723">
     <span class='ocr_line' id='line_1_18' title="bbox 125 1644 1720 1723; baseline 0.009 -25"><span class='ocrx_word' id='word_1_107' title='bbox 125 1647 449 1717; x_wconf 85' lang='grc' dir='ltr'>Σκοπῶμεν</span> <span class='ocrx_word' id='word_1_108' title='bbox 493 1644 587 1703; x_wconf 81' lang='grc' dir='ltr'>οὖν</span> <span class='ocrx_word' id='word_1_109' title='bbox 616 1650 802 1703; x_wconf 83' lang='grc' dir='ltr'>λοιπὸν</span> <span class='ocrx_word' id='word_1_110' title='bbox 843 1652 1020 1706; x_wconf 80' lang='grc' dir='ltr'>ὁποῖοί</span> <span class='ocrx_word' id='word_1_111' title='bbox 1073 1658 1271 1723; x_wconf 78' lang='grc' dir='ltr'>ἐσμεν,</span> <span class='ocrx_word' id='word_1_112' title='bbox 1306 1658 1401 1709; x_wconf 74' lang='grc' dir='ltr'><strong>καὶ</strong></span> <span class='ocrx_word' id='word_1_113' title='bbox 1442 1659 1489 1710; x_wconf 85' lang='grc' dir='ltr'><strong>εί</strong></span> <span class='ocrx_word' id='word_1_114' title='bbox 1518 1658 1720 1722; x_wconf 79' lang='grc' dir='ltr'>οὕτως,</span> 
     </span>
    </p>
   </div>
   <div class='ocr_carea' id='block_1_19' title="bbox 126 1740 1726 1817">
    <p class='ocr_par' dir='ltr' id='par_1_19' title="bbox 126 1740 1726 1817">
     <span class='ocr_line' id='line_1_19' title="bbox 126 1740 1726 1817; baseline 0.008 -25"><span class='ocrx_word' id='word_1_115' title='bbox 126 1740 264 1807; x_wconf 79' lang='grc' dir='ltr'>εὖγε</span> <span class='ocrx_word' id='word_1_116' title='bbox 308 1740 453 1808; x_wconf 82' lang='grc' dir='ltr'>μάλα</span> <span class='ocrx_word' id='word_1_117' title='bbox 477 1759 490 1773; x_wconf 92' lang='grc'><strong>·</strong></span> <span class='ocrx_word' id='word_1_118' title='bbox 523 1744 570 1795; x_wconf 87' lang='grc' dir='ltr'>εἰ</span> <span class='ocrx_word' id='word_1_119' title='bbox 598 1743 643 1796; x_wconf 83' lang='grc' dir='ltr'>δ’</span> <span class='ocrx_word' id='word_1_120' title='bbox 678 1743 888 1810; x_wconf 81' lang='grc' dir='ltr'>ἄλλως,</span> <span class='ocrx_word' id='word_1_121' title='bbox 924 1747 1332 1817; x_wconf 85' lang='grc' dir='ltr'>ὲπαναγώμεθα</span> <span class='ocrx_word' id='word_1_122' title='bbox 1352 1790 1366 1812; x_wconf 92' lang='grc'><strong>,</strong></span> <span class='ocrx_word' id='word_1_123' title='bbox 1399 1752 1495 1803; x_wconf 75' lang='grc' dir='ltr'><strong>καὶ</strong></span> <span class='ocrx_word' id='word_1_124' title='bbox 1525 1753 1726 1806; x_wconf 88' lang='grc' dir='ltr'>καθαι-</span> 
     </span>
    </p>
   </div>
   <div class='ocr_carea' id='block_1_20' title="bbox 1830 543 3415 618">
    <p class='ocr_par' dir='ltr' id='par_1_20' title="bbox 1830 543 3415 618">
     <span class='ocr_line' id='line_1_20' title="bbox 1830 543 3415 618; baseline 0.004 -21"><span class='ocrx_word' id='word_1_125' title='bbox 1830 543 2052 598; x_wconf 87' lang='lat' dir='ltr'><strong>modum</strong></span> <span class='ocrx_word' id='word_1_126' title='bbox 2088 559 2102 597; x_wconf 85' lang='lat'><strong>:</strong></span> <span class='ocrx_word' id='word_1_127' title='bbox 2136 555 2194 597; x_wconf 92' lang='lat' dir='ltr'><strong>ut</strong></span> <span class='ocrx_word' id='word_1_128' title='bbox 2226 545 2396 613; x_wconf 91' lang='lat' dir='ltr'><strong>parati</strong></span> <span class='ocrx_word' id='word_1_129' title='bbox 2429 545 2688 597; x_wconf 87' lang='lat' dir='ltr'><strong>nimirum</strong></span> <span class='ocrx_word' id='word_1_130' title='bbox 2720 560 2933 614; x_wconf 87' lang='lat' dir='ltr'><strong>semper</strong></span> <span class='ocrx_word' id='word_1_131' title='bbox 2964 549 3139 603; x_wconf 90' lang='lat' dir='ltr'><strong>simus</strong></span> <span class='ocrx_word' id='word_1_132' title='bbox 3158 563 3415 618; x_wconf 66' lang='lat' dir='ltr'><strong>compre~</strong></span> 
     </span>
    </p>
   </div>
   <div class='ocr_carea' id='block_1_21' title="bbox 1829 635 3412 706">
    <p class='ocr_par' dir='ltr' id='par_1_21' title="bbox 1829 635 3412 706">
     <span class='ocr_line' id='line_1_21' title="bbox 1829 635 3412 706; baseline 0.004 -17"><span class='ocrx_word' id='word_1_133' title='bbox 1829 636 2014 703; x_wconf 88' lang='lat' dir='ltr'><strong>bendi,</strong></span> <span class='ocrx_word' id='word_1_134' title='bbox 2062 636 2331 701; x_wconf 90' lang='lat' dir='ltr'><strong>conliteri,</strong></span> <span class='ocrx_word' id='word_1_135' title='bbox 2377 635 2558 705; x_wconf 83' lang='lat' dir='ltr'><strong>flagris</strong></span> <span class='ocrx_word' id='word_1_136' title='bbox 2586 638 2742 703; x_wconf 76' lang='lat' dir='ltr'><strong>caedi,</strong></span> <span class='ocrx_word' id='word_1_137' title='bbox 2776 640 2912 694; x_wconf 90' lang='lat' dir='ltr'><strong>mori</strong></span> <span class='ocrx_word' id='word_1_138' title='bbox 2950 658 2964 706; x_wconf 89' lang='lat'><strong>;</strong></span> <span class='ocrx_word' id='word_1_139' title='bbox 3009 640 3112 696; x_wconf 91' lang='lat' dir='ltr'><strong>hoc</strong></span> <span class='ocrx_word' id='word_1_140' title='bbox 3142 651 3227 696; x_wconf 91' lang='lat' dir='ltr'><strong>est</strong></span> <span class='ocrx_word' id='word_1_141' title='bbox 3265 644 3412 696; x_wconf 88' lang='lat' dir='ltr'><strong>enim</strong></span> 
     </span>
    </p>
   </div>
   <div class='ocr_carea' id='block_1_22' title="bbox 1831 727 3411 798">
    <p class='ocr_par' dir='ltr' id='par_1_22' title="bbox 1831 727 3411 798">
     <span class='ocr_line' id='line_1_22' title="bbox 1831 727 3411 798; baseline 0.003 -18"><span class='ocrx_word' id='word_1_142' title='bbox 1831 727 2076 796; x_wconf 88' lang='lat' dir='ltr'><strong>quotidie</strong></span> <span class='ocrx_word' id='word_1_143' title='bbox 2106 735 2396 795; x_wconf 84' lang='lat' dir='ltr'><strong>martyrem</strong></span> <span class='ocrx_word' id='word_1_144' title='bbox 2438 741 2580 788; x_wconf 90' lang='lat' dir='ltr'><strong>esse,</strong></span> <span class='ocrx_word' id='word_1_145' title='bbox 2617 727 2718 781; x_wconf 88' lang='lat' dir='ltr'><strong>hoc</strong></span> <span class='ocrx_word' id='word_1_146' title='bbox 2747 737 2830 782; x_wconf 89' lang='lat' dir='ltr'><strong>est</strong></span> <span class='ocrx_word' id='word_1_147' title='bbox 2856 729 3098 798; x_wconf 88' lang='lat' dir='ltr'><strong>quotidie</strong></span> <span class='ocrx_word' id='word_1_148' title='bbox 3139 731 3298 784; x_wconf 90' lang='lat' dir='ltr'><strong>mori.</strong></span> <span class='ocrx_word' id='word_1_149' title='bbox 3333 730 3411 785; x_wconf 78' lang='lat' dir='ltr'><strong>Ex</strong></span> 
     </span>
    </p>
   </div>
   <div class='ocr_carea' id='block_1_23' title="bbox 1829 817 3412 891">
    <p class='ocr_par' dir='ltr' id='par_1_23' title="bbox 1829 817 3412 891">
     <span class='ocr_line' id='line_1_23' title="bbox 1829 817 3412 891; baseline 0.002 -21"><span class='ocrx_word' id='word_1_150' title='bbox 1829 834 1936 888; x_wconf 91' lang='lat' dir='ltr'><strong>quo</strong></span> <span class='ocrx_word' id='word_1_151' title='bbox 1966 819 2184 887; x_wconf 84' lang='lat' dir='ltr'><strong>quidem</strong></span> <span class='ocrx_word' id='word_1_152' title='bbox 2232 817 2452 887; x_wconf 90' lang='lat' dir='ltr'><strong>purgari</strong></span> <span class='ocrx_word' id='word_1_153' title='bbox 2481 830 2719 873; x_wconf 86' lang='lat' dir='ltr'><strong>mentem</strong></span> <span class='ocrx_word' id='word_1_154' title='bbox 2748 821 3034 890; x_wconf 85' lang='lat' dir='ltr'><strong>contingit,</strong></span> <span class='ocrx_word' id='word_1_155' title='bbox 3070 836 3100 874; x_wconf 93' lang='lat' dir='ltr'><strong>a</strong></span> <span class='ocrx_word' id='word_1_156' title='bbox 3125 823 3412 891; x_wconf 83' lang='lat' dir='ltr'><strong>perturba-</strong></span> 
     </span>
    </p>
   </div>
   <div class='ocr_carea' id='block_1_24' title="bbox 1827 909 3410 982">
    <p class='ocr_par' dir='ltr' id='par_1_24' title="bbox 1827 909 3410 982">
     <span class='ocr_line' id='line_1_24' title="bbox 1827 909 3410 982; baseline -0.001 -15"><span class='ocrx_word' id='word_1_157' title='bbox 1827 912 2072 967; x_wconf 85' lang='lat' dir='ltr'><strong>tionibus</strong></span> <span class='ocrx_word' id='word_1_158' title='bbox 2122 911 2433 974; x_wconf 81' lang='lat' dir='ltr'><strong>abscedere,</strong></span> <span class='ocrx_word' id='word_1_159' title='bbox 2471 909 2581 964; x_wconf 90' lang='lat' dir='ltr'><strong>Deo</strong></span> <span class='ocrx_word' id='word_1_160' title='bbox 2641 912 3099 982; x_wconf 77' lang='lat' dir='ltr'><strong>appropinquare,</strong></span> <span class='ocrx_word' id='word_1_161' title='bbox 3145 913 3410 968; x_wconf 91' lang='lat' dir='ltr'><strong>mundum</strong></span> 
     </span>
    </p>
   </div>
   <div class='ocr_carea' id='block_1_25' title="bbox 1827 1003 3410 1071">
    <p class='ocr_par' dir='ltr' id='par_1_25' title="bbox 1827 1003 3410 1071">
     <span class='ocr_line' id='line_1_25' title="bbox 1827 1003 3410 1071; baseline -0.001 -12"><span class='ocrx_word' id='word_1_162' title='bbox 1827 1004 2028 1070; x_wconf 88' lang='lat' dir='ltr'><strong>odisse,</strong></span> <span class='ocrx_word' id='word_1_163' title='bbox 2059 1003 2257 1058; x_wconf 69' lang='lat' dir='ltr'><strong>caelum</strong></span> <span class='ocrx_word' id='word_1_164' title='bbox 2282 1003 2551 1067; x_wconf 90' lang='lat' dir='ltr'><strong>meditari,</strong></span> <span class='ocrx_word' id='word_1_165' title='bbox 2575 1004 2715 1058; x_wconf 90' lang='lat' dir='ltr'><strong>bona</strong></span> <span class='ocrx_word' id='word_1_166' title='bbox 2743 1004 2792 1057; x_wconf 92' lang='lat' dir='ltr'><strong>iu</strong></span> <span class='ocrx_word' id='word_1_167' title='bbox 2820 1015 3086 1058; x_wconf 65' lang='lat' dir='ltr'><strong>aeternum</strong></span> <span class='ocrx_word' id='word_1_168' title='bbox 3111 1014 3410 1071; x_wconf 87' lang='lat' dir='ltr'><strong>reservata,</strong></span> 
     </span>
    </p>
   </div>
   <div class='ocr_carea' id='block_1_26' title="bbox 1827 1093 3412 1166">
    <p class='ocr_par' dir='ltr' id='par_1_26' title="bbox 1827 1093 3412 1166">
     <span class='ocr_line' id='line_1_26' title="bbox 1827 1093 3412 1166; baseline 0.003 -18"><span class='ocrx_word' id='word_1_169' title='bbox 1827 1111 1927 1149; x_wconf 87' lang='lat' dir='ltr'><strong>nec</strong></span> <span class='ocrx_word' id='word_1_170' title='bbox 1961 1110 2066 1147; x_wconf 89' lang='lat' dir='ltr'><strong>non</strong></span> <span class='ocrx_word' id='word_1_171' title='bbox 2109 1104 2162 1149; x_wconf 90' lang='lat' dir='ltr'><strong>et</strong></span> <span class='ocrx_word' id='word_1_172' title='bbox 2190 1093 2387 1148; x_wconf 88' lang='lat' dir='ltr'><strong>tristia.</strong></span> <span class='ocrx_word' id='word_1_173' title='bbox 2423 1094 2534 1148; x_wconf 87' lang='lat' dir='ltr'><strong>Nec</strong></span> <span class='ocrx_word' id='word_1_174' title='bbox 2575 1095 2717 1149; x_wconf 89' lang='lat' dir='ltr'><strong>enim</strong></span> <span class='ocrx_word' id='word_1_175' title='bbox 2748 1096 2926 1149; x_wconf 90' lang='lat' dir='ltr'><strong>locum</strong></span> <span class='ocrx_word' id='word_1_176' title='bbox 2954 1096 3120 1150; x_wconf 91' lang='lat' dir='ltr'><strong>menti</strong></span> <span class='ocrx_word' id='word_1_177' title='bbox 3153 1095 3412 1166; x_wconf 86' lang='lat' dir='ltr'><strong>relinquit</strong></span> 
     </span>
    </p>
   </div>
   <div class='ocr_carea' id='block_1_27' title="bbox 1826 1183 3407 1254">
    <p class='ocr_par' dir='ltr' id='par_1_27' title="bbox 1826 1183 3407 1254">
     <span class='ocr_line' id='line_1_27' title="bbox 1826 1183 3407 1254; baseline 0.003 -18"><span class='ocrx_word' id='word_1_178' title='bbox 1826 1183 2095 1251; x_wconf 86' lang='lat' dir='ltr'><strong>ejusmodi</strong></span> <span class='ocrx_word' id='word_1_179' title='bbox 2163 1183 2513 1253; x_wconf 72' lang='lat' dir='ltr'><strong>praeparatio.</strong></span> <span class='ocrx_word' id='word_1_180' title='bbox 2565 1191 2624 1237; x_wconf 85' lang='lat' dir='ltr'><strong>ut</strong></span> <span class='ocrx_word' id='word_1_181' title='bbox 2673 1186 2978 1254; x_wconf 81' lang='lat' dir='ltr'><strong>voluptates</strong></span> <span class='ocrx_word' id='word_1_182' title='bbox 3035 1198 3407 1250; x_wconf 86' lang='lat' dir='ltr'><strong>consectetur,</strong></span> 
     </span>
    </p>
   </div>
   <div class='ocr_carea' id='block_1_28' title="bbox 1828 1275 3410 1346">
    <p class='ocr_par' dir='ltr' id='par_1_28' title="bbox 1828 1275 3410 1346">
     <span class='ocr_line' id='line_1_28' title="bbox 1828 1275 3410 1346; baseline 0.004 -18"><span class='ocrx_word' id='word_1_183' title='bbox 1828 1284 1887 1328; x_wconf 91' lang='lat' dir='ltr'><strong>ut</strong></span> <span class='ocrx_word' id='word_1_184' title='bbox 1915 1275 2017 1329; x_wconf 87' lang='lat' dir='ltr'><strong>huc</strong></span> <span class='ocrx_word' id='word_1_185' title='bbox 2070 1275 2267 1328; x_wconf 88' lang='lat' dir='ltr'><strong>illudve</strong></span> <span class='ocrx_word' id='word_1_186' title='bbox 2312 1276 2518 1330; x_wconf 86' lang='lat' dir='ltr'><strong>carnali</strong></span> <span class='ocrx_word' id='word_1_187' title='bbox 2553 1276 2827 1332; x_wconf 86' lang='lat' dir='ltr'><strong>desiderio</strong></span> <span class='ocrx_word' id='word_1_188' title='bbox 2877 1277 3236 1346; x_wconf 83' lang='lat' dir='ltr'><strong>amplectatur</strong></span> <span class='ocrx_word' id='word_1_189' title='bbox 3269 1298 3282 1333; x_wconf 90' lang='lat'><strong>:</strong></span> <span class='ocrx_word' id='word_1_190' title='bbox 3313 1280 3410 1334; x_wconf 89' lang='lat' dir='ltr'><strong>sed</strong></span> 
     </span>
    </p>
   </div>
   <div class='ocr_carea' id='block_1_29' title="bbox 1828 1367 3411 1444">
    <p class='ocr_par' dir='ltr' id='par_1_29' title="bbox 1828 1367 3411 1444">
     <span class='ocr_line' id='line_1_29' title="bbox 1828 1367 3411 1444; baseline 0.004 -24"><span class='ocrx_word' id='word_1_191' title='bbox 1828 1367 1969 1422; x_wconf 82' lang='lat' dir='ltr'><strong>vires</strong></span> <span class='ocrx_word' id='word_1_192' title='bbox 2025 1367 2174 1422; x_wconf 88' lang='lat' dir='ltr'><strong>cordi</strong></span> <span class='ocrx_word' id='word_1_193' title='bbox 2229 1377 2283 1420; x_wconf 88' lang='lat' dir='ltr'><strong>et</strong></span> <span class='ocrx_word' id='word_1_194' title='bbox 2340 1384 2534 1423; x_wconf 84' lang='lat' dir='ltr'><strong>nervus</strong></span> <span class='ocrx_word' id='word_1_195' title='bbox 2584 1369 2756 1433; x_wconf 84' lang='lat' dir='ltr'><strong>addit,</strong></span> <span class='ocrx_word' id='word_1_196' title='bbox 2788 1371 2977 1426; x_wconf 90' lang='lat' dir='ltr'><strong>oculos</strong></span> <span class='ocrx_word' id='word_1_197' title='bbox 3029 1372 3082 1425; x_wconf 89' lang='lat' dir='ltr'><strong>in</strong></span> <span class='ocrx_word' id='word_1_198' title='bbox 3139 1373 3411 1444; x_wconf 89' lang='lat' dir='ltr'><strong>lacrymas</strong></span> 
     </span>
    </p>
   </div>
   <div class='ocr_carea' id='block_1_30' title="bbox 1825 1459 3413 1533">
    <p class='ocr_par' dir='ltr' id='par_1_30' title="bbox 1825 1459 3413 1533">
     <span class='ocr_line' id='line_1_30' title="bbox 1825 1459 3413 1533; baseline 0.003 -20"><span class='ocrx_word' id='word_1_199' title='bbox 1825 1459 1961 1513; x_wconf 88' lang='lat' dir='ltr'><strong>solvi</strong></span> <span class='ocrx_word' id='word_1_200' title='bbox 1994 1459 2288 1528; x_wconf 80' lang='lat' dir='ltr'><strong>compellit,</strong></span> <span class='ocrx_word' id='word_1_201' title='bbox 2330 1461 2657 1514; x_wconf 85' lang='lat' dir='ltr'><strong>desiderium</strong></span> <span class='ocrx_word' id='word_1_202' title='bbox 2696 1461 2869 1528; x_wconf 86' lang='lat' dir='ltr'><strong>injicit</strong></span> <span class='ocrx_word' id='word_1_203' title='bbox 2906 1477 2971 1516; x_wconf 80' lang='lat' dir='ltr'><strong>ex</strong></span> <span class='ocrx_word' id='word_1_204' title='bbox 3000 1478 3252 1533; x_wconf 87' lang='lat' dir='ltr'><strong>corpore,</strong></span> <span class='ocrx_word' id='word_1_205' title='bbox 3292 1474 3413 1520; x_wconf 88' lang='lat' dir='ltr'><strong>tan-</strong></span> 
     </span>
    </p>
   </div>
   <div class='ocr_carea' id='block_1_31' title="bbox 1825 1552 3407 1624">
    <p class='ocr_par' dir='ltr' id='par_1_31' title="bbox 1825 1552 3407 1624">
     <span class='ocr_line' id='line_1_31' title="bbox 1825 1552 3407 1624; baseline 0.003 -20"><span class='ocrx_word' id='word_1_206' title='bbox 1825 1567 1989 1620; x_wconf 86' lang='lat' dir='ltr'><strong>quam</strong></span> <span class='ocrx_word' id='word_1_207' title='bbox 2033 1568 2099 1604; x_wconf 67' lang='grc' dir='ltr'>εχ</span> <span class='ocrx_word' id='word_1_208' title='bbox 2134 1552 2280 1618; x_wconf 80' lang='lat' dir='ltr'><strong>gravi</strong></span> <span class='ocrx_word' id='word_1_209' title='bbox 2315 1553 2550 1620; x_wconf 84' lang='lat' dir='ltr'><strong>quodam</strong></span> <span class='ocrx_word' id='word_1_210' title='bbox 2579 1568 2822 1618; x_wconf 83' lang='lat' dir='ltr'><strong>carcere,</strong></span> <span class='ocrx_word' id='word_1_211' title='bbox 2854 1553 3180 1624; x_wconf 85' lang='lat' dir='ltr'><strong>emigraudi.</strong></span> <span class='ocrx_word' id='word_1_212' title='bbox 3209 1555 3407 1611; x_wconf 90' lang='lat' dir='ltr'><strong>Consi-</strong></span> 
     </span>
    </p>
   </div>
   <div class='ocr_carea' id='block_1_32' title="bbox 1824 1643 3411 1717">
    <p class='ocr_par' dir='ltr' id='par_1_32' title="bbox 1824 1643 3411 1717">
     <span class='ocr_line' id='line_1_32' title="bbox 1824 1643 3411 1717; baseline 0.004 -20"><span class='ocrx_word' id='word_1_213' title='bbox 1824 1643 2082 1698; x_wconf 83' lang='lat' dir='ltr'><strong>deremu’s</strong></span> <span class='ocrx_word' id='word_1_214' title='bbox 2135 1645 2322 1713; x_wconf 86' lang='lat' dir='ltr'><strong>itaque</strong></span> <span class='ocrx_word' id='word_1_215' title='bbox 2362 1645 2551 1714; x_wconf 84' lang='lat' dir='ltr'><strong>quales</strong></span> <span class='ocrx_word' id='word_1_216' title='bbox 2598 1645 2813 1700; x_wconf 89' lang='lat' dir='ltr'><strong>simus:</strong></span> <span class='ocrx_word' id='word_1_217' title='bbox 2859 1656 2915 1701; x_wconf 88' lang='lat' dir='ltr'><strong>et</strong></span> <span class='ocrx_word' id='word_1_218' title='bbox 2965 1647 3011 1702; x_wconf 92' lang='lat' dir='ltr'><strong>si</strong></span> <span class='ocrx_word' id='word_1_219' title='bbox 3052 1648 3274 1717; x_wconf 89' lang='lat' dir='ltr'><strong>quidem</strong></span> <span class='ocrx_word' id='word_1_220' title='bbox 3331 1650 3411 1703; x_wconf 92' lang='lat' dir='ltr'><strong>sic</strong></span> 
     </span>
    </p>
   </div>
   <div class='ocr_carea' id='block_1_33' title="bbox 1827 1735 3410 1804">
    <p class='ocr_par' dir='ltr' id='par_1_33' title="bbox 1827 1735 3410 1804">
     <span class='ocr_line' id='line_1_33' title="bbox 1827 1735 3410 1804; baseline 0.003 -15"><span class='ocrx_word' id='word_1_221' title='bbox 1827 1735 2023 1801; x_wconf 78' lang='lat' dir='ltr'><strong>allecti,</strong></span> <span class='ocrx_word' id='word_1_222' title='bbox 2061 1745 2204 1791; x_wconf 88' lang='lat' dir='ltr'><strong>recte</strong></span> <span class='ocrx_word' id='word_1_223' title='bbox 2236 1752 2406 1791; x_wconf 89' lang='lat' dir='ltr'><strong>sane:</strong></span> <span class='ocrx_word' id='word_1_224' title='bbox 2451 1737 2534 1791; x_wconf 93' lang='lat' dir='ltr'><strong>sin</strong></span> <span class='ocrx_word' id='word_1_225' title='bbox 2566 1737 2741 1799; x_wconf 88' lang='lat' dir='ltr'><strong>aliter,</strong></span> <span class='ocrx_word' id='word_1_226' title='bbox 2794 1739 3081 1795; x_wconf 87' lang='lat' dir='ltr'><strong>redeamus</strong></span> <span class='ocrx_word' id='word_1_227' title='bbox 3133 1741 3187 1794; x_wconf 89' lang='lat' dir='ltr'><strong>in</strong></span> <span class='ocrx_word' id='word_1_228' title='bbox 3241 1741 3410 1804; x_wconf 89' lang='lat' dir='ltr'><strong>viam,</strong></span> 
     </span>
    </p>
   </div>
   <div class='ocr_carea' id='block_1_34' title="bbox 127 1809 1715 1911">
    <p class='ocr_par' dir='ltr' id='par_1_34' title="bbox 127 1809 1715 1911">
     <span class='ocr_line' id='line_1_34' title="bbox 127 1809 1715 1911; baseline 0.011 -30"><span class='ocrx_word' id='word_1_229' title='bbox 127 1831 392 1900; x_wconf 84' lang='grc' dir='ltr'>ρώμεοα.</span> <span class='ocrx_word' id='word_1_230' title='bbox 429 1833 726 1904; x_wconf 84' lang='grc' dir='ltr'>Φεύγωμεν</span> <span class='ocrx_word' id='word_1_231' title='bbox 769 1809 1490 1911; x_wconf 22' lang='grc' dir='ltr'>τὸνάνήμερίονδράκοντα</span> <span class='ocrx_word' id='word_1_232' title='bbox 1540 1844 1715 1898; x_wconf 80' lang='grc' dir='ltr'>διάδο-</span> 
     </span>
    </p>
   </div>
   <div class='ocr_carea' id='block_1_35' title="bbox 1816 1809 3411 1911">
    <p class='ocr_par' dir='ltr' id='par_1_35' title="bbox 1825 1827 3411 1897">
     <span class='ocr_line' id='line_1_35' title="bbox 1825 1827 3411 1897; baseline 0.001 -14"><span class='ocrx_word' id='word_1_233' title='bbox 1825 1838 1880 1883; x_wconf 85' lang='grc' dir='ltr'><strong>ει</strong></span> <span class='ocrx_word' id='word_1_234' title='bbox 1909 1827 2286 1883; x_wconf 89' lang='lat' dir='ltr'><strong>emundemur.</strong></span> <span class='ocrx_word' id='word_1_235' title='bbox 2322 1827 2618 1897; x_wconf 85' lang='lat' dir='ltr'><strong>Fugiamus</strong></span> <span class='ocrx_word' id='word_1_236' title='bbox 2664 1829 2927 1882; x_wconf 85' lang='lat' dir='ltr'><strong>immitem</strong></span> <span class='ocrx_word' id='word_1_237' title='bbox 2974 1831 3270 1885; x_wconf 86' lang='lat' dir='ltr'><strong>draconem</strong></span> <span class='ocrx_word' id='word_1_238' title='bbox 3295 1832 3411 1884; x_wconf 79' lang='lat' dir='ltr'><strong>dia-</strong></span> 
     </span>
    </p>
   </div>
   <div class='ocr_carea' id='block_1_36' title="bbox 125 1921 1721 2006">
    <p class='ocr_par' dir='ltr' id='par_1_36' title="bbox 125 1921 1721 2006">
     <span class='ocr_line' id='line_1_36' title="bbox 125 1921 1721 2006; baseline 0.011 -34"><span class='ocrx_word' id='word_1_239' title='bbox 125 1921 262 1974; x_wconf 86' lang='grc' dir='ltr'>λον·</span> <span class='ocrx_word' id='word_1_240' title='bbox 305 1923 375 1977; x_wconf 75' lang='grc' dir='ltr'><strong>τὰ</strong></span> <span class='ocrx_word' id='word_1_241' title='bbox 428 1927 808 1997; x_wconf 84' lang='grc' dir='ltr'>πεπυρωμένα</span> <span class='ocrx_word' id='word_1_242' title='bbox 862 1929 964 1997; x_wconf 85' lang='grc' dir='ltr'>τῆς</span> <span class='ocrx_word' id='word_1_243' title='bbox 1022 1934 1229 2002; x_wconf 85' lang='grc' dir='ltr'>πικρᾶς</span> <span class='ocrx_word' id='word_1_244' title='bbox 1271 1934 1365 1986; x_wconf 81' lang='grc' dir='ltr'><strong>καὶ</strong></span> <span class='ocrx_word' id='word_1_245' title='bbox 1416 1935 1721 2006; x_wconf 87' lang='grc' dir='ltr'>θανασίμου</span> 
     </span>
    </p>
   </div>
   <div class='ocr_carea' id='block_1_37' title="bbox 124 2016 1720 2100">
    <p class='ocr_par' dir='ltr' id='par_1_37' title="bbox 124 2016 1720 2100">
     <span class='ocr_line' id='line_1_37' title="bbox 124 2016 1720 2100; baseline 0.011 -34"><span class='ocrx_word' id='word_1_246' title='bbox 124 2016 442 2086; x_wconf 75' lang='grc' dir='ltr'>ἐπιθυμίας</span> <span class='ocrx_word' id='word_1_247' title='bbox 476 2017 628 2089; x_wconf 81' lang='grc' dir='ltr'>βέλη.</span> <span class='ocrx_word' id='word_1_248' title='bbox 678 2021 794 2073; x_wconf 81' lang='grc' dir='ltr'>Οὐκ</span> <span class='ocrx_word' id='word_1_249' title='bbox 831 2020 979 2076; x_wconf 77' lang='grc' dir='ltr'>ἐστιν</span> <span class='ocrx_word' id='word_1_250' title='bbox 1020 2024 1204 2095; x_wconf 82' lang='grc' dir='ltr'>ἡδονὴ,</span> <span class='ocrx_word' id='word_1_251' title='bbox 1245 2025 1363 2078; x_wconf 83' lang='grc' dir='ltr'>ἀλλ’</span> <span class='ocrx_word' id='word_1_252' title='bbox 1396 2027 1556 2096; x_wconf 83' lang='grc' dir='ltr'>ὀδύνη</span> <span class='ocrx_word' id='word_1_253' title='bbox 1579 2047 1592 2060; x_wconf 92' lang='grc'><strong>·</strong></span> <span class='ocrx_word' id='word_1_254' title='bbox 1623 2032 1720 2100; x_wconf 84' lang='grc' dir='ltr'><strong>οὐχ</strong></span> 
     </span>
    </p>
   </div>
   <div class='ocr_carea' id='block_1_38' title="bbox 127 2107 1718 2189">
    <p class='ocr_par' dir='ltr' id='par_1_38' title="bbox 127 2107 1718 2189">
     <span class='ocr_line' id='line_1_38' title="bbox 127 2107 1718 2189; baseline 0.009 -31"><span class='ocrx_word' id='word_1_255' title='bbox 127 2107 367 2177; x_wconf 76' lang='grc' dir='ltr'>ἠδύτης,</span> <span class='ocrx_word' id='word_1_256' title='bbox 399 2110 536 2162; x_wconf 78' lang='grc' dir='ltr'>ἀλλὰ</span> <span class='ocrx_word' id='word_1_257' title='bbox 572 2112 743 2182; x_wconf 87' lang='grc' dir='ltr'>χολή·</span> <span class='ocrx_word' id='word_1_258' title='bbox 777 2113 877 2166; x_wconf 83' lang='grc' dir='ltr'><strong>οὐκ</strong></span> <span class='ocrx_word' id='word_1_259' title='bbox 902 2114 1192 2182; x_wconf 83' lang='grc' dir='ltr'>εὐπάθεια,</span> <span class='ocrx_word' id='word_1_260' title='bbox 1236 2117 1375 2170; x_wconf 85' lang='grc' dir='ltr'><strong>ἀλλά</strong></span> <span class='ocrx_word' id='word_1_261' title='bbox 1404 2118 1718 2189; x_wconf 80' lang='grc' dir='ltr'>δυσμένεια,</span> 
     </span>
    </p>
   </div>
   <div class='ocr_carea' id='block_1_39' title="bbox 124 2199 1722 2280">
    <p class='ocr_par' dir='ltr' id='par_1_39' title="bbox 124 2199 1722 2280">
     <span class='ocr_line' id='line_1_39' title="bbox 124 2199 1722 2280; baseline 0.011 -30"><span class='ocrx_word' id='word_1_262' title='bbox 124 2199 384 2264; x_wconf 81' lang='grc' dir='ltr'>δουλεία,</span> <span class='ocrx_word' id='word_1_263' title='bbox 437 2201 649 2271; x_wconf 78' lang='grc' dir='ltr'>φθορὰ,</span> <span class='ocrx_word' id='word_1_264' title='bbox 693 2205 1090 2276; x_wconf 75' lang='grc' dir='ltr'>δαιμονισμδς,</span> <span class='ocrx_word' id='word_1_265' title='bbox 1123 2209 1405 2274; x_wconf 78' lang='grc' dir='ltr'>ἀλλοίωσις</span> <span class='ocrx_word' id='word_1_266' title='bbox 1449 2213 1549 2280; x_wconf 81' lang='grc' dir='ltr'>τῆς</span> <span class='ocrx_word' id='word_1_267' title='bbox 1580 2214 1722 2267; x_wconf 88' lang='grc' dir='ltr'><strong>κατὰ</strong></span> 
     </span>
    </p>
   </div>
   <div class='ocr_carea' id='block_1_40' title="bbox 132 2291 1717 2381">
    <p class='ocr_par' dir='ltr' id='par_1_40' title="bbox 132 2291 1717 2381">
     <span class='ocr_line' id='line_1_40' title="bbox 132 2291 1717 2381; baseline 0.011 -38"><span class='ocrx_word' id='word_1_268' title='bbox 132 2291 303 2359; x_wconf 75' lang='grc' dir='ltr'>φύσιν</span> <span class='ocrx_word' id='word_1_269' title='bbox 328 2293 518 2358; x_wconf 76' lang='grc' dir='ltr'>ἕξεως.</span> <span class='ocrx_word' id='word_1_270' title='bbox 567 2296 720 2350; x_wconf 72' lang='grc' dir='ltr'>Ἐπεὶ</span> <span class='ocrx_word' id='word_1_271' title='bbox 744 2299 792 2351; x_wconf 86' lang='grc' dir='ltr'><strong>εί</strong></span> <span class='ocrx_word' id='word_1_272' title='bbox 828 2300 964 2371; x_wconf 82' lang='grc' dir='ltr'>καλὴ</span> <span class='ocrx_word' id='word_1_273' title='bbox 995 2303 1090 2354; x_wconf 72' lang='grc' dir='ltr'><strong>καὶ</strong></span> <span class='ocrx_word' id='word_1_274' title='bbox 1117 2303 1293 2372; x_wconf 77' lang='grc' dir='ltr'>ἡδεῖα,</span> <span class='ocrx_word' id='word_1_275' title='bbox 1327 2306 1446 2368; x_wconf 82' lang='grc' dir='ltr'><strong>πῶς</strong></span> <span class='ocrx_word' id='word_1_276' title='bbox 1480 2305 1571 2370; x_wconf 88' lang='grc' dir='ltr'><strong>οὒς</strong></span> <span class='ocrx_word' id='word_1_277' title='bbox 1599 2308 1717 2381; x_wconf 81' lang='grc' dir='ltr'>ἕλῃ,</span> 
     </span>
    </p>
   </div>
   <div class='ocr_carea' id='block_1_41' title="bbox 129 2385 1718 2470">
    <p class='ocr_par' dir='ltr' id='par_1_41' title="bbox 129 2385 1718 2470">
     <span class='ocr_line' id='line_1_41' title="bbox 129 2385 1718 2470; baseline 0.011 -33"><span class='ocrx_word' id='word_1_278' title='bbox 129 2385 300 2449; x_wconf 80' lang='grc' dir='ltr'>εὐθὺς</span> <span class='ocrx_word' id='word_1_279' title='bbox 347 2387 593 2443; x_wconf 87' lang='grc' dir='ltr'>δείκνυσι</span> <span class='ocrx_word' id='word_1_280' title='bbox 643 2392 896 2462; x_wconf 84' lang='grc' dir='ltr'>μωροὺς,</span> <span class='ocrx_word' id='word_1_281' title='bbox 932 2396 1263 2466; x_wconf 86' lang='grc' dir='ltr'>κτηνώδεις,</span> <span class='ocrx_word' id='word_1_282' title='bbox 1295 2401 1718 2470; x_wconf 78' lang='grc' dir='ltr'>ᾐσχυμμένους,</span> 
     </span>
    </p>
   </div>
   <div class='ocr_carea' id='block_1_42' title="bbox 128 2475 1720 2556">
    <p class='ocr_par' dir='ltr' id='par_1_42' title="bbox 128 2475 1720 2556">
     <span class='ocr_line' id='line_1_42' title="bbox 128 2475 1720 2556; baseline 0.009 -28"><span class='ocrx_word' id='word_1_283' title='bbox 128 2475 570 2547; x_wconf 85' lang='grc' dir='ltr'>δουλοπρεπεῖς,</span> <span class='ocrx_word' id='word_1_284' title='bbox 606 2479 1031 2548; x_wconf 89' lang='grc' dir='ltr'>δυσελπίστους,</span> <span class='ocrx_word' id='word_1_285' title='bbox 1073 2485 1497 2556; x_wconf 66' lang='grc' dir='ltr'>ἐκλελυμένους,</span> <span class='ocrx_word' id='word_1_286' title='bbox 1534 2490 1720 2542; x_wconf 85' lang='grc' dir='ltr'>ὑποδί-</span> 
     </span>
    </p>
   </div>
   <div class='ocr_carea' id='block_1_43' title="bbox 127 2569 1720 2646">
    <p class='ocr_par' dir='ltr' id='par_1_43' title="bbox 127 2569 1720 2646">
     <span class='ocr_line' id='line_1_43' title="bbox 127 2569 1720 2646; baseline 0.009 -27"><span class='ocrx_word' id='word_1_287' title='bbox 127 2583 266 2630; x_wconf 81' lang='grc' dir='ltr'>κους</span> <span class='ocrx_word' id='word_1_288' title='bbox 297 2569 533 2624; x_wconf 75' lang='grc' dir='ltr'>θανάτου</span> <span class='ocrx_word' id='word_1_289' title='bbox 570 2573 788 2625; x_wconf 79' lang='grc' dir='ltr'>αἰωνίου</span> <span class='ocrx_word' id='word_1_290' title='bbox 815 2591 830 2639; x_wconf 86' lang='lat'><strong>;</strong></span> <span class='ocrx_word' id='word_1_291' title='bbox 861 2575 1025 2628; x_wconf 83' lang='grc' dir='ltr'>Ὥστε</span> <span class='ocrx_word' id='word_1_292' title='bbox 1063 2578 1410 2646; x_wconf 84' lang='grc' dir='ltr'>φαρμακεύει</span> <span class='ocrx_word' id='word_1_293' title='bbox 1454 2579 1720 2644; x_wconf 78' lang='grc' dir='ltr'>ἐξιστῶσα</span> 
     </span>
    </p>
   </div>
   <div class='ocr_carea' id='block_1_44' title="bbox 125 2658 1718 2743">
    <p class='ocr_par' dir='ltr' id='par_1_44' title="bbox 125 2658 1718 2743">
     <span class='ocr_line' id='line_1_44' title="bbox 125 2658 1718 2743; baseline 0.011 -35"><span class='ocrx_word' id='word_1_294' title='bbox 125 2658 223 2710; x_wconf 77' lang='grc' dir='ltr'>καὶ</span> <span class='ocrx_word' id='word_1_295' title='bbox 251 2658 579 2728; x_wconf 85' lang='grc' dir='ltr'>ἀλλοιοῦσα,</span> <span class='ocrx_word' id='word_1_296' title='bbox 605 2663 705 2715; x_wconf 81' lang='grc' dir='ltr'>οὐκ</span> <span class='ocrx_word' id='word_1_297' title='bbox 733 2662 866 2717; x_wconf 79' lang='grc' dir='ltr'>οὖσα</span> <span class='ocrx_word' id='word_1_298' title='bbox 887 2666 961 2729; x_wconf 84' lang='grc' dir='ltr'>ὠς</span> <span class='ocrx_word' id='word_1_299' title='bbox 989 2668 1303 2721; x_wconf 80' lang='grc' dir='ltr'>ὑποτίθεται</span> <span class='ocrx_word' id='word_1_300' title='bbox 1323 2673 1419 2723; x_wconf 80' lang='grc' dir='ltr'>καὶ</span> <span class='ocrx_word' id='word_1_301' title='bbox 1445 2672 1718 2743; x_wconf 79' lang='grc' dir='ltr'>ἁρχιφάρ-</span> 
     </span>
    </p>
   </div>
   <div class='ocr_carea' id='block_1_45' title="bbox 127 2753 1716 2830">
    <p class='ocr_par' dir='ltr' id='par_1_45' title="bbox 127 2753 1716 2830">
     <span class='ocr_line' id='line_1_45' title="bbox 127 2753 1716 2830; baseline 0.012 -29"><span class='ocrx_word' id='word_1_302' title='bbox 127 2766 348 2814; x_wconf 87' lang='grc' dir='ltr'>μακος,</span> <span class='ocrx_word' id='word_1_303' title='bbox 382 2753 633 2825; x_wconf 83' lang='grc' dir='ltr'>καθάπερ</span> <span class='ocrx_word' id='word_1_304' title='bbox 672 2759 797 2820; x_wconf 88' lang='grc' dir='ltr'>τοὺς</span> <span class='ocrx_word' id='word_1_305' title='bbox 842 2759 1252 2830; x_wconf 83' lang='grc' dir='ltr'>δαιμονῶντας,</span> <span class='ocrx_word' id='word_1_306' title='bbox 1284 2764 1345 2816; x_wconf 85' lang='grc' dir='ltr'>οὺ</span> <span class='ocrx_word' id='word_1_307' title='bbox 1382 2767 1661 2830; x_wconf 83' lang='grc' dir='ltr'>συνιόντας</span> <span class='ocrx_word' id='word_1_308' title='bbox 1688 2767 1716 2820; x_wconf 82' lang='grc' dir='ltr'>ὃ</span> 
     </span>
    </p>
   </div>
   <div class='ocr_carea' id='block_1_46' title="bbox 127 2839 1716 2927">
    <p class='ocr_par' dir='ltr' id='par_1_46' title="bbox 127 2839 1716 2927">
     <span class='ocr_line' id='line_1_46' title="bbox 127 2839 1716 2927; baseline 0.013 -37"><span class='ocrx_word' id='word_1_309' title='bbox 127 2839 499 2927; x_wconf 72' lang='grc' dir='ltr'>ὑφίστανται,</span> <span class='ocrx_word' id='word_1_310' title='bbox 559 2847 608 2898; x_wconf 84' lang='grc' dir='ltr'>εἰ</span> <span class='ocrx_word' id='word_1_311' title='bbox 655 2847 730 2916; x_wconf 84' lang='grc' dir='ltr'>μὴ</span> <span class='ocrx_word' id='word_1_312' title='bbox 773 2850 914 2916; x_wconf 86' lang='grc' dir='ltr'><strong>μετά</strong></span> <span class='ocrx_word' id='word_1_313' title='bbox 947 2849 1044 2923; x_wconf 78' lang='grc' dir='ltr'><strong>τὴν</strong></span> <span class='ocrx_word' id='word_1_314' title='bbox 1089 2851 1376 2924; x_wconf 72' lang='grc' dir='ltr'>ἀνάνηψιν.</span> <span class='ocrx_word' id='word_1_315' title='bbox 1418 2855 1716 2927; x_wconf 84' lang='grc' dir='ltr'>Βλέπωμεν</span> 
     </span>
    </p>
   </div>
   <div class='ocr_carea' id='block_1_47' title="bbox 123 2926 1713 3017">
    <p class='ocr_par' dir='ltr' id='par_1_47' title="bbox 123 2926 1713 3017">
     <span class='ocr_line' id='line_1_47' title="bbox 123 2926 1713 3017; baseline 0.014 -36"><span class='ocrx_word' id='word_1_316' title='bbox 123 2926 221 2983; x_wconf 81' lang='grc' dir='ltr'>οὖν</span> <span class='ocrx_word' id='word_1_317' title='bbox 262 2932 488 3001; x_wconf 79' lang='grc' dir='ltr'>λοιπὸν,</span> <span class='ocrx_word' id='word_1_318' title='bbox 540 2939 848 3008; x_wconf 81' lang='grc' dir='ltr'>ἀγαπητοὶ,</span> <span class='ocrx_word' id='word_1_319' title='bbox 895 2941 965 2995; x_wconf 83' lang='grc' dir='ltr'>τὰ</span> <span class='ocrx_word' id='word_1_320' title='bbox 1002 2945 1326 3014; x_wconf 85' lang='grc' dir='ltr'>καταγώγια</span> <span class='ocrx_word' id='word_1_321' title='bbox 1377 2950 1568 3017; x_wconf 79' lang='grc' dir='ltr'>ἡμῶν,</span> <span class='ocrx_word' id='word_1_322' title='bbox 1614 2926 1713 3014; x_wconf 79' lang='grc' dir='ltr'>τὰς</span> 
     </span>
    </p>
   </div>
   <div class='ocr_carea' id='block_1_48' title="bbox 123 3021 1715 3110">
    <p class='ocr_par' dir='ltr' id='par_1_48' title="bbox 123 3021 1715 3110">
     <span class='ocr_line' id='line_1_48' title="bbox 123 3021 1715 3110; baseline 0.013 -37"><span class='ocrx_word' id='word_1_323' title='bbox 123 3021 485 3094; x_wconf 77' lang='grc' dir='ltr'>ἀναστροφὰς</span> <span class='ocrx_word' id='word_1_324' title='bbox 516 3028 620 3083; x_wconf 83' lang='grc' dir='ltr'>ποῦ</span> <span class='ocrx_word' id='word_1_325' title='bbox 653 3032 747 3085; x_wconf 76' lang='grc' dir='ltr'>καὶ</span> <span class='ocrx_word' id='word_1_326' title='bbox 800 3032 921 3102; x_wconf 85' lang='grc' dir='ltr'>μεθ’</span> <span class='ocrx_word' id='word_1_327' title='bbox 955 3027 1033 3088; x_wconf 77' lang='grc' dir='ltr'><strong>οὗ.</strong></span> <span class='ocrx_word' id='word_1_328' title='bbox 1070 3037 1180 3090; x_wconf 85' lang='lat' dir='ltr'><strong>Kal</strong></span> <span class='ocrx_word' id='word_1_329' title='bbox 1213 3039 1260 3089; x_wconf 79' lang='grc' dir='ltr'><strong>εί</strong></span> <span class='ocrx_word' id='word_1_330' title='bbox 1303 3038 1568 3110; x_wconf 80' lang='grc' dir='ltr'>βλαϐερὸν</span> <span class='ocrx_word' id='word_1_331' title='bbox 1598 3044 1715 3096; x_wconf 83' lang='grc' dir='ltr'>ἐκεῖ</span> 
     </span>
    </p>
   </div>
   <div class='ocr_carea' id='block_1_49' title="bbox 128 3120 1781 3215">
    <p class='ocr_par' dir='ltr' id='par_1_49' title="bbox 128 3120 1781 3215">
     <span class='ocr_line' id='line_1_49' title="bbox 128 3120 1781 3215; baseline 0.013 -49"><span class='ocrx_word' id='word_1_332' title='bbox 128 3120 529 3184; x_wconf 75' lang='grc' dir='ltr'>μεταστατέον.</span> <span class='ocrx_word' id='word_1_333' title='bbox 585 3123 695 3176; x_wconf 78' lang='grc' dir='ltr'><strong>Καὶ</strong></span> <span class='ocrx_word' id='word_1_334' title='bbox 733 3125 783 3178; x_wconf 86' lang='grc' dir='ltr'><strong>εί</strong></span> <span class='ocrx_word' id='word_1_335' title='bbox 828 3126 972 3195; x_wconf 88' lang='grc' dir='ltr'><strong>μετά</strong></span> <span class='ocrx_word' id='word_1_336' title='bbox 1023 3130 1505 3198; x_wconf 75' lang='grc' dir='ltr'>σκανδαλίζοντος,</span> <span class='ocrx_word' id='word_1_337' title='bbox 1554 3135 1781 3215; x_wconf 52' lang='grc' dir='ltr'>ὲκκο-(ς</span> 
     </span>
    </p>
   </div>
   <div class='ocr_carea' id='block_1_50' title="bbox 123 3209 1708 3300">
    <p class='ocr_par' dir='ltr' id='par_1_50' title="bbox 123 3209 1708 3300">
     <span class='ocr_line' id='line_1_50' title="bbox 123 3209 1708 3300; baseline 0.015 -42"><span class='ocrx_word' id='word_1_338' title='bbox 123 3209 315 3262; x_wconf 85' lang='grc' dir='ltr'>πτέον.</span> <span class='ocrx_word' id='word_1_339' title='bbox 339 3212 450 3263; x_wconf 74' lang='grc' dir='ltr'>Καὶ</span> <span class='ocrx_word' id='word_1_340' title='bbox 473 3214 521 3265; x_wconf 84' lang='grc' dir='ltr'><strong>εί</strong></span> <span class='ocrx_word' id='word_1_341' title='bbox 554 3215 614 3266; x_wconf 73' lang='grc' dir='ltr'>οὐ</span> <span class='ocrx_word' id='word_1_342' title='bbox 643 3217 762 3284; x_wconf 77' lang='grc' dir='ltr'>μετ’</span> <span class='ocrx_word' id='word_1_343' title='bbox 789 3218 1022 3284; x_wconf 80' lang='grc' dir='ltr'>οὐδενὸς,</span> <span class='ocrx_word' id='word_1_344' title='bbox 1048 3223 1446 3292; x_wconf 84' lang='grc' dir='ltr'>προσληπτέον·</span> <span class='ocrx_word' id='word_1_345' title='bbox 1479 3227 1708 3300; x_wconf 79' lang='grc' dir='ltr'>ἐπείπερ</span> 
     </span>
    </p>
   </div>
   <div class='ocr_carea' id='block_1_51' title="bbox 122 3298 1710 3389">
    <p class='ocr_par' dir='ltr' id='par_1_51' title="bbox 122 3298 1710 3389">
     <span class='ocr_line' id='line_1_51' title="bbox 122 3298 1710 3389; baseline 0.016 -40"><span class='ocrx_word' id='word_1_346' title='bbox 122 3298 332 3367; x_wconf 75' lang='grc' dir='ltr'>ἀρατὸν</span> <span class='ocrx_word' id='word_1_347' title='bbox 371 3303 432 3355; x_wconf 87' lang='grc' dir='ltr'><strong>τὸ</strong></span> <span class='ocrx_word' id='word_1_348' title='bbox 483 3308 900 3378; x_wconf 86' lang='grc' dir='ltr'>μεμονωμένον,</span> <span class='ocrx_word' id='word_1_349' title='bbox 932 3311 1038 3375; x_wconf 76' lang='grc' dir='ltr'><strong>ἕως</strong></span> <span class='ocrx_word' id='word_1_350' title='bbox 1067 3313 1132 3366; x_wconf 81' lang='grc' dir='ltr'>ἂν</span> <span class='ocrx_word' id='word_1_351' title='bbox 1168 3316 1470 3382; x_wconf 82' lang='grc' dir='ltr'>ἀναγκαῖος</span> <span class='ocrx_word' id='word_1_352' title='bbox 1506 3298 1710 3389; x_wconf 77' lang='grc' dir='ltr'>τρόπος</span> 
     </span>
    </p>
   </div>
   <div class='ocr_carea' id='block_1_52' title="bbox 122 3392 1712 3480">
    <p class='ocr_par' dir='ltr' id='par_1_52' title="bbox 122 3392 1712 3480">
     <span class='ocr_line' id='line_1_52' title="bbox 122 3392 1712 3480; baseline 0.015 -38"><span class='ocrx_word' id='word_1_353' title='bbox 122 3392 184 3443; x_wconf 83' lang='grc' dir='ltr'>οὑ</span> <span class='ocrx_word' id='word_1_354' title='bbox 223 3394 484 3465; x_wconf 80' lang='grc' dir='ltr'>πάρεστι.</span> <span class='ocrx_word' id='word_1_355' title='bbox 523 3397 803 3469; x_wconf 87' lang='grc' dir='ltr'>Ὶήρητέον</span> <span class='ocrx_word' id='word_1_356' title='bbox 836 3401 1005 3456; x_wconf 80' lang='grc' dir='ltr'>τᾶλλα</span> <span class='ocrx_word' id='word_1_357' title='bbox 1025 3445 1040 3470; x_wconf 83' lang='grc'><strong>,</strong></span> <span class='ocrx_word' id='word_1_358' title='bbox 1069 3406 1170 3474; x_wconf 86' lang='grc' dir='ltr'><strong>τὴν</strong></span> <span class='ocrx_word' id='word_1_359' title='bbox 1210 3406 1412 3476; x_wconf 84' lang='grc' dir='ltr'>βρῶσιν</span> <span class='ocrx_word' id='word_1_360' title='bbox 1432 3449 1446 3469; x_wconf 91' lang='grc'><strong>,</strong></span> <span class='ocrx_word' id='word_1_361' title='bbox 1485 3411 1583 3480; x_wconf 80' lang='grc' dir='ltr'>τὴν</span> <span class='ocrx_word' id='word_1_362' title='bbox 1613 3413 1712 3465; x_wconf 82' lang='grc' dir='ltr'><strong>πό-</strong></span> 
     </span>
    </p>
   </div>
   <div class='ocr_carea' id='block_1_53' title="bbox 127 3485 1709 3564">
    <p class='ocr_par' dir='ltr' id='par_1_53' title="bbox 127 3485 1709 3564">
     <span class='ocr_line' id='line_1_53' title="bbox 127 3485 1709 3564; baseline 0.015 -30"><span class='ocrx_word' id='word_1_363' title='bbox 127 3498 249 3548; x_wconf 89' lang='grc' dir='ltr'>σιν,</span> <span class='ocrx_word' id='word_1_364' title='bbox 318 3485 413 3538; x_wconf 86' lang='grc' dir='ltr'><strong>τὸν</strong></span> <span class='ocrx_word' id='word_1_365' title='bbox 447 3486 653 3554; x_wconf 82' lang='grc' dir='ltr'>ὕπνον,</span> <span class='ocrx_word' id='word_1_366' title='bbox 705 3492 802 3563; x_wconf 84' lang='grc' dir='ltr'>τὴν</span> <span class='ocrx_word' id='word_1_367' title='bbox 851 3495 1150 3564; x_wconf 82' lang='grc' dir='ltr'>ἐργασίαν·</span> <span class='ocrx_word' id='word_1_368' title='bbox 1197 3499 1271 3561; x_wconf 85' lang='grc' dir='ltr'>ὼς</span> <span class='ocrx_word' id='word_1_369' title='bbox 1301 3501 1367 3554; x_wconf 80' lang='grc' dir='ltr'><strong>ἂν</strong></span> <span class='ocrx_word' id='word_1_370' title='bbox 1412 3503 1480 3555; x_wconf 86' lang='grc' dir='ltr'>τὰ</span> <span class='ocrx_word' id='word_1_371' title='bbox 1530 3504 1709 3557; x_wconf 88' lang='grc' dir='ltr'>πάντα</span> 
     </span>
    </p>
   </div>
   <div class='ocr_carea' id='block_1_54' title="bbox 127 3577 1708 3661">
    <p class='ocr_par' dir='ltr' id='par_1_54' title="bbox 127 3577 1708 3661">
     <span class='ocr_line' id='line_1_54' title="bbox 127 3577 1708 3661; baseline 0.015 -35"><span class='ocrx_word' id='word_1_372' title='bbox 127 3577 374 3648; x_wconf 81' lang='grc' dir='ltr'>στάθμια</span> <span class='ocrx_word' id='word_1_373' title='bbox 404 3579 734 3637; x_wconf 83' lang='grc' dir='ltr'>δυνατοῦντα</span> <span class='ocrx_word' id='word_1_374' title='bbox 773 3586 834 3638; x_wconf 81' lang='grc' dir='ltr'><strong>τὸ</strong></span> <span class='ocrx_word' id='word_1_375' title='bbox 878 3587 1041 3656; x_wconf 84' lang='grc' dir='ltr'>σῶμα</span> <span class='ocrx_word' id='word_1_376' title='bbox 1080 3590 1376 3661; x_wconf 77' lang='grc' dir='ltr'>ὑπουργεῖν</span> <span class='ocrx_word' id='word_1_377' title='bbox 1407 3597 1526 3658; x_wconf 85' lang='grc' dir='ltr'>ταῖς</span> <span class='ocrx_word' id='word_1_378' title='bbox 1562 3598 1708 3649; x_wconf 83' lang='grc' dir='ltr'>ἐντο-</span> 
     </span>
    </p>
   </div>
   <div class='ocr_carea' id='block_1_55' title="bbox 126 3665 1709 3758">
    <p class='ocr_par' dir='ltr' id='par_1_55' title="bbox 126 3665 1709 3758">
     <span class='ocr_line' id='line_1_55' title="bbox 126 3665 1709 3758; baseline 0.017 -43"><span class='ocrx_word' id='word_1_379' title='bbox 126 3665 278 3732; x_wconf 84' lang='grc' dir='ltr'>λαῖς,</span> <span class='ocrx_word' id='word_1_380' title='bbox 338 3671 457 3726; x_wconf 81' lang='grc' dir='ltr'>ἀλλ’</span> <span class='ocrx_word' id='word_1_381' title='bbox 513 3676 612 3727; x_wconf 80' lang='grc' dir='ltr'><strong>οὐκ</strong></span> <span class='ocrx_word' id='word_1_382' title='bbox 660 3675 1022 3746; x_wconf 80' lang='grc' dir='ltr'>ἐξαγριοῦντα</span> <span class='ocrx_word' id='word_1_383' title='bbox 1083 3682 1554 3755; x_wconf 83' lang='grc' dir='ltr'>κατεξαναστῆναι</span> <span class='ocrx_word' id='word_1_384' title='bbox 1608 3688 1709 3758; x_wconf 74' lang='grc' dir='ltr'>τῆς</span> 
     </span>
    </p>
   </div>
   <div class='ocr_carea' id='block_1_56' title="bbox 124 3757 1709 3849">
    <p class='ocr_par' dir='ltr' id='par_1_56' title="bbox 124 3757 1709 3849">
     <span class='ocr_line' id='line_1_56' title="bbox 124 3757 1709 3849; baseline 0.013 -38"><span class='ocrx_word' id='word_1_385' title='bbox 124 3757 330 3830; x_wconf 76' lang='grc' dir='ltr'>ψυχῆς.</span> <span class='ocrx_word' id='word_1_386' title='bbox 362 3764 550 3828; x_wconf 86' lang='grc' dir='ltr'>Πῶλός</span> <span class='ocrx_word' id='word_1_387' title='bbox 576 3766 724 3820; x_wconf 80' lang='grc' dir='ltr'>ἐστιν</span> <span class='ocrx_word' id='word_1_388' title='bbox 747 3785 761 3798; x_wconf 86' lang='grc'><strong>·</strong></span> <span class='ocrx_word' id='word_1_389' title='bbox 795 3769 889 3822; x_wconf 86' lang='grc' dir='ltr'><strong>ἐάν</strong></span> <span class='ocrx_word' id='word_1_390' title='bbox 917 3771 1234 3845; x_wconf 72' lang='grc' dir='ltr'>ὑπερμαζῇ,</span> <span class='ocrx_word' id='word_1_391' title='bbox 1268 3777 1515 3841; x_wconf 86' lang='grc' dir='ltr'>ἀτακτεί,</span> <span class='ocrx_word' id='word_1_392' title='bbox 1553 3757 1709 3849; x_wconf 81' lang='grc' dir='ltr'>φέρει</span> 
     </span>
    </p>
   </div>
   <div class='ocr_carea' id='block_1_57' title="bbox 126 3853 1709 3944">
    <p class='ocr_par' dir='ltr' id='par_1_57' title="bbox 126 3853 1709 3944">
     <span class='ocr_line' id='line_1_57' title="bbox 126 3853 1709 3944; baseline 0.014 -39"><span class='ocrx_word' id='word_1_393' title='bbox 126 3853 279 3907; x_wconf 77' lang='grc' dir='ltr'>κάτω</span> <span class='ocrx_word' id='word_1_394' title='bbox 328 3858 420 3910; x_wconf 75' lang='grc' dir='ltr'>τὸν</span> <span class='ocrx_word' id='word_1_395' title='bbox 452 3861 730 3930; x_wconf 72' lang='grc' dir='ltr'>ἀναϐάτην</span> <span class='ocrx_word' id='word_1_396' title='bbox 769 3863 913 3918; x_wconf 74' lang='grc' dir='ltr'>νοῦν.</span> <span class='ocrx_word' id='word_1_397' title='bbox 961 3866 1079 3935; x_wconf 81' lang='grc' dir='ltr'><strong>Ἀφ’</strong></span> <span class='ocrx_word' id='word_1_398' title='bbox 1110 3869 1273 3938; x_wconf 79' lang='grc' dir='ltr'>ἡμῶν</span> <span class='ocrx_word' id='word_1_399' title='bbox 1312 3871 1406 3923; x_wconf 78' lang='grc' dir='ltr'>καὶ</span> <span class='ocrx_word' id='word_1_400' title='bbox 1436 3874 1505 3926; x_wconf 86' lang='grc' dir='ltr'>τὰ</span> <span class='ocrx_word' id='word_1_401' title='bbox 1554 3874 1709 3944; x_wconf 82' lang='grc' dir='ltr'>ὑμῶν</span> 
     </span>
    </p>
   </div>
   <div class='ocr_carea' id='block_1_58' title="bbox 126 3943 1707 4034">
    <p class='ocr_par' dir='ltr' id='par_1_58' title="bbox 126 3943 1707 4034">
     <span class='ocr_line' id='line_1_58' title="bbox 126 3943 1707 4034; baseline 0.016 -40"><span class='ocrx_word' id='word_1_402' title='bbox 126 3943 504 4034; x_wconf 72' lang='grc' dir='ltr'>ἐξηγοροῦμεν</span> <span class='ocrx_word' id='word_1_403' title='bbox 531 3968 543 3980; x_wconf 86' lang='grc'><strong>·</strong></span> <span class='ocrx_word' id='word_1_404' title='bbox 581 3954 704 4006; x_wconf 76' lang='grc' dir='ltr'>ἐπεὶ</span> <span class='ocrx_word' id='word_1_405' title='bbox 737 3957 937 4019; x_wconf 80' lang='grc' dir='ltr'>πάντες</span> <span class='ocrx_word' id='word_1_406' title='bbox 978 3958 1254 4029; x_wconf 81' lang='grc' dir='ltr'>ἄνθρωποι</span> <span class='ocrx_word' id='word_1_407' title='bbox 1292 3962 1390 4026; x_wconf 80' lang='grc' dir='ltr'>τὰς</span> <span class='ocrx_word' id='word_1_408' title='bbox 1423 3943 1707 4034; x_wconf 75' lang='grc' dir='ltr'>ἡνίαςτοῦ</span> 
     </span>
    </p>
   </div>
   <div class='ocr_carea' id='block_1_59' title="bbox 128 4033 1708 4126">
    <p class='ocr_par' dir='ltr' id='par_1_59' title="bbox 128 4033 1708 4126">
     <span class='ocr_line' id='line_1_59' title="bbox 128 4033 1708 4126; baseline 0.016 -44"><span class='ocrx_word' id='word_1_409' title='bbox 128 4033 483 4098; x_wconf 77' lang='grc' dir='ltr'>αὑτεξουσίου</span> <span class='ocrx_word' id='word_1_410' title='bbox 538 4043 740 4110; x_wconf 85' lang='grc' dir='ltr'>ὁμοίως</span> <span class='ocrx_word' id='word_1_411' title='bbox 771 4046 908 4116; x_wconf 82' lang='grc' dir='ltr'>πρὸς</span> <span class='ocrx_word' id='word_1_412' title='bbox 943 4045 1080 4100; x_wconf 76' lang='grc' dir='ltr'>Θεοῦ</span> <span class='ocrx_word' id='word_1_413' title='bbox 1126 4049 1408 4120; x_wconf 73' lang='grc' dir='ltr'>εἰληφότες</span> <span class='ocrx_word' id='word_1_414' title='bbox 1435 4033 1708 4126; x_wconf 82' lang='grc' dir='ltr'>αὐτοκρα-</span> 
     </span>
    </p>
   </div>
   <div class='ocr_carea' id='block_1_60' title="bbox 127 4127 1704 4217">
    <p class='ocr_par' dir='ltr' id='par_1_60' title="bbox 127 4127 1704 4217">
     <span class='ocr_line' id='line_1_60' title="bbox 127 4127 1704 4217; baseline 0.018 -42"><span class='ocrx_word' id='word_1_415' title='bbox 127 4127 360 4194; x_wconf 78' lang='grc' dir='ltr'>τορικῶς</span> <span class='ocrx_word' id='word_1_416' title='bbox 382 4146 398 4160; x_wconf 89' lang='grc'><strong>·</strong></span> <span class='ocrx_word' id='word_1_417' title='bbox 439 4131 543 4184; x_wconf 79' lang='grc' dir='ltr'>κᾶν</span> <span class='ocrx_word' id='word_1_418' title='bbox 571 4134 660 4186; x_wconf 76' lang='grc' dir='ltr'><strong>ἀεὶ</strong></span> <span class='ocrx_word' id='word_1_419' title='bbox 687 4137 956 4208; x_wconf 85' lang='grc' dir='ltr'>πόλεμος,</span> <span class='ocrx_word' id='word_1_420' title='bbox 989 4139 1169 4212; x_wconf 80' lang='grc' dir='ltr'>ψυχῆς</span> <span class='ocrx_word' id='word_1_421' title='bbox 1200 4146 1294 4198; x_wconf 78' lang='grc' dir='ltr'><strong>καὶ</strong></span> <span class='ocrx_word' id='word_1_422' title='bbox 1328 4147 1576 4217; x_wconf 81' lang='grc' dir='ltr'>σώματος</span> <span class='ocrx_word' id='word_1_423' title='bbox 1609 4150 1704 4202; x_wconf 88' lang='grc' dir='ltr'>ἁν-</span> 
     </span>
    </p>
   </div>
   <div class='ocr_carea' id='block_1_61' title="bbox 127 4219 585 4294">
    <p class='ocr_par' dir='ltr' id='par_1_61' title="bbox 127 4219 585 4294">
     <span class='ocr_line' id='line_1_61' title="bbox 127 4219 585 4294; baseline 0.022 -26"><span class='ocrx_word' id='word_1_424' title='bbox 127 4219 585 4294; x_wconf 75' lang='grc' dir='ltr'>τικαθεζομένων.</span> 
     </span>
    </p>
   </div>
   <div class='ocr_carea' id='block_1_62' title="bbox 1829 1920 3407 1993">
    <p class='ocr_par' dir='ltr' id='par_1_62' title="bbox 1829 1920 3407 1993">
     <span class='ocr_line' id='line_1_62' title="bbox 1829 1920 3407 1993; baseline 0.003 -19"><span class='ocrx_word' id='word_1_425' title='bbox 1829 1921 2033 1984; x_wconf 89' lang='lat' dir='ltr'><strong>bolum,</strong></span> <span class='ocrx_word' id='word_1_426' title='bbox 2063 1930 2115 1973; x_wconf 91' lang='lat' dir='ltr'><strong>et</strong></span> <span class='ocrx_word' id='word_1_427' title='bbox 2147 1920 2304 1989; x_wconf 86' lang='lat' dir='ltr'><strong>ignea</strong></span> <span class='ocrx_word' id='word_1_428' title='bbox 2340 1920 2443 1974; x_wconf 89' lang='lat' dir='ltr'><strong>tela</strong></span> <span class='ocrx_word' id='word_1_429' title='bbox 2477 1936 2674 1975; x_wconf 66' lang='lat' dir='ltr'><strong>amara:</strong></span> <span class='ocrx_word' id='word_1_430' title='bbox 2699 1930 2753 1974; x_wconf 82' lang='lat' dir='ltr'><strong>et</strong></span> <span class='ocrx_word' id='word_1_431' title='bbox 2782 1921 3046 1976; x_wconf 68' lang='lat' dir='ltr'><strong>lctbifera:</strong></span> <span class='ocrx_word' id='word_1_432' title='bbox 3073 1923 3407 1993; x_wconf 89' lang='lat' dir='ltr'><strong>cupiditatis.</strong></span> 
     </span>
    </p>
   </div>
   <div class='ocr_carea' id='block_1_63' title="bbox 1824 2003 3406 2078">
    <p class='ocr_par' dir='ltr' id='par_1_63' title="bbox 1824 2003 3406 2078">
     <span class='ocr_line' id='line_1_63' title="bbox 1824 2003 3406 2078; baseline 0.003 -13"><span class='ocrx_word' id='word_1_433' title='bbox 1824 2011 1941 2065; x_wconf 87' lang='lat' dir='ltr'><strong>Non</strong></span> <span class='ocrx_word' id='word_1_434' title='bbox 1973 2020 2057 2065; x_wconf 90' lang='lat' dir='ltr'><strong>est</strong></span> <span class='ocrx_word' id='word_1_435' title='bbox 2087 2011 2353 2078; x_wconf 77' lang='lat' dir='ltr'><strong>voluptas,</strong></span> <span class='ocrx_word' id='word_1_436' title='bbox 2383 2011 2472 2064; x_wconf 86' lang='lat' dir='ltr'><strong>sed</strong></span> <span class='ocrx_word' id='word_1_437' title='bbox 2504 2003 2661 2065; x_wconf 79' lang='lat' dir='ltr'><strong>dolor</strong></span> <span class='ocrx_word' id='word_1_438' title='bbox 2695 2028 2708 2064; x_wconf 90' lang='lat'>:</span> <span class='ocrx_word' id='word_1_439' title='bbox 2749 2028 2854 2066; x_wconf 90' lang='lat' dir='ltr'><strong>non</strong></span> <span class='ocrx_word' id='word_1_440' title='bbox 2891 2012 3142 2077; x_wconf 89' lang='lat' dir='ltr'><strong>dulcedo,</strong></span> <span class='ocrx_word' id='word_1_441' title='bbox 3170 2014 3263 2068; x_wconf 90' lang='lat' dir='ltr'><strong>sed</strong></span> <span class='ocrx_word' id='word_1_442' title='bbox 3295 2013 3363 2068; x_wconf 87' lang='lat' dir='ltr'><strong>fel</strong></span> <span class='ocrx_word' id='word_1_443' title='bbox 3391 2032 3406 2070; x_wconf 89' lang='lat'>:</span> 
     </span>
    </p>
   </div>
   <div class='ocr_carea' id='block_1_64' title="bbox 1825 2102 3410 2180">
    <p class='ocr_par' dir='ltr' id='par_1_64' title="bbox 1825 2102 3410 2180">
     <span class='ocr_line' id='line_1_64' title="bbox 1825 2102 3410 2180; baseline 0.003 -25"><span class='ocrx_word' id='word_1_444' title='bbox 1825 2120 1931 2156; x_wconf 86' lang='lat' dir='ltr'><strong>non</strong></span> <span class='ocrx_word' id='word_1_445' title='bbox 1965 2103 2359 2167; x_wconf 82' lang='lat' dir='ltr'><strong>benevolentia,</strong></span> <span class='ocrx_word' id='word_1_446' title='bbox 2396 2104 2487 2157; x_wconf 90' lang='lat' dir='ltr'><strong>sed</strong></span> <span class='ocrx_word' id='word_1_447' title='bbox 2521 2102 2728 2164; x_wconf 88' lang='lat' dir='ltr'><strong>odium,</strong></span> <span class='ocrx_word' id='word_1_448' title='bbox 2775 2104 3036 2169; x_wconf 85' lang='lat' dir='ltr'><strong>servitus,</strong></span> <span class='ocrx_word' id='word_1_449' title='bbox 3075 2107 3410 2180; x_wconf 74' lang='lat' dir='ltr'><strong>corruptela,</strong></span> 
     </span>
    </p>
   </div>
   <div class='ocr_carea' id='block_1_65' title="bbox 1823 2193 3409 2264">
    <p class='ocr_par' dir='ltr' id='par_1_65' title="bbox 1823 2193 3409 2264">
     <span class='ocr_line' id='line_1_65' title="bbox 1823 2193 3409 2264; baseline 0 -12"><span class='ocrx_word' id='word_1_450' title='bbox 1823 2195 2157 2252; x_wconf 67' lang='lat' dir='ltr'><strong>dmmoniaca</strong></span> <span class='ocrx_word' id='word_1_451' title='bbox 2203 2197 2434 2260; x_wconf 83' lang='lat' dir='ltr'><strong>vexatio,</strong></span> <span class='ocrx_word' id='word_1_452' title='bbox 2475 2193 2596 2264; x_wconf 87' lang='lat' dir='ltr'><strong>ejus</strong></span> <span class='ocrx_word' id='word_1_453' title='bbox 2653 2194 2746 2264; x_wconf 93' lang='lat' dir='ltr'><strong>qui</strong></span> <span class='ocrx_word' id='word_1_454' title='bbox 2797 2195 3092 2250; x_wconf 90' lang='lat' dir='ltr'><strong>secundum</strong></span> <span class='ocrx_word' id='word_1_455' title='bbox 3157 2207 3409 2252; x_wconf 81' lang='lat' dir='ltr'><strong>naturam</strong></span> 
     </span>
    </p>
   </div>
   <div class='ocr_carea' id='block_1_66' title="bbox 1821 2288 3409 2358">
    <p class='ocr_par' dir='ltr' id='par_1_66' title="bbox 1821 2288 3409 2358">
     <span class='ocr_line' id='line_1_66' title="bbox 1821 2288 3409 2358; baseline 0.001 -16"><span class='ocrx_word' id='word_1_456' title='bbox 1821 2300 1905 2343; x_wconf 88' lang='lat' dir='ltr'><strong>est</strong></span> <span class='ocrx_word' id='word_1_457' title='bbox 1933 2297 2108 2343; x_wconf 88' lang='lat' dir='ltr'><strong>status</strong></span> <span class='ocrx_word' id='word_1_458' title='bbox 2139 2288 2464 2342; x_wconf 81' lang='lat' dir='ltr'><strong>immutatio.</strong></span> <span class='ocrx_word' id='word_1_459' title='bbox 2527 2288 2736 2341; x_wconf 89' lang='lat' dir='ltr'><strong>Etenim</strong></span> <span class='ocrx_word' id='word_1_460' title='bbox 2773 2288 2816 2342; x_wconf 89' lang='lat' dir='ltr'><strong>si</strong></span> <span class='ocrx_word' id='word_1_461' title='bbox 2844 2288 2986 2342; x_wconf 89' lang='lat' dir='ltr'><strong>bona</strong></span> <span class='ocrx_word' id='word_1_462' title='bbox 3017 2298 3101 2343; x_wconf 86' lang='lat' dir='ltr'><strong>est</strong></span> <span class='ocrx_word' id='word_1_463' title='bbox 3127 2300 3180 2345; x_wconf 86' lang='lat' dir='ltr'><strong>et</strong></span> <span class='ocrx_word' id='word_1_464' title='bbox 3208 2291 3409 2358; x_wconf 81' lang='lat' dir='ltr'><strong>dulcis,</strong></span> 
     </span>
    </p>
   </div>
   <div class='ocr_carea' id='block_1_67' title="bbox 1821 2378 3408 2452">
    <p class='ocr_par' dir='ltr' id='par_1_67' title="bbox 1821 2378 3408 2452">
     <span class='ocr_line' id='line_1_67' title="bbox 1821 2378 3408 2452; baseline -0.002 -16"><span class='ocrx_word' id='word_1_465' title='bbox 1821 2381 2095 2452; x_wconf 90' lang='lat' dir='ltr'><strong>quomodo</strong></span> <span class='ocrx_word' id='word_1_466' title='bbox 2138 2395 2274 2450; x_wconf 90' lang='lat' dir='ltr'><strong>quos</strong></span> <span class='ocrx_word' id='word_1_467' title='bbox 2306 2380 2564 2450; x_wconf 85' lang='lat' dir='ltr'><strong>abripuit,</strong></span> <span class='ocrx_word' id='word_1_468' title='bbox 2617 2396 2712 2434; x_wconf 85' lang='lat' dir='ltr'><strong>eos</strong></span> <span class='ocrx_word' id='word_1_469' title='bbox 2759 2378 2940 2435; x_wconf 88' lang='lat' dir='ltr'><strong>fatuos</strong></span> <span class='ocrx_word' id='word_1_470' title='bbox 2989 2381 3173 2434; x_wconf 80' lang='lat' dir='ltr'><strong>Statim</strong></span> <span class='ocrx_word' id='word_1_471' title='bbox 3207 2381 3408 2446; x_wconf 86' lang='lat' dir='ltr'><strong>reddit,</strong></span> 
     </span>
    </p>
   </div>
   <div class='ocr_carea' id='block_1_68' title="bbox 1817 2473 3410 2545">
    <p class='ocr_par' dir='ltr' id='par_1_68' title="bbox 1817 2473 3410 2545">
     <span class='ocr_line' id='line_1_68' title="bbox 1817 2473 3410 2545; baseline -0.001 -16"><span class='ocrx_word' id='word_1_472' title='bbox 1817 2474 2080 2545; x_wconf 90' lang='lat' dir='ltr'><strong>jumeutis</strong></span> <span class='ocrx_word' id='word_1_473' title='bbox 2123 2474 2349 2540; x_wconf 86' lang='lat' dir='ltr'><strong>similes,</strong></span> <span class='ocrx_word' id='word_1_474' title='bbox 2399 2473 2716 2543; x_wconf 89' lang='lat' dir='ltr'><strong>probrosos,</strong></span> <span class='ocrx_word' id='word_1_475' title='bbox 2750 2473 2994 2536; x_wconf 89' lang='lat' dir='ltr'><strong>serviles,</strong></span> <span class='ocrx_word' id='word_1_476' title='bbox 3038 2475 3410 2543; x_wconf 79' lang='lat' dir='ltr'><strong>desperabati-</strong></span> 
     </span>
    </p>
   </div>
   <div class='ocr_carea' id='block_1_69' title="bbox 1821 2566 3405 2637">
    <p class='ocr_par' dir='ltr' id='par_1_69' title="bbox 1821 2566 3405 2637">
     <span class='ocr_line' id='line_1_69' title="bbox 1821 2566 3405 2637; baseline -0.001 -15"><span class='ocrx_word' id='word_1_477' title='bbox 1821 2570 1939 2634; x_wconf 87' lang='lat' dir='ltr'><strong>dos,</strong></span> <span class='ocrx_word' id='word_1_478' title='bbox 1963 2576 2272 2631; x_wconf 75' lang='lat' dir='ltr'><strong>enervatos,</strong></span> <span class='ocrx_word' id='word_1_479' title='bbox 2300 2575 2517 2621; x_wconf 68' lang='lat' dir='ltr'><strong>aaterna:</strong></span> <span class='ocrx_word' id='word_1_480' title='bbox 2547 2566 2738 2620; x_wconf 88' lang='lat' dir='ltr'><strong>mortis</strong></span> <span class='ocrx_word' id='word_1_481' title='bbox 2764 2566 2925 2620; x_wconf 87' lang='lat' dir='ltr'><strong>reos?</strong></span> <span class='ocrx_word' id='word_1_482' title='bbox 2947 2566 3133 2637; x_wconf 85' lang='lat' dir='ltr'><strong>Itaque</strong></span> <span class='ocrx_word' id='word_1_483' title='bbox 3153 2566 3405 2631; x_wconf 77' lang='lat' dir='ltr'><strong>fascinat,</strong></span> 
     </span>
    </p>
   </div>
   <div class='ocr_carea' id='block_1_70' title="bbox 1819 2659 3404 2728">
    <p class='ocr_par' dir='ltr' id='par_1_70' title="bbox 1819 2659 3404 2728">
     <span class='ocr_line' id='line_1_70' title="bbox 1819 2659 3404 2728; baseline 0 -14"><span class='ocrx_word' id='word_1_484' title='bbox 1819 2677 1851 2714; x_wconf 88' lang='lat' dir='ltr'><strong>a</strong></span> <span class='ocrx_word' id='word_1_485' title='bbox 1909 2670 2086 2715; x_wconf 89' lang='lat' dir='ltr'><strong>mente</strong></span> <span class='ocrx_word' id='word_1_486' title='bbox 2137 2659 2404 2724; x_wconf 89' lang='lat' dir='ltr'><strong>alienans,</strong></span> <span class='ocrx_word' id='word_1_487' title='bbox 2442 2667 2777 2728; x_wconf 88' lang='lat' dir='ltr'><strong>pervertens,</strong></span> <span class='ocrx_word' id='word_1_488' title='bbox 2817 2673 2921 2712; x_wconf 92' lang='lat' dir='ltr'><strong>non</strong></span> <span class='ocrx_word' id='word_1_489' title='bbox 2968 2659 3019 2713; x_wconf 91' lang='lat' dir='ltr'><strong>id</strong></span> <span class='ocrx_word' id='word_1_490' title='bbox 3063 2675 3253 2715; x_wconf 89' lang='lat' dir='ltr'><strong>revera</strong></span> <span class='ocrx_word' id='word_1_491' title='bbox 3286 2663 3404 2715; x_wconf 80' lang='lat' dir='ltr'><strong>exi-</strong></span> 
     </span>
    </p>
   </div>
   <div class='ocr_carea' id='block_1_71' title="bbox 1820 2751 3398 2824">
    <p class='ocr_par' dir='ltr' id='par_1_71' title="bbox 1820 2751 3398 2824">
     <span class='ocr_line' id='line_1_71' title="bbox 1820 2751 3398 2824; baseline 0.001 -17"><span class='ocrx_word' id='word_1_492' title='bbox 1820 2761 1970 2808; x_wconf 90' lang='lat' dir='ltr'><strong>stens</strong></span> <span class='ocrx_word' id='word_1_493' title='bbox 2025 2753 2168 2821; x_wconf 84' lang='lat' dir='ltr'><strong>quod</strong></span> <span class='ocrx_word' id='word_1_494' title='bbox 2227 2767 2338 2821; x_wconf 73' lang='lat' dir='ltr'><strong>pra:</strong></span> <span class='ocrx_word' id='word_1_495' title='bbox 2387 2765 2445 2806; x_wconf 89' lang='lat' dir='ltr'><strong>se</strong></span> <span class='ocrx_word' id='word_1_496' title='bbox 2508 2751 2610 2805; x_wconf 88' lang='lat' dir='ltr'><strong>fert</strong></span> <span class='ocrx_word' id='word_1_497' title='bbox 2665 2753 3069 2822; x_wconf 73' lang='lat' dir='ltr'><strong>praestigiatrix,</strong></span> <span class='ocrx_word' id='word_1_498' title='bbox 3137 2763 3398 2824; x_wconf 89' lang='lat' dir='ltr'><strong>tanquam</strong></span> 
     </span>
    </p>
   </div>
   <div class='ocr_carea' id='block_1_72' title="bbox 1817 2842 3402 2915">
    <p class='ocr_par' dir='ltr' id='par_1_72' title="bbox 1817 2842 3402 2915">
     <span class='ocr_line' id='line_1_72' title="bbox 1817 2842 3402 2915; baseline 0.003 -19"><span class='ocrx_word' id='word_1_499' title='bbox 1817 2858 2216 2913; x_wconf 82' lang='lat' dir='ltr'><strong>energttmeuos</strong></span> <span class='ocrx_word' id='word_1_500' title='bbox 2242 2858 2274 2897; x_wconf 88' lang='lat' dir='ltr'><strong>a</strong></span> <span class='ocrx_word' id='word_1_501' title='bbox 2304 2842 2552 2897; x_wconf 65' lang='lat' dir='ltr'><strong>daemone</strong></span> <span class='ocrx_word' id='word_1_502' title='bbox 2585 2855 2888 2911; x_wconf 89' lang='lat' dir='ltr'><strong>correptos,</strong></span> <span class='ocrx_word' id='word_1_503' title='bbox 2915 2843 3008 2914; x_wconf 86' lang='lat' dir='ltr'><strong>qui</strong></span> <span class='ocrx_word' id='word_1_504' title='bbox 3043 2843 3095 2898; x_wconf 91' lang='lat' dir='ltr'><strong>id</strong></span> <span class='ocrx_word' id='word_1_505' title='bbox 3123 2846 3268 2915; x_wconf 88' lang='lat' dir='ltr'><strong>quod</strong></span> <span class='ocrx_word' id='word_1_506' title='bbox 3306 2863 3402 2915; x_wconf 88' lang='lat' dir='ltr'><strong>pa-</strong></span> 
     </span>
    </p>
   </div>
   <div class='ocr_carea' id='block_1_73' title="bbox 1819 2934 3402 3009">
    <p class='ocr_par' dir='ltr' id='par_1_73' title="bbox 1819 2934 3402 3009">
     <span class='ocr_line' id='line_1_73' title="bbox 1819 2934 3402 3009; baseline 0.004 -21"><span class='ocrx_word' id='word_1_507' title='bbox 1819 2936 2046 2998; x_wconf 91' lang='lat' dir='ltr'><strong>tiuntur,</strong></span> <span class='ocrx_word' id='word_1_508' title='bbox 2092 2935 2408 3004; x_wconf 82' lang='lat' dir='ltr'><strong>priusquam</strong></span> <span class='ocrx_word' id='word_1_509' title='bbox 2443 2934 2510 2988; x_wconf 90' lang='lat' dir='ltr'><strong>ad</strong></span> <span class='ocrx_word' id='word_1_510' title='bbox 2542 2949 2600 2989; x_wconf 87' lang='lat' dir='ltr'><strong>se</strong></span> <span class='ocrx_word' id='word_1_511' title='bbox 2648 2935 2873 2989; x_wconf 88' lang='lat' dir='ltr'><strong>redeant</strong></span> <span class='ocrx_word' id='word_1_512' title='bbox 2916 2951 3024 2991; x_wconf 90' lang='lat' dir='ltr'><strong>non</strong></span> <span class='ocrx_word' id='word_1_513' title='bbox 3071 2949 3402 3009; x_wconf 82' lang='lat' dir='ltr'><strong>agnoscunt.</strong></span> 
     </span>
    </p>
   </div>
   <div class='ocr_carea' id='block_1_74' title="bbox 1816 3025 3405 3098">
    <p class='ocr_par' dir='ltr' id='par_1_74' title="bbox 1816 3025 3405 3098">
     <span class='ocr_line' id='line_1_74' title="bbox 1816 3025 3405 3098; baseline 0.004 -18"><span class='ocrx_word' id='word_1_514' title='bbox 1816 3025 2112 3082; x_wconf 88' lang='lat' dir='ltr'><strong>Videamus</strong></span> <span class='ocrx_word' id='word_1_515' title='bbox 2176 3041 2335 3098; x_wconf 87' lang='lat' dir='ltr'><strong>ergo,</strong></span> <span class='ocrx_word' id='word_1_516' title='bbox 2390 3027 2599 3092; x_wconf 88' lang='lat' dir='ltr'><strong>dilecti,</strong></span> <span class='ocrx_word' id='word_1_517' title='bbox 2643 3043 2892 3096; x_wconf 74' lang='lat' dir='ltr'><strong>quamam</strong></span> <span class='ocrx_word' id='word_1_518' title='bbox 2934 3037 3063 3085; x_wconf 89' lang='lat' dir='ltr'><strong>sunt</strong></span> <span class='ocrx_word' id='word_1_519' title='bbox 3102 3031 3405 3087; x_wconf 90' lang='lat' dir='ltr'><strong>diversoria</strong></span> 
     </span>
    </p>
   </div>
   <div class='ocr_carea' id='block_1_75' title="bbox 1816 3120 3402 3188">
    <p class='ocr_par' dir='ltr' id='par_1_75' title="bbox 1816 3120 3402 3188">
     <span class='ocr_line' id='line_1_75' title="bbox 1816 3120 3402 3188; baseline 0.004 -12"><span class='ocrx_word' id='word_1_520' title='bbox 1816 3131 2023 3184; x_wconf 87' lang='lat' dir='ltr'><strong>nostra,</strong></span> <span class='ocrx_word' id='word_1_521' title='bbox 2056 3120 2148 3175; x_wconf 91' lang='lat' dir='ltr'><strong>ubi</strong></span> <span class='ocrx_word' id='word_1_522' title='bbox 2181 3129 2234 3175; x_wconf 88' lang='lat' dir='ltr'><strong>et</strong></span> <span class='ocrx_word' id='word_1_523' title='bbox 2281 3120 2608 3188; x_wconf 91' lang='lat' dir='ltr'><strong>quibuscum</strong></span> <span class='ocrx_word' id='word_1_524' title='bbox 2651 3121 2915 3176; x_wconf 85' lang='lat' dir='ltr'><strong>habitatio</strong></span> <span class='ocrx_word' id='word_1_525' title='bbox 2942 3129 2998 3176; x_wconf 87' lang='lat' dir='ltr'><strong>et</strong></span> <span class='ocrx_word' id='word_1_526' title='bbox 3043 3129 3402 3182; x_wconf 79' lang='lat' dir='ltr'><strong>consuetudo.</strong></span> 
     </span>
    </p>
   </div>
   <div class='ocr_carea' id='block_1_76' title="bbox 1816 3212 3397 3284">
    <p class='ocr_par' dir='ltr' id='par_1_76' title="bbox 1816 3212 3397 3284">
     <span class='ocr_line' id='line_1_76' title="bbox 1816 3212 3397 3284; baseline 0.003 -17"><span class='ocrx_word' id='word_1_527' title='bbox 1816 3213 1969 3281; x_wconf 82' lang='lat' dir='ltr'><strong>Quod</strong></span> <span class='ocrx_word' id='word_1_528' title='bbox 2012 3213 2056 3269; x_wconf 88' lang='lat' dir='ltr'><strong>si</strong></span> <span class='ocrx_word' id='word_1_529' title='bbox 2106 3212 2234 3282; x_wconf 87' lang='lat' dir='ltr'><strong>quid</strong></span> <span class='ocrx_word' id='word_1_530' title='bbox 2264 3213 2336 3267; x_wconf 88' lang='lat' dir='ltr'><strong>ibi</strong></span> <span class='ocrx_word' id='word_1_531' title='bbox 2371 3213 2593 3265; x_wconf 76' lang='lat' dir='ltr'><strong>noxium</strong></span> <span class='ocrx_word' id='word_1_532' title='bbox 2623 3222 2725 3279; x_wconf 87' lang='lat' dir='ltr'><strong>est,</strong></span> <span class='ocrx_word' id='word_1_533' title='bbox 2774 3214 3145 3284; x_wconf 87' lang='lat' dir='ltr'><strong>migrandum.</strong></span> <span class='ocrx_word' id='word_1_534' title='bbox 3182 3216 3239 3271; x_wconf 91' lang='lat' dir='ltr'><strong>Si</strong></span> <span class='ocrx_word' id='word_1_535' title='bbox 3271 3233 3397 3272; x_wconf 87' lang='lat' dir='ltr'><strong>cum</strong></span> 
     </span>
    </p>
   </div>
   <div class='ocr_carea' id='block_1_77' title="bbox 1815 3303 3400 3375">
    <p class='ocr_par' dir='ltr' id='par_1_77' title="bbox 1815 3303 3400 3375">
     <span class='ocr_line' id='line_1_77' title="bbox 1815 3303 3400 3375; baseline 0.003 -15"><span class='ocrx_word' id='word_1_536' title='bbox 1815 3322 1880 3360; x_wconf 91' lang='lat' dir='ltr'><strong>eo</strong></span> <span class='ocrx_word' id='word_1_537' title='bbox 1910 3307 2003 3375; x_wconf 92' lang='lat' dir='ltr'><strong>qui</strong></span> <span class='ocrx_word' id='word_1_538' title='bbox 2063 3306 2383 3360; x_wconf 89' lang='lat' dir='ltr'><strong>scandalum</strong></span> <span class='ocrx_word' id='word_1_539' title='bbox 2427 3303 2637 3370; x_wconf 84' lang='lat' dir='ltr'><strong>afferat,</strong></span> <span class='ocrx_word' id='word_1_540' title='bbox 2675 3305 3110 3362; x_wconf 86' lang='lat' dir='ltr'><strong>abscindendum</strong></span> <span class='ocrx_word' id='word_1_541' title='bbox 3146 3326 3160 3362; x_wconf 90' lang='lat'><strong>:</strong></span> <span class='ocrx_word' id='word_1_542' title='bbox 3204 3309 3248 3364; x_wconf 92' lang='lat' dir='ltr'><strong>si</strong></span> <span class='ocrx_word' id='word_1_543' title='bbox 3276 3325 3400 3364; x_wconf 80' lang='lat' dir='ltr'><strong>rum</strong></span> 
     </span>
    </p>
   </div>
   <div class='ocr_carea' id='block_1_78' title="bbox 1814 3398 3405 3468">
    <p class='ocr_par' dir='ltr' id='par_1_78' title="bbox 1814 3398 3405 3468">
     <span class='ocr_line' id='line_1_78' title="bbox 1814 3398 3405 3468; baseline 0.003 -15"><span class='ocrx_word' id='word_1_544' title='bbox 1814 3400 2051 3467; x_wconf 87' lang='lat' dir='ltr'><strong>nemine,</strong></span> <span class='ocrx_word' id='word_1_545' title='bbox 2110 3398 2487 3453; x_wconf 87' lang='lat' dir='ltr'><strong>asciscendum</strong></span> <span class='ocrx_word' id='word_1_546' title='bbox 2542 3416 2555 3451; x_wconf 90' lang='lat'><strong>:</strong></span> <span class='ocrx_word' id='word_1_547' title='bbox 2613 3399 2744 3468; x_wconf 87' lang='lat' dir='ltr'><strong>quia</strong></span> <span class='ocrx_word' id='word_1_548' title='bbox 2821 3401 3177 3466; x_wconf 80' lang='lat' dir='ltr'><strong>exsecrabile,</strong></span> <span class='ocrx_word' id='word_1_549' title='bbox 3225 3403 3405 3457; x_wconf 87' lang='lat' dir='ltr'><strong>solum</strong></span> 
     </span>
    </p>
   </div>
   <div class='ocr_carea' id='block_1_79' title="bbox 1810 3487 3405 3560">
    <p class='ocr_par' dir='ltr' id='par_1_79' title="bbox 1810 3487 3405 3560">
     <span class='ocr_line' id='line_1_79' title="bbox 1810 3487 3405 3560; baseline 0.002 -17"><span class='ocrx_word' id='word_1_550' title='bbox 1810 3504 1932 3544; x_wconf 87' lang='lat' dir='ltr'><strong>esse</strong></span> <span class='ocrx_word' id='word_1_551' title='bbox 1952 3489 2022 3550; x_wconf 80' lang='grc'>⁹¹,</span> <span class='ocrx_word' id='word_1_552' title='bbox 2075 3489 2318 3556; x_wconf 91' lang='lat' dir='ltr'><strong>quandiu</strong></span> <span class='ocrx_word' id='word_1_553' title='bbox 2366 3487 2669 3543; x_wconf 80' lang='lat' dir='ltr'><strong>necessitas</strong></span> <span class='ocrx_word' id='word_1_554' title='bbox 2706 3504 2814 3543; x_wconf 92' lang='lat' dir='ltr'><strong>non</strong></span> <span class='ocrx_word' id='word_1_555' title='bbox 2847 3489 3014 3560; x_wconf 87' lang='lat' dir='ltr'><strong>cogit.</strong></span> <span class='ocrx_word' id='word_1_556' title='bbox 3047 3489 3405 3546; x_wconf 83' lang='lat' dir='ltr'><strong>Observanda</strong></span> 
     </span>
    </p>
   </div>
   <div class='ocr_carea' id='block_1_80' title="bbox 1811 3580 3404 3653">
    <p class='ocr_par' dir='ltr' id='par_1_80' title="bbox 1811 3580 3404 3653">
     <span class='ocr_line' id='line_1_80' title="bbox 1811 3580 3404 3653; baseline 0.003 -18"><span class='ocrx_word' id='word_1_557' title='bbox 1811 3589 1939 3635; x_wconf 88' lang='lat' dir='ltr'><strong>sunt</strong></span> <span class='ocrx_word' id='word_1_558' title='bbox 1984 3591 2036 3635; x_wconf 89' lang='lat' dir='ltr'><strong>et</strong></span> <span class='ocrx_word' id='word_1_559' title='bbox 2067 3580 2196 3644; x_wconf 85' lang='lat' dir='ltr'><strong>alia,</strong></span> <span class='ocrx_word' id='word_1_560' title='bbox 2245 3581 2423 3645; x_wconf 91' lang='lat' dir='ltr'><strong>cibus,</strong></span> <span class='ocrx_word' id='word_1_561' title='bbox 2485 3591 2647 3648; x_wconf 90' lang='lat' dir='ltr'><strong>potus</strong></span> <span class='ocrx_word' id='word_1_562' title='bbox 2677 3622 2690 3646; x_wconf 91' lang='lat'><strong>,</strong></span> <span class='ocrx_word' id='word_1_563' title='bbox 2725 3597 2975 3649; x_wconf 92' lang='lat' dir='ltr'><strong>somnus,</strong></span> <span class='ocrx_word' id='word_1_564' title='bbox 3026 3599 3166 3653; x_wconf 92' lang='lat' dir='ltr'><strong>opus</strong></span> <span class='ocrx_word' id='word_1_565' title='bbox 3200 3601 3214 3638; x_wconf 88' lang='lat'><strong>:</strong></span> <span class='ocrx_word' id='word_1_566' title='bbox 3245 3593 3302 3637; x_wconf 92' lang='lat' dir='ltr'><strong>ut</strong></span> <span class='ocrx_word' id='word_1_567' title='bbox 3347 3585 3404 3639; x_wconf 89' lang='lat' dir='ltr'><strong>in</strong></span> 
     </span>
    </p>
   </div>
   <div class='ocr_carea' id='block_1_81' title="bbox 1812 3674 3404 3745">
    <p class='ocr_par' dir='ltr' id='par_1_81' title="bbox 1812 3674 3404 3745">
     <span class='ocr_line' id='line_1_81' title="bbox 1812 3674 3404 3745; baseline 0.001 -15"><span class='ocrx_word' id='word_1_568' title='bbox 1812 3690 2066 3730; x_wconf 86' lang='lat' dir='ltr'><strong>mensura</strong></span> <span class='ocrx_word' id='word_1_569' title='bbox 2106 3675 2236 3728; x_wconf 86' lang='lat' dir='ltr'><strong>fiant</strong></span> <span class='ocrx_word' id='word_1_570' title='bbox 2280 3674 2464 3727; x_wconf 87' lang='lat' dir='ltr'><strong>omnia</strong></span> <span class='ocrx_word' id='word_1_571' title='bbox 2490 3691 2611 3742; x_wconf 64' lang='lat' dir='ltr'><strong>quae</strong></span> <span class='ocrx_word' id='word_1_572' title='bbox 2660 3676 2879 3745; x_wconf 83' lang='lat' dir='ltr'><strong>corpori</strong></span> <span class='ocrx_word' id='word_1_573' title='bbox 2932 3678 3074 3731; x_wconf 86' lang='lat' dir='ltr'><strong>vires</strong></span> <span class='ocrx_word' id='word_1_574' title='bbox 3127 3677 3404 3745; x_wconf 74' lang='lat' dir='ltr'><strong>praebeant</strong></span> 
     </span>
    </p>
   </div>
   <div class='ocr_carea' id='block_1_82' title="bbox 1811 3765 3404 3837">
    <p class='ocr_par' dir='ltr' id='par_1_82' title="bbox 1811 3765 3404 3837">
     <span class='ocr_line' id='line_1_82' title="bbox 1811 3765 3404 3837; baseline 0.003 -15"><span class='ocrx_word' id='word_1_575' title='bbox 1811 3775 1870 3823; x_wconf 89' lang='lat' dir='ltr'><strong>ut</strong></span> <span class='ocrx_word' id='word_1_576' title='bbox 1901 3776 2083 3837; x_wconf 84' lang='lat' dir='ltr'><strong>pareat</strong></span> <span class='ocrx_word' id='word_1_577' title='bbox 2118 3776 2169 3821; x_wconf 81' lang='lat' dir='ltr'><strong>et</strong></span> <span class='ocrx_word' id='word_1_578' title='bbox 2197 3771 2348 3836; x_wconf 90' lang='lat' dir='ltr'><strong>jussa</strong></span> <span class='ocrx_word' id='word_1_579' title='bbox 2386 3765 2570 3831; x_wconf 87' lang='lat' dir='ltr'><strong>faciat,</strong></span> <span class='ocrx_word' id='word_1_580' title='bbox 2623 3783 2730 3822; x_wconf 91' lang='lat' dir='ltr'><strong>non</strong></span> <span class='ocrx_word' id='word_1_581' title='bbox 2767 3769 3049 3824; x_wconf 71' lang='lat' dir='ltr'><strong>efferatum</strong></span> <span class='ocrx_word' id='word_1_582' title='bbox 3080 3771 3307 3825; x_wconf 89' lang='lat' dir='ltr'><strong>reddant</strong></span> <span class='ocrx_word' id='word_1_583' title='bbox 3344 3781 3404 3826; x_wconf 82' lang='lat' dir='ltr'><strong>ut</strong></span> 
     </span>
    </p>
   </div>
   <div class='ocr_carea' id='block_1_83' title="bbox 1811 3859 3403 3930">
    <p class='ocr_par' dir='ltr' id='par_1_83' title="bbox 1811 3859 3403 3930">
     <span class='ocr_line' id='line_1_83' title="bbox 1811 3859 3403 3930; baseline 0.003 -17"><span class='ocrx_word' id='word_1_584' title='bbox 1811 3861 2057 3930; x_wconf 85' lang='lat' dir='ltr'><strong>insurgat</strong></span> <span class='ocrx_word' id='word_1_585' title='bbox 2085 3870 2138 3914; x_wconf 88' lang='lat' dir='ltr'><strong>et</strong></span> <span class='ocrx_word' id='word_1_586' title='bbox 2171 3859 2366 3913; x_wconf 73' lang='lat' dir='ltr'><strong>anima:</strong></span> <span class='ocrx_word' id='word_1_587' title='bbox 2405 3869 2686 3929; x_wconf 80' lang='lat' dir='ltr'><strong>repugnet.</strong></span> <span class='ocrx_word' id='word_1_588' title='bbox 2734 3859 2970 3915; x_wconf 85' lang='lat' dir='ltr'><strong>Eculeus</strong></span> <span class='ocrx_word' id='word_1_589' title='bbox 3027 3871 3144 3917; x_wconf 91' lang='lat' dir='ltr'><strong>est:</strong></span> <span class='ocrx_word' id='word_1_590' title='bbox 3178 3861 3224 3917; x_wconf 88' lang='lat' dir='ltr'><strong>si</strong></span> <span class='ocrx_word' id='word_1_591' title='bbox 3267 3863 3403 3918; x_wconf 80' lang='lat' dir='ltr'><strong>aﬂ&#39;a-</strong></span> 
     </span>
    </p>
   </div>
   <div class='ocr_carea' id='block_1_84' title="bbox 1811 3951 3406 4024">
    <p class='ocr_par' dir='ltr' id='par_1_84' title="bbox 1811 3951 3406 4024">
     <span class='ocr_line' id='line_1_84' title="bbox 1811 3951 3406 4024; baseline 0.003 -18"><span class='ocrx_word' id='word_1_592' title='bbox 1811 3954 1905 4006; x_wconf 89' lang='lat' dir='ltr'><strong>tim</strong></span> <span class='ocrx_word' id='word_1_593' title='bbox 1943 3955 2141 4014; x_wconf 84' lang='lat' dir='ltr'><strong>alatur,</strong></span> <span class='ocrx_word' id='word_1_594' title='bbox 2169 3951 2408 4015; x_wconf 85' lang='lat' dir='ltr'><strong>lascivit,</strong></span> <span class='ocrx_word' id='word_1_595' title='bbox 2446 3967 2829 4021; x_wconf 89' lang='lat' dir='ltr'><strong>sessoremque</strong></span> <span class='ocrx_word' id='word_1_596' title='bbox 2875 3954 3119 4008; x_wconf 89' lang='lat' dir='ltr'><strong>animum</strong></span> <span class='ocrx_word' id='word_1_597' title='bbox 3155 3967 3406 4024; x_wconf 84' lang='lat' dir='ltr'><strong>proster-</strong></span> 
     </span>
    </p>
   </div>
   <div class='ocr_carea' id='block_1_85' title="bbox 1810 4044 3398 4104">
    <p class='ocr_par' dir='ltr' id='par_1_85' title="bbox 1810 4044 3398 4104">
     <span class='ocr_line' id='line_1_85' title="bbox 1810 4044 3398 4104; baseline 0.004 -6"><span class='ocrx_word' id='word_1_598' title='bbox 1810 4045 1910 4098; x_wconf 90' lang='lat' dir='ltr'><strong>nit.</strong></span> <span class='ocrx_word' id='word_1_599' title='bbox 1945 4047 2020 4099; x_wconf 80' lang='lat' dir='ltr'><strong>Ex</strong></span> <span class='ocrx_word' id='word_1_600' title='bbox 2056 4045 2217 4100; x_wconf 84' lang='lat' dir='ltr'><strong>rebus</strong></span> <span class='ocrx_word' id='word_1_601' title='bbox 2269 4044 2472 4098; x_wconf 88' lang='lat' dir='ltr'><strong>nostris</strong></span> <span class='ocrx_word' id='word_1_602' title='bbox 2508 4045 2575 4098; x_wconf 90' lang='lat' dir='ltr'><strong>de</strong></span> <span class='ocrx_word' id='word_1_603' title='bbox 2608 4044 2807 4100; x_wconf 83' lang='lat' dir='ltr'><strong>vestris</strong></span> <span class='ocrx_word' id='word_1_604' title='bbox 2835 4047 2998 4101; x_wconf 88' lang='lat' dir='ltr'><strong>etiam</strong></span> <span class='ocrx_word' id='word_1_605' title='bbox 3025 4049 3398 4104; x_wconf 82' lang='lat' dir='ltr'><strong>enuntiamus.</strong></span> 
     </span>
    </p>
   </div>
   <div class='ocr_carea' id='block_1_86' title="bbox 1809 4136 3398 4205">
    <p class='ocr_par' dir='ltr' id='par_1_86' title="bbox 1809 4136 3398 4205">
     <span class='ocr_line' id='line_1_86' title="bbox 1809 4136 3398 4205; baseline 0.003 -15"><span class='ocrx_word' id='word_1_606' title='bbox 1809 4137 2013 4190; x_wconf 88' lang='lat' dir='ltr'><strong>Omnes</strong></span> <span class='ocrx_word' id='word_1_607' title='bbox 2060 4136 2328 4205; x_wconf 89' lang='lat' dir='ltr'><strong>siquidem</strong></span> <span class='ocrx_word' id='word_1_608' title='bbox 2361 4136 2607 4190; x_wconf 85' lang='lat' dir='ltr'><strong>homines</strong></span> <span class='ocrx_word' id='word_1_609' title='bbox 2658 4136 2812 4191; x_wconf 87' lang='lat' dir='ltr'><strong>liberi</strong></span> <span class='ocrx_word' id='word_1_610' title='bbox 2845 4138 3058 4192; x_wconf 92' lang='lat' dir='ltr'><strong>arbitrii</strong></span> <span class='ocrx_word' id='word_1_611' title='bbox 3091 4141 3334 4195; x_wconf 89' lang='lat' dir='ltr'><strong>habenas</strong></span> <span class='ocrx_word' id='word_1_612' title='bbox 3368 4158 3398 4195; x_wconf 89' lang='lat' dir='ltr'><strong>a</strong></span> 
     </span>
    </p>
   </div>
   <div class='ocr_carea' id='block_1_87' title="bbox 1813 4226 3398 4299">
    <p class='ocr_par' dir='ltr' id='par_1_87' title="bbox 1813 4226 3398 4299">
     <span class='ocr_line' id='line_1_87' title="bbox 1813 4226 3398 4299; baseline 0.003 -21"><span class='ocrx_word' id='word_1_613' title='bbox 1813 4226 1925 4280; x_wconf 83' lang='lat' dir='ltr'><strong>Deo</strong></span> <span class='ocrx_word' id='word_1_614' title='bbox 1971 4226 2085 4296; x_wconf 87' lang='lat' dir='ltr'><strong>pari</strong></span> <span class='ocrx_word' id='word_1_615' title='bbox 2121 4227 2244 4296; x_wconf 90' lang='lat' dir='ltr'><strong>jure</strong></span> <span class='ocrx_word' id='word_1_616' title='bbox 2283 4237 2611 4295; x_wconf 84' lang='lat' dir='ltr'><strong>acceperunt</strong></span> <span class='ocrx_word' id='word_1_617' title='bbox 2642 4242 2765 4280; x_wconf 91' lang='lat' dir='ltr'><strong>cum</strong></span> <span class='ocrx_word' id='word_1_618' title='bbox 2830 4243 3044 4282; x_wconf 88' lang='lat' dir='ltr'><strong>summa</strong></span> <span class='ocrx_word' id='word_1_619' title='bbox 3085 4239 3398 4299; x_wconf 87' lang='lat' dir='ltr'><strong>potestate:</strong></span> 
     </span>
    </p>
   </div>
   <div class='ocr_carea' id='block_1_88' title="bbox 1813 4316 3404 4389">
    <p class='ocr_par' dir='ltr' id='par_1_88' title="bbox 1813 4316 3404 4389">
     <span class='ocr_line' id='line_1_88' title="bbox 1813 4316 3404 4389; baseline 0.004 -21"><span class='ocrx_word' id='word_1_620' title='bbox 1813 4316 1960 4380; x_wconf 90' lang='lat' dir='ltr'><strong>licet,</strong></span> <span class='ocrx_word' id='word_1_621' title='bbox 2014 4316 2194 4369; x_wconf 83' lang='lat' dir='ltr'><strong>anima</strong></span> <span class='ocrx_word' id='word_1_622' title='bbox 2243 4325 2297 4369; x_wconf 92' lang='lat' dir='ltr'><strong>et</strong></span> <span class='ocrx_word' id='word_1_623' title='bbox 2327 4330 2558 4384; x_wconf 90' lang='lat' dir='ltr'><strong>corpore</strong></span> <span class='ocrx_word' id='word_1_624' title='bbox 2586 4317 2728 4370; x_wconf 90' lang='lat' dir='ltr'><strong>inter</strong></span> <span class='ocrx_word' id='word_1_625' title='bbox 2759 4331 2819 4372; x_wconf 90' lang='lat' dir='ltr'><strong>se</strong></span> <span class='ocrx_word' id='word_1_626' title='bbox 2853 4319 3243 4389; x_wconf 77' lang='lat' dir='ltr'><strong>pugnantibus,</strong></span> <span class='ocrx_word' id='word_1_627' title='bbox 3280 4335 3404 4389; x_wconf 86' lang='lat' dir='ltr'><strong>per-</strong></span> 
     </span>
    </p>
   </div>
   <div class='ocr_carea' id='block_1_89' title="bbox 1810 4407 2404 4479">
    <p class='ocr_par' dir='ltr' id='par_1_89' title="bbox 1810 4407 2404 4479">
     <span class='ocr_line' id='line_1_89' title="bbox 1810 4407 2404 4479; baseline -0.005 -16"><span class='ocrx_word' id='word_1_628' title='bbox 1810 4421 2036 4479; x_wconf 90' lang='lat' dir='ltr'><strong>petuum</strong></span> <span class='ocrx_word' id='word_1_629' title='bbox 2077 4408 2275 4462; x_wconf 91' lang='lat' dir='ltr'><strong>bellum</strong></span> <span class='ocrx_word' id='word_1_630' title='bbox 2313 4407 2404 4462; x_wconf 90' lang='lat' dir='ltr'><strong>sit.</strong></span> 
     </span>
    </p>
   </div>
   <div class='ocr_carea' id='block_1_90' title="bbox 207 4485 1715 4573">
    <p class='ocr_par' dir='ltr' id='par_1_90' title="bbox 207 4485 1706 4573">
     <span class='ocr_line' id='line_1_90' title="bbox 207 4485 1706 4573; baseline 0.018 -34"><span class='ocrx_word' id='word_1_631' title='bbox 207 4485 266 4539; x_wconf 85' lang='lat'><strong>&#39;0</strong></span> <span class='ocrx_word' id='word_1_632' title='bbox 313 4489 416 4558; x_wconf 79' lang='grc' dir='ltr'>μὲν</span> <span class='ocrx_word' id='word_1_633' title='bbox 446 4492 509 4562; x_wconf 84' lang='grc' dir='ltr'>δὴ</span> <span class='ocrx_word' id='word_1_634' title='bbox 549 4495 677 4566; x_wconf 75' lang='grc' dir='ltr'>περὶ</span> <span class='ocrx_word' id='word_1_635' title='bbox 711 4498 900 4552; x_wconf 71' lang='grc' dir='ltr'>τούτου</span> <span class='ocrx_word' id='word_1_636' title='bbox 928 4500 1082 4570; x_wconf 79' lang='grc' dir='ltr'>λόγος</span> <span class='ocrx_word' id='word_1_637' title='bbox 1116 4505 1284 4573; x_wconf 71' lang='grc' dir='ltr'>ἐχέτω</span> <span class='ocrx_word' id='word_1_638' title='bbox 1321 4510 1511 4566; x_wconf 82' lang='grc' dir='ltr'>ταῦτα.</span> <span class='ocrx_word' id='word_1_639' title='bbox 1546 4511 1611 4563; x_wconf 90' lang='grc' dir='ltr'><strong>Τί</strong></span> <span class='ocrx_word' id='word_1_640' title='bbox 1651 4513 1706 4567; x_wconf 84' lang='grc' dir='ltr'>δὲ</span> 
     </span>
    </p>
   </div>
   <div class='ocr_carea' id='block_1_91' title="bbox 1816 4485 3402 4573">
    <p class='ocr_par' dir='ltr' id='par_1_91' title="bbox 1884 4500 3402 4570">
     <span class='ocr_line' id='line_1_91' title="bbox 1884 4500 3402 4570; baseline 0.004 -18"><span class='ocrx_word' id='word_1_641' title='bbox 1884 4501 1959 4556; x_wconf 87' lang='lat' dir='ltr'><strong>De</strong></span> <span class='ocrx_word' id='word_1_642' title='bbox 1992 4501 2095 4554; x_wconf 78' lang='lat' dir='ltr'><strong>hoc</strong></span> <span class='ocrx_word' id='word_1_643' title='bbox 2141 4501 2303 4567; x_wconf 74' lang='lat' dir='ltr'><strong>igitur</strong></span> <span class='ocrx_word' id='word_1_644' title='bbox 2344 4500 2608 4556; x_wconf 88' lang='lat' dir='ltr'><strong>hactenus</strong></span> <span class='ocrx_word' id='word_1_645' title='bbox 2643 4502 2758 4556; x_wconf 73' lang='lat' dir='ltr'><strong>haec</strong></span> <span class='ocrx_word' id='word_1_646' title='bbox 2780 4501 2925 4556; x_wconf 89' lang='lat' dir='ltr'><strong>dicta</strong></span> <span class='ocrx_word' id='word_1_647' title='bbox 2967 4503 3098 4557; x_wconf 87' lang='lat' dir='ltr'><strong>sint.</strong></span> <span class='ocrx_word' id='word_1_648' title='bbox 3129 4501 3269 4570; x_wconf 88' lang='lat' dir='ltr'><strong>Quid</strong></span> <span class='ocrx_word' id='word_1_649' title='bbox 3295 4520 3402 4558; x_wconf 72' lang='lat' dir='ltr'><strong>ca:-</strong></span> 
     </span>
    </p>
   </div>
   <div class='ocr_carea' id='block_1_92' title="bbox 125 4576 1707 4670">
    <p class='ocr_par' dir='ltr' id='par_1_92' title="bbox 125 4576 1707 4670">
     <span class='ocr_line' id='line_1_92' title="bbox 125 4576 1707 4670; baseline 0.02 -43"><span class='ocrx_word' id='word_1_650' title='bbox 125 4576 193 4629; x_wconf 74' lang='grc' dir='ltr'>τὰ</span> <span class='ocrx_word' id='word_1_651' title='bbox 242 4580 403 4650; x_wconf 52' lang='grc' dir='ltr'><strong>ἑξῆς</strong></span> <span class='ocrx_word' id='word_1_652' title='bbox 457 4584 524 4638; x_wconf 86' lang='grc' dir='ltr'><strong>Ἦ</strong></span> <span class='ocrx_word' id='word_1_653' title='bbox 560 4586 743 4652; x_wconf 87' lang='grc' dir='ltr'>πίστις</span> <span class='ocrx_word' id='word_1_654' title='bbox 773 4591 1021 4662; x_wconf 82' lang='grc' dir='ltr'>ἀκλινὴς,</span> <span class='ocrx_word' id='word_1_655' title='bbox 1054 4595 1479 4670; x_wconf 85' lang='grc' dir='ltr'>ἀπερίτρεπτος,</span> <span class='ocrx_word' id='word_1_656' title='bbox 1525 4604 1707 4667; x_wconf 85' lang='grc' dir='ltr'>καθὼς</span> 
     </span>
    </p>
   </div>
   <div class='ocr_carea' id='block_1_93' title="bbox 129 4671 1702 4761">
    <p class='ocr_par' dir='ltr' id='par_1_93' title="bbox 129 4671 1702 4761">
     <span class='ocr_line' id='line_1_93' title="bbox 129 4671 1702 4761; baseline 0.018 -43"><span class='ocrx_word' id='word_1_657' title='bbox 129 4671 423 4736; x_wconf 84' lang='grc' dir='ltr'>παρέδωκα</span> <span class='ocrx_word' id='word_1_658' title='bbox 477 4679 637 4746; x_wconf 83' lang='grc' dir='ltr'>ὑμῖν,</span> <span class='ocrx_word' id='word_1_659' title='bbox 671 4682 761 4733; x_wconf 73' lang='grc' dir='ltr'>καὶ</span> <span class='ocrx_word' id='word_1_660' title='bbox 809 4685 1118 4753; x_wconf 77' lang='grc' dir='ltr'>παρέλαϐον</span> <span class='ocrx_word' id='word_1_661' title='bbox 1168 4691 1318 4759; x_wconf 77' lang='grc' dir='ltr'>παρὰ</span> <span class='ocrx_word' id='word_1_662' title='bbox 1349 4693 1457 4744; x_wconf 80' lang='grc' dir='ltr'><strong>τῶν</strong></span> <span class='ocrx_word' id='word_1_663' title='bbox 1499 4695 1702 4761; x_wconf 82' lang='grc' dir='ltr'>ἁγίων·</span> 
     </span>
    </p>
   </div>
   <div class='ocr_carea' id='block_1_94' title="bbox 133 4762 1709 4844">
    <p class='ocr_par' dir='ltr' id='par_1_94' title="bbox 133 4762 1709 4844">
     <span class='ocr_line' id='line_1_94' title="bbox 133 4762 1709 4844; baseline 0.015 -28"><span class='ocrx_word' id='word_1_664' title='bbox 133 4762 328 4827; x_wconf 76' lang='grc' dir='ltr'>μᾶλλον</span> <span class='ocrx_word' id='word_1_665' title='bbox 359 4767 417 4821; x_wconf 83' lang='grc' dir='ltr'><strong>δὲ</strong></span> <span class='ocrx_word' id='word_1_666' title='bbox 459 4771 759 4842; x_wconf 77' lang='grc' dir='ltr'>ἀμφότεροι</span> <span class='ocrx_word' id='word_1_667' title='bbox 795 4775 888 4844; x_wconf 82' lang='grc' dir='ltr'><strong>ἀφ’</strong></span> <span class='ocrx_word' id='word_1_668' title='bbox 918 4777 1036 4841; x_wconf 79' lang='grc' dir='ltr'>ἐνὸς</span> <span class='ocrx_word' id='word_1_669' title='bbox 1087 4780 1182 4831; x_wconf 75' lang='grc' dir='ltr'><strong>καὶ</strong></span> <span class='ocrx_word' id='word_1_670' title='bbox 1211 4781 1304 4834; x_wconf 82' lang='grc' dir='ltr'>τοῦ</span> <span class='ocrx_word' id='word_1_671' title='bbox 1345 4784 1512 4837; x_wconf 82' lang='grc' dir='ltr'>αὑτοῦ</span> <span class='ocrx_word' id='word_1_672' title='bbox 1547 4786 1709 4838; x_wconf 82' lang='grc' dir='ltr'>πνεύ-</span> 
     </span>
    </p>
   </div>
   <div class='ocr_carea' id='block_1_95' title="bbox 134 4862 1704 4945">
    <p class='ocr_par' dir='ltr' id='par_1_95' title="bbox 134 4862 1704 4945">
     <span class='ocr_line' id='line_1_95' title="bbox 134 4862 1704 4945; baseline 0.017 -40"><span class='ocrx_word' id='word_1_673' title='bbox 134 4868 320 4945; x_wconf 67' lang='grc' dir='ltr'>ματος.</span> <span class='ocrx_word' id='word_1_674' title='bbox 378 4862 616 4927; x_wconf 79' lang='grc' dir='ltr'>Χριστὸς</span> <span class='ocrx_word' id='word_1_675' title='bbox 669 4867 729 4918; x_wconf 82' lang='grc' dir='ltr'><strong>οὐ</strong></span> <span class='ocrx_word' id='word_1_676' title='bbox 793 4868 1064 4937; x_wconf 82' lang='grc' dir='ltr'>Χριστὸς,</span> <span class='ocrx_word' id='word_1_677' title='bbox 1125 4874 1174 4923; x_wconf 82' lang='grc' dir='ltr'><strong>εί</strong></span> <span class='ocrx_word' id='word_1_678' title='bbox 1217 4874 1291 4944; x_wconf 83' lang='grc' dir='ltr'><strong>μὴ</strong></span> <span class='ocrx_word' id='word_1_679' title='bbox 1353 4877 1704 4945; x_wconf 70' lang='grc' dir='ltr'>ὲγγράφοιτο.</span> 
     </span>
    </p>
   </div>
   <div class='ocr_carea' id='block_1_96' title="bbox 130 4940 1709 5038">
    <p class='ocr_par' dir='ltr' id='par_1_96' title="bbox 130 4940 1709 5038">
     <span class='ocr_line' id='line_1_96' title="bbox 130 4940 1709 5038; baseline 0.015 -39"><span class='ocrx_word' id='word_1_680' title='bbox 130 4940 278 5038; x_wconf 51' lang='lat' dir='ltr'><strong>&quot;Ilua</strong></span> <span class='ocrx_word' id='word_1_681' title='bbox 303 4950 412 5021; x_wconf 83' lang='grc' dir='ltr'>γὰρ</span> <span class='ocrx_word' id='word_1_682' title='bbox 445 4953 618 5007; x_wconf 73' lang='grc' dir='ltr'>εἰπεῖν</span> <span class='ocrx_word' id='word_1_683' title='bbox 644 4956 901 5025; x_wconf 76' lang='grc' dir='ltr'>Χριστὸν.</span> <span class='ocrx_word' id='word_1_684' title='bbox 939 4962 1140 5014; x_wconf 81' lang='grc' dir='ltr'>ἐννοεῖν</span> <span class='ocrx_word' id='word_1_685' title='bbox 1168 4940 1290 5017; x_wconf 33' lang='grc' dir='ltr'>ἔστι.</span> <span class='ocrx_word' id='word_1_686' title='bbox 1308 4967 1368 5019; x_wconf 84' lang='grc' dir='ltr'><strong>τὸ</strong></span> <span class='ocrx_word' id='word_1_687' title='bbox 1524 4940 1709 5038; x_wconf 79' lang='grc' dir='ltr'>σωμα-</span> 
     </span>
    </p>
   </div>
   <div class='ocr_carea' id='block_1_97' title="bbox 127 5031 1706 5127">
    <p class='ocr_par' dir='ltr' id='par_1_97' title="bbox 127 5031 1706 5127">
     <span class='ocr_line' id='line_1_97' title="bbox 127 5031 1706 5127; baseline 0.02 -43"><span class='ocrx_word' id='word_1_688' title='bbox 127 5031 340 5103; x_wconf 87' lang='grc' dir='ltr'>τὼσεως</span> <span class='ocrx_word' id='word_1_689' title='bbox 396 5042 566 5096; x_wconf 80' lang='grc' dir='ltr'>αὑτοῦ</span> <span class='ocrx_word' id='word_1_690' title='bbox 622 5050 937 5119; x_wconf 86' lang='grc' dir='ltr'>μυστήριον.</span> <span class='ocrx_word' id='word_1_691' title='bbox 979 5054 1054 5105; x_wconf 83' lang='grc' dir='ltr'><strong>Οὑ</strong></span> <span class='ocrx_word' id='word_1_692' title='bbox 1086 5055 1196 5124; x_wconf 82' lang='grc' dir='ltr'>γὰρ</span> <span class='ocrx_word' id='word_1_693' title='bbox 1228 5057 1294 5109; x_wconf 85' lang='grc' dir='ltr'><strong>ἂν</strong></span> <span class='ocrx_word' id='word_1_694' title='bbox 1337 5031 1571 5127; x_wconf 77' lang='grc' dir='ltr'>Χριστὸς</span> <span class='ocrx_word' id='word_1_695' title='bbox 1606 5031 1706 5114; x_wconf 46' lang='grc' dir='ltr'><strong>’λέ-</strong></span> 
     </span>
    </p>
   </div>
   <div class='ocr_carea' id='block_1_98' title="bbox 129 5133 1704 5218">
    <p class='ocr_par' dir='ltr' id='par_1_98' title="bbox 129 5133 1704 5218">
     <span class='ocr_line' id='line_1_98' title="bbox 129 5133 1704 5218; baseline 0.017 -37"><span class='ocrx_word' id='word_1_696' title='bbox 129 5135 274 5218; x_wconf 56' lang='grc' dir='ltr'>Ϊριτυ</span> <span class='ocrx_word' id='word_1_697' title='bbox 309 5133 520 5204; x_wconf 84' lang='grc' dir='ltr'>γυμνὸς</span> <span class='ocrx_word' id='word_1_698' title='bbox 552 5133 800 5206; x_wconf 83' lang='grc' dir='ltr'>σώματος</span> <span class='ocrx_word' id='word_1_699' title='bbox 827 5142 854 5192; x_wconf 85' lang='grc' dir='ltr'>ὁ</span> <span class='ocrx_word' id='word_1_700' title='bbox 885 5144 1082 5209; x_wconf 73' lang='grc' dir='ltr'>Λόγος,</span> <span class='ocrx_word' id='word_1_701' title='bbox 1113 5147 1488 5218; x_wconf 80' lang='grc' dir='ltr'>ἐννοούμενος.</span> <span class='ocrx_word' id='word_1_702' title='bbox 1543 5154 1704 5207; x_wconf 80' lang='grc' dir='ltr'>Ἐπεὶ</span> 
     </span>
    </p>
   </div>
   <div class='ocr_carea' id='block_1_99' title="bbox 129 5209 1696 5313">
    <p class='ocr_par' dir='ltr' id='par_1_99' title="bbox 129 5209 1696 5313">
     <span class='ocr_line' id='line_1_99' title="bbox 129 5209 1696 5313; baseline 0.022 -49"><span class='ocrx_word' id='word_1_703' title='bbox 129 5209 183 5264; x_wconf 77' lang='grc' dir='ltr'>δὲ</span> <span class='ocrx_word' id='word_1_704' title='bbox 210 5218 346 5313; x_wconf 73' lang='grc' dir='ltr'>σάρξ</span> <span class='ocrx_word' id='word_1_705' title='bbox 377 5224 406 5275; x_wconf 86' lang='grc' dir='ltr'>ὁ</span> <span class='ocrx_word' id='word_1_706' title='bbox 437 5224 640 5292; x_wconf 79' lang='grc' dir='ltr'>Λόγος,</span> <span class='ocrx_word' id='word_1_707' title='bbox 668 5233 833 5299; x_wconf 76' lang='grc' dir='ltr'>σαρκὶ</span> <span class='ocrx_word' id='word_1_708' title='bbox 855 5232 1100 5304; x_wconf 88' lang='grc' dir='ltr'>δηλονότι</span> <span class='ocrx_word' id='word_1_709' title='bbox 1132 5239 1226 5290; x_wconf 72' lang='grc' dir='ltr'><strong>καὶ⁹</strong></span> <span class='ocrx_word' id='word_1_710' title='bbox 1265 5209 1696 5313; x_wconf 72' lang='grc' dir='ltr'>περιγράφοιτο·</span> 
     </span>
    </p>
   </div>
   <div class='ocr_carea' id='block_1_100' title="bbox 130 5312 1704 5402">
    <p class='ocr_par' dir='ltr' id='par_1_100' title="bbox 130 5312 1704 5402">
     <span class='ocr_line' id='line_1_100' title="bbox 130 5312 1704 5402; baseline 0.022 -45"><span class='ocrx_word' id='word_1_711' title='bbox 130 5319 220 5357; x_wconf 83' lang='grc' dir='ltr'><strong>και</strong></span> <span class='ocrx_word' id='word_1_712' title='bbox 267 5312 346 5382; x_wconf 80' lang='grc' dir='ltr'>τῷ</span> <span class='ocrx_word' id='word_1_713' title='bbox 380 5317 619 5387; x_wconf 85' lang='grc' dir='ltr'>Χριστὸς</span> <span class='ocrx_word' id='word_1_714' title='bbox 665 5321 924 5390; x_wconf 85' lang='grc' dir='ltr'>ὀνόματι,</span> <span class='ocrx_word' id='word_1_715' title='bbox 981 5328 1076 5378; x_wconf 74' lang='grc' dir='ltr'><strong>καὶ</strong></span> <span class='ocrx_word' id='word_1_716' title='bbox 1118 5327 1183 5380; x_wconf 83' lang='grc' dir='ltr'><strong>τὸ</strong></span> <span class='ocrx_word' id='word_1_717' title='bbox 1221 5331 1321 5398; x_wconf 78' lang='grc' dir='ltr'>τῆς</span> <span class='ocrx_word' id='word_1_718' title='bbox 1359 5312 1704 5402; x_wconf 80' lang='grc' dir='ltr'>περιγραφῆς</span> 
     </span>
    </p>
   </div>
   <div class='ocr_carea' id='block_1_101' title="bbox 134 5407 1701 5492">
    <p class='ocr_par' dir='ltr' id='par_1_101' title="bbox 134 5407 1701 5492">
     <span class='ocr_line' id='line_1_101' title="bbox 134 5407 1701 5492; baseline 0.02 -45"><span class='ocrx_word' id='word_1_719' title='bbox 134 5407 541 5478; x_wconf 84' lang='grc' dir='ltr'>συνεισήνεκται</span> <span class='ocrx_word' id='word_1_720' title='bbox 576 5411 669 5464; x_wconf 76' lang='grc' dir='ltr'><strong>καὶ</strong></span> <span class='ocrx_word' id='word_1_721' title='bbox 713 5419 1158 5488; x_wconf 83' lang='grc' dir='ltr'>συνεπινενόηται</span> <span class='ocrx_word' id='word_1_722' title='bbox 1194 5422 1413 5492; x_wconf 79' lang='grc' dir='ltr'>ἰδίωμα.</span> <span class='ocrx_word' id='word_1_723' title='bbox 1459 5426 1622 5478; x_wconf 83' lang='grc' dir='ltr'>Ὥστε</span> <span class='ocrx_word' id='word_1_724' title='bbox 1654 5430 1701 5479; x_wconf 81' lang='grc' dir='ltr'><strong>οἱ</strong></span> 
     </span>
    </p>
   </div>
   <div class='ocr_carea' id='block_1_102' title="bbox 136 5491 1704 5584">
    <p class='ocr_par' dir='ltr' id='par_1_102' title="bbox 136 5491 1704 5584">
     <span class='ocr_line' id='line_1_102' title="bbox 136 5491 1704 5584; baseline 0.015 -35"><span class='ocrx_word' id='word_1_725' title='bbox 136 5491 206 5584; x_wconf 57' lang='lat' dir='ltr'><strong>tu&quot;;</strong></span> <span class='ocrx_word' id='word_1_726' title='bbox 233 5494 484 5566; x_wconf 84' lang='grc' dir='ltr'>λέγοντες</span> <span class='ocrx_word' id='word_1_727' title='bbox 529 5503 692 5556; x_wconf 79' lang='grc' dir='ltr'>αὑτὸν</span> <span class='ocrx_word' id='word_1_728' title='bbox 737 5508 1078 5578; x_wconf 79' lang='grc' dir='ltr'>γράφεσθαι,</span> <span class='ocrx_word' id='word_1_729' title='bbox 1131 5491 1704 5584; x_wconf 12' lang='grc' dir='ltr'>ἦγουνῗείκονίζεσθαι</span> 
     </span>
    </p>
   </div>
   <div class='ocr_carea' id='block_1_103' title="bbox 135 5581 1706 5682">
    <p class='ocr_par' dir='ltr' id='par_1_103' title="bbox 135 5581 1706 5682">
     <span class='ocr_line' id='line_1_103' title="bbox 135 5581 1706 5682; baseline 0.017 -42"><span class='ocrx_word' id='word_1_730' title='bbox 135 5581 365 5682; x_wconf 44' lang='grc' dir='ltr'>ᾆσαρκον</span> <span class='ocrx_word' id='word_1_731' title='bbox 398 5596 562 5649; x_wconf 81' lang='grc' dir='ltr'>αὐτὸν</span> <span class='ocrx_word' id='word_1_732' title='bbox 596 5598 1065 5670; x_wconf 78' lang='grc' dir='ltr'>ὑπολαμϐάνουσι.</span> <span class='ocrx_word' id='word_1_733' title='bbox 1109 5607 1217 5663; x_wconf 78' lang='lat' dir='ltr'><strong>Kal</strong></span> <span class='ocrx_word' id='word_1_734' title='bbox 1256 5610 1447 5682; x_wconf 69' lang='grc' dir='ltr'>πόρρω</span> <span class='ocrx_word' id='word_1_735' title='bbox 1477 5616 1574 5676; x_wconf 76' lang='grc' dir='ltr'>τῆς</span> <span class='ocrx_word' id='word_1_736' title='bbox 1608 5615 1706 5666; x_wconf 85' lang='grc' dir='ltr'>αὐ-</span> 
     </span>
    </p>
   </div>
   <div class='ocr_carea' id='block_1_104' title="bbox 135 5671 1702 5770">
    <p class='ocr_par' dir='ltr' id='par_1_104' title="bbox 135 5671 1702 5770">
     <span class='ocr_line' id='line_1_104' title="bbox 135 5671 1702 5770; baseline 0.022 -39"><span class='ocrx_word' id='word_1_737' title='bbox 135 5671 224 5745; x_wconf 77' lang='grc' dir='ltr'><strong>λῆς</strong></span> <span class='ocrx_word' id='word_1_738' title='bbox 267 5683 540 5755; x_wconf 83' lang='grc' dir='ltr'>Χριστοῦ·</span> <span class='ocrx_word' id='word_1_739' title='bbox 582 5691 686 5744; x_wconf 78' lang='grc' dir='ltr'><strong>κᾶν</strong></span> <span class='ocrx_word' id='word_1_740' title='bbox 734 5694 942 5766; x_wconf 81' lang='grc' dir='ltr'>Πέτρος</span> <span class='ocrx_word' id='word_1_741' title='bbox 989 5693 1133 5764; x_wconf 79' lang='grc' dir='ltr'>εἷεν,</span> <span class='ocrx_word' id='word_1_742' title='bbox 1179 5701 1282 5756; x_wconf 72' lang='grc' dir='ltr'>κᾶν</span> <span class='ocrx_word' id='word_1_743' title='bbox 1330 5671 1588 5770; x_wconf 42' lang='grc' dir='ltr'><strong>ᾗκῦλοξ⁶</strong></span> <span class='ocrx_word' id='word_1_744' title='bbox 1626 5707 1702 5770; x_wconf 80' lang='grc' dir='ltr'><strong>ὡς</strong></span> 
     </span>
    </p>
   </div>
   <div class='ocr_carea' id='block_1_105' title="bbox 207 5743 1699 5871">
    <p class='ocr_par' dir='ltr' id='par_1_105' title="bbox 207 5743 1699 5871">
     <span class='ocr_line' id='line_1_105' title="bbox 320 5743 1699 5770; baseline 0.012 -15"><span class='ocrx_word' id='word_1_745' title='bbox 320 5743 332 5755; x_wconf 85' lang='grc'><strong>.</strong></span> <span class='ocrx_word' id='word_1_746' title='bbox 627 5743 635 5744; x_wconf 48' lang='grc' dir='ltr'>ί</span> <span class='ocrx_word' id='word_1_747' title='bbox 735 5743 940 5766; x_wconf 56' lang='grc' dir='ltr'><strong>τ---ι-νι</strong></span> <span class='ocrx_word' id='word_1_748' title='bbox 991 5743 1133 5764; x_wconf 59' lang='lat' dir='ltr'><strong>“nr</strong></span> <span class='ocrx_word' id='word_1_749' title='bbox 1182 5743 1279 5756; x_wconf 57' lang='grc' dir='ltr'><strong>ποθ’</strong></span> <span class='ocrx_word' id='word_1_750' title='bbox 1335 5743 1543 5770; x_wconf 55' lang='grc' dir='ltr'><strong>μέλαιν’-ο</strong></span> <span class='ocrx_word' id='word_1_751' title='bbox 1626 5743 1699 5770; x_wconf 59' lang='grc' dir='ltr'>υυὶ</span> 
     </span>
     <span class='ocr_line' id='line_1_106' title="bbox 207 5793 714 5871; baseline 0.02 -20"><span class='ocrx_word' id='word_1_752' title='bbox 207 5793 248 5824; x_wconf 86' lang='grc'><strong>⁹¹</strong></span> <span class='ocrx_word' id='word_1_753' title='bbox 289 5795 470 5860; x_wconf 82' lang='lat' dir='ltr'><strong>Eccle.</strong></span> <span class='ocrx_word' id='word_1_754' title='bbox 508 5819 580 5871; x_wconf 82' lang='lat' dir='ltr'><strong>tv,</strong></span> <span class='ocrx_word' id='word_1_755' title='bbox 623 5807 714 5860; x_wconf 81' lang='lat' dir='ltr'><strong>l0.</strong></span> 
     </span>
    </p>
   </div>
   <div class='ocr_carea' id='block_1_106' title="bbox 485 5899 1196 5965">
    <p class='ocr_par' dir='ltr' id='par_1_106' title="bbox 485 5899 1196 5965">
     <span class='ocr_line' id='line_1_107' title="bbox 485 5899 1196 5965; baseline 0.008 -7"><span class='ocrx_word' id='word_1_756' title='bbox 485 5899 761 5963; x_wconf 78' lang='grc' dir='ltr'>ΡΑτιιοι..</span> <span class='ocrx_word' id='word_1_757' title='bbox 811 5902 856 5965; x_wconf 90' lang='lat' dir='ltr'><strong>G</strong></span> <span class='ocrx_word' id='word_1_758' title='bbox 871 5921 928 5963; x_wconf 68' lang='grc' dir='ltr'>ιι.</span> <span class='ocrx_word' id='word_1_759' title='bbox 978 5901 1196 5964; x_wconf 79' lang='lat' dir='ltr'><strong>XCIX.</strong></span> 
     </span>
    </p>
   </div>
   <div class='ocr_carea' id='block_1_107' title="bbox 1805 4593 3398 4662">
    <p class='ocr_par' dir='ltr' id='par_1_107' title="bbox 1805 4593 3398 4662">
     <span class='ocr_line' id='line_1_108' title="bbox 1805 4593 3398 4662; baseline 0.003 -13"><span class='ocrx_word' id='word_1_760' title='bbox 1805 4604 1918 4650; x_wconf 92' lang='lat' dir='ltr'><strong>tera</strong></span> <span class='ocrx_word' id='word_1_761' title='bbox 1945 4595 2176 4648; x_wconf 85' lang='lat' dir='ltr'><strong>deinde?</strong></span> <span class='ocrx_word' id='word_1_762' title='bbox 2199 4593 2359 4648; x_wconf 88' lang='lat' dir='ltr'><strong>Fides</strong></span> <span class='ocrx_word' id='word_1_763' title='bbox 2382 4593 2558 4658; x_wconf 86' lang='lat' dir='ltr'><strong>firma,</strong></span> <span class='ocrx_word' id='word_1_764' title='bbox 2610 4596 2991 4662; x_wconf 87' lang='lat' dir='ltr'><strong>Immutabilis,</strong></span> <span class='ocrx_word' id='word_1_765' title='bbox 3010 4599 3152 4652; x_wconf 88' lang='lat' dir='ltr'><strong>sicut</strong></span> <span class='ocrx_word' id='word_1_766' title='bbox 3204 4599 3398 4654; x_wconf 87' lang='lat' dir='ltr'><strong>tradidi</strong></span> 
     </span>
    </p>
   </div>
   <div class='ocr_carea' id='block_1_108' title="bbox 1804 4686 3400 4761">
    <p class='ocr_par' dir='ltr' id='par_1_108' title="bbox 1804 4686 3400 4761">
     <span class='ocr_line' id='line_1_109' title="bbox 1804 4686 3400 4761; baseline 0.003 -20"><span class='ocrx_word' id='word_1_767' title='bbox 1804 4688 1980 4753; x_wconf 82' lang='lat' dir='ltr'><strong>vobis,</strong></span> <span class='ocrx_word' id='word_1_768' title='bbox 2004 4697 2055 4740; x_wconf 86' lang='lat' dir='ltr'><strong>et</strong></span> <span class='ocrx_word' id='word_1_769' title='bbox 2085 4701 2112 4739; x_wconf 92' lang='lat' dir='ltr'><strong>a</strong></span> <span class='ocrx_word' id='word_1_770' title='bbox 2152 4686 2358 4741; x_wconf 91' lang='lat' dir='ltr'><strong>sanctis</strong></span> <span class='ocrx_word' id='word_1_771' title='bbox 2382 4688 2587 4755; x_wconf 84' lang='lat' dir='ltr'><strong>accepi,</strong></span> <span class='ocrx_word' id='word_1_772' title='bbox 2613 4687 2698 4740; x_wconf 89' lang='lat' dir='ltr'><strong>vel</strong></span> <span class='ocrx_word' id='word_1_773' title='bbox 2725 4688 2907 4754; x_wconf 88' lang='lat' dir='ltr'><strong>potius</strong></span> <span class='ocrx_word' id='word_1_774' title='bbox 2941 4688 3009 4742; x_wconf 89' lang='lat' dir='ltr'><strong>ab</strong></span> <span class='ocrx_word' id='word_1_775' title='bbox 3044 4705 3154 4743; x_wconf 91' lang='lat' dir='ltr'><strong>uno</strong></span> <span class='ocrx_word' id='word_1_776' title='bbox 3179 4691 3400 4761; x_wconf 86' lang='lat' dir='ltr'><strong>utrique</strong></span> 
     </span>
    </p>
   </div>
   <div class='ocr_carea' id='block_1_109' title="bbox 1805 4777 3395 4847">
    <p class='ocr_par' dir='ltr' id='par_1_109' title="bbox 1805 4777 3395 4847">
     <span class='ocr_line' id='line_1_110' title="bbox 1805 4777 3395 4847; baseline 0.002 -12"><span class='ocrx_word' id='word_1_777' title='bbox 1805 4790 1858 4835; x_wconf 92' lang='lat' dir='ltr'><strong>et</strong></span> <span class='ocrx_word' id='word_1_778' title='bbox 1911 4780 2098 4834; x_wconf 90' lang='lat' dir='ltr'><strong>eodem</strong></span> <span class='ocrx_word' id='word_1_779' title='bbox 2159 4780 2377 4847; x_wconf 88' lang='lat' dir='ltr'><strong>spiritu.</strong></span> <span class='ocrx_word' id='word_1_780' title='bbox 2423 4777 2680 4833; x_wconf 86' lang='lat' dir='ltr'><strong>Christus</strong></span> <span class='ocrx_word' id='word_1_781' title='bbox 2720 4777 2834 4847; x_wconf 91' lang='lat' dir='ltr'><strong>jam</strong></span> <span class='ocrx_word' id='word_1_782' title='bbox 2873 4780 3128 4838; x_wconf 81' lang='lat' dir='ltr'><strong>Christus</strong></span> <span class='ocrx_word' id='word_1_783' title='bbox 3158 4798 3262 4836; x_wconf 92' lang='lat' dir='ltr'><strong>non</strong></span> <span class='ocrx_word' id='word_1_784' title='bbox 3291 4795 3395 4847; x_wconf 86' lang='lat' dir='ltr'><strong>est,</strong></span> 
     </span>
    </p>
   </div>
   <div class='ocr_carea' id='block_1_110' title="bbox 1805 4867 3394 4943">
    <p class='ocr_par' dir='ltr' id='par_1_110' title="bbox 1805 4867 3394 4943">
     <span class='ocr_line' id='line_1_111' title="bbox 1805 4867 3394 4943; baseline 0.001 -17"><span class='ocrx_word' id='word_1_785' title='bbox 1805 4873 1911 4927; x_wconf 89' lang='lat' dir='ltr'><strong>nisi</strong></span> <span class='ocrx_word' id='word_1_786' title='bbox 1944 4872 2091 4943; x_wconf 88' lang='lat' dir='ltr'><strong>pingi</strong></span> <span class='ocrx_word' id='word_1_787' title='bbox 2124 4879 2319 4941; x_wconf 84' lang='lat' dir='ltr'><strong>potest.</strong></span> <span class='ocrx_word' id='word_1_788' title='bbox 2344 4867 2521 4924; x_wconf 90' lang='lat' dir='ltr'><strong>Simul</strong></span> <span class='ocrx_word' id='word_1_789' title='bbox 2554 4870 2698 4924; x_wconf 81' lang='lat' dir='ltr'><strong>enim</strong></span> <span class='ocrx_word' id='word_1_790' title='bbox 2727 4885 2791 4924; x_wconf 88' lang='lat' dir='ltr'><strong>ac</strong></span> <span class='ocrx_word' id='word_1_791' title='bbox 2821 4869 3100 4926; x_wconf 88' lang='lat' dir='ltr'><strong>Christum</strong></span> <span class='ocrx_word' id='word_1_792' title='bbox 3135 4875 3394 4936; x_wconf 87' lang='lat' dir='ltr'><strong>dicimus,</strong></span> 
     </span>
    </p>
   </div>
   <div class='ocr_carea' id='block_1_111' title="bbox 1808 4951 3392 5034">
    <p class='ocr_par' dir='ltr' id='par_1_111' title="bbox 1808 4951 3392 5034">
     <span class='ocr_line' id='line_1_112' title="bbox 1808 4951 3392 5034; baseline 0 -16"><span class='ocrx_word' id='word_1_793' title='bbox 1808 4980 2031 5018; x_wconf 86' lang='lat' dir='ltr'><strong>necesse</strong></span> <span class='ocrx_word' id='word_1_794' title='bbox 2053 4972 2135 5017; x_wconf 89' lang='lat' dir='ltr'><strong>est</strong></span> <span class='ocrx_word' id='word_1_795' title='bbox 2165 4961 2626 5028; x_wconf 86' lang='lat' dir='ltr'><strong>incorporationis</strong></span> <span class='ocrx_word' id='word_1_796' title='bbox 2655 4962 2774 5032; x_wconf 80' lang='lat' dir='ltr'><strong>ejus</strong></span> <span class='ocrx_word' id='word_1_797' title='bbox 2797 4961 3118 5033; x_wconf 84' lang='lat' dir='ltr'><strong>mysterium</strong></span> <span class='ocrx_word' id='word_1_798' title='bbox 3143 4951 3392 5034; x_wconf 86' lang='lat' dir='ltr'><strong>intelligi.</strong></span> 
     </span>
    </p>
   </div>
   <div class='ocr_carea' id='block_1_112' title="bbox 1806 5051 3398 5123">
    <p class='ocr_par' dir='ltr' id='par_1_112' title="bbox 1806 5051 3398 5123">
     <span class='ocr_line' id='line_1_113' title="bbox 1806 5051 3398 5123; baseline 0.001 -16"><span class='ocrx_word' id='word_1_799' title='bbox 1806 5056 1992 5122; x_wconf 70' lang='lat' dir='ltr'><strong>Neque</strong></span> <span class='ocrx_word' id='word_1_800' title='bbox 2014 5053 2160 5107; x_wconf 88' lang='lat' dir='ltr'><strong>enim</strong></span> <span class='ocrx_word' id='word_1_801' title='bbox 2193 5051 2446 5106; x_wconf 89' lang='lat' dir='ltr'><strong>Christus</strong></span> <span class='ocrx_word' id='word_1_802' title='bbox 2465 5051 2701 5116; x_wconf 89' lang='lat' dir='ltr'><strong>dicatur,</strong></span> <span class='ocrx_word' id='word_1_803' title='bbox 2736 5066 2860 5104; x_wconf 90' lang='lat' dir='ltr'><strong>cum</strong></span> <span class='ocrx_word' id='word_1_804' title='bbox 2891 5053 3143 5107; x_wconf 89' lang='lat' dir='ltr'><strong>nuduma</strong></span> <span class='ocrx_word' id='word_1_805' title='bbox 3164 5068 3398 5123; x_wconf 89' lang='lat' dir='ltr'><strong>corpore</strong></span> 
     </span>
    </p>
   </div>
   <div class='ocr_carea' id='block_1_113' title="bbox 1805 5140 3392 5214">
    <p class='ocr_par' dir='ltr' id='par_1_113' title="bbox 1805 5140 3392 5214">
     <span class='ocr_line' id='line_1_114' title="bbox 1805 5140 3392 5214; baseline -0.001 -16"><span class='ocrx_word' id='word_1_806' title='bbox 1805 5145 2044 5200; x_wconf 84' lang='lat' dir='ltr'><strong>Verbum</strong></span> <span class='ocrx_word' id='word_1_807' title='bbox 2080 5145 2415 5214; x_wconf 87' lang='lat' dir='ltr'><strong>agnoscitur.</strong></span> <span class='ocrx_word' id='word_1_808' title='bbox 2456 5140 2758 5211; x_wconf 87' lang='lat' dir='ltr'><strong>Postquam</strong></span> <span class='ocrx_word' id='word_1_809' title='bbox 2791 5152 2972 5195; x_wconf 90' lang='lat' dir='ltr'><strong>autem</strong></span> <span class='ocrx_word' id='word_1_810' title='bbox 3001 5140 3182 5197; x_wconf 82' lang='lat' dir='ltr'><strong>Verbo</strong></span> <span class='ocrx_word' id='word_1_811' title='bbox 3213 5158 3343 5197; x_wconf 85' lang='lat' dir='ltr'><strong>caro</strong></span> <span class='ocrx_word' id='word_1_812' title='bbox 3375 5159 3392 5208; x_wconf 90' lang='lat'><strong>;</strong></span> 
     </span>
    </p>
   </div>
   <div class='ocr_carea' id='block_1_114' title="bbox 1805 5235 3395 5306">
    <p class='ocr_par' dir='ltr' id='par_1_114' title="bbox 1805 5235 3395 5306">
     <span class='ocr_line' id='line_1_115' title="bbox 1805 5235 3395 5306; baseline -0.003 -12"><span class='ocrx_word' id='word_1_813' title='bbox 1805 5249 1857 5293; x_wconf 89' lang='lat' dir='ltr'><strong>et</strong></span> <span class='ocrx_word' id='word_1_814' title='bbox 1888 5254 2051 5294; x_wconf 89' lang='lat' dir='ltr'><strong>carne</strong></span> <span class='ocrx_word' id='word_1_815' title='bbox 2096 5237 2285 5306; x_wconf 90' lang='lat' dir='ltr'><strong>utique</strong></span> <span class='ocrx_word' id='word_1_816' title='bbox 2335 5235 2806 5289; x_wconf 71' lang='lat' dir='ltr'><strong>circumscribitur</strong></span> <span class='ocrx_word' id='word_1_817' title='bbox 2850 5253 2863 5289; x_wconf 89' lang='lat'>:</span> <span class='ocrx_word' id='word_1_818' title='bbox 2907 5247 2961 5289; x_wconf 88' lang='lat' dir='ltr'><strong>et</strong></span> <span class='ocrx_word' id='word_1_819' title='bbox 2982 5235 3098 5304; x_wconf 90' lang='lat' dir='ltr'><strong>jam</strong></span> <span class='ocrx_word' id='word_1_820' title='bbox 3137 5235 3395 5292; x_wconf 86' lang='lat' dir='ltr'><strong>Christus</strong></span> 
     </span>
    </p>
   </div>
   <div class='ocr_carea' id='block_1_115' title="bbox 1804 5328 3393 5400">
    <p class='ocr_par' dir='ltr' id='par_1_115' title="bbox 1804 5328 3393 5400">
     <span class='ocr_line' id='line_1_116' title="bbox 1804 5328 3393 5400; baseline -0.001 -16"><span class='ocrx_word' id='word_1_821' title='bbox 1804 5331 2167 5400; x_wconf 88' lang='lat' dir='ltr'><strong>appellatione</strong></span> <span class='ocrx_word' id='word_1_822' title='bbox 2210 5338 2313 5393; x_wconf 89' lang='lat' dir='ltr'><strong>est,</strong></span> <span class='ocrx_word' id='word_1_823' title='bbox 2347 5337 2401 5381; x_wconf 90' lang='lat' dir='ltr'><strong>et</strong></span> <span class='ocrx_word' id='word_1_824' title='bbox 2446 5328 2979 5397; x_wconf 85' lang='lat' dir='ltr'><strong>circumscriptionis</strong></span> <span class='ocrx_word' id='word_1_825' title='bbox 3023 5330 3188 5384; x_wconf 92' lang='lat' dir='ltr'><strong>simul</strong></span> <span class='ocrx_word' id='word_1_826' title='bbox 3230 5329 3393 5383; x_wconf 87' lang='lat' dir='ltr'><strong>indu-</strong></span> 
     </span>
    </p>
   </div>
   <div class='ocr_carea' id='block_1_116' title="bbox 1801 5420 3393 5491">
    <p class='ocr_par' dir='ltr' id='par_1_116' title="bbox 1801 5420 3393 5491">
     <span class='ocr_line' id='line_1_117' title="bbox 1801 5420 3393 5491; baseline -0.001 -13"><span class='ocrx_word' id='word_1_827' title='bbox 1801 5425 1942 5478; x_wconf 89' lang='lat' dir='ltr'><strong>citur</strong></span> <span class='ocrx_word' id='word_1_828' title='bbox 1994 5422 2418 5491; x_wconf 83' lang='lat' dir='ltr'><strong>intelligiturque</strong></span> <span class='ocrx_word' id='word_1_829' title='bbox 2480 5420 2801 5489; x_wconf 86' lang='lat' dir='ltr'><strong>proprietas.</strong></span> <span class='ocrx_word' id='word_1_830' title='bbox 2875 5420 3246 5486; x_wconf 86' lang='lat' dir='ltr'><strong>Quamobrem</strong></span> <span class='ocrx_word' id='word_1_831' title='bbox 3297 5423 3393 5491; x_wconf 90' lang='lat' dir='ltr'><strong>qui</strong></span> 
     </span>
    </p>
   </div>
   <div class='ocr_carea' id='block_1_117' title="bbox 1803 5515 3395 5587">
    <p class='ocr_par' dir='ltr' id='par_1_117' title="bbox 1803 5515 3395 5587">
     <span class='ocr_line' id='line_1_118' title="bbox 1803 5515 3395 5587; baseline 0 -16"><span class='ocrx_word' id='word_1_832' title='bbox 1803 5519 1982 5587; x_wconf 90' lang='lat' dir='ltr'><strong>ipsum</strong></span> <span class='ocrx_word' id='word_1_833' title='bbox 2028 5515 2259 5572; x_wconf 90' lang='lat' dir='ltr'><strong>describi</strong></span> <span class='ocrx_word' id='word_1_834' title='bbox 2291 5525 2527 5585; x_wconf 88' lang='lat' dir='ltr'><strong>negant,</strong></span> <span class='ocrx_word' id='word_1_835' title='bbox 2577 5515 2681 5569; x_wconf 93' lang='lat' dir='ltr'><strong>hoc</strong></span> <span class='ocrx_word' id='word_1_836' title='bbox 2719 5526 2822 5580; x_wconf 90' lang='lat' dir='ltr'><strong>est,</strong></span> <span class='ocrx_word' id='word_1_837' title='bbox 2853 5515 3117 5570; x_wconf 87' lang='lat' dir='ltr'><strong>delineari</strong></span> <span class='ocrx_word' id='word_1_838' title='bbox 3149 5534 3165 5583; x_wconf 89' lang='lat'><strong>;</strong></span> <span class='ocrx_word' id='word_1_839' title='bbox 3205 5516 3395 5571; x_wconf 86' lang='lat' dir='ltr'><strong>carnis</strong></span> 
     </span>
    </p>
   </div>
   <div class='ocr_carea' id='block_1_118' title="bbox 1804 5606 3394 5680">
    <p class='ocr_par' dir='ltr' id='par_1_118' title="bbox 1804 5606 3394 5680">
     <span class='ocr_line' id='line_1_119' title="bbox 1804 5606 3394 5680; baseline -0.003 -16"><span class='ocrx_word' id='word_1_840' title='bbox 1804 5611 1982 5680; x_wconf 89' lang='lat' dir='ltr'><strong>ipsum</strong></span> <span class='ocrx_word' id='word_1_841' title='bbox 2024 5619 2303 5678; x_wconf 72' lang='lat' dir='ltr'><strong>expertem</strong></span> <span class='ocrx_word' id='word_1_842' title='bbox 2354 5607 2580 5661; x_wconf 86' lang='lat' dir='ltr'><strong>faciunt.</strong></span> <span class='ocrx_word' id='word_1_843' title='bbox 2628 5606 2735 5660; x_wconf 89' lang='lat' dir='ltr'><strong>Sed</strong></span> <span class='ocrx_word' id='word_1_844' title='bbox 2784 5607 2943 5676; x_wconf 87' lang='lat' dir='ltr'><strong>longe</strong></span> <span class='ocrx_word' id='word_1_845' title='bbox 2991 5608 3067 5662; x_wconf 89' lang='lat' dir='ltr'><strong>illi</strong></span> <span class='ocrx_word' id='word_1_846' title='bbox 3107 5623 3136 5661; x_wconf 90' lang='lat' dir='ltr'><strong>a</strong></span> <span class='ocrx_word' id='word_1_847' title='bbox 3184 5607 3394 5661; x_wconf 89' lang='lat' dir='ltr'><strong>Christi</strong></span> 
     </span>
    </p>
   </div>
   <div class='ocr_carea' id='block_1_119' title="bbox 1805 5697 3392 5774">
    <p class='ocr_par' dir='ltr' id='par_1_119' title="bbox 1805 5697 3392 5774">
     <span class='ocr_line' id='line_1_120' title="bbox 1805 5697 3392 5774; baseline -0.003 -18"><span class='ocrx_word' id='word_1_848' title='bbox 1805 5719 1988 5774; x_wconf 84' lang='lat' dir='ltr'><strong>grege,</strong></span> <span class='ocrx_word' id='word_1_849' title='bbox 2024 5702 2108 5756; x_wconf 86' lang='lat' dir='ltr'><strong>vel</strong></span> <span class='ocrx_word' id='word_1_850' title='bbox 2131 5701 2174 5756; x_wconf 87' lang='lat' dir='ltr'><strong>si</strong></span> <span class='ocrx_word' id='word_1_851' title='bbox 2206 5699 2399 5755; x_wconf 82' lang='lat' dir='ltr'><strong>Petrus</strong></span> <span class='ocrx_word' id='word_1_852' title='bbox 2426 5697 2588 5752; x_wconf 86' lang='lat' dir='ltr'><strong>fuerit</strong></span> <span class='ocrx_word' id='word_1_853' title='bbox 2614 5698 2696 5753; x_wconf 90' lang='lat' dir='ltr'><strong>vel</strong></span> <span class='ocrx_word' id='word_1_854' title='bbox 2723 5697 2925 5753; x_wconf 88' lang='lat' dir='ltr'><strong>Paulus</strong></span> <span class='ocrx_word' id='word_1_855' title='bbox 2958 5707 3018 5752; x_wconf 92' lang='lat' dir='ltr'><strong>ut</strong></span> <span class='ocrx_word' id='word_1_856' title='bbox 3046 5697 3242 5754; x_wconf 86' lang='lat' dir='ltr'><strong>Petrus</strong></span> <span class='ocrx_word' id='word_1_857' title='bbox 3273 5697 3392 5766; x_wconf 84' lang='lat' dir='ltr'><strong>ipse</strong></span> 
     </span>
    </p>
   </div>
   <div class='ocr_carea' id='block_1_120' title="bbox 2957 5902 3038 5962">
    <p class='ocr_par' dir='ltr' id='par_1_120' title="bbox 2957 5902 3038 5962">
     <span class='ocr_line' id='line_1_121' title="bbox 2957 5902 3038 5962; baseline 0.012 -1"><span class='ocrx_word' id='word_1_858' title='bbox 2957 5902 3038 5962; x_wconf 84' lang='lat'><strong>39</strong></span> 
     </span>
    </p>
   </div>
  </div>
