3990 6318
589 362 723 424 1227

1776 364 1838 423 ς.
1882 361 2276 421 TIIEODORI
2304 362 2650 423 STUDi'I'rE

3722 363 3867 428 1228

582 488 630 530 ct
664 473 870 528 Paulus
896 473 1241 529 denuntiavit
1272 470 1340 526 ad
1364 473 1716 528 securitatem
1743 483 2011 527 nostram.
2040 471 2159 527 Non

2272 473 2427 536 ιύτὸς
2453 474 2659 543 Πέτρος
2710 475 2803 526 καὶ
2834 473 3047 537 Παῦλος
3078 464 3326 546 ἀπέφηνε
3359 477 3495 547 πρὸς
3539 477 3865 543 ἀσφάλειαν

582 570 729 639 quod
753 566 951 637 aliquis
977 568 1375 636 apostolorum,
1397 574 1490 619 aut
1508 575 1825 622 sanctorum
1849 566 1943 635 qui
1966 565 2165 619 deinde

583 672 713 719 sunt
778 661 1081 726 subsecuti,
1141 659 1523 713 circumscribi
1574 672 1807 727 corpore
1873 658 2161 712 Christum

583 754 815 823 negarit,
852 753 1311 823 quemadmodum
1355 752 1507 821 impii
1552 751 1858 805 adulterina
1881 751 2163 820 proferen-

583 856 667 901 tes
712 848 867 900 aiunt
899 864 912 900 :
964 845 1139 900 absit!
1176 842 1457 898 Sinceram
1487 844 1629 898 hanc
1659 853 1943 898 teneamus
1981 844 2161 907 fidem,

584 938 876 993 ofratres:
918 936 1193 1006 egregiam
1246 936 1388 989 hanc
1442 935 1844 989 confessionem
1891 944 2162 999 tueamur,

585 1030 795 1083 nullam
830 1028 884 1081 in
933 1036 1137 1097 partem
1179 1027 1537 1081 declinantes.
1580 1025 1859 1080 Christum
1896 1027 2167 1095 abnegant

584 1122 680 1191 qui
712 1136 870 1175 secus
918 1121 1164 1175 sentiunt
1197 1136 1210 1172 :
1244 1118 1337 1189 qui
1364 1119 1412 1173 id
1450 1117 1773 1179 defendunt,
1798 1119 2001 1173 Christi
2035 1128 2165 1173 sunt

583 1222 875 1284 martyres,
906 1227 1030 1266 cum
1061 1210 1443 1281 quadraginta.
1476 1226 1598 1264 cum
1636 1211 1787 1264 omni
1835 1211 2162 1265 athletarum

583 1306 675 1373 qui
747 1319 989 1373 unquam
1046 1301 1269 1356 fuerunt
1317 1312 1462 1356 cmtu
1519 1302 1801 1362 censendi,
1842 1300 2043 1366 Quid?
2097 1317 2165 1357 ne

582 1397 930 1452 comederent
957 1410 1150 1450 carnes
1170 1395 1377 1458 suillas,
1404 1396 1547 1464 quod
1579 1411 1639 1447 ea
1668 1403 1986 1463 tempestate
2012 1395 2164 1451 nefas

580 1500 720 1553 erat,
762 1498 1029 1557 martyres
1070 1484 1295 1539 fuerunt
1328 1483 1659 1540 Machabaei:
1699 1497 1753 1539 et
1793 1497 1846 1539 tu
1873 1502 2163 1555 perpessus

581 1593 649 1633 eo
674 1578 817 1647 quod
842 1592 1039 1646 negare
1062 1576 1208 1631 nolis
1230 1575 1508 1633 Christum
1532 1577 2026 1644 circumscriptum,
2054 1593 2163 1632 non

584 1682 795 1741 martyr
820 1667 1136 1724 censeberis
1158 1669 1182 1721 ?
1206 1667 1449 1723 Joannes
1471 1684 1777 1737 praecursor
1793 1668 1863 1723 ob
1888 1668 2164 1723 defensio-

584 1778 708 1817 nem
783 1762 1031 1816 veritatis
1088 1760 1350 1815 adversus
1429 1759 1699 1815 Herodem
1778 1761 2159 1830 interemptus,

584 1865 882 1926 martyrum
931 1863 1313 1909 ornamentum
1352 1852 1455 1909 fuit
1488 1873 1501 1907 :
1552 1870 1651 1909 nec
1692 1855 1803 1909 eris
1858 1865 1915 1909 tu
1947 1855 2001 1909 in
2040 1856 2164 1910 albo

584 1957 889 2017 martyrum
923 1961 1021 2017 pro
1052 1944 1275 2001 Christo
1311 1947 1595 2001 moriens?
1626 1944 1797 2001 Nemo
1826 1964 1913 2001 vos
1946 1946 2163 2001 seducat

583 2041 830 2092 inanibus
856 2038 1024 2093 verbis
1054 2054 1074 2093 :
1111 2051 1325 2109 propter
1356 2054 1474 2109 que
1524 2041 1659 2093 venit
1704 2040 1787 2094 ira
1819 2040 1918 2094 Dei
1947 2042 2003 2094 in
2023 2040 2163 2110 ﬁlios

584 2131 885 2201 (li/ﬁdentia
914 2134 983 2187 ”.

656 2223 958 2294 Legitimus
978 2233 1180 2294 martyr
1204 2233 1288 2280 est
1315 2224 1411 2295 qui
1450 2228 1741 2279 confitetur
1770 2243 1783 2278 :
1820 2235 1873 2279 et
1902 2240 1966 2281 eo
1992 2226 2165 2295 magis

583 2330 694 2383 quo
722 2316 973 2385 pluribus
1015 2324 1246 2370 vexatur
1273 2316 1453 2371 malis.
1487 2315 1709 2371 Minime
1743 2332 1838 2372 vos
1878 2319 2167 2373 conturbet

584 2407 803 2462 iluratio
851 2408 1248 2478 persecutionis
1284 2426 1299 2463 :
1342 2408 1484 2463 haud
1532 2411 1733 2465 multos
1775 2425 1950 2465 annos
1982 2422 2163 2481 pertu-

584 2500 768 2565 limus,
804 2510 865 2554 ut
908 2500 1116 2570 antiqui
1154 2500 1285 2555 olim
1316 2500 1680 2556 confessores.
1733 2500 1982 2556 Nondum
2030 2518 2164 2557 exa-

584 2592 774 2646 minati
805 2591 1010 2646 fuimus
1051 2592 1291 2661 legitimo
1320 2593 1444 2663 igne
1470 2594 1871 2662 probatissimae
1906 2596 2166 2649 tentatio-

586 2684 671 2739 nis
707 2701 722 2738 :
770 2685 949 2739 adhuc
981 2683 1273 2739 admistum
1317 2692 1401 2738 est
1442 2685 1745 2753 plumbum,
1802 2685 1982 2740 adhuc
2032 2700 2168 2755 ruga

584 2768 886 2845 peccatrix.
931 2773 1013 2829 Tu
1044 2775 1168 2845 quis
1197 2790 1258 2830 es
1288 2776 1380 2844 qui
1421 2776 1998 2845 incompreliensorum
2022 2777 2167 2847 judi-

584 2866 794 2920 ciorum
851 2864 1126 2937 profunda
1176 2865 1651 2931 scruteris?Qu¢
1704 2868 1800 2921 tibi
1854 2870 2170 2938 praescripta

585 2968 731 3021 sunt,
763 2958 864 3011 illa
910 2958 1085 3029 cogita
1105 2957 1173 3011 ”.
1206 2958 1441 3011 Abrahae
1474 2974 1660 3013 semen
1710 2959 1861 3027 illud,
1898 2961 1987 3015 cui
2043 2976 2171 3031 pro-

586 3052 777 3118 missa,
822 3048 917 3104 Dei
974 3048 1373 3114 benedictione,
1428 3059 1585 3105 terrae
1627 3061 1828 3107 sanctae
1877 3053 2169 3109 haereditas

586 3145 789 3207 fuerat,
863 3142 1279 3213 quadringentis
1351 3143 1573 3214 triginta
1639 3145 1799 3199 annis
1863 3142 2169 3200 Pharaonis

585 3250 757 3290 manu
821 3239 1142 3291 servitutem
1199 3236 1407 3291 servire
1456 3235 1598 3290 Deus
1639 3238 1903 3305 permisit.
1966 3237 2168 3291 Christi

588 3328 830 3384 Ecclesia
881 3329 950 3382 ab
998 3327 1371 3397 apostolorum
1427 3328 1814 3396 pradicatione
1877 3344 2049 3397 usque
2100 3330 2168 3383 ad

588 3423 1034 3489 ConStantinum,
1090 3421 1323 3491 primum
1368 3420 1804 3477 Christianorum
1841 3439 2046 3494 regem,
2075 3440 2171 3480 su-

592 3532 688 3585 pra
724 3531 896 3571 annos
937 3514 1203 3570 ducentos
1244 3530 1404 3583 passa
1438 3526 1521 3570 est
1562 3514 1883 3572 frementem
1912 3533 2171 3588 persecu-

591 3608 816 3663 tionem.
842 3606 945 3674 Qui
978 3608 1149 3664 secuti
1174 3618 1321 3674 sunt,
1345 3609 1629 3663 remissam
1651 3609 1892 3677 quidem,
1931 3620 2168 3665 attamen

589 3701 989 3755 diuturniorem
1022 3702 1169 3771 passi
1210 3712 1341 3758 sunt
1374 3720 1386 3757 :
1418 3712 1783 3772 praeterquam
1818 3703 1921 3757 sub
1950 3702 2173 3757 Juliano

592 3803 864 3863 apostata.
898 3793 1102 3851 Paulus
1137 3810 1372 3866 magnus
1406 3795 1566 3849 annis
1594 3794 1837 3864 quinque
1871 3804 1926 3849 et
1956 3796 2173 3865 triginta

592 3887 1028 3957 persecutionem
1079 3888 1322 3956 pertulit,
1359 3887 1604 3956 quotidie
1634 3887 1873 3940 moriens
1903 3887 1950 3917 ”
1979 3906 1993 3941 :
2026 3896 2079 3940 et
2112 3897 2170 3941 tu

593 3980 841 4049 quinque
872 3994 1141 4033 annorum
1178 3978 1355 4049 spatio
1383 3978 1652 4048 langues?
1680 3976 1937 4033 Clemens
1968 3978 2174 4032 inulto-

593 4086 717 4125 rum
784 4071 1148 4125 certaminum
1202 4071 1287 4125 vir
1340 4071 1393 4125 in
1450 4080 1713 4140 perpetuo
1764 4070 2026 4139 martyrio
2076 4068 2176 4123 fuit

596 4163 787 4233 viginti
816 4172 943 4216 octo
968 4163 1127 4217 annis
1160 4180 1173 4217 :
1222 4170 1277 4216 et
1308 4147 1390 4215 tu.
1413 4161 1554 4215 intra
1603 4175 1808 4230 paucos
1840 4161 2028 4214 delicis
2059 4161 2082 4213 ?
2110 4159 2176 4214 Et

596 4254 742 4323 quod
776 4253 909 4306 mihi
958 4266 1170 4322 tempus
1201 4253 1335 4307 satis
1360 4252 1431 4306 sit
1472 4252 1539 4306 ad
1562 4253 1699 4307 alios
1726 4262 1991 4321 martyres
2020 4266 2174 4305 com-

599 4346 988 4400 memorandos
1014 4346 1039 4397 ?
1078 4343 1195 4399 Non
1255 4344 1454 4399 audisti
1507 4344 1879 4398 sulferentiam
1927 4341 2029 4397 Joh
2070 4343 2117 4374 ⁸⁸
2154 4343 2177 4396 ?

597 4436 789 4491 Nonne
828 4437 989 4491 annis
1019 4437 1331 4507 quindecim
1384 4444 1439 4489 et
1498 4435 1734 4505 amplius
1794 4435 1976 4489 ulcere
2025 4436 2177 4505 gravi

2269 566 2572 635 ἡμετέραν.
2607 568 2719 636 Οὐχ
2749 569 2831 620 ὅτι
2876 585 2961 631 τις
2991 568 3102 621 τῶν
3131 568 3469 631 ἀποστόλων,
3511 570 3545 639 ἦ
3581 571 3702 621 τῶν
3737 572 3861 639 μετ’

2268 659 2467 722 αὐτοὺς
2501 659 2693 725 ἁγίων,
2744 661 2935 730 εἴρηκε
2974 660 3047 730 μὴ
3097 662 3578 731 περιγραφόμενον
3631 664 3859 731 σώματι

2266 752 2502 821 Χριστὸν
2529 793 2543 816 ,
2591 752 2769 813 ἄπαγε
2800 753 2813 803 ι
2849 752 2927 814 ὠς
2972 754 3021 805 oi
3056 752 3336 817 δυσσεδεῖς
3364 754 3437 807 τά
3469 754 3603 808 νόθα
3646 760 3859 826 προφέο

2270 862 2457 915 ροντες
2495 844 2738 910 λέγουσι.
2785 845 3005 915 Ταύτην
3042 848 3142 914 τὴν
3179 846 3447 916 εἰλικρινῆ
3480 846 3678 899 πίστιν
3721 866 3860 900 κατ-

2267 936 2517 1003 έχωμεν,
2574 930 2620 987 ὦ
2650 936 2869 1001 ἀδελφοί
2895 952 2911 966 ·
2972 937 3135 1005 τήνδε
3175 938 3277 1008 τὴν
3326 939 3498 1009 καλὴν
3548 940 3857 1009 ὁμολογίαν

2265 1028 2656 1097 ὁμολογῶμεν,
2709 1028 2833 1097 μηδ’
2884 1027 3022 1091 ὅλως
3068 1029 3539 1099 παραφερόμενοι.
3595 1031 3857 1101 Ἀρνησί-

2266 1136 2479 1188 χριστοι
2529 1120 2579 1171 οἱ
2628 1120 2703 1189 μὴ
2752 1119 2927 1181 οὕτως
2967 1122 3217 1190 ἔχοντες·
3249 1122 3756 1192 Χριστομάρτυρες
3805 1124 3855 1174 οί

2267 1212 2629 1279 ἐνιστάμενοι,
2668 1213 2807 1280 μετά
2837 1214 2947 1265 τῶν
2973 1213 3405 1282 τεσσαράκοντα,
3442 1215 3584 1283 μετά
3612 1214 3724 1281 τῆς
3758 1215 3856 1267 ἀπ’

2266 1303 2463 1363 αἰῶνος
2507 1301 2809 1373 ἀθλητικῆς
2842 1304 3188 1374 ὁμηγύρεως.
3251 1304 3394 1357 Οὑά·
3430 1305 3577 1375 ὑπὲρ
3610 1304 3714 1357 τοῦ
3777 1307 3856 1377 μὴ

2266 1396 2675 1463 ἀπογεύσασθαι
2724 1396 2884 1449 ὑείων
2934 1397 3111 1466 κρεῶν
3151 1397 3213 1449 τὸ
3264 1397 3570 1465 τηνικαῦτα
3610 1400 3858 1467 παρανό-

2270 1504 2384 1554 μως
2433 1487 2561 1548 τοὺς
2616 1486 3009 1548 Μακκαῆαίους
3065 1486 3407 1558 μαρτύριον·
3459 1488 3665 1540 καὶσὺ
3713 1489 3860 1558 ὑπὲρ

2262 1576 2358 1628 τοῦ
2391 1577 2465 1646 μὴ
2492 1577 2834 1647 ἀρνήσασθαι
2865 1579 3102 1646 Χριστὸν
3142 1579 3604 1649 ἐγγεγραμμένον
3638 1580 3859 1632 πανθά-

2265 1686 2403 1734 νων,
2438 1670 2497 1721 οὐ
2534 1670 2777 1739 μάρτυς;
2821 1671 3077 1739 Ἰωάννης
3106 1674 3135 1724 6
3167 1671 3483 1742 Πρόδρομος
3515 1672 3666 1743 ὑπὲρ
3704 1672 3859 1738 ὲλεγ-

2268 1759 2370 1829 μοῦ
2400 1760 2659 1828 ἀληθείας
2688 1764 2787 1831 τῆς
2816 1762 2955 1831 πρὸς
2994 1761 3237 1833 Ἡρώδην
3262 1763 3695 1831 τυμπανισθεὶς,
3723 1780 3861 1833 μαρ-

2192 1835 2240 1894 Β
2266 1852 2446 1923 τύρων
2488 1853 2785 1925 διάκοσμος
2808 1872 2823 1887 ·
2868 1855 2964 1908 καὶ
2997 1857 3061 1908 σὺ
3095 1856 3196 1908 οὐκ
3222 1858 3283 1907 ἐν
3323 1856 3565 1925 μάρτυσι
3599 1856 3860 1925 θνήσκων

2266 1946 2405 2016 ὑπὲρ
2461 1946 2729 2016 Χριστοῦ;
2775 1947 2997 2015 Μηδεὶς
3050 1946 3203 2016 ὑμᾶς
3246 1947 3606 2011 ἐξαπατάτω
3657 1949 3861 2014 κενοῖς

2262 2039 2500 2106 λόγοις’
2555 2037 2631 2090 δι’
2680 2039 2787 2104 οὓς
2833 2038 3067 2105 ἔρχεται
3107 2038 3147 2106 ἠ
3202 2038 3348 2107 ὀργὴ
3396 2038 3505 2094 τοῦ
3555 2039 3720 2094 Θεοῦ
3758 2039 3857 2093 ἐπι

2262 2128 2405 2193 τοὺς
2436 2130 2607 2195 υἱοὺς
2633 2129 2743 2196 τῆς
2767 2131 3091 2195 ἀπειθείας.

2334 2222 2561 2290 Μάρτυς
2605 2223 3044 2293 ἀπαράγραπτος
3078 2221 3358 2292 ὁμολογῶν
3377 2236 3393 2252 ⁸
3424 2223 3522 2274 καὶ
3554 2220 3854 2286 τοσοῦτον,

2264 2312 2348 2381 ἐφ’
2377 2313 2500 2365 ὅσον
2524 2313 2619 2365 καὶ
2648 2314 2936 2379 πλεονάζει
2966 2316 3081 2377 τοῖς
3106 2314 3417 2385 παθήμασι.
3450 2314 3544 2384 Μὴ
3574 2315 3858 2369 σαλευέτω

2265 2403 2408 2471 ὑμᾶς
2442 2405 2476 2474 ἡ
2516 2404 2883 2475 ἐπικράτησις
2918 2402 3014 2457 τοῦ
3040 2403 3284 2475 διωγμοῦ
3306 2421 3319 2432 °
3349 2403 3507 2457 οὔπω
3541 2405 3857 2475 ὲπολυετή-

2265 2511 2441 2564 σαμεν
2490 2494 2633 2547 κατά
2663 2496 2789 2557 τοὺς
2840 2494 3211 2566 προλαϐόντας
3262 2494 3648 2564 ὁωλογητάςο
3707 2495 3858 2547 οὔπω

2265 2586 2631 2657 ὲπυρώθημεν
2665 2586 2743 2656 τῷ
2770 2587 2986 2657 διαρκεῖ
3014 2588 3145 2659 περὶ⁸
3173 2588 3274 2657 τῆς
3310 2588 3708 2658 δοκιμωτάτης
3740 2588 3858 2641 πείο

2269 2695 2401 2749 ρας’
2443 2680 2523 2733 ἔτι
2558 2680 2808 2750 μόλιϐδος
2850 2684 3126 2753 ὲμμιγήςο
3156 2681 3234 2735 ἔτι
3276 2682 3430 2752 ῥυτὶς
3462 2682 3853 2753 ἀμαρτητικῆ.

2268 2770 2339 2824 Σὺ
2366 2769 2449 2834 τίς
2491 2774 2539 2825 εἰ
2571 2774 2599 2825 6
2629 2771 2949 2842 ἐμϐατεύων
2980 2776 3039 2827 ἐν
3069 2775 3182 2837 τοῖς
3209 2773 3317 2826 τῶν
3359 2773 3709 2845 ἀθεωρήτων
3741 2793 3856 2845 κρι-

2270 2862 2459 2930 μάτων
2515 2862 2774 2933 βάθεσιν;
2822 2865 2892 2919 ’Δ
2947 2864 3290 2935 προσετάτη
3321 2879 3453 2930 σοι,
3496 2867 3699 2920 ταῦτα
3731 2866 3856 2919 δισ-

2266 2955 2435 3009 νοοῦ.
2490 2956 2564 3010 Τὸ
2614 2956 2955 3027 ἐπαγγελθὲν
3002 2957 3257 3027 σπέρμα,
3306 2958 3365 3010 ὲν
3415 2958 3649 3031 εὐλογίᾳ
3692 2956 3851 3021 Θεοῦ,

2280 3047 2535 3119 Ἀϐραὰμ
2569 3049 2928 3119 κληρονομεῖν
2972 3048 3074 3120 τὴν
3127 3051 3291 3117 ἁγίαν
3331 3050 3475 3120 γῆν,
3515 3055 3857 3123 τετρακόσια

2269 3142 2562 3211 τριάκοντα
2602 3141 2708 3193 ὑπὸ
2734 3143 2893 3212 χεῖρά
2919 3140 3119 3211 Φαραὼ
3154 3142 3631 3212 προδεδουλῶσθαι
3652 3143 3857 3213 ᾠκονό-

2223 3230 2241 3254 ⁸
2273 3248 2413 3301 μησε
2441 3231 2596 3295 Θεός.
2640 3230 2700 3284 ὐ
2731 3231 3156 3302 Χριστιανισμὸς
3182 3234 3276 3285 ἀπ’
3307 3234 3484 3303 ἀρχῆς
3513 3234 3614 3286 τοῦ
3647 3234 3859 3304 κηρύγ-

2273 3341 2441 3393 ματος
2491 3323 2600 3377 τῶν
2645 3324 2959 3378 ἀποστόλων
2989 3324 3131 3396 ὑπὲρ
3168 3325 3231 3380 τὸ
3276 3325 3658 3381 διακοσιοστὸν
3700 3328 3856 3394 ἔτος,

2273 3416 2439 3485 μέχρι
2472 3414 2568 3468 τοῦ
2600 3416 3013 3470 Κωνσταντίνου
3043 3416 3139 3470 τοῦ
3166 3417 3386 3489 πρώτου
3420 3417 3696 3489 βασιλέως
3726 3422 3858 3492 Χρι-

2271 3507 2504 3563 στιανῶν
2526 3546 2541 3572 ,
2578 3510 2637 3561 ὲν
2674 3509 2902 3581 διωγμῷ
2938 3510 3214 3581 βρέμοντι.
3248 3511 3312 3564 Ol
3347 3513 3671 3581 μετέπειτα,
3702 3515 3858 3581 ὑφει-

2274 3600 2452 3668 μένως
2501 3600 2619 3670 μὲν,
2648 3601 2799 3671 ὅμως
2840 3602 3326 3671 μακροετίζοντες·
3358 3603 3540 3673 πάρεξ
3567 3606 3667 3657 τοῦ
3719 3603 3861 3657 κατά

2286 3691 2572 3746 Ἰουλιανόν
2603 3696 2695 3745 τὸν
2720 3695 3056 3765 ἀποστάτην.
3090 3694 3300 3757 Παῦλος
3327 3696 3355 3746 6
3393 3696 3573 3765 μέγας
3603 3712 3861 3765 τριακον-

2272 3786 2507 3837 ταπέντε
2536 3785 2681 3837 ἔτεσι
2723 3786 3083 3855 διωκόμενος,
3117 3786 3212 3839 καὶ
3249 3786 3580 3856 καθημὲραν
3614 3787 3861 3858 ἀποθνή·

2275 3893 2455 3930 σκων’
2489 3878 2582 3929 καὶ
2618 3878 2683 3930 σὺ
2714 3880 2774 3930 ὲν
2815 3878 2977 3931 πέντε
3016 3878 3231 3949 χρόνοις
3256 3879 3574 3949 ὴτονηκώςς
3620 3880 3859 3951 Κλήμης

2274 3969 2303 4019 6
2336 3966 2632 4031 πολύαθλος
2688 3968 3006 4021 εἰκοσιοκτὼ
3060 3970 3208 4023 ἔτεσι
3258 3970 3597 4041 μαρτυρῶν·
3642 3972 3746 4025 καὶ
3796 3973 3859 4024 σὺ

2273 4060 2511 4129 ἀχανιῶν
2538 4060 2597 4113 ὲν
2624 4058 2882 4130 βραχέσις
2920 4059 3030 4114 Ποῦ
3066 4079 3159 4132 μοι
3194 4062 3385 4133 καιρὸς
3416 4063 3490 4117 τά
3528 4064 3644 4117 τῶν
3678 4064 3861 4119 ἄλλων

2278 4151 2571 4223 μαρτύρων
2600 4152 2805 4220 λέγωνς
2835 4154 2950 4207 Οὐκ
2976 4153 3217 4225 ηκουσας
3242 4156 3341 4224 τὴν
3371 4155 3661 4228 ὑπομονὴν
3706 4157 3860 4224 Ἰώός

2274 4244 2413 4314 υύχι
2455 4245 2850 4298 πεντεκαίδεκα
2882 4240 3000 4314 ἐτη,
3047 4246 3079 4316 ἢ
3114 4246 3208 4299 καὶ
3243 4247 3401 4317 πρὸς,
3438 4247 3593 4301 ἕλκει
3639 4250 3862 4320 novi)qu

2276 4337 2627 4401 ἐϐασανίζετο
2708 4338 2846 4407 πρὸς
2890 4340 3003 4401 τοῖς
3051 4339 3425 4409 ἐπενεχθεῖσιν
3491 4340 3649 4410 αὐτῷ
3682 4341 3863 4402 ἄλλοις

2276 4430 2705 4500 τραγῳδήμασι;
2747 4430 2840 4483 καὶ
2874 4432 3045 4483 ταῦτα
3078 4431 3139 4482 οὑ
3180 4431 3436 4494 συνειδώς
3472 4450 3527 4485 τι
3583 4436 3864 4503 πεπραχέ-

593 4538 827 4583 vexatus
874 4536 977 4591 est,
1015 4537 1209 4597 praeter
1236 4528 1371 4582 alios
1402 4526 1497 4597 qui
1529 4527 1726 4597 adjecti
1766 4526 1989 4580 fuerunt
2019 4527 2169 4595 lugu-

2283 4540 2366 4575 ναι
2388 4522 2497 4574 τῶν
2527 4521 2863 4594 ἀριστερῶν·
2896 4522 3094 4590 μᾶλλον
3129 4522 3228 4591 μὲν
3259 4518 3352 4576 οὖν
3380 4539 3445 4591 γε
3482 4524 3580 4576 καὶ
3607 4524 3721 4576 τῶν
3743 4524 3862 4577 λίαν

594 4622 719 4677 bres
755 4619 969 4675 casus?
999 4620 1176 4687 Atque
1232 4618 1336 4673 hoc
1362 4634 1487 4673 cum
1543 4620 1745 4673 nullius
1777 4618 1880 4672 sibi
1926 4618 2051 4671 mali
2090 4616 2175 4671 fa-

593 4711 801 4768 cinoris
859 4710 1117 4765 conscius
1163 4720 1328 4773 esset,
1390 4710 1523 4777 quin
1576 4710 1757 4778 potius
1816 4709 2173 4761 laudabilium

592 4801 1145 4872 quamplurimorum.
1183 4798 1325 4865 Quid
1382 4810 1561 4854 autem
1596 4800 1648 4853 ei
1706 4801 2001 4867 respondet
2052 4814 2175 4851 ora-

594 4897 779 4951 culum
800 4893 824 4947 ?
844 4910 863 4944 ι
896 4890 1185 4962 Utjustus,
1208 4891 1406 4961 inquit,
1432 4892 1773 4961 apparens".
1808 4909 1825 4941 ι
1857 4888 1933 4943 ita
1953 4897 2006 4944 et
2031 4906 2175 4944 nunc

2268 4614 2491 4677 δεξιῶν.
2555 4614 2717 4665 Ἀλλά
2765 4612 2816 4664 τί
2856 4612 3004 4681 αὑτῷ
3049 4614 3077 4665 6
3110 4614 3529 4683 χρηματισμόςς
3577 4632 3597 4665 ι
3634 4616 3758 4668 Ἵνα
3788 4617 3864 4669 δί-

2281 4721 2457 4767 καιος,
2490 4705 2685 4775 φησιν,
2714 4705 3019 4775 ἀναφανῇς.
3053 4724 3071 4755 ι
3100 4706 3258 4759 υῦτω
3293 4707 3388 4759 καὶ
3430 4705 3527 4759 νῦν
3557 4708 3863 4770 κοσκινίζει

2282 4799 2314 4865 ἠ
2356 4798 2587 4866 Πρόνοια
2611 4798 2775 4849 οἱονεὶ
2805 4799 2930 4859 τοὺς
2966 4798 3237 4868 παρόντας
3262 4814 3275 4827 ⁸
3312 4798 3403 4851 ἴνα
3434 4799 3507 4852 τὰ
3540 4799 3766 4864 ζιζάνια
3786 4800 3862 4854 ἔτι

2282 4889 2483 4959 ὲκριφῇ
2508 4906 2521 4919 ο
2552 4890 2641 4941 ἵνα
2671 4891 2700 4941 6
2737 4892 2883 4952 σῖτος
2920 4891 3256 4960 ὲναπομείνῃ
3289 4891 3553 4962 καθαρός.

594 4989 800 5043 cribrat
855 4986 1258 5056 quodammodo
1325 4983 1670 5039 Providentia
1748 4985 2000 5039 homines
2042 4985 2208 5055 hujus
2250 4986 2530 5053 temporis,
2563 4994 2624 5039 ut
2668 4999 2789 5054 quae
2834 4986 3020 5039 insunt
3065 4986 3273 5040 zizania
3342 4986 3579 5055 ejiciat:
3633 4998 3695 5043 ut
3756 4988 3862 5043 fru-

596 5087 842 5135 mentum
887 5091 1083 5146 purum
1122 5084 1359 5130 maneat.

666 5169 788 5223 Non
827 5166 986 5226 audis
1033 5164 1165 5235 quid
1211 5164 1463 5219 Jeremia:
1510 5163 1691 5217 dicat?
1738 5161 1947 5230 Depone
1989 5178 2078 5216 eos
2127 5162 2183 5215 in

596 5259 997 5329 conﬂatorium,
1045 5267 1093 5310 et
1123 5258 1240 5310 vide
1274 5257 1319 5310 si
1351 5255 1633 5324 probatum
1662 5266 1738 5307 est
1768 5256 1903 5307 sicut
1937 5271 2029 5323 ego
2058 5270 2184 5320 pro-

597 5354 753 5407 batus
790 5368 909 5405 sum
960 5367 1056 5420 pro
1106 5351 1181 5403 eis
1206 5351 1274 5403 ".
1326 5347 1591 5402 Feramus
1625 5348 1829 5409 adhuc.
1886 5362 1919 5402 o
1970 5348 2181 5401 strenui

595 5443 802 5498 milites
848 5441 1076 5496 Christi.
1126 5438 1252 5492 Dies
1298 5440 1437 5493 sicut
1493 5438 1694 5491 umbrae
1744 5437 2177 5506 praetereunt”:

595 5535 849 5607 quamvis
892 5542 1270 5603 persecutores
1318 5546 1541 5585 manere
1594 5531 1929 5584 existiment.
1982 5526 2042 5582 Si
2099 5544 2179 5580 me

595 5626 856 5698 persecuti
886 5633 1033 5691 sunt,
1076 5624 1275 5695 inquit,
1306 5634 1353 5676 et
1396 5639 1483 5676 vos
1514 5634 1893 5692 persequentur
1918 5635 1936 5671 :
1982 5621 2029 5675 si
2066 5636 2178 5673 ser-

2350 5162 2464 5214 Οὺκ
2496 5158 2719 5222 ἀκούεις
2750 5160 2803 5211 τί
2830 5159 2977 5226 λέγει
3006 5157 3084 5228 τῷ
3118 5158 3395 5229 Ἰερεμίᾳ;
3421 5160 3618 5227 Κάθες
3641 5165 3861 5229 αὐτοὺς

2276 5258 2364 5320 εὶς
2392 5254 2458 5307 τὸ
2489 5252 2893 5321 χωνευτήριον
2912 5269 2926 5283 ’
2959 5252 3059 5305 καὶ
3093 5254 3320 5320 σκέψαι
3345 5255 3399 5305 εὶ
3427 5252 3708 5322 δοκίμιόν
3734 5257 3863 5309 ἐστι

2276 5345 2472 5411 καθὼς
2495 5345 2608 5413 ἐγὼ
2640 5344 3047 5413 ἐδοκιμάσθην
3068 5345 3221 5411 ὑπὲρ
3247 5343 3468 5399 αὐτῶν.
3518 5347 3861 5416 Ἐνέγκωμεν

2274 5439 2377 5503 ἔτι,
2404 5432 2449 5490 ὦ
2470 5440 2711 5504 γενναῖοι
2739 5436 3068 5505 στρατιῶται
3088 5437 3350 5506 Χριστοῦ.
3372 5440 3441 5490 Αἱ
3470 5438 3689 5507 ἡμέραι
3724 5440 3861 5493 ὡσεὶ

2274 5532 2439 5583 σκιαὶ
2468 5529 2807 5598 παράγουσι
2826 5546 2839 5560 ·
2869 5530 2972 5583 κᾶν
3003 5531 3052 5581 oi
3086 5530 3373 5593 διώκοντες
3394 5532 3687 5602 ἐπιμένειν
3715 5536 3862 5587 οἰων-

2270 5639 2385 5674 ται.
2417 5624 2485 5675 El
2518 5620 2621 5690 ἐμὲ
2650 5620 2941 5687 ἐδίωξαν,
2979 5624 3135 5693 φησὶ,
3179 5622 3275 5675 καὶ
3306 5621 3465 5692 ὑμᾶς
3499 5624 3854 5688 διώξουσιν·

670 5764 716 5794 "
750 5762 943 5831 Ephes.
974 5776 1026 5823 v,
1062 5761 1116 5815 6.
1191 5763 1235 5795 "
1258 5761 1425 5819 Eccii.
1456 5778 1541 5820 ιιι.
1575 5763 1669 5817 22.
1746 5762 1795 5796 ³⁵
1826 5763 1845 5815 Ι
1875 5760 2005 5818 Cor.
2041 5776 2131 5829 xv,
2160 5762 2169 5815 ε

2327 5762 2370 5794 ³³
2392 5760 2509 5816 Jac.
2539 5776 2595 5826 v,
2623 5761 2710 5814 il.
2786 5758 2833 5793 "
2856 5756 2957 5817 Job
2988 5774 3181 5817 sunt.
3212 5758 3301 5814 5‘2.
3378 5761 3424 5794 ⁸⁷
3456 5759 3631 5817 Zaeh.
3670 5761 3851 5819 11.15.

600 5836 646 5865 ⁸⁸
675 5834 816 5889 Psal.
858 5847 1043 5899 min,
1079 5832 1133 5887 4.
