3990 6318
157 389 296 453 1229

1356 380 1902 444 EPIS’I‘OLARUM
1961 380 2108 441 LIB.
2145 380 2228 440 II.

3295 374 3428 440 1230

149 508 205 559 ει
248 505 356 557 τὸν
389 505 580 572 λόγον
621 517 739 570 μου
794 499 1127 568 ἐτήρησαν,
1156 497 1256 552 καὶ
1298 499 1408 552 τὸν
1454 483 1744 568 ὑμέτερον

1865 512 2054 550 nonem
2101 512 2275 550 meum
2323 499 2700 557 servaverunt,
2748 501 2800 547 et
2849 500 3078 547 vestrum
3123 491 3431 546 servabunt.

150 596 560 666 τηρήσουσιν
577 592 764 648 Ἀλλὰ
780 591 968 646 ταῦτα
987 592 1185 644 πάντα
1205 590 1577 660 ποιήσουσιν
1599 589 1745 660 ὑμῖν

151 690 255 744 διὰ
285 689 351 741 τὸ
382 686 571 756 ὄνομά
597 701 745 756 μου·
788 685 878 739 ὅτι
901 686 1012 738 οὐκ
1048 684 1253 737 οἴδασι
1283 684 1391 736 τὸν
1421 681 1746 751 πέμψαντά

149 799 250 851 με.
289 780 406 833 Ἐπ’
431 780 690 849 ἀληθείας
722 779 830 848 γὰρ
858 779 958 830 οὐκ
975 777 1203 840 οἴδασιν,
1237 777 1320 830 ὅτι
1361 775 1423 828 '0
1453 774 1600 840 Θεὸς
1643 773 1743 826 καὶ

156 876 364 943 Πατὴρ
408 875 643 942 ἔπεμψε
691 873 801 926 τὸν
863 869 1002 924 Υίὸν
1049 869 1235 923 αὐτοῦ
1289 868 1396 921 τὸν
1440 867 1745 936 μονογενῆ

157 969 488 1036 γενόμενον
523 966 592 1018 ἐκ
635 963 944 1034 γυναικὸς,
980 963 1308 1031 γενόμενον
1353 959 1474 1013 ὑπὸ
1517 960 1708 1028 νόμον
1731 977 1744 991 ·

158 1063 263 1113 ἵνα
286 1060 427 1124 τοὺς
450 1057 571 1113 ὑπὸ
603 1058 792 1126 νόμον
814 1055 1175 1125 ἐξαγοράσῃο
1215 1055 1302 1106 ἵνα
1331 1054 1429 1119 τὴν
1492 1052 1749 1121 οἰκουμέ-

158 1170 260 1224 νην
282 1150 359 1222 τῷ
383 1152 498 1221 ίδίῳ
521 1151 696 1220 Πατρὶ
726 1150 1165 1219 κατακτήσηται.
1192 1147 1265 1200 ’Ἡ
1300 1147 1410 1217 γὰρ
1442 1148 1508 1202 ἂν
1549 1147 1649 1198 οὐκ
1683 1146 1750 1199 ἂν

158 1244 425 1316 ἠρνοῦντο
455 1244 616 1296 αὐτὸν
657 1240 1038 1314 ἐγγράφεσθαι
1064 1257 1077 1270 ·
1112 1241 1293 1303 οὐδεὶς
1317 1240 1426 1310 γὰρ
1459 1242 1522 1292 ἐκ
1555 1256 1750 1307 γυναι-

159 1337 274 1418 κὸςΙ
316 1334 694 1404 γεννώμενος,
765 1333 1168 1395 ἁνεικόνιστος,
1228 1333 1278 1384 εί
1344 1331 1468 1402 μηδ’
1525 1330 1590 1384 ἂν
1643 1326 1753 1382 εἷεν

160 1429 446 1497 ἐκτρωμα.
486 1424 642 1478 Οὕτω
671 1422 984 1494 τοιγαροῦν,
1021 1423 1276 1491 ἀδελφοὶ,
1322 1419 1753 1492 καταρτίζωμεν

161 1520 412 1582 ἑαυτούς.
454 1519 567 1572 Καὶ
599 1517 742 1570 οῦτω
786 1515 1262 1589 παρακαλούμεθα
1298 1517 1411 1576 τοῖς
1442 1514 1626 1582 λόγοις
1659 1512 1752 1566 τοῦ

161 1613 415 1683 Σωτῆρος
467 1609 624 1680 ἡμῶν
691 1609 866 1679 Ἰησοῦ
914 1608 1189 1679 Χριστοῦ·
1245 1607 1611 1676 ἀναμένοντες
1653 1606 1754 1676 τὴν

161 1702 543 1756 ἀνταπόδοσιν.
589 1699 727 1753 Ἀλλ’
761 1699 942 1753 οἴδατε
973 1695 1084 1763 οἶος
1111 1702 1138 1753 6
1171 1698 1446 1760 Λεόντιοςο
1479 1697 1755 1769 εὐνούχων

162 1796 342 1864 γένος,
377 1794 436 1847 ού
472 1793 632 1863 μόνον
672 1793 890 1862 ἄτιμον,
926 1792 1001 1856 ὥς
1033 1809 1118 1854 τις
1151 1792 1260 1844 τῶν
1291 1788 1567 1861 θεοφόρων
1602 1791 1754 1861 εἴρη-

163 1903 284 1948 κεν,
310 1885 446 1938 ἀλλὰ
477 1886 572 1938 καὶ
603 1884 1043 1955 ἀρνησίχριστον·
1076 1885 1171 1937 καὶ
1192 1880 1300 1936 οὐδ’
1331 1879 1506 1944 οῦτως
1550 1882 1756 1946 ἀρκού-

169 1997 353 2049 μενον,
411 1978 546 2031 ἀλλὰ
605 1980 700 2031 καὶ
751 1977 959 2048 ἀγρίως
1017 1977 1436 2047 τιμωρούμενον
1493 1977 1755 2046 ἀδελφοὺς

166 2069 350 2140 ἡμῶν.
388 2071 445 2123 Ὀ
482 2070 612 2141 πρὶν
650 2069 920 2142 μαθητὴς,
957 2068 1051 2122 νῦν
1084 2070 1327 2143 άρνητὴς
1370 2071 1694 2138 Ίουδαῖζων·
1727 2074 1756 2125 6

167 2165 228 2216 ἐν
273 2161 521 2232 ἀδελφοῖς
554 2162 924 2232 ὑπερέχουσι,
975 2163 1118 2216 κατὰ
1167 2163 1277 2216 τῶν
1325 2164 1570 2234 ἀδελφῶν
1615 2163 1756 2234 ὑπὲρ

170 2257 419 2318 ἃπαντας
443 2256 567 2317 τοὺς
596 2254 939 2318 δικάζοντας’
970 2255 998 2306 6
1033 2253 1108 2326 μὴ
1131 2254 1307 2324 λέγων
1333 2256 1524 2321 ἁπλῶς
1546 2256 1753 2321 εἰκόνα,

168 2345 310 2398 ἀλλὰ
343 2346 504 2412 ἁγίαν
533 2343 742 2408 εἰκόνα,
777 2343 1015 2414 Χριστοῦ
1045 2346 1232 2415 τυχὸν,
1266 2346 1366 2416 τῆς
1396 2346 1690 2412 Θεοτόκου,
1721 2349 1756 2420 ἢ

166 2435 416 2488 τινοσοῦν
445 2435 555 2487 τῶν
584 2434 775 2500 ἁγίωνο
812 2433 938 2504 ἄρτι
969 2434 1088 2487 ἐστὶ
1121 2435 1317 2502 καίων,
1347 2437 1652 2509 καθαιρῶν,
1684 2437 1760 2501 ὼς

169 2526 278 2595 θὴρ
312 2525 637 2594 μαινόμενος
694 2518 1204 2597 βλασφημῶν.“Ἐξ
1235 2520 1298 2580 οὗ
1349 2528 1446 2580 καὶ
1499 2527 1577 2598 τῷ
1626 2545 1762 2599 κρα-

171 2617 353 2670 τοῦντι
385 2614 743 2685 φιλούμενος,
781 2618 874 2669 καὶ
911 2617 1024 2670 τῶν
1055 2619 1440 2690 μοναστηρίων
1468 2619 1626 2690 ἡμῶν
1659 2620 1762 2690 ἆρ-

171 2727 305 2778 χων,
334 2709 427 2760 καὶ
453 2708 634 2761 πάντα
661 2709 917 2778 πράττων
948 2710 976 2761 6
998 2709 1165 2774 τάλας
1194 2711 1274 2772 είς
1303 2711 1543 2782 Χριστοῦ
1579 2710 1760 2780 ὓϐριν.

187 2803 327 2856 Ἀλλ’
360 2803 482 2856 οὐαί
522 2803 644 2874 μοιί
678 2803 789 2873 ἐμὰ
834 2803 944 2874 γὰρ
977 2804 1046 2857 τὰ
1098 2805 1310 2857 ἐκείνου
1346 2805 1760 2876 κωμῳδήματα.

174 2897 369 2965 Ὅμως
400 2896 486 2947 ὅτι
533 2894 612 2965 τῷ
662 2895 807 2948 κατὰ
864 2895 1044 2965 σάρκα
1095 2895 1329 2966 φύσαντι
1377 2898 1587 2968 ὅμοιος·
1639 2896 1766 2950 ἐπεὶ

174 2993 429 3056 κάκεῖνος
451 2994 660 3069 ,ὲν-τοῖς
690 2992 859 3045 πάλαι
894 2995 1108 3062 καιροῖς
1145 2994 1454 3064 ἀκροθίνιον
1483 2993 1761 3059 ἀσεϐείας,

175 3085 369 3154 ῶσπερ
395 3086 491 3139 καὶ
518 3085 613 3139 τοῦ
663 3086 907 3157 Ἑρμίου.
939 3089 1144 3158 Ἀμιρω
1174 3089 1282 3160 γὰρ
1316 3090 1636 3160 δαιμονῶσυ
1670 3092 1766 3144 καὶ

1783 1852 1832 1912 Β

1850 589 1957 644 Sed
2001 590 2112 644 lure
2154 593 2334 644 omnia
2361 589 2558 657 facient
2588 587 2731 642 uobis
2761 594 2972 654 propter
2998 600 3186 638 nomen
3217 600 3391 637 meum
3415 596 3436 636 :

1847 684 1974 752 quia
1995 683 2227 737 nesciunt
2246 698 2364 735 eum
2391 681 2480 750 qui
2498 681 2640 733 misit
2671 695 2752 732 me
2764 679 2832 732 9°.
2856 677 2995 732 Vere
3013 677 3158 730 enim
3182 675 3439 745 ignorant

1849 776 1994 845 quod
2031 773 2171 828 Deus
2201 783 2254 828 et
2298 774 2458 828 Pater
2486 771 2630 826 misit
2673 767 2860 823 Filum
2907 784 3064 823 suum
3105 769 3438 837 unigenitum

1849 868 2054 936 factum
2095 883 2159 919 ea:
2193 865 2428 926 muliere,
2461 864 2664 933 factum
2703 861 2799 915 sub
2835 859 2965 930 lege,
3003 869 3061 912 ut
3097 876 3183 913 eos
3215 860 3306 929 qui
3341 857 3437 911 sub

1851 962 1963 1031 lege
1992 969 2147 1015 erant
2178 959 2458 1012 redimeret
2484 958 2525 1020 ¹,
2557 965 2612 1010 et
2642 953 2790 1009 Patri
2825 968 2926 1007 suo
2949 953 3219 1006 mundum
3253 948 3440 1018 acqui-

1852 1063 2020 1109 reret.
2053 1051 2173 1107 Nisi
2198 1053 2344 1107 enim
2385 1051 2726 1120 ignorarem,
2761 1046 2914 1100 illum
2942 1044 3090 1115 pingi
3128 1058 3237 1098 non
3266 1057 3438 1110 nega-

1853 1156 1975 1202 rent
2005 1164 2018 1201 :
2053 1160 2217 1200 nemo
2243 1145 2446 1214 quippe
2475 1142 2569 1212 qui
2611 1157 2678 1196 ex
2711 1140 2941 1195 muliere
2982 1147 3144 1193 natus
3189 1138 3282 1202 sit,
3314 1136 3438 1191 talis

1851 1249 1938 1294 est
1992 1249 2052 1293 ut
2106 1237 2338 1308 exprimi
2400 1251 2512 1290 non
2571 1234 2746 1304 possit
2797 1251 2810 1286 :
2863 1232 3069 1302 alioqui
3127 1231 3437 1286 abortivum

1854 1329 2116 1400 quiddam
2145 1337 2312 1384 esset.
2348 1326 2440 1381 Sic
2469 1327 2676 1394 itaque,
2705 1324 2926 1390 fratres,
2955 1322 3309 1393 perficiamus
3338 1335 3441 1375 nos

1854 1426 2008 1494 ipsos
2039 1441 2052 1477 :
2087 1423 2170 1479 sic
2199 1421 2639 1478 consolationem
2669 1420 2938 1474 habemus
2968 1419 3022 1473 in
3047 1418 3234 1474 verbis
3260 1417 3445 1472 Salva-

1855 1518 1992 1572 toris
2029 1517 2202 1571 nostri
2251 1514 2382 1571 Jesu
2425 1514 2659 1577 Christi,
2692 1521 3078 1583 exspectantes
3120 1526 3444 1566 renumera-

1856 1609 2084 1664 tionem.
2123 1607 2232 1662 Sed
2278 1608 2454 1663 nostis
2489 1607 2670 1677 qualis
2701 1606 2774 1661 sit
2806 1605 3070 1661 Leontius
3109 1622 3122 1659 :
3155 1606 3446 1660 cunucho-

1858 1719 1980 1757 rum
2007 1717 2204 1773 genus,
2237 1717 2348 1756 non
2380 1702 2558 1757 solum
2603 1700 2920 1771 inglorium,
2963 1708 3024 1754 ut
3057 1698 3278 1770 quidam
3311 1713 3442 1753 san-

1861 1807 2078 1851 ctorum
2106 1795 2264 1860 dixit,
2293 1794 2388 1849 sed
2424 1803 2480 1848 et
2507 1793 2789 1848 Christum
2823 1807 3061 1862 negans;
3103 1806 3284 1862 neque
3311 1791 3448 1845 adeo

1860 1888 1948 1942 his
1982 1886 2184 1941 finibus
2213 1900 2273 1940 se
2309 1885 2624 1950 continens,
2663 1898 2853 1938 verum
2888 1882 3085 1937 acerbe
3125 1892 3181 1936 et
3213 1879 3450 1934 crudeli-

1862 1990 1947 2034 ter
1975 1977 2176 2034 fratres
2204 1986 2425 2033 nostros
2449 1977 2800 2031 excrucians.
2828 1974 2934 2042 Qui
2965 1983 3092 2029 ante
3119 1973 3447 2043 discipulus,

1860 2086 2008 2126 nunc
2037 2077 2268 2140 negator
2296 2069 2589 2139 judaizans
2626 2087 2638 2122 :
2673 2068 2768 2137 qui
2800 2067 2944 2121 inter
2974 2067 3175 2120 fratres
3200 2064 3449 2120 eminen-

1859 2164 2050 2226 tiores,
2096 2176 2243 2215 nunc
2284 2172 2472 2215 contra
2513 2159 2709 2213 fratres
2751 2174 2918 2228 supra
2948 2158 3165 2227 judices
3206 2172 3400 2211 omnes
3434 2174 3449 2210 :

1861 2257 1956 2327 qui
1988 2272 2092 2310 non
2120 2256 2443 2324 simpliciter
2471 2254 2766 2323 imaginem
2794 2253 3037 2317 dicebat.
3071 2251 3167 2308 sed
3199 2260 3450 2308 sanctam

1864 2351 2187 2420 imaginem,
2224 2350 2340 2405 sive
2367 2348 2596 2415 Christi,
2635 2349 2750 2402 sive
2780 2346 3028 2417 Deipara:
3057 2352 3114 2400 et
3158 2345 3455 2415 cujuslibet

1863 2449 2214 2510 sanctorum;
2262 2458 2408 2497 nunc
2431 2457 2525 2497 eas
2553 2441 2814 2506 incendit,
2843 2448 2898 2495 et
2932 2439 3133 2506 abolet,
3166 2439 3453 2494 insanien-

1863 2539 1935 2594 tis
1989 2538 2165 2593 instar
2199 2536 2331 2592 ferae
2381 2536 2794 2606 blasphemans.
2829 2533 2983 2590 Unde
3030 2543 3085 2588 et
3134 2533 3452 2604 imperatori

1865 2631 2066 2687 charus
2119 2629 2296 2685 factus
2337 2639 2441 2695 est,
2479 2638 2534 2683 et
2579 2626 2928 2681 monasteriis
2974 2627 3184 2680 nostris
3220 2626 3452 2696 potitur,

1865 2734 1921 2781 et
1955 2725 2139 2779 omnia
2172 2723 2343 2776 miser
2373 2720 2506 2775 facit
2547 2721 2602 2774 in
2647 2719 3036 2774 contumeliam
3068 2718 3299 2773 Christi.
3346 2717 3455 2771 Sed

1867 2818 1973 2874 heu
2022 2818 2144 2872 me!
2203 2829 2324 2868 mea
2372 2814 2519 2869 enim
2571 2813 2688 2868 haec
2730 2813 2850 2882 ejus
2897 2811 3160 2866 ludibria.
3197 2813 3455 2867 Attamen

1868 2911 2064 2967 similis
2100 2909 2176 2964 illi
2209 2917 2312 2973 est,
2340 2908 2430 2978 qui
2468 2907 2658 2976 genuit
2687 2905 2990 2962 secundum
3022 2920 3244 2961 carnem
3279 2923 3292 2959 :
3327 2917 3453 2958 nam

1867 3015 1922 3060 et
1967 3005 2058 3059 ille
2106 3004 2238 3059 olim
2287 3003 2549 3074 primitiae
2606 3000 2787 3055 fuerat
2823 2999 3146 3070 impietatis,
3201 2998 3343 3052 sicut
3402 3009 3458 3051 et

1869 3096 2102 3152 Hermia:
2129 3116 2143 3151 :
2176 3097 2343 3151 ambo
2371 3096 2516 3150 enim
2546 3094 2794 3149 furentes
2816 3102 3058 3164 aguntur
3083 3110 3097 3147 :
3131 3106 3234 3147 nec
3264 3092 3458 3146 miscet

173 3179 237 3230 οὐ
283 3178 434 3246 μίγει
472 3178 500 3228 6
539 3177 672 3240 Θεὸς
707 3178 953 3251 κορώνην
993 3181 1088 3233 καὶ
1128 3183 1481 3252 περιστεράν·
1514 3183 1650 3237 ἀλλὰ
1696 3183 1757 3236 τά

1871 3190 2015 3247 Deus
2065 3192 2342 3246 cornicem
2393 3189 2686 3256 columbae,
2745 3187 2841 3242 sed
2886 3185 3089 3242 similia
3150 3184 3454 3240 similibus.

171 3272 336 3339 ὃμοια
359 3273 472 3336 τοῖς
505 3271 734 3341 ὁμοίοις.
773 3273 1002 3325 Ἐκεῖνοι
1035 3275 1132 3344 μὲν
1156 3274 1350 3338 οὓτως.
1377 3277 1486 3328 Kal
1515 3275 1632 3345 δοίη
1666 3276 1762 3328 αὑ·

171 3366 287 3425 τοῖς
324 3362 530 3433 Κύριος
569 3365 867 3432 ἐπίγνωσιν
895 3365 1177 3436 ἀληθείας,
1211 3366 1626 3437 ἐξωγρημένοις
1657 3367 1762 3420 ὑπὸ

169 3456 267 3509 τοῦ
295 3456 544 3510 διαὸόλου
570 3460 648 3520 εἰς
667 3458 727 3509 τὸ
749 3457 959 3511 ἐκείνου
989 3459 1222 3530 θέλημα.
1257 3459 1433 3530 ’Υμᾶς
1454 3460 1508 3512 δὲ
1529 3459 1763 3529 Χριστὸς

172 3552 270 3604 σὺν
292 3544 374 3614 οἷς
406 3553 433 3602 6
466 3550 781 3619 ἀποστάτης
803 3551 1046 3618 κολάζει,
1078 3553 1374 3623 στηρίξειε,
1400 3553 1759 3624 δυναμώσειε,

171 3642 515 3713 κρατύνοιεν,
569 3644 894 3712 ὑπενεγκεῖν
935 3645 1015 3698 ἐτι
1040 3684 1054 3708 ,
1099 3647 1435 3711 πεινῶντας,
1472 3645 1761 3716 διψῶντας,

167 3734 620 3805 γυμνητεύοντας
645 3775 660 3799 ,
698 3737 1162 3807 κολαφιζομένους
1186 3781 1201 3805 ,
1236 3739 1626 3804 ἀστατοῦντας,
1671 3757 1764 3793 κο-

172 3828 439 3891 πιῶντας,
462 3828 928 3898 λοιδορουμένους,
957 3830 1326 3900 διωκομένους
1351 3873 1366 3897 ,
1406 3832 1764 3902 βλασφημου-

172 3920 407 3990 μένους,
473 3919 553 3983 ὼς
599 3920 1081 3989 περικαθάρματα
1128 3922 1307 3988 ὄντας
1351 3924 1457 3978 τοῦ
1505 3925 1761 3993 κόσμου,

170 4011 420 4064 πάντων
463 4011 771 4080 περίψημα
793 4052 806 4074 ,
840 4011 981 4064 κατὰ
1016 4013 1229 4066 Παῦλον
1258 4015 1349 4068 τὸν
1381 4015 1592 4087 μέγαν,
1646 4018 1763 4088 μεθ’

171 4100 239 4160 οῦ
272 4102 384 4159 εἷεν
419 4111 516 4160 καὶ
548 4109 580 4175 ἡ
634 4108 791 4178 μερὶς
826 4108 1004 4178 ὑμῶν.
1056 4107 1328 4177 Ἀδελφοί,
1390 4111 1762 4180 προσεύχεσθε

170 4200 308 4268 περὶ
337 4198 496 4268 ἡμῶν
522 4200 632 4254 τῶν
662 4201 1040 4270 ἁμαρτωλῶν,
1072 4201 1159 4254 ἵνα
1204 4201 1539 4272 σωζοίμεθαο
1581 4203 1764 4267 ἀξιού-

174 4307 333 4360 μενοι
362 4291 585 4344 πάντων
611 4292 720 4344 τῶν
746 4293 1118 4363 ἐνισταμένων
1148 4292 1241 4346 τοῦ
1270 4295 1500 4364 ἐσχάτου
1530 4295 1760 4365 βαθμοῦ.

185 4383 524 4448 Ἀσπάζεται
562 4385 708 4454 ὑμᾶς
740 4388 768 4438 6
806 4385 903 4439 σὺν
934 4386 1058 4455 ἐμοὶ
1084 4386 1315 4454 ἀδελφὸς
1352 4388 1644 4451 Νικόλαος.
1706 4389 1767 4443 Ἠ

170 4473 352 4544 χάρις
378 4474 486 4528 τοῦ
514 4476 663 4529 Θεοῦ
681 4478 831 4546 μετὰ
852 4476 1096 4531 πάντων
1124 4477 1312 4546 ὑμῶν,
1351 4479 1409 4531 Ἀ
1412 4478 1557 4547 μήν,

1870 3284 2014 3352 Ergo
2045 3283 2123 3337 illi
2154 3282 2222 3336 ad
2260 3283 2406 3337 hunc
2447 3281 2694 3336 modum.
2719 3279 2820 3335 Det
2849 3280 2956 3337 illis
2987 3277 3252 3332 Dominus
3285 3291 3460 3346 agno-

1871 3393 2025 3432 scere
2072 3376 2384 3442 veritatem,
2441 3390 2581 3444 quos
2627 3383 2816 3444 captos
2868 3373 3118 3427 diabolus
3167 3378 3317 3426 tenet
3361 3383 3461 3438 pro

1870 3484 1971 3523 sua
2019 3467 2318 3520 voluntate.
2379 3464 2490 3519 Vos
2532 3479 2663 3519 vero
2708 3464 2964 3518 Christus
3008 3477 3134 3517 cum
3186 3463 3274 3528 iis,
3317 3473 3460 3530 quos

1869 3567 2037 3616 vexat
2081 3570 2352 3630 apostata,
2400 3557 2714 3625 confirmet,
2762 3561 3020 3628 viresque
3049 3572 3114 3611 ac
3157 3556 3332 3610 robur
3361 3553 3461 3610 tri-

1869 3653 2024 3720 buat,
2071 3665 2132 3708 ut
2177 3654 2452 3709 sustinere
2491 3651 2672 3706 adhuc
2721 3650 2967 3720 possitis,
3023 3647 3353 3711 esurientes,
3385 3645 3462 3701 si-

1870 3748 2091 3811 tientes,
2121 3744 2276 3809 nudi,
2308 3744 2556 3813 colaphis
2587 3742 2739 3802 caesi,
2770 3741 3083 3803 instabiles,
3116 3737 3458 3802 laborantes,

1871 3839 2161 3893 maledicta
2228 3847 2283 3891 et
2328 3837 2768 3906 persecutionem
2844 3834 3149 3904 patientes,
3197 3831 3458 3900 blasphe-

1873 3932 2025 3996 tnati,
2080 3940 2331 4000 tanquam
2362 3939 2710 4000 purgamenta
2758 3928 2917 3997 hujus
2963 3925 3172 3988 mundi,
3225 3924 3462 3978 omnium

1871 4025 2251 4094 pet-ipsema',
2309 4032 2370 4078 ut
2432 4022 2636 4077 Paulus
2704 4037 2938 4090 magnus
2981 4032 3268 4089 :quocum
3332 4030 3462 4084 pars

1873 4126 2054 4172 vestra
2088 4117 2178 4171 sit.
2209 4115 2453 4177 Fratres,
2485 4124 2640 4169 orate
2664 4129 2764 4183 pro
2803 4113 2961 4167 nobis
2987 4110 3371 4181 peccatoribus
3401 4118 3465 4162 ut

1875 4210 2171 4273 salvemur,
2207 4207 2356 4277 digni
2405 4205 2574 4260 habiti
2611 4205 2856 4257 omnium
2887 4204 2980 4274 qui
3013 4201 3337 4255 restiterunt
3372 4199 3464 4259 in-

1874 4303 2004 4354 ﬁmo
2043 4301 2237 4370 gradu.
2272 4299 2486 4352 Salutat
2516 4312 2616 4352 vos
2658 4295 2752 4366 qui
2783 4310 2998 4351 mecum
3043 4304 3130 4350 est
3165 4293 3336 4350 frater
3360 4293 3462 4350 Ni-

1873 4395 2086 4449 colaus.
2144 4391 2335 4447 Gratia
2371 4392 2466 4446 Dei
2499 4408 2616 4446 cum
2644 4390 2886 4444 omnibus
2912 4389 3079 4445 vobis.
3116 4389 3284 4442 Amen
3307 4386 3351 4441 ³.

169 4609 386 4666 ΛΗ¹.-
404 4612 725 4687 Θεόδωρος.
754 4617 884 4680 ταῖς
939 4616 1252 4684 πανταχοῦ
1295 4615 1757 4686 διεσπαρμέναις

1871 4617 2163 4676 XXXVIII.
2194 4649 2263 4658 —
2291 4617 2598 4672 Theodorus
2647 4617 2840 4686 ubique
2895 4615 3151 4687 dispersis
3199 4613 3455 4684 fraterni-

656 4683 1092 4754 ἁδελφότησιν.
1133 4683 1308 4760 [τια’.]

2547 4687 2767 4742 tatibus.

887 4801 1216 4852 Catecbetica.
1241 4803 1282 4853 E
1307 4817 1506 4854 carcere
1530 4818 1646 4854 suos
1672 4803 1976 4852 adhortatur.
2003 4800 2206 4864 (Baron.
2231 4812 2310 4849 an.
2334 4798 2444 4857 819,
2470 4812 2520 4848 n.
2550 4798 2652 4860 18.)

245 4904 522 4973 Χαίρετε,
561 4903 883 4974 ὲπιπόθητοί
935 4923 1036 4975 μου
1083 4907 1305 4974 ἀδελφοὶ
1341 4910 1435 4961 καὶ
1476 4908 1758 4978 Πατέρες,

170 5000 257 5050 ὅτι
308 5000 484 5068 χαρᾶς
533 4997 850 5064 εὐαγγέλια.
899 4999 1068 5052 Πάλιν
1100 4998 1416 5069 ἠξιώθημεν
1459 5002 1508 5054 οι
1551 4998 1760 5065 ἀνάξιοι

171 5090 512 5159 ὁμολογῆσαι
556 5088 656 5159 τὴν
695 5090 866 5160 καλὴν
895 5092 1212 5160 ὁμολογίαν⁸
1247 5092 1408 5144 πάλιν
1453 5093 1760 5163 ᾑκίσθημεν

173 5182 315 5250 ὑπὲρ
345 5183 440 5235 τοῦ
485 5181 750 5250 ὀνόματος
787 5184 881 5237 τοῦ
924 5185 1129 5254 Κυρίου
1159 5186 1479 5256 ἀμφότεροι.
1506 5187 1616 5238 Καὶ
1652 5187 1760 5256 γὰρ

173 5274 267 5325 καὶ
294 5277 321 5327 6
346 5275 575 5343 ἀδελφὸς
594 5275 864 5339 Νικόλαος
880 5277 1143 5346 ὲνήθλησε
1165 5277 1432 5331 κάλλιστα
1453 5280 1544 5331 καὶ
1577 5277 1762 5330 πιστό-

172 5385 332 5421 τατα.
370 5369 611 5440 Εἷδομεν
659 5371 723 5423 ὲκ
760 5371 979 5442 σαρκῶν
1011 5371 1171 5439 ἡμῶν
1206 5373 1511 5443 κενούμενα
1540 5371 1616 5444 [ί.
1643 5373 1762 5443 χεό-

177 5457 338 5530 μενα]
372 5462 466 5511 ἐπὶ
497 5461 601 5529 γῆς
637 5459 843 5530 αἵματα
877 5463 927 5514 οἱ
964 5462 1232 5514 ταπεινοί·
1270 5463 1614 5532 ἐθεασάμεθα
1645 5462 1761 5532 μώ-

171 5553 386 5618 λωπας,
423 5553 652 5622 ἰχῶρας,
687 5554 754 5605 τὰ
784 5555 994 5610 τούτοις
1029 5553 1323 5607 ἀκόλουθα.
1358 5555 1432 5607 Ού
1462 5553 1635 5608 ταῦτα
1665 5570 1766 5624 χαι

174 5646 309 5710 οᾶςς
340 5642 404 5696 ού
429 5641 606 5695 ταῦτα
637 5643 1013 5710 ἀγαλλιάσεως
1036 5643 1276 5714 ψυχικῆς
1300 5661 1314 5710 ;
1353 5646 1513 5698 Ἀλλὰ
1535 5645 1618 5708 τίς
1646 5647 1761 5715 είμι

240 5823 472 5881 “Joan.
510 5838 604 5888 xv,
639 5819 729 5886 ‘20,
763 5822 852 5878 ill.
938 5821 1157 5878 ‘Galat.
1192 5838 1264 5890 tv,
1295 5821 1345 5875 ί.

1942 4904 2229 4965 Gaudete,
2271 4903 2491 4958 Fratres
2549 4903 2656 4958 mei
2706 4917 2771 4958 ac
2816 4903 3008 4960 Patres
3065 4903 3456 4972 desiderandi,

1871 5000 2134 5068 quoniam
2182 4996 2367 5065 gaudii
2398 4995 2601 5050 adsunt
2632 4996 2850 5051 nuntia.
2887 4997 3044 5067 Digni
3091 5013 3317 5053 rursum
3361 4998 3460 5053 ha-

1872 5091 1971 5145 biti
2024 5090 2254 5154 fuimus,
2303 5088 2535 5157 indigni,
2578 5089 2672 5158 qui
2714 5089 3006 5157 pulchram
3050 5090 3460 5145 confessionem

1869 5184 2279 5237 confiteremur.
2326 5182 2565 5238 Rursum
2607 5183 2781 5253 plagis
2823 5183 2998 5239 allecti
3041 5184 3204 5238 ambo
3251 5183 3460 5239 fuimus

1872 5291 1972 5346 pro
2015 5277 2236 5331 nomine
2281 5275 2522 5332 Domini.
2587 5279 2802 5333 Etenim
2863 5291 2917 5334 et
2967 5279 3135 5332 frater
3199 5277 3458 5332 Nicolaus

1873 5368 2244 5436 pulcherrime
2287 5377 2341 5422 et
2366 5369 2685 5424 fidelissime
2715 5369 3039 5425 decertavit.
3071 5369 3320 5423 Vidimus
3357 5370 3459 5422 hu-

1871 5461 2028 5516 miles
2071 5477 2139 5515 ex
2166 5462 2427 5517 carnibus
2459 5463 2666 5517 nostris
2699 5463 2953 5519 fluentem
2987 5465 3042 5519 in
3085 5474 3287 5519 terram
3325 5480 3458 5518 san-

1876 5553 2097 5621 guinem
2130 5569 2144 5605 :
2178 5554 2570 5623 conspeximus
2604 5554 2830 5618 vibices,
2861 5554 3093 5620 saniem,
3135 5563 3190 5608 et
3215 5569 3336 5623 quae
3367 5553 3456 5607 his

1871 5644 2153 5714 adjuncta.
2208 5644 2408 5702 Annon
2466 5647 2582 5704 haec
2638 5649 2821 5720 gaudii
2874 5649 3041 5706 sunt?
3100 5661 3286 5704 nonne
3339 5647 3456 5702 hac

1431 5825 1487 5879 Ἰ
1523 5823 1648 5879 Cor.
1682 5839 1755 5890 tv,
1789 5824 1876 5880 15.
1914 5825 1933 5856 ³
1959 5825 2068 5882 Tit.
2101 5842 2185 5894 tu,
2223 5827 2307 5881 l5.
