3990 6318
597 347 728 412 1231

1745 352 1805 410 S.
1845 346 2237 408 TIIEODOIU
2279 341 2627 406 STUDIT/E

3732 350 3878 417 1232

590 465 978 520 exsultationis
1021 465 1360 535 spiritualis?
1385 465 1492 523 Sed
1525 468 1652 538 quis
1675 481 1776 537 ego
1799 481 1917 522 sum
1951 464 2160 526 infelix,

2267 461 2378 530 ἐγὼ
2397 464 2426 516 6
2447 463 2640 529 τάλας,
2676 464 2775 517 σὺν
2805 463 2940 534 ὑμῖν
2963 465 3077 527 τοῖς
3107 465 3280 530 ἀξίοις
3313 466 3556 537 Χριστοῦ
3589 469 3875 540 ὁμολογη-

591 555 686 624 qui
721 556 1001 611 vobiscum
1030 557 1209 626 dignis
1234 556 1439 612 Christi
1469 557 1884 612 confessoribus
1911 557 2169 610 adnume-

590 661 700 708 rer,
726 649 971 702 omnium
1004 649 1286 703 hominum
1314 650 1736 705 inutilissimus?
1756 651 1932 704 Causa
1959 659 2164 714 autem,

591 740 756 808 cujus
809 741 981 810 gratia
1028 741 1143 796 hec
1171 742 1540 813 contigerunt,
1594 744 1827 813 pristina
1874 742 1976 796 fuit
2004 740 2167 796 Cate-

589 831 771 886 chesis
801 851 812 886 :
841 848 963 901 qua:
999 848 1123 887 cum
1168 833 1221 886 in
1276 849 1473 890 manus
1511 836 1755 890 venisset
1798 835 2163 904 imperatoris,

589 922 656 976 ad
689 923 1007 993 magistrum
1049 925 1285 978 militum
1319 942 1439 980 eam
1473 927 1642 990 misit,
1684 927 1937 982 comitem
1971 930 2169 984 cohor-

590 1013 661 1066 tis
715 1014 782 1066 ad
829 1029 928 1068 nos
967 1015 1156 1068 venire
1199 1015 1423 1084 jubens.
1472 1015 1576 1080 Qui
1631 1032 1757 1070 cum
1810 1017 2043 1074 ducibus
2103 1035 2168 1074 ac

589 1106 855 1159 militibus
886 1108 1208 1175 intempesta
1250 1117 1410 1162 nocte
1441 1108 1755 1175 adveniens,
1781 1120 1833 1165 et
1861 1111 2165 1168 domuncu-

589 1197 698 1251 lam
737 1198 790 1251 in
816 1213 922 1265 qua
948 1212 1169 1253 eramus
1203 1208 1423 1268 repente
1458 1201 1716 1255 obsidens
1746 1218 1870 1256 cum
1904 1205 2164 1271 clamore,

591 1290 755 1344 veluti
791 1289 962 1344 feram
1007 1302 1241 1347 nactus:
1278 1293 1554 1362 obiectum
1593 1305 1806 1364 septum
1849 1313 1943 1367 per
1990 1298 2165 1354 losso—

588 1397 677 1435 res
707 1381 991 1436 celerrime
1031 1382 1292 1454 perfregit
1327 1403 1339 1438 :
1370 1385 1570 1440 deinde
1605 1388 1853 1455 protulit,
1894 1390 2162 1454 excussit,

587 1473 828 1528 ostendit
878 1473 1242 1529 Catecliesim.
1298 1475 1546 1530 Confessi
1615 1492 1808 1532 sumus
1869 1495 1970 1535 nos
2041 1496 2161 1537 eam

589 1565 804 1630 fecisse,
851 1565 992 1620 sicut
1042 1567 1181 1621 Deus
1232 1567 1426 1623 voluit.
1474 1568 1539 1621 Et
1584 1568 1673 1623 ille
1725 1570 1944 1638 quidem
1993 1589 2161 1628 unum

588 1656 694 1712 lioc
719 1659 956 1726 petebat,
1001 1666 1060 1712 ut
1089 1659 1152 1712 ad
1185 1659 1532 1727 imperatoris
1563 1661 1897 1717 voluntatem
1935 1664 2162 1719 descen-

585 1750 862 1803 tleremus.
908 1749 1310 1819 Respondimus
1359 1753 1505 1822 quod
1547 1755 1750 1808 veritas
1798 1756 2156 1824 postulabat:

585 1843 776 1897 Absit!
807 1842 974 1898 Deum
1011 1855 1261 1899 nostrum
1307 1861 1416 1899 non
1463 1847 1784 1915 rejicimus;
1818 1859 1872 1902 et
1897 1849 2001 1903 alia
2037 1866 2160 1920 qua:

586 1943 1014 1988 consentaneum
1050 1943 1168 1988 erat
1203 1936 1556 2004 respondere.
1588 1937 1727 1992 Tum
1763 1939 1967 1993 acriter
2000 1941 2159 1996 abeo

586 2026 862 2080 verberati
891 2040 1104 2082 sumus.
1133 2026 1202 2082 Et
1237 2027 1403 2082 frater
1428 2031 1647 2098 quidem
1679 2032 1812 2086 nihil
1845 2033 2158 2102 hujusmodi

587 2127 710 2186 post
749 2119 981 2186 primam
1003 2119 1548 2188 comprehensionem
1584 2131 1637 2175 et
1668 2123 2076 2194 inscriptionem
2105 2127 2158 2180 in

583 2209 848 2263 aerumnis
884 2223 1081 2277 passus
1122 2219 1222 2264 est.
1256 2210 1369 2280 Ego
1397 2227 1523 2265 veto
1560 2212 1781 2268 humilis
1812 2224 1866 2268 et
1910 2216 2160 2271 infirmus

585 2299 831 2354 febribus
857 2298 1140 2354 immensis
1166 2312 1450 2367 correptus
1490 2313 1543 2356 et
1575 2303 1932 2357 intolerandis
1956 2305 2160 2359 dolori-

584 2388 710 2453 bus,
765 2405 956 2459 parum
1016 2390 1190 2444 abfuit
1233 2392 1364 2460 quin
1414 2392 1525 2448 vita
1584 2395 1849 2461 privarer.
1903 2395 2158 2450 Attamen

587 2478 766 2535 bonus
812 2477 955 2534 Deus
1003 2482 1208 2534 sensim
1267 2482 1528 2536 misertus
1578 2493 1662 2536 est
1704 2483 1830 2548 mei,
1873 2485 2161 2553 adjuvante

585 2571 756 2626 fratre
792 2575 846 2626 in
880 2574 1082 2642 quibus
1103 2573 1288 2626 decuit
1323 2574 1464 2626 :etsi
1492 2573 1672 2627 adhuc
1709 2584 1966 2629 maneant
1990 2577 2162 2646 plaga:

584 2663 652 2715 ad
689 2662 952 2729 integrant
980 2663 1269 2716 sanitatem
1306 2663 1546 2717 nondum
1577 2664 1868 2732 perductae.
1900 2665 2024 2722 llzec
2057 2669 2160 2740 igi-

586 2765 676 2808 tur
724 2756 805 2810 sic
843 2770 902 2810 se
945 2754 1170 2819 habent,
1216 2765 1270 2808 et
1299 2754 1405 2809 vim
1453 2756 1579 2810 mali
1615 2757 1766 2814 vobis
1812 2762 2061 2832 exposui,
2107 2764 2160 2818 id

585 2861 787 2916 cupere
834 2860 928 2900 vos
974 2846 1155 2900 sciens
1210 2847 1276 2900 ad
1322 2847 1745 2904 condolendum.
1791 2852 1930 2917 Quid
1977 2864 2158 2910 autem

586 2947 710 3006 post
737 2935 889 2990 haec?
921 2945 976 2991 et
1019 2938 1183 2992 minae
1223 2938 1525 3010 graviores,
1566 2954 1619 2996 et
1653 2943 1902 2998 custodia
1932 2947 2156 3001 arctior.

583 3032 719 3087 Nam
757 3032 980 3088 verbera
1027 3044 1080 3088 et
1123 3035 1466 3102 custodibus,
1514 3047 1568 3092 et
1598 3041 1862 3097 custodiae
1901 3043 2160 3114 praefecto

2267 555 2387 617 ταῖς
2420 554 2738 624 ἐπαγῆναι,
2775 557 2996 612 πάντων
3025 555 3332 625 ἀνθρώπων
3357 557 3433 611 ὣν
3467 559 3869 630 ἀχρειότερος;

2268 645 2344 698 Τὸ
2368 645 2426 698 δέ
2453 646 2624 698 αἴτιον
2651 637 2713 698 οὗ
2735 645 2902 716 χάριν
2920 646 2982 699 τὸ
3006 647 3240 716 συμϐὰν,
3267 651 3300 716 ἡ
3323 648 3498 702 πάλαι
3527 652 3853 722 κατήχησις

2266 739 2336 808 ἣν
2381 738 2474 791 ἐπὶ
2513 740 2703 807 χεῖρας
2731 739 3029 810 δεξάμενος
3075 740 3105 791 6
3138 740 3380 809 κρατῶν,
3421 742 3694 812 πέπομφε
3732 746 3869 814 πρὸς

2267 830 2360 883 τὸν
2412 831 2860 901 στρατηγοῦντα,
2920 830 3329 901 παραγενέσθαι
3381 832 3871 899 ἐγκελευσάμενος

2267 923 2360 976 τὸν
2402 924 2503 993 τῆς
2567 924 2770 994 κόρτης
2825 923 3041 992 κόμητα
3084 923 3223 992 πρὸς
3266 925 3440 993 ἡμᾶς·
3490 925 3550 989 δς
3586 927 3872 996 ἐληλυθὼς

2269 1015 2366 1067 σὺν
2403 1014 2635 1085 ἄρχουσι
2667 1014 2762 1066 καὶ
2802 1012 3165 1084 στρατιώταις
3211 1015 3270 1066 ἐν
3304 1015 3518 1085 ἀωρίᾳ.
3570 1020 3670 1070 καὶ
3709 1035 3867 1086 περι-

2268 1105 2549 1172 στοιχίσας
2579 1105 2639 1155 τὸ
2671 1103 2894 1156 οἰκίδιον
2925 1106 2983 1157 ἐν
3010 1098 3054 1171 ᾧ
3083 1100 3227 1174 ἦμεν
3262 1103 3473 1174 ἁθρόως
3508 1108 3656 1175 μετὰ
3691 1126 3870 1178 κραυο

2267 1199 2391 1266 γῆς.
2427 1197 2503 1260 ὡς
2547 1197 2640 1249 ἐπί
2671 1214 2725 1249 τι
2764 1196 3070 1267 θηράσιμον
3104 1196 3342 1268 εὕρεμα·
3386 1197 3703 1269 όρυκτῆρσι
3741 1219 3872 1253 κατ-

2266 1288 2434 1350 έαξαν
2481 1287 2542 1359 [Γ.
2573 1287 2877 1358 κατέαξεν]
2929 1287 2993 1340 τὸ
3035 1288 3380 1357 ἀνάφραγμα
3427 1291 3713 1360 τάχιστα·
3747 1290 3869 1344 εἶτα

2266 1374 2600 1449 ἐξήνεγκεν,
2661 1379 2981 1451 ἀνέκρινεν,
3041 1379 3288 1443 ὑπέδειξε
3350 1381 3450 1452 τὴν
3520 1384 3866 1455 κατήχησιν.

2281 1469 2727 1542 Ὧμολογήσαμεν
2752 1474 2912 1542 ἡμεῖς
2933 1473 3101 1543 αὐτὴν
3128 1475 3492 1544 πεποιηκέναι
3518 1517 3532 1538 ,
3567 1475 3650 1540 ὡς
3680 1480 3708 1529 ό
3733 1478 3868 1540 Θεὸς

2263 1561 2552 1632 ⁴Ιλθέλησεν.
2594 1563 2655 1616 Ὀ
2697 1565 2796 1634 μὲν
2836 1564 2894 1616 ἓν
2933 1565 3115 1634 ἐζήτει
3155 1565 3334 1634 μόνον,
3372 1565 3550 1619 ἐλθεῖν
3582 1569 3744 1636 ἡμᾶς
3788 1571 3869 1631 εἰς

2262 1653 2324 1705 τὸ
2359 1653 2454 1706 τοῦ
2505 1654 2770 1722 βασιλέως
2823 1655 3056 1724 θέλημα.
3107 1655 3350 1726 Εἴπομεν
3383 1658 3523 1728 ὅπερ
3573 1659 3789 1729 ἀπῄτει
3831 1662 3864 1729 ἠ

2265 1744 2514 1815 ἀλήθεια.
2538 1748 2630 1818 Μὴ
2658 1748 2900 1815 γένοιτοε
2932 1748 3032 1800 ούκ
3059 1747 3361 1819 ἀθετοῦμεν
3391 1750 3482 1802 τὸν
3507 1749 3646 1802 Θεὸν
3673 1752 3863 1820 ἡμῶν·

2190 1817 2230 1872 Β
2261 1836 2360 1888 ὅσα
2382 1853 2440 1889 τε
2463 1837 2597 1891 ἄλλα
2617 1834 2684 1908 ἦν
2715 1839 3012 1902 ἀκούοντας
3040 1838 3571 1909 ἀνταποκρίνασθαι.
3617 1841 3713 1892 Ἐν
3741 1842 3867 1893 τού-

2261 1946 2374 1992 τοις
2403 1929 2577 1997 ἐδειρε
2612 1930 2849 1999 βαρέως·
2887 1932 2980 1984 καὶ
3013 1932 3040 1983 6
3083 1931 3184 2000 μὲν
3216 1931 3445 1999 ἀδελφὸς
3477 1931 3640 1984 οὐδὲν
3672 1935 3863 1986 τοιοῦ-

2262 2038 2352 2074 τον
2379 2021 2518 2092 μετὰ
2550 2022 2647 2090 τὴν
2682 2020 2844 2085 εὐθὺς
2875 2021 3156 2089 κάθειρξιν
3189 2024 3282 2075 καὶ
3309 2024 3642 2093 ἀναγραφὴν
3682 2023 3861 2078 δεινὸν

2260 2113 2320 2165 ἐν
2355 2116 2542 2175 πόνοις
2569 2110 2802 2181 ὑπέστη.
2848 2110 2991 2180 Ἐγὼ
3019 2111 3079 2164 δέ
3114 2114 3142 2164 ό
3185 2111 3442 2173 ταπεινὸς
3485 2112 3584 2163 καὶ
3624 2111 3855 2182 σαθρὸς,

2262 2210 2519 2277 πυρετοῖς
2541 2205 2767 2276 λαύροις
2790 2207 3096 2276 συσχεθεὶς,
3119 2205 3216 2258 καὶ
3239 2207 3422 2267 πόνοις
3443 2204 3855 2268 δυσυποίστοις,

2263 2298 2465 2371 μικροῦ
2495 2299 2606 2351 δεῖν
2633 2297 2985 2369 ἐξηπορήθην
3016 2297 3227 2350 καὶτοῦ
3255 2297 3374 2368 ζῇν·
3406 2298 3617 2365 ὃμως”ό
3647 2298 3856 2366 ἀγαθὸς

2259 2392 2394 2456 Θεὸς
2425 2394 2565 2445 κατὰ
2590 2389 2784 2460 μικρὸν
2807 2391 2977 2444 ἐλεῶν
2998 2390 3193 2461 ὴλέησέ
3222 2406 3313 2458 με·
3342 2389 3856 2460 συνυωυργοῦπος

2262 2486 2356 2540 καὶ
2381 2486 2474 2538 τοῦ
2501 2483 2732 2552 ἀδελφοῦ
2763 2487 2820 2537 ἐν
2848 2485 2961 2546 τοῖς
2987 2484 3287 2551 καθήκουσι
3313 2500 3326 2513 ·
3359 2484 3464 2536 κᾶν
3497 2483 3582 2536 ἐτι
3618 2485 3678 2535 αἱ
3709 2484 3852 2554 πλη-

2262 2577 2359 2644 γαὶ
2410 2578 2716 2646 ἐπιμένωσι
2773 2575 2846 2645 μὴ
2893 2573 3155 2627 λαϐοῦσαι
3197 2573 3410 2627 τελείαν
3457 2573 3627 2627 ἴασιν.
3661 2573 3851 2627 Ταῦτα

2265 2669 2364 2739 μὲν
2390 2669 2450 2720 ἐν
2481 2668 2712 2731 τούτοις·
2747 2667 2842 2720 καὶ
2867 2666 3178 2736 ἱξηγόρησα
3210 2667 3338 2736 ὑμῖν
3365 2667 3428 2717 τὸ
3458 2665 3662 2729 πάθος·
3694 2666 3851 2728 εἰδὼς

2260 2761 2583 2830 ἐφιεμένους
2620 2759 2811 2830 μαθεῖν
2840 2761 2921 2821 είς
2959 2758 3308 2826 συνάλγησιν.
3335 2757 3400 2809 Τί
3433 2753 3529 2811 οὖν
3559 2759 3758 2829 ἐπειδὴ
3785 2759 3852 2812 τὰ

2261 2854 2516 2918 tomum;
2554 2854 2664 2905 Καὶ
2701 2853 2734 2921 ὴ
2772 2850 2971 2921 ἀπειλὴ
3019 2850 3328 2918 δεινοτέρα·
3367 2849 3538 2920 καὶ-ἠ
3573 2851 3848 2920 ἀσφάλεια

2261 2945 2650 3016 κραταιοτέρα.
2683 2945 2894 3013 Δαρμοὶ
2917 2943 3025 3011 γὰρ
3055 2943 3148 2996 καὶ
3170 2943 3261 2994 ἐπὶ
3286 2941 3414 3004 τοὺς
3437 2943 3722 3010 φύλακας,
3752 2945 3847 2998 καὶ

2260 3038 2355 3091 ἐπὶ
2382 3036 2472 3090 τὸν
2506 3035 2900 3106 παραφύλακα.
2942 3033 3048 3087 Τοῦ
3084 3035 3159 3105 μὴ
3203 3035 3401 3102 γρύξαι
3431 3036 3585 3104 ἡμᾶς
3606 3074 3621 3097 ,
3654 3031 3734 3106 μή
3767 3039 3847 3090 ὅτι

584 3125 889 3194 proposita,
924 3132 984 3178 ut
1011 3139 1108 3179 nec
1144 3126 1342 3179 mutire
1377 3129 1558 3194 nobis,
1590 3132 1786 3185 nedum
1815 3134 1975 3189 alicui
2009 3137 2159 3190 scri-

2263 3148 2327 3200 γε
2353 3130 2448 3184 καὶ
2469 3130 2703 3200 γράφειν
2730 3127 2858 3182 τινί.
2899 3127 3316 3196 ’Υποπτήξομεν
3339 3122 3448 3196 ἆρα
3477 3126 3574 3180 καὶ
3605 3129 3850 3180 ἀποσιω-

586 3216 715 3269 bere
742 3215 919 3270 liceat.
955 3215 1365 3271 Deterrebimur
1394 3233 1546 3288 ergo,
1597 3230 1651 3274 et
1683 3221 1988 3289 silebimus,
2029 3230 2160 3281 obe-

585 3308 798 3362 dientes
838 3322 948 3377 pra:
997 3308 1194 3362 timore
1239 3308 1555 3365 hominibus
1604 3321 1658 3366 et
1710 3329 1818 3367 non
1867 3316 2010 3370 Deo?
2053 3317 2162 3372 Ne-

585 3418 861 3475 quaquam
911 3421 1061 3460 sane.
1118 3404 1224 3460 Sed
1272 3406 1447 3462 donec
1474 3410 1702 3477 januam
1749 3412 1906 3466 nobis
1953 3415 2162 3483 aperiat

587 3496 875 3559 Dominus,
910 3513 1018 3551 non
1056 3497 1407 3564 desisteuius,
1437 3500 1581 3569 quod
1623 3503 1676 3556 in
1713 3504 1873 3559 nobis
1908 3517 2013 3570 est,
2043 3507 2160 3562 olli-

588 3589 734 3644 ciutn
777 3599 1060 3659 praestare,
1094 3585 1518 3646 reformidantes
1557 3609 1621 3650 ac
1656 3595 1908 3653 timentes
1945 3600 2159 3670 impen-

587 3681 722 3735 dens
755 3682 956 3736 silenlii
986 3683 1254 3750 judicium
1292 3702 1304 3737 :
1341 3683 1562 3749 Quodsi
1599 3687 1921 3742 subtraxerit
1963 3709 2037 3758 se,
2074 3694 2160 3747 in-

587 3771 728 3840 quit,
763 3787 865 3824 non
891 3770 1114 3841 placebit
1142 3773 1336 3826 animae
1366 3790 1492 3828 mea:
1513 3776 1552 3828 ⁵.
1584 3776 1647 3829 Et
1675 3793 1894 3832 rursum
1920 3782 2157 3850 Aposto—

587 3863 716 3916 lus:
755 3861 866 3916 Nos
908 3875 1085 3918 autem
1146 3880 1248 3916 non
1308 3883 1490 3920 sumus
1539 3869 1910 3925 subtractionis
1955 3875 2059 3942 ﬁlii
2105 3877 2158 3929 in

585 3956 971 4024 perditionem,
1031 3957 1120 4010 sed
1160 3956 1284 4024 ﬁdei
1341 3959 1395 4011 in
1447 3962 1842 4026 acquisitionem
1901 3966 2092 4020 animi:
2113 3970 2155 4021 ⁸.

658 4045 810 4102 Hanc
854 4048 923 4101 ob
978 4063 1203 4102 causam
1250 4051 1363 4105 haec
1410 4053 1641 4120 epistola
1695 4071 1815 4109 mea
1860 4057 1926 4110 ad
1966 4073 2158 4115 omnes

585 4141 805 4210 quidem
843 4143 1124 4212 dispersos
1162 4140 1383 4208 fratres,
1416 4147 1509 4214 qui
1542 4151 1944 4216 persecutionis
1979 4154 2157 4206 tribu-

586 4234 843 4288 lationem
878 4251 1020 4306 ξρετε
1056 4237 1330 4291 sustinent
1364 4256 1377 4292 :
1414 4242 1684 4309 pr-zecipue
1721 4254 1902 4298 autem
1935 4246 2002 4298 ad
2036 4262 2155 4310 vos,

586 4325 934 4382 confessores
979 4327 1208 4382 Christi.
1247 4329 1650 4397 Sustineamus,
1702 4333 1899 4390 fratres
1935 4339 2039 4392 mei
2076 4339 2158 4392 di-

587 4419 736 4483 lecti,
779 4418 955 4488 magis
994 4418 1175 4471 adhuc
1223 4435 1286 4472 ac
1339 4423 1514 4490 magis
1551 4426 1913 4491 corroborati,
1948 4438 2002 4480 at
2050 4445 2155 4483 non

585 4513 870 4566 conterriti
914 4513 968 4565 in
995 4509 1402 4566 aﬂlictionibus.
1435 4515 1640 4568 Carnes
1683 4527 1831 4579 sunt,
1866 4535 1932 4570 ne
1968 4535 2156 4587 parca-

587 4619 731 4658 mus.
777 4601 886 4657 Pro
917 4601 1136 4656 Christo
1179 4607 1464 4656 tormentis
1497 4605 1751 4672 subjecti,
1798 4617 2155 4663 exsultemus.

585 4695 687 4749 Cui
717 4695 998 4748 abundant
1027 4693 1267 4754 labores,
1321 4695 1557 4763 amplius
1595 4699 1847 4766 gaudeat,
1895 4709 2158 4770 tanquam

587 4787 827 4856 praemiis
866 4785 1154 4838 abundans
1187 4803 1199 4837 :
1230 4785 1324 4853 qui
1361 4787 1647 4840 verberum
1681 4803 1872 4857 poenas
1904 4792 2158 4845 reformi-

586 4878 698 4938 dat,
747 4887 950 4928 metutn
980 4873 1244 4937 excutiat,
1281 4876 1645 4944 sempiternos
1692 4880 1966 4935 cruciatus
2004 4898 2162 4935 reco-

589 4967 791 5034 gitans.
823 4962 1044 5017 Illorum
1077 4965 1223 5017 enim
1259 4963 1453 5033 plagze,
1502 4967 1549 5019 si
1584 4983 1708 5019 cum
1747 4969 1828 5022 liis
1866 4970 2161 5024 conferan-

591 5065 700 5117 tur,
751 5057 1025 5110 somnium
1081 5066 1211 5109 sunt
1271 5064 1325 5110 et
1383 5058 1595 5126 sagitta:
1651 5061 2028 5125 parvulorum.
2073 5061 2164 5116 Nae

590 5163 800 5217 quaso,
829 5149 1070 5202 obtestor
1107 5165 1118 5201 :
1149 5149 1203 5201 in
1237 5149 1500 5202 aerumnis
1548 5165 1647 5218 pro
1678 5150 1900 5204 Christo
1930 5155 2162 5206 delecte-

590 5254 736 5299 mur,
779 5242 1137 5306 quantumvis
1179 5240 1483 5293 secundum
1522 5257 1744 5294 carnem
1787 5246 1895 5296 sint
1937 5260 2159 5299 amarat.

590 5330 1038 5399 Contemplemur
1088 5331 1270 5384 futura
1315 5343 1369 5386 et
1423 5337 1818 5402 permanentia,
1873 5352 1977 5390 non
2027 5353 2166 5405 prae-

600 5421 776 5476 sentia
843 5430 900 5476 et
957 5423 1361 5490 praetereuntia.
1439 5424 1769 5494 Expetatnus
1841 5430 2162 5496 sanguinein

601 5526 850 5570 nostrum
909 5527 1208 5585 martyrum
1268 5520 1520 5586 sanguini
1573 5519 1907 5581 admiscere,
1962 5530 2165 5588 partem

595 5619 839 5662 nostram
873 5606 1250 5661 confessorurn
1281 5610 1420 5677 parti
1453 5629 1464 5663 :
1494 5619 1550 5664 ut
1576 5626 1700 5665 cum
1727 5612 1805 5666 eis
1825 5613 2168 5668 exsullemus

667 5814 688 5841 δ
715 5808 878 5862 Hebr.
911 5819 966 5872 Χ,
999 5804 1086 5856 38.
1166 5807 1185 5836 ⁸
1213 5805 1345 5859 ibid.
1377 5807 1466 5858 59.

2262 3225 2542 3294 πήσομεν,
2596 3220 3025 3292 πειθαρχοῦντες
3072 3219 3150 3290 τῷ
3202 3218 3352 3290 φόϐῳ
3398 3219 3720 3290 ἀνθρώποις
3759 3225 3850 3272 καί

2260 3317 2382 3385 ούχί
2412 3314 2566 3383 Θεῷ;
2601 3313 2900 3382 Ούμενοῦν.
2947 3311 3086 3363 Ἀλλ’
3123 3311 3228 3372 ἐως
3263 3310 3330 3362 ἂν
3357 3311 3552 3380 ἀνοίγῃ
3586 3312 3730 3381 ἡμῖν
3762 3311 3850 3363 θύ-

2265 3425 2365 3477 ραν
2405 3409 2434 3460 ό
2474 3406 2702 3476 Κύριος.
2733 3405 2791 3456 ού
2843 3401 3169 3471 παυσόμεθα
3215 3401 3273 3453 τὸ
3318 3401 3436 3453 δέον
3485 3402 3848 3472 ἀποπληροῦν

2262 3501 2406 3552 κατὰ
2444 3500 2503 3552 τὸ
2531 3498 2752 3566 ἐφικτὸν
2782 3497 2934 3566 ἡμῖν,
2964 3493 3286 3563 φοϐούμενοι
3318 3491 3415 3544 καὶ
3446 3492 3755 3563 τρέμοντες
3789 3493 3846 3544 τὸ

2261 3590 2643 3660 ἐπηρτημένον
2673 3589 2773 3656 τῆς
2803 3586 3015 3657 σιωπῆς
3051 3587 3245 3656 κρῖμα.
3294 3582 3431 3635 Ἐὰν
3456 3583 3844 3648 ὑποστέλλῃ-

2260 3700 2390 3747 ται,
2434 3681 2618 3751 φησὶν,
2676 3683 2787 3734 οὐκ
2818 3678 3057 3732 εὐδοκεῖ
3093 3680 3130 3746 ἠ
3169 3672 3339 3746 ψυχή
3373 3692 3495 3744 μου
3546 3674 3622 3727 ἐν
3661 3673 3839 3738 αὐτῷ.

2261 3779 2372 3832 Καὶ
2411 3776 2576 3830 πάλίν
2633 3776 2661 3827 ὁ
2726 3772 3078 3834 ’Δπόστολος·
3139 3770 3328 3840 Ἡμεῖς
3384 3767 3453 3820 δὲ
3492 3769 3609 3822 οὐκ
3656 3768 3842 3837 ἐσμὲν

2258 3868 2614 3936 ὑποστολῆς
2642 3870 2731 3931 εις
2773 3863 3106 3927 ἀπώλειαν,
3136 3863 3298 3917 ἀλλὰ
3327 3861 3593 3927 πίστεως
3619 3864 3711 3928 εἰς
3743 3879 3839 3914 πε-

2251 3962 2570 4032 ριποίησιν
2597 3956 2824 4027 ψυχῆς.

2329 4057 2428 4106 Διὰ
2463 4051 2621 4106 τοῦτό
2666 4067 2755 4119 μοι
2789 4048 2881 4101 καὶ
2911 4049 2943 4118 ἡ
2973 4046 3224 4116 παροῦσα
3267 4043 3529 4114 ἐπιστολὴ
3565 4045 3710 4114 πρὸς
3746 4046 3837 4114 μὲν

2261 4149 2468 4208 πάντας
2500 4145 2626 4204 τοὺς
2652 4139 3090 4209 διεσπαρμένους
3118 4134 3402 4204 ἀδελφοὺς,
3431 4136 3529 4186 καὶ
3552 4134 3836 4207 διαφέρον-

2258 4258 2356 4302 τας
2385 4240 2476 4292 τὸν
2509 4235 2747 4302 διωγμὸν
2788 4229 3112 4292 θλιπτικῶς·
3160 4227 3449 4296 ἐξαιρέτως
3475 4226 3532 4279 δὲ
3577 4230 3660 4292 εις
3697 4231 3835 4296 ὑμᾶς

2259 4333 2384 4394 τοὺς
2412 4328 2751 4401 όμολογητὰς
2789 4321 3046 4393 Χριστοῦ.
3085 4319 3446 4388 Ἐνέγκωμεν.
3481 4318 3708 4387 ἀδελφοί
3737 4340 3831 4390 μου

2258 4422 2557 4490 ἀγαπητοὶ,
2589 4417 2671 4471 ἐτι
2713 4415 2913 4485 μᾶλλον
2954 4409 3378 4481 δυναμούμενοι,
3413 4407 3533 4462 ἀλλ’
3567 4411 3632 4463 οὐ
3671 4429 3833 4466 κατα-

2189 4492 2598 4574 Βπτήσσοντες
2649 4512 2706 4563 ἐν
2762 4509 2876 4569 τοῖς
2929 4504 3239 4574 παθήμασι.
3293 4502 3504 4572 Σάρκες
3559 4505 3692 4556 εἰσί.
3748 4507 3833 4574 Μὴ

2637 4551 2777 4671 δπέρ
2810 4551 3497 4668 Χριποῦιὲασανιξόεὶενοι
3518 4634 3533 4657 ,
3564 4551 3834 4663 ἁγειλλιώΣ

2264 4697 2423 4767 μεθα.
2461 4696 2518 4748 '0
2539 4689 2885 4763 περισσεύων
2909 4688 2966 4738 ἐν
2987 4687 3097 4749 τοῖς
3118 4686 3320 4746 πόνοις,
3345 4684 3586 4753 χαιρέτω
3617 4687 3829 4755 μᾶλλον,

2261 4792 2335 4854 ὡς
2391 4785 2732 4842 πλεονεκτῶν
2788 4784 2846 4835 ἐν
2897 4783 3009 4842 τοῖς
3063 4777 3313 4848 μισθοῖς·
3361 4779 3389 4830 ό
3435 4778 3832 4846 δειλαινόμενος

2267 4882 2548 4950 μαστίγων
2579 4877 2824 4943 ἐνεγκεῖν
2853 4873 3066 4932 πόνους,
3103 4869 3192 4922 διὰ
3237 4867 3397 4922 τοῦτο
3440 4870 3751 4921 ἀποσειέτω
3782 4872 3832 4920 τὸ

2261 4975 2400 5034 δέος.
2431 4972 2533 5032 τὰς
2570 4967 2824 5028 αἰωνίους
2871 4963 3027 5022 ἀνίας
3067 4959 3440 5027 ἐννοούμενος.
3467 4962 3533 5012 Δί
3563 4959 3676 5030 γὰρ
3707 4960 3832 5026 πλη-

2264 5068 2358 5132 γαὶ
2389 5061 2571 5116 αὐτῶν
2615 5059 2753 5129 πρὸς
2780 5056 2993 5116 ἐκείνας
3017 5091 3033 5115 ,
3073 5053 3210 5122 δναρ
3233 5091 3248 5114 ,
3284 5050 3410 5120 βέλη
3443 5050 3683 5118 νηπίων.
3732 5052 3832 5105 Ναὶ

2264 5154 2477 5220 δέομαι,
2517 5146 2814 5201 ἀντιϐολῶ·
2853 5141 3249 5211 γλυκανθῶμεν
3291 5142 3350 5192 ἐν
3381 5141 3494 5201 τοῖς
3530 5139 3676 5211 ὑπὲρ
3711 5142 3830 5211 Χρι.

2267 5244 2393 5298 στοῦ
2421 5242 2719 5309 ἀλγήμασι·
2751 5236 2849 5290 κᾶν
2877 5235 2996 5286 λίαν
3017 5233 3249 5299 ὀδυνηρὰ
3273 5229 3413 5282 κατὰ
3443 5230 3652 5298 σάρκα.
3683 5233 3828 5283 Ἀνα-

2267 5336 2560 5405 θεωρῶμεν
2607 5331 2678 5382 τὰ
2722 5329 2985 5399 μέλλοντα
3024 5325 3114 5375 καὶ
3164 5324 3429 5392 μένοντα·
3475 5321 3620 5374 ἀλλὰ
3662 5322 3738 5393 μὴ
3771 5325 3829 5373 τὰ

2269 5429 2513 5499 παρόντα
2575 5424 2668 5476 καὶ
2724 5418 3132 5489 παρερχόμενα.
3195 5413 3536 5482 Ιιοθὴσωμεν
3588 5413 3651 5466 τὺ
3705 5407 3829 5480 αἷμα

2267 5521 2424 5591 ἡμῶν
2473 5517 2625 5586 μίξαι
2669 5512 2747 5574 τῷ
2786 5512 2896 5564 τῶν
2945 5506 3235 5577 μαρτύρων
3281 5504 3514 5572 αἵματι·
3575 5506 3640 5558 τὸ
3684 5505 3828 5573 μέρος

2268 5615 2425 5685 ἡμῶν
2453 5616 2520 5680 τῇ
2553 5610 2661 5662 τῶν
2705 5603 3053 5674 όμολογητῶν
3102 5598 3322 5669 μερίδι·
3359 5596 3448 5649 ἴνα
3494 5599 3830 5668 χορεύσωμεν
