3990 6318
151 401 287 463 1:233

1353 390 1894 453 EPISTOLARUM
1935 390 2086 449 LIB.
2134 389 2220 448 II.

3279 382 3418 448 123i

150 526 247 564 συν
284 507 474 568 αὐτοῖς
522 504 738 559 αἰώνια.
779 502 877 568 Τίς
923 502 1186 575 φρόνιμος
1209 520 1229 568 ς⁴
1265 503 1346 566 τίς
1386 503 1586 572 σοφός;
1650 501 1735 564 τίς

1851 519 1893 557 κη
1941 511 2231 558 aeternum.
2281 500 2418 567 Quis
2471 499 2746 570 prudens?
2795 499 2921 570 quis
2982 497 3257 569 sapiens?
3295 502 3420 571 quis

151 601 313 666 καλὸς
373 597 840 670 πραγματευτὴς,
908 595 1096 650 δοῦναι
1170 590 1313 666 αἷμα
1376 596 1470 649 καὶ
1545 595 1744 650 λαϐεῖν

151 695 399 764 πνεῦμα·
430 693 848 762 καταφρονῆσαι
893 688 1100 760 σαρκὸς
1139 690 1237 742 καὶ
1269 689 1552 758 ἐπιτυχεῖν
1582 687 1737 759 βασι-

150 787 299 846 λείας
323 783 492 846 Θεοῦ;
533 783 586 835 '0
616 780 812 852 φιλῶν
829 781 944 848 τὴν
971 780 1186 850 ψυχὴν
1205 781 1414 843 αὑτοῦ,
1443 779 1738 835 ἀπολέσει

151 878 350 943 αὐτὴν
372 916 388 942 ,
422 873 577 929 εἶπεν
623 878 652 929 ὁ
697 874 922 946 Κύριος·
948 874 1050 928 καὶ
1084 877 1117 928 ό
1145 873 1346 944 μισῶν
1377 873 1496 941 τὴν
1523 871 1740 942 ψυχὴν

152 968 342 1024 αὑτοῦ
366 970 436 1023 ἐν
462 966 542 1033 τῷ
571 965 738 1020 αίῶνι
759 969 969 1033 τούτῳ,
994 967 1083 1032 εὶς
1104 964 1260 1032 ζωὴν
1286 965 1529 1019 αἰώνιον
1547 962 1739 1034 φυλά-

154 1064 243 1128 ξει
269 1062 486 1129 αὑτήν.
508 1109 512 1114 .
535 1059 950 1130 Ἰῗνωτισθώμεν
981 1061 1109 1123 τοὺς
1142 1059 1336 1128 λόγους
1367 1058 1535 1111 αὑτοῦ
1564 1073 1577 1087 ⁶
1611 1058 1741 1110 ἀκο-

154 1153 511 1223 λουθήσωμεν
530 1149 700 1220 αὐτῷ.
729 1151 921 1204 Ὅπου
943 1148 1059 1219 ἐγώ
1082 1151 1224 1217 ειμι,
1253 1149 1413 1219 φησὶ,
1430 1145 1741 1202 ὲκεῒὲσται

154 1243 251 1296 καὶ
285 1246 318 1295 ό
347 1241 627 1307 διάκονος
654 1244 686 1294 d
714 1241 877 1310 ἐμός.
897 1240 1007 1293 Ποῦ
1026 1240 1269 1305 ὲκεῖνος;
1303 1240 1430 1292 Ἐπὶ
1465 1236 1726 1308 σταυροῦο

154 1337 248 1389 καὶ
278 1334 443 1404 ἡμεῖς
471 1335 520 1387 oi
549 1333 820 1396 ταπεινοὶ,
855 1331 933 1395 ώς
970 1330 1346 1402 μαθητιῶντες
1382 1329 1554 1400 ἅύτῷ,
1597 1329 1736 1381 ἐκεῖ.

155 1425 469 1499 Παρακαλῶ
507 1427 653 1496 ὑμᾶς
680 1425 974 1494 ἀνέχεσθαι
1002 1421 1098 1477 τοῦ
1129 1423 1290 1491 λόγου
1319 1422 1420 1492 τῆς
1451 1420 1740 1492 παρακλή-

156 1536 314 1583 σεως.
349 1519 458 1572 Καὶ
484 1518 596 1588 γὰρ
633 1516 722 1569 διὰ
761 1515 1009 1586 βραχέων
1048 1515 1083 1584 ή
1118 1515 1402 1583 ἐπιστολή.
1434 1511 1742 1566 Γινώσκετε

154 1612 302 1680 ἡμᾶς
333 1610 461 1671 τοὺς
495 1593 860 1679 ἁμαρτωλοὺς
910 1605 1146 1677 χαίρειν,
1182 1605 1298 1660 ἀλλ’
1339 1605 1454 1660 οὑκ,
1483 1603 1740 1673 ἀθυμεῖν,

154 1701 258 1764 ἕως
293 1701 360 1754 ἂν
397 1701 556 1769 ὑμεῖς
586 1699 746 1768 μόνον
781 1698 1018 1768 στήκετε
1055 1698 1116 1750 ὲν
1146 1697 1360 1768 Κυρίῳ.
1405 1695 1740 1761 Ἀσπάζεται

155 1794 298 1863 ὑμᾶς
357 1792 624 1854 Νικόλαος
668 1793 698 1844 ὁ
752 1789 1107 1860 σύγκλειστος
1164 1790 1260 1842 καὶ
1309 1787 1591 1856 ,σύμπονος
1646 1786 1741 1840 καὶ

1837 596 2017 651 bonus
2066 597 2400 666 negotiator,
2446 603 2506 648 ut
2544 595 2638 649 det
2679 594 3005 664 sanguinem
3057 601 3113 648 et
3159 593 3419 663 spiritum

1838 688 2073 756 accipiat
2105 706 2118 741 :
2148 702 2372 742 carnem
2410 694 2759 756 aSpernetur,
2791 695 2846 740 et
2873 699 3105 755 regnum
3150 684 3247 739 Dei
3285 700 3421 740 con-

1840 779 2147 845 sequatur?
2178 777 2284 843 Qui
2311 786 2456 832 amat
2502 778 2738 830 animam
2773 792 2946 843 suam,
2968 775 3149 845 perdet
3177 791 3316 836 eam,
3345 773 3424 828 ait

1839 868 2138 935 Dominus;
2183 878 2234 922 et
2265 869 2354 939 qui
2387 869 2499 923 odit
2539 867 2775 922 animam
2804 881 2955 920 suam
2986 871 3042 920 in
3068 865 3167 919 hoc
3203 865 3422 922 mundo.

1841 961 1895 1014 in
1931 961 2096 1014 vitam
2122 970 2377 1015 cateruam
2419 959 2676 1013 custodiet
2706 975 2824 1014 eam
2848 959 2891 1014 °.
2923 957 3230 1013 Audiamus
3261 956 3424 1011 verba

1841 1052 2012 1117 illius,
2075 1061 2128 1106 et
2175 1066 2475 1120 sequamur
2527 1066 2696 1105 eum:
2735 1049 2836 1103 Ubi
2895 1066 3013 1105 sum
3063 1065 3178 1119 ego,
3223 1048 3425 1119 inquit,

1841 1144 1956 1198 illic
1982 1147 2082 1198 erit
2111 1153 2161 1198 et
2191 1144 2436 1197 minister
2460 1156 2607 1196 meus
2634 1141 2679 1195 ".
2717 1141 2954 1197 Ubinam
2981 1141 3116 1194 ille?
3154 1140 3211 1194 ln
3237 1154 3425 1194 cruce.

1843 1237 1910 1292 Et
1939 1253 2041 1292 nos
2091 1237 2351 1300 humiles,
2397 1245 2661 1305 tanquam
2711 1233 2834 1303 ejus
2865 1233 3151 1302 discipuli,
3197 1231 3424 1287 ibidem.

1844 1325 2087 1384 Obsecro
2145 1342 2244 1381 vos
2289 1336 2351 1381 ut
2399 1324 2675 1382 sufferatis
2707 1325 2935 1380 verbum
2975 1323 3424 1378 exhortationis:

1841 1419 2043 1473 etenim
2079 1417 2370 1488 perpaucis
2400 1416 2602 1486 scripsi
2633 1416 2812 1471 vobis.
2855 1415 3063 1470 Scitote
3093 1430 3194 1469 nos
3235 1429 3427 1484 pecca-

1842 1523 1991 1568 tores
2025 1513 2282 1583 gaudere,
2321 1522 2375 1566 et
2413 1513 2660 1566 animum
2710 1526 2821 1566 non
2853 1511 3216 1582 despondere,
3249 1526 3427 1581 quan-

1843 1606 1936 1661 diu
1990 1607 2151 1662 statis
2196 1607 2250 1660 in
2289 1605 2544 1661 Domino.
2587 1605 2802 1660 Salutat
2851 1620 2948 1660 vos
2982 1605 3246 1660 Nicolaus
3295 1620 3431 1659 eon-

1843 1703 2098 1773 captivus
2147 1719 2326 1768 meus,
2383 1712 2439 1758 et
2477 1703 2682 1757 laboris
2733 1702 2939 1768 socius,
3019 1713 3073 1757 et
3127 1702 3431 1756 commilito

1844 1807 2022 1857 meus,
2080 1800 2265 1846 vester
2314 1801 2497 1845 autem
2556 1790 2726 1846 frater
2781 1792 3127 1847 verissimus.
3185 1790 3433 1845 Salutate

157 1883 568 1954 συστρατιώτης
619 1899 742 1952 μου,
789 1882 944 1952 ὑμῶν
977 1884 1034 1937 δὲ
1079 1880 1313 1949 ἀδελφὸς
1345 1879 1736 1950 ἀληθέστατος.

1851 1882 2079 1935 invicem
2127 1880 2182 1934 in
2216 1879 2407 1934 osculo
2453 1889 2680 1946 sancto;
2713 1881 2951 1944 athleta,
2988 1894 3085 1936 eos
3121 1881 3218 1950 qui
3265 1881 3432 1934 simul

168 1974 514 2030 Ἀσπάσασθε
556 1959 821 2046 ἀλλήλους
857 1977 918 2028 ὲν
971 1974 1243 2045 φιλήματι
1281 1972 1422 2043 ἁγίῳ
1446 2011 1460 2035 ,
1493 1972 1543 2023 οί
1571 1970 1741 2042 ἀθλη-

155 2068 244 2120 ταὶ
280 2068 411 2129 τοὺς
439 2066 804 2136 συναθλητάς,
832 2067 884 2120 οί
907 2067 1262 2136 δεδιωγμένοι
1285 2066 1412 2129 τοὺς
1438 2062 1742 2132 δεδιωγμέε-

155 2175 300 2222 νους’
330 2159 381 2212 oi
421 2159 623 2221 πάντες
665 2159 796 2222 τοὺς
845 2157 1140 2227 φιλοῦντας
1169 2157 1313 2228 ὑμᾶς
1347 2157 1406 2210 ὲν
1439 2155 1643 2208 πίστει.
1679 2151 1749 2206 El

156 2268 236 2313 τις
267 2249 369 2320 οὐχ
399 2247 654 2319 ὁμολογεῖ
694 2250 790 2302 τὸν
823 2249 1030 2320 Κύριον
1056 2247 1217 2319 ἡμῶν
1259 2245 1470 2318 Ἰησοῦν
1504 2243 1744 2316 Χριστὸν

157 2343 578 2415 ἐγγραφόμενον
609 2341 846 2413 σώματι,
889 2342 1005 2411 ήτω
1035 2339 1288 2411 ἀνάθεμα
1317 2338 1426 2392 ἀπὸ
1447 2338 1550 2407 τῆς
1577 2336 1747 2408 Τριά-

157 2432 262 2496 δος.
307 2434 381 2490 Ἠ
422 2434 592 2503 χάρις
639 2433 748 2488 τοῦ
785 2433 1006 2501 Κυρίου
1039 2429 1210 2501 ἡμῶν
1251 2429 1457 2497 Ἰησοῦ
1485 2428 1745 2498 Χριστοῦ

154 2524 282 2592 μεθ’
310 2524 503 2594 ὑμῶν.
548 2522 760 2592 Ἀμήν.

445 2636 570 2692 ΛΘ’.
611 2665 682 2678 -
730 2637 1054 2702 Ἀθανασίῳ
1101 2635 1310 2701 τέκνῳ.
1357 2633 1530 2708 [τιβνο]

1845 1980 2127 2042 pugnant;
2185 1972 2626 2041 persecutionem
2667 1971 2833 2042 passi,
2894 1986 2993 2027 eos
3032 1971 3128 2041 qui
3169 1985 3432 2041 persecu-

1849 2066 2054 2120 tionem
2091 2065 2236 2133 passi
2272 2074 2436 2129 sunt;
2464 2065 2711 2120 universi
2747 2080 2844 2120 eos
2873 2065 2970 2135 qui
3014 2078 3112 2120 vos
3147 2071 3339 2118 amant
3376 2063 3434 2117 in

1847 2155 1977 2212 fide.
2009 2155 2066 2210 Si
2093 2157 2218 2226 quis
2254 2171 2362 2212 non
2396 2156 2694 2212 confitetur
2723 2155 3019 2212 Dominum
3060 2165 3315 2211 nostrum
3345 2153 3437 2210 Je-

1848 2264 1968 2303 sum
2005 2247 2285 2303 Christum
2336 2264 2569 2318 corpore
2607 2248 2911 2318 depictum,
2953 2248 3251 2304 anathema
3301 2248 3434 2303 sita

1846 2343 2136 2398 Trinitate.
2175 2341 2364 2396 Gratia
2399 2342 2615 2397 Domini
2648 2345 2820 2397 nostri
2858 2342 2989 2398 Iesu
3027 2342 3227 2398 Christi
3263 2342 3438 2396 vobis.

1846 2448 1985 2486 cum.
2017 2435 2182 2487 Amen
2206 2432 2228 2464 ⁸

2224 2632 2469 2688 ΧΧΧΙΧ.
2500 2661 2572 2674 -
2602 2593 2898 2688 Athanasio
2928 2634 3062 2708 ﬁlio.

1140 2767 1412 2831 Proposita
1433 2768 1497 2818 de
1518 2766 1781 2820 mendacio
1812 2765 2074 2830 quaestioni
2094 2768 2384 2830 respondet.

227 2876 374 2947 Πρὸς
401 2876 516 2938 τοῖς
555 2875 736 2938 ἄλλοις
768 2874 1056 2928 καὶτοῦτο
1098 2875 1231 2947 ἡμῖν
1275 2875 1479 2944 ἀγαθὸν
1519 2879 1577 2929 ἐν
1621 2879 1744 2940 ταῖς

161 2969 394 3039 ἡμέραις
420 2966 647 3030 ταύταις
667 2965 1094 3036 ἀγωνιζομένοις
1122 2966 1263 3036 ὑπὲρ
1283 2966 1545 3036 ἀληθείας
1583 2965 1744 3031 Θεοῦ,

163 3060 482 3132 συχνότερον
502 3059 603 3131 τῆς
629 3059 759 3128 παρ’
782 3058 1034 3127 ἀλλήλων
1057 3060 1243 3129 φωνῆς
1267 3059 1354 3112 διὰ
1376 3058 1472 3113 τοῦ
1493 3059 1747 3129 γράμμαο

160 3167 250 3213 τος
287 3149 512 3204 ἀκούειν
533 3189 550 3213 ,
583 3151 678 3202 καὶ
711 3148 1133 3204 ἀνακοινοῦσθαι
1171 3148 1272 3211 τὰς
1312 3150 1370 3200 ὲν
1399 3148 1600 3218 καρδίᾳ
1631 3149 1745 3201 δια·

1914 2875 1996 2927 Ad
2038 2883 2239 2928 caetera
2278 2873 2422 2928 bona
2467 2883 2522 2928 et
2567 2873 2719 2930 istud
2763 2874 2927 2929 nobis
2975 2874 3080 2931 hac
3115 2884 3440 2949 tempestate

1844 2965 2095 3037 contigit,
2146 2965 2240 3036 qui
2281 2981 2378 3035 pro
2412 2965 2507 3020 Dei
2553 2967 2784 3022 veritate
2812 2967 3171 3035 dimicamus,
3215 2980 3278 3026 ut
3319 2972 3440 3028 fre-

1845 3058 2102 3128 quentius
2153 3065 2400 3113 mutuam
2451 3074 2550 3129 per
2599 3059 2816 3114 litteras
2873 3076 3064 3116 vocem
3118 3063 3440 3130 audiamus,

1847 3150 2130 3220 animique
2161 3150 2338 3206 nostri
2383 3149 2706 3206 affectiones
2746 3153 3235 3210 communicemus.
3273 3154 3444 3214 Vides

162 3243 357 3322 0.4.65“.
398 3244 566 3314 Ὁρᾷς
595 3242 728 3311 γὰρ,
764 3241 966 3312 άδελφὲ
987 3242 1344 3313 ήγαπημένε,
1369 3241 1519 3306 ὅπως
1546 3241 1746 3294 ὡσανεὶ

1851 3240 2021 3306 enim,
2061 3239 2260 3295 dilecte
2305 3240 2496 3304 frater,
2561 3249 2622 3294 ut
2661 3240 3002 3310 quotidiana:
3042 3247 3442 3315 propemodum

163 3336 500 3406 ἐφημερίδες
550 3337 608 3388 αἱ
651 3335 934 3387 ἐπιστολαὶ
986 3335 1319 3404 ὑπάρχουσι,
1373 3333 1744 3388 συνάπτουσαι

1859 3330 2102 3400 epistolae
2131 3338 2263 3386 sunt
2291 3331 2496 3401 quibus
2537 3332 2934 3401 majoreinter
2972 3349 3073 3391 nos
3109 3336 3443 3394 benevolen-

164 3429 308 3497 ἡμᾶς
350 3425 734 3498 φιλικώτερον.
773 3426 879 3479 ’Ίδε
910 3427 1054 3479 πόσα
1095 3425 1237 3479 καλὰ
1265 3425 1295 3476 ὁ
1331 3425 1473 3495 ὑπὲρ
1506 3423 1747 3496 Χριστοῦ

160 3520 399 3591 διωγμὸς
435 3519 789 3590 παρέσχετοο
815 3519 911 3572 καὶ
940 3518 1021 3572 ἔτι
1051 3517 1408 3589 παράσχοιεν·
1445 3518 1584 3571 ὲπάν
1619 3517 1748 3586 θερ-

167 3614 424 3683 μοτέρους
469 3613 617 3682 ἡμᾶς
662 3611 800 3681 πρὸς
843 3609 906 3664 τὸ
949 3611 1077 3677 ἑξῆς
1103 3610 1355 3675 λάϐοιεν,
1407 3610 1570 3682 μηδὲν
1616 3611 1750 3663 ὕπο-

165 3703 506 3772 πτήσσοντας
561 3701 673 3755 τῶν
722 3700 1102 3774 ἀνθρωπίνων.
1179 3701 1341 3753 Ἀλλὰ
1392 3700 1750 3770 γλιχομένους

164 3793 232 3846 τὰ
265 3795 576 3865 θεομίμητα
602 3793 849 3848 ὕποίσειν
879 3794 1204 3863 παθήματα,
1235 3792 1304 3846 δι’
1328 3792 1365 3847 ἀ
1390 3786 1494 3845 ὧδε
1521 3793 1750 3845 κάκεῖσε

167 3885 463 3956 φερόμενος
518 3887 613 3939 καὶ
663 3885 825 3949 αὐτὸς
871 3883 1074 3948 ἀθλείς.
1138 3883 1280 3937 Ἀλλ’
1332 3879 1392 3938 εὖ
1442 3883 1593 3938 ἔσται
1637 3887 1754 3946 τοῖς

167 3975 420 4047 βοηθοῦσι
450 3977 547 4030 καὶ
581 3975 1003 4049 συνδιαφέρουσι
1031 3991 1116 4028 σοι
1146 3974 1216 4028 τὰ
1237 3974 1600 4045 ἀγωνίσματα
1622 3991 1635 4004 ·
1666 3970 1750 4038 οἷς

167 4070 259 4122 καὶ
290 4069 474 4134 καλῶς
509 4069 1053 4140 προαπελογησάμην
1072 4108 1089 4133 ,
1121 4068 1216 4121 καὶ
1258 4063 1516 4138 αὖθιςθδὴ
1550 4066 1752 4120 ἀπολο-

166 4159 429 4230 γήσομαι.

247 4252 368 4304 Ἐπὶ
386 4252 445 4304 δὲ
477 4249 576 4321 τὴν
607 4247 878 4321 ἐρώτησιν
933 4249 1191 4318 μέτειμι,
1226 4247 1332 4300 ὲῶν
1364 4247 1507 4318 ὑπὲρ
1539 4241 1614 4301 ὧν
1645 4247 1751 4301 δώ·

169 4358 275 4412 ρων
307 4342 679 4413 ἐγκωμιάζεις
710 4357 801 4410 με,
823 4341 923 4404 τὰς
944 4337 1241 4405 ἀντιλέξεις
1271 4323 1543 4395 ἀποίσειν·
1571 4341 1646 4405 ώς
1675 4341 1752 4412 μὴ

166 4433 408 4506 οἰηθῆναι
445 4452 516 4505 με
546 4431 990 4503 συγκαταθέσθαι
1025 4434 1142 4496 τοῖς
1176 4433 1441 4498 ἐπαίνοις.
1478 4434 1610 4506 Εἰμὶ
1645 4437 1752 4504 γὰρ

165 4525 368 4596 ἔρημος
413 4524 622 4588 παντὸς
669 4523 906 4592 ἀγαθοῦ.
950 4524 1126 4577 Ὅπου
1171 4523 1264 4577 οὖν
1295 4527 1323 4578 ό
1365 4525 1542 4594 μέγας
1589 4526 1754 4578 Βασί-

1852 3426 1928 3480 tia
1958 3426 2301 3493 copulamur.
2329 3424 2466 3482 Vide
2505 3436 2641 3497 quot
2665 3428 2812 3483 bona
2840 3431 3111 3500 pepererit
3143 3449 3243 3501 pro
3276 3433 3442 3490 Chri-

1853 3530 1939 3574 sto
1994 3521 2337 3590 perse‘cutio,
2389 3531 2444 3575 et
2487 3521 2670 3576 adhuc
2722 3522 2970 3592 paritura
3019 3525 3112 3588 sit,
3150 3537 3442 3597 postquam

1853 3627 1957 3668 nos
1992 3613 2335 3668 ardentiores
2382 3613 2449 3666 ad
2492 3628 2558 3667 ea
2598 3629 2723 3682 qua:
2755 3616 2966 3670 instant
2999 3616 3267 3683 effecerit,
3307 3621 3444 3675 nihil

1854 3705 2222 3758 humanorum
2255 3718 2486 3759 casuum
2521 3704 2968 3769 extimescentes,
2994 3706 3089 3761 sed
3122 3705 3219 3762 Dei
3252 3723 3444 3764 exem-

1855 3796 1944 3864 plo
1984 3797 2274 3850 molestias
2307 3794 2623 3866 perferendi
2653 3795 2910 3866 cupidos,
2941 3812 3040 3866 per
3073 3813 3213 3867 quas
3239 3800 3347 3856 huc
3390 3812 3447 3856 et

1854 3888 1989 3941 illuc
2019 3897 2073 3941 et
2110 3887 2228 3956 ipse
2277 3887 2517 3957 agitatus
2548 3886 2800 3943 dimicas.
2855 3887 2962 3944 Sed
3004 3900 3147 3945 recte
3191 3906 3316 3945 cum
3355 3892 3444 3948 his

1855 3987 2050 4049 agetur
2079 3978 2173 4048 qui
2211 3977 2308 4031 tibi
2348 3993 2508 4047 opem
2544 3977 2753 4043 ferunt,
2804 3994 2868 4035 ac
2907 3981 3110 4036 bellum
3160 3999 3270 4038 una
3308 3985 3446 4038 tole-

1854 4080 1978 4125 rant
2012 4089 2025 4126 :
2054 4083 2196 4140 quos
2229 4078 2288 4125 ct
2313 4067 2428 4140 jam
2460 4079 2590 4125 ante
2610 4071 2828 4142 egregie
2854 4072 3099 4139 defendi,
3133 4090 3445 4147 rursusque

1853 4161 2168 4217 defendam.

1925 4254 2010 4308 Ad
2060 4252 2546 4322 interrOgationem
2593 4252 2780 4318 venio,
2833 4253 3098 4309 omittens
3136 4254 3444 4326 quidquam

1854 4360 2126 4415 reponere
2157 4344 2216 4398 in
2246 4359 2438 4399 earum
2478 4344 2702 4400 laudum
2736 4346 2912 4400 vicem
2948 4346 3153 4415 quibus
3181 4363 3268 4403 me
3307 4364 3444 4405 one—

1855 4451 1984 4501 ras;
2030 4448 2101 4488 ne
2148 4435 2337 4490 videar
2378 4434 2683 4490 laudationi
2722 4437 3007 4492 assentiri.
3058 4436 3191 4492 Sum
3239 4441 3445 4496 etenim

1856 4529 2038 4580 omnis
2067 4526 2195 4581 boni
2237 4541 2458 4596 expers.
2495 4525 2599 4583 Ubi
2647 4528 2814 4600 igitur
2861 4545 3096 4600 magnus
3136 4531 3373 4588 Basilius
3397 4535 3442 4600 ’,

164 4618 320 4682 λειος,
345 4619 407 4672 τὸ
438 4619 558 4687 φῶς
582 4616 680 4670 τοῦ
704 4618 937 4686 κόσμου,
970 4617 1298 4687 άποφήσειε,
1318 4617 1423 4668 τίνι
1445 4616 1744 4687 τολμητέον

1851 4618 1941 4674 lux
1989 4619 2160 4685 orbis,
2187 4619 2517 4674 sententiam
2583 4621 2830 4692 protulit,
2874 4624 3001 4692 quis
3053 4637 3203 4679 sanae
3240 4626 3444 4680 mentis

164 4710 337 4778 ἔχοντι
382 4710 509 4764 νοῦν
541 4709 681 4772 ὅλως
712 4708 1142 4778 ἀντιφέρεσθαι;
1195 4709 1356 4761 Ἔστι
1405 4708 1462 4762 δὲ
1491 4710 1651 4763 τοῦτο
1696 4711 1752 4761 ὲν

163 4804 224 4871 τῇ
269 4803 540 4873 ἐρωτήσει
586 4801 698 4853 τῶν
759 4799 1124 4871 ἀσκητικῶν,
1177 4799 1322 4854 καθά
1377 4801 1750 4871 ὑπεσημήνω·

163 4893 326 4962 ἦγουν
353 4914 368 4929 ·
400 4914 419 4948 ι
467 4895 527 4950 Εἰ
580 4897 684 4966 χρὴ
733 4897 1051 4968 οἰκονομίας
1092 4895 1254 4964 δῆθεν
1299 4896 1576 4966 χρησίμου
1619 4895 1754 4966 ψεύ-

162 4982 370 5040 δεσθαι.
430 5005 448 5040 ι
491 4987 640 5056 Πρὸς
678 4987 736 5040 ὅν
795 5003 996 5058 φησιν·
1044 5005 1062 5038 ι
1115 4986 1178 5039 Ἢ
1209 4987 1485 5057 ἀπόφασις
1521 4986 1617 5039 τοῦ
1645 4988 1758 5040 Κυ-

166 5075 279 5146 ρίου
314 5079 475 5150 ὴμῶν
510 5077 692 5148 Ἰησοῦ
723 5080 963 5150 Χριστοῦ
993 5078 1155 5133 τοῦτο
1179 5078 1241 5132 οὑ
1275 5079 1570 5149 συγχωρεῖ·
1605 5078 1754 5142 ἅπαξ

163 5168 428 5236 εἰπόντος,
477 5171 565 5225 ὅτι
602 5171 664 5224 τδ
692 5169 889 5240 ψεῦδος
927 5173 994 5224 ἐκ
1033 5169 1130 5223 τοῦ
1164 5169 1413 5224 διαϐόλου
1447 5169 1586 5223 ἐστί·
1634 5170 1752 5223 δια-

178 5261 333 5331 ροράν
380 5261 616 5329 ψεύδους
648 5260 920 5332 μηδεμίαν
961 5263 1330 5334 ἐμφήναντος.
1376 5262 1488 5315 Καὶ
1523 5263 1553 5315 ὁ
1591 5262 1753 5315 Ἀπό-

177 5354 346 5418 ντολος
384 5355 440 5409 δὲ
475 5356 747 5426 μαρτυρεῖ
775 5353 1014 5425 γράψας,
1069 5356 1149 5408 ὃτι
1181 5343 1309 5409 Κᾶν
1345 5354 1504 5422 ἀθλῇ
1530 5371 1650 5420 τις,
1679 5356 1752 5408 οὐ

168 5445 585 5515 στεφανοῦται,
631 5449 682 5501 ει
724 5445 813 5516 μὴ
861 5447 1123 5516 νομίμως
1167 5445 1446 5512 ἀθλήσει.
1498 5467 1517 5498 ι
1561 5443 1750 5500 Ταῦτα

175 5535 263 5606 μὶν
297 5538 449 5607 παρὰ
482 5536 580 5590 τοῦ
610 5538 848 5609 Πατρός.
884 5539 1066 5608 Ἐφης
1099 5536 1157 5590 δὲ
1186 5537 1553 5608 προσκεῖσθαι
1585 5538 1644 5590 ὲν
1669 5536 1749 5609 τῷ

170 5628 442 5703 κεφαλαίῳ
469 5630 681 5702 σχόλιον
701 5674 715 5698 ,
749 5633 832 5685 ὅτι
858 5629 1136 5702 χρησίμου
1166 5630 1355 5683 ’ἑνεκεν
1387 5631 1419 5700 ἡ
1450 5628 1746 5700 ἐρώτησις,

167 5716 260 5769 οὐκ
284 5719 602 5787 ἀναγκαίου*
639 5719 700 5774 ού
734 5721 844 5790 γὰρ
875 5719 1072 5796 ταυτὸν
1103 5719 1417 5788 ἀμφότερα.
1451 5720 1560 5773 Καὶ
1586 5720 1749 5774 πάλιν

1852 4713 2121 4767 obluctari
2160 4712 2348 4766 ausit?
2370 4711 2468 4767 Est
2495 4714 2640 4769 istud
2670 4716 2722 4769 in
2768 4715 3200 4786 interrogatione
3224 4717 3441 4773 Asceti-

1852 4820 2070 4867 corum,
2113 4813 2173 4859 ut
2220 4805 2566 4872 subnotasti;
2603 4806 2902 4863 videlicet;
2940 4826 2958 4858 ι
2991 4804 3252 4877 Nunquid
3288 4809 3442 4865 utilis

1853 4895 2284 4966 dispensationis
2341 4911 2509 4951 causa
2561 4899 2939 4952 mentiendum
2996 4900 3153 4953 sit?»
3207 4901 3298 4955 cui
3353 4917 3441 4956 re-

1855 4985 2108 5055 spondet.
2154 5005 2174 5038 ι
2208 4984 2324 5042 Hoc
2348 4985 2624 5041 sententia
2659 4985 2879 5041 Domini
2915 4990 3090 5044 nostri
3116 4989 3248 5045 Jesu
3280 4991 3443 5047 Chri-

1856 5077 1927 5132 sti
1961 5093 2069 5131 non
2101 5077 2255 5142 sinit,
2282 5092 2313 5131 a
2337 5093 2450 5147 quo
2479 5078 2688 5133 dictum
2725 5080 2956 5148 praecise
2993 5091 3079 5137 est
3101 5084 3171 5149 ",
3213 5084 3443 5138 menda-

1855 5170 2002 5222 cium
2053 5184 2118 5224 ex
2189 5167 2412 5224 diabolo
2465 5183 2632 5224 esse:
2666 5185 2768 5225 nec
2823 5171 2995 5224 ullum
3060 5172 3110 5228 is
3162 5174 3443 5228 mendacii

1854 5255 2152 5311 discrimen
2181 5257 2442 5312 ostendit.
2479 5254 2622 5325 Quin
2659 5257 2766 5314 hoc
2799 5259 2941 5315 idem
2968 5259 3270 5330 Apostolus
3294 5278 3437 5332 quo-

1854 5361 1964 5415 que
1992 5355 2226 5401 testatur
2255 5346 2342 5402 his
2371 5347 2552 5403 verbis
2578 5364 2592 5402 :
2624 5347 2744 5403 Etsi
2774 5359 3052 5403 certaverit
3082 5350 3301 5422 aliquis,
3332 5369 3438 5407 non

1855 5455 2143 5496 coronatur
2201 5443 2305 5498 nisi
2364 5443 2598 5514 legitime
2660 5443 3036 5502 certaverit".
3081 5465 3103 5499 ι
3159 5445 3439 5503 Haetenus

1855 5534 2038 5588 Pater.
2091 5532 2292 5588 Aiebas
2339 5545 2524 5589 autem
2569 5535 2875 5605 appositam
2925 5535 3094 5604 capiti
3133 5536 3440 5592 adnotatio-

1856 5639 2002 5688 nem,
2031 5623 2181 5694 quod
2219 5627 2287 5679 de
2314 5625 2566 5682 utilitatis
2603 5641 2770 5683 causa
2798 5628 3153 5699 interrogatio
3198 5629 3290 5695 sit,
3321 5645 3434 5685 non

1856 5719 2219 5774 necessitatis.
2249 5715 2434 5790 Neque
2453 5720 2600 5775 enim
2631 5732 2930 5791 ulrumque
2965 5723 3128 5777 idem.
3166 5723 3432 5780 Rursum-

211 5831 430 5889 o‘Joan.
465 5836 666 5901 301,25.
748 5838 769 5867 τ
791 5835 923 5892 ibid.
955 5835 1048 5891 26.
1077 5834 1098 5865 ⁸
1123 5831 1140 5885 1
1164 5831 1356 5889 Thess.
1389 5833 1482 5887 9.8.
1558 5837 1577 5866 ’
1606 5836 1864 5907 Interrog.
1903 5838 1987 5891 76.
2069 5839 2109 5869 ¹⁰
2131 5837 2288 5893 Joan.
2323 5855 2474 5906 xvm,
2499 5840 2588 5895 Η.
2673 5841 2711 5873 ⁸⁸
2741 5841 2786 5894 ll
2805 5841 3046 5898 Timoth.
3080 5859 3140 5905 It,
3173 5843 3233 5900 5.
