3990 6318
581 395 718 461 1235

1778 390 1839 450 S.
1873 386 2269 450 THEODORI
2311 387 2656 447 STUDIT/E

3735 385 3875 453 1236

572 524 686 580 quo
739 508 912 562 altero
975 505 1155 577 capite
1224 507 1293 561 ab
1351 505 1546 562 eodem
1616 504 1845 560 doctore
1902 506 2045 559 tradi
2077 504 2175 578 ¹²,,

2278 522 2322 557 εν
2357 506 2531 576 ἑτέρῳ
2563 503 2851 574 κεφαλαίῳ
2878 501 2969 557 τὸν
2999 502 3163 558 αὑτὸν
3192 501 3465 575 φωστῆρα
3497 502 3694 573 λέγειν
3713 522 3730 534 ·
3762 509 3874 561 ὃτι-

572 598 883 669 ponendam
915 611 1017 667 pro
1059 596 1255 651 amicis
1297 597 1538 650 animam
1568 595 1656 650 vel
1686 594 1753 650 ad
1803 605 2033 650 mortem
2069 610 2162 648 us-

574 707 703 759 que,
738 690 855 744 sive
906 689 1120 743 amicus
1150 698 1427 759 peccator,
1475 688 1801 757 sivejustus
1852 690 1943 742 sit.
1981 689 2057 740 Ita
2102 696 2158 741 ut

573 784 801 837 dubium
837 783 933 848 sit,
962 782 1088 836 hinc
1114 782 1336 851 quidem
1376 796 1510 835 num
1546 780 1834 836 mentiaris
1882 780 2161 837 incidente

576 887 743 926 causa
793 870 891 925 ubi
951 880 1148 940 agatur
1208 869 1522 924 necessario
1581 868 1649 923 de
1705 877 1880 922 morte
1941 867 2160 934 fratris;

576 963 705 1017 inde
745 977 874 1017 vero
917 978 1048 1016 num
1078 976 1178 1030 pro
1221 961 1342 1031 ipso
1396 961 1639 1015 animam
1680 974 1875 1030 ponas.
1904 960 1976 1013 At
2015 961 2161 1015 enim

575 1054 681 1107 nisi
709 1053 964 1115 mentiar,
995 1052 1205 1121 inquis,
1241 1061 1425 1105 actum
1459 1058 1545 1105 cst
1579 1051 1647 1105 de
1689 1049 1853 1105 amici
1884 1051 1993 1104 vita
2022 1066 2035 1102 :
2073 1050 2159 1104 sin

576 1155 759 1199 autem
811 1145 1081 1207 mentior,
1124 1160 1227 1198 nec
1266 1143 1511 1214 legitime
1555 1152 1727 1205 certo,
1762 1151 1817 1196 et
1856 1157 1884 1195 a
1918 1141 2029 1195 Deo
2071 1143 2167 1195 de-

578 1237 782 1291 scisco.
817 1237 933 1291 Hoc
973 1236 1137 1304 igitur
1181 1247 1343 1304 caput
1378 1234 1539 1289 aﬂ‘ert
1572 1234 1706 1287 mibi
1742 1233 2164 1296 dubitationem,

580 1333 658 1391 et,
692 1335 753 1383 ut
783 1328 1044 1393 arbitror,
1085 1327 1275 1381 multis
1305 1327 1471 1381 etiam
1499 1327 1643 1381 aliis.
1676 1324 1934 1380 Conabor
1969 1325 2168 1378 nihilo—

577 1422 783 1485 minus,
809 1425 988 1492 quoad
1015 1422 1130 1477 ﬁeri
1155 1421 1377 1492 poterit,
1402 1436 1728 1490 responsum
1750 1419 1883 1473 dare
1911 1419 2168 1475 cbaritati

581 1524 710 1578 tuae,
756 1511 867 1568 Deo
917 1514 1204 1584 largiente.
1260 1513 1415 1579 Quod
1456 1512 1624 1583 igitur
1669 1512 1973 1567 secundum
2018 1512 2165 1565 illam

575 1604 1010 1672 adnotationem,
1058 1621 1165 1659 non
1212 1605 1356 1660 idem
1408 1605 1480 1659 sit
1527 1603 1662 1658 utile
1708 1604 1856 1674 quod
1909 1618 2162 1658 necessa-

2263 612 2370 665 περ
2412 595 2495 648 δεῖ
2533 595 2743 651 τιθέναι
2784 594 2883 667 τὴν
2923 594 3103 666 ψυχὴν
3134 596 3278 667 ὑπὲρ
3323 597 3434 650 τῶν
3467 596 3652 665 φίλων
3705 600 3873 669 μέχρι

2264 684 2540 747 θανάτου,
2589 686 2701 738 εἴτε
2752 683 3111 757 ἀμαρτωλοῦ,
3146 686 3259 739 εἴτε
3297 686 3509 740 δικαίου
3558 688 3730 752 ὄντος
3779 691 3872 743 τοῦ

2264 776 2445 846 φίλου.
2506 777 2593 842 Ὦς
2637 775 2888 830 ἐντεῦθεν
2936 777 3249 847 ἀπορεῖνσε
3300 778 3397 832 καὶ
3442 778 3520 848 μὴ
3562 779 3875 848 ψεύδεσθαι

2264 869 2403 933 ὅλως
2445 870 2505 921 ὲν
2545 871 2667 933 ταῖς
2717 868 3148 939 συμϐαινούσαις
3189 869 3459 937 ἀνάγκαις
3496 871 3584 933 εἰς
3630 870 3875 924 θάνατον

2263 959 2530 1030 ἡκούσαις
2558 960 2814 1029 ἀδελφοῦ·
2845 960 2941 1012 καὶ
2969 960 3135 1012 πάλιν
3166 960 3264 1034 τὴν
3292 960 3474 1030 ψυχὴν
3510 961 3667 1033 ὑπὲρ
3702 961 3875 1014 αὐτοῦ

2264 1054 2495 1107 τιθέναι.
2541 1052 2668 1105 Ἐὰν
2693 1051 2802 1123 γάρ
2845 1052 2922 1122 μὴ
2963 1046 3436 1122 ψεύσωμαι,”φὴς
3481 1052 3875 1122 ἀποθνήσκειν

2265 1144 2355 1199 τὸν
2398 1145 2579 1213 φίλον·
2616 1145 2711 1200 καὶ
2749 1144 3080 1214 ψευδόμενος
3121 1144 3224 1197 οὐκ
3265 1142 3413 1196 aeto
3456 1144 3729 1212 νομίμως
3779 1147 3875 1198 καὶ

2269 1233 2525 1287 ἑκπίπτω
2552 1233 2646 1287 τοῦ
2669 1234 2827 1289 Θεοῦ.
2859 1232 3031 1287 Τοῦτο
3058 1232 3153 1288 οὖν
3180 1233 3242 1286 τὸ
3271 1233 3575 1303 κεφάλαιον
3602 1236 3714 1287 καὶ
3744 1237 3871 1304 ἐμοὶ

2266 1323 2619 1394 ἠπορημένον
2660 1323 2799 1376 ἐστί·
2832 1324 2975 1377 δοκῶ
3009 1324 3067 1378 δὲ
3108 1324 3205 1378 καὶ
3234 1324 3472 1387 πολλοῖς.
3508 1326 3870 1397 Πειράσομαι

2267 1415 2312 1468 δ’
2343 1412 2438 1469 οὖν
2473 1416 2646 1485 ὅμως,
2679 1410 2755 1479 ὧς
2781 1410 2894 1469 οἶόν
2941 1416 3001 1470 τέ
3034 1433 3165 1486 μοι,
3207 1416 3391 1470 δοῦναι
3439 1418 3760 1487 ἀπόκρισιν
3800 1421 3867 1486 τῇ

2267 1508 2460 1579 ἀγάπῃ
2490 1524 2605 1573 σου,
2634 1507 2982 1571 εὐδοκοῦντος
3009 1506 3169 1561 Θεοῦ.
3203 1508 3327 1561 Ὀτι
3359 1507 3460 1577 μὲν
3484 1504 3587 1562 οὖν
3618 1507 3775 1561 κατά
3808 1508 3869 1561 τὸ

2271 1600 2484 1670 σχόλιον
2515 1600 2577 1653 οὐ
2608 1600 2805 1654 ταύτὸν
2833 1602 3105 1672 χρήσιμον
3133 1602 3227 1655 καὶ
3256 1601 3562 1668 ἀναγκαῖον
3582 1642 3597 1667 ,
3631 1601 3866 1671 ἀληθές.

575 1695 742 1761 rium,
776 1713 964 1751 verum
999 1706 1106 1761 est,
1137 1698 1268 1751 illud
1317 1698 1464 1752 enim
1494 1696 1817 1765 contingens
1859 1704 1962 1750 est.
2000 1696 2163 1750 Verbi

2278 1691 2345 1743 Τὸ
2377 1692 2477 1761 μὲν
2498 1692 2609 1763 γὰρ
2632 1692 2983 1763 ἐνδεχόμενόν
3006 1694 3175 1746 ἐστιν·
3198 1688 3331 1755 οῖον,
3357 1695 3637 1764 χρήσιμον
3654 1694 3726 1764 δὴ
3750 1694 3867 1747 δια-

578 1786 757 1856 gratia
789 1802 803 1838 :
849 1787 983 1841 utile
1016 1796 1100 1843 est
1130 1802 1217 1841 me
1250 1803 1373 1842 cum
1404 1787 1499 1841 illo
1524 1788 1744 1841 bomine
1774 1786 1841 1841 de
1880 1787 1973 1841 tali
2003 1802 2168 1857 argu-

2278 1780 2531 1851 λεχθῆναί
2568 1801 2636 1853 με
2661 1783 2740 1853 τῷ
2776 1785 2906 1837 δεῖνι
2940 1785 3069 1856 περὶ
3101 1784 3280 1837 τοῦδε·
3319 1785 3460 1837 ἀλλά
3490 1786 3603 1855 μὴν
3645 1785 3763 1838 κᾶν
3805 1784 3864 1836 οὗ

577 1886 766 1932 mento
816 1877 1092 1932 disserere
1121 1894 1136 1931 :
1171 1876 1265 1932 sed
1297 1886 1479 1932 tamen
1528 1879 1631 1931 etsi
1674 1892 1781 1932 non
1813 1878 2164 1939 dissererem,

2278 1874 2599 1945 Βιαλέξαιμι,
2630 1875 2747 1929 ἔστι
2774 1877 3001 1930 δυνατὸν
3037 1879 3324 1948 ἐπιτυχεῖν
3354 1878 3452 1931 τοῦ
3486 1879 3862 1948 ζητουμένου.

576 1970 693 2024 ﬁeri
726 1980 903 2040 potest
939 1980 998 2025 ut
1036 1972 1331 2042 quaesitum
1383 1988 1477 2042 per
1506 1987 1565 2027 se
1605 1972 1869 2028 inveniat.
1928 1975 1996 2029 Et
2042 1991 2168 2029 rur-

2278 1966 2377 2020 Καὶ
2442 1967 2640 2021 πάλιν·
2705 1970 2982 2039 χρήσιμόν
3052 1972 3203 2022 ἐστιν
3273 1970 3713 2040 ἀποστραφῆναι
3774 1970 3867 2021 τὸν

576 2077 700 2117 sum
731 2080 744 2116 :
780 2063 913 2117 utile
953 2073 1039 2119 est
1082 2065 1153 2118 ab
1189 2080 1376 2120 errore
1415 2066 1730 2135 quempiam
1772 2080 2035 2121 revocare
2066 2084 2080 2121 :
2110 2076 2168 2121 at

2278 2058 2409 2113 ieiva
2429 2076 2443 2089 ·
2474 2061 2612 2115 ἀλλά
2641 2061 2751 2133 γὰρ
2772 2061 2877 2115 κᾶν
2904 2062 3147 2133 σήμερον
3178 2062 3252 2133 μὴ
3282 2061 3649 2132 ἀππραφῶ,
3680 2060 3867 2114 δυναί-

577 2169 894 2224 quanquam
969 2155 1237 2211 hodierno
1290 2157 1378 2211 die
1430 2172 1539 2211 non
1597 2173 1885 2223 revocem,
1955 2160 2163 2230 possim

2278 2167 2376 2221 αην
2418 2152 2582 2207 αὐτὸν
2613 2152 2805 2223 αῦριον
2848 2155 3294 2227 ἀποστραφῆναι.
3335 2153 3596 2206 Τοιοῦτόν
3640 2154 3767 2205 ἐστι
3804 2152 3863 2205 τὸ

576 2247 758 2311 ipsum
816 2261 939 2301 cras
990 2263 1272 2303 revocare.
1324 2248 1608 2319 Ejusmodi
1659 2262 1743 2305 est
1791 2252 1961 2321 igitur
2015 2252 2162 2321 quod

2278 2243 2560 2313 (ρήσιμον,
2596 2245 2717 2314 ἢτοι
2746 2244 3119 2315 ἐνδεχόμενον.
3146 2246 3219 2298 Τὸ
3246 2245 3304 2299 δὲ
3342 2246 3647 2313 ἀναγκαῖον
3669 2284 3686 2307 ,
3715 2246 3862 2299 ἀπα-

577 2337 711 2391 utile
741 2336 966 2403 dicitur,
1008 2354 1203 2407 nempe
1239 2341 1588 2409 contingens.
1623 2342 1693 2393 At
1725 2340 1872 2411 quod
1907 2355 2158 2399 necessa-

2278 2334 2522 2404 aalt'qtdv
2550 2339 2687 2391 ἐστι.
2730 2336 2803 2391 Τὸ
2841 2340 3063 2401 πάντως
3106 2337 3181 2409 μὴ
3216 2335 3638 2408 ἀμφοτερίζειν.
3692 2331 3857 2391 Οἷον·

576 2428 747 2491 ι·ἱυηι,
786 2427 929 2482 idem
970 2430 1284 2484 inevitabile
1332 2443 1437 2496 est,
1477 2447 1577 2485 nec
1620 2441 1800 2500 potest
1839 2432 2067 2486 omnino
2105 2433 2161 2485 in

2278 2427 2354 2477 ιάν
2383 2428 2499 2495 εἰμι
2522 2428 2789 2499 ἀμύητος,
2813 2430 2914 2482 οῦκ
2939 2429 3221 2500 ἐνδέχεται
3247 2430 3321 2501 μὴ
3346 2428 3862 2500 βαπτισθησόμενον

579 2528 874 2587 utramque
899 2531 1109 2589 partem
1143 2522 1342 2591 accipi.
1382 2521 1627 2591 Exempli
1651 2523 1824 2593 gratia
1855 2540 1869 2575 :
1899 2521 2014 2576 Nisi
2041 2537 2164 2575 sum

2278 2516 2504 2588 τωθῆναί
2534 2536 2624 2589 με.
2665 2521 2777 2573 Καὶ
2808 2522 2993 2587 πάλιν⁹
3019 2523 3113 2576 ἐὰν
3142 2520 3301 2575 εἴπω·
3335 2519 3589 2589 Δύναμαι
3615 2520 3701 2590 μὴ
3730 2522 3861 2573 ἀνα-

585 2613 763 2667 sacris
791 2614 1064 2675 initiatus,
1099 2614 1216 2668 ﬁeri
1250 2630 1356 2668 non
1392 2625 1567 2683 potest
1601 2628 1661 2671 ut
1688 2632 1796 2670 non
1821 2617 2043 2671 ablutus
2076 2632 2169 2669 sa-

2278 2612 2440 2671 πνεῖν,
2467 2612 2564 2664 καὶ
2594 2611 2714 2682 ζῇν·
2747 2612 2964 2682 ψεῦδος·
3001 2616 3302 2685 ἀναγκαῖον
3338 2612 3451 2682 γὰρ
3470 2610 3535 2664 τὸ
3568 2611 3859 2673 ἀναπνεῖν,

579 2702 748 2758 lutcm
800 2721 1133 2775 consequar.
1176 2706 1247 2760 At
1286 2722 1509 2761 rursum
1559 2708 1606 2760 si
1664 2708 1899 2762 dixero:
1936 2706 2165 2760 Possum

2278 2697 2328 2757 si:
2355 2705 2526 2774 χωρὶς
2558 2705 2658 2758 οὐκ
2688 2705 2804 2761 ἐστι
2836 2706 2958 2779 ξῇν.

579 2811 692 2849 non
734 2795 937 2851 ducere
987 2798 1242 2866 spiritum
1293 2808 1347 2853 et
1385 2799 1599 2863 vivere;
1646 2797 1995 2853 mendacium
2018 2807 2145 2853 est:
2188 2809 2414 2851 necesse
2454 2804 2538 2851 est
2600 2799 2747 2853 enim
2794 2816 2976 2857 aerem
3042 2794 3279 2860 ducere.
3316 2794 3439 2850 Sine
3480 2810 3595 2866 quo
3638 2810 3748 2850 nec
3779 2796 3855 2852 fas

576 2890 782 2945 vivere.

652 2985 748 3040 Dei
777 2985 958 3054 itaque
983 2986 1239 3040 mandata
1267 2986 1578 3040 necessarie
1614 2986 1684 3041 ab
1709 3001 1804 3043 ore
1827 2987 2006 3043 veraci
2044 2999 2173 3057 pro-

582 3076 692 3130 lata
730 3085 893 3141 sunt,
944 3090 1009 3131 ac
1072 3076 1384 3132 necessarie
1410 3078 1600 3131 eadem
1646 3078 2043 3133 custodienda:
2079 3091 2175 3130 nc-

579 3184 690 3239 que
719 3177 850 3223 sunt
898 3177 1111 3223 naturae
1168 3168 1440 3223 versatilis
1472 3207 1489 3233 ,
1530 3179 1589 3223 ut
1620 3169 1893 3223 interdum
1948 3168 2166 3236 quidem
2198 3203 2242 3262 ο

580 3260 794 3316 servari
822 3275 884 3314 ea
917 3260 999 3315 fas
1035 3262 1125 3325 sit,
1165 3262 1443 3315 interdum
1479 3261 1634 3316 nefas
1666 3280 1680 3315 :
1714 3270 1810 3315 aut
1832 3261 1901 3316 ab
1926 3261 2019 3315 illo
2048 3263 2171 3331 qui-

581 3353 730 3418 dem,
764 3353 832 3406 ab
866 3353 972 3407 isto
999 3353 1223 3407 minime
1254 3371 1267 3407 :
1298 3363 1387 3406 aut
1424 3354 1515 3406 illo
1549 3354 1735 3423 utique
1766 3361 2030 3423 tempore,
2059 3368 2170 3407 non

585 3443 715 3497 item
753 3444 878 3509 isto,
903 3444 996 3498 sed
1029 3459 1269 3514 semper,
1295 3452 1349 3497 et
1384 3460 1414 3498 a
1444 3444 1639 3513 quovis
1668 3444 1913 3510 homine,
1953 3453 2008 3500 et
2032 3460 2172 3515 quo-

581 3537 670 3589 vis
723 3544 987 3605 tempore.
1044 3535 1387 3605 Quapropter
1420 3537 1554 3591 dixit
1606 3552 1839 3606 magnus
1889 3536 2172 3592 Basilius:

591 3645 613 3678 ι
646 3625 950 3681 Discrimen
992 3628 1264 3682 mendacii
1289 3629 1498 3683 nullum
1541 3630 1801 3695 ostendit,
1840 3648 1858 3681 ι
1891 3639 1949 3683 ut
1984 3630 2051 3683 de
2079 3644 2175 3682 ne-

586 3719 842 3773 cessitate
870 3721 1158 3789 responsio
1180 3721 1271 3783 sit.
1295 3736 1610 3791 quanquam
1645 3720 2004 3789 interrogatio
2044 3734 2175 3789 pro-

585 3809 766 3877 posita
799 3807 871 3861 sit
902 3808 969 3862 de
1013 3811 1390 3878 contingente.
1450 3810 1594 3863 Idem
1636 3810 1781 3863 enim
1811 3819 1914 3872 est,
1946 3818 2006 3863 ut
2037 3809 2174 3873 dixi,

588 3901 718 3954 utile
748 3910 803 3954 et
830 3902 1177 3970 contingens.
1213 3902 1353 3967 Quid
1380 3912 1565 3970 postea
1598 3902 1710 3968 ﬁet,
1755 3911 1813 3957 ut
1845 3901 2176 3972 praemonui-

587 3994 680 4056 sti,
715 3994 761 4047 si
796 3993 1017 4047 fratrem
1073 3994 1210 4047 mori
1265 3994 1585 4060 contingat,
1646 4009 1715 4049 eo
1774 3996 1922 4064 quod
1956 3994 2174 4048 mentiri

586 4101 698 4139 non
734 4086 963 4141 ausim?
998 4086 1112 4141 Hoc
1138 4101 1270 4141 vero
1305 4086 1649 4141 mendacium
1684 4102 1790 4141 non
1830 4097 1934 4149 est.
1958 4089 2173 4156 opinor.

586 4179 751 4233 Juvat
779 4179 1086 4249 exemplum
1128 4179 1232 4231 tale
1266 4178 1318 4231 in
1352 4193 1437 4231 me
1468 4179 1587 4247 ipso
1649 4179 1868 4249 ﬁngere.
1903 4180 2062 4233 Venit
2112 4181 2179 4231 ad

589 4286 679 4329 me
753 4272 931 4338 puella
996 4284 1158 4337 quam
1216 4269 1418 4339 aliquis
1479 4279 1757 4338 stuprator
1834 4271 2177 4340 insequitur,

589 4372 713 4416 orat
773 4381 787 4417 :
847 4363 929 4416 Ne
993 4362 1287 4431 stupratori
1355 4377 1445 4416 me
1513 4363 1713 4432 prodas
1771 4364 1986 4435 roganti
2049 4380 2180 4417 num

590 4453 735 4522 apud
771 4466 825 4509 te
883 4454 1032 4508 domi
1095 4453 1197 4506 sim
1234 4468 1249 4516 ;
1291 4452 1492 4522 alioqui
1560 4468 1646 4507 me
1698 4454 1960 4509 continuo
2008 4455 2180 4507 vitiat.

592 4548 814 4616 Igitur,
872 4553 1191 4614 corruptore
1266 4545 1565 4607 veniente,
1632 4559 1695 4597 ac
1769 4555 2172 4612 percontante:

594 4615 739 4694 Num
759 4640 905 4692 venit
927 4638 1034 4691 huc
1064 4639 1206 4705 apud
1238 4646 1291 4690 te
1312 4636 1487 4706 puella
1519 4634 1621 4689 ?Si
1652 4649 1866 4703 negem,
1886 4651 1992 4688 non
2020 4651 2174 4689 men-
2208 4615 2249 4670 ί)

596 4734 708 4788 tior
738 4749 753 4785 :
790 4747 898 4785 non
933 4730 1073 4799 quod
1120 4745 1227 4783 non
1268 4744 1391 4783 esse
1422 4728 1569 4782 domi
1616 4728 1853 4798 puellam
1895 4731 2128 4797 cogitem
2163 4746 2176 4782 :

593 4826 691 4880 sed
722 4823 867 4893 quod
924 4808 1084 4878 istud
1130 4822 1502 4877 admissurum
1557 4821 1701 4889 apud
1736 4835 1823 4874 me
1858 4821 2036 4875 scelus
2088 4837 2185 4890 per

594 4915 939 4971 reticentiam
997 4928 1211 4983 negem.
1259 4911 1461 4966 lterum
1500 4910 1649 4964 aliud
1696 4930 1709 4964 :
1754 4909 2007 4964 Gladium
2050 4910 2185 4963 mibi

596 5008 874 5064 commisit
896 5006 1097 5074 aliquis
1124 5018 1236 5072 quo
1266 5018 1326 5058 se
1352 5002 1465 5071 ipse
1486 5001 1791 5068 interimat;
1811 5017 1937 5054 mox
1963 5001 2187 5055 veniens

599 5106 745 5157 hunc
794 5115 826 5154 a
860 5114 948 5153 me
983 5098 1241 5168 reposcit.
1261 5096 1320 5150 Si
1369 5096 1560 5149 dixero
1611 5096 1813 5166 igitur:
1854 5091 1964 5148 Nec
2019 5096 2170 5160 novi,

598 5207 703 5247 nec
729 5189 914 5259 accepi
942 5206 957 5254 ;
999 5204 1107 5241 non
1151 5186 1420 5253 mentior;
1446 5200 1607 5240 nosse
1633 5184 1910 5238 enimvero
1929 5200 2013 5238 me
2039 5200 2178 5255 nego

601 5290 697 5335 aut
730 5280 1011 5348 accepisse
1042 5286 1099 5330 ut
1127 5276 1365 5346 gladium
1399 5274 1493 5328 tibi
1518 5277 1583 5327 ad
1616 5282 1846 5327 mortem
1877 5274 2177 5344 porrigam.

605 5370 740 5423 Nam
777 5370 822 5424 si
849 5370 1041 5423 dixero
1071 5382 1085 5419 :
1126 5366 1216 5419 Sic
1247 5372 1333 5418 est
1363 5381 1378 5416 :
1412 5364 1599 5417 vitiata
1632 5362 1809 5432 puella
1836 5372 1959 5431 est,
1990 5373 2046 5418 et
2078 5364 2185 5418 sibi

606 5477 797 5518 necem
844 5460 1025 5514 intulit
1058 5460 1153 5529 qui
1185 5456 1425 5528 gladium
1454 5455 1622 5510 dedit.
1655 5453 1770 5509 Hoc
1823 5470 1952 5510 vero
1982 5459 2185 5512 malum

602 5568 686 5613 est
718 5575 733 5611 :
776 5556 978 5609 malum
1014 5562 1194 5607 autem
1231 5565 1341 5604 non
1390 5565 1458 5604 ex
1503 5549 1646 5603 bono
1678 5549 1772 5602 sed
1804 5563 1872 5604 ex
1906 5550 2189 5606 mendacio

604 5658 709 5704 est.
742 5644 877 5700 Nam
910 5642 1177 5697 mendacii
1213 5651 1384 5711 pater,
1403 5641 1541 5695 idem
1556 5647 1612 5695 et
1637 5648 1826 5695 auctor
1854 5640 2002 5695 mali.
2026 5642 2189 5699 Puel-

685 5831 727 5867 "
755 5829 1023 5898 lntcrrog.
1064 5826 1181 5880 176.

2353 2986 2420 3039 Al
2462 2986 2643 3039 τοίνυν
2685 2981 2897 3037 ἐντολαὶ
2939 2978 3034 3033 τοῦ
3082 2979 3219 3033 Θεοῦ
3259 2977 3402 3033 κατά
3447 2979 3513 3032 τὸ
3560 2979 3863 3047 ἀναγκαῖον

2279 3080 2433 3151 παρὰ
2478 3079 2573 3133 τοῦ
2624 3074 2891 3147 ἀψευδοῦς
2940 3073 3212 3143 στόματος
3261 3071 3732 3144 διηγορεύθησαν·
3774 3071 3863 3124 καὶ

2276 3171 2337 3237 ἐξ
2368 3171 2615 3242 ἀνάγκης
2657 3166 2932 3237 ὀφείλουσι
2968 3164 3333 3235 φυλάττεσθαι
3357 3181 3371 3193 ·
3407 3166 3471 3219 οὐ
3517 3168 3864 3235 τρεπόμεναι

2272 3266 2353 3329 είς
2375 3265 2438 3318 τὸ
2467 3267 2541 3334 πῆ
2578 3263 2675 3332 μὲν
2704 3260 3013 3330 ἐνδέχεσθαι
3057 3258 3449 3328 φυλάττεσθαι,
3483 3262 3563 3330 πῆ
3591 3259 3674 3320 δὲ,
3722 3255 3861 3326 οἷνῆ

2274 3357 2379 3409 ὑπὸ
2417 3352 2571 3407 τοῦδε
2616 3352 2735 3423 μὲν,
2777 3350 2885 3403 ναί·
2923 3349 3027 3402 ὑπὸ
3068 3348 3223 3402 τοῦδε
3253 3348 3333 3415 δὲ,
3368 3346 3429 3402 οῦ
3451 3363 3468 3377 ·
3499 3349 3533 3418 ἢ
3566 3348 3705 3400 ποτὲ
3742 3346 3858 3416 μὲν,

2273 3449 2382 3503 ναί·
2417 3446 2550 3500 ποτὲ
2576 3446 2655 3511 δὲ,
2687 3439 2770 3497 05'-
2799 3442 2914 3497 ἀλλ’
2945 3441 3049 3495 ἀεί·
3080 3441 3176 3494 καὶ
3207 3442 3302 3494 ἐπὶ
3330 3440 3537 3503 παντὸς
3563 3438 3859 3508 προσώπου

2274 3543 2370 3595 καὶ
2396 3539 2615 3610 καιροῦ.
2649 3538 2806 3590 Κατὰ
2843 3534 3001 3589 τοῦτο
3031 3534 3252 3603 εἴρηκεν
3294 3534 3323 3586 ό
3350 3532 3525 3602 μέγας
3554 3531 3859 3591 Βασίλειος·

2281 3654 2300 3685 ι
2335 3630 2613 3702 Διαφοράν
2641 3628 2873 3699 ψεύδους
2909 3625 3177 3696 μηδεμίαν
3207 3625 3580 3695 ἐμφήναντος·
3615 3639 3635 3671 ι
3671 3621 3754 3684 ὡς
3785 3622 3861 3673 ὅτι

2277 3725 2336 3793 ἐξ
2363 3723 2666 3793 ἀναγκαίου
2698 3723 2731 3790 ἡ
2756 3720 3050 3788 ἀπόφασις·
3076 3717 3180 3770 κᾶν
3207 3717 3240 3785 ἡ
3275 3714 3549 3785 ἐρώτησις
3580 3712 3858 3783 προετάθη

2277 3818 2352 3882 ὡς
2385 3814 2733 3886 ἐνδεχομένη.
2765 3810 2978 3865 Ταυτὸν
3002 3808 3132 3879 γὰρ,
3165 3807 3241 3871 ὡς
3270 3806 3428 3876 ἔφην,
3462 3806 3749 3875 χρήσιμον
3774 3800 3862 3856 καὶ

2277 3910 2649 3981 ἐνδεχόμενον.
2687 3901 2820 3958 Εἶτα
2855 3904 2909 3956 τί
2947 3903 3260 3971 γενήσεται,
3305 3898 3451 3953 καθὰ
3488 3898 3778 3969 προέφης,
3809 3897 3859 3947 ἐν

2276 4003 2343 4071 τῇ
2384 3998 2655 4067 συμϐάσει
2703 3994 2800 4048 τοῦ
2848 3993 3219 4063 ἀποθνήσκειν
3246 3992 3340 4043 τὸν
3393 3988 3630 4057 ἀδελφὸν
3681 3988 3761 4059 τῷ
3794 3985 3859 4057 μὴ

2278 4088 2615 4161 αἱρήσασθαί
2641 4106 2707 4158 με
2725 4085 3033 4157 ψεύσασθαι
3054 4100 3070 4151 ;
3103 4082 3275 4136 Τοῦτο
3293 4082 3350 4134 δὲ
3372 4081 3473 4134 οὐκ
3496 4080 3619 4132 ἔστι
3644 4080 3855 4149 ψεῦδος,

2280 4183 2357 4248 ὡς
2387 4183 2550 4236 δοκῶ·
2582 4177 2695 4234 οἷον
2728 4176 3195 4251 μετασχηματίζω
3233 4176 3312 4239 εἰς
3345 4174 3591 4243 ἐμαυτὸν
3626 4171 3858 4225 τοιοῦτόν

2279 4295 2352 4330 τι.
2388 4273 2563 4329 Ἦλθε
2606 4274 2747 4345 κόρη
2781 4271 2919 4343 πρός
2968 4287 3035 4339 με
3074 4267 3381 4335 διωκομένη
3416 4265 3523 4317 ὑπό
3558 4281 3712 4326 τινος
3743 4262 3858 4329 φθο-

2286 4370 2458 4439 ρέως,
2507 4364 2737 4419 αἰτοῦσα
2783 4364 2858 4434 μὴ
2898 4358 3212 4431 φανερῶσαι
3244 4356 3324 4427 τῷ
3354 4356 3551 4425 φθορεῖ
3590 4352 3857 4424 ἐρωτῶντι

2282 4466 2366 4516 ὅτι
2405 4478 2470 4530 με
2511 4458 2833 4528 φυλάττοις·
2881 4454 3005 4506 ἐπεὶ
3041 4450 3255 4519 φθείρει
3288 4465 3354 4518 με
3387 4448 3630 4507 πάντως.
3673 4446 3857 4530 Τοίνυν

2282 4528 2528 4614 ἐλθόντος
2549 4550 2643 4602 τοῦ
2670 4546 2949 4617 φθορέως,
2982 4543 3076 4597 καὶ
3106 4540 3499 4610 ἀνακρίναντος
3520 4554 3535 4567 ·
3568 4531 3739 4607 ἦλθεν
3768 4528 3857 4589 ὧδε

2280 4647 2413 4716 κόρη
2448 4642 2584 4713 πρός
2614 4657 2712 4707 σε;
2746 4639 2923 4708 λέγων
2952 4634 3083 4703 ἐγὼ,
3115 4632 3196 4687 οῦ·
3231 4633 3293 4685 οὐ
3322 4630 3620 4700 ψεύδομαι’
3654 4631 3755 4699 οὐχ
3782 4631 3853 4681 ὅτι

2278 4737 2380 4790 οὐκ
2410 4735 2519 4805 ἔχω
2561 4732 2658 4804 τὴν
2697 4731 2866 4802 κόρην
2889 4728 3261 4797 λογιζόμενος·
3296 4723 3412 4777 ἀλλ’
3442 4723 3527 4775 ὅτι
3556 4721 3620 4774 οὐ
3650 4722 3852 4793 ποιήσει

2279 4827 2441 4881 τοῦτο
2489 4825 2658 4895 ἐγγύς
2705 4840 2807 4895 μου
2846 4822 2907 4875 τὸ
2939 4818 3179 4890 πονηρὸν
3217 4814 3360 4871 κατὰ
3400 4812 3464 4866 τὸ
3506 4814 3855 4881 σιωπώμενον

2283 4920 2466 4985 λέξας.
2507 4917 2616 4969 Καὶ
2646 4915 2807 4969 πάλιν
2833 4912 2981 4968 ἄλλο·
3018 4906 3312 4983 Παρέθετς
3328 4905 3419 4976 μοί
3442 4920 3525 4967 τις
3556 4903 3711 4971 ξίφος
3735 4902 3855 4971 πρὸς

2286 5011 2349 5063 τὸ
2384 5010 2628 5080 ἀναιρεῖν
2658 5005 2871 5060 ἑαυτόν·
2898 4998 3017 5056 εἶτα
3046 4999 3215 5053 ἐλθὼν
3250 4995 3505 5067 ἐπιζητεί
3531 4994 3699 5048 τοῦτο
3736 4987 3859 5080 παρ’

2280 5102 2439 5171 ἐμοῦ.
2484 5078 2613 5152 Ἐὰν
2642 5095 2737 5151 οῦν
2769 5096 2909 5150 εἴπω
2933 5136 2950 5162 ,
2994 5095 3076 5146 ὅτι
3107 5091 3207 5144 οὐκ
3232 5085 3369 5153 οἶδα,
3401 5086 3525 5140 οὐδὲ
3553 5086 3767 5139 ἔλαϐον·
3792 5078 3854 5133 ὀὐ

2282 5191 2591 5263 ψευδοεπῶ.
2626 5190 2739 5243 Οὐκ
2768 5182 2887 5242 οἶδα
2922 5184 3054 5255 γὰρ,
3084 5183 3247 5251 λέγω,
3279 5179 3400 5233 οὐδὲ
3430 5176 3627 5230 ἔλαϐον
3649 5176 3780 5245 πρὸς
3803 5172 3855 5223 τὸ

2285 5284 2562 5337 ἐπιδοῦναί
2612 5282 2679 5353 μέ
2722 5299 2804 5333 σοι
2840 5278 2905 5333 τὸ
2946 5277 3098 5345 ξίφος
3127 5276 3207 5337 εἰς
3247 5271 3504 5327 θάνατον·
3556 5268 3721 5331 ἐπεὶ,
3770 5265 3854 5317 ἐὰν

2289 5368 2451 5433 εἴπω,
2503 5374 2625 5431 ναὶ,
2662 5367 2873 5437 ἐφθάρη
2920 5367 2954 5436 ή
3001 5365 3161 5432 κόρη·
3198 5360 3295 5414 καὶ
3338 5356 3581 5424 ἔσφαξεν
3624 5354 3857 5409 taurino

2293 5460 2419 5523 δοὺς
2443 5460 2504 5513 τὸ
2527 5459 2698 5530 ξίφος·
2718 5460 2811 5512 καὶ
2840 5459 2957 5511 ἐστι
2993 5454 3152 5508 τοῦτο
3170 5450 3358 5506 κακόν.
3388 5450 3465 5502 Τὸ
3484 5449 3543 5503 δὲ
3566 5449 3737 5501 κακὸν
3768 5446 3857 5497 οὐκ

2297 5554 2357 5621 ἐξ
2376 5551 2581 5620 ἀγαθοῦ
2602 5592 2616 5616 ,
2645 5550 2760 5605 ἀλλ’
2781 5551 2844 5602 ἐκ
2861 5548 3089 5618 ψεύδους
3114 5562 3127 5575 ·
3152 5543 3341 5614 πατὴρ
3360 5540 3474 5611 γὰρ
3504 5540 3603 5595 τοῦ
3623 5539 3853 5609 ψεύδους,

2297 5644 2327 5695 ό
2353 5644 2452 5714 τῆς
2482 5642 2679 5705 κακίας
2711 5641 2961 5705 εὑρετής.
2984 5636 3129 5693 Τὺδιὲ
3158 5633 3529 5708 μὴφοαοῆναι
3558 5634 3661 5701 τὴν
3685 5630 3857 5699 κόρην.
