3990 6318
164 379 308 444 1237

1366 373 1907 444 EPISTOLARUM
1955 373 2106 433 LIB.
2149 370 2210 433 II

3299 374 3435 442 1238

151 495 252 546 καὶ
287 488 367 564 μὴ
393 488 638 559 ἀναιρεῖν
667 484 861 539 ἑαυτὸν
889 483 980 539 τὸν
998 483 1306 555 ξιφοδότην,
1328 485 1536 554 ἀγαθόν
1554 502 1566 516 ·
1604 484 1665 537 τὸ
1689 485 1745 537 δὲ

1851 482 1958 536 lam
1992 492 2172 537 autem
2196 496 2306 538 non
2336 481 2541 549 vitiari,
2599 496 2702 538 nec
2728 481 2835 538 sibi
2873 497 3065 539 necem
3116 484 3312 542 aﬂ‘erre
3340 493 3442 559 qui

147 585 384 654 ἀγαθὸν,
414 585 449 654 ἡ
470 582 719 653 ἀλήθεια’
748 581 776 634 6
800 579 934 643 Θεὸς
962 581 1073 650 γὰρ
1105 578 1308 647 ἀγαθὸς
1330 577 1468 649 ὁμοῦ
1492 580 1588 632 καὶ
1606 577 1744 649 ἀλή-

144 679 296 732 θεια.
314 677 531 747 Εὑρέθη
554 670 649 728 οὖν
674 674 736 726 τὸ
750 672 942 726 δοκοῦν
963 671 1178 742 ψεῦδος,
1199 670 1433 742 ἀλήθεια
1444 670 1743 741 ὁμολογου-

147 772 290 841 μένη
315 765 478 823 εἶναι.
501 768 612 821 Καὶ
627 766 801 836 ἐθηκα
819 765 917 836 τὴν
937 766 1116 836 ψυχὴν
1138 767 1197 818 ἐν
1219 763 1297 836 τῷ
1317 764 1476 835 δῆθεν
1494 764 1742 817 δοκοῦντι

141 860 431 932 ψεύσματι
459 859 601 929 ὑπὲρ
627 856 721 910 τοῦ
746 855 923 925 φίλου⁶
950 855 1046 908 καὶ
1077 853 1318 926 ἔρρωται
1348 853 1744 924 ἀμφοτέρωθεν

142 957 177 1022 ἡ
204 952 426 1022 ἐντολή·
456 952 558 1005 οὐκ
579 954 638 1004 ἐν
664 949 970 1020 ψεύσματι,
1005 947 1122 1002 ἀλλ’
1152 951 1210 1002 ἐν
1254 947 1486 1019 ἀληθείᾳ
1517 949 1742 1002 τελειω-

143 1047 328 1101 θεῖσα.
367 1046 443 1100 Οὐ
481 1045 733 1117 μέντοιγε
759 1044 945 1096 εἵνεκα
985 1041 1208 1106 ἐαυτοῦ,
1238 1042 1326 1095 ἵνα
1358 1041 1433 1113 μὴ
1463 1042 1740 1106 ἀποθάνω,

141 1139 307 1192 τοῦτο
336 1141 516 1197 ποιεῖν
543 1139 670 1209 χρήο
712 1135 910 1207 ψεῦδος
936 1136 1048 1205 γὰρ
1075 1129 1202 1189 ὧδε.
1234 1134 1377 1188 Οΰτε
1409 1135 1517 1206 μὴν
1543 1135 1741 1205 ὀμόσαι

140 1235 202 1288 τὸ
236 1235 494 1300 καθόλου,
527 1234 651 1288 οὔτε
675 1233 803 1304 περὶ
831 1232 1029 1287 ἐαυτοῦ
1053 1271 1070 1299 ,
1096 1231 1221 1285 οὕτε
1253 1232 1386 1302 περὶ
1437 1231 1601 1287 ἄλλου
1634 1250 1742 1286 σω-

142 1330 371 1400 ’τηρίας⁸
403 1327 694 1399 προφανὴς
723 1327 834 1396 γὰρ
873 1328 908 1397 ἡ
952 1325 1289 1397 παράϐασις.
1323 1323 1482 1378 υῦτω
1513 1325 1573 1377 τὸ
1614 1325 1740 1394 ἐμοὶ

143 1419 480 1489 φαινόμενον
513 1417 652 1487 ἔχει.
710 1417 865 1470 Ἐπεὶ
894 1418 988 1472 καὶ
1018 1419 1052 1489 ἡ
1097 1419 1281 1488 Σάρρα
1323 1412 1446 1469 εἶπε
1477 1416 1556 1486 τῷ
1591 1415 1740 1468 Ἀϐι-

147 1512 342 1582 μέλεχ,
370 1512 454 1564 ὅτι
512 1509 775 1580 Ἀδελςρή
810 1513 928 1581 εἰμι
959 1512 1069 1566 τοῦ
1109 1506 1387 1580 ’Ᾰϐραάμ.
1421 1509 1532 1562 Καὶ
1553 1511 1581 1562 6
1605 1526 1740 1580 προ-

145 1606 328 1675 φήτης
379 1603 654 1676 Ἱερεμίας
690 1606 806 1668 τοῖς
853 1604 1140 1676 ἐρωτῶσιν
1170 1603 1341 1660 αὑτὸν
1381 1603 1631 1675 ἄρχουσι*
1680 1604 1741 1658 Τί

145 1714 245 1753 σοι
276 1695 453 1753 εἶπεν
482 1701 515 1752 ό
542 1698 848 1764 ,βασιλεύς
864 1713 886 1764 ;
913 1697 1045 1751 ἀλλο
1073 1696 1199 1752 ἀντὶ
1227 1696 1392 1751 ἄλλου
1437 1695 1737 1768 ἀπεκρίθη,

141 1789 338 1844 καθότι
367 1789 601 1843 ὑπέθετο
625 1789 778 1860 αὐτῷ
815 1792 843 1843 6
874 1782 1165 1860 βασιλεὺς,
1195 1790 1306 1843 δέει
1344 1790 1579 1843 θανάτου
1599 1829 1615 1854 ,
1644 1791 1741 1842 καὶ

1850 575 2095 646 gladium
2124 575 2310 645 dedit,
2356 577 2564 632 bonum
2603 585 2688 632 est
2720 577 2966 632 :bonum
3001 587 3186 633 autem
3237 583 3442 637 veritas

1848 678 1953 723 est.
1989 667 2132 724 Deus
2155 669 2322 733 enim,
2346 670 2487 724 idem
2510 679 2566 724 et
2593 669 2771 726 bonus
2797 678 2883 725 est
2907 679 2962 725 et
2981 671 3204 728 veritas.
3239 672 3448 743 Depre-

1851 762 2082 817 hensum
2113 771 2196 816 est
2234 763 2402 833 igitur
2455 762 2510 816 id
2543 761 2689 833 quod
2733 762 3082 819 mendacium
3127 763 3441 832 videbatur,

1849 856 1969 907 sine
2007 855 2378 909 controversia
2440 854 2723 910 veritatem
2784 870 2927 910 esse.
2972 853 3068 910 Sio
3111 865 3166 910 et
3196 857 3441 909 animam

1849 948 2032 1016 posui,
2067 949 2122 1002 in
2151 962 2216 1004 eo
2247 948 2498 1003 videlicet
2546 947 2690 1018 quod
2722 949 3068 1003 mendacium
3117 949 3444 1014 videbatur,

1849 1041 2016 1094 amici
2049 1054 2237 1094 causa.
2268 1040 2332 1095 Et
2371 1041 2585 1094 salvum
2610 1049 2694 1096 est
2725 1055 2794 1094 ex
2831 1051 3066 1110 utraque
3095 1051 3249 1111 parte
3279 1057 3442 1096 man-
3482 1104 3487 1111 _

1848 1133 2061 1199 datum,
2095 1134 2286 1187 nonin
2316 1135 2603 1188 mendacio
2630 1136 2722 1188 sed
2757 1134 2814 1187 in
2853 1135 3082 1190 veritate
3114 1137 3441 1205 prastitum.

1845 1223 2011 1279 Nefas
2069 1227 2257 1294 utique
2315 1227 2418 1279 hoc
2471 1226 2592 1280 fieri
2642 1241 2762 1280 mea
2812 1241 3016 1294 causa,
3067 1243 3136 1282 ne
3187 1230 3442 1282 moriar:

1846 1314 2195 1368 mendacium
2226 1316 2372 1370 enim
2405 1323 2538 1371 tunc
2576 1325 2682 1371 est.
2717 1315 2832 1371 Nec
2857 1316 3158 1387 jurandum
3192 1320 3443 1386 omnino,

1845 1421 2024 1476 neque
2051 1422 2149 1476 pro
2195 1423 2296 1462 sua
2327 1409 2534 1477 ipsius,
2572 1425 2753 1479 neque
2799 1425 2902 1482 pro
2959 1413 3188 1466 alterius
3221 1413 3443 1468 salute:

1846 1497 2138 1554 manifesta
2168 1513 2252 1554 est
2298 1501 2442 1554 enim
2493 1502 2630 1572 legis
2660 1503 2908 1558 vi'olatio.
2942 1502 3052 1568 Sic,
3086 1513 3147 1558 ut
3188 1504 3446 1575 equidem

1843 1593 2102 1658 arbitror,
2135 1609 2195 1647 se
2233 1609 2318 1649 tes
2361 1595 2545 1648 habet.
2580 1595 2719 1650 Nam
2743 1607 2797 1650 et
2846 1597 2983 1652 Sara
3025 1597 3164 1653 dixit
3217 1600 3445 1654 Aliime-

1843 1684 1962 1739 lech
1993 1702 2006 1739 :
2038 1683 2203 1740 Soror
2231 1702 2350 1739 sum
2392 1686 2623 1742 Abraltte
2659 1688 2724 1743 ”.
2779 1687 2846 1743 Et
2887 1688 3153 1746 Jeremias
3178 1692 3444 1761 propheta

1844 1780 2260 1835 sciscitantibus
2314 1796 2382 1835 ex
2438 1796 2506 1836 eo
2545 1783 2888 1853 principibus
2944 1784 3137 1851 :Quid
3202 1787 3298 1839 tibi
3353 1803 3447 1841 rex

138 1883 264 1936 τότε
293 1883 523 1936 οίκείου.
553 1882 665 1936 Καὶ
693 1885 773 1947 είς
801 1883 871 1936 τὰ
901 1883 1310 1953 ἀποφθέγματα
1338 1882 1451 1936 τῶν
1475 1883 1740 1954 Πατέρων

1844 1872 1982 1926 dixit
2008 1873 2031 1926 ?
2060 1875 2474 1945 responsionem
2515 1877 2624 1931 alio
2659 1876 2946 1946 derivavit,
2976 1883 3443 1950 quemadmodum

141 1975 456 2046 ἐμφέρεται
480 1975 540 2028 τὸ
567 1974 836 2031 τοιοῦτον.
861 1976 925 2029 El
951 1975 1010 2028 δέ
1035 1994 1090 2029 τι
1124 1975 1288 2040 αὐτὸς
1316 1976 1469 2046 παρά
1493 1974 1747 2043 σεαυτοῦ,

139 2067 175 2137 ἢ
202 2069 335 2136 παρ’
365 2065 557 2140 ἐτέρου
582 2066 788 2136 εὕροις,
809 2067 1278 2139 φανερῶσαιήμῖν
1305 2066 1381 2139 μὴ
1404 2069 1745 2139 παραιτήσῃ,

143 2160 280 2231 πρὸς
310 2160 616 2230 ἐπίγνωσιν
645 2161 905 2231 ἀληθείας
928 2199 943 2226 ,
974 2160 1070 2212 καὶ
1120 2161 1406 2232 φωτισμὸν
1435 2161 1556 2225 νοὸς
1586 2160 1746 2232 ἡμῶν

143 2250 420 2322 ἀμυδροῦ.
469 2252 575 2304 Τὸν
622 2249 1154 2319 συγκακοπαθοῦντά
1194 2268 1278 2306 σοι
1322 2252 1741 2325 προσαγορεύω.

151 2344 212 2394 't)
242 2344 342 2398 σὺν
373 2344 500 2415 ἐμοὶ
527 2345 931 2415 προσαγορεύει
957 2360 1038 2398 σε.

525 2637 619 2692 Μ’.
658 2664 728 2677 --
756 2636 1113 2704 Ναυκρατίῳ
1141 2634 1355 2702 τέκνῳ,
1569 2637 1744 2710 [τιγ’,]

1846 1980 1942 2020 rex
1970 1967 2019 2020 ei
2056 1965 2426 2038 suggesserat,
2485 1980 2636 2027 metu
2689 1974 2906 2041 mortis,
2958 1983 3014 2030 et
3044 1983 3176 2032 tunc
3213 1978 3440 2048 quidem

1847 2060 2085 2130 propriae
2159 2061 2224 2114 “.
2287 2062 2356 2117 Et
2403 2063 2549 2118 inter
2622 2062 2851 2119 Patrum
2929 2072 3236 2124 sententias
3297 2071 3445 2126 istud

1841 2151 2023 2220 ipsum
2061 2153 2343 2209 inseritur.
2391 2154 2546 2222 Quod
2577 2156 2623 2211 si
2658 2156 2793 2227 quid
2828 2157 2916 2213 vel
2948 2173 3045 2229 per
3075 2170 3126 2215 te
3159 2161 3276 2232 ipse
3301 2201 3318 2228 ,
3357 2160 3448 2217 vel

1837 2245 2068 2301 alterius
2093 2261 2196 2316 ope
2223 2249 2520 2315 inveneris,
2540 2247 2856 2320 significare
2889 2255 3049 2308 nobis
3097 2269 3170 2309 ne
3190 2258 3438 2326 graveris

1840 2338 1908 2392 ad
1933 2339 2265 2409 agnitionem
2297 2341 2567 2409 veritatis,
2585 2359 2651 2398 ac
2667 2347 2867 2401 mentis
2887 2359 3092 2404 nostra:
3130 2350 3433 2406 hebetioris

1841 2430 2339 2488 collustrationem.
2372 2432 2595 2489 Socium
2631 2451 3018 2495 aerumnarum
3049 2451 3268 2499 tuarum
3288 2445 3442 2500 salu-~

1840 2531 1916 2576 to.
1949 2521 2053 2588 Qui
2078 2539 2294 2579 mecum
2326 2536 2412 2581 est
2442 2527 2676 2583 salutem
2704 2531 2802 2584 tibi
2845 2532 2998 2588 dicit.

2284 2639 2396 2699 XL.
2423 2673 2482 2682 -
2505 2642 2806 2700 Naucratio
2843 2647 2981 2717 ﬁlio.

1037 2775 1116 2826 De
1149 2775 1304 2838 lapsis
1327 2786 1603 2837 eorumque
1645 2775 1824 2836 pcsnis.
1873 2776 2072 2836 (Bai-0n.
2103 2791 2185 2826 an.
2206 2777 2318 2840 816,
2359 2791 2408 2827 η.
2430 2779 2535 2845 19.)

211 2884 425 2951 Εῐωθας
463 2883 555 2938 dei.
603 2883 818 2954 μακρὸν
858 2882 1140 2938 ποιεῖσθαι
1193 2883 1257 2936 τὸ
1299 2886 1401 2954 τῆς
1450 2882 1748 2953 ἐπιστολῆς

142 2979 464 3050 προοίμιονο
509 2976 681 3030 πολ·λά
731 2979 866 3048 ἡμῖν
894 2979 1009 3040 τοῖς
1055 2975 1298 3042 ἀναξίοις
1346 2977 1643 3048 συμφέρων
1678 2977 1746 3030 τὰ

143 3071 395 3140 ἐγκώμια
420 3109 436 3136 ,
462 3070 563 3124 οὐκ
585 3070 715 3125 ὅντα
749 3069 952 3141 ἀληθῆ,
986 3071 1207 3141 φιλικῆς
1248 3071 1306 3123 δέ
1331 3069 1631 3134 διαθέσεως
1659 3069 1744 3124 ἐν-

143 3165 432 3234 δείγματα.
472 3165 619 3235 Ἐγὼ
644 3166 702 3219 δὲ
729 3167 787 3219 ἐν
829 3165 1080 3238 βραχέσι.
1112 3166 1178 3218 Τί
1215 3165 1379 3219 τοῦτο
1403 3184 1417 3232 ;
1445 3166 1534 3219 ἵνα
1562 3167 1738 3235 ὑγιαί-

144 3272 252 3320 νοις
275 3258 334 3310 ἐν
358 3258 557 3329 Κυρίῳ
580 3299 594 3324 ,
623 3257 823 3326 ἀδελφέ
864 3275 989 3328 μου,
1017 3257 1351 3328 θερμότερος
1381 3258 1470 3311 ἀεὶ
1515 3259 1737 3326 γινόμε-

145 3365 233 3412 νος
259 3353 325 3422 τῇ
371 3353 566 3424 ἀγάπῃ
623 3350 862 3422 Χριστοῦ
912 3351 1211 3423 ὑποφέρειν
1243 3351 1314 3405 τά
1350 3351 1493 3422 ὑπὲρ
1543 3349 1732 3404 αὐτοῦ·

144 3442 258 3496 ἀλλ’
287 3446 518 3499 οὐτίπου
561 3446 859 3516 ὑπολήγειν
890 3446 954 3497 ἐκ
1001 3443 1302 3514 ῥᾳθυμίας.
1352 3444 1463 3497 Καὶ
1515 3443 1601 3513 εἴη
1657 3460 1738 3496 σοι

145 3536 224 3590 ἔτι
258 3536 474 3609 ἔξαψις·
507 3537 585 3601 ὡς
611 3539 679 3592 ἂν
709 3536 930 3607 ἐπᾴδειν
964 3551 1023 3587 σε
1067 3537 1208 3606 μετὰ
1234 3537 1402 3590 Δαὸὶδ
1428 3536 1523 3589 τοῦ
1552 3537 1734 3606 ἀγίου’

151 3626 256 3681 ’ον
305 3634 535 3699 τρόπον
567 3628 845 3682 ἐπιποθεῖ
883 3628 922 3695 ἡ
962 3626 1192 3698 ἔλαφος
1239 3629 1338 3683 ἐπὶ
1385 3630 1492 3696 τὰς
1542 3631 1740 3698 πηγὰς

144 3718 262 3773 τῶν
303 3722 566 3786 ὑδάτων,
613 3719 803 3785 οὕτως
825 3718 1103 3773 ἐπιποθεῖ
1134 3723 1175 3790 ἠ
1211 3720 1382 3790 ψυχή
1415 3739 1536 3791 μου
1588 3722 1738 3790 πρὸς

145 3827 238 3877 σε,
269 3816 302 3867 ό
337 3814 504 3879 Θεός.
559 3811 730 3865 Τοῦτο
768 3811 827 3865 δέ
871 3811 1114 3884 ἐνεργῶς
1150 3815 1329 3886 ᾄδοιεν
1363 3815 1429 3868 ἄν
1458 3831 1542 3878 τις
1571 3832 1736 3868 κεκα-

148 3903 424 3978 θαρμένην
465 3906 609 3976 ἔχων
649 3905 750 3976 τὴν
777 3906 1030 3976 καρδίαν,
1065 3906 1098 3978 ἢ
1130 3906 1564 3978 καθαιρομένην.
1603 3925 1622 3958 ι
1663 3901 1740 3962 Οὗ

146 3996 250 4068 γὰρ
299 3999 609 4069 κάθαρσις,
644 3996 720 4062 ὥς
749 4013 916 4068 φησιν
948 3999 976 4050 6
1011 3996 1276 4067 Θεολόγος
1301 4039 1315 4064 ,
1365 3999 1657 4068 ἐλλαμψις.
1714 4017 1732 4049 ι

138 4091 243 4156 ’Ὧς
271 4093 521 4165 μακαρία
548 4094 581 4162 ἡ
611 4091 758 4163 ψυχὴ
793 4088 956 4161 αῦτη,
998 4091 1088 4158 ὑφ’
1132 4088 1201 4162 ἦς
1231 4092 1292 4145 τὸ
1329 4093 1511 4146 πάντα
1541 4093 1739 4145 παθεῖν

147 4186 231 4240 διά
257 4190 495 4259 Χριστὸν
518 4188 855 4260 ἐπιπόθητον
885 4187 1030 4254 λίαν,
1063 4190 1159 4241 καὶ
1183 4188 1244 4241 τὸ
1273 4188 1554 4259 βδέλυγμα
1586 4190 1739 4259 ἡγεῖ-

151 4277 270 4333 σθαι
315 4281 466 4335 άπαν
512 4281 716 4352 σαρκὸς
758 4280 940 4351 ἔργον.
1003 4277 1172 4344 Εῦξαι
1221 4276 1422 4352 [εὖξαι]
1449 4320 1464 4346 ,
1517 4280 1737 4349 ἀδελφὲ,

146 4370 516 4444 ὀσφρανθῆναί
564 4391 634 4444 με
666 4373 762 4444 τῆς
812 4373 1042 4436 εὐωδίας
1083 4372 1329 4444 ταύτης,
1377 4373 1470 4425 τὸν
1499 4373 1735 4426 ὀδωδότα

147 4465 251 4526 τοῖς
284 4466 542 4521 πάθεσιν.
585 4460 752 4528 Οὗτος
782 4467 811 4518 6
846 4465 1066 4535 πρῶτος
1111 4466 1290 4534 λόγος.
1345 4465 1403 4518 '0
1449 4465 1735 4537 δεύτερος,

148 4557 272 4626 περὶ
313 4558 408 4612 τοῦ
465 4557 796 4612 Ἀνατολίου.
865 4557 955 4620 Ὠς
986 4557 1231 4628 λυπηρόν
1284 4575 1376 4628 μοι
1417 4557 1479 4610 τὸ
1530 4559 1736 4629 πτῶμα

1927 2879 2157 2952 Semper
2179 2883 2372 2940 solitus
2388 2900 2449 2941 es
2468 2885 2740 2958 prolixius
2759 2887 2940 2946 facere
2959 2889 3266 2950 litterarum
3288 2912 3447 2954 exor-

1844 2973 1995 3027 dium
2031 2991 2045 3029 :
2077 2975 2206 3030 dum
2230 2976 2466 3047 plurima
2504 2979 2561 3035 in
2584 2995 2684 3038 nos
2704 2983 2802 3053 qui
2829 2984 3042 3057 indigni
3066 3003 3280 3056 sumus,
3307 3007 3443 3046 con-

1842 3066 1986 3135 geris
2009 3070 2278 3136 encomia,
2306 3085 2416 3126 non
2447 3087 2573 3128 vera
2601 3075 2690 3129 illa
2713 3077 2956 3148 quidem,
2999 3082 3092 3137 sed
3117 3091 3299 3139 tamen
3323 3089 3444 3142 sin-

1842 3160 2052 3226 gularis
2108 3161 2504 3219 benevolentiae
2554 3180 2902 3237 argumenta.
2954 3173 3026 3227 At
3081 3189 3183 3245 ego
3226 3179 3440 3246 paucis.

1843 3250 1986 3317 Quid
2014 3253 2120 3307 hoc
2153 3253 2254 3308 ?ut
2277 3263 2425 3310 recte
2479 3257 2664 3315 valeas
2693 3261 2748 3315 in
2797 3261 3055 3332 Domino,
3096 3265 3269 3323 frater
3320 3270 3438 3325 mi:

1857 3345 2157 3402 ferventior
2184 3347 2364 3406 factus
2422 3352 2478 3406 in
2509 3354 2648 3420 dies,
2690 3364 2805 3410 tum
2834 3365 2896 3412 ut
2937 3357 3143 3416 Christi
3173 3363 3442 3419 cliaritate

1840 3433 2109 3502 quidlibet
2131 3435 2306 3505 ipsius
2325 3455 2491 3496 causa
2514 3445 2820 3514 perpetiare
2837 3486 2855 3515 ,
2882 3456 2997 3503 tum
3021 3461 3083 3505 ut
3104 3452 3320 3507 nihilex
3346 3470 3442 3509 so-

1840 3529 2030 3582 cordia
2052 3533 2456 3598 praetermittas.
2488 3535 2667 3606 Atque
2699 3538 2908 3594 utinam
2934 3541 3119 3598 fervor
3146 3545 3244 3600 tibi
3275 3561 3438 3603 meu-

1841 3619 1910 3673 tis
1942 3622 2105 3686 adsit,
2138 3631 2198 3676 ut
2231 3639 2356 3678 cum
2396 3636 2591 3682 sancto
2641 3628 2843 3687 Davide
2897 3635 3079 3704 possis
3141 3639 3395 3696 accinere
3419 3682 3436 3698 .

1843 3713 2302 3778 Quemadmodum
2326 3718 2592 3774 desiderat
2622 3737 2803 3778 cervus
2838 3725 2908 3779 ad
2948 3727 3117 3798 fontes
3151 3746 3439 3803 aquarum,

1840 3805 1917 3856 ita
1962 3806 2230 3862 desiderat
2299 3813 2484 3866 anima
2529 3830 2645 3870 mea
2674 3816 2746 3869 ad
2777 3825 2848 3886 te,
2891 3819 3033 3877 Deus
3062 3823 3128 3880 ¹⁸.
3163 3825 3221 3879 ld
3255 3837 3438 3882 autem

1841 3914 2042 3970 magno
2070 3905 2257 3958 animo
2291 3908 2574 3972 cecinerit,
2599 3911 2853 3983 quisquis
2885 3917 2970 3970 vel
3005 3927 3241 3989 purgato
3287 3921 3438 3990 jam-

1841 3994 2049 4048 dudum
2121 3997 2287 4052 corde
2325 3998 2525 4067 fuerit,
2557 4003 2644 4057 vel
2701 4008 2991 4077 purgando
3043 4011 3135 4066 det
3183 4029 3434 4084 operam.

1853 4102 1873 4135 ‹
1909 4081 2009 4140 Ubi
2041 4088 2188 4142 enim
2217 4094 2470 4161 purgatio
2502 4103 2607 4160 est,
2637 4098 2792 4153 utait
2815 4098 3147 4174 Theologus,
3180 4081 3254 4160 ibi
3307 4107 3436 4162 illu-

1840 4176 2071 4232 minatio
2101 4180 2165 4233 η.
2197 4198 2217 4232 ι
2258 4180 2434 4248 Quam
2469 4185 2598 4240 felix
2632 4187 2726 4243 ille
2767 4191 2988 4249 animus
3021 4206 3126 4263 εει,
3156 4198 3246 4252 cui
3275 4214 3435 4254 sum-

1840 4286 1930 4325 ma
1959 4283 2211 4330 votorum
2246 4285 2332 4332 est
2368 4282 2557 4335 omnia
2612 4292 2835 4356 propter
2864 4286 3144 4345 Christum
3174 4295 3383 4364 perpeti
3413 4311 3429 4348 :

1839 4375 1896 4419 et
1928 4366 2359 4425 abominandum
2408 4388 2640 4429 censere
2687 4390 2851 4434 omne
2872 4383 3057 4438 carnis
3087 4397 3226 4454 opus
3253 4387 3266 4440 Ξ
3300 4385 3430 4456 Ora,

1841 4458 2033 4528 frater,
2071 4472 2130 4516 ut
2157 4479 2384 4520 suavem
2426 4467 2574 4523 hunc
2604 4469 2829 4526 odorem
2853 4473 3132 4543 olfaciam,
3157 4487 3213 4534 et
3232 4495 3433 4534 aerum-

1841 4569 2035 4609 narum
2052 4560 2406 4627 perpessione
2424 4562 2719 4618 redoleam.
2749 4563 2876 4622 Haec
2900 4569 3050 4637 prior
3078 4585 3210 4641 pars
3225 4575 3436 4630 oratio-

149 4645 326 4699 αὐτοῦ’
360 4649 506 4724 πλὴν
538 4649 889 4720 ἀπεδεξάμην
923 4666 1019 4702 σου
1048 4649 1152 4720 τὴν
1181 4652 1448 4724 ἰατρείαν.
1485 4653 1608 4706 Ἔτι
1637 4649 1731 4706 οὖν

1842 4648 1946 4701 nis.
1978 4647 2187 4715 Altera,
2212 4650 2279 4705 de
2309 4653 2584 4709 Anatolio.
2620 4653 2797 4722 Quam
2829 4661 3065 4717 acerbus
3113 4665 3247 4719 mihi
3281 4666 3433 4723 illius

150 4737 508 4819 ἐπιμελήθητι
554 4743 722 4797 αὑτοῦ
754 4742 1064 4812 φιλαδέλφῳ
1110 4742 1373 4798 διαθέσει.
1425 4744 1482 4797 Ὀ
1511 4745 1696 4816 τρίτος
1716 4785 1732 4811 ν

151 4832 274 4903 περὶ
304 4827 376 4889 ὧν
407 4836 734 4909 προέτεινας
767 4835 1102 4905 κεφαλαίων.

216 5026 294 5084 A'.
343 5029 472 5087 Ἐὰν
504 5030 790 5104 όρθόδοξος
828 5031 1144 5103 διαϐληθεὶς
1181 5033 1256 5097 ὠς
1306 5035 1382 5107 μὴ
1433 5037 1732 5112 κοινωνῶν,

151 5125 348 5198 ποιήσῃ
397 5126 657 5198 σταυρὸν,
703 5126 786 5178 ὅτι
811 5126 1091 5180 Κοινωνῶο
1125 5125 1294 5197 μηδὲν
1327 5127 1517 5199 ἕτερον
1560 5129 1732 5180 πολυ-

153 5219 559 5291 πραγμονηθεὶς
584 5217 740 5289 παρὰ
765 5217 874 5272 τῶν
894 5218 1216 5289 αίρετικῶν’
1237 5219 1405 5273 αὑτοῦ
1432 5220 1490 5273 δὲ
1518 5220 1738 5292 ἔχοντος

158 5305 381 5380 ιρύδδην
397 5311 476 5383 τῷ
494 5309 765 5380 λογισμῶ·
795 5311 992 5381 ὅτιπερ
1021 5309 1114 5375 Ἐξ
1145 5309 1430 5382 ὀρθοδόξου
1462 5314 1739 5368 κοινωνῶν

157 5391 281 5458 εἰμι·
321 5402 419 5456 οὐκ
449 5400 739 5472 οἰκονομία
781 5401 845 5454 τὸ
865 5399 1132 5465 τοιοῦτον,
1168 5401 1306 5455 ἀλλὰ
1347 5405 1610 5472 προδοσία
1637 5406 1737 5476 τῆς

160 5481 419 5557 ἀληθείας.
436 5498 511 5550 Τὸ
539 5495 817 5567 ἐπιτίμιον
844 5496 1217 5568 ήμισευμένον
1244 5497 1381 5568 πρὸς
1407 5500 1499 5552 τὸν
1519 5499 1738 5569 όλοτρό.

158 5587 262 5639 πως
287 5585 350 5653 τῇ
379 5587 591 5651 αἱρέσει
625 5589 1059 5660 κοινωνήσαντα.
1097 5588 1271 5642 Πόσον
1298 5590 1354 5643 δὲ
1402 5591 1464 5644 τὸ
1488 5592 1734 5646 τοιοῦτον

1833 4739 2020 4810 lapsus
2051 4744 2291 4799 exstitit!
2331 4743 2436 4800 Sed
2463 4756 2647 4802 tamen
2674 4751 2899 4820 gavisus
2919 4768 3042 4810 sum
3067 4760 3433 4819 medicatione

1835 4840 1945 4887 tua.
1980 4833 2175 4890 Adhuc
2209 4836 2373 4906 igitur
2408 4839 2556 4895 illius
2598 4858 2790 4900 curam
2824 4845 2970 4903 habe
3017 4849 3262 4907 fraterno
3300 4855 3432 4911 all’e-

1833 4938 1949 4984 ctu.
1981 4928 2188 4999 Tertia,
2222 4934 2289 4987 de
2317 4935 2591 5004 capitibus
2617 4954 2739 5009 qua:
2784 4945 3140 5013 proposuisti.

1907 5022 1947 5074 ἰ.
1970 5020 2028 5076 Si
2050 5025 2394 5084 orthodoxus
2411 5040 2703 5087 accusatus
2720 5036 2865 5104 quod
2893 5051 3004 5092 non
3035 5043 3428 5111 communicet,

1834 5114 1978 5171 facta
2023 5132 2187 5174 cruce
2209 5120 2410 5176 dixerit
2445 5142 2458 5178 :
2495 5123 2858 5185 Communico
2893 5169 2910 5197 ,
2938 5131 3076 5187 nihil
3109 5134 3160 5190 ei
3190 5138 3432 5208 amplius

1838 5212 2040 5280 negotii
2087 5210 2488 5272 lacessentibus
2537 5218 2811 5278 haereticis
2845 5225 3031 5290 ;clam
3081 5240 3265 5285 autem
3308 5234 3429 5302 ipso

1836 5305 2073 5362 habente
2096 5308 2241 5362 istud
2277 5307 2333 5363 in
2365 5311 2572 5379 animo,
2641 5328 2768 5370 cum
2803 5317 3126 5377 orthodoxis
3177 5337 3430 5382 commu-

1836 5401 2000 5469 nico;
2036 5418 2147 5458 non
2171 5406 2511 5474 dispensatio
2545 5408 2693 5465 istud
2725 5421 2827 5480 est,
2875 5416 2971 5470 sed
3013 5417 3254 5485 proditio
3286 5425 3429 5478 veri-

1836 5497 1987 5551 tatis.
2017 5495 2310 5554 Dimidium
2342 5501 2473 5558 huic
2502 5504 2849 5563 subeundum
2873 5525 3051 5580 paena
3086 5530 3209 5582 quae
3237 5519 3286 5571 ei
3309 5528 3428 5572 sta-

1835 5589 2011 5645 tuitur
2036 5591 2133 5661 qui
2158 5593 2318 5662 plane
2347 5595 2542 5651 haeresi
2581 5604 3028 5661 communicarit.
3051 5605 3267 5674 Quanta
3294 5627 3428 5668 vero

155 5664 250 5736 ἤδη
277 5677 679 5751 προερωτηθεὶς
710 5683 804 5733 καὶ
828 5679 1182 5751 ἀποκριθεὶς,
1214 5684 1473 5753 περιττόν
1504 5686 1619 5736 ἐστι
1649 5683 1731 5746 δὶς

1842 5696 1894 5736 ea
1922 5684 2014 5750 sit,
2043 5699 2170 5738 cum
2218 5686 2285 5740 ad
2319 5687 2712 5760 interrogatum
2736 5694 2849 5764 jam
2891 5707 3050 5753 antea
3098 5715 3428 5771 responsum

156 5757 218 5810 τὰ
242 5762 376 5820 αὐτὰ
399 5771 820 5827 ἐπανακυκλεῖν.

226 5876 266 5908 ⁸³
300 5881 432 5943 Gen.
469 5906 562 5956 xu,
598 5891 648 5945 1.
757 5891 800 5922 ιδ
830 5890 1031 5947 Jerem.
1067 5906 1293 5956 xxxvm,
1345 5892 1415 5946 95
1454 5909 1605 5963 seqq.

1826 5779 1917 5842 sit,
1946 5792 2407 5848 supervacaneum
2450 5794 2534 5837 cst
2556 5784 2639 5841 bis
2671 5787 2859 5843 eadem
2900 5791 3119 5848 iterare.

1696 5895 1737 5924 ιδ
1775 5893 1896 5949 Psal
1955 5912 2064 5962 xw,
2093 5895 2178 5949 15.
2261 5896 2301 5926 ¹⁶
2325 5895 2482 5966 Greg.
2512 5898 2642 5957 Νη.
2677 5914 2820 5960 orat.
2844 5908 2932 5972 39,
2954 5925 3057 5980 pag
3090 5911 3214 5969 728.
