3990 6318
572 350 712 419 1239

1751 358 1813 418 S.
1845 357 2241 419 THEODORI
2275 358 2624 421 STUDIT/B

3737 365 3881 431 12:10

637 471 705 527 ll.
741 469 800 526 Si
831 469 958 541 quis
995 469 1292 541 impiorum
1353 485 1546 538 suasu,
1598 486 1792 527 eorum
1845 471 2160 541 conspectui

2340 472 2416 529 B'.
2471 475 2598 528 Ἐαν
2627 492 2710 539 τις
2755 477 2894 546 πρὸς
2924 477 3306 548 πληροφορίαν
3339 479 3454 534 τῶν
3506 481 3744 536 ἀσεϐῶν
3795 487 3881 536 ἐπ’

561 563 760 635 prodat
797 563 1174 635 presbyterum
1235 564 1537 620 latitantem
1580 575 1801 634 propter
1832 572 1995 618 rectae
2031 562 2158 617 ﬁdei

564 659 784 727 dogma,
816 671 917 711 nec
944 657 1232 712 haereticos
1266 665 1811 718 commemorantem,
1834 663 1890 709 et
1938 656 2007 708 ab
2041 654 2164 724 ipso

566 752 666 806 ﬁat
724 764 1009 804 sacrorum
1065 750 1450 820 mysteriorum
1497 749 1811 820 particeps:
1843 756 1898 802 et
1923 748 2028 802 iste
2053 789 2069 813 ,
2103 756 2166 802 ut

566 841 817 911 proditor
840 839 1112 906 veritatis,
1144 842 1197 894 in
1231 856 1449 912 pugnam
1483 856 1629 896 anno
1666 856 1776 896 uno
1802 857 1831 896 a
1856 841 2029 896 sacris
2067 840 2165 895 ab-

568 936 795 990 attineat.

638 1025 728 1079 lll.
781 1025 839 1081 Si
889 1027 1011 1097 quis
1070 1025 1339 1096 juraverit
1390 1041 1490 1081 nec
1549 1041 1608 1081 se
1659 1026 1903 1080 divinam
1968 1025 2161 1095 imagi-

569 1135 694 1176 nem
730 1123 1112 1182 adoraturum,
1145 1136 1244 1175 nec
1277 1121 1614 1176 orthodoxos
1646 1121 1948 1176 monachos
1977 1135 2164 1175 susce-

569 1224 792 1284 pturum
827 1230 842 1273 ;
904 1225 1026 1281 post
1061 1212 1449 1282 jusjurandum
1511 1222 1694 1266 autem
1731 1212 1947 1281 culpam
1994 1227 2162 1280 agno-

569 1322 731 1362 scens
793 1307 1101 1377 resipiscat,
1132 1317 1187 1360 et
1252 1309 1444 1360 adoret
1503 1306 1717 1360 occulte
1757 1323 1771 1360 :
1809 1321 1976 1376 grave
2026 1305 2165 1359 deli-

565 1408 714 1454 ctum
750 1416 764 1463 ;
794 1399 905 1468 jam
962 1397 1241 1453 Christum
1294 1398 1383 1452 ille
1417 1412 1480 1452 ac
1510 1398 1796 1468 Deiparam
1843 1406 1897 1451 et
1944 1406 2164 1451 sanetos

567 1489 805 1560 ejuravit
839 1508 850 1542 :
881 1488 1059 1542 tribus
1096 1488 1258 1543 annis
1302 1489 1392 1544 ille
1419 1488 1621 1543 divinis
1656 1487 1931 1559 mysteriis
1969 1502 2161 1542 arcea-

571 1593 680 1650 tur,
717 1600 828 1638 non
859 1585 979 1640 sine
1010 1597 1207 1653 magna
1249 1583 1607 1637 humanitate.

639 1675 730 1730 IV.
769 1673 972 1744 Siquis
1021 1689 1117 1743 per
1150 1675 1676 1743 metumimaginem
1695 1672 1897 1727 Christi
1935 1681 2160 1744 pungat,

565 1768 653 1822 vel
697 1768 872 1822 sancti
923 1765 1259 1835 cujuslibet;
1319 1782 1415 1836 per
1459 1781 1667 1821 annum
1714 1782 1742 1818 a
1775 1767 2165 1821 communione

568 1859 945 1930 prohibeatur.

642 1950 706 2004 V.
743 1951 799 2006 Si
824 1951 948 2022 quis
979 1951 1238 2031 sacerdos
1280 1950 1599 2005 hareticum
1640 1949 1858 2018 publice
1921 1960 2163 2002 comme-

571 2050 768 2100 moret.
809 2041 1061 2109 privatim
1090 2052 1270 2095 autem
1302 2040 1369 2092 ab
1393 2039 1706 2093 orthodoxo
1729 2039 1914 2107 aliquo
1956 2038 2010 2090 in
2041 2051 2165 2090 ora-

570 2133 775 2186 torium
809 2142 1060 2196 vocatus,
1090 2145 1528 2187 commemorare
1572 2130 1886 2184 luereticum
1921 2129 2060 2183 nolit
2092 2143 2162 2182 an

567 2224 888 2294 religiosum
922 2223 1203 2277 hominem
1237 2230 1452 2292 oportet
1480 2221 1533 2275 in
1558 2220 1801 2275 oratorio
1830 2221 1936 2275 isto
1972 2234 2164 2290 preces

569 2331 833 2388 peragere
863 2317 886 2370 ?
911 2315 1153 2369 Minime.

646 2409 734 2465 Vl.
761 2410 844 2465 An
885 2411 1060 2479 possit
1091 2407 1292 2476 aliquis
1347 2415 1513 2472 recte,
1547 2408 1678 2460 dum
1731 2413 1955 2475 peccata
1985 2404 2185 2474 pretiis.

570 2505 774 2574 expiat,
796 2505 1070 2559 asciscere
1105 2503 1342 2571 aliquem
1379 2501 1481 2554 sibi
1507 2500 1717 2553 socium
1744 2498 1810 2551 ad
1835 2499 2161 2553 levationem

568 2611 765 2666 paenae.
799 2595 959 2648 Circa
989 2595 1435 2649 communionem
1465 2591 1711 2660 quidem,
1743 2591 1970 2644 minime
2002 2607 2016 2641 :
2057 2589 2164 2642 cir-

570 2704 634 2742 ca
667 2688 771 2742 alia
801 2697 1007 2753 autem,
1052 2702 1163 2741 non
1211 2686 1440 2739 omninn
1481 2683 1930 2752 improbandum.
1975 2681 2163 2753 Neque

570 2801 703 2841 vero
733 2784 1102 2854 eleemosynis
1145 2799 1240 2852 per
1279 2799 1337 2838 se
1384 2784 1502 2851 ipse
1546 2790 1723 2850 potest
1761 2781 2060 2849 quidquam
2093 2795 2162 2833 ex

572 2894 642 2934 eo
673 2877 1001 2934 subtrahere
1031 2877 1176 2946 quod
1217 2887 1303 2932 est
1353 2875 1668 2930 deﬁnitum:
1725 2873 1863 2928 Nam
1919 2873 2013 2941 qui
2045 2887 2162 2941 pte-

574 2987 701 3026 nam
739 2972 968 3041 irrogat,
1005 2969 1158 3024 novit
1207 2968 1434 3024 omnino
1491 2977 1545 3022 et
1579 2982 1895 3037 personam.
1934 2976 1988 3018 et
2021 2975 2159 3018 tem-

570 3080 700 3135 pus,
733 3073 787 3119 et
808 3064 1062 3132 adjuncta
1090 3061 1445 3131 perpendere,
1477 3071 1538 3115 ut
1578 3062 1806 3114 relaxet.
1841 3058 1976 3113 Nam
2006 3067 2163 3113 certo

572 3158 701 3219 line,
748 3157 906 3225 juxta
940 3169 1185 3210 canones
1235 3153 1332 3222 qui
1366 3162 1497 3207 sunt
1547 3152 1936 3220 contingenter
1967 3150 2156 3220 positi,

573 3265 681 3302 non
738 3256 977 3317 possunt
1024 3248 1126 3301 ista
1186 3245 1627 3314 comprehendi:
1693 3243 2156 3313 quemadmodum

576 3354 809 3409 magnus
841 3339 957 3407 ipse
987 3337 1223 3392 Basilius
1265 3338 1405 3391 dixit
1431 3338 1496 3390 ".
1541 3336 1686 3390 Datis
1718 3335 1866 3389 enim
1901 3335 2161 3404 episcopo

575 3441 898 3502 potestatem
931 3430 1168 3501 augendi
1209 3445 1275 3484 ac
1300 3430 1632 3488 remittendi.
1678 3445 1786 3483 non
1820 3443 1886 3482 ex
1921 3429 2162 3482 necessi-

574 3536 685 3583 tate
706 3526 957 3581 videlicet
975 3525 1309 3580 ineluctabili
1339 3539 1612 3578 canonem
1635 3523 1840 3586 sanxit,
1866 3522 1957 3574 sed
1981 3522 2161 3590 qunad

574 3621 697 3690 ejus
728 3618 847 3674 ﬁeri
878 3625 1096 3689 potest:
1146 3627 1204 3669 ut
1233 3617 1326 3685 qui
1361 3618 1474 3681 dat,
1518 3614 1987 3684 quemadmodum
2043 3614 2159 3678 det,

573 3714 779 3767 videat.
813 3710 1000 3778 Neque
1032 3709 1180 3762 enim
1227 3723 1328 3778 ego
1357 3707 1582 3761 humilis
1616 3706 1906 3760 detiniendi
1947 3705 2156 3775 cupidi-

574 3817 686 3862 tate
725 3806 820 3860 sed
857 3806 907 3858 vi
938 3805 1189 3866 adactus,
1227 3812 1280 3856 et
1311 3801 1534 3871 quidem
1564 3799 1728 3853 dandi
1761 3798 1980 3853 consilii
2028 3813 2162 3852 cau-

575 3918 657 3967 sa,
689 3909 747 3952 ut
787 3913 930 3968 sat-pc
956 3898 1070 3951 dixi
1111 3895 1415 3965 respondeo
1451 3895 1515 3947 ad
1553 3893 1860 3962 propositas
1883 3891 2016 3943 mihi
2045 3891 2161 3945 sive

575 4011 605 4049 a
648 4003 719 4055 te,
777 3992 894 4045 sive
947 3990 1015 4044 ab
1056 3988 1165 4042 alio
1207 3987 1562 4057 quaestiones.
1616 3984 1890 4038 Czeterum
1925 3999 2025 4052 pro
2072 3999 2159 4036 me

577 4084 769 4138 humili
799 4097 1024 4152 precare
1055 4097 1068 4132 :
1096 4093 1195 4148 pro
1224 4078 1435 4131 viribus
1472 4091 1630 4145 opem
1665 4075 1732 4128 iis
1759 4075 2031 4144 praebens,
2063 4075 2156 4143 qui

574 4187 796 4248 propter
846 4175 1024 4229 Studii
1053 4173 1268 4241 negotia
1297 4171 1590 4235 dimicant,
1625 4169 2074 4238 quandocunque
2105 4179 2160 4222 et

576 4270 894 4337 ubicunque
950 4265 1159 4319 valebis
1215 4264 1272 4317 in
1322 4263 1579 4317 Domino.
1641 4260 1854 4314 Salutat
1902 4268 1954 4313 te
1993 4260 2160 4316 frater

573 4359 857 4415 Nicolaus.

645 4473 788 4527 XLI.
820 4502 892 4514 —
928 4470 1218 4538 Theophila
1253 4467 1447 4539 Ephesi
1489 4466 1800 4539 [episcopo].

2187 3199 2230 3254 C

2268 563 2459 636 δψεσιν
2496 567 2680 620 αὐτῶν
2721 568 2936 636 ἐνεγκο.
2985 573 3443 643 κρυπταζόμενον
3488 575 3882 648 πρεσϐύτεραι

2267 657 2410 710 κατὰ
2441 657 2502 709 τὸ
2525 658 2627 728 τῆς
2655 658 2972 729 ὀρθοδοξίας
2994 661 3196 732 δόγμα,
3219 664 3314 717 καὶ
3349 665 3486 735 μηδὲ
3519 665 3881 736 ἀναφέροντα

2265 749 2564 818 αἱρετικόψ
2595 751 2692 804 καὶ
2725 752 2863 821 πρὸς
2885 754 3052 807 αὐτοῦ
3080 754 3299 825 μεθέξοι
3331 756 3443 810 τῶν
3467 759 3877 829 ἁγιασμάτων·

2267 840 2363 891 καὶ
2393 831 2550 902 οὗτος
2587 838 2661 903 ὡς
2695 841 2966 914 προδότης
2999 843 3100 914 τῆς
3127 843 3424 914 ἀληθείας,
3479 849 3546 900 τὸ
3584 848 3881 918 ἐπιτίμιον

2266 928 2443 999 ἐχέτω
2467 932 2716 985 ἐνιαυτὸν
2743 934 2954 1006 ἁποχὴν
2981 935 3094 989 τῶν
3123 936 3504 1007 ἁγιασμάτων.

2338 1024 2416 1077 I".
2468 1025 2596 1079 Ἐάν
2623 1043 2708 1089 τις
2741 1027 2946 1098 ὀμόσας
2980 1027 3056 1100 μὴ
3087 1031 3416 1100 προσκυνεῖν
3457 1029 3621 1084 θείαν
3655 1033 3876 1094 εἰκόνα.

2272 1117 2400 1186 μήτ’
2447 1113 2514 1171 αὖ
2564 1117 2822 1186 δέξασθαι
2875 1120 3157 1191 όρθόὸοξον
3199 1121 3506 1191 μονάζοντα
3577 1126 3733 1192 μετὰ
3778 1128 3879 1195 τὴν

2267 1210 2617 1279 ὁρκωμοσίαν
2643 1210 2802 1276 εἰδὼς
2831 1212 2892 1266 τὸ
2921 1215 3174 1282 πταῖσμα
3192 1252 3207 1276 ,
3239 1218 3476 1286 μετανοῇ
3503 1257 3520 1279 ,
3558 1216 3666 1269 καὶ
3705 1233 3878 1289 προσ-

2270 1301 2404 1370 κυνῇ
2451 1303 2741 1372 κρυπτῶς·
2791 1303 2933 1375 βαρὺ
2981 1306 3043 1360 τὸ
3069 1305 3273 1377 πτῶμα
3294 1323 3308 1336 ο
3345 1308 3446 1378 ήδη
3476 1308 3723 1378 ἔξαρνος
3754 1311 3878 1378 ἑγέο

2268 1411 2390 1447 νετο
2421 1395 2702 1466 Χριστοῦ,
2745 1399 2847 1469 τῆς
2899 1417 2958 1454 τε
3010 1400 3274 1455 Θεοτόκου
3301 1440 3316 1467 ,
3370 1401 3465 1454 καὶ
3501 1402 3620 1457 τῶν
3670 1405 3873 1472 ἁγίων·

2268 1486 2456 1557 τριετῆ
2482 1489 2672 1558 χρόνον
2701 1491 2975 1562 εἰργέσθω
3006 1494 3115 1548 τῶν
3137 1491 3520 1566 άγιασμάτωνζ
3556 1495 3663 1549 σὺν
3699 1497 3871 1568 πολλῇ

2269 1575 2684 1650 φιλανθρωπίᾳ.

2339 1672 2412 1724 Δ’.
2468 1671 2596 1725 Ἐάν
2638 1690 2725 1737 τις
2753 1675 2965 1744 χρίσειε
2993 1675 3252 1740 δεδοικὼς
3275 1677 3463 1732 εἰκόνα
3507 1678 3767 1750 Χριστοῦ
3792 1721 3808 1745 ,
3838 1682 3870 1749 ἡ

2267 1777 2411 1824 τινος
2440 1761 2549 1815 τῶν
2580 1763 2772 1832 ἁγίων⁸
2802 1767 3052 1822 ἐνιαυτὸν
3083 1768 3355 1840 εἰργέσθω
3378 1770 3480 1841 τῆς
3512 1774 3840 1837 κοινωνίας.

2336 1935 2422 1989 E'.
2476 1937 2602 1992 Ἐάν
2622 1956 2706 2003 τις
2751 1941 2931 2011 ίερεύς
2959 1941 3210 2015 ἀναφέρῃ
3240 1943 3333 1996 τὸν
3362 1944 3649 2015 αίρετικὸν
3699 1948 3869 2017 δημο-

2267 2025 2379 2096 σίᾳο
2421 2028 2531 2100 ίδίᾳ
2559 2030 2617 2083 δὲ
2652 2033 3141 2104 προσκαλούμενος
3173 2035 3279 2088 ὑπό
3309 2051 3455 2100 τινος
3480 2037 3781 2107 ὐρθοδόξου
3812 2042 3867 2092 ὲν

2265 2119 2579 2193 εὐκτηρίῳ,
2637 2125 2921 2180 στέλλεται
2972 2128 3273 2199 ἀναφέρειν
3323 2128 3413 2182 τὸν
3461 2131 3784 2196 αἱρετικὸν·
3818 2135 3864 2185 εί

2264 2209 2374 2280 ἄρα
2401 2212 2459 2264 ὲν
2487 2213 2566 2284 τῷ
2587 2215 2819 2285 τοιούτῳ
2844 2217 3121 2289 εὐκτηρίῳ
3148 2217 3240 2272 τὸν
3275 2218 3482 2289 ἀκριϐῆ
3508 2219 3594 2272 δεῖ
3624 2228 3866 2292 προσεύ-

2265 2301 2456 2370 χεσθαι
2475 2320 2490 2368 ;
2537 2304 2824 2375 Οὐδαμῶς.

2339 2396 2429 2461 ς’.
2485 2395 2610 2450 Ἐάν
2635 2413 2721 2462 τις
2748 2399 2840 2450 ἐπὶ
2867 2396 2946 2468 τῷ
2965 2399 3151 2468 οἰκείῳ
3169 2399 3430 2470 ἐπιτιμίῳ
3450 2400 3689 2454 δύναται
3723 2403 3863 2456 κατὰ

2265 2483 2422 2552 λόγον
2451 2489 2856 2562 προσλαϐέσθαι
2881 2490 3005 2543 τινὰ
3041 2491 3117 2552 είς
3159 2491 3564 2561 ἐπικουφισμὸν
3604 2493 3704 2545 τοῦ
3741 2497 3860 2547 ὲπι-

2264 2577 2488 2646 τιμίους
2545 2580 2639 2632 ἐπὶ
2679 2581 2779 2649 μὲν
2829 2583 2929 2653 τῆς
2967 2582 3286 2646 κοινωνίας,
3318 2582 3612 2652 οὐδαμῶς·
3668 2587 3768 2639 ἐπὶ
3807 2585 3862 2638 δὲ

2264 2667 2373 2719 τῶν
2421 2667 2620 2730 ἄλλων.
2659 2671 2759 2723 οὐκ
2795 2671 3126 2742 ἀπόϐλητον.
3175 2669 3313 2724 Οὐτε
3357 2670 3415 2723 δὲ
3453 2671 3859 2741 ὲλεημοσύναις

2262 2758 2465 2813 δύναιτ’
2491 2760 2558 2813 ἂν
2598 2762 2848 2830 ὑφαιρεῖν
2874 2781 2929 2817 τι
2963 2763 3059 2817 τοῦ
3090 2762 3324 2835 ὁρισμοῦ
3363 2764 3439 2828 ὡς
3479 2766 3577 2834 ἀφ’
3633 2767 3854 2822 ἑαυτοῦ.

2275 2849 2333 2904 Ὀ
2363 2853 2472 2923 γὰρ
2500 2854 2870 2922 ὲπιτιμιάζων
2897 2850 3005 2908 οἶδε
3038 2855 3260 2918 πάντως
3282 2853 3378 2908 καὶ
3405 2854 3738 2925 πρόσωπον,
3768 2859 3860 2910 καὶ

2262 2943 2476 3011 χρόνον,
2521 2947 2620 2999 καὶ
2661 2946 2730 2999 τὰ
2764 2947 2922 3010 ἐκτὸς
2966 2947 3288 3016 δοκιμάζειν
3328 2948 3469 3018 πρὸς
3514 2949 3580 3002 τὺ
3615 2950 3856 3019 ὑφεῖναι.

2267 3036 2418 3108 Ὀρῳ
2446 3039 2556 3107 γὰρ
2606 3040 2700 3091 ἐπὶ
2735 3040 2845 3092 τῶν
2890 3039 3257 3110 ἐνδεχομένως
3290 3041 3564 3110 κειμένων
3611 3043 3857 3096 κανόνων

2265 3129 2584 3196 περιλαϐεῖν
2629 3131 2697 3184 τὰ
2737 3131 2962 3184 τοιαῦτα
2991 3131 3089 3202 οὐχ
3119 3126 3230 3184 οἷόν
3277 3148 3334 3185 τε
3357 3170 3373 3194 ,
3399 3131 3591 3196 καθὼς
3628 3135 3794 3198 αὐτὸς
3833 3137 3859 3186 ὁ

2269 3222 2448 3291 μέγας
2498 3223 2780 3287 Βασίλειος
2830 3226 3041 3295 εἴρηκε.
3091 3226 3233 3288 Δούς
3278 3224 3388 3295 γὰρ
3439 3223 3519 3294 τῷ
3567 3227 3856 3299 ὲπισκόπῳ

2265 3314 2516 3379 ἐξουσίαν
2545 3315 2867 3386 προσθήκης
2903 3317 2999 3369 καὶ
3026 3317 3302 3384 ὐφέσεως.
3331 3317 3432 3370 οὐκ
3461 3318 3520 3382 ἐξ
3551 3320 3854 3389 ἀναγκαίου

2264 3410 2433 3479 ἦγουν
2482 3410 2863 3480 ἀπαραιτήτου
2898 3409 2992 3462 τὸν
3025 3411 3226 3462 κανόνα
3257 3409 3436 3472 ἔθετο,
3485 3411 3608 3466 ἀλλ’
3644 3415 3854 3484 ὲνδεχο-

2267 3500 2465 3568 μένους’
2487 3500 2629 3554 ὥστε
2658 3505 2686 3555 ὀ
2709 3502 2907 3566 διδοὺς,
2940 3501 3185 3572 βλεπέτω
3210 3500 3330 3562 πῶς
3353 3500 3507 3554 διδοῖ.
3543 3504 3723 3572 Κάγὼ
3753 3509 3853 3576 γὰρ

2262 3594 2290 3644 ό
2329 3593 2585 3656 ταπεινὸς
2636 3595 2734 3664 οὐχ
2784 3595 3117 3665 ὁριστικῶς,
3177 3592 3292 3646 ἀλλ’
3345 3591 3660 3658 ἑκϐιαετῶς
3691 3637 3706 3660 ,
3739 3599 3850 3667 ἤτοι

2265 3685 2769 3754 συμϐουλευτικῶς,
2802 3688 2878 3751 ὡς
2925 3688 3190 3751 πολλάκις
3218 3687 3447 3760 εἴρηκα,
3479 3691 3850 3761 ἀποκρίνομαι

2262 3779 2396 3847 πρὸς
2421 3778 2520 3842 τὰς
2553 3781 2983 3850 προτεινομένας
3015 3799 3108 3852 μοι
3137 3784 3247 3836 εἴτε
3289 3783 3391 3838 ὐπὸ
3420 3783 3540 3851 σοῦ,
3575 3787 3689 3838 είτε
3723 3786 3849 3855 παρ’

2260 3870 2421 3922 ἄλλου
2448 3872 2693 3937 πεύσεις.
2724 3873 2797 3925 Τὸ
2820 3873 3005 3926 λοιπὸν
3035 3876 3337 3945 προσεύχου
3364 3878 3497 3949 περὶ
3526 3878 3630 3946 τῆς
3659 3895 3844 3931 ταπει-

2259 3964 2476 4028 νώσεώς
2512 3984 2636 4035 μου·
2689 3967 2900 4037 βοηθῶν
2929 3968 2990 4020 τὸ
3033 3970 3174 4022 κατὰ
3217 3969 3449 4040 δύναμιν
3493 3974 3612 4033 τοῖς
3661 3974 3744 4034 εἰς
3783 3973 3847 4024 τὰ

2261 4053 2508 4107 Στουδίου
2539 4057 2877 4120 ὲναθλούσιν,
2914 4059 3147 4128 ἐπείπερ
3167 4060 3262 4112 καὶ
3288 4060 3542 4132 ὅπουπερ
3563 4061 3630 4114 ἂν
3661 4062 3845 4134 ίσχύῃς

2259 4153 2316 4206 ἐν
2353 4149 2563 4220 Κυρίῳ,
2607 4152 2664 4203 '0
2694 4152 2922 4220 ἁδελφὸς
2956 4151 3219 4216 Νικόλαος
3250 4153 3662 4224 προσαγορεύει
3695 4170 3776 4209 σε.

2534 4463 2674 4518 MA'.
2712 4495 2781 4505 —
2821 4464 3087 4533 Θεοφίλῳ
3114 4462 3226 4531 τῆς
3274 4463 3746 4537 Ἐφέσου.[τιζ’.]

1554 4582 1629 4631 De
1662 4583 1847 4630 sanctis
1874 4580 2184 4645 Imaginibus.
2216 4581 2231 4642 (
2267 4581 2439 4629 Uaron.
2474 4593 2549 4627 an.
2578 4577 2687 4636 816,
2711 4592 2760 4627 η.
2788 4575 2890 4640 41.)

647 4694 714 4748 Ει
750 4708 963 4749 sacram
1009 4691 1300 4760 epistolam
1348 4698 1498 4744 tuam
1556 4689 1740 4758 accepi
1776 4698 2037 4757 tanquam
2069 4691 2156 4744 di-

2335 4691 2443 4742 Καὶ
2471 4688 2570 4760 τὴν
2602 4689 2756 4758 ἱεράν
2789 4705 2888 4760 σου
2923 4685 3197 4757 συλλαϐὴν
3235 4682 3513 4754 ἐδεξάμην
3542 4685 3621 4747 ὡς
3649 4683 3842 4754 βιϐλίον

571 4788 779 4842 vinitus
806 4786 1072 4853 scriptum
1101 4784 1384 4848 libellum,
1435 4793 1490 4836 et
1535 4782 1806 4851 eulogiam
1839 4781 2005 4837 simul
2044 4798 2162 4838 sus-

571 4880 691 4949 cepi
733 4878 899 4932 veluti
941 4877 1148 4930 amoris
1182 4875 1622 4928 incitamentum.
1654 4875 1719 4927 Et
1746 4875 1870 4943 quis
1905 4890 2006 4942 ego
2034 4891 2156 4930 sum

572 4972 762 5036 miser,
780 4969 878 5039 qui
905 4984 934 5021 a
971 4976 1162 5022 sancto
1182 4981 1276 5021 ore
1292 4975 1388 5020 tuo
1411 4967 1491 5020 sic
1508 4965 1717 5029 lauder,
1738 4966 1830 5035 qui
1863 4982 1962 5020 nec
1983 4968 2158 5021 corri-

571 5065 714 5135 giam
744 5062 1102 5118 calceameuti
1142 5060 1221 5113 tui
1253 5059 1466 5114 solvere
1497 5057 1696 5126 dignus
1727 5073 1847 5111 sum
1875 5057 1898 5111 ?
1935 5059 2010 5112 En
2047 5058 2152 5112 hu-

575 5155 829 5209 militatis
892 5152 1062 5206 Deum
1126 5151 1439 5206 aemulantis
1499 5151 1826 5219 proprietas.
1885 5147 1988 5213 Tu,
2020 5150 2154 5204 bea-

572 5247 787 5302 tissime
809 5247 994 5310 Pater,
1028 5243 1122 5313 qui
1159 5253 1214 5299 et
1252 5258 1484 5312 magnus
1514 5243 1736 5302 diceris.
1778 5252 1833 5296 et
1851 5243 2153 5306 extolleris,

572 5354 636 5391 ac
666 5335 983 5407 praedicaris
1007 5334 1218 5388 Orienti
1245 5342 1410 5403 atque
1435 5331 1740 5392 Occidonti,
1766 5333 1990 5387 maximi
2027 5349 2158 5403 apo-

571 5425 1100 5496 stoli,evangelistaa
1147 5440 1212 5479 ac
1248 5423 1487 5493 theologi
1526 5424 1782 5477 thronum
1811 5424 1972 5494 digne
2017 5440 2151 5478 cou-

571 5522 843 5574 decorans
878 5533 977 5588 per
1025 5532 1087 5571 ea
1132 5534 1254 5587 qua:
1282 5532 1477 5586 passus
1509 5533 1587 5578 es,
1625 5525 1698 5596 ‘et
1753 5518 1956 5585 pateris
1989 5518 2155 5571 etiam

573 5625 740 5672 nunc,
773 5620 978 5664 sanctae
996 5610 1180 5665 carnis
1222 5620 1328 5663 tua!
1356 5606 1621 5678 sanguine
1659 5607 1827 5660 vitam
1853 5608 2156 5674 illustrans,

573 5710 625 5755 et
666 5701 810 5771 pingi
842 5701 1128 5756 Christum
1187 5702 1455 5756 conﬁtens
1503 5709 1560 5754 ut
1615 5714 1964 5769 corporeum,
2024 5716 2156 5766 non,

653 5814 693 5844 "
723 5814 858 5868 Can.
895 5815 984 5868 74.

2259 4781 2583 4851 θεόγραφον,
2635 4781 2731 4832 καὶ
2790 4779 2890 4848 τὴν
2940 4779 3195 4847 εὐλογίαν
3261 4776 3727 4847 συναπεδεξάμην
3776 4775 3840 4838 ὡς

2256 4873 2424 4926 πόθου
2453 4872 2807 4942 ἐμπύρευμα.
2838 4873 2948 4926 Καὶ
2975 4873 3058 4935 τίς
3090 4874 3206 4940 είμι
3235 4870 3348 4940 ἐγὼ
3377 4872 3406 4924 ὁ
3431 4869 3607 4933 τάλας
3627 4867 3840 4922 τοιαῦτα

2257 4971 2410 5041 παρὰ
2438 4969 2531 5023 τοῦ
2569 4971 2726 5038 ἁγίου
2759 4989 2852 5024 σου
2882 4972 3152 5040 στόματος
3183 4969 3628 5040 εὐφημούμενος,
3659 4970 3687 5020 ὁ
3720 4967 3838 5038 μηδὲ

2251 5061 2346 5114 τοῦ
2373 5061 2532 5115 λῦσαι.
2568 5064 2658 5115 τὸν
2699 5063 2901 5134 ίμὰντα
2932 5062 3026 5115 τοῦ
3057 5062 3405 5132 ὐποδήματὸς
3459 5077 3558 5115 σου
3593 5059 3834 5126 ὲπάξιος;

2257 5154 2360 5206 Ἴδε
2404 5154 2911 5226 ταπεινοφροσύνης
2953 5155 3292 5226 θεομιμήτου
3328 5152 3628 5222 ἰδιώματα.
3664 5154 3768 5222 Σὺ,
3797 5149 3836 5207 ὦ

2256 5245 2642 5315 μακαριώτατε
2680 5248 2989 5319 προπάτορ,
3019 5246 3191 5317 μέγας
3217 5247 3316 5298 καὶ
3347 5246 3714 5316 λαλούμενος,
3747 5267 3832 5320 με·

2253 5335 2618 5404 γαλυνόμενός
2666 5354 2725 5388 τε
2773 5339 2865 5390 καὶ
2898 5337 3293 5406 ἐπαινούμενος
3340 5336 3608 5409 Ἀνατολῇ
3646 5356 3705 5392 τε
3752 5340 3832 5392 καὶ

2254 5428 2434 5480 Δύσειθ
2471 5433 2499 5480 ὁ
2536 5427 2629 5481 τοῦ
2667 5430 2924 5498 μεγίστου
2971 5429 3329 5493 ’Δποστόλου,
3362 5430 3755 5499 εὐαγγελιστοῦ
3779 5448 3830 5484 τε

2257 5523 2350 5573 καὶ
2386 5521 2643 5590 θεολόγου
2696 5521 2985 5594 κοσμήσας
3019 5522 3110 5575 τὸν
3145 5523 3337 5594 θρόνον
3381 5523 3589 5588 ἐπάξια
3615 5565 3631 5589 ,
3676 5525 3739 5578 δι’
3765 5517 3830 5577 ὧν

2254 5609 2521 5679 ἧθληκας,
2554 5613 2649 5664 καὶ
2683 5612 2764 5665 ἑτι
2799 5613 2980 5676 άθλεῖς
3009 5651 3026 5676 ,
3067 5613 3262 5683 αἵμασι
3304 5614 3517 5685 σαρκός
3561 5633 3658 5668 σου
3689 5615 3827 5683 ἁγίας

2254 5699 2583 5772 λαμπρύνας
2620 5702 2713 5754 τὸν
2749 5703 2884 5772 βίον,
2918 5705 3011 5756 καὶ
3048 5703 3283 5775 Χριστὸν
3315 5704 3602 5775 ὁμολογῶν
3635 5705 3827 5777 rma-
