3990 6318
166 377 319 447 ιειι

1371 363 1912 427 EPISTULARUM
1964 364 2114 426 LIB.
2159 365 2244 427 II.

3295 369 3434 434 1242

164 495 384 567 φσσθαι
412 490 489 556 ὡς
514 486 851 559 ἐνσὼματον,
880 483 997 539 ἀλλ’
1024 481 1146 554 οὐχὶ
1169 480 1246 546 ὥς
1271 482 1319 534 οἱ
1348 479 1567 543 ἀσεϐεῖς
1595 481 1749 550 ἐξαρ·

1860 476 2004 533 sicut
2033 478 2188 548 impii
2225 475 2454 543 faciunt,
2519 491 2748 548 negans,
2782 479 3006 548 quando
3037 479 3254 553 depingi
3303 499 3430 538 eum

159 589 461 657 vodpsvoc'
503 584 594 637 ἐπ’
636 581 701 636 ἂν
743 581 803 634 οὐ
837 579 1082 650 δέχονται
1111 575 1278 630 αὐτὸν
1325 571 1747 643 είκονιζόμενον.

163 682 252 735 Ὃ
277 680 389 750 γὰρ
414 677 516 730 οὐκ
541 673 886 738 είκονίζεται,
918 670 1038 724 οὐδὲ
1065 667 1398 748 ἐνσώματον.
1440 664 1544 718 Ἐῶ
1568 664 1751 732 λέγειν

156 774 372 842 ὃτιπερ
403 770 500 824 καὶ
528 767 758 836 ἄγγελος
785 764 862 818 ῶν
890 761 1202 832 ἀσώματος,
1231 760 1517 830 αἰσθηταῖς
1544 758 1751 812 εἰκόσιν

157 866 287 919 ὑπὸ
315 864 426 917 τῶν
453 861 720 930 θεολόγων
741 855 1156 927 ἀναγράφεσθαι
1184 851 1562 923 παραδέδοται.
1594 851 1658 904 Oi
1691 850 1751 902 δὲ

155 961 269 1014 καὶ
312 957 407 1009 τὸν
429 953 745 1024 ἐνσώματον
766 949 1050 1017 δεσπότην,
1077 947 1172 1000 καὶ
1200 945 1290 999 τὸν
1314 943 1606 1014 ἀσώματον
1635 942 1752 996 δοῦο

154 1054 292 1116 λον,
321 1047 545 1120 προσέτι
575 1047 672 1100 καὶ
699 1046 796 1114 τήν
829 1060 888 1096 τε
917 1039 1012 1094 τοῦ
1039 1037 1174 1093 Θεοῦ
1203 1037 1452 1109 Μητέρα,
1487 1036 1587 1089 σὺν
1614 1036 1749 1089 πᾶσι

155 1145 390 1214 Κυρίου
417 1141 768 1220 θεράπουσιν,
794 1137 1056 1207 ῆρνηνται
1083 1128 1496 1200 ἐγγεγράφθαι,
1531 1127 1618 1220 διά
1641 1126 1751 1178 τῶν

153 1237 407 1291 εἰκόνιον
434 1219 703 1304 ἀριδήλως
742 1223 1252 1296 συναπαρνούμενοι
1290 1221 1360 1275 τά
1391 1219 1748 1291 πρωτότυπα.

155 1332 301 1387 Οὐδ’
326 1329 459 1384 αὐτὸ
485 1326 640 1380 τοῦτο
671 1321 997 1384 ἐννοοῦντες,
1026 1320 1111 1373 ὅτι
1137 1321 1203 1388 τῇ
1230 1317 1512 1388 παραδοχῇ
1540 1314 1634 1368 τοῦ
1670 1314 1750 1365 οί-

154 1426 328 1479 κείου
354 1419 700 1493 χαρακτῆρος
727 1415 788 1470 τὸ
801 1409 1020 1485 κρατεῖν
1047 1413 1281 1483 ἔχουσιν·
1308 1409 1408 1461 οὐκ
1423 1406 1750 1479 ἀφαιρεθέν-

152 1534 260 1578 τος
308 1515 342 1582 ἢ
371 1509 787 1583 άτιμασθέντος,
836 1505 1113 1576 ἀφῄρηται
1142 1501 1386 1573 δηλονότι
1423 1499 1520 1553 καὶ
1545 1497 1750 1567 ἠτίμω-

153 1625 258 1660 ται
332 1604 515 1657 αὐτῶν
566 1601 628 1655 τὸ
683 1598 907 1672 κράτος.
957 1596 1097 1650 Ἀλλ’
1146 1596 1295 1664 ὅμως
1353 1591 1416 1645 οὐ
1472 1590 1749 1660 βούλονται

158 1695 422 1751 συνιέναι
451 1693 547 1749 τοῦ
573 1692 862 1763 ἀγαθῦναι.
905 1689 1167 1751 Ἐκείνοις
1192 1685 1291 1755 μὲν
1319 1679 1414 1738 οὖν
1443 1685 1523 1746 είς
1546 1681 1751 1749 κέντρα

152 1786 457 1852 λακτίζειν
482 1785 617 1840 ἐστι.
646 1785 717 1837 Σὲ
743 1783 799 1836 δὲ
828 1784 863 1853 ή
893 1780 1132 1851 κραταιά
1173 1779 1296 1850 χεὶρ
1338 1773 1750 1847 περιφυλάξειεν

1853 584 1960 622 non
1993 569 2308 626 admittunt.
2344 569 2498 636 Quod
2517 572 2662 626 enim
2695 584 2807 627 non
2827 572 3154 642 exprimitur
3172 577 3429 646 imagine,

1852 677 1954 717 nec
1986 678 2308 732 corporeum
2337 663 2556 733 quidem
2586 674 2690 720 est.
2723 663 2879 719 Mitto
2899 665 3087 721 dicere
3119 668 3266 737 quod
3298 683 3426 724 cum

1854 754 2084 823 angelus
2115 754 2470 825 incorporeus
2509 756 2598 822 sit,
2642 772 2740 826 per
2764 758 3054 814 sensibiles
3100 759 3368 831 imagines
3397 776 3433 818 α

1852 845 2118 914 theologis
2147 848 2381 918 exprimi
2438 849 2700 903 traditum
2735 857 2834 904 est.
2885 848 2951 902 Hi
2992 859 3174 904 autem
3235 866 3430 920 corpo-

1850 951 2007 990 reum
2044 935 2357 1001 Dominum,
2423 946 2479 992 et
2533 939 2925 1006 incorporeum
2977 938 3266 1001 famulum,
3315 939 3432 994 Ma-

1850 1036 2102 1097 tremque
2129 1028 2222 1084 Dei
2255 1029 2481 1098 insuper
2511 1045 2637 1084 cum
2690 1030 2949 1085 omnibus
2988 1029 3205 1084 Domini
3266 1030 3435 1085 mini-

1852 1121 1980 1177 stris
2019 1122 2236 1192 depingi
2265 1133 2557 1191 negarunt,
2596 1138 2692 1192 per
2731 1124 2995 1193 imagines
3030 1123 3282 1178 videlicet
3303 1139 3432 1194 pro-

1851 1222 2034 1284 totypa
2068 1214 2182 1281 ipsa
2227 1213 2391 1268 simul
2433 1222 2715 1283 negantes.
2750 1212 2939 1282 Neque
2991 1215 3093 1268 hoc
3120 1214 3430 1284 intelligen-

1850 1314 2040 1370 tes,ea
2089 1307 2323 1374 propria:
2369 1306 2556 1376 ﬁgura:
2595 1316 2648 1361 et
2701 1307 3036 1361 characteris
3083 1308 3432 1376 susceptione

1849 1399 1956 1452 vim
1995 1413 2149 1453 suam
2176 1405 2231 1452 et
2262 1407 2459 1452 statum
2492 1399 2783 1454 obtinere:
2814 1414 2923 1468 quo
2958 1398 3193 1459 sublato.
3218 1400 3301 1454 vel
3335 1399 3435 1454 de-

1848 1492 2045 1548 decore
2097 1489 2312 1554 aﬂ‘ecto,
2340 1490 2551 1544 tollitur
2600 1490 2792 1559 procul
2832 1491 3022 1557 dubio,
3060 1500 3116 1546 et
3163 1492 3434 1547 dedecore

1849 1585 2083 1640 aﬂicitur
2135 1600 2328 1639 eorum
2371 1586 2454 1638 vis
2503 1585 2689 1639 omnis
2739 1595 2795 1639 et
2854 1584 3117 1654 dignitas.
3176 1585 3432 1640 Attamen

1850 1677 2154 1746 intelligere
2185 1676 2381 1730 nolunt
2435 1684 2495 1729 ut
2536 1675 2679 1729 bene
2723 1683 2910 1744 agant.
2953 1674 3067 1732 lllis
3097 1685 3280 1730 autem
3332 1675 3432 1730 ad-

1849 1783 2046 1822 versus
2072 1767 2352 1820 stimulum
2390 1767 2680 1822 calcitrare
2734 1765 2889 1820 libet.
2938 1764 3016 1820 Te
3053 1781 3184 1820 vero
3239 1778 3436 1835 potens

155 1880 248 1942 εἱς
302 1846 463 1940 κλέος
506 1875 605 1945 τῆς
640 1846 863 1926 ἑαυτοῦ.
896 1846 1224 1936 ’ἐκκλησίας
1242 1846 1376 1930 ζὼς
1415 1846 1636 1925 στύλον,
1680 1859 1749 1920 ὡς

1860 1875 2058 1915 manus
2111 1858 2386 1914 custodiat
2415 1860 2483 1913 ad
2533 1860 2764 1930 gloriam
2801 1857 3060 1913 Ecclesia:
3085 1872 3218 1922 suae,
3245 1867 3303 1912 ut
3338 1872 3437 1912 co-

157 1968 485 2042 ἑδραίωμα,
525 1967 602 2029 ὼς
631 1965 938 2036 πρόμαχον.
962 1961 1074 2014 Καὶ
1089 1957 1294 2028 ίδοιμέν
1326 1972 1386 2008 σε
1401 1957 1451 2008 oi
1479 1953 1752 2017 ταπεινοὶ,

154 2063 193 2134 ἢ
233 2061 399 2116 ἐνθεν
432 2059 528 2112 ἐπὶ
573 2058 673 2129 τὴν
713 2055 992 2111 Ἀσιάτιδα
1019 2052 1188 2123 χθόνα
1225 2047 1745 2118 ἐπαναστρέφονταο

155 2155 241 2216 ὡς
295 2155 350 2206 oi
405 2152 575 2206 πάλαι
605 2150 713 2205 ἀπὸ
752 2152 852 2218 τῆς
899 2149 957 2200 ἐν
995 2145 1203 2215 Πάτμῳ
1237 2141 1485 2213 φυλακῆς
1515 2140 1618 2210 τὸν,
1654 2135 1751 2189 τοῦ

1859 1951 2128 2017 lumnam,
2179 1961 2239 2005 ut
2298 1949 2742 2016 fundamentum,
2797 1961 2858 2005 ut
2916 1951 3431 2020 propugnaculum:

1847 2043 2241 2112 videamusque
2292 2051 2345 2100 te
2384 2043 2645 2106 humiles,
2686 2052 2781 2097 aut
2846 2043 2972 2095 inde
3041 2044 3096 2094 in
3123 2042 3426 2095 Asiaticam

1847 2141 2047 2188 terram
2075 2135 2413 2200 redeuntem,
2461 2135 2604 2188 sicut
2650 2133 2729 2189 illi
2765 2134 2896 2187 olim
2925 2149 2990 2187 ex
3047 2133 3220 2186 Patmi
3250 2143 3436 2188 custo-

157 2244 513 2314 Εὐαγγελίου
540 2242 712 2312 ἧ)ιον’
744 2240 777 2309 ἢ
809 2241 866 2291 ἐν
885 2239 1135 2310 οὐρανοῖς
1162 2235 1348 2290 ἐπάνω
1377 2233 1513 2287 δέκα
1544 2231 1749 2289 πόλεων

1850 2227 1936 2281 dia
1964 2228 2136 2282 solem
2177 2225 2499 2297 Evangelii;
2543 2234 2638 2281 aut
2702 2227 2758 2281 in
2816 2227 2972 2282 caelis
3022 2242 3192 2298 supra
3237 2225 3431 2282 decem

160 2334 513 2409 ίεραρχικῶς
542 2330 922 2401 δοξαζόμενον.

545 2446 683 2502 MP'.
719 2476 790 2488 ——
828 2443 1133 2510 Θαλελαίῳ
1159 2440 1367 2503 τέκνῳ.
1389 2437 1577 2510 [τκγ’.]

1853 2320 2105 2376 civitates
2141 2321 2186 2353 "
2209 2320 2484 2390 pontiﬁcis
2513 2322 2687 2392 gloria
2709 2322 3050 2375 decoratum.

2271 2432 2433 2490 XLII.
2475 2465 2544 2475 ——
2578 2434 2842 2489 Thalele
2879 2435 3014 2503 ﬁlio.

156 2562 480 2632 Dogmatica.
533 2560 612 2611 De
660 2558 846 2608 sanctis
897 2554 1217 2620 imaginibus.
1277 2551 1529 2632 Advelrsus
1588 2549 1911 2632 Gregoriumﬂ
1941 2525 2372 2632 ddélp‘bie‘nsem,
2414 2546 2503 2607 qui
2565 2541 2903 2595 lconomachis
2963 2542 3256 2593 adhaeserat.
3307 2542 3436 2594 Tum

1411 2609 1743 2673 Cbrysostomi
1776 2610 1913 2658 locus
1945 2609 2241 2668 explicatur.

236 2738 312 2789 'A
353 2733 456 2804 μὲν
487 2724 582 2784 οὖν
621 2728 902 2798 ἐσήμανας
923 2723 1012 2778 διὰ
1040 2723 1138 2793 τῆς
1162 2719 1452 2788 ἐπιστολῆς
1482 2718 1746 2786 ἐπέγνων,

156 2829 384 2883 τέκνον·
434 2822 472 2878 ἃ
521 2822 579 2875 δὲ
624 2819 736 2889 ἐγὼ
778 2814 1183 2888 ἀποκρινοῦμαί
1236 2828 1352 2872 σοι.
1394 2808 1569 2863 ταῦτά
1613 2809 1749 2861 ἐστι·

1922 2714 2054 2780 Quae
2082 2714 2304 2783 quidem
2352 2729 2452 2784 per
2498 2714 2712 2769 litteras
2769 2713 3115 2786 signiﬁcasti,
3147 2714 3286 2783 haec,
3337 2718 3435 2772 ﬁli.

1848 2805 2090 2876 perlegi:
2124 2821 2246 2875 qua:
2272 2806 2516 2860 vicissim
2550 2808 2722 2860 habeo
2748 2807 2846 2860 tibi
2881 2806 3083 2871 dicere,
3138 2808 3254 2864 haec
3284 2820 3433 2865 sunt.

158 2916 546 2974 Στέλλεσθαι
574 2911 734 2981 ἡμᾶς
761 2908 882 2965 ἀπὸ
913 2905 1139 2970 παντὸς
1181 2901 1450 2971 ἀδελφοῦ
1485 2898 1749 2964 ἀτάκτως

1854 2901 2090 2954 Sanctus
2128 2899 2426 2967 Apostolus
2454 2899 2720 2968 praecipit,
2749 2909 2809 2952 ut
2840 2899 3216 2954 sublrahamus
3244 2917 3339 2956 nos
3367 2905 3434 2957 ab

155 3004 648 3078 περιπατοῦντος
672 3043 687 3067 ,
720 2998 1094 3055 διακελεύεται
1131 2998 1159 3050 ὁ
1207 2996 1353 3066 ίερδς
1408 2991 1750 3051 Ἀπόστολος.

1851 2992 1998 3046 σπιηὲ
2016 2991 2185 3060 fratre
2208 2991 2513 3044 ambulante
2551 2991 2856 3047 inordinate
2881 2994 2947 3047 ¹⁹.
2983 2994 3272 3061 Quomodo
3301 3011 3434 3068 ergo

159 3099 292 3162 Πῶς
337 3093 435 3150 οὖν
475 3095 626 3162 λέγει
653 3092 953 3164 Γρηγόριος
981 3091 1011 3143 ὁ
1045 3087 1157 3142 τῶν
1194 3086 1510 3154 Ἀδελφίων,
1541 3082 1749 3149 ἀλόγως

1852 3083 1985 3137 dicit
2009 3081 2303 3152 Gregorius
2355 3081 2757 3151 Adelphiensis,
2805 3098 2901 3139 vos
2961 3086 3139 3156 ipsum
3191 3089 3436 3143 aversari

159 3192 314 3262 ὑμᾶς
345 3189 511 3243 αὑτὸν
537 3182 1010 3257 ἀποστρέφεσθαι,
1042 3181 1206 3233 ὁπότε
1236 3178 1400 3240 αὐτὸς
1437 3177 1536 3246 οὐχ
1563 3172 1749 3236 ἁπλῶς

1856 3172 1975 3226 sine
2008 3186 2172 3226 causa
2209 3172 2474 3242 :quando
2523 3172 2642 3243 ipse
2679 3189 2787 3227 non
2842 3184 3051 3230 tantum
3114 3175 3431 3234 inordinate

161 3283 462 3345 ἀτάκτως,
502 3278 810 3348 ὁλοτρόπως
842 3275 899 3328 δὲ
937 3272 1260 3343 συναπήχθη
1302 3272 1415 3333 τοῖς
1443 3264 1748 3335 Εἰκονομά-

160 3391 278 3445 χοις
305 3414 321 3438 ,
357 3370 688 3442 ὑπογράψας
716 3371 783 3438 τῇ
813 3365 1043 3436 αἱρέσει,
1083 3362 1376 3417 συνεσθίων
1405 3378 1462 3413 τε
1488 3359 1582 3412 καὶ
1613 3374 1751 3427 συμ-

164 3465 342 3519 πίνων
376 3464 475 3518 καὶ
517 3457 1094 3528 συναναστρεφόμενος
1127 3456 1354 3518 αὑτοῖςς
1397 3453 1461 3505 Εί
1503 3451 1562 3503 δὲ
1601 3450 1751 3517 λέγοι

164 3551 660 3624 μετανενοηκέναι,
680 3548 775 3602 καὶ
795 3545 1048 3612 ἐπιτίμια
1070 3545 1316 3615 κρατεῖν·
1342 3540 1570 3604 δειξάτω
1593 3537 1752 3590 τοῦτο

161 3647 232 3700 δι’
263 3646 556 3716 ἐγγράφου
598 3639 889 3712 ὁμολογίας
915 3677 930 3703 ,
979 3634 1397 3707 ἀναθεματίζων
1426 3650 1485 3685 τε
1511 3633 1639 3694 τοὺς
1667 3632 1753 3684 αἱ·

167 3740 422 3808 ρετικοὺς
451 3737 548 3787 σὺν
573 3735 642 3802 τῇ
668 3731 900 3802 αἱρέσει,
925 3731 1021 3783 καὶ
1053 3727 1320 3799 μηδαμῶς
1349 3723 1751 3792 συναπτόμενος

164 3829 375 3889 αὐτοῖς.
408 3825 558 3886 Ἕως
589 3823 633 3875 δ’
668 3823 734 3876 ἂν
762 3820 921 3874 τοῦτο
945 3819 1005 3872 οὐ
1035 3822 1186 3889 ποιῇ,
1219 3815 1586 3885 ἀποτρόπαιος
1622 3815 1751 3883 ὑμῖν

165 3919 309 3972 ἔστω
340 3920 461 3980 τοῖς
489 3912 850 3986 φοϐουμένοις
878 3912 969 3965 τδν
999 3910 1224 3982 Κύριον.
1257 3909 1438 3971 Δόλιος
1466 3908 1574 3977 γάρ
1603 3909 1750 3960 ἐστιν

166 4010 223 4061 ἐν
260 4009 630 4082 προσποιήσει
659 4003 1014 4075 ἐπιστροφῆς,
1045 4002 1413 4072 ὑφελκόμενος
1438 4000 1612 4069 ὑμᾶς,
1655 3996 1751 4050 καὶ

167 4100 522 4171 ὑποσπείρων
541 4097 734 4166 λόγους
752 4092 1061 4164 λοιμώδεις,
1082 4092 1157 4156 ὡς
1181 4093 1246 4145 ἐκ
1276 4091 1567 4162 προσώπου
1591 4087 1750 4156 δῆθεν

165 4193 274 4245 τῶν
305 4191 594 4246 ἐναντίων.
641 4188 805 4241 Ὅθεν
849 4189 913 4240 σὺ
958 4186 1033 4249 ὼς
1075 4185 1425 4252 άτελέστερος
1475 4180 1751 4248 ἐμπαρεὶς

167 4283 235 4352 τῇ
262 4281 504 4346 διαλέξει
523 4277 692 4332 αὐτοῦ
719 4277 1008 4346 ὴπόρηκας
1036 4276 1113 4338 είς
1132 4273 1294 4327 τοῦτο
1322 4273 1566 4324 κάκεῖνο.
1584 4268 1744 4333 Ἀλλ’,

167 4374 359 4446 ἐπειδὴ
405 4373 621 4445 ⁴ᾔτησας
649 4370 746 4440 τὴν
773 4368 950 4434 λύσιν,
979 4368 1156 4432 δέξαιο
1201 4367 1457 4426 συνετῶς.
1491 4365 1565 4416 Τὸ
1593 4365 1747 4434 είρη-

1851 3264 2117 3328 ambulat,
2154 3263 2252 3320 sed
2288 3265 2354 3319 ad
2379 3265 2600 3321 eosdem
2646 3266 2806 3336 plane
2838 3285 3020 3325 mores
3073 3285 3197 3325 cum
3238 3273 3434 3326 lcono-

1851 3357 2061 3412 machis
2099 3358 2296 3414 abduci
2324 3375 2382 3414 se
2413 3375 2610 3427 passus
2657 3367 2765 3425 est,
2816 3362 3174 3420 subscribens
3203 3365 3422 3430 haeresi,

1850 3465 1976 3503 cum
2012 3450 2149 3520 ipsis
2187 3451 2333 3516 cibo,
2375 3459 2530 3521 potu,
2596 3455 2994 3509 consuetudine
3049 3458 3380 3526 coniunctus
3415 3460 3429 3512 l

1850 3540 2004 3608 Quod
2068 3543 2111 3596 si
2143 3542 2343 3598 dixerit
2374 3543 2675 3612 resipuisse
2731 3560 2811 3612 se,
2868 3561 2932 3601 ac
2971 3547 3154 3602 delicti
3211 3565 3434 3619 poenam

1859 3634 2184 3701 exsolvere;
2220 3635 2323 3690 hoc
2362 3637 2479 3705 ipsa
2520 3637 2828 3706 subscripta
2875 3637 3224 3696 confessione
3258 3643 3432 3712 signi-

1851 3726 1994 3790 ﬁcet,
2028 3728 2312 3782 hatreticos
2343 3742 2468 3781 cum
2511 3727 2706 3781 haeresi
2739 3730 3239 3794 anatliematizans,
3277 3733 3431 3787 omni

1849 3833 1974 3872 cum
2015 3818 2150 3888 ipsis
2197 3819 2450 3872 amicitia:
2499 3819 2884 3887 conjunctione
2929 3823 3175 3890 praecisa.
3219 3823 3270 3877 Id
3300 3840 3433 3879 vero

1850 3911 2025 3966 donec
2053 3911 2314 3975 ell‘eeerit,
2349 3912 2418 3965 sit
2446 3911 2536 3965 ille
2559 3911 2896 3968 detestabilis
2920 3915 3076 3969 vobis
3104 3915 3196 3984 qui
3223 3916 3428 3974 timetis

1851 4002 2161 4057 Dominum.
2199 4002 2378 4057 Nectit
2414 4003 2561 4057 enim
2602 4003 2780 4067 dolos,
2819 4005 2950 4058 dum
2987 4006 3426 4074 resipiscentiam

1850 4093 2094 4155 simulat,
2129 4093 2385 4148 irretiens
2418 4107 2536 4157 vos,
2562 4101 2617 4146 et
2644 4093 2937 4161 pestiferos
2976 4095 3189 4148 occulte
3211 4110 3428 4150 sermo-

1849 4199 1948 4238 nes
1985 4197 2198 4248 serens,
2231 4191 2494 4253 tanquam
2544 4199 2609 4236 ex
2651 4199 2884 4252 persona
2917 4185 3166 4240 videlicet
3226 4185 3428 4242 adver-

1849 4275 2142 4330 sariorum.
2167 4273 2323 4331 Unde
2341 4284 2418 4341 tu,
2439 4285 2624 4345 utpote
2641 4277 2985 4342 imbecillior,
3008 4277 3158 4332 illius
3179 4281 3431 4336 oratione

1851 4368 2032 4434 laesus,
2069 4367 2218 4422 circa
2263 4369 2368 4422 hoc
2420 4375 2477 4422 et
2515 4368 2650 4422 illud
2713 4368 2920 4424 haesisti
2977 4370 3147 4423 animi
3203 4371 3427 4428 dubius.

169 4467 326 4519 κέναι
376 4467 472 4519 τὸν
517 4461 926 4531 Χρυσόστομονο
979 4477 997 4510 ι
1069 4458 1130 4511 '0
1181 4458 1449 4528 ἡμέτερος
1514 4455 1748 4526 Χριστὸς

1854 4456 1960 4512 Sed
1988 4457 2428 4528 quandoquidem
2483 4459 2818 4513 solutionem
2865 4461 3176 4515 sciscitatus
3209 4476 3289 4525 es,
3334 4479 3428 4517 so-

167 4557 371 4626 τοίχοις
393 4557 458 4610 οὐ
489 4553 923 4624 περιγράφεταν
963 4567 980 4599 ι
1023 4549 1440 4619 ἐγκωμιάζοντα
1468 4547 1558 4599 τὸν
1592 4546 1748 4615 ἆγιον

182 4648 489 4720 Ῥωμανόν⁶
524 4647 625 4716 οὐχ
658 4643 840 4707 ἁπλῶς
865 4640 1229 4711 ἐκλαμϐάνειν
1250 4641 1350 4703 δεῖ,
1381 4639 1516 4692 ἀλλὰ
1545 4637 1746 4707 γνῶναι

169 4740 274 4794 τίνι
321 4740 708 4808 διαλεγόμενος
736 4736 985 4808 εἴρηκεν·
1020 4733 1209 4803 ἐπειδὴ
1239 4735 1298 4785 ἐν
1339 4732 1458 4793 ταῖς
1480 4728 1746 4793 διαλέξεσι

172 4832 596 4903 παρατηρητέον
640 4828 735 4882 καὶ
768 4827 981 4898 χρόνον,
1009 4823 1107 4878 καὶ
1132 4827 1448 4893 πρόσωπον,
1487 4824 1582 4875 καὶ
1615 4821 1744 4892 τρό-

170 4935 290 4975 πον.
323 4922 558 4993 Χρόνον,
589 4918 678 4971 διά
704 4919 764 4970 τὸ
794 4918 869 4988 μὴ
897 4914 965 4967 τά
991 4912 1130 4965 αὐτὰ
1154 4909 1610 4982 νενομοθετῆσθαι
1631 4911 1746 4973 τοῖς

172 5010 340 5064 πάλαι
375 5013 517 5084 πρὸς
545 5009 674 5072 τοὺς
722 5008 781 5060 ἐν
809 5007 875 5077 τῇ
906 5003 1114 5076 χάριτι.
1144 5002 1463 5072 Πρόσωπον,
1511 5001 1593 5053 ὅτι
1621 4999 1750 5054 ἄλλο

171 5099 465 5169 αἱρετικὸν,
495 5100 592 5154 κα)⁸
620 5097 806 5169 ἕτερον
846 5093 1153 5165 ὀρθοδόξου.
1183 5093 1418 5164 Τρόπον,
1464 5093 1653 5161 ἐπειδὴ
1687 5093 1748 5146 οὐ

172 5191 366 5244 ταυτόν
393 5194 515 5246 ἐστι
545 5187 895 5259 δογματικῶς
931 5185 1302 5254 διαλέγεσθαι,
1344 5184 1440 5237 καὶ
1473 5182 1750 5238 ἁπλοϊκώ-

172 5292 328 5348 τερον
374 5280 685 5350 προτείνειν
731 5279 824 5332 τὸν
859 5276 1038 5344 λόγον.
1091 5274 1210 5327 Τίνι
1255 5268 1349 5325 οὖν
1390 5271 1692 5325 διελέλεκτο
1721 5272 1751 5324 δ

173 5369 596 5446 Χρυσόστομοςς
643 5366 753 5442 ἆρά
791 5386 856 5439 γε
898 5366 1167 5438 ὀρθοδόξῳ
1213 5363 1604 5433 ἀναπηλοῦντι
1645 5363 1747 5435 τὴν

175 5462 357 5519 εἰκόνα
382 5461 654 5539 Χριστοῦ;
689 5462 962 5534 οὐδαμῶς·
999 5460 1136 5514 άλλά
1167 5476 1274 5511 τινι
1301 5457 1549 5526 Ἕλληνι·
1568 5456 1626 5520 ὃς
1648 5456 1746 5526 τὴν

178 5555 389 5612 πάντων
431 5559 842 5632 ὑπερκειμένην
890 5556 1091 5620 αίτίαν,
1141 5554 1236 5608 καὶ
1274 5553 1339 5605 ἐκ
1381 5549 1492 5604 τῶν
1535 5553 1592 5604 ἐν
1634 5552 1748 5614 τοῖς

178 5637 323 5699 οὖσιν
364 5651 610 5722 ἐσχάτων
642 5648 1057 5721 χαρακτηρίζει,
1091 5645 1167 5708 ὥς
1199 5661 1363 5715 φησιν
1396 5644 1424 5696 ὁ
1449 5641 1588 5706 θεῖος
1629 5644 1748 5695 Διο-

180 5732 371 5802 νύσιοςυ
418 5745 510 5798 καὶ
549 5741 703 5796 οὐδὲν
741 5742 912 5813 αὐτὴν
943 5737 1232 5807 ὑπερέχειν
1257 5737 1391 5807 φησὶ
1434 5735 1542 5790 τῶν
1574 5734 1744 5788 πλατ-

252 5847 292 5878 ¹⁸
324 5850 451 5910 Luc.
491 5873 602 5924 xix,
645 5856 728 5924 l9,
763 5855 848 5910 l7.
930 5855 970 5884 ¹⁹
1012 5852 1054 5906 ll
1085 5852 1278 5908 Thess.
1304 5867 1384 5915 ιιι,
1412 5849 1466 5906 6.

1845 4551 2009 4605 lerter
2036 4551 2241 4619 accipe.
2287 4549 2442 4616 Quod
2475 4550 2901 4621 Chrysostomus
2941 4550 3110 4618 dixit,
3151 4553 3205 4605 in
3232 4553 3426 4608 lauda-

1847 4642 1994 4696 tione
2020 4643 2198 4695 sancti
2236 4641 2489 4707 Romani,
2527 4659 2547 4692 ‹
2576 4642 2832 4697 Christus
2880 4652 3074 4697 noster
3123 4645 3430 4712 parietibus

1842 4750 1954 4789 non
2010 4734 2478 4790 circumscribitur
2502 4734 2573 4800 '°,
2602 4752 2622 4785 ι
2658 4749 2766 4787 ηοη
2787 4742 2872 4789 est
2909 4734 3231 4804 simpliciter
3283 4739 3429 4791 acci-

1842 4823 2102 4894 piendum
2135 4842 2149 4878 :
2192 4824 2286 4878 sed
2315 4824 2707 4894 explorandum
2728 4838 2890 4892 quem
2920 4831 3033 4876 tum
3056 4822 3426 4893 alloqueretur

1845 4931 1968 4971 cum
2035 4917 2150 4972 haec
2181 4916 2425 4972 diceret:
2461 4915 2904 4986 quandoquidem
2966 4915 3023 4970 in
3082 4913 3425 4971 sermocina-

1851 5009 2000 5064 tione
2021 5009 2304 5063 observari
2333 5023 2556 5062 necesse
2577 5015 2662 5061 est
2683 5016 2738 5061 et
2765 5015 3001 5076 tempus,
3025 5018 3078 5062 et
3104 5023 3420 5077 personam.

1847 5112 1901 5155 et
1930 5101 2179 5155 modum.
2221 5099 2481 5170 Tempus,
2531 5099 2676 5167 quod
2735 5113 2847 5151 non
2905 5097 3094 5152 eadem
3154 5108 3421 5168 praecepta

1846 5194 2123 5249 veteribus
2143 5193 2364 5257 dantur,
2389 5201 2551 5259 atque
2570 5191 2637 5246 iis
2667 5191 2761 5260 qui
2797 5201 2926 5246 sunt
2953 5191 3055 5246 sub
3078 5190 3195 5260 lege
3211 5194 3419 5262 gratim.

1849 5283 2177 5349 Personam,
2211 5283 2357 5353 quod
2394 5283 2501 5337 alia
2543 5282 2902 5350 sitbaerctici,
2955 5283 3242 5337 orthodoxi
3291 5283 3419 5339 alia.

1843 5375 2088 5439 Modum,
2123 5375 2565 5444 quandoquidem
2596 5374 2743 5427 aliud
2792 5383 2878 5430 est
2909 5375 3217 5444 dogmatice
3249 5375 3424 5429 disse-

1844 5477 1987 5526 rere,
2021 5462 2166 5516 aliud
2196 5462 2531 5530 simpliciore
2567 5461 2658 5516 [ilo
2675 5464 2978 5517 orationem
3013 5471 3214 5517 texere.
3247 5461 3419 5527 Quem

1845 5551 2012 5623 igitur
2038 5552 2463 5623 Cbrysostomus
2485 5561 2568 5606 est
2597 5552 2868 5608 allocutus
2896 5555 2920 5606 ‘l
2949 5552 3031 5607 An
3056 5554 3420 5608 orthodoxum

1846 5644 1941 5714 qui
1981 5643 2197 5698 Christo
2234 5645 2524 5713 imaginem
2569 5644 2810 5698 statuit?
2847 5645 3108 5712 Minime;
3161 5645 3255 5700 sed
3287 5661 3420 5714 gen-

1848 5737 1996 5791 tilem
2047 5737 2381 5806 quempiam,
2433 5736 2528 5806 qui
2579 5752 2889 5806 supremam
2939 5753 3120 5793 rerum
3170 5737 3418 5793 omnium

1544 5849 1587 5879 ²⁰
1619 5847 1776 5905 llom.
1808 5850 1897 5917 ll,
1925 5848 1992 5905 dc
2025 5846 2082 5902 S.
2111 5847 2380 5904 Romano.
