3990 6318
565 345 702 410 1Ξ43

1730 349 1791 410 S.
1844 349 2238 411 THEODORI
2291 353 2639 417 STUDITZE

3705 363 3854 426 1244

548 469 772 510 causam
791 453 856 508 ad
897 453 1127 508 formam
1147 453 1547 513 vilissimarum
1578 472 1701 528 quae
1729 458 1949 527 quidem
1984 457 2132 512 exsi-

2252 463 2482 532 τομὲνων
2515 465 2666 536 αὐτῷ
2711 466 2890 521 ἀθέων
2931 448 3028 523 καὶ¹
3068 469 3370 526 πολυειδῶν
3409 473 3847 543 μορφωμάτων.

550 556 719 609 stant,
753 546 1018 615 depingit,
1045 555 1104 598 ut
1151 546 1228 601 ait
1284 548 1506 603 divinus
1553 547 1898 619 Dionysius:
1958 562 2136 617 neque

555 642 723 708 ipsam
759 650 910 706 putat
937 641 1042 693 ulla
1078 656 1136 695 re
1177 654 1437 710 praestare
1486 642 1678 696 formis
1725 643 1835 696 illis
1873 643 2136 710 multipli-

554 735 707 784 cibus
744 747 807 784 ac
833 733 1135 786 divinitatis
1155 734 1468 801 expertibus
1493 750 1632 802 quas
1658 735 1746 787 illa
1768 734 1940 787 finxit.
1973 733 2139 804 Egre-

554 841 638 891 gie
671 825 835 893 igitur
867 834 922 878 et
982 825 1138 878 valde
1187 826 1436 894 apposite
1497 825 1662 880 Pater
1718 828 2133 895 pronuntiavit:

561 937 578 967 ι
614 918 864 971 Christus
899 928 1082 972 noster
1104 920 1406 987 parietibus
1445 936 1553 973 non
1586 921 2062 975 circumscribitur
2084 938 2132 972 τι

555 988 1101 1078 snbintelligendum,
1150 1012 1448 1065 secundum
1500 1021 1753 1066 naturam
1807 1013 2135 1078 divinitatis,

558 1117 616 1154 ut
647 1103 847 1156 ethnici
887 1103 1034 1156 illius
1083 1102 1191 1164 dii,
1227 1105 1320 1171 qui
1358 1106 1496 1157 intra
1534 1105 1770 1173 parietes
1830 1106 2040 1170 sedent,
2073 1121 2138 1158 eo

557 1195 732 1262 spatio
751 1195 1016 1256 conclusi,
1047 1211 1146 1248 nec
1187 1196 1331 1249 aliud
1377 1197 1578 1249 habent
1607 1198 1752 1266 quod
1804 1198 2139 1266 intelligatur

558 1289 762 1350 animo,
808 1303 970 1355 quam
1025 1288 1168 1356 quod
1222 1289 1466 1342 cernitur
1519 1290 1882 1344 intuentibus.
1938 1289 2139 1346 Oculos

561 1380 831 1432 habentet
857 1395 961 1432 non
997 1380 1178 1432 vident
1210 1398 1221 1431 :
1259 1396 1446 1443 aures,
1485 1392 1537 1434 et
1573 1398 1679 1434 non
1717 1382 1982 1449 audiunt;
2017 1399 2137 1437 ma-

560 1487 684 1535 nus,
703 1481 753 1523 et
785 1487 891 1524 non
925 1474 1138 1540 palpanl
1168 1473 1385 1540 :pedes,
1407 1484 1460 1525 et
1486 1489 1592 1528 non
1614 1474 1895 1527 ambulant
1920 1492 1933 1528 :
1956 1491 2138 1540 nares,

560 1577 612 1616 et
644 1579 751 1616 non
805 1565 1078 1617 odorant:
1123 1565 1268 1617 sicut
1302 1581 1330 1617 a
1359 1563 1631 1633 Propheta
1677 1567 2045 1634 exprobratur
2069 1571 2137 1624 ²¹.

637 1660 699 1709 At
729 1655 984 1711 Christus
1015 1667 1197 1711 noster
1227 1673 1335 1712 non
1374 1658 1670 1712 secundum
1699 1668 1977 1712 externam
2014 1676 2138 1726 spe-

561 1750 699 1803 ciem
743 1749 924 1812 modo,
969 1758 1054 1805 est
1088 1750 1252 1801 homo
1304 1751 1518 1818 proprie
1549 1767 1612 1804 ac
1658 1766 1807 1812 vere,
1866 1753 2136 1820 siquidem

564 1843 759 1896 similis
792 1842 950 1895 nobis
1001 1858 1094 1911 per
1122 1842 1305 1895 omnia
1331 1846 1528 1908 audiit,
1568 1853 1622 1897 et
1647 1860 1901 1912 corpore,
1945 1857 1998 1900 et
2021 1847 2142 1900 ani-
2175 1810 2219 1871 Β

565 1950 675 1996 ma,
711 1944 763 1987 et
785 1943 960 1993 aetate.
992 1944 1046 1988 et
1080 1937 1503 2005 quibuscunque
1533 1936 1720 1999 rebus,
1759 1954 1881 2006 qua
1906 1955 1972 1992 ex
2006 1954 2143 1992 con-

566 2029 710 2082 fesso
734 2029 988 2081 humanae
1034 2039 1246 2081 natura;
1295 2037 1641 2096 competunt.
1683 2030 1908 2099 dempto
1961 2032 2142 2086 solum

564 2130 829 2189 peccato:
868 2122 960 2174 sed
997 2129 1051 2174 et
1105 2120 1247 2174 Dens
1303 2132 1495 2175 natura
1536 2137 1602 2176 ac
1632 2125 1879 2191 veritate,
1907 2135 1961 2179 et
2002 2125 2144 2179 idem

564 2219 799 2278 utroque
824 2219 1108 2262 constans.
1169 2207 1413 2279 Exempli
1467 2213 1644 2281 gratia
1698 2213 1822 2267 dico
1883 2217 2147 2283 quemad—

566 2303 786 2354 modum
812 2302 1012 2355 alicubi
1034 2304 1173 2354 idem
1199 2303 1628 2372 Chrysostomus
1646 2305 1922 2375 loquitur:
1955 2326 1973 2358 ι
2000 2307 2146 2363 Infra

565 2394 847 2463 fatigatur,
887 2410 1049 2462 supra
1074 2404 1384 2449 commovet
1427 2395 1734 2460 elementa;
1772 2398 1916 2451 infra
1951 2403 2141 2467 esurit,

565 2502 731 2554 Supra
785 2487 989 2540 emittit
1040 2487 1282 2553 imbres;
1332 2487 1473 2541 infra
1519 2499 1699 2558 pavet,
1738 2505 1901 2560 supra
1952 2501 2145 2561 tonat;

462 2641 465 2644 _
567 2577 710 2631 infra
767 2593 950 2630 coram
1008 2580 1264 2632 tribunali
1326 2588 1485 2643 astat,
1516 2596 1679 2650 supra
1736 2584 1998 2653 prospicit
2029 2588 2154 2640 uni-

569 2686 748 2724 versa.
785 2689 804 2721 ι
851 2671 1047 2724 Eadem
1092 2674 1256 2742 igitur
1289 2673 1553 2726 sententia
1609 2675 1863 2745 gentilem
1897 2687 1980 2733 est
2011 2679 2148 2733 allo-

568 2769 774 2816 cutus:
816 2779 834 2812 ι
867 2761 1121 2817 Christus
1169 2771 1353 2818 noster
1409 2765 1708 2833 parietibus
1760 2781 1870 2820 non
1917 2770 2150 2823 circum-

569 2855 847 2909 scribitur.
889 2872 908 2905 ι
945 2852 1053 2908 Nec
1105 2865 1232 2922 puta
1268 2857 1589 2911 sententiain
1624 2860 1936 2914 accuratius
1966 2863 2152 2930 expri-

571 2948 827 3000 mendam
915 2957 1137 3016 propter
1221 2948 1472 3004 hzeresim
1560 2968 1703 3007 nunc
1765 2953 2147 3009 insanientem.

571 3036 918 3092 Manifestum
941 3048 1119 3092 autem
1145 3049 1228 3093 est
1255 3041 1399 3109 quod
1418 3049 1471 3095 et
1498 3041 1805 3114 fatigatum,
1824 3053 1878 3098 et
1900 3046 2149 3100 esurien-

2241 557 2438 621 Καλῶς
2473 554 2567 613 οὖν
2598 561 2693 614 καὶ
2739 563 2884 617 πάνυ
2931 563 3161 626 εἰκότως
3195 564 3298 635 ἔφη
3347 568 3376 618 6
3423 567 3648 638 Πατήρ·
3714 587 3735 620 ι
3786 570 3847 622 Ὀ

2241 651 2511 721 ἡμέτερος
2539 654 2772 725 Χριστὸς
2804 655 3004 724 τοίχοις
3027 656 3088 708 οὐ
3121 659 3550 728 περιγράφεται·
3591 679 3611 712 ›
3669 678 3851 731 προσ-

2241 744 2616 798 υπακουστέον
2647 745 2713 816 τῇ
2743 746 2843 816 τῆς
2875 748 3131 818 Θεότητος
3155 749 3338 818 φύσει·
3367 750 3444 813 ὼς
3473 751 3586 803 τῶν
3617 754 3850 804 ἐκείνου

2242 835 2381 888 θεῶν
2410 837 2468 889 tv
2497 837 2699 907 τοίχοις
2751 837 3073 909 ἱδρυμένων,
3120 843 3285 894 κάκεῖ
3330 845 3844 913 περιωρισμένων·

2241 929 2340 980 οὑκ
2377 928 2610 998 ἐχόντων
2662 947 2717 982 τι
2765 930 2896 984 ἄλλο
2937 932 3227 1002 νοούμενον
3272 937 3402 1004 παρ’
3447 935 3476 987 ὃ
3535 935 3848 1005 βλέπονται

2243 1019 2304 1092 [f.
2338 1019 2620 1094 βλέπεται]
2649 1025 2760 1086 τοῖς
2791 1024 3012 1092 ὁρῶσιν.
3051 1026 3350 1097 Ὀφθαλμοὶ
3378 1028 3590 1092 αὐτοῖς,
3643 1030 3752 1081 καὶ
3780 1029 3845 1081 ob

2243 1111 2555 1181 βλέπουσιν·
2592 1108 2727 1178 ὦτα,
2776 1116 2872 1167 καὶ
2918 1115 3018 1168 οὐκ
3047 1116 3330 1169 ἀκούουσι·
3378 1121 3589 1188 χεῖρες,
3619 1104 3735 1171 ’καὶ
3781 1117 3846 1169 οὐ

2240 1205 2556 1276 ψηλαφῶσι.
2599 1208 2788 1271 Πόδες,
2829 1210 2927 1262 καὶ
2966 1211 3027 1262 οὑ
3055 1210 3446 1280 περιπατοῦσι·
3501 1213 3662 1281 ῥῖνες
3690 1250 3707 1274 ,
3750 1213 3849 1263 καὶ

2239 1299 2342 1351 οὐκ
2398 1298 2802 1368 ὀσφραίνονται·
2863 1300 3008 1354 καθὰ
3041 1302 3394 1372 προφητικῶς
3449 1300 3845 1374 κατηγοροῦν-

2239 1407 2348 1444 ται.

2323 1658 2382 1712 'o
2411 1659 2469 1712 δὲ
2502 1660 2769 1730 ἡμέτερος
2797 1658 3028 1730 Χριστὸς
3071 1659 3132 1712 οὐ
3164 1657 3308 1712 κατὰ
3334 1658 3395 1712 τδ
3426 1657 3720 1730 δρώμενον
3755 1657 3847 1726 μδ·

2245 1766 2337 1803 νον
2389 1751 2674 1819 ἄνθρωπος
2722 1751 2928 1822 κυρίως
2959 1751 3053 1803 καὶ
3081 1750 3326 1820 ἀληθῶς·
3363 1751 3598 1818 ἐπείπερ
3645 1750 3846 1818 ὃμοικ

2247 1847 2380 1913 ἡμῖν
2423 1844 2774 1911 κατὰηπάντα
2818 1842 3184 1914 χρηματίσας,
3216 1843 3309 1896 καὶ
3355 1842 3703 1912 ὲνσὼματος,
3745 1845 3844 1894 καὶ

2247 1929 2508 2006 ἔμπνους,
2551 1936 2645 1988 καὶ
2685 1935 2885 2005 ὲνῆλιξ,
2921 1937 3014 1988 καὶ
3043 1935 3143 1988 ὅσα
3173 1935 3306 1987 ἄλλα
3339 1935 3594 2004 γνώριμα
3641 1937 3716 2006 τῇ
3734 1935 3841 1992 ,ἀν-

2247 2030 2493 2100 θρωπείᾳ
2549 2027 2728 2097 φύσει,
2784 2027 2921 2098 πλὴν
2988 2027 3153 2097 μόνης
3201 2027 3507 2098 ἁμαρτίας·
3557 2026 3701 2079 ἀλλὰ
3744 2028 3842 2079 καὶ

2247 2123 2377 2185 Θεὸς
2407 2121 2566 2191 φύσει
2595 2121 2691 2173 καὶ
2719 2119 2945 2190 ἀληθείᾳ
2969 2136 2982 2148 ·
3009 2120 3104 2172 καὶ
3129 2120 3156 2170 6
3181 2119 3340 2181 αὐτὸς
3369 2118 3682 2188 ἀμφότερα.
3712 2112 3842 2170 Οἴόν

2245 2235 2299 2270 τι
2327 2218 2500 2283 λέγω·
2533 2215 2608 2278 ὥς
2644 2213 2776 2284 φησί
2807 2230 2908 2265 που
2942 2214 2970 2264 6
3005 2212 3166 2274 αὐτὸς
3196 2212 3619 2280 Χρυσόστομος·
3668 2230 3688 2262 ι
3723 2211 3841 2262 Κά-

2246 2327 2323 2362 τω
2357 2309 2545 2378 κοπιᾷ,
2596 2308 2692 2360 καὶ
2740 2305 2853 2358 ἄνω
2905 2305 3195 2374 συγκροτεῖ
3243 2303 3312 2354 τὰ
3358 2305 3640 2370 στοιχεῖα·
3685 2301 3842 2354 κάτω

2248 2404 2428 2472 πεινᾷ,
2460 2402 2553 2454 καὶ¹
2586 2400 2792 2454 ἄνωθεν
2825 2397 3014 2459 ὑετοὺς
3040 2397 3296 2467 χορηγεῖ·
3329 2396 3480 2447 κάτω
3509 2395 3715 2464 δειλιᾷ,
3741 2393 3841 2446 καὶ

2248 2496 2360 2549 ἄνω
2388 2494 2615 2564 βροντᾷ·
2651 2495 2802 2545 κάτω
2830 2488 3162 2558 δικαστηρίῳ
3195 2486 3546 2555 παρίσταται,
3576 2486 3676 2536 καὶ
3699 2486 3841 2538 ἄνω-

2251 2585 2343 2637 Θεν
2391 2586 2568 2636 πάντα
2604 2583 2820 2653 θεωρεῖ.
2857 2599 2876 2632 ι
2923 2577 3080 2631 Κατὰ
3107 2575 3266 2629 τοῦτο
3294 2570 3385 2628 οὖν
3431 2575 3653 2643 εἴρηται
3688 2572 3840 2640 αὐτῷ

2251 2677 2388 2748 πρὸς
2432 2677 2525 2729 τὸν
2570 2675 2840 2744 Ἕλληνα·
2882 2690 2901 2723 ι
2939 2672 2995 2724 Ὀ
3045 2669 3310 2740 ἡμέτερος
3345 2667 3581 2738 Χριστὸς
3628 2666 3838 2734 τοίχοις

2248 2772 2310 2823 οὐ
2344 2767 2764 2839 περιγράφεται.
2802 2783 2821 2816 ι
2855 2765 2968 2817 Καὶ
3001 2763 3098 2832 οὑχ
3138 2764 3324 2831 ἠγεῖτο
3360 2760 3566 2831 χρῆναι
3608 2759 3841 2829 ἀκριόοι

2249 2860 2524 2929 λογεῖσθαι
2555 2858 2683 2926 περὶ
2703 2856 2800 2926 τὴν
2829 2855 3102 2923 ἀπόφασιν
3125 2854 3308 2906 εἵνεκα
3343 2852 3441 2920 τῆς
3469 2850 3591 2903 νυνὶ
3626 2849 3836 2901 λυττώ-

2252 2969 2352 3022 σης
2388 2952 2676 3022 αἱρέσεως.
2715 2948 2881 3019 Δῆλον
2914 2947 2970 3000 δὲ
3009 2947 3091 3000 ὅτι
3119 2946 3208 2998 τὸν
3244 2943 3516 2997 κοπιῶντα
3567 2942 3666 2994 καὶ
3715 2956 3835 2992 πει-

2251 3047 2450 3110 νῶντα,
2501 3043 2783 3098 δειλιῶντά
2833 3059 2895 3094 τε
2947 3040 3044 3095 καὶ
3102 3038 3508 3110 παριστάμενον
3559 3033 3838 3104 κριτηρίῳ

573 3139 702 3193 tem,
753 3138 806 3183 et
857 3141 1163 3197 paventem,
1217 3139 1273 3184 et
1325 3141 1592 3186 astantem
1651 3149 1834 3189 coram
1883 3138 2143 3191 tribunali

2253 3133 2393 3193 οἶδεν
2423 3137 2679 3206 ἀσφαλῶς
2698 3137 2726 3188 ὁ
2749 3136 2923 3203 ἅγιος,
2953 3132 3202 3202 σώματος
3225 3129 3536 3200 χαρακτῆρι
3567 3128 3838 3197 περιγρά-

572 3222 704 3275 vidit
743 3222 885 3276 haud
935 3222 1098 3277 dubie
1129 3224 1209 3276 vir
1258 3234 1481 3280 sanctus
1526 3226 1698 3295 eiligie
1739 3233 1988 3296 corporis
2040 3230 2151 3285 cir—

571 3318 891 3382 cumscribi,
925 3318 1039 3372 sive
1063 3320 1114 3372 in
1147 3319 1352 3387 pariete
1373 3321 1670 3384 coloribus,
1705 3321 1822 3375 sive
1857 3322 1908 3374 in
1944 3323 2148 3380 tabula.

572 3410 641 3464 Et
681 3425 808 3463 vero
844 3410 896 3462 in
943 3413 1102 3463 rebus
1150 3411 1456 3479 perspicuis
1503 3413 1940 3482 explanationem
1985 3429 2151 3470 causa

575 3502 724 3556 nulla
765 3503 1040 3570 poscebat.
1070 3501 1205 3556 Nam
1240 3503 1283 3556 si
1311 3503 1558 3572 corporis
1595 3515 1868 3572 expertem
1899 3508 2152 3576 angelum

575 3596 749 3650 visum
783 3611 812 3648 a
831 3612 889 3649 se
913 3607 1100 3648 narrat
1129 3597 1181 3649 in
1207 3597 1464 3666 imagine,
1503 3597 1778 3652 Christum
1803 3613 2150 3670 corporatum

575 3704 683 3741 non
717 3688 856 3740 idem
896 3688 948 3741 in
981 3687 1217 3756 imagine
1246 3689 1442 3742 viderit
1477 3690 1499 3743 ?
1536 3690 1812 3746 Dementis
1849 3697 2037 3763 utique
2066 3704 2152 3750 est

575 3781 644 3834 de
668 3781 785 3833 viro
803 3791 993 3835 sancto
1022 3782 1126 3835 tale
1159 3781 1363 3849 aliquid
1409 3784 1695 3851 suspicari.
1723 3784 1780 3839 Si
1809 3786 1975 3855 igitur
2008 3789 2152 3843 hunc

576 3883 767 3928 testem
821 3875 1193 3929 advocantsui
1231 3875 1380 3944 pravi
1428 3876 1718 3944 d0gmatis,
1746 3893 1844 3931 cur
1897 3882 2150 3934 eumdem

578 3967 854 4035 rejicimit,
915 3981 978 4020 ac
1022 3966 1105 4019 vel
1145 3968 1420 4036 angelum,
1461 3969 1540 4021 vel
1567 3983 1598 4023 e
1654 3970 1860 4023 sanctis
1915 3972 2151 4041 aliquem

575 4059 723 4128 pingi
747 4073 886 4126 aegre
911 4058 1123 4112 ferunt?
1156 4059 1290 4112 Cum
1310 4060 1453 4113 dicat
1470 4060 1666 4114 alicubi
1685 4061 2105 4131 Chrysostomus
2135 4082 2149 4118 :

581 4165 600 4196 ι
638 4147 792 4211 Quod
847 4148 1014 4216 igitur
1050 4148 1101 4200 in
1141 4149 1454 4203 nominibus
1488 4147 1714 4216 fecistis,
1765 4150 1868 4205 hoc
1899 4152 2150 4220 ipsumin

574 4237 821 4305 ejusdem
891 4237 1127 4305 imagine
1172 4238 1597 4306 praestitistis“,
1643 4259 1662 4290 ι
1723 4242 1896 4294 sancti
1954 4241 2153 4296 Meletii

577 4331 806 4386 scilicet.
847 4350 865 4381 ‹
902 4331 1039 4384 Nam
1068 4339 1120 4384 et
1151 4332 1202 4384 in
1232 4333 1557 4385 annnlorum
1586 4332 1741 4400 palis,
1771 4344 1826 4386 et
1852 4334 1906 4386 in
1942 4335 2155 4402 poculis

577 4423 909 4490 paterisque,
940 4431 994 4475 et
1042 4423 1096 4475 in
1127 4423 1504 4477 cubiculorum
1536 4424 1861 4492 parietibus,
1885 4427 2154 4494 etubique

577 4514 781 4582 passim
830 4524 1072 4567 sanctam
1111 4515 1260 4567 illam
1307 4515 1600 4583 imaginem
1656 4518 1809 4570 multi
1852 4517 2154 4588 insculpse-
2183 4498 2230 4552 θ

577 4615 707 4659 runt
735 4607 829 4675 (l).
866 4623 884 4655 ι
919 4604 1029 4660 Nec
1077 4617 1254 4659 tamen
1300 4622 1460 4661 aures
1497 4609 1545 4660 ei
1586 4610 1826 4677 praebere
1861 4611 2153 4666 sustinent.

578 4696 655 4752 De
685 4698 910 4751 historia
931 4698 1100 4752 sancti
1135 4698 1405 4753 Pancratii
1436 4700 1577 4767 quod
1607 4717 1711 4755 non
1748 4703 1953 4771 liqueat
1985 4719 2014 4756 a
2047 4719 2155 4772 quo

578 4790 651 4843 sit
681 4799 928 4855 exarata,
980 4789 1108 4858 quid
1158 4799 1271 4843 tum
1302 4791 1648 4863 ?Martyrum
1695 4803 1843 4863 gesta
1896 4795 2158 4864 pleraque

579 4882 763 4936 omnia
798 4883 948 4936 nullo
996 4892 1123 4937 sunt
1171 4883 1431 4954 inscripta
1469 4886 1623 4940 titulo
1660 4905 1672 4940 :
1715 4898 1773 4939 at
1811 4895 1938 4940 sunt
1968 4889 2154 4941 eadem

579 4982 760 5027 tamen
807 4974 1066 5028 sincera:
1120 4985 1281 5043 atque
1325 4977 1450 5030 inde
1515 4977 1767 5031 doctores
1827 4977 2157 5046 depromunt

580 5073 900 5134 argumenta
939 5067 992 5118 in
1037 5076 1335 5137 martyrum
1372 5069 1608 5123 laudem.
1638 5068 1849 5123 Colitur
1875 5071 1930 5123 in
1967 5071 2154 5124 Sicilia

580 5164 804 5210 sanctus
844 5155 1187 5225 Pancratius,
1230 5160 1343 5213 aede
1390 5162 1648 5228 maxima,
1689 5163 1742 5214 in
1773 5178 1881 5231 qua
1907 5172 1960 5216 et
1984 5165 2151 5215 mira-

580 5248 700 5302 cnla
733 5249 817 5301 edi
849 5259 1090 5303 narrant.
1118 5249 1223 5315 Qui
1243 5251 1405 5320 igitur
1441 5253 1721 5306 historiam
1755 5269 1864 5306 non
1895 5254 2150 5320 admittit,

579 5349 873 5410 martyrem
927 5357 1035 5396 una
1067 5343 1318 5398 videlicet
1371 5355 1723 5414 aspernatur.
1759 5344 1884 5401 Haec
1926 5348 2146 5416 quidem

2255 3231 2473 3303 φεσθαι,
2496 3231 2605 3284 εἴτε
2639 3233 2696 3283 ὲν
2724 3231 2891 3297 τοίχῳ
2910 3227 3215 3298 χρώμασιν,
3248 3226 3356 3276 εἴτε
3391 3226 3448 3275 tv
3479 3222 3693 3275 πίνακι.
3727 3221 3837 3273 Καὶ

2253 3327 2311 3379 tv
2340 3327 2453 3388 τοῖς
2489 3320 2774 3392 ἐναργέσιν
2817 3319 2916 3371 οὐκ
2953 3313 3020 3388 ἦν
3065 3317 3220 3384 λόγος
3252 3313 3397 3384 αὐτῷ
3428 3313 3833 3381 διασαφήσεως.

2254 3417 2317 3471 Et
2353 3416 2462 3486 γὰρ
2491 3415 2585 3468 τὸν
2626 3411 2919 3483 ἀσώματον
2964 3408 3196 3476 ἄγγελον
3233 3407 3360 3458 [δεῖν
3404 3405 3507 3472 ἔφη
3549 3405 3606 3455 tv
3641 3404 3832 3464 εικόνι,

2253 3511 2345 3564 τὸν
2404 3507 2716 3578 ὲνσὼματον
2772 3503 3007 3575 Χριστὸν
3058 3501 3119 3554 οὐ
3173 3499 3358 3588 βλέπει
3402 3493 3832 3588 εἰκονιζάμενον;

2253 3602 2460 3672 ἠλίθιον
2501 3596 2594 3654 οὖν
2634 3598 2877 3652 τοιοῦτόν
2922 3613 2975 3648 τι
3021 3593 3150 3664 περὶ
3192 3586 3285 3645 τοῦ
3323 3589 3481 3658 ἁγίου
3512 3586 3835 3656 ὕπολαμὸἁ·

2255 3711 2386 3748 νειν.
2416 3692 2478 3745 Εἰ
2509 3687 2600 3744 οὖν
2630 3693 2709 3753 εἰς
2739 3687 3046 3761 μαρτυρίαν
3071 3684 3232 3738 αὐτὸν
3263 3681 3441 3750 ἔχουσι
3467 3679 3559 3732 τοῦ
3593 3678 3834 3748 πονηροῦ

2254 3785 2436 3840 αὐτῶν
2463 3783 2731 3851 δόγματος
2751 3797 2766 3812 ·
2798 3779 2849 3831 τί
2876 3778 2968 3831 τὸν
2993 3776 3154 3830 αὐτὸν
3184 3774 3605 3837 ἀποϐάλλονται,
3647 3774 3723 3842 μὴ
3755 3771 3835 3822 δε-

2254 3880 2472 3949 χόμενοι
2499 3873 2729 3942 ἄγγελον
2751 3869 3130 3934 είκονίζεσθαι,
3173 3867 3295 3936 μηδ’
3319 3865 3387 3920 αὖ
3413 3882 3535 3918 τινα
3567 3864 3678 3917 τῶν
3719 3864 3835 3916 θεο-

2255 3970 2465 4040 φόρων;
2497 3966 2744 4034 λέγοντος
2765 3957 2862 4015 ὧδέ
2893 3978 3000 4015 που
3023 3958 3116 4012 τοῦ
3147 3955 3536 4027 Χρυσοστόμου
3557 3970 3572 3984 ·
3612 3975 3633 4006 ‹
3656 3955 3832 4024 Ὅπερ

2255 4058 2385 4128 γοῦν
2419 4059 2476 4109 tv
2511 4056 2772 4124 ὀνόμασιν
2811 4052 3127 4123 ἐποιήσατε,
3168 4046 3325 4099 τοῦτο
3364 4047 3456 4096 ἐπὶ
3489 4046 3590 4115 τῆς
3627 4047 3833 4106 εἰκόνος

2255 4153 2529 4222 ἐπράξατε
2559 4149 2660 4218 τῆς
2689 4147 2898 4200 ἐκείνου
2923 4163 2936 4177 ·
2976 4164 2994 4198 ι
3033 4145 3200 4212 ἤγουν
3227 4139 3493 4194 Μελετίου
3526 4139 3620 4192 τοῦ
3654 4141 3828 4207 ἁγίου·

2261 4266 2280 4298 ι
2310 4247 2419 4299 Καὶ
2455 4245 2564 4313 γὰρ
2605 4243 2697 4294 καὶ
2739 4243 2796 4293 tv
2825 4237 3123 4292 δακτυλίων
3150 4234 3480 4302 σφενδόναις,
3513 4234 3611 4288 καὶ
3649 4237 3709 4287 tv
3750 4239 3833 4284 ὲκ-

2257 4340 2466 4408 πόμασι
2522 4336 2616 4388 καὶ
2673 4334 2911 4403 φιάλαις,
2963 4330 3057 4383 καὶ
3099 4331 3155 4380 tv
3200 4325 3459 4392 θαλάμων
3492 4326 3719 4396 τοίχοις,
3748 4327 3834 4378 καὶ

2259 4427 2528 4496 πανταχοῦ
2572 4427 2669 4496 τὴν
2712 4425 2897 4477 εἰκόνα
2924 4421 3024 4490 τὴν
3055 4420 3213 4486 ἁγίαν
3252 4418 3469 4483 ὲκείνην
3509 4417 3832 4488 διεχάραξαν

2259 4516 2464 4570 πολλοί.
2494 4534 2510 4565 ι
2551 4515 2688 4566 Ἀλλ’
2712 4514 2859 4582 ὅμως
2886 4511 3009 4563 οὐδὲ
3049 4509 3280 4562 ἀκοῦσαι
3309 4509 3477 4561 αὐτοῦ
3528 4511 3828 4577 ἀνέχονται,

2259 4610 2394 4678 Περὶ⁵
2422 4607 2519 4676 τῆς
2546 4606 2785 4676 ἱστορίας
2814 4605 2908 4658 τοῦ
2940 4604 3096 4672 ἁγίου
3132 4602 3508 4674 Παγκρατίου,
3552 4603 3635 4656 ὅτι
3665 4603 3727 4655 οὑ
3749 4602 3831 4668 δη-

2257 4701 2342 4754 λοῖ
2371 4699 2509 4771 πρὸς
2550 4699 2696 4760 τίνος
2740 4698 3073 4771 ωνεγρᾲφη,
3109 4697 3160 4749 τί
3189 4695 3383 4760 τοῦτο;
3428 4695 3620 4766 σχεδὸν
3664 4696 3829 4748 πάντα

2257 4793 2327 4845 τὰ
2349 4792 2824 4862 μαρτυρογράφια,
2854 4788 3204 4861 ἀνεπίγραφά
3229 4788 3367 4840 εἰσιν
3385 4804 3400 4818 ·
3430 4787 3550 4839 ἀλλ’
3578 4789 3724 4857 ὅμως
3753 4787 3830 4856 βε-

2259 4883 2390 4936 ϐαιά
2446 4883 2580 4935 εἰσι·
2636 4881 2890 4936 κάκεῖθεν
2952 4882 3001 4934 οἱ
3063 4881 3372 4934 διδάσκαλοι
3439 4880 3828 4951 ἁφορμίξοντιιι

2256 4980 2432 5029 ποιεῖν
2483 4976 2550 5029 τὰ
2599 4975 2704 5028 τῶν
2753 4973 3219 5046 μαρτυρησάντων
3263 4973 3541 5043 ἐγκώμια.
3596 4974 3656 5026 '0
3693 4974 3830 5040 ἅγιος

2257 5066 2604 5134 Παγκράτιος
2633 5068 2689 5118 tv
2722 5064 2943 5134 Σικελίᾳ
2963 5064 3211 5133 τιμᾶται,
3244 5061 3358 5131 ναῷ
3383 5063 3638 5132 μεγίστῳ
3659 5079 3672 5094 ·
3705 5064 3758 5116 ἐν
3791 5054 3829 5128 ᾧ

2258 5175 2390 5225 φασι
2425 5158 2519 5209 καὶ
2554 5158 2755 5226 σημεῖα
2791 5152 3145 5224 γεγενῆσθαι.
3202 5153 3264 5206 '0
3307 5147 3400 5205 οὖν
3445 5152 3524 5223 μὴ
3554 5152 3827 5222 δεχόμενος

2257 5251 2356 5318 τὴν
2409 5248 2666 5315 ἱστορίαν,
2708 5244 3110 5301 συναπεϐάλετο
3143 5243 3232 5297 τὸν
3271 5243 3531 5313 μάρτυρα
3580 5243 3825 5312 δηλονότι.

2256 5341 2444 5394 Ταῦτα
2481 5340 2578 5410 μὲν
2607 5339 2682 5403 ὼς
2706 5341 2764 5393 tv
2804 5337 3022 5407 ὀλίγοις.
3050 5337 3122 5389 Σὺ
3165 5335 3243 5401 δὲ,
3278 5335 3495 5398 τέκνον,
3541 5333 3750 5404 ὑγίαινέ
3776 5348 3824 5384 τε

649 5513 692 5543 ¹¹
719 5513 865 5569 Psal.
899 5530 1056 5580 cun,
1085 5517 1139 5582 6,
1173 5519 1227 5572 7.
1302 5521 1346 5552 “
1387 5518 1546 5573 llom.
1576 5520 1667 5584 45,
1698 5521 1764 5577 de
1793 5521 1853 5576 S.
1877 5520 2091 5577 Mcletio
2129 5520 2499 5576 Antiocheno.

2080 5657 2311 5714 NOTAE.

649 5785 727 5858 (l)
765 5786 1010 5845 Meminit
1035 5789 1198 5861 hujus
1231 5792 1571 5864 Nicephorus
1605 5795 1655 5850 in
1691 5797 2065 5853 Antirrhctico
2101 5813 2203 5852 ms.
