3990 6318
159 362 317 426 1245

1383 367 1925 427 EPISTOLARUM
1979 367 2129 426 LIB.
2178 365 2257 426 ΙΙ.

3314 363 3452 426 1246

152 477 273 528 καὶ
312 473 510 539 σώζοιο
533 491 549 507 ·
590 477 684 532 καὶ
711 478 807 532 τοῦ
841 476 1144 551 Γρηγορὶου
1187 478 1408 549 μακρὰν
1450 475 1754 546 απόστηθι·

1871 474 2068 544 paucis.
2100 475 2183 531 Tu
2215 490 2363 544 vero,
2417 477 2516 545 ﬁli,
2555 477 2738 533 salvus
2783 477 2860 534 sis
2896 485 2952 532 et
3003 475 3295 532 incolumis
3333 493 3348 529 :
3383 484 3442 529 et

157 569 248 639 μή
293 585 350 622 σε
378 569 542 642 ὀλέσῃ
574 567 631 638 ἐξ
663 572 1020 643 ἀπροσεξίας.

639 773 772 826 Ml".
795 802 866 814 —
898 773 1269 843 Ἐγκλείστῃ.
1299 768 1480 846 [τκε’.]

1861 581 1893 620 a
1933 565 2197 638 Gregorio
2235 569 2466 626 abscede
2494 571 2705 640 procul,
2737 586 2805 626 ne
2842 570 3174 642 imprudenti
3201 570 3300 624 tibi
3326 569 3449 624 exi-

1864 658 1999 711 tium
2025 658 2241 714 aiferat.

2387 775 2570 832 XLIII.
2594 809 2663 822 —
2686 771 2942 832 Inclusa.

545 884 802 950 Praecepta
825 889 1108 937 monasticae
1129 889 1244 936 vita
1271 886 1422 937 tradit
1453 899 1466 934 :
1494 883 1644 934 simul
1667 895 1778 946 quas
1800 881 1861 930 ad
1884 887 2211 935 constantiam
2237 885 2286 936 in
2319 887 2560 937 catholica
2585 888 2681 937 ﬁde
2709 887 3077 937 adhortaretur.

254 994 533 1062 Ἀνέγνων
560 1012 653 1048 σου
687 995 749 1048 τὸ
777 995 1013 1068 γράμμα
1045 996 1146 1066 τῆς
1171 993 1459 1058 εὐλαϐείας
1481 1011 1495 1023 ·
1531 991 1669 1048 ἀλλὰ
1689 990 1775 1055 τίς

158 1088 192 1141 ὁ
225 1085 460 1147 ἔπαινος
491 1084 551 1138 ὃν
580 1086 844 1156 ἐποίησας
877 1087 1010 1157 ἡμῖν
1043 1085 1213 1151 ξένοις
1247 1080 1366 1138 οὖσι
1397 1083 1598 1145 παντὸς
1631 1083 1772 1150 ἁγα-

162 1177 312 1243 θοῦ;
343 1178 426 1242 τίς
450 1177 507 1231 δὲ
535 1178 599 1249 δὴ
625 1180 716 1232 καὶ
757 1180 791 1250 ἡ
819 1177 1140 1249 ἐπιζήτησις
1161 1177 1252 1232 τοῦ
1281 1174 1658 1232 διδασκαλικοῦ
1685 1175 1773 1228 λό-

160 1288 304 1338 γου,
336 1269 411 1341 μὴ
448 1269 662 1340 ἔχουσιν
691 1273 1066 1336 οἰκειοποτεῖν,
1103 1272 1201 1342 οὐχ
1234 1271 1403 1338 ὅτιγε
1438 1268 1533 1322 καὶ
1563 1267 1771 1338 ἑτέροις

162 1362 370 1432 ἄρδειν
415 1364 666 1430 νάματα;
695 1363 843 1432 ὅμως
877 1361 1062 1432 ἐπειδὴ
1106 1361 1436 1432 γέγραπται,
1466 1356 1653 1414 Παντὶ
1689 1355 1768 1420 τῷ

161 1455 456 1510 αἰτοῦντί
475 1471 550 1510 σε
575 1454 769 1510 δίδον
799 1455 978 1522 δέξαιο
1002 1453 1362 1525 βραχυλογίαν
1389 1452 1510 1504 τινὰ
1539 1451 1637 1518 τῆς
1667 1465 1770 1500 πε-

163 1547 505 1617 νιχρότητος
548 1546 728 1617 ἡμῶν.
756 1546 878 1600 Τῶν
907 1549 964 1599 ἐν
990 1546 1068 1617 τῷ
1096 1544 1261 1614 κοινῷ
1299 1543 1397 1613 βίῳ
1427 1544 1768 1611 ἀναστρεφο-

168 1641 367 1712 μένων
401 1641 499 1711 οῦχ
536 1641 710 1706 οῦτως
734 1641 936 1696 δύναιτ’
970 1642 1036 1696 ἂν
1058 1642 1085 1694 ό
1105 1641 1203 1708 τῆς
1226 1639 1466 1703 διανοίας
1491 1635 1768 1707 ὀφθαλμὸς

167 1734 553 1806 κεκαθάρθαι,
616 1735 689 1798 ὡς
755 1735 1081 1798 ἐνατενίζειν
1141 1729 1639 1805 ἀπαρεμποδίστως
1689 1731 1768 1801 τῷ

169 1827 378 1880 κάλλει
427 1827 531 1897 τῆς
581 1827 740 1898 δόξης
784 1827 878 1880 τοῦ
911 1826 1046 1880 Θεοῦ
1073 1843 1086 1858 ·
1115 1820 1226 1878 οἷόν
1253 1844 1358 1879 τινι
1396 1825 1543 1895 λύμῃ
1571 1827 1635 1894 τῇ
1669 1824 1767 1893 τῆς

173 1921 394 1990 σαρκὸς
434 1920 780 1991 προσπαθείᾳ
822 1920 1152 1990 μυωπάζων.
1193 1919 1355 1988 Ἡμῖν
1396 1917 1454 1971 δὲ
1485 1914 1568 1980 οἷς
1602 1918 1766 1970 πᾶσιν

165 2013 548 2073 ἀποτακτέον,
585 2011 680 2064 καὶ
728 2011 890 2081 μόνον
931 2011 1023 2064 τὸν
1060 2010 1296 2081 Χριστοῦ
1332 2009 1562 2081 σταυρὸν
1590 2009 1768 2078 αἴρειν

167 2105 657 2174 ἐγκελευομένοις,
685 2104 918 2174 εὐπετὴς
947 2106 980 2174 ἡ
1009 2103 1233 2157 θεοπτία
1253 2120 1265 2133 ’
1303 2103 1470 2174 ἤγουν
1504 2102 1566 2155 τὸ
1601 2101 1768 2172 μηδὲν

166 2196 310 2251 ἄλλο
344 2196 438 2249 καὶ
462 2197 608 2267 ἔχειν
639 2197 733 2250 καὶ
767 2197 1004 2257 ἐννοεῖν,
1039 2197 1072 2266 ἢ
1121 2198 1181 2250 τὸ
1230 2196 1348 2260 πῶς
1373 2196 1764 2266 εὐαρεστήσοι-

172 2307 282 2360 μεν
326 2288 410 2358 τῷ
437 2289 662 2360 Κυρίῳο
692 2290 909 2360 καθαρᾷ
943 2289 1140 2359 καρδίᾳ
1180 2287 1466 2360 λατρεύειν
1506 2287 1674 2357 αὐτῷ,
1709 2289 1767 2340 ὲν

167 2379 490 2451 ἀπορῤήξει
514 2381 696 2451 πάσης
721 2383 955 2452 σχέσεως
980 2382 1270 2452 σαρκικῆς.
1299 2383 1480 2434 Ἔστω
1501 2377 1592 2434 οῦν
1613 2382 1766 2450 ὑμῶν

169 2473 208 2541 ἡ
243 2471 354 2541 τῆς
384 2471 709 2541 ἐγκλείσεως
740 2474 991 2543 περιοχὴ,
1025 2473 1179 2536 πόλις
1201 2473 1335 2527 Θεοῦ
1364 2473 1763 2543 πεποικιλμένη

170 2561 440 2635 χρυσέοις
467 2562 891 2633 κατορθώμασιο
931 2567 1004 2635 μὴ
1040 2565 1186 2629 κλεῖς
1223 2567 1352 2636 περὶ
1381 2565 1442 2619 τὸ
1475 2566 1637 2636 σῶμα
1666 2566 1766 2633 μό-

171 2673 290 2721 νον,
322 2656 465 2710 ἀλλὰ
489 2657 598 2728 γὰρ
630 2658 725 2710 καὶ
775 2658 916 2711 κατὰ
963 2660 1200 2729 πνεῦμα.
1255 2661 1540 2730 Προσῆκον
1587 2659 1767 2712 τοίνυν

171 2748 413 2818 φεύγειν
455 2750 601 2820 ὑμᾶς
630 2751 728 2813 τὰς
758 2750 870 2803 τῶν
893 2752 1102 2823 ἀνδρῶν
1128 2753 1298 2822 ὄψεις,
1325 2754 1423 2815 τὰς
1465 2753 1602 2822 πρὸς
1640 2753 1765 2815 τοὺς

171 2842 272 2909 ἀφ’
307 2842 547 2913 αἵματος
591 2843 830 2913 σχέσεις,
861 2844 958 2907 τὰς
1004 2844 1140 2914 πρὸς
1168 2844 1287 2898 ὅλον
1318 2844 1409 2897 τὸν
1437 2846 1641 2914 κόσμον
1679 2863 1767 2914 φι-

167 2932 333 2996 λίας’
392 2935 565 2998 αὐτὰς
624 2935 682 2987 δὲ
741 2936 826 3005 ἐφ’
876 2937 1077 3000 ἑαυτὰς
1127 2937 1626 3007 συνανεστρόιφθαιθ
1673 2937 1765 2989 καὶ

172 3026 326 3096 ἔχειν
367 3027 499 3097 μίαν
529 3026 708 3097 ψυχὴν
758 3029 853 3081 καὶ
904 3012 1150 3099 καρδίαν,
1187 3029 1330 3083 κατὰ
1376 3028 1609 3099 μίμησιν
1656 3029 1765 3081 τῶν

171 3119 424 3190 ἀρχῆθεν
457 3122 549 3173 ἐπὶ
576 3120 684 3174 τῶν
710 3121 1024 3174 ἀποστόλων
1047 3121 1512 3174 πεπιστευκότων.
1552 3120 1617 3174 Ἦ
1640 3118 1764 3172 καθ-

1942 991 2070 1065 Legi
2100 996 2382 1065 epistolam
2411 995 2630 1066 pietatis
2664 1005 2791 1060 tuae,
2812 995 2908 1050 sed
2935 1010 3056 1065 qua:
3086 994 3208 1050 laus
3237 1010 3302 1050 ea
3333 1002 3446 1063 est,

1869 1100 1975 1155 qua
2010 1103 2110 1141 nos
2137 1086 2363 1142 affecisti
2389 1088 2482 1158 qui
2519 1103 2710 1143 sumus
2738 1089 2806 1142 ab
2836 1089 2987 1142 omni
3028 1088 3173 1142 bono
3205 1089 3396 1158 inopes
3426 1090 3450 1142 ?

1869 1187 1962 1231 aut
1993 1179 2124 1247 quid
2159 1195 2190 1233 a
2233 1179 2390 1234 nobis
2437 1181 2678 1249 magistri
2718 1181 2920 1235 monita
2962 1180 3195 1251 ﬂagitas,
3230 1182 3322 1249 qui
3359 1180 3446 1235 vix

1868 1284 2062 1325 sumus
2097 1272 2330 1340 propriae
2363 1272 2451 1327 siti
2483 1272 2763 1342 explendae
2794 1288 2973 1341 pares,
3003 1274 3201 1327 nedum
3233 1282 3290 1325 ut
3326 1266 3451 1327 aliis

1864 1362 2019 1429 rigua
2050 1364 2433 1432 praebeamus?
2467 1364 2736 1430 Quoniam
2789 1374 2968 1419 tamen
3009 1365 3271 1434 scriptum
3311 1373 3396 1418 est
3430 1382 3445 1419 :

1870 1455 2026 1509 Omni
2054 1457 2247 1524 petenti
2272 1467 2318 1510 te
2347 1457 2516 1512 tribue
2544 1459 2588 1490 ³³
2620 1475 2639 1512 :
2671 1458 2922 1528 exiguam
2957 1473 3055 1527 pro
3090 1469 3272 1512 nostra
3329 1457 3452 1510 ino-

1864 1549 1952 1618 pia
1979 1548 2281 1604 orationem
2318 1551 2524 1621 accipe.
2558 1550 2663 1616 Qui
2694 1552 2746 1604 in
2797 1550 3044 1605 saeculari
3075 1550 3182 1604 vita
3224 1549 3449 1620 degunt,

1866 1643 2012 1697 haud
2045 1644 2284 1712 proclive
2331 1654 2414 1700 est
2460 1654 2517 1699 ιιι
2558 1643 2649 1698 hic
2681 1644 2879 1700 mentis
2910 1643 3100 1698 oculus
3133 1644 3204 1696 ita
3254 1658 3453 1712 purga-

1863 1743 1952 1791 tus
1989 1737 2078 1800 sit,
2108 1747 2169 1791 ut
2197 1739 2318 1792 sine
2350 1738 2506 1792 obice
2541 1736 2786 1791 intendat
2836 1735 3006 1791 aciem
3043 1736 3097 1790 in
3143 1735 3449 1802 pulchritu-

1867 1831 2047 1885 dinem
2106 1831 2290 1900 gloriaa
2354 1829 2449 1884 Dei
2500 1849 2516 1885 :
2569 1833 2725 1900 quasi
2783 1829 3019 1898 quadam
3082 1828 3447 1898 lippitudine,

1869 1924 2051 1978 carnis
2070 1921 2264 1977 ail‘ectu
2297 1922 2607 1977 eaeeutiens.
2631 1920 2803 1976 Nobis
2830 1937 2957 1975 vero
2981 1936 3118 1990 quos
3137 1920 3452 1973 renuntiare

1870 2018 2125 2071 omnibus
2152 2016 2317 2075 rebus
2355 2025 2589 2085 oportet,
2614 2017 2705 2084 qui
2735 2025 2788 2069 et
2813 2015 2986 2069 solam
3008 2013 3208 2068 Christi
3228 2028 3449 2066 erucem

1869 2111 2058 2164 tollere
2099 2110 2238 2178 jussi
2279 2124 2492 2171 sumus,
2531 2108 2689 2162 facile
2723 2116 2805 2162 est
2837 2107 3004 2161 Deum
3043 2107 3238 2160 intueri
3275 2124 3288 2159 :
3343 2105 3450 2159 hoc

1868 2204 1973 2257 est,
1999 2195 2144 2250 aliud
2175 2197 2308 2250 nihil
2335 2208 2582 2266 spectare
2612 2197 2692 2249 vel
2719 2196 2962 2265 cegitare
2985 2211 3148 2264 quam
3182 2193 3448 2264 quemad-

1870 2288 2087 2342 modum
2119 2289 2352 2344 Domino
2399 2289 2710 2357 placeamus
2741 2306 2755 2341 :
2799 2289 3002 2342 mundo
3046 2288 3211 2341 corde
3247 2287 3296 2340 ei
3332 2302 3451 2341 ser-

1870 2381 2004 2444 vire,
2030 2380 2258 2451 praeciso
2290 2382 2440 2457 omni
2464 2381 2646 2436 carnis
2683 2380 2899 2434 atfectu.
2924 2379 3005 2434 Sit
3053 2395 3182 2449 ergo
3225 2378 3446 2434 claustri

1867 2475 2031 2530 vestri
2069 2474 2330 2536 ambitus,
2357 2475 2551 2528 civitas
2594 2474 2710 2539 Dei,
2758 2473 3051 2527 virtutibus
3093 2471 3250 2540 quasi
3309 2486 3446 2524 auro

1868 2570 2125 2623 distincta
2156 2587 2170 2622 :
2206 2583 2304 2622 nee
2339 2582 2541 2636 corpus
2572 2567 2732 2620 modo
2774 2566 3041 2629 clavibus,
3073 2565 3165 2620 sed
3196 2576 3250 2619 et
3282 2564 3444 2634 spiri-

1867 2673 1957 2716 tus
1991 2662 2335 2715 cohibeatur.
2369 2658 2466 2713 Est
2494 2659 2658 2729 igitur
2684 2669 3107 2714 consentancum
3128 2669 3181 2710 ut
3202 2658 3445 2711 virorum

1868 2764 2222 2823 conspectum
2258 2752 2500 2817 fugiatis,
2532 2752 2784 2806 allectum
2818 2766 2945 2819 erga
2976 2751 3443 2819 eonsanguineds,

1867 2847 2137 2902 amicitias
2189 2861 2318 2915 erga
2370 2845 2634 2898 mundum
2686 2845 3044 2898 universum:
3095 2852 3150 2897 et
3197 2853 3254 2896 nt
3304 2842 3446 2896 inter

1867 2956 1964 2996 vos
2020 2941 2169 3009 ipsas
2203 2937 2446 3009 degatis,
2479 2937 2834 3002 habeatisque
2875 2937 3112 2989 animam
3177 2950 3337 2988 unam
3390 2941 3447 2987 et

1866 3049 1964 3088 cor
2010 3047 2204 3097 unum,
2253 3031 2320 3084 ad
2368 3029 2678 3097 exemplum
2735 3042 2929 3081 eorum
2971 3026 3063 3095 qui
3108 3026 3217 3093 jam
3249 3026 3378 3078 olim
3411 3041 3444 3079 a

1867 3122 2157 3192 principio,
2225 3119 2599 3190 apostolorum
2671 3116 3008 3185 temporibus
3072 3115 3440 3170 crediderunt.

171 3210 469 3280 ηγουμένη
528 3210 670 3264 οὕτω
722 3211 1071 3282 καθηγεῖσθω
1113 3211 1189 3275 ὡς
1222 3211 1463 3282 Χριστοῦ
1495 3213 1763 3282 ἐπέχουσα

1871 3214 2166 3284 Praeposita
2226 3213 2307 3268 sic
2364 3219 2518 3281 regat
2569 3218 2830 3278 tanquam
2889 3207 3094 3262 Christi
3149 3221 3440 3276 personam

173 3304 535 3376 χαρακτῆρα,
561 3305 794 3358 ποιοῦσα
823 3304 1062 3373 πρῶτον,
1089 3299 1188 3358 εἷθ’
1209 3304 1385 3369 οὕτως
1414 3305 1761 3358 διδάσκουσιν

177 3397 350 3468 μηδὲν
403 3398 816 3468 ἐλλιμπάνουσα
867 3399 977 3451 τῶν
1027 3397 1148 3455 κατέ
1186 3399 1406 3467 ἐντολὴν
1447 3398 1767 3468 πρακτικῶς

176 3490 588 3544 ὑποδεικνύναι.
631 3490 695 3544 Ἡ
729 3491 1256 3561 καθυποτασσομένη
1293 3489 1436 3544 οὕτω
1479 3489 1767 3542 πείθεσθαι

175 3582 273 3636 καὶ
308 3583 582 3648 ὑπείκειν,
619 3583 694 3644 ὡς
720 3584 871 3655 αὐτῷ
899 3584 1120 3655 Χριστῷ
1150 3583 1250 3657 τὴν
1284 3584 1533 3654 ὑπακοὴν
1567 3581 1766 3636 ἀνύου-

178 3691 267 3727 σα.
305 3675 488 3728 Ὅπου
530 3673 588 3727 δὲ
615 3675 808 3738 ταῦτα,
848 3677 964 3729 ἐκεῖ
1005 3677 1187 3748 πάσης
1230 3676 1596 3746 ἀγαθοεργίας
1635 3692 1770 3745 καρ-

177 3768 315 3830 πόςο
374 3761 441 3822 οὗ
498 3770 556 3823 δέ
610 3770 672 3823 οὐ
725 3769 917 3836 ταῦτα,
956 3770 1075 3823 ἐκεῖ
1128 3769 1348 3834 πάντως
1399 3770 1469 3823 τὰ
1526 3771 1766 3834 ἐναντία,

179 3860 444 3932 ἐταιρίαι,
498 3861 844 3932 φιλονεικίαι,
903 3861 1242 3934 ψιθυρισμοὶ,
1300 3861 1766 3934 ἰδιοκτημοσύναι,

179 3951 520 4018 φυσιώσεις,
578 3955 978 4024 προσπάθειαι,
1043 3955 1181 4025 πρός
1239 3971 1301 4008 τε
1363 3954 1601 4026 ἀλλήλας
1669 3955 1769 4008 καὶ

179 4040 319 4111 πρὸς
375 4043 507 4108 τοὺς
561 4043 781 4110 ἔξωθεν,
812 4047 921 4098 εἴτε
975 4046 1039 4098 ὲκ
1084 4045 1296 4114 γένους,
1333 4047 1445 4099 εἴτε
1492 4049 1558 4100 ἐκ
1585 4046 1767 4117 φιλίας

179 4133 370 4203 ἄλλης.

251 4225 415 4280 Οὕτω
445 4226 545 4298 μέν
579 4223 672 4281 οῦν
703 4227 778 4291 ὡς
803 4231 861 4283 ὲν
893 4229 1059 4302 ὀλίγῳ
1098 4231 1131 4300 ή
1169 4231 1298 4301 περὶ
1329 4230 1482 4284 τοῦδε
1515 4230 1767 4301 ὑπόμνη-

184 4332 286 4380 σις.
332 4319 479 4388 Ἐγὼ
516 4317 574 4370 δὲ
602 4320 632 4374 ὁ
661 4320 914 4384 ταπεινὸς
945 4321 1272 4390 παρακαλῶ,
1310 4321 1408 4376 σὺν
1438 4322 1516 4395 τῷ
1547 4323 1648 4392 βίῳ
1674 4324 1769 4376 καὶ

180 4410 280 4481 τὴν
314 4413 504 4467 πίστιν
537 4413 910 4485 ὴγλαῖσμένην
941 4415 1241 4486 κεκτῆσθαι
1284 4419 1460 4487 ὑμᾶς·
1499 4418 1770 4488 μηδαμῶς

181 4506 640 4604 τῇᾍΧριστομάχῳ
681 4508 889 4578 αἱρέσει
932 4513 1233 4572 κοινωνεῖν,
1257 4511 1381 4581 ἥτις
1426 4511 1764 4581 Ἰουδαῖσμοῦ
1797 4549 1841 4604 D

181 4593 336 4648 οὐδὲν
363 4597 662 4668 διενήνοχε,
694 4596 792 4669 τὴν
846 4601 1112 4670 σωτήριον
1155 4602 1394 4673 Χριστοῦ
1431 4603 1763 4673 οἰκονομίαν,

182 4682 270 4738 διὰ
295 4688 395 4758 τῆς
428 4689 797 4762 καθαιρέσεως
831 4692 941 4744 τῶν
975 4692 1190 4748 σεπτῶν
1223 4696 1449 4749 εἰκόνων
1497 4695 1663 4749 αὑτοῦ
1706 4714 1766 4750 τε

184 4770 448 4842 Χριστοῦ,
485 4778 583 4846 τῆς
629 4797 688 4832 τε
723 4780 989 4834 Θεοτόκου
1036 4781 1133 4835 καὶ
1172 4784 1390 4838 πάντων
1419 4784 1529 4838 τῶν
1571 4785 1764 4855 ἁγίων,

183 4861 494 4939 ἀρνουμένῃ
513 4885 528 4898 ⁸
560 4870 858 4942 ἐπειδήπερ
889 4874 921 4942 ἡ
953 4873 1119 4927 εἰκὼν
1153 4877 1349 4930 ταυτόν
1369 4877 1487 4932 ἐστι
1509 4878 1587 4949 τῷ
1611 4896 1766 4950 πρω-

181 4954 400 5028 τοτύπῳ
431 4963 568 5031 τιμῇ
591 4979 648 5014 τε
675 4965 768 5018 καὶ
796 4969 1163 5035 προσκυνήσει
1185 4983 1198 4997 ³
1230 4964 1342 5025 οἷον
1367 4971 1454 5022 ἐπ’
1479 4970 1646 5024 αὑτοῦ
1672 4970 1765 5024 τοῦ

185 5042 452 5108 ζωοποιοῦ
474 5049 761 5124 [σταυροῦ]
785 5054 991 5108 καὶτοῦ
1020 5057 1216 5112 τύπου.
1233 5059 1401 5129 Μὴδὴ
1419 5060 1512 5114 οῦν
1530 5063 1772 5133 ἀρνήση-

185 5135 278 5190 σθε
296 5140 385 5192 τὸν
401 5143 641 5215 Χριστὸν
659 5147 716 5198 αἱ
729 5148 1093 5222 Χριστοφόροι
1119 5151 1197 5223 τῷ
1225 5153 1364 5222 ἁγίῳ
1382 5155 1772 5227 περιϐλήματιο

192 5229 325 5320 μήτε
348 5237 473 5300 τοὺς
491 5238 780 5302 τοσούτους
805 5241 1031 5308 κόπους,
1048 5244 1142 5309 οὓς
1159 5246 1422 5301 ἀνατλᾶτε
1442 5248 1532 5301 τὸν
1554 5249 1611 5302 ὲν
1635 5267 1779 5320 παρ-

187 5318 339 5394 θενίᾳ
368 5328 483 5398 βίον
521 5333 661 5400 μετὰ
680 5331 1017 5407 καθείρξεως
1049 5337 1549 5406 διανύουσαι,ένθεν
1569 5318 1776 5409 ὀλέσαι,

189 5416 282 5467 καὶ
326 5419 424 5491 τῆς
471 5424 862 5499 ἀντικειμένης
901 5429 1139 5500 μερίδος,
1166 5433 1304 5504 ὅπερ
1334 5433 1500 5504 ἀπείη
1544 5434 1639 5487 καὶ
1685 5435 1772 5489 ὲν“

189 5510 326 5560 νοεῖν
371 5515 469 5568 καὶ
508 5514 717 5584 λέγειν.
758 5519 1080 5590 γινόμεναι·
1127 5522 1241 5575 ἀλλ’
1272 5522 1596 5580 εὶδυίαι⁹ὄτι
1645 5524 1770 5579 οὔτε

191 5594 303 5691 ξίος
330 5600 454 5674 δίχα
483 5608 722 5674 πίστεως
764 5612 955 5685 ὀρθῆς,
986 5612 1102 5666 οὔτ’
1131 5611 1198 5670 αὖ
1227 5616 1408 5680 πίστις
1452 5619 1579 5689 δίχα
1627 5619 1771 5691 πρά-

192 5685 326 5755 ξεως
373 5695 524 5765 θείας
568 5700 760 5767 σώζειν
799 5705 1044 5772 δύναιτο,
1085 5707 1479 5782 ἀμφοτέρωθεν
1507 5685 1771 5785 ἐσιτέετ-

261 5806 306 5839 ³³
335 5811 465 5872 Luc.
498 5836 573 5882 vr.
603 5819 690 5876 50.
771 5822 814 5854 “
839 5825 962 5880 Act.
998 5839 1037 5882 ι.
1077 5824 1128 5878 I.

1867 3306 2167 3368 sustinens,
2216 3303 2454 3372 primum
2497 3301 2726 3364 faciens,
2761 3300 2956 3354 deinde
2985 3299 3067 3352 sic
3116 3297 3318 3351 docens
3343 3297 3389 3327 "‘
3427 3310 3442 3346 :

1868 3400 2006 3455 nihil
2059 3396 2479 3469 prmtermittens
2533 3408 2723 3449 eorum
2784 3407 2906 3461 quae
2972 3398 3101 3446 sunt
3156 3391 3416 3459 imperata

1866 3491 2114 3560 exctnplo
2157 3497 2484 3543 monstrare.
2537 3485 2672 3552 Qua:
2723 3485 2940 3540 subdita
2975 3495 3076 3548 est,
3121 3483 3196 3537 ita
3233 3483 3412 3536 obtem

1869 3600 2058 3656 perare
2088 3599 2152 3637 ac
2186 3597 2377 3651 parere
2407 3588 2754 3645 consuescat,
2800 3588 3058 3649 tanquam
3088 3577 3305 3631 Christo
3337 3575 3438 3644 ipsi

1870 3692 2074 3732 morem
2108 3684 2278 3745 gerat.
2299 3672 2431 3727 Nam
2455 3673 2572 3726 haec
2600 3672 2689 3727 ubi
2728 3671 2999 3734 aﬂ‘uerint,
3026 3670 3097 3723 ibi
3117 3670 3297 3722 omnis
3314 3667 3439 3722 boni

1869 3772 2048 3839 operis
2097 3767 2350 3822 fructus:
2405 3767 2499 3820 ubi
2534 3783 2642 3821 non
2701 3766 2883 3819 adsint
2931 3763 3040 3826 illa,
3081 3761 3156 3816 ibi
3218 3760 3443 3815 omnino

1868 3862 2171 3925 contraria,
2229 3861 2634 3922 conventicula,
2684 3857 3087 3920 contentiones,
3135 3867 3446 3907 murmura-

1868 3958 2076 4020 tiones,
2101 3954 2308 4023 privata
2340 3953 2576 4022 peculia,
2627 3961 2810 4004 tumor
2845 3949 3012 4003 animi
3043 3967 3058 4014 ;
3091 3947 3274 4001 vitiosi
3309 3944 3442 3999 affe-

1870 4057 1988 4103 ctus
2035 4059 2147 4099 tum
2202 4059 2331 4116 erga
2384 4060 2444 4100 se
2498 4043 2753 4104 invicem,
2783 4050 2896 4095 tum
2946 4056 3071 4110 erga
3129 4048 3442 4102 extraneos,

1869 4141 1983 4195 sive
2007 4138 2076 4192 ob
2093 4137 2496 4207 cognationem,
2523 4135 2637 4191 sive
2686 4135 2756 4187 ob
2781 4132 2939 4186 aliam
2963 4129 3443 4185 necessitudinem.

1937 4231 2134 4287 Paucis
2168 4231 2352 4298 itaque
2380 4230 2558 4286 verbis
2578 4230 2691 4282 haec
2716 4226 2784 4281 de
2816 4226 2922 4280 isto
2945 4231 3268 4293 argumento
3295 4236 3446 4275 eom-

1869 4325 2097 4380 monitio
2128 4323 2207 4378 ﬁt.
2239 4323 2354 4394 Ego
2399 4320 2621 4376 humilis
2663 4319 2915 4381 obsecro,
2945 4324 3004 4368 ut
3039 4329 3164 4368 cum
3199 4313 3445 4366 moribus

1869 4419 2135 4474 illibatam
2181 4414 2344 4468 ﬁdem
2402 4410 2686 4476 tueamini,
2734 4408 2887 4462 nullo
2924 4405 3090 4460 modo
3137 4403 3448 4459 communi-

1869 4520 2059 4566 cantes
2099 4504 2643 4562 Christomachorum
2692 4501 2907 4566 haeresi,
2953 4513 3076 4569 quae
3117 4495 3252 4549 nihil
3283 4511 3312 4548 a
3350 4492 3447 4547 Ju-

1871 4604 2084 4659 daismo
2101 4601 2394 4668 discrepat,
2427 4596 2720 4652 salutarem
2742 4591 2945 4646 Christi
2972 4589 3440 4659 dispensationem

1872 4711 2098 4767 negans,
2132 4690 2364 4748 sublatis
2393 4705 2424 4744 e
2451 4689 2631 4743 medio
2660 4685 2986 4740 venerandis
3011 4682 3182 4751 ipsius
3216 4679 3445 4744 Christi,

1872 4801 1985 4846 tum
2021 4788 2286 4857 Deiparae,
2313 4783 2671 4849 omniumque
2712 4786 3026 4833 sanctorum
3063 4774 3392 4844 imaginibus
3430 4790 3444 4826 :

1871 4877 2314 4952 quandoquidem
2379 4875 2560 4942 imago
2619 4871 2762 4924 idem
2815 4877 2900 4924 est
2948 4881 3075 4921 eum
3137 4875 3448 4934 prototypo,

1874 4975 2082 5028 honore
2136 4977 2192 5026 et
2246 4968 2599 5023 adoratione:
2632 4962 2769 5017 utin
2813 4959 3026 5014 viviﬁca
3086 4958 3258 5027 ipsius
3288 4973 3451 5012 cruce

1870 5063 2158 5133 contingit,
2191 5071 2246 5116 et
2280 5061 2333 5115 in
2367 5056 2611 5129 ejusdem
2638 5053 2832 5124 elIigie.
2868 5050 3047 5106 Nolite
3090 5051 3256 5120 igitur
3289 5049 3451 5103 Chri-

1872 5170 2018 5214 stum
2053 5169 2275 5225 negare,
2305 5153 2398 5223 qui
2453 5164 2614 5206 sacro
2648 5147 2837 5202 habitu
2863 5145 3140 5200 Christum
3176 5144 3406 5213 gestatis
3434 5163 3447 5197 :

1874 5266 1977 5306 nec
2018 5259 2294 5304 tantorum
2343 5245 2614 5306 laborum,
2648 5256 2786 5311 quos
2825 5248 3102 5294 transacto
3135 5238 3191 5290 in
3225 5235 3456 5303 virgini-

1876 5352 1988 5398 tate
2043 5356 2161 5395 aevo
2218 5339 2363 5393 intra
2411 5337 2649 5392 claustra
2715 5332 2987 5401 perfertis,
3016 5329 3142 5384 inde
3177 5328 3454 5399 jacturam

1874 5433 2059 5496 facite,
2098 5433 2153 5487 in
2192 5428 2635 5484 adversariorum
2690 5434 2888 5490 castra,
2948 5421 3095 5493 quod
3134 5422 3218 5477 vel
3274 5421 3456 5476 dicere

1873 5527 1961 5582 vel
2010 5525 2252 5595 cogitare
2308 5520 2461 5577 nefas
2504 5529 2608 5582 est,
2644 5519 3091 5574 transvolantes:
3144 5515 3238 5569 sed
3290 5514 3457 5582 probe

1877 5621 2259 5692 intelligentes,
2288 5630 2388 5671 nec
2409 5629 2588 5670 mores
2614 5615 2734 5669 sine
2757 5622 2904 5668 recta
2932 5611 3059 5674 ﬁde,
3111 5623 3209 5664 nec
3233 5622 3454 5662 rursum

1877 5713 2038 5770 ﬁdem
2071 5711 2190 5769 sine
2236 5707 2438 5765 divinis
2466 5705 2744 5777 operibus,
2788 5703 2982 5761 eti‘erre
3005 5701 3238 5758 salutem
3271 5713 3449 5772 posse,
