3990 6318
510 309 647 368 1247
1693 300 1753 357 S.
1795 296 2086 356 THEODC

2253 294 2589 355 STUDlT/E
3667 289 3690 350 1
3706 291 3829 352 248

502 426 736 485 utraque
758 415 886 470 dote
916 411 1168 482 fulgeatis
1207 410 1275 465 ad
1314 409 1546 479 gloriam
1575 407 1694 468 Dei,
1722 407 1789 461 ad
1819 407 2078 461 Ecclesia:

2259 404 2534 474 γασμέναι
2582 403 2665 466 είς
2708 400 2871 466 δόξαν
2911 401 3073 468 Θεοῦ,
3105 402 3188 465 είς
3220 400 3381 464 κλέος
3408 399 3518 469 τῆς
3555 400 3833 473 Ἐκκλη-

501 506 869 575 splendorem,
903 505 969 560 ad
995 503 1439 560 consecutionem
1461 511 1790 556 aeternorum
1816 499 2077 554 bonorum

2263 514 2337 560 ις,
2363 499 2442 560 εἰς
2472 494 2750 561 ὲπίτευξιν
2780 495 2889 548 τῶν
2911 496 2969 549 έν
2996 495 3355 564 έπαγγελ-ίαις
3385 494 3645 549 αἰωνίων
3678 498 3839 565 ἀγα-

500 615 624 668 quze
657 600 929 668 promissa
960 605 1090 652 sunt
1120 616 1134 650 :
1165 605 1387 649 orantes
1426 593 1593 649 etiam
1640 607 1739 661 pro
1770 592 1930 648 nobis
1960 606 2076 661 pec-

2261 591 2304 642 ιν
2327 607 2342 621 ο
2362 587 2799 660 προσευχόμεναι
2829 588 2922 641 καὶ
2950 589 3079 658 περὶ⁸
3107 588 3266 659 ἡμῶν
3286 587 3398 641 τῶν
3427 589 3837 659 ἁμαρτωλῶν,

501 692 809 754 catoribus,
842 699 906 744 ut
930 691 1064 744 salvi
1105 689 1302 744 simus.

1160 705 1302 743 mus.
2193 682 2268 746 ὼς
2300 682 2368 737 ἂν
2401 680 2736 752 σωξοίμεθα.

949 823 1136 879 XLIV.
1159 858 1231 867 —
1253 823 1491 879 Simeom’
1514 823 1652 893 ﬁlio.

2608 820 2741 876 MA'.
2767 851 2838 862 —
2868 820 3115 890 Συμεὼν
3137 819 3345 883 τέκνῳ.
3390 817 3591 891 [att]

915 941 1035 990 Cum
1057 938 1168 988 aliis
1189 953 1367 988 novem
1397 937 1597 999 latenti,
1625 939 1690 988 de
1723 940 1788 989 iis
1810 935 1894 1000 qui
1916 937 2151 999 martyrio
2178 951 2234 987 se
2259 936 2352 1000 ipsi
2378 935 2637 999 objiciunt.
2675 938 2875 1000 (Baron.
2903 949 2983 986 an.
3015 936 3128 998 818,
3163 950 3214 986 ιι.
3242 935 3345 997 18.)

583 1047 719 1102 Sero
761 1047 1004 1115 quidem,
1048 1046 1145 1100 sed
1189 1058 1371 1098 tamen
1427 1046 1640 1099 litteras
1701 1055 1826 1100 tuas
1887 1045 2096 1114 accepi,

2291 1044 2418 1113 Ὀψὲ
2453 1044 2574 1114 μὲν,
2609 1046 2759 1114 ὅμως
2789 1042 3060 1112 ὲδεξᾶμην
3089 1043 3161 1094 τὰ
3188 1040 3509 1111 ἀντίγραφά
3555 1055 3694 1103 σου,
3739 1039 3835 1092 τὲ-

509 1142 609 1205 fili,
644 1151 697 1194 et
746 1140 953 1211 gratias
1006 1139 1092 1208 egi
1141 1137 1375 1191 Domino
1428 1148 1542 1191 tum
1598 1138 1668 1192 ob
1719 1137 2085 1191 defensionem

2263 1151 2333 1186 νον
2358 1151 2373 1165 ·
2404 1135 2908 1205 καὶ¹ηὑχαρίστησα
2944 1133 3025 1203 τῷ
3063 1133 3256 1204 Κυρίῳ
3288 1133 3382 1185 ἐπὶ
3419 1135 3487 1202 τῇ
3535 1131 3839 1202 ἀπολογίᾳ

511 1244 686 1297 tuam,
721 1241 836 1284 tum
873 1232 944 1284 ob
991 1231 1272 1284 solertiam
1311 1239 1364 1282 et
1413 1245 1601 1282 curam
1634 1246 1740 1298 qua
1777 1239 1856 1283 tot
1899 1229 2087 1284 fratres

2258 1245 2325 1286 lU.
2356 1229 2422 1297 τῇ
2454 1243 2515 1279 τε
2547 1227 2762 1302 συνέσει
2793 1227 2887 1280 καὶ
2915 1224 3169 1279 διασώσει
3197 1241 3212 1256 ο
3251 1225 3444 1295 ὅτιπερ
3477 1225 3579 1276 καὶ
3619 1226 3834 1276 τοσού-

511 1334 661 1378 tutos
713 1333 941 1393 pnestas
990 1324 1058 1375 ab
1110 1323 1498 1375 haereticorum
1553 1323 1788 1391 laqueis,
1837 1323 1932 1390 qui
1990 1336 2087 1375 non

2259 1337 2336 1382 ιυς
2371 1320 2646 1388 ἀδελφοὺς·
2663 1320 2805 1390 ἔχεις
2845 1318 3322 1389 συνδιαφυλάττων
3356 1318 3465 1370 ἀπὸ
3497 1317 3605 1384 τῆς
3643 1317 3835 1387 θήρας

511 1430 743 1484 corpora
802 1415 895 1468 sed
953 1414 1170 1467 animos
1227 1413 1547 1481 discerpunt
1603 1432 1615 1466 :
1677 1429 1992 1482 quanquam
2049 1424 2087 1465 el

2256 1413 2318 1466 ὒν
2350 1413 2755 1484 αίρετιζόντων,
2792 1413 2886 1466 καὶ
2917 1413 2980 1482 ορ
3024 1413 3254 1482 σάρκας,
3277 1409 3414 1464 ἀλλὰ
3452 1411 3650 1481 ψυχὰς
3681 1427 3832 1463 σπα-

515 1462 743 1484 νν-Γν--
802 1462 895 1468 --ς-
1233 1462 1545 1481 —-—-~~.~~---
1604 1462 1615 1466 -
1682 1462 1992 1482 -ι--ψ--ι-ψη
2055 1462 2089 1465 ~-

513 1524 790 1576 corpora,
847 1507 1024 1576 plagis
1074 1506 1456 1573 mortibusque
1504 1505 1688 1559 illatis.
1745 1504 1878 1558 Esto
1924 1515 2089 1559 ments

2255 1462 2310 1466 ”⁷’
2355 1462 2755 1484 ”Τ-“”’”““”
2796 1462 2885 1466 “’”⁷’
2926 1462 2974 1482 ’ἶ
3032 1462 3253 1482 ”““Γ”’”⁷”’
3283 1462 3308 1464 ﬂ
3368 1462 3409 1464 γ’
3468 1467 3480 1480 ι
3537 1462 3646 1481 “'7'—
3753 1462 3756 1463 ⁷

2255 1507 2526 1560 κσσόντων
2546 1523 2559 1536 ·
2596 1507 2737 1577 πλὴν
2764 1507 2847 1560 ὅτι
2877 1506 2973 1560 καὶ
3008 1503 3258 1576 σώματα,
3293 1504 3360 1559 δι’
3382 1497 3457 1558 ὧν
3481 1506 3831 1576 ἐπιφέρουσι

519 1603 754 1669 integra,
795 1601 870 1652 lili
912 1600 984 1652 mi
1017 1599 1235 1660 dilecte,
1277 1607 1535 1653 strenuus
1567 1608 1704 1660 esto,
1743 1598 1938 1652 fratres
1977 1605 2095 1653 tuos

2251 1599 2431 1669 ληγῶν
2483 1598 2577 1652 καὶ
2632 1598 2899 1652 θανάτων.
2943 1597 3203 1667 Ὑγίαινε,
3242 1596 3324 1649 υίέ
3373 1585 3478 1665 μόυ
3526 1597 3827 1665 ἀγαπητὲ,

515 1710 664 1764 rege.
714 1694 801 1748 fac
847 1709 971 1748 esse
1023 1707 1120 1747 eos
1173 1693 1357 1745 animo
1403 1692 1596 1748 alacri.
1644 1707 1766 1760 qua:
1817 1691 2091 1744 veritatem

2253 1691 2488 1760 ρίστευε,
2550 1691 2687 1763 ὴγοῦ
2745 1691 2856 1745 τῶν
2909 1691 3154 1761 ἀδελφῶν
3207 1708 3323 1752 σου,
3377 1690 3829 1760 προθυμοποίει,

514 1790 748 1841 attinent
799 1786 1017 1851 exhibe,
1072 1785 1141 1839 ad
1195 1786 1516 1856 martyrium
1578 1785 1814 1853 impelle.
1863 1783 2090 1853 Tempus

2254 1785 2576 1855 αραδείκνυε
2600 1785 2670 1837 τὰ
2702 1785 2802 1854 τῆς
2834 1784 3116 1853 ἀληθείας,
3152 1783 3444 1854 παράθηγε
3477 1786 3560 1845 είς
3597 1799 3830 1852 μαρτυ-

516 1877 661 1929 enim
687 1876 735 1928 id
767 1877 1045 1943 postulat:
1071 1891 1387 1944 quanquam
1413 1875 1557 1944 iuste
1582 1877 1820 1930 latebras
1845 1876 2092 1945 petiistis.

2252 1877 2353 1931 ίαν.
2400 1879 2457 1930 '0
2485 1878 2595 1946 γὰρ
2642 1879 2835 1947 καιρὸς
2863 1876 3138 1941 τοιοῦτος’
3166 1878 3272 1931 κᾶν
3305 1876 3702 1946 ὐποκρύϐεσθε
3733 1877 3828 1927 έν-

517 1967 799 2036 Projicere
829 1968 976 2020 enim
1017 1968 1258 2035 seipsum
1311 1967 1362 2019 in
1402 1968 1788 2031 tentationem,
1839 1969 2093 2035 quemad-

2253 1971 2411 2039 5μως.
2441 1971 2516 2024 T6
2553 1970 2663 2041 γὰρ
2691 1961 2981 2043 ὲπιρρίψαι
3003 1970 3193 2025 ἑαυτὸν
3223 1973 3281 2022 έν
3311 1971 3638 2039 πειρασμῷ,
3675 1969 3829 2022 καθὰ

519 2059 744 2113 modum
784 2067 844 2111 ut
873 2059 1150 2113 docereris
1194 2061 1419 2129 rogasti,
1456 2060 1587 2112 illud
1624 2070 1730 2124 est,
1770 2060 1972 2130 impelli
2006 2075 2095 2115 sua

2253 2065 2484 2135 ζήτησας
2516 2063 2732 2134 μαθεῖν,
2773 2063 2931 2117 τοῦτό
2965 2065 3101 2126 ἐστι,
3140 2063 3201 2116 τὸ
3229 2063 3322 2131 ἀφ’
3353 2061 3550 2115 ἑαυτοῦ
3579 2062 3829 2132 κινηθῆ-

519 2161 719 2220 sponte
750 2167 1109 2221 quemquam,
1154 2162 1211 2204 ut
1245 2169 1304 2207 se
1345 2153 1461 2222 ipse
1495 2152 1944 2208 interfectoribus
1973 2167 2095 2223 pro-

2251 2155 2299 2208 ιί
2324 2172 2470 2219 τινα,
2512 2156 2606 2207 καὶ
2636 2155 2952 2226 φανερῶσαι
2980 2151 3173 2208 ἑαυτὸν
3205 2155 3319 2218 τοῖς
3355 2153 3710 2222 φονεύουσιν.
3762 2153 3827 2204 El

519 2246 634 2299 dat.
667 2243 826 2311 Quod
871 2245 912 2297 si
959 2255 1184 2300 sanctus
1234 2245 1494 2311 Gordius,
1548 2247 2008 2316 quemadmodum
2055 2255 2095 2300 el

2251 2249 2269 2299 ὲ
2321 2247 2401 2300 ὅτι
2440 2249 2469 2300 6
2517 2246 2670 2314 ἅγιος
2701 2246 2944 2316 Γόρδιος,
2976 2245 3166 2315 ὥσπερ
3200 2246 3293 2298 καί
3330 2263 3474 2309 τινες
3509 2245 3669 2299 ἄλλοι
3710 2244 3827 2296 τῶν

521 2337 615 2388 alii
661 2337 907 2389 nonnulli
944 2352 974 2391 c
1015 2338 1372 2406 martyribus,
1418 2339 1665 2392 obtulere
1694 2338 1840 2392 ultro
1872 2353 1993 2392 sese
2019 2338 2097 2403 '5;

2248 2337 2531 2409 αρτύρων,
2564 2337 2888 2410 αὐτόκλητοι
2914 2332 3069 2408 ἧκον·
3097 2339 3126 2390 6
3155 2339 3357 2412 τρόπος
3382 2336 3560 2399 οὕτως
3583 2335 3824 2405 ἀπῄτει·

522 2431 604 2485 sic
638 2441 946 2499 temporum
975 2430 1113 2484 ratio
1140 2432 1398 2500 poscebat
1425 2449 1438 2484 :
1469 2432 1709 2492 nemine,
1740 2439 1800 2484 ut
1829 2431 1908 2495 fit,
1941 2430 2098 2485 libere

2251 2430 2426 2492 ὒδενὺς
2454 2430 2532 2493 ὼς
2565 2430 2723 2501 έτυχε
2757 2430 3296 2502 παρρησιαζομένου,
3329 2434 3426 2483 καὶ
3455 2428 3827 2495 ἀναπτούσης

527 2522 816 2590 loquente,
855 2532 909 2577 et
946 2524 1326 2577 vehementius
1373 2523 1768 2579 exardescente
1810 2524 2103 2591 impietate.

2252 2524 2313 2592 ῆς
2345 2523 2536 2587 ὰθεῒας
2559 2524 2939 2596 σφοδρότερον.
2982 2525 3213 2578 Ἔπειτα
3238 2525 3331 2577 καὶ
3363 2522 3585 2593 καθαρᾷ
3620 2524 3828 2593 καρδίᾳ

521 2612 736 2666 Deinde
769 2613 850 2666 illi
881 2623 932 2667 et
970 2629 1108 2683 puro
1141 2615 1307 2668 corde
1345 2613 1512 2667 Deum
1545 2613 1729 2667 intuiti
1759 2612 1927 2677 clare,
1965 2621 2020 2666 et
2043 2611 2097 2665 al

2247 2612 2350 2666 »εον
2399 2615 2878 2686 ὲνοπτρισάμενοι,
2929 2616 3024 2667 καὶ
3088 2615 3226 2684 πρὸς
3278 2610 3444 2665 αὐτοῦ
3496 2613 3823 2682 νυχθέντεξ.

523 2704 716 2756 eodem
742 2704 976 2758 incitati.
1003 2704 1140 2757 Nam
1166 2714 1220 2757 et
1246 2720 1475 2773 magnus
1501 2702 1817 2758 Praecursor
1840 2702 2099 2772 intrepidt

2247 2707 2387 2759 Επεὶ
2417 2707 2512 2760 καὶ
2551 2707 2581 2760 6
2612 2707 2786 2778 μέγας
2830 2707 3144 2778 Προδρομος
3176 2702 3572 2774 ῥιψοκινδύνως
3623 2702 3823 2773 ἡλεγξε

525 2795 711 2848 animo
778 2793 1047 2849 Herodem
1115 2796 1389 2865 coarguit.
1451 2795 1760 2850 Novissime
1822 2809 1954 2849 vero
2019 2793 2101 2849 Del

2251 2799 2310 2854 6v
2343 2798 2612 2871 Ἡρώδην.
2646 2802 2807 2870 Ἀρτι
2835 2800 2892 2852 δὲ
2923 2796 3110 2849 πολλοὶ
3132 2797 3315 2867 χάριτι
3345 2793 3483 2848 Θεοῦ
3515 2796 3824 2862 ἐνιστάμε-

527 2886 791 2940 benelicio
819 2887 1068 2940 restitere
1095 2887 1251 2938 multi
1275 2895 1330 2940 et
1355 2886 1676 2956 martyrium
1701 2889 2103 2942 sustinuerunt.

2245 2910 2291 2946 οι
2312 2893 2406 2946 καὶ
2433 2891 2842 2963 μαρτυροῦντες
2863 2907 2876 2920 ·
2909 2889 3005 2942 καὶ
3025 2888 3126 2941 οὐκ
3151 2888 3378 2953 ἔννομον
3402 2887 3465 2940 τὸ
3494 2886 3821 2958 ὲπιρρίψαι.

525 2976 692 3033 Nefas
748 2978 952 3048 alioqui
1010 2979 1062 3032 in
1118 2979 1360 3048 pericula
1415 2994 1536 3034 sese
1595 2977 1818 3034 inferre.
1875 2979 2101 3036 Gavisus

2225 2983 2460 3053 Ἐχάρην
2486 2983 2542 3035 δὲ
2569 2983 2692 3034 λίαν
2725 2982 2806 3034 ὅτι
2842 2981 2936 3034 καὶ
2977 2980 3157 3049 ἕτεροι
3192 2979 3443 3047 Πατέρες
3473 2977 3797 3047 συμπνέουσ

528 3081 714 3125 autem
747 3087 867 3125 sum
912 3071 1287 3138 vehementer,
1319 3071 1466 3141 quod
1502 3073 1685 3127 caeteri
1712 3083 1889 3127 tecum
1923 3072 2104 3128 Patres

2249 3093 2318 3139 οι,
2347 3069 2456 3129 Ὧν
2487 3073 2561 3127 τὰ
2588 3075 2851 3143 ὀνόματα
2884 3073 2953 3126 ἐν
2975 3072 3172 3138 βίϐλῳ
3200 3069 3368 3138 ζωῆς·
3402 3068 3499 3133 οὓς
3527 3069 3625 3122 καὶ
3657 3085 3822 3138 προσ-

528 3165 889 3233 conspirant,
926 3163 1167 3230 Quorum
1215 3167 1432 3219 nomina
1466 3175 1588 3218 sunt
1632 3167 1685 3219 in
1722 3165 1856 3218 libro
1887 3167 2066 3221 vitae"
2096 3207 2104 3221 .

2244 3166 2466 3238 ιγορεύω
2503 3166 2591 3220 διὰ
2625 3166 2743 3230 σοῦ,
2787 3166 2881 3219 καὶ
2911 3165 3178 3235 δεδέημαι
3218 3163 3329 3215 τῶν
3359 3161 3537 3228 ἁγίων
3576 3178 3820 3232 προσευ-

529 3273 670 3327 quos
716 3267 770 3310 et
825 3273 920 3326 per
966 3267 1016 3311 te
1054 3259 1268 3321 saluto,
1311 3273 1546 3327 quorum
1604 3258 1810 3312 sanctis
1859 3259 2105 3326 precibus

2243 3260 2324 3330 χῶν
2360 3261 2438 3322 είς
2472 3260 2799 3330 ἐπικουρίαν
2828 3259 3128 3328 σωτηρίας.
3162 3255 3393 3325 Ὄφελον
3421 3255 3504 3309 ὅτι
3532 3255 3693 3324 παρὰ
3723 3254 3819 3306 τοῦ

529 3367 664 3422 egeo
694 3350 763 3404 ad
806 3350 1002 3404 salutis
1050 3349 1380 3403 subsidium.
1417 3348 1587 3402 Valde
1621 3363 1710 3404 me
1754 3348 1928 3417 juvat,
1967 3348 2105 3417 quod

2243 3351 2449 3422 ιδελφοῦ
2491 3351 2756 3405 ’Υπατίου
2785 3345 2944 3420 εὗρές
2977 3366 3032 3402 τι
3055 3348 3165 3402 τῶν
3193 3348 3400 3404 καλῶν.
3443 3348 3719 3418 Ἀδελφοί
3751 3349 3819 3400 ἐν

530 3446 600 3500 ab
635 3443 870 3514 Hypatio
902 3441 1070 3496 fratre
1117 3442 1244 3495 honi
1287 3441 1490 3510 aliquid
1528 3442 1861 3508 impetraris.
1890 3438 2106 3494 Fratres

2240 3447 2509 3517 ίνάγκαις
2535 3449 2816 3502 ἔστωσαν
2852 3444 3174 3515 χρήσιμοι·
3218 3447 3254 3516 ή
3285 3443 3478 3517 Γραφὴ
3523 3442 3816 3510 ἐγκελεύε-

527 3540 586 3592 in
619 3538 883 3608 angustiis
920 3535 1407 3604 comprobantur",
1459 3544 1521 3588 ut
1553 3551 1726 3590 sacra:
1769 3537 1982 3605 pagina:
2021 3534 2103 3588 ad-

2236 3561 2331 3596 ιαι.
2365 3541 2527 3612 Παρὰ
2563 3542 2672 3612 γὰρ
2697 3540 2796 3609 τῆς
2825 3541 2966 3610 ὲμῆς
2995 3537 3382 3601 ταπεινώσεως
3401 3537 3559 3590 οὐδὲν
3581 3536 3775 3604 ὄφελος
3797 3550 3812 3565 °

535 3642 783 3686 monent.
838 3631 884 3683 Α
939 3641 1128 3684 nostra
1177 3629 1324 3683 enim
1381 3630 1650 3683 tenuitate
1706 3630 1852 3682 nulla
1909 3629 2111 3682 utilitas

2237 3634 2328 3687 ιᾶν
2371 3634 2535 3696 αὐτὸς
2579 3633 2931 3702 μεγαλαυχῇς
2979 3633 3128 3703 ἡμᾶς
3178 3632 3237 3698 ἐξ
3273 3631 3518 3698 ἀγάπης.
3561 3627 3719 3680 Ἐπεὶ
3761 3627 3813 3680 δὲ

532 3727 794 3795 cuiquam
827 3731 956 3777 est:
1004 3738 1321 3792 quanquam
1358 3723 1474 3791 ipse
1517 3722 1583 3776 de
1627 3722 1787 3776 nobis
1833 3720 2108 3789 magnifice

2237 3726 2497 3797 ἐζήτησας
2528 3725 2623 3780 καὶ
2659 3726 2988 3796 κατήχησιν,
3011 3725 3080 3795 ἢν
3111 3722 3249 3794 πρὸς
3278 3723 3490 3783 πάντας
3515 3721 3644 3784 τοὺς
3672 3720 3813 3775 ἀδελ-

532 3818 777 3888 loqueris
806 3831 873 3870 ex
903 3815 1194 3871 charitate.
1236 3815 1508 3880 Quoniam
1539 3829 1670 3867 vero
1705 3823 1758 3868 et
1788 3814 2108 3868 catechesin:

2236 3820 2360 3889 pob;
2409 3818 2661 3887 ἐποίησα,
2700 3818 2827 3886 ἄρτι
2871 3816 3159 3870 ἐπέστειλα
3209 3815 3306 3868 καὶ
3339 3815 3475 3886 πρός
3509 3829 3594 3865 σε.
3639 3812 3712 3864 Σύ
3756 3828 3812 3865 τε

532 3909 738 3980 rogasti
791 3923 955 3978 quam
1005 3907 1170 3961 habui
1223 3907 1290 3960 ad
1338 3906 1628 3960 universos
1675 3904 1894 3969 fratres,
1946 3921 2108 3975 nuper

2237 3909 2929 3981 προσεύχουάδιαλείπτως
2974 3908 3074 3979 τὴν
3128 3905 3405 3978 σωτηρίαν
3439 3923 3554 3976 μοι.
3603 3905 3676 3957 Τὸ
3706 3920 3813 3956 κισ·

535 4005 602 4058 ad
648 4011 699 4057 te
740 4001 889 4056 misi.
926 3998 1008 4054 Tu
1058 4000 1193 4054 mihi
1245 4015 1410 4070 porro
1438 3999 1661 4054 assidua
1691 4013 1851 4068 prece
1890 3999 2111 4053 salutem

2237 4003 2421 4056 σὺὅιον
2469 4003 2782 4074 ἐδεξάμηνο
2831 4006 2923 4054 καὶ
2954 4000 3095 4053 ἔστω
3145 4016 3240 4052 σου
3295 4000 3377 4062 είς
3410 3997 3813 4068 ἐναργεστέραν

533 4112 722 4152 exora.
751 4095 951 4165 Accepi
984 4095 1243 4165 poculum
1275 4108 1546 4163 servoque
1573 4102 1632 4147 ut
1661 4093 1732 4147 sit
1758 4093 1919 4146 obvia
1949 4093 2109 4162 magis

2235 4098 2480 4166 μνήμην.
2528 4097 2640 4166 Τὴν
2668 4094 2890 4148 ἐννεάδα
2914 4092 3020 4147 τῶν
3055 4091 3304 4161 ἀδελφῶν
3333 4108 3435 4161 μου
3467 4093 3570 4144 καὶ
3613 4091 3810 4144 τέκνων

534 4191 616 4245 tui
679 4189 1013 4245 recordatio.
1081 4186 1288 4242 Novem
1363 4186 1561 4241 fratres
1636 4201 1790 4242 meos
1865 4186 2110 4255 filiosque

2232 4187 2656 4259 προσαγορεύω,
2729 4187 2961 4240 πλεῖστα
3026 4185 3283 4256 δεόμενος
3333 4185 3430 4238 καὶ
3475 4186 3579 4254 τῆς
3632 4183 3808 4252 εὐχῆς.

537 4283 754 4339 salvere
783 4281 977 4351 juheo,
1035 4280 1195 4334 enixe
1248 4295 1437 4348 preces
1489 4278 1812 4348 implorans.
1864 4276 2113 4333 Nicolaus

2239 4280 2299 4333 'O
2356 4280 2584 4348 ἀδελφὸς
2649 4279 2917 4341 Νικόλαος
2972 4277 3001 4330 6
3044 4277 3143 4330 σὺν
3187 4276 3312 4340 ἐμοὶ
3364 4274 3810 4344 ὲγκεκλεισμένος

537 4377 706 4432 frater
754 4378 850 4446 qui
887 4388 1098 4429 mecum
1132 4382 1218 4427 est
1263 4372 1525 4437 inclusus,
1565 4372 1664 4426 tibi
1707 4387 1833 4426 cum
1865 4372 2113 4428 omnibus

2230 4371 2628 4444 προσαγορεύει
2683 4388 2744 4423 σε
2799 4372 2896 4424 σὺν
2941 4371 3127 4424 πᾶσιν.
3185 4369 3251 4423 Ἦ
3282 4368 3442 4440 χάρις
3493 4368 3618 4438 μεθ’
3646 4367 3806 4436 ὑμῶν.

536 4470 772 4525 salutem
808 4467 961 4524 dicit.
994 4465 1180 4520 Gratia
1215 4465 1523 4519 vobiscum.
1557 4464 1752 4518 Amen.
2241 4464 2433 4534 Ἀμήν.

917 4601 1080 4659 XLV.
1103 4631 1177 4642 —-
1198 4601 1402 4656 Basilio
1435 4600 1735 4670 praeposito.

2504 4599 2640 4655 ME'.
2673 4630 2742 4639 —
2766 4601 3062 4664 Βασιλείᾳ)
3098 4596 3432 4669 ἡγουμένῳ.
3451 4594 3647 4669 [τλς’.]

1157 4718 1236 4770 De
1257 4715 1560 4778 recipiendis
1583 4714 1732 4778 lapsis
1752 4716 1918 4778 deque
1947 4728 2122 4766 eorum
2148 4720 2470 4780 paenitentia.
2497 4718 2699 4780 (Baron.
2734 4731 2812 4766 an.
2846 4716 2956 4775 816,
2983 4728 3032 4764 n.
3056 4712 3159 4775 19.)

609 4825 839 4880 Brevem
871 4823 1164 4895 epistolam
1211 4833 1382 4886 tuam,
1419 4821 1582 4875 Pater
1612 4831 1822 4882 sancte.
1870 4823 1970 4892 legi
2005 4837 2129 4877 cum

2313 4826 2519 4888 Ἡδέως
2562 4841 2656 4877 σου
2694 4823 2937 4889 ἀνέγνων
2982 4821 3046 4875 τὸ
3077 4819 3486 4891 γραμματεῖον,
3541 4812 3589 4872 ὦ
3625 4819 3803 4891 πατρό-

540 4920 827 4987 voluptate
861 4919 1125 4987 tartquam
1155 4931 1223 4970 ex
1257 4931 1394 4985 puro
1429 4915 1598 4970 corde
1645 4914 1942 4982 profectam
1975 4933 1990 4970 :
2032 4932 2116 4970 net

2231 4938 2328 4990 της
2352 4919 2506 4986 ἁγία,
2531 4917 2608 4980 ὼς
2625 4919 2733 4970 ἀπὸ
2762 4915 2991 4986 καρδίας
3014 4915 3261 4984 καθαρᾶς
3283 4929 3620 4984 προσενηνεγ
3639 4915 3799 4983 μένον·

543 5013 798 5067 laudibus
855 5020 1040 5064 tamen
1089 5010 1394 5066 delectatus
1439 5023 1601 5074 sum,
1660 5009 1863 5078 quippe
1940 5023 2119 5079 expert

2230 5014 2291 5065 οὐ
2321 5013 2426 5083 μὴν
2459 5011 2516 5064 ὲν
2546 5013 2660 5074 τοῖς
2688 5011 2932 5072 ἐπαίνοις
2969 5008 3166 5080 ἥσθην,
3193 5009 3269 5071 ὡς
3313 5007 3466 5073 ξένος
3514 5009 3628 5060 τῶν
3667 5007 3801 5060 λελε-

542 5119 738 5159 earum
787 5117 927 5174 quas
973 5101 1444 5157 commemorasti.
1497 5099 1603 5155 Sed
1661 5111 1742 5164 tu,
1796 5101 1842 5156 si
1890 5100 1967 5154 ita
2030 5102 2118 5154 vis

2233 5102 2473 5170 γμένων.
2529 5099 2669 5153 Ἀλλ’
2704 5099 2888 5164 αὐτὸς,
2921 5100 2970 5152 εί
3017 5098 3218 5169 βούλει,
3265 5097 3468 5168 μᾶλλον
3518 5099 3800 5168 προσεύχου

544 5196 732 5268 potius
775 5211 875 5251 ora
925 5204 986 5249 ut
1029 5203 1242 5265 partem
1298 5211 1363 5249 ac
1416 5202 1620 5249 statum
1679 5202 1829 5246 tuum
1887 5193 2120 5263 proxinu

2232 5194 2335 5264 τῆς
2391 5193 2609 5263 μερίδος
2659 5193 2753 5246 καὶ
2788 5191 3032 5256 στάσεώς
3065 5209 3158 5245 σου
3203 5191 3440 5261 ἐγγύθεν
3473 5191 3797 5261 παραθίγειν.

545 5289 833 5359 attingam.
880 5287 991 5343 Sed
1039 5289 1141 5344 hac
1184 5289 1252 5343 de
1302 5303 1362 5343 re
1395 5287 1678 5341 hactenus.
1718 5284 1938 5340 Utinam
1979 5301 2121 5350 vero1

2235 5286 2407 5340 Τοῦτο
2440 5286 2542 5356 μὲν
2569 5285 2832 5340 τοιοῦτον.
2862 5283 2962 5355 Εἵη
2986 5285 3042 5338 δὲ
3065 5285 3209 5356 κατὰ
3233 5285 3293 5338 τὸ
3324 5283 3479 5355 ῥῆμά
3505 5301 3602 5337 σου
3636 5301 3800 5355 χρησι-

545 5381 1013 5452 quemadmodum
1046 5381 1150 5445 ais,
1204 5380 1358 5434 utilis
1400 5378 1510 5433 Deo
1558 5380 1631 5433 sit
1674 5377 1892 5449 Hypatii
1942 5377 2121 5432 fratris

2240 5379 2427 5450 μεύειν
2456 5377 2534 5447 τῷ
2572 5377 2692 5448 Θεῷ
2736 5377 2996 5431 Ὑπάτιὸν
3026 5394 3084 5429 τε
3112 5377 3204 5429 τὸν
3233 5375 3486 5445 ἀδελφὸν,
3520 5377 3617 5430 καὶ
3644 5379 3798 5431 ὅντινα

546 5487 736 5542 opera,
774 5473 1074 5527 alteriusve
1107 5471 1402 5540 cujuslibet
1430 5485 1622 5524 eorum
1661 5470 1757 5538 qui
1800 5469 2083 5523 decertant
2115 5485 2122 5523 :

2237 5471 2396 5526 ἄλλον
2437 5472 2547 5524 τῶν
2583 5470 2982 5525 έναθλούντων·
3015 5471 3090 5534 ὡς
3124 5471 3190 5524 ἂν
3233 5469 3301 5524 δι’
3325 5470 3510 5523 αὐτῶν
3561 5471 3798 5542 σχοίημεν

550 5574 610 5622 ut
633 5565 715 5618 vel
742 5579 834 5634 per
857 5565 1006 5633 ipsos
1036 5567 1335 5618 habeamus
1364 5573 1419 5617 et
1444 5576 1544 5616 nos
1575 5561 1807 5616 humiles
1834 5561 2126 5631 propitium

2239 5566 2336 5617 καὶ
2367 5566 2530 5634 ἡμεῖς
2556 5565 2604 5615 oi
2627 5563 2873 5615 ταπεινοὶ
2897 5563 3125 5632 εὐμενὲς
3147 5561 3206 5615 τὸ
3234 5561 3412 5615 Θείον.
3447 5562 3524 5614 Τὸ
3562 5562 3795 5631 ἐρώτημα

550 5657 785 5710 Numen.
824 5655 1182 5726 Interrogatio
1208 5657 1274 5710 de
1300 5655 1385 5708 his
1421 5653 1514 5723 qui
1547 5652 1784 5723 prolapsi
1816 5662 1943 5707 sunt
1974 5653 2026 5706 in
2068 5667 2126 5706 ea

2238 5653 2349 5705 τῶν
2379 5654 2742 5725 ὲμπαρέντων
2791 5656 2848 5705 ὲν
2892 5655 3003 5716 τοῖς
3029 5654 3172 5707 κατὰ
3198 5651 3360 5721 φύσιν
3404 5653 3435 5724 ἢ
3483 5654 3638 5725 παρὰ
3664 5654 3794 5723 φύσιν

622 5775 669 5807 ’⁸
705 5773 870 5832 Basil.
904 5775 1062 5831 llom.
1100 5776 1153 5830 in
1191 5774 1248 5831 S.
1289 5774 1550 5830 Gordium
1589 5780 1907 5842 martyrem.
1984 5771 2030 5802 “
2070 5769 2198 5825 Phili

1527 5789 1550 5826 ιι
1589 5780 1907 5842 martyrem.
1984 5771 2030 5802 ’°
2070 5769 2304 5841 Philipp.
2329 5785 2400 5838 tv,
2430 5769 2483 5824 ’5.
2562 5769 2606 5801 ³⁷
2648 5765 2807 5822 Prov.
2847 5784 2979 5834 .xvn,
3019 5767 3103 5821 17.
