3990 6318
162 387 302 453 1249

1359 387 1908 449 EPISTOLARUM
1962 387 2114 448 LIB.
2158 388 2244 448 II.

3317 389 3456 454 1250

157 495 483 566 πτώμασιν,
505 495 724 568 ἐκείνην
751 496 863 567 ἔχει
887 496 989 568 τὴν
1019 497 1316 570 ἀπόκρισιν
1333 515 1348 531 ο
1375 500 1460 554 ὅτι
1485 502 1519 572 ἡ
1546 500 1753 571 ἀληθὴς

1860 508 2079 568 peccata
2138 513 2264 569 quae
2315 498 2616 554 secundum
2673 508 2930 552 naturam
2983 507 3040 553 et
3091 513 3222 569 quae
3263 511 3457 557 contra

158 588 424 657 μετάνοια
454 589 514 642 ἐν
540 588 795 655 ἐπιδείξει
823 589 934 642 τῶν
959 591 1081 643 κατ’
1102 591 1275 662 αὐτῆς
1302 593 1532 665 καρπῶν
1549 608 1564 624 ⁸
1591 593 1753 647 ἆτινά

159 681 340 741 ἐστιν,
391 680 426 750 ἡ
470 680 650 752 ἀποχὴ
695 681 808 734 τῶν
851 682 1213 752 ἀγιασμάτων
1261 686 1585 750 κανονικιῖκ,
1614 687 1753 755 μετὰ

158 771 260 825 καὶ
297 772 397 842 τῆς
430 772 861 844 συντελουμένης
884 775 1234 843 ἐγκρατείας,
1267 778 1367 848 τὴν
1402 778 1752 850 συγχώρησιν

153 864 270 918 τῶν
302 865 712 938 ἡμαρτημένων
740 856 1153 938 ἀντιλαμὸἀνει,
1186 868 1280 922 καὶ
1304 869 1433 925 ἀνευ
1464 870 1752 941 μαστίγων

156 957 259 1012 καὶ
295 957 621 1028 μαρτυρίου.
658 958 805 1023 Ἕως
856 959 924 1014 ἂν
969 960 1079 1032 γὰρ
1145 960 1223 1033 μὴ
1275 964 1576 1036 ἀποκλείσῃ
1626 964 1749 1017 καθ’

153 1050 188 1117 ἠ
200 1046 342 1116 μῶν,
373 1047 450 1111 ώς
479 1048 824 1120 γέγραπταιο
856 1050 1178 1116 ἀπόκλεισις
1198 1053 1257 1107 δὲ
1288 1055 1316 1107 ὁ
1351 1054 1612 1118 θάνατος’
1645 1055 1751 1110 κᾶν

155 1143 220 1192 ἐν
240 1143 308 1212 τῇ
349 1141 555 1212 ἐσχάτῃ
587 1141 771 1212 ἡμέρᾳ
818 1145 917 1212 τῆς
964 1142 1110 1214 ζωῆς
1155 1146 1188 1216 ἡ
1226 1145 1436 1218 ἀληθὴς
1488 1148 1752 1219 μετάνοια

156 1230 447 1299 φθάσειεν,
483 1233 657 1286 ἔσωσε
707 1233 798 1286 τὸν
851 1235 1260 1307 ἐπιστρέψαντα
1315 1239 1415 1308 τῆς
1450 1241 1746 1310 ἁμαρτίας.

156 1325 323 1378 Οὖτω
347 1324 480 1388 Θεὸς
502 1325 590 1378 διὰ
623 1324 883 1398 Ἰεζεκιὴλ
907 1328 1002 1381 τοῦ
1029 1328 1285 1399 θεολόγου
1310 1332 1622 1401 διωρίσατοο
1654 1335 1751 1388 καὶ

152 1417 406 1470 τοιοῦτον
437 1416 823 1489 φιλάνθρωπον
857 1421 990 1476 Θεὸν
1021 1421 1242 1493 ἔχομεν,
1271 1424 1364 1478 τὸν
1404 1427 1500 1477 καὶ
1545 1425 1750 1497 λῃστὴν

158 1510 267 1580 μιᾷ
304 1509 424 1580 ὥρᾳ
453 1510 909 1581 είσοικισὰμενον,
941 1512 1032 1567 τὸν
1053 1515 1223 1569 πάλαι
1252 1517 1345 1569 καὶ
1375 1516 1466 1569 τὸν
1496 1517 1747 1587 ἔσχατον,

155 1603 256 1655 καὶ
291 1600 529 1674 τελώνην
558 1603 821 1668 ὡσαύτως
861 1606 1252 1664 δικαιώσαντα.
1290 1611 1352 1662 El
1391 1610 1467 1674 δὲ,
1504 1613 1648 1666 κατὰ
1680 1613 1751 1666 τὰ

156 1695 448 1764 φθάσαντα
491 1697 637 1768 ἄρτι,
673 1698 908 1751 ἐπιδοῖεν
954 1701 1146 1754 ἑαυτὸν
1181 1705 1210 1756 ὁ
1241 1702 1602 1774 ἡμαρτηκὼς,
1654 1707 1750 1759 καὶ

156 1789 381 1860 πληγὰς
412 1791 505 1844 ἐπὶ
531 1791 703 1844 νώτου
734 1792 1012 1859 δέξασθαι,
1046 1795 1140 1847 καί
1169 1813 1222 1848 τι
1260 1796 1388 1849 άλλο
1429 1797 1751 1863 περισσότε-
1797 1779 1800 1782 ’

1860 599 2117 645 naturam
2141 591 2403 646 dicuntur
2424 591 2522 662 (1),
2551 606 2878 661 responsum
2905 592 3069 647 habet
3097 592 3454 662 hujusmodi:

1860 699 2046 738 veram
2083 682 2459 751 paenitentiam
2507 699 2572 738 ex
2614 684 2937 738 ostensione
2977 683 3263 738 fructuum
3309 684 3456 741 illius

1859 774 2115 845 intelligi.
2147 772 2416 828 Videlicet
2437 775 2516 828 rei
2540 789 2714 829 sacrae
2743 775 2912 830 dilata
2937 776 3225 845 perceptio
3255 791 3456 830 secun-

1858 866 1989 921 dum
2034 881 2305 932 canones,
2356 865 2654 935 conjuncta
2713 866 2932 920 interim
2984 867 3236 921 ciborum
3279 867 3456 922 absti-

1859 958 2068 1023 nentia,
2111 961 2328 1013 veniam
2366 958 2624 1027 impetrat
2659 958 3014 1024 delictorum,
3058 959 3199 1014 citra
3243 961 3452 1030 plagas,

1857 1052 1994 1107 citra
2031 1052 2378 1123 martyrium.
2431 1051 2684 1118 Quandiu
2715 1053 2866 1106 enim
2917 1068 3026 1106 non
3066 1063 3153 1107 est
3203 1054 3453 1107 clausum

1858 1145 2061 1200 ostium
2107 1144 2396 1199 adversum
2449 1159 2550 1200 nos
2610 1145 2757 1199 sicut
2809 1144 3076 1213 scriptum
3119 1145 3264 1200 est"
3318 1147 3457 1215 (per

1857 1247 2094 1292 mortem
2126 1251 2258 1292 vero
2303 1235 2645 1307 occluditur)
2691 1237 2772 1291 vel
2822 1237 2868 1292 si
2915 1238 3052 1291 hora
3097 1237 3226 1291 vitae
3265 1238 3454 1290 novis—

1856 1331 2034 1396 sima,
2090 1345 2220 1384 vera
2269 1330 2596 1400 paenitentia
2657 1331 3048 1395 intervenerit,
3104 1342 3452 1386 revocantem

1857 1438 1918 1478 se
1946 1437 1977 1476 a
2019 1432 2244 1492 peccato
2293 1423 2505 1476 salvum
2554 1431 2796 1491 praestat.
2843 1422 2935 1478 Sic
2992 1423 3138 1478 Deus
3179 1438 3273 1492 per
3313 1422 3449 1476 Eze-

1856 1515 2083 1570 chielem
2136 1515 2452 1586 theologum
2496 1527 2681 1584 aperte
2711 1515 3015 1570 afﬁrmat".
3050 1514 3183 1569 Tam
3212 1514 3448 1581 benigno

1856 1608 2002 1662 enim
2039 1609 2269 1662 numine
2300 1609 2530 1673 utimur,
2579 1617 2638 1661 ut
2680 1619 2734 1663 et
2769 1609 3038 1662 latronem
3077 1608 3227 1661 hora:
3270 1606 3449 1676 spatio

1858 1700 2084 1755 domum
2135 1700 2523 1765 introduxerit,
2567 1703 2806 1769 primum
2855 1717 3010 1770 aeque
3052 1711 3217 1769 atque
3260 1699 3446 1753 novis-

1859 1794 2087 1860 simum,
2131 1802 2187 1848 et
2220 1795 2578 1863 publicanum
2624 1794 2879 1849 similiter
2923 1794 3136 1863 justum
3183 1793 3444 1847 etl‘ecerit.

162 1898 294 1952 ρον·
328 1881 415 1942 τίς
457 1880 764 1950 ἀμφιϐάλοι
818 1883 892 1952 μὴ
946 1884 1405 1954 συγκεχωρῆσθαι
1445 1885 1612 1938 αὑτὸν
1654 1885 1756 1957 τῆς

1860 1885 2015 1952 Quod
2067 1887 2223 1948 si.ut
2251 1891 2568 1957 nuperrime
2604 1888 2854 1958 contigit,
2907 1887 3174 1942 obtulerit
3220 1887 3337 1957 ipse
3389 1901 3448 1942 se

157 1973 474 2043 ἁμαρτίαςς
517 1973 592 2026 Τὸ
626 1972 736 2045 γὰρ
767 1974 860 2026 καὶ
891 1973 1071 2028 θανεῖν
1104 1977 1162 2027 ἐν
1202 1977 1266 2046 τῇ
1302 1975 1567 2048 ὁμολογίᾳ
1613 1979 1745 2048 Χρι-

157 2062 317 2128 στοῦ,
346 2063 599 2134 μάρτυρα
626 2063 880 2116 ἀποτελεῖ
904 2063 1110 2133 κυρίως
1139 2066 1367 2136 Κυρίου.
1394 2068 1534 2120 Ἀλλ’
1564 2068 1694 2131 ἴσως
1721 2068 1750 2120 ὁ

155 2156 320 2224 λόγος
359 2156 486 2227 περὶ
514 2154 612 2209 τοῦ
638 2156 937 2226 ἐπιτιμίου.
968 2156 1091 2209 Ὅτι
1124 2157 1218 2211 ἐὰν
1249 2158 1529 2230 ὑποϐληθῇ
1581 2160 1748 2230 βασά-

157 2266 300 2314 νοις,
329 2247 407 2320 μὴ
441 2249 622 2318 μέντοι
651 2248 804 2302 θάνοι
825 2262 840 2276 °
871 2247 1029 2300 τοῦτο
1058 2249 1211 2318 παρά
1232 2250 1325 2303 τοῦ
1349 2251 1528 2315 δόντος
1549 2254 1608 2305 τὸ
1631 2255 1752 2306 ἐπι-

156 2341 348 2410 τίμιον
375 2339 762 2404 κανονιζέσθω,
807 2339 973 2394 πόσον
1001 2340 1222 2410 ὑφελεῖν
1260 2342 1348 2395 διὰ
1381 2344 1452 2396 τὰ
1486 2344 1748 2414 παθήμα-

158 2452 255 2499 τα,
286 2433 415 2486 ὅλου
458 2432 517 2485 τὸ
543 2433 738 2503 ἥμισυ.
783 2432 948 2501 Ἡμῖν
981 2431 1090 2505 γὰρ
1135 2434 1341 2504 ὁρίζειν
1383 2436 1480 2507 οὐχ
1522 2432 1632 2489 οἷόν
1671 2455 1751 2492 τε.

159 2524 354 2587 Οὕτως
384 2527 411 2577 ὁ
440 2523 543 2592 τῆς
567 2522 954 2588 ταπεινώσεως
982 2525 1140 2596 ήμῶν
1169 2526 1345 2594 λόγος.
1380 2528 1440 2580 El
1466 2529 1521 2581 δὲ
1551 2527 1631 2582 δεῖ
1665 2528 1760 2583 ἄλ-

157 2618 294 2680 λως,
320 2616 551 2683 δίδαξον,
591 2615 796 2687 Πάτερ,
831 2617 927 2670 καὶ
970 2615 1206 2686 φώτισον
1234 2620 1383 2688 ἡμᾶς
1425 2622 1551 2683 τοὺς
1582 2621 1762 2690 ἀμυή-

159 2725 316 2771 τους;
346 2709 450 2761 Τὸν
479 2706 709 2777 ἀδελφόν
740 2725 846 2779 μου
877 2708 970 2762 τὸν
1000 2707 1163 2782 κύριν
1198 2711 1508 2781 Προκόπιον
1532 2711 1763 2766 πλεῖστα

160 2802 461 2872 πρόσειπε.

1846 1979 1941 2049 qui
1999 1980 2279 2048 peccavit,
2337 1989 2391 2034 et
2430 1981 2569 2034 idem
2605 1982 2770 2034 dorso
2808 1982 2994 2050 plagas
3051 1982 3347 2049 exceperit,
3394 1987 3450 2034 et

1847 2071 2066 2140 gravius
2098 2071 2243 2126 aliud
2265 2072 2544 2141 quidpiam
2582 2091 2594 2127 :
2629 2073 2754 2140 quis
2779 2073 3020 2142 ambigat
3058 2071 3274 2126 veniam
3309 2072 3442 2126 huic

1847 2161 2028 2216 delicti
2057 2162 2238 2215 datam
2260 2162 2282 2215 '3
2304 2161 2436 2216 Nam
2473 2172 2527 2216 et
2554 2172 2785 2216 mortem
2817 2163 2968 2217 obire
3004 2163 3057 2215 in
3091 2162 3442 2216 confessione

1848 2252 2075 2318 Christi,
2118 2262 2412 2324 martyrem
2464 2253 2680 2307 Domini
2726 2256 2944 2323 proprie
2984 2253 3166 2308 efﬁcit.
3205 2254 3273 2306 At
3305 2253 3446 2308 forte

1849 2347 1917 2399 de
1969 2362 2126 2413 paena
2179 2346 2410 2414 qmestio
2455 2349 2687 2400 vertitur
2752 2345 2906 2412 Quod
2940 2347 2984 2401 si
3029 2347 3309 2402 cruciatus
3355 2348 3446 2399 ille

1851 2436 2136 2507 pertulerit
2183 2437 2320 2490 citra
2355 2449 2609 2502 mortem,
2672 2437 2820 2491 illius
2852 2447 2934 2491 est
2987 2438 3038 2491 id
3091 2439 3322 2492 delinire
3354 2437 3446 2507 qui

1854 2545 2066 2599 poenam
2111 2530 2367 2598 imponit,
2399 2540 2668 2600 quantum
2703 2531 2774 2584 ob
2819 2533 3091 2585 malorum
3141 2533 3452 2601 perpessio-

1855 2636 1980 2674 nem
2038 2621 2251 2675 detrabi
2295 2637 2396 2690 par
2438 2622 2549 2684 sit;
2598 2622 2841 2676 totiusne
2885 2621 3173 2676 dimidiam
3215 2632 3447 2691 partem.

1856 2711 2028 2766 Nobis
2097 2713 2244 2767 enim
2306 2714 2358 2767 id
2408 2714 2635 2770 delinire
2693 2716 2838 2770 haud
2889 2717 3130 2784 proclive
3190 2713 3453 2772 est.ila~c

1861 2805 2039 2860 oratio
2100 2817 2184 2861 est
2232 2815 2433 2861 nostra:
2479 2808 2827 2862 humilitatis.
2873 2807 2969 2862 Sin
3006 2824 3164 2864 secus
3212 2817 3448 2878 Oportet,

161 2897 358 2961 edoce,
399 2893 862 2958 Pater,etnobis
891 2892 1165 2964 imperitis
1231 2895 1412 2965 prtebe
1476 2896 1682 2951 lumen.
1738 2894 1918 2954 Fratri
1978 2915 2100 2955 meo
2173 2899 2379 2955 domno
2452 2900 2719 2972 Procopio
2777 2903 3071 2972 plurimam
3145 2903 3233 2958 dic
3300 2904 3452 2958 salu-

163 2999 305 3045 tem.

523 3082 674 3150 MCT.
708 3112 779 3123 -—-
811 3080 1088 3150 Ἀρκαδίῳ
1118 3079 1384 3150 μοναχῷ.
1424 3079 1604 3153 [τλζ’.]

2212 3080 2398 3137 XLVI.
2434 3113 2506 3123 —-
2535 3083 2766 3136 Arcadio
2816 3084 3095 3140 monac/to.

907 3201 1144 3250 Exsulem
1173 3201 1406 3260 vinctum,
1444 3204 1497 3249 et
1527 3200 1736 3250 verbera
1759 3213 1976 3263 passum,
2007 3199 2237 3250 hortatur
2260 3200 2318 3249 ad
2340 3197 2687 3248 constantiam.

241 3286 336 3349 Δὶς
370 3288 494 3358 ἄρτι
544 3285 742 3356 γράφω
785 3285 880 3355 ἀφ’
910 3278 971 3340 οὗ
1015 3284 1379 3356 συνελήφθης,
1404 3287 1756 3356 ἠγαπημένε,

1937 3286 2091 3340 Nunc
2126 3286 2325 3340 iterum
2367 3285 2432 3339 ad
2470 3296 2521 3340 te
2571 3284 2774 3348 scribo,
2810 3284 3027 3348 dilecte,
3069 3298 3131 3336 ex
3161 3300 3270 3353 quo
3298 3300 3446 3340 com-

165 3378 278 3432 ὑπὸ
298 3376 409 3431 τῶν
440 3377 858 3440 ἰουδαῖζόντων.
892 3375 1005 3446 Τὴν
1038 3375 1265 3448 πρώτην
1294 3377 1394 3428 οὐκ
1426 3376 1590 3441 ἐδέξω
1613 3391 1627 3404 ·
1660 3375 1753 3427 εῦ-

164 3489 337 3544 χομαι
379 3470 481 3525 κᾶν
515 3470 723 3540 ταύτην
746 3468 845 3540 τὴν
875 3470 1166 3540 ἐπιστολὴν
1197 3470 1277 3532 είς
1310 3469 1500 3538 χεῖράς
1538 3485 1632 3522 σου
1665 3468 1757 3521 ἐλ-

165 3567 307 3619 θεῖν.
353 3563 493 3632 Ἐγὼ
525 3565 636 3635 γὰρ
666 3566 884 3634 πρῶτον
939 3563 1038 3634 μὲν
1093 3560 1235 3615 κατὰ
1286 3561 1378 3613 τὸν
1429 3562 1605 3614 κοινὸν
1659 3561 1759 3630 τῆς

165 3660 395 3728 ἀγάπης
431 3657 617 3727 νόμον,
659 3655 942 3727 χρεώστην
989 3653 1225 3724 ἐμαυτὸν
1263 3653 1640 3722 λογιζόμενοςο
1675 3655 1758 3706 ὅτι

166 3752 282 3823 χρὴ
310 3749 572 3815 ἀλλήλους
603 3745 1246 3819 συμπροθυμοποιεῖσθαι
1267 3748 1393 3808 τοὺς
1425 3748 1515 3799 ἐπὶ
1548 3746 1607 3798 τὸ
1626 3746 1758 3799 αὐτὸ

171 3842 555 3912 συνημμένους
579 3839 659 3908 τῷ
693 3841 1002 3909 φρονήματι
1038 3841 1138 3910 τῆς
1165 3839 1456 3909 ὁμολογίας
1483 3839 1719 3910 Χριστοῦ
1741 3854 1757 3871 ·

167 3939 233 3989 τὸ
279 3933 578 3988 ἐπιστεῖλαί
624 3949 707 3985 σοι
750 3933 1068 3999 ἀναγκαίως
1094 3931 1222 4002 ἔχω.
1262 3933 1495 3985 ¹Ἔπειτα
1545 3935 1640 3986 καὶ
1670 3931 1762 3984 διὰ

169 4031 273 4096 τὴν
306 4027 606 4098 ἰδιότροπον
635 4024 825 4094 σχέσιν
850 4041 864 4054 ·
895 4025 962 4095 ἢν
989 4019 1147 4077 οἶσθα
1180 4025 1338 4078 ὁποία
1363 4026 1457 4078 καὶ
1486 4026 1627 4096 πόση
1657 4026 1763 4077 ἀπ-

172 4123 351 4194 αρχῆς
419 4121 551 4192 ἡμῖν
609 4118 855 4188 ὑπῆρξε·
904 4118 1048 4172 πάνυ
1108 4119 1482 4190 ἐπειγομένως
1539 4119 1757 4190 γράφω.

189 4215 354 4268 Ἀλλὰ
385 4213 544 4283 χάρις
569 4210 648 4282 τῷ
675 4209 814 4281 Θεῷ,
852 4209 1050 4279 ἀδελφέ
1083 4228 1185 4279 μου
1215 4211 1514 4280 τιμιώτατε
1533 4227 1550 4242 ·
1578 4211 1660 4262 ὃτι
1701 4211 1760 4262 ἐν

173 4305 316 4376 τῷδε
341 4303 418 4372 τῷ
445 4302 626 4372 πικρῷ
649 4301 880 4372 χειμῶνι
907 4301 1003 4371 τῆς
1030 4302 1289 4364 ἀπιστίας
1314 4301 1476 4364 ἄνθος
1501 4300 1761 4372 διεφάνης

174 4392 496 4466 ὀρθοδοξοῦν
521 4409 534 4422 ·
575 4393 775 4463 μᾶλλον
819 4391 876 4444 δέ
913 4390 1256 4460 ὁμολογητὴς
1305 4390 1569 4461 Χριστοῦ,
1614 4392 1760 4457 ἅπαξ

175 4486 418 4557 ἐνεχθεὶς
451 4485 531 4548 είς
563 4483 695 4554 ὕψος
727 4483 884 4554 “leg.
921 4482 1045 4537 cod.
1090 4482 1239 4554 ὄψιν]
1274 4483 1384 4536 τῶν
1412 4482 1760 4553 κρατούντων

173 4582 276 4650 οὐχ
311 4578 629 4647 ὑπέπτηξας
650 4592 664 4606 ⁸
695 4577 1111 4646 Ὠμολότιησας
1158 4575 1274 4644 τὴν
1307 4575 1509 4643 καλὴν
1542 4579 1758 4644 ὁμολο-

1856 3377 2162 3448 prehensus
2192 3393 2250 3432 es
2285 3392 2316 3431 a
2345 3377 2778 3446 judaizantibus.
2829 3375 3050 3431 Priores
3103 3376 3312 3432 litteras
3341 3393 3447 3432 non

1858 3468 2174 3536 accepisti:
2230 3483 2429 3538 precor
2493 3477 2555 3523 ut
2614 3468 2807 3523 saltem
2877 3470 2943 3522 ad
2977 3479 3028 3523 te
3076 3470 3191 3523 haec
3216 3470 3448 3538 epistola

1860 3563 2187 3631 perferatur.
2238 3559 2480 3614 Primum
2527 3561 2695 3626 enim,
2740 3562 2896 3630 juxta
2928 3576 3279 3616 communem
3312 3563 3451 3616 ami-

1859 3653 2003 3708 citia:
2060 3655 2255 3722 legem,
2303 3668 2428 3706 cum
2482 3652 2782 3706 debitorem
2840 3667 2925 3706 me
2993 3653 3111 3722 ipse
3154 3667 3444 3725 rcputem:

1861 3745 2005 3813 quod
2037 3745 2252 3798 animos
2288 3745 2392 3798 sibi
2431 3743 2667 3798 invicem
2701 3743 2905 3798 addere
2935 3756 3184 3815 Oporteat
3219 3763 3317 3804 eos
3347 3751 3445 3818 qui

1862 3845 1991 3892 sunt
2024 3838 2076 3890 in
2110 3837 2301 3890 eodem
2333 3835 2535 3889 Christi
2587 3835 2956 3893 confessionis
3002 3841 3286 3908 preposito
3310 3856 3447 3895 con-

1863 3926 2102 3980 sociati:
2156 3925 2406 3994 imposita
2471 3926 2602 3978 mihi
2669 3929 2921 3994 quaedam
2990 3931 3054 3982 ad
3090 3941 3140 3984 te
3170 3933 3447 3986 scribendi

1863 4017 2163 4072 necessitas
2223 4027 2324 4071 est.
2369 4016 2576 4071 Deinde
2605 4026 2661 4070 et
2719 4030 2940 4087 propter
2995 4022 3265 4090 privatam
3307 4039 3445 4079 eon-

1862 4113 2229 4178 suetudinem,
2260 4127 2424 4181 quam
2468 4111 2610 4165 nosti
2643 4111 2825 4181 qualis
2856 4122 2909 4166 et
2947 4125 3153 4183 quanta
3182 4118 3323 4170 inter
3349 4133 3452 4172 nos

1863 4203 1932 4258 ab
2001 4205 2159 4257 initio
2210 4202 2601 4269 intercesserit,
2663 4203 3016 4258 vehementer
3075 4207 3326 4275 impellor
3381 4211 3447 4263 ad

1864 4295 2239 4351 scribendum.
2291 4292 2395 4348 Sed
2431 4293 2524 4347 Dei
2565 4292 2761 4360 gratia,
2801 4292 2972 4347 frater
3013 4297 3452 4354 mireverendis-

1864 4390 2023 4454 sime,
2073 4386 2219 4456 quod
2269 4386 2321 4438 in
2372 4386 2472 4440 hac
2516 4385 2832 4440 tristissima
2884 4388 3222 4444 infidelitatis
3269 4392 3452 4448 hieme

1864 4482 2029 4535 veluti
2065 4488 2224 4534 rectae
2259 4479 2384 4532 fidei
2438 4477 2538 4534 flos
2581 4478 2853 4532 emicuisti
2892 4497 2906 4534 :
2943 4480 3052 4534 into
3085 4483 3268 4550 potius
3301 4488 3451 4552 quod

1867 4584 1928 4629 ut
1960 4575 2164 4629 Christi
2203 4572 2511 4639 confessor,
2543 4574 2709 4627 semel
2746 4573 3006 4644 abreptus
3039 4576 3104 4628 ad
3136 4591 3327 4630 eorum
3357 4582 3456 4632 tri-

178 4641 318 4741 τίαν
340 4688 355 4703 ·
383 4641 770 4742 ἐμαστιγώθης
818 4641 999 4726 ἱκανὰ..
1032 4641 1355 4739 ἐξωρίσθης,
1389 4641 1758 4739 πε-ριωρίσθης

1874 4669 2038 4722 bunal
2070 4668 2162 4737 qui
2199 4683 2382 4721 rerum
2423 4668 2729 4736 potiuntur,
2766 4685 2871 4721 non
2906 4671 3197 4736 extravisti.
3229 4671 3454 4741 Confes-

179 4758 284 4817 ώδέ
316 4780 420 4815 που
469 4763 527 4813 ὲν
558 4757 919 4829 παραϐύστῳ.
962 4759 1134 4811 Πάλιν
1180 4758 1354 4828 ἡχθης
1395 4760 1452 4811 ἐν
1483 4761 1666 4828 χεροῖν
1700 4757 1763 4828 [Γ.

181 4853 395 4926 χερσὶν]
429 4852 708 4908 κολαστῶν
779 4852 879 4903 οὐκ
903 4849 1302 4920 ὠλιγώρησαςο
1335 4852 1434 4903 οὐκ
1480 4851 1767 4920 ἐξηρνήσω

180 4948 281 5018 τὴν
301 4939 489 4998 ἓτίστιν
513 4961 527 4975 ·
563 4942 903 5012 κατεξάνθης
935 4937 1090 5003 αὖθις
1115 4942 1235 5002 ταῖς
1256 4940 1494 5008 πληγαῖς
1515 4958 1528 4971 ·
1556 4941 1649 4993 καὶ
1682 4957 1768 5010 με·

185 5042 428 5109 μένηκας
452 5039 721 5108 ἀήττητος
741 5050 756 5066 ⁸
785 5035 860 5104 μὴ
889 5034 1053 5104 φοόού
1065 5050 1224 5104 μενος
1249 5033 1356 5086 ἀπὸ
1393 5033 1502 5085 τῶν
1530 5034 1766 5086 ἀποκτε-

181 5133 381 5184 νόντων
411 5131 470 5183 τὸ
501 5132 680 5200 σῶμα,
705 5128 842 5180 ἀλλά
870 5129 960 5181 τὸν
992 5129 1149 5198 μόνον
1173 5125 1375 5196 Κύριον
1405 5126 1499 5179 καὶ
1523 5127 1654 5178 Θεὸν
1679 5126 1773 5178 καὶ

189 5225 436 5294 βασιλέα,
463 5224 601 5276 κατὰ
629 5223 690 5275 τὸ
720 5222 810 5274 ὑπ’
836 5221 1440 5290 αὑτοῦ“ἐντεταλμένον.
1472 5220 1773 5287 Μακάριος

187 5316 260 5380 εἴ,
287 5319 384 5372 καὶ
411 5320 600 5372 καλόν
625 5333 722 5371 σοι
750 5316 944 5370 ἔσται’
969 5315 1042 5378 ὡς
1069 5314 1296 5388 εὐγενὴς
1318 5315 1404 5378 σὺ,
1433 5318 1527 5368 καὶ
1550 5315 1654 5368 τῶν
1679 5317 1772 5383 ἀφ’

187 5412 340 5484 ἡλίου
381 5411 685 5465 Ἀνατολῶν
736 5406 1141 5478 εὐγενέστερος.
1179 5407 1240 5459 Εἰ
1283 5407 1339 5460 δὲ
1379 5408 1460 5459 ὅτι
1505 5410 1619 5470 τοῖς
1655 5409 1767 5459 ἱστ-

189 5509 407 5576 ουργοῖς
437 5523 494 5559 σε
519 5503 957 5575 συνηρίθμησαν,
994 5502 1068 5565 ὡς
1105 5500 1386 5570 βασιλικὸν
1415 5501 1652 5571 οἰκέτην,
1695 5500 1769 5570 μὴ

1864 4778 1955 4815 sus
2008 4779 2061 4815 es
2109 4763 2299 4813 bonam
2361 4760 2736 4829 confessionem
2757 4761 2843 4811 ³ος
2891 4762 3155 4830 plurimas
3186 4768 3453 4834 excepisti

1866 4855 2078 4925 plagas,
2135 4854 2344 4922 ejectus
2383 4869 2443 4907 es
2507 4853 2560 4906 in
2605 4855 2882 4918 exsilium,
2945 4856 2997 4908 in
3050 4867 3208 4910 terra:
3263 4861 3455 4914 nescio

1867 4964 2027 5018 quem
2084 4947 2342 5016 angulum
2375 4947 2793 5000 exterminatus.
2834 4945 3079 5001 lncidisti
3118 4964 3342 5004 rursum
3399 4952 3456 5007 in

1873 5049 2144 5094 tortorum
2179 5054 2398 5100 manus,
2429 5054 2529 5092 nec
2561 5039 2746 5091 animo
2777 5040 3070 5094 concidisti
3101 5060 3114 5094 :
3145 5042 3302 5095 fidem
3343 5059 3454 5100 non

1873 5130 2080 5200 negasti
2118 5147 2130 5183 :
2163 5129 2338 5197 plagis
2383 5129 2582 5182 iterum
2642 5127 2947 5194 laceratus,
2993 5139 3170 5182 tamen
3214 5129 3456 5187 invictus

1872 5224 2152 5293 perstitisti
2173 5241 2185 5276 :
2210 5222 2343 5274 nihil
2361 5237 2456 5274 eos
2469 5221 2832 5276 extimescens
2845 5223 2937 5290 qui
2955 5222 3207 5276 occidunt
3230 5238 3456 5292 corpus,

1873 5320 1964 5371 sed
2021 5316 2310 5370 Dominum
2338 5315 2514 5369 solum
2561 5325 2616 5368 et
2651 5314 2816 5368 Deum
2854 5325 2907 5370 et
2943 5329 3144 5383 regem,
3189 5319 3458 5383 quemad-

1871 5410 2092 5463 modum
2122 5409 2234 5476 ipse
2256 5408 2513 5476 praecepit
2534 5407 2599 5460 ³³.
2629 5405 2824 5460 Beatus
2841 5425 2916 5471 es,
2937 5418 2984 5461 et
3009 5408 3132 5460 bene
3159 5408 3254 5460 tibi
3283 5409 3456 5466 erit":

1871 5502 2071 5571 quippe
2097 5509 2150 5554 tu
2177 5499 2257 5552 vir
2288 5498 2509 5565 nobilis,
2532 5509 2586 5553 et
2621 5501 2790 5554 totius
2820 5500 3060 5553 Orientis
3085 5500 3448 5558 clarissimus.

265 5623 312 5655 “
353 5622 482 5679 Luc.
519 5639 638 5691 xm,
678 5621 770 5676 ‘25.
837 5621 880 5654 η
929 5619 1128 5676 Ezech.
1168 5635 1360 5685 xum,
1399 5620 1484 5673 l2.
1560 5619 1604 5650 ³ο
1641 5617 1919 5672 lTimoth.
1952 5633 2025 5685 vr,
2062 5615 2149 5669 12.
2227 5615 2268 5646 ³¹
2311 5612 2502 5668 Matth.
2539 5631 2592 5680 χ,
2628 5614 2717 5670 28.
2793 5613 2839 5644 ³³
2879 5612 3024 5669 Psal.
3061 5627 3260 5680 cum,
3293 5615 3346 5668 2.

1182 5739 1198 5784 ρ
1712 5708 1944 5765 norm.

274 5813 352 5881 (l)
394 5811 470 5865 De
512 5811 769 5878 utrisque
808 5805 1050 5881 peccatis
1093 5803 1243 5881 illis,
1279 5803 1973 5881 videsis“Paenitentialem
2024 5801 2221 5856 librum
2260 5797 2490 5857 Joannis
2521 5797 2882 5870 Jejunatoris,
2926 5803 3068 5873 apud
3102 5801 3260 5858 Joan.
3287 5801 3454 5858 Mori-

197 5874 344 5942 nuin'
369 5883 423 5939 in
455 5874 856 5940 Commentario
882 5879 945 5934 de
967 5876 1287 5946 paznt'tentt‘a:
1317 5874 1618 5944 disciplina.
