3990 6318
576 370 709 437 1251

1768 373 1835 434 S.
1864 373 2263 435 THEODORI
2289 375 2644 438 STUDI'I‘IE

3732 378 3879 443 1252

570 489 729 557 Quod
758 502 889 543 vero
921 496 974 541 te
1019 503 1127 542 una
1166 502 1290 542 cum
1332 485 1642 543 textoribus
1690 486 2148 555 adnumerarunt,

2256 490 2548 563 θαυμάσῃς
2580 507 2595 524 ·
2624 488 2849 545 τοιαῦτα
2883 490 2995 562 γὰρ
3018 491 3133 555 τοῖς
3162 487 3376 558 ἁγίοιςο
3418 489 3623 545 ἔπειτα
3656 492 3743 546 δτι
3780 495 3880 546 καὶ

573 593 833 652 tanquam
892 581 1035 651 regis
1093 582 1463 650 mancipium,
1507 580 1698 637 desine
1728 582 1923 636 mirari
1960 601 1973 637 :
2035 598 2164 637 nam

573 675 701 728 talia
760 674 966 727 sanctis
1029 676 1398 742 contingunt:
1467 672 1661 727 deinde
1712 674 1796 726 vel
1829 674 1982 729 inviti
2036 687 2167 729 vere

572 765 928 816 ostenderunt
954 764 1177 825 mundo,
1199 774 1249 816 te
1272 762 1539 816 famulum
1570 777 1692 818 esse
1717 765 1862 833 regis
1887 765 2161 829 caelestis,

573 857 884 924 exemplum
936 855 1173 908 obeundi
1223 870 1322 924 pro
1370 857 1479 909 Deo
1539 856 1831 924 martyrii,
1865 857 2164 926 reprelien-

573 964 753 1001 sorem
815 949 1134 1016 impietatis.
1193 947 1380 1016 Itaque
1411 958 1494 1001 sta
1547 946 1678 1001 forti
1710 947 1918 1008 animo.
1951 945 2163 1002 Christi

573 1041 729 1094 miles
759 1058 770 1091 :
807 1054 925 1094 esto
951 1057 1011 1094 ex
1042 1040 1189 1094 omni
1221 1050 1374 1108 parte
1404 1050 1660 1095 strenuus
1692 1057 1706 1093 :
1740 1039 1953 1095 Labora
1980 1056 1998 1095 :
2031 1056 2163 1106 opus

571 1130 659 1198 fac
683 1130 1116 1200 evangelistw”;
1151 1130 1558 1185 confessionem
1607 1140 1755 1184 tuam
1788 1131 1954 1199 imple
1986 1172 2000 1184 .
2035 1144 2161 1185 cum

570 1222 742 1274 Deum
782 1223 995 1276 occulte
1048 1224 1251 1275 habeas
1298 1222 1645 1290 adjutorem;
1690 1223 1977 1277 custodem
2030 1222 2158 1276 vitae

571 1325 675 1367 tu-.e
709 1316 984 1383 angelum,
1023 1316 1114 1383 qui
1152 1325 1202 1369 te
1232 1325 1405 1369 totum
1428 1315 1828 1384 complectatur
1858 1330 1922 1369 ac
1952 1312 2158 1379 foveat,

568 1407 662 1476 qui
695 1410 759 1461 de
809 1417 860 1462 te
901 1408 1055 1461 valde
1090 1408 1330 1469 laetetur,
1367 1409 1461 1478 qui
1496 1423 1687 1477 preces
1720 1416 1845 1461 tuas
1879 1404 1947 1460 ad
1983 1407 2157 1460 Deum

568 1500 780 1553 deferat
816 1501 870 1553 in
908 1500 1135 1555 odorem
1189 1501 1499 1565 suavitatis,
1539 1501 1591 1553 in
1637 1501 1839 1570 quibus
1884 1508 1940 1554 et
1980 1499 2156 1555 nostri

569 1603 864 1655 memento,
918 1593 1013 1662 qui
1068 1595 1319 1663 quamvis
1377 1604 1696 1663 peccatores
1746 1593 2044 1664 plurimum
2100 1605 2155 1647 te

568 1700 838 1739 amamus.

1034 1795 1247 1851 XLVII.
1277 1829 1348 1839 —
1378 1796 1691 1866 Prtepost'to.

2273 581 2346 653 μὴ
2376 582 2713 653 βουλόμενοι,
2744 583 2819 647 ὡς
2848 582 3066 654 ἀληθῶς
3095 582 3383 648 ὑπέδειξαν
3406 583 3486 653 τῷ
3514 584 3722 653 κόσμῳ
3757 585 3884 637 δοῦ-

2267 673 2359 726 λόν
2405 692 2464 727 σε
2502 670 2641 727 εἶναι
2687 673 2782 727 τοῦ
2826 674 3240 744 βασιλέωςτῶν
3273 676 3544 747 οὐρανῶν,
3596 676 3881 750 ἔνδειγμα

2272 766 2576 835 μαρτυρίας
2609 766 2769 828 Θεοῦ,
2801 766 3023 836 ἔλεγχον
3053 766 3330 830 ἀσεϐείας.
3367 767 3540 837 Στῆθι
3583 769 3710 833 οῦν,
3744 787 3879 837 γενε-

2267 857 2384 907 ναῖε
2413 856 2721 924 στρατιῶτα
2769 858 3005 927 Χριστοῦ
3033 874 3047 889 ο
3084 857 3403 928 ἅρίστευσον
3449 860 3724 923 τελείως’
3772 865 3883 914 Ka-

2267 951 2619 1013 κοπαθησον
2674 950 2853 1018 ἔργον
2907 952 3171 1018 ποίησον
3225 952 3711 1020 εῠατ-γελιστοῦ’
3775 955 3879 1015 τὴν

2265 1036 2559 1105 ὁμολογίαν
2590 1056 2682 1091 σου
2726 1039 3178 1112 πληροφόρησον
3233 1041 3373 1111 ἔχων
3424 1042 3690 1111 ἀοράτως
3736 1043 3877 1097 Θεὸν

2263 1129 2560 1199 ,ἐπίκουρον
2582 1170 2597 1195 ,
2633 1130 2726 1183 τὸν
2773 1131 2990 1201 φύλακα
3024 1133 3124 1202 τῆς
3154 1133 3302 1203 ζωῆς
3348 1151 3445 1187 σου
3489 1133 3741 1202 ἄγγελον
3775 1153 3877 1188 xa-

2265 1220 2499 1274 κλοῦντά
2525 1239 2607 1288 σε,
2647 1224 2981 1294 περιέποντά
3011 1242 3094 1289 σε,
3125 1226 3386 1296 χαίροντα
3434 1226 3583 1285 λίαν,
3631 1228 3737 1283 καὶ
3774 1229 3877 1291 τὰς

2264 1314 2575 1383 προσευχάς
2606 1333 2698 1368 σου
2728 1318 3069 1388 ἀναφέροντα
3121 1320 3203 1383 είς
3247 1318 3381 1372 Θεὸν
3423 1322 3508 1383 είς
3544 1319 3736 1391 ὀσμὴν
3779 1320 3876 1372 εὕρ

2261 1405 2457 1467 ωδίας·
2504 1408 2563 1460 ἐν
2594 1402 2683 1472 αἷς
2714 1410 2960 1480 μέμνησο
3009 1409 3107 1465 καὶ
3148 1411 3306 1483 ἡμῶν
3340 1412 3452 1466 τῶν
3502 1411 3874 1485 ἁμαρτωλῶν

2264 1499 2387 1568 μὲν,
2421 1500 2734 1555 ποθούντων
2759 1502 2817 1557 δέ
2850 1521 2910 1556 σε
2940 1503 3081 1559 λίαν.

2718 1788 2853 1844 MZ'.
2883 1818 2954 1831 —
2984 1789 3345 1863 Ἥγουμένφ.
3367 1792 3571 1870 [τμη’.]

1814 1913 2076 1964 Conﬁrmat
2098 1905 2280 1961 Christi
2301 1902 2653 1955 confessorem.

637 2024 720 2079 Ex
749 2038 860 2091 quo
890 2032 943 2077 te
971 2023 1213 2076 intellexi
1240 2023 1559 2077 damnatum
1592 2022 1646 2076 in
1666 2020 1967 2091 judicio,et
1990 2017 2148 2074 Chri-
2181 2025 2225 2079 Β

564 2118 633 2173 sti
688 2132 851 2170 causa
889 2129 1115 2176 cmsum,
1161 2129 1192 2167 ο
1234 2112 1636 2176 amantissime,
1690 2111 1922 2181 gaudeo,
1962 2120 2015 2164 et
2051 2107 2149 2162 tibi

564 2210 830 2279 gratulor.
866 2205 978 2260 Hoc
1018 2209 1161 2260 enim
1192 2206 1451 2276 gaudium
1488 2214 1542 2259 et
1574 2205 1867 2260 exsultatio
1902 2213 2004 2266 est,
2042 2218 2149 2256 non

561 2301 717 2369 juxta
746 2300 932 2353 mundi
960 2298 1201 2351 letitiam
1242 2317 1254 2351 :
1302 2298 1419 2353 haec
1454 2298 1598 2352 enim
1629 2296 1923 2351 illaetabilis
1966 2312 1981 2349 :
2030 2310 2149 2363 qua:

563 2410 691 2447 cum
726 2409 843 2447 esse
883 2392 1067 2445 laetitia
1095 2392 1361 2454 videatur,
1404 2406 1513 2443 non
1545 2399 1629 2445 est
1665 2390 1863 2459 reipsa,
1896 2388 2145 2458 quando-

563 2486 785 2555 quidem
812 2485 1010 2537 labitur
1036 2484 1123 2535 illa
1160 2497 1257 2536 nec
1285 2493 1435 2536 stare
1462 2489 1658 2550 potest,
1689 2481 1992 2548 eademque
2016 2495 2143 2533 cum

563 2576 789 2639 desinit,
822 2583 1054 2628 mortem
1085 2584 1345 2643 operatur
1373 2591 1385 2626 :
1419 2573 1513 2627 sed
1544 2587 1664 2626 eam
1704 2572 1851 2637 dico,
1882 2587 2005 2641 quae
2031 2571 2146 2624 sola

564 2668 866 2726 secundum
919 2666 1087 2720 Deum
1148 2675 1279 2721 est:
1349 2667 1462 2735 ipsa
1519 2666 1664 2720 enim
1713 2665 1936 2719 unicum
1975 2663 2146 2718 animi

564 2761 1027 2815 oblectamentum
1074 2768 1176 2822 est,
1207 2767 1262 2813 et
1299 2766 1565 2827 perpetuo
1593 2756 1699 2811 sibi
1731 2765 2012 2819 constans,
2051 2769 2146 2807 eu-

560 2852 653 2924 jus
682 2854 806 2906 tinis
834 2854 943 2905 vita
976 2852 1329 2919 sempiterna.
1377 2849 1745 2915 Quamobrem
1779 2847 1901 2916 jure
1933 2846 2144 2917 gaudeo

563 2955 619 3000 et
644 2944 886 3014 gratulor
911 2942 1028 3007 tibi,
1083 2940 1245 2995 Pater
1289 2939 1773 2996 reverendissime.
1804 2938 1939 2992 Nam
1972 2937 2141 3007 quod,

565 3045 624 3090 ut
652 3038 825 3095 aiunt.
861 3044 1102 3096 centum,
1139 3034 1280 3086 nivis
1326 3034 1460 3093 ritu,
1492 3032 1743 3099 impacta)
1781 3040 1910 3083 sunt
1949 3030 2141 3097 plagae,

562 3128 763 3197 quibus
788 3124 1005 3178 concisa
1039 3122 1220 3186 cutis;
1251 3121 1367 3175 [nec
1397 3136 1529 3174 vero
1568 3134 1709 3173 nova
1747 3120 1931 3187 gaudii
1962 3134 2145 3173 acces-

563 3218 644 3272 sio
668 3214 953 3270 est.~lstud
979 3213 1195 3282 quidem
1243 3226 1348 3265 non
1375 3211 1495 3265 sine
1515 3210 1700 3278 aliquo
1737 3209 1943 3263 doloris
1978 3225 2143 3263 sensu

561 3309 689 3363 licet
741 3308 938 3360 absens
967 3305 1172 3372 accepi.
1210 3302 1314 3356 Sed
1366 3301 1477 3354 Deo
1513 3310 1694 3354 tamen
1739 3298 1931 3370 gloria,
1967 3299 2058 3367 qui
2094 3307 2145 3352 te

2335 2010 2554 2080 Ἐπειδὴ
2577 2009 2780 2079 ἔμαθον
2814 2006 3190 2079 είσαγὼγιμόν
3223 2026 3281 2062 σε
3319 2008 3602 2077 γενέσθαι,
3640 2010 3742 2065 καὶ
3773 2029 3864 2066 τε-

2250 2100 2455 2169 τύφθαι
2484 2100 2625 2168 ὑπὲρ
2654 2096 2918 2168 Χριστοῦ,
2951 2091 2997 2150 ὧ
3028 2098 3346 2169 τριπόθητε,
3380 2098 3563 2169 χαίρω
3592 2101 3695 2154 καὶ
3725 2118 3863 2169 συγ-

2250 2192 2428 2263 χαίρω
2453 2208 2556 2243 σοι.
2583 2188 2754 2242 Τοῦτο
2781 2189 2890 2260 γάρ
2920 2192 3064 2260 χαρά
3094 2192 3189 2244 καὶ
3221 2192 3545 2259 ἀγαλλίασις
3568 2209 3581 2222 °
3612 2195 3680 2246 οὐ
3712 2196 3861 2250 κατὰ

2248 2286 2346 2356 τὴν
2397 2283 2491 2349 τοῦ
2540 2282 2747 2352 κόσμου
2800 2279 2976 2353 χαρὰν
3008 2283 3255 2355 (ἀκαρὴς
3300 2283 3410 2355 γάρ
3454 2284 3574 2353 ἥδε,
3617 2285 3864 2339 δοκοῦσα

2256 2376 2379 2445 μὲν,
2413 2376 2515 2428 οὐκ
2541 2370 2676 2428 οὖσα
2704 2372 2781 2437 δὲ,
2816 2373 3048 2444 ἐπείπερ
3097 2374 3295 2444 ῥέουσα
3330 2375 3429 2444 οὐχ
3470 2376 3722 2433 ἵσταται.
3763 2378 3863 2430 καὶ

2247 2468 2556 2520 τελευτῶσα
2587 2466 2816 2520 θάνατον
2869 2465 3332 2535 κατεργάζεται),
3370 2467 3507 2520 ἀλλά
3542 2469 3644 2537 τὴν
3708 2470 3858 2522 κατὰ

2250 2559 2385 2612 Θεὸν
2411 2574 2423 2586 '
2459 2558 2599 2627 αῦτη
2635 2559 2747 2629 γὰρ
2795 2557 2892 2611 καὶ
2942 2558 3078 2627 μόνη
3132 2555 3291 2628 [Reg
3329 2559 3451 2611 cod.
3492 2558 3685 2631 μόνον]
3720 2560 3863 2627 θυμ-

2248 2648 2399 2719 ηδία,
2436 2652 2530 2701 καί
2560 2649 2822 2711 ὡσαύτως
2849 2648 3068 2718 ἔχουσα,
3103 2643 3172 2720 ἦς
3194 2648 3255 2701 τὸ
3283 2648 3437 2712 τέλος
3467 2649 3583 2719 ζωὴ
3607 2649 3858 2714 αἰώνιος.

2247 2742 2486 2802 Εἰκότως
2519 2737 2611 2794 οὖν
2645 2742 2799 2812 γήθω
2858 2742 2955 2795 καὶ
2988 2740 3249 2810 συγγήθω
3286 2758 3389 2805 σοι,
3424 2741 3611 2813 Πάτερ
3657 2742 3861 2812 τιμιώ-

2245 2851 2394 2888 τατε.
2414 2832 2671 2896 Ἀλλ’ὃτι,
2687 2831 2761 2895 ὥς
2779 2850 2933 2900 φασι,
2957 2832 3390 2886 ὲκατοστεύουσα
3413 2835 3447 2904 ἡ
3470 2834 3660 2903 νιφάς,
3682 2835 3858 2905 καίγε

2247 2923 2583 2995 βαρύδαρτος
2601 2939 2616 2954 ο
2643 2922 2718 2975 ἴδε
2746 2922 2811 2994 ιι.
2836 2922 2958 2996 ἥδε]
2979 2923 3139 2977 πάλιν
3165 2924 3419 2988 ἐπίτασις
3452 2928 3554 2994 τῆς
3581 2926 3861 2997 εὐφροσύ-

2246 3031 2365 3082 νης.
2402 3016 2516 3066 Οὐκ
2544 3012 2767 3075 ἀπαθῶς
2798 3014 3010 3085 ἤνεγκα
3041 3015 3139 3086 τὴν
3167 3014 3336 3083 ἀκοὴν
3369 3016 3463 3068 καὶ
3486 3016 3671 3071 ἀπὼν.
3712 3019 3855 3070 Ἀλλ’

2246 3104 2395 3173 ὅμως
2418 3104 2545 3166 δόξα
2568 3103 2645 3174 τῷ
2667 3104 2951 3170 δοξάσαντί
2984 3124 3042 3159 σε
3069 3105 3211 3177 Θεῷ.
3257 3107 3380 3159 Ἐπὶ
3404 3106 3578 3161 νώτου
3606 3126 3669 3162 τε
3695 3127 3855 3162 κταν-

2246 3196 2405 3266 θῆναι
2433 3194 2541 3248 ὑπὸ
2563 3195 2675 3248 τῶν
2704 3196 2938 3263 ἀσεϐῶν,
2971 3198 3239 3251 ἄσϐεστον
3270 3214 3364 3252 σου
3392 3198 3454 3251 τὸ
3487 3200 3672 3265 κλέος,
3704 3202 3853 3265 ἱερὸν

2247 3305 2342 3341 σου
2369 3290 2429 3341 τὸ
2468 3288 2660 3351 πάθος,
2693 3290 2974 3359 στήριγμα
3002 3290 3109 3343 τῶν
3140 3292 3677 3362 συνομολογούντων,
3706 3310 3848 3363 προ-

562 3398 909 3469 gloriﬁcavit.
942 3394 1074 3449 Nam
1106 3394 1251 3464 quod
1294 3392 1560 3447 immania
1606 3392 1832 3445 vulnera
1884 3388 2050 3443 dorso
2080 3389 2149 3442 ab

2256 3380 2429 3450 θυμία
2457 3380 2566 3434 τῶν
2591 3379 3039 3451 ὁρθοδοξούντων,
3076 3382 3365 3454 διάῤῥηξις
3394 3384 3505 3437 τῶν
3537 3387 3850 3455 αἱρετιζόνο

562 3493 746 3561 impiis
772 3489 1054 3558 excepisti,
1086 3489 1205 3541 laus
1253 3496 1342 3539 tua
1372 3485 1701 3539 immortalis
1736 3494 1839 3548 est,
1865 3480 2149 3553 perpessio

561 3594 776 3649 sancta,
825 3582 1228 3636 ﬁrmamentum
1280 3592 1471 3631 eorum
1502 3576 1596 3644 qui
1639 3576 1845 3644 pariter
1876 3572 2148 3629 conﬁten-

564 3692 674 3745 tur,
741 3678 994 3731 alacritas
1028 3674 1479 3736 orthodoxorum,
1529 3670 1916 3725 haereticorum
1950 3667 2143 3721 l'remi-

564 3783 675 3836 tus,
708 3770 994 3825 tedilicatio
1025 3767 1284 3823 Ecclesiae
1314 3766 1429 3821 Dei.
1472 3764 1702 3834 Lapides
1739 3763 1911 3816 sancti
1934 3762 2147 3815 volvun-

564 3876 653 3919 tur
673 3880 828 3933 super
864 3876 1057 3916 terram
1080 3860 1141 3925 ³⁸,
1176 3870 1231 3912 ut
1249 3860 1325 3912 ait
1349 3857 1613 3927 propheta
1637 3897 1651 3914 .
1678 3854 1952 3920 Quorsum
1980 3851 2148 3905 istud?

564 3956 632 4010 ad
665 3955 1088 4025 aequabilitatem
1108 3951 1347 4021 pietatis,
1385 3950 1450 4003 ad
1482 3948 1742 4003 Ecclesiae
1772 3956 2139 4003 structuram.

563 4046 685 4119 ipse
717 4048 880 4117 igitur
905 4061 1047 4099 unus
1074 4044 1319 4097 omnium
1353 4058 1382 4095 a
1424 4041 1633 4108 Spiritu
1658 4048 1871 4105 sancto,
1899 4037 2147 4106 angulari

565 4142 729 4209 lapidi
765 4151 1048 4209 coaptatus
1070 4155 1128 4192 es
1155 4145 1211 4192 et
1241 4143 1677 4205 coagmentatus.
1723 4133 1827 4187 Sed
1858 4140 1913 4187 et
1946 4130 2146 4193 nostri,

565 4236 657 4303 qui
688 4246 1001 4303 peccatores
1037 4246 1252 4293 sumus,
1282 4236 1579 4289 memento,
1624 4242 1657 4279 ο
1684 4225 2052 4286 sanctissime.
2092 4224 2146 4276 in

565 4326 909 4381 orationibus
941 4342 954 4376 :
986 4338 1051 4376 ne
1083 4339 1111 4375 a
1143 4332 1416 4376 structura
1445 4318 1790 4382 excidamus,
1822 4316 1916 4371 sed
1945 4314 2146 4369 alicubi

562 4420 650 4474 vel
701 4429 961 4487 tanquam
1007 4417 1140 4471 silex
1194 4415 1561 4474 inveniamur,
1593 4412 1770 4481 gratia
1802 4425 1868 4465 ac
1898 4408 2148 4479 benigni-

568 4521 675 4566 tate
704 4513 891 4581 optimi
945 4510 1035 4563 Dei
1068 4508 1260 4563 nostri.

563 4602 867 4658 XLVlll.-—
903 4600 1204 4655 Theodorus
1266 4600 1515 4669 dispersis
1559 4597 1750 4667 ubique
1803 4593 2147 4649 Fraternita-

631 4696 768 4747 tibus
809 4710 927 4746 cum
981 4694 1049 4747 iis
1102 4694 1191 4762 qui
1222 4695 1276 4746 in
1309 4692 1633 4763 confessione
1676 4688 1883 4744 Christi
1915 4695 2142 4753 certant,

630 4784 879 4838 salutem.

2248 3490 2378 3533 των,
2407 3475 2660 3545 οίκοδομὴ
2689 3474 2788 3545 τῆς
2817 3472 2911 3528 τοῦ
2939 3474 3076 3527 Θεοῦ
3106 3476 3457 3548 Ἐκκλησίας.
3485 3480 3657 3532 ⁴λίθοι
3695 3480 3851 3549 ἅγιοι

2248 3564 2565 3617 κυλίονται
2609 3564 2708 3617 ἐπὶ
2751 3564 2862 3633 τῆς
2892 3563 3025 3635 τῆς,
3059 3565 3133 3627 ῶς
3163 3582 3327 3636 φησιν
3368 3567 3396 3618 ὁ
3427 3568 3744 3636 προφήτης.
3782 3568 3849 3621 Τί

2246 3654 2448 3721 τοῦτο;
2500 3656 2579 3717 είς
2617 3655 2923 3727 ὁμαλισμὸν
2958 3656 3263 3719 εὐσεϐείας,
3298 3658 3378 3719 είς
3411 3656 3712 3727 ὲνδὸμησιν
3749 3659 3849 3728 τῆς

2257 3748 2611 3819 Ἐκκλησίας.
2640 3748 2762 3803 Τῶν
2785 3751 3043 3804 ἁπάντων
3065 3746 3159 3805 οῦν
3192 3745 3271 3813 εἷς
3298 3750 3393 3804 καὶ
3420 3750 3587 3814 αὐτὸς
3618 3750 3727 3803 ὑπὸ
3751 3750 3845 3804 τοῦ

2246 3843 2406 3911 ἁγίου
2442 3842 2767 3913 Πνεῦμα-τος
2794 3845 2872 3911 τῷ
2905 3844 3291 3915 ἀκρογωνιαίῳ
3335 3843 3467 3914 λίθῳ
3502 3842 3845 3915 συναρμολο-

2246 3934 2515 4004 γούμενος
2561 3933 2655 3988 καὶ
2700 3934 3195 4005 συμὸιὸαζόμενος.
3235 3934 3399 3988 Ἀλλά
3452 3934 3707 4005 μέμνησο
3751 3934 3845 3987 καὶ

2248 4024 2406 4093 ἡμῶν
2455 4024 2563 4077 τῶν
2597 4022 2961 4094 ἁμαρτωλῶν,
2995 4024 3288 4091 ἀγιὼτατε,
3341 4025 3398 4076 ὲν
3441 4026 3565 4085 ταῖς
3609 4039 3843 4092 προσευ-

2246 4118 2391 4187 χαῖς,
2445 4115 2519 4187 μὴ
2565 4118 2868 4170 ἀποπεσεῖν
2909 4116 3012 4186 τῆς
3052 4116 3413 4187 ὲνδομήσεως,
3448 4114 3568 4169 ἀλλ’
3603 4107 3707 4168 ὧδέ
3736 4130 3836 4167 που

2247 4207 2349 4261 κᾶν
2375 4207 2451 4271 ὡς
2474 4208 2632 4278 χάλιξ
2661 4208 2977 4281 εὑρεθῆναι,
2996 4209 3182 4280 χάριτι
3204 4210 3299 4262 καὶ
3328 4205 3720 4280 φιλανθρωπίᾳ
3743 4203 3834 4261 τοῦ

2245 4300 2453 4370 ἀγαθοῦ
2479 4300 2615 4355 Θεοῦ
2645 4304 2679 4373 ἡ
2690 4302 2830 4373 μῶν.

2246 4580 2388 4638 MH'.
2421 4612 2487 4624 —-
2515 4580 2817 4651 Θεόδωρος
2853 4582 2982 4647 ταῖς
3011 4578 3324 4648 πανταχοῦ
3370 4577 3832 4648 διεσπαρμέναις

2322 4676 2693 4745 ἁδελφότησι
2714 4673 2838 4729 σὺν
2866 4673 2991 4739 τοῖς
3024 4671 3395 4726 ἐναθλοῦσιν
3420 4671 3495 4725 ἐν
3518 4669 3597 4741 τῇ
3623 4672 3830 4741 ὁμολο-

2176 4740 2223 4796 D
2323 4770 2425 4839 γίᾳ
2457 4740 2738 4836 ignosci},
2768 4765 3019 4835 χαίρειν.
3052 4763 3234 4837 [τνα’.]

1434 4877 1511 4927 Ad
1535 4877 1841 4940 patientiam,
1864 4875 2049 4926 Christi
2079 4889 2318 4939 amorem,
2346 4883 2401 4928 et
2422 4874 2849 4940 perseverantiam
2880 4876 3091 4925 excitat.

638 4982 813 5039 Omne
858 4986 1115 5055 gaudium
1160 4986 1475 5040 existimare
1535 4986 1768 5051 debetis,
1818 4984 2035 5053 fratres,
2090 4986 2146 5041 in

567 5080 821 5150 presenti
903 5081 1250 5134 tribulatione
1316 5098 1329 5134 :
1409 5080 1853 5149 quandoquidem
1925 5090 2148 5150 propter

564 5172 844 5228 Christum
894 5181 948 5226 et
1007 5173 1314 5240 persecutio
1362 5184 1445 5227 est
1480 5188 1669 5228 eorum
1704 5175 1799 5243 qui
1851 5186 2141 5241 vexantur,

566 5274 621 5320 ct
650 5280 843 5320 eorum
896 5281 1083 5319 carcer
1119 5266 1210 5334 qui
1252 5266 1565 5321 detinentur
1599 5283 1612 5319 :
1660 5266 1822 5341 adjici
1857 5277 2055 5336 potest,
2091 5276 2147 5323 et

565 5374 756 5412 eorum
792 5358 1016 5411 verbera
1069 5358 1162 5427 qui
1190 5359 1493 5412 caeduntur.
1550 5357 1670 5412 Non
1722 5359 1885 5428 igitur
1916 5362 2146 5415 cessabo

566 5457 621 5499 ct
654 5462 844 5501 omnes
888 5447 1220 5515 eonjunctim
1248 5458 1301 5502 et
1347 5448 1577 5503 seorsim
1612 5448 1861 5517 singulos
1890 5450 2136 5519 compel-

567 5540 705 5602 lare,
737 5541 964 5604 hortari,
1002 5556 1393 5595 commonere:
1453 5543 1704 5610 quamvis
1744 5558 1849 5596 non
1898 5544 2000 5596 sim
2035 5559 2139 5597 ne-

570 5635 718 5686 scius
779 5648 901 5687 esse
953 5647 1050 5686 vos
1102 5634 1157 5687 in
1214 5634 1317 5686 title
1368 5634 1615 5696 stabiles,
1663 5644 1716 5688 ct
1751 5636 1949 5689 habere
1995 5635 2142 5689 domi

569 5725 1005 5781 adhortationem
1030 5742 1093 5781 ac
1117 5727 1529 5782 documentum.
1569 5727 1675 5781 Sed
1718 5740 1896 5782 tamen
1930 5729 2145 5783 debitor

640 5836 684 5868 ³³
723 5834 764 5889 ιι
798 5835 1034 5895 Timotb.
1072 5854 1143 5907 tv,
1180 5838 1230 5895 5.
1331 5840 1375 5873 3‘
1414 5839 1577 5896 Zach.
1618 5856 1689 5907 ts,
1728 5838 1791 5895 16
1832 5856 1945 5898 sec.
1978 5838 2142 5895 LXX.

2315 4989 2508 5041 Πᾶσαν
2537 4986 2713 5057 χαρὰν
2747 4984 3002 5056 ἡγητέον,
3030 4983 3251 5054 ἀδελφοί
3286 5001 3412 5054 μου,
3450 4984 3509 5037 ὲν
3547 4985 3668 5048 τοῖς
3700 5002 3832 5056 παρα

2243 5078 2365 5134 οῦσι
2396 5078 2689 5149 θλιόεροίς.
2744 5076 3008 5147 Ἐπείπερ
3036 5078 3125 5129 διὰ
3145 5077 3381 5147 Χριστὸν
3416 5076 3511 5129 καὶ
3543 5077 3573 5129 ὁ
3603 5077 3831 5148 διωγμὸς

2245 5172 2353 5225 τῶν
2380 5172 2749 5242 διωκομένων,
2775 5171 2868 5223 καὶ
2896 5172 2950 5223 αἱ
2981 5169 3221 5237 φυλακαὶΙ
3252 5168 3361 5220 τῶν
3388 5167 3825 5238 καθειργμένων·

2244 5265 2541 5336 προσθείην
2571 5264 2616 5318 δ’
2645 5264 2729 5327 ἂν,
2763 5264 2859 5318 καὶ
2888 5265 2943 5317 αί
2989 5263 3256 5334 μάστιγες
3305 5262 3415 5317 τῶν
3466 5264 3828 5333 μαστιγουμέ-

2244 5377 2372 5414 νων.
2407 5359 2522 5411 Οὐκ
2545 5356 2926 5426 ἀποπαύσοιμι
2952 5354 3239 5425 τοιγαροῦν
3269 5355 3367 5407 καὶ
3399 5359 3557 5425 κοινῇ
3590 5359 3722 5409 πᾶσι
3745 5359 3829 5408 καὶ

2243 5452 2351 5522 ίδία
2408 5452 2623 5522 ἑκάστῳ
2672 5451 3035 5521 προσφωνεῖν,
3093 5448 3457 5519 παρακαλεῖν,
3519 5450 3826 5519 ὑπομιμνὴ-

2243 5561 2426 5598 σκειν·
2461 5542 2668 5611 καίπερ
2712 5541 2871 5605 εἰδὼς
2911 5540 3342 5611 ἐστηριγμένους
3382 5542 3531 5611 ὑμᾶς
3565 5544 3623 5594 ὲν
3650 5545 3713 5613 τῆ
3743 5543 3825 5593 πί-

2244 5652 2379 5698 στει,
2414 5638 2509 5689 καὶ
2536 5634 2747 5688 οἴκοθεν
2780 5634 3004 5705 ἔχοντας
3038 5632 3098 5686 τὸ
3128 5632 3547 5704 παρακλητικὸν
3586 5636 3679 5687 καὶ
3706 5650 3814 5685 ’κου⁴

2245 5726 2547 5799 θετητικόν.
2589 5726 2728 5781 Ἀλλ’
2756 5727 2905 5797 ὅμως
2936 5724 3221 5795 ὀφειλέτης
3262 5725 3381 5796 εἰμὶ
3431 5728 3459 5780 ὁ
3506 5723 3819 5797 ἁμαρτωλὸς
