3990 6318
136 338 289 404 1253

1347 342 1891 406 EPISTOLARUM
1927 342 2077 403 LIB-
2150 340 2235 403 II.

3296 330 3431 394 1254

125 447 241 501 καὶ
260 446 323 500 τὸ
352 447 486 517 παρ’
515 445 759 517 ἐμαυτοῦ
788 446 1139 519 προστιθέναι
1172 444 1331 520 [Reg.
1359 449 1483 505 cod.
1511 465 1737 520 προστιο

1856 464 1984 514 sum,
2015 447 2118 502 etsi
2154 453 2427 517 peccator,
2452 452 2514 499 ut
2538 451 2594 500 et
2626 441 2835 514 aliquid
2867 441 2936 497 de
2975 457 3106 496 meo.
3124 438 3433 504 conferam,

128 535 307 607 Oeiv],
335 535 516 599 ἄλλως
547 553 608 589 τε
642 539 739 590 καὶ
765 536 861 590 τοῦ
890 537 1057 590 πόθου
1097 537 1515 608 ἐκϐιαζομένου.
1568 536 1746 604 Ζηλῶ

121 626 259 693 γὰρ
288 624 450 692 ὑμᾶς
473 625 634 695 ζήλῳ
661 627 809 681 Θεοῦ
830 642 844 657 °
875 626 1360 699 ἐγκαλλωπίζομαι
1385 631 1414 683 6
1436 627 1746 683 ἀκαλλώπιο

130 733 275 781 στος
326 721 450 781 ταῖς
489 718 912 789 όμολογητικαῖς
957 719 1111 789 ὑμῶν
1158 720 1404 791 ἀρεταῖς.
1454 721 1614 791 Χαρά
1652 738 1743 790 μοι

129 813 243 863 καὶ
305 811 570 879 στέφανος
631 812 811 881 ὑμεῖς,
862 811 1096 883 ἔρεισμα
1152 812 1246 865 καὶ
1294 813 1745 880 ἀκαταγώνιστον

130 903 506 974 κραταίωμα.
563 904 677 957 Ναὶ
714 904 907 977 ἐρωτῶ
940 906 1032 959 καὶ
1061 906 1369 976 παρακαλῶ
1410 906 1743 969 ἀσαλεύτους

129 996 429 1065 διαμένειν
472 996 722 1061 ἅπαντας
762 1000 821 1051 ἐν
858 999 1007 1070 πάσῃ
1038 998 1276 1070 εὑθυμίᾳ
1314 1001 1408 1053 καὶ
1439 999 1741 1071 προθυμίᾳ.

128 1086 439 1154 Πάντοτε,
474 1090 639 1159 φησὶν
668 1091 696 1143 6
719 1088 862 1153 θεῖος
891 1089 1235 1155 Ἀπὸστολος,
1262 1091 1498 1160 χαίρετε
1516 1106 1532 1121 ’
1575 1090 1742 1145 ἀδια-

132 1181 412 1247 λείπτως
462 1183 879 1251 προσεύχεσθε
906 1198 920 1211 ’
966 1182 1038 1235 ἐν
1081 1182 1263 1236 παντὶ
1308 1182 1739 1251 εὐχαριστεῖτε.

137 1276 262 1330 Καὶ
286 1274 348 1326 οὑ
373 1273 518 1344 χαρὰ
540 1272 714 1327 ταῦτα
748 1275 842 1327 καὶ
871 1273 1220 1342 ἀγαλλίασις;
1251 1275 1333 1328 ὅτι
1368 1275 1554 1348 ῌτπερ
1583 1289 1739 1342 συμ-

136 1367 494 1435 πάσχομεν,
526 1368 622 1421 καὶ
661 1367 1287 1437 συνδοξασθησόμεθα
1310 1384 1322 1396 ·
1348 1370 1400 1421 εί
1432 1367 1741 1422 ἀποθάνω-

129 1476 284 1528 μεν,
319 1458 419 1512 καὶ
458 1458 836 1529 συζήσομεν’
884 1462 937 1514 ει
982 1460 1422 1530 ὑπομείνωμεν,
1455 1461 1555 1514 καὶ
1585 1477 1741 1529 συμ-

138 1552 624 1616 ϐασιλεύσομεν,
656 1552 732 1615 ὡς
760 1552 1095 1623 γέγραπται.
1131 1552 1377 1623 Ἦλίκηή
1414 1552 1737 1621 ἐπαγγελία,

136 1642 432 1712 ἀγαπητοί
460 1643 472 1697 !
510 1644 571 1696 El
601 1643 712 1714 γὰρ
737 1645 817 1707 είς
846 1643 958 1714 πῦρ
983 1643 1371 1715 ἐμϐληθῶμεν,
1401 1645 1657 1715 οῐσωμεν⁶
1691 1646 1741 1698 ει

138 1736 249 1788 καὶ
272 1735 469 1806 θηρσὶν
495 1736 823 1805 ἐκδοθῶμεν,
849 1737 1181 1807 ἐνέγκωμεν.
1203 1736 1359 1790 Οὑτω
1379 1738 1487 1807 γὰρ
1507 1737 1741 1807 ἦνεγκαν

137 1832 197 1882 οἱ
260 1801 360 1882 ἀτέἶ
394 1829 592 1892 αἰῶνος
628 1801 1077 1899 ἀθλοφοροῦντες,
1105 1831 1296 1900 ἄνδρες
1332 1801 1400 1883 τε⁷
1425 1801 1741 1898 καὶνγυναῖ-
1774 1801 1817 1855 Β

140 1938 273 1987 κες,
295 1920 363 1974 τὰ
388 1921 597 1973 ἐκεῖθεν
626 1921 1045 1992 προόλέποντες,
1070 1924 1163 1975 καὶ
1190 1922 1249 1975 τὸ
1277 1922 1451 1992 παρὸν
1481 1922 1741 1993 ὀδυνηρὸν

138 2015 275 2076 ταῖς
320 2012 504 2066 ἐλπίσι
542 2013 915 2083 κουφίζοντες,
949 2014 1046 2068 καὶ
1085 2014 1301 2085 τρυφὴν
1344 2015 1640 2085 ἡγούμενοι
1672 2015 1742 2068 τά

142 2103 435 2166 ἐπώδυνα,
470 2104 568 2158 καὶ
612 2106 711 2175 τὴν
743 2104 1067 2178 προσθήκην
1099 2105 1209 2160 τῶν
1239 2107 1584 2179 παθημάτων
1618 2109 1743 2160 ἐπι-

143 2195 486 2267 θυμοῦντες,
517 2197 618 2250 οὑκ
661 2196 1121 2265 ἀποστυγοῦντες,
1160 2197 1350 2269 ὥσπερ
1381 2200 1430 2251 οἱ
1462 2200 1531 2252 τὰ
1571 2198 1744 2252 πλείω

143 2292 417 2359 χρήματα
444 2289 551 2342 τῶν
579 2290 914 2360 συνεταίρων
935 2290 1277 2360 ἁρπάζοντες
1297 2306 1311 2321 ·
1341 2291 1417 2355 ὡς
1447 2292 1562 2345 τστε
1586 2294 1745 2362 ὑμεῖς

144 2380 249 2449 ἀφ’
287 2380 496 2435 ἑαυτῶν
544 2383 875 2452 γευσάμενοι
926 2382 1029 2453 τῆς
1077 2382 1350 2439 ἀθανάτου
1385 2384 1742 2456 γλυκύτητος.

143 2467 226 2523 Ὠ
253 2473 430 2542 κόσμε
458 2472 659 2527 πλάνεί
684 2475 766 2527 ὅτι
804 2476 1001 2545 πικρόν
1036 2493 1130 2528 σου
1171 2477 1231 2529 τὸ
1269 2476 1461 2530 δοκοῦν
1490 2478 1608 2547 ἡδὺ,
1651 2478 1745 2531 καὶ

146 2566 487 2635 θανάσιμον,
512 2568 656 2620 κατὰ
680 2570 861 2621 πᾶσαν
890 2570 1084 2640 ἡδονὴν
1111 2572 1205 2624 καὶ
1229 2574 1609 2644 περιχάρειαν.
1636 2574 1747 2626 Kal

145 2654 200 2711 ὦ
227 2657 362 2713 πόθε
391 2660 652 2731 Χριστοῦ,
686 2661 771 2715 ὅτι
802 2662 885 2715 σοὶ
916 2659 949 2732 ἡ
988 2664 1228 2731 εὐλογία,
1262 2665 1353 2718 καὶ
1395 2666 1426 2736 ἡ
1460 2666 1627 2736 χαρὰ,
1655 2667 1747 2719 καὶ

147 2755 186 2821 ἡ
210 2751 546 2823 δεσποσύνη,
583 2755 678 2807 καὶ
714 2754 809 2808 ἐπὶ
844 2756 970 2820 τοὺς
994 2758 1259 2827 κατόχους
1286 2775 1401 2814 σου.
1439 2760 1606 2813 Ἴδετε
1643 2779 1748 2830 πη-

146 2843 331 2909 λίκοις
365 2846 509 2916 ὑμᾶς
545 2846 824 2918 φθέγμασι
877 2850 1183 2919 παρακαλῶ
1232 2852 1260 2903 6
1301 2852 1527 2924 εὐτελής
1549 2870 1565 2885 ⁸
1602 2853 1662 2908 οῦ
1695 2854 1748 2907 τί

148 2957 259 2992 που
287 2940 399 2993 τῶν
422 2942 778 3009 ἀξιεπαίνων,
810 2943 926 2997 ἀλλ’
955 2944 1040 2996 ὃτι
1068 2943 1325 3013 φιλικοῖς.
1352 2946 1508 2999 Ὅσοι
1546 2944 1747 3017 βραδὺ-

146 3051 300 3106 ·τητα
326 3034 589 3101 ἡγοῦνται
614 3035 713 3105 τὴν
742 3038 1051 3106 ἐπισκοπὴν
1078 3037 1282 3109 Κυρίου
1302 3055 1315 3069 ·
1345 3040 1521 3091 ἐκεῖνο
1553 3039 1753 3093 ἐννοεί-

1848 542 1972 605 ipso
2015 540 2217 609 alioqui
2250 553 2439 593 amore
2480 538 2815 608 impellente.
2875 533 3131 589 ίΕηιυιον
3177 536 3315 588 enim
3344 549 3433 585 vos

1847 632 1945 687 Dei
1980 631 2378 686 aemulatione”
2402 648 2420 684 :
2472 642 2525 684 et
2555 647 2675 683 cum
2709 630 2843 682 nihil
2888 629 3118 682 habeam
3150 629 3293 680 unde
3319 628 3434 694 glo-

1847 726 1979 779 riari
2022 726 2254 795 possim,
2311 722 2678 779 confessionis
2724 730 2921 775 vestrae
2974 721 3271 773 virtutibus
3318 720 3435 787 glo-

1848 819 1978 872 rior.
2020 818 2288 872 Gaudium
2346 816 2482 870 mihi
2530 825 2583 869 et
2625 830 2828 869 corona
2860 831 2957 867 vos
2990 813 3207 875 estis“,
3276 808 3423 863 fulci-

1845 921 2089 966 mentum
2120 921 2173 966 et
2195 912 2358 965 robur
2384 910 2671 963 invictum.
2711 906 2905 975 Utique
2932 921 3122 974 precor
3146 914 3197 957 et
3220 905 3431 966 hortor,

1845 1014 1905 1059 ut
1929 1019 2121 1059 omnes
2145 1004 2286 1057 firmi
2313 1002 2583 1056 tnaneatis
2615 1001 2667 1054 in
2698 1002 2848 1053 omni
2905 1000 3107 1067 gaudio
3154 1008 3205 1049 et
3237 997 3435 1049 alacri-

1844 1104 1975 1150 tate.
2024 1095 2239 1164 Semper
2288 1093 2528 1164 gaudete,
2576 1091 2749 1159 inquit
2804 1090 3024 1143 divinus
3074 1089 3371 1157 Apostolus
3412 1126 3430 1151 ,

1844 1189 1957 1241 sine
1979 1187 2366 1241 intermissione
2388 1194 2534 1238 orate
2567 1200 2585 1237 :
2618 1184 2670 1235 in
2704 1181 2945 1235 omnibus
2979 1182 3185 1251 gratias
3214 1179 3430 1249 agite“.

1842 1280 2039 1333 Annon
2069 1280 2210 1334 istud
2245 1279 2505 1348 gaudium
2528 1287 2611 1332 est
2633 1285 2687 1331 et
2714 1274 3055 1329 exsultatio?
3091 1273 3360 1340 Quoniam
3387 1271 3436 1325 si

1844 1374 2215 1442 compatimur,
2266 1381 2315 1425 et
2363 1369 2885 1439 conglori/icabimur
2945 1382 2964 1419 :
3020 1369 3066 1419 si
3121 1364 3439 1419 commortui

1844 1465 2130 1534 fuerimus,
2184 1474 2233 1515 et
2294 1460 2721 1515 convivemus“:
2777 1460 2822 1511 si
2893 1458 3324 1522 sustinuerimus,
3391 1463 3441 1509 et

1844 1554 2363 1625 conregnabimus”,
2414 1554 2558 1607 sicut
2618 1550 2886 1619 scriptum
2948 1562 3053 1603 est.
3091 1548 3265 1614 Quale
3315 1564 3443 1617 pro-

1845 1649 2099 1713 missum,
2126 1647 2309 1702 dilecti
2336 1646 2359 1699 ?
2387 1645 2553 1716 Igitur
2580 1644 2661 1698 vel
2693 1645 2739 1698 si
2766 1644 3135 1711 conjiciamnr
3168 1642 3219 1693 in
3264 1642 3439 1709 ignes,

1846 1740 2088 1795 feramus
2135 1758 2147 1792 :
2192 1740 2276 1794 vel
2326 1739 2371 1794 si
2418 1740 2699 1792 tradamur
2759 1736 2970 1797 bestiis,
3014 1735 3309 1805 patiamur.
3351 1733 3443 1788 Sic

1844 1836 1992 1891 enim
2019 1836 2189 1890 tulere
2222 1834 2315 1903 qui
2351 1832 2418 1886 ab
2446 1831 2597 1885 omni
2650 1844 2768 1884 aevo
2802 1829 3052 1883 vicerunt
3084 1828 3188 1881 viri
3227 1842 3289 1881 ac
3316 1842 3440 1879 mu-

1842 1929 2027 1983 lieres.
2088 1926 2331 1979 Alterius
2372 1926 2499 1977 vitae
2546 1923 2691 1977 bona
2731 1921 3156 1989 prospicientes,
3194 1934 3440 1987 praesen-

1844 2028 2067 2087 temque
2095 2016 2403 2071 molestiam
2439 2029 2533 2083 spc
2589 2014 2875 2078 lcnientes,
2904 2026 3182 2065 :rrumnas
3216 2010 3439 2062 delicia-

1842 2126 1966 2165 rum
2013 2111 2136 2164 loco
2190 2109 2450 2172 habuere,
2506 2116 2562 2161 et
2618 2105 2989 2159 accessionem
3041 2110 3443 2174 cxoptaverunt

1844 2202 2116 2265 dolorum,
2168 2199 2366 2253 nedum
2400 2213 2541 2266 aegre
2575 2199 2749 2250 tulere
2784 2214 2798 2249 :
2845 2196 3311 2265 quemadmodum
3340 2194 3436 2263 qui

1846 2294 2187 2366 copiosiores
2234 2306 2400 2362 quam
2458 2291 2593 2344 socii
2644 2297 2847 2358 cogunt
2874 2302 3031 2356 opes.
3069 2287 3127 2340 Id
3155 2288 3301 2354 quod
3338 2301 3437 2349 per

1846 2404 1943 2445 vos
1970 2386 2301 2458 ipsiuostis,
2350 2382 2718 2437 immortalem
2763 2382 2906 2435 hanc
2952 2380 3164 2448 experti
3198 2379 3442 2431 dulcedi-

1848 2498 1995 2537 nem.
2032 2480 2077 2535 Ο
2113 2480 2313 2534 munde
2357 2477 2561 2531 fallax!
2599 2491 2766 2546 quam
2806 2490 2995 2529 amara
3026 2483 3111 2529 est
3144 2484 3197 2529 et
3236 2474 3442 2527 letifera

1851 2580 1940 2633 illa
1972 2588 2061 2632 tua
2084 2592 2206 2645 qua:
2227 2576 2444 2629 videtur
2474 2572 2756 2626 suavitas!
2790 2585 2954 2639 quam
2987 2566 3137 2621 omni
3175 2564 3441 2633 voluptati

1850 2672 2159 2740 laetitiaeque
2188 2667 2493 2721 contraria!
2528 2664 2572 2719 Ο
2607 2663 2813 2718 Christi
2869 2678 3044 2724 amor,
3093 2659 3188 2713 tibi
3224 2658 3445 2713 benedi-

1852 2766 1982 2828 ctio,
2009 2762 2290 2831 gaudium,
2320 2758 2630 2826 imperium,
2670 2766 2724 2808 et
2747 2756 2813 2808 iis
2836 2754 2925 2823 qui
2958 2762 3085 2806 sunt
3113 2752 3190 2805 tui
3221 2765 3448 2818 compo-

1852 2869 1954 2914 tes.
2008 2854 2215 2910 Videtis
2244 2853 2445 2923 quibus
2496 2866 2620 2920 ego,
2655 2848 2749 2917 qui
2782 2846 3029 2900 tantillus
3078 2860 3219 2907 sum,
3257 2844 3443 2898 verbis

1853 2963 1952 3003 vos
1997 2948 2278 3007 adhorter,
2325 2959 2425 2997 nec
2462 2942 2572 2995 illis
2622 2940 2844 3009 quidem
2892 2936 3208 3005 exquisitis,
3240 2935 3332 2988 sed
3363 2943 3441 2987 ta-

1856 3057 1978 3096 men
2008 3038 2224 3094 amicis.
2259 3037 2587 3103 Quicunque
2617 3031 2832 3085 Domini
2868 3030 3237 3083 visitationem
3272 3026 3448 3079 tardi-

148 3144 367 3192 τωσαν,
412 3129 495 3181 ὅτι
536 3129 605 3181 Τὸ
644 3130 917 3197 χρηστὸν
957 3130 1065 3185 τοῦ
1110 3131 1258 3185 Θεοῦ
1300 3134 1387 3197 είς
1423 3132 1750 3201 μετάνοιαν

1857 3135 1983 3187 tatis
2018 3130 2364 3191 insimulant,
2397 3142 2583 3182 secum
2622 3124 2699 3178 illi
2737 3131 3013 3190 reputent,
3069 3118 3449 3187 benignitatem

152 3221 290 3287 ἄγει
317 3220 441 3284 τοὺς
464 3218 784 3284 διώκοντας,
809 3224 888 3284 εἰς
906 3221 1137 3291 δοκιμὴν
1172 3223 1227 3275 δέ
1256 3224 1384 3287 τοὺς
1416 3226 1747 3293 πάσχοντας,

154 3313 273 3365 Καὶ
322 3313 397 3382 μὴ
427 3311 831 3381 ἁθυμείτωσαν,
869 3313 1003 3383 μηδὲ
1036 3314 1105 3368 τὰ
1132 3315 1374 3383 κρίματα
1417 3316 1622 3386 Κυρίου
1667 3316 1755 3383 ἐξ·

134 3403 526 3469 ἐταζέτωσαν.
562 3406 678 3459 Οὑκ
730 3407 1092 3475 εὐγνωμόνων
1143 3407 1347 3460 δούλων
1385 3408 1603 3478 λέγειν·
1649 3409 1756 3474 ἐως

155 3500 329 3563 πότε;
364 3498 479 3552 Οὑκ
504 3493 627 3552 εἶπε
652 3497 813 3552 τοῦτο
853 3498 971 3552 Ἰὼϐ
1001 3501 1029 3553 6
1058 3500 1320 3569 ἀοίδιμος,
1351 3502 1449 3571 οὑχ
1473 3502 1501 3553 6
1527 3500 1753 3566 Πέτρος,

156 3592 274 3643 οὐδ’
300 3594 328 3646 6
356 3591 588 3660 Παῦλος,
646 3594 695 3646 οἱ
748 3591 1059 3665 μυρίαθλοι,
1107 3593 1228 3646 οὑδὲ
1265 3605 1351 3657 τις
1404 3593 1512 3647 τῶν
1550 3594 1760 3666 μαρτύ-

164 3704 305 3756 ρων.

238 3864 399 3919 Οἶδεν
424 3868 453 3923 6
480 3869 783 3941 ἀκοίμητος
812 3869 1092 3942 ὀφθαλμὸς
1121 3871 1182 3925 τὸ
1220 3871 1426 3943 ἀρκοῦν
1455 3874 1543 3925 ἐπ’
1579 3874 1761 3943 ἀμφο-

161 3959 369 4029 τέροις.
403 3960 517 4012 Οὐκ
556 3960 748 4026 ἐλεεῖς,
794 3962 877 4016 ὅτι
906 3963 1296 4031 Θησαυρίζεις
1336 3964 1529 4030 ἐαυτῷ
1573 3964 1763 4033 ὀργὴν

164 4052 238 4104 ἐν
263 4051 453 4119 ἡμέρᾳ
485 4052 669 4122 ὀργῆς
700 4054 800 4109 καὶ
827 4056 1274 4123 ἀποκαλύψεως
1302 4056 1399 4109 καὶ
1438 4056 1762 4125 δικαιοκρι-

166 4145 315 4212 σίας
346 4144 455 4198 τοῦ
490 4146 661 4213 Θεοῦ,
700 4150 730 4202 6
766 4148 1031 4213 τοιοῦτος,
1060 4143 1121 4203 οῦ
1158 4150 1259 4203 οὑκ
1286 4149 1403 4203 ἐστι
1442 4150 1619 4220 πέρας
1662 4151 1763 4219 τῆς

166 4236 471 4300 κολάσεως,
502 4238 623 4291 οὑδέ
677 4238 1031 4312 ἐξαγόρευσις
1070 4242 1180 4296 τῶν
1224 4243 1282 4295 ἐν
1335 4241 1471 4313 πυρὶ
1512 4241 1764 4312 ἀσὸέστῳ

168 4328 514 4386 ἀνυποίστων
556 4331 765 4399 ἀνιῶν;
800 4334 910 4387 Καὶ
957 4335 1300 4407 παρακαλεῖν
1349 4336 1496 4405 ὑμᾶς
1540 4336 1624 4388 δεῖ
1666 4334 1766 4406 τὴν

168 4421 391 4492 ἀνοχὴν,
426 4422 551 4477 ὅσον
580 4423 640 4476 τὸ
664 4423 751 4493 ἐφ’
775 4426 909 4495 ἡμῖν
928 4441 943 4457 ο
972 4427 1022 4479 εί
1055 4426 1129 4497 μὴ
1163 4426 1230 4480 ἂν
1257 4425 1345 4479 διὰ
1377 4427 1505 4489 τοὺς
1536 4426 1767 4496 ὀλλυμέ-

1855 3226 1955 3279 Dei
1986 3226 2058 3278 ad
2082 3223 2448 3292 paenitentiam
2483 3214 2802 3270 adducere“o
2834 3228 2930 3268 eos
2972 3212 3064 3281 qui
3114 3224 3451 3279 persequun-

1858 3330 1964 3386 tur,
2017 3318 2082 3372 ad
2138 3314 2520 3385 probationem
2570 3324 2667 3365 eos
2718 3309 2811 3378 qui
2863 3306 3170 3376 patiuntur.
3211 3300 3320 3354 Nec
3356 3303 3421 3356 de

1857 3410 2169 3481 spondeant
2193 3407 2464 3467 animum,
2509 3417 2610 3457 nec
2637 3400 2846 3471 judicia
2881 3397 3097 3451 Domini
3136 3395 3449 3463 explorent.

1854 3503 2022 3560 Nefas
2052 3511 2138 3557 est
2187 3515 2377 3555 servos
2406 3496 2676 3552 candidos
2712 3508 2776 3547 ac
2824 3491 3027 3562 probos
3067 3489 3250 3542 dicere
3288 3504 3300 3538 :
3344 3482 3453 3537 Us-

1858 3597 2123 3669 quequo?
2158 3594 2274 3648 Non
2329 3594 2383 3646 in
2426 3593 2567 3643 hanc
2606 3602 2793 3641 vocem
2843 3585 3026 3653 erupit
3064 3582 3300 3650 inclytus
3327 3577 3452 3643 Job,

1858 3708 1969 3747 non
1997 3688 2216 3753 Petrus,
2251 3700 2359 3739 non
2389 3681 2617 3745 Paulus,
2644 3679 2748 3731 viri
2806 3676 3167 3746 plurimorum
3196 3674 3456 3726 certami-

1861 3800 2014 3845 num,
2045 3796 2152 3835 non
2185 3795 2215 3832 e
2245 3774 2583 3846 martyribus
2633 3770 2951 3840 quisquam.

1933 3874 2096 3929 Novit
2147 3869 2373 3942 pervigil
2424 3867 2617 3921 oculus
2673 3863 2801 3933 quid
2863 3861 3109 3929 utrisque
3156 3864 3452 3924 competat.

1863 3968 1980 4022 Non
2024 3976 2074 4020 te
2126 3964 2203 4017 lui
2241 3963 2485 4023 miseret,
2512 3958 2605 4028 qui
2639 3956 2963 4009 thesaurisas
2996 3954 3091 4006 tibi
3122 3954 3260 4005 iram
3288 3954 3342 4002 in
3372 3951 3454 4003 die

1863 4062 1960 4116 ira:
2001 4067 2051 4113 et
2093 4055 2430 4110 reuelationis
2460 4061 2508 4105 et
2534 4049 2669 4119 justi
2696 4047 2889 4115 judicii
2925 4044 3098 4109 Dei“,
3132 4042 3383 4112 quisquis
3412 4042 3460 4096 is

1864 4170 1945 4217 es,
1980 4151 2071 4206 ubi
2126 4148 2314 4203 null'us
2342 4142 2595 4215 supplicii
2624 4141 2770 4204 ﬁnis,
2799 4154 2897 4192 nec
2932 4137 3014 4191 fas
3054 4146 3134 4189 est
3168 4134 3348 4201 eloqui
3376 4136 3462 4186 in-

1866 4242 2176 4302 tolerabiles
2207 4240 2260 4295 in
2296 4241 2417 4309 igne
2452 4234 2780 4291 inexstincto
2804 4229 3058 4285 dolores?
3094 4229 3313 4282 Hortari
3363 4242 3460 4280 vos

1868 4339 2058 4409 utique
2088 4335 2155 4389 ad
2188 4331 2556 4389 tolerantiam,
2578 4334 2843 4397 quantum
2875 4331 2959 4378 est
2990 4323 3156 4376 situm
3191 4323 3243 4374 in
3274 4321 3458 4381 nobis,

1870 4443 2050 4499 Opera:
2091 4424 2328 4496 pretium
2356 4429 2460 4482 est,
2484 4420 2677 4473 saltem
2721 4416 2791 4469 ob
2817 4424 2912 4468 eos
2943 4412 3034 4482 qui
3068 4420 3315 4481 pereunt,
3349 4421 3399 4462 et
3430 4426 3461 4465 a

170 4534 319 4579 νους,
351 4516 447 4571 καὶ
473 4518 903 4581 ἐκπεπτωκότας
938 4520 1039 4587 τῆς
1083 4519 1384 4589 ὑπομονῆς.
1434 4519 1491 4573 Ὀ
1540 4518 1753 4587 ἐπειγό-

1868 4520 2124 4588 patientia
2144 4515 2485 4572 exciderunt.
2510 4510 2614 4576 Qui
2647 4516 2876 4562 mortem
2897 4504 3200 4575 peccatoris
3244 4502 3464 4557 enixius

175 4625 339 4677 μενος
374 4609 467 4663 τὸν
508 4609 738 4664 θάνατον
771 4611 899 4664 ίδεῖν
928 4610 1024 4665 τοῦ
1054 4610 1407 4683 ἀμαρτωλοῦ,
1439 4612 1499 4665 οὑ
1540 4612 1765 4665 δύναται

172 4703 399 4771 εἰρήνην
448 4702 592 4772 ἐχειν
634 4705 771 4775 πρὸς
802 4702 893 4757 τὸν
926 4704 1061 4757 Θεόν
1087 4721 1101 4735 ·
1130 4697 1191 4757 οὗ
1214 4707 1397 4775 χεῖρον
1439 4704 1614 4759 οὐδέν.
1655 4705 1768 4757 Ἀεὶ

171 4795 284 4865 γὰρ
329 4796 387 4847 ἐν
440 4800 653 4869 ταραχῇ
705 4798 847 4852 κατά
888 4797 1067 4868 ψυχὴν
1112 4796 1417 4868 ἐπιθυμῶν,
1450 4798 1591 4869 ὅπερ
1635 4798 1769 4862 Θεὸς

174 4886 497 4955 ἀποπυγεῖ,
534 4890 628 4941 καὶ
654 4890 824 4944 θέλων
847 4889 876 4943 ὃ
904 4891 965 4943 οὑ
990 4889 1155 4946 θέλει.
1205 4890 1491 4945 Ἐντεῦθεν
1520 4891 1767 4961 ἀκηδίαι,

176 4978 450 5043 ἐκλύσεις,
476 4980 840 5052 βλασφημίαι.
869 4983 963 5036 καὶ
994 4982 1064 5036 τὰ
1094 4982 1257 5037 λοιπά
1290 4982 1649 5052 βλαστήματα
1668 4983 1769 5052 τῆς

179 5074 465 5143 πονηρίας.
498 5074 781 5144 Εἵπωμεν,
803 5076 1053 5145 ἀδελφοί·
1089 5075 1412 5143 Γενηθήτω
1440 5075 1508 5129 τὸ
1538 5074 1774 5144 θέλημά

178 5182 331 5221 σου⁶
362 5168 427 5221 ἐκ
462 5168 708 5239 καρδίας.
750 5168 1073 5237 Κτηνώδης
1108 5168 1410 5239 ἐγενήθην
1453 5169 1613 5237 παρὰ
1646 5168 1770 5230 σοὶ,

184 5258 346 5327 κάγὼ
373 5258 705 5325 διαπαντὸς
723 5260 875 5329 μετὰ
894 5260 1032 5315 σοῦ.
1067 5262 1179 5315 Καὶ
1211 5261 1385 5324 οὑτως
1407 5261 1774 5333 εἰρηνεύουσι»

182 5352 215 5420 ἡ
253 5349 400 5421 ψυχὴ
452 5351 771 5423 παρρησίαν
808 5351 920 5418 ἕξει
976 5352 1115 5422 πρὸς
1168 5352 1335 5407 Θεόνο
1386 5352 1771 5407 ὲκατονταετί-

188 5441 299 5506 ζειν
356 5445 415 5495 ἐν
453 5447 569 5507 τοῖς
604 5443 759 5515 ,ὑπὲρ
811 5444 978 5498 αὑτοῦ
1038 5445 1332 5516 παθήμασι
1390 5445 1770 5516 προαιρουμέ-

189 5553 272 5604 νη.
309 5534 444 5589 Οὔτε
482 5538 595 5606 γὰρ
649 5537 745 5591 ἐὰν
792 5537 1185 5607 κατευξώμεθα
1212 5537 1275 5590 τὸ
1306 5538 1489 5607 τάχος.
1534 5538 1768 5607 ἐπιστῇ·

187 5625 294 5679 οὒτ’
346 5627 413 5681 ἂν
468 5628 867 5701 ἐπευξώμεθα,
919 5629 1204 5702 βραδυνεῖ’
1253 5626 1391 5682 ἀλλά
1446 5628 1569 5682 τότε
1628 5627 1771 5695 ἥξει,

256 5768 297 5800 ³⁸
339 5766 380 5823 ll
409 5768 537 5824 Cor.
575 5784 650 5833 τι,
684 5766 741 5822 2.
854 5767 900 5800 ³⁸
938 5768 1175 5837 Philipp.
1214 5781 1287 5831 tv,
1323 5767 1375 5821 1.

1040 5768 1175 5838 μοι).
1214 5781 1287 5831 tv,
1323 5767 1375 5821 1.
1482 5766 1529 5838 _"
1569 5765 1587 5821 1
1621 5765 1817 5838 Thess.
1857 5782 1911 5827 ν,
1949 5763 2036 5817 lii.

192 5842 235 5878 ⁸ο
273 5842 431 5900 ilom.
467 5858 527 5911 ιι,
560 5842 615 5897 4.
657 5841 699 5874 ⁸³
734 5838 868 5897 ibid.
901 5838 954 5898 5.
1028 5833 1298 5896 "Matth.
1331 5852 1406 5909 vi,
1440 5836 1526 5895 lO.
1585 5838 1629 5872 ⁸³
1659 5836 1753 5894 Psa

1856 5850 2007 5903 .xxn,
2038 5833 2129 5895 25.

1865 4622 2017 4685 Optat
2052 4609 2278 4674 intueri,
2334 4620 2520 4677 pacem
2576 4604 2622 4657 is
2668 4601 2870 4655 habere
2916 4612 3041 4652 cum
3079 4595 3188 4649 Deo
3222 4595 3411 4661 nequit
3447 4615 3457 4645 :

1866 4724 1976 4778 quo
2007 4703 2143 4760 nihil
2172 4708 2258 4757 est
2287 4699 2506 4755 tetrius.
2540 4695 2770 4764 Semper
2800 4691 2946 4746 enim
2975 4688 3299 4760 perturbato
3330 4690 3455 4739 ani-

1868 4815 1960 4856 mo
2006 4806 2112 4863 est,
2138 4778 2391 4865 quisquis
2427 4805 2550 4859 qua:
2582 4788 2728 4841 Deus
2768 4794 3055 4840 aversatur
3104 4779 3331 4849 expetit,
3370 4789 3463 4831 aut

1867 4910 1933 4950 ea
1968 4892 2084 4945 vult
2133 4903 2255 4958 quae
2288 4885 2430 4939 Deus
2462 4882 2615 4936 nolit.
2652 4880 2788 4933 Hinc
2828 4877 3046 4931 taedium
3074 4915 3089 4939 ,
3124 4873 3292 4927 animi
3346 4872 3461 4921 lan-

1866 5001 2027 5058 guor,
2054 4976 2454 5035 maledicentia,
2491 4989 2553 5027 ac
2596 4970 2779 5025 caueri
2815 4968 3029 5022 fructus
3068 4963 3463 5033 improbitatis.

1868 5054 2148 5131 Dicamus,
2200 5066 2417 5125 fratres,
2451 5060 2578 5115 Fiat
2628 5061 2870 5114 voluntas
2939 5057 3123 5119 tua“;
3183 5054 3348 5121 idque
3397 5066 3465 5104 ex

1868 5166 2068 5221 animo.
2126 5159 2194 5214 Ut
2226 5158 2529 5227 jumentum
2562 5153 2734 5221 factus
2775 5166 2890 5203 sum
2946 5148 3086 5215 apud
3148 5158 3217 5209 te,
3264 5152 3313 5196 et
3370 5158 3465 5209 ego

1867 5271 2071 5325 semper
2095 5249 2346 5307 tecum".
2378 5247 2556 5315 Atque
2585 5245 2658 5297 ita
2700 5251 2924 5313 pacatus
2953 5240 3170 5293 animus
3198 5236 3457 5290 fiduciam

1876 5347 2099 5403 habebit
2158 5343 2224 5397 ad
2289 5338 2540 5400 Deum“,
2570 5345 2753 5390 certus
2814 5333 2895 5387 vel
2941 5345 3115 5385 annos
3152 5337 3373 5382 centum
3410 5326 3465 5377 in

1876 5442 2159 5497 laboribus
2187 5439 2305 5506 ejus
2330 5449 2495 5489 causa
2526 5432 2741 5501 degere.
2781 5429 2966 5498 Neque
2992 5426 3138 5480 enim
3169 5423 3212 5477 si
3254 5419 3464 5474 accele-

1879 5534 2147 5588 rationcm
2181 5513 2563 5597 imprecemur,
2598 5523 2824 5578 instabit
2854 5539 2865 5574 :
2899 5536 2996 5573 nec
3027 5519 3073 5572 si
3102 5519 3466 5586 deprecemur

1883 5640 2091 5680 moram
2148 5622 2326 5676 faciet.
2366 5620 2470 5674 Sed
2523 5629 2653 5674 tunc
2700 5616 2901 5677 veniet,
2926 5611 3166 5682 quando,
3201 5610 3295 5679 qui
3340 5617 3468 5663 ante

2142 5761 2187 5793 ⁸⁸
2226 5760 2389 5813 Rom.
2420 5774 2538 5820 vui,
2572 5755 2656 5808 l7.
2760 5753 2805 5787 ”
2844 5749 2889 5808 ll
2922 5748 3165 5806 Titnotli.
3203 5762 3263 5814 ll,
3302 5745 3392 5801 12.

2225 5830 2270 5865 ⁸⁸
2301 5831 2323 5887 l
2352 5827 2510 5887 Joan.
2546 5843 2632 5891 in,
2664 5825 2756 5881 9.1.
