3990 6318
572 368 705 431 1255

1769 371 1830 427 S.
1862 369 2260 427 THEODORI
2293 371 2642 429 STUDITAE

3748 355 3887 416 1256

570 480 757 534 mundi
804 480 1254 534 constitutionem
1310 478 1540 544 detiniit,
1598 480 1895 533 convenire
1939 479 2150 550 justum

2279 481 2490 552 ιπηνίκα
2513 485 2542 534 6
2568 481 2674 550 πρὸ
2706 479 3010 550 καταϐολῆς
3037 479 3240 548 κόσμου
3268 474 3544 544 διορίσας,
3571 468 3636 522 τὸ
3667 471 3886 537 συμφέ-

566 570 832 639 judicium
863 571 1012 624 novit
1045 570 1208 625 Deus.
1243 569 1572 634 Precamini,
1605 585 1702 624 oro
1726 585 1843 635 vos,
1876 585 1975 640 pro
1999 571 2158 625 nobis

570 664 663 731 qui
723 674 1042 733 peccatores
1094 679 1310 726 sumus,
1350 673 1406 718 ut
1451 665 1684 718 salutem
1721 678 2156 734 consequamur.

571 755 830 811 Nicolaus
906 756 1075 810 frater
1151 769 1330 810 vester
1375 765 1429 810 et
1487 771 1644 810 meus
1690 769 1883 810 omnes
1936 755 2155 811 salutat.

574 849 763 904 Gratia
794 851 1098 904 vobiscum.
1124 849 1321 902 Amen.

574 961 762 1017 XLIX.
792 996 861 1006 —-
895 963 1183 1017 Exsulibus
1211 973 1424 1032 propter
1452 961 1736 1015 Dominum
1757 963 1956 1015 sanctis
1983 959 2163 1015 Patri-

639 1058 734 1109 bus
770 1058 897 1110 meis
924 1054 1624 1125 spiritualibus,Theodorus
1654 1056 1905 1108 minimus
1937 1056 2156 1126 presby-

643 1160 720 1203 ter
750 1168 810 1203 ac
840 1154 1155 1217 prwpositus
1182 1150 1538 1215 Studitarum,
1571 1153 1625 1203 in
1657 1149 1883 1203 Domino
1907 1148 2136 1202 salutem

2258 589 2350 641 pov
2402 571 2612 624 δίκαιον
2666 573 2839 641 κρῖμα
2890 566 2998 621 οἶδε
3051 569 3207 630 Θεός.
3274 559 3686 637 Προσεύχεσθε
3747 560 3885 626 περὶ

2254 663 2416 733 ἡμῶν
2473 664 2582 716 τῶν
2647 661 3024 732 ἁμαρτωλῶν,
3087 657 3430 730 παρακαλῶ,
3503 654 3599 706 ῐνα
3670 651 3879 714 σωζοί-

2263 756 2424 826 μεθα.
2495 755 2552 809 '0
2605 755 2837 824 ἀδελφὸς
2897 754 3051 824 ὑμῶν
3111 771 3176 823 τε¹
3230 751 3326 804 καὶ
3375 747 3518 818 ἐμοῦ
3591 745 3883 804 Νικόλαος

2261 851 2660 923 προσαγορεύει
2687 851 2954 915 ἅπαντας.
2995 851 3060 902 Ἦ
3097 849 3258 920 χάρις
3292 846 3411 918 μεθ’
3442 845 3629 914 ὑμῶν.
3675 843 3881 908 Ἀμήν.

2268 966 2405 1022 MO’.
2427 999 2495 1008 —
2527 967 2656 1034 Τοῖς
2685 967 2784 1020 διὰ
2813 967 3033 1035 Κύριον
3079 961 3652 1032 πεφυγαδευμένοις
3690 972 3882 1008 πνεν-

2335 1058 2608 1129 ματικοῖς
2636 1060 2824 1128 ἁγίοις
2851 1077 2970 1128 μου
2998 1055 3287 1124 Πατράσι,
3323 1054 3640 1120 Θεόδωρος
3668 1050 3882 1116 ἐλάχι-

2338 1168 2486 1217 στος
2503 1152 2923 1220 πρεσϐύτερος,
2939 1150 3038 1203 καὶ
3054 1150 3389 1218 ἡγούμενος
3407 1143 3528 1198 τῶν
3545 1140 3881 1202 Στουδίου,

2333 1243 2402 1296 ἐν
2424 1243 2618 1310 Κυρίῳ
2645 1243 2895 1312 χαίρειν.
2921 1238 3109 1313 [τνγ’.1

574 1335 717 1395 Quod
758 1333 937 1385 Christi
982 1335 1354 1404 causaprol'ugi
1387 1337 1693 1384 secesserint
1719 1334 2039 1404 in_montem_,
2065 1337 2344 1404 gratulatur
2386 1342 2616 1404 tanquam
2655 1335 2782 1382 cmlo
2807 1347 2884 1404 iac
2924 1333 3032 1381 Deo
3065 1329 3414 1404 propioribus:
3446 1341 3565 1376 mox
3602 1325 3672 1375 ad
3713 1325 3877 1381 varia,

971 1397 1100 1446 circa
1128 1393 1376 1458 lapsoriim
1412 1411 1599 1458 poenas,
1629 1399 1984 1460 vitandamque
2012 1393 2447 1448 leonomachorum
2470 1393 2780 1456 societatem,
2805 1393 3113 1458 interrogata
3135 1393 3427 1455 respondet.

643 1479 741 1536 Vel
765 1483 833 1534 ab
855 1483 1162 1536 orthodoxo
1195 1498 1304 1536 uno
1341 1484 1589 1552 accipere
1618 1483 1823 1553 aliquid
1853 1485 2158 1538 litterarum

573 1571 905 1626 difficillimis
957 1572 1106 1625 hisce
1147 1573 1702 1640 temporibus,multo
1747 1590 1876 1627 vero
1912 1576 2086 1643 magis
2127 1590 2158 1628 a

573 1664 760 1718 multis
792 1663 844 1715 in
875 1679 1043 1717 unum
1076 1665 1418 1734 congregatis
1443 1675 1551 1718 tam
1582 1681 1678 1734 pro
1709 1666 1811 1720 hac
1840 1675 2163 1736 tempestate

572 1772 797 1821 novum,
850 1772 1016 1826 quam
1081 1759 1276 1828 hyeme
1307 1774 1454 1821 ,rosa
1505 1757 1652 1814 foliis
1680 1760 1852 1814 dives.
1891 1762 1955 1813 Et
1996 1769 2080 1815 est
2111 1758 2163 1811 id
2197 1735 2238 1793 Β

573 1848 870 1904 humilitati
918 1863 1052 1902 meae
1091 1848 1394 1916 jucundum
1451 1849 1505 1903 in
1571 1851 1804 1918 primis:
1844 1852 1915 1904 ita
1967 1860 2024 1904 ut
2082 1849 2165 1904 vel

572 1942 746 2010 ipsius
798 1941 1172 2010 inscriptionis
1203 1942 1401 1995 intuitu
1440 1942 1666 2010 spiritus
1697 1943 2072 2004 exsultaverit,
2108 1951 2164 1997 et

572 2033 794 2100 gratias,
829 2041 888 2085 ut
913 2047 1009 2101 par
1039 2042 1142 2097 est,
1180 2031 1411 2086 Domino
1439 2034 1609 2100 egerit
1642 2052 1653 2086 :
1682 2034 1772 2102 qui
1817 2035 1872 2088 in
1907 2036 2163 2103 prtesenti

573 2125 978 2195 persecutione,
1004 2123 1293 2177 Achabica:
1321 2125 1738 2194 simili,reliquit
1760 2127 1865 2179 sibi
1897 2129 2165 2192 totviros,

571 2221 660 2288 qui
705 2235 806 2271 non
857 2227 1208 2272 curvaverant
1243 2234 1413 2287 genua
1459 2229 1581 2271 ante
1640 2219 1994 2274 Baal“.Nec
2032 2237 2167 2290 pau-

571 2315 747 2366 ciores
778 2313 925 2366 enim
947 2326 1066 2365 esse
1097 2327 1241 2365 nunc
1272 2327 1395 2366 reor
1415 2314 1506 2380 qui
1527 2311 1685 2365 fracti
1713 2329 1820 2364 nun
1849 2314 1978 2374 siut,
2001 2329 2164 2382 quam

576 2415 706 2459 tunc
754 2407 903 2458 luere
935 2421 948 2457 :
995 2420 1100 2458 non
1149 2415 1369 2472 propter
1396 2420 1491 2460 eos
1526 2406 1689 2459 modo
1719 2407 1812 2475 qui
1849 2423 1917 2460 ex
1950 2407 2169 2462 confes-

573 2501 726 2550 sione
768 2497 1126 2550 iuuotuerunt
1161 2514 1175 2548 :
1207 2512 1397 2550 verum
1427 2497 1589 2550 etiam
1617 2499 1688 2550 ob
1727 2514 1822 2552 eos
1854 2499 1947 2567 qui
1981 2500 2088 2553 huc
2111 2509 2165 2553 et

573 2591 703 2644 illuc
741 2591 1044 2643 incolumes
1079 2605 1324 2650 evasere,
1363 2591 1419 2642 in
1471 2590 1849 2643 solitudinibus
1905 2602 2166 2656 errantes,

572 2687 630 2733 in
665 2683 925 2754 mentibus
949 2721 963 2743 ,
997 2692 1045 2734 et
1108 2680 1392 2748 speluncis,
1425 2692 1473 2732 et
1521 2684 1757 2733 cavernis
1809 2681 2060 2746 teme“;
2112 2690 2170 2735 ut

574 2775 818 2842 Apostoli
871 2774 1050 2827 verbis
1093 2784 1215 2827 utar
1251 2792 1262 2825 :
1296 2771 1758 2842 quemadmodum
1815 2783 2017 2826 cretum
2072 2789 2167 2826 ve-

576 2876 751 2920 strum
793 2878 952 2916 mons
984 2862 1073 2915 ille
1109 2862 1390 2931 tergemini
1423 2862 1664 2922 verticis,
1705 2870 1969 2930 tanquam
2003 2865 2170 2918 decus

579 2957 887 3010 immortale
937 2965 1286 3016 consecutus,
1324 2963 1585 3008 ostentat.
1632 2955 1740 3007 Deo
1785 2954 1952 3024 igitur
1985 2965 2169 3024 grates

577 3049 821 3116 agendae,
851 3047 941 3116 qui
975 3047 1130 3101 dives
1159 3056 1241 3099 est
1263 3046 1317 3098 iu
1342 3060 1462 3109 vos,
1495 3055 1547 3099 et
1582 3045 1633 3098 in
1660 3061 1851 3100 omnes
1882 3047 1975 3115 qui
2012 3049 2164 3101 iuvo-
2193 3104 2232 3124 η

575 3151 705 3195 cant
743 3155 939 3194 nomen
974 3140 1092 3208 ejus
1127 3140 1195 3196 ⁸⁷.
1235 3139 1458 3192 Sacram
1516 3139 1658 3192 hanc
1709 3148 1947 3192 vestram
1983 3138 2165 3210 fugam
2191 3107 2234 3164 Ο

575 3234 740 3288 laudo
765 3251 778 3285 :
801 3244 1039 3288 vestrum
1073 3231 1200 3285 illud
1244 3232 1298 3284 in
1330 3241 1514 3285 monte
1539 3231 1878 3285 domicilium
1910 3233 2167 3299 przedieo,

577 3330 956 3382 calamitosum
1005 3325 1134 3379 illud
1189 3324 1409 3394 quidem
1457 3363 1473 3386 ,
1525 3324 1617 3378 sed
1673 3333 1851 3376 tamen
1896 3325 2167 3378 dlvinum.

574 3417 754 3471 MOses
782 3419 832 3469 iu
871 3425 1055 3470 monte
1079 3415 1209 3468 Sina
1239 3431 1364 3468 cum
1399 3413 1506 3467 Deo
1544 3423 1628 3467 est
1657 3414 1986 3468 collocutus.
2021 3413 2169 3470 Elias

575 3514 630 3566 iu
666 3519 852 3564 monte
905 3508 1086 3562 lloreb
1121 3507 1289 3561 Deum
1323 3505 1558 3568 intueri,
1609 3515 1874 3574 quantum
1929 3505 2013 3559 fas
2065 3516 2168 3568 est,

577 3606 794 3656 meruit.
829 3601 989 3656 Jesus
1024 3603 1140 3670 ipse
1185 3599 1563 3652 divinissimus
1618 3597 1670 3651 in
1711 3606 1949 3651 montem
1981 3613 2172 3653 ascen-

573 3697 656 3749 dit
687 3706 742 3748 ut
765 3696 948 3758 homo,
973 3694 1038 3746 ad
1067 3693 1356 3745 orandum.
1382 3690 1520 3755 Quid
1548 3690 1692 3745 istud
1725 3691 1800 3745 rei
1819 3690 2170 3760 est?signum

576 3802 696 3843 esse
729 3787 984 3839 existimo
1020 3786 1219 3838 mentis
1241 3783 2036 3851 ascensus,contemplandum
2069 3797 2168 3834 no—

579 3883 683 3936 bis.
712 3879 847 3934 Nam
881 3880 956 3932 uti
990 3885 1151 3934 mons
1187 3878 1390 3931 elatior
1429 3887 1512 3931 est
1544 3877 1791 3946 subjecta
1829 3875 2051 3946 planitie
2094 3873 2172 3927 lo-

577 3975 769 4044 cisque
794 3972 1052 4027 concavis
1091 3989 1104 4024 :
1138 3970 1327 4022 eadem
1363 3968 1714 4037 proportione
1759 3965 2031 4035 precantis
2055 3966 2172 4016 ani-

578 4086 705 4125 mus
732 4085 798 4124 ex
836 4068 1056 4122 sublimi
1103 4067 1222 4119 loco
1250 4065 1498 4119 ascendit
1531 4063 1596 4116 ad
1655 4060 1849 4116 Deum.
1884 4058 2100 4124 Videte,
2140 4073 2172 4112 o

578 4160 1051 4223 tlesideratissimi,
1076 4158 1254 4226 qualis
1281 4167 1334 4209 et
1379 4167 1588 4225 quanta
1625 4155 1784 4210 sedes
1837 4166 2018 4208 vestra
2073 4153 2167 4206 sit.

578 4255 757 4308 Nostri
784 4267 944 4322 porro
968 4259 1318 4315 mementote,
1350 4249 1444 4318 qui
1473 4259 1792 4318 peccatores
1827 4264 2045 4312 sumus,
2075 4247 2171 4316 qui

583 4349 671 4402 hic
704 4346 855 4399 humi
880 4345 1131 4414 (legimus
1168 4361 1182 4396 :
1212 4353 1270 4398 ut
1292 4343 1676 4398 consocicmur
1702 4341 1884 4406 vobis,
1918 4341 2014 4410 qui
2043 4343 2175 4393 estis

2339 1485 2450 1537 Καὶ
2475 1484 2567 1552 ἀφ’
2605 1483 2723 1544 ἐνὸς
2751 1479 2844 1534 τοῦ
2871 1479 3154 1551 ὀρθοδόξου
3197 1480 3259 1532 τὸ
3291 1475 3557 1542 δέξασθαι
3599 1489 3882 1544 γραμμα-

2268 1579 2408 1629 τεῖον
2435 1578 2492 1628 ἐν
2521 1577 2640 1637 ταῖς
2669 1574 2937 1644 χαλεπαῖς
2982 1572 3219 1643 ἡμέραις
3251 1570 3505 1631 ταύταις,
3543 1568 3622 1638 μὴ
3680 1569 3769 1619 δτι
3819 1581 3881 1630 γε

2271 1671 2334 1722 ἐκ
2357 1667 2568 1721 πολλῶν
2598 1669 2690 1720 ἐπὶ
2716 1667 2779 1720 τὸ
2809 1667 2938 1720 αὐτὸ
2974 1665 3433 1734 συνεληλυθότων,
3469 1661 3627 1724 ξένον
3660 1676 3782 1721 πως
3808 1658 3881 1725 τῷ

2268 1762 2466 1832 καιρῷ,
2497 1763 2572 1824 ὼς
2596 1763 2653 1825 ἐν
2681 1761 2912 1830 χειμῶνι
2934 1758 3275 1826 πολύφυλλον
3303 1756 3478 1826 ῥόδον.
3518 1755 3635 1805 Καὶ
3668 1756 3739 1820 τῇ
3774 1753 3878 1819 ἐμῇ

2267 1853 2594 1908 ταπεινώσει
2617 1853 2807 1924 χάριεν
2844 1853 2925 1904 δτι
2959 1850 3225 1922 μάλιστα·
3258 1848 3399 1900 ὥστε
3436 1846 3535 1899 ἀπ’
3570 1846 3756 1910 αὐτῆς
3784 1845 3880 1910 τῆς

2269 1945 2600 2016 προγραφῆς
2653 1943 2946 2015 σκιρτῆσαι
2981 1961 3083 2014 μου
3126 1942 3189 1994 τὸ
3227 1940 3468 2008 πνεῦμα,
3498 1940 3599 1991 καὶ
3632 1938 3879 2005 ἀνθομο-

2268 2039 2609 2109 λογήσασθαι
2641 2037 2834 2107 Κυρίῳ
2860 2037 2928 2090 τὰ
2954 2035 3140 2089 εἰκότα
3168 2050 3183 2064 ·
3214 2033 3272 2095 ὃς
3300 2036 3392 2086 καὶ
3429 2035 3486 2084 ἐν
3525 2031 3609 2098 τῷ
3643 2031 3877 2098 παρόνςι

2281 2131 2592 2202 ’Λχαδαῐκῷ
2618 2131 2864 2200 διωγμῷ,
2897 2129 3219 2182 κατέλιπεν
3241 2124 3432 2191 ἑαυτῷ
3463 2124 3772 2186 τοσούτους
3793 2123 3876 2191 μὴ

2268 2226 2624 2294 κίίμψαντας
2649 2225 2795 2292 γόνυ
2821 2223 2891 2291 τῇ
2912 2222 3096 2276 Βάαλ.
3121 2216 3408 2290 Οἶμαιγὰρ
3428 2218 3541 2270 τῶν
3564 2216 3877 2286 τηνικαῦτα

2273 2319 2594 2390 ἰσαρίθμους
2619 2314 2761 2370 εἶναι
2781 2317 2906 2379 τοὺς
2931 2316 3026 2368 νῦν
3045 2317 3321 2384 ἁκαμπεῖς
3339 2331 3353 2346 ο
3383 2314 3444 2364 ού
3464 2313 3632 2382 μόνον
3657 2312 3750 2364 διὰ
3770 2311 3877 2362 τῶν

2270 2413 2350 2473 εἰς
2378 2407 2656 2480 προῦπτον
2688 2407 2958 2478 κειμένων
2987 2406 3047 2472 ἐξ
3079 2406 3369 2476 ὁμολογίας
3397 2423 3412 2436 ο
3452 2404 3596 2456 ἀλλά
3639 2404 3755 2473 γὰρ
3786 2404 3877 2454 καὶ

2268 2504 2356 2556 διὰ
2384 2503 2490 2555 τῶν
2513 2495 2615 2555 ῶδέ
2640 2519 2698 2554 τε
2727 2503 2951 2554 κάκεῖσε
2974 2501 3448 2569 διασεσωσμένων,
3467 2497 3542 2549 ἐν
3569 2497 3872 2566 ἐρημίαις,

2269 2597 2367 2648 καὶ
2400 2595 2588 2662 ὄρεσι.
2614 2594 2713 2646 καὶ
2745 2593 3076 2660 σπηλαίοις
3104 2592 3202 2646 καὶ
3225 2591 3354 2656 ταῖς
3380 2589 3561 2655 ὀπαῖς
3595 2589 3716 2658 τῆς
3743 2589 3872 2659 γῆς.

2269 2684 2646 2747 ἀποστολικῶς
2687 2685 2893 2737 εἰπεῖν’
2930 2684 3184 2753 καθάπερ
3227 2684 3325 2736 καὶ
3347 2681 3450 2751 τὴν
3495 2681 3661 2750 ὑμῶν
3698 2681 3875 2750 ὁμάδα

2269 2778 2330 2830 τὸ
2391 2777 2724 2847 τρικόρυφον
2782 2776 2907 2846 δρος
2967 2776 3042 2838 ὡς
3095 2773 3406 2844 τρισόλϐιον
3476 2773 3643 2837 κλέος
3712 2775 3874 2841 φέρον

2271 2871 2593 2941 ῶραΐξεται.
2635 2870 2810 2939 Χάρις
2848 2865 2940 2921 οὖν
2969 2867 3046 2937 τῷ
3073 2866 3190 2935 Θεῴ
3224 2865 3303 2934 τῷ
3325 2864 3676 2919 ,πλουτοῦντι
3733 2866 3874 2933 ὑμᾶς

2274 2965 2370 3016 σὺν
2442 2963 2575 3015 πᾶσι
2635 2964 2747 3022 τοῖς
2804 2957 3258 3034 ἐπικαλουμένοις
3319 2956 3381 3010 τὸ
3445 2957 3625 3025 δνομα
3681 2955 3871 3008 αὐτοῦ.

2287 3054 2525 3107 Ἐπαινῶ
2557 3053 2655 3122 τὴν
2683 3052 2835 3122 ἱερὰν
2861 3049 3153 3119 φυγαδείαν
3183 3049 3336 3118 ὑμῶν
3359 3065 3374 3080 ·
3401 3047 3561 3118 ὑμνῶ
3585 3049 3692 3117 τὴν
3721 3051 3872 3119 ὀρει-

2278 3145 2374 3212 νὴν
2406 3142 2680 3196 συνοικίαν
2715 3140 2903 3210 ὑμῶν·
2929 3140 3008 3192 ὃτι
3032 3140 3078 3191 εί
3109 3138 3203 3191 καὶ
3230 3135 3537 3206 τληπαθὴς,
3570 3137 3728 3206 ὅμως
3760 3134 3873 3186 θεο-

2278 3234 2450 3296 ποιός.
2499 3232 2702 3301 Μωσῆς
2750 3233 2808 3284 ἐν
2857 3231 2974 3301 δρει
3020 3229 3098 3299 τῷ
3141 3228 3336 3294 Σιναίῳ
3378 3225 3501 3296 Θεῴ
3546 3227 3870 3295 συνωμίλει.

2292 3325 2477 3386 Ἠλίας
2523 3326 2580 3378 ἐν
2627 3323 2742 3392 ὄρει
2797 3323 2874 3392 τῷ
2907 3320 3110 3392 Χωρὴό
3140 3319 3292 3388 ,Θεὸν
3350 3319 3482 3371 ἰδεῖν
3534 3318 3613 3380 ῶς
3649 3317 3872 3369 δυνατὸν

2277 3417 2530 3486 ἠξίωται.
2577 3417 2783 3484 Ἰησοῦς
2811 3416 2972 3478 αὐτὸς
2999 3417 3028 3467 ὁ
3063 3411 3505 3483 θεαρχικώτστος
3545 3413 3630 3476 εἷς
3660 3412 3726 3465 τὸ
3753 3412 3871 3483 ὅρος

2278 3511 2485 3564 ἄνεισιν
2535 3505 3024 3579 ἀνθρωποπρεπῶς
3070 3503 3497 3576 προσεύξασθαι.
3557 3504 3629 3557 Τί
3682 3503 3867 3564 τοῦ-τος

2279 3605 2403 3672 ἐμοὶ
2445 3604 2592 3656 δοκεῖ
2632 3601 2898 3672 σύμϐολον
2926 3598 3027 3668 τῆς
3060 3599 3200 3652 κατὰ
3229 3598 3408 3670 ψυχὴν
3437 3598 3770 3660 ἀναδάσεως
3793 3597 3872 3648 ιτδ

2281 3694 2547 3765 θεώρημα
2589 3689 2749 3749 εἶναι.
2795 3693 2880 3755 Ὠς
2926 3692 3035 3762 γὰρ
3073 3693 3134 3743 τὸ
3174 3691 3298 3761 ὅρος
3335 3689 3732 3760 ὑπερανεστὼς
3762 3691 3869 3741 ἐστι

2280 3787 2378 3855 τῆς
2406 3785 2678 3856 ύπωρείου
2719 3784 2969 3846 πεδιάδος
2999 3784 3094 3836 καὶ
3123 3783 3222 3852 τῆς
3246 3782 3597 3853 κοιλότητος·
3636 3781 3869 3848 τοσούτῳ

2277 3879 2341 3946 δὴ
2386 3879 2571 3946 μέτρῳ
2619 3878 2647 3929 6
2691 3876 2814 3939 νοῦς
2865 3876 2959 3928 τοῦ
3005 3876 3451 3946 προσευχομένου
3501 3875 3686 3928 ἄνεισι
3741 3873 3867 3942 πρὸς

2279 3970 2411 4021 Θεὸν
2434 3968 2522 4020 διὰ
2549 3967 2645 4019 τοῦ
2675 3965 2953 4037 μετεώρου
2976 3967 3167 4018 τόπου.
3211 3965 3429 4034 Ὁρᾶτε,
3456 3957 3502 4016 ὦ
3532 3965 3864 4036 τριπόθητοι,

2279 4055 2390 4113 οἷον
2425 4061 2520 4112 καὶ
2552 4060 2739 4130 ἡλίκον
2779 4059 2933 4129 ὑμῶν
2978 4058 3040 4110 τὸ
3089 4058 3436 4129 ἐνδιαίτημα.
3477 4055 3864 4126 Μιμνήσκεσοε

2281 4153 2376 4204 καὶ
2404 4151 2562 4221 ἡμῶν
2589 4150 2696 4202 τῶν
2728 4149 3067 4220 ἁμαρτωλῶν
3112 4149 3207 4202 καὶ
3236 4148 3547 4219 χαμοζώων
3580 4146 3860 4200 ἐντεῦθεν·

2281 4243 2356 4307 ὡς
2389 4242 2455 4296 ἂν
2485 4242 2888 4312 συναφθείημεν
2917 4243 3044 4311 ὑμῖν
3065 4244 3178 4302 τοῖς
3207 4239 3528 4308 ὑψιπετέσιν
3563 4241 3744 4301 ἀετοῖς
3768 4239 3864 4291 Κυ-

2285 4337 2420 4409 ρίου.
2462 4336 2600 4390 Ἀλλ’
2625 4335 2794 4404 ἐχέτω
2821 4335 2918 4403 μὲν
2943 4333 3113 4385 ταῦτα
3135 4326 3332 4393 ὧδε,“εἱ
3361 4331 3456 4382 καὶ⁵
3483 4331 3512 4381 6
3537 4331 3706 4393 πόθος
3728 4331 3862 4401 ᾄττει

581 4440 819 4494 altivola:
846 4438 1063 4493 Domini
1084 4437 1302 4506 aquilae.
1328 4436 1432 4490 Sed
1453 4435 1520 4489 de
1557 4435 1641 4489 his
1673 4434 1965 4496 hactenus,
1999 4445 2172 4501 quau-

2285 4431 2448 4482 πλέον
2474 4430 2674 4496 λέγειν.
2706 4428 2769 4479 Τί
2795 4427 2853 4478 δὲ
2887 4428 2966 4487 εἰς
2993 4423 3250 4476 τοσοῦτον
3275 4421 3578 4491 ἐληλύθατε
3605 4423 3863 4475 ταπεινώ-

2508 4521 2517 4526 .
2823 4519 2885 4526 -.
2979 4517 3001 4526 -
3104 4515 3126 4524 -
3166 4516 3176 4526 .
3276 4513 3299 4526 ,η
3342 4514 3364 4522 -
3514 4514 3537 4526 ,.
3576 4517 3599 4526 -
3654 4507 3679 4526 τ

577 4549 741 4604 quam
779 4533 931 4599 plura
961 4529 1144 4583 dicere
1174 4530 1327 4582 ardet
1361 4529 1600 4580 animus.
1634 4528 1766 4591 Quae
1797 4541 1925 4578 vero
1953 4535 2062 4577 tam
2087 4523 2181 4575 dc-

581 4626 745 4678 inisse
773 4624 839 4676 de
863 4622 1016 4700 vpbis
1049 4622 1256 4674 sentire
1320 4612 1489 4674 causa
1544 4619 1859 4686 impulit,ut
1889 4633 1918 4668 a
1948 4631 2055 4679 me,
2088 4619 2181 4682 qui

581 4734 701 4773 sum
731 4717 1014 4779 indoctus,
1041 4728 1304 4780 responsa
1346 4713 1570 4765 discatis
1610 4712 1675 4763 ad
1700 4711 2033 4777 interrogata
2059 4722 2181 4775 qua:

584 4810 888 4879 protulistis
905 4808 926 4860 ‘3
945 4823 1067 4860 cum
1084 4821 1206 4874 qua:
1223 4803 1426 4857 Christi
1447 4805 1619 4872 gratia
1638 4811 1741 4864 est,
1759 4800 1888 4869 quid
1909 4801 2180 4868 agendum

583 4905 763 4971 sitpcr
787 4918 906 4964 vos,
930 4899 1032 4968 ipsi
1055 4899 1282 4952 teneatis
1303 4897 1414 4950 :siu
1446 4895 1649 4955 minus,
1687 4910 1777 4961 per
1795 4907 1888 4946 eos
1913 4900 2057 4946 certe
2087 4890 2180 4956 qui

583 5009 635 5050 et
660 4995 917 5062 dignitate
947 5002 999 5046 et
1016 4991 1230 5046 dicendi
1265 4988 1526 5042 facultate
1563 4995 1844 5056 praestant.
1871 4983 2012 5038 Sunt
2033 4984 2179 5037 enim

585 5084 825 5154 plurimi,
856 5092 914 5137 ut
947 5081 1314 5136 subindicavit
1337 5078 1534 5139 oratiu,
1557 5094 1696 5146 quos
1718 5077 1933 5130 edoceri
1957 5089 2181 5128 necesse

580 5189 682 5233 est.
711 5177 926 5231 Veritus
953 5177 1116 5245 igitur
1142 5190 1210 5228 ne
1240 5188 1336 5226 vos
1362 5170 1709 5234 contristare,
1728 5169 1999 5237 simulque
2025 5166 2179 5220 vobis

587 5271 967 5337 obtemperare
1002 5268 1144 5320 nolle
1168 5267 1391 5320 videar:
1417 5274 1615 5319 memet
1647 5264 1714 5316 ad
1747 5276 1951 5314 morem
1987 5275 2177 5329 geren-

582 5360 710 5412 dum
749 5361 996 5427 accingo.
1038 5359 1108 5410 At
1139 5357 1270 5411 illud
1331 5357 1484 5425 prius
1533 5356 1708 5408 habeo
1755 5353 1940 5406 dicere
1979 5368 1992 5404 :
2029 5350 2174 5404 hanc

588 5452 843 5505 lucresim
878 5451 894 5519 (
923 5467 1239 5520 quanquam
1286 5451 1589 5515 majoribus
1620 5449 1735 5501 visa
1770 5446 1909 5499 forte
1939 5455 2043 5509 est,
2077 5454 2172 5496 aut

585 5544 912 5611 quibusdam
943 5543 1244 5596 etiamnum
1302 5543 1573 5602 videatur,
1608 5557 1715 5594 non
1772 5539 2004 5593 scelesta
2039 5537 2176 5591 adeo

589 5653 687 5690 nec
712 5637 867 5690 valde
897 5638 1139 5705 gravis),
1169 5635 1300 5688 mihi
1326 5645 1494 5698 certe,
1529 5635 1623 5703 qui
1655 5634 1822 5686 hebes
1854 5647 2001 5694 sum,
2036 5630 2174 5683 nihil

587 5730 732 5783 aliud
792 5731 984 5794 videri,
1025 5746 1189 5800 quam
1246 5729 1451 5783 Christi
1513 5728 1859 5797 negationem
1914 5737 2056 5779 esse.
2116 5722 2173 5777 Si

2291 4539 2426 4582 σεως
2455 4521 2674 4590 μέτρον,
2709 4519 2837 4587 παρ’
2870 4517 3005 4585 ἐμοῦ
3035 4515 3130 4567 τοῦ
3155 4513 3400 4584 ἀμαθοῦς
3431 4514 3629 4582 μαθεῖν
3647 4507 3718 4567 ὧν
3741 4531 3864 4584 προ-

2285 4613 2523 4664 ετείνατε
2556 4611 2802 4663 πεύσεων
2829 4608 2925 4671 τὰς
2949 4607 3309 4677 ἀποκρίσεις;
3344 4605 3505 4660 αὐτοὶ
3529 4607 3716 4678 χάριτι
3745 4608 3864 4676 Χρι·

2287 4704 2412 4757 στοῦ
2461 4705 2553 4771 ἀφ’
2605 4702 2813 4755 ἑαυτῶν
2849 4702 3046 4763 εἰδότες
3101 4700 3162 4752 τὸ
3194 4700 3346 4752 δέονο
3403 4700 3450 4751 εἰ
3497 4699 3554 4752 δὲ
3595 4702 3694 4770 μὴ,
3744 4700 3862 4768 πρὸς

2283 4800 2390 4850 τῶν
2427 4798 2769 4868 προεχόντων
2817 4796 2912 4847 καὶ
2954 4790 3228 4861 ἀξιώματι
3267 4792 3364 4844 καὶ
3407 4791 3579 4862 λόγῳ.
3616 4790 3737 4843 Εἰσὶ
3766 4805 3860 4858 γαρ

2285 4891 2639 4953 πλεῖστοι,ὼς
2664 4887 2940 4951 ὑπέδειξεν
2967 4889 2995 4939 6
3024 4886 3202 4952 λόγος,
3221 4885 3535 4952 ὀφείλοντες
3564 4883 3862 4953 ἐκδιδαχθῆ-

2283 5003 2391 5038 ναι.
2420 4985 2517 5036 Ἵν⁹
2551 4980 2646 5037 οὖν
2689 4984 2763 5053 μὴ
2807 4980 2941 5044 δόξω
2983 4980 3170 5033 λυπεῖν
3197 4980 3364 5048 ὑμᾶς,
3396 4979 3519 5047 ἅμα
3556 4995 3619 5030 τε
3669 4979 3758 5030 καὶ
3783 4976 3859 5027 δεο

2282 5079 2410 5142 διὼς
2458 5078 2521 5130 τὸ
2571 5079 2824 5146 ἀνήκοον,
2882 5073 3114 5142 καθίημι
3171 5071 3410 5142 ἐμαυτὸν
3465 5071 3608 5142 πρὸς
3655 5073 3716 5124 τὸ
3756 5070 3859 5123 ἐπί-

2281 5188 2490 5239 ταγμα.
2537 5169 2696 5221 Ἀλλὰ
2728 5167 2940 5237 πρῶτον
2972 5166 3149 5217 ἐκεῖνο
3173 5164 3283 5233 ἔχω
3308 5163 3366 5216 λέ
3383 5181 3493 5234 (ειν
3511 5180 3524 5192 ·
3552 5165 3637 5218 ὅτι
3668 5166 3701 5234 ή
3732 5165 3859 5232 αἴρε-

2283 5281 2366 5324 σις
2416 5262 2578 5332 αῦτη,
2612 5263 2659 5313 εί
2698 5261 2795 5314 καὶ
2827 5262 2939 5322 τοῖς
2983 5257 3354 5328 προλαϐοῦσιν
3390 5259 3573 5328 ἐφάνη
3615 5257 3798 5319 ἄλλως,
3831 5254 3857 5322 ἦ

2281 5356 2371 5407 καί
2403 5372 2513 5406 τισι
2548 5353 2788 5421 φαίνοιτο
2829 5351 2948 5415 νῦν,
2980 5350 3357 5420 μεσοπόνηρος
3401 5352 3500 5404 καὶ
3527 5352 3590 5403 ού
3621 5350 3740 5403 λίαν
3775 5365 3857 5417 χα-

2280 5449 2448 5517 λεπήῃ
2477 5450 2600 5517 ἐμοὶ
2641 5445 2772 5512 γοῦν
2815 5445 2893 5515 τῷ
2927 5443 3224 5513 ἀμύδρωπι
3272 5445 3430 5498 οὐδὲν
3469 5444 3606 5498 ἄλλο
3639 5443 3791 5506 δοκεῖ,
3830 5441 3856 5509 ἢ

2278 5544 2507 5613 ἄρνησις
2563 5540 2798 5614 Χριστοῦ
2862 5535 3022 5591 εἶναι.
3079 5537 3142 5588 Et
3192 5537 3306 5606 γὰρ
3358 5539 3418 5590 ἐν
3481 5540 3552 5608 τῇ
3606 5536 3765 5590 εικόνι
3811 5531 3859 5584 τὸ

2279 5634 2584 5703 ἀρχέτυπον
2615 5632 2955 5701 ἐκφαίνεται,
2999 5627 3074 5690 ῶς
3108 5645 3280 5697 φησιν
3325 5631 3354 5681 6
3385 5629 3676 5698 πάνσοφος
3701 5623 3856 5680 Διονύο

2280 5742 2394 5784 aco;
2415 5743 2428 5756 ο
2463 5726 2558 5778 καὶ
2594 5726 2642 5777 εί
2681 5726 2714 5795 η
2747 5723 2846 5794 τῆς
2873 5719 3082 5783 εἰκόνος
3113 5719 3256 5792 τιμὴ
3304 5722 3402 5775 ἐπί
3433 5721 3497 5774 τὸ
3534 5720 3856 5793 πρωτότυπον

654 5867 700 5900 ⁸⁸
727 5867 792 5924 ιιι
832 5865 965 5939 Reg.
995 5881 1108 5934 XII,
1139 5865 1227 5921 18.
1291 5865 1336 5898 ⁸⁸
1370 5863 1535 5920 Hebr.
1559 5879 1634 5930 XI,
1674 5863 1762 5917 58.
1836 5861 1879 5894 ⁸⁷
1906 5859 2065 5916 Rom.
2110 5875 2164 5926 κ,
2199 5858 2286 5913 l2.
