3990 6318
157 340 295 404 1257

1370 336 1911 399 EPISTOLARUM
1988 337 2130 395 ΗΒ.
2181 339 2262 398 li.

3338 338 3474 405 1258

149 449 451 514 διαϐαίνει,
489 447 566 513 ὦς
598 465 765 518 φησιν
797 450 826 502 ὀ
858 446 1031 519 μέγας
1057 448 1337 512 Βασίλειος
1361 467 1374 481 ο
1411 449 1736 514 ἐξουδένωτα

1840 498 1841 502 η
1870 444 2017 498 enim
2043 445 2095 498 in
2129 437 2370 515 imagine
2401 444 2761 516 archetypum
2800 445 3004 509 elucet,
3041 457 3097 500 ut
3127 448 3470 518 sapientissi-

148 545 207 598 δὲ
249 544 347 597 νῦν
392 546 430 615 ἡ
468 542 634 596 εἰκὼν
663 541 925 614 Χριστοῦ,
957 543 1214 614 ἧρνηται,
1244 543 1558 614 πεπάτηται
1606 541 1762 611 παρὰ

146 638 258 693 τῶν
299 637 714 709 Χριστομάχων
738 653 752 667 ·
799 638 908 708 ἄρα
941 639 1001 690 ἐν
1039 640 1107 709 τῇ
1139 637 1306 690 εἰκόνι
1356 636 1522 691 αὐτοῦ
1553 638 1648 688 καὶ
1674 635 1762 688 διὰ

148 736 250 804 τῆς
288 732 507 795 εἰκόνος
540 730 749 803 ἠρνήθη
794 731 1050 800 Χριστὸς,
1083 732 1388 802 ὴτιμάσϐη,
1419 731 1760 800 ἀπεδοκιμά-

150 827 256 898 σοη
306 826 623 890 Ἰουδαϊκῶς
653 843 667 857 ⁹
706 826 799 879 καὶ
827 826 1056 888 ἀλλοίως
1082 826 1182 879 οὐκ
1215 825 1364 879 ἔστιν
1387 825 1762 895 ὑπεξαγαγεῖν

146 918 209 972 τὸ
240 918 535 990 θεώρημα.
572 917 670 972 Διά
703 917 859 972 τοῦτο
889 918 1103 990 Ορήνων
1143 919 1235 971 καὶ
1276 919 1526 971 κοπετῶν
1570 919 1597 970 ό
1635 937 1759 972 και-

151 1009 242 1079 ρός
264 1026 279 1039 ·
308 1009 402 1062 διὰ
429 1012 588 1062 τοῦτο
617 1012 708 1061 καὶ
740 1008 986 1062 τοσοῦτοι
1011 1011 1060 1063 οἱ
1096 1010 1462 1077 ἐνιστάμενοι,
1499 1010 1559 1062 οὐ
1595 1010 1759 1080 μόνον

148 1100 371 1171 ἄνδρες,
399 1103 538 1156 ἀλλὰ
567 1104 660 1156 καὶ
690 1105 953 1172 γυναῖκες
972 1119 987 1133 ·
1023 1103 1095 1166 ὼς
1131 1103 1369 1172 λογικῶς
1401 1122 1462 1156 τε
1495 1107 1587 1158 καὶ
1617 1122 1760 1175 πρα-

147 1193 444 1262 γματικῶς
485 1193 824 1264 ἀρνουμένου
863 1192 1104 1264 Χριστοῦ
1129 1211 1141 1222 ·
1175 1194 1311 1264 ὅπερ
1337 1196 1429 1248 ἐπὶ
1457 1195 1564 1247 τῶν
1589 1196 1757 1250 πάλαι

146 1282 426 1352 αἱρέσεων
454 1284 555 1336 οὐκ
578 1277 789 1336 ὦπται·
816 1283 1053 1350 λογικῶς
1087 1285 1207 1353 μὲν,
1243 1286 1300 1338 ἐν
1323 1285 1399 1355 τῷ
1430 1286 1608 1355 λέγειν
1631 1289 1758 1351 τοὺς

145 1376 395 1440 ἀσεβεῖς,
433 1377 510 1448 μὴ
551 1374 662 1430 οἷόν
704 1396 763 1430 τε
798 1379 1178 1449 ἐγγεγράφθαι
1227 1381 1465 1448 Χριστὸν
1503 1381 1756 1452 σώματος

143 1471 502 1541 χαρακτῆρι·
537 1471 939 1540 πραγματικῶς
974 1473 1051 1537 δέ,
1093 1473 1172 1526 ὅτι
1213 1475 1539 1545 καθαιροῦσι
1572 1479 1756 1531 πᾶσαν

146 1563 339 1615 εἰκόνα
375 1563 541 1630 ἁγίαν
567 1563 827 1632 Χριστοῦ,
851 1566 950 1633 τῆς
978 1565 1263 1633 Θεοτόκου,
1297 1568 1569 1636 ἀγγέλων,
1596 1570 1753 1640 ἁγίου

146 1656 491 1736 παντδςικαὶ
521 1657 701 1725 ἁγίας,
751 1659 814 1711 ἐκ
857 1660 1040 1730 πάσης
1081 1661 1430 1732 Ἐκκλησίας,
1467 1665 1575 1718 ἀπὸ
1619 1683 1753 1718 παν-

142 1750 236 1812 τὸς
274 1749 431 1820 ἱεροῦ
461 1751 838 1820 ἀναθήματος,
871 1752 1004 1822 πυρὶ
1033 1754 1439 1824 παραδιδόντες·
1474 1757 1750 1812 ἐπίτωοά-

144 1842 358 1907 ἰοντες,
397 1844 670 1910 γελῶντες
699 1845 760 1898 τι
797 1846 942 1915 μέγα
972 1847 1070 1917 τῆς
1099 1848 1385 1910 εὐσεϐείας
1425 1852 1745 1922 μυστήριον,

145 1935 435 2007 βδέλυγμα
467 1939 705 2008 Χριστὸν
733 1940 1189 2010 ἐγγεγραμμένον
1215 1943 1311 1996 σὺν
1330 1943 1517 2014 Μητρὶ
1544 1947 1638 1998 καὶ
1661 1944 1747 1998 θε-

146 2028 420 2100 ράπουσιν
452 2031 858 2096 ἀποκαλοῦντες
879 2034 1044 2105 ’ὅπερ
1074 2037 1292 2104 φρονεῖν
1322 2036 1417 2089 καὶ
1447 2036 1626 2105 λέγειν
1653 2039 1747 2092 καὶ

144 2122 437 2190 πράττειν,
516 2121 785 2177 Ἰουδαίων
839 2125 960 2178 ἐστί
1010 2127 1106 2178 καὶ
1164 2126 1453 2198 Ἑλλήνων.
1511 2130 1574 2183 ΟΕ
1635 2131 1745 2202 γὰρ

149 2215 396 2286 Ἀραϐες
429 2216 527 2270 καὶ
564 2217 766 2272 Σκύθαι
806 2220 948 2273 αἰδοῖ
993 2221 1265 2292 χρώμενοι
1306 2224 1461 2278 οὐδὲν
1504 2225 1745 2280 τοιοῦτον

145 2306 431 2376 ἐφάνησαν
461 2311 847 2380 πεποιηκότες.
882 2312 1006 2375 Πῶς
1028 2308 1122 2366 οὖν
1150 2315 1251 2366 οὐκ
1281 2314 1512 2386 ἄρνησις
1537 2317 1636 2387 τῆς
1664 2321 1744 2371 οἰ-

145 2400 415 2470 κονομίας
445 2402 685 2473 Χριστοῦ
711 2403 918 2469 ταῦτα;
963 2405 1103 2458 Ἀλλ’
1128 2407 1223 2460 ἐπὶ
1261 2408 1361 2470 τὰς
1392 2411 1686 2479 προτάσεις
1717 2416 1745 2467 ὁ

144 2490 324 2558 λόγος.
355 2491 518 2555 Τινὲς
570 2494 627 2559 ἐξ
663 2495 798 2559 ἰδίας
841 2498 1216 2567 προαιρέσεως
1268 2499 1573 2570 ὑπέκυψαν,
1611 2504 1741 2557 ἄνευ

145 2582 238 2634 τοῦ
267 2587 787 2653 καταναγκάζοντος
807 2603 820 2617 ·
854 2589 1004 2643 ἄλλοι
1038 2590 1176 2660 μετὰ
1208 2591 1466 2662 πληγῶν·
1499 2595 1646 2648 ἄλλοι
1675 2596 1743 2648 δι’

143 2674 379 2746 ἀπειλῆς
412 2679 508 2731 καὶ
542 2679 741 2749 μόνης·
765 2680 947 2751 ἕτεροι
981 2683 1110 2737 ἄνευ
1140 2685 1394 2755 ἀπειλῆς,
1440 2690 1534 2741 καὶ
1572 2687 1744 2758 βασά-

143 2785 270 2833 νων,
310 2770 447 2836 δέει,
480 2774 574 2824 καὶ
610 2773 772 2842 μόνον
792 2791 806 2806 ·
842 2775 993 2829 ἄλλοι
1026 2777 1112 2831 διὰ
1139 2779 1200 2831 τὸ
1232 2778 1306 2851 μὴ
1339 2783 1595 2836 ἐκπεσεῖν
1631 2785 1741 2838 τῶν

148 2860 314 2916 ἰδίων.
347 2865 508 2927 Τινὲς
537 2864 591 2917 δέ
623 2866 718 2918 καὶ
753 2868 894 2921 κατά
924 2868 1172 2937 ἄγνοιαν.
1205 2873 1444 2939 Τούτους
1476 2877 1738 2947 ἐπιστρέ-

144 2967 345 3018 φοντας
368 2953 490 3017 πῶς
511 2955 592 3007 δεῖ
613 2957 974 3027 ἀποδέχεσθαι
994 2976 1007 3024 ;
1034 2961 1516 3032 ἐπιδεικνυμένους
1536 2964 1738 3035 δηλαδὴ

142 3044 326 3109 ἀξίους
357 3048 610 3117 καρποὺς
631 3049 731 3119 τῆς
763 3051 1051 3120 μετανοίας
1078 3053 1348 3118 ἅπαντας.
1375 3057 1532 3121 Τίνες
1566 3058 1621 3110 δέ
1651 3051 1742 3112 οὗ·

140 3153 258 3205 τοις
308 3139 516 3209 Ἀποχὴ
548 3140 659 3193 τῶν
691 3142 1073 3212 ἁγιασμάτων,
1117 3147 1254 3214 μετά
1285 3149 1731 3218 προσκλαύσεως,

142 3227 236 3278 καὶ
264 3229 530 3282 ἐπιπόνου
567 3229 836 3299 δεήσεως·
871 3235 964 3287 ἐπὶ
994 3236 1093 3306 μέν
1123 3237 1229 3289 τῶν
1256 3237 1508 3309 πρώτων,
1539 3243 1734 3311 τριετί-

142 3320 308 3383 ζουσα
338 3338 352 3351 ·
391 3324 487 3376 ἐπὶ
523 3323 581 3377 δὲ
618 3326 724 3378 τῶν
766 3326 1055 3399 δευτέρων,
1093 3328 1433 3395 διετίζουσα·
1478 3335 1572 3386 ἐπὶ
1621 3335 1734 3388 τῶν

140 3416 339 3484 τρίτων
371 3419 469 3471 καὶ
500 3421 775 3490 τετάρτων
807 3421 903 3474 καὶ
928 3422 1217 3491 πέμπτων,
1251 3425 1282 3494 ὴ
1314 3425 1424 3477 τῶν
1459 3425 1694 3495 πρώτων
1714 3445 1728 3460 ·

142 3509 233 3561 ἐπὶ
282 3512 394 3564 τῶν
444 3513 642 3577 ἓκτων,
696 3516 1026 3570 ἐνιαυσιαία.
1058 3519 1212 3570 Μετὰ
1251 3519 1351 3588 τὴν
1381 3520 1730 3591 ἐκπλήρωσιν

141 3603 258 3666 πῶς
290 3604 374 3658 δεῖ
405 3605 551 3675 ἔχειν
584 3607 817 3675 αὐτούς;
863 3610 923 3661 Εἰ
963 3610 1060 3678 μὲν
1090 3609 1149 3674 ἐξ
1189 3612 1465 3680 ἱερατικοῦ
1505 3614 1729 3685 πληρώο

142 3710 332 3763 ματος,
364 3698 460 3750 καὶ
490 3698 587 3768 οὐχ
617 3699 922 3770 ὑπέγραψε,
972 3703 1170 3773 μηκέτι
1208 3705 1451 3774 μετέχων
1477 3707 1577 3776 τῆς
1606 3710 1731 3760 ἀσε-

139 3783 266 3848 ϐοῦς
296 3788 589 3852 κοινωνίας
614 3808 718 3853 τις.
770 3792 857 3854 Ὠς
888 3794 943 3844 ἐν
969 3787 1017 3862 ᾧ
1046 3796 1306 3850 ἐτέτακτο
1336 3799 1546 3870 κλήρῳ.
1579 3801 1640 3853 Εἰ
1671 3801 1728 3854 δὲ

139 3877 233 3929 καὶ
275 3878 624 3950 ὑπογράψας,
665 3883 750 3952 είη
791 3884 867 3948 ὡς
905 3888 1226 3958 εἰργόμενος
1276 3891 1375 3959 τῆς
1413 3893 1728 3964 ἱερουργίας

138 3967 242 4030 ἕως
282 3971 569 4042 ὀρθοδόξου
608 3975 827 4028 συνόδου
854 3994 867 4007 ·
919 3980 1193 4034 κοινωνῶν
1237 3981 1281 4034 δ’
1309 3978 1401 4035 οὖν
1437 3984 1587 4054 ὅμως
1617 3985 1729 4038 τῶν

139 4061 523 4132 ἀγιασμάτων.
568 4068 696 4131 Τοῖς
751 4072 928 4139 πάντη
979 4073 1235 4126 ἀσεϐέσιν
1275 4077 1323 4127 εἰ
1363 4073 1540 4141 ἔξεστι
1586 4078 1730 4132 κατὰ

137 4153 382 4226 ἀνάγκην
412 4159 566 4222 δέους
595 4159 779 4226 ἕνεκα,
812 4163 844 4231 ἢ
871 4164 957 4217 διὰ
986 4165 1162 4236 λιμὸν,
1191 4167 1224 4237 ἢ
1267 4169 1358 4221 καὶ
1385 4170 1514 4222 ἄνευ
1555 4171 1727 4239 ἀνάγ-

139 4265 262 4318 κης,
292 4251 323 4321 ἢ
368 4254 466 4305 καὶ
503 4251 590 4306 διὰ
622 4254 744 4325 βίαν
777 4255 961 4321 ἄλλοις
989 4260 1360 4325 κοινωνοῦσιν,
1407 4262 1728 4332 ὀρθοδόξους

135 4339 189 4393 δὲ
213 4342 414 4408 αὐτοὺς
444 4345 789 4414 ὁμολογοῦσι,
809 4350 1113 4404 συνεσθίειν
1137 4370 1150 4418 ;
1184 4354 1408 4425 Οὐδαμῆ
1429 4356 1683 4424 οὐδαμῶς
1709 4373 1724 4390 '

1865 553 1988 592 lllllS
2023 537 2319 609 Dionysius
2355 539 2464 591 ait:
2497 553 2562 593 ae
2596 539 2640 593 si
2676 538 2936 610 imaginis
2981 541 3162 594 honor
3189 542 3255 595 ad
3287 553 3468 611 proto-

1864 638 2047 699 typum
2081 631 2349 693 ascendit,
2382 639 2440 684 ut
2471 647 2702 702 magnus
2725 633 2972 703 loquitur
3010 631 3288 689 Basilius:
3328 651 3469 689 nunc

1862 734 2043 777 autem
2101 725 2406 795 despicatui
2437 726 2622 780 habita
2664 736 2749 781 est
2783 727 2964 799 imago
2997 727 3225 794 Christi,
3250 741 3465 798 negata,

1861 819 2180 872 conculcata
2239 836 2268 872 a
2314 820 2769 890 Chrystomachis
2804 839 2818 876 :
2854 823 3051 892 utique
3100 821 3360 879 Christus
3409 825 3466 881 in

1859 912 2097 981 imagine
2131 912 2305 981 ipsius
2353 921 2406 966 et
2439 928 2534 981 per
2567 913 2864 983 imaginem
2898 923 3135 982 negatus
3162 924 3268 980 est,
3302 917 3463 986 igno—

1861 1005 2032 1059 minia
2056 1004 2305 1070 aﬂ'eetus,
2331 1021 2485 1060 more
2513 1004 2743 1060 Iudaico
2776 1009 3142 1078 reprobatus:
3173 1027 3274 1066 nec
3300 1014 3455 1068 colli-

1860 1112 1987 1167 gere
2017 1096 2189 1160 aliud,
2221 1112 2279 1151 re
2314 1097 2476 1168 plane
2511 1109 2818 1168 perspecta,
2850 1101 2998 1155 licet.
3035 1102 3246 1159 Idcirco
3302 1107 3460 1176 plan-

1858 1184 2020 1256 gendi
2047 1195 2101 1240 et
2127 1185 2370 1255 ejulandi
2430 1196 2648 1255 tempus
2692 1186 2838 1242 istud
2866 1199 2953 1243 est
2983 1207 2995 1243 :
3028 1191 3235 1248 idcirco
3264 1204 3318 1249 et
3348 1205 3457 1251 tam

1858 1279 2016 1334 multi
2046 1280 2407 1343 reluctantur,
2441 1295 2553 1334 non
2595 1281 2696 1334 viri
2722 1282 2906 1348 modo,
2961 1284 3057 1339 sed
3093 1295 3146 1340 et
3176 1287 3454 1351 mulieres,

1856 1387 1921 1427 eo
1953 1373 2097 1443 quod
2131 1389 2240 1427 non
2277 1389 2411 1428 voce
2444 1375 2645 1442 solum,
2681 1375 2776 1430 sed
2816 1385 2870 1430 et
2900 1391 3068 1446 opere
3123 1378 3242 1449 ipso
3298 1381 3457 1437 Chri-

1857 1477 1974 1521 stus
2017 1477 2294 1536 negatur:
2329 1468 2476 1537 quod
2520 1468 2574 1522 in
2623 1469 2853 1524 vetustis
2896 1469 3200 1527 hazresibus
3232 1475 3455 1532 minime

1855 1558 2038 1613 visum
2079 1568 2186 1612 est.
2241 1559 2389 1614 Voce
2417 1560 2661 1629 quidem,
2692 1577 2819 1616 eum
2851 1570 3047 1633 negent
3076 1564 3227 1634 impii
3256 1582 3451 1638 corpo-

1854 1664 1948 1704 rea
1983 1651 2349 1706 similitudine
2399 1651 2548 1724 pingi
2593 1652 2877 1712 Christum
2933 1671 3136 1725 posse:
3166 1673 3328 1729 opere
3355 1677 3451 1715 au-

1852 1752 1964 1797 tem
1996 1744 2137 1813 ipso,
2193 1760 2320 1799 cum
2373 1761 2590 1801 omnem
2643 1758 2896 1802 evertant
2938 1748 3144 1803 Christi
3204 1764 3449 1809 sanctam

1779 1817 1826 1876 Β
1857 1834 2173 1904 imaginem,
2217 1837 2490 1908 Deiparm,
2543 1843 2904 1912 angelorum,
2935 1845 3110 1900 sancti
3141 1861 3205 1900 ac
3247 1858 3450 1904 sanctze

1851 1925 2097 1994 cujusvis
2122 1971 2137 1995 ,
2181 1944 2248 1983 ex
2278 1930 2430 1984 omni
2468 1933 2582 1986 aede
2616 1949 2796 1995 saera.
2845 1951 2914 1989 ex
2952 1937 3103 1992 omni
3129 1953 3289 1994 sacro
3330 1956 3448 1996 mo-

1850 2031 2138 2085 numento,
2167 2021 2280 2093 igni
2309 2023 2608 2086 tradentes.
2645 2028 2912 2083 conviciis
2945 2028 3299 2097 insectantes,
3333 2048 3446 2086 ma-

1843 2124 2014 2180 gnum
2045 2113 2265 2184 pietalis
2315 2119 2636 2187 mysterium
2675 2118 2966 2176 irridentes
2993 2161 3008 2186 ,
3045 2123 3322 2179 Christum
3353 2127 3444 2180 de-

1849 2205 2073 2274 pictum,
2107 2222 2230 2261 cum
2266 2217 2438 2264 matre
2473 2219 2526 2264 et
2575 2210 2822 2280 famulis,
2858 2215 3283 2273 abominandam
3327 2232 3440 2275 rem

1849 2309 2228 2368 nuneupantes
2255 2302 2430 2370 :quod
2456 2305 2674 2372 quidem
2695 2306 2956 2374 cogitare,
2980 2317 3036 2364 et
3056 2310 3257 2374 dicere,
3284 2321 3338 2366 et
3361 2313 3441 2368 fa-

1847 2392 2318 2454 cere,Judzeorum
2338 2405 2602 2467 cstatque
2622 2400 2928 2467 gentilium.
2965 2402 3171 2458 Arabes
3195 2405 3338 2459 enim
3379 2423 3442 2462 ac

1849 2485 2065 2555 Scytha:
2092 2489 2393 2542 reverentia
2431 2490 2601 2557 ducti,
2633 2494 2768 2547 nihil
2794 2494 2902 2549 tale
2948 2495 3048 2551 visi
3079 2509 3204 2552 sunt
3234 2501 3444 2568 praesti-

1850 2576 2000 2631 tisse.
2039 2576 2177 2643 Quid
2209 2588 2294 2634 est
2324 2582 2484 2650 igitur
2511 2583 2972 2653 dispensationem
3000 2586 3200 2642 Christi
3225 2605 3441 2659 negare.

1845 2669 1889 2722 si
1916 2669 2017 2724 hoc
2035 2687 2142 2724 non
2160 2681 2243 2726 est
2257 2673 2279 2726 ?
2293 2671 2396 2727 Sed
2417 2675 2483 2728 ad
2503 2677 2904 2745 propositiones
2927 2689 3227 2735 revertatur
3244 2684 3437 2737 oratio.

1845 2759 2078 2825 Quidam
2105 2766 2326 2832 prepria
2355 2777 2549 2835 sponte
2597 2785 2792 2824 manus
2837 2771 3065 2837 dedere,
3105 2774 3317 2830 nemine
3347 2791 3441 2842 per

1845 2851 1952 2905 vim
1982 2857 2349 2923 cogente:alii
2371 2873 2494 2912 cum
2521 2860 2694 2931 plagis
2716 2880 2730 2916 :
2752 2861 2842 2916 alii
2871 2863 3037 2920 minis
3066 2865 3324 2920 duntaxat
3347 2882 3438 2920 ex-

1844 2945 2014 2999 territi
2047 2963 2061 3012 ;
2097 2948 2190 3002 alii
2222 2951 2357 3004 citra
2411 2954 2588 3006 minas
2624 2969 2688 3009 ac
2741 2956 3010 3027 supplicia
3037 3000 3052 3023 ,
3083 2958 3200 3012 solo
3246 2967 3388 3013 metu
3418 2976 3433 3024 ;

1847 3035 1964 3099 alii,
2010 3053 2078 3091 ne
2126 3051 2461 3097 emerentur
2494 3044 2654 3100 bonis
2696 3065 2709 3099 :
2748 3049 2994 3100 nonnulli
3028 3057 3206 3102 autem
3233 3064 3326 3119 per
3355 3050 3448 3102 ind

1843 3131 2154 3186 scientiam.
2191 3133 2254 3186 ili
2289 3135 2334 3189 si
2369 3136 2726 3206 resipiscant,
2768 3155 2874 3208 qua
2928 3141 3139 3196 ratione
3190 3143 3435 3196 suntad-

1838 3224 2087 3279 mittendi
2141 3226 2164 3279 ?
2211 3226 2409 3295 Utique
2457 3231 2501 3283 si
2553 3231 2748 3300 dignos
2795 3231 3044 3286 videlicet
3102 3234 3432 3302 pmniteutiae

1836 3317 2049 3374 fructus
2069 3336 2261 3376 omnes
2276 3323 2587 3376 exhibeant.
2621 3325 2723 3390 Qui
2753 3337 2880 3378 sunt
2901 3325 2976 3378 illi
2999 3340 3161 3394 porro
3182 3324 3391 3380 fructus
3412 3328 3434 3360 ⁸³

1836 3409 2011 3465 Dilata
2048 3412 2407 3468 Eu'charistiaz
2437 3417 2731 3485 perceptio,
2766 3431 2891 3469 eum
2933 3415 3083 3476 ﬂetu,
3119 3425 3171 3471 et
3201 3415 3427 3474 assidua

1833 3503 2237 3572 deprecatione,
2263 3507 2456 3575 primis
2481 3507 2724 3577 quidem,
2748 3525 2843 3577 per
2879 3510 3172 3564 triennium
3202 3526 3430 3566 :secun-

1833 3594 1936 3658 dis,
1967 3611 2062 3662 per
2119 3611 2296 3653 annos
2344 3599 2531 3655 duos:
2565 3602 2764 3668 tertiis,
2821 3604 3054 3671 quartis,
3083 3614 3135 3659 et
3190 3604 3420 3672 quintis.

1832 3689 2294 3754 quemadmodum
2337 3691 2531 3759 primis
2560 3710 2572 3744 :
2609 3696 2780 3748 sextis
2810 3695 3079 3765 denique,
3109 3697 3269 3751 unius
3289 3697 3418 3749 anni

1833 3780 2031 3847 spatio.
2070 3780 2282 3846 Quibus
2315 3783 2407 3836 ttbi
2464 3784 2736 3854 perfuncti
2787 3786 3008 3854 iuerint,
3045 3805 3153 3859 qua
3212 3789 3424 3844 ratione

1834 3883 1961 3924 sunt
1998 3872 2229 3926 habendi
2255 3875 2277 3926 ?
2302 3872 2356 3926 Si
2389 3876 2609 3942 quidem
2643 3886 2727 3932 est
2776 3896 2840 3932 ex
2875 3881 3198 3936 sacerdotali
3230 3879 3427 3936 ordine

1837 3964 2061 4032 aliquis,
2098 3981 2196 4019 nec
2218 3967 2566 4037 subscripsit,
2603 3986 2704 4024 nec
2727 3970 2830 4024 fuit
2865 3972 3045 4041 impia:
3076 3975 3426 4029 communio-

1832 4060 1917 4112 nis
1939 4060 2244 4128 particeps;
2281 4061 2333 4114 in
2358 4077 2467 4131 quo
2496 4063 2782 4118 ordinatus
2808 4073 2891 4118 est
2918 4067 3066 4121 clero
3086 4077 3422 4136 permaneat.

1832 4148 1926 4203 Siti
1959 4166 2088 4205 vero
2133 4153 2457 4223 subscripsit
2499 4154 2640 4209 idem
2676 4171 2691 4220 ;
2737 4155 3023 4213 abstentus
3064 4174 3093 4213 a
3147 4175 3206 4214 re
3264 4175 3419 4214 saera

1835 4243 2080 4298 facienda
2115 4244 2186 4298 sit
2220 4261 2395 4314 usque
2430 4247 2496 4300 ad
2532 4247 2800 4318 synodum
2843 4251 3203 4307 orthodoxam
3235 4269 3247 4304 :
3276 4266 3423 4306 com—

1831 4337 2068 4391 municet
2096 4345 2276 4391 tamen
2303 4338 2472 4393 sacris
2516 4340 2809 4410 mysteriis.
2841 4339 2900 4396 Si
2927 4344 3237 4398 hominibus
3263 4345 3412 4398 omni

136 4432 181 4482 εί
219 4435 291 4502 μή
333 4433 387 4485 τί
432 4451 497 4502 γε
535 4439 650 4497 τοῖς
685 4439 957 4507 ἐσχάτοις,
998 4441 1100 4494 οὐκ
1138 4442 1467 4513 ἀδιαφόρως,
1514 4445 1633 4498 ἀλλ’
1663 4446 1722 4512 ἐξ

1840 4449 1889 4486 3x
1909 4438 2061 4503 parte
2085 4434 2287 4504 impiis,
2307 4445 2526 4505 prepter
2549 4436 2924 4491 necessitatem
2946 4438 3232 4508 ingruente
3251 4448 3416 4503 metu,

135 4524 436 4592 ἀναγκαίου
467 4529 614 4585 τινὸς
635 4533 864 4599 τρόπου,
896 4533 1044 4599 ἆτταξ
1073 4537 1105 4606 ἢ
1137 4535 1233 4599 δίς.
1275 4539 1337 4590 Εἰ
1367 4539 1477 4592 τῶν
1510 4541 1725 4604 τούτοις

138 4618 413 4689 ἐδωδίμων
455 4623 524 4674 τὰ
549 4623 778 4691 λείψανα
811 4627 1012 4680 ἐσθίειν
1053 4631 1194 4682 κατὰ
1240 4632 1508 4703 ἀνάγκην,
1555 4634 1587 4705 ἢ
1626 4635 1723 4687 καὶ

135 4710 579 4785 ἀνευάνάγκης,
622 4716 758 4769 διότι
807 4721 1317 4791 προεσχημάτισται
1365 4726 1422 4775 ἐν
1465 4725 1652 4788 αὐτοῖς
1695 4727 1724 4778 ὁ

139 4803 390 4872 σταυρόςς
423 4805 484 4856 Εἰ
529 4804 628 4874 μὲν
670 4808 818 4873 παρὰ
853 4809 1066 4877 ἱερέως,
1103 4811 1355 4882 οὐδαμῶς
1379 4829 1391 4842 ·
1429 4815 1476 4865 εί
1512 4815 1567 4866 δέ
1621 4816 1716 4884 μὴ,

139 4894 514 4966 μεταληπτέον
556 4897 697 4949 κατὰ
726 4898 867 4967 βίαν.
903 4901 963 4952 Εἰ
998 4901 1053 4952 δέ
1088 4904 1168 4962 εἰς
1195 4904 1490 4974 εὐκτήριον
1537 4906 1719 4959 αὐτῶν

136 4984 477 5054 εἰσέρχεσθαι
509 4988 676 5056 εὐχῆς
704 4989 898 5060 χάριν·
937 4992 1031 5043 καὶ
1063 4994 1110 5043 εἰ
1147 4993 1227 5044 δεῖ
1254 4993 1351 5064 τὴν
1389 4996 1554 5060 ἁγίαν
1584 4999 1717 5049 ἁνα-

135 5077 300 5143 φορὰν
362 5082 425 5133 ἐν
484 5081 633 5150 αὐτῴ
684 5082 951 5135 ἐπιτελεῖν
1007 5086 1145 5152 μετὰ
1203 5085 1340 5147 ἰδίας
1394 5090 1712 5161 τραπέζης;

135 5165 395 5237 Οὐδαμῶς
452 5172 736 5243 ἑκάτερον.
779 5174 841 5228 Εἰ
895 5177 976 5229 δεῖ
1022 5177 1232 5248 χαίρειν
1276 5181 1478 5245 αὐτοῖς,
1512 5181 1712 5251 λέγειν,

135 5257 222 5311 καὶ
247 5260 625 5328 άσπάζεσθαις
658 5268 942 5337 Οὐδαμῶς,
975 5268 1049 5331 ὥς
1095 5288 1258 5338 φησιν
1282 5274 1308 5324 ό
1345 5273 1518 5341 μέγας
1549 5275 1714 5328 Βασί-

1833 4528 1912 4580 vel
1949 4529 2020 4581 ob
2051 4529 2272 4598 famem,
2299 4529 2381 4582 vel
2431 4528 2593 4583 etiam
2625 4528 2760 4583 citra
2791 4533 3174 4586 necessitatem
3205 4543 3294 4585 aut
3323 4546 3420 4598 per

1828 4618 1959 4683 vim,
1985 4620 2074 4672 alii
2107 4621 2512 4674 communicent
2533 4621 2624 4689 qui
2658 4622 3000 4678 orthodoxos
3029 4639 3089 4679 se
3119 4624 3415 4693 profitean-

1827 4721 1934 4770 tur.
1963 4727 2030 4764 an
2060 4712 2182 4766 licet
2216 4729 2338 4766 cum
2370 4714 2488 4767 istis
2527 4715 2712 4767 cibum
2771 4732 2989 4770 sumere
3019 4717 3043 4770 ἰ
3075 4716 3231 4772 ΝυΙΙο
3264 4733 3418 4787 pror-

1823 4817 1919 4855 sus
1943 4803 2144 4856 ntodo:
2177 4804 2280 4856 nisi
2316 4802 2454 4856 forte
2484 4803 2594 4858 sint
2621 4821 2685 4858 cx
2716 4804 2904 4860 intima
2933 4808 3087 4878 plebe
3115 4825 3129 4862 :
3162 4822 3260 4862 nec
3290 4821 3415 4876 pas-

1821 4895 1925 4948 sim
1975 4911 2036 4949 ae
2066 4898 2393 4966 promiscue,
2428 4896 2520 4950 sed
2565 4913 2697 4952 casu
2746 4900 2932 4969 aliquo
2957 4902 3296 4963 necessario,
3323 4914 3408 4954 sc-

1819 4990 1924 5044 mel
1963 4999 2057 5044 aut
2092 4991 2312 5045 iterum.
2357 4989 2439 5043 An
2472 4991 2601 5045 licet
2628 5007 2820 5046 eorum
2857 5009 3029 5048 emnze
3059 4995 3318 5063 reliquias
3341 5009 3410 5047 ex

1819 5085 2170 5150 necessitate,
2217 5086 2301 5138 vel
2333 5086 2469 5139 citra
2497 5086 2875 5140 necessitatem
2928 5089 3087 5139 edere
3107 5126 3121 5150 ,
3153 5100 3218 5140 eo
3265 5088 3410 5153 quod

1820 5179 1872 5231 in
1939 5179 2026 5231 his
2095 5179 2313 5247 signum
2375 5179 2558 5232 crucis
2623 5178 2775 5247 prius
2824 5193 3141 5245 expressum
3181 5178 3308 5231 sit?
3347 5177 3407 5233 Si

1817 5270 2036 5339 quidem
2074 5285 2104 5322 a
2146 5273 2465 5335 sacerdote,
2502 5271 2725 5322 minime
2760 5287 2773 5321 :
2807 5269 2889 5322 sin
2926 5269 3131 5334 minus,
3185 5281 3410 5339 cogente

1816 5366 1865 5416 vi
1898 5363 2042 5415 sumi
2073 5372 2312 5432 oportet.
2339 5364 2421 5416 An
2451 5364 2574 5417 licet
2593 5362 2861 5415 orationis
2888 5375 3055 5415 causa
3083 5364 3404 5416 eorumdem

1816 5455 2114 5509 oratorium
2144 5455 2352 5525 ingredi
2386 5455 2410 5507 ἰ
2443 5470 2507 5508 ac
2542 5470 2668 5506 num
2704 5453 2827 5506 licet
2867 5463 3111 5506 sanctam
3148 5456 3219 5508 ibi
3258 5455 3407 5508 obla-

1817 5547 2020 5599 tionem
2053 5561 2311 5614 peragere
2344 5560 2469 5598 cum
2519 5560 2710 5596 mensa
2752 5544 2970 5612 propria
2998 5542 3305 5600 ?Neutrum
3337 5548 3405 5600 li-

1815 5649 1920 5693 cet.
1961 5638 2044 5690 Au
2078 5637 2160 5690 fas
2193 5646 2277 5690 est
2306 5636 2564 5706 gratulari
2597 5636 2750 5704 ipsis,
2784 5635 3131 5692 confabulari
3164 5656 3284 5694 eum
3317 5641 3402 5700 iis.

1815 5732 2034 5793 eosdem
2084 5731 2324 5786 salutare
2347 5730 2370 5778 ?
2396 5729 2751 5800 Neutiquatn,
2787 5741 2844 5784 ut
2873 5729 2950 5782 ait
3000 5745 3229 5802 magnus
3261 5731 3404 5784 Basi-

3000 5821 3078 5879 to

134 5344 288 5414 λειος.
357 5354 418 5408 Ὀ
478 5355 686 5423 Κύριος
737 5359 979 5413 ἐκώλυσε
1031 5360 1122 5414 τὸν
1174 5363 1352 5416 κοινὸν
1397 5366 1713 5436 ἀσπασμόν.

136 5439 291 5495 Ὥστε
340 5445 502 5498 τοῦτο
558 5449 698 5501 κατὰ
731 5451 1035 5517 σύμϐασιν·
1067 5454 1140 5516 ὡς
1168 5454 1222 5507 δὲ
1267 5455 1325 5519 ἐξ
1368 5458 1591 5528 ἀγάπης
1623 5461 1715 5511 καὶ

134 5532 329 5600 φιλίας,
361 5538 654 5606 φευκτέον·
695 5541 780 5594 ἵνα
813 5545 1074 5615 πληρωΟῇ
1120 5547 1178 5598 ἐν
1211 5547 1404 5617 τούτῳ.
1453 5551 1567 5601 Οὐκ
1598 5550 1713 5603 ἔστι

135 5622 305 5695 λέγειν
343 5632 562 5703 χαίρειν
604 5637 714 5697 τοῖς
753 5637 1030 5691 ἀσεϐέσιν.
1066 5639 1186 5691 Εἰσί
1224 5658 1368 5704 τινες
1397 5642 1506 5694 τῶν
1542 5661 1711 5712 μονα-

137 5723 386 5794 στηρίων,
441 5725 492 5779 οἳ
546 5724 670 5778 οὕτε
724 5727 889 5798 λόγῳ,
933 5729 1057 5782 οὐτε
1087 5731 1235 5802 ἔργῳ
1268 5734 1530 5805 συνῆλθον
1564 5740 1711 5806 φιδγῆ

527 5818 801 5879 Parum.
837 5824 950 5882 Gn.
986 5824 1198 5883 XCIX.
