3990 6318
580 341 718 409 1259

1781 343 1842 402 S.
1883 341 2281 402 TllEODORI
2324 341 2674 404 STUDITIE

3773 338 3908 402 tam

575 456 702 511 ltus.
773 454 1067 512 Communi
1151 453 1484 509 salutatione
1544 450 1810 507 Dominus
1869 452 2174 506 interdixit.

2282 451 2378 522 τὴν
2410 451 2689 522 σωτηρίαν
2721 448 3103 521 ποριζόμενοι·
3129 450 3222 504 καὶ
3248 450 3417 504 πάλιν
3446 450 3594 522 μετίι
3629 448 3738 521 τὴν
3777 451 3906 502 ὐπο-

573 545 948 615 Quamobrem
1004 541 1149 598 istud
1203 557 1272 596 ex
1319 541 1616 597 occasione
1665 539 1802 595 ﬁat:
1832 550 1893 595 ut
1939 555 2072 596 vero
2105 558 2173 596 ex

576 639 839 697 amicitia:
871 653 934 692 ac
987 635 1379 692 benevolentia:
1412 635 1838 708 signiﬁcatione,
1893 636 2176 690 declinan-

574 734 707 790 dum
743 751 758 789 :
799 741 858 786 ut
883 731 964 786 sic
987 728 1134 785 istud
1172 728 1469 798 impleatur
1496 748 1509 783 :
1544 727 1706 784 Nefas
1733 739 1819 784 est
1849 729 2034 784 dicere
2063 732 2177 785 Am

574 827 762 898 impiis
789 826 855 879 ⁸⁸.
917 822 1058 878 Sunt
1092 824 1315 894 quidem
1358 838 1389 878 e
1424 823 1825 877 monachorum
1876 834 2020 880 rmtu
2079 823 2174 894 qui

574 935 755 991 neque
783 919 950 975 verbo
990 933 1171 988 neque
1201 932 1366 988 opere
1405 927 1830 983 consenserunt,
1865 918 1989 986 fuga
2026 918 2177 972 salu-

575 1027 683 1071 tem
735 1013 1018 1070 consecuti
1057 1031 1070 1068 :
1106 1028 1440 1083 rursumque
1503 1022 1627 1081 post
1683 1013 2050 1067 secessionem
2106 1012 2176 1066 ab

573 1087 762 1179 impiis
815 1123 876 1163 se
934 1107 1282 1162 subtraxere.
1326 1105 1493 1159 Recte
1535 1106 1720 1160 habet.
1772 1106 1828 1158 Si
1882 1115 2074 1158 autent-
2107 1107 2175 1158 alt

571 1201 757 1272 impiis
788 1215 945 1256 sacra
976 1210 1197 1271 peracta
1228 1201 1338 1253 sint
1369 1199 1423 1252 in
1471 1197 1710 1252 Ecclesia
1773 1202 1956 1270 aliqua
2008 1199 2174 1254 semel

571 1297 858 1361 duntaxat,
901 1296 955 1350 in
986 1310 1107 1349 eam
1150 1293 1361 1364 ingredi
1399 1303 1654 1363 poterunt
1685 1293 1832 1348 solas
1903 1291 2175 1363 peractttri

572 1404 765 1461 preces
799 1406 814 1446 :
851 1389 896 1443 si
926 1405 1055 1442 vero
1083 1388 1307 1457 sarpius,
1340 1387 1599 1441 secedant
1630 1387 1698 1440 ab
1723 1404 1786 1440 ea
1838 1387 2172 1456 longissime.

575 1479 882 1535 Saeculares
905 1480 1126 1549 quidam
1158 1495 1223 1533 ae
1250 1479 1504 1533 monachi
1526 1479 1863 1548 impietatem
1885 1478 2177 1532 vehemen-

575 1581 661 1626 ter
717 1571 1064 1625 detestantur
1119 1585 1185 1624 ae
1243 1569 1462 1636 lugent:
1495 1578 1717 1637 propter
1752 1569 1934 1622 minas
1991 1579 2174 1623 autem

578 1663 896 1734 impiorum,
932 1662 998 1715 ad
1028 1677 1217 1714 eorum
1255 1676 1315 1715 se
1355 1661 1800 1714 communionem
1846 1661 2174 1729 adjungunt.

580 1757 653 1811 ita
682 1771 779 1811 eos
806 1757 948 1810 allici
975 1771 1136 1824 posse
1167 1754 1440 1818 arbitrati,
1475 1770 1666 1823 preces
1703 1766 1886 1808 autem
1921 1756 2034 1809 ﬁeri
2075 1772 2175 1824 pro

576 1847 714 1917 ipsis
747 1862 778 1901 a
809 1848 966 1900 nobis
1003 1847 1318 1915 elllagitant.
1354 1845 1434 1898 Au
1469 1846 1592 1899 licet
1620 1847 1706 1899 his
1739 1846 1926 1900 divina
1971 1860 2174 1917 myste-
2210 1831 2248 1884 Β

577 1939 658 1993 ria
695 1939 956 2009 impertiri
982 1939 1006 1992 ?
1035 1939 1226 1992 l'reces
1255 1938 1470 2006 quidem
1507 1953 1761 2008 peragere
1806 1939 1950 2000 licet,
1975 1940 2176 2007 imper-

580 2031 670 2086 tiri
708 2046 838 2088 vero
871 2016 1026 2086 saera
1076 2046 1181 2084 non
1241 2030 1385 2087 licet.
1421 2031 1682 2100 quidquid
1737 2030 1813 2084 illi
1857 2032 2046 2086 dicant
2081 2043 2178 2087 aut

576 2134 762 2198 agant.
795 2123 850 2178 Si
884 2140 1042 2180 secus
1069 2128 1210 2178 viam
1240 2125 1511 2192 publicam
1559 2139 1752 2179 cruces
1784 2125 1816 2178 ii
1845 2129 2167 2190 statuerim,

577 2233 650 2274 an
693 2226 823 2273 sunt
883 2217 1178 2271 adorandae
1212 2217 1404 2270 ?Nihil
1462 2227 1624 2270 vetat.
1673 2219 1753 2271 An
1797 2221 1921 2272 licet
1978 2220 2172 2274 horum

577 2309 886 2365 oblationes
925 2309 1305 2363 consecrare?
1337 2307 1581 2362 Minime.
1615 2307 1740 2362 Haec
1773 2311 1939 2380 igitur
1966 2327 2064 2379 pro
2109 2328 2174 2367 eo

579 2416 654 2457 ac
683 2400 955 2456 Dominus
982 2401 1036 2456 in
1070 2410 1308 2455 mentem
1340 2401 1547 2470 injecit,
1581 2401 1779 2455 el0euti
1803 2419 1996 2458 sumus
2025 2423 2038 2458 :
2067 2420 2172 2458 non

579 2499 741 2567 quasi
769 2497 1083 2550 saueientes
1116 2495 1286 2565 legem
1315 2513 1328 2548 :
1363 2510 1541 2564 neque
1592 2501 1737 2549 enim
1777 2513 1842 2551 ex
1868 2498 2173 2553 autistitunt

582 2609 816 2649 numero
860 2609 1076 2660 sumus,
1127 2609 1298 2665 penes
1332 2609 1475 2665 quos
1507 2604 1755 2664 potestas
1787 2604 1870 2650 est
1902 2596 2174 2651 condendi

583 2701 826 2742 canones
859 2686 997 2751 ;sed
1051 2687 1343 2742 consilium
1373 2690 1589 2750 dantes,
1624 2689 1883 2758 quoniam
1928 2689 2174 2758 ejusdem

585 2781 868 2836 vobiscum
911 2781 1121 2837 ordinis
1147 2797 1340 2837 sumus
1371 2799 1384 2835 :
1417 2795 1483 2835 ac
1513 2789 1800 2850 pr0pterea
1848 2781 1997 2850 quod
2023 2783 2057 2834 ii
2081 2781 2178 2835 de-

587 2881 719 2928 sunt
744 2875 836 2944 qui
870 2884 1114 2930 statuere
1163 2891 1381 2929 summo
1405 2875 1532 2944 jure
1577 2873 1832 2939 debeant,
1865 2875 1972 2930 huc
2003 2891 2033 2929 a
2075 2891 2174 2928 vo-

585 2965 890 3022 bis-coacti
942 2967 1352 3023 descendimus.
1385 2966 1496 3023 Vos
1527 2983 1660 3023 vero
1681 3009 1696 3033 ,
1725 2969 1916 3024 Patres
1943 2971 2179 3024 sanctis-

589 3058 738 3125 simi,
764 3061 981 3114 veniam
1043 3061 1190 3124 date,
1221 3061 1266 3114 si
1324 3060 1457 3131 quid
1516 3061 1569 3114 in
1605 3061 1880 3130 praedictis
1903 3060 2178 3130 ‘displicct.

591 3148 960 3222 Praeterquam
995 3154 1140 3224 quod
1173 3153 1418 3208 medicus
1469 3161 1583 3208 tum
1620 3153 1789 3208 animi
1823 3162 1934 3208 tum
1981 3168 2180 3223 corpo-

2278 544 2525 616 χώρησιν
2551 544 2661 596 τῶν
2684 542 2899 596 ἀσεϐῶν
2929 543 3495 614 ἀνθυποστρὲφοντες.
3533 539 3614 596 Εὖ
3651 544 3723 596 ἂν
3764 543 3902 612 ἔχοι.

2279 637 2340 690 Ei
2374 637 2431 690 δὲ
2466 637 2561 689 καὶ
2595 635 2986 706 ὲλειτουργήθη
3040 638 3073 707 ἡ
3113 637 3413 710 Ἐκκλησία
3448 637 3560 690 ὑπὸ
3599 638 3722 690 τῶν
3769 640 3903 691 ἀσε-

2279 731 2412 792 ϐῶν,
2451 730 2500 781 εἰ
2534 729 2609 800 μὴ
2652 727 2830 793 ἅπαξ·
2868 729 3160 782 εἰσίτωσαν
3192 729 3580 795 ἐπιτελοῦντες
3637 734 3702 784 ἐν
3760 734 3902 800 αἰτῇ

2277 825 2376 886 τὰς
2408 821 2718 892 προσευχὰς
2756 821 2951 890 μόνον·
2991 823 3038 872 εἰ
3079 821 3136 873 δὲ
3166 821 3449 886 πολλάκις,
3487 825 3901 895 ὑποχωρεέτω-

2281 932 2378 968 σαν
2406 913 2611 984 ταύτης
2647 915 2856 986 πόρρω.
2887 914 3156 983 Κοσμικοί
3179 915 3322 978 τινές
3351 917 3495 969 εἰσιν
3524 919 3558 988 ἦ
3589 921 3694 970 καὶ
3729 936 3905 987 μονα-

2280 1009 2385 1079 χοὶ,
2421 1007 2665 1078 σφοδρῶς
2697 1007 3117 1076 μυσαττῦμενοι,
3155 1006 3186 1075 ἢ
3215 1007 3308 1059 καὶ
3345 1009 3778 1080 ἀποδυρόμενοι
3806 1013 3900 1074 τὴν

2279 1101 2536 1156 ἀσέϐειαν
2559 1118 2573 1133 ο
2606 1100 2694 1153 διὰ
2716 1101 2769 1152 δὲ
2793 1100 2892 1163 τὰς
2924 1099 3154 1162 ἀπειλὰς
3185 1101 3294 1152 τῶν
3321 1101 3502 1154 ἀθέων
3538 1105 3900 1175 προσέρχει-ιο

2278 1215 2369 1249 ται
2403 1198 2468 1266 τῇ
2512 1195 2694 1249 αὐτῶν
2745 1195 3024 1266 κοινωνίᾳ,
3064 1196 3301 1263 οἰόμενοι
3333 1196 3510 1266 αὐτὴν
3548 1197 3900 1270 δηλητήριον

2279 1283 2441 1348 εἶναι,
2470 1287 2748 1342 αἰτοῦνται
2788 1288 2843 1340 δὲ
2890 1289 3058 1359 εὐχὴν
3099 1288 3239 1358 ὑπὲρ
3285 1289 3466 1342 αὐτῶν
3503 1292 3672 1358 ἡμᾶς
3717 1296 3898 1344 ποιεί-

2282 1383 2427 1434 σθαι.
2472 1382 2534 1433 Εἰ
2570 1381 2778 1445 ἔξεστιν
2807 1382 2990 1444 αὐτοῖς
3033 1380 3381 1450 μεταδιδόναι
3428 1380 3544 1434 τῶν
3577 1382 3758 1434 θεξων
3795 1401 3898 1452 μυ-

2282 1475 2523 1546 στηρίων
2553 1492 2569 1542 ;
2615 1474 2796 1544 Ιίῦχὴν
2827 1475 2925 1544 μὲν
2957 1474 3391 1539 ποιεῖσθαιὲξὸν,
3421 1474 3483 1526 οῦ
3524 1473 3640 1543 μὴν
3669 1476 3897 1539 μεταδι-

2277 1570 2447 1633 δόναι,
2474 1567 2575 1620 κᾶν
2617 1569 2644 1621 ὅ
2678 1586 2730 1619 τι
2764 1567 2995 1635 λέγωσιν
3029 1567 3062 1637 ἢ
3109 1568 3411 1636 πράττωσι.
3446 1568 3752 1637 Σταυροῦς
3806 1568 3896 1620 ἐὰν

2281 1659 2468 1712 ἱστῶσι
2499 1660 2639 1710 κατὰ
2674 1659 2772 1721 τὰς
2808 1658 3138 1727 λεωφόρους,
3174 1660 3221 1710 εἰ
3263 1659 3344 1710 δεῖ
3398 1665 3788 1728 προσκυνεῖνς
3821 1661 3893 1712 υἰι

2281 1751 2575 1805 κωλυτέον.
2610 1751 2669 1802 Εἰ
2692 1751 2773 1803 δεῖ
2795 1751 2902 1803 τῶν
2929 1751 3184 1803 τοιούτων
3214 1753 3311 1811 τὰς
3351 1753 3687 1819 προσφορὰς
3723 1769 3895 1820 :90:-

2281 1843 2565 1913 κομίζεινς
2599 1842 2886 1910 Οὐδαμῶς.
2925 1843 3110 1895 Ταῦτα
3156 1839 3247 1895 οὗν
3291 1843 3364 1904 ὼς
3413 1846 3442 1896 ὁ
3481 1843 3705 1912 Κύριος
3754 1845 3892 1896 κατᾶ

2279 1935 2406 1988 νοῦν
2436 1937 2716 2004 ἐπήγαγεν
2743 1937 2894 2004 ἡμῖν,
2925 1935 3336 2003 ἐφθεγξάμεθα·
3371 1937 3434 1988 οὐ
3465 1937 3889 2004 νομοθετικῶςο

2279 2031 2426 2088 ἐπεὶ,
2449 2029 2584 2098 μηδέ
2627 2033 2795 2098 ἐσμεν
2840 2029 2948 2081 τῶν
2986 2028 3420 2100 ἱεραρχούντων·
3459 2030 3653 2081 αὐτῶν
3688 2032 3804 2099 γὰρ
3836 2029 3891 2080 τὸ

2279 2121 2488 2174 τυποῦν
2555 2121 2899 2184 κανονικώς’
2973 2121 3110 2174 ἀλλὰ
3165 2121 3698 2187 συμϐουλειδτικώς,

2279 2215 2447 2284 ἐσμεν
2473 2213 2600 2282 ὑμῖν
2627 2215 2916 2282 ὀμοταγεῖς
2941 2215 3036 2266 καὶ
3063 2215 3250 2284 ἐπειδὴ
3277 2216 3334 2281 ἐξ
3364 2216 3612 2284 ἀπορίας
3638 2215 3754 2266 τῶν
3785 2217 3890 2284 ἱερ-

2278 2305 2523 2376 αρχικὼς
2582 2306 2906 2374 ὀφειλόντων
2941 2307 3228 2360 τυπῶσαι·
3288 2308 3753 2376 ἀναγκασθέντες
3798 2309 3888 2377 ἀφ’

2280 2400 2434 2468 ὑμῶν
2482 2398 2824 2469 ἐληλύθαμεν
2864 2401 2945 2463 εἰς
2988 2397 3168 2452 τοῦτο.
3214 2399 3404 2468 Ὑμεῖς
3450 2401 3533 2460 δὲ,
3583 2402 3887 2470 ἁγιώτατοι

2279 2492 2544 2560 Πατέρες,
2587 2493 2888 2560 σύγγνωτε,
2924 2492 2978 2544 εἴ
3015 2493 3068 2544 τί
3103 2495 3251 2546 ἐστιν
3296 2495 3620 2562 ἀπαρέσκον
3655 2495 3792 2563 ὑμῖν
3832 2498 3886 2546 ἐν

2277 2586 2392 2646 τοῖς
2427 2586 2759 2654 εἰρημένοις.
2799 2586 2945 2653 Πλὴν
2985 2586 3066 2637 ὅτι
3112 2586 3140 2638 ὁ
3193 2586 3369 2655 ἰατρὸς
3415 2587 3513 2638 καὶ
3567 2587 3759 2654 ψυχῆς
3794 2587 3887 2638 καὶ

2283 2674 2557 2746 σώματος,
2600 2679 2697 2731 καὶ
2729 2676 3027 2747 προσώπου
3061 2678 3342 2746 ποιότητα,
3379 2679 3475 2730 καὶ
3518 2677 3726 2746 καιροῦ
3765 2679 3886 2730 ἰδιό-

2279 2781 2439 2836 τητα,
2471 2767 2587 2832 ἕξιν
2612 2783 2671 2819 τε
2714 2767 2807 2820 καὶ
2852 2766 3044 2828 πάθος,
3071 2767 3300 2834 δύναμίν
3344 2783 3404 2818 τε
3441 2767 3537 2819 καὶ
3582 2769 3883 2835 ἀδράνειαν

2281 2856 2604 2926 ὲπιτηροίηο
2639 2858 2733 2909 καὶ
2767 2855 2910 2910 οὕτω
2957 2856 3304 2927 φαρμακεύοι
3337 2857 3435 2908 καὶ
3476 2858 3633 2909 ἰᾶται
3657 2875 3673 2888 ·
3712 2859 3884 2913 ἐλλεί-

2281 2946 2409 3016 ψεσι
2461 2948 2558 3000 καὶ⁸
2620 2947 2962 3018 προσθήκαις
3013 2944 3329 3016 χρώμενος’
3385 2947 3423 3000 ἃ
3479 2948 3541 2999 ἐν
3594 2948 3883 3019 κεφαλαίῳ

2283 3061 2603 3133 περιλαϐεῖν
2631 3062 2729 3131 οὐχ
2766 3057 2878 3115 οἷόν
2910 3079 2970 3114 τε
3008 3062 3335 3125 κανονικῶς’
3375 3062 3451 3126 ὡς
3498 3065 3598 3116 καὶ
3644 3066 3806 3119 αὐτοὶ
3832 3067 3880 3119 οἱ

2283 3157 2432 3224 ἆγιοι
2463 3154 2608 3208 Πατέ
2617 3171 2706 3226 ρες
2738 3154 2894 3224 ἡμῶν
2917 3154 3206 3224 ὡρίσαντο.

587 3244 688 3310 ris,
717 3255 772 3299 et
799 3257 1050 3314 personae
1114 3246 1457 3316 qualitatem,
1521 3257 1577 3301 et
1640 3247 1902 3315 temporis
1959 3246 2449 3317 opportunitatem,
2500 3248 2768 3312 habitum,
2829 3245 3081 3310 all'eetus,
3130 3248 3298 3311 vires,
3329 3248 3881 3319 imbecillitatemque

587 3339 992 3407 contemplatur
1027 3357 1042 3392 :
1075 3348 1129 3393 et
1162 3339 1242 3394 sic
1273 3340 1514 3394 remedia
1549 3340 1772 3396 conﬁcit
1800 3340 2166 3411 adhibetque:
2209 3343 2589 3396 medicamenti
2631 3342 2853 3395 modum
2925 3356 3070 3395 nunc
3108 3356 3339 3410 augens,
3388 3359 3540 3397 nunc
3575 3346 3878 3398 minuens:

587 3441 711 3496 quae
769 3444 881 3482 uno
937 3429 1118 3499 capite
1149 3445 1214 3484 ac
1244 3446 1445 3502 genere
1500 3432 1891 3502 comprehendi
1918 3435 2022 3490 rite
2061 3449 2171 3490 non
2212 3443 2443 3505 possunt.
2475 3453 2488 3488 :
2521 3433 2982 3504 quemadmodum
3016 3433 3120 3502 ipsi
3179 3449 3402 3504 quoque
3435 3439 3619 3490 sancti
3686 3437 3870 3493 Patres

585 3517 763 3573 nostri
793 3517 1150 3575 deﬁnierunt.

1081 3635 1145 3690 L.
1176 3665 1247 3676 —
1275 3633 1516 3690 Luciano
1554 3633 1690 3704 ﬁlio.

2675 3632 2760 3689 N'.
2794 3664 2862 3676 -—
2892 3634 3202 3702 Λουκιανῷ
3235 3636 3446 3705 τέκνῳ.
3487 3636 3672 3713 [τνδ’.]

1333 3746 1612 3809 Ρωοίιειιιὶ
1633 3745 1998 3798 absolutionem
2033 3749 2336 3813 impertitur.
2376 3751 2578 3813 (Baron.
2613 3763 2693 3799 an.
2727 3749 2838 3809 816,
2869 3763 2920 3798 ιι.
2957 3749 3056 3810 19.)

659 3849 806 3909 Deus
832 3864 1023 3910 noster
1056 3857 1301 3926 optimus
1324 3897 1340 3922 ,
1371 3871 1497 3912 cum
1529 3856 1785 3912 humanae
1809 3867 2019 3913 natura:
2075 3859 2182 3912 im-

587 3943 942 4002 becillitatem
999 3948 1240 4011 noverit,
1281 3947 1513 4017 ﬁerique
1552 3947 1827 4003 interdum
1863 3957 1943 4013 ut,
1981 3965 2182 4019 quam-

590 4035 677 4092 vis
705 4035 978 4092 inoﬂ‘enso
1002 4037 1139 4107 pede
1170 4037 1383 4108 ingredi
1404 4039 1605 4109 aliquis
1621 4040 1892 4104 videatur,
1925 4042 1971 4096 is
2000 4054 2179 4096 tamen

593 4128 644 4182 si
676 4129 917 4183 remittat
950 4128 1258 4197 paululum,
1293 4144 1405 4199 quo
1449 4131 1626 4185 nescit
1661 4133 1826 4186 modo
1854 4133 2177 4202 dejiciatur:

593 4218 794 4288 insigni
821 4219 1162 4288 benignitate
1190 4221 1570 4289 paenitentiam
1603 4221 1754 4275 dedit
1789 4263 1804 4287 ,
1835 4237 1958 4292 qua:
1997 4223 2180 4276 homi-

593 4323 720 4363 nem
756 4323 787 4363 a
859 4307 1016 4377 lapsu
1070 4317 1338 4374 revocet,
1385 4309 1744 4378 restituatque
1790 4309 1843 4361 in
1883 4309 2178 4377 integrum,

591 4399 1047 4470 Quandoquidem
1087 4400 1253 4470 igitur
1283 4409 1336 4455 ct
1379 4400 1518 4470 ipSe,
1553 4399 1724 4454 frater
1780 4400 1879 4466 mi,
1928 4402 2183 4454 similiter

593 4492 874 4548 otIendisti
904 4533 919 4558 ,
952 4507 1018 4546 ac
1049 4492 1342 4547 laudabilis
1392 4491 1730 4562 pcenitentia:
1761 4501 1976 4561 tempus
2002 4493 2183 4562 exple-

592 4585 663 4640 sti
696 4600 712 4648 ;
751 4583 954 4638 acerbo
989 4584 1156 4637 animi
1188 4583 1398 4645 dolore,
1431 4581 1782 4653 profusisque
1813 4583 2067 4655 Iacrymis
2125 4593 2182 4637 tit

589 4676 799 4745 accepi,
828 4681 1057 4728 exorato
1081 4672 1191 4729 Deo
1215 4691 1230 4739 ;
1274 4689 1422 4728 nunc
1450 4688 1579 4727 vero
1607 4672 2003 4728 absolutionem
2035 4674 2182 4727 ema-

590 4769 881 4840 gitas:(l)
942 4765 1410 4840 quemadmodum
1452 4775 1507 4820 et
1557 4767 1626 4818 ab
1670 4780 1958 4820 teconomo
2005 4776 2060 4819 et
2112 4767 2180 4821 alt

591 4865 867 4918 (Bconomi
899 4864 1107 4918 vicario
1132 4859 1506 4927 signiﬁcatum
1537 4857 1671 4911 mihi
1700 4867 1782 4912 est
1811 4874 1823 4910 :
1853 4858 1991 4911 hanc
2016 4860 2181 4912 habe-

587 4965 648 5008 to
686 4971 716 5010 a
747 4955 999 5020 Domino,
1050 4964 1105 5010 et
1150 4953 1281 5019 eris,
1337 4951 1412 5005 [ili
1458 4951 1551 5015 mi,
1577 4951 1645 5004 ab
1681 4951 1944 5006 hodierno
1971 4953 2058 5006 die
2092 4969 2180 5005 sa-

588 5061 720 5110 nus,
760 5053 816 5101 in
839 5047 1062 5103 Christo
1093 5046 1361 5116 gaudens,
1394 5049 1449 5096 et
1477 5041 1532 5094 in
1565 5042 1682 5110 ipso
1716 5058 1978 5112 prospere
2009 5046 2176 5097 vitam

2371 3859 2428 3913 Ὀ
2478 3860 2684 3929 ἀγαθὸς
2733 3859 2890 3929 ἡμῶν
2919 3856 3070 3920 Θεὸς,
3105 3857 3260 3921 εἰδὼς
3287 3859 3349 3911 τὸ
3377 3859 3480 3929 τῆς
3522 3861 3873 3934 ἀνθρωπίνης

2285 3950 2502 4019 φύσεως
2534 3949 2832 4011 εὐόλισθον,
2861 3949 2952 4002 καὶ
2981 3949 3060 4000 ὅτι
3098 3949 3147 3999 εί
3173 3950 3269 4000 καὶ
3296 3948 3448 4000 δοκεῖ
3473 3968 3559 4014 τις
3592 3954 3869 4021 κατορθῶν

2284 4039 2640 4110 πορεύεσθαι,
2677 4041 2750 4103 ὡς
2779 4043 2878 4092 οὐκ
2907 4035 3014 4092 οἶδε
3046 4039 3240 4108 μικρὸν
3276 4040 3609 4110 ρᾳθυμήσας
3644 4046 3871 4100 ὑποσκε-

2283 4130 2525 4194 λίζεταιο
2584 4130 2980 4200 φιλανθρώπως
3043 4131 3356 4201 ἐδωρήσατο
3399 4134 3502 4201 τὴν
3557 4137 3865 4202 μετάνοιαν,

2284 4221 2736 4291 ἀνακαλουμένην
2768 4223 2855 4273 τὸν
2893 4222 3178 4293 ἄνθρωπον
3208 4223 3305 4291 τῆς
3337 4225 3630 4288 πτώσεως,
3673 4232 3762 4282 καὶ
3795 4231 3865 4291 εἰς

2283 4317 2343 4368 τὸ
2375 4317 2526 4384 ὑγιὲς
2553 4316 3028 4370 ἀποκαθιστῶσαν.
3066 4317 3216 4368 Ἐπεὶ
3248 4313 3343 4370 οῦν
3375 4320 3468 4370 καὶ
3505 4321 3694 4384 αὐτὸς,
3727 4323 3867 4374 ἀδελ-

2285 4411 2351 4478 φέ
2389 4429 2512 4477 μου,
2552 4409 2824 4469 πέπονθας
2857 4409 2884 4461 ὃ
2918 4408 3209 4470 πέπονθας,
3250 4411 3345 4461 καὶ
3387 4410 3479 4462 τὸν
3521 4414 3624 4480 τῆς
3665 4415 3862 4477 diem-

2283 4518 2383 4569 γου
2411 4502 2700 4571 μετανοίας
2726 4500 2916 4571 καιρὸν
2952 4501 3338 4570 πεπλήρωκας,
3375 4501 3550 4573 πολλῇ
3579 4505 3861 4568 κατανύξει

2283 4595 2381 4648 καὶ
2409 4594 2684 4657 πλείστοις
2709 4595 2991 4666 δάκρυσιν,
3023 4592 3098 4656 ὼς
3129 4593 3366 4662 ἀκήκοα.
3392 4593 3470 4656 ὡς
3498 4595 3831 4664 ὲξιλεωσάξλε

2283 4705 2372 4751 νος
2395 4688 2486 4739 τον
2513 4687 2645 4739 Θεόν
2663 4704 2674 4716 ·
2709 4687 3024 4757 ὲπιζητοίης
3055 4685 3114 4737 δὲ
3141 4686 3265 4756 ἄρτι
3291 4684 3446 4736 λύσιν
3472 4703 3487 4716 ο
3515 4685 3663 4739 καθὰ
3691 4687 3776 4740 δια
3809 4706 3860 4739 τι

2282 4778 2376 4831 τοῦ
2422 4779 2708 4847 οἰκονόμου
2754 4779 2846 4830 καὶ
2891 4776 2982 4831 τοῦ
3019 4776 3423 4848 παροικονόμου
3467 4771 3718 4847 ἐδηλώθη
3759 4797 3856 4847 μοι.

2282 4870 2383 4942 Eii;
2417 4889 2498 4924 σοι
2523 4871 2662 4940 αῦτη
2696 4871 2839 4942 παρᾶ
2870 4869 3075 4936 Κυρίου
3099 4886 3111 4898 ·
3139 4868 3234 4921 καὶ
3262 4868 3358 4938 ἔσῃ
3395 4868 3661 4935 ὑγιαίνων
3692 4871 3756 4921 ἐκ
3777 4868 3856 4920 τοῦ

2280 4961 2462 5032 δεῦρο,
2511 4963 2594 5014 υἱέ
2643 4980 2767 5032 μου,
2821 4963 2914 5015 καὶ
2958 4962 3163 5032 χαίρων
3212 4963 3271 5013 ἐν
3313 4961 3564 5030 Χριστῷ,
3600 4965 3696 5012 καὶ
3742 4979 3856 5014 κατ-

2282 5053 2640 5124 ευοδούμενος
2683 5058 2740 5107 ἐν
2793 5054 2983 5124 αὐτῷ’
3045 5054 3242 5122 μηκέτι
3300 5053 3649 5121 συμπίπτειν
3699 5055 3854 5114 διδους

591 5155 778 5209 agons,
808 5150 865 5195 ut
903 5158 970 5195 ne
1001 5122 1231 5210 posthac
1259 5136 1483 5193 decidas
1513 5133 1748 5204 obligata
1784 5135 2016 5190 Domino
2047 5137 2172 5200 ﬁde,

2282 5122 2488 5212 ἐγγύας
2522 5145 2601 5216 τῷ
2644 5122 2925 5218 Δεσπότῃ,
2949 5143 3083 5196 ἀλλὰ
3113 5144 3370 5212 θνήσκειν
3407 5144 3554 5214 ὑπὲρ
3587 5145 3768 5208 αὑτοῦ,
3790 5145 3854 5207 ὡς

591 5233 684 5286 sed
711 5247 810 5301 pro
844 5233 963 5302 ipso
997 5245 1226 5287 mortem
1255 5231 1446 5293 obeas,
1479 5227 1938 5297 quemadmodum
1975 5239 2028 5282 et
2063 5231 2177 5298 ipse

589 5337 691 5394 pro
739 5333 792 5379 te
846 5324 1089 5394 pertulit.
1141 5327 1312 5378 Antea
1368 5322 1530 5392 igitur
1559 5337 1655 5391 per
1689 5321 1896 5375 litteras
1939 5321 2170 5388 cjulans,

589 5412 850 5484 indignus
873 5416 1018 5482 licet,
1038 5417 1120 5471 sic
1147 5423 1198 5470 te
1219 5413 1616 5484 compellabam
1645 5429 1659 5466 :
1680 5412 1872 5478 Adam,
1897 5412 1985 5466 ubi
2008 5430 2060 5468 es
2085 5413 2173 5466 "‘3

660 5525 708 5558 “
741 5527 783 5581 ll
815 5527 976 5584 Joan.
1006 5531 1096 5587 10.
1173 5528 1218 5562 ⁸⁸
1245 5528 1384 5585 Gen.
1419 5544 1502 5593 ιιι,
1533 5527 1588 5582 9.

2281 5234 2378 5285 καὶ
2435 5237 2598 5300 αὐτὸς
2637 5236 2778 5306 ὑπὲρ
2821 5234 2913 5287 σοῦ
2957 5232 3147 5286 ἔπαθε.
3197 5233 3474 5302 Πρότερον
3507 5237 3613 5305 μὲν
3642 5233 3734 5290 οῦν
3775 5237 3851 5288 διὰ

2282 5339 2315 5390 γ
2324 5325 2612 5395 ρὰμματος
2632 5329 2660 5380 ὁ
2682 5326 2894 5389 ἀνάξιος
2911 5323 3336 5395 κλαυθμυρικῶς
3360 5326 3716 5399 ἐφθεγξάμην
3732 5331 3848 5398 πρὸς

2282 5414 2343 5466 σέ
2365 5431 2381 5447 ο
2414 5416 2606 5487 Ἀδὰμ,
2631 5415 2750 5469 ποῦ
2773 5411 2862 5478 εἷς
2885 5416 2983 5486 τὴν
3011 5415 3160 5468 θείαν
3183 5416 3368 5487 φωνὴν
3389 5417 3645 5474 ὑπειπών
3666 5439 3679 5454 ο
3702 5422 3782 5475 διὰ
3799 5419 3847 5471 τὸ

2105 5619 2341 5677 NOT/E.

667 5734 746 5805 (1)
782 5734 935 5817 lianc
959 5737 1388 5817 absolutiﬂonem,
1423 5735 1650 5817 minime
1691 5738 2149 5817 sacramentalem
2185 5739 2419 5808 explicat.
2459 5738 2619 5795 Joan.
2655 5735 2937 5807 Jejunator
2977 5739 3029 5796 in
3067 5739 3252 5798 libello
3302 5740 3678 5803 Ρωηίιεηιίαίὶ
3714 5744 3835 5817 apud

589 5803 754 5863 Joan'.
789 5806 1062 5860 Morinum
1099 5809 1149 5860 in
1173 5805 1572 5860 Commentario
1599 5805 1662 5858 de
1700 5805 2040 5862 Pwnitentia.
