3990 6318
31 476 33 478 _
73 400 220 466 1261

1277 392 1814 454 EPISTOLARUM
1861 391 2007 451 LIB.
2068 390 2149 450 II-

3222 388 3356 451 126?.

18 547 20 549 ›
71 513 134 578 ἐξ
169 511 384 581 ὑψηλοῦ
418 529 477 565 σε
511 511 624 582 βίον
650 510 815 566 οἱονεὶ
847 509 1278 581 παραδεισιακοῦ
1309 506 1666 562 ἐκπεπτωκέ-

1793 507 1869 562 )ei
1900 521 2088 560 vocem
2135 505 2441 571 inculcans,
2472 506 2619 575 quod
2657 521 2724 560 ex
2763 504 2980 559 sublimi
3014 505 3132 557 vitae
3164 520 3358 572 genere

21 665 24 668 ι
70 619 197 656 ναι.
231 601 348 654 Νῦν
377 602 436 655 δὲ
472 604 772 666 ἀναγκαῖον
814 600 1193 668 ἀποτολμῆσαί
1227 617 1293 669 με
1337 598 1428 651 τὸν
1470 595 1675 650 τάλανα

1776 610 2037 670 tanquam
2056 614 2122 652 ex
2150 599 2404 668 paradiso
2426 600 2751 654 excidisses.
2784 596 2938 652 Nunc
2971 612 3100 650 vero
3135 611 3359 651 necesse

70 692 179 746 καὶ
198 693 399 746 εἰπεῖν’
428 694 633 765 Εἰρήνη
658 711 762 759 σοι,
786 691 1016 756 ἀνάστα,
1040 691 1273 761 Χριστὸς
1295 688 1527 743 κελεύει·
1550 686 1675 758 ζῆθι

1793 700 1854 746 :st
1910 691 2170 745 miserum
2229 704 2318 743 me
2372 689 2631 743 audacter
2671 704 2735 743 ac
2776 688 2946 741 libere
2979 687 3162 742 dicere
3197 704 3210 740 :
3247 683 3358 741 Pax

71 784 162 847 εἰς
186 783 389 838 αἰῶνα.

299 898 432 954 NA’.
455 927 524 940 —
551 897 866 965 Ἀλϐενέλιᾳ
901 898 1416 969 πρωτοσπαθαρίᾳ.
1495 893 1673 968 [τνζᾌ]

1777 781 1875 836 tibi
1909 800 1921 835 :
1950 795 2210 851 exsurge,
2239 779 2492 834 Christus
2517 779 2672 849 jubet
2702 797 2715 833 :
2748 779 2804 834 in
2840 786 3109 833 mtemum
3139 778 3288 833 vive.

2060 891 2145 949 LI.
2171 923 2238 935 -—
2268 892 2540 946 Albenecw
2585 892 3043 962 protospathariae.

689 1029 1001 1081 Renuntiare
1036 1031 1219 1081 saeculo
1241 1036 1530 1094 cupientem
1550 1030 1698 1078 docet
1717 1042 1816 1091 quo
1844 1034 1988 1090 pacto
2008 1029 2058 1078 id
2082 1028 2349 1092 impetrare
2371 1043 2398 1077 a
2419 1029 2593 1078 marito
2615 1029 2788 1090 possit.

167 1158 412 1222 Ἐξένισέ
439 1175 508 1229 με
531 1158 593 1213 τὸ
618 1160 858 1232 γράμμα.
886 1159 1292 1228 τῆςιεὺγενείας
1317 1176 1411 1210 σου
1441 1159 1540 1211 οὐκ
1565 1157 1675 1209 ὀλί-

80 1267 213 1318 γον·
251 1248 399 1302 οὕτω
434 1250 531 1320 μὲν
583 1251 646 1304 ἐκ
691 1250 943 1319 φιλοθέου
989 1250 1216 1320 καρδίας
1265 1248 1669 1318 ὑπαγορευθέν·

82 1341 235 1395 οὕτω
272 1342 330 1394 δὲ
379 1342 485 1395 ὑπὸ
540 1341 1011 1413 συντετριμμένης
1057 1341 1153 1392 καὶ
1202 1339 1677 1408 τεταπεινωμένης

81 1433 390 1496 διαθέσεως
423 1433 663 1504 πραχθέν
683 1449 696 1462 ·
728 1432 869 1485 ὥστε
904 1433 986 1495 δὶς
1017 1433 1108 1484 ἐπὶ
1132 1431 1193 1483 τὸ
1217 1431 1348 1484 αὐτὸ
1377 1431 1679 1498 ἀναγνόντα

89 1544 159 1596 με
196 1526 497 1592 ἐπιλέγειν.
526 1525 622 1587 Τίς
646 1525 740 1576 καλ⁸
768 1525 928 1577 ὁποία
956 1523 1051 1576 καὶ
1073 1523 1230 1593 ἡλίκη
1267 1524 1300 1592 ἠ
1339 1523 1484 1593 ψυχὴ
1520 1523 1682 1592 αῦτη,

91 1620 120 1687 ἡ
166 1616 347 1669 ταῦτα
405 1614 751 1686 φθεγγομένη
802 1615 939 1686 πρός
970 1632 1037 1686 με
1063 1618 1155 1668 τὸν
1187 1616 1570 1687 ταλαίπωρον;
1607 1617 1685 1680 ὡς

86 1708 146 1760 δὲ
221 1709 320 1761 καὶ
374 1708 526 1776 παρὰ
581 1707 677 1760 τοῦ
739 1707 1216 1778 γραμματηφόρου
1264 1710 1537 1780 ἀνηγγέλη
1594 1727 1683 1778 μοι

87 1802 238 1875 ἅπερ
308 1800 460 1871 ζώσῃ
522 1802 672 1869 φωνῇ
738 1800 980 1869 παρέθου
1034 1799 1184 1869 αὐτῷ
1240 1802 1512 1866 ἐξειπεῖν·
1561 1803 1684 1856 τότε

87 1894 188 1946 καὶ
256 1892 461 1962 μᾶλλον
499 1890 748 1961 ἠγάσθην
794 1890 938 1954 λίαν,
983 1892 1079 1943 καὶ
1127 1891 1353 1954 ἐδόξασα
1399 1892 1491 1944 τὸν
1547 1894 1682 1960 ἀγα-

1845 1159 1933 1212 Me
1958 1158 2148 1212 litterae
2189 1156 2494 1211 nobilitatis
2511 1166 2616 1209 tuae
2644 1153 2787 1209 haud
2813 1154 3159 1208 mediocriter
3175 1169 3364 1223 percu-

1778 1249 1892 1304 lere
1925 1267 1937 1303 :
1972 1258 2101 1304 sunt
2138 1251 2286 1303 enim
2325 1259 2434 1302 tam
2469 1248 2729 1317 religioso
2778 1247 2947 1300 animi
2981 1246 3176 1300 aliectu
3202 1247 3368 1301 dicta-

1779 1351 1871 1408 tze,
1899 1351 2010 1396 tam
2062 1341 2256 1396 intimo
2288 1342 2365 1411 pii
2420 1341 2629 1396 doloris
2657 1355 2823 1396 sensu
2855 1339 3139 1404 confectae,
3173 1348 3233 1394 ut
3269 1341 3367 1394 iis-

1781 1437 1902 1489 dem
1931 1436 2126 1490 iterum
2164 1434 2416 1504 perlectis
2446 1436 2499 1488 in
2551 1435 2698 1488 hanc
2739 1435 2975 1504 denique
3017 1441 3204 1488 vocem
3236 1450 3366 1486 ern-

1782 1527 1952 1598 perim
1989 1545 2002 1582 :
2032 1526 2164 1593 Qua:
2189 1535 2242 1580 et
2269 1527 2467 1596 qualis,
2494 1534 2548 1580 et
2570 1533 2774 1595 quanta
2812 1527 2990 1580 anima
3017 1535 3118 1589 cst,
3143 1541 3262 1594 quze
3299 1524 3367 1578 ad

1783 1635 1870 1673 me
1929 1619 2202 1673 infelicem
2263 1619 2364 1671 ista
2415 1617 2765 1688 perscribit?
2809 1616 2881 1672 Ut
2945 1633 3074 1671 vero
3118 1619 3370 1671 nuntiata

1783 1718 1914 1763 sunt
1943 1709 2076 1762 mihi
2110 1725 2140 1763 a
2169 1709 2449 1764 tabellario
2479 1725 2544 1764 ea
2577 1724 2699 1778 qua:
2731 1709 2851 1762 viva
2887 1722 3018 1761 voce
3053 1716 3111 1761 ut
3151 1722 3368 1759 mecum

1783 1802 1873 1856 ille
1910 1803 2344 1855 communicaret
2379 1800 2651 1855 mandasti
2701 1817 2715 1866 ;
2752 1809 2881 1854 tunc
2939 1813 3070 1853 vero
3113 1798 3372 1867 obstupui

1786 1896 1960 1949 multo
2001 1895 2397 1958 vehementius,
2444 1904 2499 1949 et
2527 1893 2742 1948 laudavi
2790 1891 2957 1946 Deum
2994 1901 3242 1946 nostrum
3273 1907 3372 1962 op-

89 1986 185 2038 θδν
239 1984 404 2054 ἡμῶν
456 1983 609 2048 Θεὸν,
669 1982 728 2046 ὃς
790 1983 1084 2036 ὲνέπνευσέ
1138 1999 1219 2036 σοι
1279 1984 1521 2038 τοιοῦτον
1566 1986 1681 2039 δια-

1793 1991 1979 2044 limum
2012 1987 2105 2056 qui
2139 1987 2245 2040 tale
2291 1987 2386 2040 tibi
2415 1987 2750 2056 propositqu
2786 1986 2840 2038 in
2890 1993 3128 2038 mentem
3165 1985 3370 2054 injecit,

89 2077 387 2144 λογισμὸν,
449 2074 546 2127 καὶ
603 2075 684 2136 εἰς
746 2071 906 2144 ἔργον
966 2071 1136 2142 αὐτὴν
1193 2076 1528 2143 προαγαγεῖν
1585 2077 1681 2144 ἐφ-

96 2187 138 2222 ιε
148 2171 345 2240 μένην.

163 2261 330 2327 Μέγα
352 2257 642 2328 τοιγαροῦν
670 2259 729 2310 τὸ
748 2256 909 2327 ἔργον
935 2257 963 2310 ὃ
983 2257 1351 2327 ὲπεπόθησας,
1376 2259 1562 2330 κυρία,
1587 2260 1682 2313 καὶ

92 2350 203 2401 τῶν
243 2348 600 2401 δυσανύστων
623 2364 638 2379 ·
671 2347 732 2398 οὐ
770 2348 931 2417 μόνον
960 2347 1047 2400 διὰ
1092 2348 1154 2400 τὸ
1213 2349 1417 2418 ὑψηλὸν
1463 2352 1558 2402 καὶ
1585 2351 1681 2404 οὑ-

95 2442 284 2510 ράνιον
312 2441 408 2494 τοῦ
439 2441 554 2511 βίου
594 2441 780 2509 (οὐδὲν
805 2439 914 2511 γὰρ
944 2440 1069 2494 ἄλλο
1095 2442 1128 2512 ἡ
1157 2442 1425 2512 ἀποταγὴ,
1453 2443 1484 2512 ἢ
1523 2459 1686 2496 σταυ-

101 2535 197 2604 ροῦ
233 2535 331 2586 καὶ
354 2533 587 2586 θανάτου
634 2532 938 2601 ἐπαγγελία
965 2532 1043 2602 τῷ
1102 2551 1167 2602 γε
1216 2535 1488 2605 ἀληθινῶς
1520 2538 1684 2605 μονά-

99 2645 259 2682 σαντι
285 2630 326 2694 ),
362 2627 499 2680 ἀλλὰ
528 2628 621 2680 καὶ
644 2627 732 2680 διά
759 2627 821 2679 τὸ
849 2628 1089 2682 δεδέσθαι
1118 2646 1175 2681 σε
1198 2630 1377 2700 άνδρί’
1403 2626 1571 2699 οὗπερ
1589 2631 1687 2702 οὐχ

99 2721 175 2782 ὡς
206 2721 399 2789 ἔτυχεν
431 2720 546 2772 ἐστι
582 2720 986 2790 διαζευχθῆναι,
1010 2721 1099 2774 διὰ
1126 2722 1187 2774 τὸ
1206 2722 1568 2776 θεοσὺναπτόν
1604 2741 1686 2777 σοι

107 2809 251 2866 εἶναι.
296 2813 562 2883 δηλονότι.
612 2811 708 2875 Τίς
750 2808 843 2866 οὖν
895 2813 1374 2884 ἀποσυνάψειεν,ἢ
1417 2815 1614 2886 δηλαδὴ
1659 2818 1687 2869 ὁ

116 2905 364 2972 συνάψας
387 2945 403 2968 ,
440 2905 532 2956 ἐπὶ
575 2904 797 2973 μείζονα
831 2905 1170 2975 ἠπειγμένην
1203 2906 1486 2976 προελθεῖν
1533 2907 1686 2958 πολι-

106 2996 263 3050 τείαν
294 3014 308 3061 ;
351 2999 442 3048 Δεῖ
468 2991 560 3050 οῦν
612 2996 859 3066 καθάπερ
883 2999 917 3067 η
946 2996 1174 3066 διαταγὴ
1205 2997 1299 3050 τοῦ
1339 2998 1494 3065 ἁγίου
1526 3000 1689 3050 Βασι-

103 3089 250 3142 λείου
280 3088 499 3159 πρῶτον
529 3089 596 3143 τά
627 3090 762 3158 πρὸς
789 3090 881 3140 τὸν
909 3088 1179 3158 ὁμόζυγον
1203 3085 1259 3142 εὖ
1292 3091 1593 3143 διαθέσθαι.
1623 3090 1687 3143 TE

103 3183 303 3249 τοῦτο;
370 3181 798 3252 Ἀπογυμνῶσαι
849 3182 942 3234 τὸν
974 3181 1233 3252 λογισμὸν
1266 3184 1364 3251 τῆς
1405 3184 1643 3252 ἐφέσεως
1672 3201 1685 3216 ·

106 3275 391 3340 ὑποδεῖξαι
451 3274 513 3325 τὸ
556 3272 651 3342 τοῦ
714 3272 924 3341 κόσμου
964 3273 1194 3342 μάταιον
1229 3273 1327 3324 καὶ
1364 3273 1647 3342 όνειρῶδες
1673 3290 1685 3302 ·

106 3366 181 3430 ὡς
209 3367 366 3420 οὐδὲν
404 3365 630 3435 μόνιμον
657 3366 716 3418 ὲν
732 3364 902 3434 αὐτῷ,
937 3365 1074 3418 άλλά
1106 3366 1452 3436 παρατρέχον
1485 3364 1573 3417 ἴσα
1601 3369 1693 3419 καὶ

111 3463 314 3523 σκιαῖς,
353 3458 457 3511 κᾶν
486 3459 782 3529 περιχαρὲς
828 3475 904 3522 τι,
957 3458 1060 3510 κᾶν
1102 3459 1519 3521 ἀπολαυστικὸν,
1589 3459 1693 3512 κᾶν

111 3551 430 3613 πολύολϐον,
463 3549 565 3602 κᾶν
611 3549 879 3617 ὲνήδονον,
914 3548 1014 3602 κᾶν
1077 3548 1318 3618 βασιλεία
1346 3549 1506 3619 αὐτή.
1551 3548 1694 3602 Ὠσελ⁵

112 3641 271 3704 ἄνθος
300 3642 410 3709 γάρ
432 3639 525 3692 τοῦ
540 3639 714 3706 ἀγροῦ
742 3639 920 3692 πάντα
951 3639 1274 3708 ἀφίπτατσι.
1309 3641 1416 3691 Καὶ
1442 3640 1502 3691 οὐ
1536 3639 1694 3692 τοῦτο

114 3733 277 3801 μόνον
302 3747 316 3760 ·
349 3731 488 3784 ἀλλὰ
541 3731 632 3784 καὶ
674 3732 849 3800 κρῖμα
867 3730 1242 3800 ἀπαραίτητον
1278 3732 1369 3783 ἐπὶ
1398 3731 1506 3782 τῶν
1528 3747 1692 3800 προσ-

112 3823 299 3886 παθῶς
332 3822 620 3890 ζησάντων
654 3823 712 3874 ὲν
742 3823 820 3889 τῷ
855 3821 1085 3891 παρόντι
1117 3821 1297 3884 αἰῶνι,
1328 3823 1421 3874 καὶ
1454 3822 1527 3891 μὴ
1553 3821 1695 3875 κατὰ

112 3915 210 3977 τὰς
241 3914 467 3976 ἐντολὰς
499 3912 596 3966 τοῦ
625 3912 863 3983 Χριστοῦ
890 3928 902 3943 ·
955 3915 1093 3983 ὅπερ
1139 3915 1375 3985 ἐργῶδες
1409 3915 1691 3968 ἐκτελέσαι

116 4012 170 4076 ἐν
191 4009 270 4078 τῷ
299 4006 464 4072 κοινῷ
492 4005 611 4076 βίῳ.
639 4007 824 4059 Ταῦτα
877 4007 1131 4075 λάλησον,
1159 4008 1566 4077 παρακάλεσον,
1596 4011 1692 4061 ὲκ-

117 4098 379 4165 μείλιξαι,
422 4098 499 4159 ὡς
546 4097 613 4150 ἂν
652 4099 900 4162 πείσειας
930 4099 1092 4152 αὑτὸν
1134 4099 1565 4169 συναιρήσασθαί
1608 4115 1691 4150 σοι

114 4190 203 4242 τὸν
239 4190 446 4243 σκοπὸν
467 4189 569 4260 τῆς
603 4189 908 4259 ἀποταγῆςο
950 4191 1011 4244 Τί
1045 4190 1155 4259 γὰρ
1190 4187 1379 4256 οἶδας,
1412 4193 1563 4261 φησι,
1589 4193 1692 4260 γύ-

115 4298 234 4344 ναι,
273 4285 326 4336 ei
352 4282 460 4335 τὸν
512 4281 701 4348 ἄνδρα
730 4284 998 4347 σώσεις;
1032 4285 1141 4336 Καὶ
1174 4283 1331 4337 τοῦτο
1375 4286 1466 4336 ἐπὶ
1497 4285 1691 4354 χρόνον

121 4374 320 4427 ἱκανόν.
358 4374 472 4428 Καὶ
501 4375 668 4443 εἰμὲν
702 4375 1028 4440 συνέλθοιεν,
1065 4372 1122 4429 εὖ
1143 4376 1208 4430 ἂν
1235 4376 1347 4445 ἔχοι
1370 4393 1385 4409 ο
1422 4380 1471 4428 εἰ
1507 4378 1562 4430 δὲ
1592 4378 1689 4448 μὴ,

118 4465 233 4517 τότε
259 4469 309 4518 εἰ
344 4465 604 4518 τοσοῦτον
634 4467 862 4518 ἀνάπτει
892 4484 949 4519 σε
979 4468 1007 4519 ὁ
1037 4465 1172 4518 Θεοῦ
1210 4467 1393 4529 πόθος,
1429 4468 1691 4537 πράττεις

117 4559 184 4610 τά
225 4557 459 4622 δόξαντά
503 4574 607 4621 σοι,
643 4559 736 4610 καὶ
772 4559 846 4629 μὴ
904 4558 1231 4628 βουλομένου
1273 4559 1368 4610 τοῦ
1400 4559 1686 4629 ὁμόζυγος.

1784 2079 2040 2147 idemque
2073 2087 2123 2131 te
2148 2076 2464 2146 perﬁciendi
2499 2076 2795 2146 cupiditate
2827 2074 3086 2129 incendit.

1853 2257 2108 2329 Magnum
2166 2257 2354 2328 utique
2412 2256 2671 2326 quiddam
2733 2266 2816 2311 est
2876 2257 3023 2326 quod
3075 2259 3371 2327 expetiisti,

1782 2353 2028 2414 domina,
2086 2359 2141 2404 et
2170 2352 2422 2414 arduum,
2461 2367 2568 2404 non
2623 2351 2787 2404 modo
2843 2362 3066 2421 propter
3127 2353 3373 2409 ctelestis

1785 2440 2110 2513 hujus'vita:
2152 2443 2587 2507 sublimitatem;
2627 2443 2760 2495 nihil
2795 2445 2939 2496 enim
2980 2443 3124 2498 aliud
3164 2461 3370 2499 renun-

1786 2536 1939 2590 tiatio
1998 2544 2104 2596 est,
2163 2550 2328 2604 quam
2379 2535 2564 2589 crucis
2617 2551 2681 2588 ac
2752 2537 2948 2591 mortis
3025 2537 3371 2593 denuntiatio

1786 2625 1832 2677 ei
1897 2625 1990 2694 qui
2054 2640 2178 2679 vere
2234 2626 2538 2680 monachus
2599 2627 2699 2693 sit;
2756 2641 2949 2682 verum
3002 2629 3166 2683 etiam
3227 2634 3373 2700 quod

1799 2718 1876 2773 sis
1896 2733 2019 2773 cum
2057 2719 2175 2772 viro
2200 2720 2475 2789 copulata,
2503 2735 2530 2772 a
2561 2734 2672 2788 quo
2705 2719 2886 2773 divelli
2919 2735 3175 2788 magnum
3200 2703 3376 2793 nego-

1786 2809 1924 2863 tium
1968 2817 2071 2876 est,
2141 2819 2428 2880 propterea
2487 2813 2632 2878 quod
2666 2812 2860 2864 ambos
2893 2812 3143 2866 videlicet
3172 2829 3372 2868 conso-

1788 2902 2014 2956 ciaverit
2072 2901 2300 2957 Deus".
2351 2903 2486 2969 Quis
2531 2919 2660 2972 ergo
2708 2904 3018 2975 disjunget?
3055 2906 3176 2974 Ipse
3211 2908 3374 2962 nimi-

1787 3008 1908 3046 rum
1947 2993 2040 3062 qui
2073 2994 2382 3060 conjunxit,
2415 2994 2506 3063 qui
2540 2996 2792 3064 progredi
2825 2998 2972 3065 cogit
3007 2998 3075 3051 ad
3111 3008 3378 3067 prazstan-

1790 3088 1900 3140 tius
1956 3089 2080 3141 vita:
2123 3089 2458 3142 institutum.
2511 3088 2748 3144 Necesse
2795 3101 2879 3146 est
2922 3093 3105 3162 igitur,
3137 3112 3198 3147 ex
3235 3111 3372 3163 pra:-

1791 3179 1994 3247 scripto
2041 3181 2211 3234 sancti
2249 3180 2455 3243 Basilii,
2491 3197 2554 3235 ea
2587 3183 2820 3250 primum
2855 3200 2976 3253 quae
3006 3187 3071 3240 ad
3109 3190 3367 3241 maritum

1795 3277 2042 3339 spectant
2101 3281 2248 3323 recte
2317 3272 2592 3339 componi.
2657 3272 2799 3337 Quid
2857 3273 2999 3328 istud
3058 3278 3182 3331 est?
3237 3278 3376 3343 Quid

1795 3361 2007 3416 consilii
2045 3362 2275 3430 ceperis,
2308 3363 2563 3430 aperire;
2605 3380 2767 3434 quam
2811 3366 2923 3420 sint
2962 3383 3050 3421 res
3089 3371 3378 3425 mundana:

1797 3455 1985 3509 inanes
2029 3469 2093 3508 ac
2143 3455 2341 3510 somnii
2373 3456 2605 3520 similes,
2658 3473 2996 3527 suggerere:
3031 3469 3089 3514 ut
3123 3463 3260 3516 nihil
3293 3464 3381 3519 hic

1795 3544 1960 3600 ﬁxum
1992 3547 2062 3600 sit
2091 3561 2154 3599 ac
2182 3547 2396 3612 stabile,
2429 3547 2564 3601 nihil
2599 3563 2706 3602 non
2732 3548 2908 3604 instar
2930 3551 3134 3606 umbrae
3165 3563 3382 3622 praeter-

1796 3636 1933 3702 iens,
1975 3638 2330 3707 quantumvis
2371 3637 2676 3706 jucundum
2737 3641 2871 3696 illud
2916 3653 3239 3714 gratumque
3285 3647 3378 3707 sit.

1794 3730 2198 3799 quantumlibet
2235 3728 2518 3785 felicitatis
2548 3731 2740 3786 alierat
2768 3749 2832 3787 ac
2862 3735 3176 3804 voluptatis,
3213 3739 3297 3793 vel
3332 3740 3378 3794 si

1797 3830 2037 3890 potestas
2090 3823 2237 3892 regia
2294 3821 2482 3877 fuerit.
2534 3822 2670 3878 Nam
2724 3827 2875 3881 velut
2915 3827 3016 3882 llos
3049 3831 3162 3898 agri
3191 3833 3378 3888 omnia

1795 3925 2147 3968 evanescunt.
2213 3912 2402 3985 Neque
2467 3917 2571 3970 hoc
2631 3917 2859 3973 solum:
2900 3921 2995 3974 sed
3029 3931 3083 3976 et
3107 3922 3378 3991 judicium

1796 4002 2135 4056 inexorabile
2165 4002 2271 4056 erit
2293 4017 2506 4067 eorum,
2535 4003 2630 4072 qui
2654 4005 2706 4059 in
2731 4007 2982 4075 praesenti
3013 4022 3129 4064 aevo
3163 4010 3379 4068 vitiosis

1795 4094 2077 4150 affectibus
2108 4095 2374 4164 inquinati
2407 4095 2668 4162 vixerint,
2700 4112 2802 4153 nec
2835 4101 3136 4156 secundum
3169 4102 3380 4161 Christi

1793 4193 2061 4255 praecepta
2094 4204 2109 4240 :
2140 4185 2193 4239 id
2224 4187 2369 4253 quod
2413 4186 2726 4257 perdiliicile
2763 4199 2849 4244 est
2884 4191 2943 4245 in
2975 4195 3223 4250 saeculari
3247 4196 3378 4251 vita.

1795 4277 1919 4333 Haec
1946 4277 2187 4347 loquere,
2219 4278 2530 4343 adhortare,
2554 4281 2847 4336 verborum
2867 4283 3128 4340 blanditia
3155 4287 3377 4368 adhibe,

1792 4379 1854 4425 ut
1907 4371 2150 4425 animum
2210 4370 2259 4425 is
2309 4371 2531 4426 inducat
2580 4374 3008 4431 renuntiationis
3030 4380 3378 4447 propositum

1791 4479 1900 4517 una
1947 4472 2122 4516 tecum
2160 4463 2432 4532 amplecti.
2484 4462 2633 4517 Unde
2677 4467 2817 4518 enim
2846 4469 2972 4533 scis,
3007 4469 3209 4539 inquit,
3259 4489 3376 4525 mu-

1794 4555 1911 4619 lier,
1931 4555 1976 4607 si
2005 4556 2174 4608 virum
2202 4554 2404 4607 salvum
2461 4554 2625 4623 facies
2649 4556 2730 4608 "?
2774 4557 2840 4612 Et
2880 4558 3025 4612 istud
3053 4561 3119 4612 ad
3164 4570 3382 4631 tempus

132 4646 287 4712 Ἀλλ’,
319 4649 396 4712 ὡς
425 4649 770 4718 προείρηται,
790 4649 1179 4714 δυσεξάνυστον
1207 4649 1268 4701 τὸ
1295 4654 1529 4720 πρᾶγμα
1553 4667 1567 4681 ⁸
1600 4653 1688 4704 καὶ

1798 4647 1930 4700 satis
1953 4655 2054 4700 est.
2091 4645 2169 4700 Ac
2204 4646 2249 4700 si
2291 4646 2512 4715 quidem
2550 4647 2654 4700 'ille
2702 4651 3063 4715 consenserit,
3106 4651 3246 4707 belle
3283 4654 3385 4708 lia-

123 4741 352 4808 μάλιστα
387 4744 449 4793 ὲν
478 4743 598 4803 ταῖς
627 4741 723 4794 τοῦ
750 4741 994 4811 διωγμοῦ
1033 4742 1271 4812 ἡμέραις
1291 4759 1305 4771 ο
1339 4745 1434 4795 καὶ
1463 4744 1547 4796 ὅτι
1575 4743 1695 4812 οὺχὶ

119 4835 351 4902 τυχοῦσα
381 4833 544 4902 αὐτὴ,
589 4834 724 4886 ἀλλὰ
773 4835 879 4886 τῶν
906 4834 1312 4904 ὑπερεχουσῶν,
1347 4836 1440 4888 καί
1469 4853 1532 4904 γε
1590 4834 1698 4886 τῶν

124 4925 396 4995 συναῐμων
440 4927 506 4995 τῇ
569 4924 942 4996 βασιλευούσῃ.
993 4925 1107 4992 Ἐφ’
1153 4918 1197 4992 ᾧ
1240 4930 1333 4977 καὶ
1396 4926 1698 4995 θαυμάζειν

122 5015 232 5069 ἐστι
258 5035 374 5081 πως
395 5020 456 5069 ὲν
485 5019 552 5086 τῇ
587 5017 728 5083 ἄγαν
759 5017 972 5089 εὐδοξίᾳ
1014 5017 1109 5070 τοῦ
1159 5019 1283 5088 τῇδε
1317 5019 1456 5087 βίου,
1492 5018 1697 5087 ταύτην

123 5106 545 5178 βδελυσσομὲνη,
598 5109 697 5179 τὴν
754 5111 1086 5171 ταπείνωσιν
1131 5111 1366 5179 Χριστοῦ
1417 5110 1698 5178 ἐπιποθεῖς

122 5198 464 5253 ἐνδύσασθαι.
529 5201 836 5270 Εὐλογητὸς
862 5203 1072 5271 Κύριος
1104 5204 1132 5253 ὁ
1162 5200 1304 5254 οὕτω
1335 5202 1568 5255 πείθων
1602 5203 1698 5254 καὶ

123 5291 226 5359 γὰρ
260 5295 397 5363 πρὸς
427 5292 529 5361 τὴν
555 5293 646 5345 τοῦ
682 5294 817 5346 Θεοῦ
844 5295 1002 5359 δόξαν
1043 5293 1118 5356 ὡς
1174 5295 1386 5364 ἀληθῶς
1423 5295 1698 5364 βδέλυγμά

123 5384 234 5435 ἐστι
260 5387 326 5438 τά
355 5385 544 5448 ἔνδοξα
589 5385 683 5437 τοῦ
737 5387 968 5456 ματαίου
1013 5387 1150 5456 βίον.
1200 5388 1365 5456 Ἐχου
1398 5389 1574 5439 τοίνυν
1603 5388 1696 5438 τοῦ

127 5473 402 5528 καλλίστου
430 5475 551 5543 βίου
591 5493 705 5529 σου.
769 5478 978 5532 Ἀκούω
1018 5479 1126 5548 γὰρ
1177 5475 1262 5530 οἶα
1300 5480 1693 5550 ἀγαθουργείς·

126 5565 356 5630 καὶπῶς
390 5569 662 5638 ἀφιεμένη
691 5570 790 5633 τὰς
825 5570 1112 5636 βασιλικάς
1147 5569 1463 5640 διατριϐάς,
1502 5571 1697 5640 σχολά-

129 5651 235 5716 ζεις
267 5658 324 5708 ὲν
362 5659 536 5728 ἑαυτῇ
566 5660 658 5712 καὶ
684 5661 742 5710 ἐν
788 5661 1033 5728 ἀγαθοῖς.
1068 5660 1225 5712 Ἔστι
1266 5665 1370 5732 γὰρ
1406 5665 1500 5716 καὶ
1533 5663 1590 5714 ἐν
1621 5659 1697 5731 τῷ

195 5827 241 5859 ⁸⁸
301 5830 500 5891 Matth.
561 5852 674 5904 xw,
707 5840 759 5893 b’.
861 5839 900 5872 “
937 5837 1106 5894 lCor.
1151 5854 1247 5907 vu,
1298 5840 1386 5895 16.

1799 4737 1888 4792 bet
1918 4757 1930 4790 :
1966 4738 2047 4792 sin
2081 4739 2284 4798 minus.
2328 4747 2459 4791 tunc
2485 4739 2527 4790 si
2570 4748 2620 4792 te
2648 4738 2739 4792 Dei
2780 4750 2965 4795 tantus
3005 4758 3160 4795 amor
3190 4746 3383 4799 incen-

1794 4830 1894 4896 dit,
1923 4829 1976 4882 id
2009 4829 2208 4882 ellicies
2232 4829 2378 4897 quod
2413 4829 2623 4882 libitum
2656 4830 2780 4891 erit,
2814 4833 2898 4885 vel
2925 4833 3097 4885 invito
3126 4835 3384 4903 conjuge.

1799 4922 1902 4974 Sed
1944 4936 2032 4974 res
2077 4936 2162 4982 ea,
2211 4929 2272 4974 ut
2331 4921 2538 4974 dictum
2594 4929 2679 4974 est
2740 4931 2921 4987 antea,
2962 4923 3193 4976 multum
3222 4926 3390 4979 habet

1795 5014 2131 5069 difficultatis
2159 5029 2223 5067 ac
2257 5014 2499 5068 laboris:
2535 5016 2836 5080 praesertim
2872 5031 3004 5069 vero
3039 5021 3386 5083 persecutio-

1800 5106 1884 5159 nis
1907 5115 2152 5171 tempore
2187 5121 2199 5156 :
2231 5116 2284 5157 et
2320 5103 2466 5172 quod
2496 5119 2605 5156 non
2638 5105 2892 5172 quaelibet
2923 5122 2954 5159 e
2990 5106 3142 5174 plebe
3167 5108 3263 5170 sis,
3295 5110 3391 5162 sed

1797 5212 1827 5247 e
1859 5196 2141 5264 primariis
2192 5205 2248 5248 et
2309 5194 2652 5263 principibus
2704 5195 2945 5261 feminis,
3001 5211 3067 5250 ac
3129 5197 3393 5267 Augusue

1797 5289 2244 5357 consanguineis.
2305 5286 2460 5342 Unde
2519 5298 2570 5342 et
2624 5288 2810 5342 mirari
2848 5291 2998 5345 subit
3027 5291 3392 5357 quemadmo-

1797 5382 1926 5434 dum
1979 5383 2032 5433 in
2095 5391 2204 5434 tam
2254 5381 2560 5434 abundanti
2605 5381 2732 5434 vitae
2786 5382 3074 5452 praesentis
3097 5383 3292 5448 gloria,
3329 5398 3395 5437 ca

1797 5474 2103 5542 repudiata,
2125 5473 2328 5527 Christi
2361 5472 2974 5530 humilitateminduerc
3005 5477 3392 5544 concupiscas.

1804 5567 2129 5622 Benedictus
2163 5565 2427 5620 Dominus
2461 5581 2491 5618 a
2538 5582 2647 5633 quo
2677 5567 2793 5623 haec
2842 5570 3040 5639 injecta
3071 5582 3228 5621 mens
3261 5577 3346 5620 est
3378 5583 3393 5620 :

1805 5677 1931 5717 vere
1985 5659 2133 5715 enim
2191 5673 2300 5727 pra:
2364 5658 2456 5713 Dei
2489 5657 2686 5727 gloria,
2741 5659 3109 5717 abominanda
3167 5675 3257 5715 res
3313 5667 3395 5712 est
