  <div class='ocr_page' id='page_1' title='image "/cluster/home/n/w/nwhite01/storage/ocr_20150623/99/pst.000005714063/683.png"; bbox 0 0 3990 6318; ppageno 0'>
   <div class='ocr_carea' id='block_1_1' title="bbox 581 350 3935 421">
    <p class='ocr_par' dir='ltr' id='par_1_1' title="bbox 581 350 3935 421">
     <span class='ocr_line' id='line_1_1' title="bbox 581 350 3935 421; baseline 0 -2"><span class='ocrx_word' id='word_1_1' title='bbox 581 355 720 419; x_wconf 77' lang='lat'><strong>1263</strong></span> <span class='ocrx_word' id='word_1_2' title='bbox 1793 350 1857 411; x_wconf 92' lang='lat' dir='ltr'><strong>S.</strong></span> <span class='ocrx_word' id='word_1_3' title='bbox 1888 350 2289 412; x_wconf 80' lang='lat' dir='ltr'><strong>TIIEODORI</strong></span> <span class='ocrx_word' id='word_1_4' title='bbox 2328 350 2682 413; x_wconf 64' lang='lat' dir='ltr'><strong>STUDITAS</strong></span> <span class='ocrx_word' id='word_1_5' title='bbox 3810 359 3935 421; x_wconf 63' lang='lat' dir='ltr'><strong>1213i</strong></span> 
     </span>
    </p>
   </div>
   <div class='ocr_carea' id='block_1_2' title="bbox 570 462 2146 544">
    <p class='ocr_par' dir='ltr' id='par_1_2' title="bbox 570 462 2146 542">
     <span class='ocr_line' id='line_1_2' title="bbox 570 462 2146 542; baseline -0.004 -15"><span class='ocrx_word' id='word_1_6' title='bbox 570 470 849 542; x_wconf 82' lang='lat' dir='ltr'><strong>quidquid</strong></span> <span class='ocrx_word' id='word_1_7' title='bbox 898 478 982 525; x_wconf 86' lang='lat' dir='ltr'><strong>est</strong></span> <span class='ocrx_word' id='word_1_8' title='bbox 1052 469 1107 524; x_wconf 91' lang='lat' dir='ltr'><strong>in</strong></span> <span class='ocrx_word' id='word_1_9' title='bbox 1164 469 1266 522; x_wconf 90' lang='lat' dir='ltr'><strong>hac</strong></span> <span class='ocrx_word' id='word_1_10' title='bbox 1297 462 1446 520; x_wconf 82' lang='lat' dir='ltr'><strong>inani</strong></span> <span class='ocrx_word' id='word_1_11' title='bbox 1500 466 1611 520; x_wconf 67' lang='lat' dir='ltr'><strong>\‘ita</strong></span> <span class='ocrx_word' id='word_1_12' title='bbox 1661 464 1993 535; x_wconf 78' lang='lat' dir='ltr'><strong>gloriosum.</strong></span> <span class='ocrx_word' id='word_1_13' title='bbox 2045 464 2146 521; x_wconf 84' lang='lat' dir='ltr'><strong>Ter</strong></span> 
     </span>
    </p>
   </div>
   <div class='ocr_carea' id='block_1_3' title="bbox 2360 462 3936 544">
    <p class='ocr_par' dir='ltr' id='par_1_3' title="bbox 2360 464 3936 544">
     <span class='ocr_line' id='line_1_3' title="bbox 2360 464 3936 544; baseline 0.005 -25"><span class='ocrx_word' id='word_1_14' title='bbox 2360 484 2405 537; x_wconf 85' lang='grc' dir='ltr'>ῳ</span> <span class='ocrx_word' id='word_1_15' title='bbox 2448 464 2723 537; x_wconf 82' lang='grc' dir='ltr'>σωθῆναι,</span> <span class='ocrx_word' id='word_1_16' title='bbox 2770 467 2869 522; x_wconf 75' lang='grc' dir='ltr'><strong>καὶ</strong></span> <span class='ocrx_word' id='word_1_17' title='bbox 2904 469 3047 542; x_wconf 84' lang='grc' dir='ltr'>μετὰ</span> <span class='ocrx_word' id='word_1_18' title='bbox 3083 470 3317 544; x_wconf 81' lang='grc' dir='ltr'>ἀνδρός·</span> <span class='ocrx_word' id='word_1_19' title='bbox 3353 473 3452 526; x_wconf 82' lang='grc' dir='ltr'><strong>καὶ</strong></span> <span class='ocrx_word' id='word_1_20' title='bbox 3487 470 3606 526; x_wconf 73' lang='grc' dir='ltr'>πά)</span> <span class='ocrx_word' id='word_1_21' title='bbox 3620 491 3673 525; x_wconf 90' lang='grc' dir='ltr'><strong>ιν</strong></span> <span class='ocrx_word' id='word_1_22' title='bbox 3708 473 3865 543; x_wconf 67' lang='grc' dir='ltr'>πρὸς</span> <span class='ocrx_word' id='word_1_23' title='bbox 3891 478 3936 527; x_wconf 63' lang='grc' dir='ltr'>τὲ</span> 
     </span>
    </p>
   </div>
   <div class='ocr_carea' id='block_1_4' title="bbox 580 556 2156 637">
    <p class='ocr_par' dir='ltr' id='par_1_4' title="bbox 580 559 2156 636">
     <span class='ocr_line' id='line_1_4' title="bbox 580 559 2156 636; baseline -0.001 -19"><span class='ocrx_word' id='word_1_24' title='bbox 580 567 750 636; x_wconf 86' lang='lat' dir='ltr'><strong>igitur</strong></span> <span class='ocrx_word' id='word_1_25' title='bbox 804 574 959 620; x_wconf 89' lang='lat' dir='ltr'><strong>tuum</strong></span> <span class='ocrx_word' id='word_1_26' title='bbox 1007 562 1278 631; x_wconf 89' lang='lat' dir='ltr'><strong>optimmn</strong></span> <span class='ocrx_word' id='word_1_27' title='bbox 1325 562 1450 615; x_wconf 69' lang='lat' dir='ltr'><strong>vitae</strong></span> <span class='ocrx_word' id='word_1_28' title='bbox 1490 559 1829 615; x_wconf 91' lang='lat' dir='ltr'><strong>institutum.</strong></span> <span class='ocrx_word' id='word_1_29' title='bbox 1872 561 1993 615; x_wconf 89' lang='lat' dir='ltr'><strong>Tua</strong></span> <span class='ocrx_word' id='word_1_30' title='bbox 2033 561 2156 615; x_wconf 85' lang='lat' dir='ltr'><strong>enin</strong></span> 
     </span>
    </p>
   </div>
   <div class='ocr_carea' id='block_1_5' title="bbox 2357 556 3933 637">
    <p class='ocr_par' dir='ltr' id='par_1_5' title="bbox 2357 556 3933 637">
     <span class='ocr_line' id='line_1_5' title="bbox 2357 556 3933 637; baseline -0.009 -10"><span class='ocrx_word' id='word_1_31' title='bbox 2357 556 2443 627; x_wconf 76' lang='grc' dir='ltr'><strong>ἧς.</strong></span> <span class='ocrx_word' id='word_1_32' title='bbox 2497 558 2572 621; x_wconf 81' lang='grc' dir='ltr'><strong>ὡς</strong></span> <span class='ocrx_word' id='word_1_33' title='bbox 2602 560 2631 611; x_wconf 72' lang='grc'>6</span> <span class='ocrx_word' id='word_1_34' title='bbox 2678 557 2884 631; x_wconf 75' lang='grc' dir='ltr'>Κύριος</span> <span class='ocrx_word' id='word_1_35' title='bbox 2942 561 3288 628; x_wconf 83' lang='grc' dir='ltr'>εὐοδὼσειεν,</span> <span class='ocrx_word' id='word_1_36' title='bbox 3320 563 3475 617; x_wconf 79' lang='grc' dir='ltr'>οὕτω</span> <span class='ocrx_word' id='word_1_37' title='bbox 3521 567 3633 617; x_wconf 74' lang='grc' dir='ltr'><strong>καὶ</strong></span> <span class='ocrx_word' id='word_1_38' title='bbox 3662 565 3933 637; x_wconf 64' lang='grc' dir='ltr'>διατξγῖ,</span> 
     </span>
    </p>
   </div>
   <div class='ocr_carea' id='block_1_6' title="bbox 570 652 2146 728">
    <p class='ocr_par' dir='ltr' id='par_1_6' title="bbox 570 654 2146 728">
     <span class='ocr_line' id='line_1_6' title="bbox 570 654 2146 728; baseline -0.001 -15"><span class='ocrx_word' id='word_1_39' title='bbox 570 661 718 715; x_wconf 75' lang='lat' dir='ltr'><strong>facta</strong></span> <span class='ocrx_word' id='word_1_40' title='bbox 760 660 997 714; x_wconf 92' lang='lat' dir='ltr'><strong>illustria</strong></span> <span class='ocrx_word' id='word_1_41' title='bbox 1053 658 1239 721; x_wconf 82' lang='lat' dir='ltr'><strong>audio,</strong></span> <span class='ocrx_word' id='word_1_42' title='bbox 1297 666 1351 710; x_wconf 90' lang='lat' dir='ltr'><strong>et</strong></span> <span class='ocrx_word' id='word_1_43' title='bbox 1408 654 1881 728; x_wconf 83' lang='lat' dir='ltr'><strong>quemadmodum</strong></span> <span class='ocrx_word' id='word_1_44' title='bbox 1932 656 2146 711; x_wconf 88' lang='lat' dir='ltr'><strong>abdicat</strong></span> 
     </span>
    </p>
   </div>
   <div class='ocr_carea' id='block_1_7' title="bbox 2357 652 3933 728">
    <p class='ocr_par' dir='ltr' id='par_1_7' title="bbox 2357 652 3933 727">
     <span class='ocr_line' id='line_1_7' title="bbox 2357 652 3933 727; baseline 0.004 -21"><span class='ocrx_word' id='word_1_45' title='bbox 2357 673 2370 725; x_wconf 60' lang='grc' dir='ltr'><strong>γ</strong></span> <span class='ocrx_word' id='word_1_46' title='bbox 2411 652 2664 706; x_wconf 78' lang='grc' dir='ltr'>λυποῦσα</span> <span class='ocrx_word' id='word_1_47' title='bbox 2710 653 2805 707; x_wconf 81' lang='grc' dir='ltr'><strong>τὸν</strong></span> <span class='ocrx_word' id='word_1_48' title='bbox 2851 654 3151 724; x_wconf 79' lang='grc' dir='ltr'>ὁμόζυγον,</span> <span class='ocrx_word' id='word_1_49' title='bbox 3188 656 3328 710; x_wconf 72' lang='grc' dir='ltr'><strong>ἀλλὰ</strong></span> <span class='ocrx_word' id='word_1_50' title='bbox 3360 656 3577 726; x_wconf 80' lang='grc' dir='ltr'>μᾶλλον</span> <span class='ocrx_word' id='word_1_51' title='bbox 3618 662 3933 727; x_wconf 68' lang='grc' dir='ltr'>κατακάμ-</span> 
     </span>
    </p>
   </div>
   <div class='ocr_carea' id='block_1_8' title="bbox 572 746 2148 825">
    <p class='ocr_par' dir='ltr' id='par_1_8' title="bbox 572 746 2148 822">
     <span class='ocr_line' id='line_1_8' title="bbox 572 746 2148 822; baseline -0.003 -17"><span class='ocrx_word' id='word_1_52' title='bbox 572 751 887 822; x_wconf 82' lang='lat' dir='ltr'><strong>principum</strong></span> <span class='ocrx_word' id='word_1_53' title='bbox 953 749 1351 813; x_wconf 77' lang='lat' dir='ltr'><strong>familiaritate,</strong></span> <span class='ocrx_word' id='word_1_54' title='bbox 1418 746 1517 801; x_wconf 88' lang='lat' dir='ltr'><strong>tibi</strong></span> <span class='ocrx_word' id='word_1_55' title='bbox 1570 747 1664 801; x_wconf 89' lang='lat' dir='ltr'><strong>ttui</strong></span> <span class='ocrx_word' id='word_1_56' title='bbox 1714 763 1779 801; x_wconf 90' lang='lat' dir='ltr'><strong>ac</strong></span> <span class='ocrx_word' id='word_1_57' title='bbox 1805 746 1975 802; x_wconf 88' lang='lat' dir='ltr'><strong>rebus</strong></span> <span class='ocrx_word' id='word_1_58' title='bbox 2024 746 2148 801; x_wconf 82' lang='lat' dir='ltr'><strong>boni</strong></span> 
     </span>
    </p>
   </div>
   <div class='ocr_carea' id='block_1_9' title="bbox 2354 746 3930 825">
    <p class='ocr_par' dir='ltr' id='par_1_9' title="bbox 2354 747 3930 825">
     <span class='ocr_line' id='line_1_9' title="bbox 2354 747 3930 825; baseline 0.003 -23"><span class='ocrx_word' id='word_1_59' title='bbox 2354 766 2506 803; x_wconf 78' lang='lat' dir='ltr'><strong>:ouca</strong></span> <span class='ocrx_word' id='word_1_60' title='bbox 2536 748 2627 802; x_wconf 71' lang='grc' dir='ltr'><strong>διὰ</strong></span> <span class='ocrx_word' id='word_1_61' title='bbox 2653 748 2753 819; x_wconf 84' lang='grc' dir='ltr'><strong>τῆς</strong></span> <span class='ocrx_word' id='word_1_62' title='bbox 2786 747 2977 802; x_wconf 79' lang='grc' dir='ltr'>ἐνθέου</span> <span class='ocrx_word' id='word_1_63' title='bbox 3002 750 3304 819; x_wconf 85' lang='grc' dir='ltr'>διαγωγῆς.</span> <span class='ocrx_word' id='word_1_64' title='bbox 3341 754 3481 825; x_wconf 73' lang='grc' dir='ltr'>Περὶ</span> <span class='ocrx_word' id='word_1_65' title='bbox 3512 755 3626 825; x_wconf 83' lang='grc' dir='ltr'>τῆς</span> <span class='ocrx_word' id='word_1_66' title='bbox 3656 754 3930 821; x_wconf 53' lang='grc' dir='ltr'><strong>ἀδελφῆς,</strong></span> 
     </span>
    </p>
   </div>
   <div class='ocr_carea' id='block_1_10' title="bbox 572 839 2148 916">
    <p class='ocr_par' dir='ltr' id='par_1_10' title="bbox 572 839 2148 911">
     <span class='ocr_line' id='line_1_10' title="bbox 572 839 2148 911; baseline 0.001 -16"><span class='ocrx_word' id='word_1_67' title='bbox 572 860 754 901; x_wconf 73' lang='lat' dir='ltr'><strong>vaces.</strong></span> <span class='ocrx_word' id='word_1_68' title='bbox 801 843 936 898; x_wconf 85' lang='lat' dir='ltr'><strong>Nam</strong></span> <span class='ocrx_word' id='word_1_69' title='bbox 966 855 1020 898; x_wconf 87' lang='lat' dir='ltr'><strong>et</strong></span> <span class='ocrx_word' id='word_1_70' title='bbox 1051 845 1106 897; x_wconf 93' lang='lat' dir='ltr'><strong>in</strong></span> <span class='ocrx_word' id='word_1_71' title='bbox 1134 844 1243 897; x_wconf 89' lang='lat' dir='ltr'><strong>isto</strong></span> <span class='ocrx_word' id='word_1_72' title='bbox 1272 841 1399 896; x_wconf 77' lang='lat' dir='ltr'><strong>vita:</strong></span> <span class='ocrx_word' id='word_1_73' title='bbox 1424 855 1626 911; x_wconf 83' lang='lat' dir='ltr'><strong>genere</strong></span> <span class='ocrx_word' id='word_1_74' title='bbox 1650 839 1888 896; x_wconf 81' lang='lat' dir='ltr'><strong>salutem</strong></span> <span class='ocrx_word' id='word_1_75' title='bbox 1918 855 2148 911; x_wconf 83' lang='lat' dir='ltr'><strong>conseqt</strong></span> 
     </span>
    </p>
   </div>
   <div class='ocr_carea' id='block_1_11' title="bbox 2356 839 3932 916">
    <p class='ocr_par' dir='ltr' id='par_1_11' title="bbox 2356 844 3932 916">
     <span class='ocr_line' id='line_1_11' title="bbox 2356 844 3932 916; baseline -0.001 -18"><span class='ocrx_word' id='word_1_76' title='bbox 2356 844 2576 916; x_wconf 83' lang='grc' dir='ltr'>δήλωκα</span> <span class='ocrx_word' id='word_1_77' title='bbox 2599 844 2740 915; x_wconf 83' lang='grc' dir='ltr'>αὐτῇ</span> <span class='ocrx_word' id='word_1_78' title='bbox 2765 844 2828 897; x_wconf 87' lang='grc' dir='ltr'><strong>τὸ</strong></span> <span class='ocrx_word' id='word_1_79' title='bbox 2857 846 3280 916; x_wconf 76' lang='grc' dir='ltr'>παριστάμενον</span> <span class='ocrx_word' id='word_1_80' title='bbox 3316 865 3431 915; x_wconf 80' lang='grc' dir='ltr'>μοι.</span> <span class='ocrx_word' id='word_1_81' title='bbox 3452 847 3606 916; x_wconf 77' lang='grc' dir='ltr'><strong>Πέρὶ</strong></span> <span class='ocrx_word' id='word_1_82' title='bbox 3634 846 3747 899; x_wconf 78' lang='grc' dir='ltr'><strong>τοῦ</strong></span> <span class='ocrx_word' id='word_1_83' title='bbox 3794 851 3932 899; x_wconf 69' lang='grc' dir='ltr'>οξκεο</span> 
     </span>
    </p>
   </div>
   <div class='ocr_carea' id='block_1_12' title="bbox 572 932 2148 1010">
    <p class='ocr_par' dir='ltr' id='par_1_12' title="bbox 572 932 2148 1009">
     <span class='ocr_line' id='line_1_12' title="bbox 572 932 2148 1009; baseline -0.005 -16"><span class='ocrx_word' id='word_1_84' title='bbox 572 948 750 1009; x_wconf 84' lang='lat' dir='ltr'><strong>potes,</strong></span> <span class='ocrx_word' id='word_1_85' title='bbox 778 940 943 993; x_wconf 88' lang='lat' dir='ltr'><strong>etiam</strong></span> <span class='ocrx_word' id='word_1_86' title='bbox 981 951 1109 991; x_wconf 89' lang='lat' dir='ltr'><strong>cum</strong></span> <span class='ocrx_word' id='word_1_87' title='bbox 1150 937 1269 989; x_wconf 77' lang='lat' dir='ltr'><strong>viro</strong></span> <span class='ocrx_word' id='word_1_88' title='bbox 1305 950 1318 987; x_wconf 92' lang='lat'>:</span> <span class='ocrx_word' id='word_1_89' title='bbox 1370 933 1568 988; x_wconf 86' lang='lat' dir='ltr'><strong>deinde</strong></span> <span class='ocrx_word' id='word_1_90' title='bbox 1597 941 1780 987; x_wconf 87' lang='lat' dir='ltr'><strong>aut-cm</strong></span> <span class='ocrx_word' id='word_1_91' title='bbox 1817 932 2148 1004; x_wconf 80' lang='lat' dir='ltr'><strong>subsequem</strong></span> 
     </span>
    </p>
   </div>
   <div class='ocr_carea' id='block_1_13' title="bbox 2351 932 3927 1010">
    <p class='ocr_par' dir='ltr' id='par_1_13' title="bbox 2358 937 3927 1010">
     <span class='ocr_line' id='line_1_13' title="bbox 2358 937 3927 1010; baseline 0.001 -20"><span class='ocrx_word' id='word_1_92' title='bbox 2358 956 2462 1010; x_wconf 87' lang='grc' dir='ltr'><strong>μου</strong></span> <span class='ocrx_word' id='word_1_93' title='bbox 2504 937 2602 991; x_wconf 77' lang='grc' dir='ltr'><strong>καὶ</strong></span> <span class='ocrx_word' id='word_1_94' title='bbox 2649 938 2944 1009; x_wconf 80' lang='grc' dir='ltr'><strong>ἀγαπητοῦ</strong></span> <span class='ocrx_word' id='word_1_95' title='bbox 2998 940 3227 1005; x_wconf 78' lang='grc' dir='ltr'><strong>τέκνου,</strong></span> <span class='ocrx_word' id='word_1_96' title='bbox 3264 939 3503 993; x_wconf 76' lang='grc' dir='ltr'>πλεῖστὰ</span> <span class='ocrx_word' id='word_1_97' title='bbox 3537 956 3635 992; x_wconf 84' lang='grc' dir='ltr'><strong>σοι</strong></span> <span class='ocrx_word' id='word_1_98' title='bbox 3674 943 3927 1009; x_wconf 48' lang='lat' dir='ltr'><strong>duae-[:-</strong></span> 
     </span>
    </p>
   </div>
   <div class='ocr_carea' id='block_1_14' title="bbox 571 1026 2147 1105">
    <p class='ocr_par' dir='ltr' id='par_1_14' title="bbox 571 1026 2147 1102">
     <span class='ocr_line' id='line_1_14' title="bbox 571 1026 2147 1102; baseline -0.003 -16"><span class='ocrx_word' id='word_1_99' title='bbox 571 1043 840 1102; x_wconf 81' lang='lat' dir='ltr'><strong>tempore,</strong></span> <span class='ocrx_word' id='word_1_100' title='bbox 879 1042 936 1086; x_wconf 93' lang='lat' dir='ltr'><strong>ut</strong></span> <span class='ocrx_word' id='word_1_101' title='bbox 968 1029 1338 1085; x_wconf 69' lang='lat' dir='ltr'><strong>fortunaverit</strong></span> <span class='ocrx_word' id='word_1_102' title='bbox 1368 1026 1657 1089; x_wconf 89' lang='lat' dir='ltr'><strong>Dominus,</strong></span> <span class='ocrx_word' id='word_1_103' title='bbox 1692 1026 1773 1080; x_wconf 88' lang='lat' dir='ltr'><strong>sic</strong></span> <span class='ocrx_word' id='word_1_104' title='bbox 1802 1034 1857 1080; x_wconf 90' lang='lat' dir='ltr'><strong>et</strong></span> <span class='ocrx_word' id='word_1_105' title='bbox 1892 1043 2045 1097; x_wconf 86' lang='lat' dir='ltr'><strong>ages,</strong></span> <span class='ocrx_word' id='word_1_106' title='bbox 2086 1042 2147 1081; x_wconf 89' lang='lat' dir='ltr'><strong>ne</strong></span> 
     </span>
    </p>
   </div>
   <div class='ocr_carea' id='block_1_15' title="bbox 2354 1026 3930 1105">
    <p class='ocr_par' dir='ltr' id='par_1_15' title="bbox 2359 1030 3930 1105">
     <span class='ocr_line' id='line_1_15' title="bbox 2359 1030 3930 1105; baseline 0 -22"><span class='ocrx_word' id='word_1_107' title='bbox 2359 1030 2505 1094; x_wconf 85' lang='grc' dir='ltr'>στῶ,</span> <span class='ocrx_word' id='word_1_108' title='bbox 2559 1032 2872 1101; x_wconf 80' lang='grc' dir='ltr'><strong>συμπαθῶς</strong></span> <span class='ocrx_word' id='word_1_109' title='bbox 2925 1033 3248 1105; x_wconf 77' lang='grc' dir='ltr'>ἐπειχθείσῃ</span> <span class='ocrx_word' id='word_1_110' title='bbox 3292 1031 3449 1104; x_wconf 79' lang='grc' dir='ltr'>[εοιί.</span> <span class='ocrx_word' id='word_1_111' title='bbox 3505 1032 3652 1103; x_wconf 82' lang='lat' dir='ltr'><strong>Reg.</strong></span> <span class='ocrx_word' id='word_1_112' title='bbox 3696 1034 3930 1103; x_wconf 76' lang='grc' dir='ltr'>ἐπιχθέ-</span> 
     </span>
    </p>
   </div>
   <div class='ocr_carea' id='block_1_16' title="bbox 573 1118 2149 1197">
    <p class='ocr_par' dir='ltr' id='par_1_16' title="bbox 573 1118 2143 1191">
     <span class='ocr_line' id='line_1_16' title="bbox 573 1118 2143 1191; baseline -0.004 -12"><span class='ocrx_word' id='word_1_113' title='bbox 573 1126 755 1181; x_wconf 66' lang='grc' dir='ltr'>γὶιιιιιι</span> <span class='ocrx_word' id='word_1_114' title='bbox 785 1125 1147 1191; x_wconf 76' lang='lat' dir='ltr'><strong>contristaris,</strong></span> <span class='ocrx_word' id='word_1_115' title='bbox 1188 1124 1282 1178; x_wconf 85' lang='lat' dir='ltr'><strong>sed</strong></span> <span class='ocrx_word' id='word_1_116' title='bbox 1320 1121 1506 1191; x_wconf 84' lang='lat' dir='ltr'><strong>potius</strong></span> <span class='ocrx_word' id='word_1_117' title='bbox 1528 1119 1814 1174; x_wconf 83' lang='lat' dir='ltr'><strong>inﬂectens</strong></span> <span class='ocrx_word' id='word_1_118' title='bbox 1846 1118 2033 1173; x_wconf 77' lang='lat' dir='ltr'><strong>divina</strong></span> <span class='ocrx_word' id='word_1_119' title='bbox 2058 1136 2143 1174; x_wconf 78' lang='lat' dir='ltr'><strong>cor</strong></span> 
     </span>
    </p>
   </div>
   <div class='ocr_carea' id='block_1_17' title="bbox 2133 1118 3709 1197">
    <p class='ocr_par' dir='ltr' id='par_1_17' title="bbox 2133 1122 3709 1197">
     <span class='ocr_line' id='line_1_17' title="bbox 2133 1122 3709 1197; baseline 0.004 -24"><span class='ocrx_word' id='word_1_120' title='bbox 2133 1137 2189 1173; x_wconf 86' lang='grc' dir='ltr'>ιι·</span> <span class='ocrx_word' id='word_1_121' title='bbox 2299 1122 2439 1195; x_wconf 81' lang='grc' dir='ltr'>στη]</span> <span class='ocrx_word' id='word_1_122' title='bbox 2471 1123 2610 1195; x_wconf 78' lang='grc' dir='ltr'>πρὸς</span> <span class='ocrx_word' id='word_1_123' title='bbox 2640 1125 2827 1179; x_wconf 75' lang='grc' dir='ltr'>αὐτόν.</span> <span class='ocrx_word' id='word_1_124' title='bbox 2864 1124 3065 1195; x_wconf 81' lang='grc' dir='ltr'>Εὖροις</span> <span class='ocrx_word' id='word_1_125' title='bbox 3095 1126 3243 1189; x_wconf 81' lang='grc' dir='ltr'>ἕλεος</span> <span class='ocrx_word' id='word_1_126' title='bbox 3280 1126 3436 1196; x_wconf 77' lang='grc' dir='ltr'>τιαρὰ</span> <span class='ocrx_word' id='word_1_127' title='bbox 3469 1126 3709 1197; x_wconf 76' lang='grc' dir='ltr'>Κυρίῳ.</span> 
     </span>
    </p>
   </div>
   <div class='ocr_carea' id='block_1_18' title="bbox 580 1213 3931 1288">
    <p class='ocr_par' dir='ltr' id='par_1_18' title="bbox 580 1213 3931 1288">
     <span class='ocr_line' id='line_1_18' title="bbox 580 1213 3931 1288; baseline -0.001 -12"><span class='ocrx_word' id='word_1_128' title='bbox 580 1220 915 1276; x_wconf 83' lang='lat' dir='ltr'><strong>versatione.</strong></span> <span class='ocrx_word' id='word_1_129' title='bbox 962 1218 1039 1275; x_wconf 88' lang='lat' dir='ltr'><strong>De</strong></span> <span class='ocrx_word' id='word_1_130' title='bbox 1061 1215 1601 1286; x_wconf 79' lang='lat' dir='ltr'><strong>sorore,signilicavi</strong></span> <span class='ocrx_word' id='word_1_131' title='bbox 1632 1215 1681 1270; x_wconf 89' lang='lat' dir='ltr'><strong>ei</strong></span> <span class='ocrx_word' id='word_1_132' title='bbox 1717 1228 1830 1284; x_wconf 92' lang='lat' dir='ltr'><strong>quo</strong></span> <span class='ocrx_word' id='word_1_133' title='bbox 1867 1229 1956 1268; x_wconf 92' lang='lat' dir='ltr'><strong>res</strong></span> <span class='ocrx_word' id='word_1_134' title='bbox 1988 1213 2263 1270; x_wconf 72' lang='lat' dir='ltr'><strong>meaeloco</strong></span> <span class='ocrx_word' id='word_1_135' title='bbox 2291 1228 2500 1272; x_wconf 89' lang='lat' dir='ltr'><strong>essent.</strong></span> <span class='ocrx_word' id='word_1_136' title='bbox 2535 1219 2608 1272; x_wconf 86' lang='lat' dir='ltr'><strong>De</strong></span> <span class='ocrx_word' id='word_1_137' title='bbox 2633 1232 2927 1273; x_wconf 72' lang='grc' dir='ltr'>ωοοιιοιιιο</span> <span class='ocrx_word' id='word_1_138' title='bbox 2962 1220 3182 1288; x_wconf 86' lang='lat' dir='ltr'><strong>lilioqne</strong></span> <span class='ocrx_word' id='word_1_139' title='bbox 3207 1219 3604 1283; x_wconf 85' lang='lat' dir='ltr'><strong>dilectissimo,</strong></span> <span class='ocrx_word' id='word_1_140' title='bbox 3647 1221 3931 1275; x_wconf 76' lang='lat' dir='ltr'><strong>maximas</strong></span> 
     </span>
    </p>
   </div>
   <div class='ocr_carea' id='block_1_19' title="bbox 588 1307 3926 1385">
    <p class='ocr_par' dir='ltr' id='par_1_19' title="bbox 588 1307 3926 1385">
     <span class='ocr_line' id='line_1_19' title="bbox 588 1307 3926 1385; baseline -0.001 -16"><span class='ocrx_word' id='word_1_141' title='bbox 588 1314 684 1370; x_wconf 88' lang='lat' dir='ltr'><strong>tibi</strong></span> <span class='ocrx_word' id='word_1_142' title='bbox 720 1315 927 1385; x_wconf 80' lang='lat' dir='ltr'><strong>gratias</strong></span> <span class='ocrx_word' id='word_1_143' title='bbox 953 1329 1078 1383; x_wconf 82' lang='lat' dir='ltr'><strong>ago,</strong></span> <span class='ocrx_word' id='word_1_144' title='bbox 1111 1310 1261 1383; x_wconf 91' lang='lat' dir='ltr'><strong>quod</strong></span> <span class='ocrx_word' id='word_1_145' title='bbox 1290 1310 1443 1364; x_wconf 91' lang='lat' dir='ltr'><strong>omni</strong></span> <span class='ocrx_word' id='word_1_146' title='bbox 1468 1325 1595 1364; x_wconf 92' lang='lat' dir='ltr'><strong>eum</strong></span> <span class='ocrx_word' id='word_1_147' title='bbox 1632 1308 1995 1364; x_wconf 84' lang='lat' dir='ltr'><strong>humanitatis</strong></span> <span class='ocrx_word' id='word_1_148' title='bbox 2032 1307 2216 1364; x_wconf 77' lang='lat' dir='ltr'><strong>oliicio</strong></span> <span class='ocrx_word' id='word_1_149' title='bbox 2262 1312 2341 1367; x_wconf 90' lang='lat' dir='ltr'><strong>sis</strong></span> <span class='ocrx_word' id='word_1_150' title='bbox 2371 1323 2689 1382; x_wconf 88' lang='lat' dir='ltr'><strong>prosecuta.</strong></span> <span class='ocrx_word' id='word_1_151' title='bbox 2727 1312 2773 1366; x_wconf 83' lang='lat' dir='ltr'><strong>A</strong></span> <span class='ocrx_word' id='word_1_152' title='bbox 2802 1311 3039 1368; x_wconf 84' lang='lat' dir='ltr'><strong>Domino</strong></span> <span class='ocrx_word' id='word_1_153' title='bbox 3067 1312 3514 1367; x_wconf 77' lang='lat' dir='ltr'><strong>misericordiam</strong></span> <span class='ocrx_word' id='word_1_154' title='bbox 3538 1327 3926 1384; x_wconf 75' lang='lat' dir='ltr'><strong>consequare.</strong></span> 
     </span>
    </p>
   </div>
   <div class='ocr_carea' id='block_1_20' title="bbox 913 1404 2489 1476">
    <p class='ocr_par' dir='ltr' id='par_1_20' title="bbox 913 1405 1748 1461">
     <span class='ocr_line' id='line_1_20' title="bbox 913 1405 1748 1461; baseline -0.005 0"><span class='ocrx_word' id='word_1_155' title='bbox 913 1438 919 1445; x_wconf 91' lang='lat'><strong>-</strong></span> <span class='ocrx_word' id='word_1_156' title='bbox 1013 1406 1120 1461; x_wconf 86' lang='lat' dir='ltr'>LII.</span> <span class='ocrx_word' id='word_1_157' title='bbox 1162 1438 1235 1447; x_wconf 93' lang='lat'><strong>—-</strong></span> <span class='ocrx_word' id='word_1_158' title='bbox 1276 1405 1470 1460; x_wconf 76' lang='lat' dir='ltr'><strong>Maria:</strong></span> <span class='ocrx_word' id='word_1_159' title='bbox 1504 1405 1748 1457; x_wconf 79' lang='lat' dir='ltr'><strong>moniali.</strong></span> 
     </span>
    </p>
   </div>
   <div class='ocr_carea' id='block_1_21' title="bbox 1959 1404 3535 1476">
    <p class='ocr_par' dir='ltr' id='par_1_21' title="bbox 2655 1404 3535 1476">
     <span class='ocr_line' id='line_1_21' title="bbox 2655 1404 3535 1476; baseline 0.002 -17"><span class='ocrx_word' id='word_1_160' title='bbox 2655 1405 2786 1459; x_wconf 81' lang='lat' dir='ltr'><strong>NB’.</strong></span> <span class='ocrx_word' id='word_1_161' title='bbox 2829 1437 2900 1445; x_wconf 91' lang='lat'><strong><em>—</em></strong></span> <span class='ocrx_word' id='word_1_162' title='bbox 2936 1407 3133 1475; x_wconf 79' lang='grc' dir='ltr'>Μαρίᾳ</span> <span class='ocrx_word' id='word_1_163' title='bbox 3158 1404 3535 1476; x_wconf 74' lang='grc' dir='ltr'>μοναζούσῃ.</span> 
     </span>
    </p>
   </div>
   <div class='ocr_carea' id='block_1_22' title="bbox 1267 1498 3208 1563">
    <p class='ocr_par' dir='ltr' id='par_1_22' title="bbox 1267 1498 3208 1563">
     <span class='ocr_line' id='line_1_22' title="bbox 1267 1498 3208 1563; baseline 0 -13"><span class='ocrx_word' id='word_1_164' title='bbox 1267 1500 1376 1550; x_wconf 74' lang='lat' dir='ltr'><strong>Non</strong></span> <span class='ocrx_word' id='word_1_165' title='bbox 1415 1498 1683 1563; x_wconf 85' lang='lat' dir='ltr'><strong>improbat,</strong></span> <span class='ocrx_word' id='word_1_166' title='bbox 1708 1500 1841 1561; x_wconf 92' lang='lat' dir='ltr'><strong>quod</strong></span> <span class='ocrx_word' id='word_1_167' title='bbox 1866 1498 2242 1561; x_wconf 77' lang='lat' dir='ltr'><strong>persecutionis</strong></span> <span class='ocrx_word' id='word_1_168' title='bbox 2267 1504 2404 1550; x_wconf 89' lang='lat' dir='ltr'><strong>metu</strong></span> <span class='ocrx_word' id='word_1_169' title='bbox 2425 1500 2519 1550; x_wconf 83' lang='lat' dir='ltr'><strong>sub</strong></span> <span class='ocrx_word' id='word_1_170' title='bbox 2544 1500 2769 1551; x_wconf 61' lang='lat' dir='ltr'><strong>saeculari</strong></span> <span class='ocrx_word' id='word_1_171' title='bbox 2799 1499 2975 1551; x_wconf 86' lang='lat' dir='ltr'><strong>habitu</strong></span> <span class='ocrx_word' id='word_1_172' title='bbox 3002 1502 3208 1550; x_wconf 89' lang='lat' dir='ltr'><strong>lateret.</strong></span> 
     </span>
    </p>
   </div>
   <div class='ocr_carea' id='block_1_23' title="bbox 654 1584 2230 1662">
    <p class='ocr_par' dir='ltr' id='par_1_23' title="bbox 654 1585 2192 1662">
     <span class='ocr_line' id='line_1_23' title="bbox 654 1585 2192 1662; baseline -0.004 -18"><span class='ocrx_word' id='word_1_173' title='bbox 654 1588 786 1662; x_wconf 88' lang='lat' dir='ltr'><strong>Legi</strong></span> <span class='ocrx_word' id='word_1_174' title='bbox 824 1588 1149 1644; x_wconf 70' lang='lat' dir='ltr'><strong>reverentiae</strong></span> <span class='ocrx_word' id='word_1_175' title='bbox 1185 1597 1292 1643; x_wconf 70' lang='lat' dir='ltr'><strong>tua:</strong></span> <span class='ocrx_word' id='word_1_176' title='bbox 1321 1588 1665 1651; x_wconf 87' lang='lat' dir='ltr'><strong>schedulam,</strong></span> <span class='ocrx_word' id='word_1_177' title='bbox 1698 1601 1764 1641; x_wconf 93' lang='lat' dir='ltr'><strong>ac</strong></span> <span class='ocrx_word' id='word_1_178' title='bbox 1805 1585 1956 1656; x_wconf 90' lang='lat' dir='ltr'><strong>pium</strong></span> <span class='ocrx_word' id='word_1_179' title='bbox 1990 1586 2192 1640; x_wconf 85' lang='lat' dir='ltr'><strong>consi—</strong></span> 
     </span>
    </p>
   </div>
   <div class='ocr_carea' id='block_1_24' title="bbox 2348 1584 3924 1662">
    <p class='ocr_par' dir='ltr' id='par_1_24' title="bbox 2380 1584 3924 1659">
     <span class='ocr_line' id='line_1_24' title="bbox 2380 1584 3924 1659; baseline -0.001 -19"><span class='ocrx_word' id='word_1_180' title='bbox 2380 1588 2652 1657; x_wconf 86' lang='grc' dir='ltr'>Ἀνέγνων</span> <span class='ocrx_word' id='word_1_181' title='bbox 2695 1603 2790 1640; x_wconf 87' lang='grc' dir='ltr'><strong>σου</strong></span> <span class='ocrx_word' id='word_1_182' title='bbox 2818 1588 2918 1659; x_wconf 84' lang='grc' dir='ltr'><strong>τὴν</strong></span> <span class='ocrx_word' id='word_1_183' title='bbox 2961 1588 3157 1656; x_wconf 85' lang='grc' dir='ltr'>τιμίαν</span> <span class='ocrx_word' id='word_1_184' title='bbox 3186 1584 3486 1657; x_wconf 79' lang='grc' dir='ltr'>συλλαϐὴν,</span> <span class='ocrx_word' id='word_1_185' title='bbox 3532 1588 3643 1641; x_wconf 71' lang='grc' dir='ltr'><strong>καὶ</strong></span> <span class='ocrx_word' id='word_1_186' title='bbox 3672 1588 3924 1657; x_wconf 59' lang='grc' dir='ltr'>ἐπέγνων</span> 
     </span>
    </p>
   </div>
   <div class='ocr_carea' id='block_1_25' title="bbox 579 1676 2155 1754">
    <p class='ocr_par' dir='ltr' id='par_1_25' title="bbox 579 1676 2155 1751">
     <span class='ocr_line' id='line_1_25' title="bbox 579 1676 2155 1751; baseline -0.004 -15"><span class='ocrx_word' id='word_1_187' title='bbox 579 1682 719 1737; x_wconf 88' lang='lat' dir='ltr'><strong>lintn</strong></span> <span class='ocrx_word' id='word_1_188' title='bbox 779 1680 1073 1735; x_wconf 84' lang='lat' dir='ltr'><strong>intellexi:</strong></span> <span class='ocrx_word' id='word_1_189' title='bbox 1114 1679 1263 1751; x_wconf 86' lang='lat' dir='ltr'><strong>quod</strong></span> <span class='ocrx_word' id='word_1_190' title='bbox 1315 1680 1461 1733; x_wconf 88' lang='lat' dir='ltr'><strong>idem</strong></span> <span class='ocrx_word' id='word_1_191' title='bbox 1524 1694 1650 1734; x_wconf 91' lang='lat' dir='ltr'><strong>eum</strong></span> <span class='ocrx_word' id='word_1_192' title='bbox 1706 1679 1865 1732; x_wconf 82' lang='lat' dir='ltr'><strong>beato</strong></span> <span class='ocrx_word' id='word_1_193' title='bbox 1897 1678 1992 1731; x_wconf 94' lang='lat' dir='ltr'><strong>illo</strong></span> <span class='ocrx_word' id='word_1_194' title='bbox 2031 1676 2155 1731; x_wconf 88' lang='lat' dir='ltr'><strong>Patr</strong></span> 
     </span>
    </p>
   </div>
   <div class='ocr_carea' id='block_1_26' title="bbox 2344 1676 3920 1754">
    <p class='ocr_par' dir='ltr' id='par_1_26' title="bbox 2344 1681 3920 1754">
     <span class='ocr_line' id='line_1_26' title="bbox 2344 1681 3920 1754; baseline 0.001 -21"><span class='ocrx_word' id='word_1_195' title='bbox 2344 1698 2391 1733; x_wconf 71' lang='grc' dir='ltr'><strong>ιυ</strong></span> <span class='ocrx_word' id='word_1_196' title='bbox 2422 1681 2515 1736; x_wconf 85' lang='grc' dir='ltr'><strong>τὸν</strong></span> <span class='ocrx_word' id='word_1_197' title='bbox 2552 1682 2752 1753; x_wconf 76' lang='grc' dir='ltr'>εὐσεϐῆ</span> <span class='ocrx_word' id='word_1_198' title='bbox 2790 1682 3089 1750; x_wconf 69' lang='grc' dir='ltr'>λογισμόν*</span> <span class='ocrx_word' id='word_1_199' title='bbox 3124 1682 3208 1735; x_wconf 83' lang='grc' dir='ltr'>ὅτι</span> <span class='ocrx_word' id='word_1_200' title='bbox 3248 1685 3348 1752; x_wconf 77' lang='grc' dir='ltr'>τῆς</span> <span class='ocrx_word' id='word_1_201' title='bbox 3385 1681 3565 1751; x_wconf 71' lang='grc' dir='ltr'>αὐτῆς</span> <span class='ocrx_word' id='word_1_202' title='bbox 3607 1683 3697 1754; x_wconf 78' lang='grc' dir='ltr'><strong>τῷ</strong></span> <span class='ocrx_word' id='word_1_203' title='bbox 3742 1702 3920 1754; x_wconf 59' lang='lat' dir='ltr'><strong>pax:-</strong></span> 
     </span>
    </p>
   </div>
   <div class='ocr_carea' id='block_1_27' title="bbox 582 1771 2158 1847">
    <p class='ocr_par' dir='ltr' id='par_1_27' title="bbox 582 1771 2141 1846">
     <span class='ocr_line' id='line_1_27' title="bbox 582 1771 2141 1846; baseline -0.004 -17"><span class='ocrx_word' id='word_1_204' title='bbox 582 1776 929 1846; x_wconf 88' lang='lat' dir='ltr'><strong>propositum</strong></span> <span class='ocrx_word' id='word_1_205' title='bbox 994 1774 1198 1830; x_wconf 86' lang='lat' dir='ltr'><strong>habeas</strong></span> <span class='ocrx_word' id='word_1_206' title='bbox 1266 1786 1492 1844; x_wconf 86' lang='lat' dir='ltr'><strong>propter</strong></span> <span class='ocrx_word' id='word_1_207' title='bbox 1551 1771 1833 1827; x_wconf 82' lang='lat' dir='ltr'><strong>Christum</strong></span> <span class='ocrx_word' id='word_1_208' title='bbox 1898 1772 2141 1841; x_wconf 88' lang='lat' dir='ltr'><strong>patiendi</strong></span> 
     </span>
    </p>
   </div>
   <div class='ocr_carea' id='block_1_28' title="bbox 2343 1771 3919 1847">
    <p class='ocr_par' dir='ltr' id='par_1_28' title="bbox 2343 1773 3919 1847">
     <span class='ocr_line' id='line_1_28' title="bbox 2343 1773 3919 1847; baseline 0.001 -21"><span class='ocrx_word' id='word_1_209' title='bbox 2343 1775 2402 1846; x_wconf 79' lang='grc' dir='ltr'><strong>ἴῳ</strong></span> <span class='ocrx_word' id='word_1_210' title='bbox 2436 1775 2634 1847; x_wconf 81' lang='grc' dir='ltr'>ἐκείνῳ</span> <span class='ocrx_word' id='word_1_211' title='bbox 2682 1776 2863 1847; x_wconf 71' lang='lat' dir='ltr'><strong>Ila.th</strong></span> <span class='ocrx_word' id='word_1_212' title='bbox 2896 1775 3197 1838; x_wconf 77' lang='grc' dir='ltr'><strong>διαθέσεως</strong></span> <span class='ocrx_word' id='word_1_213' title='bbox 3230 1773 3552 1835; x_wconf 72' lang='grc' dir='ltr'>ἀκολούθως</span> <span class='ocrx_word' id='word_1_214' title='bbox 3592 1775 3759 1846; x_wconf 77' lang='grc' dir='ltr'>ἔχεις</span> <span class='ocrx_word' id='word_1_215' title='bbox 3791 1778 3919 1847; x_wconf 73' lang='grc' dir='ltr'>ὑπὲρ</span> 
     </span>
    </p>
   </div>
   <div class='ocr_carea' id='block_1_29' title="bbox 582 1866 2158 1962">
    <p class='ocr_par' dir='ltr' id='par_1_29' title="bbox 582 1866 2158 1940">
     <span class='ocr_line' id='line_1_29' title="bbox 582 1866 2158 1940; baseline -0.004 -14"><span class='ocrx_word' id='word_1_216' title='bbox 582 1870 750 1940; x_wconf 86' lang='lat' dir='ltr'><strong>idque</strong></span> <span class='ocrx_word' id='word_1_217' title='bbox 798 1868 926 1939; x_wconf 86' lang='lat' dir='ltr'><strong>jure</strong></span> <span class='ocrx_word' id='word_1_218' title='bbox 977 1869 1229 1938; x_wconf 88' lang='lat' dir='ltr'><strong>optimo:</strong></span> <span class='ocrx_word' id='word_1_219' title='bbox 1284 1878 1346 1921; x_wconf 92' lang='lat' dir='ltr'><strong>ut</strong></span> <span class='ocrx_word' id='word_1_220' title='bbox 1396 1867 1574 1936; x_wconf 89' lang='lat' dir='ltr'><strong>palam</strong></span> <span class='ocrx_word' id='word_1_221' title='bbox 1607 1866 1698 1932; x_wconf 92' lang='lat' dir='ltr'><strong>sit,</strong></span> <span class='ocrx_word' id='word_1_222' title='bbox 1762 1880 1924 1919; x_wconf 85' lang='lat' dir='ltr'><strong>unam</strong></span> <span class='ocrx_word' id='word_1_223' title='bbox 1977 1866 2158 1935; x_wconf 84' lang='lat' dir='ltr'><strong>utriqu</strong></span> 
     </span>
    </p>
   </div>
   <div class='ocr_carea' id='block_1_30' title="bbox 2342 1866 3918 1962">
    <p class='ocr_par' dir='ltr' id='par_1_30' title="bbox 2342 1867 3918 1940">
     <span class='ocr_line' id='line_1_30' title="bbox 2342 1867 3918 1940; baseline 0.003 -23"><span class='ocrx_word' id='word_1_224' title='bbox 2342 1867 2538 1939; x_wconf 61' lang='lat'><strong>9:67.05</strong></span> <span class='ocrx_word' id='word_1_225' title='bbox 2571 1868 2840 1937; x_wconf 74' lang='grc' dir='ltr'>πάσχεινο</span> <span class='ocrx_word' id='word_1_226' title='bbox 2892 1868 2988 1921; x_wconf 72' lang='grc' dir='ltr'><strong>καὶ</strong></span> <span class='ocrx_word' id='word_1_227' title='bbox 3017 1870 3283 1931; x_wconf 76' lang='grc' dir='ltr'>εἰκότωςο</span> <span class='ocrx_word' id='word_1_228' title='bbox 3323 1867 3410 1919; x_wconf 79' lang='grc' dir='ltr'>ἵνα</span> <span class='ocrx_word' id='word_1_229' title='bbox 3446 1872 3599 1939; x_wconf 75' lang='grc' dir='ltr'>φανῇ</span> <span class='ocrx_word' id='word_1_230' title='bbox 3636 1870 3728 1922; x_wconf 79' lang='grc' dir='ltr'><strong>ὅτι</strong></span> <span class='ocrx_word' id='word_1_231' title='bbox 3764 1872 3801 1940; x_wconf 72' lang='grc' dir='ltr'>ἡ</span> <span class='ocrx_word' id='word_1_232' title='bbox 3836 1874 3918 1940; x_wconf 60' lang='grc' dir='ltr'><strong>μία</strong></span> 
     </span>
    </p>
   </div>
   <div class='ocr_carea' id='block_1_31' title="bbox 582 1960 2158 2035">
    <p class='ocr_par' dir='ltr' id='par_1_31' title="bbox 582 1960 2152 2031">
     <span class='ocr_line' id='line_1_31' title="bbox 582 1960 2152 2031; baseline -0.004 -12"><span class='ocrx_word' id='word_1_233' title='bbox 582 1978 805 2019; x_wconf 85' lang='lat' dir='ltr'><strong>carnem</strong></span> <span class='ocrx_word' id='word_1_234' title='bbox 837 1972 891 2018; x_wconf 88' lang='lat' dir='ltr'><strong>et</strong></span> <span class='ocrx_word' id='word_1_235' title='bbox 925 1972 1163 2017; x_wconf 85' lang='lat' dir='ltr'><strong>tuentem</strong></span> <span class='ocrx_word' id='word_1_236' title='bbox 1216 1976 1383 2015; x_wconf 89' lang='lat' dir='ltr'><strong>unam</strong></span> <span class='ocrx_word' id='word_1_237' title='bbox 1442 1976 1585 2020; x_wconf 84' lang='lat' dir='ltr'><strong>esse.</strong></span> <span class='ocrx_word' id='word_1_238' title='bbox 1642 1976 1744 2015; x_wconf 89' lang='lat' dir='ltr'><strong>nec</strong></span> <span class='ocrx_word' id='word_1_239' title='bbox 1778 1971 1829 2014; x_wconf 88' lang='lat' dir='ltr'><strong>te</strong></span> <span class='ocrx_word' id='word_1_240' title='bbox 1869 1960 2152 2031; x_wconf 75' lang='lat' dir='ltr'><strong>tliscrepar</strong></span> 
     </span>
    </p>
   </div>
   <div class='ocr_carea' id='block_1_32' title="bbox 2342 1960 3918 2035">
    <p class='ocr_par' dir='ltr' id='par_1_32' title="bbox 2342 1960 3918 2035">
     <span class='ocr_line' id='line_1_32' title="bbox 2342 1960 3918 2035; baseline 0.001 -20"><span class='ocrx_word' id='word_1_241' title='bbox 2342 1963 2435 2030; x_wconf 68' lang='grc' dir='ltr'><strong>αρξ</strong></span> <span class='ocrx_word' id='word_1_242' title='bbox 2485 1960 2545 2015; x_wconf 82' lang='grc' dir='ltr'>ἓν</span> <span class='ocrx_word' id='word_1_243' title='bbox 2599 1963 2694 2015; x_wconf 76' lang='grc' dir='ltr'><strong>καὶ</strong></span> <span class='ocrx_word' id='word_1_244' title='bbox 2753 1961 3010 2032; x_wconf 75' lang='grc' dir='ltr'>φρόνημα</span> <span class='ocrx_word' id='word_1_245' title='bbox 3069 1964 3300 2033; x_wconf 80' lang='grc' dir='ltr'>κρατεῖ,</span> <span class='ocrx_word' id='word_1_246' title='bbox 3336 1966 3436 2034; x_wconf 79' lang='grc' dir='ltr'><strong>οὐχ</strong></span> <span class='ocrx_word' id='word_1_247' title='bbox 3492 1966 3918 2035; x_wconf 72' lang='grc' dir='ltr'>ὲτεροζυγοῦσα</span> 
     </span>
    </p>
   </div>
   <div class='ocr_carea' id='block_1_33' title="bbox 583 2048 2159 2128">
    <p class='ocr_par' dir='ltr' id='par_1_33' title="bbox 583 2053 2159 2125">
     <span class='ocr_line' id='line_1_33' title="bbox 583 2053 2159 2125; baseline -0.003 -13"><span class='ocrx_word' id='word_1_248' title='bbox 583 2056 707 2112; x_wconf 86' lang='lat' dir='ltr'><strong>llde.</strong></span> <span class='ocrx_word' id='word_1_249' title='bbox 776 2053 885 2110; x_wconf 92' lang='lat' dir='ltr'><strong>Deo</strong></span> <span class='ocrx_word' id='word_1_250' title='bbox 944 2056 1112 2125; x_wconf 81' lang='lat' dir='ltr'><strong>igitur</strong></span> <span class='ocrx_word' id='word_1_251' title='bbox 1161 2064 1344 2125; x_wconf 84' lang='lat' dir='ltr'><strong>grates</strong></span> <span class='ocrx_word' id='word_1_252' title='bbox 1399 2053 1646 2124; x_wconf 73' lang='lat' dir='ltr'><strong>agendae,</strong></span> <span class='ocrx_word' id='word_1_253' title='bbox 1703 2054 1800 2123; x_wconf 88' lang='lat' dir='ltr'><strong>qui</strong></span> <span class='ocrx_word' id='word_1_254' title='bbox 1836 2068 1937 2108; x_wconf 88' lang='lat' dir='ltr'><strong>vos</strong></span> <span class='ocrx_word' id='word_1_255' title='bbox 1989 2054 2084 2117; x_wconf 88' lang='lat' dir='ltr'><strong>ita,</strong></span> <span class='ocrx_word' id='word_1_256' title='bbox 2119 2069 2159 2107; x_wconf 45' lang='lat' dir='ltr'><strong>e‘</strong></span> 
     </span>
    </p>
   </div>
   <div class='ocr_carea' id='block_1_34' title="bbox 2338 2048 3914 2128">
    <p class='ocr_par' dir='ltr' id='par_1_34' title="bbox 2342 2048 3914 2128">
     <span class='ocr_line' id='line_1_34' title="bbox 2342 2048 3914 2128; baseline 0.004 -24"><span class='ocrx_word' id='word_1_257' title='bbox 2342 2053 2427 2122; x_wconf 75' lang='lat' dir='ltr'><strong>spl.</strong></span> <span class='ocrx_word' id='word_1_258' title='bbox 2454 2053 2553 2123; x_wconf 81' lang='grc' dir='ltr'>τὴν</span> <span class='ocrx_word' id='word_1_259' title='bbox 2586 2051 2795 2106; x_wconf 87' lang='grc' dir='ltr'>πίστιν.</span> <span class='ocrx_word' id='word_1_260' title='bbox 2845 2053 3023 2122; x_wconf 80' lang='grc' dir='ltr'>Χάρις</span> <span class='ocrx_word' id='word_1_261' title='bbox 3054 2048 3148 2106; x_wconf 79' lang='grc' dir='ltr'><strong>οὖν</strong></span> <span class='ocrx_word' id='word_1_262' title='bbox 3174 2054 3254 2125; x_wconf 79' lang='grc' dir='ltr'><strong>τῷ</strong></span> <span class='ocrx_word' id='word_1_263' title='bbox 3279 2053 3400 2125; x_wconf 84' lang='grc' dir='ltr'><strong>Θεῴ</strong></span> <span class='ocrx_word' id='word_1_264' title='bbox 3426 2054 3506 2125; x_wconf 82' lang='grc' dir='ltr'>τῷ</span> <span class='ocrx_word' id='word_1_265' title='bbox 3550 2055 3745 2120; x_wconf 73' lang='grc' dir='ltr'>οὕτως</span> <span class='ocrx_word' id='word_1_266' title='bbox 3780 2058 3914 2128; x_wconf 66' lang='grc' dir='ltr'>ὑμᾶς</span> 
     </span>
    </p>
   </div>
   <div class='ocr_carea' id='block_1_35' title="bbox 593 2144 2169 2219">
    <p class='ocr_par' dir='ltr' id='par_1_35' title="bbox 593 2146 2164 2219">
     <span class='ocr_line' id='line_1_35' title="bbox 593 2146 2164 2219; baseline -0.003 -15"><span class='ocrx_word' id='word_1_267' title='bbox 593 2148 772 2219; x_wconf 89' lang='lat' dir='ltr'><strong>ipsius</strong></span> <span class='ocrx_word' id='word_1_268' title='bbox 796 2161 943 2202; x_wconf 86' lang='lat' dir='ltr'><strong>metu</strong></span> <span class='ocrx_word' id='word_1_269' title='bbox 975 2158 1031 2203; x_wconf 90' lang='lat' dir='ltr'><strong>et</strong></span> <span class='ocrx_word' id='word_1_270' title='bbox 1068 2163 1276 2213; x_wconf 87' lang='lat' dir='ltr'><strong>amore,</strong></span> <span class='ocrx_word' id='word_1_271' title='bbox 1320 2147 1590 2217; x_wconf 73' lang='lat' dir='ltr'><strong>disjunxit</strong></span> <span class='ocrx_word' id='word_1_272' title='bbox 1633 2146 1881 2202; x_wconf 85' lang='lat' dir='ltr'><strong>invicem</strong></span> <span class='ocrx_word' id='word_1_273' title='bbox 1908 2146 2164 2217; x_wconf 71' lang='lat' dir='ltr'><strong>Evangeli</strong></span> 
     </span>
    </p>
   </div>
   <div class='ocr_carea' id='block_1_36' title="bbox 2337 2144 3913 2219">
    <p class='ocr_par' dir='ltr' id='par_1_36' title="bbox 2337 2144 3913 2215">
     <span class='ocr_line' id='line_1_36' title="bbox 2337 2144 3913 2215; baseline 0.001 -18"><span class='ocrx_word' id='word_1_274' title='bbox 2337 2145 2384 2199; x_wconf 64' lang='grc' dir='ltr'><strong>μὰ</strong></span> <span class='ocrx_word' id='word_1_275' title='bbox 2422 2144 2516 2199; x_wconf 82' lang='grc' dir='ltr'><strong>τὸν</strong></span> <span class='ocrx_word' id='word_1_276' title='bbox 2544 2144 2711 2215; x_wconf 72' lang='grc' dir='ltr'>φόϐον</span> <span class='ocrx_word' id='word_1_277' title='bbox 2739 2146 2847 2210; x_wconf 59' lang='lat' dir='ltr'><strong>pta):</strong></span> <span class='ocrx_word' id='word_1_278' title='bbox 2882 2145 3054 2197; x_wconf 77' lang='grc' dir='ltr'>πόθον</span> <span class='ocrx_word' id='word_1_279' title='bbox 3088 2146 3257 2199; x_wconf 86' lang='grc' dir='ltr'>αὐτοῦ</span> <span class='ocrx_word' id='word_1_280' title='bbox 3292 2145 3659 2212; x_wconf 72' lang='grc' dir='ltr'>διαζεύξαντι</span> <span class='ocrx_word' id='word_1_281' title='bbox 3691 2152 3798 2202; x_wconf 76' lang='grc' dir='ltr'>ἀπ’</span> <span class='ocrx_word' id='word_1_282' title='bbox 3829 2152 3913 2203; x_wconf 68' lang='grc' dir='ltr'><strong>αὶ.-</strong></span> 
     </span>
    </p>
   </div>
   <div class='ocr_carea' id='block_1_37' title="bbox 582 2238 2158 2314">
    <p class='ocr_par' dir='ltr' id='par_1_37' title="bbox 582 2241 2152 2314">
     <span class='ocr_line' id='line_1_37' title="bbox 582 2241 2152 2314; baseline -0.002 -17"><span class='ocrx_word' id='word_1_283' title='bbox 582 2242 786 2314; x_wconf 83' lang='lat' dir='ltr'><strong>gladio,</strong></span> <span class='ocrx_word' id='word_1_284' title='bbox 821 2241 1003 2312; x_wconf 89' lang='lat' dir='ltr'><strong>quoad</strong></span> <span class='ocrx_word' id='word_1_285' title='bbox 1048 2255 1291 2311; x_wconf 88' lang='lat' dir='ltr'><strong>corpus;</strong></span> <span class='ocrx_word' id='word_1_286' title='bbox 1341 2255 1676 2309; x_wconf 80' lang='lat' dir='ltr'><strong>rursumque</strong></span> <span class='ocrx_word' id='word_1_287' title='bbox 1720 2255 1833 2295; x_wconf 90' lang='lat' dir='ltr'><strong>uno</strong></span> <span class='ocrx_word' id='word_1_288' title='bbox 1883 2242 2081 2309; x_wconf 90' lang='lat' dir='ltr'><strong>spiritu</strong></span> <span class='ocrx_word' id='word_1_289' title='bbox 2123 2255 2152 2293; x_wconf 88' lang='lat' dir='ltr'><strong>a</strong></span> 
     </span>
    </p>
   </div>
   <div class='ocr_carea' id='block_1_38' title="bbox 2338 2238 3914 2314">
    <p class='ocr_par' dir='ltr' id='par_1_38' title="bbox 2338 2238 3914 2311">
     <span class='ocr_line' id='line_1_38' title="bbox 2338 2238 3914 2311; baseline 0.003 -21"><span class='ocrx_word' id='word_1_290' title='bbox 2338 2239 2474 2310; x_wconf 77' lang='grc' dir='ltr'>ήλων</span> <span class='ocrx_word' id='word_1_291' title='bbox 2524 2238 2772 2310; x_wconf 70' lang='grc' dir='ltr'>μαχαίρᾳ</span> <span class='ocrx_word' id='word_1_292' title='bbox 2818 2240 3156 2310; x_wconf 78' lang='grc' dir='ltr'>εὐαγγελικῇ</span> <span class='ocrx_word' id='word_1_293' title='bbox 3199 2242 3561 2311; x_wconf 79' lang='grc' dir='ltr'><strong>σωματικῶς,</strong></span> <span class='ocrx_word' id='word_1_294' title='bbox 3597 2244 3709 2296; x_wconf 74' lang='grc' dir='ltr'>καὶ</span> <span class='ocrx_word' id='word_1_295' title='bbox 3756 2245 3914 2297; x_wconf 66' lang='grc' dir='ltr'>πάλιν</span> 
     </span>
    </p>
   </div>
   <div class='ocr_carea' id='block_1_39' title="bbox 584 2332 2160 2407">
    <p class='ocr_par' dir='ltr' id='par_1_39' title="bbox 584 2334 2160 2407">
     <span class='ocr_line' id='line_1_39' title="bbox 584 2334 2160 2407; baseline -0.004 -14"><span class='ocrx_word' id='word_1_296' title='bbox 584 2352 775 2401; x_wconf 89' lang='lat' dir='ltr'><strong>sensu,</strong></span> <span class='ocrx_word' id='word_1_297' title='bbox 814 2335 997 2407; x_wconf 89' lang='lat' dir='ltr'><strong>quoad</strong></span> <span class='ocrx_word' id='word_1_298' title='bbox 1040 2336 1289 2390; x_wconf 89' lang='lat' dir='ltr'><strong>animum</strong></span> <span class='ocrx_word' id='word_1_299' title='bbox 1331 2336 1696 2390; x_wconf 77' lang='lat' dir='ltr'><strong>consOciavit.</strong></span> <span class='ocrx_word' id='word_1_300' title='bbox 1743 2334 1965 2389; x_wconf 86' lang='lat' dir='ltr'><strong>Enitere</strong></span> <span class='ocrx_word' id='word_1_301' title='bbox 1997 2335 2160 2402; x_wconf 82' lang='lat' dir='ltr'><strong>igitur</strong></span> 
     </span>
    </p>
   </div>
   <div class='ocr_carea' id='block_1_40' title="bbox 2334 2332 3910 2407">
    <p class='ocr_par' dir='ltr' id='par_1_40' title="bbox 2334 2332 3910 2406">
     <span class='ocr_line' id='line_1_40' title="bbox 2334 2332 3910 2406; baseline 0.001 -20"><span class='ocrx_word' id='word_1_302' title='bbox 2334 2332 2375 2404; x_wconf 81' lang='grc' dir='ltr'>ᾦ</span> <span class='ocrx_word' id='word_1_303' title='bbox 2397 2333 2480 2386; x_wconf 68' lang='grc' dir='ltr'>ἐνὶ.</span> <span class='ocrx_word' id='word_1_304' title='bbox 2505 2332 2779 2404; x_wconf 84' lang='grc' dir='ltr'>πνεύματι</span> <span class='ocrx_word' id='word_1_305' title='bbox 2811 2335 2906 2385; x_wconf 69' lang='grc' dir='ltr'><strong>καὶ</strong></span> <span class='ocrx_word' id='word_1_306' title='bbox 2937 2334 3251 2404; x_wconf 70' lang='grc' dir='ltr'>φρονήματι</span> <span class='ocrx_word' id='word_1_307' title='bbox 3281 2332 3595 2403; x_wconf 76' lang='grc' dir='ltr'>συνάψαντι</span> <span class='ocrx_word' id='word_1_308' title='bbox 3635 2335 3910 2406; x_wconf 71' lang='grc' dir='ltr'>ψυχικῶς.</span> 
     </span>
    </p>
   </div>
   <div class='ocr_carea' id='block_1_41' title="bbox 583 2426 2159 2501">
    <p class='ocr_par' dir='ltr' id='par_1_41' title="bbox 583 2427 2152 2500">
     <span class='ocr_line' id='line_1_41' title="bbox 583 2427 2152 2500; baseline -0.002 -16"><span class='ocrx_word' id='word_1_309' title='bbox 583 2430 809 2485; x_wconf 88' lang='lat' dir='ltr'><strong>domina</strong></span> <span class='ocrx_word' id='word_1_310' title='bbox 863 2444 1005 2494; x_wconf 89' lang='lat' dir='ltr'><strong>mea,</strong></span> <span class='ocrx_word' id='word_1_311' title='bbox 1042 2439 1100 2482; x_wconf 91' lang='lat' dir='ltr'><strong>ut</strong></span> <span class='ocrx_word' id='word_1_312' title='bbox 1143 2427 1340 2497; x_wconf 67' lang='lat' dir='ltr'><strong>aequali</strong></span> <span class='ocrx_word' id='word_1_313' title='bbox 1393 2444 1517 2482; x_wconf 93' lang='lat' dir='ltr'><strong>cum</strong></span> <span class='ocrx_word' id='word_1_314' title='bbox 1559 2443 1625 2481; x_wconf 71' lang='grc' dir='ltr'>(ιο</span> <span class='ocrx_word' id='word_1_315' title='bbox 1655 2428 1975 2483; x_wconf 90' lang='lat' dir='ltr'><strong>conditione</strong></span> <span class='ocrx_word' id='word_1_316' title='bbox 2023 2428 2152 2500; x_wconf 87' lang='lat' dir='ltr'><strong>dign</strong></span> 
     </span>
    </p>
   </div>
   <div class='ocr_carea' id='block_1_42' title="bbox 2336 2426 3912 2501">
    <p class='ocr_par' dir='ltr' id='par_1_42' title="bbox 2344 2426 3912 2501">
     <span class='ocr_line' id='line_1_42' title="bbox 2344 2426 3912 2501; baseline 0.001 -21"><span class='ocrx_word' id='word_1_317' title='bbox 2344 2427 2613 2481; x_wconf 80' lang='grc' dir='ltr'>πούὸασον</span> <span class='ocrx_word' id='word_1_318' title='bbox 2653 2426 2769 2492; x_wconf 76' lang='grc' dir='ltr'>οὖν,</span> <span class='ocrx_word' id='word_1_319' title='bbox 2811 2427 2983 2497; x_wconf 85' lang='grc' dir='ltr'>κυρία</span> <span class='ocrx_word' id='word_1_320' title='bbox 3022 2446 3147 2498; x_wconf 85' lang='grc' dir='ltr'>μου,</span> <span class='ocrx_word' id='word_1_321' title='bbox 3187 2427 3285 2497; x_wconf 80' lang='grc' dir='ltr'>τῆς</span> <span class='ocrx_word' id='word_1_322' title='bbox 3332 2428 3455 2497; x_wconf 74' lang='grc' dir='ltr'>ἴσης</span> <span class='ocrx_word' id='word_1_323' title='bbox 3488 2428 3657 2499; x_wconf 76' lang='grc' dir='ltr'>αὐτῷ</span> <span class='ocrx_word' id='word_1_324' title='bbox 3693 2430 3912 2501; x_wconf 66' lang='grc' dir='ltr'>μερίδος</span> 
     </span>
    </p>
   </div>
   <div class='ocr_carea' id='block_1_43' title="bbox 584 2520 2160 2594">
    <p class='ocr_par' dir='ltr' id='par_1_43' title="bbox 584 2520 2160 2587">
     <span class='ocr_line' id='line_1_43' title="bbox 584 2520 2160 2587; baseline -0.001 -8"><span class='ocrx_word' id='word_1_325' title='bbox 584 2522 893 2585; x_wconf 85' lang='lat' dir='ltr'><strong>censearis,</strong></span> <span class='ocrx_word' id='word_1_326' title='bbox 948 2532 1009 2576; x_wconf 88' lang='lat' dir='ltr'><strong>ut</strong></span> <span class='ocrx_word' id='word_1_327' title='bbox 1052 2520 1165 2576; x_wconf 89' lang='lat' dir='ltr'><strong>illic</strong></span> <span class='ocrx_word' id='word_1_328' title='bbox 1203 2522 1383 2577; x_wconf 89' lang='lat' dir='ltr'><strong>eidem</strong></span> <span class='ocrx_word' id='word_1_329' title='bbox 1425 2536 1713 2587; x_wconf 85' lang='lat' dir='ltr'><strong>occurras,</strong></span> <span class='ocrx_word' id='word_1_330' title='bbox 1748 2531 1809 2576; x_wconf 94' lang='lat' dir='ltr'><strong>ut</strong></span> <span class='ocrx_word' id='word_1_331' title='bbox 1842 2522 1921 2575; x_wconf 92' lang='lat' dir='ltr'><strong>sis</strong></span> <span class='ocrx_word' id='word_1_332' title='bbox 1953 2537 2078 2575; x_wconf 91' lang='lat' dir='ltr'><strong>cum</strong></span> <span class='ocrx_word' id='word_1_333' title='bbox 2124 2538 2160 2577; x_wconf 36' lang='lat' dir='ltr'><strong>et</strong></span> 
     </span>
    </p>
   </div>
   <div class='ocr_carea' id='block_1_44' title="bbox 2335 2520 3911 2594">
    <p class='ocr_par' dir='ltr' id='par_1_44' title="bbox 2339 2520 3911 2594">
     <span class='ocr_line' id='line_1_44' title="bbox 2339 2520 3911 2594; baseline -0.002 -19"><span class='ocrx_word' id='word_1_334' title='bbox 2339 2521 2639 2594; x_wconf 78' lang='grc' dir='ltr'>ξιωθῆναι,</span> <span class='ocrx_word' id='word_1_335' title='bbox 2688 2522 2787 2575; x_wconf 70' lang='grc' dir='ltr'>καὶ</span> <span class='ocrx_word' id='word_1_336' title='bbox 2848 2520 3246 2587; x_wconf 78' lang='grc' dir='ltr'>συντεύξασθαι</span> <span class='ocrx_word' id='word_1_337' title='bbox 3310 2522 3457 2587; x_wconf 75' lang='grc' dir='ltr'>ἐκεῖ,</span> <span class='ocrx_word' id='word_1_338' title='bbox 3511 2523 3612 2575; x_wconf 76' lang='grc' dir='ltr'><strong>καὶ</strong></span> <span class='ocrx_word' id='word_1_339' title='bbox 3671 2527 3911 2575; x_wconf 74' lang='grc' dir='ltr'>συνεῖναι</span> 
     </span>
    </p>
   </div>
   <div class='ocr_carea' id='block_1_45' title="bbox 588 2613 2164 2686">
    <p class='ocr_par' dir='ltr' id='par_1_45' title="bbox 588 2615 2164 2686">
     <span class='ocr_line' id='line_1_45' title="bbox 588 2615 2164 2686; baseline -0.001 -16"><span class='ocrx_word' id='word_1_340' title='bbox 588 2631 825 2686; x_wconf 86' lang='lat' dir='ltr'><strong>semper,</strong></span> <span class='ocrx_word' id='word_1_341' title='bbox 878 2617 1055 2686; x_wconf 85' lang='lat' dir='ltr'><strong>ipsum</strong></span> <span class='ocrx_word' id='word_1_342' title='bbox 1104 2615 1333 2686; x_wconf 90' lang='lat' dir='ltr'><strong>eligens,</strong></span> <span class='ocrx_word' id='word_1_343' title='bbox 1387 2623 1446 2669; x_wconf 95' lang='lat' dir='ltr'><strong>ut</strong></span> <span class='ocrx_word' id='word_1_344' title='bbox 1502 2616 1619 2684; x_wconf 86' lang='lat' dir='ltr'><strong>ipse</strong></span> <span class='ocrx_word' id='word_1_345' title='bbox 1668 2623 1721 2670; x_wconf 90' lang='lat' dir='ltr'><strong>te</strong></span> <span class='ocrx_word' id='word_1_346' title='bbox 1771 2615 1953 2686; x_wconf 79' lang='lat' dir='ltr'><strong>elegit.</strong></span> <span class='ocrx_word' id='word_1_347' title='bbox 1985 2616 2164 2685; x_wconf 86' lang='lat' dir='ltr'><strong>lnsign</strong></span> 
     </span>
    </p>
   </div>
   <div class='ocr_carea' id='block_1_46' title="bbox 2334 2613 3910 2686">
    <p class='ocr_par' dir='ltr' id='par_1_46' title="bbox 2335 2613 3910 2685">
     <span class='ocr_line' id='line_1_46' title="bbox 2335 2613 3910 2685; baseline 0.001 -18"><span class='ocrx_word' id='word_1_348' title='bbox 2335 2617 2505 2681; x_wconf 74' lang='grc' dir='ltr'>ίσαεὶ,</span> <span class='ocrx_word' id='word_1_349' title='bbox 2538 2616 2877 2685; x_wconf 76' lang='grc' dir='ltr'>αἱρουμένην</span> <span class='ocrx_word' id='word_1_350' title='bbox 2914 2614 3063 2685; x_wconf 78' lang='grc' dir='ltr'>αὐτῴ</span> <span class='ocrx_word' id='word_1_351' title='bbox 3094 2613 3169 2677; x_wconf 88' lang='grc' dir='ltr'>ὼς</span> <span class='ocrx_word' id='word_1_352' title='bbox 3200 2615 3497 2685; x_wconf 78' lang='grc' dir='ltr'>ᾑρετίσατὸ</span> <span class='ocrx_word' id='word_1_353' title='bbox 3527 2631 3613 2667; x_wconf 89' lang='grc' dir='ltr'><strong>σε.</strong></span> <span class='ocrx_word' id='word_1_354' title='bbox 3659 2615 3781 2669; x_wconf 81' lang='grc' dir='ltr'><strong>Καὶ</strong></span> <span class='ocrx_word' id='word_1_355' title='bbox 3814 2617 3910 2684; x_wconf 67' lang='grc' dir='ltr'>γᾰρ</span> 
     </span>
    </p>
   </div>
   <div class='ocr_carea' id='block_1_47' title="bbox 587 2704 2163 2777">
    <p class='ocr_par' dir='ltr' id='par_1_47' title="bbox 587 2707 2156 2777">
     <span class='ocr_line' id='line_1_47' title="bbox 587 2707 2156 2777; baseline -0.002 -13"><span class='ocrx_word' id='word_1_356' title='bbox 587 2710 734 2764; x_wconf 89' lang='lat' dir='ltr'><strong>enim</strong></span> <span class='ocrx_word' id='word_1_357' title='bbox 775 2708 1046 2763; x_wconf 86' lang='lat' dir='ltr'><strong>eharitate</strong></span> <span class='ocrx_word' id='word_1_358' title='bbox 1100 2722 1291 2761; x_wconf 89' lang='lat' dir='ltr'><strong>curam</strong></span> <span class='ocrx_word' id='word_1_359' title='bbox 1345 2707 1435 2761; x_wconf 89' lang='lat' dir='ltr'><strong>ille</strong></span> <span class='ocrx_word' id='word_1_360' title='bbox 1486 2707 1763 2777; x_wconf 86' lang='lat' dir='ltr'><strong>ingentem</strong></span> <span class='ocrx_word' id='word_1_361' title='bbox 1796 2708 1849 2761; x_wconf 90' lang='lat' dir='ltr'><strong>in</strong></span> <span class='ocrx_word' id='word_1_362' title='bbox 1887 2708 2067 2762; x_wconf 86' lang='lat' dir='ltr'><strong>salute</strong></span> <span class='ocrx_word' id='word_1_363' title='bbox 2103 2717 2156 2761; x_wconf 93' lang='lat' dir='ltr'><strong>tu</strong></span> 
     </span>
    </p>
   </div>
   <div class='ocr_carea' id='block_1_48' title="bbox 2330 2704 3906 2777">
    <p class='ocr_par' dir='ltr' id='par_1_48' title="bbox 2330 2704 3906 2777">
     <span class='ocr_line' id='line_1_48' title="bbox 2330 2704 3906 2777; baseline -0.001 -19"><span class='ocrx_word' id='word_1_364' title='bbox 2330 2706 2473 2777; x_wconf 71' lang='grc' dir='ltr'>πολλῇ</span> <span class='ocrx_word' id='word_1_365' title='bbox 2528 2705 2722 2777; x_wconf 77' lang='grc' dir='ltr'>ἀγάπῃ</span> <span class='ocrx_word' id='word_1_366' title='bbox 2786 2705 2988 2775; x_wconf 81' lang='grc' dir='ltr'>πολλὴν</span> <span class='ocrx_word' id='word_1_367' title='bbox 3034 2705 3131 2757; x_wconf 79' lang='grc' dir='ltr'><strong>καὶ</strong></span> <span class='ocrx_word' id='word_1_368' title='bbox 3179 2704 3438 2775; x_wconf 79' lang='grc' dir='ltr'>φροντίδα</span> <span class='ocrx_word' id='word_1_369' title='bbox 3499 2705 3672 2775; x_wconf 81' lang='grc' dir='ltr'>ἔσχεν</span> <span class='ocrx_word' id='word_1_370' title='bbox 3734 2706 3800 2756; x_wconf 80' lang='grc' dir='ltr'>ἐν</span> <span class='ocrx_word' id='word_1_371' title='bbox 3850 2709 3906 2775; x_wconf 77' lang='grc' dir='ltr'>τῇ</span> 
     </span>
    </p>
   </div>
   <div class='ocr_carea' id='block_1_49' title="bbox 588 2795 2164 2872">
    <p class='ocr_par' dir='ltr' id='par_1_49' title="bbox 588 2800 2141 2872">
     <span class='ocr_line' id='line_1_49' title="bbox 588 2800 2141 2872; baseline -0.001 -15"><span class='ocrx_word' id='word_1_372' title='bbox 588 2801 937 2872; x_wconf 86' lang='lat' dir='ltr'><strong>procuranda</strong></span> <span class='ocrx_word' id='word_1_373' title='bbox 968 2800 1236 2870; x_wconf 89' lang='lat' dir='ltr'><strong>suscepit,</strong></span> <span class='ocrx_word' id='word_1_374' title='bbox 1281 2800 1750 2870; x_wconf 82' lang='lat' dir='ltr'><strong>quemadmodum</strong></span> <span class='ocrx_word' id='word_1_375' title='bbox 1780 2810 1835 2855; x_wconf 91' lang='lat' dir='ltr'><strong>et</strong></span> <span class='ocrx_word' id='word_1_376' title='bbox 1870 2800 1987 2870; x_wconf 89' lang='lat' dir='ltr'><strong>ipse</strong></span> <span class='ocrx_word' id='word_1_377' title='bbox 2014 2802 2141 2855; x_wconf 84' lang='lat' dir='ltr'><strong>novi</strong></span> 
     </span>
    </p>
   </div>
   <div class='ocr_carea' id='block_1_50' title="bbox 2334 2795 3910 2872">
    <p class='ocr_par' dir='ltr' id='par_1_50' title="bbox 2338 2795 3910 2871">
     <span class='ocr_line' id='line_1_50' title="bbox 2338 2795 3910 2871; baseline -0.001 -19"><span class='ocrx_word' id='word_1_378' title='bbox 2338 2799 2554 2871; x_wconf 73' lang='grc' dir='ltr'>ωτηρίᾳ</span> <span class='ocrx_word' id='word_1_379' title='bbox 2596 2816 2726 2862; x_wconf 85' lang='grc' dir='ltr'>σου,</span> <span class='ocrx_word' id='word_1_380' title='bbox 2781 2798 2858 2862; x_wconf 83' lang='grc' dir='ltr'>ὡς</span> <span class='ocrx_word' id='word_1_381' title='bbox 2907 2796 3026 2852; x_wconf 77' lang='grc' dir='ltr'>οῖδα</span> <span class='ocrx_word' id='word_1_382' title='bbox 3059 2798 3248 2867; x_wconf 73' lang='grc' dir='ltr'><strong>κάγώ·</strong></span> <span class='ocrx_word' id='word_1_383' title='bbox 3282 2797 3477 2851; x_wconf 80' lang='grc' dir='ltr'>καθότι</span> <span class='ocrx_word' id='word_1_384' title='bbox 3510 2800 3807 2853; x_wconf 86' lang='grc' dir='ltr'>κοινωνῶν</span> <span class='ocrx_word' id='word_1_385' title='bbox 3851 2795 3910 2868; x_wconf 75' lang='grc' dir='ltr'>ἦν</span> 
     </span>
    </p>
   </div>
   <div class='ocr_carea' id='block_1_51' title="bbox 592 2891 2168 2963">
    <p class='ocr_par' dir='ltr' id='par_1_51' title="bbox 592 2892 2158 2963">
     <span class='ocr_line' id='line_1_51' title="bbox 592 2892 2158 2963; baseline -0.001 -16"><span class='ocrx_word' id='word_1_386' title='bbox 592 2909 719 2949; x_wconf 90' lang='lat' dir='ltr'><strong>nam</strong></span> <span class='ocrx_word' id='word_1_387' title='bbox 753 2894 799 2948; x_wconf 89' lang='lat' dir='ltr'><strong>is</strong></span> <span class='ocrx_word' id='word_1_388' title='bbox 846 2892 1137 2947; x_wconf 85' lang='lat' dir='ltr'><strong>humilitati</strong></span> <span class='ocrx_word' id='word_1_389' title='bbox 1197 2908 1333 2948; x_wconf 77' lang='lat' dir='ltr'><strong>meae</strong></span> <span class='ocrx_word' id='word_1_390' title='bbox 1386 2902 1651 2962; x_wconf 85' lang='lat' dir='ltr'><strong>tanquam</strong></span> <span class='ocrx_word' id='word_1_391' title='bbox 1688 2892 1799 2946; x_wconf 87' lang='lat' dir='ltr'><strong>lilio</strong></span> <span class='ocrx_word' id='word_1_392' title='bbox 1830 2908 1931 2947; x_wconf 87' lang='lat' dir='ltr'><strong>sua</strong></span> <span class='ocrx_word' id='word_1_393' title='bbox 1977 2893 2158 2963; x_wconf 83' lang='lat' dir='ltr'><strong>negoti</strong></span> 
     </span>
    </p>
   </div>
   <div class='ocr_carea' id='block_1_52' title="bbox 2330 2891 3906 2963">
    <p class='ocr_par' dir='ltr' id='par_1_52' title="bbox 2330 2891 3906 2963">
     <span class='ocr_line' id='line_1_52' title="bbox 2330 2891 3906 2963; baseline -0.001 -17"><span class='ocrx_word' id='word_1_394' title='bbox 2330 2897 2368 2963; x_wconf 60' lang='lat' dir='ltr'><strong>&quot;ﬁ</strong></span> <span class='ocrx_word' id='word_1_395' title='bbox 2401 2892 2737 2946; x_wconf 82' lang='grc' dir='ltr'>ταπεινώσει</span> <span class='ocrx_word' id='word_1_396' title='bbox 2784 2911 2886 2963; x_wconf 90' lang='grc' dir='ltr'><strong>μου</strong></span> <span class='ocrx_word' id='word_1_397' title='bbox 2920 2892 2990 2945; x_wconf 81' lang='grc' dir='ltr'>τὰ</span> <span class='ocrx_word' id='word_1_398' title='bbox 3016 2892 3141 2946; x_wconf 82' lang='grc' dir='ltr'>καθ’</span> <span class='ocrx_word' id='word_1_399' title='bbox 3168 2892 3331 2945; x_wconf 74' lang='grc' dir='ltr'>αὐτὸν</span> <span class='ocrx_word' id='word_1_400' title='bbox 3361 2892 3439 2955; x_wconf 83' lang='grc' dir='ltr'>ὡς</span> <span class='ocrx_word' id='word_1_401' title='bbox 3468 2891 3596 2961; x_wconf 80' lang='grc' dir='ltr'>υἱῷ.</span> <span class='ocrx_word' id='word_1_402' title='bbox 3632 2893 3777 2963; x_wconf 84' lang='grc' dir='ltr'><strong>Περὶ</strong></span> <span class='ocrx_word' id='word_1_403' title='bbox 3816 2894 3906 2961; x_wconf 65' lang='grc' dir='ltr'>τῆς</span> 
     </span>
    </p>
   </div>
   <div class='ocr_carea' id='block_1_53' title="bbox 592 2982 2168 3055">
    <p class='ocr_par' dir='ltr' id='par_1_53' title="bbox 592 2982 2168 3055">
     <span class='ocr_line' id='line_1_53' title="bbox 592 2982 2168 3055; baseline -0.001 -15"><span class='ocrx_word' id='word_1_404' title='bbox 592 2984 1063 3041; x_wconf 84' lang='lat' dir='ltr'><strong>communicabat.</strong></span> <span class='ocrx_word' id='word_1_405' title='bbox 1098 2982 1255 3052; x_wconf 83' lang='lat' dir='ltr'><strong>Quod</strong></span> <span class='ocrx_word' id='word_1_406' title='bbox 1299 2993 1522 3055; x_wconf 89' lang='lat' dir='ltr'><strong>propter</strong></span> <span class='ocrx_word' id='word_1_407' title='bbox 1558 2985 1962 3054; x_wconf 84' lang='lat' dir='ltr'><strong>persecutionis</strong></span> <span class='ocrx_word' id='word_1_408' title='bbox 1989 2985 2168 3039; x_wconf 76' lang='lat' dir='ltr'><strong>dilliril</strong></span> 
     </span>
    </p>
   </div>
   <div class='ocr_carea' id='block_1_54' title="bbox 2329 2982 3905 3055">
    <p class='ocr_par' dir='ltr' id='par_1_54' title="bbox 2329 2984 3905 3055">
     <span class='ocr_line' id='line_1_54' title="bbox 2329 2984 3905 3055; baseline -0.001 -18"><span class='ocrx_word' id='word_1_409' title='bbox 2329 2987 2450 3037; x_wconf 76' lang='grc' dir='ltr'><strong>ιατὰ</strong></span> <span class='ocrx_word' id='word_1_410' title='bbox 2485 2985 2733 3055; x_wconf 82' lang='grc' dir='ltr'>ἀνάγκην</span> <span class='ocrx_word' id='word_1_411' title='bbox 2766 2985 2861 3038; x_wconf 87' lang='grc' dir='ltr'><strong>τοῦ</strong></span> <span class='ocrx_word' id='word_1_412' title='bbox 2893 2984 3138 3054; x_wconf 77' lang='grc' dir='ltr'>διωγμοῦ</span> <span class='ocrx_word' id='word_1_413' title='bbox 3170 2985 3542 3055; x_wconf 83' lang='grc' dir='ltr'>ὑποκριτικῆς</span> <span class='ocrx_word' id='word_1_414' title='bbox 3572 3002 3676 3037; x_wconf 81' lang='grc' dir='ltr'><strong>σου</strong></span> <span class='ocrx_word' id='word_1_415' title='bbox 3708 2985 3905 3050; x_wconf 76' lang='grc' dir='ltr'>ἔξωθεν</span> 
     </span>
    </p>
   </div>
   <div class='ocr_carea' id='block_1_55' title="bbox 593 3077 2169 3149">
    <p class='ocr_par' dir='ltr' id='par_1_55' title="bbox 593 3077 2169 3147">
     <span class='ocr_line' id='line_1_55' title="bbox 593 3077 2169 3147; baseline -0.001 -16"><span class='ocrx_word' id='word_1_416' title='bbox 593 3078 727 3131; x_wconf 89' lang='lat' dir='ltr'><strong>lima</strong></span> <span class='ocrx_word' id='word_1_417' title='bbox 785 3087 1072 3147; x_wconf 88' lang='lat' dir='ltr'><strong>tempora,</strong></span> <span class='ocrx_word' id='word_1_418' title='bbox 1152 3077 1536 3134; x_wconf 82' lang='lat' dir='ltr'><strong>dissimulandi</strong></span> <span class='ocrx_word' id='word_1_419' title='bbox 1606 3093 1798 3143; x_wconf 83' lang='lat' dir='ltr'><strong>causa,</strong></span> <span class='ocrx_word' id='word_1_420' title='bbox 1875 3078 2169 3133; x_wconf 74' lang='lat' dir='ltr'><strong>srecularen</strong></span> 
     </span>
    </p>
   </div>
   <div class='ocr_carea' id='block_1_56' title="bbox 2327 3077 3903 3149">
    <p class='ocr_par' dir='ltr' id='par_1_56' title="bbox 2327 3078 3903 3149">
     <span class='ocr_line' id='line_1_56' title="bbox 2327 3078 3903 3149; baseline 0.001 -19"><span class='ocrx_word' id='word_1_421' title='bbox 2327 3080 2800 3149; x_wconf 80' lang='grc' dir='ltr'>ιοσμοφορήσεως,</span> <span class='ocrx_word' id='word_1_422' title='bbox 2846 3079 2983 3149; x_wconf 77' lang='grc' dir='ltr'>πρὸς</span> <span class='ocrx_word' id='word_1_423' title='bbox 3036 3079 3234 3149; x_wconf 77' lang='grc' dir='ltr'>μικρὸν</span> <span class='ocrx_word' id='word_1_424' title='bbox 3281 3078 3478 3148; x_wconf 88' lang='grc' dir='ltr'>χρόνον</span> <span class='ocrx_word' id='word_1_425' title='bbox 3519 3082 3619 3131; x_wconf 72' lang='grc' dir='ltr'><strong>καὶ</strong></span> <span class='ocrx_word' id='word_1_426' title='bbox 3672 3080 3903 3149; x_wconf 80' lang='grc' dir='ltr'>τρόπον’</span> 
     </span>
    </p>
   </div>
   <div class='ocr_carea' id='block_1_57' title="bbox 592 3166 2168 3242">
    <p class='ocr_par' dir='ltr' id='par_1_57' title="bbox 592 3170 2166 3242">
     <span class='ocr_line' id='line_1_57' title="bbox 592 3170 2166 3242; baseline 0 -17"><span class='ocrx_word' id='word_1_427' title='bbox 592 3180 822 3227; x_wconf 78' lang='lat' dir='ltr'><strong>externo</strong></span> <span class='ocrx_word' id='word_1_428' title='bbox 864 3173 1052 3226; x_wconf 85' lang='lat' dir='ltr'><strong>habitu</strong></span> <span class='ocrx_word' id='word_1_429' title='bbox 1086 3181 1344 3226; x_wconf 88' lang='lat' dir='ltr'><strong>ornatum</strong></span> <span class='ocrx_word' id='word_1_430' title='bbox 1387 3170 1555 3241; x_wconf 89' lang='lat' dir='ltr'><strong>geris,</strong></span> <span class='ocrx_word' id='word_1_431' title='bbox 1602 3171 1768 3242; x_wconf 91' lang='lat' dir='ltr'><strong>idque</strong></span> <span class='ocrx_word' id='word_1_432' title='bbox 1823 3172 2064 3236; x_wconf 89' lang='lat' dir='ltr'><strong>modice,</strong></span> <span class='ocrx_word' id='word_1_433' title='bbox 2101 3187 2166 3225; x_wconf 91' lang='lat' dir='ltr'><strong>ne</strong></span> 
     </span>
    </p>
   </div>
   <div class='ocr_carea' id='block_1_58' title="bbox 2328 3166 3904 3242">
    <p class='ocr_par' dir='ltr' id='par_1_58' title="bbox 2328 3166 3904 3241">
     <span class='ocr_line' id='line_1_58' title="bbox 2328 3166 3904 3241; baseline 0.002 -19"><span class='ocrx_word' id='word_1_434' title='bbox 2328 3170 2542 3241; x_wconf 61' lang='grc' dir='ltr'>ὤρηται</span> <span class='ocrx_word' id='word_1_435' title='bbox 2588 3172 2647 3222; x_wconf 82' lang='grc' dir='ltr'>ὲν</span> <span class='ocrx_word' id='word_1_436' title='bbox 2692 3166 2807 3234; x_wconf 84' lang='grc' dir='ltr'>τοῖς</span> <span class='ocrx_word' id='word_1_437' title='bbox 2844 3171 3023 3239; x_wconf 80' lang='grc' dir='ltr'>ἁγίοις</span> <span class='ocrx_word' id='word_1_438' title='bbox 3062 3174 3206 3223; x_wconf 82' lang='grc' dir='ltr'>κατά</span> <span class='ocrx_word' id='word_1_439' title='bbox 3236 3187 3358 3223; x_wconf 85' lang='grc' dir='ltr'>τινα</span> <span class='ocrx_word' id='word_1_440' title='bbox 3401 3172 3722 3240; x_wconf 73' lang='grc' dir='ltr'>ἀναγκαίαν</span> <span class='ocrx_word' id='word_1_441' title='bbox 3775 3171 3904 3225; x_wconf 75' lang='grc' dir='ltr'><strong>ὑπό-</strong></span> 
     </span>
    </p>
   </div>
   <div class='ocr_carea' id='block_1_59' title="bbox 593 3260 2169 3336">
    <p class='ocr_par' dir='ltr' id='par_1_59' title="bbox 593 3263 2163 3336">
     <span class='ocr_line' id='line_1_59' title="bbox 593 3263 2163 3336; baseline -0.001 -17"><span class='ocrx_word' id='word_1_442' title='bbox 593 3264 739 3321; x_wconf 89' lang='lat' dir='ltr'><strong>diu:</strong></span> <span class='ocrx_word' id='word_1_443' title='bbox 806 3275 1081 3335; x_wconf 89' lang='lat' dir='ltr'><strong>repertum</strong></span> <span class='ocrx_word' id='word_1_444' title='bbox 1130 3263 1278 3319; x_wconf 80' lang='lat' dir='ltr'><strong>istud</strong></span> <span class='ocrx_word' id='word_1_445' title='bbox 1336 3266 1389 3318; x_wconf 91' lang='lat' dir='ltr'><strong>in</strong></span> <span class='ocrx_word' id='word_1_446' title='bbox 1447 3266 1657 3319; x_wconf 87' lang='lat' dir='ltr'><strong>sanctis</strong></span> <span class='ocrx_word' id='word_1_447' title='bbox 1705 3280 1776 3320; x_wconf 79' lang='lat' dir='ltr'><strong>ex</strong></span> <span class='ocrx_word' id='word_1_448' title='bbox 1810 3280 1979 3320; x_wconf 86' lang='lat' dir='ltr'><strong>causa</strong></span> <span class='ocrx_word' id='word_1_449' title='bbox 2016 3266 2163 3336; x_wconf 87' lang='lat' dir='ltr'><strong>aliqu</strong></span> 
     </span>
    </p>
   </div>
   <div class='ocr_carea' id='block_1_60' title="bbox 2328 3260 3904 3336">
    <p class='ocr_par' dir='ltr' id='par_1_60' title="bbox 2328 3260 3904 3333">
     <span class='ocr_line' id='line_1_60' title="bbox 2328 3260 3904 3333; baseline 0.001 -18"><span class='ocrx_word' id='word_1_450' title='bbox 2328 3264 2495 3316; x_wconf 73' lang='grc' dir='ltr'>ὶεσινο</span> <span class='ocrx_word' id='word_1_451' title='bbox 2538 3264 2617 3326; x_wconf 82' lang='grc' dir='ltr'><strong>εἰς</strong></span> <span class='ocrx_word' id='word_1_452' title='bbox 2658 3262 2712 3316; x_wconf 77' lang='grc' dir='ltr'><strong>δὲ</strong></span> <span class='ocrx_word' id='word_1_453' title='bbox 2744 3264 2806 3315; x_wconf 79' lang='grc' dir='ltr'>τὸ</span> <span class='ocrx_word' id='word_1_454' title='bbox 2845 3262 2955 3327; x_wconf 74' lang='grc' dir='ltr'>ἀεὶ,</span> <span class='ocrx_word' id='word_1_455' title='bbox 3007 3262 3281 3333; x_wconf 77' lang='grc' dir='ltr'>οὐδαμῶς.</span> <span class='ocrx_word' id='word_1_456' title='bbox 3332 3264 3544 3316; x_wconf 76' lang='grc' dir='ltr'>Λοιπὸν</span> <span class='ocrx_word' id='word_1_457' title='bbox 3573 3265 3680 3316; x_wconf 79' lang='grc' dir='ltr'><strong>οὐκ</strong></span> <span class='ocrx_word' id='word_1_458' title='bbox 3713 3260 3832 3319; x_wconf 75' lang='grc' dir='ltr'>οἶδα</span> <span class='ocrx_word' id='word_1_459' title='bbox 3857 3268 3904 3317; x_wconf 82' lang='grc' dir='ltr'><strong>τί</strong></span> 
     </span>
    </p>
   </div>
   <div class='ocr_carea' id='block_1_61' title="bbox 593 3357 2169 3429">
    <p class='ocr_par' dir='ltr' id='par_1_61' title="bbox 593 3358 2169 3427">
     <span class='ocr_line' id='line_1_61' title="bbox 593 3358 2169 3427; baseline 0 -15"><span class='ocrx_word' id='word_1_460' title='bbox 593 3358 907 3413; x_wconf 90' lang='lat' dir='ltr'><strong>necessaria</strong></span> <span class='ocrx_word' id='word_1_461' title='bbox 945 3377 958 3412; x_wconf 89' lang='lat'>:</span> <span class='ocrx_word' id='word_1_462' title='bbox 1002 3358 1058 3412; x_wconf 91' lang='lat' dir='ltr'><strong>in</strong></span> <span class='ocrx_word' id='word_1_463' title='bbox 1105 3372 1269 3411; x_wconf 85' lang='lat' dir='ltr'><strong>Ottllte</strong></span> <span class='ocrx_word' id='word_1_464' title='bbox 1307 3372 1438 3412; x_wconf 86' lang='lat' dir='ltr'><strong>vero</strong></span> <span class='ocrx_word' id='word_1_465' title='bbox 1468 3366 1705 3427; x_wconf 86' lang='lat' dir='ltr'><strong>tempus,</strong></span> <span class='ocrx_word' id='word_1_466' title='bbox 1738 3358 2006 3423; x_wconf 83' lang='lat' dir='ltr'><strong>minime;</strong></span> <span class='ocrx_word' id='word_1_467' title='bbox 2044 3366 2169 3412; x_wconf 83' lang='lat' dir='ltr'><strong>ea-te</strong></span> 
     </span>
    </p>
   </div>
   <div class='ocr_carea' id='block_1_62' title="bbox 2324 3357 3900 3429">
    <p class='ocr_par' dir='ltr' id='par_1_62' title="bbox 2324 3357 3900 3429">
     <span class='ocr_line' id='line_1_62' title="bbox 2324 3357 3900 3429; baseline 0.001 -18"><span class='ocrx_word' id='word_1_468' title='bbox 2324 3359 2468 3411; x_wconf 78' lang='grc' dir='ltr'>ιῖπω.</span> <span class='ocrx_word' id='word_1_469' title='bbox 2519 3357 2645 3411; x_wconf 80' lang='grc' dir='ltr'>Ἐὰν</span> <span class='ocrx_word' id='word_1_470' title='bbox 2696 3359 2980 3429; x_wconf 67' lang='grc' dir='ltr'>ἐπιτρέψω</span> <span class='ocrx_word' id='word_1_471' title='bbox 3017 3358 3174 3428; x_wconf 65' lang='grc' dir='ltr'>ῥίψαι</span> <span class='ocrx_word' id='word_1_472' title='bbox 3226 3357 3323 3427; x_wconf 77' lang='grc' dir='ltr'>τὴν</span> <span class='ocrx_word' id='word_1_473' title='bbox 3357 3358 3682 3429; x_wconf 72' lang='grc' dir='ltr'>ὑποκρίσιν,</span> <span class='ocrx_word' id='word_1_474' title='bbox 3734 3361 3900 3421; x_wconf 74' lang='grc' dir='ltr'>εἴποις</span> 
     </span>
    </p>
   </div>
   <div class='ocr_carea' id='block_1_63' title="bbox 598 3449 2174 3523">
    <p class='ocr_par' dir='ltr' id='par_1_63' title="bbox 598 3450 2174 3523">
     <span class='ocr_line' id='line_1_63' title="bbox 598 3450 2174 3523; baseline -0.002 -15"><span class='ocrx_word' id='word_1_475' title='bbox 598 3469 720 3508; x_wconf 89' lang='lat' dir='ltr'><strong>rum</strong></span> <span class='ocrx_word' id='word_1_476' title='bbox 770 3453 899 3523; x_wconf 89' lang='lat' dir='ltr'><strong>quid</strong></span> <span class='ocrx_word' id='word_1_477' title='bbox 932 3453 1187 3508; x_wconf 90' lang='lat' dir='ltr'><strong>dicturus</strong></span> <span class='ocrx_word' id='word_1_478' title='bbox 1219 3453 1323 3507; x_wconf 90' lang='lat' dir='ltr'><strong>sim</strong></span> <span class='ocrx_word' id='word_1_479' title='bbox 1376 3453 1581 3507; x_wconf 64' lang='lat' dir='ltr'><strong>hatred.</strong></span> <span class='ocrx_word' id='word_1_480' title='bbox 1615 3450 1754 3505; x_wconf 80' lang='lat' dir='ltr'><strong>Nam</strong></span> <span class='ocrx_word' id='word_1_481' title='bbox 1799 3454 1844 3507; x_wconf 89' lang='lat' dir='ltr'><strong>si</strong></span> <span class='ocrx_word' id='word_1_482' title='bbox 1876 3465 2075 3508; x_wconf 86' lang='lat' dir='ltr'><strong>auctor</strong></span> <span class='ocrx_word' id='word_1_483' title='bbox 2101 3453 2174 3506; x_wconf 91' lang='lat' dir='ltr'><strong>sir</strong></span> 
     </span>
    </p>
   </div>
   <div class='ocr_carea' id='block_1_64' title="bbox 2324 3449 3900 3523">
    <p class='ocr_par' dir='ltr' id='par_1_64' title="bbox 2324 3449 3900 3522">
     <span class='ocr_line' id='line_1_64' title="bbox 2324 3449 3900 3522; baseline -0.001 -19"><span class='ocrx_word' id='word_1_484' title='bbox 2324 3452 2375 3503; x_wconf 77' lang='grc' dir='ltr'>ὶν</span> <span class='ocrx_word' id='word_1_485' title='bbox 2409 3450 2483 3522; x_wconf 83' lang='grc' dir='ltr'>μὴ</span> <span class='ocrx_word' id='word_1_486' title='bbox 2518 3452 2709 3521; x_wconf 80' lang='grc' dir='ltr'>φέρειν</span> <span class='ocrx_word' id='word_1_487' title='bbox 2741 3450 2801 3503; x_wconf 85' lang='grc' dir='ltr'><strong>τὸ</strong></span> <span class='ocrx_word' id='word_1_488' title='bbox 2840 3449 3179 3521; x_wconf 75' lang='grc' dir='ltr'>μαρτύριονο</span> <span class='ocrx_word' id='word_1_489' title='bbox 3212 3450 3483 3521; x_wconf 80' lang='grc' dir='ltr'>ὲνεχθήσῃ</span> <span class='ocrx_word' id='word_1_490' title='bbox 3532 3450 3646 3522; x_wconf 74' lang='grc' dir='ltr'>γὰρ</span> <span class='ocrx_word' id='word_1_491' title='bbox 3693 3453 3791 3504; x_wconf 77' lang='grc' dir='ltr'>καὶ</span> <span class='ocrx_word' id='word_1_492' title='bbox 3830 3455 3900 3513; x_wconf 83' lang='grc' dir='ltr'>εἰς</span> 
     </span>
    </p>
   </div>
   <div class='ocr_carea' id='block_1_65' title="bbox 596 3543 2172 3616">
    <p class='ocr_par' dir='ltr' id='par_1_65' title="bbox 596 3543 2167 3615">
     <span class='ocr_line' id='line_1_65' title="bbox 596 3543 2167 3615; baseline 0 -17"><span class='ocrx_word' id='word_1_493' title='bbox 596 3553 658 3599; x_wconf 81' lang='grc' dir='ltr'><strong>ιιι</strong></span> <span class='ocrx_word' id='word_1_494' title='bbox 691 3544 875 3598; x_wconf 77' lang='lat' dir='ltr'><strong>(ictum</strong></span> <span class='ocrx_word' id='word_1_495' title='bbox 912 3544 1162 3599; x_wconf 86' lang='lat' dir='ltr'><strong>habiturn</strong></span> <span class='ocrx_word' id='word_1_496' title='bbox 1209 3544 1478 3615; x_wconf 83' lang='lat' dir='ltr'><strong>deponas,</strong></span> <span class='ocrx_word' id='word_1_497' title='bbox 1534 3543 1801 3615; x_wconf 87' lang='lat' dir='ltr'><strong>imparem</strong></span> <span class='ocrx_word' id='word_1_498' title='bbox 1835 3555 1886 3599; x_wconf 87' lang='lat' dir='ltr'><strong>te</strong></span> <span class='ocrx_word' id='word_1_499' title='bbox 1941 3546 2167 3615; x_wconf 85' lang='lat' dir='ltr'><strong>martyri</strong></span> 
     </span>
    </p>
   </div>
   <div class='ocr_carea' id='block_1_66' title="bbox 2320 3543 3896 3616">
    <p class='ocr_par' dir='ltr' id='par_1_66' title="bbox 2320 3544 3896 3614">
     <span class='ocr_line' id='line_1_66' title="bbox 2320 3544 3896 3614; baseline 0.001 -17"><span class='ocrx_word' id='word_1_500' title='bbox 2320 3544 2539 3599; x_wconf 78' lang='grc' dir='ltr'>Ξὰσανα.</span> <span class='ocrx_word' id='word_1_501' title='bbox 2587 3544 2715 3598; x_wconf 84' lang='grc' dir='ltr'>Ἐάν</span> <span class='ocrx_word' id='word_1_502' title='bbox 2748 3561 2808 3597; x_wconf 79' lang='grc' dir='ltr'><strong>τε</strong></span> <span class='ocrx_word' id='word_1_503' title='bbox 2843 3544 3009 3597; x_wconf 79' lang='grc' dir='ltr'>πάλιν</span> <span class='ocrx_word' id='word_1_504' title='bbox 3044 3547 3399 3614; x_wconf 78' lang='grc' dir='ltr'>ὲπαφήσαιμι</span> <span class='ocrx_word' id='word_1_505' title='bbox 3425 3544 3602 3607; x_wconf 80' lang='grc' dir='ltr'>οὕτως</span> <span class='ocrx_word' id='word_1_506' title='bbox 3623 3584 3641 3607; x_wconf 86' lang='grc'>,</span> <span class='ocrx_word' id='word_1_507' title='bbox 3676 3546 3779 3598; x_wconf 77' lang='grc' dir='ltr'>οὐκ</span> <span class='ocrx_word' id='word_1_508' title='bbox 3802 3546 3896 3614; x_wconf 68' lang='grc' dir='ltr'>ἔχω</span> 
     </span>
    </p>
   </div>
   <div class='ocr_carea' id='block_1_67' title="bbox 595 3637 2171 3711">
    <p class='ocr_par' dir='ltr' id='par_1_67' title="bbox 595 3638 2171 3711">
     <span class='ocr_line' id='line_1_67' title="bbox 595 3638 2171 3711; baseline -0.001 -16"><span class='ocrx_word' id='word_1_509' title='bbox 595 3641 787 3695; x_wconf 82' lang='lat' dir='ltr'><strong>dices:</strong></span> <span class='ocrx_word' id='word_1_510' title='bbox 826 3640 1117 3696; x_wconf 86' lang='lat' dir='ltr'><strong>vocaberis</strong></span> <span class='ocrx_word' id='word_1_511' title='bbox 1144 3641 1291 3696; x_wconf 92' lang='lat' dir='ltr'><strong>enim</strong></span> <span class='ocrx_word' id='word_1_512' title='bbox 1343 3649 1399 3695; x_wconf 90' lang='lat' dir='ltr'><strong>et</strong></span> <span class='ocrx_word' id='word_1_513' title='bbox 1438 3639 1506 3695; x_wconf 89' lang='lat' dir='ltr'><strong>ad</strong></span> <span class='ocrx_word' id='word_1_514' title='bbox 1539 3655 1755 3711; x_wconf 71' lang='lat' dir='ltr'><strong>punias.</strong></span> <span class='ocrx_word' id='word_1_515' title='bbox 1801 3638 1859 3694; x_wconf 91' lang='lat' dir='ltr'><strong>Si</strong></span> <span class='ocrx_word' id='word_1_516' title='bbox 1893 3656 2118 3695; x_wconf 90' lang='lat' dir='ltr'><strong>rursum</strong></span> <span class='ocrx_word' id='word_1_517' title='bbox 2155 3650 2171 3694; x_wconf 95' lang='lat' dir='ltr'><strong>t</strong></span> 
     </span>
    </p>
   </div>
   <div class='ocr_carea' id='block_1_68' title="bbox 2317 3637 3893 3711">
    <p class='ocr_par' dir='ltr' id='par_1_68' title="bbox 2317 3637 3893 3711">
     <span class='ocr_line' id='line_1_68' title="bbox 2317 3637 3893 3711; baseline -0.002 -20"><span class='ocrx_word' id='word_1_518' title='bbox 2317 3639 2593 3711; x_wconf 75' lang='grc' dir='ltr'>Γραφικὴν</span> <span class='ocrx_word' id='word_1_519' title='bbox 2646 3640 2979 3710; x_wconf 84' lang='grc' dir='ltr'>μαρτυρίαν.</span> <span class='ocrx_word' id='word_1_520' title='bbox 3029 3641 3134 3700; x_wconf 78' lang='grc' dir='ltr'>Δύο</span> <span class='ocrx_word' id='word_1_521' title='bbox 3176 3637 3359 3691; x_wconf 86' lang='grc' dir='ltr'>τοίνυν</span> <span class='ocrx_word' id='word_1_522' title='bbox 3412 3637 3603 3690; x_wconf 81' lang='grc' dir='ltr'>κακῶν</span> <span class='ocrx_word' id='word_1_523' title='bbox 3681 3656 3893 3710; x_wconf 81' lang='grc' dir='ltr'>προκει-</span> 
     </span>
    </p>
   </div>
   <div class='ocr_carea' id='block_1_69' title="bbox 597 3729 2173 3804">
    <p class='ocr_par' dir='ltr' id='par_1_69' title="bbox 597 3730 2173 3802">
     <span class='ocr_line' id='line_1_69' title="bbox 597 3730 2173 3802; baseline 0.001 -17"><span class='ocrx_word' id='word_1_524' title='bbox 597 3730 681 3785; x_wconf 88' lang='lat' dir='ltr'><strong>sic</strong></span> <span class='ocrx_word' id='word_1_525' title='bbox 731 3731 1043 3798; x_wconf 82' lang='lat' dir='ltr'><strong>dimittam,</strong></span> <span class='ocrx_word' id='word_1_526' title='bbox 1098 3732 1304 3801; x_wconf 89' lang='lat' dir='ltr'><strong>scripta</strong></span> <span class='ocrx_word' id='word_1_527' title='bbox 1369 3732 1519 3787; x_wconf 89' lang='lat' dir='ltr'><strong>nulla</strong></span> <span class='ocrx_word' id='word_1_528' title='bbox 1570 3734 1876 3787; x_wconf 90' lang='lat' dir='ltr'><strong>auctoritas</strong></span> <span class='ocrx_word' id='word_1_529' title='bbox 1935 3740 2021 3787; x_wconf 89' lang='lat' dir='ltr'><strong>est</strong></span> <span class='ocrx_word' id='word_1_530' title='bbox 2080 3748 2173 3802; x_wconf 64' lang='lat' dir='ltr'><strong>qua</strong></span> 
     </span>
    </p>
   </div>
   <div class='ocr_carea' id='block_1_70' title="bbox 2315 3729 3891 3804">
    <p class='ocr_par' dir='ltr' id='par_1_70' title="bbox 2315 3729 3891 3804">
     <span class='ocr_line' id='line_1_70' title="bbox 2315 3729 3891 3804; baseline -0.001 -18"><span class='ocrx_word' id='word_1_531' title='bbox 2315 3733 2508 3802; x_wconf 78' lang='grc' dir='ltr'>μένων,</span> <span class='ocrx_word' id='word_1_532' title='bbox 2550 3732 2798 3803; x_wconf 85' lang='grc' dir='ltr'>κρεῖττόν</span> <span class='ocrx_word' id='word_1_533' title='bbox 2852 3735 2969 3786; x_wconf 85' lang='grc' dir='ltr'>ὲστι</span> <span class='ocrx_word' id='word_1_534' title='bbox 3014 3732 3473 3804; x_wconf 83' lang='grc' dir='ltr'>κρυπτομόναχον</span> <span class='ocrx_word' id='word_1_535' title='bbox 3525 3729 3694 3797; x_wconf 84' lang='grc' dir='ltr'>εἶναι,</span> <span class='ocrx_word' id='word_1_536' title='bbox 3747 3733 3781 3803; x_wconf 80' lang='grc' dir='ltr'>ἢ</span> <span class='ocrx_word' id='word_1_537' title='bbox 3828 3731 3891 3804; x_wconf 75' lang='grc' dir='ltr'>μὴ</span> 
     </span>
    </p>
   </div>
   <div class='ocr_carea' id='block_1_71' title="bbox 598 3820 2174 3898">
    <p class='ocr_par' dir='ltr' id='par_1_71' title="bbox 598 3820 2174 3895">
     <span class='ocr_line' id='line_1_71' title="bbox 598 3820 2174 3895; baseline 0.001 -18"><span class='ocrx_word' id='word_1_538' title='bbox 598 3820 949 3893; x_wconf 73' lang='lat' dir='ltr'><strong>suti&#39;ragetur.</strong></span> <span class='ocrx_word' id='word_1_539' title='bbox 978 3823 1205 3879; x_wconf 88' lang='lat' dir='ltr'><strong>Duobus</strong></span> <span class='ocrx_word' id='word_1_540' title='bbox 1239 3823 1407 3895; x_wconf 85' lang='lat' dir='ltr'><strong>igitur</strong></span> <span class='ocrx_word' id='word_1_541' title='bbox 1433 3823 1735 3895; x_wconf 81' lang='lat' dir='ltr'><strong>prepositis</strong></span> <span class='ocrx_word' id='word_1_542' title='bbox 1760 3824 1944 3887; x_wconf 89' lang='lat' dir='ltr'><strong>malis,</strong></span> <span class='ocrx_word' id='word_1_543' title='bbox 1977 3834 2174 3895; x_wconf 68' lang='lat' dir='ltr'><strong>praesta</strong></span> 
     </span>
    </p>
   </div>
   <div class='ocr_carea' id='block_1_72' title="bbox 2314 3820 3890 3898">
    <p class='ocr_par' dir='ltr' id='par_1_72' title="bbox 2314 3825 3890 3898">
     <span class='ocr_line' id='line_1_72' title="bbox 2314 3825 3890 3898; baseline -0.001 -19"><span class='ocrx_word' id='word_1_544' title='bbox 2314 3826 2540 3894; x_wconf 61' lang='grc' dir='ltr'>φέροντα</span> <span class='ocrx_word' id='word_1_545' title='bbox 2574 3825 2675 3886; x_wconf 80' lang='grc' dir='ltr'><strong>τὰς</strong></span> <span class='ocrx_word' id='word_1_546' title='bbox 2723 3826 2977 3896; x_wconf 77' lang='grc' dir='ltr'>πληγὰς,</span> <span class='ocrx_word' id='word_1_547' title='bbox 3018 3827 3348 3896; x_wconf 84' lang='grc' dir='ltr'>κοινωνῆσαι</span> <span class='ocrx_word' id='word_1_548' title='bbox 3395 3830 3465 3897; x_wconf 81' lang='grc' dir='ltr'>τῇ</span> <span class='ocrx_word' id='word_1_549' title='bbox 3504 3828 3782 3898; x_wconf 75' lang='grc' dir='ltr'>ἁρνητικῇ</span> <span class='ocrx_word' id='word_1_550' title='bbox 3817 3828 3890 3878; x_wconf 78' lang='lat' dir='ltr'><strong>al-</strong></span> 
     </span>
    </p>
   </div>
   <div class='ocr_carea' id='block_1_73' title="bbox 597 3911 2173 3991">
    <p class='ocr_par' dir='ltr' id='par_1_73' title="bbox 597 3915 2173 3986">
     <span class='ocr_line' id='line_1_73' title="bbox 597 3915 2173 3986; baseline 0 -16"><span class='ocrx_word' id='word_1_551' title='bbox 597 3915 767 3974; x_wconf 88' lang='lat' dir='ltr'><strong>hllius</strong></span> <span class='ocrx_word' id='word_1_552' title='bbox 818 3925 907 3973; x_wconf 87' lang='lat' dir='ltr'><strong>est</strong></span> <span class='ocrx_word' id='word_1_553' title='bbox 950 3918 1093 3973; x_wconf 91' lang='lat' dir='ltr'><strong>clam</strong></span> <span class='ocrx_word' id='word_1_554' title='bbox 1151 3918 1449 3973; x_wconf 88' lang='lat' dir='ltr'><strong>mouialem</strong></span> <span class='ocrx_word' id='word_1_555' title='bbox 1494 3930 1642 3981; x_wconf 88' lang='lat' dir='ltr'><strong>esse,</strong></span> <span class='ocrx_word' id='word_1_556' title='bbox 1691 3932 1885 3985; x_wconf 89' lang='lat' dir='ltr'><strong>quam,</strong></span> <span class='ocrx_word' id='word_1_557' title='bbox 1938 3919 1983 3972; x_wconf 92' lang='lat' dir='ltr'><strong>si</strong></span> <span class='ocrx_word' id='word_1_558' title='bbox 2019 3918 2173 3986; x_wconf 87' lang='lat' dir='ltr'><strong>plaga</strong></span> 
     </span>
    </p>
   </div>
   <div class='ocr_carea' id='block_1_74' title="bbox 2313 3911 3889 3991">
    <p class='ocr_par' dir='ltr' id='par_1_74' title="bbox 2313 3911 3889 3991">
     <span class='ocr_line' id='line_1_74' title="bbox 2313 3911 3889 3991; baseline -0.001 -19"><span class='ocrx_word' id='word_1_559' title='bbox 2313 3921 2487 3989; x_wconf 83' lang='grc' dir='ltr'>ρὲσει,</span> <span class='ocrx_word' id='word_1_560' title='bbox 2540 3920 2637 3972; x_wconf 78' lang='grc' dir='ltr'>καὶ</span> <span class='ocrx_word' id='word_1_561' title='bbox 2675 3920 2980 3991; x_wconf 82' lang='grc' dir='ltr'>ἀποστῆναι</span> <span class='ocrx_word' id='word_1_562' title='bbox 3029 3918 3292 3991; x_wconf 80' lang='grc' dir='ltr'>Χριστοῦ,</span> <span class='ocrx_word' id='word_1_563' title='bbox 3337 3919 3425 3988; x_wconf 71' lang='grc' dir='ltr'><strong>ἐφ’</strong></span> <span class='ocrx_word' id='word_1_564' title='bbox 3462 3911 3508 3987; x_wconf 83' lang='grc' dir='ltr'><strong>ᾧ</strong></span> <span class='ocrx_word' id='word_1_565' title='bbox 3562 3919 3719 3972; x_wconf 77' lang='grc' dir='ltr'>ἔσται</span> <span class='ocrx_word' id='word_1_566' title='bbox 3756 3920 3889 3987; x_wconf 69' lang='lat' dir='ltr'><strong>deli;</strong></span> 
     </span>
    </p>
   </div>
   <div class='ocr_carea' id='block_1_75' title="bbox 598 4007 2618 4082">
    <p class='ocr_par' dir='ltr' id='par_1_75' title="bbox 598 4007 2618 4082">
     <span class='ocr_line' id='line_1_75' title="bbox 598 4007 2618 4082; baseline 0.001 -20"><span class='ocrx_word' id='word_1_567' title='bbox 598 4008 807 4078; x_wconf 86' lang='lat' dir='ltr'><strong>perpeti</strong></span> <span class='ocrx_word' id='word_1_568' title='bbox 865 4023 1134 4079; x_wconf 86' lang='lat' dir='ltr'><strong>nequeas,</strong></span> <span class='ocrx_word' id='word_1_569' title='bbox 1185 4008 1450 4079; x_wconf 84' lang='lat' dir='ltr'><strong>perduclli</strong></span> <span class='ocrx_word' id='word_1_570' title='bbox 1520 4008 1934 4063; x_wconf 88' lang='lat' dir='ltr'><strong>communicare</strong></span> <span class='ocrx_word' id='word_1_571' title='bbox 1987 4007 2205 4073; x_wconf 69' lang='lat' dir='ltr'><strong>haeresi,</strong></span> <span class='ocrx_word' id='word_1_572' title='bbox 2308 4014 2471 4082; x_wconf 82' lang='grc' dir='ltr'>μερίς</span> <span class='ocrx_word' id='word_1_573' title='bbox 2502 4027 2618 4064; x_wconf 84' lang='grc' dir='ltr'>σου.</span> 
     </span>
    </p>
   </div>
   <div class='ocr_carea' id='block_1_76' title="bbox 600 4098 2206 4170">
    <p class='ocr_par' dir='ltr' id='par_1_76' title="bbox 600 4098 2206 4170">
     <span class='ocr_line' id='line_1_76' title="bbox 600 4098 2206 4170; baseline -0.001 -16"><span class='ocrx_word' id='word_1_574' title='bbox 600 4108 767 4170; x_wconf 88' lang='lat' dir='ltr'><strong>atque</strong></span> <span class='ocrx_word' id='word_1_575' title='bbox 793 4114 821 4153; x_wconf 79' lang='grc' dir='ltr'><strong>ιι</strong></span> <span class='ocrx_word' id='word_1_576' title='bbox 848 4099 1072 4155; x_wconf 89' lang='lat' dir='ltr'><strong>Christo</strong></span> <span class='ocrx_word' id='word_1_577' title='bbox 1116 4100 1450 4164; x_wconf 85' lang='lat' dir='ltr'><strong>desciscere,</strong></span> <span class='ocrx_word' id='word_1_578' title='bbox 1500 4099 1557 4155; x_wconf 89' lang='lat' dir='ltr'><strong>in</strong></span> <span class='ocrx_word' id='word_1_579' title='bbox 1600 4115 1712 4170; x_wconf 92' lang='lat' dir='ltr'><strong>quo</strong></span> <span class='ocrx_word' id='word_1_580' title='bbox 1742 4114 1867 4155; x_wconf 89' lang='lat' dir='ltr'><strong>sors</strong></span> <span class='ocrx_word' id='word_1_581' title='bbox 1896 4110 1989 4154; x_wconf 88' lang='lat' dir='ltr'><strong>tua</strong></span> <span class='ocrx_word' id='word_1_582' title='bbox 2025 4098 2206 4154; x_wconf 77' lang='lat' dir='ltr'><strong>futura</strong></span> 
     </span>
    </p>
   </div>
   <div class='ocr_carea' id='block_1_77' title="bbox 600 4194 1079 4264">
    <p class='ocr_par' dir='ltr' id='par_1_77' title="bbox 600 4194 1079 4264">
     <span class='ocr_line' id='line_1_77' title="bbox 600 4194 1079 4264; baseline -0.006 -15"><span class='ocrx_word' id='word_1_583' title='bbox 600 4202 688 4249; x_wconf 83' lang='lat' dir='ltr'><strong>est</strong></span> <span class='ocrx_word' id='word_1_584' title='bbox 720 4194 1079 4264; x_wconf 87' lang='lat' dir='ltr'><strong>sempiterna.</strong></span> 
     </span>
    </p>
   </div>
   <div class='ocr_carea' id='block_1_78' title="bbox 1128 4302 2704 4379">
    <p class='ocr_par' dir='ltr' id='par_1_78' title="bbox 1128 4307 1639 4364">
     <span class='ocr_line' id='line_1_78' title="bbox 1128 4307 1639 4364; baseline -0.002 -2"><span class='ocrx_word' id='word_1_585' title='bbox 1128 4307 1260 4363; x_wconf 88' lang='lat' dir='ltr'>LIII.</span> <span class='ocrx_word' id='word_1_586' title='bbox 1292 4339 1363 4350; x_wconf 88' lang='lat'><strong>—-</strong></span> <span class='ocrx_word' id='word_1_587' title='bbox 1387 4307 1639 4364; x_wconf 73' lang='lat' dir='ltr'><strong>Martiali.</strong></span> 
     </span>
    </p>
   </div>
   <div class='ocr_carea' id='block_1_79' title="bbox 2084 4302 3660 4379">
    <p class='ocr_par' dir='ltr' id='par_1_79' title="bbox 2776 4302 3660 4379">
     <span class='ocr_line' id='line_1_79' title="bbox 2776 4302 3660 4379; baseline -0.005 -18"><span class='ocrx_word' id='word_1_588' title='bbox 2776 4308 2903 4363; x_wconf 82' lang='lat' dir='ltr'><strong>NI&quot;.</strong></span> <span class='ocrx_word' id='word_1_589' title='bbox 2938 4338 3009 4348; x_wconf 94' lang='lat'><strong>—-</strong></span> <span class='ocrx_word' id='word_1_590' title='bbox 3042 4302 3420 4373; x_wconf 77' lang='grc' dir='ltr'><strong>Μοναζούσῃ.</strong></span> <span class='ocrx_word' id='word_1_591' title='bbox 3441 4304 3453 4376; x_wconf 92' lang='lat'><strong><em>|</em></strong></span> <span class='ocrx_word' id='word_1_592' title='bbox 3476 4302 3616 4372; x_wconf 83' lang='grc' dir='ltr'>τξα¹.</span> <span class='ocrx_word' id='word_1_593' title='bbox 3637 4304 3660 4379; x_wconf 91' lang='grc'>]</span> 
     </span>
    </p>
   </div>
   <div class='ocr_carea' id='block_1_80' title="bbox 1394 4397 3091 4464">
    <p class='ocr_par' dir='ltr' id='par_1_80' title="bbox 1394 4397 3091 4464">
     <span class='ocr_line' id='line_1_80' title="bbox 1394 4397 3091 4464; baseline 0 -15"><span class='ocrx_word' id='word_1_594' title='bbox 1394 4397 1698 4450; x_wconf 80' lang='lat' dir='ltr'><strong>Hortatoria.</strong></span> <span class='ocrx_word' id='word_1_595' title='bbox 1738 4397 1804 4449; x_wconf 85' lang='lat' dir='ltr'><strong>lit</strong></span> <span class='ocrx_word' id='word_1_596' title='bbox 1836 4410 1926 4462; x_wconf 87' lang='lat' dir='ltr'><strong>pro</strong></span> <span class='ocrx_word' id='word_1_597' title='bbox 1946 4402 2083 4448; x_wconf 80' lang='lat' dir='ltr'><strong>recta</strong></span> <span class='ocrx_word' id='word_1_598' title='bbox 2107 4398 2203 4449; x_wconf 83' lang='lat' dir='ltr'><strong>ﬁde</strong></span> <span class='ocrx_word' id='word_1_599' title='bbox 2228 4397 2519 4460; x_wconf 74' lang='lat' dir='ltr'><strong>martyrium</strong></span> <span class='ocrx_word' id='word_1_600' title='bbox 2549 4400 2778 4462; x_wconf 78' lang='lat' dir='ltr'><strong>perferre</strong></span> <span class='ocrx_word' id='word_1_601' title='bbox 2810 4407 2978 4464; x_wconf 79' lang='lat' dir='ltr'><strong>parata</strong></span> <span class='ocrx_word' id='word_1_602' title='bbox 3012 4402 3091 4450; x_wconf 88' lang='lat' dir='ltr'><strong>stt.</strong></span> 
     </span>
    </p>
   </div>
   <div class='ocr_carea' id='block_1_81' title="bbox 676 4484 2252 4562">
    <p class='ocr_par' dir='ltr' id='par_1_81' title="bbox 676 4484 2205 4557">
     <span class='ocr_line' id='line_1_81' title="bbox 676 4484 2205 4557; baseline 0.001 -14"><span class='ocrx_word' id='word_1_603' title='bbox 676 4488 751 4543; x_wconf 86' lang='lat' dir='ltr'><strong>Ea</strong></span> <span class='ocrx_word' id='word_1_604' title='bbox 810 4487 1078 4556; x_wconf 86' lang='lat' dir='ltr'><strong>temporis</strong></span> <span class='ocrx_word' id='word_1_605' title='bbox 1137 4484 1369 4557; x_wconf 86' lang='lat' dir='ltr'><strong>hujusce</strong></span> <span class='ocrx_word' id='word_1_606' title='bbox 1428 4486 1677 4543; x_wconf 88' lang='lat' dir='ltr'><strong>conditio</strong></span> <span class='ocrx_word' id='word_1_607' title='bbox 1725 4496 1833 4554; x_wconf 88' lang='lat' dir='ltr'><strong>est,</strong></span> <span class='ocrx_word' id='word_1_608' title='bbox 1889 4497 1949 4543; x_wconf 91' lang='lat' dir='ltr'><strong>ut</strong></span> <span class='ocrx_word' id='word_1_609' title='bbox 1982 4488 2051 4543; x_wconf 89' lang='lat' dir='ltr'><strong>de</strong></span> <span class='ocrx_word' id='word_1_610' title='bbox 2079 4487 2205 4544; x_wconf 90' lang='lat' dir='ltr'><strong>aliis</strong></span> 
     </span>
    </p>
   </div>
   <div class='ocr_carea' id='block_1_82' title="bbox 2304 4484 3880 4562">
    <p class='ocr_par' dir='ltr' id='par_1_82' title="bbox 2391 4487 3880 4562">
     <span class='ocr_line' id='line_1_82' title="bbox 2391 4487 3880 4562; baseline -0.001 -18"><span class='ocrx_word' id='word_1_611' title='bbox 2391 4489 2452 4544; x_wconf 79' lang='grc' dir='ltr'>ὐ</span> <span class='ocrx_word' id='word_1_612' title='bbox 2496 4489 2693 4562; x_wconf 88' lang='grc' dir='ltr'>Παρὼν</span> <span class='ocrx_word' id='word_1_613' title='bbox 2739 4489 2933 4562; x_wconf 77' lang='grc' dir='ltr'>καιρὸς</span> <span class='ocrx_word' id='word_1_614' title='bbox 2981 4489 3247 4554; x_wconf 83' lang='grc' dir='ltr'>τοιοῦτος,</span> <span class='ocrx_word' id='word_1_615' title='bbox 3299 4487 3361 4553; x_wconf 77' lang='grc' dir='ltr'>ὃς</span> <span class='ocrx_word' id='word_1_616' title='bbox 3392 4489 3708 4557; x_wconf 80' lang='grc' dir='ltr'>ἀναγκάζει</span> <span class='ocrx_word' id='word_1_617' title='bbox 3752 4491 3880 4560; x_wconf 78' lang='grc' dir='ltr'>ἡμᾶς</span> 
     </span>
    </p>
   </div>
   <div class='ocr_carea' id='block_1_83' title="bbox 603 4579 2179 4660">
    <p class='ocr_par' dir='ltr' id='par_1_83' title="bbox 603 4579 2171 4652">
     <span class='ocr_line' id='line_1_83' title="bbox 603 4579 2171 4652; baseline -0.003 -13"><span class='ocrx_word' id='word_1_618' title='bbox 603 4597 706 4639; x_wconf 87' lang='lat' dir='ltr'><strong>nos</strong></span> <span class='ocrx_word' id='word_1_619' title='bbox 743 4596 869 4638; x_wconf 88' lang='lat' dir='ltr'><strong>esse</strong></span> <span class='ocrx_word' id='word_1_620' title='bbox 896 4579 1164 4635; x_wconf 89' lang='lat' dir='ltr'><strong>sollicitos</strong></span> <span class='ocrx_word' id='word_1_621' title='bbox 1186 4589 1469 4651; x_wconf 88' lang='lat' dir='ltr'><strong>oporteat:</strong></span> <span class='ocrx_word' id='word_1_622' title='bbox 1504 4595 1631 4637; x_wconf 91' lang='lat' dir='ltr'><strong>cum</strong></span> <span class='ocrx_word' id='word_1_623' title='bbox 1665 4581 1783 4652; x_wconf 90' lang='lat' dir='ltr'><strong>pari</strong></span> <span class='ocrx_word' id='word_1_624' title='bbox 1820 4581 2006 4637; x_wconf 87' lang='lat' dir='ltr'><strong>animo</strong></span> <span class='ocrx_word' id='word_1_625' title='bbox 2032 4583 2171 4637; x_wconf 90' lang='lat' dir='ltr'><strong>simu</strong></span> 
     </span>
    </p>
   </div>
   <div class='ocr_carea' id='block_1_84' title="bbox 2302 4579 3878 4660">
    <p class='ocr_par' dir='ltr' id='par_1_84' title="bbox 2310 4585 3878 4660">
     <span class='ocr_line' id='line_1_84' title="bbox 2310 4585 3878 4660; baseline -0.001 -19"><span class='ocrx_word' id='word_1_626' title='bbox 2310 4589 2585 4660; x_wconf 80' lang='grc' dir='ltr'>μεριμνᾷν</span> <span class='ocrx_word' id='word_1_627' title='bbox 2624 4588 2768 4659; x_wconf 78' lang='grc' dir='ltr'>ὑπὲρ</span> <span class='ocrx_word' id='word_1_628' title='bbox 2802 4587 3087 4657; x_wconf 78' lang='grc' dir='ltr'><strong>ἀλλήλων·</strong></span> <span class='ocrx_word' id='word_1_629' title='bbox 3122 4586 3210 4640; x_wconf 83' lang='grc' dir='ltr'><strong>διὰ</strong></span> <span class='ocrx_word' id='word_1_630' title='bbox 3237 4585 3298 4639; x_wconf 84' lang='grc' dir='ltr'>τὸ</span> <span class='ocrx_word' id='word_1_631' title='bbox 3326 4586 3428 4655; x_wconf 85' lang='grc' dir='ltr'>τῆς</span> <span class='ocrx_word' id='word_1_632' title='bbox 3476 4586 3765 4656; x_wconf 77' lang='grc' dir='ltr'>ἱσοψυχίας</span> <span class='ocrx_word' id='word_1_633' title='bbox 3798 4585 3878 4640; x_wconf 79' lang='grc' dir='ltr'>καὶ</span> 
     </span>
    </p>
   </div>
   <div class='ocr_carea' id='block_1_85' title="bbox 605 4670 2181 4754">
    <p class='ocr_par' dir='ltr' id='par_1_85' title="bbox 605 4670 2179 4744">
     <span class='ocr_line' id='line_1_85' title="bbox 605 4670 2179 4744; baseline 0.001 -14"><span class='ocrx_word' id='word_1_634' title='bbox 605 4690 672 4730; x_wconf 89' lang='lat' dir='ltr'><strong>ac</strong></span> <span class='ocrx_word' id='word_1_635' title='bbox 695 4673 814 4744; x_wconf 84' lang='lat' dir='ltr'><strong>pari</strong></span> <span class='ocrx_word' id='word_1_636' title='bbox 854 4671 960 4727; x_wconf 81' lang='lat' dir='ltr'><strong>[ide</strong></span> <span class='ocrx_word' id='word_1_637' title='bbox 1001 4670 1216 4742; x_wconf 84' lang='lat' dir='ltr'><strong>praediti</strong></span> <span class='ocrx_word' id='word_1_638' title='bbox 1247 4690 1263 4728; x_wconf 90' lang='lat'><strong>:</strong></span> <span class='ocrx_word' id='word_1_639' title='bbox 1310 4673 1761 4744; x_wconf 86' lang='lat' dir='ltr'><strong>quandoquidem</strong></span> <span class='ocrx_word' id='word_1_640' title='bbox 1813 4675 1983 4730; x_wconf 90' lang='lat' dir='ltr'><strong>veluti</strong></span> <span class='ocrx_word' id='word_1_641' title='bbox 2019 4675 2076 4729; x_wconf 91' lang='lat' dir='ltr'><strong>in</strong></span> <span class='ocrx_word' id='word_1_642' title='bbox 2105 4674 2179 4731; x_wconf 88' lang='lat' dir='ltr'><strong>Ec</strong></span> 
     </span>
    </p>
   </div>
   <div class='ocr_carea' id='block_1_86' title="bbox 2300 4670 3876 4754">
    <p class='ocr_par' dir='ltr' id='par_1_86' title="bbox 2308 4680 3876 4754">
     <span class='ocr_line' id='line_1_86' title="bbox 2308 4680 3876 4754; baseline -0.002 -19"><span class='ocrx_word' id='word_1_643' title='bbox 2308 4683 2638 4754; x_wconf 83' lang='grc' dir='ltr'>ὀμοπιστίας</span> <span class='ocrx_word' id='word_1_644' title='bbox 2680 4682 2935 4751; x_wconf 69' lang='grc' dir='ltr'><strong>ἀξίωμα⁸</strong></span> <span class='ocrx_word' id='word_1_645' title='bbox 2997 4681 3187 4752; x_wconf 77' lang='grc' dir='ltr'>ἐπειδὴ</span> <span class='ocrx_word' id='word_1_646' title='bbox 3213 4680 3293 4743; x_wconf 85' lang='grc' dir='ltr'>ὡς</span> <span class='ocrx_word' id='word_1_647' title='bbox 3355 4680 3487 4751; x_wconf 84' lang='grc' dir='ltr'>μίαν</span> <span class='ocrx_word' id='word_1_648' title='bbox 3558 4681 3876 4752; x_wconf 75' lang='grc' dir='ltr'>Ἐκκλησίαν</span> 
     </span>
    </p>
   </div>
   <div class='ocr_carea' id='block_1_87' title="bbox 604 4765 2180 4846">
    <p class='ocr_par' dir='ltr' id='par_1_87' title="bbox 604 4765 2177 4824">
     <span class='ocr_line' id='line_1_87' title="bbox 604 4765 2177 4824; baseline 0.001 -2"><span class='ocrx_word' id='word_1_649' title='bbox 604 4766 829 4822; x_wconf 85' lang='lat' dir='ltr'><strong>clesiam</strong></span> <span class='ocrx_word' id='word_1_650' title='bbox 885 4772 1053 4819; x_wconf 77' lang='lat' dir='ltr'><strong>utram</strong></span> <span class='ocrx_word' id='word_1_651' title='bbox 1100 4765 1215 4820; x_wconf 80' lang='lat' dir='ltr'><strong>sive</strong></span> <span class='ocrx_word' id='word_1_652' title='bbox 1268 4776 1474 4821; x_wconf 71' lang='lat' dir='ltr'><strong>emtum</strong></span> <span class='ocrx_word' id='word_1_653' title='bbox 1529 4769 1855 4824; x_wconf 80' lang='lat' dir='ltr'><strong>convocavit</strong></span> <span class='ocrx_word' id='word_1_654' title='bbox 1910 4768 2056 4824; x_wconf 91' lang='lat' dir='ltr'><strong>Deus</strong></span> <span class='ocrx_word' id='word_1_655' title='bbox 2111 4783 2177 4823; x_wconf 86' lang='lat' dir='ltr'><strong>eo</strong></span> 
     </span>
    </p>
   </div>
   <div class='ocr_carea' id='block_1_88' title="bbox 2303 4765 3879 4846">
    <p class='ocr_par' dir='ltr' id='par_1_88' title="bbox 2308 4772 3879 4846">
     <span class='ocr_line' id='line_1_88' title="bbox 2308 4772 3879 4846; baseline -0.003 -17"><span class='ocrx_word' id='word_1_656' title='bbox 2308 4776 2477 4846; x_wconf 82' lang='grc' dir='ltr'>ἣγουν</span> <span class='ocrx_word' id='word_1_657' title='bbox 2532 4774 2781 4828; x_wconf 80' lang='grc' dir='ltr'>συνοδίαν</span> <span class='ocrx_word' id='word_1_658' title='bbox 2830 4774 3236 4827; x_wconf 79' lang='grc' dir='ltr'>συνεκα).έσατο</span> <span class='ocrx_word' id='word_1_659' title='bbox 3272 4774 3300 4826; x_wconf 83' lang='grc' dir='ltr'>ὁ</span> <span class='ocrx_word' id='word_1_660' title='bbox 3326 4772 3461 4835; x_wconf 83' lang='grc' dir='ltr'><strong>Θεὸς</strong></span> <span class='ocrx_word' id='word_1_661' title='bbox 3492 4772 3746 4836; x_wconf 73' lang='grc' dir='ltr'>ἅπαντας</span> <span class='ocrx_word' id='word_1_662' title='bbox 3770 4774 3879 4835; x_wconf 79' lang='grc' dir='ltr'>τοὺς</span> 
     </span>
    </p>
   </div>
   <div class='ocr_carea' id='block_1_89' title="bbox 607 4856 2183 4938">
    <p class='ocr_par' dir='ltr' id='par_1_89' title="bbox 607 4856 2178 4932">
     <span class='ocr_line' id='line_1_89' title="bbox 607 4856 2178 4932; baseline 0 -18"><span class='ocrx_word' id='word_1_663' title='bbox 607 4873 799 4914; x_wconf 86' lang='lat' dir='ltr'><strong>omnes</strong></span> <span class='ocrx_word' id='word_1_664' title='bbox 838 4856 933 4928; x_wconf 91' lang='lat' dir='ltr'><strong>qui</strong></span> <span class='ocrx_word' id='word_1_665' title='bbox 968 4872 1068 4928; x_wconf 91' lang='lat' dir='ltr'><strong>pro</strong></span> <span class='ocrx_word' id='word_1_666' title='bbox 1093 4856 1320 4923; x_wconf 84' lang='lat' dir='ltr'><strong>veritate</strong></span> <span class='ocrx_word' id='word_1_667' title='bbox 1342 4859 1632 4924; x_wconf 90' lang='lat' dir='ltr'><strong>dimicant,</strong></span> <span class='ocrx_word' id='word_1_668' title='bbox 1671 4861 1725 4915; x_wconf 93' lang='lat' dir='ltr'><strong>in</strong></span> <span class='ocrx_word' id='word_1_669' title='bbox 1767 4876 1941 4932; x_wconf 87' lang='lat' dir='ltr'><strong>eaque</strong></span> <span class='ocrx_word' id='word_1_670' title='bbox 1975 4875 2178 4915; x_wconf 84' lang='lat' dir='ltr'><strong>censen</strong></span> 
     </span>
    </p>
   </div>
   <div class='ocr_carea' id='block_1_90' title="bbox 2301 4856 3877 4938">
    <p class='ocr_par' dir='ltr' id='par_1_90' title="bbox 2314 4864 3877 4938">
     <span class='ocr_line' id='line_1_90' title="bbox 2314 4864 3877 4938; baseline -0.003 -18"><span class='ocrx_word' id='word_1_671' title='bbox 2314 4867 2707 4938; x_wconf 77' lang='grc' dir='ltr'>ἀντεχομένους</span> <span class='ocrx_word' id='word_1_672' title='bbox 2753 4866 2855 4934; x_wconf 79' lang='grc' dir='ltr'>τῆς</span> <span class='ocrx_word' id='word_1_673' title='bbox 2908 4864 3206 4936; x_wconf 80' lang='grc' dir='ltr'>ἀληθείας,</span> <span class='ocrx_word' id='word_1_674' title='bbox 3260 4866 3356 4917; x_wconf 73' lang='grc' dir='ltr'><strong>καὶ</strong></span> <span class='ocrx_word' id='word_1_675' title='bbox 3406 4865 3465 4916; x_wconf 79' lang='grc' dir='ltr'>ὲν</span> <span class='ocrx_word' id='word_1_676' title='bbox 3524 4865 3667 4935; x_wconf 81' lang='grc' dir='ltr'>αὐτῇ</span> <span class='ocrx_word' id='word_1_677' title='bbox 3710 4867 3877 4935; x_wconf 64' lang='lat' dir='ltr'><strong>opnio-</strong></span> 
     </span>
    </p>
   </div>
   <div class='ocr_carea' id='block_1_91' title="bbox 609 4926 2185 5029">
    <p class='ocr_par' dir='ltr' id='par_1_91' title="bbox 609 4926 2170 5022">
     <span class='ocr_line' id='line_1_91' title="bbox 609 4926 2170 5022; baseline 0.001 -19"><span class='ocrx_word' id='word_1_678' title='bbox 609 4952 774 5004; x_wconf 89' lang='lat' dir='ltr'><strong>tiunt.</strong></span> <span class='ocrx_word' id='word_1_679' title='bbox 809 4926 1284 5015; x_wconf 78' lang='lat' dir='ltr'><strong>Quemadmodum</strong></span> <span class='ocrx_word' id='word_1_680' title='bbox 1348 4950 1517 5019; x_wconf 82' lang='lat' dir='ltr'><strong>igitur</strong></span> <span class='ocrx_word' id='word_1_681' title='bbox 1549 4951 1687 5007; x_wconf 88' lang='lat' dir='ltr'><strong>citra</strong></span> <span class='ocrx_word' id='word_1_682' title='bbox 1718 4926 1942 5007; x_wconf 72' lang='lat' dir='ltr'><strong>oﬁ‘ensa:</strong></span> <span class='ocrx_word' id='word_1_683' title='bbox 1984 4954 2170 5022; x_wconf 87' lang='lat' dir='ltr'><strong>pericu</strong></span> 
     </span>
    </p>
   </div>
   <div class='ocr_carea' id='block_1_92' title="bbox 2302 4926 3878 5029">
    <p class='ocr_par' dir='ltr' id='par_1_92' title="bbox 2313 4954 3878 5029">
     <span class='ocr_line' id='line_1_92' title="bbox 2313 4954 3878 5029; baseline -0.002 -16"><span class='ocrx_word' id='word_1_684' title='bbox 2313 4960 2567 5028; x_wconf 82' lang='grc' dir='ltr'>γοῦντας.</span> <span class='ocrx_word' id='word_1_685' title='bbox 2602 4959 2869 5029; x_wconf 75' lang='grc' dir='ltr'>Καθάπερ</span> <span class='ocrx_word' id='word_1_686' title='bbox 2906 4954 3001 5013; x_wconf 84' lang='grc' dir='ltr'><strong>οῦν</strong></span> <span class='ocrx_word' id='word_1_687' title='bbox 3053 4958 3153 5010; x_wconf 79' lang='grc' dir='ltr'>οὐκ</span> <span class='ocrx_word' id='word_1_688' title='bbox 3181 4955 3465 5009; x_wconf 87' lang='grc' dir='ltr'>ἀκίνδυνον</span> <span class='ocrx_word' id='word_1_689' title='bbox 3490 4955 3572 5025; x_wconf 82' lang='grc' dir='ltr'>τῷ</span> <span class='ocrx_word' id='word_1_690' title='bbox 3608 4957 3707 5027; x_wconf 80' lang='grc' dir='ltr'>τῆς</span> <span class='ocrx_word' id='word_1_691' title='bbox 3732 4959 3878 5026; x_wconf 78' lang='grc' dir='ltr'>αὐτῆς</span> 
     </span>
    </p>
   </div>
   <div class='ocr_carea' id='block_1_93' title="bbox 610 5040 2186 5124">
    <p class='ocr_par' dir='ltr' id='par_1_93' title="bbox 610 5040 2186 5112">
     <span class='ocr_line' id='line_1_93' title="bbox 610 5040 2186 5112; baseline 0.001 -19"><span class='ocrx_word' id='word_1_692' title='bbox 610 5040 727 5093; x_wconf 90' lang='lat' dir='ltr'><strong>lum</strong></span> <span class='ocrx_word' id='word_1_693' title='bbox 760 5056 868 5094; x_wconf 89' lang='lat' dir='ltr'><strong>non</strong></span> <span class='ocrx_word' id='word_1_694' title='bbox 897 5050 1005 5106; x_wconf 90' lang='lat' dir='ltr'><strong>est,</strong></span> <span class='ocrx_word' id='word_1_695' title='bbox 1035 5040 1130 5111; x_wconf 92' lang='lat' dir='ltr'><strong>qui</strong></span> <span class='ocrx_word' id='word_1_696' title='bbox 1163 5055 1289 5096; x_wconf 87' lang='lat' dir='ltr'><strong>cum</strong></span> <span class='ocrx_word' id='word_1_697' title='bbox 1314 5042 1565 5112; x_wconf 81' lang='lat' dir='ltr'><strong>ejusdem</strong></span> <span class='ocrx_word' id='word_1_698' title='bbox 1594 5046 1915 5099; x_wconf 82' lang='lat' dir='ltr'><strong>monasterii</strong></span> <span class='ocrx_word' id='word_1_699' title='bbox 1947 5045 2041 5109; x_wconf 91' lang='lat' dir='ltr'><strong>sit,</strong></span> <span class='ocrx_word' id='word_1_700' title='bbox 2074 5045 2186 5097; x_wconf 90' lang='lat' dir='ltr'><strong>nihi</strong></span> 
     </span>
    </p>
   </div>
   <div class='ocr_carea' id='block_1_94' title="bbox 2295 5040 3871 5124">
    <p class='ocr_par' dir='ltr' id='par_1_94' title="bbox 2317 5047 3871 5124">
     <span class='ocr_line' id='line_1_94' title="bbox 2317 5047 3871 5124; baseline -0.002 -18"><span class='ocrx_word' id='word_1_701' title='bbox 2317 5054 2483 5124; x_wconf 78' lang='grc' dir='ltr'>μονῆς</span> <span class='ocrx_word' id='word_1_702' title='bbox 2516 5054 2631 5106; x_wconf 78' lang='grc' dir='ltr'>ὄντι</span> <span class='ocrx_word' id='word_1_703' title='bbox 2650 5093 2665 5117; x_wconf 84' lang='grc'>,</span> <span class='ocrx_word' id='word_1_704' title='bbox 2701 5053 2775 5121; x_wconf 83' lang='grc' dir='ltr'>μὴ</span> <span class='ocrx_word' id='word_1_705' title='bbox 2805 5052 2948 5122; x_wconf 79' lang='grc' dir='ltr'>ὑπὲρ</span> <span class='ocrx_word' id='word_1_706' title='bbox 2977 5050 3089 5103; x_wconf 87' lang='grc' dir='ltr'><strong>τῶν</strong></span> <span class='ocrx_word' id='word_1_707' title='bbox 3126 5047 3509 5118; x_wconf 78' lang='grc' dir='ltr'>συμμαθητῶν</span> <span class='ocrx_word' id='word_1_708' title='bbox 3540 5049 3871 5118; x_wconf 78' lang='grc' dir='ltr'>φροντιοῦντι,</span> 
     </span>
    </p>
   </div>
   <div class='ocr_carea' id='block_1_95' title="bbox 611 5133 2187 5215">
    <p class='ocr_par' dir='ltr' id='par_1_95' title="bbox 611 5133 2187 5208">
     <span class='ocr_line' id='line_1_95' title="bbox 611 5133 2187 5208; baseline 0.001 -21"><span class='ocrx_word' id='word_1_709' title='bbox 611 5135 681 5188; x_wconf 91' lang='lat' dir='ltr'><strong>de</strong></span> <span class='ocrx_word' id='word_1_710' title='bbox 733 5133 1127 5203; x_wconf 84' lang='lat' dir='ltr'><strong>condiscipulis</strong></span> <span class='ocrx_word' id='word_1_711' title='bbox 1174 5144 1362 5201; x_wconf 88' lang='lat' dir='ltr'><strong>curet;</strong></span> <span class='ocrx_word' id='word_1_712' title='bbox 1399 5146 1494 5191; x_wconf 89' lang='lat' dir='ltr'><strong>aut</strong></span> <span class='ocrx_word' id='word_1_713' title='bbox 1556 5138 1884 5206; x_wconf 69' lang='lat' dir='ltr'><strong>praepositus</strong></span> <span class='ocrx_word' id='word_1_714' title='bbox 1934 5138 2027 5208; x_wconf 87' lang='lat' dir='ltr'><strong>qui</strong></span> <span class='ocrx_word' id='word_1_715' title='bbox 2062 5138 2187 5192; x_wconf 85' lang='lat' dir='ltr'><strong>null:</strong></span> 
     </span>
    </p>
   </div>
   <div class='ocr_carea' id='block_1_96' title="bbox 2298 5133 3874 5215">
    <p class='ocr_par' dir='ltr' id='par_1_96' title="bbox 2313 5139 3874 5215">
     <span class='ocr_line' id='line_1_96' title="bbox 2313 5139 3874 5215; baseline -0.003 -17"><span class='ocrx_word' id='word_1_716' title='bbox 2313 5143 2345 5213; x_wconf 83' lang='grc' dir='ltr'><strong>ἦ</strong></span> <span class='ocrx_word' id='word_1_717' title='bbox 2375 5144 2798 5215; x_wconf 83' lang='grc' dir='ltr'>καθηγουμένῳ,</span> <span class='ocrx_word' id='word_1_718' title='bbox 2830 5143 2891 5196; x_wconf 78' lang='grc' dir='ltr'>τὸ</span> <span class='ocrx_word' id='word_1_719' title='bbox 2924 5143 2999 5213; x_wconf 81' lang='grc' dir='ltr'><strong>μὴ</strong></span> <span class='ocrx_word' id='word_1_720' title='bbox 3032 5142 3162 5211; x_wconf 82' lang='grc' dir='ltr'>περὶ</span> <span class='ocrx_word' id='word_1_721' title='bbox 3196 5139 3306 5193; x_wconf 91' lang='grc' dir='ltr'><strong>τῶν</strong></span> <span class='ocrx_word' id='word_1_722' title='bbox 3330 5139 3614 5209; x_wconf 84' lang='grc' dir='ltr'>φοιτητῶν</span> <span class='ocrx_word' id='word_1_723' title='bbox 3645 5141 3874 5205; x_wconf 69' lang='grc' dir='ltr'>ὡσαύτως</span> 
     </span>
    </p>
   </div>
   <div class='ocr_carea' id='block_1_97' title="bbox 613 5225 2189 5304">
    <p class='ocr_par' dir='ltr' id='par_1_97' title="bbox 613 5225 2189 5299">
     <span class='ocr_line' id='line_1_97' title="bbox 613 5225 2189 5299; baseline 0.001 -19"><span class='ocrx_word' id='word_1_724' title='bbox 613 5227 821 5295; x_wconf 88' lang='lat' dir='ltr'><strong>pariter</strong></span> <span class='ocrx_word' id='word_1_725' title='bbox 864 5225 933 5282; x_wconf 89' lang='lat' dir='ltr'><strong>de</strong></span> <span class='ocrx_word' id='word_1_726' title='bbox 976 5227 1267 5297; x_wconf 88' lang='lat' dir='ltr'><strong>discipulis</strong></span> <span class='ocrx_word' id='word_1_727' title='bbox 1302 5228 1679 5284; x_wconf 89' lang='lat' dir='ltr'><strong>sollicitudine</strong></span> <span class='ocrx_word' id='word_1_728' title='bbox 1712 5229 1786 5283; x_wconf 92' lang='lat' dir='ltr'><strong>sit</strong></span> <span class='ocrx_word' id='word_1_729' title='bbox 1817 5247 1830 5281; x_wconf 88' lang='lat'>:</span> <span class='ocrx_word' id='word_1_730' title='bbox 1865 5230 1945 5283; x_wconf 86' lang='lat' dir='ltr'><strong>sic</strong></span> <span class='ocrx_word' id='word_1_731' title='bbox 1974 5241 2062 5284; x_wconf 90' lang='lat' dir='ltr'><strong>est</strong></span> <span class='ocrx_word' id='word_1_732' title='bbox 2084 5245 2189 5299; x_wconf 87' lang='lat' dir='ltr'><strong>pro</strong></span> 
     </span>
    </p>
   </div>
   <div class='ocr_carea' id='block_1_98' title="bbox 2294 5225 3870 5304">
    <p class='ocr_par' dir='ltr' id='par_1_98' title="bbox 2313 5230 3870 5304">
     <span class='ocr_line' id='line_1_98' title="bbox 2313 5230 3870 5304; baseline 0 -18"><span class='ocrx_word' id='word_1_733' title='bbox 2313 5234 2656 5303; x_wconf 79' lang='grc' dir='ltr'>φροντίζειν’</span> <span class='ocrx_word' id='word_1_734' title='bbox 2703 5232 2848 5285; x_wconf 69' lang='grc' dir='ltr'>οὕτω</span> <span class='ocrx_word' id='word_1_735' title='bbox 2888 5232 2953 5303; x_wconf 80' lang='grc' dir='ltr'>δὴ</span> <span class='ocrx_word' id='word_1_736' title='bbox 3010 5231 3104 5283; x_wconf 81' lang='grc' dir='ltr'><strong>καὶ</strong></span> <span class='ocrx_word' id='word_1_737' title='bbox 3152 5230 3286 5301; x_wconf 72' lang='grc' dir='ltr'>ἡμῖν</span> <span class='ocrx_word' id='word_1_738' title='bbox 3336 5230 3537 5283; x_wconf 56' lang='grc' dir='ltr'>πᾶσιν</span> <span class='ocrx_word' id='word_1_739' title='bbox 3584 5233 3870 5304; x_wconf 78' lang='grc' dir='ltr'>ἐπειδήπερ,</span> 
     </span>
    </p>
   </div>
   <div class='ocr_carea' id='block_1_99' title="bbox 614 5317 2190 5396">
    <p class='ocr_par' dir='ltr' id='par_1_99' title="bbox 614 5317 2190 5391">
     <span class='ocr_line' id='line_1_99' title="bbox 614 5317 2190 5391; baseline 0 -19"><span class='ocrx_word' id='word_1_740' title='bbox 614 5317 757 5375; x_wconf 70' lang='lat' dir='ltr'><strong>lecto</strong></span> <span class='ocrx_word' id='word_1_741' title='bbox 779 5320 846 5373; x_wconf 92' lang='lat' dir='ltr'><strong>de</strong></span> <span class='ocrx_word' id='word_1_742' title='bbox 876 5320 1033 5374; x_wconf 85' lang='lat' dir='ltr'><strong>nobis</strong></span> <span class='ocrx_word' id='word_1_743' title='bbox 1067 5320 1331 5375; x_wconf 89' lang='lat' dir='ltr'><strong>omnibus</strong></span> <span class='ocrx_word' id='word_1_744' title='bbox 1362 5340 1375 5375; x_wconf 91' lang='lat'><strong>:</strong></span> <span class='ocrx_word' id='word_1_745' title='bbox 1407 5321 1880 5391; x_wconf 89' lang='lat' dir='ltr'><strong>quandoquidem,</strong></span> <span class='ocrx_word' id='word_1_746' title='bbox 1914 5332 1973 5374; x_wconf 91' lang='lat' dir='ltr'><strong>ut</strong></span> <span class='ocrx_word' id='word_1_747' title='bbox 1998 5321 2190 5374; x_wconf 86' lang='lat' dir='ltr'><strong>dictun</strong></span> 
     </span>
    </p>
   </div>
   <div class='ocr_carea' id='block_1_100' title="bbox 2296 5317 3872 5396">
    <p class='ocr_par' dir='ltr' id='par_1_100' title="bbox 2312 5321 3872 5396">
     <span class='ocr_line' id='line_1_100' title="bbox 2312 5321 3872 5396; baseline 0 -20"><span class='ocrx_word' id='word_1_748' title='bbox 2312 5326 2387 5387; x_wconf 82' lang='grc' dir='ltr'>ὼς</span> <span class='ocrx_word' id='word_1_749' title='bbox 2418 5324 2673 5394; x_wconf 79' lang='grc' dir='ltr'>εἴρηται,</span> <span class='ocrx_word' id='word_1_750' title='bbox 2703 5327 2804 5393; x_wconf 82' lang='grc' dir='ltr'><strong>μία</strong></span> <span class='ocrx_word' id='word_1_751' title='bbox 2842 5322 3142 5393; x_wconf 77' lang='grc' dir='ltr'>Ἐκκλησία</span> <span class='ocrx_word' id='word_1_752' title='bbox 3173 5321 3493 5393; x_wconf 77' lang='grc' dir='ltr'>κοινοὸιακή</span> <span class='ocrx_word' id='word_1_753' title='bbox 3527 5326 3713 5396; x_wconf 79' lang='grc' dir='ltr'>ἐσμεν.</span> <span class='ocrx_word' id='word_1_754' title='bbox 3748 5328 3872 5379; x_wconf 83' lang='grc' dir='ltr'>Ἐπι-</span> 
     </span>
    </p>
   </div>
   <div class='ocr_carea' id='block_1_101' title="bbox 615 5411 2191 5486">
    <p class='ocr_par' dir='ltr' id='par_1_101' title="bbox 615 5411 2191 5480">
     <span class='ocr_line' id='line_1_101' title="bbox 615 5411 2191 5480; baseline 0.001 -16"><span class='ocrx_word' id='word_1_755' title='bbox 615 5419 722 5473; x_wconf 81' lang='lat' dir='ltr'><strong>est,</strong></span> <span class='ocrx_word' id='word_1_756' title='bbox 779 5411 1023 5466; x_wconf 88' lang='lat' dir='ltr'><strong>Ecclesia</strong></span> <span class='ocrx_word' id='word_1_757' title='bbox 1091 5428 1199 5465; x_wconf 90' lang='lat' dir='ltr'><strong>una</strong></span> <span class='ocrx_word' id='word_1_758' title='bbox 1227 5414 1516 5467; x_wconf 77' lang='lat' dir='ltr'><strong>ctenohica</strong></span> <span class='ocrx_word' id='word_1_759' title='bbox 1563 5428 1780 5468; x_wconf 88' lang='lat' dir='ltr'><strong>sumus.</strong></span> <span class='ocrx_word' id='word_1_760' title='bbox 1812 5413 1995 5467; x_wconf 84' lang='lat' dir='ltr'><strong>lnviso</strong></span> <span class='ocrx_word' id='word_1_761' title='bbox 2033 5425 2083 5467; x_wconf 91' lang='lat' dir='ltr'><strong>te</strong></span> <span class='ocrx_word' id='word_1_762' title='bbox 2120 5429 2191 5480; x_wconf 61' lang='lat' dir='ltr'><strong>per</strong></span> 
     </span>
    </p>
   </div>
   <div class='ocr_carea' id='block_1_102' title="bbox 2293 5411 3869 5486">
    <p class='ocr_par' dir='ltr' id='par_1_102' title="bbox 2314 5416 3869 5486">
     <span class='ocr_line' id='line_1_102' title="bbox 2314 5416 3869 5486; baseline 0.002 -19"><span class='ocrx_word' id='word_1_763' title='bbox 2314 5417 2622 5486; x_wconf 73' lang='grc' dir='ltr'>σκέπτομαι</span> <span class='ocrx_word' id='word_1_764' title='bbox 2672 5433 2731 5469; x_wconf 81' lang='grc' dir='ltr'><strong>σε</strong></span> <span class='ocrx_word' id='word_1_765' title='bbox 2758 5416 2845 5469; x_wconf 79' lang='grc' dir='ltr'><strong>διὰ</strong></span> <span class='ocrx_word' id='word_1_766' title='bbox 2887 5417 2982 5469; x_wconf 86' lang='grc' dir='ltr'><strong>τοῦ</strong></span> <span class='ocrx_word' id='word_1_767' title='bbox 3010 5416 3343 5484; x_wconf 77' lang='grc' dir='ltr'>γράμματος</span> <span class='ocrx_word' id='word_1_768' title='bbox 3365 5456 3380 5481; x_wconf 89' lang='grc'><em>,</em></span> <span class='ocrx_word' id='word_1_769' title='bbox 3414 5416 3513 5469; x_wconf 80' lang='grc' dir='ltr'>καὶ</span> <span class='ocrx_word' id='word_1_770' title='bbox 3554 5418 3737 5484; x_wconf 75' lang='grc' dir='ltr'>ἐρωτῶ</span> <span class='ocrx_word' id='word_1_771' title='bbox 3772 5417 3869 5479; x_wconf 83' lang='grc' dir='ltr'><strong>πῶς</strong></span> 
     </span>
    </p>
   </div>
   <div class='ocr_carea' id='block_1_103' title="bbox 615 5502 2191 5580">
    <p class='ocr_par' dir='ltr' id='par_1_103' title="bbox 615 5502 2191 5575">
     <span class='ocr_line' id='line_1_103' title="bbox 615 5502 2191 5575; baseline 0.003 -22"><span class='ocrx_word' id='word_1_772' title='bbox 615 5502 928 5569; x_wconf 88' lang='lat' dir='ltr'><strong>epistolam,</strong></span> <span class='ocrx_word' id='word_1_773' title='bbox 986 5512 1040 5557; x_wconf 90' lang='lat' dir='ltr'><strong>et</strong></span> <span class='ocrx_word' id='word_1_774' title='bbox 1105 5519 1240 5574; x_wconf 88' lang='lat' dir='ltr'><strong>rogo</strong></span> <span class='ocrx_word' id='word_1_775' title='bbox 1297 5506 1580 5575; x_wconf 84' lang='lat' dir='ltr'><strong>quomodo</strong></span> <span class='ocrx_word' id='word_1_776' title='bbox 1640 5506 1832 5575; x_wconf 89' lang='lat' dir='ltr'><strong>utique</strong></span> <span class='ocrx_word' id='word_1_777' title='bbox 1888 5506 1942 5559; x_wconf 91' lang='lat' dir='ltr'><strong>in</strong></span> <span class='ocrx_word' id='word_1_778' title='bbox 1978 5505 2191 5561; x_wconf 85' lang='lat' dir='ltr'><strong>Domim</strong></span> 
     </span>
    </p>
   </div>
   <div class='ocr_carea' id='block_1_104' title="bbox 2294 5502 3870 5580">
    <p class='ocr_par' dir='ltr' id='par_1_104' title="bbox 2312 5502 3870 5580">
     <span class='ocr_line' id='line_1_104' title="bbox 2312 5502 3870 5580; baseline 0.001 -20"><span class='ocrx_word' id='word_1_779' title='bbox 2312 5509 2375 5579; x_wconf 83' lang='grc' dir='ltr'>δὴ</span> <span class='ocrx_word' id='word_1_780' title='bbox 2416 5510 2561 5580; x_wconf 77' lang='grc' dir='ltr'>ἔχεις</span> <span class='ocrx_word' id='word_1_781' title='bbox 2599 5513 2656 5562; x_wconf 80' lang='grc' dir='ltr'>ἐν</span> <span class='ocrx_word' id='word_1_782' title='bbox 2690 5509 2880 5578; x_wconf 81' lang='grc' dir='ltr'>Κυρίῳ</span> <span class='ocrx_word' id='word_1_783' title='bbox 2904 5547 2919 5569; x_wconf 83' lang='grc'><em>,</em></span> <span class='ocrx_word' id='word_1_784' title='bbox 2970 5502 3014 5561; x_wconf 80' lang='grc' dir='ltr'><strong>ὦ</strong></span> <span class='ocrx_word' id='word_1_785' title='bbox 3051 5507 3256 5579; x_wconf 78' lang='grc' dir='ltr'>ἀδελφὴ</span> <span class='ocrx_word' id='word_1_786' title='bbox 3292 5513 3679 5580; x_wconf 81' lang='grc' dir='ltr'>πνευματική·</span> <span class='ocrx_word' id='word_1_787' title='bbox 3719 5512 3759 5562; x_wconf 83' lang='grc' dir='ltr'>εἰ</span> <span class='ocrx_word' id='word_1_788' title='bbox 3788 5511 3870 5578; x_wconf 83' lang='grc' dir='ltr'><strong>ἐμ·</strong></span> 
     </span>
    </p>
   </div>
   <div class='ocr_carea' id='block_1_105' title="bbox 616 5589 2192 5673">
    <p class='ocr_par' dir='ltr' id='par_1_105' title="bbox 616 5589 2192 5668">
     <span class='ocr_line' id='line_1_105' title="bbox 616 5589 2192 5668; baseline 0.006 -26"><span class='ocrx_word' id='word_1_789' title='bbox 616 5589 824 5652; x_wconf 79' lang='lat' dir='ltr'><strong>valeas,</strong></span> <span class='ocrx_word' id='word_1_790' title='bbox 861 5605 1018 5646; x_wconf 84' lang='lat' dir='ltr'><strong>soror</strong></span> <span class='ocrx_word' id='word_1_791' title='bbox 1053 5594 1317 5662; x_wconf 87' lang='lat' dir='ltr'><strong>spiritalis</strong></span> <span class='ocrx_word' id='word_1_792' title='bbox 1351 5612 1365 5649; x_wconf 91' lang='lat'><strong>:</strong></span> <span class='ocrx_word' id='word_1_793' title='bbox 1416 5603 1602 5650; x_wconf 91' lang='lat' dir='ltr'><strong>utrum</strong></span> <span class='ocrx_word' id='word_1_794' title='bbox 1653 5596 1707 5650; x_wconf 92' lang='lat' dir='ltr'><strong>in</strong></span> <span class='ocrx_word' id='word_1_795' title='bbox 1757 5596 1977 5668; x_wconf 82' lang='lat' dir='ltr'><strong>egregia</strong></span> <span class='ocrx_word' id='word_1_796' title='bbox 2011 5595 2192 5651; x_wconf 88' lang='lat' dir='ltr'><strong>Christ</strong></span> 
     </span>
    </p>
   </div>
   <div class='ocr_carea' id='block_1_106' title="bbox 2292 5589 3868 5673">
    <p class='ocr_par' dir='ltr' id='par_1_106' title="bbox 2318 5599 3868 5673">
     <span class='ocr_line' id='line_1_106' title="bbox 2318 5599 3868 5673; baseline 0 -22"><span class='ocrx_word' id='word_1_797' title='bbox 2318 5603 2497 5669; x_wconf 76' lang='grc' dir='ltr'>μένεις</span> <span class='ocrx_word' id='word_1_798' title='bbox 2527 5605 2586 5653; x_wconf 80' lang='grc' dir='ltr'><strong>ἐν</strong></span> <span class='ocrx_word' id='word_1_799' title='bbox 2617 5604 2683 5671; x_wconf 82' lang='grc' dir='ltr'>τῇ</span> <span class='ocrx_word' id='word_1_800' title='bbox 2731 5601 2868 5671; x_wconf 68' lang='grc' dir='ltr'>καλῇ</span> <span class='ocrx_word' id='word_1_801' title='bbox 2896 5599 3162 5669; x_wconf 75' lang='grc' dir='ltr'>ὁμολογίᾳ</span> <span class='ocrx_word' id='word_1_802' title='bbox 3193 5602 3436 5670; x_wconf 82' lang='grc' dir='ltr'>Χριστοῦ</span> <span class='ocrx_word' id='word_1_803' title='bbox 3459 5619 3474 5633; x_wconf 79' lang='grc' dir='ltr'><strong><em>ο</em></strong></span> <span class='ocrx_word' id='word_1_804' title='bbox 3510 5604 3563 5654; x_wconf 81' lang='lat' dir='ltr'><strong>si.</strong></span> <span class='ocrx_word' id='word_1_805' title='bbox 3587 5605 3760 5673; x_wconf 79' lang='grc' dir='ltr'>τηρείς</span> <span class='ocrx_word' id='word_1_806' title='bbox 3787 5601 3868 5671; x_wconf 79' lang='grc' dir='ltr'>τὴν</span> 
     </span>
    </p>
   </div>
   <div class='ocr_carea' id='block_1_107' title="bbox 616 5682 2192 5763">
    <p class='ocr_par' dir='ltr' id='par_1_107' title="bbox 616 5682 2192 5759">
     <span class='ocr_line' id='line_1_107' title="bbox 616 5682 2192 5759; baseline 0.005 -24"><span class='ocrx_word' id='word_1_807' title='bbox 616 5682 963 5739; x_wconf 81' lang='lat' dir='ltr'><strong>confessione</strong></span> <span class='ocrx_word' id='word_1_808' title='bbox 1012 5700 1376 5755; x_wconf 87' lang='lat' dir='ltr'><strong>permaneas:</strong></span> <span class='ocrx_word' id='word_1_809' title='bbox 1430 5705 1498 5742; x_wconf 92' lang='lat' dir='ltr'><strong>an</strong></span> <span class='ocrx_word' id='word_1_810' title='bbox 1547 5689 1852 5759; x_wconf 91' lang='lat' dir='ltr'><strong>depositum</strong></span> <span class='ocrx_word' id='word_1_811' title='bbox 1906 5689 2028 5743; x_wconf 84' lang='lat' dir='ltr'><strong>lidei</strong></span> <span class='ocrx_word' id='word_1_812' title='bbox 2065 5690 2192 5743; x_wconf 90' lang='lat' dir='ltr'><strong>inte-</strong></span> 
     </span>
    </p>
   </div>
   <div class='ocr_carea' id='block_1_108' title="bbox 2292 5682 3868 5763">
    <p class='ocr_par' dir='ltr' id='par_1_108' title="bbox 2315 5690 3868 5763">
     <span class='ocr_line' id='line_1_108' title="bbox 2315 5690 3868 5763; baseline 0.001 -21"><span class='ocrx_word' id='word_1_813' title='bbox 2315 5691 2791 5762; x_wconf 78' lang='grc' dir='ltr'>παρακαταθήκην</span> <span class='ocrx_word' id='word_1_814' title='bbox 2831 5691 2928 5760; x_wconf 71' lang='grc' dir='ltr'>τῆς</span> <span class='ocrx_word' id='word_1_815' title='bbox 2955 5690 3193 5754; x_wconf 85' lang='grc' dir='ltr'>πίστεως</span> <span class='ocrx_word' id='word_1_816' title='bbox 3237 5691 3326 5745; x_wconf 81' lang='grc' dir='ltr'><strong>διὰ</strong></span> <span class='ocrx_word' id='word_1_817' title='bbox 3373 5693 3696 5763; x_wconf 72' lang='grc' dir='ltr'>Πνεῦματος</span> <span class='ocrx_word' id='word_1_818' title='bbox 3734 5692 3868 5758; x_wconf 81' lang='grc' dir='ltr'>ἁγίου</span> 
     </span>
    </p>
   </div>
   <div class='ocr_carea' id='block_1_109' title="bbox 617 5779 2193 5859">
    <p class='ocr_par' dir='ltr' id='par_1_109' title="bbox 617 5779 2193 5848">
     <span class='ocr_line' id='line_1_109' title="bbox 617 5779 2193 5848; baseline 0.01 -24"><span class='ocrx_word' id='word_1_819' title='bbox 617 5789 773 5842; x_wconf 76' lang='lat' dir='ltr'><strong>grum</strong></span> <span class='ocrx_word' id='word_1_820' title='bbox 819 5790 1004 5830; x_wconf 81' lang='lat' dir='ltr'><strong>serves</strong></span> <span class='ocrx_word' id='word_1_821' title='bbox 1047 5792 1149 5845; x_wconf 92' lang='lat' dir='ltr'><strong>ope</strong></span> <span class='ocrx_word' id='word_1_822' title='bbox 1207 5779 1444 5848; x_wconf 84' lang='lat' dir='ltr'><strong>Spiritus</strong></span> <span class='ocrx_word' id='word_1_823' title='bbox 1493 5782 1715 5836; x_wconf 88' lang='lat' dir='ltr'><strong>sancti:</strong></span> <span class='ocrx_word' id='word_1_824' title='bbox 1759 5797 1827 5836; x_wconf 88' lang='lat' dir='ltr'><strong>an</strong></span> <span class='ocrx_word' id='word_1_825' title='bbox 1875 5780 1954 5838; x_wconf 83' lang='lat' dir='ltr'><strong>sis</strong></span> <span class='ocrx_word' id='word_1_826' title='bbox 1988 5782 2041 5836; x_wconf 90' lang='lat' dir='ltr'><strong>in</strong></span> <span class='ocrx_word' id='word_1_827' title='bbox 2094 5781 2193 5839; x_wconf 81' lang='lat' dir='ltr'><strong>Dec</strong></span> 
     </span>
    </p>
   </div>
   <div class='ocr_carea' id='block_1_110' title="bbox 2291 5779 3867 5859">
    <p class='ocr_par' dir='ltr' id='par_1_110' title="bbox 2312 5782 3867 5859">
     <span class='ocr_line' id='line_1_110' title="bbox 2312 5782 3867 5859; baseline -0.001 -21"><span class='ocrx_word' id='word_1_828' title='bbox 2312 5783 2530 5853; x_wconf 71' lang='grc' dir='ltr'>ἀσφαλῆ</span> <span class='ocrx_word' id='word_1_829' title='bbox 2552 5801 2565 5814; x_wconf 87' lang='grc'><strong>·</strong></span> <span class='ocrx_word' id='word_1_830' title='bbox 2594 5785 2645 5837; x_wconf 85' lang='grc' dir='ltr'>εἰ</span> <span class='ocrx_word' id='word_1_831' title='bbox 2673 5782 2919 5856; x_wconf 64' lang='grc' dir='ltr'>κρατύνη</span> <span class='ocrx_word' id='word_1_832' title='bbox 2951 5786 3007 5840; x_wconf 83' lang='grc' dir='ltr'><strong>ὲν</strong></span> <span class='ocrx_word' id='word_1_833' title='bbox 3051 5782 3168 5856; x_wconf 80' lang='grc' dir='ltr'><strong>Θεῷ</strong></span> <span class='ocrx_word' id='word_1_834' title='bbox 3196 5784 3271 5856; x_wconf 81' lang='grc' dir='ltr'>μὴ</span> <span class='ocrx_word' id='word_1_835' title='bbox 3302 5788 3629 5859; x_wconf 79' lang='grc' dir='ltr'>πτυρομένη</span> <span class='ocrx_word' id='word_1_836' title='bbox 3657 5786 3749 5840; x_wconf 74' lang='grc' dir='ltr'><strong>ἀπὸ</strong></span> <span class='ocrx_word' id='word_1_837' title='bbox 3776 5784 3867 5838; x_wconf 77' lang='grc' dir='ltr'><strong>τῶν</strong></span> 
     </span>
    </p>
   </div>
   <div class='ocr_carea' id='block_1_111' title="bbox 616 5868 2546 5944">
    <p class='ocr_par' dir='ltr' id='par_1_111' title="bbox 616 5868 2546 5944">
     <span class='ocr_line' id='line_1_111' title="bbox 616 5868 2546 5944; baseline 0.005 -19"><span class='ocrx_word' id='word_1_838' title='bbox 616 5868 994 5939; x_wconf 78' lang='lat' dir='ltr'><strong>corroborata,</strong></span> <span class='ocrx_word' id='word_1_839' title='bbox 1038 5886 1135 5927; x_wconf 90' lang='lat' dir='ltr'><strong>nec</strong></span> <span class='ocrx_word' id='word_1_840' title='bbox 1164 5871 1362 5943; x_wconf 89' lang='lat' dir='ltr'><strong>impios</strong></span> <span class='ocrx_word' id='word_1_841' title='bbox 1390 5888 1742 5944; x_wconf 79' lang='lat' dir='ltr'><strong>expavescas.</strong></span> <span class='ocrx_word' id='word_1_842' title='bbox 2311 5876 2546 5935; x_wconf 78' lang='grc' dir='ltr'>ἀσεϐῶν.</span> 
     </span>
    </p>
   </div>
  </div>
