3990 6318
100 319 284 387 1265
1377 329 1926 397 EPISTOLARUM
1991 338 2141 401 LIB.
2187 340 2270 402 II.

193 426 411 500 Εὖγε,
448 425 611 502 εὖγε·
657 436 1015 509 στηριχοείης
1067 437 1151 492 ἔτι
1202 439 1502 505 πλειόνως·
1537 443 1635 496 καὶ
1684 461 1772 496 το·
1798 447 1848 507 Λ
1949 447 2119 521 Euge,
2147 468 2286 524 euge

96 523 346 577 σοῦτον
396 525 476 588 ὠς
515 523 581 578 ἂν
616 525 766 597 ᾄδειν
799 544 859 580 σε
903 529 1000 582 σὺν
1032 528 1111 601 τῷ
1142 529 1283 601 ἆγίῳ
1315 531 1509 584 Δαϐίδ·
1551 536 1635 586 Οὐ
1665 552 1740 603 φο

1870 548 2085 597 tantum
2141 523 2382 600 uticum
2451 558 2646 602 sancto
2705 549 2873 604 David
2924 551 3110 622 possis
3171 554 3475 613 accinere:

98 615 505 685 ϐηθήσομαι
565 618 636 670 ἐν
689 617 770 683 τῷ
828 620 1247 689 ταράσσεσθαι
1308 622 1427 691 τὴν
1475 623 1615 692 γῆν,
1668 644 1740 679 κα

1871 632 1998 689 Non
2053 637 2246 691 timebo
2273 639 2400 692 dum
2427 642 2733 695 turbabitur
2782 655 2926 698 terra
2955 685 2969 708 ,
3001 655 3051 700 et
3083 647 3479 716 transferentur

99 710 579 774 μετατίθεσθαι
644 713 751 782 ὄρη
805 713 877 767 ἐν
915 716 1190 784 καρδίαις
1251 716 1604 773 θαλασσῶν.
1655 721 1740 772 Κα

1871 737 2073 781 montes
2105 729 2162 781 in
2189 746 2280 782 cor
2307 733 2470 786 maris
2490 733 2558 787 δ’.
2599 734 2896 790 Enimvero
2921 737 3013 805 qui
3049 754 3282 808 prorsus
3317 741 3476 796 ﬁrma

99 804 245 875 γὰρ
294 804 326 855 ὁ
363 805 444 869 ὡς
476 806 695 876 ἀληθῶς
731 807 1116 878 βεδαιὸπιστος
1139 852 1154 876 ,
1189 812 1599 884 ἁμετακίνητός
1646 815 1740 866 ἐστ

1867 816 1972 871 ﬁde
2002 827 2106 883 est,
2141 817 2407 875 dimoveri
2460 825 2688 879 omnino
2727 804 2976 896 nequitia
3004 804 3279 886 cbaritate
3309 831 3476 887 Chri-

101 897 394 967 πάμπαν
425 900 526 969 τῆς
554 900 779 974 ἀγάπης
827 903 1101 974 Χριστοῦ·
1140 899 1208 979 ἦς
1235 906 1295 958 ού
1325 905 1528 976 θλίψις,
1557 907 1618 960 ού
1646 924 1737 960 στε

1865 910 1936 962 sti
1982 928 1995 962 :
2031 910 2060 963 it
2109 927 2216 980 qua
2259 929 2368 966 non
2428 915 2735 984 tribulatio,
2768 934 2877 972 non
2913 922 3203 993 angustia,
3239 938 3350 978 non
3387 923 3471 979 fa-

102 991 432 1062 νοχωρία,
483 994 545 1045 ού
597 993 793 1064 λιμὸς,
836 997 897 1049 ού
947 997 1222 1068 διωγμὸς,
1270 1000 1331 1052 ού
1381 999 1658 1064 κίνδυνος,
1701 1019 1740 1054 οε

1866 1017 2004 1069 mes,
2057 1021 2164 1058 non
2213 1010 2547 1077 persecutio.
2585 1028 2691 1066 non
2738 1015 3068 1084 periculum,
3115 1032 3224 1072 non
3257 1019 3472 1090 gladius

3337 355 3468 422 12%

2329 472 2344 509 :
2394 454 2574 510 adhuc
2605 457 2842 527 amplius
2873 462 3186 517 conl‘ortaro
3221 482 3233 516 :
3279 465 3386 520 imo
3419 469 3474 523 iu

110 1085 408 1154 μάχαιρα
447 1086 706 1159 χωρίζειν
736 1088 989 1144 δύναται.
1017 1091 1204 1163 Ταύτῃ
1238 1090 1304 1163 τῇ
1341 1092 1671 1162 πεποιθήσει
1711 1095 1761 1145 οἱ

108 1176 292 1246 ἆγιοι
333 1179 540 1244 πάντες
579 1183 1018 1255 ἐτελειώθησαν·
1068 1189 1134 1257 τῇ
1168 1188 1306 1257 αὐτῇ
1344 1187 1442 1241 καὶ
1491 1188 1525 1259 ή
1571 1187 1637 1261 σή
1676 1204 1761 1239 τι-

113 1271 346 1344 μιότης
383 1273 492 1344 εἴη.
535 1275 610 1328 Ού
641 1277 752 1347 γὰρ
790 1273 844 1330 εἷ
885 1280 1228 1351 ἁγενεστέρα
1268 1281 1513 1351 Θέκλης,
1540 1281 1763 1352 Φεὸρω-

116 1365 298 1428 νίας,
336 1365 557 1420 καὶτοῦ
590 1370 723 1440 περὶ
744 1370 917 1434 αὑτὰς
951 1371 1230 1442 μακαρίου
1263 1371 1430 1442 χοροῦ
1455 1390 1469 1403 ·
1510 1373 1760 1444 θυγάτηρ

109 1459 318 1521 Θεοῦ,
371 1459 563 1532 νύμφη
626 1463 900 1531 Χριστοῦ,
963 1465 1040 1529 ώς
1093 1467 1379 1534 κάκεῖναι,
1433 1468 1529 1520 καὶ
1591 1467 1756 1538 αύτή.

126 1550 334 1623 ’Υπὲρ
369 1550 432 1608 οὗ
462 1559 556 1608 καὶ
578 1557 744 1610 τανῦν
772 1557 833 1610 τὸ
874 1560 1179 1629 μαρτύριον
1206 1560 1400 1632 ὥσπερ
1430 1561 1756 1632 τηνικαῦτα.

127 1645 586 1718 ’Υπομείνωμεν
630 1647 750 1718 οὖν,
784 1652 1123 1722 παρακαλῶ,
1152 1654 1251 1725 οὐχ
1277 1655 1358 1708 ὃτι
1388 1656 1447 1708 ὲν
1473 1648 1553 1716 οἷς
1589 1656 1757 1725 ἐσμεν

119 1738 495 1805 θλιπτικοίς·
560 1743 698 1796 ἀλλὰ
776 1746 882 1799 κᾶν
948 1747 1016 1800 τὰ
1087 1749 1470 1820 προειρημένα
1536 1748 1754 1802 ἅπαντα

1864 1104 2048 1165 potest
2101 1114 2360 1169 separare
2376 1102 2445 1156 ⁸³.
2491 1102 2608 1160 Hac
2640 1105 2842 1161 ﬁducia
2897 1125 3092 1165 omnes
3121 1111 3298 1166 sancti
3332 1128 3472 1168 con-

1863 1193 2126 1244 summati
2162 1204 2294 1248 sunt
2326 1213 2340 1249 :
2388 1196 2584 1252 eadem
2620 1200 2985 1255 reverentiam
3020 1210 3170 1257 tuam
3208 1219 3471 1260 consum-

1864 1293 1994 1339 met.
2024 1282 2212 1356 Neque
2233 1290 2379 1342 enim
2405 1306 2466 1346 es
2485 1289 2688 1347 Thecla
2712 1293 3026 1362 ignobilior,
3048 1305 3144 1351 aut
3173 1297 3466 1367 Fcbronia,

1863 1386 1958 1430 aut
1991 1376 2135 1433 felici
2183 1379 2399 1435 illarum
2459 1394 2606 1438 coetu
2644 1402 2657 1439 :
2698 1400 2827 1440 cum
2855 1387 2934 1442 sis
2965 1385 3062 1442 Dei
3095 1388 3227 1455 lilia,
3262 1389 3467 1446 Christi

1864 1467 2104 1538 Sponsa,
2143 1474 2611 1541 quemadmodum
2639 1476 2765 1541 illic,
2801 1477 2883 1533 sic
2921 1486 2975 1533 et
3007 1478 3126 1548 ipsa
3163 1496 3176 1529 :
3206 1496 3369 1548 quam
3396 1484 3467 1538 ob

1859 1578 2259 1620 causamnunc
2284 1582 2506 1637 quoque
2563 1573 2886 1641 mattyrium
2940 1573 3131 1638 instat,
3192 1575 3268 1629 uti
3311 1576 3464 1631 olim.

1862 1651 2253 1712 Sustineamus
2285 1659 2472 1730 igitur,
2516 1661 2773 1728 obsecro,
2807 1679 2915 1718 non
2950 1666 3116 1721 modo
3141 1682 3235 1722 eas
3259 1669 3463 1738 quibus

1859 1748 2165 1817 premimur
2211 1750 2519 1818 molestias,
2568 1754 2664 1808 sed
2700 1755 2782 1810 vel
2814 1756 2860 1812 si
2893 1774 3060 1827 supra
3102 1758 3248 1814 dicta
3280 1764 3462 1818 omnia

115 1832 375 1902 ἐπιστῇ.
417 1832 1009 1905 Ἀπροσωπόληπτος
1037 1841 1069 1892 ὀ
1098 1840 1244 1904 Θεός
1266 1857 1278 1869 ·
1302 1841 1367 1910 τῇ
1397 1841 1535 1911 αὐτῇ
1562 1841 1740 1912 ἀγάπῃ

1857 1839 2138 1911 ingruant.
2199 1840 2327 1895 Non
2373 1853 2451 1896 est
2511 1861 2858 1915 personarum
2928 1862 3172 1921 acceptor
3222 1852 3459 1910 Deus“:
3520 1842 3524 1847 ’

114 1922 384 1989 ἀγαπῶν
428 1924 600 1993 ἡμᾶς,
636 1918 669 2001 ᾖ
715 1927 974 1998 ἠγάπησε
1023 1931 1120 1982 καὶ
1161 1931 1290 1992 τοὺς
1335 1931 1526 1984 πάλαι.
1564 1931 1750 1983 Ταῦτα

111 2013 206 2077 ὡς
246 2016 310 2066 ὲν
348 2015 590 2088 ὀλίγοιςο
635 2018 794 2082 εἰδὼς
843 2021 926 2073 ὅτι
956 2022 1172 2075 οἴκοθεν
1208 2024 1303 2075 καὶ
1344 2024 1404 2089 ἐξ
1436 2024 1614 2079 ἄλλων
1650 2025 1749 2089 τὰς

113 2108 534 2178 παρακλήσεις
592 2109 706 2181 ἔχει
759 2129 854 2166 σου
888 2116 921 2183 ἡ
971 2117 1422 2186 σεμνοπρέπειαν
1472 2119 1623 2187 ὅμως
1653 2119 1749 2171 καὶ

115 2203 274 2272 παρ’
306 2204 494 2273 ἡμῶνς
529 2206 617 2259 ἵνα
642 2207 830 2277 γνοίης
855 2209 936 2261 ὅτι
971 2211 1439 2282 οἰκειοπαθοῦμὲν
1471 2230 1554 2265 σοι
1593 2213 1747 2280 seu-

116 2295 392 2368 λομένως
414 2313 427 2326 ·
459 2301 557 2353 καὶ
583 2301 732 2364 ὅπως
756 2301 1065 2375 προσεύχῃ,
1094 2304 1190 2358 τοῦ
1214 2305 1573 2373 στηρίζεσθαι
1601 2308 1749 2377 ἡμᾶς

113 2391 265 2452 τοὺς
299 2391 687 2462 ἁμαρτωλούς.

465 2512 592 2567 NA'.
654 2543 703 2552 —
740 2515 1041 2582 Βασιλείῳ
1074 2515 1384 2583 πατρικίφ.
1427 2513 1610 2587 [ρξε’.]

1857 1935 2049 1988 eadem
2082 1951 2182 1989 nos
2234 1937 2509 1994 charitate
2543 1941 2718 2012 diligit
2750 1959 2856 2012 qua
2895 1955 2950 1999 et
2987 1947 3224 2016 majores
3250 1949 3459 2005 dilexit.

1858 2024 1968 2081 Sed
2031 2027 2147 2082 haec
2209 2029 2401 2098 paucis
2448 2050 2461 2086 :
2518 2049 2644 2087 cum
2695 2037 2864 2104 probe
2913 2038 3084 2091 sciam
3136 2041 3458 2108 gravitatem

1842 2127 2008 2190 tuam
2061 2121 2213 2175 domi
2273 2131 2441 2192 atque
2492 2125 2561 2179 ab
2588 2126 2710 2182 aliis
2755 2128 2956 2183 habere
2987 2130 3190 2184 solatia
3230 2141 3458 2188 :tameu

1855 2225 1909 2267 et
1935 2228 1964 2266 a
1992 2213 2151 2269 nobis
2175 2216 2292 2270 haec
2311 2216 2452 2271 habe
2480 2236 2492 2272 :
2523 2227 2580 2271 ut
2609 2219 2883 2292 intelligas
2919 2237 3020 2277 nos
3050 2229 3160 2278 tuis
3186 2223 3369 2290 rebus,
3394 2234 3459 2282 ut

1857 2322 1958 2375 par
1995 2315 2100 2372 est,
2155 2306 2294 2362 allici
2330 2327 2344 2362 :
2374 2318 2430 2363 et
2470 2318 2529 2364 ut
2578 2311 2738 2370 nobis
2801 2317 3191 2385 peccatoribus
3219 2317 3362 2373 vires
3392 2331 3457 2374 ac

1855 2397 2027 2452 robur
2069 2397 2326 2468 precibus
2360 2399 2640 2469 impetres.

2279 2515 2415 2572 LIV.
2448 2549 2520 2559 —
2548 2519 2758 2576 Basilio
2796 2525 3046 2592 patricio.

1411 2626 1708 2677 Consolatur
1754 2622 1806 2674 in
1841 2629 2005 2675 marte
2041 2623 2150 2676 ﬁlii,

203 2733 327 2802 Τῆς
377 2731 719 2803 θεομιμήτου
770 2749 865 2784 σου
916 2731 1394 2800 συγκαταϐἀσεως
1438 2732 1623 2803 ἔργον,
1679 2732 1741 2784 ού

126 2827 308 2899 μόνον
333 2827 414 2888 εἰς
441 2826 565 2896 ὄψιν
602 2843 696 2877 σου
742 2827 894 2896 ἱερὰν
925 2828 1174 2895 ἐνεγκεῖν
1202 2827 1294 2878 τὸν
1320 2826 1550 2893 ἀδελφὺν
1585 2825 1744 2895 ήμῶν

126 2924 194 2976 ὲν
226 2920 537 2990 πνεύματι,
582 2919 846 2992 ὁμιλῆσαί
887 2938 947 2973 τε
976 2922 1044 2974 τὰ
1071 2921 1333 2988 δόξαντα.
1386 2919 1531 2973 οὕτω
1573 2937 1745 2991 προσ-

131 3011 289 3082 ηνῶς
329 3014 422 3064 καὶ
446 3013 688 3082 μετρίως
710 3029 722 3042 ·
759 3011 873 3064 ἀλλ’
903 3014 986 3065 ὅτι
1009 3016 1103 3066 καὶ
1133 3012 1231 3084 τὴν
1269 3013 1468 3083 κυρίαν
1497 3015 1591 3065 καὶ
1617 3014 1740 3081 ἐμοὶ

134 3103 452 3172 σεϐασμίαν
498 3105 817 3175 πατρικίαν,
871 3106 990 3174 ἆμα
1019 3108 1136 3167 τοῖς
1180 3106 1597 3172 εὐγενεστάτοις
1645 3123 1738 3157 σου

135 3198 393 3270 βλαστοῖς
420 3197 668 3266 ἀγαγὼν,
717 3198 895 3250 κλῖναί
939 3216 998 3250 τε
1030 3200 1091 3250 ού
1121 3197 1388 3268 κεφαλὴν,
1434 3200 1574 3250 ἀλλὰ
1606 3199 1737 3266 γόνυ

135 3289 284 3362 πρὸς
323 3289 487 3341 αὑτὸν
525 3288 924 3359 ὲπιτέτραφας.
957 3289 1020 3340 Ὢ
1054 3289 1155 3358 τῆς
1187 3295 1453 3359 μεγίστης
1499 3307 1592 3341 σου
1639 3308 1739 3341 τα-

140 3381 619 3453 πεινοφροσύνηςῑ
666 3381 711 3433 ῶ
756 3381 858 3451 τῆς
907 3381 1159 3450 φιλοθέου
1199 3382 1504 3445 συνέσεωςῑ
1552 3380 1596 3433 ὣ
1639 3383 1739 3450 τῆς

143 3475 596 3549 ὑπερϐαλλούσης
659 3492 754 3528 σου
804 3478 862 3528 ὲν
917 3474 1268 3544 ἁμαρτωλοῖς
1317 3474 1588 3530 πίστεωςῐ
1629 3474 1740 3526 Καὶ

142 3567 248 3620 οὐκ
279 3565 554 3636 ἁποτεύξῃ
575 3563 669 3616 τοῦ
691 3563 794 3633 τῆς
818 3562 1175 3627 εύαποδεξίας
1203 3561 1420 3631 μισθοῦ.
1451 3561 1549 3612 Διὰ
1566 3559 1740 3612 ταῦτά

149 3677 238 3712 σοι
272 3660 448 3711 πάντα
469 3675 482 3690 ·
515 3658 610 3710 καὶ
636 3656 717 3708 ἔτι
753 3655 915 3708 πλέον
941 3655 1018 3718 είς
1051 3653 1257 3723 ἀρετῆς
1286 3653 1469 3720 λόγον,
1510 3649 1739 3713 εἰκότως

146 3754 178 3806 ὁ
208 3753 333 3819 ἐμὸς
370 3751 638 3819 δεσπότης
693 3749 788 3802 καὶ
835 3749 1030 3818 αἵματι
1069 3747 1163 3800 καὶ
1211 3745 1489 3816 πνεύματι
1549 3742 1739 3813 φιλού-

154 3859 312 3914 μενος
345 3842 578 3909 γέγονας
621 3841 759 3910 πρὸς
802 3840 1020 3892 πάντων
1069 3837 1181 3890 τῶν
1217 3837 1609 3907 γνωρισὰντων
1644 3834 1740 3887 καὶ

152 3935 399 4009 ὁρώντων
433 3952 514 3989 σε.
566 3937 676 3988 Καὶ
718 3935 998 4006 μάρτυρες
1028 3934 1121 3985 τοῦ
1158 3932 1317 3998 λόγου
1356 3933 1414 3984 αἱ
1466 3930 1610 3983 κατὰ
1640 3929 1741 3991 τὰς

154 4031 305 4095 ἀξίας
351 4027 619 4100 ὑπεροχαί
654 4045 780 4090 σου,
824 4027 1029 4098 ἀρετῆς
1089 4025 1324 4078 ἔπαθλον
1384 4021 1736 4093 ύπάρξασαι·

153 4128 239 4194 ἐφ’
331 4126 424 4178 σὺν
460 4125 540 4194 τῷ
564 4123 667 4193 τῆς
713 4122 930 4190 φύσεως
961 4122 1111 4191 νόμῳ
1159 4118 1459 4204 μορφώσας
1495 4115 1649 4178 υἱούς
1677 4131 1740 4168 τε

155 4218 250 4272 καὶ
282 4217 615 4286 θυγατέρας,
677 4215 796 4284 ἅμα
845 4217 911 4285 τῇ
951 4212 1240 4283 ὁμοζύγῳ·
1297 4211 1515 4272 εἰκόνας
1570 4209 1740 4271 ὄντως

156 4310 398 4378 ἐναργεῖς
445 4308 546 4379 τῆς
600 4305 886 4367 εὐσεϐείας
937 4321 1031 4356 σου
1079 4301 1467 4366 ὲναπέδειξας’
1521 4303 1586 4354 ὲκ
1638 4302 1741 4370 τῆς

154 4402 289 4474 πρὸς
317 4402 374 4453 σε
420 4398 858 4469 ἐπιφαινομένης
903 4397 1092 4460 αὐτοῖς
1121 4397 1441 4467 ὁμοιότητος
1477 4396 1736 4462 ἐπιγινω-

159 4512 253 4547 σκο
260 4494 447 4563 μένους
481 4493 881 4562 ἁψευδέστατα.

230 4584 361 4636 Ἀλλ’
392 4586 419 4636 ὀ
451 4584 553 4654 μὲν
599 4583 730 4654 περὶ
757 4581 949 4635 τούτου
1001 4580 1158 4647 λόγος
1188 4577 1449 4641 τοιοῦτος.
1493 4578 1628 4629 Τίνα
1678 4577 1736 4630 δὲ

156 4678 304 4744 λόγον
339 4674 796 4743 παραμυθητικὸν
839 4674 931 4725 ἐπὶ
973 4669 1051 4739 τῷ
1091 4669 1256 4721 πάθει
1286 4669 1379 4720 τοῦ
1413 4669 1732 4739 Προδρόμου

158 4767 436 4838 ὁμωνύμου
464 4767 655 4836 ἑρνους
688 4781 781 4816 σου
809 4761 1220 4830 παγκαλλίστου
1264 4759 1546 4831 ἐξεύροιμι
1581 4763 1609 4813 ὁ
1640 4777 1733 4812 τα-

160 4862 358 4923 πεινὸς,
402 4859 689 4911 λεαίνοντα
724 4856 920 4926 μικρὸν
969 4871 1022 4905 τι
1072 4853 1134 4904 τὸ
1163 4853 1270 4906 τῶν
1328 4852 1512 4922 ειμίων
1539 4851 1730 4921 ψυχῶν

163 4952 302 5023 ὑμῶν
341 4950 619 5020 θλιὸερόν;
655 4950 777 5000 ἐπεὶ
815 4944 1104 5015 ἀπηγγέλη
1146 4961 1238 5014 μοι
1274 4945 1410 5014 πρὸς
1438 4942 1606 4995 αὑτοῦ
1631 4943 1726 4996 τοῦ

161 5044 370 5113 ἀδελφοῦ
394 5046 576 5096 ὁποῖον
598 5041 658 5093 τὺ
680 5040 870 5108 ἄλγος·
901 5033 991 5091 οἷα.
1016 5037 1082 5090 τὰ
1104 5037 1316 5106 δάκρυα
1344 5034 1726 5098 ἁποστάζοντα

163 5137 322 5209 θερμὰ
351 5137 406 5203 ἐξ
436 5133 735 5205 ὀφθαλμῶν
759 5149 773 5163 ⁸
802 5133 900 5197 τὰς
939 5149 997 5185 τε
1035 5129 1364 5200 ἀνακλήσεις
1387 5167 1401 5192 ,
1430 5128 1728 5180 ὲλεεινολο-

162 5229 274 5300 γίας
291 5247 344 5282 τε
373 5228 467 5281 καὶ
490 5231 872 5296 στοναχήσεις’
897 5227 972 5288 ώς
991 5222 1286 5276 ἀκούσαντι
1315 5220 1525 5271 ἕκαστα
1542 5218 1611 5270 τὰ
1631 5217 1725 5270 τοῦ

164 5322 331 5384 παιδὸς
363 5320 844 5390 πλεονεκτήματα,
877 5315 1068 5391 παθεῖν
1092 5331 1142 5368 τι
1179 5313 1375 5381 μικροῦ
1399 5311 1508 5363 δεῖν
1539 5312 1724 5380 ὁμοιο-

164 5414 314 5477 παθὲς
338 5413 486 5483 ὑμῖν.
515 5412 581 5464 Ὠ
617 5411 736 5474 πῶς
770 5408 1138 5480 ὡμοιώθημεν
1165 5406 1242 5474 τῴ
1273 5403 1439 5456 Δαϐὶδ
1474 5402 1724 5472 πενθήρη

162 5508 352 5579 ψαλμὸν
381 5507 473 5559 ἐπὶ
503 5504 582 5575 τῷ
610 5503 714 5572 υίῷ
745 5501 973 5575 ᾄσαντιί
1011 5500 1071 5578 ΕΙ
1098 5499 1150 5550 δὲ
1197 5498 1402 5559 ἐκεῖνος
1431 5495 1606 5558 οὕτως
1631 5497 1725 5548 ἐπὶ

165 5598 424 5670 ἀτασθάλῳ
461 5598 558 5652 καὶ
590 5597 887 5673 ἁντάραντι
931 5593 1026 5645 καὶ
1056 5589 1270 5643 δικαίαν
1297 5589 1453 5658 δίκην
1493 5590 1592 5659 τῆς
1620 5605 1724 5640 πα-

163 5694 386 5766 τραλοίας
414 5693 654 5747 δώσαντι
674 5705 690 5720 ο
726 5689 779 5742 τί
808 5687 891 5741 δεῖ
925 5682 1160 5738 ἐνταῦθα
1190 5685 1402 5747 είπεῖν;
1431 5681 1528 5734 καὶ
1559 5681 1720 5752 πηλί-

730 5804 778 5837 ⁵⁸
806 5804 962 5859 Rom.
993 5817 1113 5863 rm.
1147 5800 1235 5857 35.
1314 5800 1358 5833 ⁸³
1389 5799 1508 5856 Act.
1545 5817 1601 5865 κ,
1635 5799 1723 5855 3i.

223 5811 262 5842 ⁸¹
294 5811 560 5874 Psal.xt.v,
585 5808 653 5861 ὗ.

1924 2729 2050 2784 Fuit
2095 2730 2298 2786 divinae
2358 2735 2649 2805 cujusdam
2709 2738 3085 2807 demissionis,
3145 2748 3288 2817 quod
3343 2765 3452 2807 non

1851 2826 2016 2879 modo
2069 2826 2123 2879 in
2156 2842 2377 2881 sacrum
2413 2839 2773 2901 conspectum
2815 2844 2972 2891 tuum
3031 2840 3216 2895 venire
3259 2858 3455 2912 passus

1851 2917 1929 2971 sis
1955 2915 2184 2970 fratrem
2225 2931 2479 2973 nostrum
2513 2923 2843 2992 spiritalem,
2873 2941 3050 2998 eaque
3083 2929 3290 2998 profari
3332 2950 3453 3004 quia

1859 3010 2076 3074 liberet,
2143 3021 2252 3065 tam
2307 3013 2503 3069 leuiter
2558 3032 2625 3072 ac
2671 3019 3003 3076 moderate:
3060 3040 3248 3080 verum
3284 3027 3447 3082 etiam

1847 3100 2129 3154 dominam
2185 3105 2432 3173 mihique
2461 3109 2833 3164 venerandam
2882 3114 3169 3182 patriciam
3201 3132 3324 3172 cum
3353 3135 3450 3173 no-

1845 3191 2113 3246 bilissima
2177 3203 2269 3247 tua
2302 3197 2494 3250 sobole
2546 3201 2866 3267 adduxeris,
2912 3204 3282 3276 jusserisque,
3335 3224 3445 3264 non

1843 3293 2028 3352 caput,
2059 3284 2153 3338 sed
2185 3301 2325 3354 genu
2362 3297 2490 3342 ante
2527 3289 2706 3359 ipsum
2751 3292 3060 3350 inﬂectere.
3097 3295 3141 3350 Ο
3174 3298 3442 3369 insignem

1842 3376 2010 3428 animi
2042 3376 2434 3432 dcmissionem
2461 3381 2474 3434 l
2503 3396 2537 3435 ο
2574 3384 2786 3452 plenam
2831 3387 3032 3455 pietate
3068 3393 3442 3458 prudentiam!

1843 3483 1876 3521 ο
1925 3468 2155 3522 nimiam
2203 3479 2353 3524 tuam
2393 3473 2445 3524 in
2494 3476 2878 3542 peccatoribus
2930 3479 3448 3551 ﬁduciamlNeque

1843 3578 1975 3617 vero
2044 3565 2400 3622 admissionis
2459 3569 2626 3639 hujus
2678 3573 2907 3640 praemio
2966 3574 3317 3633 fraudabere.
3370 3576 3447 3635 Ea

1844 3669 2068 3728 pmpter
2103 3659 2201 3712 tibi
2233 3661 2418 3713 omnia
2446 3659 2640 3716 insunt
2671 3680 2685 3717 :
2732 3679 2797 3719 ac
2830 3668 3005 3738 magis
3036 3669 3201 3723 etiam
3233 3671 3302 3724 ob
3335 3672 3448 3724 vir-

1843 3762 2036 3818 tutem,
2061 3752 2261 3807 merito
2287 3753 2558 3811 Dominus
2593 3772 2747 3811 meus
2780 3767 2834 3812 et
2868 3762 3138 3830 sanguine
3163 3773 3216 3816 et
3246 3763 3443 3833 spiritu

1843 3845 2044 3899 charus
2104 3860 2165 3900 es
2221 3847 2481 3902 onmibus
2533 3851 2626 3918 qui
2679 3861 2729 3905 te
2784 3863 3057 3909 noverunt
3089 3863 3142 3910 et
3172 3857 3444 3912 viderunt.

1843 3936 2024 4004 Atque
2073 3936 2270 3990 harum
2328 3953 2515 3992 rerum
2575 3951 2742 3996 testes
2811 3957 2942 4000 sunt
2973 3947 3078 4001 illae
3107 3963 3205 4017 pro
3235 3950 3443 4004 meritis

1841 4029 2215 4098 praerogativa:
2241 4039 2369 4093 tuae,
2405 4032 2609 4102 quippe
2638 4036 2865 4091 totidem
2907 4042 3134 4108 praemia
3169 4041 3386 4097 virtutis
3423 4061 3440 4097 :

1843 4121 1909 4173 ad
1950 4135 2113 4190 quam
2149 4136 2298 4186 cum,
2335 4133 2389 4175 tu
2427 4123 2592 4176 simul
2633 4140 2759 4179 cum
2810 4143 3003 4195 uxore,
3041 4129 3196 4199 juxta
3235 4143 3443 4188 natura:

1842 4210 2016 4282 legem
2051 4212 2193 4266 ﬁlios
2244 4212 2501 4284 ﬁliasque
2534 4215 2843 4271 informasti
2877 4236 2892 4286 ;
2952 4237 3080 4276 vere
3109 4225 3440 4295 conspicuas

1841 4305 2066 4375 pietatis
2111 4314 2219 4360 tua:
2252 4307 2520 4378 imagines
2563 4309 2844 4373 eilinaisti,
2903 4328 3024 4382 qua:
3053 4330 3117 4368 ex
3145 4315 3437 4373 indiscreta

1843 4406 2023 4450 tecum
2071 4413 2135 4451 ac
2169 4398 2460 4453 manifesta
2508 4399 2869 4458 similitudine
2908 4407 3213 4463 certissime
3241 4409 3435 4480 digno-

1769 4501 1811 4554 D
1843 4497 2088 4544 scautur.

1911 4579 2018 4632 Sed
2056 4580 2124 4632 de
2151 4579 2256 4634 hoc
2282 4589 2612 4649 argumento
2650 4582 2944 4638 hactenus.
2977 4586 3152 4664 Quam
3175 4606 3306 4646 vero
3335 4606 3437 4664 ego

1838 4670 2064 4726 humilis
2134 4672 2567 4727 consolatoriam
2645 4677 2957 4732 orationem
3032 4663 3307 4736 inveniam
3376 4663 3430 4740 in

1835 4763 2192 4831 pulcherrimi
2242 4764 2356 4818 nati
2388 4767 2463 4818 tui
2499 4777 2700 4833 morte,
2739 4770 2834 4838 qui
2867 4770 3201 4828 Prmcursori
3231 4789 3433 4844 cogno-

1833 4857 1997 4910 minis
2034 4854 2180 4909 fuit?
2236 4873 2480 4927 quanam
2532 4869 2652 4915 arte
2701 4861 2786 4916 vel
2844 4864 3119 4919 tantillum
3172 4867 3430 4938 mitigabo

1831 4948 2270 5003 venerandarum
2306 4951 2618 5006 animarum
2654 4964 2970 5010 vestrarum
3010 4959 3430 5028 aegritudinem?

1834 5041 1966 5095 Mihi
2000 5045 2146 5097 enim
2183 5045 2254 5099 ab
2285 5046 2479 5102 eodem
2514 5046 2684 5104 fratre
2715 5052 3026 5107 nuntiatum
3053 5061 3156 5120 est,
3189 5064 3426 5124 quantus

1835 5135 1906 5189 sit
1934 5147 2111 5191 vester
2161 5139 2344 5205 dolor,
2371 5143 2584 5212 quales,
2649 5161 2814 5214 quam
2859 5147 3132 5204 ferventes
3155 5165 3218 5204 ex
3248 5149 3424 5206 oculis

1835 5227 2095 5299 lacryma:
2120 5243 2381 5287 manent:
2415 5251 2538 5304 quas
2572 5236 2768 5292 deinde
2792 5239 3228 5310 implorationes,
3257 5258 3422 5313 quant

1835 5318 2086 5390 lugubris
2144 5325 2345 5391 oratio,
2401 5343 2522 5396 qua:
2567 5329 2852 5398 suspiria:
2912 5343 2970 5386 ut
3021 5348 3142 5387 cum
3174 5335 3422 5404 singulas

1837 5413 1991 5480 pueri
2035 5413 2194 5470 dotes
2239 5418 2514 5483 audirem,
2563 5422 2680 5490 pari
2711 5425 3107 5492 propemodum
3135 5425 3420 5481 vobiscum

1834 5504 2041 5560 doloris
2069 5507 2266 5564 affectu
2307 5525 2701 5567 commoverer.
2749 5513 2886 5578 Heu,
2933 5531 3098 5585 quam
3132 5515 3319 5571 Davidi
3345 5520 3420 5573 si-

1835 5595 1994 5650 miles
2019 5597 2195 5652 effecti
2229 5615 2443 5665 sumus,
2472 5616 2598 5656 cum
2629 5602 2940 5659 luctuosum
2972 5604 3038 5657 de
3061 5604 3171 5657 ﬁlio
3197 5620 3418 5660 carmen

1833 5687 2111 5744 accineret
2139 5691 2152 5743 l
2187 5690 2346 5757 Quod
2377 5694 2424 5748 si
2453 5693 2542 5748 ille
2573 5693 2653 5749 sic
2677 5693 2904 5751 allectus
2922 5705 3006 5750 est
3031 5710 3161 5766 erga
3185 5695 3416 5770 impium
