3990 6318
581 365 717 430 19.67

1782 366 1843 427 S.
1876 366 2275 428 TlIEODORI
2315 364 2665 427 STUDITIE

3760 358 3893 424 1268

572 498 640 539 ac
672 486 1024 555 perduellem,
1072 486 1300 541 meritas
1340 484 1618 556 parricidii
1646 501 1839 557 pinnas
1874 488 2118 542 luentem
2152 506 2164 542 :

2280 506 2368 541 κον
2413 486 2606 557 ἔρανον
2652 483 2749 539 τοῦ
2802 485 2963 556 λόγου
3003 484 3377 559 ποιήσασθαις
3430 481 3672 554 Οῖχεται
3740 483 3891 548 παῖς,

572 581 705 649 quid
745 596 888 634 nunc
918 580 1251 635 dicendum?
1302 590 1397 635 aut
1455 596 1619 649 quant
1658 596 1886 635 necesse
1931 590 2015 635 est
2046 597 2171 636 ora-

574 675 742 730 tionis
774 674 1009 729 conferri
1046 674 1347 744 symbolam
1373 674 1396 727 ?
1437 672 1577 728 Puer
1606 674 1815 728 interiit
1842 690 1966 728 eum
1992 676 2172 731 :etatis

574 764 706 818 ﬂore
756 765 875 833 ipso
920 763 1215 825 frueretur.
1256 773 1311 818 et
1348 774 1541 831 suopte
1570 764 1791 833 ingenio
1818 774 1873 818 et
1908 766 2170 835 magistri

572 868 707 910 voce
741 856 1103 925 pereruditus,
1140 855 1389 909 morihus
1431 864 1486 908 ct
1516 869 1773 909 sermone
1800 854 2057 919 blandus,
2088 855 2172 911 vel

574 950 693 1019 ipso
719 958 945 1017 aspectu
988 948 1239 1017 quemvis
1271 948 1323 1001 itt
1362 947 1447 1003 sui
1480 961 1725 1001 amorem
1769 948 2023 1002 alliciens
2054 966 2067 1001 :
2097 958 2170 1015 et,

572 1044 719 1112 quod
765 1042 944 1109 majus
995 1051 1100 1105 est,
1134 1056 1305 1110 purus
1355 1054 1612 1111 corpore,
1647 1042 1835 1095 animo
1862 1041 2169 1095 candidus:

573 1135 705 1188 illud
764 1134 986 1204 quidem
1021 1133 1091 1187 ob
1139 1133 1534 1205 virginitatem,
1584 1149 1707 1204 quae
1738 1134 1841 1188 dos
1869 1134 2170 1187 maximam

572 1227 735 1281 habet
785 1226 1315 1292 admirabilitatem;
1374 1242 1558 1295 neque
1613 1226 1761 1280 enint
1826 1226 2169 1295 perditorum

574 1334 725 1374 more
784 1319 1031 1374 irretitus
1088 1329 1193 1381 est,
1252 1317 1345 1372 sed
1404 1318 1601 1373 vitium
1655 1318 1983 1388 superavit:
2023 1316 2169 1373 istud

575 1416 786 1473 autem,
843 1410 990 1478 quod
1029 1409 1236 1462 nullam
1302 1424 1428 1463 cum
1484 1409 1678 1463 haeresi
1714 1424 1835 1479 quae
1866 1424 2012 1463 nunc
2041 1408 2171 1463 bac-

574 1502 773 1555 chatur
835 1504 1153 1556 societatem
1212 1503 1417 1556 inierit.
1462 1501 1653 1571 Itaque
1697 1501 1960 1557 divinitus
1992 1501 2175 1556 coiere

575 1596 628 1647 itt
673 1612 843 1649 ttnunt
898 1596 1183 1665 integritas
1215 1598 1409 1661 animi,
1460 1596 1856 1665 integritasque
1900 1595 2171 1664 corporis.

577 1689 791 1753 Quanta
854 1690 1003 1755 digni
1048 1689 1209 1745 laude
1262 1702 1540 1760 parentes,
1585 1692 1675 1759 qui
1716 1690 1876 1743 taletn
1916 1689 2173 1758 genuisse

576 1795 807 1847 puerum
857 1781 1106 1837 feruntur
1141 1803 1153 1837 :
1212 1783 1304 1852 qui
1351 1798 1455 1836 non
1494 1784 1670 1835 solum
1716 1797 1967 1851 corpore,
1992 1786 2085 1837 sed
2120 1791 2176 1837 et

577 1874 797 1943 spiritu,
832 1885 940 1928 tam
991 1877 1206 1945 egregia
1240 1875 1421 1930 indole
1455 1877 1663 1945 prolem
1705 1875 1943 1929 tinxere!
1976 1874 2020 1929 Ο
2050 1874 2170 1930 feli-
2204 1862 2246 1918 Β

578 1984 696 2022 cem
732 1980 971 2038 partum,
1003 1973 1117 2025 sive
1147 1973 1291 2040 quod
1335 1971 1545 2040 patrios
1576 1986 1760 2025 mores
1789 1971 2037 2026 imitatus
2064 1980 2171 2039 est,

578 2062 694 2115 sive
723 2062 868 2129 quod
898 2063 951 2115 in
1000 2080 1057 2116 se
1088 2063 1205 2133 ipse
1233 2064 1518 2117 Christum
1568 2066 1840 2132 expressit
1873 2082 1886 2118 :
1924 2064 2172 2133 quicum

578 2168 810 2208 nascens
857 2170 922 2209 ex
986 2154 1210 2224 Virgine
1248 2156 1616 2224 virginitatem
1660 2156 1871 2210 honore
1902 2156 2166 2221 olfecerit,

576 2246 662 2301 sui
716 2248 1000 2313 asseclam,
1064 2257 1251 2317 utpote
1302 2248 1472 2302 tilium
1524 2248 1685 2313 lucis,
1725 2248 1895 2302 tilium
1930 2260 2173 2303 vestrum

577 2339 811 2408 excepit.
870 2339 1009 2405 Quid
1037 2340 1207 2410 ergo?
1249 2338 1457 2395 Luctus
1516 2340 1593 2404 id,
1648 2356 1716 2394 an
1767 2340 1970 2394 laetitia:
1999 2355 2167 2410 argn-

579 2444 820 2485 mentunt
844 2432 867 2485 ῖ
893 2431 1086 2486 Gaudii
1116 2432 1300 2502 utique
1324 2450 1338 2499 ;
1373 2433 1499 2488 licet
1522 2447 1816 2487 maerorem
1843 2432 1998 2486 vobis
2022 2433 2170 2489 illius

578 2538 841 2579 excessus
885 2526 1151 2579 attulerit.
1191 2524 1312 2595 lpse
1359 2542 1507 2579 nunc
1542 2525 1745 2595 gaudio
1772 2526 2083 2596 triumphat
2113 2526 2169 2579 in

582 2617 757 2681 emlis,
804 2618 1057 2688 princeps
1092 2619 1293 2675 factus.
1330 2618 1395 2673 Et
1442 2634 1543 2673 nos
1577 2618 1745 2689 igitur
1768 2620 2006 2688 gaudere
2052 2619 2171 2689 ejus

2275 578 2408 633 αὐτὸ
2430 581 2529 650 τῆς
2552 579 2773 650 ἡλικίας
2802 578 2953 648 ἄγων
2980 580 3042 633 τὸ
3064 578 3355 650 βιώσιμον,
3384 577 3777 638 εὐπαίδευτος
3805 578 3891 629 καὶ

2273 670 2463 745 τρόπῳ
2511 674 2607 726 καὶ
2643 673 2809 743 λόγῳ,
2851 673 3089 745 εὐμελής
3135 676 3231 727 καὶ
3259 673 3381 744 ἤθει
3428 673 3530 726 καὶ
3564 671 3893 741 φθέγματιο

2276 767 2372 819 ἀπ’
2404 764 2576 835 αὐτῆς
2605 766 2703 837 τῆς
2737 766 2984 837 ὁράσεως
3008 767 3089 830 είς
3109 767 3333 837 φίλτρον
3360 764 3788 834 ἐπισπώμενος
3812 766 3894 815 τὸν

2278 859 2555 929 θεώμενον
2573 875 2587 889 ⁸
2619 858 2684 911 τὸ
2713 857 2922 929 μεῖζον,
2959 858 3200 929 καθαρὸς
3225 859 3288 912 τὸ
3313 858 3477 928 σῶμα
3498 901 3517 923 ,
3554 857 3776 919 λευκὺς
3805 855 3895 925 τὴν)

2275 953 2459 1024 ψυχήν
2481 969 2494 981 ·
2525 954 2588 1005 τὸ
2612 952 2713 1023 μὲν
2738 954 2804 1021 τῇ
2836 952 3131 1023 παρθενίᾳ,
3160 952 3299 1023 ὅπερ
3325 953 3479 1005 ἐστὶν
3509 950 3893 1018 ἁξιάγαστονυ

2281 1048 2358 1119 μὴ
2387 1046 2529 1102 κατὰ
2578 1048 2707 1111 τοὺς
2739 1045 3075 1117 ῥηξίφρονας
3128 1044 3323 1108 ἁλοὺς,
3351 1044 3496 1098 ἀλλὰ
3526 1044 3635 1097 τοῦ
3680 1044 3895 1105 πάθους

2278 1140 2719 1212 ὐπεραλλόμενος
2740 1156 2754 1170 ο
2780 1138 2842 1192 τὸ
2862 1140 2920 1193 δὲ
2951 1141 3018 1210 τῇ
3049 1130 3317 1209 ἁμεθεξίᾳ
3338 1135 3443 1206 τῆς
3474 1137 3577 1190 νῦν
3610 1137 3897 1209 κορυϐαν-

2276 1234 2483 1304 τιώσης
2546 1231 2838 1304 αἱρέσεως.
2896 1233 3076 1301 Ὅπερ
3134 1231 3465 1300 θαυμασίως
3534 1232 3630 1290 εἰς
3690 1231 3895 1284 ταυτὸν

2280 1324 2899 1397 συνέδραμεν,ἀφθορία
2928 1324 3138 1395 ψυχῆς,
3177 1323 3415 1394 ἁφθορία
3460 1322 3763 1392 σώματος.
3810 1321 3895 1385 Ὦς

2277 1420 2559 1473 ἑπαινετοὶ
2590 1419 2639 1472 oi
2679 1418 3041 1489 γεννήτορες,
3091 1416 3334 1469 τοιούτου
3381 1415 3581 1477 παιδὸς
3644 1416 3893 1484 πατέρες

2277 1510 2759 1582 χρηματίσαντες,
2803 1508 3153 1578 ἐνεγκόντες,
3192 1508 3253 1560 οὐ
3306 1504 3654 1577 σωματικῶς
3705 1506 3891 1575 μόνον,

2278 1605 2417 1658 ἀλλὰ
2440 1606 2536 1659 καὶ
2568 1602 2962 1674 πνευματικῶς
3000 1602 3368 1671 εὐφυέστατον
3412 1598 3615 1668 ἔρνοςῖ
3657 1599 3761 1661 Ὦς
3790 1616 3891 1668 μα-

2280 1700 2542 1771 καριστὸς
2574 1701 2602 1753 ό
2624 1698 2785 1767 γόνος
2802 1714 2817 1728 ·
2844 1695 2982 1767 όμοῦ
3011 1696 3111 1767 μὲν
3136 1694 3438 1764 πατρώζων
3463 1707 3476 1720 ⁸
3524 1691 3676 1761 ὁμοῦ
3701 1691 3767 1743 δὲ
3801 1691 3890 1744 καί

2278 1792 2473 1846 ἑαυτὸν
2517 1790 2744 1862 Χριστῷ
2779 1789 3199 1860 ίνδαλματίσας·
3236 1787 3296 1851 ὃς
3337 1789 3406 1856 τῇ
3444 1785 3727 1855 παρθένῳ
3764 1802 3887 1853 γεν-

2275 1886 2429 1955 νήσει
2459 1883 2558 1953 τὴν
2592 1880 2891 1953 παρθενίαν
2922 1882 3183 1950 τιμήσας,
3218 1877 3417 1931 ὀπαδὸν
3441 1876 3519 1939 ὡς
3547 1876 3675 1928 υἱον
3703 1877 3887 1944 φωτὸς

2275 1976 2372 2028 τὸν
2418 1974 2533 2027 υἱὸν
2563 1974 2719 2043 ὑμῶν
2750 1973 2965 2043 εἴληφε.
2996 1971 3062 2023 Τί
3092 1965 3219 2037 οὖν;
3254 1966 3539 2037 κλαυθμοῦ
3577 1967 3647 2019 τὸ
3674 1968 3883 2037 δρᾶμα,

2276 2068 2310 2138 ἢ
2344 2070 2557 2139 χαρᾶς;
2599 2065 2814 2138 Δηλαδὴ
2867 2064 3228 2134 εὐφροσύνης.
3295 2061 3399 2115 κᾶν
3452 2060 3621 2123 ἀνίας
3678 2061 3818 2130 ὑμῖν
3855 2062 3881 2111 ό

2275 2158 2555 2231 χωρισμὸς
2584 2158 2748 2212 αὐτοῦ
2793 2158 3134 2229 ἐνεποίησεν.
3165 2148 3334 2219 Οὗτος
3368 2155 3558 2225 χαίρει
3591 2156 3748 2224 χαρᾷ
3788 2152 3880 2207 νῦν

2275 2250 2335 2299 ὲν
2364 2248 2614 2317 οὐρανοῖς
2633 2287 2648 2310 ,
2682 2246 2927 2317 πρέσϐυς
2951 2245 3374 2315 καθιστάμενος.
3410 2246 3507 2296 Δεῖ
3527 2238 3628 2297 οὖν
3653 2243 3881 2313 συγχαί-

2281 2357 2397 2411 ρειν
2436 2341 2584 2410 ἡμᾶς
2618 2339 2696 2409 τῷ
2729 2337 3041 2410 χαιρομένῳ
3088 2338 3295 2408 άπάρτι
3317 2377 3331 2402 ,
3362 2336 3502 2389 ἀλλὰ
3552 2336 3636 2406 μὴ
3685 2337 3882 2395 λυπεῖν

2278 2433 2446 2487 αὐτὸν
2486 2434 2543 2485 ὲν
2573 2430 2649 2501 τῷ
2703 2430 3013 2483 λυπεῖσθαι.
3068 2430 3250 2500 Πέρας
3276 2431 3304 2482 ὁ
3347 2427 3505 2496 λόγος
3539 2429 3756 2499 ἐχέτω·
3786 2430 3881 2498 τὴν

2277 2521 2372 2573 ἐπὶ
2402 2523 2471 2592 τῇ
2521 2518 2842 2591 πεμφθείσῃ
2883 2517 3103 2589 εὐλογίᾳ
3149 2519 3504 2590 εὐχαριστίαν
3536 2519 3644 2574 καὶ
3674 2519 3878 2574 ἀπολο-

2276 2615 2402 2684 γίαν
2436 2630 2712 2682 συναποφε
2721 2612 2968 2683 ρόμενος.

582 2710 842 2779 gauilinm
904 2711 1160 2781 deinceps
1218 2726 1446 2767 necesse
1494 2721 1601 2771 est,
1649 2726 1755 2764 non
1817 2726 1941 2765 eum
2014 2722 2202 2765 nostro
2276 2723 2514 2762 tuterore
2566 2705 2919 2762 contristare.
2952 2706 3159 2762 Habeat
3190 2707 3338 2761 hunc
3364 2708 3599 2778 epistola
3635 2709 3870 2771 exitum,

586 2821 684 2873 pro
708 2807 1036 2861 transmisso
1079 2824 1308 2861 munere
1343 2809 1644 2877 gratiarum
1688 2806 1958 2861 actionem
2012 2806 2177 2861 simul
2216 2813 2271 2860 et
2298 2803 2711 2859 excusationem
2741 2800 3006 2858 referens.

1053 2924 1162 2979 LV.
1200 2957 1265 2966 —
1300 2924 1547 2995 Gregora:
1580 2930 1737 2984 laico.

2593 2924 2718 2978 NE’-
2780 2955 2831 2964 —
2866 2921 3143 2993 Γρηγορᾷ
3165 2921 3375 2990 λατκῷ·
3407 2922 3596 2996 [tW-1

1512 3024 1614 3072 Pro
1635 3026 1729 3072 ﬁde
1752 3026 2003 3085 captivum
2036 3023 2253 3071 roborat.
2281 3020 2485 3084 (Baron.
2519 3034 2598 3070 an.
2626 3019 2738 3081 818,
2771 3033 2821 3068 ιι.
2849 3019 2952 3083 19.)

660 3110 840 3172 Salve,
882 3108 1169 3163 confessor
1196 3106 1425 3163 Christi.
1463 3108 1657 3165 Merito
1696 3111 1787 3165 Dei
1820 3111 2094 3165 hominem
2126 3120 2175 3165 te

2354 3132 2548 3200 Χαῖρε,
2611 3128 2925 3199 ὁμολογητά
2984 3127 3078 3181 τοῦ
3135 3128 3411 3199 Χριστοῦο
3474 3131 3714 3197 εἰκότως
3780 3135 3875 3188 ἂν.

588 3203 716 3256 oiim
746 3201 1012 3271 appellavi
1042 3218 1056 3255 :
1094 3217 1160 3255 en
1195 3202 1454 3256 mentitus
1490 3218 1597 3256 non
1631 3212 1714 3257 est
1740 3203 1967 3258 humilis
1996 3219 2180 3259 sermo

590 3311 761 3357 meus,
810 3295 905 3364 qui
943 3295 1197 3349 sublimis
1228 3294 1281 3348 in
1334 3304 1386 3348 te
1417 3296 1691 3363 apparuit.
1742 3294 2030 3362 Quomodo
2053 3311 2177 3350 car-

589 3388 716 3441 cer?
747 3386 944 3440 Ferrea
980 3387 1144 3439 etiam
1181 3387 1400 3441 vincula
1428 3388 1693 3451 sustines,
1732 3398 1790 3442 ut
1833 3388 2019 3452 audio,
2051 3403 2177 3443 cor-

590 3494 723 3547 pore
753 3479 1105 3533 constricttts.
1141 3478 1251 3532 Res
1305 3478 1600 3532 laboriosa.
1634 3477 2022 3533 Verumtamen
2050 3492 2180 3533 con-

590 3571 796 3625 t'ortare
845 3570 899 3623 in
960 3569 1214 3633 Domino,
1273 3580 1459 3624 sancte
1529 3580 1585 3623 et
1650 3580 1955 3638 martyrum
2028 3587 2180 3636 more

589 3662 930 3731 depugnons.
992 3660 1161 3727 Belle,
1224 3663 1382 3725 belle,
1435 3662 1622 3727 frater,
1683 3665 1863 3733 qualis
1914 3647 2175 3719 eluxistil

589 3764 853 3824 quantum
909 3758 1180 3809 exaltatus
1236 3759 1342 3811 es!
1400 3756 1554 3811 Unus
1597 3772 1664 3811 ex
1714 3758 1973 3812 omnibus
2008 3758 2181 3813 laicus

591 3850 679 3907 (de
713 3850 780 3903 iis
807 3850 1004 3920 loquor
1030 3851 1123 3919 qui
1156 3851 1258 3904 sub
1284 3851 1386 3905 hoe
1417 3852 1649 3921 imperio
1694 3851 1920 3923 degunt)
1946 3864 2000 3906 tu
2029 3852 2179 3907 solus

592 3942 702 3994 Deo
727 3943 1009 3997 coulessor
1051 3954 1311 3998 ostensus
1344 3960 1403 3998 es
1436 3955 1491 3999 et
1520 3945 1727 4015 angelis
1758 3954 1811 3999 et
1843 3946 2177 4001 hominibus.

590 4034 781 4089 Cernis
822 4036 1040 4089 ubinam
1075 4046 1129 4091 te
1155 4038 1438 4090 detineant
1473 4036 1892 4106 persecutores?
1933 4036 1990 4090 ln
2024 4040 2175 4106 pala-

593 4128 719 4181 tin:
777 4142 875 4180 cett
940 4127 1290 4195 margaritam
1328 4168 1343 4192 ,
1430 4144 1527 4182 eeu
1590 4144 1774 4198 regem
1832 4128 2177 4183 allectunm:

591 4219 843 4287 quamvis
911 4220 984 4272 ita
1038 4235 1144 4272 non
1192 4220 1449 4277 sentiant,
1510 4219 1589 4274 Ne
1636 4222 1851 4285 timeas,
1884 4222 2077 4287 amice,
2114 4239 2181 4277 ne

592 4314 851 4369 terrearis
878 4316 947 4369 ob
976 4315 1319 4369 imminentia
1371 4316 1595 4370 verbera
1620 4334 1634 4382 ;
1660 4317 1905 4381 sustine;
1928 4316 2180 4371 Christus

589 4423 698 4461 una
733 4408 1051 4471 sublevatts,
1102 4408 1265 4462 simul
1317 4408 1609 4479 atljttvans,
1640 4418 1700 4463 ut
1731 4409 1895 4463 simul
1930 4426 2179 4479 pugnans

589 4511 644 4553 (ιι
684 4502 845 4555 simul
886 4517 1205 4571 percussus.
1249 4500 1305 4555 Si
1348 4517 1480 4569 ergo
1512 4518 1538 4555 a
1575 4506 1834 4571 quopiam
1880 4520 1911 4558 ο
1946 4504 2182 4557 subditis
2214 4480 2263 4539 υ

590 4595 864 4658 detentus,
901 4595 1287 4663 imperatorem
1322 4594 1548 4648 haberes
1576 4595 1940 4661 defensorem,
1978 4604 2179 4649 etcum

592 4688 925 4750 verberaris,
961 4690 1138 4740 tecum
1171 4695 1223 4740 et
1255 4687 1439 4740 animo
1465 4696 1519 4740 et
1547 4686 1741 4741 affectu
1788 4688 2130 4742 verberatum
2164 4706 2177 4741 :

596 4796 777 4834 nonne
831 4781 938 4848 pati
1000 4781 1288 4848 gauderes,
1356 4792 1743 4834 ornamentum
1818 4782 2177 4850 amplectens,

590 4871 749 4940 quasi
798 4873 1053 4939 patiendo
1107 4872 1417 4939 perciperes
1448 4886 1587 4940 quas
1626 4871 1980 4926 desiderabas
2023 4886 2173 4940 opes,

592 4963 848 5033 gloriam,
910 4964 1324 5031 principatum?
1375 4964 1598 5028 Quanto
1628 4979 1757 5017 vero
1785 4965 1960 5031 magis
1988 4963 2093 5017 hoc
2128 4965 2181 5015 in

594 5070 653 5107 re
708 5053 960 5122 praesenti
1015 5053 1398 5107 sentiendum!
1434 5053 1591 5118 Quod
1639 5064 1693 5107 et
1740 5053 2181 5121 amplectendum

595 5147 757 5200 nobis
814 5146 1144 5212 necessario,
1188 5156 1248 5198 nt
1309 5160 1413 5198 non
1477 5146 1655 5199 somni
1716 5146 1914 5198 similia
1976 5151 2088 5199 haec
2130 5156 2186 5198 et

597 5236 803 5295 inania.
856 5235 946 5287 sed
984 5237 1312 5304 sempiterna
1351 5244 1404 5289 et
1451 5251 1578 5289 vera
1613 5248 1667 5289 et
1699 5234 1993 5288 ineﬂabilia
2023 5234 2182 5321 'hona

596 5342 1026 5395 consequamur,
1078 5336 1281 5380 aeterna
1335 5329 1603 5398 supplicia
1641 5328 2005 5391 declinantes,
2033 5342 2179 5396 quae,

597 5421 687 5489 qui
715 5420 859 5489 pingi
904 5418 1187 5473 Christum
1224 5431 1442 5489 negant,
1496 5421 1886 5475 sustinebunt:
1920 5436 1948 5473 a
1975 5422 2180 5488 quibus

599 5512 915 5575 liberemur,
974 5513 1166 5572 frater,
1194 5526 1293 5580 pro
1324 5514 1482 5567 nobis
1512 5514 1745 5567 invicem
1778 5521 2020 5566 orantes.

828 5624 959 5679 LVI.
984 5657 1048 5669 —
1074 5622 1237 5677 Leom‘
1271 5624 1507 5679 Patricio
1537 5637 1585 5679 et
1617 5624 1933 5680 Sacellario.

2283 3223 2499 3293 θρωπον
2537 3221 2631 3275 τοῦ
2690 3220 2827 3273 Θεοῦ
2861 3220 3030 3273 πάλαι
3068 3221 3494 3291 προσηγόρευσα
3531 3239 3629 3274 σε’
3673 3224 3777 3288 ἴδε,
3810 3228 3870 3279 οὐ

2280 3314 2573 3385 διεψεύσθη
2605 3315 2634 3367 ό
2689 3314 2949 3377 ταπεινός
3004 3330 3105 3382 μου
3165 3313 3343 3381 λόγος,
3403 3314 3613 3383 ὑψηλὸς
3667 3319 3728 3369 ἐν
3797 3318 3875 3369 σοὶ

2279 3407 2640 3477 ἀποφανθείς.
2708 3407 2895 3477 Πῶςή
2949 3407 3203 3476 φυλακή;
3259 3408 3447 3477 φέρεις
3488 3409 3585 3460 καὶ
3637 3410 3870 3478 σίδηρα,

2278 3499 2355 3562 ὡς
2387 3497 2603 3560 ἀκούω,
2642 3496 2791 3550 ἔνδον
2834 3498 3155 3567 πιεζόμενος
3204 3499 3303 3560 τὰς
3345 3498 3577 3567 σάρκας.
3611 3500 3870 3562 Κοπῶδες

2280 3591 2342 3641 τὸ
2374 3591 2629 3659 πρᾶγμα.
2683 3589 2833 3661 Πλὴν
2881 3590 3321 3660 ὲνδυναμωθείης
3362 3590 3420 3642 ὲν
3454 3591 3681 3661 Κυρίῳ,
3711 3594 3870 3653 ὀσῖως

2282 3685 2377 3738 καὶ
2439 3682 2797 3755 μαρτυρικῶς
2851 3682 3103 3738 διαθλῶν.
3156 3682 3255 3745 Ὢ,
3301 3679 3377 3749 ὣ,
3429 3682 3672 3750 ἀδελφὲ,
3722 3688 3871 3747 ποῖος

2281 3770 2624 3842 ὲξέλαμψαςῑ
2655 3772 2841 3842 ἡλίκον
2872 3771 3128 3841 ὑψώθηςί
3158 3766 3253 3835 Εἷς
3284 3773 3349 3825 ὲκ
3392 3773 3615 3827 πάντων
3652 3774 3864 3840 λαῖκὸς,

2281 3864 2390 3916 τῶν
2425 3865 2531 3919 ὑπὸ
2558 3864 2717 3933 τήνδε
2742 3864 2841 3935 τὴν
2872 3864 3123 3931 ἐξουσίαν
3146 3864 3321 3932 λέγω,
3358 3865 3423 3917 σὺ
3456 3867 3621 3934 μόνος
3649 3867 3727 3935 τῷ
3751 3870 3864 3939 Θεῴ

2282 3954 2559 4024 ὁμολογῶν
2591 3955 2918 4026 ὐπεδείχθης
2955 3956 3050 4008 καὶ
3091 3958 3345 4024 ἀγγέλοις
3393 3960 3491 4011 καὶ
3528 3960 3860 4028 ἀνθρώποις.

2293 4045 2456 4114 Ὁρᾷς
2487 4044 2589 4097 ποῦ
2614 4062 2671 4097 σε
2696 4046 3136 4115 καὶικατέχουσιν
3175 4048 3223 4098 οἱ
3251 4046 3478 4101 διῶκται
3506 4065 3523 4112 ;
3558 4050 3652 4112 Είς
3679 4052 3748 4105 τὰ
3774 4052 3863 4121 βα-

2285 4135 2488 4187 σίλεια·
2527 4134 2603 4196 ὡς
2656 4137 3025 4204 μαργαρίτην,
3070 4137 3146 4198 ὡς
3182 4136 3409 4205 βασιλέα
3468 4139 3582 4191 τῶν
3638 4142 3857 4195 παθῶν·

2283 4225 2385 4279 κᾶν
2412 4226 2510 4295 οὐχ
2543 4225 2714 4288 οὕτως
2749 4228 3033 4295 νομίζωσι.
3076 4230 3263 4299 Μηδὲ,
3293 4229 3414 4298 φίλε
3434 4270 3451 4294 ,
3491 4230 3711 4304 δείσῃς,
3742 4235 3861 4305 μηδ’

2284 4313 2350 4370 αὖ
2388 4318 2633 4388 φοϐηθῇς
2672 4318 2941 4387 μάστιγας
2989 4321 3329 4389 ἐρχομέναςο
3361 4322 3687 4388 ὑποίσειας·
3726 4330 3857 4400 Χρι-

2286 4410 2409 4473 στὸς
2459 4412 2487 4463 ὁ
2531 4408 2934 4478 συγκουφίζων,
2992 4414 3021 4464 ὁ
3072 4412 3743 4486 συναντιλαμϐανόμενος,
3788 4422 3857 4485 ὡς

2289 4501 2566 4556 συναθλῶν
2596 4503 2691 4555 καὶ
2724 4504 3177 4573 συντυπτόμενος.
3220 4506 3345 4558 Ἐὰν
3370 4502 3467 4559 οὖν
3496 4512 3858 4581 κατεχόμενος

2286 4594 2389 4646 ὑπό
2435 4611 2581 4656 τινος
2619 4593 2729 4645 τῶν
2776 4593 2883 4646 ὑπὸ
2928 4597 3119 4664 χεῖρα,
3175 4591 3319 4666 εἶχες
3374 4597 3467 4651 τὸν
3508 4598 3858 4669 βασιλεύοντα

2284 4685 2793 4757 ὑπερασπιζόμενόν
2830 4703 2955 4753 σου,
3000 4688 3093 4739 καὶ
3126 4688 3185 4739 ὲν
3213 4687 3290 4759 τῷ
3319 4689 3575 4759 δέρεσθαι
3612 4696 3854 4764 συνδερόη

2284 4778 2444 4847 μενόν
2470 4795 2552 4830 σοι
2578 4780 2643 4849 τῇ
2667 4778 2935 4832 διαθέσει·
2964 4781 3063 4831 οὐκ
3095 4780 3161 4833 ἂν
3190 4780 3410 4852 ἔχαιρες
3439 4785 3663 4849 παθεῖν,
3696 4788 3854 4854 φιλῶν

2278 4869 2369 4921 τὸν
2400 4868 2633 4939 κόσμον’
2668 4870 2745 4933 ὼς
2776 4870 2841 4923 ἂν
2867 4870 2942 4939 τῷ
2973 4869 3136 4922 πάθει
3166 4870 3381 4940 rapiam
3410 4870 3448 4924 ἂ.
3471 4873 3693 4938 ἐπόθεις
3726 4877 3852 4947 χρή-

2289 4978 2435 5027 ματα
2458 5002 2472 5022 .
2504 4962 2664 5028 δόξας
2684 5004 2698 5026 ,
2732 4965 3005 5030 πρωτεῖιη
3053 4963 3209 5031 Πόσῳ
3233 4963 3296 5032 δὴ
3334 4958 3439 5030 ᾧδε
3475 4964 3682 5032 μᾶλλον
3706 4968 3852 5020 τοῦτο

2284 5056 2526 5121 νοητέον.
2551 5056 2617 5105 ’⁸0
2648 5054 2742 5105 καὶ
2766 5052 3019 5123 φιλητέον
3054 5054 3189 5120 ἡμῖν
3217 5051 3276 5117 ἐξ
3302 5054 3636 5118 ἀναγκαίου⁸
3670 5057 3755 5109 ἶνα
3783 5059 3851 5129 μὴ

2282 5144 2350 5197 τὰ
2388 5144 2647 5215 ὀνειρώδη
2692 5145 2866 5197 ταῦτα
2904 5145 2997 5197 καὶ
3044 5145 3280 5213 μάταια·
3315 5144 3453 5197 ἀλλὰ
3482 5147 3554 5200 τὰ
3590 5150 3740 5203 ἀίδια
3769 5156 3853 5205 καὶ

2282 5238 2513 5309 ἀληθινὰ
2558 5239 2653 5292 καὶ
2704 5238 3046 5307 άνεκλάλητα
3086 5237 3266 5304 ἀγαθὰ
3312 5238 3727 5311 ἀπολάϐοιμεν·
3757 5264 3849 5315 φυ-

2283 5329 2474 5395 γὸντες
2514 5330 2613 5391 τὰς
2648 5328 2901 5389 αἰωνίους
2938 5326 3243 5395 τιμωρίαςσ
3277 5326 3344 5389 ἃς
3374 5329 3423 5379 οί
3456 5330 3849 5405 ἀπαρνούμενοι

2284 5418 2518 5499 Χριστδν
2548 5416 2945 5489 ἐγγράφεσθαι,
2966 5416 3383 5481 ὑποστήσονται’
3409 5412 3488 5473 ὧν
3510 5424 3847 5497 ρυσθείημεν,

2286 5510 2484 5578 ἁδελφὲ
2506 5551 2521 5575 ,
2556 5510 2699 5580 ὑπὲρ
2724 5508 2971 5576 ἀλλήλων
3007 5507 3457 5577 προσευχόμενοι.

2283 5623 2428 5691 NQ’.
2452 5653 2522 5663 η-
2556 5622 2766 5677 Λέοντι
2790 5619 3085 5689 Πατρικίῳ
3104 5620 3203 5675 καί
3225 5624 3641 5698 Σακελλαρίῳ.
3676 5630 3846 5704 [τπβκ]

1620 5739 1993 5791 Persecutionis
2017 5736 2344 5788 acerbitatem
2372 5751 2482 5785 cum
2506 5737 2594 5785 illo
2614 5737 2857 5797 deplorat.

672 5814 744 5872 En
801 5818 843 5873 si
906 5835 1068 5875 nosse
1121 5819 1398 5876 desideras
1450 5839 1568 5893 qua»
1627 5835 1869 5879 nostram
1926 5822 2185 5876 humilem

2370 5820 2430 5871 Εἰ
2502 5819 2660 5881 αὐτὸς
2720 5817 2893 5887 φιλεῖς
2966 5817 3258 5889 μανθάνειν
3327 5821 3399 5875 τὰ
3453 5823 3553 5895 τῆς
3607 5824 3848 5894 ταπεινῆς
