3990 6318
181 385 331 450 1269

1409 387 1951 449 EPISTOLARUM
1990 387 2141 450 LIB.
2186 388 2271 450 ll.

3349 392 3445 452 127

181 501 342 573 ζωῆς
385 500 577 572 ἡμῶν,
611 503 690 565 ῶς
734 502 802 570 τῇ
846 497 1028 571 ἀγαοῇ
1063 497 1158 554 καὶ
1184 499 1500 574 φιλαλλήλῳ
1547 501 1790 556 διαθέσει

1901 503 2061 558 vitam
2081 513 2365 575 spectant,
2391 501 2856 574 quemadmodum
2881 517 2946 558 ex
2969 502 3184 558 sincera
3209 518 3274 559 ac
3296 519 3480 563 mutua

182 599 479 670 χρώμενος
505 599 737 670 εἴρηκας
755 613 771 629 ο
808 598 975 651 πόσον
1005 595 1116 666 ἐγὼ
1144 599 1173 652 ὁ
1203 600 1459 662 ταπεινὸς
1501 598 1678 669 προθυ
1689 616 1794 668 μη-

183 694 348 763 Osi-qv
395 692 739 746 ἐπιστέλλειν
783 694 850 763 τῇ
901 691 1300 763 ἀνυπερϐλήτῳ
1352 709 1448 744 σου
1505 691 1788 762 ὑπεροχῇο

185 790 330 845 αὐτό
379 786 542 839 τοῦτο
607 783 899 856 μανοᾶνων
941 789 1044 846 τας
1091 783 1354 847 εὐκταίας
1407 783 1600 851 ὐγείας
1656 799 1789 834 σου·

185 884 294 937 καὶ
323 881 502 934 δοκῶν
546 879 679 950 ὁρᾷν
714 895 812 931 σου
853 877 914 930 τὸ
963 877 1288 946 φιλούμενον
1334 876 1664 947 πρόσωπον·
1698 874 1794 928 καὶ

185 975 418 1031 ἀκούειν
445 991 536 1026 σου
559 976 660 1042 τῆς
685 973 958 1042 ήδυτάτης
985 973 1167 1042 φωνῆς
1188 986 1202 1000 ⁸
1227 972 1292 1042 τῇ
1317 970 1456 1040 πρὸς
1485 970 1576 1022 τὸν
1606 985 1793 1040 γραμ-

191 1070 522 1142 ματηφόρον
559 1065 1007 1135 συγκαταϐατικῇ
1054 1063 1244 1135 ὁμιλία
1289 1063 1386 1116 καὶ
1421 1061 1627 1134 θεωρίᾳ.
1660 1063 1788 1116 sou!

187 1165 340 1235 Δέχῃ
380 1161 497 1232 ,γὰρ
546 1159 636 1213 διὰ
681 1159 817 1212 Θεὸν
859 1157 1271 1227 εὐμενέστατα,
1326 1154 1424 1208 καὶ
1456 1156 1667 1225 ὁμιλεῖς
1697 1156 1793 1208 εὐ-

189 1259 438 1327 πρόσιτα
486 1254 580 1307 καὶ
625 1252 704 1322 τῷ
747 1252 985 1323 τυχόντι.
1043 1251 1142 1313 Ὃς
1192 1249 1290 1301 καὶ
1338 1247 1649 1318 ἀπήγγειλὲ
1701 1265 1792 1319 μοι

188 1353 351 1413 ὅπως
386 1345 808 1416 ἐπιστυγνὰζεις
852 1345 968 1406 τοῖς
1016 1342 1119 1412 ἤδη
1168 1340 1313 1394 κατά
1362 1339 1464 1400 τὰς
1517 1340 1793 1410 ἁμαρτίας

189 1445 361 1516 ἡμῶν
407 1440 842 1512 τετολμημένοις
863 1455 878 1468 ο
918 1436 1146 1499 στένων,
1183 1434 1282 1488 καὶ
1312 1434 1497 1501 ἀλγῶν
1527 1436 1627 1506 τὴν
1655 1452 1793 1506 καρ-

188 1540 318 1593 δίαν
348 1537 435 1606 ἐφ’
461 1526 678 1603 ὲκᾶστῳ
697 1533 807 1585 τῶν
839 1530 1205 1601 γιγνομένων.
1239 1529 1348 1582 Καὶ
1381 1529 1629 1592 εἰκότως.
1659 1531 1793 1581 Ἀν-

191 1635 421 1702 ορωπος
446 1630 556 1698 γὰρ
579 1623 631 1680 εἷ
657 1625 814 1687 Θεοῦ,
835 1625 961 1677 νοῦν
989 1623 1129 1694 ἔχων
1156 1624 1199 1675 ἱε
1211 1623 1323 1694 ρὸν,
1354 1622 1536 1693 ψυχὴν
1559 1625 1794 1694 Χριστο-

191 1727 352 1796 φιλῆ,
382 1722 588 1792 γνῶσιν
626 1717 871 1787 Οεοτελῆ,
903 1717 1144 1770 διάνοιαν
1185 1715 1432 1787 ἐμμελῆ,
1467 1715 1628 1781 δόξαν
1658 1716 1791 1769 εξλι..

189 1819 398 1890 κρινῆ·
455 1818 512 1869 ἐν
557 1809 639 1877 οἷς
683 1810 1009 1882 σφαδάζεις,
1065 1811 1138 1882 μὴ
1189 1809 1489 1879 δυνάμενος
1527 1808 1793 1880 βοηθῆσαι

1897 596 2169 653 charitate
2195 597 2517 668 signiﬁcasti
2539 615 2552 650 :
2578 605 2784 667 quanta
2797 609 2892 651 me
2918 596 3180 652 humilem
3204 599 3485 655 alacritate

1897 704 1993 758 par
2039 699 2124 744 est
2170 690 2237 744 ad
2278 690 2612 746 eminentem
2662 699 2810 744 tuam
2853 689 3234 745 excellentiam
3277 689 3486 750 litteras

1898 781 2031 834 dare
2075 796 2088 833 :
2142 797 2268 836 cum
2322 783 2426 838 hcc
2476 783 2654 852 ipsum
2681 783 2747 838 de
2775 793 2827 838 te
2863 782 3105 847 discam,
3139 783 3280 842 belle
3313 792 3394 850 te,
3429 796 3491 842 ut

1897 874 2254 943 cupidissime
2297 886 2468 945 opto,
2513 879 2745 932 valere:
2798 893 2925 933 cum
2978 877 3375 935 suavissimum
3425 896 3489 937 os
3549 936 3554 943 ,

1899 974 2050 1020 tuum
2109 969 2302 1023 videar
2355 969 2600 1034 intueri,
2660 985 2727 1026 ac
2781 970 3246 1041 iucundissimam
3299 988 3488 1033 vocem

1898 1061 2110 1126 audire,
2138 1062 2228 1116 ubi
2252 1062 2654 1118 humanissimo
2675 1073 2771 1119 tuo
2793 1066 3037 1137 alloquio
3057 1078 3350 1137 etaspectu
3380 1068 3488 1126 t‘rui

1900 1152 2185 1210 tabellario
2217 1164 2412 1210 nostro
2455 1156 2619 1211 licet!
2664 1155 2882 1226 Exeipis
2931 1159 3077 1214 enim
3129 1159 3490 1217 blandissime

1898 1255 2122 1318 propter
2168 1246 2369 1312 Deum,
2424 1264 2490 1304 ac
2537 1249 2803 1305 benevole
2847 1250 3035 1308 aﬂ'aris
3082 1252 3169 1308 vel
3214 1254 3486 1325 privatum

1901 1341 2227 1411 quemlibet.
2261 1341 2342 1396 Ad
2376 1357 2463 1396 me
2493 1351 2672 1396 autem
2707 1342 2796 1397 ille
2830 1345 3018 1399 retulit
3041 1384 3056 1405 ,
3098 1359 3261 1413 quam
3295 1347 3489 1404 acerbo

1898 1433 2086 1490 animo
2116 1450 2180 1489 ea
2209 1433 2360 1504 feras
2374 1451 2496 1504 qua:
2517 1436 2630 1505 jam
2659 1435 2757 1498 illi,
2782 1445 3009 1506 propter
3033 1446 3257 1508 peccata
3279 1449 3487 1504 nostra,

1898 1527 2020 1582 ausi
2059 1535 2191 1582 sunt
2222 1526 2468 1581 facinora
2509 1545 2522 1581 :
2559 1527 2930 1598 ingemiscens
2956 1567 2972 1594 ,
3012 1543 3078 1582 ac
3115 1528 3347 1598 singulis
3372 1545 3492 1600 quae

1898 1621 2161 1677 accidunt
2207 1623 2369 1676 malis
2397 1621 2644 1677 oll'ensus
2678 1636 2804 1675 cum
2841 1621 3041 1677 intimo
3069 1636 3236 1677 sensu
3265 1621 3492 1680 doloris.

1898 1714 1968 1770 Et
1997 1717 2212 1770 merito.
2257 1715 2397 1770 Nam
2431 1726 2487 1771 et
2518 1717 2684 1772 homo
2716 1715 2810 1772 Dei
2849 1733 2944 1783 es,
2982 1715 3071 1772 cui
3114 1732 3270 1773 sacra
3305 1733 3493 1786 mens,

1899 1811 2090 1864 anima
2122 1809 2333 1866 Christi
2367 1824 2560 1865 amans
2583 1851 2597 1874 ,
2627 1809 2812 1864 divina
2843 1811 3074 1880 peritia,
3103 1812 3496 1882 circumspecta

191 1915 313 1974 τοῖς
371 1910 693 1981 πράγμασι,
740 1906 883 1960 κατά
923 1903 987 1958 τὸ
1039 1903 1264 1966 εἰωθός’
1317 1901 1434 1956 ἀλλ’
1468 1901 1612 1972 ὀρῶν
1652 1900 1794 1955 οὐτω

1901 1905 2201 1975 cogitatio,
2263 1922 2453 1960 rerum
2505 1903 2847 1960 existimatio
2909 1904 3174 1972 sincera;
3234 1906 3496 1975 quocirca

191 2003 622 2060 κινδυνεύουσαν
652 2001 754 2066 τὴν
803 1997 1154 2068 Ἐκκλησίαν,
1203 1995 1284 2064 ἢν
1322 1993 1789 2064 περιεποιήσατο

191 2098 424 2164 Κύριος
445 2093 556 2148 ,διὰ
600 2092 709 2147 τοῦ
738 2091 963 2145 οἰκείου
999 2091 1272 2158 αἵματος.
1304 2085 1376 2142 Ὦ
1404 2088 1638 2142 δέσποτα
1658 2128 1673 2150 ,
1710 2089 1791 2150 εἰς

191 2185 292 2243 οἶα
331 2187 482 2241 δεινὰ
529 2184 868 2255 ὲφθέισαμεψ
906 2182 1002 2235 καὶ
1049 2181 1214 2251 ἡλίκα
1249 2180 1398 2234 κακὰ
1437 2179 1786 2250 τεθεάμεοαῑ

209 2279 472 2350 Ἀμοισαὶ
493 2277 668 2330 ταῦτα
692 2273 1074 2346 προλαϐόντων
1092 2271 1532 2344 ἁμαρτημάτων.
1570 2271 1792 2342 Ἐπειδὴ

194 2373 313 2444 γὰρ
356 2373 469 2425 οὐκ
509 2367 956 2437 ἐδοκιμάσαμεν
1004 2367 1111 2419 τὸν
1155 2364 1305 2419 Θεὸν
1332 2365 1500 2434 ἔχειν
1543 2365 1612 2417 ἐν
1663 2364 1788 2417 ἐπι-

196 2465 446 2538 γνώσει,
484 2464 574 2517 διὰ
603 2461 853 2531 φυλακῆς
887 2459 994 2513 τῶν
1021 2458 1256 2513 ἐντολῶν
1287 2459 1455 2512 αὐτοῦ
1477 2475 1490 2489 ·
1529 2458 1645 2512 ἀλλ’
1666 2457 1795 2511 ἐλύ-

200 2576 384 2630 σαμεν
415 2558 475 2610 οὐ
512 2555 662 2628 μίαν,
707 2553 848 2610 ἀλλὰ
885 2553 980 2605 καὶ
1036 2553 1260 2615 πολλὰς,
1291 2552 1384 2604 καὶ
1425 2552 1533 2623 ἰδία
1567 2552 1662 2605 καὶ
1701 2552 1797 2624 δη-

204 2652 376 2724 μοσίᾳ
409 2650 696 2719 σχίσαντες
726 2647 788 2700 τὸ
819 2645 1154 2713 Εὐαγγέλιον
1181 2645 1274 2698 τοῦ
1299 2644 1537 2715 Χριστοῦ
1563 2661 1579 2674 ·
1613 2643 1794 2708 οἶσθα,

198 2749 234 2800 ὁ
281 2744 468 2814 σοφὸς,
520 2742 556 2796 ἃ
605 2743 784 2798 λέγωο
823 2739 1144 2808 παρέδωκεν
1191 2739 1341 2809 ἡμᾶς
1389 2739 1416 2790 ὀ
1445 2739 1578 2802 Θεὸς
1610 2741 1667 2791 ὲν
1712 2733 1796 2801 οἷς

198 2837 522 2906 πάσχομεν·
555 2834 656 2886 ἵνα
680 2832 766 2900 μὴ
793 2831 914 2885 σὺν
943 2829 1024 2896 τῷ
1065 2832 1271 2898 κόσμῳ
1316 2831 1762 2900 κατακριθῶμεν
1781 2848 1794 2862 ·

198 2927 370 2994 καίγε
407 2926 457 2978 οἱ
481 2923 771 2984 δοκοῦντες
795 2916 934 2974 εἷναί
965 2937 1040 2974 τι.
1068 2920 1232 2972 Ὥστε
1261 2919 1346 2988 μὴ
1380 2921 1798 2986 ὐψούσΙΙωσαν

199 3022 275 3075 ἐν
329 3016 567 3082 ἑαυτοῖς
609 3016 659 3067 οἱ
711 3013 1071 3075 ἀσεϐοῦντες,
1123 3013 1199 3075 ὠς
1256 3011 1366 3080 ἄρα
1419 3011 1791 3076 εὐσεϐοῦντες,

199 3111 343 3170 ἀλλὰ
401 3111 497 3163 καὶ
529 3108 649 3160 λίαν
695 3106 1120 3174 γινωσκέτωσαν
1148 3103 1384 3172 Χριστὸν
1414 3101 1698 3172 ἀρνεῖσθαι
1726 3105 1794 3172 τῇ

200 3205 464 3273 ἀθετήσει
492 3201 594 3270 τῆς
624 3199 829 3267 σεπτῆς
875 3196 1041 3250 αὐτοῦ
1084 3196 1293 3256 εἰκόνος
1315 3235 1328 3255 .
1360 3193 1418 3256 ὅς
1453 3194 1533 3246 ἔτι
1559 3193 1794 3246 ἀναϐάλ-

1898 1994 2259 2049 vehementer
2293 1995 2512 2065 augeris
2544 1995 2691 2064 quod
2739 2010 2896 2064 opem
2931 1993 3078 2050 ferre
3121 2003 3230 2050 non
3284 1997 3493 2067 possis.

1900 2095 1958 2140 ut
1989 2088 2174 2143 soles:
2213 2086 2517 2142 Ecelesiam
2551 2097 2734 2142 autem
2779 2087 2851 2142 ita
2899 2086 3300 2158 periclitantem
3337 2087 3495 2144 intel-

1903 2178 2040 2248 ligas
2065 2219 2080 2242 ,
2125 2195 2284 2249 quam
2328 2179 2589 2234 Dominus
2614 2181 2895 2251 acquisivit
2927 2182 3187 2252 sanguine
3217 2198 3313 2237 suo
3341 2183 3406 2237 ⁸⁸.
3449 2181 3495 2238 Ο

1904 2269 2171 2335 Domine,
2228 2273 2280 2326 in
2327 2287 2468 2342 quas
2499 2274 2822 2328 devenimus
2861 2273 3242 2329 calamitates!
3294 2285 3493 2344 quanta

1902 2366 2145 2420 vidimus
2205 2367 2394 2420 mala!
2453 2366 2636 2429 Poena,
2674 2368 2792 2422 haec
2832 2367 2986 2439 justa
3034 2368 3327 2424 criminum
3369 2384 3493 2440 quae

1905 2469 2324 2527 praecesserunt.
2350 2459 2807 2531 Quandoquidem
2839 2461 2986 2514 enim
3021 2477 3126 2514 non
3156 2460 3490 2530 probat-imas

1905 2547 2077 2601 Deum
2118 2550 2309 2603 habere
2355 2553 2408 2604 in
2440 2552 2634 2606 notitia
2667 2552 2716 2584 ⁸⁸
2745 2594 2760 2618 ,
2802 2552 3063 2606 mandata
3107 2552 3255 2608 illius
3295 2553 3488 2608 obser-

1904 2650 2132 2705 vantes;
2167 2643 2260 2695 sed
2291 2658 2398 2696 non
2427 2659 2596 2696 tuunn
2622 2645 2807 2709 modo,
2837 2658 3023 2698 verum
3047 2658 3113 2699 ex
3146 2644 3231 2698 his
3257 2645 3489 2714 plurima

1906 2733 2276 2801 neglexitnus,
2331 2744 2386 2788 et
2440 2736 2696 2805 privatim
2751 2744 2808 2790 et
2859 2736 3080 2807 publice
3136 2734 3484 2806 Evangelium

1902 2826 2109 2882 Christi
2166 2827 2522 2895 scindentes;
2578 2827 2881 2898 intelligis,
2941 2828 3025 2881 vir
3069 2827 3317 2897 sapiens,
3358 2828 3489 2898 quid

1905 2921 2104 2986 velim;
2153 2919 2363 2975 idcirco
2393 2922 2614 2977 tradidit
2650 2937 2752 2977 nos
2784 2920 2926 2977 Deus
2969 2922 3054 2978 his
3080 2937 3200 2993 qua
3221 2898 3484 2992 patimur,

1904 3022 1961 3066 ut
1997 3031 2099 3066 non
2131 3027 2252 3066 cum
2286 3015 2380 3067 huc
2407 3014 2603 3068 mundo
2621 3015 2938 3069 damnemur
2957 3014 3002 3047 "’
3031 3034 3044 3071 :
3087 3017 3190 3071 etsi
3247 3017 3488 3070 videmur

1887 3105 2107 3173 .aliquid
2133 3121 2274 3158 esse.
2310 3106 2682 3171 Quamobrem
2720 3123 2827 3161 non
2861 3106 3166 3160 excitentur
3206 3107 3260 3161 in
3297 3115 3486 3161 semet-

1904 3198 2032 3266 ipsis
2059 3197 2104 3228 ⁸⁸
2140 3198 2294 3267 impii
2327 3239 2342 3261 ,
2379 3208 2641 3268 tanquam
2671 3200 2783 3255 sint
2818 3200 3010 3269 utique
3040 3199 3112 3270 pii
3151 3219 3164 3255 :
3206 3200 3297 3254 sed
3330 3199 3486 3269 plane

199 3299 362 3350 λεται
383 3296 678 3362 ἐπαφεῖναι
708 3293 808 3361 τὴν
834 3290 1138 3360 ἐκδίκησιν,
1172 3289 1349 3356 φειδοῖ
1393 3287 1486 3339 καὶ
1528 3286 1664 3356 ἐλέῳ
1698 3303 1788 3357 φι-

1901 3288 2209 3357 intelligant
2258 3293 2448 3360 negari
2496 3293 2820 3357 Christum,
2863 3293 2956 3347 ubi
3008 3293 3317 3347 veneranda
3364 3291 3483 3362 ejus

201 3388 560 3460 λανορωπίας
591 3387 686 3440 καὶ
735 3383 1029 3454 μετανοίας
1049 3399 1064 3412 ο
1097 3378 1207 3434 οἶδε
1237 3381 1292 3432 δὲ
1326 3381 1383 3432 ἐν
1413 3380 1553 3432 τέλει
1583 3380 1798 3447 ἀμυνα-

205 3484 333 3537 σθαι
364 3482 492 3545 τοὺς
543 3477 1000 3547 ἀνεπιστρόφους.
1033 3474 1206 3534 Αὐτὸς
1236 3472 1330 3526 οὖν
1360 3471 1687 3541 προσεύχου,
1721 3470 1796 3535 ὡς

203 3575 485 3646 θεοφιλὴς,
521 3573 626 3644 τὴν
655 3570 765 3624 τῶν
807 3566 1087 3637 δυσχερῶν
1133 3565 1308 3618 λύσιν.
1357 3564 1517 3616 Ἀλλά
1552 3563 1626 3633 μὴ
1666 3565 1796 3634 ἡμῖν

201 3669 506 3739 ἐπίτρεπε·
556 3665 604 3718 οἳ
659 3665 760 3717 οὐκ
796 3660 1076 3733 ἀρκοῦμεν
1125 3657 1230 3711 κᾶν
1263 3656 1531 3727 περὶτῶν
1579 3657 1796 3709 οίκείων

203 3760 498 3832 ἁμαρτιῶν
541 3755 880 3824 ὲξιλεοῦσοαι
925 3753 1018 3807 τὸν
1047 3751 1251 3822 ἀγαθὸν
1283 3751 1437 3806 Θεόν.
1492 3751 1682 3822 Ὅμως
1709 3751 1792 3805 ὅτι

203 3849 307 3902 καὶ
334 3851 495 3918 ἡμεῖς
525 3844 848 3916 αἰτούμεθα.

1897 3381 2080 3451 imago
2113 3384 2452 3453 abrogatur:
2498 3385 2592 3455 qui
2625 3386 2988 3442 nihilominus
3029 3385 3233 3440 inferre
3267 3400 3482 3456 prauam

1896 3487 2192 3532 cunctatur
2240 3496 2306 3533 ex
2341 3481 2678 3552 benignitate
2710 3496 2840 3552 erga
2873 3483 3128 3539 homines
3164 3497 3228 3537 ac
3269 3480 3485 3537 miseri-

1895 3570 2107 3636 cordia,
2137 3581 2307 3641 utque
2340 3574 2466 3628 illos
2502 3574 2570 3629 ad
2603 3575 2981 3646 paenitentiam
3021 3576 3295 3631 adducat:
3334 3574 3485 3630 nOVit

1896 3670 2078 3718 autem
2105 3665 2249 3720 malo
2275 3666 2499 3721 demum
2525 3665 2743 3741 allicere
2759 3682 2852 3723 eos
2875 3668 2970 3738 qui
2991 3683 3099 3722 non
3133 3667 3482 3737 resipiscunt.

1899 3754 1980 3809 Tu
2013 3757 2180 3828 igitur
2202 3801 2217 3824 ,
2253 3761 2458 3832 quippe
2489 3759 2602 3817 Deo
2627 3771 2852 3832 gratus,
2883 3775 3254 3816 aerumnarum
3284 3758 3485 3814 libera-

1902 3849 2109 3905 tionem
2145 3855 2402 3922 precibus
2439 3870 2629 3910 exora.
2685 3853 2794 3908 Sed
2845 3855 2956 3909 noli
3009 3855 3112 3910 has
3146 3852 3303 3908 nobis
3340 3850 3484 3906 vices

205 3943 508 4002 mandare,
565 3939 657 4010 qui
705 3938 795 3992 vix
848 3951 1008 4006 pares
1041 3951 1235 3992 sumus
1270 3936 1538 4006 placando
1580 3935 1667 3992 vel
1700 3952 1801 4009 pro
1839 3946 2085 4011 peccatis
2151 3951 2391 4019 prapriis
2424 3949 2536 4006 Deo
2595 3951 2828 4021 optimo.
2864 3949 3236 4005 Nihilominus
3272 3947 3400 4004 illud
3432 3955 3485 4002 ct

208 4049 316 4092 nos
349 4033 450 4103 ipsi
486 4032 819 4103 ﬂagitamus.

385 4126 512 4181 NZ'.
543 4155 616 4164 —
645 4123 1014 4189 Ἁναστασίῳ
1045 4124 1580 4193 πρωτοσπαοαρίῳ.
1603 4121 1802 4196 [τπγ¹.]

2190 4122 2350 4179 LVII.
2375 4155 2444 4165 —
2474 4125 2763 4180 Anastasio
2791 4126 3242 4196 protospatltario.

711 4242 889 4291 Grates
909 4253 997 4303 pro
1019 4241 1176 4303 ipsius
1199 4255 1318 4305 erga
1340 4255 1396 4291 se
1417 4242 1586 4292 studio
1615 4245 1722 4306 agit
1753 4257 1766 4293 :
1805 4248 1908 4292 tum
1940 4243 2125 4308 quibus
2152 4246 2386 4294 aerumnis
2407 4245 2728 4294 conﬂiclelur
2754 4246 2979 4306 exponit.

294 4353 383 4415 Ὠς
411 4350 553 4422 καλὴ
579 4352 613 4422 ἡ
650 4350 803 4421 φιλία
826 4391 842 4414 ,
894 4351 967 4405 τά
997 4368 1058 4404 τε
1089 4349 1223 4405 ἄλλα
1243 4391 1260 4417 ,
1315 4351 1408 4404 καὶ
1445 4352 1527 4404 ὅτι
1581 4351 1801 4407 ἀποῦσα

205 4449 286 4510 ὡς
343 4445 596 4515 παροῦσα
648 4444 777 4507 τοὺς
832 4443 1191 4514 ψιλουμένους
1240 4444 1555 4514 εὐεργετεῖν
1615 4444 1800 4499 εἴωθε.

207 4537 449 4608 Τοιαύτη
499 4537 565 4606 δὴ
612 4538 644 4606 ἡ
699 4538 1011 4606 περιφανής
1064 4551 1157 4587 σου
1213 4535 1308 4588 καὶ
1343 4537 1531 4606 ἀγάπη
1565 4535 1662 4588 καὶ
1708 4535 1800 4589 εὐο

212 4631 403 4685 σέσεια
428 4628 564 4698 πρός
611 4643 678 4696 με
705 4627 796 4679 τὸν
827 4627 1088 4696 δύστηνον
1118 4626 1353 4679 ἔκπαλαι
1383 4627 1477 4679 καὶ
1512 4627 1675 4697 μέχρι
1703 4625 1798 4678 τοῦ

209 4723 375 4793 δεῦρο
396 4739 408 4750 ·
443 4721 535 4773 καὶ
566 4718 822 4790 παροῦσα
847 4719 965 4772 κατ’
989 4718 1322 4788 ὀφθαλμοὺς,
1348 4718 1442 4770 καὶ
1477 4719 1534 4770 ἐν
1558 4736 1799 4789 τοσουτῳ

1976 4353 2250 4409 Eximium
2280 4355 2543 4425 quiddam
2578 4354 2826 4409 amicitia
2851 4361 2967 4419 est,
2999 4368 3123 4408 cum
3163 4351 3233 4407 ob
3260 4361 3484 4409 caeteras

1902 4463 2124 4513 causas,
2160 4457 2274 4502 tum
2313 4449 2458 4518 quod
2490 4449 2559 4504 de
2594 4447 2917 4502 absentibus
2955 4461 3113 4516 teque
3145 4461 3213 4502 ac
3243 4462 3482 4517 praesen-

1903 4539 2050 4594 tihus
2079 4539 2276 4593 amicis
2305 4539 2442 4592 bene
2474 4538 2671 4594 mereri
2726 4539 2888 4593 solet.
2938 4537 3091 4592 Talis
3129 4536 3318 4607 utique
3345 4537 3483 4593 insi-

1904 4631 2026 4700 gnis
2067 4630 2156 4684 illa
2197 4639 2288 4683 tua
2324 4629 2702 4684 benevolentia
2737 4629 3024 4700 pietasque
3053 4643 3184 4694 erga
3222 4643 3308 4683 me
3337 4627 3481 4682 infe-

1891 4720 2060 4786 licem
2087 4719 2410 4791 jamdudum
2444 4734 2619 4788 usque
2648 4718 2714 4773 ad
2747 4717 3072 4772 hodiernum
3093 4719 3260 4782 diem,
3279 4726 3334 4774 et
3351 4733 3477 4774 cum

211 4811 613 4886 ἀπειροπλὴϐεἰ
677 4811 843 4880 μήκει
902 4811 1206 4863 διεστῶσα’
1261 4809 1370 4862 ἀπὸ
1420 4809 1668 4872 Σικελίας
1729 4826 1794 4879 με

1901 4821 1955 4868 te
1978 4828 2164 4867 coram
2197 4822 2502 4882 spectarem
2528 4813 2726 4877 oculis,
2757 4823 2813 4867 et
2836 4829 2983 4867 nunc
3003 4828 3127 4868 cum
3152 4821 3304 4868 tanto
3328 4811 3478 4868 loco-

213 4905 586 4975 εὐεργετοῦσα
621 4905 680 4956 ὲν
731 4903 810 4974 τῷ
865 4902 1148 4972 Βυζαντίῳ
1195 4901 1356 4964 ὄντα,
1417 4902 1514 4953 καὶ
1562 4901 1669 4954 ἀπὸ
1701 4899 1796 4954 τοῦ

212 4998 514 5062 Βυζαντίου
554 4991 656 5050 ὧδε
705 4999 930 5051 κάκεῖσε
962 4994 1420 5064 περιωρισμένον,
1467 4993 1657 5075 ὥσπερ
1703 4993 1800 5046 καὶ

212 5090 402 5145 τανῦν.
457 5090 568 5143 Καὶ
600 5087 653 5141 τί
683 5088 860 5150 τοῦτο,
894 5088 978 5141 ὄτι
1013 5089 1092 5150 είς
1135 5086 1421 5155 ἄνθρωπον
1474 5084 1800 5156 ἁμαρτωλὸν

215 5185 313 5238 καὶ
333 5181 552 5246 ἀνάξιον
595 5182 694 5250 τῆς
723 5180 1004 5249 εὐγενείας
1039 5196 1132 5232 σου
1164 5177 1306 5232 οὓτω
1328 5181 1620 5248 πράττεις·
1659 5175 1798 5248 πλὴν

215 5277 300 5330 ὅτι
339 5272 641 5341 ἀγαπῶντά
674 5290 732 5326 σε
773 5271 894 5325 λίαν
924 5271 1014 5325 διὰ
1042 5272 1143 5342 τὴν
1173 5273 1230 5323 ὲν
1261 5271 1462 5325 ἆπασιν
1483 5268 1684 5340 ἀρετὴν
1704 5270 1799 5323 καὶ

217 5367 494 5439 φιλοθεῖαν
529 5381 658 5418 σοῦ’
711 5365 778 5435 ἣν
820 5365 938 5436 ᾄδει
989 5365 1049 5417 οὐ
1105 5363 1264 5434 μόνον
1321 5363 1574 5425 Σικελία,
1634 5362 1798 5433 καὶὴ

216 5459 362 5513 τίοδε
405 5456 558 5530 χώρα
595 5456 689 5508 καὶ
731 5455 843 5520 τίςο
894 5456 1031 5510 ἀλλὰ
1075 5457 1168 5508 καὶ
1193 5455 1331 5522 αὐτὴ
1374 5455 1406 5524 ή
1441 5453 1801 5523 βασιλεύουσα

220 5550 393 5612 πόλις.
435 5550 535 5601 Διά
557 5544 719 5598 τοῦτο
749 5546 842 5598 καὶ
871 5545 1156 5615 βασιλεῦσι
1189 5546 1250 5597 σὺ
1283 5545 1526 5615 φιλητὸς,
1558 5547 1652 5599 καὶ
1687 5550 1800 5609 τοῖς

218 5642 276 5693 ὲν
305 5642 485 5694 τέλει’
518 5639 613 5693 καὶ
646 5638 703 5690 αἱ
745 5638 895 5706 ἀξίαι
929 5655 1014 5689 σοι
1061 5639 1156 5690 ἀπ’
1189 5639 1408 5708 ἀρετῆς.
1443 5635 1600 5689 Οὕτω
1626 5637 1798 5704 φιλῶν

215 5733 306 5785 τὸν
337 5729 811 5800 Θεὸν,πεφίλησαι
833 5729 926 5781 καὶ
959 5727 1053 5781 ὑπ’
1083 5728 1249 5782 αὐτοῦ
1274 5726 1538 5799 καὶπαρὰ
1561 5728 1669 5780 τῶν
1700 5729 1799 5780 αὺ-

285 5848 330 5883 "
359 5851 478 5906 Act.
516 5866 608 5908 xx.
635 5847 730 5902 9.8.
804 5845 850 5878 “
879 5843 1039 5901 lieni.
1071 5861 1109 5910 ι.
1149 5844 1242 5902 ‘28.
1319 5847 1364 5878 "
1397 5847 1416 5901 l
1449 5846 1576 5903 Cor.
1604 5863 1676 5912 ιιι,
1709 5845 1798 5901 32.

1901 4920 2022 4959 rum
2053 4905 2340 4959 intervallo
2361 4905 2598 4960 dissides
2623 4921 2638 4958 :
2664 4920 2790 4959 cum
2815 4919 2883 4960 ex
2911 4903 3098 4960 Sicilia
3123 4921 3210 4962 me
3235 4902 3476 4978 Byzantii

1901 5006 2337 5052 commorautem
2361 5036 2376 5060 ,
2411 5009 2464 5052 et
2494 5013 2524 5052 a
2557 4996 2819 5068 Byzantio
2851 4997 2941 5054 hic
2968 4999 3051 5055 vel
3083 4999 3196 5055 illic
3222 4997 3477 5054 exsulan-

1905 5100 2035 5156 tem,
2073 5091 2354 5146 beneﬁciis
2381 5106 2604 5154 oneras,
2633 5092 2780 5147 sicut
2805 5102 2860 5146 et
2884 5107 3051 5147 nunc.
3083 5091 3292 5160 Ecquid
3330 5088 3476 5148 istud

1903 5181 1984 5237 rei
2019 5192 2127 5246 est,
2155 5181 2302 5250 quod
2335 5196 2466 5250 erga
2501 5182 2778 5236 hominem
2811 5193 3181 5252 peccatorem,
3222 5198 3287 5239 ac
3314 5196 3476 5252 gene-

1899 5275 2130 5328 rositate
2162 5285 2253 5328 tua
2290 5274 2594 5342 indignum,
2627 5274 2708 5327 sic
2735 5288 2796 5327 es
2830 5275 3105 5329 animatus
3143 5288 3158 5328 :
3194 5273 3299 5329 nisi
3332 5271 3475 5343 quod

1899 5367 1988 5420 ille
2013 5376 2064 5422 te
2089 5369 2438 5420 vehementer
2458 5366 2633 5436 diligit
2653 5374 2875 5435 propter
2895 5367 3202 5420 absolutam
3220 5365 3474 5420 virtutem

1897 5470 1963 5508 ac
1995 5456 2251 5525 pietatem
2281 5465 2452 5518 tuatn,
2485 5470 2646 5525 quam
2673 5470 2780 5509 non
2812 5455 3001 5510 Sicilia
3024 5456 3210 5522 modo,
3244 5465 3339 5511 aut
3359 5456 3473 5509 hac

1897 5545 1983 5599 vel
2011 5545 2113 5599 ista
2141 5545 2293 5614 regio
2314 5546 2696 5609 concelebrat,
2739 5543 2836 5599 sed
2875 5555 2930 5599 et
2970 5549 3088 5615 ipsa
3126 5543 3471 5614 imperatoria

1907 5640 2122 5695 civitas.
2176 5641 2521 5708 Quapropter
2561 5649 2615 5692 et
2657 5638 2880 5706 regibus
2909 5636 3044 5707 ipsis
3080 5646 3135 5690 tu
3167 5639 3376 5692 .eharus
3422 5641 3475 5688 et

1906 5729 2305 5799 optimatibus:
2358 5745 2422 5785 ac
2459 5729 2752 5801 dignitates
2791 5728 2888 5784 tibi
2931 5728 3002 5785 ob
3019 5728 3274 5785 virtutem
3313 5727 3472 5782 datae.

1913 5845 1959 5877 ⁸⁸
1994 5844 2141 5902 Psal.
2177 5862 2303 5911 ur,
2336 5845 2391 5900 7.
