3990 6318
559 364 691 428 1271

1758 367 1817 428 S.
1852 367 2252 429 THEODORI
2292 365 2642 430 STUDITJE

3718 368 3869 434 1272

557 477 651 535 Sic
676 522 690 541 ,
729 495 855 534 cum
894 478 1065 535 Deum
1100 480 1330 548 diligas,
1360 486 1415 533 et
1437 477 1509 534 ab
1539 477 1661 549 ipso
1691 478 1961 550 diligeris,
1991 491 2049 536 et
2079 481 2149 537 ab

2267 481 2371 535 τοῦ.
2420 479 2563 548 Ἐγὼ
2586 478 2643 532 δὲ
2675 476 2812 548 ὁμοῦ
2836 478 2935 549 μὲν
2969 476 3265 549 ἀπόθητος,
3296 477 3436 551 ὁμοῦ
3465 480 3526 535 δὲ
3554 482 3655 535 καὶ
3674 480 3865 555 6p“-

552 575 640 629 eis
676 573 772 644 qui
810 582 936 627 sunt
970 573 1112 642 ejus.
1148 570 1261 641 Ego
1300 586 1429 626 vero
1475 587 1577 627 nec
1610 573 1870 641 cuiquam
1900 574 2144 639 charus,

553 677 610 723 et
640 668 784 723 idem
821 665 1141 737 parentibus
1166 664 1489 720 destitutus.
1540 665 1844 736 Dereliquit
1878 667 2025 721 enim
2059 684 2148 723 me

555 770 712 832 pater
741 776 897 815 meus
929 759 1172 830 migrans
1213 760 1279 813 ad
1318 756 1638 823 Dominum,
1674 760 2146 830 quemadmodum

556 865 609 910 et
640 857 753 925 ipse
783 853 1009 907 omnino
1035 852 1201 907 nosH.
1232 850 1501 908 Similiter
1523 853 1916 925 etCalogerns.
1948 854 2149 911 Archi-

556 948 846 1016 episcopus
873 955 928 1001 et
954 946 1096 999 idem
1127 945 1316 1012 frater,
1352 946 1506 1002 solus
1534 957 1620 1002 est
1648 949 1900 1004 relictus.
1935 946 2144 1003 Verum

556 1051 609 1093 et
633 1041 769 1109 ipse,
797 1050 1020 1110 propter
1042 1055 1103 1093 ea
1136 1055 1260 1109 qua:
1286 1055 1387 1094 nos
1407 1041 1951 1111 comprehenderunt
1982 1044 2146 1106 mala,

557 1132 895 1203 longissimo.
938 1142 1215 1187 terrarum
1270 1132 1449 1203 spatio
1507 1134 1809 1191 dirimitur.
1866 1137 2150 1205 Angustize

558 1228 689 1281 mihi
727 1228 986 1297 utrinque
1013 1246 1026 1282 :
1062 1243 1188 1299 quae
1218 1237 1405 1282 tamen
1436 1226 1641 1286 Christi
1670 1246 1841 1285 causa
1868 1230 2151 1286 latissimas

556 1336 619 1375 ac
645 1321 987 1376 suavissimae
1020 1331 1170 1376 sunt.
1213 1322 1318 1378 Sed
1348 1322 1481 1393 quid
1522 1324 1590 1379 ad
1628 1323 1972 1379 inﬁdelitatis
2010 1333 2149 1379 tem-

554 1423 862 1483 pestatem:
918 1416 971 1468 in
1019 1430 1129 1485 qua
1173 1416 1468 1472 universus
1512 1418 1913 1487 propemodum
1954 1418 2147 1484 orbis,

555 1506 653 1575 qui
696 1506 825 1562 huic
873 1518 1033 1577 paret
1082 1510 1352 1578 imperio,
1382 1511 1729 1580 naufragium
1764 1510 1933 1565 facit?
1971 1509 2106 1565 Vide
2132 1551 2148 1575 ,

555 1600 781 1655 domine
803 1640 819 1665 ,
850 1600 918 1655 ad
955 1617 1079 1668 quae
1109 1601 1253 1656 mala
1289 1604 1551 1657 reservati
1587 1618 1779 1658 smnus
1812 1622 1823 1656 :
1857 1618 1981 1673 quae
2012 1603 2148 1657 nihil

559 1694 640 1746 vel
668 1710 860 1763 parum
895 1696 1191 1749 admodum
1214 1711 1244 1749 a
1267 1695 1553 1751 Judaistno
1581 1698 1895 1766 discrepent
1925 1715 1939 1752 :
1969 1714 2149 1769 quau-

559 1787 858 1854 dnquidem
906 1787 1148 1853 Christi,
1198 1790 1689 1857 sanctissiinaxquae
1748 1790 2036 1860 Deiparte,
2097 1802 2153 1847 et

2255 573 2365 635 νος.
2422 570 2480 624 '0
2516 571 2703 641 πατήρ
2752 586 2857 641 μου
2896 570 3227 638 ἐγκατέλιπέ
3254 589 3357 642 με,
3403 574 3681 645 χωρήσας
3722 575 3867 647 πρὸς

2256 664 2481 737 Κύριον,
2514 662 2660 716 καθά
2698 663 2915 726 πάντως
2948 663 3176 733 διέγνως
3201 666 3298 719 καὶ
3329 667 3520 731 αὐτός.
3570 668 3866 732 Ὡσαύτως

2255 758 2350 811 καὶ
2372 760 2400 812 6
2427 756 2788 829 Καλόγηρως.
2833 756 2892 811 '0
2917 757 3143 827 ἀδελφὸς
3173 760 3269 813 καί
3293 760 3749 832 ἀρχιεπίσκοπος
3774 764 3869 834 μό-

2255 869 2346 917 νος
2365 869 2457 921 μοι
2479 850 2993 919 ἐγκαταλέλειπται.
3035 850 3195 907 Ἀλλά
3225 855 3319 907 καὶ
3336 849 3517 918 οὗτος,
3541 856 3639 909 διὰ
3667 856 3743 910 τὰ
3763 857 3862 910 νῦν

2257 946 2621 1017 κατειληφότα
2644 946 2795 1015 ἡμᾶς
2829 944 2998 1010 δεινὰ,
3029 944 3431 1017 διεσπασμένος
3480 948 3608 1002 λίαν
3636 951 3862 1022 πόρρω.

2256 1039 2427 1092 Στενά
2445 1056 2535 1108 μοι
2557 1036 2919 1106 ἑκατέρωθεν·
2944 1038 3095 1107 ὅμως
3130 1038 3215 1091 ὃτι
3237 1039 3325 1094 διὰ
3346 1040 3591 1111 Χριστὸν
3620 1042 3730 1096 καὶ
3744 1044 3865 1096 λίαν

2257 1132 2464 1200 γλυκέα
2484 1132 2578 1183 καὶ
2595 1130 2887 1200 εὐρύτατα.
2920 1129 3085 1183 Ἀλλά
3114 1131 3167 1184 τί
3197 1131 3333 1202 πρὸς
3353 1133 3447 1186 τὸν
3474 1134 3744 1191 κλύδωνα
3760 1136 3862 1206 τῆς

2256 1224 2548 1283 ἀπιστίαςο
2607 1223 2691 1291 ἐφ’
2737 1216 2783 1292 ᾧ
2826 1223 2889 1277 τδ
2933 1223 3281 1294 παγκόσμιον
3324 1226 3451 1278 ὅσον
3486 1227 3551 1280 τὸ
3581 1229 3738 1280 κατά
3762 1228 3862 1300 τὴν

2258 1316 2380 1372 καθ’
2414 1316 2565 1387 ἡμᾶς
2595 1315 2845 1381 ἐξουσίαν
2893 1316 3182 1383 ναυάγιον;
3216 1316 3326 1380 ἴδε,
3353 1316 3596 1371 δέσποτα
3616 1359 3633 1382 ,
3662 1321 3748 1382 είς
3777 1315 3862 1373 οἱα

2258 1412 2472 1483 πονηρὰ
2504 1409 2915 1479 ὲταμιεύθημεν
2933 1450 2949 1475 ,
2974 1409 3129 1462 οὐδὲν
3156 1409 3190 1480 ἢ
3232 1408 3434 1479 μικρόν
3466 1428 3520 1464 τι
3547 1412 3862 1466 ἀπέσπα

2270 1500 2639 1569 Ἰουδαῖσμοῦο
2666 1502 2832 1571 ἡνίκα
2862 1503 2895 1571 ὴ
2936 1500 3101 1554 εἰκὼν
3133 1502 3406 1573 Χριστοῦ,
3442 1504 3547 1574 τῆς
3583 1521 3646 1557 τε
3694 1506 3862 1573 ἁγίας

2257 1596 2544 1662 Θεοτόκου,
2577 1596 2670 1649 καί
2701 1596 2903 1656 παντὸς
2927 1594 3084 1661 ἁγίου
3106 1634 3121 1655 ,
3144 1594 3426 1665 ἡθέτηται,
3461 1596 3857 1663 ὲξουδένωται,

2258 1690 2622 1761 ὲνυῦρίζεται.
2672 1688 2847 1751 Αὐτὸς
2893 1688 3001 1757 γάρ
3068 1688 3305 1758 Χριστὸς
3370 1690 3470 1743 σὺν
3531 1692 3718 1764 μητρὶ
3768 1694 3862 1745 καὶ

2260 1784 2591 1852 θεράπουσίν
2633 1784 2780 1835 ἐστιν
2806 1783 2834 1834 6
2856 1781 3029 1834 ταῦτα
3057 1786 3431 1850 ὑφιστάμενος
3451 1798 3465 1811 '
3498 1784 3608 1839 κᾶν
3628 1787 3697 1839 οὐ
3728 1788 3859 1857 δοκῇ

559 1880 735 1933 sancti
768 1879 1015 1948 cujusvis
1046 1880 1224 1949 imago
1252 1890 1466 1949 spreta,
1511 1882 1668 1935 nihili
1708 1881 1895 1937 habita
1917 1925 1933 1948 ,
1984 1883 2153 1947 dede-

2267 1882 2368 1941 :ni';
2399 1878 2776 1947 ἀρνουμένοις.
2823 1876 2987 1930 Ἀλλά
3018 1893 3077 1928 σε
3110 1875 3311 1945 Κύριος
3348 1876 3650 1946 φυλάξειεν
3684 1881 3744 1932 ἐν
3787 1880 3863 1949 τῷ

558 1989 688 2026 core
714 1972 907 2027 affecta
933 1982 1037 2027 est.
1074 1971 1193 2041 Ipse
1219 1972 1367 2026 enim
1397 1972 1654 2028 Christus
1678 2016 1694 2040 ,
1723 1990 1851 2029 cum
1892 1986 2072 2031 matre
2101 1984 2158 2030 et

2267 1970 2399 2043 Βρθῴ
2439 1971 2752 2041 φρονήματι
2798 1968 3281 2022 ἁκαταὸάπτιστον
3304 1986 3318 1998 '
3350 1971 3399 2022 εί
3430 1972 3527 2022 καὶ
3551 1974 3671 2034 τοῖς
3706 1973 3861 2041 αἱρε-

560 2067 826 2133 famulis,
878 2069 980 2122 ista
1040 2066 1343 2137 perpetitur
1388 2084 1401 2119 :

1448 2067 1550 2120 etsi
1609 2066 1941 2136 negantibus
1996 2066 2157 2121 aliter

2267 2066 2431 2125 τικοῖς
2477 2062 2687 2132 κύμασι
2724 2062 3299 2133 καταρραντιζόμενον
3326 2061 3531 2125 ἔξωθεν
3555 2079 3569 2091 ·
3603 2064 3736 2116 ἐπεὶ
3763 2066 3861 2134 οὐχ

560 2161 799 2214 videtur.
854 2158 1050 2213 Verum
1106 2158 1383 2214 custodiat
1442 2168 1493 2212 te
1559 2157 1829 2214 Dominus
1888 2160 1943 2214 in
2003 2174 2155 2217 recta

2267 2153 2369 2209 >i6v
2420 2172 2478 2208 τε
2514 2155 2801 2222 διαφυγεῖν
2834 2171 2893 2205 σε
2937 2154 3285 2207 παντάπασιν
3331 2156 3391 2207 ὲν
3424 2153 3584 2226 μέσῳ
3618 2159 3860 2227 στρεφό-

560 2254 855 2317 sententia,
887 2262 1177 2321 servetque
1205 2268 1236 2307 a
1273 2250 1599 2321 naufragio;
1634 2267 1953 2322 quanquam
1980 2253 2151 2308 haereo

2267 2266 2438 2318 μενον.
2468 2250 2578 2301 Καὶ
2607 2248 2698 2300 τὸν
2730 2246 2873 2315 ὑπὲρ
2902 2246 3002 2315 τῆς
3044 2246 3188 2316 ἐμῆς
3234 2246 3634 2311 ταπεινώσεως
3662 2250 3860 2317 μισθόν

560 2347 637 2402 sis
662 2345 923 2401 fluctibus
944 2346 1291 2401 extrinsecus
1307 2346 1645 2415 respergaris
1666 2362 1679 2399 :
1702 2347 2147 2417 quandoquidem

559 2439 840 2493 declinare
882 2439 936 2492 id
982 2438 1209 2492 minime
1252 2447 1445 2508 potes,
1495 2439 1552 2493 in
1596 2438 1775 2493 media
1824 2448 2153 2510 tempestate

2262 2360 2343 2395 σοι
2377 2342 2651 2411 παράσχοι
2684 2340 3113 2406 πολυπλασίονα,
3154 2332 3257 2395 ὦδὲ
3286 2357 3347 2393 τε
3391 2341 3490 2393 καὶ
3517 2344 3579 2395 ὲν
3612 2342 3697 2413 τῷ
3732 2344 3863 2413 μέλι

2259 2437 2405 2490 λοντι
2435 2436 2614 2488 αἰῶνι.

563 2532 801 2600 positus.
834 2530 984 2585 ldem
1011 2540 1065 2585 et
1106 2530 1431 2584 humilitatis
1465 2544 1601 2583 uncae
1639 2529 1758 2584 vice
1800 2531 2157 2602 multiplicem
2198 2528 2295 2584 tihi
2326 2527 2604 2596 persolvat
2666 2526 2993 2590 mercedem,
3029 2533 3144 2579 tum
3205 2525 3260 2579 in
3288 2526 3413 2591 isto,
3440 2535 3558 2581 tum
3589 2527 3645 2581 in
3675 2525 3860 2583 futuro

559 2628 781 2683 seculo.

898 2718 1074 2773 LVlll.
1100 2751 1164 2760 ———
1192 2718 1473 2772 Fratribus
1516 2717 1818 2773 Studianis.

2384 2713 2517 2769 NH'.
2548 2744 2618 2755 —
2651 2713 2780 2779 Τοῖς
2803 2705 2891 2779 εἰς
2914 2711 2987 2766 τὰ
3015 2711 3307 2766 Στουδίου
3336 2712 3658 2782 ἀδελφοῖς.
3689 2713 3855 2789 [agt]

1133 2812 1400 2861 Monachos
1420 2810 1689 2862 Studianos
1712 2812 1762 2860 in
1790 2810 1976 2862 Christi
2011 2810 2327 2861 confessione
2360 2810 2637 2858 confirmat.
2664 2809 2866 2868 (Bal-on.
2897 2819 2978 2854 an.
3008 2805 3120 2865 818,
3147 2818 3196 2853 ιι.
3222 2804 3325 2866 20.)

632 2895 851 2949 Salvete
897 2894 952 2947 in
996 2891 1267 2959 Domino,
1317 2894 1517 2948 fratres
1550 2908 1615 2946 ac
1638 2895 1877 2949 Patres:
1920 2894 2149 2956 salvete,

564 2987 766 3040 milites
840 2984 1046 3039 Christi
1113 3001 1125 3036 :
1177 2984 1349 3046 salve,
1412 2982 1647 3038 fratrum
1700 2984 1871 3050 trias,
1950 2993 2155 3039 sanctze

566 3077 852 3132 Trinitatis
880 3076 1051 3145 gratia
1076 3075 1252 3139 dives,
1285 3092 1413 3130 vere.
1442 3075 1591 3146 digni
1624 3076 1828 3130 talibus
1864 3076 2153 3130 salutatio-

568 3172 733 3225 nibus
755 3212 770 3235 ,
794 3169 923 3239 quia
954 3178 1176 3238 propter
1201 3167 1482 3223 Christum
1508 3182 1772 3236 generose
1794 3167 2153 3221 durissimum

568 3278 847 3320 carcerem
898 3261 1194 3332 patimini,
1240 3276 1268 3314 a
1322 3260 1549 3315 Leontio
1604 3260 1820 3315 nefario
1864 3262 2061 3315 vexati.
2112 3259 2156 3315 Ο

570 3355 851 3411 Judaicam
878 3354 1213 3423 apostasiam
1241 3354 1254 3406 !
1286 3352 1340 3406 Si
1372 3354 1606 3422 agrestis
1643 3353 1752 3407 fera
1778 3364 1943 3417 esset,
1968 3354 2157 3408 satiari

572 3450 758 3517 utique
814 3447 929 3515 jam
982 3453 1214 3515 posset,
1274 3447 1598 3514 sanguinem
1655 3454 1899 3498 vestrum
1968 3444 2157 3497 tandiu

573 3540 749 3608 ptenis
791 3537 1023 3592 fundens
1074 3545 1128 3591 et
1179 3536 1458 3591 hauriens.
1513 3536 1581 3589 At
1632 3551 1781 3591 nunc
1830 3536 2163 3591 insatiabilis

576 3641 759 3688 manet
775 3629 1057 3701 sanguinis
1094 3638 1252 3699 potor
1274 3628 1666 3692 darmoniacus,
1700 3629 1905 3682 nullum
1938 3644 2162 3683 sensum

575 3722 987 3785 misericordize,
1011 3720 1214 3775 nullam
1241 3719 1605 3774 humanitatis
1626 3720 2162 3774 commiserationem

574 3829 701 3884 erga
742 3829 841 3868 vos
889 3811 1196 3883 suscipiens
1248 3826 1421 3880 agnos
1473 3810 1716 3880 Christi,
1772 3810 1868 3866 sed
1920 3808 2164 3880 afﬂigens

574 3906 837 3975 omnique
868 3904 1031 3958 modo
1062 3904 1331 3958 devorare
1362 3918 1460 3957 vos
1493 3918 1618 3958 cum
1651 3903 1854 3958 Satana
1889 3902 2122 3957 moliens
2151 3921 2163 3955 :

579 4008 637 4055 ut
687 3998 951 4069 glorietur
992 3997 1200 4050 draco:
1245 4005 1303 4050 ut
1353 4011 1448 4065 per
1494 4011 1625 4059 vos,
1662 4012 1763 4050 nos
1786 4010 1978 4048 omnes
2002 3996 2164 4047 etiam

579 4086 1011 4155 perterrefaciat.
1048 4085 1153 4140 Sed
1181 4086 1409 4139 frustra.
1446 4084 1652 4140 Fidelis
1680 4089 1821 4139 enim
1858 4086 2029 4152 Deus,
2079 4087 2169 4155 qui

581 4195 686 4231 non
720 4182 952 4247 patietur
992 4195 1080 4231 vos
1134 4180 1330 4231 tentari
1376 4195 1540 4246 supra
1578 4196 1737 4242 quam
1776 4179 2025 4248 potestis,
2080 4179 2169 4233 sed

583 4268 741 4335 faciet
779 4270 941 4319 etiam
986 4282 1105 4319 cum
1154 4268 1441 4320 tentatione
1470 4278 1811 4337 proventum,
1861 4279 1917 4321 ut
1956 4271 2170 4337 possitis

580 4356 842 4407 sustinere
871 4354 937 4405 ⁸³.
976 4352 1362 4408 Recordamini
1404 4364 1724 4409 sanctorum
1760 4357 1855 4426 qui
1904 4372 1932 4409 a
1966 4360 2170 4411 saeculo

586 4450 841 4511 fuerunt,
876 4445 1003 4515 quia
1041 4459 1204 4499 nemo
1251 4446 1616 4501 tentationum
1663 4455 1718 4500 et
1748 4448 2168 4501 tribulationum

584 4554 782 4609 expers
824 4538 1032 4607 placuit
1082 4536 1213 4591 Deo.
1263 4537 1364 4591 Hie
1411 4538 1635 4608 quidem
1683 4550 1867 4595 sectus
1920 4551 2038 4607 est;
2083 4541 2172 4595 ille

2327 2894 2562 2966 Χαίρετε
2594 2893 2651 2943 ὲν
2680 2892 2894 2959 Κυρίῳ,
2914 2888 3135 2956 ἀδελφοὶ
3168 2893 3260 2941 καί
3294 2889 3577 2958 Πατέρεςι
3605 2891 3855 2961 χαίρετε,

2258 2985 2591 3057 στρατιῶται
2632 2982 2726 3035 τοῦ
2764 2983 3037 3052 Χριστοῦο
3065 2984 3307 3053 χαίρετε,
3347 2984 3507 3053 τριὰς
3548 2984 3820 3053 ἀδελφικὴ
3843 3027 3857 3049 ,

2257 3078 2357 3145 τῆς
2404 3076 2567 3138 ἁγίας
2614 3074 2847 3145 Τριάδος
2894 3074 2995 3145 τὴν
3041 3074 3203 3145 χάριν
3260 3074 3857 3146 καταπλουτήσαντες²

2258 3170 2427 3231 ὅντως
2466 3167 2607 3234 ἄξιοι
2638 3168 2896 3221 τοιούτων
2932 3168 3341 3238 χαιρετισμῶν’
3364 3169 3449 3220 ὃτι
3488 3169 3580 3222 διὰ
3616 3172 3858 3241 Χριστὸν

2263 3260 2455 3331 φέρετε
2479 3260 2743 3327 γενναίως
2770 3260 2869 3329 τὴν
2894 3259 3209 3329 δεινοτάτην
3241 3259 3511 3331 φυλακὴν,
3548 3262 3659 3314 ὑπό
3690 3265 3858 3316 Λεονο

2264 3352 2381 3405 τίον
2413 3350 2504 3405 τοῦ
2535 3351 2831 3422 ἀλάστορος
2864 3350 3240 3420 κολαζόμενοι.
3278 3351 3341 3403 Ὢ
3373 3352 3475 3421 τῆς
3514 3354 3861 3419 άποστασίας

2263 3443 2359 3498 τοῦ
2404 3443 2862 3513 Ἰουδαιόφρονοςί
2915 3444 2977 3496 El
3026 3443 3131 3513 θὴρ
3176 3439 3244 3514 ἦν
3288 3444 3519 3514 ἄγριος,
3577 3448 3860 3514 τοσούτοις

2267 3536 2479 3607 χρόνοις
2535 3535 2776 3589 ὲκκενῶν
2824 3538 2889 3606 τῇ
2947 3534 3189 3588 κακώσει
3250 3538 3345 3589 καὶ
3397 3537 3575 3591 πίνων
3605 3540 3669 3591 τὸ
3720 3536 3860 3610 αἷμα

2266 3627 2441 3697 ὑμῶν,
2479 3627 2743 3698 ἐκορέσθη
2781 3628 2866 3682 ἀν.
2910 3627 2967 3680 Ὀ
3001 3626 3058 3679 δὲ
3106 3627 3261 3695 μένει
3293 3629 3595 3696 ἀκόρεστος
3627 3633 3859 3700 αίματοο

2268 3722 2438 3791 πιότης
2465 3720 2829 3792 ἀγριούμενος
2853 3724 2880 3774 6
2908 3720 3206 3790 δαιμονῶν,
3240 3721 3301 3774 οὐ
3326 3720 3629 3790 λαμϐάνων
3661 3724 3857 3793 αἴσθη-

2269 3829 2353 3864 σιν
2384 3812 2600 3875 ἐλέους,
2650 3811 2753 3864 οὐκ
2799 3811 3085 3880 οίκτιρμὺν
3127 3811 3544 3881 φιλανθρωπίας
3595 3816 3679 3877 είς
3712 3816 3857 3884 ὑμᾶς

2269 3900 2336 3953 τὰ
2396 3900 2557 3970 ἀρνία
2604 3899 2696 3953 τοῦ
2742 3900 3003 3970 Χριστοῦ,
3047 3900 3162 3953 ἀλλ’
3215 3900 3483 3955 ἐκθλίϐων
3538 3904 3638 3956 καὶ
3692 3907 3853 3958 παντὶ

2268 3993 2457 4063 τρόπῳ
2488 3993 2885 4063 μηχανουργῶν
2918 3996 3014 4047 σὺν
3042 3994 3117 4064 τῷ
3148 3995 3324 4046 Σατᾶν
3355 3999 3654 4049 καταπιεῖν
3678 3999 3852 4066 ὑμᾶς·

2270 4084 2357 4135 ἵνα
2396 4084 2807 4152 ὲγκαυχήσηται
2845 4086 2871 4135 6
2904 4082 3154 4152 δράκων·
3185 4083 3273 4137 ἵνα
3315 4086 3529 4155 πτοήσῃ
3584 4086 3655 4139 δι’
3704 4088 3853 4155 ὑμῶν

2273 4174 2371 4227 καὶ
2416 4174 2566 4243 ἡμᾶς
2619 4174 2860 4236 πάντας·
2911 4174 3024 4225 ἀλλ’
3073 4175 3343 4244 οὐδαμῶς.
3401 4176 3630 4244 Πιστὸς
3684 4180 3792 4247 γὰρ
3824 4182 3855 4233 ό

2274 4265 2451 4332 Θεὸς,
2492 4264 2562 4332 ὃς
2609 4267 2722 4319 οὐκ
2771 4266 2936 4319 ἐάσει
2984 4265 3141 4334 ὑμᾶς
3174 4268 3577 4335 πειρασθῆναι
3632 4271 3785 4340 ὑπὲρ
3823 4272 3853 4325 ὃ

2273 4356 2573 4410 δύνασθε·
2622 4356 2785 4410 ἀλλὰ
2818 4355 3059 4424 ποιήσει
3112 4357 3234 4410 σὺν
3274 4357 3354 4423 τῷ
3404 4362 3721 4430 πειρασμῷ
3760 4361 3855 4415 καί

2274 4450 2391 4516 τὴν
2417 4450 2689 4515 ἑκϐασιν,
2710 4449 2816 4503 τοῦ
2838 4450 3137 4503 δύνασθαι
3164 4452 3520 4520 ὑπενεγκεῖν
3582 4454 3853 4527 ’Λναμνήο

2277 4545 2441 4610 σΟητε
2468 4542 2576 4596 τῶν
2604 4543 2699 4595 ἀπ’
2731 4541 2927 4605 αίῶνος
2967 4543 3158 4612 ἁγίων,
3191 4544 3273 4596 ὅτι
3298 4544 3475 4609 οὐδεὶς
3511 4545 3642 4599 ἄνευ
3663 4565 3854 4620 πειρα-

583 4633 903 4701 lapidatus;
961 4632 1108 4685 alius
1159 4631 1284 4701 igne
1335 4640 1742 4700 consumptus;
1797 4632 1886 4685 alii
1944 4634 2160 4687 distenti

2276 4637 2478 4707 τηρίων
2507 4638 2602 4690 καὶ
2633 4637 2845 4691 πολλῶν
2877 4634 3111 4703 θλίψεων
3138 4634 3472 4706 εὐηρέστησε
3501 4637 3581 4707 τῷ
3610 4640 3753 4708 Θεῷ.
3799 4641 3853 4693 ⁸0

584 4735 713 4779 sunt
742 4725 809 4776 °°.
841 4723 907 4776 Et
936 4724 1083 4793 quod
1116 4732 1333 4792 tempus
1363 4725 1595 4778 sutilciat
1627 4725 1979 4779 recensendae
2012 4726 2173 4781 nobis

586 4817 992 4884 circumpositae
1036 4816 1165 4869 nubi
1216 4826 1555 4886 martyrum;
1609 4833 1844 4887 quorum
1903 4834 1998 4873 vos
2044 4834 2171 4874 cum

588 4910 883 4978 participes
950 4909 1072 4962 sitis
1128 4918 1184 4962 et
1238 4910 1601 4962 certaminum
1659 4910 1838 4973 socii,
1896 4912 2169 4978 gaudete,

589 4999 787 5054 fratres
827 4998 968 5063 mei,
1007 4998 1208 5068 gaudio
1241 4998 1505 5053 ineffabili
1535 5038 1552 5061 ,
1598 5016 1826 5069 regnum
1864 5002 2177 5056 obtinentes

589 5100 783 5145 contra
809 5091 1060 5146 haeresim
1082 5134 1098 5157 ,
1140 5105 1330 5146 contra
1362 5092 1610 5147 affectus.
1644 5092 1723 5147 Tn
1748 5137 1763 5159 ,
1797 5096 2005 5147 nomini
2040 5109 2173 5148 con-

591 5194 848 5248 gruenter
872 5224 888 5249 ,
920 5183 1047 5238 forti
1079 5200 1139 5240 es
1166 5185 1354 5239 animo
1378 5225 1393 5248 ,
1418 5185 1703 5240 Carterius
1730 5203 1741 5238 :
1778 5199 1833 5240 tu
1878 5188 1929 5240 in
1966 5186 2175 5256 patien-

595 5277 666 5329 tia
715 5276 910 5342 dives,
950 5277 1409 5345 opulentissimus
1447 5278 1838 5347 Aphthonius:
1885 5288 1939 5330 tu
1990 5278 2172 5331 divina

592 5367 863 5421 charitate
893 5368 1309 5433 corroboratus,
1329 5369 1618 5423 verissime
1642 5372 1900 5437 Agapins.
1928 5370 2177 5423 Carceris

592 5459 902 5513 obscuritas
946 5469 1164 5513 :eternae
1198 5460 1349 5515 vobis
1388 5470 1444 5515 et
1481 5461 1881 5515 inaccessibilis
1918 5462 2057 5515 lucis
2094 5470 2180 5516 est

592 5546 935 5600 conciliatrix
968 5564 981 5599 :
1019 5545 1215 5610 fames,
1242 5549 1484 5617 paradisi
1516 5550 1837 5603 deliciarum
1864 5568 1877 5615 ;
1910 5551 2132 5606 nuditas
2156 5592 2171 5616 .

600 5640 747 5703 pallii
785 5639 1247 5704 immortalitatis;
1285 5641 1546 5705 solitudo,
1579 5643 2014 5698 conversationis
2046 5658 2173 5699 cum

598 5729 741 5797 Deo;
774 5749 928 5787 coma
961 5730 1204 5798 intonsa,
1233 5733 1447 5788 decora:
1477 5736 1816 5790 venustatis:
1849 5744 1910 5790 ut
1936 5738 2169 5793 revelata

666 5846 712 5878 "
745 5846 761 5901 l
795 5849 922 5903 Cor.
961 5864 1019 5909 κ.
1059 5848 1142 5903 Μ.
1227 5851 1270 5880 ⁸ο
1309 5848 1473 5905 Hebr.
1513 5866 1584 5904 xu
1612 5890 1625 5913 ,
1663 5850 1751 5906 '55.

2260 4730 2377 4799 μὲν
2411 4730 2646 4801 ὲπρίσοη
2675 4747 2688 4760 ·
2729 4732 2757 4783 6
2809 4729 2865 4782 δὲ
2918 4728 3212 4799 ὲλιθάσθη·
3261 4728 3420 4792 ἄλλος
3484 4732 3851 4800 πυρίκαυστος

2273 4822 2529 4891 γέγονεν·
2570 4824 2755 4893 ἕτερος
2803 4820 3283 4889 ἀπετυμπανίσθη.
3334 4821 3446 4874 Καὶ
3496 4821 3603 4874 ποῦ
3667 4824 3848 4893 καιρὸς

2275 4912 2589 4983 ἐξαριθμεῖν
2636 4914 2696 4966 τὸ
2740 4911 3122 4983 περικείμενον
3165 4914 3297 4980 ἡμῖν
3345 4913 3508 4980 νέφος
3541 4914 3653 4965 τῶν
3712 4932 3847 4985 μαρ-

2275 5002 2490 5073 τύρων;
2522 4998 2597 5057 ὧν
2620 5004 2771 5068 ὄντες
2806 5005 2900 5057 καὶ
2950 5004 3107 5072 ὑμεῖς
3140 5004 3388 5057 κοινωνοὶ
3437 5005 3533 5059 καὶ
3562 5006 3843 5071 σύναθλοι,

2276 5096 2526 5166 χαίρετε,
2580 5096 2797 5165 ἀδελφοί
2853 5113 2991 5166 μου,
3050 5096 3193 5165 χαρᾷ
3242 5094 3630 5167 ἀνεκλαλήτῳ·
3703 5098 3849 5167 βασι-

2271 5186 2519 5251 λεύοντες
2558 5189 2699 5241 κατά
2737 5188 2834 5257 τῆς
2871 5186 3164 5256 αἱρέσεως,
3208 5186 3354 5240 κατὰ
3382 5186 3491 5239 τῶν
3525 5188 3737 5244 παθῶν.
3780 5190 3846 5241 Σὺ

2274 5280 2301 5331 6
2332 5280 2671 5351 φερωνῦμως
2702 5277 3109 5350 καρτερόψυχός
3141 5294 3242 5346 μου
3276 5278 3617 5349 Καρτὲριος·
3651 5281 3716 5331 σὺ
3744 5282 3772 5332 6
3798 5282 3849 5330 ὲν

2276 5372 2521 5443 ὑπομονῇ
2567 5370 3053 5441 δεδαψιλευμὲνος,
3105 5358 3491 5438 ἀφθονώτατος
3541 5370 3844 5438 ’Δφθόνιος’

2280 5464 2343 5513 σὺ
2398 5463 2426 5513 6
2476 5461 2872 5531 εὐσθενημένος
2933 5461 3000 5530 τῇ
3060 5460 3181 5530 θείᾳ
3245 5460 3474 5533 ἀγάπῃ,
3512 5461 3846 5531 ἀληθέστατα

2293 5553 2571 5621 Ἀγάπιος.
2604 5554 2681 5605 T6
2722 5550 2958 5618 ζοφῶδες
2996 5549 3097 5620 τῆς
3139 5554 3384 5625 φρουρᾶς
3422 5553 3687 5625 πρόξενον
3729 5552 3848 5619 ὑμῖν

2279 5645 2374 5699 τοῦ
2408 5645 2626 5699 αἰωνίου
2657 5644 2752 5697 καὶ
2782 5641 3078 5712 ἀπροσίτου
3116 5645 3325 5713 φωτός’
3363 5647 3398 5716 ὴ
3438 5644 3847 5716 λιμοκτόνησις,

2278 5738 2377 5808 τῆς
2421 5740 2631 5809 τρυφῆς
2682 5734 2779 5789 τοῦ
2827 5734 3199 5827 παραδείσουο
3247 5739 3282 5809 ἠ
3319 5739 3729 5811 γυμνήτευσις,
3763 5732 3848 5791 τοῦ
