3990 6318
103 375 257 440 1273

1331 363 1878 428 EPISTOLARUM
1914 365 2066 436 LIB.
2101 366 2189 426 ΙΙ.

3269 366 3407 430 12⁵14

89 491 212 555 τῆς
260 483 569 547 ἀθανασίας
616 478 1001 555 περιϐολαίουο
1051 477 1086 546 ἡ
1118 475 1374 548 μόνωσις,
1432 475 1532 542 τῆς
1573 471 1712 543 μετά

1823 469 1955 528 facie
1988 469 2081 527 Dei
2114 471 2344 541 gloriam
2375 469 2752 543 conspiciatis.
2798 469 2917 525 Non
2968 471 3230 542 gaudium
3284 492 3415 531 sunt.

95 581 251 635 Θεοῦ
302 579 614 649 διαγωγῆς*
655 579 688 647 ἡ
721 575 823 645 τῆς
852 573 1031 644 κόμης
1060 571 1294 642 ἀκαρσις
1314 608 1330 632 ,
1370 568 1474 639 τῆς
1506 567 1713 638 εὑπρε-

91 674 257 740 ποῦς
289 673 623 746 θεομορφίας
643 688 656 701 ·
690 671 770 734 είς
797 669 860 722 τὸ
891 664 1399 738 ἀνακεκαλυμμένῳ
1433 659 1714 733 προσώπῳ

89 768 215 838 τὴν
269 766 434 831 δόξαν
488 764 696 836 Κυρίου
744 760 1234 833 κατοπτρίζεσθαι.
1285 758 1401 811 Οὐκ
1433 754 1515 808 ἔνι
1567 752 1715 824 χαρά

93 860 330 921 ταῦτας
399 858 500 911 οὑκ
555 857 634 910 ἔνι
694 856 1018 925 ἀγαλλίασις
1079 855 1263 923 πάσης
1328 848 1712 918 ἀγαλλιάσεως

96 955 217 1006 ὑπε
231 951 527 1023 ραίρουσα;
561 952 714 1021 Τάχα
740 949 1033 1021 ὀφείλομεν
1067 947 1160 1001 καὶ
1193 943 1487 1005 ἀνιᾶσθαι,
1518 941 1600 995 ὃτι
1637 939 1712 1010 μὴ

95 1049 208 1100 καὶ
239 1049 324 1109 εἰς
359 1045 514 1111 ξύλον
540 1047 568 1098 ὀ
604 1044 762 1111 ποῦς,
793 1047 888 1099 καὶ
913 1045 1102 1107 ἀλυσις
1134 1037 1520 1111 περικειμένη.
1548 1036 1740 1097 Ὀσον,

96 1142 225 1210 γὰρ
268 1139 556 1205 πλεονάζει
587 1142 657 1193 τὰ
689 1139 990 1208 παθήματα
1009 1177 1024 1200 ,
1054 1133 1310 1190 τοσοῦτον
1340 1133 1437 1185 καὶ
1465 1131 1497 1201 ἡ
1532 1127 1715 1200 παρὰ·

97 1235 318 1304 κλησις
351 1233 452 1304 τῆς
484 1234 642 1306 δόξης
669 1233 762 1286 τοῦ
790 1230 948 1286 Θεοῦ.
976 1230 1166 1283 Ταῦτα
1202 1229 1260 1281 ὲν
1286 1226 1490 1292 ὀλίγοις
1510 1235 1524 1250 ⁸
1560 1221 1718 1285 εἰδὼς

99 1325 193 1378 ὃτι
246 1324 462 1378 οἴκοθεν
489 1326 643 1396 ἔχετε
678 1325 777 1398 τὴν
806 1321 1107 1393 ὑπομονὴν,
1145 1316 1502 1387 παρεκάλεσα
1532 1314 1678 1385 ὑμᾶς
1699 1353 1716 1379 ,

101 1422 392 1493 φίλτατοι.
445 1421 636 1492 Ὑμεῖς
681 1421 737 1474 δὲ
770 1416 1077 1495 ἀντιδοίητέ
1111 1432 1224 1485 μοι,
1257 1413 1356 1466 σὺν
1405 1410 1486 1480 τῷ
1522 1409 1740 1462 συνόντι

103 1514 296 1590 ρεύει,
326 1513 426 1579 τὰς
450 1514 602 1585 ἱερὰς
629 1512 940 1584 προσευχὰς
973 1511 1054 1574 είς
1083 1507 1146 1562 τὸ
1178 1505 1451 1570 σώζεσθαι
1481 1503 1650 1576 ἡμᾶς.

496 1674 626 1730 ΝΘ’.
659 1702 734 1716 --
764 1672 1201 1738 Μοναζούσαις.
1231 1667 1387 1743 [υκ’.]

101 1816 353 1882 Triginta
387 1811 640 1863 moniales
681 1824 795 1873 qum
829 1822 921 1872 pro
944 1807 1142 1859 Christo
1195 1798 1755 1928 carcerenngt‘ovr'let-Eiﬁr

1814 563 1966 618 ista?
2016 563 2135 622 Non
2191 565 2490 621 exsultatio
2544 565 2698 622 omni
2759 565 3137 620 exsultatione
3195 568 3414 638 major?

1812 655 1981 729 Egre
2025 657 2214 713 forsan
2256 660 2418 714 laturi
2455 675 2687 728 sumus;
2735 660 2882 730 quod
2917 676 3026 714 non
3067 660 3278 718 inditus
3313 680 3413 735 pes

1811 750 1986 821 ligno,
2020 768 2127 806 non
2161 752 2420 824 imposita
2447 762 2662 808 catena.
2692 752 2815 819 Quo
2844 753 2999 808 enim
3034 754 3208 824 magis
3239 755 3416 810 abun~

1811 843 2252 911 dantzcrumnae,
2282 852 2436 899 tanto
2475 845 2848 900 abundantior
2887 845 3196 900 consolatio
3227 846 3415 916 gloriae

1813 936 1931 991 Dei.
1962 935 2088 992 Haec
2131 939 2326 1008 paucis
2361 958 2374 994 :
2420 939 2604 994 sciens
2634 955 2730 995 vos
2770 956 2800 994 a
2850 941 3007 995 vobis
3045 940 3181 1010 ipsis
3211 940 3417 995 habere

1814 1029 2178 1100 patientiam,
2218 1031 2470 1087 hortatus
2511 1048 2671 1093 sum,
2725 1032 3066 1089 charissimi.
3125 1031 3236 1088 Vos
3282 1048 3412 1088 vero

1816 1124 2100 1194 rependite
2133 1124 2302 1190 mihi,
2343 1125 2621 1195 simulque
2660 1123 2885 1181 Nicolao
2932 1129 3026 1197 qui
3072 1142 3286 1182 mecum
3330 1135 3415 1183 est

1816 1217 1978 1274 fratri
2046 1227 2258 1287 nostro,
2294 1220 2387 1290 qui
2427 1235 2527 1275 vos
2577 1226 2634 1274 et
2691 1221 2929 1286 salutat,
2985 1236 3172 1277 sacras
3228 1236 3414 1292 preces

1818 1322 2032 1367 vestras
2057 1353 2072 1378 ,
2101 1322 2161 1366 ut
2192 1314 2325 1367 salvi
2357 1312 2560 1368 simus.

1813 1406 2070 1479 Νικολάῳ
2116 1406 2194 1479 τῷ
2232 1405 2449 1478 ἀδελφῷ
2501 1407 2683 1478 ἡμῶν,
2715 1405 2775 1469 ὃς
2805 1406 2950 1478 ὑμᾶς
2984 1407 3081 1462 καὶ
3133 1425 3406 1479 προσαγο-

2305 1624 2307 1626 π
2329 1665 2471 1724 LIX.
2493 1697 2563 1709 -—
2579 1665 2926 1721 Monialibus.

1757 1801 2176 1912 aslgetgulzennt,
2209 1801 2398 1860 laudat,
2432 1805 2488 1851 et
2528 1800 2591 1850 ad
2635 1806 3065 1863 perseverantiam
3110 1799 3414 1848 adhortatur.

1877 1901 1891 1925 ν

1917 1877 1966 1914 n.
1994 1865 2100 1927 20.)

182 2013 374 2085 Χρέος
414 2009 575 2078 εἴπερ
625 2005 755 2060 ἄλλο
786 2022 838 2058 τι
883 2004 1008 2074 ἐμοὶ
1035 2000 1114 2070 τῷ
1143 1997 1408 2068 ταπεινῷ,
1447 1996 1591 2066 ὑμᾶς
1615 1993 1716 2057 τὰς

1891 1991 2110 2058 Debeo,
2151 1992 2198 2048 si
2239 1991 2373 2063 quid
2417 1989 2595 2056 aliud,
2636 1989 2864 2045 humilis
2903 2004 3007 2056 ego
3043 2004 3163 2052 vos.
3201 1989 3418 2047 Domini

116 2109 210 2164 τοῦ
247 2105 464 2176 Κυρίου
505 2098 744 2169 ἀδελφὰς
793 2098 888 2150 καὶ
939 2096 1182 2165 μητέρας
1220 2093 1364 2146 κατὰ
1391 2090 1452 2145 τὸ
1480 2089 1676 2160 ἀληθὲς
1699 2127 1716 2154 ,

108 2204 189 2267 ὼς
237 2199 409 2260 αὑτὸς
444 2196 645 2266 ἔφησεν
673 2195 705 2261 ἡ
737 2191 998 2261 ἀλήθεια,
1037 2189 1182 2258 λόγῳ
1232 2186 1591 2257 παρακαλεῖν,
1622 2184 1720 2238 καὶ

113 2290 454 2361 παραινέσει
499 2285 744 2354 ἀλείφειν
765 2299 779 2314 ο
811 2280 1192 2350 ὑπομενούσας
1220 2278 1308 2330 διὰ
1353 2276 1590 2347 Χριστὸν
1623 2273 1720 2327 καὶ

114 2387 388 2457 στέρησιν
426 2378 633 2452 μητρὸς
682 2372 1088 2445 πνευματικῆς,
1120 2372 1216 2425 καὶ
1245 2368 1520 2434 διάζευξιν
1550 2365 1721 2437 ἀλλή-

113 2481 249 2544 λων,
285 2477 385 2532 καὶ
429 2475 597 2546 μονῆς
640 2469 870 2539 εὑαγοῦς
917 2469 1232 2538 ἀφαίρεσιν,
1263 2463 1357 2518 καί
1377 2481 1440 2532 γε
1471 2461 1724 2530 φυλακῆς

114 2576 386 2644 τήρησιν,
435 2568 537 2640 ἥδη
580 2561 1088 2637 προμαστιχθείσας
1131 2556 1393 2626 ὁμολογία
1435 2554 1717 2626 ἀληθείας.

125 2666 301 2720 Ἀλλά
326 2663 381 2716 τί
425 2659 683 2714 τοσοῦτον
711 2659 851 2710 εἴπω
877 2654 1122 2721 ἐπαίρων
1154 2651 1308 2722 ὑμῶν
1333 2649 1392 2703 τὸ
1425 2647 1724 2717 ἀξιόχρεων

119 2759 446 2828 ὲγκώμιον;
494 2754 640 2815 Μιᾶς
707 2749 877 2821 μονῆς
933 2747 1029 2816 ὅλη
1081 2744 1382 2813 ἀδελφότης
1435 2756 1726 2812 τριακοντ-

117 2850 368 2921 άριθμος
399 2849 455 2899 ὲν
584 2843 818 2914 παρόντι
848 2844 1048 2911 χρόνῳ,
1077 2838 1167 2891 ὅτε
1191 2834 1576 2905 ἐξετράπησαν
1591 2831 1727 2902 ὁμοῦ

123 2946 227 3014 μὲν
253 2943 523 3012 ἄρχοντες
549 2937 645 2990 καὶ
670 2934 983 3006 ἀρχόμενοι,
1009 2931 1119 2984 δέει
1149 2929 1382 2982 θανάτου
1407 2942 1727 2996 παρακρου-

121 3037 361 3106 σάμενοι
398 3030 490 3084 τὸν
524 3027 621 3082 τοῦ
658 3025 867 3096 Κυρίου
905 3023 1095 3090 λόγον’
1131 3018 1270 3089 ὁμοῦ
1310 3018 1366 3070 δὲ
1399 3016 1728 3086 μονάζοντες

121 3130 218 3182 καὶ
249 3123 612 3199 μονάζουσαι,
634 3121 682 3173 εί
707 3117 800 3172 καί
823 3132 968 3178 τινες
989 3111 1262 3181 ὀλιγοστοὶ
1294 3107 1724 3177 ὑπελείφθησαν·

122 3197 483 3292 ὀμοῷυχῆσαι
533 3213 730 3275 οὕτως,
785 3210 881 3264 καὶ
931 3207 1024 3261 τὸν
1058 3204 1200 3276 ὑπὲρ
1247 3201 1488 3272 Χριστοῦ
1535 3197 1728 3253 ἄεθλον

123 3310 525 3383 ἀναδήσασθαι,
556 3305 717 3360 τοῦτο
744 3305 859 3365 τοῖς
883 3300 1053 3355 πάλαι
1081 3298 1295 3369 χρόνοις
1321 3292 1723 3364 παραὸλητέον.

125 3405 248 3458 Τῶν
279 3403 458 3473 ἁγίων
487 3395 958 3466 τεσσαράκοντα-η
992 3390 1274 3457 ὁμοίωσις,
1309 3388 1342 3459 ἦ
1373 3403 1512 3439 τισιν
1542 3385 1724 3446 ἄλλοις

124 3499 234 3552 τῶν
284 3494 579 3567 μακαρίων
611 3490 927 3558 ἀθλοφόρων
959 3482 1446 3550 ὲξεικονιζόμενον.
1498 3477 1584 3539 Ὠς
1618 3495 1721 3547 μα-

127 3599 323 3661 κάριαι
350 3590 533 3658 ὑμεῖς,
582 3584 680 3656 μία
707 3583 807 3650 τῆς
841 3581 968 3650 μιᾶς
997 3576 1075 3648 τῷ
1099 3573 1347 3644 διαπύρῳ
1379 3571 1524 3642 ζήλῳ
1554 3571 1723 3640 ὑπερ-

129 3685 462 3747 Βάλλουσαι,
495 3679 590 3731 καὶ
613 3679 782 3730 πᾶσαι
811 3672 946 3742 ὁμοῦ
971 3668 1206 3739 ἀλλήλας
1235 3663 1721 3736 παραθήξασαιείς

128 3780 190 3831 τὸ
221 3781 320 3847 τῆς
355 3773 648 3847 ὁμολογίας
690 3769 926 3822 στάδιον.
979 3765 1161 3829 ’Λξιον
1190 3763 1369 3830 θέαμα
1420 3757 1721 3847 ἀγγελικῆς

130 3846 401 3938 χορείας-ν
434 3861 780 3935 μαρτυρικῆς
827 3855 1156 3927 ὁμηγύρεως
1207 3851 1513 3921 ἐπέραστον
1562 3846 1721 3917 Θεῷ,

133 3961 275 4031 ὑπὲρ
298 3954 363 4013 οὑ
394 3960 491 4011 καὶ
520 3954 590 4008 τὰ
618 3952 940 4022 παθήματα.
983 3947 1153 4016 Δεῦρο
1183 3945 1247 4014 δὴ
1276 3939 1392 4003 οὖν.
1421 3941 1721 4012 θυγατέρες

131 4055 232 4123 τῆς
259 4055 374 4109 ἄνω
414 4048 799 4122 Ἰερουσαλὴμ,
829 4044 1090 4115 κλήματα
1111 4040 1212 4110 τῆς
1238 4037 1500 4107 ἀληθινῆς
1540 4035 1721 4106 ἀμπέ-

132 4147 247 4213 λου,
289 4147 598 4218 μαθήτριαι
629 4141 875 4211 ἀψευδῶς
904 4135 998 4190 τοῦ
1021 4135 1228 4203 Λόγουο
1261 4128 1724 4202 ἀγαλλιασὼμεθα

135 4238 506 4311 θεοπρεπῶςο
563 4226 1133 4302 ἀνθομολογησὼμεθα
1187 4223 1264 4295 τῷ
1342 4221 1724 4291 δυναμώσαντι

135 4308 289 4396 ὑμᾶς*
311 4326 537 4400 Χριστῷ
583 4325 807 4376 ὑποῖσαι
836 4320 906 4372 τά
945 4319 1264 4386 φθάσαντα·
1302 4308 1423 4366 εἶτα
1450 4312 1544 4365 καὶ
1587 4311 1724 4382 πρὸς

133 4423 202 4474 τα
258 4421 525 4491 μέλλοντα
591 4410 1168 4487 παρασκευασώμεθα.
1219 4408 1285 4460 Τί
1353 4405 1545 4470 τοῦτο;
1605 4403 1724 4456 Κᾶν

137 4511 294 4576 αὖθις
349 4511 654 4582 μάστιγες,
708 4506 811 4561 κᾶν
838 4503 1044 4573 δεσμά,
1081 4499 1183 4554 κᾶν
1217 4498 1351 4568 πῦρ,
1393 4496 1496 4549 κᾶν
1539 4492 1719 4563 ξίφοςυ

144 4603 413 4675 μηδαμῶς
477 4603 805 4672 ἀναδυῆναι,
868 4597 1005 4651 ἀλλὰ
1065 4594 1244 4647 πάντα
1298 4587 1721 4660 προθυμηθῆναι

144 4697 391 4764 ἐνεγκεῖν
442 4695 539 4747 σὺν
594 4689 839 4761 Χριστῷ.
910 4685 1225 4756 Ἰσχύσομεν
1284 4681 1424 4750 γάρ·
1489 4676 1795 4765 ὲπείπερυ

141 4789 370 4860 εἴρηκεο
431 4785 515 4851 Τῷ
568 4784 917 4837 πιστεύοντι
975 4776 1173 4831 πάντα
1221 4769 1471 4827 δυνατά.
1523 4769 1718 4838 Ὀρᾶτε

141 4875 228 4932 οἷα
255 4881 326 4933 τὰ
360 4878 648 4948 ἐγκώμια;
680 4873 744 4926 Τί
776 4871 983 4932 λοιπὸν,
1029 4869 1098 4921 τά
1158 4864 1420 4936 μέλλοντα
1474 4863 1716 4913 ἀνταπο-

141 4971 384 5041 δόματα,
426 4967 675 5042 βασιλεία
705 4962 972 5037 οὐρανῶν,
1015 4959 1159 5031 χαρὰ
1189 4955 1590 5021 ἀνεκλάλητος;
1627 4950 1718 5019 Μή

143 5079 224 5125 τις
248 5059 341 5116 οὖν
375 5061 764 5116 ὑποπίπτουσα
796 5054 874 5124 τῷ
906 5051 1151 5120 Σατανᾷ·
1194 5050 1268 5119 μή
1301 5064 1384 5108 τις
1428 5043 1719 5113 φιλόζωος,

145 5153 217 5217 ὡς
237 5149 320 5216 εἷς
348 5156 460 5208 τῶν
487 5150 919 5223 τεσσαράκοντα,
938 5144 1128 5199 ἐκτῶν
1153 5142 1463 5213 τριάκοντα.
1489 5139 1720 5190 Ἐκεῖνοι

146 5247 242 5315 τῆς
290 5245 620 5319 ἐγκρατείας
661 5243 722 5297 τὸ
767 5238 1133 5306 ἀπεικόνισμα
1160 5253 1173 5266 ·
1213 5235 1370 5303 ὑμεῖς
1411 5233 1511 5300 τῆς
1564 5228 1727 5293 ἀγίας

149 5335 375 5406 Τριάδος
423 5338 482 5391 τὸ
539 5335 917 5403 ὑποτύπωμα,
973 5327 1263 5401 τριαδικῶς
1310 5321 1724 5391 δεκατούμενον.

151 5426 386 5500 Τοιαύτη
433 5432 467 5500 ἡ
517 5428 783 5498 οὑδαμινὴ
813 5422 970 5496 ἡμῶν
998 5418 1368 5490 παράκλησις.
1431 5415 1620 5484 Ὑμεῖς
1673 5412 1729 5466 δὲ

151 5517 446 5592 ἀντιδοίητέ
473 5537 565 5591 μοι
583 5519 681 5580 τὰς
714 5516 1046 5590 προσευχὰς,
1076 5506 1122 5566 ὧ
1145 5510 1379 5584 μητέρες
1408 5504 1727 5577 τρισόλδιοιν

155 5611 233 5674 εἰς
271 5614 544 5686 σωτηρίας
583 5610 813 5680 ἑφόδιον.

240 5877 282 5909 ⁶¹
320 5879 487 5941 Marc.
518 5897 570 5939 ιι
596 5922 612 5948 ,
651 5876 742 5932 22.

1821 2101 2011 2141 revera
2061 2099 2283 2141 sorores
2316 2097 2632 2155 matresque
2657 2127 2673 2153 ,
2727 2093 2791 2140 ut
2841 2083 3052 2140 Veritas
3084 2085 3200 2154 ipsa
3235 2085 3413 2151 dixit,

1819 2181 2005 2236 verbis
2031 2181 2275 2245 hortari,
2309 2189 2363 2234 et
2401 2181 2624 2234 monitis
2657 2177 2962 2234 accendere
2985 2218 3000 2243 ,
3034 2194 3159 2248 quae
3190 2190 3417 2249 propter

1821 2272 2126 2335 Christum,
2159 2281 2213 2326 et
2240 2271 2540 2341 spiritualis
2568 2272 2761 2326 matris
2792 2270 3177 2340 privationem,
3211 2282 3266 2326 et
3298 2289 3417 2326 mu—

1823 2372 1974 2417 tuam
2005 2380 2033 2416 a
2059 2362 2218 2417 vobis
2240 2365 2664 2431 separationem,
2690 2370 2743 2416 et
2769 2361 2945 2416 sancti
2973 2362 3208 2415 cccnobii
3229 2363 3418 2416 adem-

1827 2455 2070 2525 ptionem
2093 2495 2107 2519 ,
2135 2463 2190 2509 et
2218 2455 2461 2509 carceris
2492 2452 2799 2508 custodiam
2833 2452 3120 2508 sustinetis
3141 2494 3156 2518 ,
3188 2456 3416 2510 verbera

1819 2549 1932 2618 jam
1971 2555 2098 2602 ante
2135 2563 2234 2617 pro
2271 2547 2524 2602 veritatis
2569 2543 2922 2600 confessione
2961 2560 3254 2614 perpessae.
3308 2548 3416 2601 Sed

1827 2640 1963 2711 quid
2015 2640 2150 2695 satis
2192 2655 2452 2709 magnum
2499 2638 2716 2700 dicam,
2748 2638 3073 2707 praeclarum
3105 2639 3416 2693 encomium

1826 2741 2070 2788 vestrum
2113 2731 2426 2787 extollens?
2459 2729 2637 2786 Unius
2671 2731 2999 2786 monasterii
3039 2732 3418 2800 congregatio-

1828 2839 1952 2878 nem
1979 2823 2315 2885 universam,
2347 2835 2598 2875 sororum
2625 2834 2856 2874 numero
2886 2819 3128 2887 triginta,
3156 2821 3256 2874 hoc
3283 2832 3418 2875 tem-

1827 2932 1960 2987 pore
2006 2931 2130 2970 cum
2180 2930 2289 2968 una
2337 2913 2701 2969 desciverunt
2747 2913 3027 2983 principes
3077 2923 3131 2967 et
3179 2914 3415 2977 subditi,

1827 3007 2057 3062 verbum
2103 3004 2325 3060 Domini
2366 3005 2559 3060 mortis
2596 3017 2744 3060 metu
2777 3004 3090 3074 rejicientes
3113 3048 3127 3071 ,
3163 3006 3414 3060 monachi

1827 3101 1994 3155 etiam
2047 3099 2152 3169 ipsi
2199 3107 2254 3153 et
2299 3099 2575 3154 moniales
2605 3139 2618 3164 ,
2664 3100 2788 3154 licet
2842 3099 3003 3169 pauci
3052 3099 3275 3168 quidam
3307 3100 3416 3155 sint

1831 3196 2066 3264 reliqui;
2115 3197 2196 3249 sic
2226 3194 2427 3248 animis
2451 3193 2806 3262 conspirasse
2830 3233 2846 3257 ,
2889 3203 3275 3263 certamenque
3318 3210 3414 3262 pro

1828 3288 2051 3343 Christo
2093 3287 2406 3356 suscepisse
2431 3324 2446 3349 ,
2483 3286 2586 3340 hoc
2615 3300 2745 3339 vero
2782 3300 2904 3339 cum
2938 3285 3133 3354 priscis
3166 3295 3249 3340 est
3282 3295 3415 3340 tem-

1755 3352 1796 3410 C
1829 3380 2055 3451 poribus
2088 3352 2889 3449 comparandum.Sanctorum
2910 3352 3266 3448 quadraginta
3302 3381 3414 3433 haec

1823 3475 2126 3530 similitudo
2147 3516 2162 3540 ,
2193 3475 2498 3528 aliorumve
2530 3473 2919 3542 quorumpiam
2969 3487 3000 3526 e
3045 3472 3216 3527 beatis
3245 3475 3415 3527 victo-

1822 3567 1978 3621 ribus
2008 3581 2270 3635 expressa
2297 3564 2559 3618 imitatio.
2593 3562 2772 3629 Quam
2804 3565 2977 3621 beata:
3005 3580 3101 3620 vos
3126 3566 3279 3627 estis,
3310 3566 3413 3620 alia

1822 3659 1987 3714 aliam
2021 3659 2233 3712 ardenti
2268 3658 2384 3712 zelo
2420 3673 2730 3727 superans,
2777 3667 2833 3713 et
2867 3672 3062 3712 omnes
3095 3658 3298 3726 pariter
3345 3656 3414 3710 ad

1823 3751 2189 3807 confessionis
2214 3742 2452 3804 stadiu'm
2475 3765 2573 3806 vos
2600 3750 2832 3805 invicem
2864 3751 3154 3805 acuentes!
3186 3749 3411 3819 Dignum

1825 3845 2087 3915 angelicis
2135 3844 2321 3898 choris
2364 3853 2785 3914 martyrumque
2830 3853 2976 3897 coetu
3009 3844 3411 3912 spectaculum.

1826 3937 1937 3991 Deo
1996 3934 2271 4005 imprimis
2301 3942 2552 4004 gratum,
2587 3935 2748 4002 cujus
2784 3948 2950 3988 causa
2982 3944 3247 4001 suscepta:
3277 3931 3412 3986 allii-

1825 4030 2058 4083 ctiones.
2080 4029 2282 4083 Adeste
2303 4025 2636 4096 igitur,filia:
2665 4024 2904 4078 caelestis
2929 4022 3252 4086 Jerusalem,
3272 4037 3412 4076 verae

1826 4122 1954 4176 vitis
1984 4120 2272 4190 palmites,
2305 4116 2469 4174 Verbi
2505 4118 2647 4171 haud
2679 4117 2861 4171 dubia:
2888 4116 3172 4185 discipulae
3203 4133 3216 4168 :
3270 4115 3411 4168 divi-

1826 4231 1958 4271 num
2001 4216 2055 4269 in
2101 4230 2309 4269 morem
2338 4213 2679 4267 exsultemus
2709 4227 2722 4264 :
2757 4210 2983 4264 Christo
3014 4211 3371 4264 contiteamur
3391 4246 3408 4276 ,

1826 4311 1919 4379 qui
1965 4323 2064 4362 vos
2105 4307 2171 4361 ad
2218 4305 2500 4359 toleranda
2541 4318 2663 4373 quae
2709 4304 3095 4372 praeterierunt
3129 4303 3414 4357 conﬁrma-

1826 4400 1948 4454 vit:
1986 4398 2188 4452 deinde
2230 4396 2297 4449 ad
2341 4395 2524 4449 futura
2565 4409 2788 4464 quoque
2835 4394 3212 4465 accingamur.
3246 4392 3413 4459 Ouid-

1825 4507 1951 4547 nam
1983 4491 2089 4544 hoc
2117 4489 2194 4542 rei
2228 4485 2346 4542 est?
2371 4485 2485 4541 Etsi
2521 4500 2740 4539 rursum
2766 4485 3015 4548 verbera,
3045 4485 3147 4540 etsi
3175 4485 3409 4550 vincula,

1825 4583 1927 4636 etsi
1957 4578 2234 4650 ignis,etsi
2255 4578 2468 4648 gladius
2499 4595 2513 4632 :
2548 4577 2699 4630 nullo
2723 4578 2888 4631 modo
2909 4575 3178 4645 refugere,
3201 4577 3295 4632 sed
3317 4577 3412 4630 la:—

1824 4677 1894 4730 tis
1913 4674 2108 4728 animis
2123 4671 2366 4742 perferre
2397 4672 2579 4726 omnia
2602 4686 2801 4740 cupere
2818 4687 2943 4726 cum
2961 4672 3201 4726 Christo.
3227 4670 3411 4724 Enim-

1826 4781 1956 4820 vero
1987 4764 2292 4834 poterimus
2319 4781 2333 4815 :
2367 4763 2814 4832 quandoquidem
2835 4764 2973 4817 dixit
2994 4781 3005 4814 :
3029 4761 3222 4817 Omnia
3241 4761 3401 4830 passi;

1826 4857 1956 4911 bilia
1991 4866 2112 4910 sunt
2141 4857 2376 4910 credenti
2402 4856 2472 4910 ⁶¹.
2506 4855 2745 4910 Cernitis
2769 4857 2953 4924 qualia
2986 4857 3095 4911 sint
3120 4853 3412 4910 encomia?

1826 4950 1970 5016 Quid
2003 4951 2220 5004 demum
2264 4947 2460 5002 futura;
2501 4948 2925 5014 retributiones,
2982 4963 3204 5018 regnum
3247 4948 3413 5000 coelo-

1830 5059 1984 5109 rum,
2027 5042 2285 5114 gaudium
2325 5041 2619 5095 ineffabile.
2674 5040 2830 5094 Nulla
2868 5055 2997 5107 ergo
3034 5041 3250 5094 Satanae
3281 5053 3408 5091 suc-

1830 5137 2132 5200 cumbens,
2179 5135 2327 5188 nulla
2365 5134 2487 5187 vita:
2529 5149 2757 5197 amans,
2813 5133 2958 5186 sicut
3010 5132 3098 5185 ille
3154 5147 3291 5185 unus
3345 5145 3409 5184 ex

1825 5228 2220 5297 quadraginta,
2265 5226 2316 5277 in
2361 5224 2449 5278 bis
2483 5224 2704 5291 triginta
2760 5223 3084 5289 reperiatur.
3132 5219 3209 5272 Illi
3244 5218 3411 5273 absti-

1829 5319 2029 5374 nentiae
2069 5314 2374 5386 symbolum
2411 5333 2424 5368 :
2471 5329 2568 5367 vos
2608 5321 2811 5365 sancta:
2846 5308 3132 5361 Trinitatis
3186 5307 3414 5361 simula-

1829 5426 1981 5466 crum
2034 5408 2321 5478 tripliciter
2353 5408 2718 5461 decumatum.
2773 5401 2922 5454 Talis
2973 5410 3059 5454 est
3111 5400 3294 5453 intima
3359 5409 3412 5453 et

1831 5504 1990 5560 nihili
2023 5502 2335 5555 exhortatio
2377 5507 2589 5553 nostra.
2629 5496 2736 5548 Vos
2767 5509 2897 5548 vero
2939 5509 3131 5563 preces
3160 5493 3293 5546 mihi
3323 5533 3338 5556 ,
3382 5505 3414 5545 ο

1835 5605 2038 5650 matres
2092 5601 2174 5646 ter
2223 5591 2415 5656 beataa,
2488 5587 2556 5642 ad
2610 5583 2806 5640 salutis
2859 5585 2964 5641 iter
3025 5582 3416 5654 perliciendum

1833 5684 2133 5758 rependite.
