3990 6318
547 288 689 355 1275
1742 299 1804 356 5.
1841 294 2183 357 THEODOI

2281 292 2421 356 STU
2432 296 2503 356 υ]
2513 295 2629 355 ΤίΕ

1001 406 1113 463 LX.
1133 437 1203 450 ——
1225 407 1310 462 Ad
1352 407 1676 464 Canouicas.

2632 406 2711 462 ει.
2753 434 2826 449 --
2862 409 3245 477 1ιάνω·ικαῖς.
3280 407 3474 482 [υκε’.]

3732 293 3877 357 1376

1109 525 1300 576 Gratias
1320 524 1426 589 agit
1450 540 1541 590 pro
1564 522 1826 576 beneﬁciis
1848 522 1900 574 in
1920 524 2239 575 Naucratlum
2268 524 2493 587 aliosque
2511 522 2693 575 Christi
2718 523 3031 575 confessores
3060 524 3270 578 collatis.

620 632 690 689 Et
719 631 1099 703 superioribus
1150 635 1495 703 temporibus
1544 637 1826 706 egregium
1861 634 2139 706 specimen
2171 670 2183 695 λ

2319 634 2431 688 Καὶ
2465 633 2573 686 ἀπὸ
2601 631 2711 686 τῶν
2748 635 3130 706 προλαϐόντων
3170 613 3362 709 tiam
3405 634 3719 701 ἀπόδειξιν

552 728 799 799 religiosi
831 728 999 782 vestri
1040 742 1168 797 erga
1206 743 1457 783 nosuam
1504 730 1870 784 humilitatem
1910 728 2139 784 allectus

2272 724 2500 791 ῦσεϐοῦς
2550 725 2706 796 ὑμῶν
2749 727 2889 797 πρὸς
2938 729 3039 796 τὴν
3085 728 3421 782 ταπείνωσιν
3450 728 3624 797 ἡμῶν
3672 727 3870 780 δια.θέ-

552 822 893 891 acccpimus,
934 830 989 875 et
1022 837 1171 877 nunc
1211 831 1271 877 ut
1300 839 1426 879 cum
1466 825 1748 879 maxime:
1788 824 1863 879 ita
1895 834 1953 878 ιιι
1982 824 2141 893 plane

2269 838 2381 910 sto;
2430 821 2758 891 εἰλήφαμεν,
2815 819 2911 874 νῦν
2962 820 3019 874 δὲ
3071 822 3166 874 καὶ
3217 822 3395 892 μάλα·
3434 822 3514 884 ὼς
3580 822 3873 890 ἐκστῆναι

551 916 1025 984 obstupescamus,
1050 932 1175 969 cum
1192 933 1314 987 qua
1332 928 1659 988 quantaeque
1684 918 1795 973 sint
1823 917 2141 987 largitiones

2269 915 2388 983 ,pti;
2405 914 2482 986 τῷ
2508 914 2642 975 ὄντι,
2666 914 3057 979 διαϐλέποντας
3078 916 3177 977 τας
3198 915 3409 986 δωρεὰς
3435 916 3464 967 ὑ
3473 916 3624 987 μῶν,
3651 916 3871 967 ὁπόσαι

550 1016 743 1060 vestrae
776 1007 1058 1060 intuemur
1093 1024 1105 1060 :
1144 1016 1313 1076 atque
1345 1010 1435 1063 ubi
1469 1010 1648 1064 edocti
1679 1026 1866 1064 sumus
1903 1026 1932 1063 a
1967 1011 2141 1063 tahelu

2269 1011 2334 1063 ιαὶ
2380 1008 2605 1079 ἡλίκαιο
2668 1008 2858 1061 ἔπειτα
2911 1008 3007 1060 καὶ
3063 1007 3476 1076 ὲκδιδαχθέντες
3532 1009 3706 1077 παρᾶ
3770 1005 3870 1058 τοῦ

550 1094 725 1160 lat-io,
779 1098 871 1164 qui
923 1106 1204 1167 spectator
1255 1097 1373 1167 ipse
1412 1098 1724 1163 intellexit,
1777 1111 1978 1169 quanta
2008 1114 2141 1153 cura

2269 1100 2721 1170 ’ραμματηφόρου
2767 1098 2992 1167 αὐτοψεὶ
3037 1096 3428 1167 ὑπειληφότος,
3462 1098 3569 1167 ὅση
3608 1100 3645 1167 ἠ
3684 1096 3871 1164 φειδὼ

551 1187 710 1243 vobis
740 1190 1163 1260 sollicitudoque
1198 1191 1289 1251 sit,
1319 1192 1581 1256 charitas,
1617 1192 2044 1253 commiseratio,
2074 1189 2140 1243 ad

2269 1192 2338 1245 ταὶ
2382 1194 2413 1263 ἡ
2463 1191 2685 1262 φροντὶς
2728 1191 3007 1261 περίεστιν
3058 1190 3222 1259 ὑμῖν·
3267 1191 3460 1252 ὲλεεῖν,
3518 1192 3869 1261 οἰκτείρειν,

551 1281 759 1344 cibum,
785 1291 995 1352 potum,
1023 1284 1522 1355 vestimentumquc
1552 1288 1995 1355 suggerendnm;
2033 1300 2141 1354 qua

2269 1285 2484 1355 τρέφειν,
2518 1283 2780 1347 ποτίζειν,
2819 1280 3183 1335 ὲνδιδύσκειν·
3205 1279 3260 1333 εἴ
3279 1299 3331 1332 τι
3361 1281 3491 1335 ἄλλο
3528 1281 3870 1348 ἐπιτήδειον

553 1374 837 1429 alacritate
883 1377 1135 1430 tenuitati
1187 1389 1390 1431 nostra:
1437 1378 1871 1433 subministretis
1918 1378 1965 1431 si
2006 1376 2138 1446 quid

2269 1376 2391 1444 ζωῆς
2422 1376 2502 1438 εἰς
2543 1374 2640 1444 τὴν
2687 1373 2965 1427 εὐτέλειαν
2995 1373 3155 1445 ἡμῶν
3198 1374 3599 1443 ὲπειγομέναις
3634 1376 3865 1427 ποιεῖν·

555 1467 622 1521 ad
658 1469 825 1520 vitam
860 1469 1231 1524 necessarium
1262 1480 1346 1524 est
1378 1485 1391 1520 :
1439 1486 1603 1539 quam
1654 1470 1851 1539 cupide
1906 1470 2141 1539 idipsunt

2269 1472 2338 1524 :a‘t
2380 1469 2744 1538 ὲκζητούσαις
2775 1467 2967 1536 μαθεῖν
2998 1470 3077 1529 εἰς
3120 1466 3180 1520 τὸ
3212 1467 3405 1519 τελεῖν.
3436 1461 3596 1536 ’Λρα
3632 1460 3742 1517 οὖν
3765 1466 3867 1516 οὐκ

557 1559 875 1629 inquiratis,
910 1571 970 1615 ut
1005 1576 1170 1631 opere
1202 1562 1320 1632 ipso
1354 1560 1605 1616 effectum
1635 1562 1794 1616 detis.
1826 1559 2016 1614 Nonne
2046 1561 2145 1631 igi-

2278 1562 2468 1624 ἰκὸτως
2491 1562 2837 1631 εὐχαριστεῖν
2868 1578 2934 1631 με
2959 1560 3108 1614 ἔστιν
3143 1562 3199 1613 ἐν
3227 1558 3437 1621 τούτοις
3467 1561 3546 1628 τῷ
3575 1557 3734 1628 Θεῷ,
3763 1578 3869 1627 μη-

558 1662 650 1708 tur
677 1655 800 1724 jure
833 1654 1047 1723 optimo
1077 1663 1257 1724 grates
1292 1653 1398 1709 Deo
1438 1671 1597 1725 agere
1629 1670 1716 1709 me
1752 1655 1819 1709 de
1860 1654 1946 1708 bis
1981 1655 2145 1707 rebus

559 1762 661 1818 par
694 1757 812 1814 est,
857 1750 950 1817 qui
1005 1756 1209 1802 matres
1249 1764 1577 1817 sororesque
1615 1748 1891 1814 Spiritales
1926 1747 2145 1802 invene-

562 1839 702 1893 rim?
738 1839 930 1893 Annon
961 1850 1015 1893 et
1048 1840 1244 1894 merito
1274 1850 1709 1895 consentaneum
1742 1850 1827 1895 est
1857 1852 1916 1895 ut
1952 1842 2145 1896 Iaudes

560 1931 722 1986 vobis
754 1933 997 1986 accinam
1026 1973 1040 1995 ,
1077 1948 1202 2002 quae
1230 1931 1400 1986 Deum
1426 1950 1491 1987 ex
1524 1942 1637 1987 toto
1668 1934 1832 1987 corde
1858 1933 2147 1999 quaeritis?

564 2024 845 2085 Gaudete,
900 2034 1102 2079 matres
1155 2041 1219 2079 ac
1269 2025 1392 2079 tiliae
1441 2027 1493 2079 in
1550 2026 1800 2080 Domino.
1856 2024 2145 2090 Gaudete,

562 2132 683 2185 quae
704 2115 1027 2185 Erangelica
1066 2117 1322 2171 mandata
1354 2117 1546 2172 sedulo
1574 2118 1851 2186 perlicitis.
1877 2117 2145 2181 Gaudete,

562 2208 673 2263 lilia
699 2209 813 2279 agri
844 2209 1123 2279 spiritalis,
1158 2212 1211 2264 in
1244 2210 1439 2268 mediis
1463 2210 1683 2279 quidem
1711 2210 1885 2278 spinis
1920 2207 2109 2278 positae
2129 2250 2144 2275 ,

561 2301 609 2357 si
638 2302 790 2356 locus
815 2312 1091 2372 spectetur
1111 2318 1126 2367 ;
1150 2302 1235 2356 sin
1262 2312 1445 2356 autem
1473 2316 1671 2365 mores,
1706 2302 1866 2370 longe
1889 2300 1958 2355 ab
1978 2302 2147 2355 haere-

561 2396 671 2449 tico
701 2393 918 2464 spineto
944 2395 1256 2448 suinmotat.
1288 2392 1557 2457 Gaudete,
1577 2403 1755 2448 coetus
1773 2393 2147 2463 egregius,in-

560 2486 738 2541 vicem
805 2487 1164 2549 cohaerentes,
1193 2495 1246 2540 et
1285 2484 1353 2539 ad
1405 2483 1498 2538 Dei
1546 2484 1872 2554 obsequium
1914 2485 2147 2541 invicem

565 2582 855 2648 colligatae.
889 2578 1104 2644 Quanta
1133 2590 1313 2633 vestra
1347 2578 1438 2632 illa
1470 2577 1772 2633 secundum
1818 2578 1986 2633 Deum
2019 2594 2150 2632 cou-

567 2671 755 2728 cordia
803 2680 924 2737 est,
970 2671 1062 2725 illa
1108 2672 1285 2725 amica
1325 2671 1680 2741 conjunctio,
1726 2670 1816 2725 illa
1862 2672 1971 2725 vita
2016 2670 2152 2726 soli-

570 2762 745 2815 taria!

639 2853 849 2920 Gaude,
898 2854 1117 2908 domina
1155 2853 1312 2908 alteri
1346 2854 1663 2909 consociata
1697 2855 1954 2916 dominre,
1993 2854 2154 2908 matri

572 2957 780 3007 mater,
842 2946 1191 3000 moderatriei
1230 2945 1605 3010 moderatrix;
1670 2946 1833 3000 simul
1867 2946 2155 3016 prwposita

572 3038 848 3107 simulque
916 3038 1157 3093 subdita.
1215 3037 1391 3104 Quam
1438 3039 1653 3108 egregia
1695 3048 1787 3097 tua
1842 3037 2161 3092 exercitatio

572 3139 658 3184 est
717 3139 882 3199 atque
946 3130 1259 3199 professio!
1294 3142 1354 3183 ut
1405 3146 1473 3184 ex
1516 3130 1823 3183 obedientia
1862 3131 2163 3183 mercedem

573 3224 820 3294 colligas,
857 3232 912 3277 et
932 3225 1236 3292 praepositae
1267 3223 1619 3278 securitatem
1670 3234 1914 3293 praestes.
1951 3222 2159 3288 Gaude,

2245 1657 2410 1724 τέρας
2445 1655 2718 1724 εὑρηκότα
2748 1655 2842 1706 καὶ
2876 1654 3113 1721 ἀδελφὰς
3144 1652 3564 1723 πνευματικάς;
3606 1648 3732 1720 ἆρα
3764 1652 3866 1703 οὐκ

2247 1751 2615 1821 όφειλομένως
2642 1750 2852 1822 πρέπον
2890 1768 2980 1821 μοι
3012 1750 3213 1820 ῦμνους
3249 1749 3377 1819 ὑμῖν
3410 1749 3735 1811 ἀναθεῖναι,
3771 1750 3865 1800 ὲκ-

2250 1841 2542 1914 ζητούσαις
2591 1843 2723 1895 Θεὸν
2745 1841 3108 1913 ὁλοκαρδίως;
3148 1842 3413 1911 Χαίρετε,
3456 1840 3717 1912 μητέρες
3768 1842 3865 1891 καὶ

2251 1937 2554 2006 θυγατέρες
2611 1938 2669 1988 ὲν
2724 1937 2936 2006 Κυρίῳ·
2989 1934 3240 2005 χαίρετε,
3288 1934 3685 2004 φιλεργάτιδες
3750 1932 3863 1986 τῶν

2251 2027 2626 2095 εὖαγγελικῶν
2677 2027 3142 2097 προσταγμάτων.
3201 2026 3468 2096 Χαίρετε,
3527 2026 3705 2096 κρίνα
3766 2024 3861 2078 τοῦ

2250 2118 2422 2187 ἀγροῦ
2445 2118 2537 2170 τοῦ
2568 2117 2793 2189 νοητοῦ,
2826 2120 2883 2170 ὲν
2920 2119 3071 2188 μέσῳ
3105 2117 3355 2171 ἀκανθῶν
3384 2120 3673 2189 ἐνειμέναι
3712 2118 3863 2169 κατὰ

2248 2209 2412 2262 τόπον
2433 2226 2447 2240 ⁸
2476 2210 2617 2263 κατά
2658 2210 2715 2262 δὲ
2740 2210 2964 2280 τρόπον,
3000 2212 3101 2280 τῆς
3126 2210 3409 2280 αἱρετικῆς
3471 2208 3862 2272 ἀκανθώσεως

2250 2303 2591 2374 πορρωτέρω
2647 2302 2895 2357 θέουσαι.
2944 2303 3205 2374 Χαίρετε,
3244 2304 3277 2373 ἡ
3333 2303 3476 2374 καλὴ
3515 2302 3769 2372 ξυνωρὶς
3804 2305 3862 2354 ἐν

2250 2396 2512 2468 ἀλλήλαις
2538 2398 2822 2467 ἐχόμεναι,
2860 2397 2957 2450 καὶ
2990 2396 3060 2451 δι’
3094 2396 3342 2468 ἀλλήλων
3372 2396 3512 2466 πρὸς
3544 2396 3691 2450 Θεὸν
3728 2414 3860 2449 συν-

2249 2488 2640 2560 δεσμούμεναι.
2681 2490 2878 2560 Ἦλίκη
2905 2489 3061 2559 ὑμῶν
3102 2493 3133 2559 ἡ
3171 2490 3313 2543 κατά
3344 2490 3479 2542 Θεὸν
3513 2490 3761 2563 ὁμόνοια
3781 2508 3796 2520 ·
3826 2492 3859 2560 ἠ

2250 2583 2572 2655 ἀγαπητικὴ
2600 2584 2848 2647 σύνδεσις
2869 2599 2882 2612 ·
2914 2585 2949 2655 ἡ
2984 2583 3248 2656 μοναδικὴ
3281 2583 3501 2655 βίωσιςί

2327 2860 2522 2930 Χαῖρε,
2552 2860 2585 2930 ἡ
2616 2858 2782 2930 κυρία
2808 2857 2908 2928 τῆς
2941 2857 3136 2929 κυρίας
3156 2856 3219 2927 ’ἠ
3256 2857 3439 2926 μήτηρ
3467 2854 3569 2923 τῆς
3602 2854 3854 2925 μητρός·

2259 2956 2295 3027 ἡ
2345 2952 2733 3021 καθηγουμένη
2781 2950 2882 3020 τῆς
2908 2948 3363 3020 καθηγουμένης·
3416 2945 3554 3015 ὁμοῦ
3610 2947 3714 3017 μὲν
3760 2948 3858 3017 ἄρ-

2262 3064 2452 3118 χουσα.
2482 3044 2619 3116 ὁμοῦ
2650 3045 2706 3097 δὲ
2738 3044 2833 3097 καὶ
2859 3043 3161 3113 ἀρχομένη.
3192 3041 3278 3104 Ὠς
3316 3040 3457 3109 καλή
3489 3058 3585 3092 σου
3614 3043 3646 3109 ὴ
3681 3042 3855 3109 ἐργαο

2266 3133 2356 3186 σία
2400 3136 2493 3185 καὶ
2545 3133 2606 3186 τὸ
2650 3130 3021 3200 ἐπιτήδευμα·
3055 3131 3145 3184 ἵνα
3189 3130 3283 3183 καὶ
3326 3130 3417 3183 τὸν
3471 3130 3530 3194 ἐξ
3566 3130 3856 3199 ὑποταγῆς

2269 3225 2460 3295 μισθὸν
2504 3222 2772 3296 ὲρανίζῃ,
2818 3223 2912 3275 καὶ
2956 3224 3024 3293 τῇ
3063 3221 3382 3293 προεστώσῃ
3432 3220 3715 3292 ἀσφαλείᾳ
3750 3221 3853 3272 ὑπ-

574 3328 687 3371 tum
726 3333 849 3387 qua:
903 3333 962 3371 es
995 3317 1283 3385 magistra,
1316 3326 1429 3370 tum
1465 3332 1587 3386 qua:
1616 3332 1676 3371 es
1731 3316 1949 3371 subdita
1989 3334 2003 3371 :
2047 3316 2162 3403 illa,

2278 3318 2473 3388 ἀρχῃς.
2507 3318 2699 3387 Χαῖρε,
2728 3318 2760 3386 ἡ
2791 3316 3176 3386 καθηγουμένη
3198 3316 3290 3367 καὶ
3318 3314 3765 3384 ὑποτασσομένη·
3796 3314 3854 3365 τὸ

574 3410 718 3479 quod
751 3410 998 3480 pluribus
1048 3425 1217 3478 νικος
1246 3425 1262 3474 ;
1294 3410 1419 3473 ista,
1480 3410 1624 3480 quod
1661 3410 1752 3463 uni
1806 3425 1982 3479 pares.
2015 3409 2165 3465 Felix

574 3503 864 3573 prudentia
897 3514 1013 3567 tua,
1040 3505 1153 3557 sive
1181 3518 1305 3572 qua:
1358 3503 1524 3572 regis,
1589 3503 1705 3555 sive
1743 3518 1864 3570 quae
1921 3503 2124 3571 regeris
2150 3541 2164 3567 ,

574 3602 630 3648 et
659 3594 712 3647 in
748 3606 962 3663 portum
996 3594 1510 3648 salutisdeduceris.
1544 3590 1689 3648 Laus
1729 3594 1917 3663 utique
1947 3593 2163 3647 brevis:

579 3686 672 3740 sed
707 3687 833 3740 licet
861 3701 926 3739 cx
956 3688 1146 3754 paucis
1173 3684 1344 3738 multa
1382 3684 1703 3753 intelligere.
1752 3682 2032 3751 Rependat
2073 3699 2170 3738 vo-

578 3776 665 3831 bis
693 3776 957 3831 Dominus
992 3776 1108 3830 vice
1133 3784 1324 3829 nostra
1342 3774 1667 3837 mercedem,
1700 3773 1951 3826 similiter
2017 3787 2167 3828 (eco-

579 3871 729 3923 nomi
756 3869 892 3933 rice,
922 3870 1042 3923 vice
1080 3868 1327 3937 cujusvis
1372 3866 1600 3921 alterius
1635 3866 1700 3919 de
1743 3882 1854 3935 quo
1887 3866 2024 3920 bene
2051 3880 2167 3920 me-

580 3964 701 4018 ritae
738 3964 890 4018 estis.
924 3963 1209 4016 Custodite
1241 3975 1367 4025 vos,
1402 3961 1661 4021 obsecro,
1688 3958 1757 4013 ab
1782 3958 1999 4022 haeresi,
2060 3972 2166 4027 qua

582 4054 718 4108 nihil
777 4055 972 4109 animae
1025 4054 1320 4108 exitiosius
1375 4063 1498 4107 est:
1533 4053 1694 4122 cujus
1728 4051 2088 4113 communio,
2138 4065 2169 4104 a

585 4147 809 4201 Christo
831 4145 1089 4200 alienatio
1121 4157 1225 4201 est.
1260 4144 1436 4198 Simul
1467 4154 1705 4199 vestram
1754 4143 1970 4196 vivendi
2003 4142 2173 4195 ratio-

587 4252 712 4291 nem
744 4237 953 4290 reddite
976 4236 1425 4305 splendidiorem,
1457 4236 1607 4289 velut
1631 4246 1882 4289 catenam
1914 4248 2132 4287 auream
2154 4274 2169 4299 ,

591 4335 645 4379 et
692 4341 720 4378 a
763 4326 1112 4379 multitudine
1146 4326 1491 4394 Scjunctam:
1526 4336 1586 4379 ut
1640 4340 1705 4379 ex
1748 4334 1980 4393 utraque
2019 4333 2173 4393 parte

589 4433 819 4487 ornata,
854 4439 977 4477 cum
1036 4421 1239 4477 lucidis
1277 4422 1616 4490 lampadibus
1652 4420 1705 4474 in
1740 4419 1955 4473 Domini
1997 4419 2173 4474 thala-

591 4532 740 4574 mum
806 4516 1161 4588 perveuiatis,
1202 4512 1730 4584 sempiternisbonis
1763 4511 2029 4567 (ruitura.

1041 4627 1555 4685 LXI.—Naucratio
1580 4628 1715 4698 ﬁlio.

2274 3411 2396 3482 μὲν,
2439 3409 2549 3463 τῶν
2588 3409 2834 3462 πολλῶν·
2869 3407 2930 3460 τὸ
2971 3406 3027 3460 δὲ
3050 3448 3065 3470 ,
3111 3411 3177 3477 τῇ
3226 3409 3346 3476 μιᾷ.
3378 3407 3652 3475 Μακαρία
3686 3422 3782 3458 σου
3818 3408 3848 3474 ἡ

2271 3504 2488 3568 σύνεσις
2507 3520 2520 3533 ⁸
2542 3502 2675 3556 κυϐε
2686 3502 2866 3573 ρνῶσα
2889 3501 2981 3554 καὶ
3002 3499 3416 3568 κυϐερνωμένη,
3439 3498 3532 3550 καὶ
3552 3499 3635 3561 εἰς
3659 3498 3851 3565 λιμένα

2270 3596 2548 3668 σωτηρίας
2578 3591 3015 3664 ἀπευθυνομένη.
3068 3590 3286 3662 Βραχέα
3322 3590 3390 3641 τά
3414 3588 3670 3657 ἐγκώμια
3690 3604 3705 3615 ·
3737 3588 3850 3640 ἀλλ’

2269 3689 2329 3754 ἐξ
2353 3690 2551 3757 ὀλίγων
2575 3688 2644 3740 τὰ
2673 3686 2845 3739 πολλά
2876 3683 3325 3749 συνεξακούεται.
3345 3681 3695 3753 ’Δνταποδῴη
3726 3682 3849 3751 ὑμῖν

2270 3782 2476 3849 Κύριος
2502 3781 2593 3832 τὸν
2624 3778 2766 3849 ὑπὲρ
2807 3777 2968 3847 ἡμῶν
3000 3774 3223 3846 μισθόν·
3269 3783 3363 3827 τὸν
3397 3774 3538 3845 ὑπὲρ
3568 3772 3665 3825 τοῦ
3706 3774 3847 3825 οἰτιιο⁴

2270 3874 2458 3942 νόμου,
2500 3873 2591 3925 τὸν
2639 3873 2780 3941 ὑπὲρ
2810 3867 3124 3923 οὑτινοσοῦν
3154 3868 3317 3922 ἄλλου
3357 3863 3419 3920 εὖ
3462 3867 3841 3927 πανθάνοντος.

2269 3964 2547 4028 Φυλάξατε
2596 3963 2678 4015 ἔτι
2721 3962 2920 4025 ἑαυτάς
2946 4002 2960 4029 ,
2997 3959 3303 4032 παρακαλῶ
3326 4001 3341 4025 ,
3379 3960 3480 4028 τῆς
3508 3959 3841 4028 ψυχοφθόρου

2272 4057 2539 4127 αἱρέσεως
2558 4072 2572 4086 ·
2601 4050 2669 4125 ἦς
2700 4055 2734 4124 ὴ
2768 4053 3024 4106 κοινωνία
3055 4051 3413 4122 ἀλλοτρίωσις
3441 4049 3705 4119 Χριστοῦ.
3740 4048 3842 4116 Τὴν

2274 4150 2550 4201 πολιτείαν
2611 4146 2749 4218 ὁμοῦ
2824 4145 3186 4216 φαιδροτέραν
3252 4142 3697 4213 ἀπεργάζοισθε,
3751 4144 3841 4210 τὴν

2274 4240 2481 4310 χρυσῆν
2529 4241 2716 4309 σειράν
2764 4239 2859 4291 καὶ
2900 4239 3016 4298 τοῖς
3064 4235 3279 4298 πολλοῖς
3321 4234 3597 4288 ἀπλοκον·
3656 4236 3741 4287 ἵνα
3789 4233 3841 4297 ἐξ

2276 4331 2606 4402 ἀμφοτέρων
2636 4329 3047 4399 κοσμούμεναι,
3083 4327 3364 4397 λαμπραῖς
3410 4329 3534 4389 ταῖς
3576 4326 3841 4397 λαμπάσιν

2276 4426 2356 4487 εἰς
2382 4424 2472 4475 τὸν
2502 4421 2769 4494 νυμφῶνα
2804 4418 3007 4491 Κυρίου
3045 4419 3459 4489 καταντήσοιτε,
3485 4419 3597 4471 τῶν
3621 4418 3841 4471 αἰωνίων

2274 4514 2497 4583 ἀγαθῶν
2523 4514 2918 4568 ἀπολαύουσαι.

2553 4626 2676 4682 ΞΝ.
2702 4658 2769 4667 —
2789 4625 3141 4693 Ναυκρατίφ
3172 4622 3381 4691 τέκνῳ.
3426 4621 3578 4696 [υδν.]

1474 4743 1656 4796 Christi
1680 4745 2021 4795 confessor-um
2045 4741 2309 4806 praeconia.
2340 4744 2546 4805 (Baron.
2570 4756 2650 4792 an.
2675 4742 2789 4802 818,
2812 4755 2862 4793 n.
2884 4741 2986 4805 2i.)

664 4853 799 4909 Tam
844 4854 1007 4907 (illum
1036 4866 1228 4909 nactus
1250 4869 1310 4909 es
1339 4854 1705 4921 tabellarium,
1752 4865 1811 4909 ut
1857 4854 1946 4909 Dei
1980 4853 2171 4925 optimi

2350 4853 2608 4907 Τοιούτου
2642 4850 2835 4905 πιστοῦ
2881 4850 3362 4922 γραμματηφόροι)
3416 4849 3834 4919 ὲπιτετύχηκας,

592 4946 953 5015 providentiae
1002 4947 1467 5014 dispensationem
1521 4962 1640 5002 esse
1696 4948 2001 5016 putaverim
2075 4962 2176 5016 ego

599 5038 844 5096 humilis.
872 5053 968 5106 per
992 5052 1117 5092 cum
1170 5038 1380 5094 litteras
1420 5039 1488 5093 ad
1525 5049 1576 5094 te
1628 5040 1793 5102 mitti,
1831 5039 1905 5093 ﬁli
1961 5051 2171 5094 sancte.

599 5130 753 5195 Quod
787 5144 952 5196 porro
975 5131 1270 5185 didicimus
1302 5141 1353 5185 te
1381 5141 1529 5185 recte
1564 5133 1741 5185 valere
1762 5146 1888 5185 cum
1920 5132 2177 5185 omnibus

599 5220 1009 5276 confessor-ibus
1042 5238 1107 5277 ac
1133 5222 1393 5278 fratribus
1418 5225 1548 5283 tuis,
1580 5226 1859 5291 quomodo
1896 5240 2005 5277 non
2039 5223 2179 5277 foret

605 5313 760 5367 nobis
791 5314 1164 5381 peccatoribus
1178 5328 1343 5368 causa
1373 5314 1763 5379 laetandiwum
1780 5324 1834 5369 tu
1857 5316 2179 5383 praesertim,

605 5405 697 5473 qui
730 5405 1049 5474 coryphmus
1075 5420 1154 5466 es,
1189 5403 1466 5456 constanti
1509 5404 1694 5457 animo
1743 5403 1841 5469 sis,
1879 5415 2046 5474 atque
2077 5404 2182 5458 huc

603 5499 732 5566 illuc
768 5497 961 5551 feraris
1016 5512 1111 5566 per
1139 5496 1397 5566 epistolas
1425 5495 1611 5565 plenas
1633 5497 1914 5551 charitatis
1952 5507 2005 5551 et
2032 5497 2185 5552 solli-

602 5590 860 5643 citudinis
889 5605 1017 5659 erga
1049 5605 1261 5655 omnes,
1318 5598 1376 5642 ιιι
1434 5590 1611 5642 virum
1670 5589 1912 5645 divinum
1978 5590 2179 5646 decet?

608 5681 810 5737 Deinde
834 5684 977 5751 quod
1008 5691 1060 5736 et
1113 5682 1280 5735 frater
1308 5681 1585 5735 Adrianus
1628 5682 1916 5736 incolumis
1934 5685 2181 5752 pervenit

608 5791 782 5844 usque
811 5775 875 5831 ad
904 5791 998 5831 eos
1028 5774 1121 5845 qui
1155 5774 1277 5830 istic
1309 5782 1458 5839 sunt,
1492 5772 1603 5845 jam
1636 5790 1767 5830 cura
1801 5775 1959 5830 levati
1984 5791 2177 5833 sumus

2278 4947 2346 5000 δι’
2380 4940 2441 5001 οῦ
2469 4947 2785 5016 οἰκονομίαν
2832 4946 3130 5016 ἡγησάμην
3163 4939 3303 4998 εἶναι
3337 4943 3433 4997 τοῦ
3480 4944 3686 5012 ἀγαθοῦ
3717 4943 3835 4996 Θεοῦ

2279 5041 2437 5110 ἡμῶν
2469 5041 2624 5110 κάγὼ
2653 5043 2681 5094 ό
2708 5039 2965 5101 ταπεινὸς
2997 5037 3304 5090 ἐπιστεῖλαί
3334 5054 3439 5101 σοι,
3471 5038 3618 5109 ἱερὸν
3647 5039 3832 5091 τέκνον.

2281 5135 2423 5187 Αὐτὸ
2456 5135 2558 5203 μὲν
2585 5130 2678 5186 οὖν
2709 5133 2769 5186 τὸ
2796 5132 2988 5203 μαθεῖν
3011 5132 3179 5201 ἡμᾶς,
3200 5130 3280 5183 ὅτι
3310 5128 3579 5196 ὑγιαίνεις
3604 5133 3694 5183 σὺν
3717 5133 3832 5181 πᾶσι

2280 5230 2394 5290 τοῖς
2428 5227 2790 5297 ὀμολογηταῖς
2821 5226 2918 5278 καὶ
2947 5223 3195 5292 ἀδελφοῖς
3226 5238 3319 5274 σου
3340 5238 3356 5254 ·
3392 5220 3514 5285 πῶς
3545 5220 3696 5293 (Reg.
3723 5224 3828 5275 cod.

2283 5320 2459 5389 πόσης
2548 5318 2776 5390 χαρᾶς]
2834 5319 2937 5370 οὐκ
3006 5315 3073 5369 ἂν
3140 5311 3252 5367 εἷεν
3307 5314 3441 5383 ἡμῖν
3500 5318 3616 5377 τοῖς
3667 5314 3829 5382 ἀμαρ-

2284 5410 2473 5473 τωλοῖς
2517 5412 2692 5481 χαρά·
2741 5408 2833 5463 σοῦ
2873 5408 3107 5478 μάλιστα
3156 5405 3252 5457 τοῦ
3296 5406 3720 5476 κορυφαιοτάτου
3758 5405 3831 5455 εὖ·

2287 5500 2631 5565 σταθοῦντος,
2660 5502 2757 5553 καὶ
2788 5497 3335 5568 συμπεριφερομένου
3369 5498 3448 5567 τῷ
3472 5499 3617 5567 λόγῳ
3639 5497 3831 5562 ἀγάπης

2286 5596 2382 5647 καὶ
2430 5595 2711 5665 φροντίδος
2761 5592 2900 5663 πρὸς
2942 5590 3191 5653 ἅπαντας
3238 5589 3597 5661 θεοπρεπῶςς
3633 5590 3829 5641 Ἔπειτα

2284 5688 2367 5739 ὅτι
2396 5687 2491 5739 καὶ
2521 5687 2549 5737 ὁ
2579 5683 2806 5751 ἀδελφὸς
2842 5682 3117 5753 Ἀδριανὸς
3144 5683 3533 5736 ἀποσέσωσται
3569 5680 3718 5751 μέχρι
3740 5679 3829 5730 τῶν

2289 5775 2499 5843 αὐτόθι,
2538 5774 2840 5847 ἀνείθημεν
2878 5776 2977 5845 τῆς
3022 5775 3318 5846 μερίμνης,
3354 5774 3827 5844 εὐχαριστήσαντες
