3990 6318
102 374 260 441 1277
1347 377 1472 440 ΕΡΙ
1481 380 1731 442 STOLA]

1838 382 1889 442 M
1933 383 2082 446 LIB.
2125 386 2214 447 ΙΙ.
3291 396 3430 461 1278

96 497 186 565 τῷ
225 495 468 567 Κυρίῳ⁸
500 499 549 550 εἰ
588 498 681 551 καὶ
725 500 806 553 ὅτι
853 497 1028 551 εἰσαεὶ
1055 496 1144 550 διὰ
1175 495 1268 550 τὸν
1299 497 1530 567 ἀδελφὸν
1570 497 1724 550 Ἐπι-

1838 505 1881 552 et
1913 509 2093 569 grates
2146 498 2378 554 Domino
2432 501 2690 571 egimus:
2739 518 3059 576 quanquam
3101 523 3318 578 semper
3363 519 3434 567 ob

99 592 342 660 φάνιον,
399 591 543 645 καθά
577 593 964 665 προεδήλωσας
997 591 1336 662 ἐμμέριμνοί
1381 593 1585 663 ἐσμεν,
1628 592 1727 645 καὶΙ

1838 589 2063 646 fratrem
2099 593 2490 662 Epiphaniam,
2545 597 3009 662 quemadmodum
3047 610 3177 653 ante
3211 604 3429 670 signifi-

102 683 560 754 ὲμπαρἀκευοι
627 686 765 756 πρὸς
818 685 1149 756 πειρασμὸν,
1209 685 1600 755 ὑπονοούμενοι
1659 683 1731 738 τὰ

1838 684 1998 745 casti,
2024 684 2243 738 solliciti
2274 695 2328 739 et
2360 687 2509 740 anxii
2543 704 2735 743 sumus
2759 699 2812 743 et
2843 691 2908 743 ad
2945 692 3300 745 tentationem
3335 709 3430 762 pa-

101 774 494 844 ὑφορμῶντα,
536 776 677 829 κατά
709 777 769 828 τὸ
797 777 966 840 εἰκός.
995 777 1144 847 Ὂπη
1193 778 1250 832 δὲ
1266 777 1355 848 ’τῷ
1394 776 1514 847 Θεῴ
1553 776 1730 848 φίλον,

1838 777 1962 841 rati,
1991 777 2240 844 adversa,
2269 789 2327 833 ut
2359 796 2456 848 par
2479 792 2581 845 est,
2616 783 2800 836 animo
2833 795 3249 852 praesumentes.
3285 785 3433 851 Quo-

106 867 303 934 ἐχέτω
371 868 548 921 ταῦτα
601 869 693 922 καὶ
762 870 1002 936 ἀγέσθω
1077 870 1206 937 Τοῖς
1250 870 1528 940 ἀγαπῶσι
1582 870 1731 924 Θεὸν

1838 883 2055 936 cunque
2087 878 2269 922 autem
2339 869 2502 923 modo
2545 870 2656 925 Deo
2699 872 2940 936 libuerit,
2990 876 3185 929 cedant
3235 877 3336 930 ista
3378 888 3432 932 et

116 958 343 1010 πάντα
395 960 684 1028 συνεργεῖ
705 962 793 1026 εἰς
821 960 888 1013 τὸ
917 962 1174 1030 ἀγαθόν’
1205 961 1280 1026 ὥς,
1313 979 1479 1031 φησιν
1517 964 1546 1015 6
1587 961 1732 1033 ἱερὸς

110 1052 313 1120 λόγος.
357 1053 650 1117 Τοιούτους
681 1055 849 1125 ἡμᾶς,
873 1055 1090 1125 ἀδελφὲ,
1120 1057 1425 1127 προσεύχου
1452 1056 1729 1124 γενέσθαι’

105 1146 220 1198 κᾶν
255 1149 493 1217 μακράν
523 1147 693 1216 ἐσμεν
720 1148 829 1200 ἀπὸ
859 1147 994 1201 Θεοῦ
1025 1151 1146 1212 ταῖς
1176 1149 1478 1220 ἁμαρτίαις
1500 1164 1513 1176 ·
1548 1148 1642 1201 καὶ
1669 1148 1730 1201 οὐ

105 1239 568 1311 φοϐηθησόμεθα
614 1242 667 1294 τί
717 1243 1000 1311 ποιήσειεν
1043 1245 1177 1314 ἡμῖν
1210 1243 1519 1312 ἄνθρωπος.
1561 1242 1731 1296 Οὐδὲν

104 1330 206 1387 οὖν
240 1335 523 1399 τοιοῦτον,
573 1331 684 1390 οἷον
709 1330 849 1408 ᾖσας
876 1337 1010 1406 ἡμῖν
1039 1336 1401 1403 καταστέφων
1427 1337 1542 1398 τοῖς
1571 1333 1732 1387 ἐπαί-

105 1443 251 1490 νοις,
289 1428 640 1497 ὑπέστημεν.
676 1429 738 1480 Εἰ
769 1428 828 1481 δὲ
858 1429 953 1482 καί
987 1445 1039 1482 τι
1069 1427 1267 1492 δεξιὸν,
1291 1427 1428 1481 ἀλλὰ
1454 1425 1731 1480 καὶτοῦτο

104 1522 177 1574 δι’
219 1523 383 1592 ὑμᾶς
413 1524 509 1575 καὶ
555 1523 644 1590 ὑφ’
683 1520 873 1591 ὑμῶν’
920 1523 1044 1584 ταῖς
1091 1521 1277 1591 εὐχαῖς
1314 1519 1731 1590 δυναμωθέντες

105 1615 206 1666 καὶ
256 1613 634 1688 ἀξιουθεεντες.⁸
655 1615 753 1684 Εῖη
788 1614 1048 1683 καὶπρὸς
1076 1613 1138 1666 τὸ
1183 1613 1310 1683 ἑξῆς
1341 1613 1402 1666 τὸ
1436 1613 1586 1676 ἕλεος
1631 1609 1728 1665 τοῦ

108 1707 338 1777 Κυρίου
373 1708 460 1776 ἐφ’
506 1708 655 1777 ἡμᾶς
681 1708 808 1772 τοὺς
837 1708 1113 1772 ἀναξίους.
1148 1707 1366 1778 ’Ἢσθην
1395 1708 1479 1760 ὅτι
1508 1721 1724 1775 συμπε-

1837 961 2072 1014 evadant
2105 979 2119 1020 :
2161 962 2510 1031 Diliqcnlibus
2548 964 2713 1018 Deum
2738 967 2919 1020 omnia
2967 980 3325 1036 cooperantur
3374 972 3428 1022 in

1837 1052 2030 1106 bonum
2058 1056 2103 1087 θ’
2129 1096 2143 1120 ,
2178 1065 2236 1110 ιιι
2262 1058 2416 1111 aiunt
2462 1073 2632 1113 sacra:
2677 1062 2904 1129 pagime.
2939 1061 3097 1117 Tales
3136 1080 3235 1118 nos
3288 1065 3426 1133 fieri,

1835 1143 2025 1209 frater,
2061 1161 2226 1201 exora
2261 1167 2273 1201 :
2305 1164 2619 1218 quanquam
2662 1151 2732 1203 ob
2758 1162 2978 1220 peccata
3037 1156 3276 1222 procula
3319 1155 3428 1210 Deo

1835 1239 2140 1294 absumus:
2179 1257 2278 1295 nec
2299 1242 2610 1296 timebimus
2637 1244 2765 1313 quid
2787 1243 3132 1299 faciatnohis
3163 1249 3323 1302 homo
3358 1249 3423 1305 ⁸³.

1831 1328 1979 1384 Nihil
2057 1333 2245 1401 utique
2301 1336 2410 1389 tale
2476 1336 2716 1405 perpessi
2787 1353 2980 1392 smnus
3041 1341 3202 1410 quale
3278 1356 3427 1396 com-

1834 1428 2180 1492 memorasti,
2213 1426 2468 1482 laudibus
2501 1443 2603 1484 nos
2638 1443 2934 1484 exornans.
2994 1431 3051 1484 Si
3087 1432 3214 1500 quid
3242 1442 3422 1488 autem

1833 1525 1921 1573 est
1945 1517 2171 1588 dignum
2217 1520 2396 1587 laude,
2450 1521 2598 1576 istud
2631 1538 2760 1578 vero
2822 1525 3000 1594 ipsum
3039 1536 3264 1595 prOpter
3317 1543 3418 1583 vos

1833 1618 1888 1664 et
1915 1625 1944 1663 a
1982 1611 2141 1665 vobis
2173 1621 2256 1667 est
2289 1631 2300 1666 :
2328 1614 2586 1682 precibus
2619 1617 2817 1670 vestris
2847 1617 3113 1684 rohorati,
3164 1618 3423 1689 digniqne

1834 1702 2003 1757 habiti
2038 1718 2250 1760 sumus.
2283 1703 2505 1759 Utinam
2556 1715 2609 1760 et
2641 1707 2897 1778 deinceps
2945 1707 3211 1763 Dominus
3259 1712 3423 1766 mise-

113 1776 430 1869 ριηνέχθης
460 1776 536 1870 τῇ
558 1801 827 1873 πατρικίᾳ
849 1803 905 1853 ὲν
927 1803 1135 1872 Κυρίῳ,
1156 1802 1250 1854 καὶ
1279 1776 1436 1853 τοῦτο
1456 1800 1523 1852 δι’
1551 1801 1722 1870 ἡμᾶς.

1838 1795 2125 1849 ricordiam
2170 1795 2330 1851 nobis
2379 1797 2506 1851 licet
2560 1798 2799 1866 indignis
2861 1800 3137 1854 exhibeat.
3185 1800 3424 1861 Gavisus

110 1889 229 1941 Καὶ
291 1890 410 1959 γὰρ
470 1890 700 1960 κάκείνη
747 1891 880 1944 αὐτὸ
923 1892 1084 1944 τοῦτό
1139 1908 1228 1962 μοι
1271 1890 1576 1960 δεδήλωκεο
1631 1889 1724 1942 καὶ

112 1983 440 2052 προσετέθη
515 1983 718 2054 μᾶλλον
777 1985 1158 2054 ἀγαθοποιεῖν.
1225 1987 1302 2038 Δι’
1364 1985 1516 2054 ἡμᾶς
1584 1983 1721 2054 ζῇς,

112 2076 360 2145 ἀδελφέ·
397 2076 534 2130 ἀλλά
565 2077 660 2132 καὶ
697 2079 861 2148 ἡμεῖς
906 2080 975 2132 δι’
1026 2080 1194 2148 ὑμᾶς.
1233 2078 1324 2146 Μὴ
1359 2075 1609 2147 θαύμαζε
1643 2077 1723 2129 ὅτι

114 2169 571 2240 κορυὸαντιῶσιν
611 2172 660 2224 oi
697 2171 1154 2242 Χριστοδιῶκται,
1205 2171 1328 2242 μηδ’
1357 2170 1438 2224 ὅτι
1471 2170 1724 2240 ἀνέχεται

114 2263 395 2333 Χριστός.
431 2266 524 2317 Δεί
550 2265 731 2318 πάντα
778 2265 1099 2336 τελεσθῆναι
1119 2282 1135 2298 ο
1184 2265 1272 2319 ἵνα
1304 2266 1400 2318 καὶ
1430 2266 1479 2317 οἱ
1509 2265 1725 2334 δόκιμοι

117 2357 508 2427 φανερώτεροι
553 2357 910 2429 ὲκλάμψωσν
957 2361 1056 2413 καὶ
1093 2361 1143 2412 oi
1176 2361 1508 2430 ἀνομοῦντες
1544 2359 1727 2412 τέλεον

118 2445 469 2499 ἁποτίσωσιν
513 2441 587 2500 ῶν
634 2450 962 2518 εἰργάσαντο
1014 2449 1114 2520 τὴν
1174 2449 1545 2519 ἀντιμισθίαν.
1597 2451 1729 2502 Ἀπ-

120 2537 378 2591 ἑσταλκά
403 2555 484 2591 σοι
509 2538 862 2608 βιϐλιδάκιον,
894 2540 987 2592 καὶ
1009 2538 1276 2610 τετράδας
1297 2539 1725 2608 δεκατέσσαρας·

122 2629 208 2696 ἐφ’
243 2624 328 2690 οἷς
375 2630 487 2682 είσι
534 2629 682 2698 λόγοι
718 2633 812 2684 καὶ
863 2632 967 2701 βίοι
999 2632 1108 2685 τῶν
1150 2632 1398 2699 ἀδελφῶν
1428 2633 1729 2703 ἐμμέτροις

125 2719 342 2789 στίχοις
364 2737 377 2748 ·
413 2721 558 2793 ἅπερ
589 2723 859 2790 ἀναγνοὺς
903 2722 1061 2786 αὑτός
1095 2739 1152 2776 τε
1191 2721 1285 2776 καί
1318 2739 1466 2785 τινες
1491 2721 1602 2776 τῶν
1641 2740 1732 2775 πι-

123 2813 272 2866 στῶν
333 2815 609 2882 ἀδελφῶν,
669 2815 928 2883 ἀσφαλῶς
976 2814 1350 2886 κατάκρυψον.
1413 2815 1580 2868 Οὐδὲν
1636 2811 1730 2868 οὖν

127 2907 291 2969 ποιῶ,
325 2907 551 2975 ἀδελφὲ,
580 2909 730 2974 ἄξιον
762 2907 924 2976 λόγου
944 2925 957 2938 ·
987 2908 1102 2960 ἀλλ’
1133 2909 1324 2980 ἐπειδὴ
1348 2909 1614 2979 εὑκαιρῶ,
1635 2908 1732 2961 καὶ

127 2999 322 3070 ἐπειδὴ
361 3002 637 3069 νύσσομαι
699 3001 775 3064 ὡς
823 3002 928 3054 ὑπὸ
975 3001 1070 3054 τοῦ
1122 3003 1280 3070 ἁγίου
1333 3020 1433 3072 μου
1481 3003 1728 3072 Πατρός·

131 3092 357 3145 ἀκούων
406 3111 464 3161 τε
522 3094 686 3146 πάλιν
752 3095 847 3147 τοῦ
893 3094 1038 3148 θείου
1093 3095 1310 3149 Παύλου
1362 3095 1612 3162 λέγοντος
1652 3096 1731 3165 τῷ

129 3186 277 3255 ἁγίῳ
313 3186 600 3258 Τιμοθέῳ·
635 3187 732 3254 Μὴ
760 3187 969 3256 ἀμέλει
997 3189 1103 3242 τοῦ
1123 3189 1194 3241 ἐν
1216 3188 1316 3242 σοὶ
1337 3160 1730 3258 χαρίσματοᾷ
1762 3165 1804 3221 C

134 3279 211 3340 ὡς
263 3280 489 3346 ἀνάξιος
543 3280 685 3350 μετὰ
725 3281 888 3350 φόϐου
941 3282 1036 3335 καὶ
1085 3283 1290 3352 τρόμου
1324 3282 1464 3334 ποιῶ
1495 3280 1532 3335 ἃ.
1570 3278 1730 3334 ποιῶ.

135 3371 241 3424 Τὸν
273 3373 511 3444 ἀδελφὸν
543 3374 870 3429 Ἀθανάσιον
907 3383 1005 3430 σὺν
1038 3376 1116 3444 τῷ
1143 3377 1530 3445 παροικονόμῳ
1561 3377 1734 3428 ἄσπα-

140 3478 250 3516 σαι.
295 3465 361 3517 El.
411 3467 508 3518 καὶ
572 3467 808 3538 ἔγραψα,
869 3467 944 3532 ὡς
994 3469 1076 3520 ὃτι
1125 3468 1375 3539 εἰσῆλθεν
1431 3470 1460 3521 6
1506 3467 1734 3536 ἀδελφὸς

150 3554 441 3627 Ἀδριανὸς
463 3601 477 3623 ,
514 3560 726 3627 ἀγνοῶν
761 3557 943 3612 εἷπον’
982 3559 1211 3630 ὕστερον
1256 3560 1442 3630 μαθὼν
1470 3561 1551 3612 ὅτι
1579 3559 1734 3613 οὓπω

140 3649 377 3714 ἔφθασεν
436 3653 604 3723 ἡνίκα
672 3654 1010 3716 ἐπέστειλας.
1078 3653 1135 3706 Ὀ
1185 3653 1412 3722 ἀδελφὸς
1464 3652 1730 3716 Νικόλαος

140 3740 374 3796 πλεῖστά
428 3761 489 3797 σε
538 3745 978 3816 προσαγορεύει,
1031 3745 1347 3815 αἰδούμενος
1378 3745 1503 3807 τοὺς
1537 3744 1729 3812 λόγους

144 3850 260 3887 σου.
321 3837 381 3890 Ὀ
429 3838 635 3908 Κύριος
683 3842 823 3909 μετὰ
851 3839 946 3892 τοῦ
975 3838 1290 3910 πνεύματός
1336 3837 1730 3906 σου,.ἀδελφό-

144 3943 280 3980 πατε
289 3945 340 3984 0.

523 4200 641 4256 EB’.
674 4233 734 4245 —
759 4202 1130 4273 Κατήχησις.
1172 4201 1368 4278 [υλς¹.]

1829 1903 1947 1942 smn
1966 1886 2108 1957 quod
2141 1904 2264 1942 eum
2296 1890 2524 1958 patricia
2554 1892 2784 1943 emnitcr
2808 1891 2858 1944 in
2889 1891 3122 1945 Domino
3148 1901 3201 1946 et
3247 1894 3426 1948 indul-

1825 1991 2013 2048 genter
2043 1982 2238 2051 egeris,
2271 1982 2436 2050 idque
2470 1992 2694 2052 propter
2725 2000 2847 2038 nos.
2885 1982 3020 2037 Nam
3063 1995 3117 2039 ct
3161 1987 3251 2039 illa
3291 1987 3426 2042 mihi

1827 2074 1971 2128 istud
1995 2073 2170 2144 ipsum
2192 2076 2518 2145 significavit
2543 2095 2554 2130 :
2581 2077 2932 2146 decrevitque
2957 2079 3080 2147 plus
3106 2079 3265 2133 solito
3291 2081 3426 2135 bene

1827 2165 2038 2221 facere.
2067 2166 2294 2237 Propter
2338 2185 2436 2222 nos
2468 2170 2624 2234 vivis,
2659 2169 2866 2224 frater:
2907 2173 3001 2225 sed
3033 2183 3085 2225 et
3141 2188 3241 2226 nos
3270 2187 3424 2243 aeque

1828 2269 2054 2328 propter
2114 2275 2235 2314 vos.
2295 2260 2417 2315 Noli
2464 2263 2650 2316 mirari
2714 2262 2862 2333 quod
2922 2263 3126 2318 Christi
3169 2279 3423 2333 persecu-

1828 2358 1972 2404 tores
2027 2351 2328 2418 insaniant,
2361 2361 2456 2407 aut
2497 2354 2644 2422 quod
2705 2354 2961 2409 Christus
3011 2356 3209 2410 taeitos
3259 2355 3419 2412 ferat.

1829 2438 2257 2506 Oportetomnia
2271 2446 2641 2506 consummari
2658 2447 2723 2510 Μ’,
2743 2455 2802 2499 ιιι
2820 2448 2911 2516 qui
2938 2447 3147 2516 probati
3167 2459 3294 2503 sunt
3317 2464 3404 2504 ma

1835 2533 2093 2589 nifestius
2135 2533 2401 2603 fulgeant,
2425 2547 2478 2590 et
2510 2537 2681 2607 iniqui
2708 2539 2928 2594 tandem
2966 2555 3152 2595 eorum
3179 2557 3299 2611 qua:
3322 2559 3422 2612 pa-

1835 2627 2032 2680 trarint
2053 2629 2440 2696 pcenaS'luant.
2462 2629 2580 2684 Misi
2609 2632 2672 2685 ad
2696 2642 2744 2685 te
2769 2632 3010 2686 libellum
3038 2642 3092 2687 et
3112 2635 3422 2704 quaternio-

1837 2735 1935 2772 nes
1970 2722 2406 2788 quatuordecim,
2432 2723 2483 2777 in
2509 2725 2709 2793 quibus
2732 2734 2859 2778 sunt
2884 2741 3184 2788 sermones,
3211 2736 3264 2780 et
3288 2725 3423 2784 Vita:

1835 2813 2063 2868 fratrum
2102 2816 2328 2869 metrico
2355 2818 2598 2871 carmine
2633 2837 2645 2872 :
2684 2834 2806 2888 quae
2858 2835 2981 2874 eum
3019 2829 3072 2874 tu
3126 2819 3337 2890 legeris,
3369 2832 3423 2878 et

1835 2921 1864 2958 e
1905 2907 2024 2960 tidis
2083 2905 2347 2961 fratribus
2397 2910 2678 2974 nonnulli;
2737 2911 3022 2979 diligenter
3079 2912 3416 2968 abscondito.

1835 3000 1984 3055 Nihil
2020 3003 2275 3072 equidem
2320 3018 2444 3072 ago,
2489 3001 2675 3066 frater,
2725 3003 2871 3071 quod
2904 3002 3068 3057 ullius
3112 3003 3265 3070 pretii
3314 3004 3416 3058 sit:

1839 3095 1932 3148 sed
1972 3096 2232 3163 quoniam
2264 3095 2395 3148 mihi
2437 3096 2678 3165 suppetit
2708 3095 2881 3148 otium
2910 3135 2922 3160 ,
2963 3110 3026 3149 ac
3056 3095 3218 3149 veluti
3249 3096 3388 3149 exsti

1838 3186 2017 3239 mulor
2052 3202 2080 3239 a
2116 3195 2306 3240 saneto
2348 3185 2504 3240 l’atrc
2533 3202 2678 3252 meo,
2709 3202 3042 3257 rursumque
3085 3187 3248 3241 audio
3279 3187 3419 3240 divi-

1839 3296 1970 3333 num
2004 3279 2232 3332 Paulum
2263 3280 2328 3332 ad
2370 3291 2620 3334 sanctum
2680 3280 3031 3335 Timotheum
3075 3280 3147 3333 ita
3175 3279 3418 3334 scriben-

1837 3382 1944 3426 tem
1981 3390 1994 3425 :
2032 3371 2162 3424 Noli
2200 3373 2457 3442 negligere
2488 3374 2718 3443 gratiam
2749 3389 2865 3443 qua:
2895 3374 2948 3426 in
3001 3382 3048 3426 le
3076 3380 3150 3425 est
3189 3373 3232 3403 ⁸⁵
3261 3389 3275 3438 ;
3303 3381 3419 3425 tan-

1838 3482 2003 3533 quam
2046 3466 2301 3534 indignus
2330 3481 2452 3518 eum
2487 3465 2684 3519 timore
2713 3480 2777 3519 ac
2826 3475 3064 3521 tremore
3107 3465 3245 3519 facio
3297 3478 3416 3533 qua?

1838 3555 2001 3608 facio.
2065 3555 2308 3608 Fratrem
2346 3555 2710 3609 Athanasium
2745 3571 2871 3610 eum
2909 3557 3184 3611 oeconomi
3213 3556 3415 3610 vicario

1836 3650 2034 3702 saluta.
2075 3646 2139 3700 Et
2168 3648 2211 3700 si
2237 3647 2429 3715 scripsi
2474 3649 2696 3700 fratrem
2752 3647 3056 3702 Adrianttm
3091 3650 3191 3702 iter
3235 3644 3416 3701 confe-

1837 3741 2000 3803 cisse,
2056 3742 2314 3809 ignorans
2389 3740 2549 3794 dixi:
2599 3742 2952 3809 postmodum
2995 3743 3232 3796 intellexi
3290 3755 3413 3794 eum

1837 3834 2081 3886 nondum
2112 3832 2428 3902 pervenisse
2464 3847 2590 3886 eum
2619 3833 2685 3886 ad
2744 3849 2830 3886 nte
2882 3835 3176 3904 scripsisti.
3227 3831 3416 3886 Frater

1835 3923 2093 3979 Nicolaus
2115 3925 2405 3993 plurimam
2431 3924 2663 3978 salutem
2695 3924 2859 3990 dicit,
2880 3940 2945 3980 ac
2963 3939 3259 3979 sermones
3292 3933 3414 3975 tuos

1842 4020 2135 4073 admodum
2165 4027 2465 4073 reveretur.
2490 4016 2756 4071 Dominus
2789 4033 2916 4071 cum
2942 4019 3138 4086 spiritu
3170 4027 3284 4081 tuo,
3314 4013 3416 4067 fra-

1843 4121 1926 4167 ter
1975 4113 2048 4166 mi
2085 4127 2149 4166 ac
2178 4122 2349 4182 pater.

2331 4203 2892 4258 LXli.—Catecltesis.

648 4297 688 4347 E
714 4297 1006 4358 Smyrnensi
1030 4313 1255 4360 carcere,
1282 4301 1533 4362 dispersos
1561 4299 1737 4350 fratres
1768 4314 1885 4351 suos
1911 4301 2217 4350 cohortatur.
2254 4299 2456 4360 (Baron.
2484 4312 2566 4346 an.
2588 4297 2698 4355 819,
2719 4302 2769 4345 n'.
2798 4297 2902 4359 22.)

223 4376 423 4447 Πρώην
476 4379 605 4449 ὑμῖν
666 4379 727 4444 ἐξ
786 4382 1144 4434 ’Δνατολικῶν
1199 4384 1732 4452 ἀναγινωσκόμενος,

152 4465 247 4521 νῦν
267 4472 378 4523 ἀπὸ
399 4473 735 4543 Θρᾳκησίων
764 4474 1146 4543 ὲπιφαίνομαι.
1171 4476 1254 4529 Ἐν
1283 4477 1392 4545 γὰρ
1422 4478 1486 4546 τῇ
1512 4475 1732 4547 Σμύρνῃ

157 4559 536 4636 μεθωρίσαντο
576 4569 725 4637 ἡμᾶς
763 4569 813 4620 oi.
849 4569 1109 4638 ἄρχοντες
1148 4568 1240 4620 τοῦ
1281 4570 1476 4631 αἰῶνος
1505 4569 1730 4621 τούτουο

156 4656 246 4707 καὶ
275 4659 481 4728 μᾶλλον
524 4660 621 4728 τῆς
649 4661 926 4729 προτέρας
954 4659 1203 4728 φυλακῆς
1230 4661 1637 4730 ἀσφαλέστερόν
1672 4676 1733 4712 τε

157 4747 248 4798 καὶ
298 4749 826 4821 πειραστικώτερον.
875 4752 1029 4804 Ἀλλ’
1060 4750 1090 4802 ὁ
1123 4752 1305 4819 λόγος
1338 4751 1444 4803 τοῦ
1480 4751 1628 4804 Θεοῦ
1664 4753 1736 4805 οὐ

158 4837 388 4896 δέδεται
410 4860 422 4873 ·
457 4844 569 4896 οὐδ’
597 4846 625 4896 6
650 4843 811 4905 πόθος
842 4844 1078 4914 ἠρεμεῖ,
1118 4843 1238 4895 οὐδὲ
1265 4845 1297 4913 ἡ
1333 4843 1524 4912 ἐντολὴ
1559 4860 1741 4912 παρα-

161 4936 359 5005 σιωπᾷ.
412 4937 517 4989 Διὰ
566 4936 724 4989 τοῦτο
777 4937 804 4988 6
852 4935 1111 4998 ταπεινὸς
1173 4936 1335 4989 πάλιν
1389 4935 1735 5004 φθέγγομαιο

160 5023 386 5096 Χαίρετε
421 5034 483 5084 ὲν
508 5031 718 5100 Κυρίῳ,
749 5029 991 5100 Πατέρες
1019 5029 1113 5081 καὶ
1141 5028 1379 5095 ἀδελφοὶ,
1403 5028 1648 5098 χαίρετε,
1689 5029 1738 5080 οί

160 5114 506 5190 δεδιωγμένοι
535 5123 720 5174 ἕνεκεν
751 5120 1097 5188 δικαιοσύνης
1116 5135 1128 5146 ·
1150 5119 1393 5191 χαίρετε,
1424 5119 1472 5171 oi
1503 5123 1559 5171 ὲν
1587 5119 1740 5189 ὄρεσι

166 5210 254 5261 καὶ
306 5216 595 5285 σπηλαίοις
636 5214 1074 5284 ἐνδιαιτώμενοι·
1119 5212 1254 5267 ἀλλὰ
1299 5214 1405 5283 μὴν
1441 5214 1534 5265 καὶ
1588 5215 1637 5266 οἱ
1683 5214 1741 5267 ἐν

167 5302 369 5369 πόλεσι,
413 5309 513 5360 καὶ
568 5309 1000 5377 ὲρημικωτέροις
1047 5307 1236 5367 τόποις
1277 5306 1738 5377 κρυπταζόμενοι.

167 5391 228 5443 Εἰ
272 5395 379 5467 γὰρ
438 5400 671 5451 πάντοτε
723 5399 835 5452 δεῖν
882 5401 1030 5469 ἡμᾶς
1080 5399 1291 5466 χαίρειν
1341 5399 1742 5467 ἐπιτέτραπται

170 5488 315 5558 παρὰ
355 5491 431 5562 τῷ
472 5492 813 5565 Ἀποστόλῳ’
865 5495 1017 5547 πόσιν)
1049 5510 1111 5560 γε
1147 5492 1344 5562 μᾶλλον
1386 5494 1531 5562 ἄρτι,
1578 5494 1742 5546 ὁπότε

173 5579 307 5651 ὑπερ
351 5585 588 5656 Χριστοῦ
621 5587 691 5640 τὰ
735 5587 1040 5657 παθήματα
1073 5585 1167 5637 τοῦ
1209 5585 1622 5655 ἐγγραφομένου
1664 5585 1741 5654 τῷ

173 5670 357 5726 πίνακι
380 5690 394 5707 ⁸
429 5675 525 5729 τοῦ
556 5677 960 5747 ὲμφαινομένου
1004 5677 1062 5727 ὲν
1105 5677 1171 5745 τῇ
1202 5676 1378 5746 οἰκεία
1412 5675 1614 5727 εἰκόνιο
1647 5673 1744 5726 τοῦ

244 5784 288 5856 ff
323 5787 477 5845 Rom.
510 5807 625 5856 vui,
657 5790 748 5846 ‘28.
825 5793 870 5824 “
900 5792 1046 5846 Psal.
1100 5803 1243 5846 cxvtt
1270 5831 1284 5856 ,
1319 5791 1373 5846 6.
1449 5788 1494 5822 ⁸⁸
1525 5789 1546 5842 1
1614 5788 1741 5844 Cor.
1776 5803 1853 5856 XI,
1887 5788 1974 5843 19.

183 5850 418 5916 "Matth.
456 5881 538 5931 ιιι,
573 5850 658 5919 ιθ.
734 5863 778 5897 ⁸⁸
805 5862 824 5916 Ι
853 5862 1051 5919 Thess.
1074 5875 1126 5924 γ,
1158 5863 1240 5916 16.

1913 4385 2096 4456 Nuper
2148 4400 2179 4438 a
2211 4383 2363 4437 vobis
2392 4382 2565 4436 lectus
2594 4397 2658 4434 ex
2688 4379 2932 4443 Oriente,
2971 4396 3118 4435 nunc
3146 4395 3210 4434 ex
3243 4379 3416 4434 Thra-

1841 4477 1923 4532 cia
1992 4477 2263 4531 advenio.
2325 4475 2613 4545 Smyrnam
2655 4473 2800 4526 enim
2866 4487 2966 4528 nos
3026 4474 3417 4528 transtulerunt

1841 4571 2118 4640 principes
2169 4568 2356 4622 szcculi
2403 4568 2590 4636 hujus,
2631 4576 2683 4620 et
2716 4565 2922 4620 arctius
2960 4581 3118 4635 qnam
3165 4566 3217 4618 in
3249 4565 3414 4636 priori

1842 4676 2060 4714 carcere
2115 4659 2470 4725 severiusque
2531 4655 2869 4710 custodiunt.
2921 4653 3023 4707 Sed
3057 4657 3266 4708 verbum
3319 4653 3416 4706 Dei

1842 4768 1945 4804 non
1974 4763 2050 4805 est
2101 4750 2382 4819 alligatum
2412 4750 2458 4779 ⁸⁸
2487 4787 2502 4811 ,
2539 4761 2639 4800 nec
2694 4749 2925 4814 quiescit
2974 4764 3147 4814 amor,
3182 4763 3280 4800 nee.
3339 4746 3416 4799 si-

1839 4846 1914 4898 let
1948 4845 2288 4898 mandatum.
2330 4841 2622 4910 Propterea
2659 4839 2880 4894 humilis
2922 4841 3117 4893 iterum
3182 4841 3411 4904 loquor:

1845 4935 2087 4990 Gaudete
2115 4935 2167 4986 in
2203 4933 2456 4996 Domino,
2487 4931 2677 4985 Patres
2708 4940 2762 4983 et
2787 4929 2982 4984 fratres
3018 4947 3031 4983 :
3068 4931 3294 4997 gaudete
3323 4927 3414 4995 qni

1842 5029 2278 5101 persecutionem
2311 5036 2531 5094 propter
2549 5023 2822 5092 justitiam
2880 5023 3123 5091 patimini
3161 5020 3203 5051 δ’
3233 5037 3246 5073 :
3281 5033 3414 5087 gau-

1844 5125 1965 5176 dete
2018 5119 2110 5189 qui
2139 5119 2190 5171 in
2216 5116 2494 5170 montibus
2521 5125 2572 5168 et
2611 5114 2889 5182 speluncis
2937 5110 3267 5166 versamini:
3319 5108 3412 5162 sed

1841 5223 1895 5268 et
1939 5214 2030 5282 qui
2067 5214 2117 5264 in
2149 5211 2397 5272 urbibus,
2432 5217 2485 5261 et
2515 5207 2605 5276 qui
2644 5206 3039 5260 desertiorihus
3074 5205 3126 5256 in
3167 5202 3414 5256 locisab-

1841 5309 1937 5362 diti
1984 5307 2180 5359 latetis.
2232 5305 2286 5358 Si
2308 5305 2451 5357 enim
2484 5317 2698 5371 semper
2728 5301 2960 5371 gaudere
3007 5313 3106 5351 nos
3164 5304 3414 5364 oportere

1844 5400 2056 5454 monuit
2087 5398 2385 5466 Apostolus
2413 5398 2458 5428 ⁶⁸
2491 5415 2504 5459 ;
2530 5404 2735 5465 quanto
2769 5393 2939 5462 magis
2966 5407 3112 5445 nunc
3147 5405 3269 5443 cum
3316 5403 3412 5458 pro

1843 5491 2061 5546 Christo
2096 5489 2364 5559 patimini,
2397 5490 2488 5556 qui
2528 5487 2579 5545 in
2620 5486 2798 5537 tabula
2829 5484 3074 5551 depictus
3114 5490 3216 5542 est,
3240 5480 3330 5548 qui
3360 5479 3415 5530 in

1844 5585 2080 5652 imagine
2131 5598 2226 5636 sua
2256 5583 2518 5643 cernitur,
2575 5577 2668 5644 qui
2727 5591 2820 5642 per
2874 5589 2995 5626 eam
3067 5569 3415 5624 honoratur?

1845 5675 1963 5729 Non
2012 5689 2129 5729 mea
2173 5681 2301 5728 sunt
2347 5669 2535 5725 miseri
2579 5666 2815 5721 hominis
2863 5667 2978 5718 haec
3029 5665 3239 5722 verba:
3278 5664 3415 5716 Dio-

2087 5782 2353 5838 "lTim.
2410 5795 2502 5847 tv,
2562 5778 2647 5834 M.
2761 5779 2806 5811 ⁶⁶
2857 5777 2897 5832 ll
2947 5776 3091 5832 Tim.
3177 5790 3238 5831 ιι.
3309 5774 3343 5829 9
