3990 6318
534 282 674 349 1279

1722 282 1786 345 S.
1823 284 2223 347 THEODORI
2266 282 2618 346 STUDITA‘.l

3707 273 3867 340 1230

524 394 669 465 nysii
697 390 1091 462 sapientissimi
1125 401 1276 456 sunt,
1310 400 1366 447 et
1404 390 1588 461 magni
1620 390 1832 449 Basilii.
1862 392 1973 449 Nec
1999 392 2112 464 jam

2237 392 2537 462 ῖιμωμένου
2567 390 2637 445 δι’
2667 389 2877 461 αὑτῆς;
2921 387 3015 459 Μὴ
3044 389 3154 462 γάρ
3191 386 3305 459 ὲμά
3332 387 3403 442 τὰ
3455 388 3709 459 ῥήματα
3755 404 3861 439 του

522 494 741 553 tempus
768 495 853 541 est
880 486 1109 541 aliorum
1139 496 1457 541 sanctorum
1481 486 1783 542 sententias
1814 488 1899 541 his
1922 487 2118 543 litteris

522 592 816 647 apponere.
851 578 1014 638 Audi,
1042 578 1248 640 (mlunt,
1273 589 1320 631 et
1350 577 1570 632 auribus
1619 580 1846 649 percipe,
1878 590 2020 635 terra
2047 581 2114 633 ".

524 668 685 723 Moab
714 670 939 739 sprevit,
972 669 1271 740 Byzantina
1342 672 1515 741 regio,
1573 652 1787 729 scilicet
1835 673 2121 744 Evangeli-

523 776 647 816 cum
680 762 867 830 iugum
902 764 1147 817 excussit
1178 779 1191 826 ;
1230 764 1378 818 velut
1411 764 1580 819 vitula
1606 766 1908 829 insaniens,
1950 767 2119 823 habe-

525 867 626 907 nas
655 851 995 910 detrectavit.
1030 853 1161 911 Vias
1191 864 1315 911 tuas
1349 859 1494 913 scire
1528 859 1677 927 nolo,
1710 858 1868 915 factis
1906 862 2121 917 verbis-

525 958 633 1012 que
683 945 1063 1012 pronuntiavit
1098 948 1144 979 '°
1182 987 1195 1000 .
1236 949 1613 1021 Corybantum
1679 967 1831 1009 more
1888 954 2117 1025 agitur:

524 1038 733 1091 insanit
767 1041 1129 1109 :sanguinem
1162 1041 1301 1097 bibit
1327 1052 1389 1097 ut
1431 1044 1600 1099 lczena
1628 1060 1643 1099 :
1689 1054 1749 1101 ut
1774 1046 1929 1118 aspis
1957 1063 2121 1105 aures

526 1130 784 1187 obturat:
819 1134 1152 1202 reprehensa
1186 1134 1513 1191 reluctatur.

597 1410 761 1466 Venit
820 1410 885 1464 ad
932 1426 1054 1466 eam
1096 1426 1203 1467 vox
1276 1411 1697 1468 commonitoria
1758 1413 2124 1469 velutecatlo

530 1506 725 1565 missa.
774 1520 805 1559 a
845 1520 1128 1575 supremo,
1160 1521 1189 1560 a
1228 1506 1477 1560 Ruinano
1523 1505 1931 1571 tltrononuid
1991 1506 2125 1562 feci-

529 1597 600 1652 sti
636 1597 659 1649 ?
687 1597 933 1652 clamans
962 1614 978 1664 ;
1012 1596 1290 1652 Christum
1334 1597 1565 1668 negasti,
1595 1596 1797 1653 Christi
1853 1604 2127 1671 abrogans

532 1685 848 1757 imaginem;
883 1687 1146 1756 Deiparte,
1174 1698 1228 1741 et
1277 1700 1592 1741 sanctorum
1642 1688 1913 1743 omnium.
1961 1692 2128 1760 Aperi

2220 483 2465 555 οἰκτροῦ·
2497 483 2780 537 Διονυσίου
2807 483 2903 537 τοῦ
2932 483 3239 553 πανσόφου,
3270 482 3366 536 καὶ
3399 479 3718 534 Βασιλείου
3758 478 3857 531 τοῦ

2224 577 2489 648 μεγάλου.
2524 576 2633 629 Καὶ
2653 575 2807 629 οὔπω
2840 577 3033 646 καιρὸς
3070 576 3180 629 τῶν
3208 574 3386 628 ἄλλων
3411 572 3722 643 θεοφόρων
3752 573 3861 634 τὰς

2224 672 2452 741 χρήσεις
2479 670 2723 737 εἰσάγειν
2752 671 2810 721 ὲν
2839 670 2975 737 τῷδε
3001 669 3078 738 τῷ
3104 671 3416 740 γράμματι.
3450 668 3709 731 Ἄκουε,
3743 668 3857 719 01b-

2213 764 2385 833 ρανὲ.
2405 764 2503 817 καὶ
2530 762 2827 824 ἐνωτίζου,
2862 761 2957 831 γῆ.
2987 763 3161 816 Μωάὗ
3182 762 3472 831 ὴθέτησεν,
3494 762 3529 829 ἡ
3557 760 3857 825 Βυζαντὶς

2223 857 2499 926 δηλονότι⁶
2550 855 2643 908 τὸν
2686 853 3045 922 εὐαγγελικδν
3088 856 3254 922 ζυγὸν
3309 855 3658 908 ἀπεσείσατο
3686 870 3705 882 ·
3777 852 3853 914 ὡς

2223 951 2459 1020 δάμαλις
2491 947 2881 1021 παροιστρῶσα
2910 947 3238 1018 ὴφηνίασεν.
3273 947 3463 1010 Ὀδούς
3492 964 3594 1000 σου
3626 946 3855 998 εἰδέναι

2221 1045 2282 1096 οὺ
2312 1041 2593 1111 βούλομαι.
2613 1039 3021 1113 πραγματικῶς
3046 1055 3107 1091 τε
3141 1039 3237 1093 καὶ
3252 1038 3495 1106 λογικῶς
3531 1038 3852 1107 ἀπεφθέγ-

2226 1133 2376 1199 ξατο.
2438 1132 2818 1204 Κορυσαντιᾷ,
2856 1132 3137 1202 μαίνεται,
3172 1133 3468 1200 αίμοποτεῖ
3490 1130 3574 1195 ὡς
3599 1130 3851 1184 λέαινασ

2224 1227 2301 1291 ὡς
2347 1226 2516 1289 ἀσπὶς
2560 1223 2688 1296 μύει
2734 1223 2834 1289 τὰς
2882 1222 3077 1288 ἀκοὰς,
3137 1222 3479 1293 ἐλεγχομένη
3524 1222 3855 1276 tia-tortari:-

2228 1334 2405 1371 σεται.

2298 1405 2477 1465 Ἷικεν
2504 1410 2643 1481 αὐτῇ
2683 1409 2836 1479 φωνὴ
2881 1406 3267 1479 ὕπομνηστικὴ
3307 1405 3385 1470 ὡς
3414 1406 3512 1460 ἀπ’
3562 1404 3849 1475 οὐρανοῦ,

2226 1506 2291 1559 ὲκ
2318 1504 2414 1559 τοῦ
2450 1505 2907 1577 κορυφαιοτάτου,
2942 1505 3007 1557 ἐκ
3036 1502 3132 1554 τοῦ
3145 1500 3464 1571 Ῥωμαϊκοῦ
3491 1498 3703 1571 θρόνου
3731 1515 3746 1527 ·
3780 1499 3850 1552 Τί

2227 1598 2547 1669 πέπραχας;
2604 1597 2803 1668 βοῶσα.
2840 1595 3076 1668 Χριστὸν
3119 1594 3388 1667 ἠρνησαι,
3430 1592 3690 1663 Χριστοῦ
3745 1592 3850 1662 τὴν

2228 1689 2417 1744 εἰκόνα
2451 1688 2743 1755 άθετοῦσα,
2779 1687 2880 1758 τῆς
2895 1687 3187 1751 Θεοτόκου,
3215 1686 3324 1739 τῶν
3358 1685 3587 1739 πάντων
3619 1684 3833 1754 ἀγίων.

531 1780 875 1841 obedientem
901 1796 1111 1845 aurem,
1133 1780 1260 1835 audi
1289 1781 1623 1851 evangelica,
1650 1781 1972 1851 apostolica,
2007 1797 2132 1852 pro.

2239 1780 2483 1846 Ἀνοιξον
2510 1781 2739 1850 εὐήκοον
2764 1776 2857 1844 οὖς
2875 1796 2890 1810 ⁶
2908 1778 3164 1833 ἐνώτισαι
3186 1779 3377 1847 λόγους
3399 1777 3844 1846 εὐαγγελικοὺς,

533 1874 773 1943 phetica,
805 1884 1027 1944 paterna
1087 1873 1378 1928 verba..Et
1414 1888 1522 1928 non
1567 1873 1812 1937 admisit,
1849 1889 1959 1929 non
1999 1891 2124 1930 sus-

533 1970 677 2040 cepit
702 1987 714 2022 :
735 1970 829 2024 sed
857 1968 1094 2023 avellens
1127 1968 1361 2037 seipsam
1393 1983 1423 2021 a
1459 1968 1614 2037 quini
1645 1969 1867 2024 verticis
1894 1984 2125 2039 corpore

537 2063 835 2130 Ecclesiae;
868 2061 1312 2132 quandoquidem
1367 2061 1671 2115 etiamnum
1709 2061 1844 2116 vivit
1880 2072 1937 2117 et
1962 2061 2124 2118 Nice-

536 2156 746 2226 phorns
774 2168 962 2221 sacer;
1002 2154 1267 2209 adversus
1304 2155 1948 2225 Deum.omnipotcntem
2001 2170 2125 2211 cer-

537 2248 686 2303 vices
738 2248 917 2317 erigit,
951 2246 1173 2302 Christo
1220 2247 1511 2311 insultans,
1558 2258 1749 2303 sancta
1774 2249 2123 2319 proculcans.

538 2339 692 2395 Talia
739 2348 870 2395 sunt
941 2339 1063 2409 ejus
1130 2338 1399 2407 facinora,
1444 2356 1477 2394 ο
1525 2340 2003 2397 desideratissimi.
2060 2341 2130 2397 Et

538 2435 826 2489 nobiscum
860 2433 1020 2497 Deus,
1052 2432 1267 2496 Oriens,
1295 2432 1582 2498 Occidens,
1617 2436 1836 2505 Aquilo,
1866 2452 2036 2491 mare.
2065 2438 2127 2492 In

544 2525 629 2580 his
657 2526 913 2596 gaudium
942 2544 955 2580 :
985 2526 1068 2580 sin
1097 2526 1277 2581 luctus
1306 2527 1493 2593 etiam,
1526 2538 1747 2597 propter
1770 2543 1867 2584 eos
1886 2528 1979 2597 qui
2001 2544 2128 2598 per-

540 2628 694 2673 eunt.
742 2618 857 2689 Age
891 2633 1021 2689 ergo
1051 2627 1193 2673 state
1222 2617 1411 2683 fortes,
1454 2620 1626 2689 gratis
1669 2620 1868 2675 animis
1901 2622 2001 2676 has
2030 2636 2129 2691 pro

544 2710 763 2765 Christo
820 2726 1125 2775 aerumnas,
1174 2712 1332 2782 quasi
1397 2713 1721 2778 thesauros,
1772 2712 2127 2783 abripientes.

543 2804 720 2870 Quam
776 2813 1145 2876 opportunum
1195 2815 1411 2877 tempus
1462 2808 1836 2873 certantibus,
1891 2808 2134 2863 suaviter

547 2898 789 2967 spirans,
840 2897 1137 2968 unguentis
1187 2898 1601 2954 tribulationum
1659 2898 1912 2970 fragrans
1966 2916 2133 2969 supra

545 2993 733 3045 omnia
768 2992 1054 3044 aromata!
1086 2989 1232 3044 Fluit
1260 3001 1563 3062 martyrum
1602 2993 1827 3061 sanguis
1853 2996 1907 3048 in
1942 2982 2132 3048 Eccle-

547 3083 710 3145 siam,
745 3084 980 3153 irrigans
1010 3098 1132 3138 eam
1162 3084 1300 3139 ultra
1338 3100 1502 3155 quam
1547 3085 1711 3140 Edent
1752 3087 2127 3157 quadruplicis

2226 1874 2659 1939 ἀποστολικοὺς,
2723 1874 3137 1945 προφητικοὺς,
3196 1871 3521 1942 πατρικούς.
3596 1871 3721 1925 Καὶ
3780 1872 3844 1924 οὐ

2226 1956 2565 2040 προσήκατο,
2607 1966 3004 2031 οὐχ’ὲδέξατο·
3058 1965 3196 2020 ἀλλὰ
3241 1964 3591 2035 διαρῤήξασα
3624 1964 3845 2033 ἑαυτὴν

2225 2061 2322 2115 τοῦ
2356 2060 2773 2131 πεντακορύφου
2807 2058 3061 2129 σώματος
3092 2058 3193 2127 τῆς
3222 2057 3558 2126 Ἐκκλησίας
3580 2072 3593 2086 ·
3634 2056 3843 2127 ἐπειδὴ

2227 2152 2308 2205 ἔτι
2338 2153 2403 2223 ζῇ
2431 2152 2526 2204 καὶ
2560 2150 2875 2223 Νικηφόρος
2915 2151 2945 2203 6
2978 2149 3120 2221 ἱερός
3141 2164 3154 2178 ⁸
3188 2148 3463 2219 τραχηλιᾷ
3507 2147 3659 2201 κατά
3691 2146 3840 2200 Θεοῦ

2227 2246 2705 2315 παντοκράτοροςο
2773 2243 3137 2314 ὲνυὸρίζουσα
3168 2242 3422 2311 Χριστὸν,
3462 2241 3729 2294 πατοῦσα
3770 2242 3842 2294 τὲ

2228 2341 2382 2407 ἀγια.
2414 2337 2651 2391 Τοιαῦτα
2683 2335 2751 2389 τά
2792 2336 2927 2406 παρ’
2960 2334 3133 2404 αὐτῆς
3158 2374 3173 2398 ,
3222 2328 3268 2387 ὧ
3315 2334 3672 2404 τριπόθητοι.
3724 2334 3842 2387 Καὶ

2232 2431 2352 2502 μεθ’
2383 2430 2539 2503 ἡμῶν
2562 2433 2589 2483 6
2611 2429 2765 2497 Θεὸς,
2783 2428 3068 2499 Ἀνατολὴ.
3095 2427 3279 2490 Λύσις,
3306 2427 3511 2499 Βοῤῥά,
3548 2428 3837 2480 θάλασσα.

2241 2525 2331 2579 Ἐν
2383 2524 2675 2594 τούτοιςή
2720 2523 2898 2594 χαράο
2940 2524 2990 2576 εί
3037 2521 3096 2575 δὲ
3135 2522 3231 2575 καὶ
3280 2520 3499 2593 θρῆνος,
3546 2522 3643 2574 διὰ
3702 2522 3838 2585 τοὺς

2231 2618 2663 2687 ἀπολλυμένους.
2698 2614 2869 2686 Δεῦρο
2896 2616 2961 2685 δὴ
2996 2614 3162 2684 στῆτέ
3197 2631 3288 2684 μοι
3334 2616 3580 2683 γενναῖοι
3602 2656 3617 2677 ,
3659 2615 3839 2685 εὐχά-

2235 2726 2430 2781 ριστοι,
2459 2708 2798 2777 ἁρπάζοντες
2829 2706 2899 2759 τὰ
2922 2707 3064 2777 ὑπὲρ
3090 2704 3327 2774 Χριστοῦ
3362 2706 3675 2777 παθήματα
3697 2748 3715 2768 ,
3758 2709 3837 2771 ὡς

2234 2800 2682 2869 θησαυρίσματα.
2702 2793 2827 2861 Οἷος
2852 2800 2880 2851 6
2905 2799 3094 2869 καιρὸς
3123 2798 3326 2866 ἀγαθὸς
3349 2800 3490 2870 πρὸς
3516 2802 3647 2862 τοὺς
3683 2801 3834 2868 ἀγω-

2234 2892 2573 2962 νιζομένους,
2621 2889 2913 2961 ἡδύπνους,
2986 2891 3232 2962 μυρίζων
3280 2892 3349 2944 τὰ
3397 2890 3835 2960 ἀθλοφορήματα

2236 2988 2378 3059 ὑπὲρ
2406 2988 2584 3041 πάντα
2609 2987 2679 3040 τὰ
2711 2985 2985 3058 ἀρώματα
3016 2988 3029 3040 ι
3068 2982 3217 3055 Αἷμα
3246 2988 3332 3055 ῥεῖ
3359 2986 3707 3056 μαρτυρικὸν
3741 2988 3835 3039 ἐπὶ

2235 3081 2337 3152 τὴν
2376 3081 2726 3149 Ἐκκλησίαν,
2760 3080 3128 3151 ἄρδοναύτὴν
3158 3080 3298 3150 ὑπὲρ
3335 3079 3495 3149 Ἰ-Σδὲμ
3533 3072 3833 3149 ὲκ’τετρα-

549 3168 791 3225 llutninis
816 3170 965 3226 fonte
1004 3170 1303 3241 perfusam.
1339 3173 1622 3227 Accedunt
1654 3184 1957 3241 martyrum
1981 3174 2131 3228 chori

2238 3174 2487 3243 ποτὰμου
2515 3175 2724 3245 κρήνης
2749 3174 3138 3244 ποτιουμὲνην.
3166 3173 3561 3245 Προστίθενται
3596 3174 3649 3225 οἱ
3674 3174 3833 3243 χοροὶ

550 3262 644 3331 qni
697 3264 845 3317 omni
893 3274 1050 3319 aetate
1106 3264 1375 3320 fuerunt:
1423 3281 1544 3334 qua:
1583 3265 1712 3320 olim
1752 3266 2135 3322 confessorum

551 3354 836 3411 felicitates
894 3358 1350 3428 prredicabantur,
1396 3373 1544 3411 nunc
1590 3358 1765 3412 oculis
1815 3367 2134 3413 cernuntur.

551 3450 635 3502 An
682 3449 848 3519 igitur
879 3467 985 3504 non
1034 3451 1260 3507 festines
1290 3452 1354 3505 ad
1398 3461 1673 3505 certamen
1722 3452 1837 3506 haec
1883 3452 2133 3516 audiens,

551 3541 835 3597 fastidiens
852 3553 1188 3611 montanam,
1222 3552 1316 3598 aut
1341 3543 1566 3607 deserti,
1591 3552 1683 3598 aut
1703 3545 2139 3614 qualemcunque

551 3635 1013 3689 oecultationem?
1051 3640 1301 3691 Attamen
1346 3652 1507 3690 mane
1557 3637 1647 3691 ubi
1712 3652 1771 3691 es
1803 3655 1814 3690 :
1852 3637 2022 3692 habes
2084 3646 2139 3690 ct

552 3738 609 3783 tu
641 3728 1030 3784 beatitudinem
1053 3731 1349 3801 ingentem.
1385 3730 1513 3795 Ora,
1547 3740 1602 3785 et
1633 3731 1795 3785 lauda
1821 3732 2136 3797 beatiores;

554 3833 783 3892 percute
814 3823 945 3877 mihi
978 3823 1420 3893 inaspectabilem
1452 3824 1747 3878 draconem
1774 3842 1788 3885 ;
1818 3823 2027 3878 debella
2058 3824 2140 3876 in-

554 3916 813 3970 testinum
871 3918 1053 3971 carnis
1114 3917 1354 3981 bellntn;
1392 3916 1569 3969 vincat
1626 3918 1873 3985 spiritus,
1939 3916 2143 3970 serviat

553 4019 756 4074 corpus
797 4022 810 4057 :
844 4014 902 4057 ut
949 4006 1195 4058 libertate
1252 4003 1464 4057 fruatur
1495 4005 1676 4058 anima
1708 4017 1965 4073 tanquam
2010 4004 2137 4057 hera

556 4114 618 4152 ac
673 4098 918 4161 domina,
965 4113 1151 4166 pacem
1196 4096 1403 4151 habens
1436 4112 1559 4150 rum
1597 4097 1729 4167 Deo,
1778 4096 1891 4150 Hoc
1923 4096 1969 4153 si
2002 4096 2095 4150 fiat
2124 4138 2137 4163 ,

555 4190 937 4259 quotidianum
970 4188 1317 4259 martyrium,
1351 4203 1381 4242 a
1422 4186 1535 4243 Deo
1566 4197 1725 4242 textae
1752 4188 1995 4244 corollae.

2238 3269 2348 3322 τῶν
2381 3269 2476 3321 ἀπ’
2516 3268 2712 3330 αἰῶνος
2741 3266 3066 3338 μαρτύρων’
3099 3266 3210 3319 τῶν
3232 3266 3588 3337 ὀμολογητῶν
3616 3271 3685 3319 τά
3723 3269 3831 3318 πά-

2240 3359 2328 3414 λαι
2366 3361 2805 3429 μακαριζόμενα,
2840 3362 2898 3412 ὲν
2918 3358 3219 3430 ὀφθαλμοῖς
3236 3359 3331 3412 νῦν
3352 3360 3712 3430 ὁρᾶται.”Δρ“
3740 3355 3830 3412 οὖν

2240 3454 2340 3507 οὐκ
2373 3455 2572 3527 ἐπείγῃ
2593 3455 2729 3524 πρὸς
2749 3453 2847 3523 τὴν
2872 3452 3100 3521 ἄθλησιν
3131 3455 3159 3506 6
3185 3452 3422 3515 ἀκούων,
3452 3451 3830 3521 δυσχεραίνων

2239 3546 2340 3616 τὴν
2364 3547 2601 3616 ὀρεινὴν,
2629 3546 2661 3615 ἢ
2693 3544 2790 3615 τὴν
2824 3545 3085 3616 ἐρημίαν,
3115 3545 3150 3615 ἢ
3177 3544 3273 3615 τὴν
3295 3544 3545 3597 ὁπωσοῦν
3578 3561 3829 3614 κρυπτα-

2237 3636 2389 3703 δίαν;
2430 3637 2571 3690 Ἀλλ’
2599 3638 2750 3706 ὅμως
2794 3637 2921 3707 μένε
2966 3638 3023 3688 ὲν
3055 3629 3137 3698 οἷς
3172 3631 3264 3688 ἐἷ’
3316 3634 3460 3705 ἔχεις
3498 3636 3593 3689 καὶ
3630 3639 3694 3690 σὺ
3736 3638 3830 3691 τὸν

2245 3728 2601 3798 μακαρισμὸν
2647 3728 2855 3797 ἡλίκον.
2897 3725 3251 3797 Προσεύχου,
3298 3728 3396 3780 καὶ
3446 3728 3665 3782 ἐπαίνει
3703 3732 3829 3794 τοὺς

2241 3823 2755 3894 πλεομακαρίστους
2773 3842 2786 3852 ·
2829 3823 2989 3892 βάλλε
3020 3840 3111 3893 μοι
3138 3823 3231 3876 τὸν
3260 3823 3494 3891 ἀόρατον
3524 3822 3823 3893 δράκοντα·

2241 3918 2413 3987 τρέπε
2444 3934 2534 3985 μοι
2561 3917 2653 3970 τὸν
2685 3916 2948 3985 ἐμφύλιον
2979 3916 3080 3984 τῆς
3114 3915 3316 3985 σαρκὸς
3350 3916 3823 3985 πόλεμον-νικάτω

2242 4011 2303 4062 τὸ
2365 4009 2617 4078 πνεῦμα·
2672 4008 2945 4061 δουλούτω
2994 4008 3057 4061 τὸ
3106 4008 3296 4076 σῶμα·
3356 4007 3433 4070 ὠς
3478 4008 3545 4061 ἂν
3596 4010 3631 4079 ἡ
3680 4010 3823 4079 ψυχὴ

2246 4099 2641 4169 ἐλευθεριάζει,
2674 4103 2708 4170 ἡ
2741 4100 2907 4170 κυρία
2945 4098 3041 4152 καὶ
3074 4100 3354 4161 δέσποινα,
3382 4100 3608 4171 εἰρήνην
3630 4101 3820 4169 ἔχουσα

2247 4193 2383 4264 πρὸς
2412 4194 2503 4246 τὸν
2531 4193 2684 4245 Θεόν.
2724 4193 2850 4246 Ἐὰν
2878 4191 3047 4257 οὕτω,
3097 4190 3400 4262 μαρτύριον
3440 4192 3820 4264 καθεκάστην·

2250 4286 2506 4353 στέφανοι
2538 4284 2847 4337 θεόπλοκοι.

631 4371 708 4426 De
738 4372 896 4425 nobis
924 4372 1303 4442 peccatoribus
1338 4389 1404 4427 ne
1437 4372 1557 4427 sitis
1584 4373 1751 4436 anxii,
1780 4373 1927 4435 licet,
1952 4370 2133 4426 audie-

2322 4374 2456 4443 Περὶ¹
2509 4375 2668 4445 ἡμῶν
2700 4373 2825 4427 τῶν
2885 4372 3230 4445 ἁμαρτωλῶν
3281 4376 3358 4444 μὴ
3410 4373 3669 4428 ἀνιᾶσθε·
3723 4377 3823 4431 κάν

558 4462 681 4516 ritis
706 4470 761 4516 et
788 4476 887 4515 nos
917 4459 1143 4529 ﬂagellis
1181 4476 1355 4516 caesos
1396 4462 1591 4515 iterum
1652 4460 1844 4516 fuisse.
1897 4460 2147 4515 Tulimus

560 4569 663 4622 ope
692 4564 991 4608 veStrarum
1022 4567 1241 4621 precum
1301 4567 1424 4608 cum
1457 4552 1754 4621 gratiarum
1789 4553 2027 4618 actione,
2058 4551 2145 4605 hi-

562 4647 749 4700 lariter
785 4663 799 4699 :
835 4646 939 4700 etsi
976 4645 1233 4699 diuturna
1284 4661 1392 4698 non
1438 4647 1539 4699 fuit
1590 4646 1865 4700 acerbitas
1914 4646 2143 4699 doloris.

562 4738 799 4792 Tantum
846 4753 913 4791 ne
958 4748 1178 4792 sanctas
1228 4754 1422 4792 manus
1452 4748 1660 4792 vestras
1689 4738 1979 4792 extendere
2026 4753 2148 4792 ces-

562 4834 701 4881 sate.
738 4824 1037 4893 Speramus
1068 4826 1211 4878 enim
1259 4825 1511 4895 quamvis
1546 4825 1699 4877 valde
1732 4825 2051 4889 imbecilles,
2080 4826 2146 4879 de

560 4919 783 4972 Amalec
816 4920 922 4972 isto
954 4926 1218 4985 tropreum
1270 4927 1571 4971 crecturos.
1603 4914 1815 4968 Salutat
1844 4931 1941 4971 vos
1972 4916 2147 4985 pluri-

564 5030 715 5068 mum
764 5011 1024 5067 Nicolaus
1068 5010 1238 5064 frater
1292 5018 1497 5064 vester.
1552 5009 1799 5063 Salutate
1831 5011 2051 5064 invicem
2088 5010 2146 5065 in

563 5106 744 5161 osculo
778 5117 961 5160 sancto
984 5107 1050 5169 ",
1092 5104 1229 5160 socii
1271 5104 1475 5169 socios,
1515 5104 1667 5173 parvi
1701 5119 1945 5171 magnos,
1983 5114 2147 5172 atque

564 5200 816 5269 inprimis
848 5199 1057 5254 vicinos
1087 5197 1298 5252 Patres.
1332 5198 1579 5267 Cumque
1612 5213 1643 5251 a
1676 5198 1833 5253 vobis
1859 5199 1996 5253 lecta
2029 5198 2147 5252 fne-

564 5293 637 5346 rit
662 5291 913 5361 epistola,
935 5307 1003 5346 ne
1023 5291 1203 5361 pigeat
1227 5300 1282 5345 et
1311 5292 1454 5361 apud
1483 5290 1603 5344 illos
1630 5291 1754 5361 legi,
1782 5291 1829 5345 si
1861 5292 2025 5346 modo
2063 5292 2149 5346 di-

565 5399 668 5455 gna
718 5381 884 5437 fuerit
925 5402 938 5437 :
984 5382 1429 5453 quandoquidem
1499 5382 1809 5437 unanimes'
1853 5397 2066 5445 omnes,
2096 5391 2150 5437 et

570 5485 741 5522 unum
768 5484 989 5538 corpus,
1028 5471 1281 5541 quamvis
1326 5471 1541 5526 diversa
1582 5470 1849 5526 membra.
1887 5470 2147 5529 Dominus

568 5558 727 5615 Jesus
755 5561 1008 5617 Christus
1032 5564 1318 5620 vobiscum
1342 5573 1396 5620 et
1425 5563 1712 5620 nobiscum
1745 5566 2145 5634 peccatoribus.

574 5655 616 5706 Α
627 5668 772 5708 men.

646 5764 692 5799 θ’
724 5767 829 5823 lsa.
862 5766 902 5837 l,
924 5769 981 5824 2.
1057 5771 1101 5803 ⁷⁸
1125 5768 1246 5827 Job.
1286 5787 1398 5837 xxI,
1435 5770 1520 5826 ll.
1595 5772 1640 5803 ‘“
1672 5770 1857 5829 IICor.
1887 5775 2119 5841 “11,12.

2250 4466 2526 4534 ἀκηκόατε
2556 4467 2638 4519 ὅτι
2660 4466 2754 4520 καὶ
2786 4461 2944 4529 αὖθις
2976 4464 3459 4535 ὲμαστιγώθημεν.
3488 4466 3821 4538 Ἠνέγκαμεν

2249 4560 2437 4628 εὐχαῖς
2488 4559 2643 4627 ὑμῶν
2688 4560 3053 4631 εὐχαρίστως,
3104 4558 3461 4629 περιχαρῶς·
3524 4559 3628 4613 κάν
3690 4562 3820 4631 πρὸς

2248 4650 2429 4718 ὀλίγον
2463 4651 2495 4719 ἡ
2529 4649 2802 4720 δρίμυξις.
2850 4650 3029 4703 Μόνον
3059 4649 3133 4719 μὴ
3158 4647 3323 4719 ἀνῆτε
3351 4649 3452 4711 τὰς
3481 4651 3636 4713 ὁσίας
3672 4652 3817 4721 ὑμῶν

2250 4746 2439 4814 χεῖρας
2478 4744 2833 4806 ἐκτείνοντες.
2864 4744 3202 4811 Πιστεύομεν
3234 4742 3365 4812 γὰρ,
3386 4744 3434 4795 εί
3458 4743 3555 4796 καὶ
3580 4744 3818 4805 ἀσθενεῖς

2249 4836 2389 4899 λίαν,
2425 4838 2484 4888 ὲν
2513 4837 2689 4906 τούτῳ
2714 4837 2806 4889 τὸν
2838 4836 3087 4905 Ἀμαλὴκ
3109 4833 3522 4905 τροπώσασθαι.
3559 4838 3815 4901 Ἀσπάζε-

2248 4946 2339 4980 ται
2368 4928 2536 4983 πολλά
2579 4928 2843 4993 Νικόλαος
2888 4930 2915 4981 6
2954 4927 3185 4995 ἀδελφὸς
3226 4926 3401 4994 ὑμῶν.
3447 4928 3814 4984 Ἀσπάσασθε

2249 5020 2566 5085 ἀλλήλους
2591 5022 2661 5074 ἐν
2688 5021 2975 5090 φιλήματι
3006 5019 3155 5088 ἁγιῳ
3182 5034 3196 5047 '
3227 5019 3284 5071 ai
3316 5019 3559 5072 συνοδίαι
3586 5020 3681 5083 τὰς
3701 5038 3814 5074 σνν-

2248 5110 2430 5173 οδίας·
2473 5113 2521 5164 οἱ
2569 5115 2757 5183 μικροὶ
2802 5113 2930 5174 τοὺς
2979 5110 3284 5182 μεγάλους⁸
3341 5112 3438 5164 καὶ
3481 5114 3665 5181 μέντοι
3699 5116 3811 5179 τοὺς

2251 5203 2652 5274 πλησιάζοντας
2706 5206 2979 5277 Πατέρας.
3034 5205 3146 5258 Καὶ
3175 5205 3303 5258 ὅταν
3334 5204 3658 5279 ἀναγνωσθῇ
3696 5208 3811 5277 παρ’

2251 5296 2377 5366 ὑμῖν
2410 5298 2442 5367 ἡ
2474 5298 2730 5369 ἐπιστολή
2751 5312 2766 5326 ο
2798 5298 2877 5369 μὴ
2923 5295 3335 5367 παραιτήσησθε
3379 5298 3478 5351 καὶ
3524 5300 3653 5371 παρ’
3680 5301 3808 5353 ἐκεί-

2249 5403 2363 5449 νοις
2399 5388 2821 5459 ἀναγνωσθῆναι
2847 5405 2861 5418 ·
2894 5388 2989 5440 ἐὰν
3078 5385 3204 5451 ἀξία
3238 5386 3403 5455 μόνον
3429 5407 3444 5421 ·
3472 5390 3661 5459 ἐπειδὴ
3690 5391 3811 5445 πάν-

2250 5496 2342 5542 τες
2371 5481 2638 5551 ὁμόψυχοι
2662 5522 2677 5543 ,
2723 5482 2815 5535 καὶ
2852 5480 2909 5533 ἓν
2937 5479 3133 5549 σῶμα,
3165 5480 3271 5533 κᾶν
3294 5480 3536 5554 διάφορα
3580 5485 3726 5554 μέλη.
3760 5484 3810 5538 ⁸0

2251 5570 2457 5643 Κύριος
2512 5571 2721 5643 Ἰησοῦς
2750 5571 2983 5645 Χριστὸς
3031 5572 3151 5643 μεθ’
3193 5573 3350 5645 ὑμῶν
3379 5579 3476 5632 καὶ
3514 5578 3638 5648 μεθ’
3671 5580 3809 5651 ημῶν

2251 5661 2360 5717 τῶν
2386 5663 2751 5736 ἁμαρτωλῶν.
2792 5664 2983 5736 Ἀμήν.
