3990 6318
183 366 334 433 1281

427 484 545 538 ΞΡ.
576 516 646 524 -
669 487 1020 556 Ναυκρατίῳ
1049 488 1256 556 τέκνῳ.
1301 488 1488 566 [υλξ

1414 375 1959 440 EPISTULARUM
1997 381 2149 442 LIB.
2187 383 2212 442 Ι
2219 383 2258 442 ῐ.

3349 393 3485 454 1282

2289 492 2474 549 LXIII.
2510 521 2578 534 —-
2614 492 2917 548 Naucratio
2961 495 3094 565 filio.

169 605 396 655 Romani
423 603 679 676 episcopi,
700 604 1011 676 a7iornmque
1038 605 1431 676 Occidentalium
1465 610 1711 676 adversus
1729 610 2092 676 Iconomachos
2113 615 2341 674 suffragia
2381 610 2633 675 praedicat.
2662 611 2844 662 Postea
2881 629 3025 664 suum
3050 627 3159 662 cum
3186 615 3483 676 Chonarum,

623 668 857 731 Phrygiae
882 673 1033 729 urbis,
1068 673 1318 734 prafecto,
1341 674 1542 722 homine
1565 672 1821 733 hzeretico,
1848 687 2170 738 congressum
2195 668 2393 726 narrat:
2419 676 2626 736 (Βιινοη.
2657 689 2738 724 an.
2765 678 2877 738 819,
2904 691 2954 727 ιι.
2975 677 3077 733 25.)

247 773 330 824 (i3
388 771 777 842 πλησθήσεται
829 773 890 826 τὸ
947 774 1039 847 οῦς
1098 794 1200 847 μου
1263 777 1371 831 ἀπὸ
1422 776 1619 846 ῳωνῶν
1686 793 1745 829 σο

1852 824 1854 834 λ
1959 776 2074 831 Non
2114 780 2407 833 satiabitur
2453 775 2605 829 auris
2637 791 2753 830 mea
2783 795 2976 833 vocum
3021 790 3236 832 tuarum
3271 776 3482 830 auditu.

169 867 532 934 ἀκροάσεως.
560 869 760 932 Φωνεῖς
786 867 892 938 γὰρ
919 870 1194 938 ἀναγκαῖα
1228 874 1321 928 καὶ
1353 873 1775 940 κατεπείγοντα⁶

167 961 202 1012 ἃ
237 963 337 1014 καὶ
390 960 488 1013 νῦν
518 961 832 1024 ἐνωτισοεὶς
857 1005 870 1028 ,
899 957 943 1016 ὦ
989 967 1089 1016 παῖ
1117 965 1279 1028 καλὲ,
1308 961 1417 1039 ᾗσα
1463 967 1491 1018 6
1524 967 1780 1029 ταπεινὸς

169 1053 523 1122 χαριστήρια
549 1071 561 1082 ·
601 1053 675 1114 ὡς
714 1054 774 1105 οὐ
822 1055 1181 1110 καταλέλοιπε
1214 1059 1397 1111 τέλεον
1435 1058 1640 1128 Κύριος
1680 1060 1777 1129 τὴν

183 1146 533 1215 Ἐκκλησίαν
564 1147 759 1199 αὐτοῦ’
813 1149 927 1200 ἀλλ’
960 1150 1161 1214 ἔδειξεν
1193 1151 1274 1204 ἔτι
1307 1152 1450 1220 ἔχειν
1481 1151 1579 1221 τὴν
1625 1154 1777 1222 ξσχῦν

166 1237 384 1306 αὐτῆςο
442 1241 673 1310 κινήσας
708 1242 832 1304 τοὺς
857 1243 965 1295 ἀπὸ
1014 1244 1232 1307 Δῦσεως
1277 1246 1540 1312 ἀδελφοὺς
1595 1246 1772 1315 ἡμῶν,

166 1333 403 1402 ἔλεγχον
431 1335 529 1401 τῆς
571 1335 858 1404 παροινίας
888 1336 997 1387 τῶν
1023 1337 1172 1406 τῇδε,
1217 1337 1310 1390 καὶ
1351 1339 1636 1408 φωτισμὸν
1665 1340 1773 1392 τῶν

165 1429 672 1497 νυκτομαχούντων
721 1433 785 1500 τῇ
840 1431 1070 1500 αἱρέσει.
1129 1431 1250 1484 Κᾶν
1301 1432 1669 1487 ἁπεσείσαντο
1722 1436 1771 1487 οἱ

163 1521 551 1590 ἀτεράμονες·
597 1523 698 1575 κᾶν
743 1522 1060 1592 ὀφθαλμοὺς
1098 1525 1326 1594 καρδῖας
1375 1525 1474 1578 οὐκ
1526 1527 1766 1597 ἤνοιξαν.

162 1614 464 1684 Μαρτυρῶ
518 1615 643 1686 ἄρτι
712 1616 1050 1669 κατενώπιον
1095 1617 1232 1669 Θεοῦ
1279 1620 1371 1671 καὶ
1426 1620 1762 1690 ἀνθρώπων·

163 1706 402 1770 ἑαυτοὺς
439 1708 758 1779 ἀπέρρηξαν
789 1707 882 1761 τοῦ
921 1708 1175 1778 σώματος
1227 1709 1320 1762 τοῦ
1372 1712 1634 1780 Χριστοῦ,
1671 1714 1764 1765 τοῦ

163 1815 226 1850 κο
239 1799 522 1869 ρυφιακοῦ
549 1799 764 1870 Θρόνου,
783 1801 840 1851 ὲν
933 1801 1167 1871 Χριστὸς
1193 1801 1346 1854 ἕοετο
1375 1802 1471 1858 τὰς
1495 1805 1640 1866 κλεῖς
1667 1806 1764 1871 τῆς

161 1890 444 1954 πίστεως·
497 1883 564 1962 ἦς
623 1890 683 1943 οὑ
737 1891 1071 1960 κατίσχυσαν
1121 1892 1219 1944 ἀπ’
1263 1893 1490 1956 αἰῶνος,
1542 1894 1651 1945 οὐδ’
1697 1892 1762 1946 ἂν

159 1983 544 2053 κατισχύσωσι
580 1984 744 2054 μέχρι
791 1985 1100 2048 συντελείας
1129 1985 1296 2038 πύλαι
1333 1986 1460 2057 ᾇδου
1484 2027 1498 2050 ,
1547 1987 1614 2040 τὰ
1653 1987 1759 2040 τῶν

161 2074 469 2144 αἱρετικῶν
503 2075 708 2145 δηλαδὴ
737 2077 979 2146 στόματα
1005 2093 1017 2105 ·
1043 2076 1116 2138 ὡς
1142 2079 1173 2147 ἡ
1204 2077 1297 2129 τοῦ
1334 2078 1599 2145 ἀψευδοῦς
1626 2078 1759 2130 ὑπό-

1883 868 2203 926 Necessaria
2254 875 2397 925 enim
2453 871 2692 938 loqueris
2733 880 2786 924 et
2835 885 3181 940 opportuna:
3216 872 3398 940 qualia
3429 884 3482 925 et

1882 980 2028 1018 nunc
2090 969 2337 1030 audiens,
2392 986 2423 1020 ο
2475 967 2546 1020 Iili
2600 970 2836 1038 egregie,
2873 969 3198 1022 charisteria
3254 965 3478 1018 humilis

1879 1057 2163 1112 decantavi
2200 1077 2213 1113 :
2247 1065 2502 1130 quoniam
2557 1084 2665 1121 non
2721 1064 3012 1130 dereliquit
3054 1062 3106 1115 in
3157 1063 3314 1113 linem
3367 1060 3476 1112 Do-

1879 1151 2063 1206 minus
2104 1154 2404 1210 Ecclesiam
2459 1177 2615 1214 suam
2652 1178 2666 1226 ;
2704 1160 2797 1214 sed
2834 1159 2992 1210 illam-
3027 1157 3169 1208 \‘ires
3213 1171 3344 1206 suas
3375 1153 3471 1206 ad-

1879 1244 1984 1296 huc
2029 1244 2231 1300 habere
2287 1249 2496 1314 docuit,
2527 1254 2718 1308 fratres
2750 1259 2972 1304 nostros
3003 1249 3249 1300 excitans
3279 1247 3346 1298 ab
3378 1261 3471 1298 oc-

1875 1351 2006 1390 casu
2037 1337 2101 1390 ad
2138 1342 2613 1407 reprehensionem
2642 1345 2974 1398 temulentize
3022 1341 3374 1400 nostratium,
3411 1346 3467 1390 et

1874 1429 2328 1485 illuminationem
2366 1435 2588 1489 haeresis
2620 1443 2783 1489 noetn
2838 1433 3241 1488 dimicantium.
3277 1430 3467 1494 Quan-

1872 1533 2033 1586 quam
2078 1519 2386 1588 rejecernnt
2438 1523 2732 1591 prml'raeti,
2782 1534 2835 1577 et
2885 1523 3067 1575 cordis
3117 1520 3307 1572 oculos
3357 1535 3462 1570 non

1871 1626 2226 1680 aperuerunt.
2263 1612 2458 1668 Testor
2480 1632 2623 1670 nunc.
2653 1631 2839 1669 coram
2875 1613 2982 1667 Deo
3009 1624 3060 1666 et
3094 1611 3409 1664 hominibus
3447 1629 3460 1662 :

1869 1707 2081 1773 Seipsos
2133 1709 2455 1761 arulserunt
2497 1725 2525 1761 a
2558 1724 2792 1777 c0rpore
2841 1706 3068 1770 Christi,
3097 1713 3152 1757 et
3204 1717 3466 1771 supremo

1868 1796 2110 1849 vertit-ali
2156 1799 2374 1858 throno,
2408 1799 2460 1851 in
2495 1816 2605 1868 quo
2653 1801 2908 1852 Christus
2962 1798 3145 1851 claves
3183 1793 3368 1865 posuit
3399 1795 3463 1846 ti-

1865 1887 1951 1940 dei
1989 1906 2002 1941 :
2038 1887 2306 1944 adversus
2345 1906 2510 1958 quam
2539 1906 2647 1944 non
2669 1891 3006 1960 praevaluere
3043 1891 3332 1952 hactenus,
3365 1902 3464 1941 nec

1866 1983 2239 2047 pra-valebunt
2305 1999 2482 2051 usque
2557 1984 2622 2037 ad
2697 1985 3230 2037 consumtnationem
3296 1992 3463 2050 porta:

1865 2070 2024 2125 inl'eri
2059 2074 2125 2136 ⁷⁸,
2159 2091 2254 2127 ora
2284 2076 2498 2130 scilicet
2531 2076 2914 2130 haerent-omni
2955 2095 2966 2129 :
3006 2080 3148 2130 sicut
3186 2075 3461 2145 pollicitus

161 2184 373 2236 σχεσις.
413 2167 671 2238 Χαιρέτω
702 2165 795 2222 οῦν
824 2172 851 2222 6
885 2169 1309 2240 μακαριώτατος
1339 2172 1434 2222 καὶ
1463 2172 1745 2222 ἁποστολι⁴

1863 2175 1946 2220 est
1989 2166 2080 2234 qui
2121 2183 2226 2219 non
2263 2169 2548 2222 mentitur.
2604 2168 2854 2223 Gaudeat
2903 2169 3071 2238 igitur
3105 2167 3459 2221 beatissimus

157 2261 252 2324 κὸς
277 2263 374 2314 καὶ
400 2261 725 2332 φερώνυμος
771 2263 1078 2333 Πασχάλιος
1099 2279 1112 2292 ⁸
1145 2264 1228 2316 ὃτι
1256 2263 1316 2315 τὸ
1348 2264 1511 2334 ἔργον
1544 2263 1752 2334 Πέτρου

156 2352 542 2424 ἐξεπλήρωσε.
593 2355 880 2425 Σκιρτάτω
930 2356 1035 2417 πᾶς
1079 2355 1378 2425 ὀρθοδόξων
1409 2355 1630 2419 Οίασος·
1672 2357 1754 2409 ὅτι

156 2445 279 2497 κατ’
310 2446 634 2516 ὀφθαλμοὺς
664 2444 770 2499 εἶδε
814 2447 914 2518 τὴν
961 2448 1268 2519 ἐπισκοπὴν
1307 2448 1579 2520 Χριστοῦ,
1612 2449 1754 2502 κατὰ

154 2537 282 2599 τοὺς
320 2537 493 2592 παλαι
527 2540 714 2606 ἁγίους
745 2541 998 2611 Πατέρας
1027 2541 1202 2612 ἡμῶν.
1237 2541 1317 2593 Τὰ
1342 2541 1450 2612 γὰρ
1481 2541 1615 2594 ἄλλα
1645 2543 1752 2612 ὅπη

156 2631 231 2700 τῷ
255 2631 377 2700 Θεῷ
412 2633 546 2701 φίλα
574 2635 812 2701 ἀγέσθω.
832 2635 887 2686 ’Λ
900 2636 1133 2702 ρδευὲτω
1157 2635 1217 2687 τὺ
1247 2637 1586 2706 μαρτυρικὸν
1613 2631 1751 2706 αἷμα

157 2723 254 2794 τὴν
296 2724 666 2793 Ἐκκλησίαν
703 2728 1022 2792 αὐξανέσῡω
1059 2729 1086 2781 6
1128 2730 1288 2798 χορὸς
1330 2730 1438 2780 τῶν
1475 2730 1748 2800 ὁμολογη-

155 2817 262 2870 τῶν
285 2832 298 2846 ⁸
326 2819 492 2871 τοῦτο
527 2820 746 2872 εὐδοκία
770 2820 902 2872 Θεοῦ
925 2837 938 2850 ⁸
975 2821 1132 2873 τοῦτο
1160 2822 1304 2891 χαρὰ
1340 2824 1432 2874 καὶ
1488 2821 1749 2890 ἀγαλλία-

1148 2917 1186 2927 ις

158 2926 240 2973 σις
263 2927 276 2940 ο
305 2912 414 2964 κᾶν
437 2912 524 2965 διὰ
552 2914 678 2976 τοὺς
706 2913 1119 2984 ἀπολλυμένους
1145 2916 1531 2970 ἐλεεινότατον.

227 3095 295 3149 Τί
344 3099 574 3167 φήσοιεν
621 3099 670 3152 οἱ
723 3101 991 3164 ἐναντίοι;
1040 3101 1330 3172 Ἀνατολὴν
1375 3104 1474 3156 οῦκ
1527 3103 1741 3172 ἔχουσι’

161 3189 381 3253 Δὺσεως
409 3193 754 3262 ἐστέρηνται·
784 3194 876 3246 τοῦ
908 3195 1325 3264 πεντακορύφου
1358 3195 1742 3264 ἐκκλησιαστι-

158 3279 254 3332 κοῦ
284 3282 540 3351 σώματος
601 3284 691 3354 (ζῇ
735 3285 844 3355 γὰρ
885 3287 964 3339 ἔτι
1021 3289 1111 3340 καί
1147 3278 1456 3356 Νικηφόρος
1495 3290 1521 3339 ὁ
1558 3287 1741 3355 ἱερὸς)

156 3373 588 3447 διεσπάσθησαν.
639 3378 850 3432 Οὐκοῦν
892 3379 1281 3448 ἡλλοτρίωνται
1334 3379 1590 3449 Χριστιξν
1633 3380 1743 3448 ἄρα

159 3466 576 3537 ἐνεκρὼοησαν·
613 3471 720 3539 ἄρα
765 3473 822 3524 ἐν
866 3473 1046 3523 σκότει
1089 3471 1524 3541 διαπορεῦονται.
1581 3472 1644 3523 El
1686 3472 1741 3522 δὲ

157 3559 239 3611 ὅτι
272 3562 538 3630 ἄρχουσιν
586 3564 674 3615 ἐπ’
729 3565 938 3634 ἐρήμου
989 3563 1286 3634 αἱρέσεως,
1333 3563 1492 3616 τοῦτο
1521 3566 1617 3616 καὶ
1649 3565 1746 3635 λῃ-

161 3651 280 3702 σταί
301 3669 315 3682 ο
349 3655 472 3704 ἐπεὶ
498 3653 592 3705 καὶ
625 3654 946 3717 κτείνουσιν,
983 3654 1171 3722 ὥσπερ
1206 3655 1296 3706 καὶ
1325 3651 1468 3707 οῦτοι
1491 3674 1502 3684 ι
1532 3656 1744 3722 αἵματα

159 3742 487 3806 κενοῦντες,
543 3745 619 3804 ὡς
671 3745 799 3808 ἔπος
857 3748 1059 3809 εἰπεῖν,
1113 3746 1479 3816 καθεκὰστην.
1541 3749 1744 3816 Ἐχέτω

157 3832 329 3885 ταῦτα
376 3829 502 3888 ὦδε.
544 3835 760 3889 Ἠλίκον
821 3837 878 3889 δὲ
931 3837 1136 3908 ᾄσομαι
1195 3839 1287 3889 ἐπὶ
1336 3841 1402 3907 τῇ
1467 3839 1739 3908 μεταϐολῇ

156 3924 448 3992 Λεοντίου;
485 3930 550 3981 Ὢ
593 3928 704 3981 τῶν
760 3931 1033 3999 μεγίστων
1079 3929 1171 3981 τοῦ
1209 3929 1343 3982 Θεοῦ
1403 3931 1736 3999 τεραστίωνί

155 4015 226 4068 Σὺ
279 4019 400 4086 μὲν,
443 4013 491 4074 ὦ
534 4023 654 4085 τᾶν,
701 4022 777 4084 εἰς
810 4021 966 4074 τοῦτο
1001 4023 1221 4074 κάκεῖνο
1259 4003 1738 4092 μετεσχημάτισας

155 4108 243 4158 τὸν
288 4111 632 4184 δύσχριστον.
677 4114 818 4182 Ἐγὼ
847 4114 904 4167 δὲ
936 4115 1332 4184 Κυπριανίζειν
1365 4115 1526 4167 αὐτὸν
1566 4117 1622 4166 ἐν
1661 4115 1738 4186 τῷ

157 4199 444 4270 πράγματι
495 4203 706 4274 ᾠήθην·
749 4206 1195 4278 ἀποκρουσθέντα
1245 4209 1398 4276 παρὰ
1430 4207 1524 4259 τοῦ
1583 4207 1735 4276 βασιο

155 4285 288 4354 λέως
323 4297 669 4367 προδραμεῖν
693 4302 805 4362 τοῖς
827 4300 1188 4371 ἀολοφοροῦσι
1214 4301 1309 4352 καὶ
1334 4300 1736 4370 ἐναγωνιζομέ-

152 4397 293 4444 νοις·
329 4391 450 4440 κατ’
493 4387 785 4444 Ἰουστίναν
825 4391 925 4462 τὴν
958 4393 1223 4460 ἀοίδιμον.
1258 4391 1380 4462 Δῴη
1411 4393 1614 4464 Κύριος
1647 4396 1735 4445 τέ-

153 4470 268 4526 λεον
294 4478 386 4530 ἐπὶ
412 4481 625 4549 ἀμφοῖν
650 4483 718 4534 τὰ
749 4484 1038 4552 ἀμφότερα
1071 4484 1478 4552 ἀποφανθῆναι.
1526 4485 1590 4537 Ἢ
1631 4502 1734 4553 φυ-

151 4559 289 4634 λακή
323 4583 414 4620 σου
451 4572 534 4623 ὅτι
572 4572 848 4643 ἐνδότερον
876 4573 1116 4640 ἐγένετο,
1165 4576 1410 4645 λυπηρόν
1441 4594 1529 4645 μοι
1559 4576 1646 4628 διὰ
1671 4576 1731 4628 τὸ

153 4652 374 4720 ἀσθενές
409 4678 524 4715 σου,
579 4663 725 4732 Πλὴν
762 4665 911 4734 ἴσχυε
945 4666 1039 4717 καὶ
1083 4666 1369 4736 κραταιοῦ,
1421 4667 1729 4735 ὁμολογητὰ

153 4743 418 4817 Χριστοῦ,
468 4755 546 4819 ὡς
593 4759 1082 4826 προεσημάναμεν.
1139 4759 1255 4810 Ἵνα
1305 4759 1359 4810 δὲ
1418 4760 1602 4829 γνοίης
1647 4759 1726 4812 ἔτι

1862 2269 1917 2313 et
1947 2261 2283 2328 apostolicus
2310 2271 2364 2316 et
2390 2263 2609 2315 nomine
2638 2278 2739 2316 suo
2762 2262 2962 2331 dignus
2991 2263 3288 2325 Paschalis,
3318 2276 3454 2329 quo-

1863 2352 2009 2405 niam
2043 2351 2187 2406 Petri
2221 2369 2359 2428 Opus
2387 2355 2722 2421 adimplevit.
2771 2354 3018 2408 Exsultet
3055 2356 3234 2408 omnis
3263 2355 3454 2408 ortho-

1861 2445 2130 2500 doxorum
2163 2448 2386 2509 chorus,
2425 2448 2552 2516 quia
2586 2449 2654 2502 ob
2698 2452 2888 2502 oculos
2917 2449 3044 2501 vidit
3077 2449 3450 2516 episcopatum

1861 2540 2093 2603 Christi,
2133 2541 2435 2595 secundum
2496 2552 2718 2596 sanctos
2778 2542 2906 2595 olim
2965 2542 3156 2596 Patres
3209 2551 3447 2595 nostros.

1860 2632 2068 2686 thera
2112 2635 2259 2687 enim
2295 2645 2353 2687 ut
2389 2634 2498 2688 Deo
2547 2637 2725 2689 risum
2763 2634 2925 2690 fuerit
2966 2634 3234 2687 ferantur.
3262 2634 3449 2704 Irriget

1859 2741 2161 2796 martyrum
2213 2728 2438 2796 sanguis
2484 2725 2812 2791 Ecclesiam,
2860 2737 3118 2797 angescat
3163 2726 3447 2780 confesso-

1858 2833 1979 2870 rum
2018 2819 2221 2872 chorus
2253 2836 2264 2870 :
2295 2820 2396 2871 hoc
2423 2818 2532 2871 Deo
2567 2830 2809 2888 gratum;
2844 2821 2948 2873 hoc
2981 2821 3238 2888 gamlium
3268 2830 3318 2871 et
3348 2835 3444 2872 ex—

1855 2910 2083 2963 Snltatio
2110 2930 2121 2964 :
2150 2912 2402 2980 quamvis
2432 2922 2656 2981 propter
2703 2929 2798 2966 eos
2853 2915 2943 2982 qui
2986 2923 3214 2983 pereunt
3255 2911 3444 2965 miser-

1855 3005 2077 3059 rimum.

1926 3096 2065 3163 Quid
2120 3097 2301 3150 dicere
2347 3097 2559 3165 possint
2614 3098 2964 3151 adversarii?
3003 3097 3278 3152 Orientem
3332 3112 3435 3148 non

1854 3190 2058 3243 habent
2091 3208 2104 3255 ;
2147 3187 2444 3243 Oeeideute
2486 3192 2679 3259 privati
2742 3203 2869 3243 sunt
2906 3211 2916 3244 :
2953 3208 2980 3243 a
3015 3191 3165 3259 quini
3219 3191 3436 3243 verticis

1851 3299 2083 3353 corpore
2163 3285 2533 3338 ecclesiastico
2604 3285 2777 3337 avulsi
2851 3294 3011 3349 sunt;
3102 3285 3233 3336 \‘irit
3290 3288 3431 3336 enim

1851 3382 2149 3432 etiamnum
2193 3392 2244 3432 et
2294 3363 2634 3448 Nicephorus
2691 3394 2866 3431 sacer.
2909 3377 3080 3446 Igitur
3134 3396 3162 3432 a
3213 3379 3434 3433 Christo

1853 3470 2071 3522 alienati
2131 3481 2306 3521 sunt:
2349 3471 2512 3538 igitur
2569 3471 2768 3523 mortui
2806 3489 2818 3523 :
2853 3471 3020 3540 igitur
3083 3475 3136 3523 in
3194 3470 3431 3522 tenebris

1852 3559 2154 3609 ambulant.
2190 3557 2344 3622 Quod
2383 3557 2427 3609 si
2473 3557 2837 3627 principatum
2873 3567 3054 3610 tenent
3108 3559 3161 3611 in
3213 3557 3431 3609 Ineresis

1847 3648 2086 3708 deserto,
2121 3649 2222 3702 hoc
2265 3647 2475 3702 faciunt
2509 3659 2560 3702 et
2599 3649 2840 3703 latrones
2870 3669 2882 3703 :
2931 3651 3130 3719 quippe
3155 3651 3245 3716 qui
3282 3648 3428 3703 occi-

1846 3738 1982 3790 dunt
2018 3739 2204 3799 etiam,
2241 3738 2382 3790 sicut
2427 3737 2514 3790 isti
2552 3756 2564 3791 :
2603 3739 2946 3807 sanguinem,
2995 3749 3053 3791 nt
3110 3755 3220 3792 uno
3264 3738 3427 3791 verbo

1844 3832 2042 3891 dicam,
2073 3831 2318 3899 quotidie
2358 3830 2670 3883 fundentes.
2717 3831 2791 3883 De
2847 3829 2933 3882 his
2967 3838 3148 3883 autem
3185 3829 3250 3882 ad
3285 3829 3427 3881 hunc

1846 3927 2086 3978 modum.
2117 3926 2392 3990 Quantum
2427 3939 2552 3977 vero
2595 3923 2880 3977 concinam
2920 3923 2970 3975 in
3007 3921 3218 3976 Leontii
3249 3930 3424 3974 mnta-

1845 4014 2029 4070 lione?
2060 4012 2103 4068 Ο
2139 4016 2374 4067 maxima
2409 4013 2501 4067 Dei
2533 4013 2805 4083 prodigia!
2845 4011 2924 4065 Tu
2957 4015 3198 4080 quidem,
3225 4013 3420 4071 amice.

1843 4106 1894 4159 in
1941 4107 2042 4159 hoc
2092 4115 2144 4159 et
2180 4106 2307 4159 illud
2354 4105 2557 4159 Christi
2603 4105 2811 4158 hostem
2850 4105 3276 4158 transformasti.
3313 4105 3422 4174 Ego

1842 4217 1970 4254 vero
1994 4199 2386 4270 Cyprianizare
2419 4200 2571 4253 illum
2609 4201 2662 4253 in
2695 4199 2911 4268 negotio
2930 4199 3226 4253 arbitratus
3260 4216 3417 4254 sum:

1837 4302 2124 4347 extrusum
2173 4296 2241 4346 ab
2283 4294 2632 4362 imperatore,
2671 4293 2736 4346 ad
2772 4301 3048 4346 certantes
3086 4302 3140 4348 et
3175 4294 3226 4347 in
3251 4308 3422 4362 agone

1836 4397 2119 4439 versantes
2163 4400 2471 4448 accurrere,
2507 4384 2664 4454 juxta
2698 4385 2967 4439 celebrem
2999 4383 3291 4439 Justinam.
3327 4385 3420 4438 Det

1835 4476 2102 4531 Dominus
2125 4487 2182 4530 ut
2215 4477 2266 4529 in
2287 4477 2532 4546 utrisque
2566 4478 2780 4529 tandem
2808 4490 3038 4544 utraque
3068 4479 3417 4546 conspician-

1837 4581 1944 4624 tur.
2001 4570 2262 4624 Custodia
2307 4579 2396 4622 tua
2443 4570 2582 4638 quod
2610 4571 2843 4624 interius
2878 4571 3101 4624 reducta
3130 4582 3232 4634 est,
3257 4584 3418 4638 grave

1833 4663 1966 4715 mihi
2001 4673 2082 4716 est
2115 4671 2333 4730 prOpter
2359 4662 2731 4714 infirmitatem
2765 4673 2934 4716 tuam.
2981 4663 3248 4716 Caeterum
3279 4677 3412 4715 con-

1831 4753 2036 4806 fortare
2068 4761 2120 4805 et
2161 4753 2392 4812 sustine,
2430 4751 2714 4806 confessor
2745 4752 2969 4817 Christi,
3009 4763 3069 4806 ut
3104 4764 3226 4805 ante
3250 4750 3415 4819 signi-

151 4830 498 4928 λευκότερον,
547 4849 879 4917 προστίθημι
911 4851 1003 4901 καὶ
1035 4847 1200 4900 ταῦτα
1225 4867 1236 4879 ο
1276 4849 1348 4911 ὡς
1381 4850 1460 4902 ἔτι
1491 4852 1721 4917 ἀσφαλί-

1852 4846 2136 4899 icavimus.
2173 4842 2238 4898 Ut
2271 4857 2450 4898 autem
2487 4845 2686 4898 clarius
2731 4846 2910 4898 adhuc
2944 4859 3260 4914 cognoscas,
3301 4843 3410 4894 haec

150 4919 296 4981 ξεται
327 4933 476 5001 ἡμᾶς
527 4937 556 4988 6
600 4939 967 5008 φρούραρχος.
999 4938 1098 4990 Διὰ
1131 4939 1214 5003 τί,
1247 4941 1340 4991 καὶ
1371 4940 1522 5004 πῶς;
1572 4941 1724 4993 Ἐπεὶ

151 5015 255 5085 γάρ
301 5022 380 5076 δεῖ
425 5030 710 5099 οἰκονομία
754 5031 1061 5100 κεχρῆσθαι
1109 5033 1165 5083 ἐν
1211 5036 1318 5094 τοῖς
1367 5034 1722 5100 ἀναγκαίοιςο

151 5107 386 5178 ὁπηνίκα
415 5123 839 5193 συνωιξιὶσοημεν
870 5124 946 5194 τῷ
972 5125 1172 5176 Χωνὼν
1205 5127 1526 5195 αἰρεσιὰρχῃ
1591 5128 1729 5195 (ἐκεῖ

151 5199 253 5268 γὰρ
295 5208 515 5276 πρῶτον
554 5215 882 5284 ἀπήχθημεν
913 5215 1018 5267 ὑπὸ
1065 5215 1172 5267 τῶν
1219 5217 1325 5267 ἀπὸ
1367 5217 1725 5270 ’Λνατολικῶν

149 5288 392 5358 ἀράντων
425 5304 617 5372 ἡμᾶς),
666 5308 758 5358 καὶ
789 5309 918 5374 γόνυ
954 5307 1261 5376 ὲκλίναμεν,
1303 5310 1724 5379 συγγονυκλιτή-

153 5397 336 5451 σαντος
396 5397 687 5450 κάκείνου·
755 5403 848 5454 καὶ
921 5403 1292 5469 ὴσπασὰμεθα
1359 5403 1541 5455 αὐτόν.
1614 5404 1723 5456 Καὶ

149 5473 327 5549 ἐπειδὴ
357 5485 538 5538 εἴασεν
564 5491 644 5550 εἰς
675 5493 869 5544 ταυτὸν
901 5493 1076 5545 ἐλθεῖν
1135 5494 1232 5562 ἐμέ
1263 5511 1320 5545 τε
1350 5495 1442 5546 καὶ
1488 5497 1576 5547 τὸν
1621 5497 1720 5549 κύ-

152 5578 261 5656 ριον
303 5570 652 5628 Ἀθανάτων
698 5584 792 5634 καὶ
848 5585 1175 5655 συνεπίομεν
1221 5586 1370 5656 αὐτῷ
1421 5588 1568 5651 ἅπαξ
1627 5591 1720 5642 καὶ

147 5652 256 5748 ξίς·
313 5665 371 5716 οὐ
435 5669 619 5738 μέντοι
680 5677 1090 5746 συνεφάγομεν·
1145 5678 1569 5748 ἐκλιπαροῦντος
1622 5681 1719 5732 τοῦ

147 5745 335 5818 ὅψεως,
366 5762 458 5812 καὶ
481 5761 856 5830 ero-40mm;
887 5767 1168 5831 ἀπατηλὰ.
1205 5771 1391 5840 Τούτῳ
1421 5769 1497 5840 τῷ
1531 5775 1716 5840 μέτρῳ

215 5863 256 5896 ’³
280 5866 466 5930 Matth.
500 5892 612 5946 xvr,
648 5877 732 5931 I8.

1829 4939 1968 4992 addo
2005 4956 2016 4990 :
2050 4937 2264 4992 clausos
2295 4955 2438 4990 nunc
2469 4938 2636 4990 etiam
2673 4953 2772 4990 nos
2803 4947 2947 4991 tenet
2996 4936 3232 4989 careeris
3268 4949 3406 5002 prae-

1826 5029 2021 5084 fectus.
2066 5031 2267 5095 Quare,
2300 5041 2354 5084 et
2389 5031 2714 5100 quomodo?
2742 5032 3011 5095 Quoniam
3041 5039 3252 5097 oportet
3292 5028 3404 5079 dis—

1825 5125 2146 5195 pensatione
2201 5127 2279 5178 ιιιὶ
2333 5126 2386 5178 ιιι
2439 5126 2599 5179 rebus
2648 5125 3024 5179 necessariis:
3063 5123 3284 5191 quando
3321 5137 3404 5175 ct-

1827 5218 1955 5272 bum
1988 5219 2326 5286 sumpsimus
2361 5234 2484 5271 cum
2511 5218 2823 5271 Chonarum
2860 5216 3244 5271 lneresiarcha.
3279 5214 3411 5266 Illuc

1829 5313 2030 5380 quippe
2073 5309 2293 5364 deducti
2339 5311 2574 5378 primum
2634 5311 2838 5364 fuimus
2873 5311 2941 5363 ah
2979 5309 3043 5362 iis
3074 5307 3168 5379 qui
3209 5321 3313 5360 nos
3346 5319 3414 5357 ex

1825 5403 2046 5458 Oriente
2083 5403 2423 5456 abduxerant
2455 5421 2468 5455 :
2499 5413 2550 5456 et
2577 5402 2991 5472 genuﬂeximus,
3015 5398 3418 5470 genuﬂectente

1825 5499 2026 5567 pariter
2063 5497 2156 5550 illo
2189 5515 2200 5549 :
2237 5506 2288 5548 et
2324 5496 2557 5563 amplexi
2597 5511 2719 5547 eum
2764 5509 2978 5547 sumus.
3026 5493 3089 5545 Et
3115 5501 3413 5560 postquam

1823 5589 2070 5660 permisit
2124 5598 2181 5642 ut
2232 5603 2398 5640 unum
2437 5587 2488 5639 in
2540 5587 2718 5638 locum
2765 5585 3186 5638 conveniremus
3225 5598 3326 5653 ego
3355 5591 3411 5636 et

1821 5683 2078 5736 dominus
2123 5680 2473 5738 Athanasius,
2514 5678 2753 5730 bibimus
2804 5693 2908 5729 una
2957 5693 3078 5729 cum
3128 5694 3193 5730 eo
3234 5677 3404 5731 semel

1817 5782 1982 5843 atque
2034 5774 2228 5826 iterum
2257 5788 2267 5823 :
2297 5784 2645 5838 nequaquam
2684 5777 2858 5820 tamen
2911 5769 3273 5836 comedimus,
3299 5768 3401 5822 ob-
