3990 6318
558 367 699 433 1283

1756 372 1820 433 S.
1860 362 2255 431 THEODORI
2286 360 2637 424 STUDIT/E

3708 355 3853 418 1%}

558 496 790 543 testante
818 499 1091 561 serpente,
1115 501 1171 547 et
1197 491 1582 547 insusurrante
1616 487 1985 545 fraudulenta.
2019 482 2135 537 Hac

2245 475 2593 547 ἐχρησάμεθα
2618 515 2634 539 ,
2673 472 3013 544 ἀπαχθέντες
3042 472 3217 538 ἔνθεν,
3252 472 3347 525 καὶ
3400 470 3538 541 πρὸς
3569 471 3667 523 τὸν
3700 472 3764 521 ὲν
3801 465 3851 536 ᾧ

556 581 931 637 moderatione
964 586 1047 639 usi
1079 600 1272 639 sumus
1326 599 1452 639 cum
1488 582 1708 637 abducti
1759 580 1884 636 inde
1940 576 2139 632 fuisse-

557 688 680 727 mus
704 674 769 726 ad
800 675 1116 736 draconem,
1153 688 1390 742 quocum
1427 672 1513 726 hic
1538 686 1846 726 versamur.
1877 668 1983 734 Qui
2014 682 2142 721 cum

556 760 752 815 seriem
789 770 916 815 ante
950 762 1247 824 didicisset,
1286 760 1420 814 nihil
1476 760 1712 829 amplius
1756 760 1913 819 ursit,
1966 756 2143 827 utqui

556 844 886 912 persuadere
918 860 1028 897 non
1062 852 1246 913 posset
1285 861 1299 897 :
1337 843 1524 912 injecit
1548 854 1752 901 tamen.
1788 841 1994 896 utvidit
2017 855 2141 905 nos,

556 936 624 988 tle
664 945 987 1003 argumento
1045 950 1395 999 sermonem,
1426 938 1551 1004 quia
1614 934 1750 987 nihil
1807 942 1910 996 est,
1945 930 2143 1001 inquit,

556 1036 651 1079 aut
695 1028 1071 1097 perexiguum,
1103 1028 1153 1081 id
1195 1028 1262 1082 de
1299 1044 1409 1098 quo
1451 1038 1533 1083 est
1568 1031 1822 1098 quaestio.

628 1120 707 1173 Ad
728 1137 849 1189 quae
882 1122 1265 1192 respondimus
1285 1162 1299 1186 ,
1336 1124 1417 1175 vel
1447 1140 1511 1175 ex
1538 1124 1696 1189 longe
1721 1120 1973 1175 maximis
1998 1134 2140 1173 esse.

558 1206 717 1272 Quod
750 1210 793 1261 si
823 1209 1002 1277 jnbes,
1045 1211 1287 1279 inquam,
1327 1212 1431 1275 dic,
1476 1220 1529 1264 et
1570 1211 1812 1265 vicissim
1846 1209 1992 1265 audi.
2035 1206 2143 1262 Sed

559 1300 879 1354 omittamus
918 1303 967 1354 in
994 1304 1301 1370 praesentia,
1343 1303 1486 1373 quod
1519 1314 1572 1356 et
1621 1301 1824 1357 factum
1878 1310 1981 1355 est.
2025 1299 2143 1354 Alia

559 1391 777 1459 quidem
808 1393 985 1446 dicere
1030 1393 1246 1462 longum
1290 1395 1363 1448 sit
1399 1412 1411 1448 :
1450 1394 1515 1447 ad
1564 1396 1735 1447 linem.
1771 1393 1944 1447 tendit
1967 1392 2144 1445 oratio

560 1482 719 1549 cujus
773 1484 945 1551 gratia
974 1498 1205 1539 exorsus
1240 1501 1386 1540 sum.
1440 1483 1671 1538 Putabat
1700 1483 1930 1537 callidus
1958 1498 2016 1537 se
2044 1499 2143 1538 nos

558 1570 763 1622 sensim
802 1570 1183 1639 pellecturum,
1214 1589 1318 1626 non
1358 1588 1665 1627 sermonem
1691 1572 1759 1625 de
1794 1571 2128 1640 imaginibus

558 1658 911 1720 conferendo.
974 1661 1067 1713 sed
1132 1660 1517 1714 benefaciendo
1565 1660 1831 1723 fortasse,
1866 1670 1920 1714 et
1951 1662 2132 1716 amice

559 1749 945 1816 colloquendo,
1003 1760 1059 1802 et
1113 1749 1451 1818 praefectura:
1509 1751 1843 1804 mentionem
1904 1751 2139 1804 interse-

2244 568 2412 636 ἐσμεν
2454 566 2745 635 δράκοντα.
2782 567 2879 628 Ὃς
2926 561 3231 634 προμαθὼν
3277 564 3370 617 τὸν
3410 562 3628 633 εἱρμὸν,
3687 562 3849 614 οὐδὲν

2243 657 2406 710 πλέον
2433 658 2765 726 ἠνάγκασεν,
2797 657 2872 719 ὡς
2906 655 2982 727 μὴ
3016 657 3215 726 ίσχύων
3246 660 3465 710 πεῖσαν
3506 654 3849 725 συνεκίνησε

2242 747 2287 799 δ⁴
2315 744 2409 801 οὖν
2443 750 2591 819 ὅμως
2624 748 2815 815 λόγους
2849 750 2906 802 ὲν
2952 748 3031 819 τῷ
3060 750 3188 804 ίδείν
3219 750 3367 819 ἡμᾶς
3398 748 3665 819 περὶτῆς
3710 749 3849 800 ὑπο-

2244 838 2448 902 Θὲσεως
2467 854 2480 866 ·
2526 839 2615 901 Ὠς
2638 839 2799 892 οὐδέν
2819 840 2959 907 ἐστι,
2990 840 3146 911 φησι,
3180 841 3274 893 καὶ
3302 840 3538 911 σμικρὸν
3564 839 3631 892 τὸ
3655 842 3843 909 ἀμφι-

2246 930 2635 1002 σόητούμενονο

2316 1111 2461 1183 Πρὸς
2497 1110 2534 1165 ἃ
2563 1112 2967 1183 ἀπεκρινάμην,
2995 1113 3077 1167 ὅτι
3099 1113 3211 1167 Καὶ
3237 1111 3346 1165 τῶν
3374 1114 3655 1183 μεγίστων
3691 1113 3838 1168 λίαν.

2243 1204 2375 1270 Καὶ,
2412 1206 2461 1257 εί
2488 1204 2753 1267 κελεύεις,
2794 1204 2920 1274 λέγε
2952 1208 3046 1259 καὶ
3073 1207 3360 1259 ἀντάκουε.
3394 1206 3535 1259 Ἀλλ’
3570 1209 3840 1277 ἐάσωμεν

2241 1294 2302 1347 τὸ
2337 1294 2452 1357 νῦν,
2485 1295 2512 1347 ὃ
2542 1297 2638 1347 καὶ
2665 1298 2877 1364 γέγονε.
2915 1293 3098 1350 Τᾶλλα
3143 1298 3241 1367 μὲν
3278 1296 3475 1348 πολλοῦ
3504 1298 3569 1349 τὸ
3610 1298 3803 1365 λέγειν

2242 1387 2336 1440 ἐπὶ
2363 1387 2420 1439 δὲ
2450 1387 2509 1439 τὸ
2542 1387 2871 1457 τελεώτερον
2901 1390 2929 1440 ὁ
2952 1389 3108 1456 λόγος
3129 1428 3144 1453 ,
3193 1388 3261 1440 δι’
3286 1388 3314 1441 δ
3342 1392 3437 1443 καὶ
3460 1389 3831 1459 ἀπηρξάμην.

2246 1480 2403 1549 ’ῼετο
2427 1481 2455 1532 ὁ
2486 1480 2657 1543 δεινὸς
2680 1480 2823 1533 κατὰ
2856 1482 3052 1551 μικρὸν
3078 1483 3225 1551 ἡμᾶς
3248 1481 3427 1535 ἓλκειν
3448 1499 3463 1512 ·
3503 1484 3607 1535 οὐκ
3632 1486 3704 1535 ἐκ
3736 1482 3833 1535 τοῦ

2213 1569 2521 1640 ’συναίρειν
2554 1570 2711 1638 λόγον
2745 1572 2873 1641 περὶ
2922 1573 3181 1625 είκὸνωνο
3225 1572 3338 1626 ἀλλ’
3381 1575 3447 1626 ὲκ
3492 1574 3590 1625 τοῦ
3621 1574 3832 1641 ἁγαοο·

2241 1661 2415 1712 ποιεῖν
2449 1660 2612 1729 τυχόν
2633 1676 2645 1688 ⁸
2674 1660 2767 1713 τοῦ
2806 1679 2862 1713 τε
2895 1661 3083 1728 φιλικά
3112 1656 3317 1731 ὁμιλεῖν
3354 1662 3447 1716 καλ⁵
3471 1662 3836 1715 ἀνατίθεσθαι

2240 1750 2368 1813 τοὺς
2395 1748 2497 1819 τῆς
2530 1750 2789 1820 ὲξαρχίας
2828 1750 3020 1817 λόγους
3068 1751 3204 1817 (ἐπὶ
3251 1752 3359 1820 γὰρ
3390 1751 3498 1803 τῶν
3533 1753 3707 1803 πέντε
3735 1750 3838 1803 Θε-

559 1842 730 1893 rendo
762 1840 1155 1901 (Thematihus
1206 1843 1351 1897 enim
1410 1842 1655 1911 quinque
1692 1841 1975 1911 praefectus
2007 1842 2136 1912 est),

2253 1843 2437 1911 μάτων
2483 1842 2771 1909 τέθειται),
2809 1845 2902 1896 καὶ
2943 1843 3052 1914 μὴν
3100 1844 3195 1895 καὶ
3240 1843 3309 1895 τὰ
3350 1841 3443 1895 τοῦ
3493 1843 3838 1913 κρατοῦντος

558 1933 691 2001 quin
724 1944 778 1985 et
820 1935 1204 2003 imperatorem
1264 1934 1463 1987 divinis
1517 1934 1774 1988 laudibus
1809 1933 2137 1987 extollendo.

562 2022 744 2085 Venit,
787 2024 1110 2090 hujusmodi
1169 2023 1444 2093 colloquia
1501 2035 1730 2077 movet:
1762 2035 1835 2084 et,
1888 2023 2032 2091 quod
2074 2040 2141 2076 ne

560 2114 730 2170 semel
780 2116 1000 2183 quidem
1044 2115 1247 2170 fecerat
1285 2116 1338 2169 in
1390 2130 1628 2179 carcere,
1668 2125 1854 2183 potmn
1891 2115 2137 2183 praebuit.

557 2206 764 2259 Ansius
791 2207 998 2275 accepi,
1032 2208 1176 2261 ebibi
1198 2216 1281 2261 ter
1311 2206 1627 2275 obsignans.
1664 2205 1863 2260 factum
1892 2206 2136 2259 extimui.

560 2295 712 2351 Vah!
750 2296 918 2352 Paulo
960 2308 1082 2368 post
1128 2302 1266 2353 clam
1327 2301 1570 2355 abducit.
1620 2300 1781 2369 lnjeci
1830 2314 2137 2352 sermonem

558 2389 627 2444 de
653 2391 897 2446 veritate.
950 2389 1287 2445 lncitabatur
1320 2403 1373 2445 et
1404 2392 1513 2445 ille.
1551 2390 1851 2444 Sententiis
1880 2391 2020 2442 ultro
2067 2388 2143 2442 ei-

560 2488 757 2549 troque
796 2482 1227 2550 depugnavimus
1260 2499 1274 2548 ;
1314 2483 1415 2536 illo.
1435 2483 1651 2551 quidem
1692 2483 1850 2551 pleno
1880 2497 1975 2533 ore
2012 2480 2142 2533 ridi-

559 2572 680 2625 cule
740 2571 1035 2634 el'futieutc,
1082 2588 1168 2626 me
1229 2588 1358 2626 vero
1423 2574 1652 2627 remisse
1706 2573 1759 2625 in
1809 2572 2138 2642 quibusdam

560 2665 888 2731 procedente
921 2684 933 2719 :
965 2679 1029 2719 eo
1054 2664 1199 2733 quod
1226 2665 1290 2719 ad
1318 2666 1703 2734 imperatorem
1741 2665 1985 2718 tenderet
2015 2678 2137 2716 ser-

561 2772 672 2821 mo,
712 2768 765 2812 et
827 2772 894 2811 ne
944 2774 1068 2811 cum
1098 2759 1333 2812 tumultu
1370 2760 1809 2829 sejungerenmr.
1845 2756 2139 2825 Postquam

563 2864 696 2904 sane
727 2850 1159 2919 propositionem
1209 2866 1386 2904 meam
1429 2861 1483 2904 et
1526 2852 1639 2919 ipse
1667 2851 1862 2915 obieci,
1896 2864 2002 2901 non
2044 2850 2140 2901 ha-

561 2942 681 2997 buit
711 2944 854 3011 quod
886 2946 1255 3011 responderet.
1308 2945 1370 2997 Et
1403 2944 1513 2997 dixi
1552 2963 1563 2996 :
1600 2944 1857 3010 Quaenam
1891 2954 1975 2996 est
2024 2944 2140 2997 htec

563 3035 942 3104 blasphemia?
968 3034 1124 3089 Pater
1143 3048 1196 3090 et
1222 3035 1457 3103 Spiritus
1491 3037 1969 3090 communicat-unt
1990 3035 2041 3087 in
2076 3035 2140 3088 iis

563 3138 684 3191 qua:
715 3121 969 3176 Christus
1005 3125 1320 3178 humanitus
1358 3125 1550 3193 gessit,
1587 3140 1767 3179 annon
1795 3126 1817 3177 ?
1850 3126 1915 3178 Et
1938 3125 2024 3179 ille
2047 3141 2141 3178 an-

2244 1933 2569 1998 ὲκοειάζειν.
2604 1928 2802 1998 Ἷίκεν,
2858 1935 3077 2005 ἐκίνησε
3124 1936 3234 1998 τὰς·
3270 1934 3526 1993 τοιαύτας
3568 1936 3835 2003 ὁμιλίαςο

2241 2025 2321 2077 ἔτι
2368 2024 2396 2077 ὃ
2439 2027 2547 2078 οὐδ’
2594 2026 2741 2090 ἅπαξ
2786 2027 3043 2095 ἐποίησεν
3084 2027 3141 2079 ὲν
3174 2029 3241 2097 τῇ
3290 2026 3527 2097 φυλακῇ,
3582 2026 3835 2078 ἐπέδωκε

2244 2120 2414 2170 πιεῖν.
2445 2118 2682 2172 Ἐλαὸον
2716 2118 2959 2194 δαχοείςς
3001 2119 3153 2171 ἔπιον
3186 2118 3647 2189 κατασφραγίσας
3673 2118 3796 2187 τρίς
3817 2134 3832 2147 ·

2240 2210 2513 2279 ἔφοδήοην
2541 2210 2601 2263 τὸ
2627 2211 2831 2280 δρᾶμα.
2882 2211 3028 2267 osa!
3060 2212 3217 2265 Κατὰ
3244 2211 3440 2281 βραχὺ.
3482 2210 3835 2281 ἀνεπαισθῆ-

2239 2316 2346 2363 τως
2375 2303 2652 2371 κατασπᾷ.
2682 2302 2899 2371 Συνῆρα
2922 2302 3078 2369 λόγον
3108 2302 3236 2371 περὶ
3260 2301 3535 2370 ἀληθείας.
3558 2303 3832 2371 Ὠτρύνθη

2241 2396 2515 2456 κάκεῖνος.
2536 2394 3028 2464 ’Λντετοξεύσαμεν
3050 2395 3309 2463 χρήσεσιν
3332 2395 3600 2464 ἀλλήλους
3622 2411 3636 2423 ·
3658 2396 3831 2448 αὑτοῦ

2245 2486 2341 2553 μὲν
2373 2487 2901 2555 ἁποστοματίζοντος
2951 2487 3343 2558 χλευαστικῶς,
3380 2486 3561 2556 κάμοῦ
3594 2488 3834 2557 ὑφειμέ-

2242 2594 2347 2638 νως
2401 2580 2697 2647 ἐρχομένου
2732 2578 2788 2630 ἐν
2822 2594 2969 2629 τισι”
3020 2579 3107 2632 διὰ
3154 2578 3215 2631 τὸ
3265 2576 3661 2630 ἀποτείνασοαι
3705 2578 3834 2639 τοὺς

2240 2668 2432 2736 λόγους
2464 2671 2599 2739 πρὸς
2627 2673 2719 2723 τὸν
2754 2670 2980 2740 βασιλέα
3003 2688 3017 2702 ο
3052 2671 3146 2722 καὶ
3186 2670 3247 2722 τὸ
3294 2671 3367 2740 μὴ
3402 2672 3618 2739 ταραχῇ
3661 2687 3834 2722 κατα-

2239 2760 2520 2830 διαστῆναι
2551 2760 2813 2829 ἀλλήλων.
2869 2761 3088 2831 Ἐπειδὴ
3120 2761 3215 2813 καὶ
3246 2760 3509 2830 πρότασίν
3545 2778 3653 2829 μου
3697 2778 3827 2829 προ-

2240 2851 2515 2913 τείναντος
2544 2852 2814 2921 ἠπόρησε.
2847 2853 2953 2903 Καὶ
2976 2845 3149 2903 εἶπον·
3177 2851 3509 2919 Βλασφημία
3531 2851 3622 2913 τίς
3654 2850 3830 2919 αὖτης

2252 2942 2308 2993 '0
2343 2941 2530 3012 Πατὴρ
2562 2927 2656 2994 καὶ
2686 2943 2746 2995 τὸ
2783 2942 3008 3013 Πνεῦμα
3034 2943 3429 3013 κεκοινώνηκεν
3461 2945 3522 2995 ὲν
3552 2938 3640 3006 οἷς
3670 2944 3832 3014 ἔδρα-

2244 3050 2332 3084 σεν
2365 3034 2720 3102 ἀνθρωπίνως
2740 3037 2766 3087 ὁ
2783 3036 3037 3103 Χριστὸς,
3056 3037 3143 3088 ναὶ
3165 3036 3195 3105 ἦ
3229 3034 3288 3088 οὔ
3311 3035 3398 3099 ;’0
3419 3034 3478 3086 δὲ
3505 3036 3829 3098 κατένευσε,

2240 3125 2333 3177 καὶ
2356 3125 2713 3196 διισχυρίζετο
2734 3125 2907 3189 οὕτως
2935 3127 3099 3197 ἔχειν.
3128 3128 3229 3181 Διά
3248 3144 3329 3179 τοι
3350 3126 3527 3179 ταῦτα
3551 3130 3586 3197 ή
3612 3126 3826 3195 ὕφεσις,

560 3214 699 3276 nuit.
739 3223 789 3268 et
818 3215 1107 3270 afﬁrmavit
1137 3218 1206 3270 ita
1244 3232 1355 3270 rem
1390 3218 1610 3271 habere.
1648 3216 1872 3286 Propter
1903 3219 2015 3271 lnec
2044 3232 2131 3269 re-

2245 3215 2392 3286 καὶή
2426 3216 2500 3279 ὡς
2540 3220 2597 3269 ὲν
2634 3218 2785 3290 μάχῃ
2827 3218 3125 3282 διάστασις.
3168 3219 3227 3271 '0
3252 3219 3305 3271 δὲ
3330 3218 3591 3284 ἐξελθὼν,
3630 3220 3826 3288 φησίν·

567 3307 739 3362 missa
792 3309 1096 3374 contentio,
1126 3319 1181 3364 et
1227 3311 1383 3379 quasi
1415 3326 1444 3363 a
1477 3325 1655 3380 pugna
1694 3311 1996 3365 diseessum
2032 3318 2133 3363 est.

561 3400 632 3453 At
681 3400 768 3454 ille
806 3401 1087 3455 discedens
1122 3419 1135 3454 :
1174 3402 1250 3455 lta
1302 3403 1582 3470 putabam,
1630 3402 1828 3470 inquit,
1860 3402 2006 3454 hunc
2036 3416 2131 3469 pe-

563 3490 712 3543 nitus
767 3489 901 3543 nihil
957 3492 1097 3544 scire
1127 3510 1140 3544 :
1172 3490 1266 3544 sed
1314 3501 1372 3543 et
1417 3492 1686 3559 elinguem
1740 3506 1863 3562 eum
1902 3490 2131 3545 reddidi.

563 3574 676 3645 Ego
707 3592 833 3629 vero
862 3592 1050 3629 nuram
1076 3578 1292 3644 quidem
1332 3578 1483 3630 illum
1512 3579 1720 3631 ratione
1751 3578 2051 3643 carentem,
2080 3588 2135 3632 et

563 3682 728 3736 quam
774 3668 1007 3720 maxime
1058 3668 1270 3720 fatuum
1312 3685 1434 3721 eum
1476 3670 1772 3737 impietate.
1810 3668 1990 3723 Unum
2036 3686 2135 3723 an-

563 3767 671 3812 tem
703 3758 948 3827 quaesivi,
980 3769 1037 3811 ut
1068 3758 1344 3812 fictionem
1372 3761 1722 3827 deponerem,
1747 3770 1797 3814 et
1824 3761 1985 3813 aliam
2020 3776 2140 3830 per-

561 3864 751 3903 sooam
786 3866 1024 3919 agerem,
1052 3852 1261 3919 qualem
1293 3851 1445 3905 deCet
1494 3852 1758 3905 adversus
1808 3851 1999 3906 ducem
2034 3853 2137 3904 im-

560 3942 779 4009 pietatis
810 3959 823 3993 :
858 3942 983 4010 quia
1018 3941 1170 3995 nefas
1200 3952 1284 3996 est
1314 3952 1438 3996 ante
1488 3958 1688 4011 porcos
1745 3949 1959 3996 mittere
1994 3959 2138 3995 mar-

560 4034 761 4101 garitas
795 4032 861 4084 ⁷³.
904 4032 1038 4085 Hinc
1087 4049 1277 4102 magna
1331 4035 1594 4087 custodia:
1641 4050 1795 4097 cura,
1826 4043 1879 4087 et
1913 4035 2139 4087 interdi-

560 4133 705 4176 ctum
747 4138 814 4177 ne
861 4123 1131 4175 hominem
1170 4124 1336 4175 ullum
1371 4124 1654 4178 videmnus
1688 4143 1699 4178 :
1735 4125 1951 4178 tametsi
1985 4125 2141 4178 aliter

559 4215 834 4281 dispenset
878 4212 1038 4266 Dens.
1098 4211 1219 4266 llaac
1265 4214 1387 4268 licet
1431 4231 1520 4283 per
1582 4216 2009 4285 digressionem,
2044 4232 2141 4268 ne-

2252 3304 2501 3357 Ἐδόκουν
2529 3307 2612 3359 ὃτι
2643 3307 2763 3377 ᾔδει
2795 3324 2849 3359 τι
2878 3308 2987 3360 οὐδ’
3017 3308 3152 3371 ὅλως
3171 3322 3186 3337 ⁸
3218 3307 3353 3361 ἀλλὰ
3382 3309 3476 3360 καὶ
3509 3308 3832 3375 ἁπεστομά·

2240 3414 2368 3450 τισα
2416 3397 2600 3452 αὐτόν.
2653 3399 2795 3467 Ἐγὼ
2844 3400 2902 3453 δὲ
2948 3400 3119 3468 ἔγνων
3172 3399 3273 3469 μὲν
3316 3401 3478 3452 αὑτὸν
3511 3400 3714 3467 ἄλογον
3750 3400 3832 3452 ὅτι

2245 3488 2480 3558 μάλιστα
2516 3491 2611 3542 σὺν
2644 3489 3002 3560 ἀσεὸείᾳπΕν
3025 3491 3083 3543 δὲ
3118 3490 3377 3558 ἐζήτησα.
3410 3492 3510 3573 τὴν
3538 3492 3832 3559 ὑπόκρισιν

2236 3580 2539 3633 ἀποθέσθαι
2569 3598 2658 3651 με,
2689 3584 2778 3635 καὶ
2810 3583 2940 3637 ἄλλο
2973 3584 3265 3653 πρόσωπον
3307 3582 3606 3645 ἐπιδεῖξαι·
3639 3582 3718 3645 ὡς
3754 3582 3834 3633 δεῖ

2238 3670 2375 3741 πρὸς
2406 3671 2756 3742 ἀσεϐἁρχην·
2808 3674 2932 3725 ἐπεὶ
2979 3673 3039 3726 οὐ
3075 3672 3297 3743 Θεμιτὸν
3338 3674 3418 3734 εἰς
3469 3671 3573 3733 ὕας
3614 3671 3831 3741 βάλλειν

2235 3763 2362 3823 τοὺς
2391 3763 2763 3832 μαργαρίτας.
2807 3763 3146 3833 Ἐντεῦθενή
3192 3762 3364 3832 πολλὴ
3392 3763 3696 3831 ἀσφάλεια,
3740 3764 3831 3816 καὶ

2239 3853 2587 3922 παραγγελία
2620 3854 2714 3908 τοῦ
2750 3856 2825 3928 μὴ
2852 3857 2980 3909 ἰδεῖν
3006 3857 3153 3925 ἡμᾶς
3182 3856 3490 3927 ἄνθρωπον,
3524 3857 3632 3908 κᾶν
3658 3856 3831 3916 ἄλλως

2243 3948 2501 4020 οίκονομῇ
2553 3952 2707 4014 Θεός.
2759 3951 2948 4003 Ταῦτα
2996 3953 3045 4003 εί
3099 3952 3193 4004 καὶ
3241 3950 3825 4020 παρεκϐατικὼτερον,

2244 4036 2393 4105 ὅμως
2422 4039 2735 4107 ἀναγκαίως
2766 4039 2983 4110 εἴρηται
3002 4055 3016 4070 ·
3041 4039 3178 4111 πρὸς
3210 4040 3271 4092 τὸ
3306 4040 3529 4109 Θερμῶς
3558 4039 3827 4093 αἰτεῖσθαί

2248 4143 2307 4178 σε
2335 4128 2599 4197 ῥυσοῆναι
2632 4132 2780 4199 ἡμᾶς
2813 4131 2921 4182 ἀπὸ
2952 4133 3053 4201 τῆς
3086 4131 3308 4201 ἐνέδρας
3333 4130 3427 4183 τοῦ
3464 4131 3730 4195 ἀσεὸοὖς.
3772 4131 3827 4182 '0

2247 4218 2477 4286 ἀδελφός
2508 4238 2600 4275 σου
2626 4226 3028 4291 προσαγορεύει
3054 4238 3137 4274 σε.

560 4306 801 4359 cessario
860 4314 1041 4358 tamen
1072 4305 1211 4358 dicta
1250 4316 1399 4370 sunt,
1443 4323 1553 4377 quo
1590 4310 1750 4363 enixe
1818 4308 2062 4377 postules
2116 4317 2175 4362 ut
2216 4310 2285 4363 ab
2319 4311 2471 4381 impii
2514 4314 2732 4369 insidiis
2795 4314 3111 4368 liberemur.
3146 4310 3335 4367 Frater
3362 4323 3491 4367 tuus
3529 4313 3633 4367 tibi
3688 4313 3827 4367 salu-

558 4412 665 4456 tem
698 4399 849 4453 dicit.

1128 4508 1226 4558 Pro
1255 4507 1449 4559 Christo
1471 4516 1722 4560 certantes
1745 4511 1978 4574 praedicat
2009 4516 2362 4574 conﬁrmatque
2386 4514 2643 4574 proposito
2676 4521 2945 4574 marinum
2970 4512 3221 4576 exemplo.

627 4692 817 4749 LXIV.
850 4694 1152 4748 Theodorus
1187 4708 1429 4767 peccator
1468 4704 1776 4767 monachus,
1802 4705 2135 4772 spiritalibus

552 4781 680 4833 meis
702 4780 953 4834 Patribus
975 4798 1035 4834 ac
1052 4784 1311 4851 fratribus
1327 4788 1417 4854 qui
1437 4791 1657 4857 confessi
1675 4804 1816 4855 sunt,
1835 4793 2137 4848 decertant-

553 4889 651 4940 (μεθ
700 4875 755 4926 in
811 4876 1108 4930 carceribus
1141 4892 1160 4931 :
1192 4894 1414 4947 quorum
1472 4882 1683 4935 nomina
1734 4898 1857 4939 sunt
1895 4890 1950 4940 in
1996 4889 2132 4942 libro

552 4966 697 5018 rimi.

627 5096 726 5151 Ubi
770 5100 974 5167 accepi,
1011 5116 1043 5152 ο
1070 5104 1546 5169 desideratissimi,
1590 5109 1967 5165 testimonium
2001 5115 2121 5169 exi-

551 5188 673 5240 mia:
729 5200 921 5243 vestra:
974 5194 1335 5249 confessionis
1387 5211 1483 5265 pro
1540 5198 1805 5265 Christo;
1843 5203 1897 5253 in
1935 5202 2127 5260 laudes

549 5280 703 5347 crupi
739 5296 752 5332 :
794 5280 1088 5349 glorificavi
1133 5283 1300 5338 Deum
1355 5290 1444 5356 qui
1485 5306 1580 5341 vos
1609 5306 1669 5342 ex
1707 5293 1991 5362 peregrina
2042 5311 2130 5349 re-

550 5375 713 5441 gione
745 5375 797 5425 in
838 5375 1040 5443 regiam
1096 5377 1370 5431 civitatem
1411 5383 1646 5446 vocavit,
1690 5393 1949 5454 tanquam
1996 5401 2127 5442 oves

547 5464 865 5529 rationales,
896 5466 964 5519 ad
998 5467 1435 5536 profundendum
1468 5474 1787 5541 sanguinem
1818 5477 1870 5528 in
1899 5480 2123 5533 odorem

546 5555 831 5609 suavitatis
873 5555 977 5627 ipsi
1005 5577 1019 5612 :
1045 5567 1297 5629 tanquam
1337 5562 1509 5615 lucem
1536 5580 1726 5617 eorum
1762 5568 1854 5635 qui
1892 5549 1942 5622 i'n
1973 5580 2124 5625 tene-

547 5646 665 5702 bris
695 5647 958 5705 dimicant
988 5652 1252 5711 haareticae
1274 5655 1559 5727 caliginis!
1594 5658 1900 5715 Incredibili
1928 5663 2123 5721 deinde

612 5805 660 5839 "
684 5803 875 5863 Matth.
916 5824 1006 5873 νιι.
1044 5812 1098 5870 6.

2241 4708 2344 4762 ΞΔ.
2386 4738 2455 4747 —
2513 4709 2812 4778 Θεόδωρος
2868 4712 2901 4762 ό
2947 4708 3296 4777 ἁμαρτωλὸς
3329 4712 3651 4777 μοναχὸςς
3709 4709 3820 4776 τοῖς

2307 4802 2732 4871 πνευματικοῖς
2762 4820 2876 4869 μου
2908 4802 3175 4871 Πατράσι
3210 4802 3308 4855 καὶ
3341 4803 3665 4871 ἀδελφοῖς,
3694 4808 3821 4872 ὀμο-

2303 4894 2629 4963 λογήσασι,
2663 4895 2761 4948 καὶ
2792 4895 3161 4950 ἐναθλοῦσιν
3186 4896 3257 4947 ἐν
3291 4896 3558 4963 εΙρκταῖς
3579 4914 3596 4927 σ
3643 4890 3732 4950 ὧν
3754 4897 3818 4949 τὰ

2306 4986 2568 5053 ὀνόματα
2590 4987 2660 5038 ἐν
2678 4986 2877 5052 ,ϐίϐλῳ
2904 4986 3073 5055 ζωῆς.
3104 4987 3290 5061 [ul-qh]

2312 5118 2615 5191 Ἀκηκοὼς,
2652 5114 2696 5173 ὦ
2724 5121 3064 5192 τριπόθητοι,
3094 5122 3155 5176 τὸ
3182 5122 3483 5193 μαρτύριον
3516 5123 3623 5194 τῆς
3655 5124 3817 5191 καλῆς

2227 5207 2383 5277 ὑμῶν
2417 5210 2712 5280 ὁμολογίας
2760 5213 2900 5283 ὑπὲρ
2946 5214 3228 5283 Χριστοῦ,
3280 5214 3545 5285 ὖμνησα’
3595 5218 3816 5281 ἐδόξασα

2227 5300 2319 5353 τὸν
2346 5302 2480 5354 Θεὸν
2526 5305 2617 5355 τὸν
2646 5305 2955 5358 καλέσαντα
2979 5307 3126 5374 ὑμᾶς
3158 5306 3223 5357 ἐκ
3265 5307 3365 5375 τῆς
3410 5307 3724 5379 ἀλλοδαπῆς
3758 5310 3814 5361 ὲν

2226 5398 2291 5466 τῇ
2326 5395 2559 5463 βασιλίδι
2588 5397 2703 5447 τῶν
2724 5397 2957 5461 πόλεων,
2984 5398 3147 5449 οἱονεὶ
3172 5398 3343 5466 ἄρνας
3375 5397 3660 5464 λογικοϋῦ
3678 5395 3811 5467 αἷμα

2230 5487 2466 5537 κενῶσαι
2496 5488 2576 5548 είς
2599 5487 2773 5557 ὀσμὴν
2801 5488 3028 5549 εὐωδίας
3051 5487 3199 5557 αὐτῷ
3220 5504 3233 5517 ο
3257 5489 3374 5556 φῶς
3398 5490 3512 5541 τῶν
3541 5493 3601 5542 ἐν
3636 5493 3811 5543 σκότει

2230 5578 2329 5645 τῆς
2360 5578 2649 5646 αἱρετικῆς
2686 5577 3078 5647 νυκτομαχίαις.
3120 5576 3253 5632 Εἶτα
3302 5572 3579 5651 ἐπιθυμίᾳ
3616 5582 3811 5635 ἐπεθύ.

2232 5686 2381 5741 μησα
2413 5674 2438 5724 ὁ
2461 5669 2722 5734 ταπεινὸς
2761 5671 2886 5725 ἰδεῖν
2914 5672 3062 5743 ὑμᾶς
3086 5676 3213 5736 τοὺς
3243 5671 3513 5745 ἀθλητὰς,
3533 5677 3628 5729 καὶ
3660 5692 3807 5746 περι-
