3990 6318
117 349 262 414 1285

1343 357 1888 419 EPISTOLARUM
1929 359 2078 420 LIB.
2120 359 2198 419 II.

3275 360 3413 423 1286

114 459 433 525 πτύξασθαι
463 458 560 514 ἕνα
592 459 714 514 καθ’
766 463 884 529 ἕνα,
922 463 1072 535 πόθῳ
1114 464 1366 538 διαπύρῳ
1395 468 1710 538 ἑλκόμενος.

1823 469 2123 539 cupiditate
2145 467 2329 523 exarsi
2356 482 2455 539 ego
2485 467 2739 530 humilis,
2771 482 2865 522 vos
2897 467 3416 535 athletasintueudi,

127 553 279 607 Ἀλλ’
321 554 510 626 ἐπειδὴ
561 554 722 608 τοῦτο
775 558 1107 627 σωματικῶς
1152 560 1447 614 ἀδύνατον·
1491 561 1581 615 διὰ
1618 561 1715 616 τοῦ

111 647 452 719 γράμματος
483 649 774 718 ἁρπαγεὶς,
804 652 899 703 καὶ
930 651 1093 722 μέσος
1120 653 1315 717 ἑστὼς,
1347 655 1444 707 καὶ
1474 655 1718 719 ἀσπάζο-

117 757 224 809 μαι
253 741 320 792 τὰ
348 740 480 808 ἆγια
515 740 668 812 ὑμῶν
695 741 838 813 ἴχνη,
871 747 978 796 καὶ
1011 745 1154 815 φιλῶ
1181 747 1452 817 φλιήματι
1480 747 1621 817 ἁγίῳ
1647 749 1717 802 τὰ

116 833 248 905 ἱερὰ
289 834 444 903 ὑμῶν
477 834 860 906 πρόσωπα.⁷Ω
887 839 1043 891 καλοὶ
1075 840 1413 910 στρατιῶται
1449 839 1713 910 Χριστοῦ,

111 927 195 990 ὠς
237 928 332 980 ἀπ’
367 929 623 998 οὐρανίου
656 932 1047 1003 στρατολογίας
1078 934 1447 1002 κεκλημένοι·
1482 928 1526 986 ὦ
1556 935 1717 988 ἀστέ-

115 1038 215 1090 ρες
247 1024 458 1090 φαεινοί
491 1023 550 1075 ὲν
584 1027 740 1077 νυκτὶ
780 1026 1037 1089 ἀσεϐείας
1072 1027 1462 1096 διαυγάζοντες
1493 1028 1713 1100 ὀρθοδο-

113 1115 276 1179 ξίανῐ
326 1116 467 1187 ὑπὲρ
506 1118 730 1187 χρυσίον
776 1120 1245 1190 τιμαλφέστεροι,
1300 1121 1442 1190 ὑπὲρ
1497 1122 1714 1192 σμάρα-

110 1210 251 1276 γδον
303 1212 396 1265 καὶ
443 1213 728 1284 μάργαρον
775 1215 1250 1285 ἐκλαμπρότεροιί
1295 1214 1515 1278 Πολλοῖς
1569 1216 1712 1286 ὑμᾶς

109 1299 350 1369 ὀνόμασι
374 1303 741 1373 καταστέφειν
773 1305 1070 1372 ἀξιολόγως
1105 1307 1414 1376 ἐφιέμενος,
1451 1307 1512 1359 οὐ
1538 1324 1715 1376 παρα-

111 1392 407 1463 χωροῦμαι
424 1395 501 1466 τῷ
533 1397 718 1467 μέτρῳ
740 1402 837 1467 τῆς
864 1400 1155 1468 ἐπιστολῆς
1176 1402 1514 1473 στενοχωροῦ
1527 1421 1707 1472 μενος.

127 1485 247 1540 Ἑνὶ
294 1488 350 1541 δὲ
402 1488 548 1559 λόγῳ
596 1489 658 1542 τὸ
704 1491 813 1542 πᾶν
865 1490 1178 1560 περιλαϐὼν
1224 1492 1476 1563 λέγοιμι*
1520 1495 1599 1547 ὅτι
1651 1496 1712 1547 τὸ

115 1581 429 1651 μαρτύριον
473 1582 632 1652 ὑμῶν
675 1583 983 1636 ἰσοστάσιον
1017 1587 1139 1647 «toi;
1187 1586 1301 1639 ἅνω
1352 1588 1707 1657 μαρτυρίοις·

113 1675 357 1745 ἐπείπερ
405 1676 697 1744 τηλαυγῶς
743 1678 979 1749 Χριστὸν
1027 1679 1282 1748 ὁμολογεί
1327 1683 1354 1732 6
1388 1682 1486 1751 τὴν
1525 1683 1710 1735 εἰκόνα

113 1769 366 1838 Χριστοῦ
410 1769 690 1838 ὁμολογῶν
743 1770 1031 1841 δέχεσθαι*
1062 1773 1134 1836 ὡς
1166 1773 1345 1826 καὶτὸ
1394 1779 1492 1845 τῆς
1537 1777 1708 1846 ἀρνή-

118 1878 262 1923 σεως
294 1861 428 1931 ἔχει.
476 1862 542 1914 ἸΙ
584 1864 687 1933 γάρ
716 1867 814 1933 τῆς
853 1865 1226 1936 εἰκόνος,τιμὴ
1268 1868 1362 1919 ἐπὶ
1401 1869 1463 1920 τὸ
1493 1872 1708 1940 πρωτό-

110 1969 286 2003 τυπον
320 1951 629 2017 ἀναϐαίνει,
664 1955 738 2016 ὡς
777 1958 804 2007 ὁ
834 1956 1004 2025 μέγας
1036 1959 1317 2021 Βασίλειος
1343 1959 1445 2030 ἔφη
1469 1978 1481 1990 ·
1517 1963 1610 2015 καὶ
1649 1963 1709 2015 τὸ

109 2045 428 2114 ἀρχέτυπον
459 2047 517 2096 ἐν
559 2048 621 2116 τῇ
660 2047 830 2100 εἰκόνι
871 2049 1212 2118 ἐκφαίνεται,
1271 2053 1345 2115 ὡς
1392 2050 1548 2117 αὖθις
1585 2059 1708 2106 Διο-

110 2136 301 2202 νύσιος
338 2139 365 2190 6
405 2137 683 2207 πάνσοφος
733 2135 876 2195 εἷπε.
914 2143 1022 2193 Καὶ
1054 2143 1179 2195 ἐπεὶ
1227 2145 1461 2213 Χριστὸς
1496 2146 1709 2218 ἄνθρω-

110 2247 214 2292 πος
250 2231 503 2298 τέλειος,
562 2233 731 2303 μηδὲν
779 2234 1113 2299 ἐκλελοιπὼς
1159 2238 1270 2291 τῶν
1299 2240 1355 2290 ἐν
1401 2239 1710 2310 ἀνθρώποις

113 2322 546 2393 θεωρουμένων·
568 2325 683 2394 ἔχει
715 2327 772 2378 τί)
805 2325 1233 2392 ἐξεικονίζεσθαι
1258 2331 1333 2393 ὡς
1355 2334 1462 2392 πᾶς
1495 2332 1710 2404 ἅνθρω-

113 2433 250 2479 πος’
303 2417 497 2486 ὥσπερ
533 2416 645 2487 ἔχει
688 2418 747 2470 τὸ
801 2419 875 2490 μὴ
912 2421 1400 2491 περιγράφεσθαι,
1443 2423 1579 2475 καθὸ
1617 2424 1713 2474 καὶ

114 2506 248 2568 Θεὸς
278 2508 306 2560 6
338 2508 503 2570 αὐτὸς
537 2508 765 2571 τέλειος.
800 2510 862 2561 Et
911 2510 955 2561 δ’
995 2513 1095 2563 οὐκ
1144 2514 1479 2583 ὲγγράεροιτο
1520 2533 1712 2583 σωμα-

116 2599 253 2668 τικῷ
295 2600 651 2670 χαρακτῆρι,
689 2601 913 2654 οὑτίπου
965 2603 1272 2674 ἅνθρωπος.
1331 2608 1565 2676 Σημεῖον
1604 2608 1713 2679 γὰρ

115 2693 340 2763 πρῶτον
372 2695 467 2746 καὶ
500 2695 701 2765 ἀληθὲς
751 2698 832 2748 ὅτι
865 2697 1155 2768 ἄνθρωπος
1179 2742 1194 2764 ,
1229 2701 1276 2752 εί
1329 2699 1709 2765 ἐξεικόνισται.

113 2787 226 2840 Καὶ
253 2786 409 2839 οὔπω
435 2788 568 2857 περὶ
601 2790 702 2858 τῆς
735 2789 1025 2861 δεσποίνης
1063 2793 1158 2844 τοῦ
1192 2795 1392 2857 παντὸς
1421 2795 1713 2862 θεοτόκου,

113 2883 208 2932 καὶ
235 2880 375 2932 ὅλων
414 2879 714 2952 συλλήϐδην
748 2882 857 2934 τῶν
896 2883 1069 2952 ἁγίων
1090 2900 1102 2913 ⁸
1137 2879 1211 2939 ὧν
1241 2887 1565 2959 ἁθέτησις.ή
1606 2888 1714 2943 τῶν

117 2972 338 3024 σεπτῶν
372 2972 555 3024 αὐτῶν
590 2974 818 3027 εἰκόνων
866 2977 1169 3046 ἀναίρεσις.
1229 2980 1373 3032 Ἀλλ’
1425 2982 1452 3032 6
1513 2980 1714 3033 συνιὼν

117 3066 293 3117 συνιεί
318 3080 333 3095 ο
371 3064 466 3117 καὶ
500 3065 529 3116 ὁ
556 3065 766 3120 ἀθετῶν
816 3068 1002 3121 ἀθετεῖ
1031 3071 1294 3140 ὀλεθρίως
1317 3087 1332 3103 ⁸
1365 3077 1477 3135 τοῖς
1514 3073 1715 3140 λογίοις
1742 3107 1784 3163 C

115 3160 648 3228 ἀντιφθεγγόμενος.
683 3163 791 3215 Καὶ
828 3166 859 3233 ἡ
893 3162 1111 3227 ἐξουσία
1138 3167 1240 3236 δρᾷ
1261 3167 1346 3218 ἀεὶ
1371 3168 1712 3232 ἐξουσιαστι-

116 3253 265 3317 κῶς·
305 3255 400 3307 καὶ
445 3255 496 3306 οξ
551 3253 648 3308 τοῦ
696 3255 831 3309 Θεοῦ
874 3257 1069 3325 ὀλίγοι,
1110 3259 1159 3310 εἰ
1206 3259 1300 3310 καὶ
1341 3259 1543 3320 πάντες
1575 3259 1715 3310 πλά-

119 3361 340 3414 σματα·
376 3346 473 3398 καὶ
499 3346 658 3409 τέλος
689 3350 756 3419 τῇ
791 3348 1071 3420 θεοκλήτῳ
1098 3350 1274 3420 πέτρα
1298 3351 1506 3403 ἄνωθεν
1533 3352 1626 3402 καὶ
1654 3349 1712 3414 ἐξ

114 3438 292 3507 ἀρχῆς
347 3437 517 3491 πύλαι
566 3437 693 3509 ᾇδου
740 3442 1223 3511 προσρήγνυνται’
1287 3441 1404 3495 ἀλλ’
1461 3441 1712 3513 οὐδαμῶς

119 3531 488 3600 κατίσχυσαν,
522 3531 630 3582 οὐδ’
660 3531 728 3584 ἂν
763 3533 1173 3601 κατισχύσωσιν
1212 3533 1379 3603 αὐτῆς
1403 3551 1415 3563 ι
1447 3534 1522 3596 ὼς
1553 3537 1585 3605 ή
1616 3534 1712 3586 τοῦ

117 3620 388 3690 ἀψευδοῦς
425 3623 744 3694 ὑπόσχεσις.
775 3625 886 3688 Διὸ,
919 3626 1161 3695 ιιατέρες
1195 3644 1296 3698 μου
1332 3628 1428 3679 καὶ
1471 3628 1712 3696 ἀδελφοὶ,

117 3713 376 3781 στήκετε
409 3716 481 3768 ἐν
514 3715 588 3785 τῇ
638 3719 875 3782 πίστει,
911 3717 1281 3786 ἀνδρίζεσθε,
1322 3720 1717 3788 κραταιοῦσθε

118 3806 187 3859 ὲν
235 3809 458 3876 Κυρίῳ.
501 3809 567 3864 Οἱ
615 3811 767 3881 χοροὶ
809 3810 919 3862 τῶν
957 3812 1250 3881 μαρτύρων
1305 3814 1440 3884 πρὸς
1489 3814 1718 3876 ἑαυτοὺς

121 3897 265 3968 ὑμᾶς
291 3899 659 3967 ἐγκαλοῦνται
680 3917 692 3931 °
713 3901 824 3954 τῶν
854 3902 1203 3972 ὁμολογητῶν
1231 3903 1718 3966 ὡσαύτως.Ταῦτα

121 3990 195 4056 ὡς
222 3993 282 4046 ἒν
312 3992 545 4062 ὀλίγοις.
605 3995 975 4058 Συνὰπτοντες
1009 3997 1136 4061 ὑμῖν
1168 3997 1400 4059 ἑαυτοὺς
1444 3997 1493 4049 οἱ
1539 3997 1720 4065 ἐλάχι-

125 4097 261 4153 στοι,
307 4088 405 4140 καὶ
436 4087 691 4150 ἀπόντες,
721 4086 798 4155 τῷ
837 4087 1151 4156 πνεύματι·
1187 4087 1263 4150 ὡς
1293 4088 1358 4142 ἂν
1381 4087 1601 4156 γνοίητε
1638 4089 1721 4139 ὅτι

128 4181 275 4251 ἔχετε
313 4181 476 4253 μέλος
521 4181 749 4251 ἔσχατον
779 4177 884 4235 ὧδέ
913 4199 1015 4234 που
1051 4182 1491 4252 περιωρισμένον
1522 4182 1614 4232 ἐπὶ
1655 4183 1720 4250 τῇ

131 4275 265 4346 αὐτῇ
292 4274 593 4345 ὁμολογία·
649 4276 744 4326 καὶ
792 4275 980 4327 αἰτοῦν
1033 4276 1176 4343 ὑμᾶς
1214 4273 1617 4343 συλλαμϐάνειν
1661 4275 1718 4322 ἐν

129 4369 244 4429 ταῖς
275 4369 463 4434 ἁγίαις
495 4370 861 4437 προσευχαῖς,
907 4369 1138 4420 κατόπιν
1187 4368 1323 4419 ἰέναι
1371 4365 1479 4418 τῶν
1518 4365 1719 4434 τιμίων

131 4460 160 4512 ῦ
168 4460 282 4527 μῶν
324 4461 511 4530 ίχνῶν.

1819 576 1883 616 ac
1938 560 2288 631 amplexandi
2353 576 2834 631 unumquemque,
2888 561 3114 616 incenso
3171 564 3416 618 omnium

1819 670 2007 708 amore
2041 665 2370 724 pertractus.
2408 654 2514 709 Sed
2563 656 2823 724 quoniam
2863 654 2978 708 ﬁeri
3018 671 3124 708 non
3162 665 3337 724 potest
3359 666 3419 711 ut

1819 759 2005 798 coram
2041 745 2213 800 adsim
2284 762 2519 816 corpore
2554 765 2568 813 ;
2607 763 2703 816 per
2762 749 2976 803 litteras
3033 746 3316 819 abreptus,
3353 768 3418 807 ac

1820 835 1984 888 veluti
2033 845 2185 890 stans
2247 837 2300 890 in
2359 838 2562 902 medio,
2596 849 2650 891 et
2704 841 3052 893 sanctissima
3113 843 3416 910 amplector

1818 928 2046 997 vestigia
2095 937 2296 992 vestra,
2328 939 2380 983 et
2410 945 2504 983 ora
2533 946 2690 984 sacra
2727 934 2918 986 osculo
2952 944 3144 987 sancto
3178 951 3413 990 exoscu-

1819 1018 1922 1072 lor.
1959 1019 2002 1071 0
2037 1021 2246 1073 strenui
2283 1023 2483 1077 milites
2519 1023 2746 1085 Christi,
2776 1025 2930 1094 quasi
2963 1026 3169 1079 callesti
3199 1027 3411 1083 delectu

1817 1113 2146 1181 conscripti!
2187 1130 2219 1167 ο
2256 1115 2436 1169 sidera
2473 1115 2654 1170 lucida
2707 1133 2802 1186 per
2857 1118 3151 1185 impietatis
3192 1132 3408 1175 noctem

1816 1214 1980 1259 rectae
2015 1206 2138 1259 lidci
2177 1207 2462 1276 splendore
2498 1206 2758 1277 fulgentia
2791 1211 2803 1262 ι
2847 1209 2994 1262 omni
3043 1226 3177 1264 auro
3209 1215 3412 1281 pretio-

1816 1301 1993 1353 siora!
2029 1303 2318 1371 smaragdo
2350 1312 2402 1355 et
2441 1303 2643 1355 unione
2700 1303 3022 1356 micantiora
3052 1305 3063 1357 Ε
3103 1305 3236 1358 Cum
3272 1307 3409 1362 tuui-

1816 1391 1889 1445 tis
1924 1408 2020 1446 vos
2055 1408 2323 1448 exornare
2350 1394 2687 1456 nominibus,
2723 1405 2780 1448 ut
2814 1411 2913 1463 par
2935 1405 3039 1460 est,
3064 1397 3406 1467 desiderem;

1816 1499 1924 1537 non
1954 1484 2144 1536 sinunt
2182 1485 2433 1553 cpistola:
2493 1485 2661 1540 unius
2711 1487 2980 1557 anguslite
3010 1488 3411 1555 quibusinclu-

1815 1576 1936 1631 dor.
1999 1575 2119 1630 Uno
2156 1589 2336 1631 autem
2373 1579 2537 1632 verbo
2599 1579 2853 1633 universa
2885 1581 3207 1648 complexus
3253 1583 3403 1636 dixe-

1814 1671 1941 1736 rim,
1973 1673 2321 1740 superiorum
2355 1681 2665 1741 temporum
2705 1675 2981 1744 niartyriis
3015 1684 3256 1729 vestrum
3292 1693 3414 1731 esse

1819 1782 1917 1834 par
1970 1775 2023 1820 et
2079 1768 2289 1835 :equale
2339 1769 2661 1838 martyrium
2694 1787 2706 1822 :
2736 1771 3182 1839 quandoquidem
3214 1776 3413 1826 'mani-

1817 1857 1957 1912 feste
1983 1858 2265 1914 Christum
2323 1862 2633 1927 conﬁtetur,
2663 1866 2754 1932 qui
2787 1880 2846 1917 se
2879 1863 3084 1918 Christi
3119 1864 3409 1933 imaginem

1818 1955 2111 2007 conlitetur
2143 1955 2435 2010 admittere
2471 1975 2482 2009 :
2523 1957 2780 2026 idemque
2807 1959 2874 2011 de
2912 1958 3204 2027 negatione
3238 1960 3402 2013 vicis-

1819 2047 1920 2098 sim
1951 2047 2321 2102 sentiendum.
2372 2048 2629 2119 lmaginis
2661 2053 2810 2104 enim
2853 2053 3030 2105 honos
3063 2053 3126 2105 ad
3175 2062 3412 2122 prototy-

1820 2153 1949 2206 pum
1983 2141 2203 2201 transit,
2237 2153 2296 2193 ut
2328 2155 2558 2210 magnus
2589 2143 2728 2195 dixit
2780 2141 3021 2196 Basilius
3056 2159 3069 2195 :
3109 2153 3161 2196 et
3193 2146 3242 2195 in
3277 2144 3412 2196 ima-

1820 2229 1943 2298 gine
1976 2231 2332 2303 archetypum
2372 2234 2636 2299 cernitur,
2673 2244 2730 2286 ut
2761 2250 2980 2287 rursum
3014 2224 3085 2287 aii
3119 2235 3410 2303 sapientis-

1820 2321 1994 2376 simus
2027 2323 2339 2394 Dionysius.
2375 2324 2439 2378 Et
2466 2327 2729 2394 quoniam
2770 2327 3025 2381 Christus
3074 2327 3240 2381 homo
3288 2345 3412 2397 pero

1821 2412 2001 2468 fectus
2031 2424 2135 2479 est,
2164 2417 2248 2469 cui
2273 2419 2616 2472 nihileorum
2653 2421 2826 2473 defuit
2852 2436 2974 2488 qua:
3007 2421 3059 2473 in
3096 2419 3410 2477 hominibus

1821 2505 2103 2560 intuemur
2137 2523 2149 2559 :
2183 2518 2378 2563 natura
2429 2511 2615 2576 habet,
2672 2511 2900 2580 perinde
2931 2528 2994 2565 ac
3021 2513 3202 2580 qlllVlS
3235 2513 3411 2566 homi-

1822 2615 1975 2663 num,
2004 2607 2062 2650 ιιι
2093 2599 2352 2655 deliueari
2390 2603 2560 2672 possit
2601 2621 2614 2656 :
2657 2604 3119 2672 quemadmodum
3167 2605 3328 2658 habet
3356 2612 3412 2658 ut

1821 2693 2200 2748 circumscribi
2243 2711 2349 2747 non
2403 2696 2595 2764 possit,
2646 2709 2918 2764 quatenus
2970 2697 3113 2749 idem
3165 2705 3218 2749 et
3266 2696 3408 2753 Deus

1823 2786 2098 2856 perfectus
2127 2795 2230 2841 est.
2287 2788 2442 2854 Quod
2492 2790 2536 2844 si
2579 2805 2845 2859 corporea
2897 2791 3259 2844 similitudine
3312 2791 3409 2844 dc.-

1823 2881 1972 2952 pingi
2006 2894 2114 2934 non
2148 2893 2345 2951 potest,
2382 2885 2572 2952 utique
2624 2900 2721 2938 nec
2774 2884 2940 2938 homo
2964 2897 3069 2939 CSI.
3108 2887 3410 2952 Argumen-

1824 2984 1938 3030 tum
1994 2978 2138 3032 euim
2200 2976 2437 3041 primum
2470 2982 2553 3027 cst
2587 2990 2651 3028 ac
2687 2989 2898 3036 verum,
2935 2977 3080 3044 quod
3124 2977 3284 3029 homo
3318 2980 3408 3041 sit,

1822 3071 1866 3122 si
1899 3080 1983 3124 est
2011 3068 2281 3139 ejusmodi
2321 3077 2377 3120 ut
2421 3067 2542 3134 ejus
2575 3069 2757 3136 imago
2814 3069 3122 3137 ellingatur.
3167 3069 3407 3124 Necdum

1819 3163 2015 3231 loquor
2049 3163 2115 3215 de
2143 3161 2331 3229 regina
2358 3160 2598 3212 universi
2640 3159 2864 3228 Deipara
2901 3179 2912 3213 :
2943 3173 3034 3213 aut
3065 3164 3130 3216 de
3154 3164 3410 3218 omnibus

1816 3262 2024 3315 sanctis
2061 3259 2360 3329 generatim
2391 3274 2666 3326 :quorum
2700 3267 3050 3326 contemptus
3101 3269 3204 3323 est,
3250 3274 3411 3312 vene-

1817 3351 2117 3404 raudarum
2174 3349 2420 3418 ipsorum
2459 3347 2756 3416 imaginum
2791 3349 3020 3401 eversio.
3065 3347 3168 3400 Sed
3198 3350 3287 3416 qui
3324 3349 3409 3401 in-

1817 3441 2075 3511 telligens
2124 3449 2227 3504 est,
2261 3439 2514 3507 intelligit
2548 3455 2561 3492 :
2595 3450 2649 3492 et
2674 3439 2766 3507 qui
2803 3451 3018 3508 spretor
3063 3450 3164 3504 est,
3212 3440 3410 3493 damno

1817 3551 1918 3590 suo
1948 3535 2177 3602 spernit,
2203 3534 2378 3587 sacris
2411 3533 2627 3601 paginis
2656 3533 3059 3586 coalradicens.
3088 3532 3151 3585 Et
3177 3534 3413 3587 abutun-

1818 3641 1907 3683 tur
1940 3628 2158 3698 quidem
2199 3627 2428 3696 imperio
2464 3637 2765 3695 potestates
2797 3645 2809 3680 :
2841 3637 2894 3680 et
2929 3628 3019 3693 qui
3046 3643 3142 3694 pro
3176 3627 3282 3681 Deo
3313 3627 3398 3682 di-

1819 3725 2026 3776 micant
2049 3721 2203 3791 pauci
2226 3730 2385 3785 sunt;
2424 3734 2740 3789 quanquam
2772 3735 2964 3773 onmes
2987 3721 3054 3774 ab
3078 3737 3142 3779 eo
3166 3720 3366 3774 conditi
3393 3738 3408 3786 ;

1820 3815 2056 3884 denique
2094 3815 2159 3867 ad
2194 3824 2422 3880 petram,
2463 3811 2543 3864 sic
2597 3812 2740 3864 enim
2793 3811 2935 3866 Deus
2981 3813 3233 3881 appellat,
3267 3812 3409 3880 jam-

1823 3908 2033 3978 pridem
2072 3916 2234 3974 atque
2273 3920 2301 3958 a
2353 3904 2624 3974 principio
2679 3913 2847 3974 portae
2877 3903 3040 3957 inferi
3068 3905 3363 3958 alliduntur
3396 3923 3409 3958 :

1824 4002 1916 4054 sed
1985 4013 2334 4066 nequaquam
2413 3997 2812 4066 praavaluere:
2876 4012 2974 4051 nec
3043 3999 3416 4066 praivalehunt

1825 4095 2088 4147 adversus
2137 4106 2257 4143 eam
2283 4089 2350 4150 7",
2380 4099 2438 4141 ut
2467 4089 2742 4158 pollicitus
2788 4097 2871 4141 est
2910 4089 2956 4142 is
2987 4089 3079 4156 qui
3112 4105 3272 4142 verax
3305 4099 3406 4142 est.

1826 4183 2223 4246 Quamobrem,
2255 4178 2447 4232 Patres
2479 4179 2582 4232 mei
2638 4179 2946 4247 fratresque
2981 4199 2994 4233 :
3033 4177 3180 4233 State
3208 4181 3261 4232 in
3291 4180 3414 4248 ﬁde,

1826 4275 2046 4329 uiriliter
2076 4275 2237 4343 agite,
2266 4272 2652 4339 confortamini
2687 4274 2740 4324 in
2770 4272 2994 4325 Domino
3035 4274 3101 4326 ⁷³.
3139 4272 3241 4326 Vos
3266 4275 3328 4326 ad
3355 4290 3413 4325 se

1829 4367 1985 4421 chori
2016 4378 2319 4436 martyrum
2353 4364 2587 4416 im‘i‘tanl
2613 4380 2767 4434 aeque
2798 4381 2860 4417 ac
2886 4365 3285 4419 confcssorum.
3313 4365 3412 4417 Sed

1757 4453 1796 4504 Ι)
1830 4461 1934 4513 ista
1977 4459 2212 4528 paucis:
2247 4471 2476 4524 nosque,
2526 4456 2620 4523 qui
2673 4455 2883 4509 minimi
2929 4473 3141 4522 sumus,
3173 4467 3224 4509 et
3265 4457 3413 4510 loco-

131 4569 249 4608 rum
302 4554 483 4626 spatio
535 4551 925 4623 disiungimur,
973 4552 1166 4619 spiritu
1220 4550 1378 4604 vobis
1436 4549 1825 4605 consociamus
1891 4570 1904 4606 :

1972 4559 2033 4604 ut
2073 4549 2388 4618 intelligatis
2453 4547 2654 4601 habere
2685 4564 2782 4602 vos
2852 4551 3158 4603 membrum
3224 4551 3417 4603 vilissi-

133 4661 302 4709 mum,
333 4645 480 4717 quod
510 4645 711 4699 alicubi
747 4661 846 4714 pro
877 4646 1065 4698 eadem
1098 4642 1446 4697 confessione
1463 4643 1716 4694 exsulat:
1762 4658 1825 4696 ac
1856 4644 2037 4712 poscit
2102 4649 2161 4696 ut
2230 4640 2364 4694 illud
2411 4653 2632 4707 quoque
2682 4640 2887 4694 sanctis
2944 4641 3196 4709 precibus
3226 4641 3414 4693 vestris

134 4741 394 4804 exoretis,
431 4746 492 4791 ut
545 4736 629 4791 fas
653 4738 726 4792 sit
753 4737 1059 4791 veneranda
1093 4736 1321 4804 vestigia
1371 4742 1554 4788 vestra
1590 4734 1874 4803 subsequi.

375 4859 499 4913 ΞΕ’.
535 4888 605 4899 —
639 4858 988 4925 Ναυκρατίῳ
1022 4855 1237 4917 τέκνῳ.
1285 4853 1403 4925 [υλθ
1427 4857 1471 4926 .]

2248 4851 2410 4906 LXV.
2436 4881 2508 4892 —
2531 4848 2832 4903 Naucrnlio
2856 4850 2994 4919 lilio.

134 4975 440 5038 Dogmatica,
465 4982 518 5025 et
538 4977 677 5024 valde
703 4977 1001 5042 necessaria,
1022 4974 1085 5042 de
1112 4985 1249 5020 sacra
1270 4971 1447 5042 Christi
1471 4969 1684 5042 imagine
1711 4985 1722 5018 :
1751 4983 2010 5042 exponens
2031 4970 2280 5042 quomodo
2306 4964 2522 5042 intelligi
2550 4971 2796 5042 .oporteat
2825 4962 3410 5042 _quodui‘magq3§hrist‘i

229 5031 441 5101 perinde
487 5053 543 5088 ac
598 5041 704 5100 ipse
743 5037 964 5089 Christus
991 5031 1247 5083 adoretur
1274 5047 1283 5080 :
1309 5037 1540 5082 nimirum
1572 5031 1778 5082 ratione
1802 5031 2148 5084 similitudinis
2186 5035 2291 5080 sive
2330 5031 2608 5087 relationis,
2634 5042 2731 5075 non
2758 5034 2926 5075 autem
2951 5031 3290 5074 coutirmative
3331 5031 3414 5072 aut

227 5100 545 5151 naturaliter.

221 5205 443 5274 Ἐπειδὴ
471 5203 675 5274 ἔμαθον
699 5204 852 5274 παρὰ
872 5201 966 5256 τοῦ
993 5200 1498 5274 γραμματηφόρου,
1522 5194 1567 5253 ὧ
1605 5201 1736 5252 καλὲ

143 5296 357 5364 ἀδελφέ,
387 5299 472 5350 ὃτι
494 5296 667 5366 ἔριδες
691 5299 747 5348 ἐν
772 5299 900 5366 ὑμῖν
932 5295 1249 5363 ἁνεφύησαν
1281 5293 1448 5361 (λέγω
1471 5293 1529 5344 δὲ
1554 5292 1736 5357 τοῦτο,

143 5390 224 5443 ὅτι
255 5393 282 5444 ὁ
315 5391 414 5460 μὲν
446 5390 623 5457 λέγει’
667 5390 810 5456 Ἐγὼ
845 5392 949 5459 τὴν
976 5388 1163 5441 εἰκόνα
1194 5386 1431 5454 Χριστοῦ
1461 5386 1536 5446 ὼς
1576 5384 1739 5437 αὐτὸν

146 5481 521 5552 τὸν-Χριστὸν
581 5483 911 5550 προσκυνῶ·
967 5485 995 5535 6
1044 5481 1101 5534 δὲ
1155 5479 1563 5548 ἀπαναίνεται),
1616 5478 1741 5530 οῦτε

151 5571 371 5634 ἀλύπως
421 5569 719 5638 ἐδεξάμην·
776 5569 934 5633 εἰδὼς
970 5571 1052 5622 ὅτι
1109 5568 1165 5619 αἱ
1219 5565 1528 5634 ἐρεσχελίαι
1576 5559 1736 5616 αὗται

152 5662 300 5733 παρὰ
326 5662 422 5715 τοῦ
451 5661 699 5714 διαϐόλου
736 5662 1233 5734 ὑποσπειρὸμεναι,
1262 5661 1480 5731 τέμνειν
1511 5659 1735 5713 εἰώθασι

229 5837 276 5872 ’δ
296 5837 483 5896 Matth.
524 5855 659 5909 xvii,
691 5840 778 5894 l8.
856 5840 944 5896 "l
978 5839 1111 5895 Cor.
1150 5854 1257 5903 xw,
1300 5840 1386 5894 lS.

1907 5200 2205 5269 Postquam
2255 5215 2284 5252 a
2347 5197 2631 5251 tahellario
2681 5195 2869 5260 didici,
2939 5194 3105 5247 frater
3160 5193 3411 5260 egregie.

1837 5301 2057 5346 exortas
2087 5291 2228 5343 inter
2254 5305 2348 5341 vos
2378 5304 2498 5341 esse
2522 5286 2900 5340 contentiones
2931 5285 3054 5352 (hoc
3079 5291 3257 5333 autem
3290 5285 3414 5332 dico

1839 5383 1987 5453 quod
2048 5397 2243 5450 nempe
2297 5381 2438 5433 alius
2488 5377 2822 5442 dicatzEgo
2871 5374 3160 5442 imaginem
3210 5370 3414 5423 Christi

1840 5477 1982 5530 sicut
2032 5474 2208 5541 ipsum
2258 5472 2534 5525 Christum
2587 5469 2776 5531 adoro,
2826 5467 2965 5519 alius
3002 5467 3185 5517 dicere
3232 5464 3415 5516 detre-

1849 5570 1980 5631 ctet)
2007 5583 2020 5628 ;
2044 5581 2153 5616 non
2186 5563 2304 5615 sine
2340 5575 2572 5613 mtrrore
2605 5559 2654 5610 id
2691 5560 2898 5625 accepi,
2929 5557 3109 5610 sciens
3140 5557 3285 5606 rixas
3313 5553 3417 5603 hu—

1842 5656 2106 5728 iusmodi,
2147 5669 2270 5724 qua:
2305 5668 2335 5706 a
2364 5651 2582 5706 diabolo
2618 5649 2978 5714 suscitantur,
3021 5646 3210 5701 solitas
3245 5646 3418 5714 ipsam
