3990 6318
590 364 727 430 19.87

1781 359 1843 422 S.
1878 358 2274 420 THEODORI
2317 357 2670 422 STUDITE

3759 361 3895 424 1338

586 493 812 554 quoque
852 491 1043 534 sanam
1079 482 1289 545 partem
1338 469 1778 525 orthodoxorum
1817 468 2173 525 discindere:

2290 472 2378 523 καὶ
2409 469 2544 523 αὐτὸ
2564 470 2627 522 τὸ
2646 470 2893 539 ὑγιαῖνον
2916 471 3081 559 μέρρς
3106 470 3205 541 τῆς
3226 470 3569 543 ὀρθοδοξίας·
3598 470 3754 541 ὅπερ
3777 474 3893 524 ἐστὶ

587 590 713 647 qua
742 588 832 628 res
863 570 1105 626 laetitiam
1146 567 1303 622 aﬂ'ert
1328 563 1689 630 adversariis,
1722 577 1790 618 ex
1832 561 2173 617 inﬁrmitati-

588 667 697 723 bus
732 663 937 719 nostris
965 677 1123 717 suam
1158 661 1405 731 ipsorum
1450 656 1792 728 impietatem
1820 655 2004 711 valere
2034 670 2174 711 con-

590 758 955 816 ﬁrmantibus.
995 756 1103 810 Nec
1132 770 1260 809 vero
1305 750 1871 821 convenirejudicavi
1901 760 1962 805 ut
2006 751 2177 804 silen-

589 856 667 909 tio
698 864 1005 921 premerem
1032 847 1180 917 quod
1214 847 1524 909 audieram,
1559 845 1652 899 sed
1678 854 1738 898 ut
1764 844 1984 914 aliquod
2010 844 2175 898 etiam

592 948 708 1016 ipse
757 942 1059 998 curationis
1116 939 1419 994 remedium
1466 938 1579 992 Deo
1624 945 1902 991 annuente
1949 934 2177 990 adhibe-

589 1054 727 1093 rem.
756 1036 1074 1107 Argumettti
1102 1051 1234 1107 ergo
1262 1049 1477 1089 summa
1512 1032 1637 1087 talis
1667 1042 1771 1086 est.
1804 1029 2079 1085 Particula
2102 1028 2177 1091 ὡς

591 1132 645 1185 in
688 1130 876 1183 divina
926 1128 1220 1197 Scriptura
1273 1128 1548 1181 interdum
1600 1127 1838 1181 sumitur
1864 1126 1931 1181 ad
1963 1124 2176 1195 signiti-

590 1221 823 1275 candam
872 1218 1291 1273 similitudinem
1342 1232 1357 1271 :
1406 1214 1681 1270 interdum
1735 1212 2175 1268 aﬂirmationem.

590 1314 778 1367 Priore.
809 1311 974 1366 modo
1009 1330 1022 1365 :
1062 1309 1261 1363 Factus
1293 1326 1411 1363 sum
1451 1309 1587 1362 sicut
1622 1306 1742 1378 (ὡς)
1773 1321 1956 1377 passer
1987 1303 2177 1359 solita-

592 1408 702 1460 rius
748 1407 801 1459 in
861 1405 1087 1458 tecto".
1121 1402 1183 1456 Et
1224 1421 1237 1457 :
1286 1401 1395 1473 Ego
1450 1402 1587 1455 sicut
1636 1400 1755 1471 (ὼς)
1810 1401 1950 1453 oliva
1991 1397 2179 1468 fructi-

592 1498 707 1566 fera
732 1497 795 1551 ⁷⁷.
832 1495 1140 1551 Posteriore
1164 1512 1177 1547 :
1201 1476 1375 1558 Quam
1403 1493 1521 1559 (ὡς)
1554 1492 1719 1545 bonus
1743 1488 1913 1544 Israel
1940 1488 2173 1543 Deus"!

595 1590 659 1647 Et
693 1611 705 1645 :
740 1590 913 1655 Quam
940 1590 1057 1659 (ὡς)
1086 1588 1280 1641 dilecta
1314 1585 1657 1641 tabernacula
1687 1594 1802 1647 tua,
1833 1583 2056 1637 Domine
2076 1583 2179 1637 uir-

596 1694 768 1737 tutum
793 1684 870 1735 7’!
919 1680 1035 1734 Non
1068 1683 1212 1734 enim
1249 1680 1549 1734 secundum
1603 1675 2046 1738 similitudinem,
2083 1673 2177 1729 sed

598 1780 664 1834 ad
716 1777 1132 1832 allirinationem
1167 1774 1257 1828 hic
1296 1787 1477 1827 sermo
1507 1780 1614 1827 est.
1653 1769 1919 1836 Quocirca
1970 1769 2016 1823 si
2052 1768 2178 1837 quis

596 1871 689 1925 illo
727 1869 885 1921 modo
914 1868 1060 1922 dicat
1095 1881 1152 1921 se
1180 1866 1408 1919 adorare
1459 1863 1753 1933 imaginem
1785 1859 1988 1915 Christi
2032 1860 2178 1913 sicut

598 1961 777 2030 ipsum
810 1958 1115 2021 Christum,
1150 1966 1297 2012 recte
1347 1956 1557 2011 sentit:
1588 1955 1677 2008 sin
1718 1964 1901 2007 autem
1938 1952 2179 2007 allirma-

598 2052 727 2114 tive,
765 2064 1135 2119 nequaquam.
1187 2045 1376 2116 Neque
1422 2045 1568 2100 enim
1616 2054 1808 2098 natura
1854 2043 1995 2097 idem
2049 2051 2180 2099 sunt

596 2144 952 2214 archetypum
984 2151 1038 2195 et
1072 2141 1273 2209 imago,
1304 2137 1399 2193 sed
1427 2139 1568 2193 idem
1594 2136 1972 2193 similitudine.
2002 2137 2185 2190 Ambo

595 2239 741 2293 enim
809 2251 933 2307 quae
984 2238 1173 2290 eodem
1247 2235 1409 2287 modo
1473 2232 1810 2293 efferuntur,
1871 2230 2178 2285 substantia

600 2341 832 2396 prorsus
885 2324 1167 2380 diﬂei'unt.
1218 2322 1294 2377 De
1346 2323 1679 2393 imaginibus
1740 2321 1930 2391 utique
1982 2321 2180 2391 loquor

598 2434 721 2487 quae
765 2427 881 2472 arte
920 2419 1078 2473 liunt.
1121 2414 1242 2482 Quo
1288 2417 1455 2486 igitur
1486 2423 1646 2484 pacto
1697 2414 1984 2485 imaginem
2038 2413 2182 2468 sicut

602 2512 785 2581 ipsum
818 2511 1099 2566 Christum
1154 2508 1479 2564 afﬁrmative
1527 2508 1797 2572 adorabit,
1845 2524 1969 2562 cum
2019 2507 2076 2561 in
2114 2522 2179 2562 ea

598 2602 855 2658 Christus
899 2603 1123 2674 physice
1180 2618 1289 2656 non
1353 2602 1446 2663 sit.
1483 2601 1580 2657 sed
1632 2600 1879 2665 relative,
1933 2600 2048 2655 sive
2087 2615 2183 2670 per

602 2693 1077 2750 similitudinem?
1105 2693 1320 2763 Alioqui
1352 2709 1542 2747 verum
1583 2707 1690 2747 non
1722 2690 1886 2745 fuerit
1911 2691 2060 2761 quod
2091 2692 2183 2744 di-

602 2787 751 2842 citur
785 2804 800 2841 :
830 2787 1201 2857 Archetypum
1252 2787 1306 2839 in
1345 2785 1582 2855 imagine
1630 2785 1988 2853 conspicitur,
2029 2793 2085 2838 et
2128 2783 2181 2837 in

605 2878 845 2947 imagine
902 2878 1162 2932 adoratur
1212 2876 1491 2931 Christus.
1555 2874 1797 2929 Dicendo
1854 2875 2072 2944 itaque,
2128 2874 2184 2928 in

605 2968 855 3037 imagine.
910 2968 1141 3022 alterum
1193 2968 1249 3022 in
1301 2968 1476 3022 altero
1507 2966 1943 3021 demonstratum
1980 2976 2087 3028 est,
2132 2977 2186 3021 et

606 3062 755 3114 aliud
825 3077 921 3130 per
976 3061 1121 3115 aliud
1180 3060 1464 3115 adoratur.
1542 3058 1686 3113 Vidit
1755 3059 2186 3131 Chrysostomus

608 3152 862 3220 angelum
924 3150 978 3204 in
1039 3151 1279 3219 imagine
1335 3168 1348 3204 :
1404 3150 1697 3205 Cornelius
1751 3165 1881 3204 vero
1932 3152 2184 3219 angelum

609 3246 788 3315 ipsum
813 3242 883 3297 ⁸⁸.
942 3243 1230 3298 Cernimus
1288 3258 1388 3297 nos
1447 3243 1726 3297 Christum
1784 3242 1838 3297 in
1900 3242 2184 3312 imagine:

606 3335 839 3404 apostoli
874 3350 1004 3388 vero
1044 3332 1324 3389 Christum
1358 3333 1559 3403 ipsum.
1596 3331 1834 3386 Vidimus
1883 3334 2054 3394 enim,
2101 3332 2187 3385 in-

606 3430 747 3497 quit,
781 3426 1064 3480 Dominum
1090 3428 1158 3481 ".
1191 3428 1501 3481 Adoramus
1534 3427 1685 3480 illum
1716 3427 1769 3480 in
1798 3427 2021 3496 propria
2050 3427 2187 3479 ima-

606 3522 734 3591 gine
765 3537 778 3572 :
812 3520 887 3572 illi
915 3534 1045 3573 vero
1067 3533 1193 3573 eum
1224 3520 1426 3585 ipsum.
1458 3517 1527 3572 Et
1560 3519 1789 3573 videntes
1818 3535 1958 3581 eum,
1987 3518 2185 3588 inquit,

606 3615 960 3687 adortiqerunt
986 3611 1053 3666 λ’.
1082 3609 1396 3666 Secundum
1428 3611 1839 3666 similitudinem
1878 3626 2010 3680 ergo
2049 3611 2184 3664 ado-

604 3717 757 3763 ratur
814 3709 870 3762 in
924 3706 1162 3776 imagine
1210 3706 1511 3772 Christus,
1570 3706 1684 3760 sive
1744 3705 2009 3771 relative,
2065 3705 2181 3760 sive

605 3800 975 3871 homonyme;
1040 3814 1166 3852 nam
1222 3795 1414 3853 eodem
1480 3796 1733 3853 recidunt
1793 3797 1956 3851 ambo
2003 3814 2016 3849 :
2070 3812 2177 3851 non

2212 1846 2248 1898 Β

2216 3196 2258 3252 C

2275 562 2570 635 χαροποιὸν
2594 566 2708 627 τοῖς
2730 564 3019 629 ἐναντίοις,
3045 566 3109 618 ὲκ
3135 565 3245 619 τῶν
3268 567 3565 637 ἡμετέρων
3589 567 3893 638 ἀ

2278 658 2464 730 μάτων
2507 657 2569 711 τὸ
2601 659 2805 711 οἰκεῖον
2845 660 3103 729 ἀσέϐημα
3140 660 3566 732 βεδαιουμένοις
3611 657 3674 714 εὖ
3722 660 3891 731 ἔχειν.

2275 750 2415 806 Οὔτε
2456 752 2562 822 μὴν
2592 753 2769 821 σιωπῇ
2815 751 2878 804 τὸ
2911 752 3180 806 ἀκουσοὲν
3213 756 3518 825 κατασχεῖν
3552 754 3741 808 καλὸν
3777 756 3891 807 ἐνὸ-

2278 864 2437 917 μισα,
2470 845 2609 900 ἀλλά
2630 863 2683 899 τι
2720 847 2817 899 καὶ
2858 848 2992 916 παρ’
3019 848 3262 917 ἐμαυτοῦ
3298 849 3607 920 φάρμακον
3636 850 3894 919 ἐξευρεῖν

2276 940 2601 1013 θεραπείας,
2638 939 2775 993 Θεοῦ
2807 938 3182 1002 εὐδοκοῦντος.
3225 942 3416 994 Ἐστιν
3449 942 3548 996 οῦν
3587 943 3653 995 τὸ
3690 942 3893 1011 λῆμμα

2275 1032 2538 1087 τοιοῦτον.
2581 1033 2675 1092 Τὸ.
2714 1032 2822 1098 ὡς,
2851 1031 2929 1100 πῆ
2972 1032 3072 1101 μὲν
3123 1032 3219 1084 ἐπὶ
3258 1032 3583 1100 ὁμοιώσεως
3624 1034 3894 1105 εἴληπται

2277 1125 2527 1196 παρὰ¹τῇ
2561 1124 2907 1194 θεοπνεύστῳ
2930 1125 3146 1197 Γραφῇ-
3174 1125 3252 1192 πῆ
3278 1124 3335 1177 δὲ
3366 1128 3463 1178 ἐπὶ
3500 1126 3889 1196 βεϐαιώσεως.

2278 1219 2352 1272 T6
2404 1218 2661 1288 πρῶτον·
2731 1219 3061 1286 Ἐγενόμην
3107 1218 3189 1280 ὠς
3234 1220 3566 1285 στρουθίον
3617 1220 3894 1289 μον-ἀξίην

2277 1310 2375 1364 ἐπί
2411 1309 2652 1381 δώματι.
2694 1311 2823 1364 Καεο
2874 1308 3022 1379 Ἐγὼ
3050 1309 3131 1375 ὠς
3154 1310 3328 1363 ἐνίαιά
3358 1309 3789 1379 κατάκαρπος.
3822 1314 3893 1363 T‘i

2277 1404 2550 1476 δεύτερον
2599 1404 2691 1470 Ὠς
2742 1402 2965 1473 ἀγαθὸς
2993 1404 3027 1457 ό
3052 1402 3199 1469 Θεὸς
3235 1402 3344 1455 τοῦ
3406 1403 3667 1470 Ἰσραήλ
3698 1405 3724 1456 .'
3762 1407 3888 1457 K15-

2289 1498 2386 1562 Ὠς
2434 1495 2715 1565 ἀγαπητὰ
2772 1496 2844 1550 τὰ
2898 1494 3268 1565 σκηνώματά
3325 1511 3465 1559 σου,
3527 1498 3721 1563 Κύριε·
3759 1497 3891 1549 τῶν

2278 1588 2631 1656 δυνάμεων]
2657 1590 2732 1641 Οὐ
2775 1590 2887 1660 γὰρ
2916 1589 3041 1641 καθ’
3071 1589 3359 1658 ὁμοίωσιν,
3394 1588 3534 1644 ἀλλά
3582 1588 3889 1658 βεϐαίωσιν

2280 1680 2519 1735 ἐνταῦθα
2545 1683 2573 1734 6
2604 1682 2785 1749 λόγος.
2821 1682 2881 1735 ΙΞὶ
2913 1678 3005 1735 οὖν
3030 1681 3174 1735 οὕτω
3203 1682 3356 1749 λέγοι
3411 1700 3498 1745 τις
3540 1687 3890 1752 προσκυνεῖν

2280 1775 2380 1845 τὴν
2413 1774 2601 1828 είκὸνα
2632 1772 2900 1841 Χριστοῦ,
2934 1774 3009 1837 ὡς
3048 1774 3212 1827 αὐτὸν
3242 1774 3503 1845 Χριστὸν,
3536 1774 3791 1845 ἔρρωται
3817 1776 3889 1844 τῷ

2279 1868 2628 1938 φρονήματι·
2678 1869 2727 1919 εἰ
2773 1866 2828 1920 δὲ
2878 1866 3284 1937 βεϐαιωτικῶς,
3337 1866 3618 1935 οὐδαμῶς.
3661 1870 3745 1920 Οὐ
3782 1872 3887 1937 γὰρ

2279 1960 2481 2016 ταυτὸν
2518 1960 2681 2013 εἰκὼν
2714 1960 2808 2013 καὶ
2844 1960 3154 2031 ἀρχέτυπον
3184 1963 3250 2032 τῇ
3282 1960 3442 2029 φύσει
3467 2001 3480 2023 ,
3514 1961 3657 2014 ἀλλά
3684 1963 3883 2014 ταυτὸν

2280 2059 2345 2126 τῇ
2385 2053 2666 2125 ὁμοιώσει.
2703 2053 3081 2122 Ταυτιζόμενα
3112 2054 3222 2123 γάρ
3253 2055 3440 2124 ἄμφω,
3472 2056 3538 2124 τῇ
3570 2054 3745 2124 οὐσία
3773 2056 3886 2107 δια-

2282 2147 2529 2216 φορεῖται
2568 2145 2915 2197 παντάπασιν
2939 2160 2951 2171 ·
2983 2147 3075 2197 ἐπὶ
3104 2144 3213 2197 τῶν
3244 2146 3523 2214 τεχνητῶν
3554 2147 3797 2199 εἰκόνων
3824 2148 3883 2214 δὴ

2279 2233 2443 2303 λέγω.
2492 2233 2615 2297 Πῶς
2652 2229 2744 2287 οὖν
2784 2235 2885 2304 τὴν
2911 2235 3096 2287 εἰκόνα
3140 2235 3215 2298 ὡς
3248 2236 3409 2288 αὐτὸν
3434 2237 3678 2306 Χριστὸν
3712 2255 3886 2306 προσ-

2282 2326 2504 2394 κυνήσει
2546 2323 2950 2393 βεϐαιωτικὼς⁸
2997 2326 3099 2378 οὐκ
3146 2327 3203 2377 ὲν
3234 2327 3369 2396 αὐτῇ
3404 2327 3561 2389 ὄντος
3600 2326 3702 2380 τοῦ
3750 2329 3885 2397 Χρι-

2285 2416 2410 2470 στοῦ
2443 2416 2711 2486 φυσικῶς,
2739 2417 2875 2470 ἀλλά
2905 2417 3194 2487 σχετικῶς,
3219 2419 3387 2488 ἤγουν
3411 2419 3883 2491 ὀμοιωματικῶςς

2282 2509 2606 2577 Διέψευσται
2646 2511 2742 2579 τῆς
2784 2509 3045 2578 ἀληθείας
3077 2512 3173 2563 καὶ
3220 2511 3398 2573 ἄλλως
3431 2513 3491 2565 τὸ
3537 2513 3881 2584 λεγόμενον·

2298 2602 2387 2653 Ἐν
2421 2600 2594 2653 εἰκόνι
2628 2602 2948 2669 ὲκφαίνεται
2996 2600 3058 2652 τὸ
3092 2602 3430 2670 ἀρχέτυπον·
3467 2605 3561 2656 καὶ
3614 2607 3674 2657 ὲν
3713 2607 3887 2657 εἰκόνι

2286 2692 2674 2759 προσκυνεῖται
2712 2691 2967 2759 Χριστός.
3003 2690 3076 2742 Τὸ
3101 2688 3193 2744 οὖν
3226 2695 3427 2753 εἰπεῖν,
3461 2693 3533 2747 ἐν
3558 2696 3786 2758 εἰκόνι,
3829 2699 3885 2747 ἐν

2286 2782 2459 2852 ἑτέρῳ
2485 2782 2673 2851 ἕτερον
2700 2783 3013 2854 δεδήλωταισ
3047 2784 3141 2837 καὶ
3183 2785 3249 2837 δι’
3288 2786 3447 2839 ἄλλου
3475 2787 3610 2841 ἄλλο
3638 2806 3886 2859 προσ-ιν-

2288 2876 2480 2926 νεῖται.
2519 2871 2671 2926 Εἷδεν
2706 2876 2733 2926 6
2768 2875 3151 2945 Χρυσόστομος
3183 2877 3413 2943 ἄγγελον
3438 2880 3495 2929 ὲν
3530 2879 3711 2931 εἰκόνι
3732 2896 3746 2907 ο
3784 2883 3809 2931 ὁ
3834 2882 3886 2931 ξὲ

2289 2965 2594 3035 Κορνήλιος
2623 2965 2783 3017 αὐτὸν
2821 2966 2913 3017 τὸν
2946 2966 3198 3034 ἄγγελον.
3230 2968 3510 3037 Βλέπομεν
3544 2971 3793 3039 Χριστὸν
3831 2975 3886 3022 ἐν

2288 3059 2478 3112 εἰκόνι·
2511 3060 2560 3112 οἱ
2606 3059 2665 3111 δὲ
2706 3060 2995 3112 ἀπόστολοι
3040 3061 3203 3113 αὑτὸν
3240 3062 3331 3113 τὸν
3361 3062 3622 3131 Χριστόν.
3667 3065 3888 3133 Ἑωρά-

2292 3167 2482 3219 καμεν
2508 3152 2640 3221 γὰρ,
2666 3153 2821 3221 φησὶ,
2851 3151 2956 3205 τὸν
2984 3153 3219 3218 Κύριον.
3254 3154 3685 3225 Προσκυνοῦμεν
3718 3160 3886 3211 αὑτὸν

2292 3245 2351 3296 ἐν
2374 3246 2439 3313 τῇ
2476 3244 2655 3314 οἰκεία
2679 3245 2869 3298 εἰκόνι·
2896 3246 2942 3297 οί
2970 3246 3025 3298 δὲ
3050 3246 3213 3299 αὑτὸν
3244 3247 3472 3299 ἐκεῖνον.
3499 3248 3610 3301 Καὶ
3649 3249 3887 3314 ἰδόντες

2291 3333 2509 3400 αὐτὸν,
2555 3335 2720 3405 φησὶ,
2748 3336 3244 3403 προσεκύνησαν.
3291 3337 3756 3407 Ὀμοιωματικῶς
3796 3341 3885 3394 οὖν

2291 3429 2681 3495 προσκυνεῖται
2711 3427 2770 3477 ὲν
2814 3426 3003 3488 εἰκόνι,
3038 3427 3136 3478 εἰτ’
3175 3422 3268 3479 οὖν
3308 3428 3600 3497 σχετικῶς,
3641 3432 3749 3483 εῐτ*
3797 3434 3886 3485 οἶν)

2291 3518 2633 3588 ὁμωνύμως,
2680 3522 2709 3573 6
2753 3520 3008 3591 Χριστός⁸
3056 3522 3134 3583 εἰς
3184 3522 3380 3574 ταυτὸν
3428 3522 3540 3593 γὰρ
3593 3525 3885 3596 ἀμφότερα

2293 3612 2611 3682 συντρέχει’
2663 3614 2763 3667 οὐκ
2814 3615 3178 3677 αύτοπτικῶς.
3226 3617 3335 3669 Καὶ
3380 3617 3506 3687 δίχα
3549 3613 3646 3671 οὖν
3680 3623 3887 3683 εἰκόνος

2289 3706 2405 3755 ἐστὶ
2433 3706 2907 3775 προσκυνούμενος
2936 3706 3169 3775 νοερῶςσ
3212 3709 3275 3760 οὐ
3319 3708 3429 3780 γὰρ
3475 3714 3707 3774 πάντως
3746 3716 3881 3767 πᾶν·

2284 3813 2409 3849 τοτε
2446 3797 2678 3869 αἰσθητῇ
2706 3798 2878 3852 εἰκόνι
2908 3798 3185 3869 βλέποιτο.

606 3902 792 3948 autem
820 3894 966 3965 quod
1013 3896 1127 3963 ipse
1155 3907 1435 3947 cernatur.
1468 3892 1534 3947 Et
1563 3895 1682 3946 sine
1713 3892 1951 3963 imagine
1983 3906 2180 3946 rursus
2220 3900 2402 3946 mente
2457 3903 2513 3946 et
2574 3893 2910 3965 cogitatione
2940 3895 3225 3962 adoratur,
3259 3910 3383 3951 cum
3433 3898 3628 3953 sensili
3660 3914 3877 3971 semper

611 3988 850 4061 imagine
883 3990 1033 4046 cerni
1068 3990 1291 4042 omnino
1319 4004 1424 4042 non
1456 3989 1650 4059 possit.

694 4084 851 4151 Quod
896 4084 942 4139 si
987 4084 1113 4153 quis
1158 4083 1347 4137 dicat:
1383 4082 1543 4153 Ergo,
1592 4080 2043 4153 quandoquidem
2093 4096 2192 4151 per

609 4178 995 4246 cogitationem
1055 4176 1285 4231 adorare
1325 4177 1458 4230 mihi
1506 4177 1652 4243 licet,
1705 4190 2187 4245 supervacaneum

610 4276 694 4321 est
742 4275 801 4320 ut
857 4266 913 4319 in
967 4266 1204 4334 imagine
1235 4280 1251 4317 :
1282 4265 1445 4330 sciat,
1476 4265 1729 4334 quisquis
1778 4272 1881 4329 est,
1931 4273 2187 4333 negatum

611 4358 776 4413 etiam
811 4359 893 4412 sic
922 4372 1048 4411 esse
1078 4357 1223 4425 quod
1254 4356 1509 4412 Christus
1538 4364 1718 4410 mente
1747 4356 2025 4409 adoretur.
2072 4354 2190 4410 Nisi

611 4450 761 4505 enim
812 4464 969 4504 mens
1012 4448 1380 4516 contemplata
1430 4446 1596 4501 fuerit
1654 4447 1804 4501 illum
1844 4446 1897 4500 in
1950 4446 2192 4501 hominis

614 4542 975 4599 similitudine
1005 4539 1070 4595 ad
1103 4540 1381 4595 dexteram
1417 4538 1510 4593 Dei
1536 4546 1593 4592 et
1623 4531 1806 4592 Pati-is
1846 4536 2188 4600 consedisse,

614 4635 991 4691 adorationem
1040 4650 1149 4687 non
1196 4631 1395 4688 inferet
1426 4650 1439 4687 :
1471 4632 1577 4687 nisi
1610 4632 1751 4686 forte
1779 4628 2019 4683 Verbum
2072 4645 2191 4684 car-

614 4745 740 4785 nem
770 4727 975 4783 factum
1015 4740 1139 4781 esse
1186 4734 1365 4795 neget.
1404 4724 1560 4792 Quod
1611 4732 1793 4777 autem
1848 4721 2047 4776 similis
2092 4722 2191 4774 ho-

616 4821 749 4875 mini
790 4820 963 4874 factus
1015 4819 1107 4894 sit,
1145 4817 1248 4873 ﬁde
1276 4818 1442 4888 digna
1491 4815 1650 4871 testis
1700 4823 1785 4869 est
1825 4814 2049 4883 imago:
2083 4829 2191 4883 qua

616 4925 869 4981 suscepta
921 4922 973 4966 et
1033 4912 1283 4974 adorata,
1347 4920 1639 4979 susceptus
1690 4918 1773 4963 est
1823 4908 2194 4975 adoraturque

614 5006 867 5061 Christus
898 5022 909 5057 :
941 5004 1085 5059 sicut
1115 5018 1145 5057 e
1184 5004 1463 5057 contrario
1509 5004 1553 5056 si
1590 5011 1902 5069 respuatur.
1930 4998 2196 5053 Adoravit

614 5098 885 5166 Ahgarus,
924 5096 1027 5149 (ide
1075 5107 1349 5164 suscepta,
1396 5094 1834 5148 intellectualiter
1862 5090 2141 5146 Christum
2176 5106 2189 5143 :

614 5188 868 5243 adoravit
920 5196 974 5240 et
1034 5188 1207 5239 multo
1269 5184 1620 5240 maiiilestius
1687 5183 1741 5236 in
1798 5181 2035 5251 imagine
2084 5197 2192 5233 non

617 5276 931 5333 tuanul‘acta
978 5278 1048 5331 ab
1083 5277 1202 5345 ipso
1242 5275 1465 5330 Christo
1515 5275 1582 5329 ad
1613 5290 1736 5327 eum
1786 5276 1973 5329 missa.
2010 5272 2193 5339 Quare

616 5373 672 5426 in
721 5372 813 5425 illa
856 5381 912 5425 et
960 5370 1268 5423 secundum
1316 5368 1754 5431 similitudinem,
1804 5377 1857 5420 et
1904 5366 2067 5422 simul
2101 5383 2196 5435 per

619 5463 980 5525 intellectum,
1018 5462 1278 5515 adoratus
1327 5468 1411 5514 est
1449 5459 1705 5514 Christus
1735 5476 1747 5511 :
1777 5474 1924 5513 nunc
1971 5459 2193 5524 quidem

619 5554 721 5617 sic,
760 5556 813 5608 in
849 5554 1035 5608 futuro
1066 5563 1247 5607 autem
1299 5551 1504 5607 saeculo
1549 5548 1821 5605 intuitive.
1854 5552 1929 5604 Ac
1957 5550 2194 5603 visibilis

618 5646 842 5714 quidem
878 5648 1049 5714 ipsius
1096 5646 1189 5701 Dei
1220 5643 1602 5716 apparitionis,
1652 5651 1712 5696 ut
1758 5642 2196 5710 sapientissimus

691 5757 738 5787 "
767 5757 908 5812 Psal.
939 5774 1010 5819 cr,
1046 5761 1099 5819 8.
1212 5757 1425 5814 "Psal.
1459 5773 1533 5823 ιι,
1572 5757 1660 5810 10.

621 5823 671 5857 ⁸³
709 5825 896 5881 Matth.
927 5845 1117 5895 xxvnt,
1151 5828 1234 5883 l7.

1757 5756 1802 5786 τ’
1828 5754 1973 5811 Psal.
2004 5771 2175 5820 Lxxn,
2212 5755 2259 5807 l.

2361 4076 2424 4130 Εἰ
2460 4077 2518 4130 δέ
2551 4094 2638 4141 τις
2672 4078 2830 4149 φαίη’
2864 4078 3109 4144 Οὐκοῦν,
3138 4080 3329 4149 ἐπειδὴ
3364 4081 3490 4134 ἔστι
3539 4099 3634 4148 μοι
3682 4085 3883 4155 νοερῶς

2294 4174 2662 4241 προσκυνεῖν,
2706 4171 2979 4242 παρέλκον
3030 4174 3090 4225 ὲν
3133 4175 3332 4226 εἰκόνι·
3368 4175 3503 4227 ἴστω
3552 4178 3582 4228 6
3619 4177 3877 4242 τοιοῦτος,

2295 4261 2567 4331 ὴρνῆσθαι
2608 4259 2704 4313 καὶ
2727 4261 2788 4313 τὸ
2829 4261 3031 4332 νοερῶς
3063 4267 3391 4335 προσκυνεῖν
3423 4266 3690 4336 Χριστόν.
3719 4267 3783 4322 Εἰ
3811 4270 3879 4336 μή

2294 4355 2406 4424 γάρ
2436 4354 2464 4405 6
2495 4351 2619 4416 νοῦς
2642 4354 3023 4425 ὲνοπτρισθείη
3046 4356 3104 4407 ἐν
3133 4354 3439 4426 ὁμοιώματι
3462 4358 3760 4428 ἀνθρώπου
3792 4364 3881 4413 αύ-

2297 4445 2388 4498 τὺν
2417 4446 2476 4497 ἐν
2504 4444 2655 4516 δεξιᾴ
2687 4445 2780 4498 τοῦ
2817 4444 2953 4497 Θεοῦ
2999 4446 3093 4499 καὶ
3123 4446 3334 4517 Πατρὸς
3368 4448 3743 4518 κεκαθῆσθαι·
3787 4454 3879 4503 οὐκ

2301 4537 2524 4591 εἰσοίσει
2552 4536 2651 4607 τὴν
2674 4536 3076 4608 προσκύνησιν·
3111 4539 3161 4590 εί
3195 4540 3271 4609 μή
3297 4557 3349 4592 τι
3378 4540 3489 4611 ἄρα
3512 4542 3879 4605 ἁποσκευάζει

2301 4630 2479 4699 σάρκα
2509 4628 2759 4697 γενέσθαι
2790 4628 2883 4683 τὸν
2914 4630 3108 4696 Λάγον.
3129 4630 3238 4683 Τοῦ
3271 4631 3329 4684 δὲ
3362 4632 3689 4701 ὠμοιῶσθαι
3724 4636 3878 4687 αὐτὸν

2299 4722 2573 4794 ἀνθρώπῳ
2592 4762 2608 4787 ,
2643 4723 2853 4793 μάρτυς
2882 4724 2916 4793 ἡ
2942 4722 3107 4776 εἰκὼν
3132 4722 3300 4777 αὑτοῦ
3330 4727 3499 4794 πιστή
3522 4740 3538 4755 ⁸
3570 4727 3671 4778 καὶ
3694 4729 3763 4797 τῇ
3790 4729 3878 4779 αὺ-

2296 4815 2399 4883 τῆς
2432 4815 2711 4886 παραδοχῇ
2756 4818 2849 4868 καὶ
2892 4818 3299 4887 προσκυνήσει,
3338 4816 3750 4887 παραδέδεκται
3793 4820 3877 4871 καὶ

2298 4910 2687 4977 προσκυνεῖται
2720 4910 2987 4977 Χριστός*
3028 4910 3102 4972 ὼς
3140 4909 3378 4979 ἔμπαλιν
3428 4908 3525 4959 ἐπὶ
3552 4910 3656 4979 τῆς
3686 4910 3874 4981 ἀθετή-

2296 5016 2456 5061 σεως.
2514 5001 2925 5070 Προσεκύνησεν
2986 5000 3271 5072 Λῦγαρος,
3320 5001 3622 5072 δεξάμενος
3682 5005 3872 5065 πίστιν,

2297 5089 2500 5159 νοερῶς
2538 5092 2801 5164 Χριστόν
2831 5093 3206 5162 προσεκύνησε
3240 5092 3297 5144 δὲ
3332 5092 3539 5162 μᾶλλον
3575 5095 3745 5149 αὐτὸν
3781 5098 3872 5167 ἐμ-

2297 5182 2629 5252 φανέστερον
2675 5184 2735 5235 ὲν
2779 5186 2845 5253 τῇ
2892 5183 3032 5253 πρὸς
3073 5182 3239 5235 αὑτοῦ
3273 5184 3519 5253 Χριστοῦ
3565 5188 3869 5258 πεμφθείσης]

2296 5276 2446 5345 αὐτῷ
2476 5279 2879 5348 ἀχειροποιήτῳ
2912 5278 3103 5331 εἰκόνι.
3137 5278 3299 5329 Ὥστε
3346 5280 3405 5331 ὲν
3431 5279 3577 5353 αὺτῗι⁸
3607 5284 3873 5353 ὁμοιωμα-

2300 5370 2467 5431 τικῶς
2493 5370 2629 5439 ὁμοῦ
2671 5388 2731 5422 τε
2769 5374 2863 5422 καὶ
2909 5369 3111 5439 νοερῶ;
3142 5370 3594 5443 προσκεκύνηται
3629 5377 3872 5447 Χριστιζς·

2299 5460 2391 5511 νῦν
2422 5461 2519 5530 μὲν
2547 5460 2741 5524 οὔτως
2777 5463 2833 5513 ἐν
2858 5462 2913 5514 δὲ
2941 5460 3014 5529 τῷ
3041 5459 3291 5529 μέλλοντι
3316 5462 3478 5516 αἰῶνι
3508 5466 3867 5529 αὑτοπτικῶς·

2297 5552 2395 5621 τῆς
2432 5552 2532 5619 μὲν
2560 5554 2760 5621 ὁρατῆς
2792 5550 2957 5605 αὑτοῦ
2988 5552 3328 5621 Θεοφανείας,
3354 5553 3431 5618 ὦς
3469 5574 3643 5626 φησιν
3668 5562 3697 5613 6
3724 5559 3871 5611 πολύο

2300 5660 2461 5711 σοφος
2491 5645 2791 5712 Διονύσιος,
2825 5648 2883 5699 ὲν
2909 5644 3205 5713 πανάγνοις
3234 5646 3493 5720 Θεωρίαις
3523 5654 3868 5724 dmi-ringi-

2356 5754 2400 5786 "
2425 5771 2654 5821 Lxxxtn,
2689 5755 2745 5809 2.
2846 5756 2893 5787 “
2917 5754 3037 5810 Act.
3072 5771 3127 5822 ς,
3160 5755 3249 5811 30.
3351 5758 3397 5791 ⁸¹
3455 5758 3627 5819 Joan.
3664 5780 3753 5829 xx,
3782 5763 3861 5818 9.5.
