3990 6318
144 374 270 436 1289

1323 372 1858 432 EPISTOLARUM
1923 373 1993 432 L1
2005 376 2070 432 B.
2127 374 2210 434 II.

3268 375 3404 438 1990

143 502 312 557 μενοι,
356 485 686 553 φανοτάταις
736 487 888 558 ἡμᾶς
945 491 1336 557 μαρμαρυγαῖς
1394 504 1723 558 περιαστρα-

1835 492 1912 544 ait
1987 489 2284 559 Dionysius
2319 489 2404 555 ⁸³,
2468 491 2797 548 castissimis
2849 492 3404 563 contemplationibus

140 577 411 647 πτούσης·
462 577 536 640 ὡς
563 578 690 640 τοὺς
726 577 973 648 μαθητὰς
1020 581 1078 631 ὲν
1112 579 1296 649 εκείνη
1342 583 1408 650 τῇ
1453 579 1705 650 θειοτάτῃ

145 669 583 738 μεταμορφώσει’
619 669 719 738 τῆς
753 668 812 721 δὲ
853 670 1050 740 νοητῆς
1082 669 1247 723 αὐτοῦ
1289 669 1620 736 φωτοδοσίας
1656 672 1715 724 ἐν

143 759 344 814 ἀπαθεῖ
380 759 476 812 καὶ
506 759 655 831 ἀΰλῳ
683 759 764 830 τῷ
789 757 866 830 νῷ
895 761 1235 830 μετέχοντες.
1260 759 1467 824 Ταῦτα,
1496 761 1605 814 εἴτε
1635 759 1720 815 ex.

143 853 334 916 λιπῶς,
360 853 472 906 εἴτε
501 852 834 923 ἀρκούντως,
868 853 1008 921 πρὸς
1035 852 1212 924 ήμῶν.
1246 852 1423 923 ’Υμᾶς
1449 853 1506 906 δὲ
1535 871 1718 924 παρα-

140 943 288 997 καλῶ
316 945 375 998 έν
397 945 513 1007 τοῖς
553 943 682 1015 περὶ
721 941 856 997 Θεοῦ
891 943 1071 1012 λόγοις
1099 942 1346 1006 εὐλαϐῶς
1381 961 1440 996 τε
1473 944 1591 1014 ἅμα
1623 946 1719 997 καὶ

143 1035 526 1107 προσεκτικῶς
553 1041 651 1098 τὰς
680 1033 1040 1107 ὲπιζητήσεις
1069 1035 1362 1088 ποιεῖσθαι·
1394 1037 1491 1088 καὶ
1518 1036 1551 1106 ἢ
1584 1035 1717 1106 παρ’

143 1127 374 1193 ἑαυτῶν,
397 1129 430 1198 ἢ
455 1131 582 1198 παρ’
608 1128 813 1199 ἑτέρων
835 1129 898 1182 τὸ
923 1128 1122 1199 ἀληθὲς
1141 1128 1501 1199 ἐξευρίσκειν,
1526 1128 1717 1199 πόρρω

143 1219 379 1288 ἀφέντας
413 1219 475 1272 τδ
513 1219 836 1293 ἐρεσχελεῖν·
870 1220 932 1273 οὐ
955 1221 1064 1289 μὴν
1088 1219 1224 1273 ἀλλὰ
1247 1221 1341 1272 καὶ
1363 1220 1418 1272 εἴ
1438 1237 1490 1271 τι
1521 1219 1719 1288 ἐσφαλ-

148 1311 308 1380 μένον
331 1313 389 1364 ὲν
417 1315 530 1376 τοῖς
559 1313 894 1384 εἰρημένοις,
909 1311 1248 1384 διορθώσεως
1266 1315 1467 1383 τυχεῖν·
1489 1312 1719 1383 ἐπείπερ

145 1399 422 1471 όλιγόνους
450 1405 546 1458 καὶ
577 1403 899 1475 ἁμαρτωλὸς
925 1403 1058 1470 ἐγώ.

516 1709 654 1777 EG’.
683 1739 752 1750 —-
770 1709 1137 1778 Κατήχησις.
1162 1709 1350 1782 [υμε¹.]

1826 580 1996 651 pleni,
2046 580 2406 636 lucidissimis
2455 583 2840 651 splendoribus
2899 600 3000 639 nos
3061 585 3401 646 irradiantis.

1824 673 2054 745 perinde
2079 689 2143 727 ac
2169 673 2475 742 discipulos
2507 676 2561 728 in
2593 675 2939 730 divinissima
2975 676 3067 730 illa
3107 675 3404 744 transfigu-

1822 767 2077 830 ratione;
2146 765 2506 834 intelligibilis
2587 782 2718 821 vero
2792 767 2914 838 ejus
2975 768 3400 830 illustrationis,

1825 859 2132 912 secundum
2164 867 2406 912 mentem
2446 861 2794 928 passionibus
2827 869 2881 914 et
2927 860 3160 914 materia
3206 875 3401 914 caren-

1816 963 1962 1018 lem,
2016 952 2316 1022 participes
2375 953 2604 1008 erimus.
2661 955 2839 1022 Atque
2899 954 3055 1015 haec,
3119 953 3236 1006 sive
3291 968 3400 1006 non

1814 1044 1994 1113 plene,
2047 1044 2163 1098 sive
2217 1043 2576 1106 sufﬁcienter,
2628 1059 2659 1098 a
2716 1044 2878 1099 nobis
2944 1043 3198 1112 accipite.
3251 1042 3405 1113 Rogo

1814 1141 1997 1186 autem
2030 1147 2130 1188 vos
2161 1142 2241 1199 ut,
2274 1149 2400 1188 cum
2432 1134 2501 1189 de
2531 1132 2642 1187 Deo
2683 1147 2866 1188 sermo
2909 1144 3012 1199 est,
3045 1131 3303 1201 religiose
3352 1142 3406 1184 et

1816 1232 2020 1280 attente
2056 1225 2391 1294 quaestiones
2442 1226 2731 1291 moveatis,
2783 1227 3183 1295 veritatemque
3231 1233 3328 1277 aut
3372 1240 3400 1275 a

1820 1317 1974 1370 vobis
2010 1317 2167 1386 ipsis,
2198 1328 2292 1372 aut
2334 1319 2402 1373 ab
2452 1318 2576 1372 aliis
2612 1316 2925 1387 inquiratis,
2959 1318 3149 1384 procul
3201 1315 3403 1384 reiecta

1821 1408 2178 1462 contentione
2224 1425 2238 1462 :
2281 1409 2376 1463 sed
2423 1417 2479 1462 et
2525 1408 2570 1463 si
2610 1408 2743 1476 quid
2791 1406 2848 1460 in
2885 1407 2954 1461 iis
3002 1419 3125 1476 quae
3159 1405 3403 1459 diximus

1822 1516 2063 1556 erratum
2105 1511 2212 1564 est,
2241 1501 2578 1569 corrigatis:
2613 1515 2739 1554 cum
2785 1500 2968 1569 exigui
3018 1501 3122 1556 sim
3175 1498 3401 1568 ingenii,

1826 1604 1882 1648 et
1913 1603 2190 1665 peccator.

2300 1706 2487 1761 LXVI.
2511 1739 2580 1748 —
2607 1707 2930 1765 Caice/texis.

147 1823 367 1876 Primum
390 1825 554 1888 aliqua
578 1827 639 1874 de
665 1829 769 1875 suis
807 1827 959 1875 rebus
980 1825 1153 1876 scribit
1174 1847 1186 1875 :
1210 1827 1391 1874 deinde
1415 1826 1653 1877 adversus
1675 1825 2038 1888 Irnnomachos.
2061 1824 2269 1872 Romani
2293 1827 2443 1873 etiam
2469 1826 2714 1888 pontiﬁcis
2736 1824 2990 1875 sententia
3014 1826 3268 1876 damnatos
3289 1841 3403 1877 esse

240 1890 458 1951 letatur.
477 1886 610 1936 'Suos
633 1890 692 1936 ad
721 1890 1139 1949 perseverantiam
1181 1890 1407 1951 hortatur
1433 1903 1444 1936 :
1480 1892 1672 1950 piarum
1707 1886 1999 1937 feminarum
2045 1898 2212 1935 curam
2246 1887 2556 1936 commendat
2581 1901 2592 1934 :
2617 1886 2814 1936 demum
2839 1888 3057 1951 patiendi
3096 1901 3186 1951 pro
3208 1887 3406 1940 Christo

233 1947 458 1998 studium
483 1955 686 1998 excitat.
713 1947 923 2011 (Buron.
949 1964 1029 2000 an.
1057 1951 1168 2009 818,
1190 1963 1238 1999 η.
1279 1950 1376 2012 15.)

215 2032 291 2084 Τὸ
333 2033 508 2103 παρὸν
537 2034 732 2096 κοινῶς
781 2036 915 2087 πᾶσι
948 2036 1040 2086 καὶ
1071 2035 1171 2087 οὐκ
1217 2034 1322 2106 ἰδίᾳ
1362 2034 1577 2104 ἑκάστῳ
1607 2035 1723 2086 ὲπι-

1899 2031 2146 2086 Praasens
2176 2029 2437 2100 temporis
2477 2030 2722 2084 conditio
2751 2031 2942 2100 poscit.
2979 2042 3037 2086 ut
3065 2031 3401 2101 conjunctim

146 2124 358 2177 στεῖλαι
387 2142 453 2192 με
480 2141 494 2154 ·
526 2125 624 2178 οὐκ
653 2126 717 2179 ὲκ
751 2129 1209 2197 καταφρονήσεως
1232 2169 1246 2192 ,
1279 2126 1401 2180 οὐδὲ
1433 2126 1492 2190 ἐξ
1532 2127 1726 2193 ὀλιγω-

148 2214 291 2282 ρίας,
325 2214 528 2283 ἄπαγε’
561 2216 677 2278 πῶς
709 2216 818 2286 γὰρ
848 2216 914 2269 ἂν
937 2219 1415 2287 καταφρονήσαιμι
1442 2216 1550 2269 τῶν
1579 2216 1726 2286 ἐμῶν

148 2303 477 2372 σπλάγχνων
516 2303 611 2356 καὶ
648 2303 999 2377 όμολογητῶν
1034 2306 1294 2377 Χριστοῦ,
1333 2307 1408 2377 μὴ
1438 2307 1559 2376 οὐχὶ
1593 2307 1728 2376 μᾶλ-

148 2395 238 2447 λον
279 2398 378 2449 καὶ
409 2396 469 2448 τὸ
503 2390 645 2466 αἷμά.
675 2413 777 2466 μου
812 2397 1005 2450 κενοῦν
1048 2399 1170 2451 ἀντὶ
1209 2399 1459 2469 μέλανος,
1496 2401 1589 2452 καὶ
1631 2400 1727 2462 τὰς

147 2486 361 2556 σάρκας
391 2488 652 2556 παρέχειν
671 2488 795 2541 ἀντὶ
827 2487 1053 2558 χάρτου’
1078 2491 1158 2554 εἰς
1180 2491 1243 2542 τὸ
1278 2491 1642 2559 καθεκὰστην,
1677 2492 1726 2541 εἰ

145 2570 256 2629 οἷόν
287 2594 348 2630 τε
382 2574 471 2647 ἦν,
508 2580 742 2650 γράφειν
775 2581 868 2632 καὶ
907 2584 1249 2652 προσφωνεῖν
1279 2583 1459 2652 imae;
1495 2583 1602 2636 Kal.
1629 2583 1727 2652 οὐχ

145 2669 228 2720 ὅτι
260 2670 364 2722 οὐκ
388 2670 512 2723 ἐστὲ
540 2671 634 2739 ἀφ’
660 2672 1307 2746 έαυτῶνὲστηριγμένοι.
1337 2671 1467 2728 Οἶδα
1495 2677 1605 2748 γὰρ
1631 2678 1727 2731 καὶ

146 2762 456 2832 πέπεισμαι
497 2764 598 2834 ὅση
638 2766 766 2833 ὑμῖν
809 2768 845 2836 ἡ
898 2767 1047 2838 παρά
1092 2767 1228 2820 Θεοῦ
1267 2768 1497 2838 δύναμις
1522 2784 1536 2797 °
1588 2769 1726 2824 ἀλλά

145 2855 236 2907 τὸν
262 2853 506 2923 ἐμαυτοῦ
536 2855 703 2908 πόθον
741 2857 1094 2927 θεραπέυων,
1138 2863 1232 2913 καὶ
1274 2861 1334 2914 τὸ
1372 2861 1473 2928 τῆς
1504 2862 1726 2932 ἐντολῆς

147 2947 488 3020 ἀποπληρῶν
509 2948 686 3019 χρέος.
717 2949 898 3003 Αἴτιον
915 2952 971 3004 δὲ
1001 2951 1063 3004 τὸ
1090 2955 1187 3022 τῆς
1217 2955 1488 3023 φυλακῆς,
1525 2955 1729 3023 μᾶλλον

147 3041 579 3110 ἀσφαλέστερον·
615 3040 1048 3112 μεθορισθέντων
1076 3046 1234 3115 ἡμῶν
1260 3049 1405 3118 ἄρτι,
1430 3047 1606 3110 καθὼς
1633 3048 1727 3100 κα)⁵

148 3131 572 3202 προηκούσατε,
622 3134 681 3199 ἐξ
740 3132 1102 3187 Ἀνατολικῶν
1151 3137 1230 3200 εἰς
1275 3137 1616 3208 Θρᾳκησίους
1668 3141 1726 3192 ὲν

148 3220 405 3294 Σμύρνῃ·
437 3223 517 3292 τῷ
541 3241 598 3277 τε
630 3225 702 3295 μὴ
726 3224 980 3289 δέξασθαι
1014 3227 1322 3297 ἀντίγραφα
1366 3230 1474 3281 ἀπὸ
1511 3231 1722 3298 χρόνου·

147 3315 244 3364 καί⁵
282 3314 461 3377 ἄλλως
491 3315 572 3367 ὅτι
596 3319 706 3380 τοίς
733 3317 868 3381 ἴσοις
890 3319 1219 3386 ἀγωνισταῖς
1242 3321 1274 3388 ἡ
1305 3319 1442 3390 αὑτὴ
1468 3320 1723 3392 ἐπιστολὴ

146 3403 439 3472 ἀρκέσειεν
462 3406 591 3475 ἄρα.

215 3583 391 3654 Δεῦρο
418 3583 484 3653 δὴ
509 3579 623 3648 οὖν,
653 3586 872 3656 ἀδελφοί
905 3605 1030 3658 μου,
1061 3586 1280 3658 ᾅσωμεν
1314 3592 1401 3641 καὶ
1442 3589 1539 3643 νῦν
1568 3609 1726 3661 χαρισ-

147 3677 374 3746 στήρια,
396 3677 480 3730 ὅτι
502 3676 814 3748 ἠξιώθημεν
835 3679 1108 3732 δουλεύειν
1139 3680 1258 3750 Θεῷ
1282 3682 1444 3745 ζῶντι
1471 3685 1566 3735 καὶ
1591 3685 1724 3751 ἁλη-

147 3764 300 3835 θινῴ·
330 3767 395 3819 σὺ
436 3766 563 3838 μὴν,
593 3768 725 3820 ἀλλά
758 3772 848 3821 καὶ
874 3770 933 3822 τὸ
959 3770 1097 3840 ὑπὲρ
1117 3771 1280 3822 αὑτοῦ
1311 3773 1558 3842 πάσχειν·
1590 3775 1727 3844 ὅπερ

148 3858 266 3910 εστὶ
296 3857 462 3928 δόξης
503 3859 718 3930 ἀπάσης
755 3860 1114 3928 ἐνδοξότερον,
1156 3863 1250 3915 καὶ
1287 3864 1460 3934 χαρᾶς
1507 3866 1727 3933 ἀπάσης

147 3948 527 4019 χαριέστερον·
574 3951 660 4003 Ἑν
693 3951 796 4004 τίνι
827 3955 936 4022 γὰρ
959 3953 1020 4006 τὸ
1051 3953 1220 4016 πάθος
1249 3955 1411 4024 ὑμίν;
1459 3956 1600 4009 Ἀλλ’
1630 3958 1727 4025 ούχ

147 4040 292 4110 ὑπὲρ
329 4039 428 4092 τοῦ
467 4041 736 4109 Χριστοῦς
771 4044 1006 4114 Χριστὸν
1039 4044 1394 4114 ὁμολογοῦσιν
1442 4048 1727 4119 ἄνθρωπον

145 4131 418 4198 γεγονότα
439 4171 454 4191 ,
490 4129 758 4201 ἀληθινῶς
804 4134 967 4205 σαρκὶ
999 4136 1436 4206 περιγράφεσθαι
1462 4153 1476 4166 ⁸
1510 4138 1606 4190 εἴτ’
1633 4135 1728 4190 οὖν

144 4218 574 4283 ὲξεικονίζεσθαι
596 4239 608 4249 ο
641 4222 736 4274 καὶ
763 4223 862 4291 τὴν
895 4226 995 4293 τῆς
1033 4225 1240 4289 εἰκόνος
1281 4228 1597 4300 παραδοχὴν
1629 4228 1727 4296 τῆς

143 4309 620 4381 ένανθρωπήσεως
652 4312 817 4364 αὑτοῦ
855 4309 997 4367 εἷναι
1036 4316 1329 4368 πίστωσινο
1368 4312 1434 4389 ἦς
1469 4319 1723 4386 ἀναιρου-

146 4402 318 4472 μένης
359 4401 458 4454 καὶ
510 4403 898 4476 ἁθετουμένης,
945 4406 1189 4476 δηλονότι
1232 4409 1602 4480 συνανῄρηται
1637 4413 1728 4464 καὶ

145 4492 516 4564 συνηθέτηται
544 4496 635 4547 καὶ
675 4497 1157 4568 ήένανθρῶπησις.
1203 4500 1344 4552 Ἀλλ’
1371 4503 1560 4571 ἐπειδὴ
1590 4503 1692 4556 ὲτὺ

140 4587 397 4654 φλωσεν
432 4587 466 4638 ό
514 4585 658 4652 Θεὸς
712 4588 819 4642 τοῦ
860 4588 1075 4655 αἰῶνος
1104 4592 1315 4645 τούτου
1351 4591 1422 4644 τὰ
1459 4595 1728 4661 νοήματα

139 4673 253 4727 τῶν
297 4673 714 4745 Εἰκονομάχων,
752 4678 891 4747 πρὸς
934 4676 995 4728 τὸ
1042 4677 1118 4747 μὴ
1147 4679 1386 4746 αὐγάσαι
1419 4681 1604 4742 αὐτοῖς
1637 4683 1727 4732 τὸν

1828 2121 2088 2174 omnibus
2116 2134 2226 2173 non
2251 2119 2484 2190 singulis
2510 2120 2761 2189 privatim
2791 2121 3004 2176 litteras
3026 2121 3173 2186 dem,
3201 2139 3308 2176 non
3339 2139 3406 2176 ex

1828 2221 2144 2280 contemptu
2195 2211 2279 2264 vel
2339 2211 2628 2280 neglectu,
2689 2212 2829 2265 absit
2884 2230 2897 2265 :
2952 2228 3075 2265 nam
3127 2215 3406 2282 quomodo

1827 2304 2037 2358 viscera
2090 2319 2209 2357 mea
2249 2319 2503 2372 spernam
2545 2312 2600 2358 et
2641 2302 2993 2359 confessores
3044 2305 3271 2367 Christi,
3305 2321 3406 2360 nec

1828 2395 2013 2466 potius
2051 2395 2373 2465 sanguinem
2404 2395 2525 2449 vice
2564 2396 2850 2448 atramenti
2884 2391 3132 2459 fimdnm,
3171 2397 3402 2466 pellem-

1828 2503 1934 2556 que
1986 2502 2084 2556 pro
2130 2488 2320 2540 charta
2365 2485 2657 2555 praebeam,
2717 2493 2774 2540 ut
2822 2487 3056 2556 singulis
3090 2488 3303 2554 diebus,
3356 2490 3404 2544 si

1829 2577 1944 2630 fieri
1978 2576 2173 2646 possit,
2205 2591 2302 2630 vos
2340 2575 2559 2644 scriptis
2595 2576 2787 2629 litteris
2816 2575 3107 2644 alloquar?
3131 2574 3203 2628 At
3231 2591 3405 2644 neque

1830 2668 2043 2722 idcirco
2073 2666 2218 2736 quod
2249 2681 2345 2735 per
2372 2681 2466 2720 vos
2508 2665 2608 2735 ipsi
2641 2665 2797 2719 ﬁrmo
2833 2666 3001 2719 animi
3037 2665 3235 2719 robore
3263 2680 3404 2734 prat—

1826 2761 1942 2817 diti.
1982 2776 2090 2816 non
2143 2760 2288 2815 silis.
2351 2758 2485 2813 Novi
2539 2759 2690 2812 enim
2740 2774 2803 2813 ac
2852 2773 3174 2828 persuasum
3229 2758 3404 2812 habeo

1827 2862 2032 2922 quanta
2067 2853 2138 2907 sit
2169 2852 2326 2907 vobis
2369 2867 2399 2905 ι
2433 2850 2543 2904 Deo
2576 2850 2750 2904 virtus
2782 2869 2797 2906 :
2824 2850 2919 2904 sed
2961 2849 3236 2903 desiderio
3284 2864 3405 2901 meo

1827 2945 2240 3005 obsecundans,
2266 2958 2331 2996 ac
2361 2943 2601 2996 mandati
2635 2942 2882 2997 debitum
2914 2943 3223 2996 exsolvens.
3256 2940 3404 2995 Scri-

1827 3038 1988 3093 bendi
2015 3044 2197 3090 autem
2225 3050 2392 3088 causa
2421 3043 2525 3100 est,
2554 3033 2870 3101 diligentior
2900 3033 3074 3086 multo
3105 3032 3356 3086 custodia
3387 3049 3402 3084 :

1826 3128 1973 3199 quod
2040 3125 2275 3182 traducti
2331 3139 2565 3189 sumus,
2610 3123 3074 3195 quemadmodum
3132 3132 3187 3177 et
3250 3123 3405 3193 prius

1825 3217 2212 3278 inaudivistis,
2268 3229 2334 3269 ex
2388 3213 2628 3268 Orientis
2690 3221 2870 3268 tractu
2930 3213 2986 3266 in
3032 3211 3404 3267 Thracensem

1828 3307 2119 3378 Smyrnam
2158 3326 2170 3359 :
2205 3319 2312 3360 tum
2347 3322 2476 3359 vero
2511 3305 2657 3376 quod
2693 3302 3020 3375 jamdudum
3069 3303 3138 3357 ad
3169 3317 3272 3356 nos
3312 3318 3402 3356 re-

1750 3417 1792 3475 c
1827 3402 2028 3470 scripta
2077 3416 2187 3453 non
2240 3397 2595 3470 perferuntur
2629 3415 2641 3450 :
2676 3397 2895 3462 deinde,
2933 3395 3082 3466 quod
3127 3411 3192 3448 ex
3246 3410 3405 3464 atquo

1825 3491 2218 3546 dimicantibus
2242 3489 2475 3559 epistola
2511 3505 2618 3542 una
2653 3488 2871 3543 abunde
2902 3487 3090 3542 futura
3121 3495 3224 3542 est.

1895 3584 2050 3652 Agite
2104 3582 2324 3651 itaque,
2369 3581 2567 3635 fratres
2617 3581 2770 3635 mei:
2816 3596 2963 3635 nunc
3023 3593 3244 3650 quoque
3297 3591 3403 3632 non

1826 3674 1945 3729 sine
1979 3684 2140 3728 cantu
2173 3683 2357 3743 grates
2382 3689 2631 3742 agamus,
2653 3672 2799 3742 quod
2830 3671 2982 3742 digni
3016 3672 3192 3726 habiti
3211 3685 3406 3724 sumus

1826 3765 1919 3833 qui
1943 3764 2054 3819 Deo
2077 3765 2202 3818 vivo
2227 3779 2291 3818 ac
2319 3780 2447 3818 vero
2478 3765 2785 3820 serviamus
2814 3780 2830 3817 :
2855 3777 3033 3832 neque
3062 3763 3165 3816 hoc
3199 3761 3402 3824 solum,

1827 3854 1923 3908 sed
1965 3865 2018 3908 et
2061 3854 2153 3924 qui
2187 3868 2287 3923 pro
2325 3853 2444 3923 ipso
2478 3855 2751 3923 patiamur
2783 3871 2796 3905 :
2825 3851 2975 3923 quod
3025 3866 3244 3905 omnem
3284 3849 3405 3920 glo-

1829 3946 1966 3999 riam
2034 3956 2292 4015 superat,
2353 3960 2687 4016 omnemque
2751 3944 3021 3999 laetitiam.
3079 3941 3216 3997 Nam
3281 3957 3405 4013 quae

1830 4039 1983 4092 vobis
2035 4053 2198 4092 causa
2246 4037 2522 4108 patiendi?
2555 4041 2753 4093 Annon
2805 4046 3030 4108 propter
3072 4035 3402 4091 Christum?

1827 4129 1974 4198 quod
2019 4127 2302 4184 Christum
2342 4129 2624 4183 hominem
2661 4128 2865 4184 factum
2904 4127 3245 4182 confitemini
3279 4143 3407 4181 vere

1829 4236 1996 4275 carne
2024 4220 2428 4284 circumscribi,
2474 4229 2638 4290 atque
2674 4220 2810 4275 adeo
2840 4220 3103 4274 delineari
3150 4219 3402 4289 pictura;

1827 4327 1892 4368 ac
1921 4313 2163 4383 ejusdem
2196 4314 2453 4385 imaginis
2490 4314 2920 4382 susceptionem.
2967 4313 3113 4366 illius
3146 4312 3406 4379 incorpo-

1830 4404 2058 4460 rationis
2110 4405 2268 4460 fidem
2321 4419 2621 4475 essezqua
2673 4403 2892 4459 sublata
2947 4413 3003 4457 et
3051 4413 3403 4473 contempta,

1829 4497 2039 4551 tollitur
2073 4496 2301 4552 omnino
2349 4505 2405 4550 et
2450 4495 2824 4552 contemnitur
2861 4496 3258 4564 incorporatio.
3295 4495 3402 4549 Sed

1830 4592 2090 4658 quoniam
2144 4589 2282 4644 Deus
2325 4587 2482 4658 hujus
2528 4590 2714 4665 surculi
2742 4589 3026 4643 excwcavit
3067 4598 3260 4641 mentes
3288 4588 3403 4642 lcn-

1832 4683 2228 4736 nomacliorum
2253 4680 2324 4747 "‘,
2357 4693 2416 4735 ut
2442 4697 2509 4735 ne
2542 4680 2820 4751 al'fulgeret
2844 4682 2912 4736 iis
2942 4681 3202 4750 splendor
3227 4679 3403 4749 ipsius

141 4765 434 4835 φωτισμὸν
475 4765 577 4834 τῆς
618 4768 826 4832 εἰκόνος
872 4769 1074 4821 αὑτοῦ·
1111 4769 1201 4822 διὰ
1236 4769 1393 4823 τοῦτο
1436 4773 1496 4824 ὲν
1542 4773 1723 4824 σκότει

1829 4772 2130 4842 imaginis:
2164 4772 2373 4827 idcirco
2432 4772 2486 4826 in
2545 4771 2784 4828 tenebris
2848 4772 3190 4827 ambulantes
3245 4771 3407 4823 Chri-

139 4855 596 4926 διαπορευόμενοι
624 4859 913 4929 ἀρνοῦνται
937 4860 1189 4930 Χριστὸν,
1217 4861 1541 4932 ἀρνούμενοι
1560 4863 1728 4916 αὑτοῦ

138 4950 242 5014 τὴν
273 4946 467 4999 εἰκόνα
520 4947 613 4998 καὶ
641 4949 1009 5016 φιλονεικοῦσι
1037 4951 1247 5013 πάντας
1281 4953 1726 5022 συνεκτυφλωθῆ-

1827 4876 1970 4918 stum
1989 4866 2283 4936 abuegant,
2316 4865 2488 4934 ipsius
2517 4865 2809 4937 imaginem
2839 4867 3172 4935 abnegantes
3203 4881 3216 4918 :
3244 4876 3409 4931 atque

1826 4956 1977 5010 omni
2015 4973 2119 5026 ope
2161 4960 2502 5012 contendunt
2558 4969 2616 5014 ut
2644 4973 2841 5012 omnes
2895 4975 3021 5012 cum
3058 4957 3193 5027 ipsis
3228 4971 3406 5011 cacu—

137 5055 227 5092 ναι
257 5039 482 5096 αὐτοῖς·
513 5036 819 5104 διώκοντες,
847 5043 1172 5106 αἰκίζοντες,
1196 5041 1604 5110 φυλακίζοντες,
1632 5044 1723 5098 καί

1829 5048 1967 5102 tiant
2000 5067 2014 5102 :
2049 5057 2462 5118 persequentes,
2517 5049 2808 5115 caedentes,
2843 5049 3051 5104 carceri
3087 5047 3409 5116 mancipan-

138 5131 216 5194 ῶς
244 5133 428 5183 εἰπεῖν
459 5130 548 5182 ἀεὶ
591 5131 1000 5196 ἀποκτένοντες.
1060 5135 1200 5187 Ἀλλ’
1232 5135 1329 5204 οὑχ
1357 5135 1569 5200 ἒλξουσι
1604 5139 1723 5199 τους

1829 5149 1932 5206 tes,
1984 5157 2048 5196 ac
2111 5144 2505 5212 propemodum
2547 5157 2760 5210 semper
2808 5143 3142 5198 occidentes.
3187 5141 3259 5193 At
3300 5155 3407 5194 non

141 5223 554 5294 βεϐαιωθέντας
601 5227 694 5276 καὶ
753 5227 1178 5298 ἐστηριγμένους
1231 5231 1295 5297 τῇ
1350 5230 1723 5298 ἀμεταπτώτῳ

1836 5235 2154 5301 pertrahent
2195 5249 2290 5288 cos
2317 5237 2410 5304 qui
2463 5234 2768 5288 confirmati
2809 5243 2938 5290 sunt
2973 5249 3036 5287 ac
3063 5233 3408 5288 corroborati

140 5314 400 5385 ἀληθείᾳ.
432 5313 556 5366 Οὐδ’
589 5315 648 5366 οὐ
683 5322 787 5386 μην
821 5317 1078 5385 διέφυγον
1121 5319 1196 5387 μὴ
1224 5321 1342 5387 οὺχ).
1375 5321 1469 5372 καὶ
1500 5323 1604 5373 ὑπὸ
1633 5320 1726 5372 τοῦ

139 5404 456 5478 κορυφαίου
523 5408 709 5476 θρόνου
758 5411 856 5478 τῆς
922 5411 1246 5480 Ἐκκλησίας
1303 5412 1722 5484 διελεγχθῆναι,

139 5497 330 5560 καθὼς
360 5498 460 5550 καὶ
489 5499 707 5564 ἐγένετο
730 5545 744 5567 ,
780 5503 872 5554 καὶ
904 5503 1101 5556 οἰδατε.
1137 5504 1244 5556 Καὶ
1276 5499 1343 5574 ἦν
1382 5505 1479 5572 μὲν
1506 5507 1636 5575 ἡμῖν
1664 5506 1725 5557 τὸ

139 5587 390 5656 ἀσφαλὲς
424 5585 522 5639 καὶ
550 5587 875 5659 εἰλικρινὲς,
918 5592 1013 5643 καὶ
1042 5590 1148 5658 πρὸ
1190 5591 1290 5661 τῆς
1331 5592 1439 5644 τῶν
1481 5592 1724 5645 Δυτικῶν

137 5679 437 5742 ἐλεύσεως.
479 5677 847 5748 Προσεγένετο
884 5682 940 5735 δὲ
980 5682 1142 5734 πλέον
1187 5684 1268 5735 ὅτι
1320 5683 1555 5752 μάλιστα
1598 5685 1726 5738 καν-

211 5795 258 5828 ³³
282 5796 350 5852 de
377 5795 502 5852 Div.
535 5801 847 5864 nominibus,
876 5818 1001 5871 cap.
1030 5802 1080 5854 1.
1158 5801 1203 5834 ⁸⁸
1227 5802 1268 5857 ΙΙ
1299 5803 1423 5859 Cor.
1459 5821 1529 5871 ιν,
1567 5805 1617 5858 4.

444 5893 709 5962 ΡΑτιιοι.
762 5901 857 5964 Gn
930 5899 1146 5964 XCIX.

1835 5325 2164 5380 immutabili
2211 5329 2462 5380 veritate.
2496 5326 2640 5381 Sane
2685 5343 2791 5380 non
2841 5327 3168 5395 eﬂ'ugerunl,
3210 5325 3340 5395 quin
3376 5340 3406 5378 a

1832 5431 2089 5486 supremo
2119 5415 2382 5470 Ecclesia:
2404 5418 2599 5472 throno
2624 5428 3004 5488 arguerentur,
3032 5417 3175 5472 sicut
3202 5416 3406 5472 faCtum

1832 5518 1937 5574 est,
1972 5519 2026 5564 et
2058 5511 2163 5579 ipsi
2192 5509 2365 5565 scitis.
2402 5510 2470 5565 Et
2500 5511 2658 5564 nobis
2693 5511 2907 5579 quidem
2939 5520 3052 5564 tuta
3098 5519 3153 5564 et
3192 5509 3408 5564 sincera

1837 5612 1996 5654 erant
2030 5602 2234 5669 omnia,
2263 5601 2427 5656 etiam
2464 5612 2590 5658 ante
2623 5599 3053 5658 Occidentalium
3087 5601 3404 5655 adventum.

1833 5690 2134 5750 Plurimum
2187 5709 2314 5750 vero
2358 5695 2522 5750 etiam
2556 5695 2682 5752 inde
2720 5697 2971 5761 accessit,
3006 5705 3063 5749 ut
3111 5707 3407 5764 cognosc»

2896 5898 2963 5955 41
