3990 6318
604 490 751 535 mus,
783 471 858 525 uti
887 468 1199 539 superiores
1240 476 1450 529 mtates,
1495 466 1575 522 sic
1606 473 1659 520 et
1691 476 1933 521 nostram
1968 478 2186 535 quoque
2216 466 2261 522 Α

605 565 717 617 Deo
748 576 894 616 cura:
936 575 1081 622 esse,
1113 567 1277 627 atque
1308 558 1376 612 ab
1418 557 1538 626 ipso
1568 567 1694 611 ante
1719 557 1965 611 omnium
1998 555 2190 608 oculos

604 655 863 710 constitui
900 652 1301 715 testimonium,
1333 651 1481 719 quod
1529 649 1597 703 ab
1642 664 1709 703 eo
1752 648 1915 702 alieni
1947 648 2057 701 sint
2091 646 2187 715 qui

607 746 899 815 imaginem
954 750 1176 811 negant.
1226 742 1283 795 Si
1338 741 1484 795 enim
1535 756 1563 793 a
1627 739 1919 810 coryphaao
1969 738 2188 807 abrupti

602 850 750 903 sunt,
803 847 858 891 et
903 837 971 891 ab
1024 837 1147 891 aliis
1191 836 1366 890 tribus
1412 835 1777 905 patriarchis;
1821 832 2011 902 utique
2063 842 2118 885 et
2157 846 2186 884 a

602 930 847 994 Christo,
907 932 999 1001 qui
1062 941 1227 1001 caput
1286 941 1369 985 est
1429 928 1810 999 praedictorum
1845 943 1860 982 :
1896 936 1951 981 et
2005 926 2189 996 lugere

604 1026 819 1078 illorum
850 1040 1013 1079 causa
1056 1034 1110 1077 et
1148 1038 1383 1079 moerere
1410 1022 1688 1085 convenit,
1719 1029 1907 1075 nostra
1944 1034 2075 1073 vero
2100 1020 2190 1073 lte-

602 1118 706 1172 tari
742 1134 907 1187 supra
946 1118 1196 1171 modum.

676 1209 943 1279 Deinceps
975 1209 1181 1278 itaque,
1217 1207 1423 1270 dilecti,
1466 1205 1707 1261 carceris
1739 1206 2020 1260 molestias
2064 1219 2188 1273 per-

608 1300 873 1362 feramus,
929 1315 993 1355 ac
1050 1301 1388 1355 tentationes
1440 1314 1562 1366 quae
1621 1299 1978 1367 impendent;
2039 1297 2185 1352 istud

603 1393 805 1461 ipsum,
846 1392 1094 1462 quotidie
1123 1392 1286 1455 mori,
1319 1390 1691 1445 testimonium
1726 1390 1977 1453 reddere,
2001 1391 2189 1443 decer-

607 1494 722 1537 tare
766 1483 947 1553 quoad
1003 1497 1180 1551 usque
1228 1481 1382 1550 pacis
1435 1490 1653 1550 tempus
1706 1481 2006 1534 adveniat:
2044 1481 2187 1549 quod

604 1576 875 1629 Dominus
899 1574 1167 1645 judicavit
1204 1574 1339 1628 satis
1388 1588 1511 1628 esse
1562 1573 1630 1626 ad
1675 1588 1865 1627 eorum
1906 1573 2187 1643 probatio-

604 1682 730 1720 nem
779 1666 875 1736 qui
924 1665 1280 1731 conﬁtentur,
1331 1674 1384 1719 et
1436 1666 1503 1718 ad
1545 1665 1809 1720 ultionem
1854 1680 2044 1719 eorum
2092 1664 2189 1735 qui

604 1758 763 1813 [idem
797 1760 1013 1814 veritati
1063 1759 1355 1828 abrogant.
1399 1758 1525 1812 Dies
1563 1759 1709 1812 diem
1745 1758 1928 1812 trudat
1962 1773 2060 1825 per
2089 1772 2187 1826 pa-

606 1850 855 1903 tientiam
901 1858 955 1904 et
987 1850 1328 1905 alacritatem
1361 1867 1374 1903 :
1409 1865 1603 1903 manus
1633 1849 2020 1918 qualecunque
2050 1861 2188 1916 opus

605 1955 862 2011 operetur
910 1942 1143 2012 :lingua
1196 1943 1395 2012 psallat
1440 1959 1452 1995 :
1493 1957 1695 2010 corpus
1750 1942 1804 1994 in
1867 1941 2184 1995 servitutem

604 2037 937 2105 redigatur:
975 2037 1079 2091 sibi
1131 2037 1247 2106 ipse
1300 2036 1547 2092 attendat
1610 2036 1854 2102 animus,
1910 2050 1980 2089 ne
2037 2035 2188 2089 vitiis

604 2129 809 2198 pandat
845 2126 1037 2183 fores:
1074 2138 1133 2182 ut
1162 2144 1227 2183 eo
1275 2139 1435 2198 pacto
1485 2128 1728 2197 spatiosa
1778 2127 1870 2181 ﬁat
1913 2127 2183 2186 custodia,

605 2222 871 2291 gratiosa,
913 2222 1181 2291 jucunda,
1218 2221 1424 2277 Christi
1462 2222 1727 2291 palatium
1762 2235 1776 2274 :
1807 2237 1932 2275 nam
1984 2236 2071 2276 res
2111 2220 2189 2274 vi-

603 2316 766 2368 detur
810 2322 1004 2368 contra
1036 2330 1095 2369 se
1125 2314 1347 2369 habere.
1397 2314 1572 2369 Penes
1600 2330 1698 2369 vos
1729 2325 1813 2370 est
1860 2314 2058 2369 ﬁducia
2093 2329 2189 2369 eo-

606 2423 727 2461 rum
762 2408 855 2476 qui
892 2407 1027 2461 l'oris
1059 2418 1211 2470 sunt,
1248 2408 1491 2460 virorum
1530 2422 1594 2461 ac
1625 2408 1940 2473 mulierum,
1974 2408 2189 2461 monia-

606 2500 741 2553 lium
794 2514 857 2552 ac
906 2499 1127 2569 plebis:
1182 2510 1240 2553 et
1282 2498 1403 2566 iure
1458 2500 1665 2569 optimo
1696 2520 1708 2555 :
1739 2501 2184 2571 quandoquidem

605 2591 813 2646 Christi
854 2590 1121 2645 bcnelicio
1155 2592 1245 2644 lux
1279 2591 1413 2645 estis
1444 2592 1710 2661 Byzantii,
1743 2609 1810 2647 ne
1833 2593 2008 2647 dicam
2036 2594 2189 2647 orbis

608 2682 801 2735 totius.
831 2679 938 2735 Sed
972 2681 1253 2735 diabolum
1291 2682 1609 2735 intueamur
1638 2682 2054 2736 interserentem
2080 2681 2191 2736 fru-

606 2782 794 2827 mento
854 2773 1065 2827 zizania
1109 2782 1209 2828 :et
1256 2776 1496 2844 spiritali
1560 2775 1743 2828 cribro
1793 2774 1950 2828 ﬁdem
2000 2774 2190 2844 utique

606 2866 988 2930 admittamus,
1035 2866 1380 2921 excutiamus
1412 2877 1595 2921 autem
1624 2866 1853 2922 alfectus
1888 2887 1900 2921 :
1931 2884 1999 2923 ne
2024 2870 2191 2939 spiri-

607 2958 732 3012 talis
772 2973 901 3027 ager
929 2960 1337 3029 pessumdetur.
1388 2959 1590 3015 Habuit
1634 2969 1688 3014 et
1725 2977 1958 3031 magnus
1986 2962 2189 3018 Paulus

606 3050 986 3114 charissimas,
1030 3054 1260 3122 Appiam
1289 3053 1358 3117 ³⁸,
1398 3053 1678 3107 Persidem
1704 3054 1749 3085 ⁸⁸
1783 3072 1795 3106 :
1830 3064 1884 3109 et
1925 3054 2188 3109 Evodiam

608 3154 785 3210 rogat,
821 3154 874 3196 et
909 3144 1231 3215 Syntycheu
1267 3147 1621 3213 deprecatur,
1654 3145 1895 3214 Idipsum
1929 3162 2109 3211 sapere
2135 3147 2188 3197 in
2216 3164 2258 3220 ο

604 3232 833 3285 Domino
857 3233 943 3287 ’τε
979 3243 1239 3305 tanquam
1293 3235 1545 3289 laborum
1584 3239 2054 3306 certaminumque
2099 3253 2190 3292 so-

606 3324 719 3377 cias
758 3331 813 3376 et
837 3324 1159 3391 adjutrices.
1209 3324 1276 3378 Et
1305 3324 1510 3379 habere
1549 3326 1780 3379 omnino
1819 3342 2044 3381 necesse
2080 3337 2185 3393 est,

605 3416 699 3470 sed
749 3417 1217 3495 quemadmodum
1270 3419 1361 3474 ille
1411 3418 1623 3474 habuit.
1661 3419 1871 3476 Deinde
1919 3421 2092 3491 inquit
2123 3423 2189 3475 de

604 3505 857 3561 Priscilla
890 3518 943 3561 et
971 3508 1213 3578 Aquila:
1249 3508 1531 3578 Siquidem
1565 3528 1662 3581 pro
1698 3512 1877 3566 anima
1912 3529 2024 3565 mea
2076 3528 2189 3565 cer-

603 3601 739 3653 vices
769 3617 895 3655 suas
918 3612 1305 3670 supposuerunt
1328 3603 1397 3657 ⁸⁸.

678 3692 844 3749 Vides
890 3696 1098 3749 amoris
1148 3696 1424 3761 ardorem,
1462 3707 1515 3751 et
1544 3698 1791 3767 Apostoli
1832 3699 2187 3754 commenda-

603 3787 845 3839 tionem?
896 3786 1009 3853 Sic,
1056 3788 1254 3842 fratres
1296 3791 1424 3855 mei,
1458 3799 1512 3844 et
1565 3806 1665 3846 nos
1713 3799 1768 3845 et
1819 3806 1934 3856 vos,
1983 3794 2186 3860 pariter

603 3878 911 3933 habeamus
941 3888 998 3933 ct
1037 3880 1439 3949 amplectamur
1485 3896 1579 3936 eas
1608 3898 1731 3951 qua:
1771 3882 2016 3952 ejusdem
2054 3898 2186 3957 con-

602 3970 829 4025 ditionis
860 3985 924 4025 ac
953 3970 1158 4033 meriti,
1192 3972 1351 4026 nobis
1384 3972 1818 4041 adjunctaeosunt
1853 3989 1917 4028 ac
1941 3974 2133 4029 deditae
2168 3994 2181 4030 :

603 4073 664 4117 ut
704 4076 758 4118 et
804 4065 1145 4135 gloriﬁcatur
1176 4065 1342 4130 Deus,
1381 4075 1437 4121 et
1473 4082 1573 4121 nos
1626 4068 2027 4133 illuminemur,
2073 4084 2183 4122 non

601 4156 957 4226 inquinemur
996 4167 1180 4211 autem
1223 4168 1275 4213 et
1316 4159 1723 4228 perturbemur.
1763 4159 1836 4213 De
1880 4161 2037 4215 vobis
2085 4163 2186 4213 tri-

602 4251 704 4303 bus
746 4251 811 4304 ad
846 4265 933 4303 me
968 4250 1240 4319 perlatum
1272 4259 1376 4316 est,
1422 4252 1775 4308 consociatos
1811 4268 1907 4307 vos
1936 4269 2057 4308 esse
2090 4269 2184 4322 per

600 4348 982 4417 ptenitentiam
1043 4356 1098 4402 et
1157 4350 1522 4417 mutationem
1575 4347 1791 4404 Leontii

2221 1807 2261 1864 Β

1844 4366 1857 4403 :
1907 4359 1961 4404 et
2010 4350 2180 4404 Deum

602 4440 903 4507 glorificavi
951 4456 1051 4509 ego
1100 4450 1378 4511 peccator,
1412 4450 1525 4496 tum
1574 4443 1645 4496 ob
1682 4443 1829 4497 illius
1884 4443 2181 4513 mitigatio-

601 4547 749 4593 nem,
785 4533 831 4585 si
876 4532 1042 4585 modo
1084 4544 1418 4601 perseveret,
1454 4542 1570 4588 tum
1604 4536 1675 4590 ob
1712 4545 1958 4589 vestrum
2005 4542 2182 4588 certa-

600 4642 726 4679 men
764 4647 774 4679 :
810 4625 981 4695 quod,
1033 4634 1291 4695 tanquam
1328 4642 1358 4682 e
1398 4628 1618 4682 camino
1669 4629 1812 4699 ignis
1858 4640 1968 4683 tres
2006 4629 2184 4683 sancti

597 4718 780 4787 pueri,
821 4718 902 4772 sic
936 4726 991 4772 et
1039 4718 1143 4786 ipsi
1194 4732 1225 4773 e
1277 4725 1421 4774 tetro
1475 4733 1699 4774 carcere
1743 4720 1899 4774 illaesi
1942 4722 2180 4787 exiistis,

600 4821 836 4882 tyranno
863 4811 1179 4880 perterrito.
1223 4809 1327 4865 Sed
1364 4810 1567 4877 adhuc,
1606 4810 1704 4866 viri
1752 4815 1988 4874 strenui,
2016 4815 2181 4868 dimi-

599 4911 739 4967 cate,
775 4911 829 4955 et
858 4916 957 4956 vos
1005 4901 1073 4955 ad
1116 4903 1475 4956 tentationem
1530 4913 1847 4972 comparate
1893 4920 2065 4974 usque
2112 4905 2179 4959 ad

600 4994 946 5064 sanguinem.
996 4992 1127 5049 Hzec
1163 4993 1310 5049 enim
1359 4994 1445 5048 lex
1481 4994 1731 5065 martyrii
1781 5003 1887 5050 est.
1938 4998 2062 5050 Sitit
2099 4998 2179 5051 illi

598 5087 870 5141 benedicti
923 5087 1018 5156 qui
1077 5102 1176 5142 vos
1226 5087 1625 5150 corroborant,
1685 5102 1782 5141 seu
1836 5088 2023 5151 domi.
2079 5106 2175 5145 seu

599 5181 753 5235 foris.
781 5176 897 5233 Nos
938 5180 1125 5234 miseri
1161 5195 1384 5234 rursum
1427 5180 1602 5250 plagis
1643 5180 1769 5234 caesi
1809 5196 2003 5236 sumus
2036 5198 2051 5235 :
2082 5184 2175 5236 sed

598 5288 723 5326 eum
753 5272 1053 5340 gratiarum
1090 5273 1309 5325 actione
1346 5272 1662 5339 excepimus
1695 5288 1709 5324 :
1737 5281 1791 5325 et
1820 5287 1967 5326 nunc
2001 5274 2175 5343 magis

596 5367 761 5419 etiam
793 5364 953 5417 nobis
980 5364 1280 5433 placemus.
1317 5361 1497 5428 Quare
1529 5378 1628 5417 nec
1650 5379 1747 5419 vos
1771 5365 2175 5421 contristemini

597 5460 650 5511 in
688 5456 996 5511 humilitate
1028 5464 1251 5521 nostra;
1299 5454 1392 5509 sed
1439 5454 1671 5523 gaudete
1700 5456 1905 5524 potius,
1939 5465 1994 5509 et
2025 5467 2176 5511 orate

598 5549 959 5601 utvaleamus-
987 5546 1165 5601 adhuc
1196 5547 1249 5598 in
1282 5544 1567 5609 omnibus,
1600 5555 1653 5599 et
1676 5561 1739 5600 ea
1779 5547 2014 5601 tolerare
2049 5563 2171 5617 qua:

596 5653 627 5693 a
665 5637 1025 5706 potestatibus
1067 5633 1398 5700 inferuntur,
1447 5644 1501 5689 et
1551 5650 1616 5691 ea
1648 5635 1922 5691 sustinere
1951 5652 2072 5707 quae
2099 5637 2169 5692 ab

664 5818 709 5847 “
735 5814 969 5871 Philem.
1003 5832 1013 5867 I
1081 5818 1129 5868 ι.

1797 360 1857 420 S.
1882 356 2275 417 THEODORI
2330 357 2677 416 ΒΤΠΟΙΤίΕ

2289 464 2500 526 τεῦθεν,
2525 466 2599 528 ὼς
2624 465 2690 517 ἂν
2712 464 2930 535 γνῶμεν
2952 466 3035 518 ὅτι
3060 464 3333 519 ἀκόλουθα
3359 469 3479 530 ταῖς
3498 468 3623 521 ἄνω
3655 471 3909 535 γενεαξ,

2293 558 2387 609 καὶ
2413 558 2512 628 τὴν
2545 558 2667 612 καθ’
2695 560 2847 629 ἡμᾶς
2879 561 2906 612 ὁ
2935 559 3070 623 Θεὸς
3095 560 3413 613 ἐπισκοπῶν
3439 564 3779 615 ἐπισκοπεῖ·
3814 563 3909 614 καὶ

2292 649 2384 702 ὑπ’
2411 651 2533 719 ὄψιν
2568 652 2744 719 ἤγαγε
2778 652 2839 703 τὸ
2868 651 3191 723 μαρτύριον,
3229 653 3311 705 ὅτι
3343 653 3767 725 ἡλλοτρίωνται
3804 656 3907 707 ad.

2289 742 2386 796 τοῦ
2425 744 2476 795 οί
2515 744 2615 813 τῆς
2662 743 2869 807 εἰκόνος
2915 744 3170 815 ἀρνηταί.
3204 745 3265 798 Ei
3308 744 3417 815 γὰρ
3447 746 3547 798 τοῦ
3581 746 3907 815 κορυψαεεου

2290 835 2398 888 εἰσὶ
2422 836 2835 907 διερῤηγμένοι,
2861 836 2969 890 τῶν
2992 854 3052 889 τε
3072 837 3278 907 ἑτέρων
3296 836 3467 909 τριῶν
3489 839 3904 909 πατριαρχῶν·

2289 928 2491 999 δηλαδὴ
2521 931 2615 981 καὶ
2644 930 2739 983 τοῦ
2771 930 3040 1001 Χριστοῦ,
3072 930 3129 992 ὃς
3154 929 3362 1000 κεφαλὴ
3389 929 3505 983 τῶν
3538 933 3901 1000 προειρημέ-

2290 1037 2416 1073 νων·
2450 1024 2546 1074 καὶ
2571 1022 2790 1075 πενθεῖν
2816 1024 2934 1076 ἐστι
2968 1024 3063 1075 κα)⁴
3090 1022 3516 1092 σκυθρωπάζειν
3554 1024 3649 1075 ἐπ’
3682 1025 3900 1085 αὐτοῖς·

2290 1114 2421 1183 ἡμῖν
2449 1113 2508 1165 δὲ
2542 1114 2753 1185 Χαίρειν
2788 1115 2932 1184 μέγα
2954 1115 3061 1183 ,καὶ
3087 1116 3386 1185 ὑπερφυές.

2374 1206 2716 1278 Ἐνέγκωμεν
2760 1207 2854 1261 οῦν
2887 1207 3072 1261 λοιπὸν
3096 1247 3111 1270 ,
3155 1209 3463 1277 ἀγαπητοὶ,
3508 1210 3585 1263 τὰ
3622 1209 3904 1263 θλιπτικέί

2288 1299 2387 1367 τῆς
2408 1299 2676 1367 φυλακῆς·
2706 1300 2774 1353 τὰ
2800 1298 3233 1370 προσδοκώμενα
3253 1299 3333 1352 ἔτι
3360 1304 3736 1371 πειρατήρια·
3762 1304 3902 1355 αὐτὸ

2287 1392 2470 1459 τοῦτο,
2523 1392 2891 1462 ἀποθνήσκειν
2933 1392 3279 1463 καθημέραν,
3316 1396 3663 1464 μαρτυρεῖν,
3706 1395 3899 1449 ἀθλεῖν

2288 1483 2395 1547 ἓως
2423 1482 2490 1537 ἂν
2518 1485 2715 1554 ἐπιστῇ
2743 1485 2770 1536 ό
2806 1485 2998 1554 καιρὸς
3025 1484 3123 1553 τ’ἧς
3154 1484 3396 1553 εἰρήνης·
3424 1484 3483 1537 ὃν
3505 1485 3536 1535 ὁ
3562 1485 3785 1555 Κύριος
3810 1488 3901 1539 δε-

2288 1576 2581 1645 δοκίμακεν
2625 1575 2938 1645 ἀρκούντως
2965 1575 3110 1645 ἔχειν
3148 1577 3227 1638 είς
3256 1575 3498 1643 δοκίμιον
3538 1576 3655 1629 τῶν
3692 1579 3899 1647 ὁμολο-

2289 1668 2549 1735 γούντων,
2607 1669 2701 1721 καὶ
2753 1668 3110 1737 ἀνταπόδομα
3156 1665 3265 1719 τῶν
3322 1667 3737 1721 ἀπειθούντων.
3834 1670 3897 1721 Ἦ

2290 1762 2473 1831 ἡμέρα
2518 1760 2615 1831 τὴν
2659 1761 2874 1831 ἡμέραν
2915 1760 3284 1823 διαϐιϐαζέτω
3335 1760 3401 1813 δι’
3451 1761 3753 1831 ὑπομονῆς
3798 1764 3898 1815 καὶ

2290 1853 2621 1923 προθυμίας·
2654 1855 2687 1921 ἡ
2733 1853 2856 1923 χεὶρ
2895 1851 3215 1921 ὲργαζέσθω
3250 1853 3640 1924 οίονδηποτοῦν
3680 1854 3859 1923 ἔργον
3883 1872 3896 1884 ·

2288 1946 2350 1997 τὸ
2380 1946 2554 2014 στόμα
2579 1943 2855 2014 ψαλλέτω·
2886 1944 2948 1997 τὸ
2974 1943 3135 2014 σῶμα
3162 1944 3646 2012 δουλαγωγείσθω·
3692 1948 3725 1999 ὁ
3767 1946 3898 2008 νοῦς

2290 2039 2606 2109 προσεχέτω
2635 2037 2846 2107 ἐαυτῷ·
2884 2037 2960 2108 μὴ
2991 2038 3233 2105 ἀνοίγειν
3263 2036 3432 2108 Θύραν
3475 2039 3593 2101 τοῖς
3622 2039 3896 2093 πάθεσιν·

2288 2134 2363 2194 ὡς
2389 2131 2454 2185 ἂν
2492 2134 2525 2201 ὴ
2554 2132 2773 2202 φυλακὴ
2803 2131 3116 2205 εὐρύχωρος
3160 2127 3302 2197 εἶεν,
3347 2132 3709 2203 εὐχάριστος,
3757 2136 3897 2203 γλυ-

2290 2224 2433 2283 κεῖα,
2473 2221 2737 2276 παλάτιον
2767 2221 3025 2289 Χριστοῦ.
3062 2222 3136 2274 Τὸ
3168 2222 3279 2292 γὰρ
3304 2221 3554 2276 ἐναντίον
3578 2225 3895 2294 πρόδηλον.

2289 2315 2477 2376 Πίστις
2505 2314 2658 2383 παρά
2690 2315 2799 2369 τῶν
2833 2313 3033 2378 ἔξωθεν
3075 2314 3213 2385 πρὸς
3243 2315 3408 2385 ὑμᾶς,
3439 2315 3659 2387 ἀνδρῶν
3695 2334 3760 2369 τε
3798 2318 3898 2370 καὶ

2288 2405 2596 2475 γυναικῶν·
2643 2406 2991 2477 μοναξουσῶν
3031 2423 3090 2458 τε
3122 2408 3219 2459 καὶ
3254 2408 3518 2475 μιγάδων.
3574 2409 3695 2460 Καὶ
3747 2410 3901 2463 εἰκό-

2288 2514 2417 2561 τως·
2445 2499 2566 2552 ἐπεὶ
2595 2499 2708 2569 φῶς
2733 2502 2855 2552 ἐστε
2887 2498 3076 2568 χάριτι
3105 2498 3345 2568 Χριστοῦ
3383 2500 3481 2570 τῆς
3519 2498 3894 2563 Βυζαντίδος·

2291 2590 2379 2641 ἵνα
2421 2589 2495 2658 μὴ
2529 2590 2689 2652 εἴπω,
2721 2588 2847 2640 ὅλου
2876 2586 2971 2641 τοῦ
3002 2588 3232 2659 κόσμου.
3281 2590 3444 2645 Ἀλλὰ
3466 2591 3773 2660 βλέπωμεν
3800 2595 3899 2644 τὸν

2291 2680 2680 2748 ὲπισπείροντα
2704 2680 2782 2750 τῷ
2807 2680 2940 2750 σίτῳ
2970 2680 3185 2746 ζιζάνια
3211 2682 3458 2737 διάϐολον
3477 2698 3492 2712 ⁸
3516 2682 3616 2734 καὶ
3650 2682 3739 2752 τῷ
3769 2684 3898 2737 61c:-

2292 2770 2528 2840 νοητικῷ
2555 2770 2794 2839 κοσκίνῳ
2821 2770 2920 2841 τὴν
2967 2771 3066 2841 μὲν
3097 2773 3280 2825 πίστιν
3304 2771 3670 2841 προσιέμεθα·
3704 2774 3811 2837 τὰς
3840 2776 3897 2828 δὲ

2293 2864 2507 2933 σχέσεις
2524 2863 2975 2934 ἀποσεισώμεθα·
3002 2863 3092 2917 ἵνα
3121 2864 3199 2935 μὴ
3221 2865 3254 2931 ἡ
3281 2862 3483 2933 ψυχικὴ
3515 2861 3681 2934 χώρα
3708 2865 3897 2935 λυμή-

2291 2973 2473 3026 νηται.
2526 2950 2657 3025 Εἶχε
2703 2957 2799 3009 καὶ
2843 2956 3056 3019 Παῦλος
3086 2958 3114 3010 ό
3165 2956 3341 3025 μέγας
3390 2955 3731 3026 ἀγαπητὰ·
3790 2959 3898 3029 τὴν

2304 3047 2562 3116 Ἀπφίαν,
2589 3048 2690 3117 τὴν
2724 3048 2980 3116 Περσίδας
3022 3050 3119 3101 καὶ
3144 3047 3388 3101 Εὖωδίαν
3416 3048 3765 3117 παρακαλεῖ,
3794 3052 3897 3103 καὶ

2292 3139 2570 3208 Συντύχην
2602 3140 2916 3211 παρακαλεῖ
2948 3140 3009 3192 τὸ
3038 3138 3171 3194 αὐτὸ
3201 3142 3422 3209 φρονεῖν
3458 3142 3514 3193 ὲν
3546 3140 3771 3211 Κυρίῳ·
3818 3144 3897 3205 ὡς

2292 3229 2681 3299 συγκοπιώσας
2707 3233 2803 3284 καὶ
2833 3230 3205 3293 συναθλούσας
3232 3232 3324 3284 καὶ
3363 3231 3754 3297 διακονούσας.
3786 3237 3897 3288 Καὶ

2289 3322 2588 3389 ἀναγκαῖον
2611 3321 2830 3385 πάντως
2854 3322 3021 3392 ἔχειν·
3046 3322 3164 3375 ἀλλ’
3187 3321 3352 3392 ἔχειν,
3376 3322 3451 3384 ὡς
3474 3318 3621 3392 εἶχεν
3643 3325 3893 3389 ἐκεῖνος.

2304 3412 2457 3466 Ἐπεί
2488 3431 2622 3483 φησι
2668 3415 2798 3484 περὶ
2843 3415 3179 3485 Πρισκίλλης
3212 3415 3308 3468 καὶ
3367 3414 3602 3469 Ἀκύλα·
3646 3418 3896 3484 Οἴτινες

2288 3505 2442 3575 ὑπὲρ
2480 3504 2590 3574 τῆς
2622 3506 2832 3577 ψυχῆς
2859 3525 2980 3576 μου
3027 3509 3136 3561 τὸν
3164 3507 3384 3562 ἑαυτὸν
3416 3508 3744 3579 τράχηλον
3786 3516 3893 3567 ὐπ-

2288 3594 2540 3663 ἔθηκαν.

2372 3704 2535 3775 Ὀρᾷς
2564 3705 2624 3758 τὸ
2648 3705 2851 3777 θερμὸν
2878 3708 2977 3779 τῆς
2998 3708 3245 3781 ἀγάπης,
3284 3710 3379 3763 καὶ
3424 3709 3522 3781 τὴν
3584 3712 3890 3767 ἀποστολι-

2288 3790 2389 3865 κὴν
2418 3798 2724 3869 ἀποδοχήν;
2774 3799 2983 3866 υῦτως,
3034 3803 3254 3871 ἀδελφοί
3294 3821 3417 3874 μου,
3455 3803 3548 3857 καὶ
3583 3806 3764 3873 ἡμεῖς
3800 3811 3891 3859 καὶ

2289 3886 2471 3956 ὑμεῖς,
2524 3891 2618 3942 καὶ
2661 3890 2879 3961 ἔχωμεν
2912 3894 3007 3947 καὶ
3052 3892 3427 3965 ἀσπαζώμεθα
3472 3896 3573 3958 τὰς
3617 3897 3681 3949 ὲν
3734 3900 3889 3964 τάξει

2286 3976 2397 4029 τῶν
2420 3979 2680 4034 τοιούτων
2718 3985 2850 4054 ἡμῖν
2894 3986 3323 4056 καθισταμένας.
3372 3988 3459 4050 Ὠς
3489 3987 3557 4041 ἂν
3584 3988 3889 4063 δοξάζηται

2286 4071 2315 4122 ὁ
2338 4069 2492 4135 Θεὸς,
2522 4074 2617 4126 καὶ
2645 4076 2996 4146 φωτίζωμεν·
3026 4076 3165 4130 ἀλλὰ
3202 4078 3277 4147 μὴ
3313 4077 3602 4148 θολώμεθα
3627 4082 3735 4135 καὶ
3761 4101 3889 4150 συγ-

2287 4160 2562 4229 χεώμεθα.
2590 4164 2894 4219 ῗΉκουσταί
2929 4183 3019 4234 μοι
3060 4167 3193 4236 περὶ
3233 4166 3389 4238 ὑμῶν
3415 4169 3522 4222 τῶν
3557 4170 3736 4239 τριῶν
3759 4214 3775 4239 ,
3807 4175 3886 4225 ὅτι

2287 4252 2531 4323 ήνώθητε
2572 4256 2677 4309 ὑπὸ
2721 4253 3091 4328 μεταμελείας
3120 4259 3214 4313 τοῦ
3245 4261 3507 4314 ταπεινοῦ
3546 4260 3731 4334 [Reg.
3763 4269 3885 4321 cod.

2285 4342 2863 4417 ὲ>.εεινοῦ]’”Λεοντίου,
2916 4352 3011 4403 καὶ
3051 4351 3143 4403 τὸν
3188 4351 3322 4405 Θεὸν
3368 4353 3598 4420 ἐδόξασα
3625 4355 3655 4406 ὁ
3694 4358 3885 4430 ἀμαρ-

2286 4436 2478 4502 τωλὸς,
2512 4438 2605 4490 ὲπί
2634 4456 2694 4491 τε
2725 4443 2790 4510 τῇ
2827 4441 3155 4511 μετοκλάσει
3181 4444 3394 4498 ἐκείνου
3414 4461 3428 4475 ·
3449 4444 3610 4515 εἴπερ
3641 4448 3746 4499 καὶ
3772 4449 3885 4503 6w.-

2294 4531 2491 4599 μείνοι·
2527 4532 2623 4584 καὶ
2654 4535 2721 4604 τῇ
2752 4534 2996 4605 ὑμετέρᾳ
3035 4536 3348 4607 έναθλήσει·
3396 4538 3477 4591 ὅτι
3519 4538 3597 4600 ὠς
3630 4538 3749 4593 ἀπὸ
3782 4560 3883 4594 κα·

2287 4622 2448 4685 μίνου
2478 4624 2653 4694 πυρὸς
2681 4626 2731 4677 οἱ
2779 4626 2924 4693 ἅγιοι
2954 4630 3106 4696 τρεῖς
3146 4630 3334 4693 παῖδες
3355 4670 3371 4694 ,
3404 4629 3595 4683 καύτοὶ
3623 4631 3744 4684 τῶν
3775 4634 3881 4687 δει-

2284 4716 2392 4768 νῶν
2441 4716 2699 4785 ιρυλακῶν
2741 4720 2948 4782 ἀσινεῖς
2994 4719 3381 4791 ἐξεληλύθατε,
3424 4724 3883 4793 καταπλήξαντες

2281 4805 2373 4858 τὸν
2396 4807 2679 4879 τύραννον.
2722 4809 2862 4862 Ἀλλ’
2886 4808 2989 4874 ἔτι,
3015 4812 3257 4878 γενναῖοί
3289 4829 3414 4882 μου,
3445 4812 3753 4867 ὲναθλοῖτε·
3792 4828 3882 4877 καὶ

2281 4901 2344 4952 τὸ
2368 4901 2734 4971 πειρασθῆναι
2773 4902 3130 4972 ἑτοιμάζεσθε
3167 4906 3360 4975 μέχρις
3400 4905 3654 4976 αἵματος.
3687 4909 3879 4963 Τοιοῦ-

2284 5008 2377 5055 τος
2422 4993 2532 5064 γὰρ
2568 4995 2598 5046 ό
2629 4995 2810 5064 ,νόμος
2840 4995 2943 5065 τῆς
2979 4995 3800 5068 μαρτυρίαςυΕὐλογηθείησαν
3830 5004 3879 5054 et

2286 5087 2542 5141 ἀλεῖπται
2600 5087 2777 5157 ὑμῶν,
2823 5088 2872 5140 οί
2915 5088 3129 5141 ἔνδοθεν
3172 5090 3267 5142 καὶ
3314 5088 3531 5155 ἔξωθεν.
3584 5090 3785 5159 Ἡμεῖς
3832 5095 3877 5145 οἱ

2284 5178 2625 5249 ταλαίπωροι
2682 5177 2778 5231 καὶ
2829 5176 2986 5241 αὖθις
3041 5178 3543 5249 ὲμαστιγώθημεν·
3606 5179 3734 5232 ἀλλ’
3789 5181 3878 5233 εῦ-

2284 5272 2560 5342 χαρίστως
2584 5268 2911 5341 ἐδεξάμεθα·
2939 5270 3033 5322 καὶ
3060 5268 3392 5341 εὐδοκοῦμεν
3416 5269 3619 5339 μᾶλλον
3646 5273 3751 5326 καὶ
3780 5274 3874 5335 ἐτι,

2285 5363 2640 5432 Ὣστεὺμεῖς
2672 5363 2749 5434 μὴ
2783 5362 3010 5415 ἀνιᾶσθε
3058 5364 3116 5416 ὲν
3163 5366 3245 5433 τῇ
3282 5360 3615 5417 ταπεινώσει
3670 5364 3834 5434 ἡμῶν
3857 5404 3872 5425 ,

2274 5453 2409 5506 ἀλλὰ
2447 5453 2648 5524 μᾶλλον
2682 5453 2930 5523 χαίρετε,
2959 5452 3057 5506 καὶ
3088 5452 3456 5523 προσεύχεσθε
3488 5453 3701 5522 ἰσχύειν
3729 5456 3875 5525 ἡμᾶς

2278 5545 2360 5597 ἔτι
2388 5546 2445 5596 έν
2472 5545 2637 5597 πᾶσιν
2657 5560 2672 5574 ·
2704 5544 2875 5597 οἴσειν
2902 5560 2961 5596 τε
2995 5544 3089 5596 καὶ
3115 5544 3183 5597 τὰ
3210 5542 3365 5614 παρὰ
3386 5544 3498 5599 τῶν
3531 5544 3876 5611 ὲξουσιαζόν·

2278 5657 2384 5691 των
2413 5638 2755 5708 ὲπαγόμενα·
2799 5635 2987 5709 φέρειν
3012 5653 3073 5690 τε
3101 5637 3197 5691 καὶ
3224 5635 3292 5689 τὰ
3326 5635 3480 5707 παρὰ
3508 5636 3607 5689 τοῦ
3640 5638 3872 5711 ἀοράτου

1206 5816 1247 5847 ⁸·
1280 5814 1436 5870 Rom.
1476 5829 1585 5880 ενι,
1628 5813 1712 5870 l2.
1793 5817 1835 5849 ⁸⁷
1866 5815 2101 5886 Philipp.
2128 5833 2201 5883 tv,
2227 5817 2282 5871 2.
2359 5817 2403 5850 ⁸⁸
2429 5814 2587 5871 Rom.
2627 5830 2739 5880 xvr,
2765 5814 2815 5867 4.
