3990 6318
136 396 270 460 1293

1328 380 1867 442 EPISTOLARUM
1915 379 2062 438 LIB.
2101 377 2182 434 II.

3242 353 3378 428 129i

136 500 394 568 πολεμίου
452 495 614 566 lReg.
658 495 772 547 cod.
821 489 1100 560 πολέμου]
1131 486 1583 558 συμϐαλλόμενα,
1619 487 1716 536 σὺν

1839 482 2077 538 nvisibili
2110 483 2264 535 hoste
2287 480 2689 549 conjiciuntur;
2721 495 2827 533 una
2852 494 2976 533 cum
3013 478 3180 532 fratre
3207 477 3369 531 Nico-

133 592 214 661 τῷ
263 587 477 657 ἁδελφῷ
521 585 776 654 Νικολάῳ
806 599 817 611 ·
869 583 926 645 ὃς
979 583 1072 634 καὶ
1123 579 1521 650 προσαγορεύει
1569 579 1712 647 ὑμᾶς

137 680 469 749 θερμότατα.
514 672 901 743 Μνημονεύετέ
944 688 1044 740 μου
1087 670 1196 722 τῶν
1249 666 1592 739 στεναγμῶν.
1649 665 1713 717 Ἦ

137 774 295 842 χάρις
327 769 444 839 μεθ’
471 767 647 838 ὑμῶν.
688 767 878 835 Ἀμήν.

383 881 499 934 ΞΖ’.
539 910 608 920 -
641 878 988 946 Ναυκρατίῳ
1024 875 1230 937 τέκνῳ.
1268 873 1466 947 [υμζ’.]

1818 578 1904 630 lao
1935 576 2029 644 qui
2062 589 2158 629 vos
2189 582 2534 643 peramanter
2567 573 2789 627 salutat.
2831 571 3158 626 Mementote
3198 571 3380 638 suSpi-

1819 667 2023 721 riorum
2058 679 2328 719 meorum.
2371 663 2556 718 Gratia
2589 664 2888 718 vobiscum.
2926 663 3121 716 Amen.

2234 860 2392 914 LVII.
2423 890 2492 901 -
2523 859 2811 912 Naucralio
2842 860 2971 926 ﬁlio.

137 989 395 1054 Captivum
417 1004 511 1053 pro
531 990 724 1041 Christo
743 989 932 1037 solatur
957 988 1330 1054 conﬁrmatque
1353 999 1441 1054 spe
1468 982 1680 1051 praemii.
1701 983 1772 1030 De
1803 977 2398 1054 quorumdamllapsorum
2439 972 2728 1036 paenitentia
2769 970 3038 1033 respondet
3065 986 3076 1019 :
3103 982 3297 1018 necnon
3321 970 3383 1017 de

1270 1037 1512 1107 aliquibus
1536 1044 1804 1104 imaginum
1822 1037 2244 1098 inscriptionibus.

211 1159 351 1228 Παρ’
374 1155 563 1208 ἐλπίδα
589 1155 708 1225 μὲν,
734 1154 822 1206 ἐπ’
847 1153 1023 1206 ἐλπίδι
1049 1151 1106 1205 δὲ
1131 1155 1300 1221 ὅμως,
1325 1151 1592 1218 ἐδεξάμην
1616 1165 1709 1200 σου

137 1252 239 1322 τὴν
278 1249 606 1317 ἐπιστολὴν,
638 1247 818 1315 τίμιον
857 1247 1074 1298 τέκνον·
1105 1245 1166 1297 τὸ
1208 1243 1445 1314 πρῶτον,
1482 1241 1569 1293 διὰ
1616 1241 1712 1309 τὴν

142 1343 456 1410 ὲπίσιριγξιν
489 1340 589 1408 τῆς
619 1338 867 1406 φυλακῆς
896 1338 955 1402 ἐξ
975 1337 1281 1408 ἐπιτροπῆς
1309 1339 1401 1387 τοῦ
1426 1333 1707 1403 βασιλέως·

141 1434 206 1486 τὸ
225 1432 497 1502 δεύτερον,
514 1431 600 1482 διά
625 1429 724 1500 τὴν
751 1430 1122 1499 ὑπεράπειρον
1149 1427 1457 1495 άγαθότητα
1475 1424 1563 1476 τοῦ
1593 1423 1711 1490 φιλ-

143 1526 433 1595 ανθρώπου
476 1523 610 1575 Θεοῦ
631 1539 645 1552 ·
673 1523 739 1575 δι’
781 1524 924 1592 ὑμᾶς
954 1524 1080 1584 τοὺς
1114 1522 1303 1590 ἁγίους
1333 1521 1427 1572 καὶ
1453 1518 1519 1569 τὰ
1553 1519 1584 1585 ἡ
1595 1517 1710 1585 μῶν

140 1620 252 1671 τῶν
280 1614 620 1686 ἁμαρτωλῶν
655 1610 713 1668 εὖ
762 1613 1161 1683 διατιθεμένουο
1213 1612 1314 1664 κᾶν
1347 1610 1397 1661 οἱ
1439 1607 1714 1677 ἄνθρωποι

139 1707 549 1770 δυσδιεξόδευτα
590 1705 889 1775 πειρῶνται
933 1704 1141 1774 φέρειν.
1183 1703 1291 1755 Καὶ
1322 1701 1374 1751 τι
1407 1698 1565 1761 εἴπω,
1604 1697 1635 1766 ἢ
1667 1697 1716 1749 τί

1890 1144 2092 1196 Ρναιῑοι·
2144 1156 2296 1209 spem
2353 1140 2593 1209 quidem,
2640 1147 2694 1191 at
2738 1139 2895 1206 juxta
2963 1152 3111 1206 spem
3182 1149 3382 1197 tamen,

1818 1232 2001 1299 accepi
2035 1231 2246 1284 litteras
2276 1238 2420 1291 tuas,
2462 1227 2536 1280 ﬁli
2580 1227 2876 1281 reverende
2908 1244 2920 1280 :
2952 1227 3207 1287 alterum,
3239 1228 3385 1294 quod

1820 1323 1982 1392 jussu
2032 1322 2179 1390 regis
2233 1321 2443 1373 arctior
2495 1320 2566 1373 sit
2611 1319 2900 1372 custodia:
2936 1317 3188 1378 alterum,
3241 1318 3386 1380 quod

1819 1416 2087 1467 immensa
2119 1410 2531 1464 clementissimi
2581 1408 2670 1462 Dei
2704 1409 3012 1476 benignitas
3045 1408 3135 1471 sit,
3168 1417 3388 1474 propter

1816 1520 1917 1558 vos
1947 1504 2042 1574 qui
2083 1502 2258 1556 sancti
2295 1502 2448 1565 estis,
2484 1516 2571 1554 res
2613 1515 2834 1569 quoque
2869 1509 3106 1559 nostras,
3136 1498 3227 1567 qui
3270 1514 3389 1567 pec-

1823 1607 2040 1652 catores
2089 1610 2302 1657 sumus,
2351 1593 2565 1662 egregie
2593 1590 2927 1646 fortunantis
2961 1609 2973 1643 :
3005 1593 3256 1659 quamvis
3307 1606 3390 1643 co-

1822 1698 2023 1743 nentur
2072 1686 2323 1740 homines
2372 1684 2614 1739 diiiicilia
2673 1697 2860 1737 creare
2897 1684 3137 1752 negotia.
3181 1681 3390 1750 Ecquid

140 1796 409 1864 διανοηθῶ
427 1798 454 1848 ὁ
475 1796 641 1857 τάλας
662 1773 733 1863 ;-ἢ
752 1795 831 1847 ὅτι
879 1773 1081 1846 Πάντα
1103 1791 1169 1844 τὰ
1191 1789 1340 1844 ὀστᾶ
1355 1807 1472 1857 μου
1491 1788 1715 1853 ἐροῦσι,

1830 1795 1987 1849 porro
2019 1780 2221 1841 dicam,
2244 1788 2339 1833 aut
2367 1777 2501 1847 quid
2534 1775 2788 1846 COgitabo
2832 1775 3022 1838 miser,
3071 1775 3175 1827 nisi
3208 1773 3392 1826 istud?

139 1892 342 1956 Κύριε,
370 1887 565 1954 Κύριε,
597 1888 690 1950 τίς
717 1885 920 1954 ὅμοιός
944 1899 1043 1936 σοι
1065 1899 1085 1946 ;
1135 1882 1453 1950 Ῥυόμενος
1479 1879 1719 1946 πτωχὸν

140 1982 212 2034 ἐκ
243 1980 443 2049 χειρὸς
467 1978 874 2046 στερεωτέρων
903 1977 1110 2030 αὐτοῦ.
1147 1974 1294 2042 Αὕτη
1329 1991 1429 2043 μου
1457 1975 1490 2040 ἡ
1526 1971 1718 2042 πρώτη

144 2075 300 2143 φωνὴ
331 2072 425 2124 τοῦ
453 2071 693 2142 οίκτροῦ’
721 2070 823 2123 κᾶν
844 2072 907 2122 ὲκ
931 2067 1225 2134 Δαυῖτικῆς
1248 2065 1410 2136 ᾠδῆς.
1439 2063 1718 2133 Δεύτερον,

144 2167 229 2218 ὅτι
280 2164 375 2216 καὶ
425 2161 748 2231 ἀδολεσχίας
775 2160 996 2228 άνείθην
1048 2160 1314 2226 ἀναγνοὺς
1359 2159 1420 2210 τὸ
1468 2159 1717 2227 γράμμα·

145 2255 274 2306 ἐπεὶ
304 2238 461 2322 εῦρον
494 2255 593 2323 τὴν
627 2253 900 2323 μέθειρξίν
932 2268 1023 2303 σου
1062 2249 1234 2312 οὓτως
1257 2251 1484 2318 ἔχουσαν
1507 2250 1582 2314 ὡς
1615 2251 1720 2303 ὲδί-

146 2343 335 2407 δαξας.
382 2344 569 2412 Ἢμην
597 2343 706 2412 γὰρ
753 2340 1054 2421 πρρμαθὼν
1096 2343 1176 2394 ὅτι
1220 2342 1379 2411 μόνον
1428 2358 1724 2409 μετεφρου-

154 2435 350 2504 ρήθης.
386 2434 658 2504 Εὑψύχει,
702 2433 921 2501 ἁδελφὲ,
950 2432 1046 2485 καὶ
1089 2432 1402 2502 εὐφραίνου,
1431 2433 1511 2483 ὅτι
1540 2431 1722 2493 καθὼς

149 2523 440 2587 πλεονάζει
468 2524 537 2575 τὰ
575 2523 876 2591 παθήματα
905 2521 998 2573 τοῦ
1029 2521 1269 2591 Χριστοῦ
1300 2523 1379 2583 είς
1408 2521 1489 2583 σὲ,
1523 2523 1616 2575 καὶ
1643 2523 1724 2584 είς

147 2613 278 2678 τοὺς
307 2616 614 2686 ὁμόφρονάς
647 2631 740 2665 σου
764 2614 859 2666 καὶ
883 2615 1220 2684 ὁμοτρόπους
1252 2631 1369 2667 σοι·
1398 2613 1540 2666 οὓτω
1570 2617 1661 2668 καὶ
1689 2618 1724 2687 ἡ

150 2709 523 2777 παράκλησις,
559 2705 654 2757 καὶ
682 2706 710 2756 ὀ
740 2704 949 2774 μισθὸς,
982 2706 1074 2757 καὶ
1098 2706 1156 2757 τὸ
1181 2705 1354 2767 κλέος.
1381 2706 1490 2757 Καὶ
1519 2705 1634 2768 πῶς
1660 2706 1725 2758 ἂν

150 2795 302 2867 εἶχεν
336 2800 416 2861 εἰς
451 2797 756 2866 τούμφανὲς
788 2797 962 2850 ἐλθεῖν
1003 2799 1071 2849 τά
1112 2798 1279 2866 σκεύη
1324 2798 1423 2865 τῆς
1465 2797 1724 2864 ἐκλογῆς,

149 2894 200 2944 εί
255 2893 329 2962 μὴ
383 2893 565 2960 παρῆν
601 2891 667 2942 τά
713 2890 1018 2952 σκάνδαλα,
1059 2890 1518 2961 παραχωροῦντος
1567 2891 1723 2951 Θεοῦ,

149 2981 280 3041 τοὺς
329 2981 430 3050 μὲν
471 2979 754 3042 ποιοῦντας
805 2980 945 3032 αὐτὰ
985 2978 1288 3040 δεικνύντος
1334 2973 1435 3030 οἷοι
1479 2975 1607 3039 εἷεν,
1652 2979 1728 3042 ὡς

153 3068 374 3133 ζιζάνια
407 3067 721 3137 τηρούμενα
759 3070 839 3132 είς
869 3069 1060 3122 καῦσιν
1104 3070 1276 3138 πυρὸς
1322 3071 1570 3121 αἰωνίου·
1602 3072 1728 3131 τοὺς

1824 1871 2019 1926 Omnia
2047 1887 2171 1923 ossa
2202 1885 2316 1922 mea
2352 1869 2525 1920 dicent
2557 1883 2574 1920 :
2610 1867 2846 1929 Domine,
2885 1863 3126 1927 Domine,
3166 1865 3282 1932 quis
3313 1865 3391 1916 si-

1820 1961 1963 2014 milis
2015 1960 2152 2013 tibi?
2207 1960 2451 2028 Eripiens
2506 1959 2708 2026 inopem
2766 1957 2830 2008 de
2892 1971 3054 2008 manu
3112 1955 3392 2023 fortiorum

1820 2053 1930 2123 ejus
1954 2056 2025 2110 ⁸⁸.
2065 2052 2217 2107 Hanc
2263 2053 2495 2121 primam
2540 2066 2727 2104 vocem
2761 2049 2929 2104 miser
2959 2055 3171 2114 emitto,
3215 2066 3392 2117 quan-

1822 2164 1986 2218 quam
2036 2164 2103 2202 ex
2145 2146 2405 2201 Davidico
2455 2144 2723 2198 carmine.
2769 2141 2894 2196 Haec
2931 2142 3125 2197 deinde
3179 2140 3390 2202 altera;

1824 2241 1971 2311 quod
1999 2240 2213 2294 solutus
2244 2251 2366 2293 sum
2400 2237 2589 2290 labore
2618 2233 2932 2304 prolixioris
2964 2230 3258 2293 sermonis,
3301 2229 3394 2282 ubi

1826 2333 2073 2386 Libellum
2121 2332 2229 2400 legi
2273 2351 2286 2385 :
2324 2327 2764 2399 quandoquidem
2808 2325 3050 2379 intellexi
3097 2325 3177 2377 sic
3205 2337 3265 2376 se
3295 2323 3393 2375 ha-

1824 2427 1955 2480 bere
1977 2426 2353 2496 captivitatem
2383 2434 2533 2477 tuam
2560 2420 3024 2491 quemadmodum
3054 2416 3393 2471 insinuaras.

1827 2515 1989 2570 Prius
2036 2517 2184 2569 enim
2223 2513 2607 2567 didiceram'te
2655 2526 2825 2564 unum
2869 2510 2924 2563 in
2961 2523 3179 2563 carcere
3214 2507 3398 2561 deten-

1826 2619 1964 2663 tum.
1997 2607 2146 2661 Forti
2186 2614 2240 2659 et
2284 2619 2482 2675 magno
2512 2603 2695 2656 animo
2725 2612 2866 2667 esto,
2921 2601 3109 2666 frater,
3140 2610 3194 2655 et
3223 2602 3399 2670 gaude

1827 2703 1973 2771 quod
2005 2698 2468 2770 quemadmodum
2499 2695 2778 2750 abundant
2811 2695 3097 2763 passiones
3117 2694 3321 2748 Christi
3342 2694 3394 2746 in

1827 2803 1899 2856 te,
1955 2800 2010 2844 et
2063 2790 2117 2844 in
2177 2805 2273 2845 eos
2319 2789 2522 2859 quibus
2571 2788 2731 2842 iidem
2771 2802 2970 2842 sensus
3015 2786 3399 2856 assimilesque

1827 2898 2046 2950 mores;
2069 2884 2148 2938 sic
2181 2883 2280 2936 erit
2313 2891 2367 2936 et
2393 2880 2725 2944 consolatio,
2765 2887 2819 2933 et
2840 2893 3075 2943 merces,
3105 2887 3160 2932 et
3198 2878 3394 2947 gloria.

1828 2975 1965 3028 Nam
1997 2989 2106 3042 quo
2145 2983 2302 3042 pacto
2339 2969 2630 3026 manifesta
2674 2971 2867 3024 tierent
2906 2987 3035 3026 vasa
3085 2971 3396 3031 electionis,

1831 3067 1936 3120 nisi
1977 3065 2235 3120 scandala
2286 3065 2634 3124 interessent,
2686 3061 2783 3116 Dei
2831 3063 3124 3130 permissu,
3168 3060 3401 3116 manife-

150 3161 208 3213 δὲ
265 3161 704 3228 ύπομονητικοὺς
757 3159 863 3212 τῶν
922 3161 1247 3230 πειρασμῶν
1303 3159 1723 3228 δοκιμάζοντος,

1831 3158 2028 3211 stantis
2057 3158 2276 3226 quidem
2307 3156 2495 3225 quales
2539 3155 2577 3207 ii
2616 3155 2724 3209 sint
2753 3157 2846 3224 qui
2880 3156 3013 3209 talia
3045 3167 3231 3226 agunt,
3265 3172 3403 3225 quos

152 3250 440 3319 ἡλιοειδῶς
461 3249 839 3319 ἐκλάμψοντας
865 3250 920 3300 ὲν
943 3251 1008 3318 τῇ
1046 3247 1292 3317 βασιλείᾳ
1311 3247 1419 3300 τῶν
1444 3247 1687 3317 οὐρανῶν
1711 3265 1726 3312 ;

1833 3260 2094 3319 tanquam
2127 3249 2337 3302 zizania
2375 3257 2554 3302 servat
2587 3249 2655 3301 ad
2685 3249 3029 3302 exustionem
3077 3250 3218 3319 ignis
3259 3266 3403 3303 sem-

151 3343 358 3409 piterni
393 3360 405 3394 :
437 3341 717 3410 probantis
759 3351 937 3395 autem
966 3354 1062 3393 eos
1096 3345 1187 3410 qui
1232 3340 1586 3395 tentationem
1641 3340 1937 3406 sustinent,
2003 3343 2140 3398 solis
2203 3341 2378 3396 instar
2428 3341 2740 3410 splendidos
2782 3343 2862 3394 'in
2927 3343 3189 3398 caslorum
3235 3359 3402 3413 regno

155 3434 420 3490 futuros?

229 3529 395 3580 Ὥστε
426 3529 500 3597 μή
536 3544 596 3579 σε
626 3526 881 3594 ξενιζέτω
910 3528 978 3580 τὰ
1004 3529 1303 3599 γιγνόμενα
1341 3528 1686 3599 καθεκάστην
1706 3545 1721 3557 ·

154 3621 206 3672 εί
237 3622 265 3673 ὁ
302 3619 400 3688 μὲν
445 3619 608 3687 ἦρθη,
653 3622 680 3670 ὁ
707 3619 762 3671 δὲ
809 3620 1049 3671 δέδεταιο
1117 3622 1211 3673 καὶ
1258 3621 1390 3689 ἄλλη
1440 3622 1723 3684 τέτυπται,

156 3710 328 3777 ἑτέρα
356 3709 412 3759 δὲ
439 3706 811 3778 ὑπερώρισται
831 3725 845 3738 ο
873 3711 966 3762 καὶ
989 3711 1088 3762 ὅσα
1110 3711 1245 3763 ἄλλα
1267 3709 1436 3773 οὕτως
1470 3711 1502 3780 ἢ
1529 3711 1727 3777 ἑτέρως

155 3801 323 3869 ἔχεις.
360 3799 517 3860 ’Ἥξει
570 3800 765 3868 μικρὸν
805 3801 1031 3870 ὕστερον
1081 3804 1109 3853 ὁ
1165 3802 1264 3870 τῆς
1321 3801 1727 3861 ἀνταποδόσεως

155 3888 375 3958 καιρός.
426 3887 746 3954 Ἀνέγνωνό
800 3891 1099 3958 πέπομφας
1160 3893 1276 3959 (καὶ
1326 3892 1581 3958 ἐπιγνοὺς
1635 3892 1729 3943 καὶ

157 3977 564 4046 εὐχαριστήσας
601 3976 678 4045 τῷ
717 3979 907 4048 Κυρίῳ
934 4021 949 4043 ,
1000 3975 1156 4042 αὖθις
1203 3981 1546 4049 ἁντέπεμψα)
1601 3984 1729 4049 περὶ

155 4069 251 4121 τοῦ
281 4067 428 4120 ἀδεᾶ
473 4069 764 4134 Ἰγνατίου’
813 4072 986 4139 οίμοιῐ
1039 4072 1120 4122 ὅτι
1151 4071 1320 4123 ἑάλωο
1359 4071 1480 4123 ἐπεὶ
1519 4070 1671 4139 φίλος
1701 4072 1729 4122 ὁ

155 4162 299 4229 ἀνὴρ
359 4161 750 4231 διαφερόντως.
826 4161 964 4213 Ἀλλ’
1013 4158 1138 4230 εὖγε
1203 4164 1541 4231 πεποίηκας,
1605 4162 1730 4223 δοὺς

159 4253 520 4320 μετανοοῦντι
550 4252 646 4322 τὴν
681 4254 946 4323 ἰατρείαν.
992 4254 1216 4318 Ἱκανὸν,
1253 4255 1464 4317 τέκνον,
1491 4255 1549 4306 τὸ
1580 4255 1729 4324 παρά

158 4343 254 4395 σοῦ
287 4343 441 4395 δοθέν
463 4360 474 4372 ·
513 4343 669 4412 κάγὼ
704 4348 730 4396 ὁ
761 4346 930 4407 τάλας
959 4346 1190 4415 εὔχομαι
1225 4346 1373 4414 αὐτῷ
1401 4346 1496 4415 τὴν
1524 4346 1730 4398 ἀναπά-

154 4435 344 4488 λαισιν
371 4451 385 4464 ’
438 4429 498 4486 οῦ
547 4436 642 4487 καὶ
688 4435 944 4504 δέδεγμαι
981 4436 1080 4498 τὰς
1126 4437 1461 4504 προσφοράς.
1515 4437 1606 4499 Είς
1639 4438 1729 4488 τὸν

155 4527 393 4595 ἀδελφὸν
433 4527 741 4579 Ἀνατόλιον
768 4526 1202 4597 σπλαγχνίζομαι
1233 4531 1260 4579 ό
1290 4530 1543 4591 ταπεινός
1565 4545 1578 4557 ·
1609 4532 1731 4581 ἐπεὶ

156 4617 513 4686 φιλαδελφεῖς
553 4617 646 4668 καὶ
676 4617 858 4679 αὑτός.
891 4619 988 4669 Διά
1030 4617 1189 4669 τοῦτο
1221 4617 1403 4685 τολμῶ
1437 4621 1530 4669 καὶ
1558 4619 1726 4685 λέγω’

155 4707 537 4775 Κουφισθήτω
568 4705 715 4773 αὐτῷ
741 4707 833 4758 καὶ
857 4707 1043 4776 ἕτερος
1063 4709 1254 4777 χρόνος
1276 4726 1288 4738 ’
1321 4707 1462 4760 ὥστε
1495 4709 1731 4778 πληρου-

1897 3524 2255 3590 Quamobrem
2281 3540 2349 3576 ne
2371 3534 2422 3576 te
2450 3539 2511 3578 ea
2545 3533 2780 3579 terreant
2801 3541 2921 3594 quae
2941 3527 3184 3596 quotidie
3207 3544 3408 3597 gerun-

1827 3627 1957 3671 tur:
1995 3619 2037 3671 si
2095 3626 2282 3683 raptus
2322 3617 2410 3669 ille
2467 3617 2686 3685 quidem
2711 3626 2815 3682 est,
2855 3618 2956 3671 iste
3014 3619 3298 3684 conjectus
3347 3622 3402 3672 in

1828 3725 2136 3773 carcerem;
2166 3709 2278 3763 haec
2309 3710 2531 3764 verbera
2555 3710 2796 3778 pertulit,
2823 3711 2911 3764 illa
2947 3712 2998 3764 in
3034 3713 3285 3766 exsilium
3311 3715 3406 3766 ab-

1829 3802 2002 3870 legata
2037 3820 2049 3867 ;
2083 3812 2135 3855 et
2164 3817 2504 3870 quaecunque
2527 3802 2634 3856 hoc
2664 3803 2744 3856 vel
2774 3803 2867 3856 illo
2895 3815 3052 3872 pacto
3083 3821 3143 3859 se
3183 3806 3403 3860 habent.

1830 3890 2022 3944 Veniet
2076 3894 2238 3960 paulo
2276 3902 2394 3961 post
2429 3895 2886 3949 remunerationis
2921 3904 3155 3965 tempus.
3184 3896 3313 3966 Legi
3342 3916 3404 3951 ea

1829 3997 1949 4046 qum
1986 3982 2178 4035 misisti
2206 4001 2219 4041 :
2252 3992 2414 4052 atque
2444 3985 2536 4038 ubi
2571 4001 2634 4039 ea
2678 3987 2945 4052 intellexi,
3003 3989 3138 4040 actis
3170 3987 3405 4042 Domino

1829 4073 2020 4137 gratiis
2053 4113 2066 4132 .
2126 4073 2318 4126 iterum
2352 4075 2416 4128 ad
2466 4084 2517 4130 te
2552 4076 2757 4130 remisi.
2819 4075 2892 4129 De
2950 4077 3144 4130 abbate
3172 4077 3404 4147 lgnatio,

1832 4163 1918 4215 hei
1961 4163 2092 4216 mihi
2123 4165 2248 4231 quia
2279 4166 2444 4232 periit
2477 4184 2489 4218 :
2523 4165 2790 4234 siquidem
2830 4167 3041 4221 amicus
3077 4169 3165 4221 ille
3195 4170 3277 4222 vir
3312 4187 3406 4224 su-

1829 4270 1924 4324 pra
1951 4264 2193 4309 cazteros.
2232 4255 2337 4308 Sed
2369 4267 2515 4310 recte
2543 4258 2724 4326 egisti,
2749 4259 2840 4324 qui
2895 4261 3178 4328 pmnitenti
3239 4263 3403 4316 dede-

1832 4342 1906 4392 ris
1960 4343 2303 4397 medicinam.
2344 4344 2571 4410 Suliicit,
2609 4347 2701 4410 lili,
2740 4350 2880 4417 quod
2934 4351 3135 4405 dedisti
3175 4362 3270 4406 :et
3300 4369 3402 4422 ego

1831 4433 1997 4485 miser
2029 4434 2202 4487 eidem
2260 4451 2525 4504 apprecor
2589 4451 2783 4507 pugna:
2831 4440 3348 4509 redintegrationcm
3389 4463 3402 4497 :

1833 4539 1954 4575 nam
1997 4537 2050 4578 et
2077 4526 2196 4593 ejus
2237 4529 2549 4583 oblationes
2588 4532 2796 4598 accepi.
2833 4531 2971 4598 Erga
3005 4534 3225 4587 fratrem
3261 4539 3407 4589 Ana-

1833 4614 2021 4668 tolium
2063 4617 2430 4672 misericordia
2465 4620 2686 4674 humilis
2731 4638 3118 4678 commoveor:
3157 4628 3407 4695 quando-

1833 4707 2049 4772 quidem
2107 4715 2159 4761 ct
2199 4717 2256 4761 tu
2289 4725 2411 4762 eum
2446 4709 2685 4765 fraterne
2715 4713 2916 4783 diligis.
2977 4716 3183 4771 Idcirco
3227 4720 3409 4774 dicere

157 4801 335 4869 μένης
373 4798 474 4866 τῆς
503 4797 724 4857 διετίας,
771 4799 1043 4865 μετεχέτω
1074 4798 1184 4850 τῶν
1233 4799 1610 4866 ἁγιασμάτων.
1669 4801 1723 4849 01

1836 4797 2006 4850 audeo
2035 4816 2048 4850 :
2085 4800 2335 4852 Dematur
2366 4802 2413 4854 ei
2445 4813 2498 4855 et
2531 4803 2667 4856 alter
2695 4819 2908 4870 annus;
2950 4816 3008 4858 ut
3039 4816 3229 4861 exacto
3260 4811 3410 4862 hien-

154 4889 524 4960 κοιμηθέντες
558 4887 665 4940 τῶν
697 4888 964 4955 ἀδελφῶν,
1012 4891 1192 4956 φωτὸς
1231 4889 1336 4940 υἱοὶ
1388 4891 1526 4957 ὑπὲρ
1552 4892 1729 4956 φωτὸς

152 4982 234 5051 τῷ
271 4979 502 5048 διωγμῴ
543 4980 938 5040 τελειωθέντες,
981 4978 1366 5047 προσεύξοιντο
1402 4982 1530 5049 περὶ
1550 4981 1727 5050 ἡμῶν.

155 5075 222 5126 01
259 5072 440 5132 ἄλλως
479 5070 823 5138 τεθνηκότες,
870 5071 1093 5123 ἐλεεινοί
1126 5071 1225 5138 τῆς
1267 5073 1550 5142 ἐκδημίας,
1593 5074 1733 5125 κατὰ

153 5171 258 5231 τὰς
295 5167 437 5234 ἐμὰς
473 5167 770 5234 ἁμαρτίας,
804 5167 878 5228 ὡς
909 5166 1154 5235 λέλεχας.
1189 5167 1441 5230 Τοιοῦτος
1467 5169 1563 5220 καὶΙ
1593 5168 1733 5236 ὕπερ

154 5262 184 5313 ὁ
212 5258 576 5326 Σευηριανὸς.
630 5257 777 5326 Πλὴν
810 5260 901 5309 καὶ
944 5260 1007 5310 ὲκ
1049 5257 1158 5309 τῶν
1210 5257 1611 5326 ἐνδιαστρόφων
1640 5262 1732 5310 εὑ-

157 5349 399 5420 στροφία
427 5350 543 5408 τοῖς
594 5347 890 5417 ἐμμελέσιο
943 5352 1034 5401 καὶ
1074 5349 1102 5399 ὁ
1132 5347 1288 5414 λόγος
1347 5348 1622 5416 βαλλέσθω
1653 5350 1732 5410 είς

155 5438 396 5511 ζήτησιν
427 5436 622 5496 ὁσάκις
653 5435 888 5505 προσίοι,
919 5437 1020 5489 κᾶν
1073 5439 1137 5487 ὲκ
1178 5436 1284 5488 τῶν
1321 5437 1578 5489 ἐναντίων
1601 5453 1612 5465 ·
1652 5436 1728 5497 ὡς

160 5531 220 5581 ὲν
254 5533 322 5600 τῇ
373 5526 615 5597 βασάνῳ,
660 5526 912 5598 καθάπερ
945 5531 1001 5580 ἐν
1046 5527 1379 5596 παρατρίψει
1438 5527 1622 5591 λίθων,
1673 5525 1734 5577 τὸ

161 5620 574 5692 πῦρὲξάλλοιτο
603 5620 703 5688 τῆς
729 5620 1010 5691 ἀληθείας.
1037 5622 1146 5673 Καὶ
1177 5620 1242 5691 δὴ
1260 5620 1360 5673 καὶ
1387 5621 1481 5674 νῦν
1508 5621 1732 5690 τοιαύτη

226 5793 273 5824 ⁹⁹
296 5792 661 5858 Psal.xxx1v,
694 5791 776 5856 10,
816 5795 896 5847 li.

1840 4885 1931 4937 nio
1960 4887 2025 4939 sit
2059 4887 2418 4943 Eucharistiae
2476 4895 2764 4961 particeps.
2806 4893 2880 4948 Ex
2914 4895 3174 4950 fratribus
3228 4899 3264 4951 ii
3317 4902 3409 4968 qui

1837 4976 1978 5028 diem
2020 4977 2224 5043 obiere,
2275 4981 2366 5034 lilii
2403 4983 2538 5036 lucis
2584 4999 2683 5051 pro
2727 4987 2844 5039 luce
2873 4988 2923 5039 vi
2980 4992 3405 5056 persecutionis.

1837 5072 2224 5136 consummati,
2256 5088 2355 5140 pro
2389 5074 2545 5127 nobis
2595 5076 2972 5144 deprecentur.
3007 5081 3110 5144 Qui
3146 5083 3299 5136 aliter
3323 5086 3409 5138 in-

1841 5162 2055 5227 teriere,
2086 5164 2276 5216 horum
2323 5166 2649 5220 miserabilis
2673 5170 2876 5234 exitus,
2902 5171 2971 5224 ob
3002 5182 3223 5241 peccata
3264 5191 3407 5240 mea,

1841 5257 2298 5323 quemadmodum
2367 5258 2572 5312 dixisti.
2615 5259 2760 5314 Talis
2821 5279 2885 5316 ac
2945 5267 3116 5319 multo
3176 5267 3412 5323 deterior

1842 5346 2168 5402 Severianus
2219 5360 2321 5403 est.
2351 5348 2736 5405 Verumtamen
2763 5364 2816 5407 et
2845 5371 2874 5407 e
2903 5357 3195 5424 perversis,
3230 5374 3412 5412 rever-

1839 5439 2016 5492 sionis
2041 5455 2166 5508 spes
2210 5451 2293 5494 est
2323 5442 2391 5496 iis
2425 5443 2625 5511 quibus
2665 5443 2717 5496 id
2758 5460 2901 5500 curae
2933 5457 3018 5501 est
3052 5464 3065 5499 :
3094 5463 3269 5516 eaque
3291 5453 3410 5519 agi-

1835 5530 1996 5581 tamla
2023 5530 2077 5582 in
2096 5547 2344 5586 sermone
2359 5535 2611 5602 quaestio,
2639 5537 2854 5601 quoties
2887 5539 3183 5592 accesserit
3211 5540 3410 5607 aliquis

1835 5621 1916 5672 vel
1946 5636 2010 5675 ex
2048 5622 2374 5678 adversariis
2410 5641 2420 5675 :
2455 5624 2590 5676 utin
2625 5628 2894 5690 examine,
2937 5639 3192 5699 tanquam
3221 5632 3409 5684 attritu
