3990 6318
615 373 758 437 1295

1803 371 1864 429 S.
1890 369 2286 430 THEODORI
2340 370 2688 430 STUDITAZ

3768 371 3903 436 1296

613 485 876 554 lapidum,
931 479 1177 535 veritatis
1215 478 1358 548 ignis
1413 477 1650 532 exsiliat.
1687 476 1755 530 Et
1805 494 1952 532 nunc
1977 478 2196 546 quidem

2306 479 2338 546 ἡ
2381 478 2652 549 πρότασίς
2687 496 2802 532 σου.
2839 479 2938 532 Ἔν
2972 496 3115 532 τισιν
3145 482 3412 552 ἱστορίαις
3434 482 3722 554 εὕρηνται
3756 486 3901 538 είκό-

616 573 936 645 bujusmodi
964 581 1048 628 est
1075 571 1379 642 propositio
1412 579 1525 623 tua.
1563 568 1623 622 In
1654 570 1983 638 quibusdam
2019 570 2198 624 histo-

611 669 706 722 riis
739 674 968 736 repertan
998 674 1127 719 sunt
1150 662 1417 732 imagines
1447 661 1526 715 sic
1558 662 1875 730 inscriptae:
1907 661 2199 727 Divinitas,

612 757 940 820 Domiuatio,
973 754 1140 825 Regia
1168 763 1430 823 potestas.
1453 752 1639 807 Palam
1670 761 1754 807 est
1775 755 1918 822 quod
1947 755 2013 808 de
2042 753 2203 808 Chri-

613 848 682 903 sti
745 848 983 918 imagine
1042 847 1146 901 hoc
1179 845 1348 900 dicas.
1382 843 1439 898 Id
1468 859 1598 899 vero
1629 858 1739 913 quo
1785 846 1988 913 pacto?
2035 844 2194 899 Tales

613 940 1011 1010 appellationes
1032 938 1100 993 de
1134 937 1402 993 Trinitate
1427 939 1480 991 in
1509 952 1822 1002 commune,
1856 952 1964 990 non
1991 937 2059 991 de
2089 954 2196 991 una

609 1045 846 1099 persona
883 1029 1176 1099 separatim
1228 1029 1622 1097 intelliguntur.
1657 1027 1770 1080 Etsi
1802 1027 1948 1081 enim
1979 1027 2121 1082 Deus
2147 1037 2202 1082 et

611 1119 874 1175 Dominus
904 1132 1244 1188 unaquaeque
1294 1133 1525 1187 persona
1563 1117 1799 1180 dicatur,
1831 1128 1887 1170 at
1921 1133 2029 1171 non
2060 1121 2193 1173 sim-

612 1210 826 1281 pliciter
860 1209 1118 1265 divinitas
1185 1218 1279 1263 aut
1325 1208 1647 1262 dominatio.
1689 1207 1934 1276 Exempli
1973 1209 2194 1275 gratia:

610 1301 726 1372 Ego
756 1301 898 1354 Deus
930 1301 1100 1367 patris
1142 1301 1239 1362 tui,
1271 1299 1448 1369 inquit
1477 1299 1546 1364 9°,
1584 1314 1714 1363 non,
1754 1299 2040 1352 Divinilas.
2081 1299 2196 1369 Ego

611 1409 729 1446 sunt
785 1392 874 1462 qui
921 1407 1039 1445 sum
1068 1392 1157 1456 ⁹¹;
1201 1405 1309 1445 ιιοιι
1344 1407 1357 1442 :
1401 1389 1515 1458 Ego
1542 1406 1659 1443 sum
1714 1390 2044 1445 exsisteutia.
2084 1390 2192 1445 Et:

610 1482 762 1537 Pluit
793 1483 1033 1537 Doninus
1061 1484 1233 1552 ignem
1259 1499 1292 1534 a
1323 1480 1551 1534 Domino
1569 1481 1636 1545 θ’,
1661 1496 1796 1546 non,
1829 1481 2131 1536 Dominatio
2162 1500 2196 1536 α

609 1574 1008 1628 Dominalione.
1051 1574 1111 1628 Si
1155 1574 1319 1644 igitur
1375 1573 1429 1627 in
1460 1575 1626 1628 rebus
1674 1574 1875 1628 divinis
1905 1575 1986 1628 sic
2015 1589 2073 1629 se
2105 1589 2193 1630 res

611 1666 776 1720 habet
810 1683 824 1718 :
857 1666 1028 1721 multo
1061 1667 1248 1736 utique
1276 1665 1446 1736 magis
1474 1667 1526 1719 in
1555 1667 1814 1736 mysterio
1857 1667 2194 1720 incarnatio-

613 1758 698 1812 nis
725 1756 876 1812 nefas
903 1765 986 1812 est
1030 1757 1250 1827 imagini
1294 1755 1495 1811 Christi
1550 1757 1847 1822 subscribi,
1899 1756 2189 1824 Divinitas,

2304 585 2394 630 νες
2452 569 2896 639 ὲπιγράφουσαιο
2938 571 3200 639 Θειὸτης,
3247 575 3545 645 κυριότης,
3605 575 3898 630 Βασιλεία..

2303 659 2558 728 Δηλονότι
2583 662 2675 713 ἐπὶ
2693 664 2794 730 τῆς
2820 663 3061 732 Χριστοῦ
3085 665 3296 728 εἰκόνος
3332 663 3494 718 τοῦτο
3521 665 3746 734 λέγοις,
3786 668 3900 720 Καὶ

2302 750 2421 812 πῶς
2473 751 2672 817 τοῦτο;
2727 754 2793 805 Δί
2849 753 3098 806 τοιαῦται
3139 756 3316 823 φωναὶ
3379 757 3586 821 κοινῶς
3637 759 3746 810 ἐπὶ
3804 759 3902 826 τῆς

2302 843 2567 914 Τριάδος’
2601 846 2702 898 οὐκ
2723 844 2808 913 ἐφ’
2838 845 2958 906 ἑνὸς
2987 846 3285 916 προσώπου
3324 845 3792 918 διακεκριμένως
3819 867 3902 900 νε-

2301 933 2544 1002 νόηνται.
2573 935 2635 988 Εἰ
2665 935 2774 1007 γὰρ
2803 937 2898 989 καὶ
2920 936 3051 1000 Θεὸς
3083 939 3180 991 καὶ
3208 937 3413 1009 Κύριος
3434 937 3681 992 ἕκαστον
3719 941 3898 1012 πρόσ-

2296 1040 2446 1075 ωπον
2491 1023 2736 1092 λέγοιτο·
2783 1024 2901 1078 ἀλλ’
2950 1027 3049 1095 οὐχ
3110 1027 3304 1091 ἁπλῶς
3372 1028 3470 1082 καὶ
3524 1028 3747 1099 Θεότης
3813 1032 3903 1081 καὶ

2299 1113 2599 1183 Κυριότης.
2648 1109 2796 1180 Οἷον,
2843 1114 2984 1184 Ἐγὼ
3026 1118 3061 1170 ὁ
3109 1117 3255 1183 Θεὸς
3292 1119 3401 1172 τοῦ
3445 1121 3694 1187 Πατρός
3759 1138 3898 1183 σου,

2299 1202 2495 1272 φησίνο
2531 1205 2627 1272 οὐχ
2662 1245 2678 1266 ,
2724 1205 2764 1273 ἡ
2817 1207 3054 1272 Θεότιις.
3119 1206 3260 1275 Ἐγὼ
3306 1209 3424 1276 ειμι
3466 1211 3502 1262 ό
3544 1209 3638 1261 ὢν
3665 1249 3680 1271 ,
3752 1213 3898 1281 οὐχὶ,

2308 1295 2581 1360 όντότης.
2629 1297 2758 1348 Καίο
2781 1296 3020 1364 Ἕόρεεε
3043 1298 3260 1367 Κύριος
3289 1299 3409 1367 πῦρ
3433 1302 3601 1367 παρὰ
3629 1304 3868 1369 Kvplov
3885 1321 3896 1332 '

2296 1386 2439 1455 οὐχὶ,
2472 1387 2765 1454 Κυριότης
2809 1388 2966 1455 παρὰ
2992 1390 3375 1456 κυριότητος.
3424 1391 3486 1444 Ei.
3512 1387 3614 1445 οὖν
3658 1394 3769 1445 ἐπὶ
3801 1394 3900 1462 τῆς

2298 1480 2576 1548 θεολογίας
2606 1480 2798 1544 οὕτως’
2828 1480 3012 1552 πολλῷ
3040 1478 3135 1536 οὖν
3168 1484 3369 1553 μᾶλλον
3402 1485 3500 1538 ἐπὶ
3547 1485 3656 1556 τῆς
3687 1487 3900 1540 οἰκονο-

2299 1573 2429 1642 μίας
2461 1574 2561 1626 οὐκ
2608 1573 2721 1642 ἔχει
2770 1574 2928 1639 λόγον
2975 1574 3076 1646 τὴν
3115 1577 3300 1630 είκόνα
3333 1577 3600 1649 Χριστοῦ,
3637 1578 3879 1648 Θειότης

2295 1667 2649 1737 ἐπιγράφειν,
2687 1667 2720 1736 ἢ
2760 1668 3058 1739 Κυριότης.
3090 1669 3224 1731 Θεὸς
3256 1670 3356 1739 μὲν
3387 1670 3496 1742 γάρ
3525 1670 3778 1739 λέγοιτο,
3805 1674 3897 1727 καί

2292 1756 2524 1826 Κύριος,
2570 1757 2603 1827 ἦ
2656 1775 2709 1810 τι
2751 1758 2862 1810 τῶν
2906 1759 3266 1829 ὁμοδυνάμων
3297 1761 3538 1825 τούτοις·
3581 1763 3732 1817 ἀλλά
3804 1767 3898 1816 καὶ

611 1857 709 1904 aut
744 1847 1080 1904 Dominatio.
1109 1849 1253 1905 Deus
1301 1850 1521 1918 quidem
1557 1850 1773 1903 dicatur
1802 1862 1866 1903 ac
1910 1847 2198 1917 Dominus,

2307 1846 2464 1899 τοῦτο
2507 1849 2845 1918 ὁμωνύμως*
2878 1851 2939 1903 οὐ
2970 1851 3076 1921 μὴν
3118 1851 3382 1922 Θεότηςῆ
3420 1854 3737 1925 Κυριότης.
3788 1857 3892 1918 Ὦς,

612 1949 709 1994 aut
741 1953 930 1994 eorum
982 1940 1190 2009 aliquid
1242 1955 1362 2008 quae
1416 1949 1546 1994 sunt
1585 1939 1828 2008 ejusdem
1861 1939 2150 2008 potestatis
2187 1954 2202 2004 ;

611 2040 778 2101 atque
810 2033 911 2085 hoc
935 2032 1113 2100 ipsum
1135 2031 1463 2101 Itomonyme
1493 2049 1505 2083 :
1538 2047 1646 2086 non
1692 2030 1881 2099 utique
1909 2029 2200 2095 Divinitas,

610 2138 676 2178 ac
707 2121 1043 2178 Dominatio.
1078 2123 1191 2189 Sic,
1243 2123 1478 2192 exempli
1508 2123 1707 2193 gratia,
1742 2122 1906 2176 homo
1938 2121 1984 2176 si
2016 2122 2198 2191 pictus

617 2217 711 2276 sit,
753 2213 917 2267 homo
943 2229 1076 2268 sane
1102 2213 1340 2278 dicatur,
1371 2231 1479 2268 non
1523 2215 1839 2269 humanitas
1872 2233 1883 2268 :
1921 2223 2204 2268 terrenus-

619 2323 864 2377 querex,
915 2323 1027 2362 non
1079 2317 1226 2362 certe
1263 2315 1503 2376 potestas
1548 2308 1719 2377 regia.
1766 2307 1954 2374 Itaque
2006 2307 2204 2360 vitiosa

614 2398 729 2464 illa,
762 2409 820 2454 ut
862 2399 995 2453 mihi
1047 2400 1282 2460 videtur,
1310 2399 1594 2468 inscriptio
1643 2408 1724 2454 est
1755 2416 1770 2453 :
1804 2400 2205 2455 circumscribit

612 2490 760 2544 enim
790 2498 845 2544 et
893 2488 1111 2543 Patrem
1148 2498 1202 2543 et
1234 2488 1518 2558 Spiritum,
1549 2489 1695 2559 quod
1756 2497 1838 2544 est
1879 2489 2201 2542 absurdum.

611 2581 792 2647 Atque
834 2578 949 2632 haec
975 2577 1193 2646 quidem
1230 2578 1468 2632 breviter
1511 2577 1856 2646 strictimque
1895 2578 2036 2630 dicta
2069 2577 2200 2629 sint.

613 2662 695 2718 Τιι
724 2679 851 2720 vero
882 2680 981 2734 pro
1005 2680 1123 2719 mea
1151 2666 1456 2720 humilitate
1477 2665 1694 2719 enixius
1714 2680 1938 2735 precare
1967 2681 2189 2720 :verum

612 2757 777 2812 etiam
809 2765 863 2811 et
889 2771 988 2826 pro
1015 2755 1204 2821 fratre,
1235 2758 1329 2825 qui
1374 2766 1426 2811 te
1455 2765 1798 2826 peramanter
1830 2757 2053 2811 salutat.
2086 2755 2195 2810 Ve-

615 2861 755 2906 stem
787 2849 970 2919 accepi
997 2866 1012 2902 :
1044 2855 1097 2902 et
1129 2863 1416 2918 quousque
1444 2864 1552 2902 non
1598 2849 1839 2904 cessabis
1871 2850 2191 2903 indumenta

617 2944 781 3000 nobis
813 2942 1186 3014 suppeditare,
1229 2939 1624 2997 dilectissime?
1656 2938 1905 2994 Vicissim
1937 2949 1989 2994 te
2018 2940 2202 2993 Domi-

614 3052 721 3090 nus
739 3036 791 3089 in
812 3037 1005 3105 spiritu
1039 3034 1238 3089 foveat.
1256 3033 1464 3088 Caetera
1495 3032 1814 3086 tabellarius
1836 3031 2194 3101 signiﬁcabit.

611 3125 775 3182 Omni
808 3143 872 3182 ex
910 3137 1064 3197 parte
1093 3128 1212 3180 vale

1005 3241 1326 3296 LXVlll.-—
1356 3239 1528 3294 [reme
1562 3240 1827 3308 patriciae.

2309 1939 2442 2008 φέρε
2494 1942 2693 2006 εἰπεῖν,
2739 1941 2832 1995 καὶ
2880 1943 2974 1996 ἐπὶ
3003 1943 3098 1996 τοῦ
3129 1945 3515 2016 γεγραμμένου
3563 1948 3894 2019 ἀνθρώπου,

2308 2029 2596 2099 ἄνθρωπος
2641 2031 2743 2100 μὲν
2805 2030 3040 2100 λέγοιτο,
3089 2034 3152 2086 οὐ
3192 2035 3299 2105 μὴν
3337 2035 3740 2107 ἀνθρωπότης·
3803 2040 3896 2091 καὶ

2309 2121 2563 2189 βασιλεὺς
2589 2122 2696 2174 τῶν
2738 2123 2830 2176 ἐπὶ
2859 2125 2983 2195 γῆς,
3033 2125 3092 2178 οὐ
3127 2126 3236 2196 μὴν
3266 2125 3534 2195 βασιλεία.
3573 2129 3896 2199 Ἐσφαλμέ-

2308 2227 2415 2272 νως
2440 2206 2531 2262 οὖν
2559 2210 2692 2280 ἔχει,
2725 2211 2800 2274 ὼς
2830 2212 2952 2282 ἐμοὶ
2978 2214 3148 2278 δοκεῖ,
3187 2217 3219 2284 ὴ
3248 2218 3531 2287 ἐπιγραφή
3553 2234 3569 2249 ’
3610 2234 3895 2288 συμπερι-

2305 2317 2508 2370 γραφει
2543 2303 2651 2371 γὰρ
2692 2302 2789 2354 καὶ
2819 2304 2908 2356 τὸν
2940 2305 3161 2376 Πατέρα
3195 2309 3289 2359 καὶ
3336 2308 3396 2359 τὸ
3441 2307 3694 2378 Πνεῦμα,
3755 2313 3895 2382 ὅπερ

2305 2391 2525 2443 ἄτοπον.
2559 2391 2811 2444 Τοσαῦτα
2867 2391 2964 2462 μὲν
2995 2394 3070 2458 ὡς
3103 2395 3224 2448 κατ’
3273 2397 3565 2466 ἐπιτομήν.
3620 2398 3806 2460 Αὐτὸς
3837 2402 3893 2452 δὲ

2305 2483 2608 2552 προσεύχου
2660 2483 2791 2555 περὶ
2828 2484 2927 2553 τῆς
2957 2485 3334 2550 ταπεινώσεώς
3369 2504 3472 2556 μου
3514 2487 3889 2559 θερμότερον

2304 2574 2439 2627 ἀλλά
2462 2576 2570 2646 γὰρ
2600 2578 2695 2628 καὶ
2717 2576 2857 2647 ὑπὲρ
2874 2576 2969 2629 τοῦ
2990 2578 3244 2644 ἀδελφοῦ,
3273 2580 3331 2641 δς
3358 2581 3454 2632 καὶ
3476 2583 3892 2652 προσαγορεύει

2303 2667 2694 2738 γνησιώτερον.
2723 2670 2794 2721 Τὸ
2824 2669 3038 2740 ἱμάτιον
3073 2669 3340 2739 ἐδεξάμην
3359 2687 3372 2700 ·
3403 2673 3498 2724 καὶ
3526 2672 3637 2736 ἕως
3660 2674 3800 2726 πότε
3830 2677 3887 2726 οὐ

2303 2758 2489 2831 παύσῃ
2552 2760 2876 2815 ὲνδιδύσκων
2923 2763 3096 2832 ἡμᾶς,
3149 2763 3434 2830 ἀγαπητέ;
3504 2766 3888 2834 ’Δντιθάλψειέ

2305 2867 2364 2902 σε
2403 2851 2607 2920 Κύριος
2635 2854 2692 2906 ὲν
2744 2853 3038 2922 πνεύματι.
3065 2854 3144 2907 Τά
3175 2855 3494 2910 ἐλλείποντα
3534 2861 3564 2911 ὁ
3616 2876 3886 2930 γραμμαρ

2303 2943 2540 3012 τηφόρος
2569 2945 2892 3012 ἀπαγγελεῖ.
2928 2945 3180 3017 Ἐῥρωσο
3209 2949 3267 3000 ὲν
3295 2950 3483 3004 πᾶσιν.

2585 3250 2710 3302 ΞῙΡ.
2738 3281 2807 3290 -
2838 3250 3069 3319 Εἰρήνῃ
3097 3252 3394 3320 πατρικίᾳ.
3420 3249 3608 3324 [eoat]

614 3359 736 3409 Cum
763 3358 896 3420 lapsa
931 3357 1126 3415 fuisset,
1148 3355 1461 3418 postmodum
1488 3353 1661 3402 confes
1687 3365 1783 3412 am,
1810 3359 1864 3402 et
1883 3365 2319 3467 graves;
2338 3374 2548 3482 piagsjim,
2573 3361 2800 3412 beam“,
2840 3371 2895 3414 ιη
2923 3366 2972 3414 in
2995 3365 3306 3414 confessione
3329 3371 3646 3427 pemvereL
3677 3367 3880 3428 tm

689 3499 970 3571 Superiori
1000 3509 1263 3569 tempore,
1295 3498 1438 3568 quod
1465 3497 1798 3568 poenitentia:
1830 3495 1953 3562 fuit,
1982 3498 2200 3566 pigebat

617 3595 860 3648 scribere
888 3591 954 3646 ad
972 3591 1334 3647 reverentiam
1370 3600 1517 3644 tuam
1545 3608 1559 3644 :
1593 3606 1736 3645 nunc
1759 3605 1888 3644 vero
1911 3600 1965 3645 et
1998 3592 2189 3658 impri-

619 3680 723 3733 mis
771 3679 1121 3749 jucundum,
1184 3686 1476 3747 postquam
1532 3679 1916 3742 exsurrexisti,
1956 3681 2200 3749 exceptis

617 3770 780 3824 etiam
815 3768 1124 3823 venerando
1153 3781 1249 3822 tuo
1279 3783 1512 3837 corpore
1547 3783 1646 3837 pro
1668 3767 1872 3822 Christi
1900 3767 2202 3823 confessio-

617 3879 685 3918 ne
716 3861 1054 3917 verberibus.
1085 3860 1194 3916 Sed
1227 3877 1383 3931 euge,
1418 3876 1554 3930 euge
1576 3900 1589 3925 ,
1622 3860 1764 3914 virili
1805 3861 2042 3914 maxime
2083 3862 2202 3914 ani-

618 3969 710 4009 mo
737 3953 961 4016 femina,
1013 3953 1183 4023 quod,
1212 3963 1438 4023 accepta
1469 3952 1646 4015 clade,
1677 3952 2199 4020 redintegrationem

619 4061 813 4117 pugnae
861 4045 1289 4115 splendidiorem
1330 4045 1613 4099 elleceris:
1658 4042 1831 4096 Deum
1871 4043 2202 4111 angelosque

618 4139 956 4201 exhilaratus,
993 4147 1135 4192 etex
1169 4137 1486 4191 hominibus
1515 4135 1925 4190 amantissimos
1965 4136 2200 4203 pietatis.

618 4233 697 4285 Ac
729 4239 784 4283 tu
815 4246 938 4284 vere
969 4231 1157 4298 utique
1187 4231 1366 4295 nobis,
1391 4243 1460 4282 ex
1483 4226 1855 4281 Orientalibus
1884 4237 2063 4281 ortum
2097 4236 2204 4279 tra-

620 4319 786 4372 hens:
817 4326 872 4371 tu
902 4316 991 4371 Dei
1015 4333 1079 4372 ac
1099 4319 1316 4372 virtutis
1342 4332 1565 4371 amans:
1592 4325 1647 4370 tu
1670 4316 1930 4370 vitiorum
1953 4315 2204 4370 domina-

619 4411 814 4473 trix,et
840 4407 1031 4463 mundi
1057 4409 1299 4464 inimica.
1321 4408 1533 4476 Quanta
1554 4410 1630 4465 tui
1656 4409 1898 4463 nominis
1920 4424 2202 4462 commen-

620 4503 770 4555 datio
814 4511 897 4555 est
930 4503 943 4555 l
973 4517 1135 4570 quam
1191 4512 1274 4556 est
1305 4503 1360 4556 in
1407 4518 1504 4557 ore
1551 4519 1617 4557 ac
1672 4517 1924 4558 sermone
1959 4501 2202 4554 omnium

623 4602 945 4663 martyrium
981 4603 1133 4647 tuum
1163 4594 1175 4645 l
1208 4593 1349 4660 Quid
1405 4595 1594 4648 enim?
1623 4595 2006 4663 Evangelicum
2063 4595 2204 4647 arri-

621 4687 788 4756 puisti
831 4686 1094 4756 gladium,
1118 4695 1178 4740 ut
1201 4685 1404 4742 Christi
1438 4687 1591 4741 miles
1620 4703 1633 4739 :
1665 4688 1720 4740 in
1747 4687 1945 4740 mentis
1975 4701 2202 4740 excessu

2371 3507 2644 3577 Πρότερον
2677 3506 2906 3578 ήνίκαή
2964 3506 3318 3571 ὑπόπτωσις,
3371 3506 3622 3576 λυπηρόν
3673 3525 3769 3577 μοι
3825 3520 3881 3565 τ’)

2299 3599 2536 3668 γράμμα
2570 3599 2707 3670 πρὸς
2732 3600 2833 3670 τὴν
2880 3598 3172 3670 τιμιότητά
3209 3612 3338 3651 σου·
3374 3597 3470 3650 νῦν
3505 3598 3563 3651 δι
3602 3600 3704 3652 καὶ
3764 3601 3884 3653 λίαν

2301 3693 2598 3762 περιχαρὲς
2646 3691 2734 3746 διὰ
2767 3691 2866 3762 τὴν
2910 3691 3298 3757 ἐξανάστασιν,
3346 3688 3444 3742 καὶ
3473 3688 3574 3752 τὰς
3624 3691 3721 3744 ἐπὶ
3773 3692 3882 3744 τῶν

2300 3784 2503 3852 τιμίων
2538 3800 2632 3836 σου
2669 3783 2893 3853 σαρκῶν
2917 3783 3058 3852 ὑπὲρ
3079 3781 3370 3850 ὁμολογίας
3399 3781 3646 3853 Χριστοῦ
3687 3784 3880 3854 μάστι-

2301 3890 2424 3942 γας.
2462 3875 2572 3926 Καὶ
2619 3869 2772 3941 εὖγε,
2800 3870 2949 3942 εὖγε,
2983 3874 3336 3944 ἀνδρειοτάτη
3376 3875 3434 3926 ὲν
3476 3875 3755 3942 γυναιξὶν,
3801 3877 3879 3928 ὅτι

2299 3967 2400 4034 τῆς
2435 3966 2604 4034 ἥττης
2640 3964 3109 4033 περιφανεστέραν
3149 3964 3248 4033 τὴν
3276 3961 3643 4017 ἀναπάλαισιν
3683 3970 3877 4035 ἀπειρ-

2302 4056 2488 4121 γάσω·
2541 4056 2861 4124 εὐφράνασα
2890 4055 3022 4108 Θεόν
3069 4071 3128 4107 τε
3160 4056 3254 4106 καὶ
3289 4055 3574 4122 ἀγγέλους,
3630 4058 3727 4108 καὶ
3773 4058 3876 4109 τῶν

2301 4145 2606 4213 ἀνθρώπων
2640 4146 2765 4208 τοὺς
2801 4145 3250 4207 εὐσεϐεστάτους.
3292 4148 3403 4199 Καὶ
3443 4147 3508 4199 σὺ
3535 4147 3704 4210 ὅντως
3742 4149 3870 4218 ἀλη-

2302 4237 2411 4300 θῶς
2461 4236 2708 4307 εὐγενὴς,
2751 4236 2859 4290 τῶν
2897 4236 2992 4306 ἀφ’
3031 4237 3186 4307 ἡλίου
3227 4237 3502 4291 ἀνατολῶν
3535 4240 3872 4309 ὁρμωμένη’

2303 4332 2368 4383 σὺ
2435 4329 2680 4397 φιλόθεος
2731 4330 2826 4382 καὶ
2878 4329 3203 4400 φιλάρετος·
3265 4330 3331 4382 σὺ
3387 4329 3727 4392 παθοκτόνθς
3785 4333 3874 4383 καὶ

2303 4421 2394 4492 έχθ
2406 4422 2692 4491 ρὸκοσμος.
2736 4421 2824 4483 Ὧς
2853 4422 3067 4474 αἰνετόν
3097 4438 3190 4473 σου
3218 4421 3279 4474 τὸ
3307 4421 3477 4490 ὄνομα
3499 4436 3514 4451 ·
3563 4423 3663 4474 καὶ
3691 4422 3872 4474 διαλα-

2302 4514 2436 4584 λητή
2487 4530 2580 4565 σου
2639 4514 2680 4582 η
2738 4512 3049 4583 μαρτυρίαι
3098 4512 3163 4564 Τί
3219 4510 3433 4576 ταῦτα;
3485 4512 3726 4574 Ἐλαὸες
3780 4516 3871 4583 τὴν

2304 4603 2665 4673 εὐαγγελικὴν
2731 4604 3041 4675 μάχαιραν,
3089 4603 3162 4667 ὡς
3217 4603 3542 4672 στρατιῶτις
3593 4605 3866 4675 Χριστοῦ·

2305 4694 2557 4762 διέκοψας
2615 4695 2671 4745 ἐν
2723 4693 2977 4746 ἐκστάσει
3029 4694 3128 4756 τὰς
3179 4693 3393 4761 σχέσεις
3440 4691 3539 4744 τοῦ
3585 4692 3866 4763 σώματος’

613 4766 850 4834 allectus
872 4780 1118 4847 corporis
1145 4777 1462 4848 praecidisti,
1483 4777 1724 4832 demisso
1747 4777 1924 4845 capite
1944 4776 2198 4844 dirempta

2312 4780 2636 4848 ἀπετμήθης
2674 4779 2917 4848 κεφαλῆς
2943 4780 3365 4849 ὐποκυπτούσης
3407 4779 3681 4850 θυγατρὸς
3714 4801 3867 4851 μονο.

617 4889 680 4929 es
715 4875 783 4928 ab
825 4874 986 4928 unica
1042 4874 1150 4928 lilia
1179 4892 1193 4927 :
1220 4874 1399 4928 valere
1430 4873 1633 4941 jubens
1665 4872 1868 4942 regiam
1891 4871 2195 4935 civitatem,

621 4964 891 5018 illustrem
926 4963 1265 5033 prosapiam,
1314 4971 1637 5031 praestantes
1672 4961 1904 5022 amicos.
1937 4959 2197 5014 familiam

619 5053 983 5123 splendidam,
1018 5054 1276 5107 eximiam
1313 5053 1659 5122 dignitatem,
1705 5051 2053 5106 terrestrium
2099 5053 2198 5105 do-

623 5141 976 5196 mesticorum
1017 5146 1292 5211 ingentem
1349 5157 1661 5206 numerum,
1689 5139 2200 5210 omnigenasl‘acul-

622 5242 783 5298 tates,
813 5236 917 5289 alia
945 5235 1177 5304 denique
1210 5251 1334 5304 quae
1363 5250 1800 5289 commemorare
1830 5235 1920 5288 vix
1959 5234 2199 5302 possim:

624 5336 843 5394 arrepto
889 5328 1012 5380 vita:
1045 5326 1296 5379 instituto
1319 5367 1335 5390 ,
1369 5327 1422 5378 in
1478 5340 1589 5394 quo
1626 5327 1697 5379 sit
1741 5341 1876 5379 crux
1908 5325 2144 5378 tollenda
2179 5342 2191 5376 :

624 5417 778 5485 longe
821 5419 1080 5486 quopiam
1133 5417 1382 5486 ablegata
1413 5432 1495 5479 es,
1529 5424 1587 5469 ut
1637 5416 1825 5482 didici,
1861 5417 1914 5470 in
1941 5415 2193 5468 insulam.

624 5503 912 5560 Benedicta
944 5518 1022 5574 tu,
1058 5517 1111 5562 et
1139 5509 1455 5563 benedictus
1500 5508 1707 5563 fructus
1725 5507 1969 5576 martyrii
2005 5507 2101 5560 tui.
2133 5505 2200 5559 Et

625 5597 770 5652 unde
798 5599 892 5652 tibi
927 5611 1097 5653 totum
1126 5602 1226 5653 hoc
1255 5600 1514 5669 quidquid
1540 5609 1621 5654 cst
1650 5600 1799 5662 bnni,
1852 5600 2042 5665 ingens
2081 5600 2198 5667 glo-

626 5689 730 5750 ria,
783 5705 994 5745 summa
1052 5693 1471 5758 commendatio,
1521 5691 1625 5746 nisi
1660 5707 1724 5745 ex
1757 5689 2049 5744 virtutibus
2095 5691 2201 5746 illis

704 5803 748 5831 ’°
776 5801 946 5857 Exod.
984 5821 1061 5872 tn,
1092 5806 1143 5860 6.
1221 5807 1264 5840 θ’
1297 5806 1428 5861 ibid.
1467 5805 1548 5859 lli.
1622 5805 1672 5837 ”
1712 5802 1847 5859 Gen.
1889 5818 1996 5869 XIX,
2037 5801 2122 5854 ‘24.

2304 4868 2599 4938 κλαδούσης
2625 4885 2638 4899 ·
2671 4869 2950 4940 ἐρρῶσθαι
2980 4871 3239 4939 φράσασα
3283 4871 3435 4924 πόλει
3483 4872 3863 4946 βασιλευούσῃ,

2305 4959 2450 5025 γένει
2479 4958 2852 5028 περιὸλέπτῳ,
2889 4959 3062 5027 φίλοις
3099 4960 3475 5030 ὑπερέχουσιν,
3520 4961 3673 5032 οίκίᾳ
3708 4964 3867 5033 ὐπερ⁴

2298 5051 2558 5120 λάμπρῳ,
2614 5050 2743 5121 ἀξίᾳ.
2805 5052 3264 5123 ὐπερφυεστάτῃ,
3344 5052 3454 5104 τῶν
3508 5053 3656 5107 κατά
3711 5055 3866 5125 χθόνα

2296 5142 2524 5196 οίκετῶν
2565 5141 2780 5212 πλήθει,
2822 5142 3055 5213 ὑπάρξει
3111 5143 3451 5213 παντοδαπῇ,
3506 5147 3622 5208 τοῖς
3673 5146 3863 5208 ἀλλοις,

2298 5229 2381 5296 οἷς
2406 5233 2506 5286 οὐκ
2537 5233 2779 5303 εὐμαρές
2807 5235 3135 5306 μοιιλέγειν·
3167 5235 3262 5287 καὶ
3289 5235 3542 5306 ἀραμένη
3576 5236 3670 5289 τὸν
3710 5253 3864 5290 σταυ-

2307 5325 2531 5394 ροφόρον
2574 5324 2724 5394 βίον
2764 5325 3119 5394 ἀπεωρίσθης
3147 5342 3249 5377 που
3287 5327 3529 5396 μακράν,
3583 5327 3661 5390 ὡς
3697 5330 3863 5398 μεμάο

2304 5415 2466 5484 θηκα,
2502 5417 2559 5468 ὲν
2589 5415 2756 5485 νήσῳ.
2794 5415 3153 5485 Εὐλογημένη
3183 5416 3270 5479 σὺ,
3311 5417 3409 5469 καὶ
3448 5419 3814 5488 εὐλογημένος
3840 5421 3866 5473 6

2305 5505 2514 5574 καρπὸς
2550 5504 2650 5572 τῆς
2701 5505 3011 5578 μαρτυρίας
3062 5523 3180 5560 σου.
3217 5508 3331 5560 Καὶ
3375 5508 3544 5561 πόθεν
3588 5526 3672 5562 σοι
3719 5509 3864 5564 τοῦτο

2305 5595 2423 5646 ὅλον
2453 5597 2511 5647 τὸ
2534 5595 2757 5663 ἀγαθὸν,
2793 5596 2851 5647 τὸ
2874 5596 3014 5665 μέγα
3042 5596 3218 5660 κλέος,
3266 5599 3293 5668 ἡ
3323 5599 3562 5668 μεγίστη
3589 5601 3860 5668 εὐφημία,

2307 5687 2420 5739 ἀλλ’
2452 5687 2485 5755 ἢ
2537 5688 2600 5740 ὲκ
2632 5686 2736 5740 τῶν
2776 5688 3257 5759 προῦπηργμένων
3290 5705 3374 5743 σοι
3403 5691 3855 5761 κατορθωμάτων,
