3990 6318
139 383 158 444 1
171 384 273 444 297

1346 378 1888 440 EPISTOLARUM
1937 377 2088 437 LIB.
2133 375 2219 435 II.

3283 378 3422 442 1298

132 499 198 548 ἐκ
226 494 328 559 τῆς
357 491 555 561 πολλῆς
587 509 681 543 σου
713 490 1006 556 ἐντεύξεως
1037 492 1132 543 καὶ
1162 490 1501 561 προσευχῆς,
1531 492 1595 544 ἐκ
1616 492 1715 560 τῆς

1840 490 1959 555 .uis,
1986 503 2111 559 quae
2149 499 2483 556 praecessere
2515 502 2526 538 :
2554 500 2618 538 ex
2653 485 2890 554 plurima
2918 484 3323 555 supplicatione
3357 504 3423 544 ac

132 582 588 651 ὑπερϐαλλούσης
644 599 737 634 σου
792 581 1138 651 φιλευποιίας
1197 583 1293 634 καὶ
1355 581 1724 651 φιλομονάχου

131 677 410 748 καρδίαςς
459 676 574 727 Ούκ
601 672 801 727 ὤλοντο
857 674 908 726 οἱ
959 673 1187 744 καρποὶ,
1227 671 1329 726 κᾶν
1382 674 1472 726 ἐπὶ
1531 673 1727 746 μικρὸν

129 769 548 835 διεσείσθησαν
581 767 642 818 οὺ
681 764 918 831 κατέαξέ
957 782 1050 816 σου
1091 764 1182 816 τὸν
1225 765 1428 834 ἀρετῆς
1460 763 1672 835 πύργον
1699 767 1727 819 6

131 862 514 930 ἀντικείμενος
538 859 662 927 ὄφις
683 897 698 920 ,
750 860 799 910 εί
833 858 928 910 καὶ
959 856 1204 911 δέδακεν.
1263 857 1726 926 Ἀποκέκρουσται

133 952 335 1020 φθόνος
360 951 467 1004 τῶν
497 948 961 1004 ἐπιτωθασάντων
989 965 1003 980 ο
1031 949 1326 1002 πέπτωκεν
1356 947 1729 1011 ὀνειδιζόντων

133 1043 332 1106 ὕθλος·
375 1040 630 1109 νενίκηκε
676 1039 917 1109 Χριστὸς
970 1040 1027 1091 ὲν
1059 1039 1176 1101 σοὶ,
1223 1036 1320 1089 καὶ
1372 1036 1461 1089 διὰ
1519 1036 1634 1088 σοῦ.
1683 1029 1728 1089 ὧ

133 1135 485 1203 καλλίγυναι,
511 1127 555 1186 ὣ
584 1132 927 1202 φιλόμαρτυς
954 1146 969 1162 ·
1005 1133 1122 1193 καὶ,
1159 1129 1221 1182 τὸ
1244 1128 1450 1200 τρίτον,
1477 1123 1522 1180 ὢ
1552 1130 1728 1197 μῆτερ

133 1230 248 1298 ἐμή
275 1245 287 1258 °
339 1226 492 1280 καλῶ
517 1227 627 1297 γὰρ
659 1224 820 1278 τοῦτο
869 1225 928 1276 ἐν
973 1223 1277 1293 πνεύματι,
1317 1221 1393 1285 ὡς
1441 1220 1726 1284 σύναθλον,

133 1324 230 1375 καὶ
255 1321 365 1374 τῶν
393 1321 503 1375 ἀπὸ
529 1319 737 1390 σαρκὸς
759 1317 1184 1388 γνωριζομένων
1207 1316 1536 1384 σπλάγχνων
1566 1312 1732 1381 ἐγγύ-

133 1431 318 1485 τερον.
377 1414 534 1467 Οὕτω
571 1415 682 1482 γὰρ
713 1407 824 1464 οἶδε
874 1411 936 1463 τὸ
982 1409 1203 1479 πνεῦμα
1257 1408 1550 1460 συνάπτειν
1602 1407 1730 1468 τοὺς

135 1507 235 1560 ἀπ’
268 1507 437 1559 αὐτοῦ
485 1503 986 1575 κυοφορουμένους.
1039 1498 1171 1554 Οἷδά
1204 1517 1295 1552 σου
1331 1498 1458 1561 τοὺς
1501 1499 1727 1560 πόνους·

134 1593 255 1650 οἶδα
281 1597 381 1659 τὰς
430 1595 709 1658 ίνοκοπίας
754 1594 852 1663 τῆς
893 1591 1106 1662 ψυχῆς·
1156 1590 1335 1643 πάντα
1364 1590 1464 1642 ὅσα
1497 1591 1730 1660 ραγεῖσα

135 1692 350 1761 κόσμου
393 1689 624 1743 ὑποίσω.
680 1687 840 1740 Ἀλλὰ
883 1686 1115 1756 θάρσει·
1163 1683 1333 1746 πολύς
1364 1700 1456 1735 σου
1482 1683 1510 1735 6
1539 1681 1730 1752 μισθὸς

138 1788 197 1837 ἐν
247 1785 502 1853 οὐρανοῖς
526 1798 540 1813 ·
572 1781 760 1850 νύμφη
801 1776 1038 1847 Χριστοῦ
1067 1776 1453 1848 χρηματίζεις,
1486 1775 1590 1828 κᾶν
1620 1774 1730 1827 ἀπὸ

135 1876 372 1945 ἀνδρός·
407 1873 731 1943 συμπολῑτις
775 1871 884 1924 τῶν
913 1869 1140 1923 δικαίων
1175 1869 1270 1922 καὶ
1312 1869 1486 1936 ἁγίων
1509 1884 1522 1897 ⁸
1573 1867 1732 1937 εἴπερ

138 1966 492 2037 ἐμμενοῦμεν
521 1967 643 2028 ταῖς
675 1963 852 2027 θείαις
880 1962 1198 2032 ὁμολογίαις
1237 1961 1342 2023 ἕως
1374 1961 1583 2023 τέλους.
1617 1959 1733 2013 Νῦν

136 2060 193 2112 δὲ
223 2058 446 2127 λιπαρῶ
482 2057 575 2109 καὶ
614 2054 897 2125 παραινῶ,
930 2052 1352 2123 ύπομονητικῶς
1394 2069 1452 2104 σε
1488 2053 1736 2119 ἐνεγκεῖν

137 2155 240 2222 τὴν
285 2149 503 2222 ἐξορίαν
534 2152 629 2202 καὶ
667 2148 904 2219 ἐρημίαν
936 2149 1176 2209 πάντων,
1209 2142 1634 2214 ἁναθεωροῦσαν
1665 2142 1736 2196 τά

138 2245 378 2313 οὐράνια
399 2259 415 2274 ·
444 2242 647 2295 εἰδυῖαν
676 2242 737 2294 τὸ
765 2241 858 2292 ἐπὶ
889 2240 993 2309 γῆς
1021 2241 1273 2306 παίγνιον
1300 2239 1396 2290 καὶ
1423 2234 1734 2305 ὠκύμορον.

139 2342 298 2396 Μετά
329 2337 426 2391 σοῦ
462 2340 491 2391 6
521 2336 697 2407 φύλαξ
737 2353 832 2388 σου
879 2336 978 2406 τῆς
1023 2333 1172 2403 ζωῆς
1203 2331 1468 2401 ἀγγελοςο
1501 2328 1738 2401 Χριστὸς

141 2431 334 2492 αὐτὸς,
373 2430 402 2480 6
442 2426 612 2480 εἰπών
635 2442 648 2456 ·
691 2426 840 2494 Ἐγὼ
890 2425 990 2478 καὶ
1019 2427 1052 2478 ὁ
1096 2421 1302 2491 Πατὴρ
1334 2422 1734 2491 ἐλευσόμεθα,

142 2523 240 2575 καὶ
267 2519 475 2590 μονὴν
499 2517 637 2586 παρ’
661 2516 822 2582 αὐτῷ
848 2515 1208 2584 ποιήσομεν.
1234 2515 1330 2568 Ἒν
1342 2515 1398 2567 δὲ
1418 2514 1737 2584 ὑπομιμνή-

142 2630 263 2666 σκω
285 2630 297 2643 ·
335 2614 573 2680 σεαυτὴν
596 2608 908 2680 περιποιοῦ.
929 2609 1141 2668 δίαιταν
1165 2606 1738 2677 παρακλητικωτέραν

142 2704 533 2774 ἀσπαζομένη.
569 2704 642 2756 Οὐ
694 2703 804 2773 γὰρ
862 2703 1057 2773 καιρὸς
1091 2700 1422 2770 ἐγκρατείας
1478 2699 1602 2770 ἄρτι
1645 2715 1737 2751 το·-

144 2796 361 2859 σοῦτον,
391 2797 516 2849 ὅσον
577 2795 638 2848 τὺ
681 2796 971 2865 πρότερον.
1021 2795 1135 2847 Καὶ
1201 2793 1377 2857 τέλος,
1430 2794 1736 2861 προσεύχου

144 2891 274 2958 περὶ
304 2887 444 2957 ἐμοῦ
477 2886 574 2939 τοῦ
623 2884 954 2957 ἀμαρτωλοῦ
979 2901 991 2913 ·
1047 2885 1123 2948 ὡς
1151 2883 1218 2937 ἂν
1264 2885 1379 2944 τοῖς
1426 2881 1607 2950 λόγοις
1647 2881 1740 2934 τὸν

147 2982 264 3052 βίον
299 2979 731 3050 συναρμὸσοιμι.

368 3090 487 3144 ΞΘ’.
519 3119 589 3130 -
619 3088 902 3158 Εὐφημίᾳ
921 3087 1270 3158 ἐγκλείστῃ.
1300 3082 1485 3156 [υογ’.]

1832 594 1996 651 prece
2035 600 2046 634 ε
2075 593 2142 633 ex
2174 576 2672 632 beneficentissima
2707 586 2798 631 tua
2831 593 2957 649 erga
2984 581 3289 635 monachos
3322 595 3422 635 vo-

1831 670 2087 726 luntate?
2120 668 2235 722 Non
2264 667 2476 738 periere
2529 667 2766 731 fructus,
2801 669 2905 724 etsi
2935 671 3189 724 concussi
3226 671 3424 738 paulu-

1829 764 1941 818 lum
1976 781 1990 816 :
2021 773 2171 817 tuam
2206 761 2354 814 illam
2398 760 2617 815 virtutis
2646 763 2835 816 turrim
2868 777 2976 815 non
3000 763 3272 818 subvertit
3302 778 3424 818 ser—

1830 873 1964 928 pens
1994 855 2272 920 inimicus,
2302 869 2619 925 quanquam
2653 870 2898 909 morsum
2929 855 3137 910 intulit.
3185 856 3425 924 Repulsa

1832 949 2120 1004 irrisorum
2182 946 2390 1001 invidia
2447 955 2576 1002 est:
2621 947 2944 1002 exciderunt
2985 947 3424 1004 conviciatorum

1829 1056 2023 1112 nugae:
2059 1038 2189 1094 vicit
2220 1037 2478 1093 Christus
2508 1038 2561 1092 in
2588 1047 2639 1092 te
2668 1048 2722 1092 et
2752 1053 2846 1107 per
2871 1046 2942 1103 te,
2975 1052 3009 1093 ο
3035 1036 3240 1092 femina
3266 1055 3424 1109 egre-

1830 1134 1937 1200 gia,
1969 1149 2003 1186 υ
2035 1131 2281 1200 martyrii
2307 1129 2524 1199 cupida,
2568 1116 2648 1196 et,
2669 1129 2813 1200 quod
2846 1130 3074 1185 tertium
3105 1139 3209 1193 est,
3239 1145 3273 1185 o
3302 1146 3423 1186 ma-

1831 1235 1914 1278 ter
1947 1239 2068 1277 mea
2098 1241 2112 1278 :
2145 1239 2271 1278 nam
2304 1238 2371 1278 eo
2395 1235 2446 1278 te
2490 1224 2714 1278 nomine
2751 1221 2964 1292 appeilo
3011 1223 3064 1277 in
3102 1222 3325 1292 spiritu,
3361 1230 3426 1277 ut

1833 1318 2151 1373 certaminis
2176 1320 2379 1373 sociam
2412 1358 2428 1380 ,
2462 1327 2516 1372 et
2541 1317 2976 1387 conjunctiorem
3002 1317 3069 1372 iis
3095 1332 3217 1387 qua:
3237 1314 3426 1372 carnis

1832 1419 1962 1465 sunt
1995 1412 2322 1467 visceribus.
2356 1409 2448 1466 Sic
2483 1411 2630 1465 enim
2664 1426 2762 1465 eos
2811 1411 3041 1480 spiritus
3073 1411 3226 1466 novit
3253 1426 3426 1481 capu-

1833 1504 1966 1570 lare,
2000 1520 2138 1575 quos
2171 1506 2286 1575 ipse
2335 1506 2605 1575 genuerit.
2649 1504 2783 1559 Novi
2837 1505 3054 1560 labores
3094 1515 3218 1560 tuos
3258 1506 3426 1559 τηογί

1834 1607 1969 1667 quot
1994 1597 2177 1652 animo
2199 1596 2480 1652 molestias
2509 1596 2784 1658 hauseris,
2809 1611 2955 1666 quae.
2997 1611 3124 1651 cum
3156 1611 3186 1650 a
3215 1598 3426 1651 mundo

1832 1691 2022 1746 avulsa
2047 1705 2128 1756 es,
2147 1688 2420 1744 toleraris.
2445 1687 2550 1742 Sed
2579 1687 2838 1743 conﬁdito
2864 1688 3131 1758 :plurima
3164 1689 3256 1743 tibi
3282 1704 3428 1743 mer-

1833 1799 1924 1839 ces
1964 1784 2018 1836 in
2051 1783 2191 1838 ccelo
2222 1801 2234 1836 :
2268 1780 2471 1837 Christi
2504 1797 2704 1852 sponsa
2752 1781 2978 1845 diceris,
3011 1781 3119 1837 etsi
3151 1793 3272 1851 post
3294 1798 3430 1838 con-

1831 1875 2042 1944 juginm
2076 1891 2089 1927 :
2120 1873 2394 1943 justorum
2413 1888 2476 1928 ac
2508 1881 2825 1928 Sanctorum
2859 1873 3018 1938 civis,
3043 1874 3088 1929 si
3111 1872 3333 1943 quidem
3359 1871 3429 1928 ad

1839 1966 1998 2020 finem
2032 1980 2206 2035 usque
2237 1965 2291 2018 in
2321 1964 2505 2018 divina
2529 1964 2882 2019 confessione
2904 1975 3234 2034 perstemus.
3263 1964 3429 2021 Nunc

1835 2071 1966 2110 vero
2001 2056 2233 2110 obsecro
2260 2062 2315 2109 et
2345 2054 2536 2109 hortor
2562 2061 2623 2108 ut
2645 2069 2800 2123 aequo
2845 2054 3031 2106 animo
3065 2053 3321 2111 exsilium
3349 2053 3430 2106 fe-

1837 2163 1949 2212 ras,
1985 2161 2279 2216 rerumque
2311 2147 2561 2202 omnium
2616 2147 2924 2215 penuriam,
2956 2145 3262 2199 cmlestium
3290 2160 3429 2200 con-

1839 2237 2195 2304 templatione
2223 2254 2236 2290 :
2266 2252 2390 2292 cum
2426 2237 2595 2308 probe
2620 2237 2917 2307 intelligas,
2949 2237 3218 2308 quidquid
3256 2247 3430 2293 terre-

1839 2345 1974 2384 num
2003 2337 2106 2392 est,
2143 2329 2414 2385 ludicrum
2460 2344 2582 2384 esse
2608 2339 2661 2384 et
2702 2329 2810 2383 cito
2842 2329 3168 2398 periturum.
3223 2329 3430 2385 Tecum

1838 2430 2025 2476 custos
2056 2421 2180 2475 vita:
2211 2429 2317 2474 tua:
2352 2420 2578 2490 angelus
2603 2461 2618 2486 ,
2650 2419 2904 2476 Christus
2950 2421 3065 2489 ipse
3119 2423 3213 2491 qui
3246 2421 3382 2474 dixit
3415 2439 3428 2474 :

1840 2512 1952 2585 Ego
1975 2523 2023 2567 et
2052 2512 2216 2568 Pater
2254 2519 2540 2576 veniemus,
2569 2522 2618 2566 et
2643 2513 2969 2567 mansionem
3016 2515 3157 2583 apud
3190 2531 3309 2568 eunt
3345 2515 3431 2583 fa-

1839 2606 2035 2659 ciemus
2058 2601 2314 2658 “.Unum
2343 2618 2472 2658 vero
2495 2619 2726 2658 moneo:
2747 2613 2804 2658 ut
2826 2605 3124 2659 valetudini
3148 2607 3427 2671 consulas,

1840 2700 2152 2754 suaviorem
2191 2698 2444 2766 amplexa
2487 2698 2703 2752 vivendi
2739 2713 3013 2753 normam.
3067 2697 3255 2769 Neque
3283 2701 3429 2754 enim

1842 2807 1987 2846 nunc
2023 2802 2239 2861 tempus
2283 2791 2634 2846 abstinentiae
2666 2799 2775 2846 tam
2805 2791 2992 2862 rigidae
3019 2801 3122 2857 est,
3143 2809 3306 2862 quam
3326 2811 3433 2847 an-

1840 2894 1924 2938 tea
1961 2885 2194 2938 exstitit.
2215 2883 2463 2954 Denique
2486 2900 2586 2954 pro
2606 2900 2693 2940 me
2719 2895 3007 2955 peccatore
3033 2903 3221 2956 preces
3240 2887 3428 2956 funde,

1842 2987 1901 3030 ut
1934 2993 2058 3031 cum
2087 2977 2437 3032 sermonibus
2470 2978 2554 3031 via
2592 2992 2712 3032 mea
2735 2980 3067 3034 consentiat.

2195 3092 2382 3147 LXIX.
2416 3124 2487 3133 -—
2503 3091 2812 3163 Euphemia:
2835 3095 3071 3151 inclusae.

1196 3222 1261 3272 Ut
1282 3223 1477 3271 Christo
1499 3236 1681 3284 sponso
1708 3237 1817 3284 suo,
1842 3233 1944 3275 tota
1964 3234 2131 3276 mente
2162 3228 2366 3277 serviat.

215 3338 279 3392 Εί
308 3336 403 3391 καὶ
423 3331 743 3402 ἐλλείπομεν
788 3330 1110 3400 συχνότερον
1170 3332 1238 3400 τῇ
1297 3331 1571 3406 τιμιότητί
1641 3348 1734 3383 σου

1916 3332 2029 3388 Etsi
2083 3333 2374 3389 omisimus
2397 3335 2705 3392 crebriores
2745 3335 2812 3390 ad
2870 3338 3234 3393 reverentiam
3283 3349 3432 3398 tuam

144 3428 490 3484 ἐπιστέλλειν
523 3443 537 3456 ο
569 3425 684 3478 ἀλλ’
707 3421 800 3477 οῦν
824 3421 918 3475 τοῦ
958 3421 1273 3492 μεμνῆσθαι
1309 3422 1476 3490 αὐτῆς
1534 3425 1590 3474 ἐν
1623 3424 1738 3475 Κυ-

149 3525 249 3594 ρίῳ
276 3564 291 3588 ,
325 3522 428 3575 οὐκ
455 3517 862 3588 ἐπιλελήσμεθα
894 3533 906 3545 ·
940 3516 1030 3569 διὰ
1049 3515 1110 3568 τὸ
1143 3515 1460 3568 κοινωνικὸν
1489 3518 1586 3584 τῆς
1608 3532 1739 3584 προ-

146 3620 375 3680 θέσεως,
405 3617 500 3668 καὶ
529 3615 592 3666 τὸ
620 3612 927 3665 ὲπιδοτικὸν
952 3611 1054 3680 τῆς
1074 3611 1473 3680 προαιρέσεως.
1517 3613 1581 3663 Ὃ
1616 3613 1736 3663 ἱκα-

145 3711 255 3771 νῶς
282 3710 423 3778 ἔχει,
461 3706 536 3770 ὼς
567 3703 848 3775 μανθάνω,
874 3702 982 3754 ἀπὸ
1009 3701 1235 3772 πρώτης
1266 3701 1480 3772 ἡλικίας
1499 3703 1737 3772 ᾑρετίσω

146 3805 237 3856 τὸν
267 3800 642 3871 σταυροφόρον
666 3798 780 3869 βίον
801 3815 814 3827 ⁸
843 3798 938 3850 καὶ
969 3796 1048 3849 ἔτι
1083 3797 1184 3866 τὴν
1216 3797 1597 3866 φρουρητικὴν
1623 3795 1740 3848 δια-

146 3895 362 3947 δίωσιν.
388 3894 500 3944 Καὶ
523 3892 709 3962 ἡλίκον
734 3908 827 3943 σου
853 3889 912 3942 τὸ
928 3887 1203 3958 ἐγκώμιον
1222 3926 1237 3948 ,
1268 3886 1454 3956 νύμφη
1477 3886 1736 3956 Χριστοῦ.

160 3986 302 4039 Ἀλλ’
334 3985 748 4053 ὑπομιμνῄσκω
781 3981 1064 4054 περιέπων
1122 3996 1180 4032 σε
1219 3979 1630 4049 πνευματικῶς,
1664 3978 1739 4041 ὼς

147 4079 413 4149 ἀδελφήν.
458 4074 796 4144 Ἐπείχθητι,
830 4075 1017 4143 κυρία,
1054 4072 1345 4142 ἐπείχθητι
1398 4069 1739 4142 θεραπεῦσαί

151 4191 246 4225 σου
282 4171 379 4225 τὸν
415 4168 692 4237 Νυμφίον.
731 4166 794 4219 'H
829 4167 1223 4236 νυμφευθεῖσα.
1254 4164 1437 4234 πάσης
1498 4163 1740 4234 σχέσεως

148 4264 352 4334 ἑαυτὴν
384 4260 759 4323 ἀποδιίστασο,
796 4257 927 4325 ὃλην
954 4256 1052 4327 τὴν
1081 4255 1334 4326 καρδίαν,
1391 4255 1487 4308 καὶ
1535 4253 1738 4324 ψυχὴν,

149 4360 244 4410 καὶ
271 4357 406 4425 ὃλην
436 4353 534 4424 τὴν
568 4351 810 4404 διάνοιαν
849 4347 1130 4419 ἐρωτικῶς
1199 4347 1337 4416 πρὸς
1387 4346 1482 4399 τὸν
1537 4346 1741 4415 ἑαυτῆς

149 4449 408 4521 Νυμφίον
439 4446 659 4517 ἔχουσα.
683 4445 743 4496 Ei
772 4441 930 4496 τοῦτο
955 4442 1049 4494 ἐπὶ
1074 4439 1167 4492 τοῦ
1191 4438 1436 4511 φθαρτοῦ
1461 4440 1558 4491 καὶ
1584 4438 1741 4506 ῥέον-

149 4560 240 4606 τος
263 4542 394 4611 -ἔχει
426 4555 440 4568 °
503 4538 655 4608 πόσῳ
717 4532 812 4590 οὖν
839 4535 1048 4603 μᾶλλον
1073 4532 1169 4586 ἐπὶ
1197 4529 1292 4584 τοῦ
1321 4530 1607 4601 ἀφθάρτου
1646 4529 1742 4582 καὶ

149 4637 467 4697 ἀθανάτους
514 4629 704 4692 Οὕτως
744 4629 1037 4698 ὀφείλομεν
1093 4625 1292 4696 (κοινὸς
1319 4626 1347 4677 6
1378 4622 1559 4691 λόγος)
1648 4621 1743 4674 καὶ

1844 3427 2050 3481 litteras
2081 3427 2328 3494 mittere;
2378 3438 2434 3481 at
2485 3443 2596 3482 non
2651 3428 2924 3485 desiimus
2954 3430 3202 3499 ejusdem
3233 3436 3433 3490 memi-

1843 3518 1990 3572 nisse
2050 3519 2103 3572 in
2134 3517 2386 3584 Domino,
2431 3530 2544 3574 tum
2579 3522 2649 3574 ob
2689 3521 2922 3576 instituti
2951 3525 3432 3592 communionem,

1845 3619 1956 3663 tum
1994 3609 2064 3663 ob
2123 3609 2490 3664 voluntariam
2543 3612 2672 3666 novi
2717 3615 2983 3683 propositi
3030 3617 3430 3674 accessionem.

1842 3702 1994 3766 Quod
2039 3716 2132 3770 per
2159 3718 2218 3756 se
2250 3704 2550 3757 maximum
2597 3714 2701 3767 est,
2733 3723 2763 3759 a
2792 3708 2967 3776 prima
3001 3717 3180 3774 aetate,
3239 3720 3299 3764 ut
3344 3714 3432 3767 in-

1842 3795 2066 3864 telligo,
2122 3797 2246 3850 vita
2296 3811 2544 3850 normam
2593 3799 2907 3868 arripuisti,
2939 3801 2993 3855 in
3039 3818 3145 3872 qua
3191 3805 3432 3862 tollenda

1842 3902 2022 3940 crux:
2074 3902 2138 3941 ac
2183 3896 2445 3956 praeterea
2511 3900 2707 3959 sponte
2752 3891 2968 3947 inclusa
3021 3895 3176 3965 degis
3232 3913 3430 3953 aevum.

1842 3977 1985 4031 Proh
2031 3988 2237 4048 quanta
2280 3988 2371 4034 tua
2418 3983 2828 4038 commendatio
2875 3995 2980 4049 est,
3021 3986 3236 4056 Sponsa
3266 3990 3431 4046 Chri-

1842 4073 1947 4126 sti!
1987 4070 2165 4126 Unum
2214 4082 2396 4127 tamen
2439 4090 2674 4145 suggero
2730 4078 2806 4130 tui
2861 4079 3188 4148 spiritaliter
3243 4099 3433 4140 curam

1843 4181 2058 4234 gerens,
2100 4175 2358 4236 tanquam
2391 4169 2621 4224 sororis.
2655 4169 2937 4237 Adnitere,
2975 4173 3223 4235 domina,
3275 4177 3435 4232 adni-

1844 4265 1957 4310 tere
2007 4256 2280 4325 Sponsum
2334 4267 2486 4312 tuum
2545 4258 2838 4315 demereri.
2897 4261 3184 4334 Tanquam
3241 4280 3431 4339 nupta,

1842 4364 2061 4402 omnem
2095 4363 2238 4404 exue
2277 4349 2558 4415 aﬂ‘ectum,
2611 4359 2806 4420 pectus
2836 4367 3020 4420 omne,
3061 4372 3280 4413 omnem
3314 4362 3436 4414 ani-

1844 4453 2016 4501 mum,
2062 4439 2447 4508 cogitationem
2479 4456 2697 4496 onmem
2727 4444 2934 4500 amoris
2982 4446 3223 4515 impulsu
3255 4461 3438 4508 trans-

1844 4530 2025 4585 ferens
2064 4532 2117 4584 in
2169 4531 2440 4600 Sponsum
2496 4543 2675 4588 tuum.
2736 4535 2894 4601 Quod
2934 4538 2979 4594 si
3036 4540 3089 4592 in
3124 4544 3342 4596 mortali
3374 4560 3438 4598 ac

1845 4625 2088 4696 perituro
2117 4624 2168 4678 id
2200 4625 2418 4692 accidit,
2457 4635 2667 4695 quanto
2701 4628 2872 4698 magis
2900 4630 2954 4683 in
2993 4634 3333 4702 sempiterno
3384 4647 3440 4693 et

150 4730 313 4799 ἡμεῖς
346 4723 658 4779 διακεῖσθαι
685 4722 821 4791 πρὸς
848 4722 937 4773 τὸν
972 4719 1179 4787 Κύριον
1201 4717 1296 4770 καὶ
1319 4715 1621 4784 Δεσπότην,
1647 4715 1735 4768 καί

1847 4717 2172 4771 immortali!
2223 4716 2314 4771 Sic
2343 4717 2628 4777 debemus.
2676 4720 2790 4788 pari
2823 4723 3057 4788 ratione,
3098 4732 3153 4778 et
3176 4741 3274 4781 nos
3310 4744 3438 4799 erga

155 4823 230 4892 μὴ
269 4816 576 4888 λαμϐάνειν
607 4813 765 4881 κόρον
795 4813 888 4864 τοῦ
927 4812 1094 4864 πόθου
1127 4809 1294 4863 αὐτοῦ
1313 4827 1324 4839 ·
1357 4808 1453 4860 καὶ
1480 4810 1536 4860 ἐν
1563 4807 1740 4876 τούτῳ

151 4909 470 4980 ἐξίστασθαι
501 4907 680 4972 πάσης
708 4905 900 4975 ἡδονῆς
926 4900 1281 4975 φθοροποιοῦ.
1315 4900 1440 4952 ’Ὁτι
1465 4899 1560 4952 καὶ
1579 4898 1742 4960 αὐτὸς

151 5002 441 5075 ἐρωτικῶς
469 5001 606 5071 πρὸς
634 5000 784 5068 ἡμᾶς
811 4997 995 5066 ἔχεται
1017 5011 1030 5024 ·
1064 4995 1160 5047 καὶ
1180 4994 1343 5046 οἱονεὶ
1370 4993 1646 5056 ἐξίσταται
1668 4993 1734 5060 τῇ

154 5094 516 5165 ὑπεραπείρῳ
539 5092 838 5160 ἀγαπήσει.
875 5088 968 5158 Μὴ
998 5086 1108 5157 γὰρ
1135 5085 1194 5137 οὐ
1224 5085 1310 5137 διά
1344 5083 1424 5144 σέ,
1479 5082 1611 5144 Θεὸς
1641 5080 1736 5142 ὢν,

152 5187 342 5241 δούλου
389 5183 608 5255 μορφὴν
657 5179 942 5245 ἀνέλαϐεν,
1000 5180 1068 5248 ἣν
1126 5175 1224 5228 νῦν
1278 5173 1640 5244 ἀτιμάζουσιν
1691 5173 1742 5225 οί

156 5274 564 5347 Είκονομάχοι;
601 5272 674 5343 μὴ
693 5272 793 5324 ούκ
825 5269 1144 5339 ἐπτώχευσε
1205 5267 1462 5328 πλούσιος
1501 5265 1620 5327 (iw;
1667 5264 1742 5332 μὴ

155 5370 255 5438 οὺχ
285 5367 554 5436 ὑπέμεινε
585 5363 652 5416 τὰ
689 5361 917 5432 θλιϐερά
948 5361 1194 5421 ᾶπαντα,
1248 5357 1435 5430 ὕϐρεις
1464 5398 1478 5421 ,
1531 5355 1745 5426 ἐμπτύ-

159 5478 375 5529 σματα,
413 5458 759 5528 ῥαπίσματα,
820 5453 1114 5524 μάστιγας,
1168 5450 1400 5518 σταυρὸν
1431 5451 1526 5501 καὶ
1584 5449 1746 5503 θάνα-

156 5570 248 5606 τον
275 5550 522 5616 γοῦτως
549 5549 759 5616 ὀφείλει
789 5547 996 5616 ἑκάστη
1031 5541 1181 5614 ψυχὴ
1246 5541 1583 5595 διατίθεσθαι
1617 5560 1628 5571 ·
1671 5541 1747 5604 ὡς

159 5646 303 5715 ύπέρ
339 5642 514 5710 αὐτῆς
549 5641 738 5710 μόνης,
764 5640 865 5693 κᾶν
896 5640 1038 5710 ὑπὲρ
1070 5637 1277 5703 πάσης,
1313 5632 1381 5686 τὰ
1418 5634 1741 5704 παθήματα,

162 5741 253 5790 καὶ
281 5736 538 5804 στέργειν
567 5733 658 5783 καὶ
687 5732 928 5802 ἀγαπᾷν,
971 5729 1065 5784 καὶ
1101 5725 1353 5797 ἐφίεσθαι
1382 5725 1559 5790 ὲξίσου
1592 5727 1740 5778 ἀντιο

230 5852 278 5884 ”
305 5851 467 5905 Joan.
504 5863 618 5912 xxv,
646 5848 735 5903 23.

1851 4809 2137 4864 Dominum
2167 4817 2221 4862 et
2241 4807 2560 4876 magistrum
2585 4810 2744 4875 allici,
2769 4826 2870 4865 nec
2889 4813 3053 4867 ullam
3079 4813 3224 4869 illius
3246 4830 3440 4872 aman-

1850 4903 1903 4957 di
1937 4901 2240 4955 satietatem
2274 4916 2508 4970 capere;
2560 4912 2724 4971 atque
2753 4919 2871 4957 eam
2907 4906 2978 4958 ob
3024 4922 3136 4961 rem
3170 4909 3319 4963 omni
3352 4926 3443 4965 ca-

1845 5009 1966 5047 rere
2017 4994 2250 5047 exitiosa
2304 4993 2605 5062 voluptate.
2671 4993 2805 5048 Nam
2863 5006 2914 5050 et
2965 4997 3081 5065 ipse
3149 5013 3441 5068 peramans

1850 5085 2024 5140 nostri
2047 5093 2154 5149 est,
2187 5099 2252 5139 ac
2277 5086 2445 5140 veluti
2481 5097 2633 5141 extra
2670 5102 2729 5140 se
2754 5086 2926 5142 fertur
2965 5090 3269 5146 incredibili
3299 5094 3437 5147 cba-

1851 5181 2032 5232 ritate.
2083 5179 2280 5233 Annon
2330 5179 2474 5232 enim
2518 5189 2738 5250 propter
2792 5192 2864 5247 te,
2923 5197 3048 5236 cum
3086 5183 3230 5240 Deus
3273 5198 3441 5253 esset,

1851 5271 1990 5325 servi
2042 5269 2276 5324 formam
2331 5272 2566 5341 accepit,
2598 5288 2760 5342 quam
2800 5289 2948 5329 nunc
2973 5273 3322 5332 lconomaclii
3353 5279 3444 5332 de-

1853 5366 2054 5418 decore
2079 5363 2360 5418 alﬁciunt?
2385 5380 2498 5418 non
2529 5365 2667 5419 vixit
2715 5366 2894 5435 inops,
2921 5384 3044 5423 cum
3075 5370 3228 5424 dives
3261 5373 3446 5426 esset?

1856 5469 1965 5506 non
2003 5468 2263 5523 perpessu
2293 5458 2488 5523 aspera
2521 5456 2704 5509 omnia
2756 5460 3010 5525 pertulit?
3037 5461 3442 5516 contumelias?

1855 5546 2058 5614 sputa?
2112 5544 2345 5615 alapas?
2375 5546 2644 5600 verbera?
2693 5562 2912 5602 crucem
2947 5565 3012 5603 ac
3054 5552 3293 5604 necem?
3352 5554 3445 5609 Sic

1853 5639 2155 5708 quamlibet
2196 5639 2438 5692 animam
2467 5654 2589 5693 esse
2623 5637 2868 5694 affectam
2899 5641 3055 5696 decet
3088 5644 3312 5713 (quippe
3339 5661 3440 5711 pro

1853 5727 1969 5797 ipsa
2005 5729 2140 5792 sola,
2183 5727 2405 5797 perinde
2427 5743 2490 5782 ac
2525 5743 2623 5797 pro
2648 5729 2904 5785 omnibus
2954 5732 3034 5785 h:e
3060 5735 3444 5802 perpessiones
