3990 6318
592 358 728 422 1'299
1783 365 1842 423 S.
1878 363 2159 422 THEOD(

2268 364 2271 420 ζ
2313 362 2661 422 STUDlT/E
3743 364 3869 426 Ῑὲθθ

587 479 861 540 susceptae
918 469 1088 537 sunt),
1148 480 1204 525 ut
1250 482 1303 523 et
1333 472 1709 540 concupiscat,
1742 482 1797 525 et
1834 486 1997 537 amet,
2025 483 2078 526 et
2110 488 2159 526 es

2285 472 2637 526 πεπονθέναι.
2674 471 2792 524 Κᾶν
2847 473 3006 542 τυχδν
3058 473 3117 525 ού
3172 475 3588 543 παραχωρῆται
3647 476 3869 528 omine

584 577 741 629 aequo
772 563 881 631 pati
915 563 1155 617 vicissim
1182 565 1397 633 geSIiat.
1426 565 1503 619 Ac
1529 565 1573 619 si
1610 565 1849 621 fortasse
1878 566 2064 620 nullus
2096 566 2169 619 sit

585 654 687 706 ista
751 654 1053 721 perferendi
1094 656 1267 718 locus,
1320 658 1655 726 propositum
1689 660 1865 711 vicem
1894 658 2078 725 operis
2108 672 2171 711 ae

584 743 799 798 laudem
850 745 1032 808 habet,
1068 745 1179 799 Deo
1213 747 1421 815 optimo
1450 748 1528 801 sic
1574 758 1985 802 remunerante.
2046 747 2173 801 Ηιεο

584 846 712 889 sunt
741 852 771 890 a
804 852 888 889 me
919 837 1149 904 prolata,
1192 854 1299 891 non
1334 840 1489 907 quasi
1552 856 1658 893 non
1694 850 1823 894 ante
1850 840 2040 895 oculos
2070 840 2172 893 ha-

582 926 736 991 beas,
789 927 885 983 sed
914 928 1059 995 quod
1094 928 1230 981 mihi
1290 938 1464 984 tecum
1499 930 1549 983 in
1584 929 1817 984 Domino
1866 945 2023 984 mens
2061 945 2170 985 una

583 1019 653 1071 sit

958 1132 1121 1188 LXX.
1155 1167 1223 1177 —
1256 1136 1541 1204 Theophila
1579 1137 1785 1205 Ephesi.

2271 564 2447 617 ταῦτα
2475 584 2489 594 ·
2520 567 2616 617 καὶ
2646 567 2678 633 ἡ
2710 562 2967 633 πρόθεσις
2988 565 3351 619 ἀποδέδεκται
3385 567 3469 629 είς
3496 569 3667 634 ἔργον
3686 584 3703 598 ο
3732 568 3870 621 οὕτω

2272 656 2368 707 τοῦ
2399 656 2605 722 ἀγαθοῦ
2645 656 2781 709 Θεοῦ
2836 656 3319 726 φιλοτιμουμένου.
3387 658 3583 711 Ταῦτα
3644 659 3749 728 οὐχ
3799 664 3870 723 ὡς

2274 750 2373 802 ούκ
2412 748 2645 818 ἐχούσης
2683 765 2777 801 σου
2800 748 3017 801 ἔναυλον
3051 747 3165 801 ἀλλ’
3224 748 3300 812 ὡς
3330 750 3641 822 συμψυχῶν
3681 768 3767 804 σοι
3814 754 3867 805 ἑν

2275 840 2486 911 Κυρίῳ.

2470 1133 2545 1184 0’.
2575 1162 2643 1171 —
2664 1129 2929 1198 Θεοφίλῳ
2952 1127 3061 1196 τῆς
3096 1130 3375 1199 Ἑφέσου.
3407 1129 3575 1203 uo:'.

1302 1250 1603 1309 Gratulalur,
1632 1260 1863 1312 tanquam
1897 1251 2163 1300 confessori
2189 1248 2482 1313 perillustri.
2507 1246 2703 1299 (Baron.
2728 1258 2805 1293 an.
2840 1243 2949 1303 816,
2971 1259 3021 1293 n.
3049 1245 3149 1303 42.)

655 1354 790 1410 Cum
826 1356 1112 1425 epistolam
1151 1356 1325 1412 fenori
1357 1360 1654 1421 dedissem,
1692 1360 2075 1429 exspectabam
2106 1367 2164 1413 ut

583 1448 825 1503 debitum
856 1449 1141 1503 charitatis
1166 1451 1463 1518 reciperem
1503 1472 1529 1505 ε.
1550 1451 1642 1507 sed
1671 1452 1797 1520 quia
1820 1466 1927 1505 non
1957 1452 2163 1520 accepi,

584 1540 748 1610 cupio
794 1551 850 1595 et
897 1543 1094 1595 iterum
1144 1540 1399 1597 fenerari.
1442 1543 1609 1597 Dulce
1643 1545 1788 1596 enim
1846 1544 1978 1596 mihi
2012 1544 2167 1597 valde

587 1633 691 1688 hoc
746 1632 923 1699 fenus,
985 1635 1037 1688 id
1080 1644 1184 1699 est,
1220 1651 1342 1689 cum
1379 1652 1538 1689 sacro
1570 1636 1747 1705 capite
1778 1646 1870 1689 tuo
1905 1637 2167 1705 colloqui,

585 1724 786 1780 Christi
863 1741 1030 1781 causa
1086 1727 1358 1796 patiente,
1432 1728 1515 1781 vel
1573 1729 1756 1797 petius
1829 1726 2166 1781 confessoris

586 1815 760 1870 instar
792 1826 1055 1872 coronato
1086 1827 1139 1872 et
1173 1828 1457 1873 exornato.
1487 1818 1600 1872 Non
1632 1821 1775 1874 enim
1806 1820 2011 1889 quibus
2037 1834 2167 1873 ocu-

586 1909 653 1962 lis
705 1909 849 1964 videt
909 1910 1171 1977 mundus,
1232 1911 1425 1965 iisdem
1482 1927 1637 1965 mens
1671 1914 1865 1976 cernit,
1900 1913 2069 1967 Deum
2103 1927 2167 1965 ac

585 2002 765 2055 divina
810 2002 1182 2071 conspiciens.
1241 2000 1337 2057 llle
1385 2004 1653 2071 siquidem
1691 2004 2073 2074 corruptibilia
2114 2014 2169 2058 et

584 2097 871 2163 pereuntia
934 2111 1134 2150 nomen
1197 2097 1464 2151 bonorum
1500 2098 1747 2152 obtinere
1781 2110 1989 2165 censet,
2026 2099 2167 2153 male

577 2186 834 2253 judicans
884 2199 936 2243 et
988 2203 1290 2256 perverse:
1364 2191 1478 2245 hare
1528 2205 1656 2243 vero
1688 2190 1834 2243 illam
1896 2206 1961 2245 ac
1991 2190 2163 2243 solam

581 2276 892 2333 beatitatem
931 2289 1135 2345 censet,
1166 2297 1289 2349 quae
1319 2296 1425 2334 non
1466 2280 1587 2337 istis
1625 2282 1826 2337 finibus
1858 2281 2167 2337 delinitvo-

580 2370 865 2439 luptatem,
925 2372 1018 2426 sed
1046 2382 1339 2426 venturum
1377 2374 1429 2426 in
1466 2390 1642 2427 aevum
1680 2374 1921 2444 reposita
1950 2383 2059 2439 est,
2096 2375 2164 2427 ad

580 2463 945 2517 iuterminatee
974 2464 1212 2519 fructum
1256 2466 1637 2534 iucunditatis.
1675 2466 1789 2523 Hoc
1832 2468 1997 2522 modo
2034 2484 2159 2523 san-

580 2557 784 2611 etitatis
813 2563 919 2610 tua:
960 2572 1046 2611 res
1084 2558 1301 2613 intuens
1337 2559 1521 2623 miser,
1558 2560 1768 2630 gaudeo
1802 2570 1857 2615 et
1896 2562 2164 2630 gratulor,

578 2651 1061 2706 desideratissime.
1118 2652 1511 2723 Contempsisti
1554 2655 1781 2725 gloriam
1839 2665 2161 2710 terrenam:

577 2741 787 2813 elegisti
815 2758 939 2797 cum
971 2742 1197 2799 Christo
1225 2744 1451 2798 humilia
1485 2755 1538 2799 et
1564 2747 2022 2817 contemptibilia,
2054 2748 2165 2801 imo

576 2851 709 2890 vero
750 2836 1157 2890 tribulationem
1187 2848 1239 2891 et
1265 2837 1570 2908 angustias,
1606 2839 1836 2893 verbera
1864 2849 1917 2893 et
1948 2840 2162 2893 exsilia.

576 2927 751 2994 Quam
813 2929 967 2983 beata
1002 2939 1132 2984 sunt
1160 2944 1282 3000 qua:
1341 2932 1590 3000 gessisti!
1656 2930 1832 2997 Quam
1888 2931 2164 2987 laudanda

574 3036 697 3090 quae
753 3023 982 3091 passus!
1036 3020 1247 3077 Orienti
1295 3023 1689 3094 Occidentique
1760 3023 2051 3081 celebrata.
2110 3024 2162 3077 in

2341 1356 2599 1419 Δανείσας
2628 1355 2689 1408 τὸ
2710 1355 2967 1425 γράμμα,
2993 1355 3443 1423 ἀπεκαραδόκουν
3476 1356 3755 1426 λήψεσθαι
3806 1360 3865 1413 τὸ

2270 1449 2431 1520 χρέος
2461 1451 2559 1519 τῆς
2590 1448 2809 1515 ἀγάπης
2831 1463 2843 1475 ’
2874 1447 2990 1499 ἀλλ’
3016 1449 3139 1499 ἐπεὶ
3161 1448 3262 1500 οὐκ
3290 1448 3518 1517 εἴληφα,
3580 1455 3732 1518 φιλῶ
3773 1454 3864 1506 καὶ

2270 1538 2721 1602 αύθιςδανεῖσαι.
2760 1539 2888 1592 Ἡδὺ
2914 1541 3021 1610 γάρ
3048 1556 3139 1609 μοι
3169 1540 3228 1591 τὸ
3258 1540 3467 1593 δάνειον
3491 1540 3619 1595 λίαν
3639 1560 3652 1573 ο
3693 1545 3864 1614 ἤγουν

2270 1636 2333 1703 τῇ
2372 1636 2437 1702 σῇ
2496 1635 2617 1703 ἱερᾷ
2652 1635 2863 1703 κορυφῇ
2898 1632 3269 1699 διαλέγεσθαι,
3303 1632 3389 1686 διά
3451 1636 3699 1703 Χριστὸν
3762 1656 3863 1690 παρ

2272 1725 2495 1797 σχούσῃ,
2530 1725 2807 1794 μᾶλλονδὲ
2852 1726 3259 1796 ὁμολογητικῶς
3313 1733 3737 1802 στεφανουμένῃ
3804 1750 3858 1785 τε

2271 1818 2366 1871 καὶ
2396 1818 2878 1889 καλλωπιζομένῃ.
2914 1820 2988 1871 Οὐ
3011 1820 3119 1888 γὰρ
3179 1816 3259 1884 οἷς
3307 1820 3611 1891 ὀφθαλμοῖς
3662 1824 3857 1893 βλέπει

2270 1909 2496 1977 κόσμος,
2527 1908 2737 1973 τούτοις
2774 1909 2930 1979 ἀθρεί
2960 1911 3055 1963 καὶ
3086 1910 3209 1974 νοῦς
3235 1912 3377 1980 ὁρῶν
3411 1912 3545 1965 Θεὸν
3577 1916 3675 1967 καὶ
3712 1916 3853 1969 θεῖα.

2274 2000 2395 2053 Ὀτι
2428 2003 2455 2053 ὁ
2484 2001 2583 2071 μὲν
2627 2002 2694 2054 τά
2730 2002 3065 2072 φθειρόμενα
3127 2004 3223 2057 καὶ
3262 2004 3619 2074 άπολλιῖμενα
3681 2011 3861 2061 οἴεται

2267 2088 2377 2142 τῶν
2409 2091 2631 2159 ἀγαθῶν
2669 2094 2879 2161 -μοτραν
2932 2095 3244 2165 τυγχάνειν,
3305 2096 3492 2160 κακῶς
3540 2099 3710 2163 εἰδὼς
3766 2103 3860 2154 καὶ

2269 2182 2707 2253 πεπλανημένως
2732 2202 2746 2215 ·
2774 2187 2802 2238 ὁ
2829 2185 2886 2238 δὲ
2928 2187 3107 2241 ἐκεῖνο
3128 2190 3223 2241 καὶ
3255 2188 3415 2257 μόνον
3442 2191 3649 2260 κρίνων
3677 2196 3860 2261 μακά-

2271 2293 2405 2345 ριον,
2435 2275 2463 2327 ὃ
2490 2276 2591 2330 οὐκ
2619 2276 2855 2332 ἐνταῦθα
2886 2278 2987 2348 τὴν
3014 2279 3312 2333 εὐπάθειαν
3345 2282 3517 2352 ὀρίζοι
3545 2298 3561 2311 ⁸
3599 2285 3724 2337 ἀλλ’
3780 2289 3859 2350 εἰς

2267 2368 2357 2420 τὸν
2385 2367 2645 2438 μέλλοντα
2673 2369 2845 2422 αἰῶνα
2877 2369 3534 2442 έναποθησαυριζόμενον,
3559 2376 3645 2439 εἰς
3678 2378 3860 2445 χαρὰν

2268 2461 2574 2531 ἀπέραντον
2599 2463 2891 2533 θυμηδίας.
2928 2463 3087 2516 Οὕτω
3110 2464 3177 2518 τὰ
3212 2466 3354 2518 κατά
3381 2464 3481 2538 τὴν
3531 2468 3855 2539 ἁγιωσύνην

2272 2569 2364 2604 σου
2390 2553 2500 2620 ἐγὼ
2532 2554 2560 2606 ὁ
2588 2553 2757 2617 τάλας
2781 2553 2949 2619 ὁρῶν,
2981 2554 3161 2624 χαίρω
3189 2554 3284 2607 καὶ
3312 2556 3623 2629 συγχαίρω,
3662 2561 3861 2630 τριπὸο

2268 2641 2418 2712 θητε.
2487 2643 2931 2715 Περιεφρὸνησας
2978 2646 3137 2715 δόξης
3200 2647 3482 2716 ἐπιγείου·
3539 2652 3694 2705 εἵλου
3762 2655 3859 2706 σὺν

2268 2736 2489 2807 Χριστῷ
2519 2739 2586 2791 τά
2616 2738 2851 2791 ταπεινᾶ
2886 2737 2979 2791 καὶ
3032 2738 3434 2809 ἐξουθενημένα
3458 2757 3475 2773 '
3538 2744 3753 2813 μᾶλλον
3802 2746 3858 2798 δὲ

2270 2829 2448 2899 θλίψιν
2487 2830 2581 2884 καὶ
2612 2830 2999 2901 στενοχωρίαν,
3061 2830 3276 2901 πληγάς
3302 2834 3397 2887 καὶ
3454 2834 3702 2906 ἑξορίας.
3771 2838 3859 2902 Ὦς

2272 2925 2518 2995 μακάριά
2550 2942 2642 2977 σου
2672 2926 2740 2977 τὰ
2770 2925 3061 2995 πρακτέαί
3094 2927 3171 2990 ὼς
3206 2927 3392 2980 αίνετά
3414 2909 3513 2981 σου
3546 2930 3618 2982 τά
3669 2933 3861 3000 παθή-

2272 3020 2448 3089 ματαί
2498 3004 2751 3089 Ἀνατολῇ
2783 3018 2876 3071 καὶ
2905 3019 3070 3071 Δύσει
3096 3021 3459 3091 διαῦοώμενα,
3494 3026 3554 3076 ὲν
3600 3024 3859 3095 οὐρανοῖς

576 3113 734 3169 caelis
778 3113 1081 3185 descripta,
1130 3114 1354 3184 angelos
1382 3115 1772 3182 cxhilarantia,
1815 3114 2159 3170 confessores

2269 3111 2723 3180 ἀπογραφόμενα,
2760 3111 3030 3178 ἀγγέλους
3086 3113 3471 3185 εὐφραίνοντα,
3502 3116 3856 3187 ὀμολογητάς

548 3246 549 3249 η
574 3222 640 3261 ac
687 3218 957 3277 martyres
987 3208 1343 3270 oblectantia,
1380 3208 1680 3273 daemones,
1702 3215 1755 3261 et
1785 3207 1871 3261 his
1897 3223 2064 3262 sensu
2094 3222 2158 3261 ae

572 3300 818 3355 moribus
872 3300 1083 3356 similes
1132 3299 1554 3366 leonomachos,
1600 3301 1929 3371 pungential
1968 3299 2160 3355 Merito

572 3392 737 3463 igitur
766 3392 865 3447 tibi
899 3394 1167 3463 gratulor,
1215 3395 1474 3463 princeps
1499 3395 1745 3449 Patrum.
1792 3392 1896 3447 Sed
1941 3402 2065 3462 peto
2096 3402 2157 3448 ut

553 3499 673 3561 pro
702 3499 785 3538 me
810 3486 974 3541 etiam
1017 3502 1140 3541 ores
1173 3486 1377 3540 misero
1415 3486 1800 3555 undequaque,
1836 3494 1897 3540 ut
1926 3501 1957 3541 a
1989 3486 2151 3542 vesti-

573 3572 680 3644 giis
712 3578 908 3632 vestris
944 3578 1328 3634 consectandis
1360 3594 1470 3632 non
1505 3578 1776 3634 aberrem.

960 3775 1145 3829 LXXI.
1177 3805 1249 3815 ——
1270 3775 1567 3829 Naucratio
1596 3777 1731 3845 lilio.

2266 3206 2358 3256 καὶ
2384 3204 2671 3274 μάρτυρας
2703 3203 2986 3274 ἡδύνοντα,
3015 3206 3420 3277 δαίμονας,)ιαί⁵
3450 3211 3584 3273 τοὺς
3631 3212 3859 3276 τούτοις

2261 3297 2572 3367 ὁμόφρονάς
2596 3315 2654 3351 τε
2685 3298 2779 3351 καὶ
2801 3300 2943 3368 ὁμοτ
2963 3300 3161 3369 ρόπους
3193 3301 3605 3373 Είκονομάχους
3640 3306 3861 3371 στίζον-

2261 3390 2368 3443 ταί
2404 3390 2643 3453 Εἰκότως
2705 3390 2819 3444 οὖν.
2837 3408 2920 3444 σοι
2948 3393 3379 3462 συναγάλλοιιαι,
3454 3399 3856 3470 πρωτοπάτορ.

2275 3479 2413 3536 Ἀλλ’
2440 3480 2577 3533 αἰτῶ
2600 3480 2813 3535 δέεσθαί
2838 3500 2898 3535 σε
2939 3484 3033 3537 καὶ
3071 3484 3201 3553 περὶ
3223 3485 3360 3555 ἐμοῦ
3384 3485 3481 3538 τοῦ
3500 3489 3646 3539 κατὰ
3669 3490 3855 3542 πάντα

2262 3562 2480 3645 οἰκτροῦ
2515 3592 2530 3605 ·
2575 3575 2651 3638 ὡς
2685 3574 2753 3629 ἂν
2784 3577 2859 3646 μὴ
2910 3579 3209 3631 ἀποπεσεῖν
3260 3595 3328 3648 με
3361 3580 3460 3649 τῆς
3526 3582 3651 3634 κατ’
3713 3584 3860 3653 ἰχνος

2268 3664 2297 3715 ὑ
2308 3664 2422 3733 μῶν
2444 3667 2859 3734 παραστάσεως.

2496 3783 2620 3835 OA'.
2657 3786 3092 3850 -Ναυκρατίῳ
3118 3786 3325 3849 τέκνῳ.
3358 3784 3563 3861 [υπγ’.]

571 3891 729 3959 Imple
752 3900 804 3945 et
825 3894 1101 3944 crudeliter
1121 3893 1181 3942 ab
1212 3893 1543 3942 leonomachis
1572 3900 1713 3956 gesta
1754 3898 2078 4004 exponenti?
2099 3896 2526 4018 ἓῦιὺὲᾱοίιῖιυυπι
2553 3897 2603 3948 in
2638 3899 2699 3949 iis
2721 3899 2938 3950 ferendis
2964 3904 3242 3952 constantia
3296 3905 3618 3967 praedicatur.
3654 3908 3855 3971 (Barea.

2068 3992 2081 4003 .
2203 3994 2215 4016 ,
2297 3996 2308 4009 .
2372 3997 2380 4005 .

2068 3992 2081 4003 ι
2103 3992 2215 4016 ν-ιν,
2258 3992 2308 4009 ιι.
2342 3992 2380 4007 Δ.

644 4039 830 4097 Serius
870 4041 939 4095 ad
982 4049 1036 4095 te
1074 4038 1416 4108 scripsimus,
1466 4039 1663 4093 dilecte
1714 4039 1787 4093 fili
1824 4058 1837 4094 :
1902 4040 1995 4095 sed
2030 4040 2161 4109 quia

576 4134 759 4189 fervet
785 4134 875 4189 hic
904 4134 1069 4189 etiam
1108 4132 1440 4203 persecutio,
1479 4132 1669 4201 plagae,
1701 4131 1939 4197 vincula,
1974 4148 2161 4187 carce-

572 4242 661 4280 res
696 4245 708 4279 :
740 4226 812 4279 ita
848 4225 940 4279 ille
969 4227 1064 4293 qui
1105 4240 1208 4278 nos
1231 4222 1458 4285 detinet,
1490 4224 1664 4293 spirat
1695 4221 1941 4277 furorem
1968 4233 2024 4278 et
2052 4225 2161 4277 mi-

572 4333 692 4381 nas,
723 4327 777 4373 et
805 4319 896 4373 hic
926 4326 1024 4372 aut
1061 4318 1175 4372 illic
1203 4318 1455 4373 inventos
1492 4319 1612 4387 pios
1640 4318 2059 4386 comprehendit
2096 4334 2159 4374 ac

2348 4042 2679 4120 Ὠψίσθημεν
2726 4050 3031 4103 ἐπιστεῖλαί
3066 4068 3170 4118 σοι,
3198 4053 3393 4107 τέκνον
3436 4056 3808 4126 ἠγαπημένον
3836 4080 3850 4093 ·

2264 4139 2377 4191 ἀλλ’
2409 4142 2491 4194 ὅτι
2521 4142 2611 4193 καὶ
2638 4143 2872 4195 ἐνταῦθα
2900 4143 3139 4215 διωγμὸς
3169 4145 3327 4210 ζέων,
3363 4148 3606 4220 πληγαὶ,
3654 4154 3848 4226 δεσμὰ,

2264 4233 2504 4301 φυλακαί
2533 4252 2548 4266 ·
2597 4234 2743 4289 οὕτω
2769 4236 2864 4290 τοῦ
2894 4239 3217 4307 κατέχοντος
3242 4242 3394 4309 ἡμᾶς
3453 4244 3724 4310 πνέοντος
3762 4250 3854 4301 θυ-

2267 4324 2372 4393 μοῦ
2396 4327 2489 4377 καί⁵
2512 4326 2765 4394 ἀπειλῆς,
2798 4328 2890 4379 καὶ
2924 4327 3053 4389 τοὺς
3080 4322 3181 4381 ὧδε
3240 4330 3465 4383 κάκεῖσε
3524 4335 3855 4406 εὑρισκομέ-

570 4411 807 4467 divexat.
864 4410 971 4477 Qui
1026 4410 1248 4479 quidem
1292 4410 1347 4464 in
1402 4412 1590 4465 urbem
1646 4410 2040 4477 proficiscens;
2082 4412 2156 4465 ibi

2268 4432 2388 4478 νους
2418 4416 2666 4479 εὐσεϐεῖς
2710 4417 3181 4486 συλλαμϐάνοντός
3237 4436 3298 4473 τε
3352 4424 3447 4476 καὶ
3499 4425 3847 4491 κολάζοντος.

568 4503 714 4557 enim
773 4518 921 4556 nunc
974 4502 1122 4569 agit;
1178 4501 1361 4556 dicere
1409 4518 1515 4555 non
1571 4502 1845 4555 dubitavit
1888 4501 2153 4572 :Bogabo

569 4596 975 4663 imperatorem,
1018 4603 1075 4647 ut
1114 4608 1327 4647 mecum
1352 4594 1547 4649 ducam
1572 4594 1784 4659 regium
1815 4595 2151 4659 ministrum,

567 4689 661 4754 qui
703 4694 798 4739 aut
825 4686 1004 4755 capite
1040 4686 1259 4755 penitus
1293 4687 1607 4752 obtruncet,
1658 4695 1751 4739 aut
1782 4686 2023 4756 linguam
2051 4688 2149 4742 ab.

567 4777 797 4832 scindat.
835 4776 1103 4847 Equidem
1146 4778 1333 4833 nescio
1374 4795 1441 4833 an
1493 4780 1659 4834 verba
1689 4780 1757 4834 ad
1789 4782 1995 4835 exitum
2024 4795 2153 4849 per-

567 4869 838 4924 venerint.
870 4871 953 4924 Ob
988 4871 1129 4925 hanc
1168 4870 1389 4939 quidem
1420 4886 1646 4925 causam
1686 4888 1790 4927 nos
1819 4872 2005 4927 omnia
2034 4870 2148 4941 jam

566 4962 967 5030 disposuimus,
1001 4962 1379 5033 conjecturam
1412 4980 1477 5017 ex
1505 4965 1615 5019 alio
1649 4966 1812 5019 etiam
1844 4966 2144 5034 capientes,

565 5054 804 5109 hominis
840 5056 1053 5112 scilicet
1100 5057 1456 5125 perversitate
1492 5065 1548 5109 et
1576 5070 1848 5111 concursu
1873 5057 2159 5126 epise0po-

2267 4507 2366 4569 Ὃς
2397 4500 2460 4574 γε
2495 4509 2589 4561 καὶ
2612 4509 2875 4579 ἀπαίρων
2900 4511 2959 4562 ἐν
3000 4510 3156 4569 ἄστει
3178 4526 3193 4541 °
3218 4514 3408 4567 αὐτόθι
3440 4517 3555 4586 γὰρ
3594 4519 3693 4571 νῦν
3740 4524 3851 4575 δια-

2260 4600 2471 4668 τρίϐει·
2513 4599 2615 4652 οὐκ
2657 4600 2906 4671 ὤκνησεν
2964 4604 3163 4669 εἰπεῖν,
3216 4606 3412 4675 ὅτιπερ
3455 4608 3848 4682 Ἐξαιτήσομαι

2258 4692 2350 4744 τὸν
2377 4691 2624 4761 βασιλέα,
2659 4693 2938 4761 βασιλικὸν
2968 4698 3295 4763 συνεπᾶραι,
3352 4699 3435 4761 είς
3493 4701 3558 4753 τὸ
3637 4707 3850 4766 πάντως

2258 4786 2684 4853 άποκεφαλίσαι,
2711 4788 2743 4858 ἢ
2767 4789 2865 4841 καὶ
2892 4787 3372 4857 γλωσσοκοπῆσαι.
3393 4792 3513 4845 Οὐκ
3534 4791 3659 4849 οἶδα
3684 4799 3782 4867 μὲν
3804 4800 3847 4849 εἰ

2256 4878 2285 4928 ὁ
2314 4877 2467 4944 λόγος
2498 4881 2577 4940 εἰς
2612 4879 2787 4947 πέρας
2819 4879 2984 4933 ἔλθοι.
3027 4880 3143 4949 Ἐφ’
3175 4873 3220 4948 ᾧ
3247 4882 3411 4951 ἡμεῖς
3453 4884 3558 4954 μὲν
3599 4888 3671 4942 τὰ
3726 4906 3845 4941 συν⁴

2255 4968 2528 5037 τακτήρια
2579 4968 2681 5039 ἤδη
2708 4968 3089 5041 ἐποιησάμεθα
3110 4987 3123 5001 ·
3164 4972 3258 5025 καὶ
3300 4973 3482 5039 ἄλλως
3509 4979 3842 5049 στοχαζόμε-

2256 5072 2339 5108 νοι
2364 5056 2429 5109 ἐκ
2467 5074 2526 5109 τε
2555 5058 2656 5129 τῆς
2686 5059 3020 5127 κακοηθείας
3066 5060 3163 5114 τοῦ
3191 5062 3407 5133 ἀνδρὸς,
3442 5068 3543 5118 ναὶ
3565 5070 3673 5137 τῆς
3723 5088 3844 5123 συν-

565 5162 689 5199 rum
732 5165 746 5200 :
791 5148 1241 5218 quandoquidem
1300 5148 1519 5214 adsunt,
1564 5157 1625 5203 ut
1673 5148 1865 5215 fertur,
1903 5163 2014 5219 quo
2048 5149 2156 5203 tale

2268 5146 2462 5217 Βρομῆς
2504 5148 2611 5202 τῶν
2650 5146 2838 5202 αὐτόθι
2868 5151 3186 5206 ἐπισκόπων
3213 5169 3227 5184 ο
3264 5154 3527 5226 ἐπείπερ,
3555 5157 3637 5223 ὣς
3691 5179 3839 5230 φασι,

566 5236 775 5308 aliquid
823 5239 1158 5308 perficiatur.
1223 5238 1471 5293 Minister
1532 5253 1661 5293 vero
1693 5240 1889 5297 timore
1922 5250 1977 5295 et
2003 5250 2153 5295 metu

2255 5241 2532 5309 πάρεισιν,
2559 5241 2641 5293 ὅτι
2674 5242 2915 5295 τοιοῦτόν
2977 5260 3031 5296 τι
3081 5244 3499 5318 ἀποτελεσθείη.
3540 5250 3603 5303 ’0
3636 5252 3697 5306 δὲ
3747 5255 3846 5309 ὺπ-

564 5329 853 5395 perculsus
893 5332 1109 5402 (graves
1140 5332 1287 5387 enim
1321 5340 1480 5387 antea
1506 5332 1685 5387 minas
1713 5332 2010 5404 impiorum
2040 5335 2152 5389 dux

2268 5331 2453 5400 ιρέτης
2480 5330 2719 5400 έμφοόος
2750 5334 2847 5387 καὶ
2876 5331 3140 5404 ἔντρομος
3164 5335 3458 5406 γενόμενος
3474 5355 3490 5370 ο
3515 5342 3755 5415 ἐπείπερ
3778 5342 3844 5417 ἦν

560 5422 877 5485 intentarat,
927 5432 1105 5479 morte
1153 5424 1433 5493 proposita
1484 5425 1531 5479 si
1566 5425 1651 5479 vel
1685 5425 1945 5480 levissimi
1980 5427 2152 5481 errati

2268 5420 2345 5473 ιαὶ
2372 5421 2880 5491 προαπειλούμενος
2914 5423 3118 5493 σφόδρα
3149 5425 3284 5495 πρὸς
3329 5426 3500 5480 αὐτοῦ
3532 5430 3633 5483 τοῦ
3678 5433 3840 5486 ἀσεδο

558 5528 687 5567 reus
720 5514 976 5570 inventus
1005 5520 1179 5573 esset)
1218 5518 1464 5571 chartam
1495 5524 1552 5571 et
1582 5525 1947 5572 atramentum
1984 5519 2144 5574 nobis

558 5602 690 5657 dare
714 5606 942 5660 omnino
975 5605 1373 5660 reformidavit.
1425 5606 1567 5660 Hinc
1606 5607 1855 5662 tarditas.
1888 5609 2139 5664 Accessit

558 5696 625 5750 ad
684 5698 1153 5769 impedimentum,
1214 5698 1361 5769 quod
1403 5699 1683 5755 audieram
1737 5710 1789 5755 te
1828 5716 1890 5756 ex
1919 5717 2141 5759 carcere

558 5789 810 5847 eductum
842 5808 961 5848 esse
990 5808 1001 5847 :
1036 5791 1133 5848 sed
1178 5802 1229 5847 et
1281 5790 1631 5860 Sardenscm,
1670 5794 1850 5865 qualis
1899 5809 2008 5853 non
2039 5797 2131 5855 de-

2253 5513 2444 5581 άρχου,
2478 5515 2527 5566 εἰ
2554 5512 2806 5584 εὑρεθείη
2851 5515 2955 5569 κάν
2991 5533 3047 5568 τι
3083 5516 3282 5587 μικρὸν
3322 5517 3609 5585 ὑπαίτιος,
3636 5525 3833 5595 μηκέτι

2252 5603 2352 5674 ζῇν
2378 5620 2393 5635 ι
2431 5604 2607 5657 ἔδεισε
2641 5607 2989 5660 παντάπασιν
3024 5606 3305 5661 ἐπιδοῦναι
3334 5610 3470 5679 ἡμῖν
3495 5613 3714 5685 χάρτην
3746 5616 3838 5669 καὶ

2254 5698 2446 5767 μέλαν.
2487 5697 2766 5752 Ἐντεῦθεν
2813 5698 2848 5768 ἡ
2880 5698 3176 5769 βραδυτής.
3212 5700 3453 5755 Ἔπειτα
3477 5709 3841 5775 προσεγένετο

2248 5794 2323 5857 εἰς
2351 5792 2604 5862 ἐμπόδιον
2637 5791 2731 5849 καὶ
2754 5792 2893 5859 ἀκοὴ
2925 5791 3149 5863 τοιαύτη
3184 5807 3198 5819 '
3232 5794 3315 5847 ὅτι
3340 5810 3425 5849 τοι
3462 5797 3629 5863 αὐτὸς
3664 5800 3835 5871 ὲπήρυ
