3990 6318
140 367 275 432 1301

1346 358 1892 421 ΕΡΙΒἹῸΙΛΒΠΜ
1950 364 2096 425 LIB.
2153 365 2229 424 II.

3296 358 3435 423 1302

138 488 239 554 θης
280 484 381 552 τῆς
406 483 681 554 φυλακῆς·
720 479 833 535 ἀλλ’
860 481 941 533 ὅτι
973 478 1068 533 καὶ
1101 477 1167 531 δι’
1201 476 1588 545 ἀνοσιουργίαν
1611 470 1732 523 τινὰ

1859 477 2169 545 iniehatur,
2232 478 2304 533 ob
2362 476 2636 533 nefarium
2708 478 2933 547 aliquod
2985 477 3201 534 facinus
3257 480 3436 544 capite

138 581 166 631 ὁ
194 578 434 648 Σάρδης,
466 578 641 639 ποῖος,
670 575 769 644 οὐχ
800 572 1142 645 ὡρισμένως,
1158 565 1575 637 ἐκαρατομήθη.
1642 562 1737 627 Ἐξ

140 671 479 741 ἀμφοτέρων
508 664 605 723 οὖν
634 669 669 738 ἡ
704 667 1107 738 ὑποκράτησις.
1136 664 1330 733 Ὅμως
1383 662 1465 714 ὅτι
1497 657 1740 729 ἠξιώθη-

144 782 247 835 μεν
278 766 328 817 οί
354 763 604 817 ταπεινοὶ
625 762 718 815 καὶ
746 755 901 823 αὖθις
935 756 1096 831 ῥῆξαι
1124 758 1310 829 φωνὴν
1342 756 1422 817 είς
1484 754 1554 807 τὰ
1623 745 1741 804 ὦτά

145 877 263 923 σου,
306 856 670 929 γνωρίζοντες
702 872 784 909 σοι
813 855 895 908 ὅτι
927 852 1220 926 ἐρρώμεθα
1272 849 1509 921 σώματι,
1564 846 1651 917 εἴη
1682 845 1741 898 δὲ

143 954 324 1007 εἰπεῖν
354 951 447 1004 καὶ
474 949 771 1019 πνεύματι,
809 948 999 1018 εὐχαῖς
1031 943 1186 1015 ὑμῶν
1218 940 1429 1010 ἁγίαις,
1484 939 1583 993 σὺν
1641 933 1738 990 τοῦ

147 1044 431 1117 μακαρίου
460 1060 562 1112 μου
609 1040 844 1112 Πατρός.

220 1139 365 1210 Πρὸς
404 1137 441 1190 δι
490 1136 547 1188 δὲ
579 1135 745 1198 αὐτὸς
785 1135 1088 1204 ὲσήμανας,
1121 1128 1363 1193 τίείπω,
1403 1126 1501 1181 καὶ
1541 1126 1594 1178 τί
1646 1123 1735 1178 λα-

143 1231 314 1301 λήσω,
352 1230 387 1301 ἢ
423 1230 505 1283 ὅτι
549 1227 691 1281 κατὰ
720 1227 778 1280 τὸ
815 1224 1053 1297 χαλεπὸν
1081 1223 1183 1292 τῆς
1208 1221 1477 1293 αἱρέσεως
1511 1218 1741 1272 ἀκόλου-

145 1324 237 1387 θος
268 1324 414 1377 καὶὸ
444 1320 640 1393 πικρὸς
662 1319 905 1389 διωγμὸς
932 1318 1031 1383 ;Τί
1063 1317 1171 1387 γὰρ
1205 1314 1389 1387 βούλει
1423 1314 1578 1384 ὁρᾷν,
1604 1311 1742 1365 ἐπάν

146 1414 444 1486 ὀ·Χριστὺς
473 1412 709 1485 ἤρνηται
740 1411 808 1466 δι’
838 1410 1053 1482 ὕϐρεως
1097 1410 1196 1480 τῆς
1223 1406 1388 1476 ἁγίας
1435 1404 1603 1459 αὑτοῦ
1664 1406 1743 1457 εί-

148 1509 304 1573 κόνος
328 1527 343 1576 ;
370 1508 507 1578 Οὐχὶ
536 1506 747 1578 αἵματα
785 1504 1111 1575 κενούμενα,
1144 1502 1238 1556 καί⁹
1277 1500 1491 1573 σάρκας
1546 1515 1743 1570 τεμνο-

151 1601 360 1671 μένας;
402 1600 465 1653 οὐ
499 1600 709 1669 θλίψεις
747 1598 843 1650 καὶ
874 1594 1238 1666 στενοχωρίας
1272 1612 1286 1660 ;
1327 1594 1388 1647 οὑ
1412 1593 1587 1664 δεσμὰ
1649 1589 1741 1644 καὶ

149 1692 426 1762 φυλακὰς,
452 1693 544 1744 καὶ
575 1689 741 1761 ἄλλην
772 1686 1036 1741 παντοίαν
1057 1686 1305 1740 κάκωσιν
1330 1703 1346 1750 ;
1405 1683 1529 1754 οὐχὶ
1550 1682 1741 1748 σκεύη

150 1786 338 1856 ὀργῆς
365 1782 817 1852 κατηρτισμένα
836 1784 925 1847 είς
957 1778 1285 1844 ἀπώλειαν,
1322 1772 1397 1830 ὧν
1428 1771 1508 1840 εἷς
1548 1774 1607 1828 ὃν
1661 1769 1741 1827 εἶ-

151 1897 260 1942 πας
286 1896 301 1944 ;
342 1878 455 1931 Kal.
495 1876 575 1930 ἔτι
606 1876 749 1947 ὄψει,
774 1873 990 1943 ἀδελφὲ,
1011 1872 1292 1942 δεινότερα
1313 1910 1329 1936 ,
1370 1870 1510 1924 ἐπὰν
1545 1884 1745 1939 μακρο-

150 1975 317 2043 χρονῇ
351 1973 385 2041 ἡ
414 1970 645 2041 αἵρεσις.
693 1968 884 2023 Ἀλλὰ
913 1965 1194 2037 μακάριοι
1223 1968 1277 2019 οἱ
1311 1962 1739 2033 ὑπομένοντες·

150 2066 240 2119 ὅτι
266 2063 474 2120 αὐτῶν
503 2064 679 2117 ἐστιν
702 2063 740 2131 ἡ
777 2061 1072 2127 βασιλεία
1106 2059 1227 2113 τῶν
1251 2056 1548 2127 οὐρανῶν.
1601 2055 1743 2124 Ἤδη

150 2161 200 2213 οἱ
222 2163 379 2230 χοροὶ
400 2157 513 2211 τῶν
542 2156 918 2227 ὁμολογητῶν,
954 2154 1064 2208 τῶν
1106 2151 1426 2224 μαρτύρων,
1483 2147 1744 2218 ἀγάλλον-

149 2270 264 2317 ται,
300 2250 729 2322 εὐφραίνονται·
755 2247 850 2313 οὓς
885 2248 983 2319 μὲν
1010 2247 1098 2302 διὰ
1125 2245 1361 2300 θανάτου
1391 2243 1570 2298 αἰσίου
1616 2242 1749 2295 ὑπο-

151 2344 441 2415 δεχόμενοι
471 2361 486 2374 ⁸
524 2341 618 2405 οὒς
648 2341 705 2394 δὲ
736 2339 1124 2408 ἐπαλείφοντες
1158 2338 1416 2409 ἀοράτως
1445 2338 1566 2399 ταῖς
1626 2336 1748 2387 ἐπι-

156 2436 411 2507 σκέψεσι.
451 2433 563 2487 Καὶ
594 2433 649 2486 τί
680 2433 827 2500 λέγω
868 2432 1189 2503 μάρτυρας;
1238 2430 1404 2493 αὐτὸς
1454 2428 1691 2498 Χριστὸς
1721 2422 1749 2479 ὁ

160 2526 636 2600 μαρτυρούμενος,
662 2527 872 2596 χαίρων
893 2542 951 2577 τε
983 2524 1079 2577 καὶ
1122 2520 1409 2576 συναθλῶν
1455 2523 1605 2574 ἔστιν
1668 2519 1751 2573 ὲνὶ

157 2623 374 2692 ἑκάστῳ
424 2621 537 2673 τῶν
574 2617 1005 2689 ὁμολογούντων.
1040 2618 1105 2671 Ei
1132 2617 1207 2690 μὴ
1239 2616 1352 2687 γὰρ
1386 2614 1584 2682 οὕτως,
1648 2614 1750 2667 οὐκ

158 2715 222 2769 ἂν
255 2715 454 2785 ἔφερον
477 2713 528 2765 ol
560 2712 818 2783 φέροντες
844 2712 914 2766 τὰ
939 2711 1185 2784 παρόντα
1211 2709 1483 2781 γενναίως
1501 2725 1516 2739 ’
1559 2708 1660 2762 οὐκ
1683 2706 1751 2760 ἂν

159 2807 253 2860 καὶ
282 2809 540 2876 γυναῖκες
572 2803 885 2877 ὴνδρίζοντο
909 2804 1053 2859 κατὰ
1099 2802 1199 2866 τὰς
1230 2802 1400 2855 πάλαι
1419 2799 1582 2869 ἁγίας
1612 2815 1625 2828 ο
1649 2799 1752 2851 οὐκ

161 2900 226 2951 ἂν
265 2896 361 2953 καὶ
391 2897 575 2951 λαῖκοὶ
608 2898 703 2951 καὶ
729 2896 1086 2967 συγκλητικοὶ
1114 2894 1415 2949 ἀπεδύοντο
1441 2894 1578 2964 πρὸς
1622 2893 1752 2956 τοὺς

160 2991 377 3059 ἀγῶνας
409 3005 424 3019 ’
455 2990 560 3043 οὐκ
590 2989 656 3043 ἂν
687 2990 781 3044 καὶ
808 2988 971 3059 κόραι
1010 2986 1383 3057 κατεφρόνουν
1408 2984 1592 3055 ὅψεως
1645 2985 1750 3056 ap-

164 3083 333 3154 ρἐων
365 3080 711 3138 ἀσεϐούντων
733 3096 748 3110 ’
781 3081 881 3134 οὐκ
904 3080 970 3134 ἂν
996 3080 1306 3133 ἐδείκνυντο
1337 3070 1619 3149 πανταχοῦ
1658 3076 1752 3148 δη-

165 3175 344 3247 μόσιοι
376 3174 644 3245 φυλακαὶ,
690 3173 784 3227 καὶ
820 3171 1157 3244 ἐπληροῦντο
1185 3169 1404 3242 ἔρημοι,
1432 3169 1535 3242 ὅρη
1561 3186 1622 3222 τε
1654 3169 1749 3222 καὶ
1778 3198 1821 3254 C

161 3267 330 3321 νάπαι
367 3272 465 3321 καὶ
506 3265 773 3337 σπήλαια,
804 3265 913 3319 τῶν
966 3262 1055 3317 διὰ
1093 3263 1301 3334 Κύριον
1337 3261 1752 3331 πεφυγαδευμέ-

162 3378 267 3416 νων
287 3379 301 3392 ·
327 3362 430 3415 οὐκ
456 3360 524 3414 ἂν
547 3359 882 3413 ἐκωδωνείτο
906 3358 940 3429 ἡ
966 3356 1058 3411 ὑπ’
1084 3355 1344 3427 οὐρανὸν,
1374 3354 1527 3419 τέλος
1555 3356 1751 3409 εἰπεῖν.

164 3454 329 3508 Ὥστε
361 3452 716 3507 πιστεύονται
744 3450 992 3523 ἐναργῶς
1019 3451 1103 3504 ὅτι
1128 3450 1369 3520 Χριστὸς
1416 3448 1710 3515 δεδίωκται
1736 3462 1749 3475 ·

162 3548 302 3601 ὥστε
321 3545 608 3601 ἐλπιπέον
639 3544 775 3615 ὁμοῦ
803 3544 896 3598 καὶ
922 3542 1326 3614 προθυμητέον,
1357 3542 1439 3594 ὅτι
1463 3540 1627 3596 oluere
1648 3542 1756 3604 πᾶς

164 3654 248 3702 τις
283 3641 341 3692 ὲν
368 3636 610 3709 ἀληθείᾳ
642 3637 916 3690 πιστεύων
949 3637 1060 3689 πᾶν
1092 3636 1274 3689 ὁτιοῦν
1312 3632 1639 3688 κολαστικὸν
1668 3650 1759 3703 με·

165 3729 482 3803 τὰΧριστοῦ
507 3730 600 3783 καὶ
632 3730 730 3782 σὺν
764 3727 1006 3798 Χριστῷ.
1022 3725 1263 3781 Τοιαῦτα
1286 3728 1355 3780 τὰ
1397 3727 1647 3797 ἡμέτερα
1672 3725 1754 3779 δι-

166 3825 446 3893 ηγήματα.
470 3820 943 3875 Ἀκουσιίτωσαν
970 3818 1181 3887 πραεῖς
1212 3818 1313 3872 καὶ
1345 3816 1759 3887 εὐφρανθήτω-

168 3933 309 3970 σαν.
356 3914 636 3968 Ἀκουέτω
683 3911 947 3984 Ἀνατολὴ
994 3912 1091 3967 καὶ¹
1132 3909 1295 3975 Δύσις
1334 3909 1404 3964 τὰ
1448 3912 1506 3963 ὲν
1545 3910 1756 3973 Βυζαν-

167 4009 287 4080 τίῳ,
318 4010 413 4062 καὶ
435 4007 679 4061 αἰνείτω.
713 4006 903 4060 Ὅπου
954 4005 1339 4059 ἐπλεόνασεν
1397 4003 1435 4071 ἡ
1474 4003 1754 4072 ἁμαρτία,

169 4102 770 4172 ὑπερεπερίσσευσεν
796 4101 836 4169 ή
868 4098 1065 4169 χάρις.
1094 4094 1223 4152 Ὧδε
1254 4097 1509 4161 ἔνστασις
1538 4096 1761 4168 ἀθλητι-

170 4193 240 4255 κή
261 4186 387 4246 ’ὦδε
405 4188 551 4264 αἷμα
580 4195 663 4264 ῥεῖ
694 4193 856 4263 άρδον
871 4192 971 4263 τὴν
1003 4189 1335 4261 Ἐκκλησίαν
1350 4189 1587 4261 Χριστοῦ
1617 4187 1760 4256 ὑπὲρ

171 4285 259 4352 τὸν
282 4286 552 4357 ποτισμδν
583 4282 676 4337 τοῦ
713 4285 770 4336 ἐν
817 4283 979 4353 Ἐδὲμ
1000 4282 1356 4354 παραδείσου.
1381 4281 1474 4335 Ζῶ
1498 4280 1633 4351 ἐγὼ,
1664 4281 1764 4336 λέ-

173 4392 259 4445 rei
290 4380 532 4445 Κύριος,
569 4377 708 4431 ἀλλ’
749 4377 786 4445 ἦ
817 4376 959 4444 τοὺς
987 4375 1351 4442 δοξάζοντάς
1371 4393 1448 4446 με
1476 4375 1717 4441 δοξάσω
1742 4391 1756 4404 ·

174 4466 269 4519 καὶ
301 4462 333 4520 δ
364 4467 709 4532 ἐξουθενῶν
753 4485 831 4537 με
878 4467 1379 4536 ἀτιμασθήσεται.
1432 4468 1755 4537 Ἀπόγραφε

1843 570 2057 639 plexum
2090 571 2282 627 fuisse.
2316 570 2560 642 Utraque
2591 570 2758 642 igitur
2786 586 2855 627 ex
2881 586 3048 627 causa
3088 570 3429 627 distulimus.

1843 663 2152 723 Ilumilibus
2185 674 2368 722 tamen
2407 667 2568 722 nobis
2601 680 2933 722 concessum
2973 673 3080 729 est,
3116 674 3177 719 ut
3207 665 3437 720 auribus

1843 761 1954 817 tnis
1986 776 2090 816 vox
2127 772 2320 816 nostra
2358 763 2837 827 rursuminsonet,
2866 760 3187 832 signiﬁcans
3204 758 3302 815 tibi
3338 775 3438 816 nos

1843 866 2073 921 corpore
2110 850 2334 916 valere;
2362 852 2545 907 dicere
2572 859 2757 906 autem
2791 850 2976 918 liceat,
3010 850 3181 906 etiam
3214 849 3434 920 spiritu,

1844 945 2052 1001 sanctis
2076 945 2336 1016 precibus
2366 945 2566 1002 vestris
2600 961 2726 1002 cum
2751 946 2912 1002 beato
2938 960 3065 1002 meo
3094 944 3279 1017 Patre.

1915 1126 1997 1183 Ad
2034 1141 2099 1184 ea
2133 1144 2263 1184 vero
2292 1145 2418 1200 quae
2467 1127 2747 1195 indicasti,
2782 1130 2915 1201 quid
2943 1130 3146 1196 dicam,
3187 1138 3282 1194 aut
3307 1131 3436 1201 quid

1843 1220 2070 1303 loquar,
2127 1220 2237 1276 nisi
2297 1221 2447 1291 quod
2499 1221 2777 1277 haereseos
2847 1220 3122 1276 atrocitati
3175 1231 3440 1293 congruat

1844 1313 2119 1370 acerbitas
2169 1313 2625 1383 persecutionis?
2669 1312 2811 1380 Quid
2867 1314 3013 1368 enim
3063 1313 3249 1369 videre
3281 1315 3439 1374 velis.

1844 1407 2063 1476 quando
2090 1404 2345 1463 Christus
2373 1418 2606 1478 negatur
2658 1421 2756 1477 per
2804 1416 3011 1461 sancta:
3038 1406 3297 1478 imaginis
3328 1424 3442 1465 suae

1844 1499 2281 1554 contumeliam?
2335 1498 2533 1553 Annon
2584 1494 2863 1554 ﬂuentem
2906 1502 3258 1569 sanguinem,
3314 1517 3436 1557 car-

1848 1607 2053 1661 nesque
2077 1592 2378 1647 concisas?
2403 1607 2511 1646 non
2539 1590 2866 1647 alﬂictiones
2890 1601 2943 1647 et
2968 1593 3301 1663 angustias?
3333 1611 3438 1650 non

1847 1689 2067 1744 vincula
2113 1698 2170 1744 et
2217 1704 2491 1752 carceres,
2543 1698 2598 1743 et
2637 1688 2777 1745 alias
2809 1689 2995 1745 omnis
3029 1690 3247 1760 generis
3275 1706 3442 1746 vexa-

1849 1781 2072 1835 tiones?
2101 1796 2208 1835 non
2247 1798 2375 1837 rasa
2410 1783 2506 1836 irte
2534 1793 2843 1850 prwparata
2889 1782 2946 1836 in
2982 1783 3252 1837 interitum
3280 1784 3349 1851 9‘,
3377 1802 3444 1841 ex

1852 1874 2058 1943 quibus
2105 1891 2249 1930 unus
2290 1886 2375 1930 est
2421 1891 2584 1945 quem
2626 1875 2856 1930 dixisti?
2883 1874 2950 1930 Et
2991 1875 3223 1938 videbis,
3256 1876 3441 1943 frater,

1852 1967 2019 2021 etiam
2057 1968 2333 2038 graviora,
2370 1969 2415 2024 si
2442 1969 2655 2025 diutius
2697 1969 2859 2024 duret
2882 1969 3130 2023 haeresis.
3172 1967 3277 2024 Sed
3307 1971 3444 2024 beati

1852 2061 1943 2130 qui
2002 2063 2287 2125 sustinent,
2320 2063 2572 2133 quaniam
2625 2065 2859 2133 ipsorum
2916 2071 2995 2116 est
3042 2078 3256 2132 regnum
3290 2062 3445 2116 caelo-

1856 2154 2058 2208 rum”.
2116 2152 2237 2208 Jam
2296 2154 2453 2209 chori
2482 2154 2894 2220 confessorum,
2927 2164 3231 2225 martyrum
3259 2156 3445 2213 exsul-

1858 2256 1997 2315 tant,
2066 2249 2344 2314 laetantur,
2395 2248 2535 2302 alios
2566 2248 2787 2318 quidem
2834 2264 2934 2319 per
2965 2247 3261 2319 legitimam
3297 2263 3443 2303 mor-

1859 2347 1966 2390 tem
2016 2338 2405 2407 suscipientes,
2446 2339 2586 2395 alios
2621 2338 2974 2394 invisibiliter
3006 2337 3359 2395 consolantes
3389 2350 3445 2393 et

1856 2429 2269 2486 conﬁrmantes.
2334 2431 2403 2486 Et
2460 2430 2591 2503 quid
2646 2441 2916 2502 martyres
2969 2430 3138 2485 dico?
3195 2430 3449 2487 Christus

1859 2522 1998 2592 ipse,
2022 2539 2186 2593 quem
2234 2532 2509 2595 martyres
2559 2524 2918 2591 c0nlitentur,
2965 2523 3208 2594 gaudens
3254 2536 3308 2579 et
3339 2541 3451 2580 una

1857 2626 2077 2671 certans
2129 2616 2284 2671 adest
2338 2617 2634 2688 unicuique
2698 2618 3099 2673 conﬁtentium.
3144 2618 3257 2673 Nisi
3302 2618 3445 2674 enim

1859 2706 1933 2761 ita
1960 2722 2048 2761 res
2071 2715 2238 2771 esset,
2270 2708 2695 2778 haudquaquam
2718 2708 3025 2778 perferrent
3047 2709 3139 2778 qui
3164 2709 3448 2779 praesentia

1860 2810 2080 2857 strenue
2106 2801 2390 2871 perferunt
2418 2821 2431 2858 :
2468 2803 2899 2873 haudquaquam
2940 2803 3201 2858 mulieres
3229 2802 3441 2857 virilem

1858 2891 2102 2946 animum
2136 2909 2387 2963 gererent
2408 2894 2475 2950 ad
2506 2893 2819 2963 exemplum
2850 2895 3205 2963 antiquarum
3236 2901 3451 2949 sancta-

1860 3000 1980 3040 rum
2014 3003 2029 3040 :
2071 2987 2503 3059 haudquaquam
2561 2998 2616 3044 et
2652 2988 2780 3044 laici
2821 2999 2877 3045 et
2910 2998 3195 3045 senatores
3220 2988 3284 3042 ad
3319 3003 3449 3057 ago-

1860 3094 1955 3134 nes
1983 3080 2302 3149 prosilirent
2336 3098 2350 3135 :
2404 3082 2831 3154 haudquaquam
2865 3083 3060 3152 puella:
3098 3083 3231 3153 ipsa:
3258 3082 3450 3151 impio-

1858 3186 1979 3224 rum
2031 3171 2269 3226 marium
2322 3184 2605 3243 aspectum
2659 3182 3119 3229 contemnerent:
3170 3172 3448 3242 haudqua-

1857 3278 2019 3334 quam
2069 3266 2490 3321 ostenderentur
2520 3265 2721 3334 ubique
2753 3266 2984 3337 publica:
3018 3265 3315 3330 custodiat;
3351 3279 3451 3319 nec

1856 3354 2071 3409 refertae
2120 3364 2308 3411 essent
2365 3357 2693 3412 solitudines
2746 3369 2801 3413 et
2863 3366 3081 3413 montes
3128 3366 3183 3412 et
3214 3356 3362 3411 silva:
3396 3364 3451 3409 et

1858 3447 2135 3517 spelunca:
2162 3448 2231 3503 iis
2260 3449 2353 3518 qui
2383 3461 2605 3519 propter
2628 3448 2919 3504 Dominum
2947 3450 3108 3518 ejecti
3142 3458 3269 3505 sunt
3302 3467 3316 3503 :
3341 3464 3449 3502 non

1858 3539 2115 3609 denique,
2144 3550 2205 3594 ut
2232 3541 2579 3607 concludam,
2600 3544 2856 3597 universa
2875 3552 3261 3597 concuteretur
3283 3552 3448 3596 terra.

1860 3632 2043 3697 Quare
2089 3633 2386 3689 manifesto
2416 3635 2650 3689 credunt
2685 3637 3125 3705 persecutionem
3154 3638 3266 3708 pati
3288 3636 3450 3692 Chri-

1863 3735 2011 3780 stum
2038 3745 2053 3795 ;
2088 3727 2536 3798 sperandumque
2568 3729 2739 3784 simul
2768 3740 2823 3784 et
2851 3731 3163 3791 audendum
3193 3751 3207 3785 :
3237 3742 3294 3785 ut
3322 3745 3454 3808 sup;

1862 3818 2025 3888 plicia
2055 3820 2263 3889 qumvis
2293 3820 2348 3873 in
2388 3820 2623 3875 veritate
2652 3822 2907 3889 credens,
2951 3838 3077 3877 cum
3112 3822 3353 3887 Christo,
3395 3832 3450 3877 ct

1860 3912 2153 3981 adiuvante
2213 3911 2459 3978 Christo,
2514 3914 2746 3985 quisque
2796 3917 3089 3971 sustineat.
3149 3915 3274 3971 Hice
3322 3926 3453 3970 sunt

1861 4020 1985 4074 quas
2043 4021 2354 4061 narramus.
2414 4006 2653 4061 Audiant
2706 4011 2973 4063 mansueti
3029 4018 3080 4063 et
3118 4008 3448 4064 lwtentur".

1862 4097 2064 4151 Audiat
2109 4096 2304 4152 Oriens
2330 4108 2385 4152 et
2413 4097 2684 4154 Occidens
2706 4115 2769 4154 ea
2813 4116 2935 4171 quas
2962 4101 3103 4171 apud
3131 4100 3452 4171 Byzantium

1866 4190 2024 4257 ﬁunt,
2071 4200 2126 4246 et
2179 4192 2397 4247 laudem
2460 4193 2627 4248 dicat.
2699 4191 2802 4247 Ubi
2846 4195 3141 4249 abundavit
3180 4194 3459 4260 delictum,‘

1864 4286 2317 4357 superabundavit
2341 4287 2603 4357 gratia".
2647 4287 2749 4342 Hic
2768 4287 3014 4358 pugilum
3042 4299 3336 4353 certamen,
3368 4286 3455 4341 hic

1866 4382 2092 4451 sanguis
2115 4380 2234 4434 lluit
2258 4381 2562 4436 Ecclesiam
2593 4380 2799 4435 Christi
2822 4382 3012 4449 rigans
3038 4382 3261 4437 uberius
3289 4394 3457 4450 quam“

1868 4473 2161 4542 paradisus
2192 4472 2362 4527 Edem
2399 4473 2754 4543 irrigabatnr.
2856 4471 2979 4527 Vivo
3006 4490 3121 4541 ego,
3178 4472 3309 4527 dicit
3346 4470 3451 4523 Da-

174 4557 268 4611 καὶ
296 4561 360 4613 σὺ
388 4560 540 4623 ὅστις
562 4559 630 4612 ἂν
661 4558 781 4629 εἴης
808 4558 987 4629 ζηλῶν
1017 4558 1096 4629 τῷ
1153 4560 1366 4629 Κυρίῳ,
1396 4559 1466 4612 τὰ
1504 4562 1753 4631 νεουργὸ.1

1876 4566 2071 4631 minus,
2102 4566 2351 4634 quoniam
2378 4563 2739 4634 gloriﬁcantes
2772 4580 2853 4617 me
2881 4564 3190 4635 gloriﬁcabo
3229 4578 3249 4617 :
3290 4572 3339 4616 et
3363 4562 3453 4632 qui

179 4645 380 4719 μᾶλλον
411 4650 469 4703 δὲ
499 4650 762 4720 θεουργὰ,
797 4652 1081 4723 μαρτύρια
1112 4666 1124 4678 ·
1157 4650 1234 4713 ὡς
1274 4652 1342 4703 ἂν
1361 4650 1555 4703 εἰδεῖεν
1584 4654 1634 4704 ol
1666 4669 1761 4721 με·

175 4743 583 4814 ταγενέστεροι,
614 4743 698 4795 ὅτι
727 4744 753 4794 ὁ
782 4742 911 4805 Θεὸς
942 4742 1113 4805 ὅντως
1171 4744 1231 4794 ὲν
1288 4744 1421 4813 ἡμῖν
1459 4744 1575 4796 ἐστι
1607 4759 1622 4774 ’
1671 4744 1763 4796 καὶ

175 4832 239 4903 ζῇ
277 4834 338 4886 τὸ
387 4836 613 4906 σπέρμα
649 4832 760 4886 τῶν
811 4834 1077 4886 δικαίων·
1136 4834 1230 4887 καὶ
1272 4834 1641 4904 Χριστοφορεῖ
1700 4835 1762 4886 τὸ

177 4926 411 4995 χρυσοῦν
437 4928 598 4997 γένος
629 4925 739 4978 τῶν
767 4925 1064 4997 μαρτύρων
1091 4943 1104 4955 ·
1138 4921 1211 4981 οὗ
1242 4927 1429 4979 πύλαι
1484 4925 1634 4993 ᾅδου
1686 4928 1760 4980 οὐ

176 5018 531 5088 κατίσχυσαν,
561 5016 687 5072 οὔτε
703 5019 1142 5088 κατισχύσειαν
1162 5034 1175 5048 ’
1204 5018 1327 5089 ὡςή
1351 5020 1646 5090 ὑπόσχεσις
1664 5020 1760 5073 τοῦ

177 5107 462 5178 ἀψευδοῦς.
497 5109 779 5179 Σκληρόν
799 5127 921 5175 σοι,
952 5112 1109 5182 φησὶ,
1130 5113 1281 5177 πρὸς
1310 5109 1526 5180 κέντρα
1547 5115 1759 5169 λακτί-

178 5193 437 5265 ζὲιν,καὶ
466 5202 703 5265 ἀλλοίως
772 5203 873 5255 οὐκ
940 5201 1109 5255 ἔστιν.
1179 5200 1322 5270 Ἐγὼ
1380 5203 1479 5272 μὲν
1512 5205 1540 5256 ὁ
1590 5204 1760 5266 τάλας

179 5291 345 5346 ταῦτα
374 5293 709 5366 προσφωνῶ.
752 5294 824 5348 Σὺ
851 5294 928 5359 δὲ,
957 5293 1001 5347 ὦ
1025 5295 1127 5347 παῖ
1181 5293 1315 5363 ίερὲ,
1369 5295 1632 5348 ἀντιδίδου
1665 5313 1758 5365 μοι

177 5383 273 5448 τὰς
294 5386 478 5457 εὐχάς.
521 5387 810 5441 Ἄσπασαι
845 5391 968 5451 τοὺς
1002 5386 1451 5457 συνομολογητάς
1510 5402 1604 5441 σου
1639 5392 1759 5443 κατ’

179 5474 345 5548 ὄνομα
369 5482 464 5534 καὶ
497 5479 871 5551 συμμαθητάς
896 5497 909 5511 ·
950 5483 1047 5535 καὶ
1075 5480 1136 5533 οὐ
1174 5479 1337 5549 μόνον
1377 5481 1587 5547 τούσδε,
1641 5482 1757 5535 ἀλλ’

181 5567 229 5619 tl
261 5570 489 5640 φθάζεις
519 5575 614 5627 καὶ
640 5574 770 5635 τοὺς
797 5573 993 5638 ἄλλους
1032 5573 1281 5637 ἅπαντας
1306 5574 1433 5637 τοὺς
1466 5574 1757 5639 ἐκλεκτοὺς

182 5661 271 5715 τοῦ
306 5666 441 5721 Θεοῦ
464 5685 480 5701 ’
512 5668 641 5730 τοὺς
659 5666 1145 5739 ἐκλελογισμὲνους
1171 5668 1277 5721 ἀπὸ
1296 5667 1570 5738 μυριάδων
1595 5686 1606 5697 ·
1639 5670 1764 5732 τοὺς

251 5798 294 5827 ’³⁸
338 5800 491 5857 Rom.
530 5818 605 5859 Ix.
635 5800 728 5854 2‘2.
808 5801 855 5832 ⁹⁵
881 5801 1069 5858 Matth.
1109 5819 1159 5868 γ,
1192 5803 1274 5856 l0.
1352 5803 1395 5833 νε
1433 5801 1573 5857 Psal.
1622 5819 1810 5869 xxxiii,
1846 5804 1893 5859 3.

190 5863 271 5921 18.
339 5873 353 5902 ¹
386 5876 506 5929 Act.
536 5889 690 5940 nm,
720 5869 810 5923 24.

1867 4673 1948 4710 me
2003 4657 2223 4724 spernit,
2250 4657 2353 4709 erit
2401 4656 2664 4726 inglorius
2684 4654 2752 4711 ⁸⁸.
2807 4655 3069 4711 Describe
3096 4665 3151 4711 et
3182 4664 3262 4720 tu,
3298 4656 3453 4724 quis-

1869 4747 1995 4815 quis
2049 4761 2109 4801 es
2140 4747 2319 4800 zelum
2356 4744 2571 4800 Domini
2622 4745 2855 4811 habens,
2904 4762 3067 4810 nova,
3124 4761 3225 4800 seu
3271 4744 3452 4814 potius

1870 4837 2057 4893 divina
2090 4837 2352 4909 martyria
2384 4855 2396 4890 :
2437 4848 2495 4892 ut
2529 4838 2709 4892 sciant
2737 4838 2965 4908 posteri,
2989 4838 3120 4912 quia
3153 4837 3298 4892 Deus
3325 4851 3454 4890 vere

1866 4929 1923 4982 in
1951 4928 2111 4984 nobis
2138 4941 2244 4994 est,
2279 4928 2523 4997 vivitque
2552 4943 2739 4982 semen
2757 4932 3055 4997 iustorum,
3087 4938 3142 4983 et
3172 4926 3458 4984 Christum

1866 5022 2004 5090 gerit
2034 5036 2266 5076 aureum
2298 5037 2471 5094 genus
2504 5030 2825 5092 martyrum,
2870 5021 3133 5075 adversus
3156 5020 3298 5090 quod
3325 5036 3452 5088 por-

1870 5124 1938 5167 tce
1993 5115 2154 5183 iri/eri
2200 5130 2304 5168 non
2360 5114 2858 5183 praevaluerunt”:
2900 5124 3012 5167 nec
3069 5112 3453 5181 praevalebunt,

1865 5208 2327 5275 quemadmodum
2375 5208 2626 5277 promisit
2650 5207 2743 5276 qui
2778 5221 2943 5259 verax
2972 5213 3076 5259 est.
3109 5204 3316 5259 Durum
3346 5214 3451 5269 est,

1865 5299 2066 5366 inquit,
2102 5298 2197 5353 tibi
2248 5309 2435 5352 contra
2484 5297 2758 5351 stimulum
2812 5296 3167 5359 calcitrare',
3196 5305 3251 5351 et
3297 5296 3455 5350 aliter

1867 5406 1991 5446 esse
2018 5392 2230 5460 nequit.
2276 5390 2385 5461 Ego
2410 5391 2632 5460 quidem
2664 5389 2848 5444 infelix
2888 5390 3003 5444 haec
3028 5389 3175 5445 dico.
3202 5389 3285 5445 Tu
3303 5405 3452 5453 vero,

1872 5495 2029 5534 sacer
2096 5481 2190 5542 lili,
2245 5482 2479 5551 repende
2532 5480 2665 5534 mihi
2718 5490 2839 5534 tuas
2879 5495 3093 5550 preces.
3126 5481 3316 5537 Saluta
3351 5498 3453 5537 no-

1872 5573 2123 5628 minatim
2176 5574 2521 5628 conlcssores
2563 5574 2655 5642 qui
2698 5584 2875 5627 tecum
2924 5580 3073 5639 sunt,
3103 5584 3157 5630 et
3185 5573 3457 5630 condisci-

1878 5667 2078 5740 pulos;
2138 5682 2314 5735 neque
2354 5667 2451 5720 hos
2503 5674 2734 5732 tantum,
2772 5665 2866 5721 sed
2900 5666 2945 5721 si
2983 5668 3191 5738 possis.
3235 5679 3289 5723 et
3318 5669 3452 5723 alios

1977 5804 2013 5834 ³⁷
2057 5801 2215 5855 Hom.
2257 5817 2302 5861 ν,
2330 5797 2416 5853 ‘30.
2496 5796 2541 5828 "“
2573 5794 2591 5851 Ι
2632 5796 2762 5866 Heg.
2792 5813 2852 5867 ιι,
2886 5799 2953 5853 50
3052 5799 3096 5833 “9
3121 5799 3306 5855 Matth.
3344 5814 3452 5855 xm
