3990 6318
547 342 687 411 1303

1749 360 1809 418 S.
1852 360 2250 424 TIIEODORI
2292 362 2644 426 STUDlT/E
2672 436 2675 439 η

3733 382 3877 446 130i

537 478 732 517 onmes
794 463 1001 522 electos
1058 466 1173 532 Dei,
1231 466 1436 524 electos
1486 484 1552 524 ex
1612 471 1877 538 millibus,
1934 474 2132 529 lumina

2250 479 2309 531 ὲν
2342 480 2535 549 κόσμῳ
2565 482 2886 554 φωστῆρας,
2913 486 2982 540 τά
3014 487 3188 560 σκεύη
3213 490 3307 545 τοῦ
3333 490 3545 557 ἐλέους,
3565 496 3707 560 τοὺς
3736 517 3871 569 χρη-

535 557 753 619 mundi,
806 574 938 614 vasa
972 560 1388 627 misericordiae,
1427 562 1534 617 Deo
1576 564 1762 630 utiles,
1794 565 2147 625 desiderato-5

2253 572 2446 642 σίμους
2484 574 2626 647 Θεῷ,
2658 578 2786 641 τοὺς
2816 581 3044 650 ὲφετοὺς
3094 587 3163 655 τῆ
3222 586 3458 658 Τριάδι·
3522 583 3604 643 ὧν
3663 592 3875 661 εὐχαῖς

535 649 838 708 Triuitati:
887 672 1124 725 quorum
1186 656 1441 725 precibus
1488 657 1769 712 salvemur
1808 669 1863 714 et
1920 676 2023 715 nos
2064 662 2132 716 in-

2251 666 2559 738 σωθείημεν
2582 670 2677 723 καὶ
2710 672 2872 742 ἡμεῖς
2905 675 2955 728 οἱ
2977 649 3213 745 ἀνάξιοι.
3248 649 3318 734 is
3360 684 3460 737 σὺν
3501 686 3642 739 πᾶσι
3676 649 3789 739 καὶ

534 744 707 816 digni.
763 746 841 804 Te
881 765 1005 803 cum
1087 749 1347 805 omnibus
1393 749 1597 805 salutat
1654 752 1748 822 qui
1787 770 2000 810 mecum
2040 764 2147 814 est.

897 861 1113 919 LXXII.
1145 895 1216 907 —
1246 863 1476 919 Nicolao
1502 866 1618 936 ﬁlio
1642 870 1730 937 (').

2251 759 2352 812 σὺν
2379 761 2504 831 ἐμοὶ
2536 762 2868 828 ἀσπάζεται.

2572 880 2691 935 OB'.
2712 912 2779 922 —
2796 884 3077 953 Νικολάῳ
3095 887 3305 957 τέκνῳ.
3330 888 3523 965 [υπε’.]

535 998 613 1050 De
650 1002 836 1049 sanctis
867 1000 2483 1097 iniqginib'ushggatngr.proralholica
2531 1020 2595 1067 de
2639 1017 2938 1097 imaginibus
2964 1023 3227 1097 doctrina:
3253 1028 3435 1097 Natura
3461 1034 3698 1097 corporis
3729 1050 3745 1085 :
3773 1037 3867 1087 lli-

918 1067 1071 1113 storia
1101 1081 1112 1113 :
1147 1067 1327 1117 Patres
1355 1082 1366 1115 :
1396 1069 1605 1129 Synodi.
1644 1067 1849 1119 FruStra
1872 1067 2185 1123 adversarios
2207 1089 2501 1140 argumenta
2528 1067 3451 1148 eorumd‘éiﬁ"ge'néiiihmébiéhﬁéé.

602 1165 1058 1238 Quandoquidem
1094 1188 1261 1229 nosse
1314 1191 1469 1237 aves,
1527 1175 1755 1232 Nicolae
1790 1177 1984 1243 frater,
2016 1182 2144 1251 qui-

531 1259 636 1314 bus
676 1271 915 1330 quatuor
960 1269 1299 1335 argumentis
1329 1269 1477 1324 circa
1518 1270 1887 1326 venerandam
1928 1272 2140 1329 Christi

532 1353 826 1424 imaginem
862 1357 1063 1412 veritas
1094 1361 1455 1416 conﬁrmetur
1488 1382 1502 1418 :
1534 1365 1617 1419 sic
1643 1366 1863 1431 habeto,
1905 1368 2136 1439 physico

529 1446 805 1514 dogmate,
864 1458 1047 1504 vetere
1098 1450 1355 1519 historia,
1402 1464 1725 1512 sanctorum
1758 1459 2009 1526 vocibus,
2041 1475 2135 1531 sy-

529 1539 725 1593 nodica
760 1541 1180 1599 acclamatione.

600 1631 890 1698 Quomodo
947 1634 1178 1705 physico
1220 1635 1522 1709 dogmate?
1559 1639 1833 1708 Quoniam
1884 1653 1999 1699 haec
2040 1660 2134 1699 na-
2168 1660 2208 1714 η

529 1731 653 1777 tura
696 1736 779 1780 est
825 1727 1081 1795 corporis
1111 1736 1173 1782 ut
1205 1736 1417 1784 tactum
1460 1740 1516 1786 et
1545 1733 1788 1788 colorem
1817 1733 2077 1789 admittat
2118 1753 2133 1789 :

528 1815 676 1883 quod
733 1831 863 1870 vero
925 1825 1133 1871 tactum
1182 1829 1238 1873 et
1275 1822 1519 1877 colorem
1548 1823 1811 1890 admittit,
1847 1825 1990 1880 idem
2024 1829 2136 1880 cir-

527 1905 853 1970 cumscribi,
894 1905 998 1961 hoc
1028 1917 1132 1975 est,
1164 1908 1216 1961 in
1258 1910 1433 1983 elligie
1461 1912 1725 1969 deliueari
1754 1925 1957 1985 potest.
2006 1917 2139 1973 Tale

527 2010 710 2054 autem
764 2015 966 2071 corpus
1017 2011 1100 2057 est
1149 2004 1377 2069 Christi,
1431 2008 1892 2076 quemadmodum
1943 2020 1997 2065 et
2036 2028 2136 2065 no-

527 2102 729 2157 strum,
785 2096 1181 2150 contrectabile
1226 2110 1280 2152 et
1336 2099 1668 2155 coloratum.
1714 2102 1795 2158 Ac
1830 2118 1963 2157 sane
2002 2104 2140 2159 scri-

526 2196 680 2257 ptum
714 2195 797 2241 est
830 2205 842 2242 :
886 2187 957 2241 Et
989 2190 1291 2260 quicunque
1317 2193 1605 2263 tetigerunt
1646 2210 1796 2261 eum,
1839 2197 1976 2250 salvi
2003 2197 2137 2266 facti

525 2281 713 2335 sunt”.
769 2278 833 2333 Et
865 2281 997 2335 alibi
1039 2299 1053 2335 :
1089 2280 1160 2334 Et
1216 2285 1368 2352 facta
1420 2295 1497 2339 est
1555 2287 1755 2354 species
1798 2288 1977 2342 vultus
2018 2289 2133 2358 ejus

526 2372 757 2428 altera'.
810 2372 1001 2444 Itaque
1032 2375 1354 2447 depingitur
1390 2381 1694 2433 secundum
1743 2382 1992 2451 corporis
2022 2381 2135 2436 for-

524 2480 671 2519 mam
706 2484 719 2520 :
770 2467 937 2522 illzesa
972 2466 1191 2523 interim
1225 2469 1439 2524 ratione
1481 2471 1974 2543 incircumscripti,
1996 2491 2135 2547 qua:

523 2554 771 2624 ejusdem
799 2556 1073 2611 divinitati
1099 2560 1359 2628 competit
1395 2577 1409 2614 :
1464 2561 1914 2633 quandoquidem
1950 2579 2135 2634 neque

523 2660 664 2714 ego,
719 2645 846 2701 licet
895 2660 1130 2716 corpore
1185 2647 1671 2719 circumscriptus,
1721 2650 2039 2705 necessario
2080 2661 2135 2704 et

526 2738 831 2791 secundum
887 2740 1158 2803 animum,
1214 2741 1312 2810 qui
1366 2742 1519 2796 cerni
1562 2742 1738 2798 oculis
1775 2744 1985 2813 nequit.
2017 2743 2129 2797 cir-

526 2829 902 2899 cumscriptus
948 2846 1073 2886 sum
1119 2849 1136 2886 :
1185 2848 1403 2903 neque,
1461 2835 1727 2904 quoniam
1776 2849 1979 2901 corpus
2011 2834 2136 2905 qui-

524 2924 647 2979 dem
683 2939 867 2977 meum
892 2924 1378 2996 circumscriptum
1423 2939 1511 2982 est
1535 2965 1550 2988 .
1582 2928 1802 2981 animus
1841 2935 2022 2980 autem
2053 2927 2131 2979 in-

524 3020 1026 3090 circumscriptus:
1086 3036 1233 3077 unus
1290 3020 1347 3075 in
1414 3021 1555 3077 duos
1605 3021 1819 3077 divisus
1871 3030 1976 3074 est.
2038 3016 2132 3073 Sic

2247 3044 2295 3096 εδ
2324 3046 2590 3111 ὲξεικονίζ

524 3113 702 3168 multo
734 3114 910 3184 magis
941 3128 1041 3167 nec
1065 3112 1322 3168 Christus
1356 3113 1705 3182 partitionem
1732 3113 2131 3169 divisionemve

534 3213 766 3284 patitur,
797 3228 865 3267 eo
897 3211 1043 3282 quod
1077 3211 1353 3281 corporali
1384 3210 1560 3266 forma
1589 3211 1925 3283 depingitur.

593 3305 882 3371 Quomodo
918 3305 989 3359 ab
1026 3304 1257 3359 historia
1289 3304 1516 3359 vetere?
1542 3302 1817 3370 Quoniam
1849 3304 2142 3360 universus

2331 1186 2555 1259 Ἐπειδὴ
2615 1191 3004 1259 φιλοπευστείς
3048 1198 3267 1267 μαθεῖν,
3325 1199 3522 1270 assae:
3579 1204 3860 1259 Νικόλαε,

2246 1279 2355 1334 ἀπδ
2384 1282 2555 1335 ποίων
2588 1286 2880 1356 τεσσάρων
2903 1288 3216 1343 ὑποθέσεων
3246 1293 3279 1362 ή
3314 1296 3446 1366 περὶ
3499 1299 3601 1367 τὴν
3639 1301 3863 1369 can-dra

2244 1375 2428 1428 εἰκόνα
2459 1376 2702 1448 Χριστοῦ
2759 1380 2992 1451 ἀλήθεια
3049 1385 3423 1456 κρατύνεται·
3482 1390 3687 1456 ἰστέον,
3744 1395 3862 1448 ἀπὸ

2242 1469 2478 1538 φυσικοῦ
2500 1471 2774 1542 δόγματος
2797 1488 2813 1504 ·
2848 1476 2956 1530 ἀπὸ
2984 1478 3220 1548 ἀρχαίας
3246 1482 3492 1552 ἱστορίας
3522 1501 3537 1515 ·
3570 1486 3684 1541 ἀπὸ
3737 1508 3858 1559 φω-

2241 1560 2347 1613 νῶν
2384 1562 2559 1631 ἁγίων
2580 1581 2593 1594 ·
2626 1565 2736 1619 ἀπὸ
2768 1569 3060 1640 συνοδικῆς
3095 1574 3459 1644 ὲκφωνήσεως

2311 1654 2436 1717 Πῶς
2469 1656 2578 1710 ἀπὸ
2604 1659 2841 1727 φυσικοῦ
2910 1662 3224 1734 δόγματος;
3286 1668 3411 1722 ’Ότι
3472 1668 3616 1742 αὕτη
3677 1673 3857 1742 φύσις

2244 1746 2497 1816 σώματος
2546 1750 2660 1823 ἁφῇ
2699 1752 2794 1806 καί
2840 1756 3002 1826 χροιᾷ
3030 1756 3364 1813 ὑποπίπτει·
3400 1762 3463 1815 τὸ
3497 1762 3543 1815 δ’
3574 1765 3693 1837 ἀφῇ
3754 1771 3856 1822 καὶ

2242 1842 2401 1912 χροιᾷ
2430 1842 2763 1913 ὑποπίπτον,
2798 1851 3184 1919 περιγραπτόν
3212 1869 3228 1883 ·
3275 1856 3446 1925 ῆγουν
3506 1857 3855 1927 ὲξεικονιζό-

2244 1951 2426 2002 μενον.
2462 1935 2720 1991 Τοιοῦτον
2749 1938 2808 1993 δὲ
2835 1941 2898 1993 τὸ
2922 1941 3085 2014 σῶμα
3119 1944 3213 1998 τοῦ
3246 1947 3515 2019 Χριστοῦ,
3578 1953 3853 2027 καθάπερ

2240 2027 2338 2080 καὶ
2368 2028 2428 2081 τό
2457 2029 2751 2102 ἡμέτερον,
2784 2033 2960 2088 ἁπτὸν
3025 2038 3118 2090 καὶ
3161 2038 3472 2125 ὑπόχροιον.
3543 2046 3662 2098 Καὶ
3712 2048 3854 2117 γοῦν

2239 2118 2572 2192 γέγραπται·
2602 2123 2711 2178 Καὶ
2743 2124 2881 2181 ὅσοι
2911 2128 2988 2181 ἂν
3015 2118 3279 2197 ἥπτοντο
3306 2133 3849 2201 αὑτοῦ,ἐσὼζοντο.

2242 2211 2352 2264 Καὶ
2381 2212 2609 2284 ἑτέρωθι
2632 2214 2775 2270 ’Καὶ
2800 2216 3041 2288 ἐγένετο
3074 2220 3141 2274 τὸ
3174 2218 3337 2288 εἶδος
3364 2226 3474 2280 τοῦ
3501 2233 3851 2296 προσώπου

2239 2304 2429 2358 αὑτοῦ
2450 2305 2678 2373 ἕτερον.
2742 2309 2957 2364 Οὐκοῦν
3018 2314 3357 2385 ἐγγράφεται
3408 2321 3553 2373 κατά
3618 2323 3715 2376 τὸν
3748 2325 3848 2379 τοῦ

2242 2394 2496 2465 σώματος
2525 2400 2856 2472 χαρακτῆρα
2883 2419 2897 2434 ·
2928 2404 3100 2476 μηδὲν
3137 2410 3427 2473 πεπονθὼς
3460 2414 3544 2476 εἰς
3572 2414 3637 2467 τὸ
3702 2417 3849 2471 ἀπε-

2241 2488 2546 2559 ρίγραπτον
2577 2490 2747 2544 αὑτοῦ
2787 2494 2889 2564 τῆς
2930 2496 3189 2567 θεότητος
3219 2517 3232 2530 ·
3258 2501 3341 2553 ὅτι
3380 2504 3521 2574 μηδὲ
3560 2505 3677 2573 ἐγὼ
3731 2510 3848 2561 σώ-

2242 2599 2375 2650 ματι
2408 2587 2921 2656 περιγραφόμενος,
2973 2588 3032 2656 ἐξ
3084 2591 3335 2662 ἀνάγκης
3400 2596 3497 2649 καὶ⁵
3549 2599 3701 2652 κατά
3740 2603 3847 2672 τὴν

2238 2673 2468 2727 ἀθέατον
2552 2675 2731 2747 ψυχὴν
2794 2683 3405 2757 συμπεριγέγραμμαι·
3470 2689 3613 2756 οὐδὲ,
3648 2694 3846 2767 ἐπειδὴ

2237 2766 2299 2819 τὸ
2357 2767 2458 2837 μὲν
2535 2769 2698 2840 σῶμά
2802 2790 2905 2843 μου
2974 2779 3355 2849 περιγραπτδν
3388 2821 3406 2847 ,
3454 2783 3488 2853 ἡ
3572 2784 3631 2836 δὲ
3688 2766 3844 2859 ψυχή

2237 2860 2675 2930 ἀπερίγραπτος·
2711 2865 2739 2917 ό
2771 2860 2852 2930 εἷς
2914 2868 2997 2931 εἰς
3039 2868 3134 2922 δύο
3157 2871 3449 2942 τέτμηται.
3470 2873 3634 2930 Οὕτω
3656 2880 3847 2952 πολλῷ

2242 2951 2443 3020 μᾶλλον
2474 2953 2598 3006 οὐδὲ
2630 2956 2867 3026 Χριστὸς
2891 2960 3067 3031 τομὴν
3088 2962 3121 3033 ἦ
3145 2963 3411 3035 διαίρεσιν
3428 2966 3731 3035 ὑφίσταται
3755 2951 3844 3027 διὰ

2593 3047 2751 3102 εσθαι
2786 3052 2952 3105 αὐτὸν
3008 3056 3312 3128 σωματικῷ
3365 3064 3707 3133 χαρακτῆρι.

2318 3316 2442 3379 Πῶς
2467 3317 2573 3370 ἀπὸ
2610 3320 2845 3391 ἀρχαίας
2876 3324 3158 3394 ίστορίαςς
3197 3326 3322 3378 Ὀτι
3380 3329 3414 3399 ἡ
3466 3330 3561 3384 ὑπ’
3604 3334 3841 3405 οὐρανὸν

522 3398 671 3458 orhis
715 3398 785 3452 ab
829 3398 951 3470 ipso
995 3397 1203 3454 Christi
1244 3414 1481 3453 ascensu
1526 3399 1896 3456 venerandam
1960 3399 2132 3470 ipsius

2247 3406 2338 3458 ἀπ’
2363 3407 2536 3478 αὐτῆς
2562 3409 2889 3480 ἀναλήψεως
2921 3413 3186 3482 Χριστοῦ,
3242 3415 3342 3486 τὴν
3400 3420 3612 3490 σεπτὴν
3664 3426 3836 3481 αὑτοῦ

525 3491 819 3562 imaginem
854 3493 906 3546 in
939 3492 1113 3549 sacris
1145 3492 1364 3562 templis
1405 3491 1682 3562 depictam
1735 3494 1981 3548 exhibet.
2019 3490 2132 3558 Quo

2247 3498 2428 3551 εἰκόνα
2463 3500 2521 3551 ὲν
2546 3504 2660 3565 τοῖς
2688 3504 2857 3572 ίεροῖς
2888 3508 3039 3568 ναοῖς
3097 3507 3568 3581 ὲγγεγραμμένην
3615 3514 3841 3571 ὑποδεὶ-

525 3585 650 3652 qnid
682 3599 805 3639 esse
824 3586 1001 3654 possit
1043 3584 1110 3639 ad
1140 3585 1624 3640 demonstrandam
1681 3587 1963 3642 veritatem
2013 3586 2138 3640 illu-

526 3676 736 3730 strius?
778 3676 1050 3745 siquidem
1076 3685 1161 3731 est
1180 3676 1400 3747 resipsa
1422 3677 1592 3732 multo
1625 3694 1790 3748 quam
1818 3681 1997 3734 oratio
2018 3694 2137 3733 cer-

528 3769 631 3819 tior
658 3809 673 3835 ,
714 3767 1150 3839 locupletiorque
1179 3769 1333 3825 testis
1351 3770 1503 3824 visus
1535 3781 1621 3825 est
1660 3787 1825 3841 quam
1891 3773 2133 3829 auditus.

597 3858 887 3925 Quomodo
919 3876 949 3917 a
977 3872 1298 3916 sanctorum
1327 3862 1595 3918 vocibus?
1623 3861 1897 3930 Quoniam
1925 3865 2131 3920 alicubi

525 3965 656 4007 sane
690 3951 1012 4022 coryphaeus
1047 3952 1427 4022 apostolorum
1474 3951 1675 4008 Petrus
1707 3954 1784 4008 ait
1816 3973 1830 4009 :
1874 3974 1892 4007 ι
1942 3954 2133 4010 Profer

527 4043 825 4113 imaginem
864 4044 1082 4099 Domini
1124 4046 1299 4101 nostri
1339 4044 1469 4101 Jesu
1512 4046 1746 4112 Christi,
1787 4056 1843 4101 et
1875 4048 2127 4102 eamdem

528 4133 774 4204 insculpe
836 4137 888 4190 in
942 4137 1204 4191 turricula
1232 4154 1246 4191 :
1279 4146 1339 4191 ut
1384 4137 1691 4208 intelligant
1724 4139 1912 4208 populi
1944 4154 2114 4209 quam

522 4222 623 4280 Dei
653 4225 825 4281 Filius
877 4226 1117 4282 formam
1174 4230 1601 4298 assumpserit‘.
1647 4249 1665 4281 ι
1738 4231 1955 4285 Διὶοιιὴὶ
1990 4247 2122 4285 vero

525 4335 761 4390 tnagnus
816 4320 1056 4376 Basilius
1095 4322 1270 4376 dicit:
1322 4340 1341 4373 ι
1381 4320 1722 4393 Depingatur
1773 4324 1826 4377 in
1861 4324 2045 4378 tabula
2076 4334 2130 4378 et

525 4411 896 4465 certaminum
944 4426 1149 4481 praeses
1180 4412 1495 4469 Christus“.
1535 4433 1554 4466 ι
1607 4416 1820 4483 Quibus
1877 4416 2128 4471 videlicet

524 4519 715 4559 omnes
768 4504 944 4558 sancti
982 4505 1359 4559 consentiunt.

595 4594 887 4663 Quomodo
932 4611 964 4650 a
1021 4596 1278 4667 synodica
1346 4597 1784 4654 acclamatione?
1853 4600 2122 4667 Quoniam

523 4702 646 4758 qua:
668 4697 794 4757 post
824 4697 1033 4743 sextam
1060 4689 1457 4744 cecumenicam
1502 4693 1769 4761 synodum
1798 4701 2124 4762 congregata

524 4790 628 4845 est,
663 4780 779 4835 haec
818 4780 981 4834 habet
1013 4796 1028 4835 :
1067 4802 1085 4831 ‹
1122 4779 1386 4838 Jubemus
1404 4782 1685 4854 deinceps.
1722 4784 1841 4837 loco
1871 4785 1995 4852 agni
2030 4800 2124 4839 ve-

528 4877 678 4938 teris,
734 4873 871 4943 erigi
928 4873 1224 4944 imaginem
1271 4874 1489 4931 Domini
1514 4892 1580 4931 ae
1615 4877 1924 4931 Servatoris
1949 4877 2124 4932 nostri

523 4965 649 5021 Jesu
687 4966 891 5023 Christi
911 4968 954 5022 ⁸.

632 5059 691 5115 Si
724 5075 853 5115 vero
900 5060 1142 5114 dixerint
1172 5070 1227 5117 et
1264 5059 1631 5128 lconomachi,
1668 5062 1859 5118 iisdem
1886 5074 2125 5133 quatuor

525 5150 859 5219 argumentis
882 5165 1042 5206 suum
1090 5152 1333 5219 ipsorum
1383 5151 1580 5221 dogma
1638 5153 1898 5220 stabiliri;
1938 5163 2124 5209 osten-

525 5243 675 5309 dant,
740 5243 978 5312 exempli
1064 5244 1261 5313 gratia,
1316 5244 1369 5297 in
1433 5245 1614 5313 primo
1667 5262 1851 5300 causa:
1893 5246 2069 5316 capite
2104 5288 2119 5312 ,

526 5335 986 5402 quemadmodum
1022 5336 1071 5388 id
1106 5351 1293 5390 verum
1346 5337 1436 5392 sit.
1499 5340 1582 5391 An
1633 5354 1835 5408 corpus
1886 5342 1993 5395 tale
2026 5342 2117 5395 di-

525 5436 658 5482 cunt
686 5429 844 5497 quale
886 5430 1091 5484 veritas
1120 5429 1388 5495 exhibuit,
1444 5433 1670 5485 annon?
1711 5433 1766 5485 Si
1827 5435 2107 5487 enimvero

525 5519 665 5584 tale;
701 5520 782 5573 vel
811 5520 966 5573 inviti
996 5519 1405 5575 conﬁtebuntur
1431 5522 1646 5593 depingi
1696 5521 1998 5578 Christum.
2047 5525 2105 5579 Si

596 5697 833 5750 ‘Matth.
866 5714 977 5761 xlv,
1008 5699 1100 5753 36.
1200 5700 1220 5731 ³
1261 5697 1395 5754 Luc.
1457 5716 1533 5764 ιιι,
1585 5700 1676 5754 29.

522 5792 547 5827 ι
568 5775 720 5826 ()rat.
751 5776 802 5819 in
838 5767 893 5821 S.
920 5769 1197 5828 linrlaam.
1276 5774 1294 5804 ⁶
1338 5774 1539 5844 Synod.
1573 5770 1745 5826 'rl'ull.
1769 5786 1887 5826 can.
1917 5771 2003 5826 Si.

634 5866 698 5933 (‘)
730 5863 1073 5933 Dogmatiea.

2228 3609 2449 3649 -κνυσιν,
2478 3589 2553 3649 Ob
2581 3595 2634 3648 τί
2659 3596 2725 3650 ἂν
2757 3598 2969 3666 γένοιτο
2983 3600 3064 3662 εἰς
3090 3600 3366 3669 ἀπόδειξιν
3388 3603 3653 3675 ἀληθείας
3674 3611 3837 3682 ἐναρ-

2237 3684 2539 3756 γέστερον;
2577 3686 2738 3761 εἴπερ
2764 3690 2925 3761 ἔργον
2951 3691 3111 3760 λόγου
3149 3692 3536 3768 βεϐαιότερον,
3580 3702 3677 3755 καὶ
3731 3704 3835 3774 ὀφ-

2238 3779 2445 3849 θαλμὸς
2475 3782 2686 3853 μάρτυς
2710 3785 2880 3855 ἀκοῆς
2908 3784 3384 3858 ἀξιοπιστότερος.

2313 3874 2434 3939 Πῶς
2467 3876 2576 3929 ἀπὸ
2605 3877 2800 3946 φωνῶν
2824 3878 2995 3947 ἁγίων
3020 3880 3183 3945 ;”Οτι
3209 3880 3314 3935 ποῦ
3346 3882 3450 3952 μὲν
3473 3884 3503 3936 ὁ
3531 3891 3836 3958 κορυφαῖος

2233 3966 2343 4018 τῶν
2384 3967 2701 4020 ἀποστόλων
2762 3968 2973 4036 Πέτρος
3024 3967 3214 4039 λέγει·
3282 3990 3301 4024 ι
3348 3972 3676 4043 Ἐξένεγκον
3732 3980 3833 4045 τὴν

2234 4060 2421 4112 εἰκόνα
2454 4059 2548 4112 τοῦ
2582 4060 2789 4132 Κυρίου
2824 4060 2983 4133 ήμῶν
3026 4060 3202 4131 Ἰησοῦ
3234 4064 3496 4134 Χριστοῦ,
3541 4069 3638 4120 καὶ
3680 4071 3832 4124 ἐντύ-

2232 4166 2418 4203 πωσον
2443 4150 2615 4221 αὑτὴν
2650 4152 2709 4202 ὲν
2730 4150 2810 4220 τῷ
2868 4153 3168 4225 πυργίσκῳ
3190 4169 3205 4184 ·
3240 4155 3329 4207 ἵνα
3361 4155 3547 4209 ἴδωσιν
3600 4160 3653 4211 οἰ
3709 4160 3831 4215 λαοὶ

2232 4240 2351 4293 οἵαν
2384 4241 2601 4311 μορφὴν
2626 4241 2890 4294 ἀνέλαϐεν
2919 4246 2946 4296 ό
2971 4244 3099 4309 Υίὺς
3124 4244 3222 4298 τοῦ
3257 4245 3420 4299 Θεοῦ·
3458 4266 3479 4298 ›
3531 4249 3639 4302 ποῦ
3693 4251 3751 4305 δὲ
3800 4256 3827 4306 ὀ

2235 4332 2409 4401 μέγας
2446 4331 2725 4395 Βασίλειος
2750 4333 2950 4401 φάσκει
2985 4350 2998 4365 ⁸
3029 4354 3049 4386 ι
3098 4335 3498 4407 Ἐγγραφέσθω
3527 4339 3608 4411 τῷ
3635 4342 3825 4397 πίνακι

2230 4424 2327 4475 καὶ
2356 4423 2385 4475 ό
2411 4421 2521 4475 τῶν
2552 4422 2955 4493 παλαισμάτων
2980 4424 3331 4495 ἀγωνοθέτης
3355 4426 3619 4496 Χριστός.
3660 4450 3679 4481 ι
3732 4428 3826 4497 Οἷς

2160 4556 2203 4610 D
2233 4514 2697 4583 συνομοφρονοῦσι
2718 4514 2918 4587 δηλαδὴ
2934 4517 3133 4581 πάντες
3160 4519 3209 4571 οἰ
3231 4517 3400 4586 ἅγιοι.

2304 4604 2426 4669 Πῶς
2455 4605 2563 4659 ἀπὸ
2596 4606 2881 4677 συνοδικῆς
2914 4608 3276 4678 ἐκφωνήσεως
3298 4625 3315 4675 ;
3335 4610 3459 4664 Ὀτι
3488 4613 3525 4683 ἡ
3560 4614 3702 4684 μετά
3727 4615 3824 4686 τὴν

2230 4696 2398 4767 ἕκτην
2440 4698 2829 4770 οἰκουμενικὴν
2897 4699 3118 4755 σύνοδον
3165 4702 3651 4773 συναθροισθεῖσα,
3700 4709 3821 4761 τάδε

2231 4790 2423 4862 φησίν·
2467 4809 2485 4840 ι
2533 4791 2821 4864 Ὀρίζομεν
2843 4794 3019 4846 τοίνυν
3045 4794 3156 4846 ἀπὸ
3178 4794 3271 4847 τοῦ
3299 4796 3417 4859 νῦν,
3445 4798 3573 4851 ἀντὶ
3602 4800 3696 4853 τοῦ
3719 4820 3822 4855 πα-

2228 4881 2382 4936 λαιοῦ
2408 4882 2607 4954 ἀμνοῦ,
2641 4884 3082 4957 ἀναστηλοῦσθαι
3109 4886 3210 4957 τὴν
3268 4888 3461 4942 εἰκόνα
3483 4890 3585 4945 τοῦ
3614 4894 3817 4964 Κυρίου

2229 4974 2323 5028 καὶ
2376 4973 2634 5045 Σωτῆρος
2666 4975 2826 5046 ἡμῶν
2865 4974 3041 5046 ἰησοῦ
3072 4976 3335 5047 Χριστοῦ.

2300 5064 2364 5118 Εἰ
2392 5066 2450 5118 δὲ
2483 5064 2695 5135 λέγοιεν
2719 5069 2815 5121 καὶ
2851 5069 2899 5121 οἱ
2924 5069 3286 5140 Εἰκονομάχοι
3325 5070 3448 5133 ταῖς
3472 5070 3673 5134 αὑταῖς
3698 5074 3817 5127 τέσο

2228 5174 2423 5226 σαρσιν
2454 5157 2748 5213 ὑποθέσεσι
2788 5160 2850 5213 τὸ
2896 5161 3107 5214 ἑαυτῶν
3145 5161 3439 5231 κρατύνειν
3469 5162 3673 5236 δόγμα·
3711 5166 3817 5219 δειι

2227 5249 2475 5314 ξάτωσαν
2495 5244 2607 5304 οἷον
2637 5252 2731 5305 ἐπὶ
2754 5252 2849 5305 τοῦ
2881 5251 3101 5323 πρώτου
3122 5251 3442 5322 κεφαλαίου,
3470 5255 3625 5320 ὅπως
3643 5256 3813 5312 τοῦτο.

2225 5344 2463 5413 Πότερον
2522 5341 2686 5412 σῶμα
2712 5344 2957 5398 τοιοῦτον
2988 5342 3242 5413 λέγουσιν
3290 5339 3404 5397 οἷον
3454 5346 3741 5416 ὑπέδειξεν
3780 5352 3812 5421 ή

2222 5434 2473 5505 ἀλήθεια,
2517 5434 2639 5505 ἢοὺ
2662 5453 2677 5501 ;
2701 5437 2765 5489 Εἰ
2800 5435 2902 5507 μὲν
2930 5436 3196 5501 τοιοῦτον,
3230 5435 3326 5489 καὶ
3360 5435 3439 5506 μὴ
3475 5435 3813 5511 βουλόμενοι,

2217 5525 2745 5597 συνομολογήσουσιν
2800 5523 3225 5593 ὲξεικονίζεσθαι
3268 5525 3533 5597 Χριστόν.
3577 5529 3644 5584 Εἰ
3672 5530 3729 5585 δὲ
3758 5532 3815 5587 οὑ

1790 5699 1808 5730 ⁸
1840 5700 1896 5754 1η
1919 5700 2063 5779 “Vita
2117 5702 2177 5759 S.
2237 5702 2538 5772 Pancratii,
2573 5704 2717 5779 apud
2780 5701 3124 5771 Bollandutn,
3176 5718 3368 5761 mense
3415 5708 3619 5779 Aprili,
3655 5711 3743 5768 die
3764 5712 3812 5767 3.
