3990 6318
141 393 308 457 1305

1368 394 1908 456 EPISTOLARUM
1971 396 2124 462 LIB.
2156 400 2240 461 ll.

3303 398 3441 466 1306

135 511 430 568 τοιοῦτονο
488 509 816 581 λειπόμενόν
867 510 984 563 ἐστι
1033 510 1256 573 πάντως
1323 511 1506 580 λέγειν
1563 512 1725 566 αὑτοῦ

1828 545 1840 576 ι
1869 529 1998 569 vero
2029 515 2138 570 tale
2167 531 2274 571 non
2304 525 2388 571 est
2419 534 2434 582 ;
2470 515 2742 588 reliquum
2788 518 3016 572 omnino
3044 528 3128 573 est
3156 527 3213 571 ut
3259 519 3447 575 dicant

136 607 373 677 ἀναφὲς
418 623 478 658 τε
527 605 626 658 καὶ
679 604 924 674 ἄχροιον·
961 602 1169 657 τούτων
1198 603 1308 675 γάρ
1361 605 1528 675 μέσον
1570 604 1745 658 οὐδέν·

133 706 220 756 ὡς
243 703 376 756 οὐδὲ
408 700 596 755 ἐνύλου
631 700 725 754 καὶ
752 700 941 767 ἁΰλου,
967 702 1248 773 ὁρωμένου
1269 717 1326 754 τε
1358 700 1455 755 καὶ
1485 702 1744 773 ἀοράτου.

135 797 219 850 Τὸ
237 797 301 849 δὲ
330 793 575 848 τοιοῦτον
601 793 954 864 ἀνειληφέναι
985 794 1078 849 τὸν
1100 793 1339 866 Χριστὸν
1361 795 1523 865 σῶμα
1540 793 1744 863 λέγειν,

133 887 505 957 Μανιχαίων,
562 887 785 956 δοκήσει
835 889 932 941 καὶ
975 889 1260 960 φαντασίᾳ
1307 889 1408 960 τὴν
1476 889 1747 959 σωτήριον

133 982 400 1050 Χριστοῦ
430 982 743 1052 οἰκονομίαν
771 981 1197 1052 φληναφούντων
1219 981 1575 1051 γεγενῆσθαι.
1619 983 1745 1036 Ἐπὶ

130 1076 236 1129 τοῦ
270 1075 538 1144 δευτέρου
566 1119 580 1139 ,
630 1076 737 1129 κᾶν
767 1076 922 1129 αὐτοὶ
953 1075 1203 1129 σιωπῶσι
1249 1075 1350 1145 τὴν
1383 1074 1664 1144 ἀλήθειαν,
1694 1077 1744 1129 οἱ

131 1167 286 1220 λίθοι
321 1167 721 1237 κεκράξονται,
757 1169 859 1239 τὴν
890 1168 981 1236 ὑφ’
1009 1168 1145 1238 ἡλίῳ
1178 1170 1244 1238 τῇ
1297 1168 1466 1221 εἰκόνι
1499 1167 1741 1238 Χριστοῦ

131 1258 722 1330 περιαστράπτεσθαι.
763 1258 888 1312 Ἑπί
911 1258 1005 1311 τοῦ
1035 1259 1241 1328 τρίτου·
1274 1260 1332 1310 οἰ
1347 1257 1421 1326 τῷ
1455 1258 1743 1329 κορυφαίῳ

131 1351 380 1420 Πέτρῳ,
418 1350 512 1402 καὶ
543 1350 620 1420 τῷ
652 1350 877 1421 μεγάλῳ
915 1351 1182 1421 Βασιλείῳ
1217 1349 1739 1419 ἀντιδιατιθέμενοι.

127 1445 238 1513 τῆς
271 1441 453 1512 αὐλῆς
494 1440 731 1512 Χριστοῦ
761 1443 1110 1495 παντάπασιν
1153 1440 1451 1511 ἀλλότριοι.
1494 1441 1619 1494 Ἐπί
1645 1440 1740 1494 τοῦ

127 1537 437 1606 τετάρτου*
489 1537 521 1607 ἡ
569 1539 627 1588 ἐν
676 1535 1012 1605 Βλαχέρναις
1058 1536 1191 1604 παρ’
1235 1535 1422 1598 αὐτοῖς
1468 1533 1740 1607 λεγομένη

128 1629 366 1692 σύνοδος
398 1629 543 1682 κατὰ
571 1628 671 1697 τῆς
707 1628 916 1690 εἰκόνος
952 1627 1230 1699 Χριστοῦ,
1271 1625 1407 1681 πολὺ
1446 1645 1743 1696 μεταγενε-

129 1723 310 1792 στέρα
359 1721 460 1790 τῆς
511 1721 648 1790 μετά
699 1720 800 1791 τὴν
849 1719 1019 1792 ἕκτην
1051 1719 1540 1790 συναθροισθείσης
1595 1720 1739 1791 ὑπὲρ

124 1815 231 1884 τῆς
260 1814 479 1878 εἰκόνος
512 1812 773 1885 Χριστοῦ.
805 1813 917 1866 Καὶ
947 1814 980 1883 ἡ
1013 1813 1110 1883 μὲν
1141 1811 1547 1883 ἀποδεδεγμένη
1585 1811 1738 1882 παρὰ

1851 608 2012 664 iidem
2051 625 2202 664 :non
2236 626 2359 666 esse
2403 610 2534 666 illud
2582 611 2746 667 tactui
2808 621 2903 666 aut
2932 611 3102 667 colori
3127 611 3446 675 obnoxium,

1850 716 1976 755 nam
2013 701 2156 757 inter
2183 704 2298 758 haec
2339 705 2578 759 medium
2634 705 2771 760 nihil
2821 706 3090 770 interest,
3153 714 3216 760 ut
3269 719 3446 776 neque

1849 790 1991 846 inter
2019 791 2071 846 id
2101 792 2248 864 quod
2279 794 2511 849 materia
2575 802 2812 861 constat,
2849 805 2902 851 et
2934 797 2988 851 id
3042 795 3190 867 quod
3247 811 3444 863 eXpers

1848 884 2087 940 materiae
2124 894 2255 945 est:
2296 886 2441 942 inter
2479 887 2530 942 id
2560 889 2706 958 quod
2765 889 3025 952 videtur,
3074 896 3130 944 et
3201 887 3253 943 id
3292 889 3440 958 quod

1848 976 2016 1031 videri
2050 978 2258 1048 nequit.
2289 978 2420 1034 Tale
2454 989 2638 1035 autem
2703 981 2884 1036 dicere
2925 997 2953 1036 a
3000 981 3222 1037 Christo
3240 996 3439 1052 corpus

1845 1083 2211 1139 assumptum,
2237 1071 2661 1128 Manichaeorum
2710 1085 2814 1141 est,
2862 1077 3044 1145 specie
3079 1086 3242 1131 tenus
3294 1085 3347 1130 et
3381 1076 3436 1129 in

1845 1164 2228 1233 phantasmate
2259 1166 2554 1226 salutarem
2609 1168 2811 1222 Christi
2845 1168 3320 1238 dispensationem
3358 1168 3438 1221 la-

1846 1264 1986 1311 ctam
2016 1272 2139 1312 esse
2177 1259 2340 1313 stulte
2375 1260 2716 1330 nugantium.
2746 1261 2823 1314 Ad
2872 1261 3169 1316 secundum
3212 1279 3226 1315 :
3261 1276 3437 1330 quan-

1846 1351 2051 1405 tumvis
2083 1351 2162 1406 illi
2189 1353 2476 1407 veritatem
2515 1353 2738 1407 silentio
2798 1366 3075 1422 premant,
3103 1355 3314 1424 lapides
3347 1357 3433 1409 in-

1845 1442 2157 1498 clamabunt
2207 1445 2526 1500 universum
2593 1445 2780 1499 orbem
2815 1445 3018 1500 Christi
3061 1447 3295 1517 imagine
3324 1449 3438 1503 col-

1843 1531 2084 1585 lustrari.
2116 1531 2196 1587 Ad
2234 1534 2452 1588 tertium
2490 1551 2504 1588 :
2547 1533 2640 1604 qui
2681 1535 2974 1605 coryplneo
3027 1534 3208 1601 Petro,
3237 1548 3289 1591 et
3319 1553 3436 1591 ma-

1842 1640 1950 1694 gno
1983 1623 2183 1680 Basilio
2227 1627 2609 1690 adversantur,
2643 1638 2773 1682 sunt
2808 1629 2883 1680 illi
2935 1643 3160 1698 prorsus
3184 1631 3252 1683 ab
3306 1631 3430 1686 ovili

1840 1714 2043 1771 Christi
2105 1717 2292 1773 alieni.
2326 1719 2410 1773 Ad
2478 1730 2737 1790 quartum
2782 1738 2796 1776 :
2841 1720 3094 1793 Synodus
3126 1722 3212 1776 illa
3269 1739 3430 1792 quam

1842 1809 1930 1864 isti
1968 1810 2020 1864 in
2066 1809 2390 1868 Blachernis
2431 1822 2656 1879 vocant,
2705 1815 2972 1870 adversus
3006 1814 3210 1870 Christi
3241 1817 3429 1887 imagi-

124 1868 246 1969 τοῖς
278 1868 861 1977 πέντευπατριάρχαις·
894 1868 1548 1975 ηδὲιάναθεματιζομένη
1583 1868 1725 1976 παρὰ

1839 1918 1962 1955 nem
1999 1943 2014 1967 ,
2077 1903 2253 1958 multo
2307 1905 2583 1973 posterior
2639 1915 2723 1960 est
2770 1922 2832 1961 ea
2887 1923 3009 1976 quae
3051 1919 3172 1978 post
3218 1918 3422 1964 sextam

124 2000 244 2061 τοῖς
284 1999 588 2068 τέσσαρσιν
626 1997 701 2060 ὼς
740 1995 1148 2067 Χριστομάχος.
1200 1993 1434 2048 Ἔπειτα
1466 1995 1561 2048 καὶ
1599 1996 1633 2067 ὴ
1674 1997 1735 2048 ἐν

123 2089 349 2161 Νικαίᾳ
382 2089 446 2142 τὸ
473 2087 750 2161 δεύτερον,
782 2088 858 2152 ὡς
885 2088 1146 2159 ὁμόφρων
1178 2089 1245 2157 τῇ
1274 2086 1414 2156 μετὰ
1437 2086 1536 2156 τὴν
1565 2087 1733 2158 ἕκτην

126 2183 367 2252 συνόδῳ,
400 2181 726 2253 εὐπρόσιτος
749 2179 901 2254 παρά
931 2182 1048 2245 τοῖς
1075 2181 1310 2250 πέντε’ή
1335 2178 1390 2231 δὲ
1422 2177 1517 2233 νῦν
1547 2179 1736 2248 ἀθροι-

127 2275 332 2327 σθεῖσα
367 2273 464 2326 ἐπὶ
513 2271 804 2344 βεϐαιώσει
847 2276 947 2344 τῆς
986 2275 1045 2326 ἐν
1081 2271 1420 2341 Βλαχέρναις
1461 2271 1603 2324 κατά
1633 2272 1734 2341 τῆς

123 2369 344 2430 εἰκόνος
368 2365 632 2437 Χριστοῦ,
665 2367 1014 2428 ἀπόπτυστος
1033 2365 1108 2429 ὼς
1140 2365 1393 2435 κάκείνη.
1429 2363 1578 2434 Λῦτη
1611 2381 1727 2418 τοι-

122 2460 342 2528 γαροῦν
381 2459 648 2530 σύντομος
670 2458 928 2521 ἀπόδοσις
955 2458 1057 2528 τῆς
1081 2456 1360 2528 ἀληθείας,
1387 2456 1482 2509 καὶ
1508 2456 1727 2527 ἔλεγχος

122 2550 237 2602 τῶν
267 2549 557 2603 ἐναντίων.

1837 2000 2026 2046 coacta
2060 2003 2147 2048 est
2178 2008 2277 2062 pro
2299 1992 2505 2048 Christi
2541 1995 2798 2066 imagine.
2830 1997 2997 2066 Atqui
3058 1997 3172 2052 bmc
3203 1999 3419 2068 quidem

1835 2094 2052 2154 recepta
2085 2094 2169 2140 εει
2219 2100 2250 2140 a
2300 2085 2544 2156 quinque
2592 2089 2975 2157 patriarcliis:
3031 2091 3120 2144 illa
3170 2101 3348 2144 autem
3388 2108 3420 2148 a

1835 2186 2074 2246 quatuor
2131 2179 2483 2234 anathemate
2534 2180 2818 2248 damnata,
2876 2192 3138 2252 tanquam
3201 2183 3418 2237 inimica

1835 2269 2075 2325 Christo.
2111 2269 2318 2327 Deinde
2350 2281 2404 2326 et
2447 2270 2665 2326 Niczcna
2719 2273 2916 2340 altera,
2948 2282 3138 2343 utpote
3171 2273 3220 2328 ei
3283 2290 3418 2330 con-

1833 2362 2098 2430 sentiens,
2130 2379 2254 2433 qua:
2285 2373 2407 2434 post
2429 2373 2639 2419 sextam
2665 2365 2890 2430 dicitur,
2924 2365 3082 2422 facile
3103 2382 3132 2422 a
3171 2367 3416 2438 quinque

1832 2456 2140 2510 admittitur
2169 2471 2184 2511 :
2225 2471 2350 2526 quae
2380 2471 2509 2512 vero
2542 2474 2688 2513 nunc
2726 2468 3056 2529 congregata
3083 2467 3167 2515 est
3195 2460 3260 2514 ad
3286 2475 3418 2514 con-

1833 2548 2194 2602 ﬁrmationem
2237 2549 2383 2604 illius
2437 2563 2561 2619 qua:
2611 2550 2663 2603 in
2722 2549 3040 2606 Blachernis
3075 2552 3370 2620 appellatur
3398 2591 3414 2615 ,

124 2646 407 2698 adversus
479 2642 772 2713 imaginem
829 2640 1080 2704 Christi;
1153 2639 1512 2706 detestabilis,
1548 2640 1625 2695 uti
1677 2648 1732 2696 et
1770 2639 1882 2706 illa,
1947 2649 2052 2695 est.
2113 2639 2238 2696 llaec
2305 2642 2473 2712 igitur
2515 2641 2922 2712 compendiaria
2977 2642 3247 2712 expositio
3275 2641 3416 2697 veri-

127 2737 284 2802 tatis,
315 2742 378 2788 el
401 2734 850 2788 adversariorum
879 2731 1178 2786 c0nlutatiu
1208 2741 1308 2786 est.

389 2825 510 2880 Ol".
547 2853 620 2863 —-
651 2823 1004 2891 Ναυκρατίῳ
1041 2823 1250 2887 τέκνῳ.
1288 2822 1476 2893 [υἱ-ιαβῖ

2209 2817 2443 2872 LXXIII.
2479 2848 2550 2860 --
2577 2819 2874 2874 Naucratio
2926 2823 3061 2892 ﬁlio.

508 2940 585 2990 De
609 2936 796 2987 Leonis
817 2937 1022 2988 ιιι-ιηεηί
1049 2937 1440 2986 orthodoxorum
1465 2934 1804 2999 persecutoris
1824 2935 2168 2984 immanissimi
2205 2947 2380 2983 onere.
2417 2936 2622 2995 (Baron.
2657 2950 2716 2985 an
2765 2937 2876 2989 εει.
2899 2951 2946 2986 n.
2970 2937 3075 2991 25.)

195 3025 272 3078 Τὸ
312 3025 414 3094 μὲν
474 3023 620 3093 ἱερὸν
664 3021 902 3093 γράμμα
954 3020 1125 3091 φησί’
1190 3019 1362 3086 Φωνὴ
1405 3020 1474 3072 ἐν
1535 3016 1719 3086 Ῥαμᾷ
1751 3025 1795 3082 (ζ

126 3121 406 3186 ἠκούσθη
435 3158 450 3180 .
497 3115 721 3186 θρῆνος
757 3115 857 3167 καὶ
911 3113 1169 3182 ὀδυρμὸς
1210 3114 1424 3178 πολύς.
1487 3111 1717 3179 Ῥαχὴλ

126 3213 438 3264 κλαίουσα
469 3209 542 3261 τὰ
569 3206 752 3260 τέκνα
782 3202 973 3272 αὐτῆς
992 3245 1006 3269 ,
1039 3203 1138 3256 καὶ
1168 3205 1280 3257 οὐκ
1319 3203 1498 3271 ἤθελε
1526 3217 1716 3269 παρα-

128 3302 456 3371 κληθῆναι.
501 3298 717 3367 Ἐγὼδὲ
741 3299 769 3350 ὁ
788 3297 958 3358 τάλας
986 3294 1341 3366 μεθαρμόσας
1373 3294 1472 3364 τὴν
1508 3292 1713 3362 φωνὴν,

127 3399 304 3448 ἐκεῖνο
322 3394 391 3448 ἂν
423 3393 654 3455 εἰκότως
684 3391 979 3461 φράσαιμυ
1011 3389 1199 3458 Χαρᾶς
1221 3387 1514 3454 εὐαγγέλια
1546 3383 1714 3455 quou-

130 3487 230 3556 σθη
283 3489 421 3558 ἡμῖν
451 3484 604 3556 παρὰ
635 3482 737 3553 τῆς
776 3479 1088 3553 τιμιότητός
1126 3496 1218 3531 σου
1240 3493 1255 3508 ο
1291 3479 1378 3545 ἐφ’
1415 3469 1458 3544 ᾧ
1487 3475 1716 3545 σκιρτᾷν

127 3575 293 3637 ἐστιν,
333 3575 396 3628 οὐ
435 3575 534 3644 τὴν
561 3573 715 3626 πόλιν
747 3571 925 3641 τήνδε,
963 3573 994 3640 ἢ
1026 3569 1206 3640 τήνδε’
1251 3568 1387 3621 ἀλλά
1419 3567 1602 3637 σχεδὸν
1633 3567 1714 3618 εί-

129 3671 250 3720 πεῖν
281 3669 504 3722 ἃπασαν
532 3666 632 3736 τὴν
666 3665 758 3717 ὑπ’
789 3665 1019 3734 οὐρανόν
1045 3680 1055 3691 '
1087 3662 1171 3714 ὃτι
1221 3659 1437 3712 καθεῖλε
1467 3658 1672 3729 Κύριος
1694 3695 1709 3721 ,

127 3763 185 3812 οὑ
212 3761 303 3813 τὸν
334 3760 495 3829 Σηὼν
529 3757 751 3828 βασιλέα
776 3756 884 3809 τῶν
930 3753 1295 3825 Ἀμορραίωνο
1326 3751 1446 3804 οὐδὲ
1483 3752 1574 3804 τον
1613 3751 1713 3817 ’Ὡγ

131 3852 356 3919 βασιλέα
386 3853 488 3920 τῆς
550 3848 753 3913 Βασάν,
810 3847 1051 3916 βασιλεῖς
1088 3843 1321 3915 μικροὺς
1347 3883 1360 3905 ,
1393 3841 1488 3895 καὶ
1517 3841 1714 3911 μικρὸν

132 3945 296 4013 μέρος
320 3945 421 4012 τῆς
449 3941 777 4012 οἰκουμένης
793 3939 1164 3998 ἐκθλίϐοντας·
1190 3934 1326 3987 ἀλλὰ
1357 3934 1450 3986 τὸν
1476 3933 1712 4002 νεοφανῆ

129 4037 220 4088 καὶ
254 4037 431 4105 μέγαν
457 4037 748 4106 δράκοντα,
785 4031 880 4084 καὶ
915 4028 1114 4099 πολλὴν
1138 4026 1468 4096 οἰκουμένην
1499 4024 1714 4094 ληῒζον-

126 4146 212 4180 ταο
247 4132 341 4183 τὸν
391 4129 606 4184 σκολιὸν
637 4128 760 4194 ὅφιν
807 4125 904 4177 καὶ
945 4121 1238 4193 συρίζοντα
1287 4119 1581 4190 βλάσφημα
1608 4131 1622 4146 ⁶
1654 4114 1715 4168 τὺ

130 4220 402 4290 βδέλυγμα
432 4222 534 4290 τῆς
564 4216 918 4290 ἐρημώσεως⁸
953 4214 1015 4266 τὸ
1050 4210 1245 4273 σκεῦος
1274 4210 1374 4279 τῆς
1401 4209 1592 4279 ὀργῆς·
1623 4207 1715 4259 τὸν

130 4311 237 4363 υἱὸν
288 4313 386 4366 τοῦ
445 4311 702 4382 Ταϐεήλ·
751 4309 841 4362 ἵνα.
880 4307 955 4378 μὴ
1002 4306 1144 4373 λέγω
1193 4301 1570 4358 Καϐαλλίνου·
1622 4299 1713 4350 τὸν

1937 3016 2231 3071 Sacrarum
2269 3017 2571 3071 litterarum
2605 3019 2766 3072 verba
2811 3028 2982 3073 sunt:
3021 3019 3131 3073 Vox
3159 3023 3211 3073 in
3247 3021 3412 3077 Roma

1819 3110 2006 3162 audita
2036 3121 2136 3174 est,
2165 3111 2410 3179 ploratus
2450 3120 2500 3164 et
2533 3111 2773 3164 ululatus
2808 3113 3004 3167 multus
3035 3130 3054 3168 :
3084 3112 3278 3168 Rachel
3305 3117 3413 3186 plo-

1817 3219 1942 3255 rans
1972 3203 2112 3268 ﬁlios
2177 3219 2322 3268 suos,
2354 3213 2404 3257 et
2452 3205 2620 3257 uoluit
2674 3206 2946 3258 consolari
2987 3207 3042 3260 ⁷.
3104 3205 3217 3277 Ego
3270 3225 3401 3262 vero

1817 3293 2001 3348 infelix
2033 3310 2168 3349 voce
2200 3305 2554 3361 commutata,
2583 3297 2708 3366 jure
2753 3297 2883 3352 illud
2919 3299 3184 3354 dixerim:
3215 3298 3408 3358 Gaudii

1815 3387 1990 3442 fausta
2025 3390 2215 3442 nuntia
2248 3390 2406 3444 nobis
2435 3389 2618 3444 audita
2653 3401 2783 3446 sunt
2812 3407 2878 3445 ex
2912 3394 3228 3460 reverentia
3284 3406 3398 3459 tua,

1813 3497 2048 3551 quorum
2068 3483 2242 3552 gratia
2273 3484 2534 3550 exsultet,
2598 3499 2705 3538 non
2744 3485 2938 3540 civitas
2971 3488 3086 3541 haec
3136 3497 3230 3542 aut
3282 3490 3404 3552 illa,

1813 3575 1908 3628 Sed
1960 3590 2128 3644 prope
2157 3575 2335 3630 dicam
2393 3591 2516 3645 quae
2570 3579 2673 3631 sub
2707 3578 2848 3632 caelo
2911 3589 3040 3634 sunt
3103 3583 3401 3650 universae;

1813 3662 1940 3731 quia
1985 3663 2206 3717 sustulit
2243 3662 2531 3730 Dominus,
2595 3679 2704 3718 non
2755 3665 2934 3721 Sehon
2975 3683 3156 3738 regem
3208 3670 3408 3724 Amor-

1813 3755 2109 3819 rbaeorum,
2144 3771 2324 3823 neque
2361 3754 2441 3824 0g
2477 3772 2660 3826 regem
2729 3757 2931 3824 Basan,
2964 3774 3121 3830 reges
3179 3778 3400 3832 parvos,

1813 3855 1867 3900 et
1895 3862 2115 3916 parvam
2151 3847 2302 3902 orbis
2361 3857 2569 3915 partem
2629 3859 2892 3905 vexantes
2945 3851 3017 3918 ⁸;
3079 3852 3171 3907 sed
3231 3865 3403 3924 nuper

1812 3951 2064 3994 exortum
2097 3956 2354 4010 magnum
2383 3941 2699 4006 draconem,
2733 3952 2789 3998 et
2819 3960 3070 4014 magnam
3098 3947 3244 4001 orbis
3274 3964 3401 4018 par-

1815 4039 1920 4084 tem
1953 4031 2304 4101 populantem
2333 4049 2347 4086 :
2376 4041 2685 4087 tortuosum
2712 4042 3021 4102 serpentem
3064 4047 3119 4090 et
3147 4037 3401 4107 blasphe-

1815 4137 1900 4174 ma
1971 4123 2280 4175 sibilantem
2311 4160 2328 4185 ,
2393 4121 2854 4176 abominationem
2899 4122 3276 4190 desolationis,
3303 4142 3400 4183 vas

1814 4213 1926 4277 irae,
1976 4215 2146 4268 lilium
2175 4213 2396 4277 'l'abeel,
2433 4229 2499 4267 ne
2554 4215 2730 4268 dicam
2780 4213 3089 4283 Caballini,
3148 4229 3399 4288 nepotem

1815 4306 2021 4370 Achab,
2051 4305 2570 4376 Julianiexemplar,
2599 4306 3055 4376 complementum
3082 4310 3229 4372 mali,
3262 4326 3399 4364 con-

127 4402 394 4470 ἀπόγονον
420 4405 520 4457 τοῦ
560 4375 788 4473 Ἀχαάϐο
816 4375 891 4454 τὸν
910 4375 1277 4469 ἐξεμπλάριον
1314 4391 1620 4448 Ἰουλιανοῦ·
1651 4389 1712 4444 τὸ

1828 4399 2167 4452 lumeliosum
2203 4398 2255 4453 in
2286 4397 2586 4465 Christum,
2619 4399 2866 4469 Deiparaa
2921 4401 3158 4468 hostem,
3205 4403 3398 4458 adver-

130 4492 399 4562 πλήρωμα
430 4493 527 4547 τοῦ
570 4491 845 4562 πονηροῦ⁶
879 4491 972 4544 τὸν
1004 4487 1267 4560 ὑϐριστὴν
1313 4483 1548 4555 Χριστοῦ
1575 4497 1588 4510 ·
1617 4482 1708 4534 τὸν

131 4585 315 4654 ἐχθρὸν
348 4587 448 4655 τῆς
495 4584 761 4639 Θεοτόκου
785 4600 800 4612 ·
845 4583 937 4634 τὸν
989 4579 1281 4634 ἀντίπαλον
1309 4577 1418 4628 τῶν
1449 4575 1707 4628 ἁπάντων

131 4671 315 4737 ἁγίων.
351 4666 454 4725 Ὧν
481 4672 592 4741 γὰρ
623 4671 752 4731 τοὺς
784 4669 1018 4730 σεπτοὺς
1041 4667 1393 4738 χαρακτῆρας
1428 4662 1613 4726 ὲδίωξέ
1643 4680 1703 4716 τε

131 4763 220 4812 καὶ
248 4764 478 4832 ἠφάνισε
500 4806 515 4829 ,
552 4763 797 4832 δηλονότι
834 4759 1046 4813 τούτων
1082 4757 1341 4818 ὁλοτελῶς
1386 4755 1578 4825 ἐχθρὸς
1611 4755 1705 4808 καὶ

131 4851 357 4924 διώκτης
392 4856 788 4927 ἐχρημάτισεν.
843 4850 1399 4921 Εὑφραινέσθωσαν
1433 4850 1485 4899 ol
1527 4851 1704 4914 οὐρα-

1817 4490 2021 4545 sarium
2057 4498 2373 4545 sanctorum
2393 4492 2656 4544 omnium.
2712 4490 2958 4556 Quorum
3017 4493 3164 4545 enim
3211 4509 3398 4549 sacros

1813 4583 2157 4638 characteres
2217 4593 2534 4650 persecutus
2568 4593 2671 4648 est,
2703 4593 2758 4636 et
2802 4598 2832 4636 ε
2895 4583 3076 4636 medio
3135 4585 3394 4650 sustulit;

1811 4688 2000 4728 eorum
2048 4675 2238 4744 procul
2283 4673 2450 4727 dubio
2506 4673 2679 4727 hostis
2734 4674 2955 4742 penitus
2987 4681 3041 4726 et
3081 4685 3396 4740 persecutor

1813 4765 1935 4819 fuit.
1968 4765 2238 4821 Laetamur
2274 4767 2388 4819 caeli
2410 4775 2460 4819 et
2506 4765 2729 4818 exsultet
2775 4775 2914 4817 terra
2947 4765 3009 4816 ’:
3045 4764 3211 4831 ﬂuant
3244 4782 3391 4818 mou-

1811 4867 1889 4912 tes
1914 4846 2280 4924 dulcedinem,
2323 4869 2373 4912 et
2417 4857 2574 4911 colles
2606 4858 2877 4925 justitiam
2916 4855 2961 4886 ¹⁶
2995 4893 3011 4909 .
3068 4854 3271 4910 Cecidit
3295 4858 3393 4911 ho-

131 4949 241 5011 νοί,
271 4951 369 5002 καί
407 4949 798 5021 ἀγαλλιᾶσθε)
830 4947 868 5014 ἡ
923 4945 999 5015 γῆ
1020 4961 1035 4974 ·
1063 4942 1424 5011 ῥανάτωσαν
1469 4940 1544 4993 τὰ
1592 4939 1699 5006 ὄρη

1828 4954 1906 5006 ιιὶε
1939 4970 1952 5006 :
1985 4954 2252 5007 contritus
2276 4952 2469 5019 estqui
2508 4965 2604 5003 nos
2632 4950 2873 5003 caedebat
2901 4964 2914 5001 :
2951 4946 3283 5001 Obstructum
3313 4961 3390 5004 est

132 5041 504 5112 γλυκασμὸν,
543 5041 641 5096 καί
674 5042 729 5095 οἱ
751 5037 971 5104 ,ϐουνοί
1012 5035 1430 5102 δικαιοσύνην.
1474 5033 1700 5085 Πέπτω-

1828 5061 1861 5096 νε
1894 5045 2108 5114 loquens
2139 5045 2321 5113 iniqua
2354 5044 2394 5073 ¹¹
2432 5057 2724 5111 ;repressa
2781 5057 2976 5096 manus
3025 5041 3382 5097 Abessalom:

135 5145 224 5180 κεν
246 5135 274 5185 ὁ
299 5136 514 5206 ἐχθρός·
547 5132 837 5204 συνετρίϐη
862 5133 890 5183 ό
910 5129 1128 5182 κόπτων
1158 5128 1324 5198 ἡμᾶς.
1369 5122 1700 5193 Ἐνεερράῖη

1828 5138 1961 5191 periit
1990 5137 2163 5190 durtts
2189 5136 2353 5190 corde
2375 5133 2590 5187 Pharao
2623 5151 2636 5187 :
2674 5145 2727 5188 et
2781 5136 3017 5186 nondum
3061 5135 3194 5189 mihi
3249 5145 3384 5190 tem-

135 5221 323 5287 στόμα
349 5225 588 5280 λαλοῦν
629 5223 826 5276 ἀδίκου
863 5216 1132 5287 ἐπεσχέθη
1163 5215 1285 5285 χεὶρ
1326 5210 1701 5281 Ἀϐεσσαλώμο

1800 5244 1902 5298 pus
1936 5244 2036 5282 nec
2079 5229 2256 5294 locus,
2292 5236 2351 5282 ut
2397 5226 2584 5281 auditu
2609 5227 2769 5297 digna
2813 5227 3032 5296 eloquar
3052 5228 3120 5281 de
3150 5228 3386 5296 pessimo

136 5307 332 5378 οἴχεται
357 5317 386 5368 ό
417 5316 844 5388 σκληροκάρδιος
888 5309 1106 5382 Φαραώ’
1143 5309 1236 5361 καὶ
1268 5307 1419 5358 οὔπω
1454 5321 1542 5375 μοι
1581 5320 1706 5356 καθ’
1801 5322 2061 5377 dracone.

142 5398 227 5465 ρδς
271 5405 361 5456 καλ
388 5407 551 5471 τόπος
595 5409 876 5479 ἐκφράσαι
906 5406 975 5459 τὰ
1001 5405 1170 5474 ἀκοῆς
1201 5401 1326 5467 ἀξια
1356 5398 1449 5454 τοῦ
1483 5413 1706 5466 παγκα-

141 5490 315 5546 κίστου
350 5496 662 5569 δράκοντος.

218 5581 416 5642 Ἐκεῖνο
452 5591 511 5643 δέ
553 5590 850 5663 προσθείην
888 5591 999 5651 τοῖς
1029 5586 1337 5658 εἰρημένοις
1361 5600 1376 5614 θ
1410 5584 1493 5637 ὅτι
1528 5581 1697 5652 ἐχρῆν

141 5671 226 5727 τδν
245 5676 552 5754 ἀποστάτην
570 5683 801 5753 τοιούτῳ
823 5681 1011 5751 τρόπῳ
1035 5679 1178 5732 καθά
1206 5679 1489 5748 γέγραφας
1497 5716 1511 5742 ν
1530 5678 1700 5748 ἀπίῳ·

208 5787 466 5862 '_Jerem.
512 5794 749 5862 xxxt,l5
785 5791 1018 5858 ;Mattlt.
1049 5807 1084 5844 ll
1133 5791 1220 5862 18.

149 5849 280 5913 l‘sal.
326 5878 464 5933 uxr,
492 5849 696 5923 Sit—7'“
727 5849 873 5920 νέοι.
918 5876 1050 5926 uti,
1091 5861 1178 5918 12.

1326 5793 1347 5823 ’³
1408 5789 1568 5844 Num.
1609 5802 1721 5851 ut,
1775 5801 1903 5842 ntv
1928 5794 1983 5840 et
2040 5800 2226 5841 xxnv.

1879 5581 1990 5636 Hoc
2018 5596 2149 5635 vero
2183 5580 2438 5650 adjiciam
2481 5579 2548 5633 ad
2595 5595 2657 5634 ea
2703 5595 2825 5650 qua!
2860 5579 2971 5636 dixi
3020 5598 3034 5634 :
3074 5580 3384 5651 Oportuisse

1807 5682 2112 5743 apostatam
2151 5687 2218 5726 eo
2233 5686 2342 5743 quo
2359 5670 2621 5741 scripsisti
2656 5672 2818 5726 modo
2845 5672 3010 5728 vitam
3030 5672 3378 5746 abrumpere.

2335 5787 2357 5818 θ
2397 5780 2542 5838 Psal.
2575 5797 2696 5851 xcv,
2729 5784 2810 5838 ll.
2922 5784 2964 5816 ¹⁰
2995 5781 3113 5840 Joel
3140 5801 3196 5840 ιιι
3230 5826 3244 5851 ,
3285 5787 3376 5850 18;
