3990 6318
552 358 690 423 1307

1760 369 1822 429 S.
1854 366 2253 430 THEODORI
2293 366 2436 428 STU
2446 368 2642 427 DIT.’E

3734 361 3880 427 1308

546 472 849 545 Oportebat
933 491 1095 537 noctu
1153 483 1503 540 tenebrarum
1550 483 1724 538 [ilium
1764 487 2139 539 occumbere:

2265 480 2408 551 Βῆξαι
2438 479 2536 552 τὴν
2573 480 2744 552 ζωήν.
2775 482 2924 537 Ἔδει
2953 485 3014 539 ἐν
3030 485 3187 540 νυκτὶ
3215 485 3311 541 τὸν
3347 483 3445 538 τοῦ
3482 482 3730 545 σκότους
3755 483 3877 538 υἱὸν

548 574 838 639 oportebat
871 591 995 631 eum
1018 619 1034 643 ,
1066 578 1161 649 qui
1212 578 1398 634 divina
1432 579 1633 649 templa
1716 579 2049 646 devastarat,
2088 581 2142 634 in

552 659 769 718 Domini
834 668 1041 737 templo
1101 668 1335 725 nudatos
1392 671 1448 725 in
1495 686 1555 727 se
1613 672 1825 743 gladios
1871 690 2144 731 cernere:

549 754 837 822 Oportebat
898 758 969 813 ad
1024 757 1278 814 divinum
1333 761 1509 819 altare
1572 765 1980 837 confugientem
2037 784 2145 823 nou

552 845 803 914 salvari,
836 850 929 918 qui
993 851 1167 909 altare
1208 854 1389 924 ipsum
1453 857 1809 917 destruxerat
1838 877 1858 918 :
1904 863 1960 917 in
2023 878 2145 918 eam

553 953 776 994 manum
802 982 817 1006 ,
849 958 972 1011 qua:
1009 954 1237 1002 extensa
1272 948 1326 1001 in
1369 959 1559 1006 sancta
1594 948 1811 1020 fuerat,
1848 955 2147 1010 sectionem

552 1032 741 1086 inferri
776 1053 790 1088 :
838 1034 894 1089 in
923 1036 1117 1093 fauces
1148 1056 1271 1110 qua:
1304 1042 1472 1112 impia
1505 1055 1843 1113 eructarant,
1906 1047 2146 1117 gladium

550 1125 859 1199 distringi:
922 1131 975 1185 iu
1022 1132 1318 1189 humerum
1382 1137 1502 1207 ejus
1556 1140 1652 1209 qui
1738 1142 2146 1197 contumeliose

550 1218 773 1277 Christo
803 1223 1123 1292 insultabat,
1154 1239 1526 1299 Opportunum
1552 1233 1757 1291 vulnus
1814 1234 1985 1307 inﬂigi
2014 1254 2026 1290 :
2051 1251 2150 1305 pro

548 1311 681 1382 justi
701 1317 985 1385 sanguinis
1015 1319 1306 1389 effusione,
1339 1325 1605 1395 injustum
1636 1329 1956 1399 sanguinein
1992 1346 2150 1399 spar-

554 1406 607 1475 gi
642 1425 655 1461 :
698 1423 798 1477 pro
864 1413 1108 1468 sectione
1151 1425 1207 1470 et
1242 1417 1601 1476 dilaniatioue
1640 1424 2011 1479 membrorum
2066 1436 2150 1479 at-

555 1514 666 1568 que
710 1508 1015 1572 tergorum,
1061 1506 1235 1564 invisa
1278 1509 1390 1565 Deo
1438 1513 1683 1569 membra
1735 1517 1999 1572 concidi:
2053 1534 2152 1589 pro

556 1601 734 1644 morte
768 1607 957 1648 sancta
985 1597 1205 1667 impiam
1240 1611 1473 1658 mortem
1495 1605 1775 1661 exhiberi:
1821 1617 1876 1662 et
1901 1625 2001 1680 pro
2032 1627 2155 1681 pur-

558 1692 698 1748 pura
762 1688 1090 1744 centonibus
1137 1690 1287 1747 indui
1328 1709 1519 1752 semen
1555 1698 1870 1769 inglorium.
1904 1702 2014 1759 Nec
2064 1721 2154 1761 ve-

559 1787 625 1827 ro
657 1774 724 1829 de
762 1791 892 1832 casu
932 1780 1086 1851 impii
1121 1785 1389 1854 gaudens,
1443 1790 1574 1859 quin
1595 1808 1816 1863 gemens
1847 1804 1901 1850 et
1936 1797 2150 1867 lugens,

2253 574 2680 629 ὲπικαταλαϐεῖν
2713 574 2949 631 θάνατον
2975 594 2989 609 ·
3016 578 3124 633 ἔδει
3171 580 3265 635 τὸν
3300 581 3434 645 τοὺς
3480 578 3675 641 θείους
3704 578 3878 640 ναοὺς

2254 666 2655 737 ἐρημώσαντα,
2692 670 2749 722 ἐν
2797 669 2913 741 ναῷ
2964 672 3175 742 Κυρίου
3225 674 3358 727 ἰδεῖν
3407 672 3479 727 τὰ
3523 672 3655 725 κατ’
3699 668 3873 723 αὐτοῦ

2255 756 2383 826 ξίφη
2411 758 2787 827 γυμνούμενα·
2824 759 2934 813 ἔδει
2965 764 3357 831 προσφυγόντα
3381 762 3468 834 τῷ
3494 762 3633 833 θείῳ
3668 762 3873 815 θυσια-

2255 850 2465 921 στηρίῳ
2494 852 2570 921 μὴ
2605 851 2847 921 σωθῆναι
2873 852 2966 906 τὸν
2999 853 3159 907 τοῦτο
3188 856 3554 923 ἀφανίσαντα·
3592 853 3751 907 κατὰ
3776 854 3875 922 τῆς

2255 930 2337 1007 είς
2389 945 2457 999 τὰ
2493 944 2626 1012 ἅγια
2680 945 3008 1018 ἐκταθείσης
3060 947 3248 1018 χειρὸς
3294 949 3472 1020 τομὴν
3517 947 3873 1017 ἐπαχθῆναι·

2255 1039 2397 1091 κατά
2423 1038 2517 1091 τοῦ
2541 1039 2815 1110 λάρυγγος
2845 1039 2940 1113 τοῦ
2970 1040 3339 1112 ὲρευξαμένου
3367 1030 3526 1106 ἄθεα,
3576 1042 3872 1113 μάχαιραν

2256 1131 2502 1185 διελάσαι
2524 1146 2537 1160 ·
2570 1131 2713 1185 κατά
2739 1131 2835 1185 τοῦ
2874 1110 3029 1203 ὤμου
3062 1132 3159 1187 τοῦ
3180 1110 3536 1205 Ῠπαλλομένου
3579 1110 3873 1203 έφίίῦϐρει

2257 1220 2529 1293 Χριστοῦ,
2558 1222 2781 1291 καιρίαν
2804 1222 3019 1296 πληγὴν
3064 1224 3326 1279 ὑποδῦναι
3354 1240 3367 1254 ·
3392 1226 3535 1296 ὑπὲρ
3569 1225 3867 1295 ὲκχύσεως

2258 1314 2508 1384 αἱμάτων
2542 1315 2770 1369 δικαίων
2813 1310 2956 1385 αἷμα.
3004 1317 3190 1372 ἄδικον
3217 1316 3445 1389 χεθῆναι
3471 1333 3486 1346 ·
3522 1318 3652 1370 ἀντὶ
3684 1316 3873 1387 κοπῆς

2258 1406 2352 1457 καὶ
2390 1405 2610 1476 ξεσμῶν
2654 1406 2834 1477 μελῶν
2864 1408 2959 1462 καὶ
3016 1410 3225 1474 νώτων,
3272 1409 3412 1481 μέλη
3457 1413 3709 1479 κοπῆναι
3747 1411 3869 1463 Osco

2259 1499 2432 1567 στυγῆ
2453 1514 2468 1529 ·
2503 1500 2627 1553 ἀντὶ
2656 1500 2890 1555 Θανάτου
2921 1501 3093 1566 ὁσίου,
3121 1503 3338 1555 ἀνόσιον
3373 1502 3612 1557 θάνατον
3643 1502 3873 1556 ἀποδει-

2259 1586 2490 1660 χθῆναι,
2532 1590 2627 1643 καὶ
2674 1592 2795 1645 ἀντὶ
2827 1593 3163 1664 πορφυρίδος
3220 1593 3388 1665 ῥάκος
3437 1593 3872 1647 ἐνδύσασθαι-εδ

2260 1682 2456 1750 ἄτιμον
2498 1685 2742 1755 σπέρμα.
2776 1686 2888 1739 Καὶ
2913 1687 3014 1740 οὑκ
3041 1686 3462 1756 ὲπιχαιρὸμενος
3492 1686 3571 1757 τῷ
3600 1686 3870 1757 πτώματι

2259 1774 2355 1827 τοῦ
2388 1774 2620 1841 ἀσεϐοῦς
2640 1818 2655 1843 ,
2681 1778 2806 1830 ἐπεὶ
2851 1780 2945 1832 καὶ
2977 1782 3181 1833 στένων
3211 1779 3307 1832 καὶ
3338 1778 3569 1847 κλαίων,
3606 1780 3871 1851 κωμῳὸιῦ

561 1874 758 1926 mortis
803 1888 973 1942 genus
994 1876 1192 1946 sugillo
1226 1897 1238 1932 :
1275 1880 1370 1934 sed
1426 1882 1557 1951 quia
1604 1885 1781 1940 malus
1827 1889 1971 1944 male
2030 1905 2153 1961 per-

2265 1868 2346 1921 τὸν
2371 1868 2573 1939 τρόπον
2594 1868 2688 1922 τοῦ
2718 1869 2951 1925 Θανάτου
2979 1888 2993 1902 ·
3026 1872 3140 1924 ἀλλ’
3195 1873 3277 1926 ὅτι
3316 1873 3487 1936 κακὸς
3515 1872 3718 1936 κακῶς
3766 1875 3873 1927 ἁπ-

561 1963 757 2028 ibit,ut
779 1966 993 2021 veracis
1017 1977 1101 2022 est
1141 1971 1410 2027 sententia
1450 1974 1491 2004 ¹¹
1522 1991 1535 2027 :
1562 1984 1617 2028 et
1637 1979 1819 2032 omnis
1852 1981 1948 2049 qui
1972 1995 2161 2039 contra

561 2056 735 2114 Deum
812 2067 1067 2129 proterve
1122 2062 1381 2135 insurgit,
1439 2068 1709 2140 condigna
1765 2070 1927 2130 factis
1986 2076 2164 2146 capiet

562 2153 726 2207 etiam
763 2153 872 2208 hic.
908 2154 1149 2210 Necdum
1178 2159 1325 2213 enim
1347 2159 1472 2217 dico
1507 2160 1755 2220 futurum
1778 2176 1834 2222 et
1851 2179 2160 2227 extremum

562 2246 767 2317 ignem,
792 2264 902 2318 quo
919 2252 1439 2310 exterminahuntur
1464 2256 1618 2327 impii
1638 2273 1833 2316 omnes
1863 2272 1919 2318 et
1944 2264 2157 2335 injusti.

563 2341 703 2408 Quid
735 2357 862 2397 vero
896 2353 1019 2413 post
1058 2344 1213 2402 ιλιιιοῖ
1269 2347 1422 2405 Novo
1460 2348 1612 2406 Josia
1638 2366 1780 2424 Opus
1807 2364 1932 2423 est,
1976 2360 2084 2428 vel,
2112 2362 2159 2418 si

563 2434 669 2501 vis,
715 2434 944 2491 Joviano
981 2442 1262 2510 quopiam,
1288 2444 1374 2499 vel
1430 2447 1541 2501 alio
1586 2463 1652 2504 ex
1703 2449 1978 2507 similibus
2009 2492 2025 2519 ,
2064 2456 2160 2525 qui

564 2524 784 2582 Domini
844 2528 959 2583 zelo
1007 2532 1207 2589 ardens
1238 2573 1255 2600 ,
1298 2534 1507 2604 deiecta
1540 2541 1752 2613 erigere
1792 2524 2158 2613 studeat,di-

565 2621 721 2674 vulsa
762 2633 1040 2689 eoaptare,
1073 2622 1184 2680 Deo
1210 2626 1436 2684 reddere
1467 2647 1591 2701 qua:
1638 2633 1735 2689 Dei
1789 2647 1921 2692 sunt
1954 2639 1999 2671 ¹⁸
2027 2680 2042 2706 ,
2101 2648 2164 2696 ut

566 2711 793 2778 dicitur,
836 2716 1128 2773 restituere
1169 2720 1463 2793 imaginem
1503 2724 1709 2783 Christi
1736 2738 1791 2784 et
1822 2731 2070 2803 Deipara:
2098 2750 2163 2790 ac

570 2808 749 2861 sancti
833 2810 1147 2882 cujusque:
1190 2829 1303 2869 non
1350 2819 1496 2887 quod
1555 2824 1858 2880 conciderit
1915 2842 2161 2897 unquam

569 2901 776 2957 Christi
808 2904 1013 2991 imago,
1045 2906 1189 2963 absit
1225 2909 1238 2964 !
1285 2912 1381 2966 sed
1420 2922 1483 2967 ut
1507 2930 1610 2971 nos
1642 2918 1736 2986 qui
1762 2933 1859 2988 per
1907 2920 2163 2991 impieta-

568 3002 681 3049 tem
717 2990 1051 3065 cecidimus,
1101 3002 1453 3060 suscitemur.
1508 3004 1649 3062 Eum
1684 3025 1786 3065 uos
1840 2990 2163 3080 peccatores

570 3096 829 3157 Optamus
862 3089 1251 3162 imperatorem
1285 3096 1379 3167 qui
1416 3096 1667 3153 videatur
1694 3110 1749 3156 et
1779 3101 1853 3157 sit
1877 3104 2163 3174 piissimus

2262 1961 2489 2028 ολείται,
2518 1962 2594 2027 ὡς
2638 1966 2672 2034 ἠ
2712 1962 2808 2016 τοῦ
2836 1963 3107 2034 ἀψευδοῦς
3129 1966 3437 2035 ἀπόφασις·
3472 1966 3571 2020 καὶ
3602 1968 3719 2030 πᾶς
3744 1984 3871 2019 νεα-

2262 2054 2574 2125 νιευόμενος
2603 2056 2748 2110 κατὰ
2779 2056 2915 2110 Θεοῦ
2950 2058 3227 2129 ἐφάμιλλα
3270 2054 3346 2112 ῶν
3393 2058 3623 2129 ἔδρασεν
3657 2059 3874 2130 ἀπολήο

2260 2146 2421 2217 ψεται
2450 2147 2754 2203 κάνταῦθα.
2796 2148 2965 2203 Οὔπω
2994 2152 3105 2222 γὰρ
3136 2150 3279 2219 λέγω
3308 2152 3369 2204 τὸ
3416 2151 3614 2222 μέλλον
3645 2153 3748 2205 καὶ
3780 2169 3870 2204 τε-

2260 2238 2509 2294 λευταῖον
2564 2240 2679 2312 πῦρ
2704 2282 2720 2306 ,
2799 2234 2845 2310 ᾧ
2867 2242 3343 2313 δοκιμασθήσεται
3378 2244 3489 2306 πᾶς
3516 2244 3733 2314 ἀσεϐὴς
3773 2245 3869 2298 καὶ

2263 2334 2604 2404 παράνομος.
2636 2334 2702 2387 Τί
2736 2328 2829 2388 οῦν
2856 2335 2996 2407 πρὸς
3019 2335 3220 2403 ταῦτα;
3248 2336 3395 2390 Νέου
3439 2338 3649 2391 Ἰωσίου
3675 2338 3866 2409 χρεία·

2263 2422 2393 2476 εἰδὲ
2420 2423 2625 2494 βούλει,
2669 2424 2932 2479 Ἰοϐιανοῦ
2958 2443 3125 2493 τινος,
3162 2428 3195 2499 ἢ
3228 2428 3394 2482 ἄλλου
3432 2428 3542 2482 τῶν
3568 2431 3864 2483 τοιούτων·

2263 2517 2323 2579 ὃς
2359 2516 2540 2589 ζηλῶν
2568 2518 2648 2590 τῷ
2694 2519 2909 2591 Κυρίῳ,
2953 2520 3244 2574 σπεύσειεν
3277 2522 3591 2594 ἀνορθῶσαι
3619 2522 3690 2576 τὰ
3730 2540 3869 2577 κατ-

2264 2607 2621 2678 ερραγμένα,
2666 2609 2907 2679 συνάψαι
2938 2610 3008 2664 τὰ
3054 2611 3326 2667 διεστῶτα
3352 2653 3367 2677 ,
3400 2612 3709 2667 ἀποδοῦναι
3740 2613 3866 2684 Θεῷ

2260 2698 2330 2751 τὰ
2360 2697 2456 2751 τοῦ
2488 2698 2648 2768 Θεοῦ,
2675 2700 2737 2754 τὸ
2765 2700 2832 2771 δὴ
2854 2701 3171 2773 λεγόμενον,
3203 2705 3512 2775 ἀναστῆσαι
3538 2706 3644 2776 τὴν
3671 2707 3867 2760 εἰκόνα

2261 2789 2525 2860 Χριστοῦ,
2564 2794 2663 2863 τῆς
2690 2808 2751 2845 τε
2778 2792 3069 2858 Θεοτὸκου,
3101 2796 3199 2847 καὶ
3226 2796 3460 2850 ἑκάστου
3507 2798 3619 2851 τῶν
3662 2800 3862 2866 ἁγίων·

2263 2879 2364 2951 οὐχ
2388 2881 2471 2934 ὅτι
2503 2881 2761 2937 πέπτωκέ
2794 2902 2926 2939 ποτε
2949 2886 2983 2956 ἡ
3011 2886 3251 2957 Χριστοῦ
3282 2887 3470 2952 εἰκὼν,
3503 2889 3714 2955 ἄπαγε·

2266 2995 2354 3049 ἵνα
2381 2999 2432 3049 οἱ
2465 2997 2724 3062 πεσόντες
2753 2999 2939 3070 ἡμεῖς,
2972 3002 3042 3071 τῇ
3090 3000 3318 3073 ἀσεϐείᾳ
3341 3042 3356 3069 ,
3387 2995 3862 3075 ἀνασταθείημεν.

2264 3088 2519 3143 Τοιοῦτον
2542 3090 2890 3161 ὲπευχὸμεθα
2919 3094 2969 3146 οἱ
3001 3094 3322 3163 ἁμαρτωλοὶ
3350 3095 3445 3148 καὶ¹
3482 3097 3727 3166 φανῆναι
3770 3099 3867 3150 καὶ

570 3190 623 3237 et
650 3198 681 3236 a
713 3181 824 3239 Deo
852 3197 1161 3255 promotus.
1193 3186 1263 3243 Et
1287 3191 1334 3244 si
1368 3190 1596 3261 quidem
1623 3193 1696 3249 ita
1740 3196 1854 3264 sit,
1888 3199 2159 3268 Optimum

2266 3180 2485 3236 ἔσεσθαι
2513 3182 2605 3236 τὸν
2633 3183 3026 3238 εὐσεϐέστατον
3048 3184 3279 3255 βασιλέα
3305 3186 3401 3240 καὶ
3428 3186 3868 3258 θεοπρόϐλητον.

570 3283 626 3329 et
663 3283 868 3332 aeterno
902 3280 1177 3347 praeconio
1229 3280 1641 3340 celebrandum.
1694 3284 1793 3341 Sin
1823 3289 1895 3344 Oh
1936 3301 2161 3360 peccata

569 3381 694 3422 mea
732 3382 840 3423 non
885 3371 959 3424 ita
988 3410 1003 3437 ,
1036 3380 1278 3428 attamen
1300 3389 1402 3429 nos
1433 3374 1508 3430 ita
1544 3376 1598 3430 in
1625 3377 1829 3435 Christi
1861 3380 2166 3439 confessio-

573 3476 640 3517 ne
672 3479 687 3516 :
723 3477 833 3518 non
886 3474 1207 3533 spernentes
1264 3482 1485 3522 sacrum
1538 3468 1660 3540 ejus
1700 3485 2002 3541 Carcerem,
2059 3490 2160 3532 nec

572 3554 953 3623 formidantes,
984 3568 1078 3612 aut
1119 3560 1425 3631 quidquam
1470 3578 1584 3634 prae
1644 3562 1758 3620 Deo
1807 3576 2155 3636 metuentes,

572 3658 634 3704 ut
662 3648 807 3705 Deus
829 3651 944 3719 ipse
997 3651 1271 3709 hortatur.
1311 3652 1437 3710 Haec
1464 3656 1691 3713 ostende
1738 3659 2158 3719 confessoribus

573 3740 740 3795 sociis
774 3742 918 3797 tuis:
952 3758 1091 3812 quos
1109 3752 1165 3798 et
1185 3760 1251 3799 ex
1288 3746 1445 3802 nobis
1479 3748 1690 3817 saluta;
1716 3749 1911 3807 deinde
1935 3761 1990 3807 et
2017 3753 2158 3808 ami-

573 3845 671 3886 cos
696 3840 751 3885 et
780 3832 899 3901 pios
937 3834 1035 3903 qui
1060 3835 1156 3889 tibi
1199 3836 1410 3905 probati
1447 3839 1674 3895 fuerint.
1716 3838 1938 3897 Utinam
2005 3844 2159 3916 digni

574 3939 823 3980 essemus
859 3926 1064 3996 quibus
1098 3942 1283 3982 coram
1336 3931 1597 4000 congredi
1647 3932 1861 3988 liceret.
1901 3932 2060 4002 Quod
2112 3937 2161 3994 si

575 4033 685 4072 non
716 4030 797 4075 est
829 4018 925 4074 Dei
960 4021 1237 4084 voluntas,
1266 4031 1440 4088 utere,
1478 4022 1651 4079 frater
1684 4025 1781 4092 mi,
1828 4028 2063 4097 epistola
2098 4038 2163 4085 ut

579 4114 708 4170 hinc
743 4117 926 4171 videas
960 4126 1015 4172 et
1071 4119 1333 4174 videaris.
1382 4117 1577 4176 Frater
1608 4129 1738 4177 tuus
1767 4120 2030 4182 Nicolaus
2058 4126 2163 4183 im-

577 4223 746 4279 pense
789 4211 1011 4266 salutat.

760 4405 993 4461 LXXIV.
1023 4438 1093 4448 —
1118 4408 1372 4464 Michaeli
1400 4411 1706 4481 imperatori
1734 4413 1984 4483 principi.

2267 3275 2377 3328 Καὶ
2405 3276 2456 3328 εί
2492 3276 2592 3347 μὲν
2618 3274 2827 3343 οὕτως,
2862 3275 3087 3346 ἄριστον
3137 3278 3235 3330 καὶ
3278 3278 3360 3342 εἰς
3401 3277 3611 3344 αἰῶνας
3656 3281 3866 3350 ὑμνού-

2268 3385 2451 3439 μενον.
2492 3368 2556 3421 Εἰ
2599 3367 2657 3422 δὲ
2697 3368 2843 3422 κατά
2874 3368 2976 3432 τὰς
3019 3368 3300 3440 ἁμαρτίας
3330 3385 3437 3438 μου
3461 3409 3478 3435 ,
3522 3369 3627 3439 οὐχ
3662 3370 3864 3434 οὕτως,

2264 3458 2401 3515 ἀλλά
2433 3476 2500 3529 γε
2550 3462 2715 3532 ἡμεῖς
2745 3460 3010 3526 οὓτως-ὲν
3044 3463 3110 3532 τῇ
3142 3460 3407 3534 ὁμολογίᾳ
3449 3462 3730 3533 Χριστοῦ,
3788 3467 3864 3536 μὴ

2262 3552 2660 3624 ὀλιγωροῦντες
2705 3553 2809 3625 τῆς
2853 3555 3018 3623 ἁγίας
3066 3553 3235 3608 αὑτοῦ
3267 3555 3558 3626 φυλακῆς·
3616 3559 3756 3627 μηδέ
3810 3578 3864 3613 τι

2264 3648 2736 3719 ὑποπτήσσοντες·
2775 3648 2913 3719 μηδὲ
2943 3647 3273 3719 φοϐούμενοι
3304 3648 3433 3702 ἄλλο
3465 3667 3517 3701 τι
3554 3652 3662 3719 πρὸ
3692 3652 3865 3706 Θεοῦ·

2262 3742 2341 3807 ὡς
2365 3743 2530 3807 αὐτὸς
2560 3743 2693 3807 Θεὸς
2723 3744 3011 3813 ἐγγυᾶται.
3046 3743 3233 3797 Ταῦτα
3274 3744 3559 3809 ὑπόδειξον
3583 3748 3702 3809 τοῖς
3737 3764 3865 3799 συν-

2266 3839 2629 3910 ομολογηταῖς
2656 3854 2773 3891 σου·
2799 3836 2894 3901 οὒς
2922 3837 3018 3892 καὶ
3038 3837 3171 3909 παρ’
3197 3836 3358 3908 ήμῶν
3386 3840 3862 3908 προσαγόρευσον·

2267 3928 2390 3981 ἐπεὶ
2424 3932 2520 3981 καὶ
2548 3927 2737 3996 φίλους
2761 3927 2859 3980 καὶ
2885 3925 3132 3989 εὐσεϐεῖς
3160 3923 3253 3988 οὒς
3277 3924 3618 3993 δοκιμάζοις.
3669 3926 3864 3991 ’Δξιω-

2271 4019 2497 4091 θείημεν
2534 4022 2631 4074 καὶ
2661 4021 2755 4073 ἐπὶ
2783 4020 2883 4089 τῆς
2909 4021 3031 4073 κατ’
3061 4018 3375 4088 ὀφθαλμοὺς
3410 4016 3637 4084 ὁμιλίας
3666 4017 3863 4072 ἐλθεῖν.

2271 4113 2335 4166 Ei
2363 4113 2420 4166 δὲ
2452 4112 2514 4166 οὐ
2539 4112 2765 4183 θελητὸν
2792 4110 2935 4180 Θεῷ,
2968 4110 3110 4181 χρῶ,
3152 4109 3350 4173 ἀδελφέ
3395 4126 3521 4179 μου,
3552 4108 3640 4177 τῷ
3676 4110 3861 4180 γράμ-

2273 4221 2425 4276 ματι·
2462 4204 2685 4275 θεωρῶν
2710 4204 2959 4258 ἐντεῦθεν
2987 4202 3084 4257 καὶ
3107 4201 3509 4273 θεωρούμενος.
3560 4204 3617 4258 ’0
3633 4203 3862 4274 ἀδελφός

2272 4314 2366 4351 σου
2392 4297 2662 4362 Νικόλαος
2695 4296 2916 4370 θερμῶς
2938 4296 3359 4369 προσαγορεύει.

2343 4415 2461 4469 ΟΔ’.
2498 4446 2566 4455 -—
2593 4415 2839 4486 Μιχαὴλ
2868 4414 3260 4485 αὐτοκράτορι
3299 4416 3579 4480 βασιλεῖ.
3660 4413 3859 4490 [υμδη]

897 4524 1091 4575 Novum
1120 4528 1469 4589 imperatorem
1498 4534 1693 4595 magnis
1717 4532 1985 4595 praeconiis
2019 4532 2238 4596 extollit,
2263 4523 2594 4586 orthodeum
2624 4542 2779 4587 ratus.
2807 4536 3007 4600 (Baron.
3035 4549 3115 4586 an.
3140 4536 3252 4597 82l,
3274 4550 3329 4586 n.
3356 4535 3464 4601 21.)

648 4628 894 4700 Equum
944 4640 1029 4684 est
1057 4645 1222 4699 quam
1266 4634 1507 4690 maxime
1562 4636 1669 4693 hoc
1700 4646 1945 4707 tempore
1977 4654 2043 4693 ex
2072 4654 2160 4693 ore

2339 4641 2559 4694 Δίκαιόν
2594 4642 2745 4694 ἐστιν
2792 4642 2878 4695 ὅτι
2921 4641 3155 4709 μάλιστα
3199 4642 3258 4694 ὲν
3292 4641 3371 4711 τῷ
3412 4645 3654 4715 παρόντι
3690 4647 3860 4719 καιρῷ

579 4729 846 4790 omnium,
901 4725 995 4797 qui
1060 4727 1499 4795 persecutionem
1553 4728 1701 4797 passi
1758 4738 1924 4794 sunt,
1978 4730 2167 4800 parari

580 4818 819 4882 laudem,
886 4819 1125 4886 primum
1186 4818 1406 4888 quidem
1478 4819 1700 4874 Christo
1776 4820 2164 4877 universorum

579 4913 694 4982 regi
728 4929 741 4965 :
791 4910 986 4977 deinde
1016 4919 1219 4976 vestro,
1268 4912 1534 4967 divinitus
1569 4915 1870 4969 constituto
1910 4916 2165 4985 imperio,

579 5020 677 5075 per
713 5004 858 5075 quod
894 5004 1071 5074 adepti
1101 5020 1294 5061 sumus
1320 5006 1710 5061 relaxationem
1741 5009 1933 5074 vincti,
1966 5010 2163 5066 dimis-

579 5098 793 5152 sionem
816 5097 1107 5162 carcerati,
1152 5098 1587 5154 consolationem
1612 5085 1835 5166 Dalilicti,
1869 5101 2162 5158 sanitatem

580 5190 877 5256 vulnerati,
906 5192 1217 5247 libertatem
1248 5192 1626 5257 condemnati,
1654 5194 1890 5248 reditum
1918 5196 2161 5252 exsules.

582 5284 649 5339 Et
667 5286 886 5355 quidem
910 5296 1056 5341 recte
1070 5285 1259 5341 videor
1277 5285 1590 5340 existimare
1608 5283 1967 5343 imitationem
1997 5289 2163 5344 Chri-

582 5380 654 5435 sti
702 5379 989 5449 imperium
1047 5389 1288 5435 vestrum
1343 5377 1633 5433 futurum:
1673 5388 1734 5434 ut
1771 5380 1951 5436 simile
1992 5382 2159 5437 simili

583 5470 838 5537 reddens,
870 5472 1016 5526 dicat
1042 5487 1189 5527 nunc
1230 5482 1286 5527 et
1324 5471 1527 5542 ipsum,
1554 5487 1679 5527 cum
1702 5470 1923 5528 Christo
1953 5482 2008 5528 et
2036 5482 2162 5543 post

582 5562 885 5630 ChriStum,
927 5566 1007 5617 his
1056 5567 1147 5635 qui
1178 5564 1475 5618 vinctisunt
1507 5578 1525 5617 :
1566 5561 1756 5627 Exite;
1785 5574 1842 5617 et
1867 5565 1949 5618 his
1975 5565 2066 5633 qui
2102 5565 2160 5618 iu

584 5653 810 5708 tenebris
843 5670 861 5707 :
898 5654 1221 5710 Reuelamini
1244 5657 1284 5687 υ·
1308 5696 1324 5722 ,
1366 5665 1421 5711 et
1458 5672 1471 5709 :
1532 5654 1846 5711 Benedictus
1899 5655 2158 5712 Dominus

2271 4733 2337 4786 ἐκ
2376 4732 2645 4803 στόματος
2676 4734 2931 4787 ἁπάντων
2965 4734 3074 4788 τῶν
3110 4734 3491 4805 δεδιωγμένων
3528 4740 3857 4807 καταρτίζε-

2272 4827 2399 4880 σθαι
2433 4823 2602 4891 αἶνον,
2637 4827 3074 4899 προηγουμένως
3116 4827 3215 4898 μὲν
3247 4826 3475 4897 Χριστῷ
3518 4827 3600 4898 τῷ
3643 4830 3853 4899 παμϐα-

2273 4918 2442 4982 σιλεί,
2475 4918 2668 4972 ἔπειτα
2695 4919 2773 4988 τῷ
2808 4918 3061 4990 ὑμετέρῳ
3095 4916 3487 4990 θεοπροϐλήτῳ
3521 4918 3725 4988 κράτει
3746 4962 3763 4986 ,
3796 4920 3857 4973 δι’

2271 5004 2332 5064 οὗ
2358 5011 2673 5081 ἐσχήκαμεν
2704 5011 2804 5079 τὴν
2843 5009 3224 5079 ἀπολύτρωσιν
3257 5006 3307 5059 οἱ
3335 5007 3740 5077 πεπεδημένοι,
3767 5010 3856 5080 τὴν

2269 5102 2464 5170 ἄφεσιν
2490 5104 2539 5155 οἱ
2584 5101 3058 5171 πεφυλακισμένοι
3082 5139 3099 5165 ,
3131 5099 3234 5169 τὴν
3272 5097 3634 5169 παράκλησιν
3678 5102 3725 5153 οἱ
3771 5118 3853 5153 τε·

2270 5195 2636 5265 τρυχωμένοι,
2672 5197 2771 5265 τὴν
2802 5193 3016 5261 ὑγίειαν
3053 5191 3104 5245 oi
3150 5192 3724 5260 τετραυματισμένοι,
3764 5194 3855 5264 τὴν

2269 5287 2591 5358 παρρησίαν
2646 5288 2695 5339 οἱ
2739 5282 3206 5354 κατακεκριμένοι
3235 5280 3389 5354 [Περ.
3447 5285 3567 5339 cod.
3625 5304 3855 5341 κατακε-

2267 5379 2638 5455 κρυμμένοι],
2694 5380 2795 5450 τὴν
2846 5375 3195 5448 ὑποστροφὴν
3243 5377 3295 5429 oi
3353 5378 3850 5452 πεφυγαδευμένος.

2270 5470 2382 5525 Καὶ
2418 5489 2476 5553 γε
2506 5471 2713 5544 νομίζω
2739 5469 2919 5532 καλῶς
2945 5466 3377 5538 ὑπολαμϐάνειν,
3398 5467 3476 5532 ὡς
3501 5469 3850 5523 ὑποτύπωσιν

2268 5563 2509 5637 Χριστοῦ
2539 5566 2601 5619 τὸ
2626 5566 2727 5635 τῆς
2755 5560 3027 5634 ὑμετέρας
3053 5559 3333 5631 βασιλείας
3365 5560 3545 5626 πάθος
3571 5564 3852 5633 προῦϊιάρ⁴

2268 5657 2375 5725 ξαι·
2410 5658 2486 5723 ὡς
2517 5658 2584 5713 ἂν
2615 5656 2693 5728 τῲ
2722 5654 2893 5726 ὁμοίῳ
2920 5654 2980 5707 τὸ
3006 5653 3190 5724 ὅμοιον
3239 5654 3528 5725 δράσασα,
3576 5657 3727 5710 εῐποι
3766 5653 3853 5709 νῦν

659 5844 914 5903 "Matth.
940 5863 1049 5912 xxi,
1083 5848 1165 5902 il.
1229 5849 1269 5879 ³³
1295 5846 1484 5902 Matth.
1511 5862 1645 5915 XXII,
1682 5846 1769 5901 21.
1834 5846 1877 5879 ’³
1909 5845 2011 5902 lsa.
2036 5861 2182 5911 χιιι,
2210 5843 2263 5898 9.
2308 5878 2313 5881 -
