3990 6318
176 383 346 452 1309

1386 391 1918 452 EPISTOLARUM
1975 393 2122 456 LIB.
2168 395 2249 486 Il.

3317 389 3457 454 1310

171 509 287 559 καὶ
342 504 476 572 αὐτὴ
530 506 627 557 σὺν
659 503 877 575 Χριστῷ
923 505 1014 557 καὶ
1061 509 1198 573 μετὰ
1232 507 1492 576 Χριστοῦ,
1526 506 1652 572 τοῖς
1700 507 1770 561 ἐν

1876 505 2011 561 Deus
2041 509 2236 572 Israel,
2298 511 2549 579 quoniam
2579 510 2744 564 erexit
2768 525 2932 562 cornu
2974 507 3167 561 salutis
3214 505 3363 559 nobis
3386 505 3454 572 ’⁸,

170 596 470 666 δεσμοῖς,
506 597 830 659 Ἔξέλθετε’
864 595 1109 663 καὶτοῖς
1147 597 1217 650 ἐν
1242 596 1322 662 τῷ
1345 601 1548 654 σκότει
1571 599 1770 664 ,Ἀγα-

173 694 603 745 καλύπτεσιιε.
643 690 772 753 Καὶ,
806 691 1154 758 Εὐλογητὸς
1179 694 1390 761 Κύριος
1427 697 1460 748 ὁ
1490 695 1634 761 Θεὸς
1661 694 1770 748 τοῦ

188 780 483 848 Ἰσραὴλ,
527 782 617 834 ὅτι
668 781 864 850 ἤγειρε
906 782 1085 850 κέρας
1126 786 1422 852 σωτηρίας
1459 787 1623 855 ἡμῖν,
1677 787 1770 840 τὸν

172 873 320 925 νέον
351 873 529 938 Δαυῖδ,
564 875 657 926 τὸν
687 875 936 943 δεύτερον
987 876 1219 939 Ἰωσίαν,
1248 876 1342 930 τὸν
1385 880 1485 948 τῆς
1515 881 1772 949 εἰρηναρ-

175 963 328 1030 χίας
361 961 601 1031 βασιλέα·
646 964 706 1027 ὃς
748 966 919 1017 ποιῶν
948 967 1165 1037 ποιήσει
1193 968 1262 1022 τά
1295 969 1501 1039 ἀρεστά
1530 969 1649 1037 Θεῷ
1670 985 1682 998 ·
1713 968 1773 1030 ὃς

173 1057 256 1107 τὰ
320 1056 646 1108 πεπτωκότα
697 1058 1064 1128 ἀναστήσειέ·
1103 1061 1170 1112 τὰ
1219 1061 1586 1131 διατμηθέντα
1645 1079 1772 1114 συν-

177 1148 386 1213 ἀψειεο
428 1150 659 1217 μοτώσει
691 1151 786 1203 καὶ
817 1153 1030 1217 ὑγιάσει
1057 1169 1071 1183 ·
1109 1155 1202 1206 καὶ
1249 1156 1314 1224 τῇ
1353 1155 1510 1225 τρίτῃ
1559 1157 1772 1226 ἡμέρᾳ,

174 1241 557 1308 προφητικῶς
593 1244 788 1302 είπειν,
818 1244 1190 1313 ἀναστήσειεν.
1239 1246 1457 1315 Ἐπειδὴ
1486 1246 1542 1299 δὲ
1564 1287 1576 1302 .
1617 1246 1774 1316 βασι-

175 1331 286 1383 λεῦ
323 1333 760 1403 Χριστομίμητε,
790 1337 840 1386 οἱ
890 1335 1192 1402 φθάσαντες
1220 1337 1276 1387 ἐν
1314 1339 1379 1406 τῇ
1422 1338 1635 1404 αἱρέσει
1680 1355 1770 1389 τε·

175 1425 457 1494 λευτῆσαι
478 1429 534 1477 ὲν
567 1425 743 1494 μερίδι
771 1426 1047 1488 ἀπωλείας
1085 1426 1310 1496 ᾤχοντο,
1344 1428 1577 1498 Χριστὸν
1604 1430 1776 1498 ἢρνη-

180 1518 357 1585 μένοι
389 1520 452 1586 τῇ
489 1517 590 1584 τῆς
627 1517 836 1580 εἰκόνος
884 1517 1048 1571 αὑτοῦ
1081 1519 1340 1588 ἀρνήσει,
1369 1518 1475 1571 κᾶν
1507 1519 1772 1586 Χριστια-

175 1611 271 1661 νοὶ
323 1609 716 1676 ὀνομάζωνται,
767 1611 840 1663 Τὸ
867 1610 975 1680 γάρ
1005 1628 1085 1662 τοι
1116 1612 1391 1663 πιστεύειν
1425 1613 1506 1673 είς
1541 1613 1774 1682 Χριστὸν

175 1703 351 1753 οὐδὲν
382 1702 567 1769 ἕτερόν
596 1702 769 1766 ἐστιν,
810 1701 842 1772 ἦ
895 1703 976 1754 ὃτι
1006 1703 1035 1753 ὁ
1070 1701 1196 1765 Υἱὸς
1233 1703 1326 1755 τοῦ
1356 1701 1492 1754 Θεοῦ
1536 1706 1634 1756 καὶ·
1670 1707 1778 1757 Πα-

175 1795 346 1864 τρδς.
377 1793 660 1863 ἅνθρωπος
687 1793 925 1860 γεγονὼς
954 1794 1158 1856 τέλειος
1182 1834 1196 1857 ,
1230 1793 1616 1857 ὲξεικονίζεται
1646 1796 1768 1849 καθ’

176 1885 458 1950 ὁμοίωσιν
510 1884 687 1952 ἡμῶν·
731 1883 816 1935 ἵνα
860 1884 933 1954 μὴ
987 1883 1117 1936 ἄλλο
1166 1902 1216 1937 τι
1270 1885 1354 1950 εἵη
1405 1886 1537 1954 παρ’
1583 1888 1763 1956 ἡμᾶς·
1800 1864 1844 1919 Β

179 1974 381 2043 μένων
433 1977 462 2027 ὁ
519 1975 680 2037 αὐτὸς
728 1975 1141 2044 ἀπερίγραπτος
1201 1977 1297 2028 σὺν
1351 1977 1526 2048 Πατρί
1571 1995 1630 2031 τε
1674 1978 1769 2032 καὶ

175 2068 336 2120 Πνεύ
350 2084 502 2136 ματι,
529 2065 666 2118 καθό
689 2067 805 2118 ἐστι
833 2066 962 2129 Θεὸς
985 2066 1255 2136 ἀληθινός.
1280 2067 1468 2129 Οῦτως
1489 2064 1581 2123 οὖν
1602 2072 1770 2123 νοοῖτο

181 2161 428 2230 μεσίτης
458 2159 593 2211 Θεοῦ
633 2160 726 2212 καὶ
778 2157 1100 2227 ἀνθρώπων·
1133 2160 1208 2221 ὡς
1239 2161 1564 2231 ἀμφοτέρων
1597 2162 1772 2229 ἀμφό-

174 2269 325 2321 τερα
373 2252 533 2318 ἔχων,
579 2251 673 2303 καὶ
702 2253 758 2302 ἐν
806 2251 1047 2320 ἐκατέρῳ
1076 2251 1186 2303 οὐδ’
1214 2252 1393 2303 ὁτιοῦν
1429 2251 1766 2322 λειπόμενος

177 2342 383 2405 καθὼς
417 2343 562 2403 ἄπας
594 2343 620 2394 ὁ
645 2343 755 2395 τῶν
787 2343 1062 2414 θεοφόρων
1089 2345 1253 2414 χορὸς
1287 2344 1407 2415 βοᾷ.
1440 2346 1549 2399 Καὶ
1582 2345 1770 2416 ὥσπερ

180 2440 282 2488 ἐπὶ
315 2435 417 2488 τοῦ
449 2436 716 2505 ὑμετέρου
745 2436 1033 2507 κράτουςή
1065 2438 1344 2509 παραδοχὴ
1375 2441 1474 2509 τῆς
1499 2443 1773 2509 τυπουμέ-

178 2547 286 2597 νης
339 2529 571 2591 εἰκόνος,
621 2529 879 2598 ὁμολογία
930 2531 1047 2582 ἐστὶ
1090 2531 1185 2583 τοῦ
1237 2532 1542 2600 βασιλεύειν
1589 2536 1769 2604 ὑμᾶς,

179 2621 449 2687 καθάπερ
480 2618 576 2671 καὶ
613 2618 673 2670 τὸ
700 2620 953 2688 ἔμπαλιν·
994 2619 1136 2673 οὓτω
1162 2622 1257 2674 καὶ
1287 2623 1380 2675 ἐπὶ
1415 2624 1652 2695 Χριστοῦ
1675 2626 1770 2678 τοῦ

183 2711 463 2779 βασιλέως
499 2709 679 2780 πάσης
711 2711 812 2779 τῆς
849 2712 983 2780 γῆς,
1024 2712 1084 2764 τὸ
1113 2713 1242 2765 αὐτὸ
1286 2713 1401 2768 ἔστι
1437 2701 1646 2782 λαϐεῖν,
1677 2719 1770 2770 καὶ

183 2801 378 2868 πολλῷ
411 2802 626 2869 μᾶλλον,
653 2802 734 2855 ὃτι
781 2802 890 2870 τῆς
909 2803 1232 2869 βασιλείας
1252 2807 1438 2860 αὐτοῦ
1462 2810 1573 2862 οὐκ
1602 2809 1771 2864 ἔσται

182 2891 392 2957 τέλος.
428 2893 489 2944 Ei
517 2889 611 2944 οὖν
642 2895 700 2944 ἐν
749 2894 813 2963 τῇ
843 2894 1069 2964 ἀρνήσει
1111 2897 1210 2964 τῆς
1254 2898 1460 2958 εἰκόνος
1509 2900 1768 2971 Χριστοῦ,

183 2983 360 3037 αὐτὸν
388 2984 658 3053 ἠρνῆσθαι
685 2985 919 3053 Χριστὸν
941 2987 1317 3041 ἀποδέδεικται
1345 2991 1493 3061 πάσῃ
1519 2992 1768 3064 ἀληθείᾳ·

183 3074 442 3142 δηλονότι
491 3076 584 3127 καί
624 3076 681 3126 ὲν
728 3077 792 3145 τῇ
854 3075 1110 3144 ἀθετήσει
1163 3079 1263 3146 τῆς
1345 3084 1770 3153 προσκυνήσεως

183 3165 389 3233 αὐτῆς,
422 3165 584 3228 αὐτὸς
614 3166 846 3236 Χριστὸς
881 3167 1141 3235 ἢθέτηται
1176 3173 1620 3239 προσκυνεῖσθαι.
1663 3177 1773 3229 Καὶ

185 3256 276 3310 διὰ
305 3257 472 3309 τοῦτο
505 3259 537 3326 ή
570 3258 659 3310 ὑπ’
697 3259 926 3329 οὐρανὸν
957 3261 1051 3312 ἀπ’
1085 3261 1249 3314 αὐτοῦ
1285 3265 1377 3316 τοῦ
1409 3267 1766 3322 ἀποστολικοῦ

188 3348 574 3417 κηρύγματος·
604 3348 678 3411 ὡς
712 3353 977 3420 μαρτυρεῖ
1017 3354 1112 3404 καί⁸
1149 3354 1181 3421 ἡ
1211 3353 1334 3421 ὅψις
1376 3355 1441 3408 δι’
1487 3359 1727 3428 ἱστορίας
1751 3401 1766 3423 ,

189 3442 288 3492 καὶ
334 3441 368 3510 ἡ
412 3441 548 3508 ἀκοὴ
581 3439 668 3491 διὰ
699 3440 1087 3510 λογογραφίας
1117 3444 1215 3514 τὴν
1243 3447 1404 3513 ἁγίαν
1433 3450 1616 3502 εἰκόνα
1644 3453 1770 3515 Χρι.

192 3531 348 3591 στοῦ,
382 3531 486 3598 τῆς
515 3531 812 3593 Θεοτόκου,
851 3531 961 3583 τῶν
995 3533 1263 3600 ἀγγέλων·
1299 3537 1484 3608 ἐπειδὴ
1519 3557 1768 3608 σωματο-

188 3622 539 3692 γραφοῦνται
575 3621 669 3673 καὶ
727 3615 871 3674 οὗτοι
922 3621 1347 3691 θεοκελεύστως,
1382 3629 1586 3698 καίπερ
1617 3631 1768 3694 ὄντες

190 3713 505 3783 ἀσώματοι,
533 3713 643 3765 τῶν
671 3714 812 3766 κατά
843 3713 1031 3783 καιρὸν
1066 3716 1256 3784 ἁγίων,
1298 3717 1356 3770 ἔν
1379 3736 1438 3770 τε
1464 3723 1577 3784 τοῖς
1606 3722 1769 3787 θείοις

190 3807 368 3866 ναοῖς,
411 3805 503 3856 καὶ
539 3805 704 3872 ἱεροῖς
735 3804 952 3856 σκεύεσι
987 3806 1225 3874 φέρουσά
1256 3811 1371 3860 ἐστι
1406 3813 1498 3863 καὶ
1533 3830 1774 3881 προσκυ-

191 3895 384 3948 νοῦσα.
433 3895 549 3947 Κάν
602 3894 726 3964 ἄρτι
763 3897 795 3962 ὴ
842 3895 964 3948 καθ’
1009 3899 1156 3980 ἡμᾶς
1212 3899 1507 3969 Ἐκκλησία
1550 3903 1774 3975 διαρρα-

192 3990 358 4052 γεῖσα
379 3987 492 4038 τῶν
523 3989 805 4055 τεσσάρων
825 3990 1201 4060 πατριαρχῶν,
1230 3991 1471 4062 ἠνόμησε
1494 3994 1768 4066 διακενῆς.

207 4079 370 4131 Ἀλλά
430 4079 549 4132 νῦν·
589 4080 791 4148 καιρὸς
832 4081 1309 4148 εὐπρόσδεκτος,
1341 4084 1578 4140 δέσποτα
1620 4089 1772 4157 φιλο-

192 4171 552 4240 χριστότατε·
596 4173 713 4224 νῦν
758 4172 945 4240 ἡμέρα
991 4175 1324 4242 σωτηρίας,
1370 4178 1774 4249 καταλλαγῆναι

191 4263 345 4330 ἡμᾶς
378 4261 633 4331 Χριστῷ,
669 4265 734 4332 τῇ
778 4264 1027 4332 μεσιτείᾳ
1072 4267 1166 4316 καὶ
1206 4266 1429 4336 εὐδοκία
1458 4268 1554 4336 τῆς
1589 4273 1774 4340 εἰρην-

193 4351 366 4421 ἀρχου
419 4369 514 4404 σου
572 4351 882 4419 βασιλείας·
934 4354 1202 4423 ένωθῆναι
1252 4359 1401 4426 ἡμᾶς
1450 4361 1514 4428 τῇ
1554 4366 1767 4432 κορυφῇ

195 4439 304 4490 τῶν
346 4440 688 4510 Ἐκκλησιῶν
713 4441 804 4493 τοῦ
826 4441 961 4493 Θεοῦ
1003 4443 1212 4514 Ῥώμῃ·
1247 4445 1341 4497 καὶ
1368 4445 1437 4498 δι’
1465 4448 1634 4518 αὐτῆς
1662 4452 1773 4511 τοῖς

1871 618 2068 657 novum
2088 603 2272 666 David.
2291 604 2517 657 alterum
2529 601 2751 664 Josiam,
2773 599 2984 672 paciiici
3004 599 3216 669 imperii
3239 613 3417 666 regem
3439 617 3452 652 :

1870 696 1964 766 qui
2009 695 2213 750 faciens
2242 697 2404 749 faciet
2428 710 2548 764 quae
2573 695 2771 763 placita
2821 701 2947 748 sunt
2973 691 3082 745 Deo
3113 709 3127 746 :
3159 691 3253 759 qui
3304 691 3457 756 lapsa

1872 787 2144 848 restituet,
2184 785 2774 854 dissecta‘conjnnget,
2821 783 3091 853 percutiet
3119 788 3174 835 et
3207 780 3450 843 sanabit,

1872 889 1926 933 et
1958 880 2115 933 tertia
2149 880 2254 942 die,
2291 888 2349 932 ut
2388 879 2703 948 prophetice
2756 878 2949 945 loquar
2975 876 3042 941 ιθ,
3075 873 3449 929 resuscitabit.

1874 972 2144 1037 Quoniam
2179 982 2385 1034 autem.
2417 970 2624 1025 Christi
2657 969 2851 1023 armnle
2879 969 3195 1036 imperator,
3230 980 3370 1034 quos
3397 965 3454 1018 in

1876 1063 2066 1117 haeresi
2126 1077 2276 1116 mors
2320 1063 2623 1132 occupavit,
2681 1062 2717 1115 ii
2765 1063 2822 1115 in
2875 1060 3198 1128 perditionis
3245 1068 3455 1129 partem

1877 1156 2150 1218 abierunt,
2191 1155 2468 1209 Christum
2531 1162 2791 1219 negantes
2827 1152 2956 1206 dum
2999 1152 3119 1221 ejus
3161 1151 3457 1220 imaginem

1877 1256 2176 1318 negarunt,
2221 1247 2473 1316 quamvis
2500 1245 2798 1299 Christiani
2853 1245 3276 1314 appellarentur.
3331 1242 3459 1295 Cre-

1877 1339 2006 1393 dere
2031 1339 2175 1392 enim
2215 1339 2267 1391 in
2301 1339 2576 1392 Christum
2623 1338 2759 1390 nihil
2793 1337 2939 1390 aliud
2968 1347 3076 1398 est,
3111 1351 3274 1404 quam
3307 1335 3457 1405 quod

1876 1429 2049 1486 Filius
2090 1431 2180 1486 Dei
2221 1441 2274 1486 et
2300 1430 2504 1496 Patris,
2543 1429 2818 1500 perfectus
2878 1431 3043 1482 homo
3076 1427 3276 1490 factus,
3319 1428 3457 1481 ima-

1878 1522 2002 1592 gine
2022 1523 2347 1591 exprimitur
2373 1522 2675 1576 secundum
2717 1521 3135 1577 similitudinem
3163 1531 3408 1574 nostram
3438 1537 3453 1572 :

1877 1622 1940 1668 ut
1969 1628 2072 1666 non
2103 1615 2176 1667 sit
2205 1613 2350 1667 aliud
2401 1614 2680 1682 quidpiam
2735 1627 2900 1680 quam
2932 1627 3123 1665 sumus
3163 1627 3261 1665 nos
3293 1629 3305 1663 :
3345 1625 3457 1664 ma-

1879 1721 2014 1760 nens
2041 1707 2182 1759 idem
2232 1705 2738 1773 incircumscriptus
2763 1719 2889 1758 cum
2929 1702 3088 1757 Patre
3121 1711 3177 1758 et
3223 1703 3453 1770 Spiritu,

1879 1807 2150 1869 quatenus
2191 1807 2275 1852 est
2332 1813 2495 1852 verus
2539 1799 2698 1852 Deus.
2749 1797 2840 1851 Sic
2879 1798 3064 1867 itaque
3113 1798 3450 1864 intelligatur

1877 1888 2142 1942 mediator
2166 1886 2260 1941 Dei
2283 1895 2337 1941 et
2374 1888 2678 1950 hominum,
2712 1896 2969 1956 tanquam
2998 1887 3284 1956 utriusque
3311 1897 3458 1940 utra-

1877 1995 1982 2049 que
2032 1979 2256 2043 habens,
2293 1988 2348 2033 et
2397 1979 2451 2032 in
2477 1980 2683 2033 utrovis
2727 1981 2874 2032 nulla
2921 1989 3076 2048 parte
3102 1979 3398 2033 destitutus
3438 1998 3452 2033 :

1877 2070 2022 2125 sicut
2054 2070 2231 2122 omnis
2257 2077 2570 2124 sanctorum
2604 2068 2825 2122 Patrum
2860 2069 3063 2123 chorus
3097 2066 3454 2123 vociferatur.

1877 2161 1943 2215 Et
1994 2160 2136 2216 sicut
2191 2161 2246 2215 in
2302 2161 2533 2228 imperio
2597 2171 2818 2224 vestro,
2871 2175 3144 2229 expressae
3199 2159 3451 2229 imaginis

1877 2252 2173 2320 susceptio,
2205 2251 2482 2307 confessio
2516 2259 2598 2307 est
2627 2252 2837 2320 imperii
2866 2251 3032 2306 vestri
3063 2267 3078 2312 ;
3112 2260 3168 2306 et
3205 2262 3394 2306 contra
3437 2265 3454 2302 :

1877 2344 1952 2398 ita
1979 2352 2034 2398 et
2064 2343 2119 2396 in
2150 2341 2369 2398 Christo
2405 2358 2528 2412 rege
2555 2343 2826 2398 universae
2873 2351 3033 2397 terra:
3069 2343 3209 2396 idem
3238 2357 3457 2397 sumere

1877 2435 2022 2498 licet,
2040 2450 2104 2489 ac
2133 2435 2305 2488 multo
2324 2435 2515 2504 magis,
2536 2435 2666 2504 quia
2696 2435 2846 2504 regni
2866 2434 2978 2503 ejus
3003 2451 3106 2487 non
3134 2434 3234 2486 erit
3256 2434 3452 2502 ﬁnis".

1879 2526 1934 2581 Si
1964 2542 2094 2596 ergo
2124 2526 2174 2579 in
2209 2525 2496 2596 negatione
2524 2524 2781 2594 imaginis
2814 2525 3039 2591 Christi,
3067 2526 3250 2594 negari
3285 2525 3448 2578 Chri-

1878 2627 2022 2672 stum
2057 2619 2257 2687 ipsum,
2290 2618 2439 2670 omni
2474 2616 2702 2671 veritate
2735 2616 3167 2671 demonstratum
3193 2625 3306 2680 est;
3336 2631 3460 2684 per-

1877 2713 2125 2781 spicuum
2175 2719 2341 2766 estet
2373 2712 2426 2764 in
2457 2711 2795 2765 adorationis
2853 2710 2972 2779 ejus
3025 2710 3452 2780 improbationc,

1878 2801 2084 2856 Christi
2123 2816 2341 2870 quoque
2373 2800 2544 2867 ipsius
2568 2799 2945 2855 adorationem
2974 2799 3249 2869 abrogari.
3278 2800 3456 2868 Atque

1879 2893 1999 2946 ideo
2027 2892 2282 2945 universa
2317 2907 2437 2960 quae
2460 2891 2561 2945 sub
2588 2891 2728 2945 cmlo
2758 2899 2862 2956 est,
2899 2893 2968 2945 ab
2993 2891 3112 2959 ipsa
3143 2893 3448 2960 aposwlica

1878 2984 2281 3053 pradicatione,
2319 2993 2376 3036 ut
2410 2991 2640 3038 testatur
2664 2991 2719 3036 et
2745 2991 3005 3052 aspectus
3037 2998 3132 3052 per
3156 2984 3451 3051 picturam,

1878 3085 1932 3129 et
1967 3076 2187 3129 auditus
2225 3090 2323 3144 per
2371 3074 2570 3143 scripta
2606 3083 2986 3138 monumenta,
3028 3083 3273 3129 sanctam
3313 3075 3451 3128 ima-

1879 3167 2057 3236 ginem
2120 3166 2343 3232 Christi,
2402 3166 2665 3235 Deiparae,
2723 3165 3042 3234 angelorum
3077 3165 3449 3234 (quandoqui-

1876 3259 1998 3314 dem
2030 3268 2083 3313 et
2114 3260 2199 3312 isti
2242 3275 2364 3313 cum
2412 3273 2646 3327 corpore
2699 3258 2996 3327 pinguntur
3051 3258 3239 3311 divino
3295 3272 3453 3311 man-

1876 3352 2024 3416 dato,
2078 3350 2205 3404 licet
2245 3351 2355 3406 sint
2399 3350 2755 3418 incorporei),
2793 3357 2848 3403 et
2893 3359 3211 3403 sanctorum
3245 3349 3338 3418 qui
3368 3349 3456 3402 di-

1873 3444 2047 3499 versis
2093 3443 2428 3513 temporibus
2485 3441 2726 3506 fuerunt,
2776 3439 2830 3493 in
2883 3439 3086 3493 divinis
3114 3438 3333 3508 templis
3366 3452 3456 3491 sa-

1874 3536 2092 3604 crisque
2137 3535 2280 3588 vasis
2322 3533 2461 3602 gerit
2507 3543 2559 3587 et
2588 3533 2804 3587 adorat.
2851 3531 3119 3597 Quamvis
3145 3545 3320 3599 nuper
3344 3529 3454 3584 Ec-

1874 3627 2037 3681 clesia
2102 3633 2286 3680 nostra
2342 3640 2372 3678 a
2425 3636 2659 3692 quatuor
2706 3618 3034 3693 patriarchis
3079 3620 3312 3686 divulsa,
3359 3636 3456 3676 ne-

1878 3720 2174 3790 quidquam
2223 3718 2576 3786 praavaricata
2609 3725 2714 3770 est.
2751 3715 2858 3769 Sed
2891 3730 3030 3767 nunc
3068 3721 3268 3782 tempus
3301 3730 3453 3767 acce-

1876 3810 2090 3879 ptabile,
2158 3809 2385 3864 Domine
2439 3807 2646 3862 Christi
2701 3807 3101 3872 amantissime,
3151 3823 3286 3860 nunc
3338 3806 3454 3860 dies

1877 3901 2068 3956 salutis
2092 3902 2135 3933 ¹⁸
2171 3921 2184 3955 :
2224 3912 2284 3955 ut
2335 3902 2751 3956 reconciliemur
2784 3915 2884 3955 nos
2918 3899 3162 3965 Christo,
3221 3901 3451 3969 auspice

1878 4002 1934 4048 et
1964 3994 2315 4049 conciliatore
2361 4003 2550 4062 pacato
2581 3993 2812 4061 imperio
2844 4000 2939 4045 tuo
2972 4008 2987 4044 :
3048 3999 3108 4044 ut
3189 3991 3455 4043 uniamur

1880 4102 1982 4140 nos
2030 4085 2222 4139 vertici
2257 4083 2623 4139 Ecclesiarum
2683 4084 2776 4138 Dei
2831 4083 3039 4147 Romae,
3080 4090 3135 4137 et
3185 4096 3280 4150 per
3328 4095 3452 4134 eam

1879 4179 2051 4232 tribus
2112 4175 2476 4244 patriarchis:
2518 4186 2579 4230 ut
2612 4175 2947 4229 unanimiter
2977 4190 3088 4227 uno
3117 4187 3214 4227 ore
3244 4169 3453 4240 gloriﬁ-

1876 4284 2064 4324 cemns
2096 4267 2265 4324 Deum
2301 4277 2356 4326 et
2399 4267 2615 4323 Patrem
2663 4267 2877 4322 Domini
2910 4267 3080 4321 nostri
3127 4263 3257 4319 Jesu
3292 4263 3454 4318 Chri-

1874 4360 1965 4423 sti,
2024 4375 2155 4415 cum
2207 4359 2348 4414 Filio
2382 4369 2436 4414 et
2483 4359 2687 4430 Spiritu
2748 4366 2960 4421 sancto,
3007 4357 3345 4411 celebrantes
3398 4360 3456 4408 et

1873 4462 2114 4508 vestrum
2151 4454 2458 4523 piissimum
2493 4463 2546 4507 et
2580 4453 2737 4506 valde
2787 4450 3027 4520 Optabile
3064 4448 3380 4517 imperium.
3429 4515 3434 4520 _

191 4534 344 4600 τρισὶ⁵
375 4536 783 4603 πατριάρχαις·
817 4535 902 4586 ἵνα
947 4536 1290 4605 ὁμοθυμαδὸν
1338 4541 1394 4590 ἐν
1432 4541 1533 4596 ένὶ.
1573 4543 1802 4611 στόματι
1837 4544 2149 4617 δοξάζωμεν
2183 4549 2275 4600 τὸν
2307 4546 2442 4599 Θεὸν
2487 4548 2583 4600 καὶ
2636 4545 2856 4614 Πατέρα
2904 4541 3001 4595 τοῦ
3043 4540 3248 4612 Κυρίου
3292 4539 3454 4611 ἡμῶν

208 4625 387 4694 Ἰησοῦ
437 4626 708 4698 Χριστοῦ,
755 4626 852 4679 σὺν
929 4626 1007 4697 τῷ
1040 4627 1154 4698 Υίῷ
1185 4631 1280 4682 καὶ
1328 4631 1607 4695 Πνεύματι
1682 4634 1842 4708 ἁγίῳ·
1882 4640 2277 4709 μεγαλύνοντες
2315 4639 2411 4692 καὶ
2447 4638 2544 4708 τὴν
2587 4638 2862 4708 ὑμετέραν
2905 4633 3310 4703 εὐσεϐεστάτην
3360 4632 3454 4686 καὶ

196 4724 530 4779 πολύευκτον
559 4723 861 4794 βασιλείαν.

402 4859 525 4910 OE'.
551 4885 622 4896 —
641 4855 920 4925 Στεφάνῳ
961 4839 1341 4924 Ἀονηκρῆτις.
1373 4856 1558 4932 [uitet]

2197 4858 2408 4915 LXXV.
2435 4887 2505 4900 —-
2539 4857 2803 4926 Stephano
2830 4872 2863 4909 α
2891 4855 3112 4910 Secrelis

193 4969 269 5018 De
302 4970 487 5020 Leonis
525 4973 726 5020 Armeni
769 4985 911 5021 nece.
946 4972 1177 5033 Quaedam
1208 4974 1389 5042 deinde
1429 4989 1517 5034 pro
1560 4977 1852 5042 defensione
1874 4981 2142 5042 imaginum
2169 4992 2181 5025 :
2207 4981 2367 5038 utque
2424 4976 2705 5037 Stephanus
2745 4973 2842 5025 iste
2873 4972 3256 5025 orlhodoxorum
3293 4985 3453 5026 causa

1341 5036 1498 5084 faveat
1531 5041 1657 5099 apud
1684 5054 1865 5090 novum
1891 5036 2262 5103 imperatorem.

387 5142 509 5208 μὲν,
540 5156 586 5191 ω
615 5139 870 5208 φιλότης,
915 5141 1371 5210 προσηγόρευσας
1409 5143 1561 5211 ἡμᾶς
1602 5143 1770 5195 πάλαι

1947 5146 2025 5198 Tn
2091 5144 2336 5213 quidem,
2383 5141 2578 5203 amice,
2637 5139 2846 5193 salvere
2900 5151 2999 5191 nos
3052 5135 3181 5188 olim
3225 5134 3444 5202 jussisti

195 5228 282 5284 διὰ
329 5233 518 5302 φωνῆς
551 5231 644 5284 τοῦ
692 5231 1060 5304 φρουροῦντος
1107 5235 1276 5303 ἡμᾶς·
1326 5227 1387 5286 οὗ
1438 5235 1770 5305 ρυσθείημεν

195 5323 495 5395 ἀμφότεροι
523 5326 621 5392 τῆς
649 5323 866 5392 μανίας.
908 5324 1170 5394 Ἐπείπερ
1201 5325 1350 5377 ἐστὶν
1400 5326 1770 5396 ὑπερϐαλλόν-

198 5428 304 5476 τως
357 5417 540 5471 πνέων
580 5416 812 5485 ἀπειλῆς
858 5417 953 5470 καὶ
1000 5416 1172 5487 θυμοῦ
1214 5420 1294 5481 είς
1328 5419 1455 5480 τοὺς
1499 5419 1766 5480 εὐσεϐεῖς·

197 5505 412 5573 δεσμῶν
441 5527 502 5562 τε
550 5511 644 5561 καὶ
687 5507 960 5577 φρουρῶν,
996 5509 1225 5572 αἰκίζων
1278 5525 1336 5561 τε
1399 5509 1496 5562 καὶ
1550 5509 1770 5580 πορθῶν

199 5601 295 5666 τὰς
328 5607 627 5677 ἐκκλησίας
670 5603 765 5660 τοῦ
801 5604 935 5660 Θεοῦ
989 5607 1090 5658 σὺν
1128 5605 1282 5677 πάσῃ
1311 5605 1631 5676 βλασφημίᾳ
1675 5605 1770 5658 καὶ

201 5699 485 5769 παροινίαο
520 5698 596 5761 ὡς
642 5698 742 5750 οὐκ
788 5692 883 5750 οἷδ’
917 5698 970 5750 εἰ
1009 5714 1091 5760 τις
1119 5696 1274 5758 ἄλλος
1307 5696 1414 5748 τῶν
1449 5697 1506 5748 ὲν
1543 5695 1768 5764 ἀσεϐείᾳ.

274 5809 318 5840 ³⁸
349 5811 481 5868 Luc.
545 5830 581 5878 ι,
619 5814 687 5870 68
749 5813 837 5869 69.
918 5816 958 5846 ‘°
989 5813 1114 5870 ()sc.
1140 5831 1214 5878 vi,
1254 5813 1308 5880 “2,
1345 5815 1398 5868 5.

1479 5814 1520 5845 ιτ
1552 5812 1680 5868 Luc.
1718 5812 1871 5879 1,55.

1879 5236 2026 5290 illius
2068 5249 2164 5288 ore
2207 5247 2239 5286 a
2278 5246 2390 5301 quo
2418 5232 2617 5300 captivi
2667 5239 2917 5284 tenemur
2950 5245 2963 5280 :
3005 5241 3036 5280 a
3065 5225 3229 5294 cujus
3264 5225 3451 5278 furore

1877 5329 2085 5383 utinam
2112 5326 2272 5381 ambo
2295 5325 2610 5379 liberemur.
2661 5321 2873 5391 Quippe
2922 5319 3101 5373 minas
3129 5332 3291 5385 supra
3324 5332 3449 5370 mo-

1877 5421 2008 5474 dum
2061 5418 2310 5486 iramque
2361 5417 2533 5484 spirat
2565 5415 2619 5468 in
2660 5428 2758 5468 eos
2786 5411 2881 5480 qui
2923 5412 3178 5479 pietatem
3210 5409 3397 5462 colunt
3430 5425 3446 5462 :

1876 5511 1932 5563 in
1966 5508 2186 5562 vincula
2216 5508 2606 5574 custodiasque
2637 5503 2959 5572 conjiciens,
2991 5501 3230 5563 medens,
3286 5507 3452 5566 atque

1875 5601 2148 5657 Ecclesias
2193 5599 2286 5654 Dei
2337 5609 2579 5660 vastans.
2630 5613 2754 5652 cum
2811 5595 2960 5650 omni
3003 5592 3359 5662 blasphemiae
3394 5599 3451 5645 et

1875 5693 2220 5752 contumeliae
2265 5707 2506 5763 genere:
2550 5690 2824 5762 quomodo
2872 5687 3015 5744 haud
3057 5688 3172 5743 scio
3208 5701 3276 5740 an
3309 5685 3450 5740 alius

1954 5810 1995 5841 η
2029 5807 2069 5862 ll
2102 5806 2226 5868 Cor.
2265 5822 2335 5868 vr,
2364 5806 2421 5860 2.
