3990 6318
599 368 730 434 1291

1788 365 1848 425 S.
1872 360 2266 422 TIIEODORI
2320 362 2667 421 STUDlT.‘E

3735 363 3883 425 1292

594 496 742 540 mus,
773 476 848 530 uti
878 473 1191 545 superiores
1231 482 1441 532 artatas,
1485 471 1565 526 sic
1597 479 1649 525 et
1682 480 1923 525 nostram
1958 483 2177 539 quoque

2283 468 2491 530 τεῦθεν,
2516 470 2591 532 ὡς
2615 469 2681 521 ἂν
2702 468 2921 539 γνῶμεν
2944 469 3026 522 ὅτι
3052 468 3322 523 ἀκόλουθα
3348 473 3467 534 ταῖς
3486 472 3604 525 ἄνω
3632 476 3893 538 γενεαῖς,

597 570 707 623 Deo
739 581 884 621 cura:
928 580 1071 627 esse,
1104 572 1268 632 atque
1299 563 1367 617 ab
1408 562 1529 631 ipso
1559 571 1685 615 ante
1710 562 1956 615 omnium
1989 560 2181 613 oculos

595 660 854 715 CUItSlilui
891 658 1292 719 testimonium,
1324 655 1473 724 quod
1520 654 1588 708 ab
1633 668 1700 707 eo
1743 652 1905 706 alieni
1938 652 2048 705 sint
2082 651 2178 720 qui

598 750 890 819 imaginem
946 756 1166 817 negant.
1217 746 1274 800 Si
1329 746 1475 800 enim
1526 760 1554 797 a
1618 744 1909 814 coryphaao
1960 742 2179 811 abrupti

594 854 741 908 sunt,
794 852 849 897 et
894 842 962 897 ab
1015 842 1138 896 aliis
1181 841 1357 894 tribus
1403 840 1769 910 patriarehis;
1813 836 2002 906 utique
2054 846 2109 890 et
2148 851 2177 888 a

594 935 838 999 Christo,
897 937 990 1007 qui
1052 946 1218 1006 caput
1276 945 1359 989 est
1420 933 1802 1004 praedictorum
1836 948 1851 986 ι
1887 941 1942 985 et
1996 930 2180 1001 lugere

594 1031 810 1083 illorum
840 1044 1004 1085 causa
1046 1040 1100 1083 et
1140 1043 1373 1083 moerere
1402 1027 1679 1091 convenit,
1710 1034 1897 1079 nostra
1935 1038 2066 1078 vero
2091 1024 2181 1077 lae-

593 1124 697 1177 tari
733 1138 898 1191 supra
937 1122 1187 1176 modum.

666 1214 933 1284 Deinceps
965 1215 1172 1283 itaque,
1208 1212 1414 1275 dilecti,
1457 1210 1698 1266 carceris
1730 1210 2011 1264 molestias
2055 1223 2179 1278 per-

599 1306 865 1367 feramus,
920 1320 985 1361 ac
1041 1306 1379 1360 tentationes
1430 1319 1553 1372 qua:
1612 1304 1969 1372 impendent;
2030 1301 2176 1356 istud

594 1398 796 1466 ipsum,
838 1397 1085 1466 quotidie
1114 1397 1277 1460 mori,
1310 1395 1683 1449 testimonium
1716 1395 1968 1457 reddere,
1992 1397 2179 1447 decer-

597 1500 713 1543 tare
758 1488 938 1558 quoad
993 1502 1171 1557 usque
1220 1487 1373 1555 pacis
1427 1494 1643 1555 tempus
1698 1486 1997 1539 adveniat:
2035 1485 2178 1554 quod

596 1579 1158 1650 Dominusjudicavit
1194 1579 1331 1632 satis
1379 1593 1502 1633 esse
1554 1578 1622 1631 ad
1666 1592 1857 1632 eorum
1897 1578 2178 1647 probatio-

595 1688 721 1725 nem
770 1671 865 1741 qui
915 1671 1272 1736 conﬁtentur,
1322 1679 1375 1725 et
1427 1670 1494 1723 ad
1537 1670 1800 1724 ultionem
1846 1684 2035 1723 eorum
2084 1669 2181 1739 qui

595 1763 755 1818 ﬁdem
789 1765 1005 1818 veritati
1054 1764 1347 1833 abrogant.
1390 1764 1517 1817 Dies
1554 1764 1699 1817 diem
1737 1762 1919 1815 trudat
1954 1777 2051 1831 per
2080 1776 2178 1831 pa-
2213 1812 2253 1868 Β

597 1855 846 1908 tientiam
891 1863 946 1909 et
978 1855 1319 1909 alacritatem
1352 1872 1365 1907 :
1400 1870 1595 1908 manus
1624 1853 2011 1923 qualecunque
2041 1866 2179 1920 opus

596 1959 853 2016 operetur
901 1947 1135 2017 :lingua
1187 1948 1386 2017 psallat
1431 1963 1443 1999 :
1485 1962 1687 2015 corpus
1741 1947 1795 1999 in
1859 1945 2176 1999 servitutem

596 2042 928 2110 redigatur:
966 2042 1070 2095 sibi
1122 2043 1239 2111 ipse
1292 2042 1539 2097 attendat
1602 2041 1845 2106 animus,
1902 2055 1972 2094 ne
2029 2039 2179 2093 vitiis

596 2134 800 2202 pandat
836 2132 985 2189 fores
1016 2151 1029 2186 :
1066 2142 1125 2187 ut
1154 2149 1219 2187 eo
1266 2144 1426 2203 pacto
1477 2133 1719 2201 spatiosa
1769 2132 1862 2186 ﬁat
1905 2132 2175 2189 custodia.

596 2227 863 2295 gratiosa,
905 2227 1173 2297 jucunda,
1209 2226 1416 2281 Christi
1453 2226 1719 2296 palatium
1753 2240 1768 2279 :
1799 2241 1924 2279 nam
1975 2241 2063 2279 res
2103 2225 2181 2278 vi-

594 2321 758 2373 detur
801 2327 995 2373 contra
1028 2335 1086 2373 se
1116 2320 1339 2373 habere.
1389 2318 1563 2374 Penes
1592 2335 1691 2374 vos
1720 2330 1805 2374 est
1851 2318 2050 2373 ﬁducia
2085 2334 2181 2373 eo-

597 2428 719 2466 rum
752 2413 846 2481 qui
884 2412 1019 2467 l'oris
1051 2423 1201 2474 sunt,
1239 2412 1483 2465 virorum
1522 2427 1585 2466 ac
1616 2412 1931 2477 mulierum,
1966 2413 2181 2465 monia-

597 2506 732 2559 linm
786 2520 849 2557 ac
898 2504 1119 2574 plebis:
1174 2514 1231 2558 et
1275 2503 1395 2571 iure
1450 2505 1657 2573 optimo
1688 2524 1700 2559 :
1730 2506 2176 2575 quandoquidem

596 2597 804 2651 Christi
846 2596 1113 2650 benelicio
1147 2597 1238 2649 lux
1270 2596 1405 2650 estis
1436 2596 1702 2667 Byzantii,
1735 2614 1801 2652 ne
1825 2598 2000 2651 dicam
2028 2598 2181 2652 orbis

599 2687 793 2741 totius.
823 2685 929 2740 Sed
963 2686 1245 2740 diabolum
1283 2687 1602 2740 intueamur
1630 2687 2046 2741 intersereutem
2072 2685 2183 2740 fru-

597 2788 785 2833 mento
845 2778 1056 2832 zizania
1101 2788 1201 2833 :et
1248 2781 1489 2849 spiritali
1552 2779 1735 2833 cribro
1784 2779 1941 2832 ﬁdem
1991 2779 2181 2849 utique

597 2871 979 2935 admittamus,
1026 2871 1372 2926 excutiamus
1403 2882 1586 2927 autem
1617 2870 1845 2927 affectus
1881 2891 1892 2925 :
1924 2888 1990 2927 ne
2016 2875 2183 2944 spiri-

599 2964 724 3017 talis
764 2978 893 3033 ager
921 2966 1328 3033 pessumdetur.
1379 2964 1582 3019 Habuit
1626 2974 1680 3019 et
1717 2982 1950 3036 magnus
1978 2967 2181 3022 Paulus

597 3056 979 3119 charissimas,
1022 3058 1253 3127 Appiam
1281 3058 1350 3122 ⁸⁵,
1390 3058 1670 3111 Persidem
1696 3059 1742 3089 ⁸⁸
1775 3077 1787 3110 :
1823 3070 1877 3113 et
1916 3059 2180 3113 Evodiam

600 3159 777 3215 rogat,
813 3159 866 3201 et
901 3150 1223 3220 Syntychen
1260 3153 1614 3218 deprecatur,
1647 3150 1887 3219 ldipsum
1921 3166 2102 3217 sapere
2128 3152 2180 3202 in
2208 3168 2251 3225 α

596 3238 825 3291 Domino
849 3238 936 3292 ’τε
972 3249 1232 3310 tanquam
1286 3240 1537 3294 laborum
1576 3244 2047 3311 certaminumque
2091 3258 2182 3297 so-

598 3330 711 3382 cias
750 3337 805 3381 et
829 3329 1151 3398 adjutrices.
1202 3330 1269 3384 Et.
1297 3330 1502 3384 habere
1541 3332 1773 3384 omnino
1811 3347 2036 3386 necesse
2073 3342 2177 3397 est,

597 3422 691 3475 sed
742 3422 1210 3500 quemadmodum
1264 3424 1354 3479 ille
1403 3424 1615 3479 habuit.
1654 3424 1863 3481 Deinde
1911 3425 2085 3496 inquit
2115 3427 2181 3480 de

596 3511 850 3567 Priscilla
882 3524 935 3567 et
963 3514 1162 3583 Aquila
1191 3530 1205 3566 :
1241 3514 1524 3584 Siquidem
1558 3532 1655 3585 pro
1690 3517 1869 3571 anima
1904 3534 2016 3570 mea
2068 3533 2181 3570 cer-

596 3607 731 3658 vices
762 3622 888 3660 sua:
911 3618 1297 3675 supposuerunt
1320 3608 1390 3662 ⁸⁸.

670 3698 837 3753 Vides
884 3701 1091 3754 amoris
1141 3701 1416 3766 ardorem,
1454 3712 1507 3755 et
1536 3704 1783 3772 Apostoli
1824 3704 2179 3759 commenda-

596 3793 838 3845 tionem?
889 3792 1002 3859 Sic,
1048 3794 1246 3848 fratres
1288 3795 1417 3859 mei,
1450 3805 1504 3849 et
1558 3811 1657 3851 nos
1706 3804 1760 3849 et
1811 3811 1927 3861 vos,
1975 3799 2179 3865 pariter

595 3883 903 3939 habeamus
934 3893 990 3937 et
1030 3886 1432 3955 amplectamur
1477 3901 1571 3941 eas
1600 3902 1723 3955 quae
1763 3887 2009 3957 ejusdem
2046 3903 2179 3961 con-

595 3976 822 4030 ditionis
853 3991 917 4030 ac
947 3976 1150 4039 meriti,
1185 3977 1344 4031 nobis
1377 3976 1811 4047 adjunctaa'sunt
1846 3994 1909 4033 ac
1933 3979 2127 4033 dedita:
2161 4000 2173 4035 :

596 4079 657 4122 ut
697 4082 750 4123 et
797 4071 1137 4141 gloriﬁcatur
1169 4071 1335 4135 Deus,
1373 4081 1429 4126 et
1465 4087 1565 4127 nos
1618 4072 2020 4137 illuminemur,
2066 4090 2175 4127 non

594 4162 949 4232 inquinemur
989 4173 1172 4217 autem
1215 4173 1268 4218 et
1308 4164 1715 4233 perturbemur.
1756 4164 1828 4218 De
1873 4166 2030 4220 vobis
2078 4168 2179 4218 tri-

596 4257 697 4308 bus
738 4256 805 4309 ad
838 4270 925 4309 me
961 4256 1233 4324 perlatqu
1264 4264 1369 4321 est,
1414 4257 1767 4312 consociatos
1803 4272 1899 4312 vos
1928 4273 2050 4313 esse
2082 4274 2177 4326 per

593 4354 974 4423 pcnnitentiam
1035 4362 1090 4407 et
1149 4355 1514 4421 mutationem
1568 4352 1783 4409 Leontii
1836 4371 1850 4408 :
1900 4364 1954 4409 et
2002 4355 2173 4409 Deum

595 4445 896 4513 gloriﬁcavi
944 4462 1043 4515 ego
1093 4456 1370 4516 peccator,
1404 4456 1518 4501 tum
1566 4448 1637 4501 ob
1675 4447 1821 4502 illius
1876 4448 2174 4518 mitigatio-

595 4552 741 4598 nem,
778 4539 823 4591 si
870 4537 1035 4591 modo
1076 4549 1410 4606 perseveret,
1446 4547 1562 4593 tum
1596 4541 1667 4594 ob
1704 4550 1950 4594 vestrum
1998 4548 2175 4593 certa-

593 4647 718 4684 men
756 4652 765 4685 :
802 4630 973 4701 quod,
1026 4640 1283 4701 tanquam
1320 4647 1350 4686 e
1391 4633 1611 4687 camino
1661 4634 1805 4704 ignis
1851 4644 1961 4688 tres
1998 4633 2177 4688 sancti

591 4724 772 4792 pueri,
814 4724 894 4778 sic
928 4732 983 4778 et
1032 4723 1135 4793 ipsi
1186 4737 1217 4778 e
1270 4730 1414 4779 tetro
1467 4739 1691 4779 carcere
1736 4726 1892 4779 illarsi
1934 4726 2173 4791 exiistis,

594 4826 828 4887 tyranno
854 4817 1171 4886 perterrito.
1215 4814 1319 4870 Sed
1357 4816 1561 4882 adhuc,
1599 4816 1696 4870 viri
1745 4820 1981 4879 strenui,
2009 4820 2174 4873 dimi-

592 4917 732 4973 cate,
767 4917 821 4961 et
850 4922 950 4963 vos
997 4907 1065 4961 ad
1109 4908 1468 4961 lentationem
1524 4918 1839 4977 comparate
1885 4926 2058 4980 usque
2105 4910 2172 4964 ad

593 5000 939 5070 sanguinem.
987 4998 1119 5055 Haec
1156 4998 1303 5053 enim
1353 4999 1438 5053 lex
1474 4999 1723 5069 martyrii
1774 5008 1880 5055 est.
1931 5002 2055 5055 Sint
2092 5002 2171 5055 illi

592 5093 862 5146 benedicti
916 5093 1011 5162 qui
1070 5108 1170 5147 vos
1219 5092 1617 5156 corroborant,
1678 5108 1775 5146 seu
1829 5093 2016 5155 domi,
2072 5110 2168 5149 seu

591 5187 745 5241 foris.
774 5183 889 5239 Nos
930 5186 1118 5241 miseri
1155 5200 1376 5239 rursum
1420 5184 1594 5255 plagis
1636 5185 1762 5239 caesi
1802 5200 1996 5241 sumus
2030 5203 2043 5240 :
2075 5188 2168 5240 sed

591 5294 715 5331 cum
745 5278 1046 5347 gratiarum
1083 5278 1302 5329 actione
1339 5277 1655 5344 excepimus
1688 5292 1702 5329 :
1730 5285 1784 5330 et
1814 5292 1960 5331 nunc
1993 5279 2169 5348 magis

588 5374 753 5425 etiam
786 5369 946 5424 nobis
974 5370 1273 5438 placemus.
1310 5366 1491 5432 Quare
1522 5382 1621 5422 nec
1644 5384 1740 5424 vos
1764 5370 2169 5426 contristemini

589 5466 643 5518 in
680 5462 990 5516 humilitate
1020 5468 1244 5524 nostra;
1292 5460 1384 5514 sed
1432 5458 1665 5528 gaudete
1693 5460 1898 5529 potius,
1932 5469 1987 5514 et
2018 5472 2169 5516 orate

591 5564 647 5607 ut
667 5554 952 5607 valeamus
980 5551 1158 5605 adhuc
1190 5551 1242 5602 in
1276 5549 1560 5613 omnibus,
1592 5560 1646 5605 et
1669 5566 1732 5605 ea
1772 5552 2007 5605 tolerare
2042 5568 2164 5622 qua:

588 5660 620 5698 a
657 5642 1018 5713 potestatibus
1061 5638 1391 5705 inferuntur,
1441 5649 1495 5694 et
1544 5655 1608 5696 ea
1641 5640 1915 5696 sustinere
1944 5657 2065 5711 qua
2093 5642 2163 5697 ab

2283 562 2378 614 καὶ
2404 562 2503 633 τὴν
2536 562 2657 616 καθ’
2686 564 2838 633 ἡμᾶς
2870 565 2897 617 6
2926 564 3061 627 Θεὸς
3086 564 3402 617 ἐπισκοπῶν
3428 568 3756 619 ἐπισκοπεῖ·
3792 568 3892 619 καὶ

2283 654 2376 706 ὑπ’
2403 655 2523 723 ὄψιν
2559 656 2735 724 ἤγαγε
2768 657 2831 707 τὸ
2859 655 3183 727 μαρτύριον,
3220 657 3302 710 ὅτι
3333 657 3741 729 ἠλλοτρίωνται
3782 660 3889 712 αὖ-

2280 747 2377 800 τοῦ
2416 748 2467 799 οί
2506 748 2607 817 τῆς
2653 748 2860 811 εἰκόνος
2907 748 3161 818 ἀρνηταί.
3195 750 3257 801 Εἰ
3299 748 3408 819 γὰρ
3437 750 3533 802 τοῦ
3565 750 3889 819 κορυφαίου

2281 840 2389 892 eici.
2413 840 2827 911 διερρηγμένοι,
2852 840 2961 894 τῶν
2983 858 3045 893 τε
3064 841 3270 911 ἑτέρων
3288 840 3457 913 τριῶν
3481 842 3886 913 πατριαρχῶνο

2280 932 2482 1003 δηλαδὴ
2512 935 2606 985 καὶ
2635 934 2730 987 τοῦ
2762 934 3032 1005 Χριστοῦ,
3063 934 3121 996 ὃς
3146 933 3355 1004 κεφαλὴ
3381 933 3495 987 τῶν
3524 936 3884 1005 προειρημέ-

2281 1042 2407 1077 νωνο
2441 1028 2537 1079 καὶ
2562 1026 2781 1079 πενθεῖν
2807 1028 2926 1080 ἐστι
2960 1028 3054 1079 καὶ
3081 1026 3505 1096 σκυθρωπάζειν
3540 1027 3631 1079 ἐπ’
3659 1028 3883 1089 αὐτοῖς·

2281 1118 2413 1187 ἡμῖν
2441 1117 2499 1170 δὲ
2532 1118 2744 1190 χαίρειν
2779 1119 2924 1189 μέγα
2956 1120 3053 1172 καὶ
3079 1120 3379 1190 ὑπερφυές.

2365 1211 2707 1282 Ἐνέγκωμεν
2752 1212 2845 1265 οὖν
2878 1212 3102 1274 λοιπὸν,
3146 1213 3455 1282 ἀγαπητοὶ,
3500 1214 3571 1266 τὰ
3608 1213 3887 1267 eamme

2280 1304 2378 1373 τῆς
2400 1304 2667 1372 φυλακῆςο
2696 1304 2766 1357 τὰ
2791 1302 3224 1374 προσδοκώμενα
3245 1304 3325 1356 ἑτι
3354 1308 3709 1375 πειρατήρια·
3739 1306 3884 1359 αὐτὸ

2279 1397 2461 1462 τοῦτο,
2514 1396 2883 1467 ἀποθνήσκειν
2925 1396 3271 1467 καθημέραν,
3308 1401 3645 1467 μαρτυρεῖν,
3683 1400 3882 1453 ἀθλεῖν

2280 1488 2386 1552 ἕως
2414 1487 2481 1542 ἂν
2509 1489 2706 1559 ἐπιστῇ
2734 1490 2762 1540 6
2797 1489 2989 1558 καιρὸς
3016 1488 3115 1558 τ’ῆς
3145 1489 3389 1558 εἰρήνης·
3417 1488 3476 1541 ὃν
3498 1489 3527 1539 6
3551 1488 3768 1559 Κύριος
3790 1492 3883 1543 δε-

2279 1580 2573 1649 δοκίμακεν
2616 1580 2929 1649 ἀρκούντως
2957 1580 3101 1650 ἔχειν
3139 1581 3219 1642 είς
3248 1580 3491 1648 δοκίμιον
3528 1580 3639 1633 τῶν
3670 1583 3880 1651 ὁμολο-

2281 1673 2540 1739 γούντων,
2599 1673 2693 1725 καὶ
2744 1672 3101 1741 ἀνταπόδομα
3148 1670 3257 1723 τῶν
3314 1672 3713 1726 ἀπειθούντων.
3812 1673 3879 1724 Ἠ

2282 1766 2464 1835 ἡμέρα
2509 1765 2607 1836 τὴν
2651 1766 2865 1835 ἡμέραν
2906 1764 3276 1828 διαϐιϐαζέτω
3327 1765 3395 1817 δι’
3444 1764 3732 1835 ὑπομονῆς
3780 1766 3879 1819 καὶ

2281 1857 2613 1928 προθυμίας*
2645 1859 2679 1926 ἡ
2725 1858 2847 1928 χεὶρ
2887 1856 3208 1926 ὲργαζέσθω
3241 1856 3627 1929 οἱονδηποτοῦν
3662 1857 3836 1927 ἔργον
3859 1876 3875 1888 ο

2280 1950 2341 2001 τὸ
2373 1950 2546 2018 στόμα
2571 1948 2847 2018 ψαλλέτωο
2878 1948 2940 2001 τὸ
2965 1948 3127 2018 σῶμα
3154 1947 3632 2017 δουλαγωγείσθω·
3672 1951 3701 2001 6
3747 1949 3879 2013 νοῦς

2281 2043 2598 2114 προσεχέτω
2626 2041 2837 2112 ὲαυτῷ’
2876 2041 2951 2113 μὴ
2982 2043 3224 2110 ἀνοίγειν
3254 2040 3425 2112 θύραν
3467 2043 3581 2105 τοῖς
3610 2042 3873 2097 πάθεσιν·

2280 2138 2355 2199 ὡς
2381 2136 2446 2189 ἂν
2484 2136 2764 2206 ὴφυλακὴ
2795 2135 3003 2209 εὐρύχοε
3018 2153 3108 2207 ρος
3151 2131 3293 2201 εἷεν,
3340 2136 3687 2207 εὐχάριστος,
3736 2138 3877 2206 γλυ-

2282 2229 2425 2288 κεῖα,
2466 2226 2728 2280 παλάτιον
2759 2226 3017 2293 Χριστοῦ.
3053 2226 3128 2278 Τὸ
3160 2226 3271 2296 γάρ
3296 2225 3543 2281 ἐναντίον
3567 2228 3873 2297 πρόδηλον.

2281 2319 2470 2381 Πίστις
2497 2318 2650 2387 παρὰ
2682 2320 2790 2373 τῶν
2825 2317 3024 2383 ἔξωθεν
3067 2318 3205 2388 πρὸς
3235 2319 3401 2389 ὑμᾶς,
3432 2319 3644 2391 ἀνδρῶν
3676 2338 3740 2373 τε
3780 2322 3877 2373 καὶ

2280 2409 2588 2480 γυναικῶν·
2635 2410 2983 2481 μοναζουσῶν
3022 2427 3081 2462 τε
3114 2412 3211 2463 καὶ¹
3246 2411 3511 2479 μιγάδων.
3562 2412 3676 2464 Καὶ
3728 2414 3879 2465 5!er-

2280 2518 2409 2566 τως
2436 2503 2558 2556 ἐπεὶ
2587 2503 2701 2573 φῶς
2725 2507 2847 2556 ἐστε
2879 2503 3067 2572 χάριτι
3097 2502 3337 2573 Χριστοῦ
3374 2504 3473 2574 τῆς
3512 2502 3870 2566 Βυζαντίδος·

2283 2594 2371 2645 ἵνα
2413 2594 2488 2663 μὴ
2521 2594 2681 2657 εῐπω,
2712 2592 2839 2645 ὅλου
2868 2590 2963 2644 τοῦ
2994 2592 3225 2663 κόσμου.
3272 2594 3436 2648 Ἀλλὰ
3458 2595 3756 2664 βλέπωμεν
3783 2597 3878 2648 τὸν

2283 2685 2672 2753 ὲπισπείροντα
2696 2684 2775 2754 τῷ
2800 2684 2931 2754 σίτῳ
2961 2684 3177 2750 ζιζάνια
3204 2687 3450 2741 διάϐολον
3468 2702 3483 2715 ·
3509 2685 3605 2738 καὶ
3638 2685 3719 2755 τῷ
3752 2688 3876 2740 δια-

2285 2774 2521 2844 νοητικῷ
2548 2773 2786 2843 κοσκίνῳ
2813 2774 2912 2845 τὴν
2959 2775 3058 2845 μὲν
3088 2777 3272 2830 πίστιν
3296 2775 3656 2845 προσιέμεθα⁸
3686 2776 3793 2840 τὰς
3818 2779 3877 2831 δὲ

2285 2868 2499 2938 σχέσεις
2516 2867 2967 2938 ἀποσεισώμεθω
2994 2868 3083 2921 ἴνα
3113 2867 3191 2939 μὴ
3214 2869 3246 2935 ἢ
3273 2866 3476 2936 ψυχικὴ
3508 2865 3667 2937 χώρα
3690 2868 3877 2938 λυμή-

2283 2978 2465 3030 νηται.
2519 2955 2649 3029 Εἶχε
2696 2961 2792 3013 καὶ
2836 2960 3048 3023 Παῦλος
3078 2962 3106 3014 6
3158 2960 3333 3029 μέγας
3382 2959 3711 3030 ἀγαπητάς·
3774 2962 3877 3031 τὴν

2296 3051 2554 3121 Ἀπφίαν,
2582 3052 2682 3121 τὴν
2716 3052 2973 3120 Περσίδα;
3014 3054 3111 3105 καὶ
3137 3050 3380 3105 Εύωδίαν
3409 3052 3748 3122 παρακαλεῖ,
3778 3055 3876 3106 καί

2284 3142 2562 3212 Συντύχην
2595 3144 2908 3215 παρακαλεῖ
2941 3144 3001 3196 τὸ
3030 3142 3163 3197 αὐτὸ
3194 3146 3414 3213 φρονεῖν
3451 3146 3509 3197 ὲν
3538 3145 3754 3215 Κυρίῳ
3800 3147 3875 3208 ὡς

2285 3234 2673 3303 συγκοπιώσας
2699 3236 2796 3288 καὶ
2825 3234 3197 3297 συναθλούσας
3224 3236 3317 3288 καὶ
3355 3235 3734 3300 διακονούσας.
3766 3239 3875 3291 Καὶ

2282 3326 2581 3393 ἀναγκαῖον
2604 3326 2822 3389 πάντως
2848 3326 3013 3396 ἔχειν·
3039 3326 3156 3379 ἀλλ’
3179 3325 3344 3396 ἔχειν,
3368 3326 3444 3387 ὼς
3467 3322 3616 3397 εἶχεν
3638 3329 3871 3391 ἐκεῖνος.

2297 3417 2449 3471 Ἐπεί
2481 3436 2614 3489 φησι
2660 3420 2790 3489 περὶ
2836 3419 3172 3489 Πρισκίλλης
3205 3419 3300 3472 καὶ
3358 3418 3597 3474 Ἀκύλα·
3641 3421 3876 3486 Οἷτινες

2281 3510 2434 3579 ὑπὲρ
2472 3509 2583 3578 τῆς
2615 3510 2824 3581 ψυχῆς
2851 3529 2972 3581 μου
3019 3512 3128 3565 τὸν
3157 3511 3376 3565 ἑαυτὸν
3409 3513 3725 3583 τράχηλον
3764 3518 3872 3569 ὐπ-

2280 3598 2532 3668 ἔθηκαν.

2365 3708 2527 3779 Ὁρᾷς
2557 3710 2617 3763 τὸ
2641 3710 2845 3782 θερμὸν
2871 3712 2970 3783 τῆς
2991 3712 3237 3785 ἀγάπης,
3276 3715 3371 3767 καὶ
3417 3713 3519 3785 τὴν
3579 3716 3869 3769 ἀποστολι-

2280 3795 2382 3870 κῆν
2410 3802 2717 3874 ἀποδοχὴν;
2767 3804 2975 3870 Οὕτως,
3027 3807 3246 3875 ἀδελφοί
3286 3825 3409 3878 μου,
3447 3808 3543 3861 καὶ
3578 3810 3744 3877 ἡμεῖς
3780 3814 3871 3862 καὶ

2282 3891 2464 3960 ὑμεῖς,
2517 3896 2611 3947 καὶ
2654 3895 2871 3965 ἔχωμεν
2905 3898 3000 3951 καὶ
3044 3896 3420 3969 ἀσπαζώμεθα
3465 3902 3567 3962 τάς
3612 3902 3671 3953 ὲν
3718 3903 3869 3967 τάξει

2279 3980 2389 4034 τῶν
2412 3983 2672 4039 τοιούτων
2710 3990 2842 4059 ἡμῖν
2887 3991 3315 4059 καθισταμένας.
3363 3991 3453 4055 Ὠς
3482 3992 3551 4045 ἂν
3578 3993 3869 4066 δοξάζηται

2279 4075 2307 4127 ὁ
2330 4074 2484 4139 Θεὸς,
2514 4078 2609 4131 καὶ
2638 4081 2988 4150 φωτίζωμενσ
3019 4080 3157 4134 ἀλλά
3193 4083 3268 4152 μὴ
3304 4081 3597 4152 θολὼμεθα
3623 4085 3718 4138 καὶ
3744 4104 3869 4152 συγ-

2280 4164 2554 4234 χεώμεθα.
2583 4169 2887 4223 Ἥκουσταί
2922 4187 3011 4238 μοι
3053 4172 3185 4240 περὶ
3225 4170 3380 4242 ὑμῶν
3408 4173 3517 4226 τῶν
3551 4174 3720 4243 τριῶν
3742 4216 3757 4241 ,
3787 4176 3866 4228 ὅτι

2280 4257 2523 4327 ήνώθητε
2565 4261 2669 4313 ὑπὸ
2715 4256 3084 4332 μεταμελείας
3112 4263 3206 4317 τοῦ
3238 4266 3499 4319 ταπεινοῦ
3541 4265 3715 4339 [Reg.
3746 4272 3864 4324 cod.

2278 4347 2857 4422 ὲλεεινοῦ]”Λεοντίου,
2908 4356 3004 4407 καὶ
3043 4355 3135 4408 τὸν
3179 4356 3313 4410 Θεὸν
3359 4357 3591 4424 ἐδόξασα
3620 4360 3650 4411 6
3683 4361 3864 4433 ἁμαρ-

2279 4441 2470 4507 τωλὸς,
2504 4443 2597 4495 ὲπί
2627 4461 2687 4496 τε
2718 4447 2783 4515 τῇ
2820 4446 3148 4514 μετοκλάσει
3173 4447 3386 4501 ἐκείνου
3407 4465 3422 4479 ’
3442 4448 3604 4519 εἴπερ
3638 4451 3730 4503 καλ⁵
3755 4452 3864 4505 δια-

2286 4535 2484 4605 μείνοι·
2520 4537 2615 4589 καὶ
2648 4541 2714 4609 τῇ
2744 4538 2989 4610 ὑμετέρᾳ
3028 4539 3340 4611 ὲναθλήσει·
3387 4542 3471 4595 ὅτι
3514 4542 3589 4604 ὡς
3625 4543 3734 4596 ἀπὸ
3767 4563 3863 4597 xa-

2280 4627 2441 4691 μίνου
2471 4629 2646 4699 πυρὸς
2674 4631 2723 4683 oi
2772 4630 2917 4697 ἆγιοι
2947 4634 3098 4701 τρεῖς
3138 4634 3327 4697 παῖδες
3347 4674 3363 4698 ,
3397 4634 3587 4687 καύτοὶ
3618 4635 3730 4688 τῶν
3758 4638 3861 4691 δει-

2277 4721 2385 4773 νῶν
2433 4721 2692 4789 φυλακῶν
2734 4725 2941 4787 ἀσινεῖς
2987 4723 3374 4795 ἐξεληλύθατε,
3418 4728 3862 4797 καταπλήξαντες

2275 4810 2365 4863 τὸν
2389 4810 2673 4883 τύραννον.
2715 4813 2855 4867 Ἀλλ’
2879 4813 2981 4879 ἐτι,
3008 4816 3249 4882 γενναῖοί
3281 4833 3407 4886 μου,
3438 4817 3738 4871 ὲναθλοίτε·
3775 4831 3862 4880 καὶ

2274 4906 2337 4957 τὸ
2360 4906 2727 4976 πειρασθῆναι
2766 4907 3123 4977 ἑτοιμάζεσθε
3159 4909 3353 4979 μέχρις
3393 4910 3651 4980 αἵματος.
3678 4913 3859 4967 Τοιοῦ-

2277 5013 2369 5059 τος
2415 4998 2525 5069 γὰρ
2562 5000 2591 5051 6
2622 5000 2802 5069 ,νόμος
2832 4999 2936 5069 τῆς
2972 4999 3783 5074 μαρτυρίας.-Εύλογηθείησαν
3811 5008 3858 5058 oi

2278 5092 2535 5145 ἀλεῖπται
2593 5092 2770 5162 ὑμῶν,
2816 5093 2865 5144 oi
2907 5092 3122 5146 ἔνδοθεν
3165 5094 3260 5146 καὶ
3305 5092 3528 5160 ἔξωθεν.
3578 5095 3770 5165 Ἡμεῖς
3814 5098 3857 5149 οἱ

2277 5182 2619 5253 ταλαίπωροι
2676 5182 2771 5235 καὶ
2821 5180 2995 5245 αὖθις
3034 5181 3540 5253 ὲμαστιγὼθημενσ
3602 5184 3722 5237 ἀλλ’
3773 5185 3857 5237 εὑ-

2276 5276 2553 5346 χαρίστως
2577 5273 2903 5345 ἐδεξάμεθα·
2932 5273 3025 5326 καὶ
3053 5273 3385 5344 εὐδοκοῦμεν
3410 5274 3615 5344 μᾶλλον
3645 5278 3739 5330 καὶ
3766 5277 3854 5339 ἐτι,

2278 5368 2442 5420 Ὥστε
2476 5368 2634 5437 ὑμεῖς
2666 5368 2743 5438 μὴ
2776 5367 3003 5420 ἀνιᾶσθε
3050 5368 3109 5420 ὲν
3156 5370 3237 5437 τῇ·
3274 5366 3611 5421 ταπεινώσει
3667 5369 3851 5440 ἡμῶν,

2266 5457 2402 5510 ἀλλὰ
2440 5458 2641 5528 μᾶλλον
2676 5458 2923 5527 χαίρετε,
2952 5456 3049 5511 καὶ
3081 5457 3450 5527 προσεύχεσθε
3481 5458 3696 5529 ἰσχύειν
3721 5460 3856 5529 ἡμᾶς

2272 5550 2353 5601 ἔτι
2380 5551 2439 5600 ὲν
2466 5550 2630 5602 πᾶσιν
2651 5565 2665 5579 ·
2698 5549 2868 5601 οἴσειν
2895 5564 2953 5601 τε
2989 5548 3082 5600 καὶ
3108 5549 3176 5601 τά
3202 5547 3357 5618 παρά
3378 5548 3492 5604 τῶν
3529 5549 3857 5615 ἐξουσιάζον-

2270 5662 2377 5696 των
2407 5642 2748 5713 ὲπαγόμενα·
2792 5639 2980 5713 φέρειν
3005 5657 3066 5694 τε
3095 5641 3190 5695 καὶ
3217 5639 3285 5693 τά
3318 5640 3473 5711 παρά
3504 5642 3605 5696 τοῦ
3640 5643 3854 5716 ἀοράτου

656 5823 702 5852 ⁸³
728 5819 963 5875 Philem.
997 5837 1007 5871 ι
1074 5823 1123 5873 1.
1200 5820 1241 5851 3"
1273 5819 1429 5875 Rom.
1470 5834 1579 5885 ενι,
1622 5819 1705 5875 l2.
1786 5822 1829 5853 ⁸⁷
1860 5820 2095 5891 Philipp.
2122 5838 2173 5876 ιγ

2353 5821 2397 5854 ⁸⁸
2422 5818 2581 5875 Rom.
2620 5834 2732 5885 ενι,
2759 5819 2809 5871 4.
