3990 6318
152 391 276 456 1293

1334 374 1874 437 EPISTOLARUM
1922 374 2069 434 LIB.
2109 372 2189 428 II.

3250 351 3385 422 1994

151 495 400 563 πολεμίου
458 490 620 561 lReg.
664 490 779 542 cod.
827 483 1106 556 πολέμου]
1138 482 1589 552 συμϐαλλόμενα,
1625 482 1722 532 σὺν

1846 477 2084 533 invisibili
2117 477 2271 530 hoste
2294 475 2696 544 conjiciuntur;
2729 489 2835 528 una
2860 490 2984 528 cum
3021 473 3187 528 fratre
3213 472 3376 526 Nico-

149 587 224 656 τῷ
269 581 483 652 ἀδελφῷ
526 580 782 649 Νικολάῳ
813 593 824 606 ⁸
875 578 932 640 ὃς
985 577 1078 629 καὶ
1129 575 1527 645 προσαγορεύει
1575 574 1718 642 ὑμᾶς

153 675 474 744 θερμότατα.
520 666 908 739 Μνημονεύετὲ
950 683 1050 735 μου
1094 664 1203 717 τῶν
1256 661 1598 733 στεναγμῶν.
1656 660 1719 712 Ἦ

153 769 301 838 χάρις
333 765 450 835 μεθ’
477 763 654 833 ὑμῶν.
694 761 885 831 Ἀμήν.

388 877 505 929 ΞΖ’.
544 906 614 915 -
648 872 995 941 Navxpatlcp
1030 870 1237 932 τέκνῳ.
1275 867 1472 942 [υμζ’.]

1825 573 1911 625 lao
1941 571 2036 640 qui
2069 584 2165 624 vos
2196 578 2542 638 peramanter
2574 569 2796 622 salutat.
2838 566 3165 620 Mementote
3205 566 3386 633 suSpi-

1825 662 2030 716 riorum
2065 674 2335 714 meorum.
2379 658 2563 713 Gratia
2595 659 2895 713 vobiscum.
2933 658 3128 710 Amen.

2239 855 2398 908 LVII.
2430 885 2499 896 —
2530 854 2817 907 Naucralio
2849 855 2978 921 ﬁlio.

153 985 401 1050 Captivum
423 999 517 1048 pro
537 986 730 1036 Christo
750 984 939 1032 solatur
963 983 1336 1050 conﬁrmatque
1359 993 1447 1050 spe
1475 976 1687 1046 praemii._
1708 977 1779 1024 De
1810 972 2404 1050 quorumdammlapsorum
2446 967 2734 1031 poenitentia
2776 965 3045 1028 respondet
3072 981 3082 1014 :
3110 977 3304 1013 necnon
3328 965 3390 1012 de

1276 1033 1519 1102 aliquibtis
1543 1039 1810 1099 imaginum
1829 1033 2250 1093 inscriptionibus.

221 1154 356 1224 Παρ’
380 1150 570 1203 ἐλπίδα
596 1150 714 1220 μὲν,
741 1149 829 1201 ἐπ’
853 1149 1030 1200 ἐλπίδι
1056 1147 1113 1200 δὲ
1137 1150 1307 1216 ὅμως,
1332 1145 1599 1214 ἐδεξάμην
1623 1159 1716 1195 σου

154 1248 247 1318 τὴν
284 1244 613 1312 ἐπιστολὴν,
645 1243 824 1310 τίμιον
863 1241 1081 1293 τέκνον·
1112 1240 1172 1291 τὸ
1215 1238 1452 1308 πρῶτον,
1488 1236 1576 1288 διὰ
1622 1236 1719 1304 τὴν

157 1338 462 1405 ἐπίσφιγξιν
495 1335 596 1402 τῆς
627 1332 874 1401 φυλακῆς
903 1333 962 1396 ἐξ
982 1332 1287 1402 ἐπιτροπῆς
1316 1333 1408 1382 τοῦ
1433 1327 1714 1398 βασιλέως

158 1429 217 1481 τὸ
235 1428 503 1497 δεύτερον,
521 1425 607 1477 διὰ
633 1424 731 1494 τὴν
758 1424 1128 1494 ὑπεράπειρον
1155 1421 1464 1490 ἁγαθὸτητα
1481 1418 1569 1471 τοῦ
1599 1418 1718 1485 φιλ-

159 1522 439 1591 ανθρώπου
482 1518 617 1570 Θεοῦ
639 1534 651 1547 ·
680 1518 745 1570 δι’
787 1519 931 1588 ὑμᾶς
961 1519 1086 1579 τοὺς
1121 1516 1310 1585 ἁγίους
1340 1515 1434 1567 καὶ
1460 1513 1526 1564 τὰ
1560 1512 1717 1580 ἡμῶν

157 1615 260 1666 τῶν
286 1609 627 1682 ἁμαρτωλῶν
663 1604 720 1663 εὖ
769 1609 1168 1677 διατιθεμένου·
1220 1607 1321 1659 κᾶν
1354 1605 1403 1656 οἱ
1446 1603 1721 1672 ἄνθρωποι

155 1702 555 1765 δυσδιεξόδευτα
597 1700 895 1770 πειρῶνται
939 1699 1148 1770 φέρειν.
1191 1698 1298 1750 Καὶ
1329 1695 1380 1746 τί
1414 1694 1572 1756 εἴπω,
1611 1691 1724 1761 ἣτί

1897 1139 2098 1191 Praeter
2151 1151 2303 1204 spem
2359 1135 2600 1204 quidem,
2647 1142 2700 1186 at
2745 1133 2902 1201 juxta
2970 1147 3118 1200 spem
3189 1143 3388 1192 tamen.

1824 1227 2008 1293 accepi
2042 1225 2252 1279 litteras
2282 1233 2426 1286 tuas,
2468 1223 2542 1274 ﬁli
2587 1221 2883 1276 reverende
2914 1239 2928 1275 :
2958 1222 3213 1281 alterum,
3245 1223 3392 1288 quod

1827 1318 1989 1387 jussu
2039 1317 2185 1385 regis
2240 1315 2449 1368 arctior
2502 1315 2573 1368 sit
2617 1314 2863 1367 custodia
2893 1330 2907 1365 2
2943 1312 3195 1372 alterum,
3248 1313 3392 1375 quod

1826 1410 2093 1462 immensa
2125 1404 2538 1459 clementissimi
2588 1403 2676 1456 Dei
2710 1403 3019 1470 benignitas
3052 1403 3142 1465 sit,
3175 1411 3395 1469 pr0pter

1823 1515 1924 1553 vos
1954 1498 2049 1568 qui
2090 1497 2265 1551 sancti
2302 1497 2455 1560 estis,
2491 1511 2577 1549 res
2620 1509 2840 1564 quoque
2876 1503 3113 1554 nostras.
3143 1493 3234 1562 qui
3277 1509 3396 1561 pec-

1829 1601 2046 1647 catores
2095 1605 2308 1651 sumus,
2358 1587 2572 1657 egregie
2599 1585 2934 1640 fortunantis
2968 1604 2980 1638 :
3012 1588 3262 1654 quamvis
3313 1600 3396 1638 co-

1829 1692 2030 1738 nentur
2078 1681 2329 1735 homines
2379 1679 2621 1733 dillieilia
2680 1692 2866 1731 creare
2904 1679 3144 1747 negotia.
3188 1675 3398 1745 Ecquid

155 1791 414 1860 διανοηθῶ
433 1794 459 1843 6
481 1791 647 1852 τάλας
668 1768 740 1858 pii
759 1790 838 1841 ὅτι
886 1768 1088 1841 Πάντα
1109 1785 1176 1839 τὰ
1198 1783 1346 1839 ὀστᾶ
1362 1802 1479 1851 μου
1497 1783 1722 1848 ἐροῦσι,

1837 1790 1993 1844 porro
2025 1775 2228 1836 dicam,
2251 1782 2344 1827 aut
2373 1771 2507 1842 quid
2541 1770 2794 1840 cogitabo
2839 1769 3028 1832 miser,
3078 1770 3182 1822 nisi
3215 1768 3399 1821 istud?

156 1887 348 1951 Κύριε,
376 1883 571 1950 Κύριε,
603 1883 696 1945 τίς
725 1880 926 1949 ὅμοιός
951 1894 1050 1931 σοι
1073 1895 1091 1942 ;
1142 1878 1459 1944 Ῥυόμενος
1486 1873 1726 1941 πτωχὸν

155 1976 222 2028 ἐκ
251 1976 449 2044 χειρὸς
472 1973 881 2042 στερεωτέρων
909 1972 1116 2026 αὐτοῦ.
1154 1969 1300 2037 Αὕτη
1336 1986 1435 2038 μου
1464 1969 1497 2035 ἡ
1533 1966 1724 2036 πρώτη

160 2069 306 2137 φωνὴ
336 2067 431 2120 τοῦ
459 2066 700 2138 οἰκτροῦ·
728 2065 830 2118 κᾶν
851 2067 915 2117 ἐκ
938 2062 1231 2130 Δαυῖτικῆς
1255 2061 1416 2130 ᾠδῆς.
1446 2059 1724 2128 Δεύτερον,

159 2161 238 2212 ὅτι
286 2159 381 2211 καὶ
431 2157 755 2226 ἀδολεσχίας
782 2156 1003 2224 ἀνείθην
1055 2155 1321 2221 ἀναγνοὺς
1366 2154 1426 2205 τὸ
1475 2153 1723 2222 γράμμα·

160 2250 281 2301 ἐπεὶ
309 2233 467 2318 εῦρον
499 2250 600 2318 τὴν
633 2248 906 2318 μέθειρξίν
939 2262 1030 2298 σου
1069 2244 1242 2308 οὕτως
1264 2247 1490 2314 ἔχουσαν
1514 2245 1588 2308 ὡς
1621 2246 1727 2298 ἐδί-

160 2337 340 2401 δαξας.
387 2340 576 2408 Ἤμην
604 2337 713 2406 γάρ
760 2335 1060 2417 πρρμαθὼν
1103 2338 1182 2388 ὅτι
1227 2336 1386 2405 μόνον
1435 2352 1730 2404 μετεφρου-

168 2429 356 2499 ρὴθης.
393 2429 665 2499 Εὑψύχει,
709 2428 928 2495 ἁδελφὲ,
957 2427 1053 2480 καὶ
1095 2427 1409 2497 εὐφραίνου,
1438 2427 1518 2478 ὅτι
1548 2425 1729 2487 καθὼς

162 2518 446 2583 πλεονάζει
474 2519 544 2571 τὰ
581 2517 883 2586 παθήματα
912 2515 1005 2568 τοῦ
1036 2516 1276 2586 Χριστοῦ
1307 2517 1386 2578 εἰς
1414 2516 1496 2577 σὲ,
1530 2518 1623 2569 καὶ
1650 2518 1731 2579 εἰς

161 2607 284 2672 τοὺς
312 2611 622 2681 ὁμόφρονάς
655 2626 746 2660 σου
771 2609 866 2661 καὶ
889 2611 1228 2679 ὁμοτρόπους
1259 2625 1376 2661 σοι’
1405 2608 1546 2661 οὕτω
1577 2611 1668 2662 καὶ
1697 2612 1731 2681 ἡ

163 2703 529 2772 παράκλησις,
565 2700 661 2753 καὶ
689 2702 718 2752 6
747 2699 956 2770 μισθὸς,
989 2701 1081 2752 καὶ
1104 2701 1163 2752 τὸ
1188 2699 1361 2762 κλέος.
1387 2701 1497 2752 Καὶ
1526 2699 1641 2763 πῶς
1667 2700 1732 2753 ἂν

163 2788 307 2861 εἶχεν
341 2795 422 2857 εἰς
457 2793 764 2862 τούμφανὲς
795 2792 968 2845 ἐλθεῖν
1009 2794 1078 2844 τὰ
1118 2792 1286 2860 σκεύη
1331 2793 1430 2859 τῆς
1471 2792 1730 2859 ἐκλογῆς,

162 2887 209 2938 εί
260 2887 333 2958 μὴ
387 2889 572 2955 παρῆν
607 2885 674 2938 τὰ
721 2885 1025 2947 σκάνδαλα,
1066 2885 1525 2956 παραχωροῦντος
1573 2885 1730 2946 Θεοῦ,

162 2974 284 3036 τοὺς
334 2976 434 3045 μὲν
477 2975 761 3037 ποιοῦντας
812 2975 952 3026 αὐτὰ
992 2973 1294 3036 δεικνύντος
1341 2968 1442 3026 οἷοι
1485 2970 1614 3034 εἷεν,
1659 2974 1734 3036 ὡς

164 3061 378 3126 ζιζάνια
412 3063 728 3134 τηρούμενα
766 3065 846 3126 εἰς
875 3065 1068 3116 καῦσιν
1111 3065 1283 3132 πυρὸς
1329 3065 1577 3116 αἰωνίου·
1609 3066 1735 3125 τοὺς

1831 1866 2026 1921 Omnia
2054 1882 2178 1918 ossa
2208 1880 2322 1916 mea
2358 1865 2532 1915 dicent
2564 1878 2582 1915 :
2616 1862 2852 1924 Domine,
2891 1859 3133 1924 Domine,
3172 1861 3289 1928 quis
3320 1859 3398 1911 si-

1826 1957 1970 2010 milis
2022 1955 2158 2008 tibi?
2214 1955 2458 2023 Eripiens
2513 1953 2715 2020 inopem
2773 1952 2837 2003 de
2900 1967 3061 2003 manu
3119 1950 3400 2018 fortiorum

1827 2048 1937 2118 ejus
1961 2051 2032 2105 3°.
2071 2047 2223 2102 Hane
2270 2048 2502 2116 primam
2547 2061 2734 2100 vocem
2769 2045 2936 2099 miser
2965 2049 3178 2109 emitto,
3222 2061 3399 2112 quau-

1829 2159 1993 2214 quam
2042 2159 2110 2197 ex
2152 2142 2412 2195 Davidico
2462 2139 2730 2192 carmine.
2776 2135 2901 2191 llaec
2938 2137 3131 2191 deinde
3186 2135 3397 2198 altera;

1831 2236 1977 2306 quod
2006 2236 2219 2289 solutus
2251 2247 2372 2288 sum
2407 2232 2596 2285 labore
2624 2228 2940 2299 prolixioris
2971 2225 3264 2288 sermonis,
3308 2225 3401 2278 ubi

1833 2329 2079 2382 libellum
2127 2327 2235 2396 legi
2280 2345 2293 2380 :
2331 2323 2771 2394 quandoquidem
2815 2319 3057 2373 intellexi
3103 2319 3183 2372 sic
3212 2332 3272 2371 se
3302 2318 3400 2370 ha-

1831 2422 1962 2475 bere
1983 2421 2359 2490 captivitatem
2390 2430 2540 2472 tuam
2567 2414 3031 2486 quemadmodum
3061 2411 3400 2466 insinuaras.

1835 2510 1996 2565 Prius
2042 2511 2190 2564 enim
2230 2508 2527 2562 didiceram
2561 2520 2614 2560 te
2662 2521 2832 2558 unum
2876 2505 2931 2558 in
2968 2519 3187 2558 carcere
3221 2502 3404 2556 deten-

1833 2613 1971 2658 tum.
2003 2601 2153 2656 Forti
2193 2609 2247 2654 et
2291 2615 2489 2670 magno
2519 2599 2702 2652 animo
2731 2607 2874 2662 esto,
2929 2597 3116 2661 frater,
3147 2605 3201 2650 et
3229 2596 3406 2665 gaude

1834 2697 1980 2765 quod
2012 2693 2475 2765 quemadmodum
2506 2690 2785 2745 abundant
2819 2691 3104 2758 passiones
3124 2689 3329 2743 Christi
3348 2689 3401 2741 in

1835 2797 1907 2851 te,
1962 2795 2017 2839 et
2069 2785 2124 2839 in
2184 2801 2280 2840 eos
2326 2784 2528 2854 quibus
2578 2783 2738 2837 iidem
2779 2797 2977 2836 sensus
3022 2781 3406 2850 assimilesque

1835 2893 2016 2932 mores
2038 2895 2054 2944 ;
2075 2879 2155 2932 sic
2187 2877 2287 2931 erit
2320 2886 2374 2930 et
2400 2875 2732 2939 consolatio,
2772 2882 2826 2928 et
2848 2888 3081 2938 merces,
3113 2882 3167 2927 et
3205 2873 3402 2942 gloria.

1835 2970 1972 3023 Nam
2003 2983 2112 3036 quo
2153 2978 2309 3037 pacto
2346 2964 2636 3021 manifesta
2681 2967 2874 3019 tierent
2913 2981 3042 3020 vasa
3092 2966 3403 3026 electionis,

1838 3062 1943 3115 nisi
1983 3060 2242 3115 scandala
2294 3059 2641 3119 interessent,
2694 3056 2790 3111 Dei
2838 3059 3130 3124 permissu,
3175 3056 3408 3111 manifu-

162 3153 217 3205 δέ
269 3156 712 3224 ὐπομονητικοὺς
763 3155 870 3207 τῶν
929 3157 1254 3225 πειρασμῶν
1310 3154 1730 3224 δοκιμάζοντος,

1839 3153 2034 3205 stantis
2063 3152 2283 3220 quidem
2313 3150 2502 3219 quales
2546 3150 2584 3203 ii
2623 3150 2732 3204 sint
2761 3152 2852 3220 qui
2888 3152 3020 3204 talia
3052 3162 3238 3222 agunt,
3272 3168 3411 3220 quos

164 3243 444 3312 ἡλιοειδῶς
466 3245 846 3315 ἐκλάμψοντας
871 3245 926 3295 ἐν
950 3247 1015 3313 τῇ
1053 3243 1299 3312 βασιλείᾳ
1318 3241 1426 3295 τῶν
1451 3242 1694 3312 οὐρανῶν
1719 3260 1733 3307 ;

1841 3254 2101 3313 tanquam
2134 3243 2344 3296 zizania
2382 3251 2562 3297 servat
2594 3243 2662 3296 ad
2693 3244 3036 3298 exustionem
3084 3246 3225 3314 ignis
3266 3261 3410 3299 sem-

162 3337 360 3401 piterni
397 3356 408 3390 :
442 3337 724 3406 probantis
765 3345 944 3390 autem
973 3349 1069 3388 eos
1103 3340 1194 3405 qui
1239 3335 1594 3390 tentationeln
1648 3335 1944 3401 sustinent,
2010 3337 2146 3394 solis
2210 3336 2385 3391 instar
2435 3336 2747 3404 splendidos
2789 3339 2869 3390 ‘in
2934 3339 3196 3394 ecelorum
3243 3355 3410 3409 regno

167 3426 425 3485 futuros?

235 3522 398 3575 ’Ὥστε
430 3526 506 3594 μή
543 3539 603 3575 σε
633 3522 888 3589 ξενιζέτω
917 3524 985 3576 τὰ
1011 3525 1310 3594 γιγνόμενα
1348 3524 1692 3594 καθεκάστην
1713 3539 1728 3552 ·

164 3613 213 3663 εἰ
242 3615 270 3665 6
305 3615 404 3683 μὲν
450 3614 615 3684 ἤρθη,
660 3617 687 3666 6
715 3614 768 3666 δὲ
816 3615 1056 3667 δέδεται’
1124 3617 1217 3668 καὶ
1264 3616 1397 3685 άλλη
1447 3617 1730 3680 τέτυπται,

165 3703 329 3770 ἑτέρα
358 3704 415 3754 δὲ
443 3702 818 3773 ὑπερώρισται
837 3720 852 3734 ο
881 3706 973 3757 καὶ
995 3706 1095 3757 ὅσα
1117 3706 1252 3758 ἄλλα
1273 3704 1443 3768 οὕτως
1477 3707 1509 3775 ἢ
1537 3707 1734 3772 ἑτέρως

165 3792 325 3861 ἔχεις.
361 3795 524 3857 ’Ἥξει
577 3795 771 3863 μικρὸν
812 3797 1038 3865 ὕστερον
1089 3800 1116 3848 6
1172 3797 1272 3866 τῆς
1327 3797 1734 3856 άνταποδόσεως

164 3883 376 3951 καιρός.
428 3883 753 3950 Ἀνέγνωνὸ
807 3886 1106 3954 πέπομφας
1166 3888 1282 3955 (καὶ
1333 3887 1588 3953 ἐπιγνοὺς
1642 3887 1736 3938 καὶ

165 3971 570 4040 εὐχαριστήσας
609 3972 684 4041 τῷ
723 3975 914 4044 Κυρίῳ
941 4017 956 4039 ,
1007 3970 1164 4037 αὖθις
1210 3976 1554 4044 ἀντέπεμψα)
1608 3979 1736 4045 περὶ

163 4061 253 4113 τοῦ
283 4063 430 4116 άϐϐἆ
476 4065 772 4130 Ἰγνατίου·
820 4067 992 4135 οἷμοιῑ
1045 4067 1127 4118 ὄτι
1158 4066 1327 4118 ἐάλω”
1365 4067 1487 4118 ἐπεὶ
1526 4065 1678 4134 φίλος
1707 4067 1736 4117 6

164 4153 300 4223 ἀνὴρ
359 4157 756 4226 διαφερόντως.
833 4157 970 4208 Ἀλλ’
1020 4153 1145 4225 εὖγε
1210 4159 1549 4226 πεποίηκας,
1612 4158 1738 4218 δοὺς

167 4248 526 4312 μετανοοῦντι
557 4248 653 4318 τὴν
689 4249 953 4318 ἰατρείαν.
999 4249 1224 4313 Ἱκανὸν,
1260 4251 1471 4311 τέκνον,
1499 4250 1557 4301 τὸ
1587 4250 1736 4319 παρὰ

166 4336 255 4388 σοῦ
287 4338 442 4391 δοθέν
465 4356 477 4368 ·
517 4339 677 4407 κάγὼ
711 4343 738 4391 ὁ
768 4342 937 4403 τάλας
965 4341 1196 4410 εὔχομαι
1231 4341 1380 4410 αύτῷ
1408 4341 1504 4410 τὴν
1531 4341 1738 4393 ἀναπά-

163 4426 342 4483 λαισιν
370 4447 383 4460 ·
439 4425 502 4483 οὗ
552 4432 649 4483 καὶ
695 4431 951 4500 δέδεγμαι
988 4432 1087 4493 τὰς
1133 4433 1468 4501 προσφοράς.
1523 4433 1614 4495 Εἰς
1647 4433 1736 4484 τὸν

163 4522 391 4590 ἀδελφὸν
433 4524 748 4576 Ἀνατόλιον
775 4521 1209 4593 σπλαγχνίξομαι
1239 4528 1266 4576 6
1297 4526 1551 4587 ταπεινός
1573 4542 1585 4554 ·
1616 4528 1739 4578 ἐπεὶ

164 4613 517 4680 φιλαδελφεῖς
559 4613 654 4664 καὶ
684 4613 865 4675 αὐτός.
898 4615 995 4665 Διά
1037 4613 1196 4666 τοῦτο
1227 4615 1411 4682 τολμῶ
1445 4618 1537 4665 καὶ
1566 4615 1734 4682 λέγω·

162 4702 540 4772 Κουφισθήτω
573 4701 723 4769 αὐτῷ
749 4703 841 4754 καὶ
865 4704 1050 4773 ἕτερος
1071 4706 1260 4773 χρόνος
1283 4724 1295 4736 ’
1328 4705 1470 4757 ὥστε
1502 4706 1738 4775 πληρου-

1903 3519 2262 3586 Quamobrem
2288 3535 2356 3572 ne
2378 3529 2429 3572 te
2457 3535 2519 3573 ea
2552 3529 2787 3574 terreant
2808 3537 2928 3590 qua:
2949 3522 3190 3591 quotidie
3214 3540 3416 3593 gerun-

1833 3622 1964 3666 tur:
2001 3614 2044 3666 si
2102 3621 2289 3679 raptus
2329 3611 2417 3664 ille
2473 3613 2692 3680 quidem
2718 3622 2822 3678 est,
2862 3613 2963 3666 iste
3021 3614 3305 3679 conjectus
3355 3618 3410 3668 in

1835 3720 2143 3768 carcerem;
2173 3705 2286 3758 haac
2317 3706 2538 3759 verbera
2561 3705 2803 3774 pertulit,
2831 3706 2918 3758 illa
2954 3707 3005 3759 in
3041 3709 3292 3762 exsilium
3318 3711 3414 3762 ab-

1835 3797 2010 3865 legata
2044 3815 2056 3862 ;
2090 3807 2142 3850 et
2171 3813 2511 3865 quaecunque
2535 3797 2641 3852 hoc
2671 3799 2751 3852 vel
2781 3798 2874 3852 illo
2901 3809 3059 3867 pacto
3091 3816 3150 3855 se
3189 3802 3410 3856 habent.

1836 3885 2029 3940 Veniet
2083 3889 2246 3956 paulo
2283 3897 2402 3956 post
2436 3890 2893 3944 remunerationis
2927 3899 3162 3960 tempus.
3193 3891 3321 3962 Legi
3349 3912 3412 3947 ea

1836 3992 1957 4041 qua:
1993 3977 2186 4030 misisti
2213 3996 2227 4036 :
2259 3987 2421 4047 atque
2451 3980 2544 4033 ubi
2578 3996 2641 4034 ea
2685 3981 2952 4047 intellexi,
3010 3984 3145 4036 actis
3178 3983 3413 4038 Domino

1837 4068 2027 4133 gratiis
2059 4107 2074 4128 ,
2134 4069 2325 4122 iterum
2360 4070 2423 4123 ad
2472 4079 2524 4124 te
2558 4072 2764 4125 remisi.
2826 4070 2898 4124 De
2957 4073 3151 4125 abbate
3180 4072 3411 4142 lgnatin,

1839 4158 1925 4211 hei
1968 4159 2100 4211 mihi
2130 4161 2254 4227 quia
2287 4161 2451 4228 periit
2484 4179 2496 4213 :
2530 4161 2797 4228 siquidem
2838 4161 3049 4215 amicus
3084 4163 3173 4216 ille
3202 4165 3284 4217 vir
3319 4183 3413 4219 su-

1836 4265 1932 4318 pra
1959 4259 2200 4304 eaateros.
2239 4251 2344 4304 Sed
2377 4261 2521 4305 recte
2550 4253 2732 4321 egisti,
2755 4254 2848 4319 qui
2902 4255 3185 4323 pcenitenti
3247 4258 3411 4311 dede-

1840 4337 1914 4387 ris
1967 4338 2310 4392 medicinam.
2351 4339 2577 4405 Sufﬁcit,
2615 4343 2708 4407 lili,
2747 4345 2888 4412 quod
2941 4345 3142 4399 dedisti
3182 4357 3278 4401 :et
3308 4364 3409 4417 ego

1839 4428 2004 4481 miser
2037 4430 2209 4482 eidem
2268 4446 2532 4499 apprccor
2596 4447 2791 4503 pugna:
2838 4435 3356 4504 redintegrationcm
3397 4459 3409 4492 :

1841 4535 1963 4571 nam
2005 4532 2058 4574 et
2085 4521 2203 4589 ejus
2244 4524 2556 4578 oblationes
2595 4527 2803 4594 accepi.
2840 4527 2978 4593 Erga
3012 4528 3231 4582 fratrem
3269 4534 3414 4584 Ana-

1840 4610 2028 4664 tolium
2071 4613 2437 4667 misericordia
2472 4616 2693 4670 humilis
2739 4633 3124 4673 commoveor:
3165 4624 3415 4690 quando-

1840 4702 2057 4768 quidem
2114 4711 2166 4756 et
2206 4713 2262 4756 tu
2295 4720 2418 4757 eum
2452 4705 2693 4762 fraterne
2723 4709 2924 4779 diligis.
2985 4711 3190 4766 Idcirco
3234 4716 3416 4770 dicere

165 4796 331 4862 μένης
370 4795 475 4864 τῆς
504 4793 732 4854 διετίας,
779 4796 1051 4863 μετεχέτω
1082 4796 1191 4847 τῶν
1240 4797 1617 4864 ἁγιασμάτων.
1676 4797 1731 4846 Ol

1843 4793 2013 4846 audeo
2043 4812 2055 4846 :
2092 4795 2342 4848 Dematur
2373 4797 2419 4849 ei
2452 4808 2506 4850 et
2538 4800 2674 4852 alter
2703 4815 2916 4865 annus;
2958 4811 3016 4854 ut
3046 4812 3236 4857 exacto
3267 4806 3416 4858 hien-

162 4887 527 4956 κοιμηθέντες
563 4884 674 4937 τῶν
705 4885 972 4952 ἀδελφῶν,
1020 4887 1199 4952 φωτὸς
1239 4887 1343 4938 υἱοὶ
1395 4888 1534 4954 ὑπὲρ
1560 4889 1736 4952 φωτὸς

161 4975 237 5044 τῷ
271 4977 502 5046 διωγμῷ
547 4976 946 5037 τελειωθέντες,
990 4977 1372 5044 προσεύξοιντο
1410 4979 1537 5046 περὶ
1557 4978 1734 5047 ἡμῶν.

164 5068 226 5118 Οἱ
260 5069 438 5131 ἄλλως
479 5067 832 5135 τεθνηκότες,
877 5068 1101 5120 ἐλεεινοί.
1134 5068 1232 5136 τῆς
1274 5070 1558 5138 ἐκδημίας,
1599 5072 1740 5122 κατὰ

163 5164 259 5225 τὰς
293 5165 435 5231 ἐμὰς
472 5164 780 5232 ἁμαρτίας,
813 5163 887 5225 ὡς
917 5163 1162 5232 λέλεχας.
1196 5164 1448 5226 Τοιοῦτος
1475 5165 1570 5216 καὶΙ
1600 5165 1740 5234 ὓπερ

163 5255 190 5306 6
217 5256 581 5324 Σευηριανὸς.
639 5253 786 5322 Πλὴν
819 5257 910 5306 καὶ
953 5257 1016 5306 ἐκ
1058 5254 1166 5306 τῶν
1217 5255 1618 5323 ἐνδιαστρόφων
1647 5260 1740 5308 εὐ-

167 5347 396 5414 στροφία
425 5349 545 5407 τοῖς
600 5344 899 5414 ἐμμελέσιο
951 5349 1043 5397 καὶ
1083 5346 1110 5396 6
1140 5345 1296 5411 λόγος
1354 5346 1629 5414 βαλλέσθω
1659 5348 1740 5408 είς

166 5430 393 5505 ζήτησιν
425 5435 630 5495 ὁσάκις
660 5432 897 5502 προσίοι,
928 5433 1030 5485 κᾶν
1082 5435 1145 5485 ἐκ
1186 5433 1292 5485 τῶν
1328 5435 1586 5487 ἐναντίων
1607 5450 1619 5463 ·
1658 5435 1735 5496 ὼς

170 5523 225 5573 ἐν
257 5528 321 5595 τῇ
372 5525 622 5594 βασάνῳ,
667 5523 922 5594 καθάπερ
954 5527 1010 5576 ἐν
1055 5524 1387 5593 παρατρίψει
1447 5525 1630 5588 λίθων,
1680 5524 1741 5576 τὸ

170 5615 577 5688 ιπῦρέοίξιῐιλλοιτο
609 5618 712 5686 τῆς
737 5616 1020 5686 ἀληθείας.
1047 5619 1154 5670 Καὶ
1185 5618 1250 5688 δὴ
1267 5617 1368 5670 «καὶ
1395 5618 1489 5670 νῦν
1516 5619 1739 5688 τοιαύτη

232 5788 275 5821 ⁹⁹
298 5791 444 5849 Psal.
473 5805 669 5856 xxxxv,
703 5788 785 5853 lO,
825 5790 906 5842 li.

1847 4881 1938 4934 nio
1968 4882 2032 4935 sit
2067 4882 2425 4939 Eucharistiae
2481 4891 2771 4958 particeps.
2814 4889 2888 4943 Ex
2922 4889 3180 4946 fratribus
3235 4895 3271 4947 ii
3324 4898 3417 4964 qui

1843 4972 1985 5025 diem
2027 4973 2231 5039 obiere,
2281 4977 2374 5029 lilii
2410 4979 2546 5032 lueis
2591 4995 2690 5047 pro
2735 4983 2852 5035 luce
2881 4983 2930 5034 vi
2987 4988 3412 5051 persecutionis.

1844 5069 2231 5132 consummati,
2263 5084 2362 5137 pro
2397 5071 2553 5124 nobis
2603 5073 2980 5140 deprecentur.
3015 5075 3117 5139 Qui
3154 5078 3306 5132 aliter
3331 5082 3416 5133 in-

1848 5159 2062 5223 teriere,
2093 5161 2284 5213 horum
2330 5162 2657 5217 miserabilis
2681 5166 2884 5230 exitus,
2910 5167 2978 5220 ob
3010 5178 3231 5236 peccata
3272 5188 3414 5236 mea,

1848 5254 2306 5320 quemadmodum
2375 5255 2580 5310 dixisti.
2623 5257 2768 5312 Talis
2830 5275 2892 5313 ac
2953 5262 3123 5316 multo
3184 5264 3420 5319 deterior

1849 5342 2176 5399 Severianus
2227 5357 2329 5400 est.
2359 5345 2745 5405 Verumtamen
2772 5363 2824 5405 et
2854 5369 2882 5405 e
2912 5355 3203 5421 perversis,
3238 5372 3420 5409 rever-

1846 5436 2022 5490 sionis
2048 5453 2173 5506 spes
2218 5448 2301 5492 est
2331 5440 2399 5494 iis
2433 5442 2634 5509 quibus
2674 5443 2726 5496 id
2767 5459 2910 5497 curae
2941 5453 3026 5497 est
3059 5461 3073 5496 :
3102 5460 3277 5514 eaque
3299 5449 3417 5516 agi-

1842 5528 2003 5579 tanda
2031 5527 2083 5580 in
2103 5544 2353 5584 sermone
2368 5534 2620 5600 quaestio,
2649 5535 2863 5602 quOties
2896 5537 3192 5589 accesserit
3220 5538 3417 5605 aliquis

1842 5618 1923 5670 vel
1953 5633 2016 5673 ex
2055 5619 2382 5677 adversariis
2418 5639 2429 5675 :
2463 5633 2521 5675 ut
2545 5623 2599 5677 in
2635 5628 2903 5689 examine,
2946 5635 3201 5696 tanquam
3230 5630 3417 5682 attritu
