3990 6318
595 379 738 442 1295
1783 374 1844 432 S.
1870 373 2266 433 THEODORI
2320 373 2668 434 STUDIT/E
3735 374 3879 438 1296

593 489 856 559 lapidum,
912 484 1157 540 veritatis
1195 483 1338 553 ignis
1394 480 1630 536 exsiliat.
1667 480 1735 535 Et
1785 498 1932 536 nunc
1958 482 2176 549 quidem

2287 483 2319 550 ὴ
2362 481 2632 552 πρότασίς
2667 499 2782 535 σου.
2820 481 2919 535 Ἐν
2952 499 3095 534 τισιν
3126 485 3392 554 ἱστορίαις
3415 485 3691 556 εὕρηνται
3724 488 3879 540 claro-

596 578 916 650 huiusmodi
945 586 1028 632 est
1054 576 1360 647 pr0positio
1393 584 1506 628 tua.
1544 573 1603 626 In
1634 574 1964 642 quibusdam
1999 575 2179 627 histo-

2287 589 2374 633 νες
2433 572 2876 642 ἐπιγράφουσαν
2918 573 3180 642 Θειὸτης,
3228 578 3523 646 Κυριὸτης,
3579 576 3875 632 Βασιλεία..

592 674 687 728 riis
719 679 949 741 reperta:
979 679 1108 724 sunt
1131 667 1398 737 imagines
1427 665 1506 720 sic
1538 666 1856 734 inscriptae:
1887 665 2180 730 Divinitas,

2287 662 2538 731 Δηλονότι
2563 665 2656 716 ἐπὶ
2675 667 2774 734 τῆς
2801 666 3042 734 Χριστοῦ
3066 668 3276 730 είκὸνος
3313 666 3472 721 τοῦτο
3498 667 3715 736 λέγοις.
3757 671 3878 722 Καὶ

593 763 921 825 Dorninatio,
954 759 1120 830 Regia
1149 768 1410 828 potestas.
1433 757 1620 812 Palam
1650 759 1900 827 estquod
1928 759 1994 812 de
2023 757 2181 812 Chri-

2287 754 2402 816 πῶς
2454 753 2653 821 τοῦτο;
2707 757 2774 808 AI
2829 756 3079 809 τοιαῦται
3119 759 3298 826 φωναὶ
3360 759 3561 822 κοινῶς
3610 760 3714 813 ἐπὶ
3776 761 3879 828 τῆς

594 854 663 908 sti
727 853 964 923 imagine
1023 852 1127 906 hoc
1160 850 1330 905 dicas.
1362 848 1420 902 Id
1448 864 1579 903 vero
1609 863 1720 917 quo
1765 850 1969 917 pacto?
2015 849 2175 903 Tales

2287 846 2547 918 Τριάδος·
2582 849 2683 902 οὐκ
2703 847 2789 916 ἐφ’
2819 848 2938 909 ἑνὸς
2969 849 3266 919 προσώπου
3306 848 3765 921 διακεκριμένως
3791 869 3879 903 νε-

594 945 992 1016 appellationes
1013 943 1081 998 de
1114 942 1383 997 Trinitate
1407 943 1460 995 in
1489 956 1802 1006 commune,
1837 955 1945 994 non
1972 941 2040 995 de
2071 957 2178 995 una

2287 937 2525 1006 νὸηνται.
2553 938 2616 991 El
2645 938 2755 1010 γὰρ
2784 939 2879 992 καὶ
2901 939 3032 1003 Θεὸς
3065 942 3161 994 καὶ
3189 939 3394 1012 Κύριος
3415 939 3655 994 ἕκαστον
3690 944 3876 1014 πρόσ-

590 1051 828 1105 persona
864 1034 1157 1104 separatim
1209 1033 1603 1102 intelliguntur.
1638 1031 1751 1085 Etsi
1783 1031 1928 1086 enim
1959 1031 2102 1086 Deus
2128 1041 2181 1086 et

2287 1043 2427 1078 ωπον
2472 1027 2717 1095 λέγοιτοο
2765 1027 2882 1081 ἀλλ’
2931 1029 3030 1098 οὐχ
3091 1030 3286 1093 ἁπλῶς
3352 1030 3450 1084 καὶ
3503 1031 3718 1102 Θεὸτης
3785 1034 3880 1084 καὶ

592 1125 855 1181 Dominus
884 1137 1226 1194 unaquaque
1275 1138 1506 1192 persona
1543 1121 1779 1185 dicatur,
1811 1131 1868 1174 at
1902 1136 2010 1174 non
2041 1124 2174 1176 sim-

593 1216 808 1287 pliciter
841 1215 1100 1270 divinitas
1166 1222 1261 1268 aut
1307 1213 1628 1267 dominatio.
1670 1212 1915 1281 Exempli
1955 1213 2176 1278 gratia:

591 1307 707 1377 Ego
737 1306 880 1359 Deus
911 1306 1081 1373 patris
1123 1305 1221 1367 tui,
1253 1304 1429 1374 inquit
1458 1304 1528 1367 9°,
1565 1319 1696 1367 non,
1735 1303 2020 1357 Divinitas.
2062 1303 2177 1374 Ego

593 1414 710 1451 sum
767 1397 855 1467 qui
902 1412 1021 1450 sum
1049 1397 1138 1460 ";
1182 1410 1290 1449 non
1326 1412 1339 1447 :
1383 1394 1496 1462 Ego
1523 1411 1640 1447 sum
1695 1394 2025 1448 exsistentia.
2065 1393 2173 1448 Et:

592 1487 744 1542 Ρίιινὶι
775 1489 1014 1542 Doninus
1043 1489 1214 1556 ignem
1241 1504 1274 1539 a
1305 1485 1533 1539 Domino
1551 1486 1618 1548 ",
1643 1501 1777 1550 non,
1810 1485 2112 1540 Dominatio
2143 1503 2178 1540 a

592 1580 989 1634 Dominatione.
1033 1579 1092 1633 Si
1137 1579 1300 1649 igitur
1357 1578 1410 1631 in
1442 1579 1608 1633 rebus
1655 1577 1856 1633 divinis
1886 1579 1967 1632 sic
1996 1593 2054 1633 se
2086 1593 2175 1634 res

593 1671 758 1725 habet
792 1688 806 1723 :
839 1672 1010 1726 multo
1042 1672 1230 1741 utique
1257 1670 1428 1740 magis
1456 1672 1508 1724 in
1536 1670 1795 1741 mysterio
1839 1670 2175 1724 incarnatio-

593 1763 680 1817 nis
707 1761 859 1816 nefas
885 1770 968 1816 est
1011 1762 1233 1831 imagini
1276 1759 1476 1816 Christi
1532 1761 1828 1826 subscribi,
1881 1760 2171 1827 Divinitas,

2281 1116 2580 1186 Κυριὸτης.
2630 1111 2777 1183 Οἷον,
2823 1117 2965 1186 Ἐγὼ
3007 1120 3042 1172 ὸ
3091 1120 3237 1185 Θεὸς
3274 1121 3382 1174 τοῦ
3427 1124 3668 1189 Πατρός
3731 1140 3878 1184 σου,

2280 1205 2476 1275 φησίν·
2511 1207 2609 1276 οὐχ
2643 1248 2658 1270 ,
2705 1207 2745 1276 ἡ
2798 1210 3036 1274 Θεότης.
3100 1208 3241 1278 Ἐγὼ
3287 1211 3406 1279 ειμι
3447 1213 3482 1265 ό
3524 1211 3614 1263 ὢν
3641 1251 3656 1274 ,
3724 1215 3877 1283 οὐχὶ,

2290 1298 2562 1363 όντότης.
2611 1300 2740 1351 Καί·
2763 1299 3002 1366 Ἕϐρεξε
3025 1301 3242 1370 Κύριος
3271 1301 3390 1369 πῦρ
3416 1304 3578 1369 παρὰ
3606 1306 3844 1371 Κυρίου
3862 1323 3874 1335 ο

2278 1390 2421 1458 οὐχὶ,
2453 1391 2746 1457 Κυριότης
2789 1391 2948 1458 παρὰ
2974 1393 3356 1459 κυριότητος.
3406 1394 3466 1446 EI.
3492 1390 3591 1446 οὖν
3635 1397 3742 1448 ἐπὶ
3774 1396 3878 1464 τῆς

2279 1483 2558 1551 Θεολογίας
2587 1483 2779 1547 οὓτως·
2809 1483 2994 1555 πολλῴ
3021 1481 3116 1538 οὖν
3150 1486 3351 1556 μᾶλλον
3384 1488 3482 1540 ἐπὶ
3529 1488 3632 1558 τῆς
3665 1489 3878 1542 οἰκονο-

2281 1577 2410 1645 μίας
2443 1577 2543 1628 οὐκ
2589 1576 2702 1645 ἔχει
2752 1577 2910 1642 λόγον
2957 1577 3058 1648 τὴν
3098 1579 3282 1632 εἰκόνα
3315 1580 3578 1652 Χριστοῦ,
3615 1580 3857 1650 Θειότης

2277 1670 2632 1740 ἐπιγράφειν,
2669 1670 2702 1740 ἦ
2741 1671 3040 1742 Κυριότης.
3072 1672 3206 1734 Θεὸς
3239 1672 3339 1741 μὲν
3370 1673 3478 1744 γάρ
3506 1672 3754 1741 λέγοιτο,
3781 1676 3876 1730 καὶ

2274 1759 2506 1829 Κύριος,
2551 1760 2585 1830 ἡ
2637 1778 2691 1812 τι
2733 1761 2843 1813 τῶν
2889 1761 3248 1831 ὁμοδυνάμων
3279 1763 3520 1827 τούτοις·
3560 1765 3707 1818 ἀλλὰ
3781 1769 3877 1818 καὶ

593 1862 691 1909 aut
725 1852 1062 1909 Dominatio.
1091 1853 1235 1909 Deus
1283 1854 1503 1923 quidem
1539 1853 1754 1907 dicatur
1784 1867 1848 1907 ac
1892 1851 2181 1921 Dominus,

2289 1849 2446 1902 τοῦτο
2489 1852 2826 1920 ὁμωνύμως·
2860 1853 2921 1906 οὐ
2952 1854 3059 1923 μὴν
3101 1854 3304 1923 Θεὸτης
3334 1854 3366 1925 ἢ
3402 1856 3710 1927 Κυριὸτης.
3764 1859 3874 1921 Ὧς,

595 1953 691 1999 aut
723 1959 912 1998 eorum
965 1945 1172 2014 aliquid
1224 1959 1344 2013 quae
1398 1953 1528 1998 sunt
1567 1944 1809 2011 ejusdem
1844 1943 2132 2012 potestatis
2169 1958 2184 2007 ;

594 2045 761 2105 atque
793 2037 894 2090 hoc
918 2036 1095 2106 ipsum
1117 2036 1445 2105 homonyme
1474 2053 1486 2088 :
1521 2051 1628 2090 non
1675 2034 1864 2103 utique
1891 2032 2182 2098 Divinitas,

593 2144 659 2183 ac
691 2127 1025 2183 Dominatio.
1060 2128 1172 2194 Sic,
1225 2128 1460 2196 exempli
1490 2128 1688 2197 gratia,
1724 2126 1888 2180 homo
1921 2125 1966 2180 si
1998 2125 2180 2194 pictus

599 2221 693 2281 sit,
735 2219 899 2272 homo
925 2234 1059 2273 sane
1085 2218 1322 2282 dicatur,
1354 2235 1462 2273 non
1505 2219 1820 2273 humanitas
1855 2236 1866 2272 :
1903 2227 2186 2272 terrenus-

601 2329 710 2382 que
730 2328 846 2379 rex,
898 2328 1010 2367 non
1061 2321 1208 2366 certe
1245 2320 1486 2381 potestas
1531 2312 1700 2382 regia.
1748 2311 1937 2378 Itaque
1987 2310 2185 2364 vitiosa

596 2403 712 2470 illa,
745 2414 802 2460 ut
845 2403 978 2458 mihi
1029 2404 1264 2464 videtur,
1292 2404 1577 2472 inscriptio
1625 2412 1707 2458 est
1737 2420 1752 2456 :
1786 2403 2188 2458 circumscribit

594 2496 742 2549 enim
772 2504 827 2549 et
875 2494 1094 2549 Patrem
1131 2503 1184 2548 et
1217 2493 1500 2562 Spiritum,
1532 2493 1678 2562 quod
1739 2501 1821 2547 est
1862 2493 2184 2546 absurdum.

594 2587 775 2652 Atque
816 2583 931 2638 haec
958 2583 1176 2652 quidem
1212 2582 1450 2636 breviter
1493 2581 1839 2650 strictimque
1877 2582 2018 2634 dicta
2051 2580 2183 2633 sint.

596 2668 678 2724 Tu
706 2685 834 2725 vero
865 2685 963 2739 pro
987 2685 1106 2724 mea
1135 2671 1438 2724 humilitate
1459 2670 1677 2723 enixius
1696 2684 1920 2739 precare
1950 2685 2172 2724 :verum

595 2763 759 2817 etiam
792 2771 846 2816 et
871 2776 970 2831 pro
999 2760 1187 2826 fratre,
1217 2762 1311 2830 qui
1357 2770 1408 2815 te
1436 2769 1781 2830 peramanter
1813 2761 2035 2814 salutat.
2069 2758 2178 2814 Ve-

598 2867 737 2911 stem
770 2854 952 2923 accepi
980 2871 994 2907 :
1026 2861 1079 2907 et
1111 2868 1399 2923 quousque
1426 2869 1534 2907 non
1581 2852 1822 2907 cessabis
1854 2854 2174 2907 indumenta

600 2949 764 3006 nobis
795 2947 1168 3020 suppeditare,
1212 2944 1607 3001 dilectissime?
1638 2943 1889 2998 Vicissim
1921 2953 1971 2998 te
2001 2943 2186 2997 Domi-

596 3057 704 3096 nus
722 3042 774 3095 in
796 3041 988 3110 spiritu
1023 3039 1221 3094 foveat.
1239 3039 1447 3093 Caetera
1478 3036 1796 3090 tabellarius
1819 3035 2177 3105 significabit.

595 3132 759 3188 Omni
791 3148 855 3188 ex
894 3143 1047 3202 parte
1077 3133 1195 3185 vale

989 3246 1221 3301 LXVIII.
1241 3275 1309 3288 --
1339 3244 1511 3299 [reme
1545 3244 1810 3312 patricia.

2291 1942 2424 2011 φέρε
2476 1945 2676 2008 εἰπεῖν,
2721 1944 2814 1998 καὶ
2863 1946 2957 1998 ἐπὶ
2986 1945 3081 1999 τοῦ
3111 1947 3497 2018 γεγραμμένου
3544 1950 3874 2020 ἀνθρώπου,

2290 2033 2578 2102 ἄνθρωπος
2624 2034 2724 2103 μὲν
2788 2033 3021 2102 λέγοιτο,
3072 2037 3135 2089 οὐ
3175 2037 3281 2107 μὴν
3320 2038 3716 2109 άνθρωπὸτης·
3781 2042 3876 2094 καὶ

2292 2124 2545 2193 βασιλεὺς
2571 2125 2678 2176 τῶν
2719 2127 2811 2178 ὲπὶ
2842 2127 2965 2197 γῆς,
3015 2127 3075 2181 οὐ
3110 2129 3218 2198 μὴν
3248 2128 3516 2198 βασιλεία.
3553 2131 3879 2201 Ἐσφαλμὲ-

2290 2231 2397 2275 νως
2421 2209 2514 2266 οὖν
2541 2214 2675 2283 ἔχει,
2707 2214 2782 2278 ὼς
2813 2215 2935 2285 ἐμοὶ
2960 2216 3130 2281 δοκεῖ,
3170 2219 3201 2286 ἡ
3230 2220 3513 2289 ἐπιγραφή
3535 2236 3550 2251 ο
3590 2237 3878 2291 συμπερι-

2287 2320 2491 2374 γραφει
2526 2307 2634 2374 γὰρ
2675 2305 2771 2357 καὶ¹
2801 2306 2891 2358 τὸν
2922 2307 3144 2378 Πατέρα
3178 2311 3271 2362 καὶ
3319 2311 3379 2362 τὸ
3424 2309 3675 2381 Πνεῦμα,
3733 2315 3879 2385 ὅπερ

2287 2395 2507 2446 ἄτοπον.
2542 2396 2583 2446 Τ
2587 2393 2793 2448 οσαῦτα
2849 2395 2947 2465 μὲν
2977 2396 3052 2460 ὠς
3086 2397 3206 2450 κατ’
3256 2399 3548 2469 ἐπιτομήν.
3601 2400 3787 2462 Αὐτὸς
3818 2405 3876 2454 δὲ

2288 2486 2591 2556 προσεύχου
2643 2486 2774 2557 περὶ
2810 2487 2910 2557 τῆς
2940 2487 3318 2552 ταπεινώσεως
3352 2506 3454 2559 μου
3496 2490 3873 2561 Θερμότεροψ

2286 2577 2422 2631 ἀλλὰ
2446 2579 2553 2649 γὰρ
2583 2581 2677 2632 καὶ
2699 2579 2840 2649 ὑπὲρ
2857 2579 2952 2632 τοῦ
2972 2580 3226 2646 ἀδελφοῦ,
3256 2582 3314 2644 ὃς
3341 2583 3436 2634 καὶ
3458 2584 3876 2654 προσαγορεύει

2286 2670 2676 2742 γνησιώτερον.
2705 2673 2777 2724 Τὸ
2807 2672 3021 2744 ἱμάτιον
3056 2671 3324 2742 ἐδεξάμην
3343 2689 3356 2702 ·
3387 2675 3481 2727 καὶ
3509 2675 3618 2738 ἕως
3640 2677 3780 2728 πότε
3811 2680 3873 2728 οὐ

2286 2762 2472 2834 παύσῃ
2535 2763 2860 2818 ὲνδιδύσκων
2906 2767 3079 2835 ἡμᾶς,
3132 2766 3417 2833 ἁγαπητέ;
3486 2768 3873 2837 Ἀντιθάλψειέ

2289 2871 2347 2905 σε
2387 2854 2590 2924 Κύριος
2617 2857 2675 2909 ὲν
2728 2857 3021 2925 πνεύματι.
3048 2857 3128 2910 Τὰ
3159 2859 3476 2912 ἐλλείποντα
3518 2863 3547 2914 ὁ
3598 2879 3872 2932 γραμμαο

2286 2947 2524 3015 τηφόρος
2553 2948 2876 3016 ἀπαγγελεῖ.
2911 2948 3164 3020 Ἔρρωσο
3192 2952 3250 3003 ὲν
3278 2953 3466 3006 πᾶσιν.

2569 3253 2694 3305 ΞῙΡ.
2722 3284 2791 3293 --
2822 3253 3053 3322 Εἰρήνῃ
3081 3255 3377 3322 πατρικίᾳ.
3404 3251 3590 3326 [each]

597 3364 720 3415 Cum
746 3363 879 3425 lapsa
914 3363 1109 3420 fuisset,
1132 3360 1445 3423 postmodum
1472 3357 1644 3406 confes
1671 3369 1766 3416 am,
1793 3363 1848 3406 et
1866 3369 2042 3419 graves
2063 3371 2181 3467 terg:

2026 3432 2103 3467 an.

2287 3376 2532 3486 ῗρρὲεἲω,
2556 3365 2784 3415 hortatur
2825 3373 2879 3417 ut
2907 3369 2956 3417 in
2978 3367 3289 3417 confessione
3313 3372 3629 3430 perseveret.
3659 3368 3866 3430 (.Baron.

672 3505 954 3576 Superiori
984 3514 1246 3574 tempore,
1278 3503 1421 3572 quod
1449 3502 1781 3572 poenitentiae
1813 3499 1937 3565 fuit,
1966 3501 2184 3570 pigebat

600 3600 844 3654 scribere
871 3596 938 3652 ad
956 3596 1318 3652 reverentiam
1354 3604 1500 3650 tuam
1529 3613 1543 3649 :
1576 3610 1720 3650 nunc
1742 3610 1871 3648 vero
1895 3603 1948 3648 et
1982 3596 2173 3662 impri-

602 3686 706 3738 mis
755 3684 1105 3754 jucundum,
1167 3691 1459 3752 postquam
1516 3683 1900 3746 exsurrexisti,
1940 3685 2184 3752 exceptis

601 3775 762 3829 etiam
799 3774 1108 3828 venerando
1137 3786 1232 3828 tuo
1263 3788 1496 3841 corpore
1532 3787 1630 3841 pro
1652 3771 1856 3825 Christi
1884 3771 2186 3826 confessio-

601 3884 668 3923 ne
699 3867 1038 3922 verberibus.
1069 3865 1178 3921 Sed
1211 3881 1368 3936 euge,
1402 3880 1538 3934 euge
1560 3904 1574 3929 ,
1606 3864 1747 3918 virili
1789 3865 2026 3917 maxime
2067 3865 2185 3917 ani-

602 3975 693 4014 mo
721 3959 945 4022 femina,
997 3958 1168 4028 quod,
1197 3966 1422 4028 accepta
1453 3957 1630 4020 clade,
1661 3955 2183 4024 redintegrationem

602 4067 797 4123 pugnae
845 4051 1273 4121 splendidiorem
1315 4049 1597 4104 effeceris:
1642 4046 1816 4101 Deum
1855 4046 2186 4116 angelosque

602 4145 939 4207 exhilarans,
977 4152 1040 4197 et
1055 4157 1119 4196 ex
1153 4142 1471 4196 hominibus
1500 4140 1910 4194 amantissimos
1950 4139 2184 4206 pietatis.

603 4239 681 4291 Ac
711 4245 768 4289 tu
799 4251 922 4289 vere
953 4235 1141 4304 utique
1171 4235 1350 4300 nobis,
1375 4248 1444 4288 ex
1467 4230 1839 4286 Orientalibus
1869 4241 2048 4285 ortum
2081 4240 2188 4283 tra-

604 4325 770 4378 hens:
800 4333 856 4376 tu
885 4321 975 4377 Dei
1000 4338 1064 4376 ac
1083 4323 1300 4377 virtutis
1327 4337 1550 4376 amans:
1576 4329 1630 4374 tu
1655 4319 1914 4374 vitiorum
1938 4319 2189 4374 domina-

604 4417 798 4479 trix,et
825 4414 1015 4468 mundi
1041 4415 1283 4470 inimica.
1305 4413 1518 4481 Quanta
1539 4415 1614 4469 tui
1640 4413 1882 4467 nominis
1904 4428 2187 4466 commen-

604 4510 755 4561 datio
798 4518 881 4560 est
913 4509 927 4561 ι
957 4523 1120 4576 quam
1175 4517 1258 4562 est
1290 4508 1344 4561 in
1391 4523 1488 4562 ore
1536 4523 1601 4561 ac
1656 4521 1909 4562 sermone
1943 4505 2187 4558 omnium

607 4607 928 4668 martyrium
965 4609 1118 4653 tuum
1148 4599 1160 4650 ι
1193 4599 1334 4665 Quid
1390 4599 1579 4653 enim?
1608 4599 1991 4667 Evangelicum
2047 4598 2189 4650 arri-

606 4693 772 4762 puisti
816 4691 1079 4762 gladium,
1103 4700 1163 4745 ut
1186 4690 1388 4746 Christi
1422 4691 1576 4745 miles
1605 4707 1618 4743 :
1649 4693 1704 4744 in
1732 4691 1930 4745 mentis
1960 4704 2187 4743 excessu

2354 3510 2627 3581 Πρότερον
2660 3509 2890 3581 ήνίκαή
2949 3509 3302 3574 ὑπόπτωσις,
3355 3508 3604 3579 λυπηρόν
3655 3528 3751 3579 μοι
3807 3522 3867 3567 τι»

2283 3601 2520 3672 γράμμα
2554 3601 2690 3673 πρὸς
2716 3603 2817 3673 τὴν
2864 3601 3156 3672 τιμιότητά
3193 3615 3322 3654 σου·
3359 3600 3454 3653 νῦν
3489 3601 3548 3654 δι
3586 3602 3685 3655 καὶ
3746 3603 3871 3656 λίαν

2285 3696 2581 3765 περιχαρὲς
2630 3695 2718 3748 διὰ
2750 3694 2850 3765 τὴν
2894 3693 3282 3760 ἐξανάστασιν,
3330 3691 3559 3755 καὶτὰς
3607 3694 3702 3745 ἐπὶ
3756 3695 3868 3746 τῶν

2284 3786 2487 3856 τιμίων
2521 3803 2615 3839 σου
2653 3786 2877 3856 σαρκῶν
2901 3786 3041 3855 ὑπὲρ
3062 3784 3355 3853 ὁμολογίας
3383 3783 3629 3856 Χριστοῦ
3669 3785 3867 3855 μάστι-

2285 3894 2408 3945 γας.
2445 3877 2556 3930 Καὶ
2603 3872 2756 3944 εῦγε,
2785 3873 2933 3945 εὖγε,
2967 3877 3321 3948 ἀνδρειοτάτη
3361 3877 3419 3930 ὲν
3461 3877 3736 3944 γυναιξὶν,
3784 3879 3867 3929 ὅτι

2283 3971 2384 4038 τῆς
2420 3969 2588 4038 ἥττης
2625 3967 3094 4037 περιφανεστέραν
3133 3967 3232 4036 τὴν
3261 3965 3626 4020 ἀναπάλαισιν
3665 3972 3865 4037 ἀπειρ-

2287 4060 2472 4125 γάσω*
2526 4059 2846 4127 εὐφράνασα
2874 4058 3006 4110 Θεὸν
3054 4074 3113 4110 τε
3145 4058 3239 4110 καὶ
3273 4058 3560 4125 ἀγγέλους,
3613 4061 3707 4111 καὶ
3756 4061 3864 4111 τῶν

2286 4148 2589 4217 ἀνθρώπων
2624 4150 2750 4211 τοὺς
2785 4148 3235 4210 εὐσεϐεστάτους.
3277 4150 3386 4202 Καὶ
3427 4150 3492 4202 σὺ
3520 4149 3687 4212 ὄντως
3724 4151 3858 4220 ἁλη-

2287 4241 2396 4304 θῶς
2446 4239 2693 4311 εὐγενὴς,
2736 4239 2844 4293 τῶν
2882 4238 2976 4309 ἀφ’
3015 4240 3170 4310 ἡλίου
3211 4240 3487 4293 ἀνατολῶν
3519 4243 3857 4312 ὁρμωμένη·

2288 4336 2352 4386 σὺ
2419 4333 2664 4401 φιλόθεος
2715 4333 2810 4385 καὶ
2862 4332 3188 4403 φιλάρετος·
3251 4333 3316 4384 σὺ
3372 4331 3709 4395 παθοκτὸνθς
3768 4335 3860 4385 καὶ

2287 4425 2676 4496 ἐχθρὸκοσμος.
2721 4425 2809 4487 Ὣς
2838 4425 3051 4477 αίνετόν
3082 4441 3175 4476 σου
3203 4424 3264 4477 τὸ
3292 4424 3463 4492 ὄνομα
3484 4439 3499 4453 ο
3548 4425 3645 4476 καὶ
3673 4424 3859 4476 διαλα-

2287 4517 2421 4588 λητή
2473 4534 2565 4569 σου
2624 4518 2666 4586 ἡ
2723 4515 3034 4586 μαρτυρίαι
3082 4515 3147 4567 Τί
3203 4513 3418 4578 ταῦτα;
3471 4514 3708 4576 Ἔλαϐες
3763 4518 3858 4585 τὴν

2289 4607 2649 4677 εὐαγγελικὴν
2715 4607 3024 4678 μάχαιραν,
3073 4607 3147 4670 ὡς
3202 4606 3527 4676 στρατιῶτις
3577 4607 3854 4677 Χριστοῦο

2289 4699 2542 4766 διέκοψας
2600 4699 2656 4748 ἐν
2708 4696 2962 4748 ἐκστάσει
3013 4697 3112 4758 τὰς
3163 4695 3378 4764 σχέσεις
3425 4693 3524 4746 τοῦ
3569 4694 3853 4764 σώματος’

597 4772 834 4839 allectus
856 4785 1103 4852 corporis
1129 4783 1446 4853 praecidisti,
1467 4782 1709 4836 demisso
1732 4781 1910 4850 capite
1929 4780 2181 4848 dirempta

2297 4783 2621 4852 άπετμήθης
2659 4783 2901 4852 κεφαλῆς
2928 4782 3350 4852 ὑποκυπτούσης
3391 4781 3664 4853 θυγατρὸς
3698 4802 3855 4853 μονο-

602 4895 664 4935 es
699 4881 767 4934 ab
810 4881 970 4934 unica
1026 4879 1136 4933 ﬁlia
1164 4897 1178 4932 :
1205 4878 1384 4933 valere
1415 4877 1618 4946 jubens
1650 4876 1853 4946 regiam
1877 4875 2180 4938 civitatem,

605 4970 875 5025 illustrem
911 4968 1250 5037 prosapiam,
1300 4975 1622 5036 praestantes
1657 4966 1889 5026 amicos,
1923 4963 2182 5019 familiam

603 5059 968 5130 splendidam,
1003 5059 1261 5112 eximiam
1297 5057 1644 5126 dignitatem,
1690 5055 2038 5110 terrestrium
2084 5057 2183 5108 do-

607 5148 961 5202 mesticorum
1003 5151 1278 5216 ingentem
1333 5161 1647 5210 numerum,
1675 5144 2186 5214 omnigenast‘acul-

607 5249 767 5304 tates,
797 5243 902 5295 alia
929 5240 1163 5309 denique
1196 5256 1318 5309 quae
1348 5254 1785 5294 commemorare
1815 5240 1906 5292 vix
1944 5238 2146 5307 possim
2171 5252 2184 5289 :

608 5343 828 5400 arrepto
873 5334 997 5386 vita:
1031 5331 1282 5384 instituto
1305 5372 1320 5395 ,
1354 5332 1407 5383 in
1463 5344 1574 5399 quo
1612 5330 1683 5383 sit
1726 5344 1862 5384 crux
1893 5329 2130 5382 tollenda
2164 5345 2177 5380 :

608 5425 763 5492 longe
806 5425 1065 5491 qquiam
1118 5423 1367 5491 ablegata
1399 5437 1480 5484 es,
1515 5428 1573 5473 ut
1623 5420 1810 5485 didici,
1846 5422 1900 5473 in
1927 5420 2178 5473 insulam.

608 5511 897 5566 Benedicta
930 5524 1007 5578 tu,
1044 5523 1097 5568 et
1125 5514 1441 5567 benedictus
1485 5511 1956 5581 fructusmartyrii
1990 5511 2086 5564 tui.
2118 5509 2185 5563 Et

609 5604 754 5659 unde
783 5605 877 5658 tibi
913 5615 1083 5658 totum
1112 5608 1212 5658 hoc
1241 5605 1500 5673 quidquid
1526 5613 1607 5658 est
1637 5604 1785 5666 boni,
1837 5604 2028 5669 ingens
2067 5603 2183 5670 glo-

611 5696 714 5757 ria,
768 5711 980 5750 summa
1037 5698 1457 5761 commendatio,
1507 5695 1610 5750 nisi
1646 5711 1710 5748 ex
1742 5694 2034 5748 virtutibus
2081 5695 2186 5749 illis

689 5809 734 5838 ’°
762 5808 932 5862 Exod.
970 5826 1047 5876 III,
1079 5810 1130 5864 6.
1207 5812 1252 5844 ’ί
1284 5811 1414 5865 ibid.
1453 5809 1535 5864 14.
1609 5809 1658 5841 θ’
1698 5806 1832 5863 Gen.
1874 5823 1982 5873 XIX,
2022 5805 2108 5858 ‘24.

2288 4871 2584 4942 κλαδούσης
2610 4889 2624 4902 ·
2656 4872 2935 4943 ἐρρῶσθαι
2964 4873 3224 4942 φράσασα
3268 4874 3420 4926 πόλει
3469 4874 3850 4948 βασιλευούσῃ,

2291 4963 2436 5029 γένει
2464 4961 2837 5033 περιϐλέπτῳ,
2874 4962 3047 5030 φίλοις
3083 4962 3460 5033 ὑπερέχουσιν,
3505 4964 3656 5034 οίκίᾳ
3692 4966 3854 5035 ὑπερ⁴

2283 5055 2543 5125 λάμπρῳ,
2599 5053 2728 5124 ἀξίᾳ
2789 5055 3248 5126 ὐπερφυεστάτῃ,
3329 5055 3439 5107 τῶν
3492 5055 3639 5109 κατὰ
3695 5057 3854 5127 χθόνα

2281 5146 2509 5200 οίκετῶν
2550 5145 2765 5215 πλήθει,
2807 5145 3040 5216 ὑπάρξει
3095 5145 3436 5216 παντοδαπῇ,
3490 5149 3606 5209 τοίς
3657 5148 3849 5210 ἄλλοις,

2284 5233 2366 5300 οἷς
2392 5237 2492 5290 οὐκ
2523 5237 2764 5306 εὐμαρές
2793 5238 3120 5310 μοιιλέγεινο
3151 5238 3246 5290 καὶ
3273 5237 3526 5308 ἀραμένη
3561 5238 3654 5290 τὸν
3694 5255 3851 5291 σταυ-

2292 5330 2517 5398 ροφόρον
2560 5328 2709 5398 βίον·
2749 5328 3104 5398 άπεωρίσθης
3131 5345 3234 5380 που
3272 5329 3514 5397 μακρὰν,
3567 5328 3646 5393 ὡς
3680 5331 3850 5399 μεμά-

2289 5419 2453 5488 θηκα,
2488 5421 2545 5472 έν
2575 5418 2742 5488 νήσῳ.
2781 5418 3138 5488 Εὐλογημένη
3167 5418 3255 5482 σὺ,
3297 5419 3393 5471 καὶ
3432 5420 3800 5490 εὐλογημένος
3825 5422 3852 5474 ὁ

2290 5509 2500 5578 καρπὸς
2536 5508 2636 5576 τῆς
2687 5507 2995 5581 μαρτυρίας
3048 5526 3165 5562 σου.
3202 5509 3316 5562 Καὶ
3359 5510 3528 5563 πόθεν
3573 5528 3657 5564 σοι
3705 5511 3851 5566 τοῦτο

2290 5599 2408 5650 ὅλον
2438 5600 2496 5651 τὸ
2520 5598 2742 5666 ἀγαθὸν,
2778 5599 2836 5650 τὸ
2859 5598 2999 5667 μέγα
3027 5599 3204 5663 κλέος,
3251 5601 3278 5670 ἡ
3309 5601 3547 5670 μεγίστη
3574 5602 3846 5670 εὐφημία,

2292 5690 2406 5743 ἀλλ’
2438 5691 2470 5759 ἢ
2523 5692 2586 5742 ὲκ
2617 5689 2722 5742 τῶν
2762 5691 3243 5761 προϋπηργμένων
3275 5708 3358 5745 σοι
3387 5692 3842 5763 κατορθωμάτων,
