3990 6318
161 382 177 444 l
189 384 286 443 297

1354 377 1898 440 EPISTOLARUM
1947 377 2099 436 LIB.
2143 375 2229 434 II.

3295 377 3434 442 1298

154 498 214 547 ἐκ
241 493 338 557 τῆς
366 490 564 559 πολλῆς
596 507 690 542 σου
722 489 1014 555 ἐντεύξεως
1045 489 1139 542 καὶ
1168 489 1510 560 προσευχῆς,
1540 492 1605 543 ἐκ
1626 491 1725 559 τῆς

1850 489 1969 554 .uis,
1996 502 2121 558 quae
2160 498 2493 556 praecessere
2526 502 2536 537 :
2565 499 2628 538 ex
2663 484 2901 553 plurima
2929 483 3334 555 supplicatione
3368 504 3435 543 ac

153 581 598 649 ὑπερϐαλλούσης
655 597 747 632 σου
802 581 1146 650 φιλευποιίας
1204 582 1301 632 καὶ
1365 581 1734 650 φιλομονάχου

152 675 420 746 καρδίας;
469 674 583 726 υύκ
610 671 811 725 ὤλοντο
865 673 917 724 οἱ
969 672 1196 743 καρποὶ,
1236 670 1338 725 κᾶν
1392 673 1483 726 ἐπὶ
1541 673 1737 744 μικρὸν

150 767 558 833 διεσείσθησαν
591 765 653 817 οὺ
692 763 928 830 κατέαξε
967 781 1059 815 σου
1101 763 1191 816 τὸν
1235 764 1438 833 ἀρετῆς
1469 762 1682 834 πύργον
1709 766 1737 818 ὁ

153 859 523 928 ἀντικείμενος
549 857 673 926 ὄφις
693 895 708 918 ,
761 858 809 908 εί
843 857 937 909 καὶ
969 855 1214 910 δέδακεν.
1274 855 1736 925 Ἀποκέκρουσται

154 950 345 1019 φθόνος
368 949 477 1003 τῶν
508 947 971 1002 ἐπιτωθασάντων
998 964 1013 979 ο
1042 947 1336 1000 πέπτωκεν
1366 945 1739 1010 ὀνειδιζόντων

154 1042 342 1105 ὕθλος·
385 1039 641 1108 νενίκηκε
687 1038 927 1108 Χριστὸς
979 1039 1038 1090 ἐν
1069 1037 1186 1100 σοὶ,
1233 1035 1330 1088 καὶ
1382 1034 1472 1088 διὰ
1529 1034 1644 1087 σοῦ.
1693 1029 1738 1088 ὦ

153 1134 495 1202 καλλίγυναι,
521 1126 566 1185 ὧ
596 1131 937 1202 φιλόμαρτυς
964 1145 980 1160 ο
1015 1133 1132 1192 καὶ,
1170 1129 1232 1182 τὸ
1253 1127 1460 1199 τρίτον,
1487 1122 1532 1180 ῶ
1562 1129 1739 1197 μῆτερ

155 1229 296 1297 ἐμή·
349 1226 503 1279 καλῶ
528 1225 638 1296 γὰρ
670 1223 830 1277 τοῦτο
879 1224 938 1275 ἐν
983 1222 1287 1292 πνεύματι,
1327 1221 1403 1284 ὡς
1451 1219 1736 1283 σύναθλον,

154 1325 244 1374 καὶ
265 1321 374 1374 τῶν
402 1321 512 1375 ἀπὸ
540 1319 746 1390 σαρκὸς
770 1316 1195 1387 γνωριζομένων
1217 1315 1546 1383 σπλάγχνων
1577 1312 1742 1381 ἐγγύ-

153 1431 328 1484 τερον.
387 1413 544 1467 Οὕτω
581 1413 692 1480 γάρ
724 1406 834 1464 οἶδε
884 1410 946 1462 τὸ
993 1408 1213 1478 πνεῦμα
1267 1407 1561 1460 συνάπτειν
1613 1406 1740 1467 τοὺς

154 1506 248 1559 ἀπ’
279 1507 446 1559 αὐτοῦ
495 1502 997 1574 κυοφορουμένους.
1049 1497 1181 1553 Οἶδά
1214 1516 1305 1552 σου
1341 1498 1469 1561 τοῦς
1512 1498 1737 1560 πόνουςο

154 1592 266 1649 οἶδα
291 1596 391 1659 τὰς
438 1594 720 1657 ίνοκοπίας
764 1593 863 1662 τῆς
904 1591 1117 1661 ψυχῆς·
1166 1590 1346 1644 πάντα
1374 1590 1475 1642 ὅσα
1507 1591 1740 1660 ραγείσα

155 1691 358 1761 κόσμου
401 1688 635 1743 ὑποίσω.
689 1686 850 1740 Ἀλλά
894 1685 1125 1756 οάρσει’
1174 1683 1343 1747 πολύς
1374 1701 1466 1736 σου
1492 1683 1520 1735 6
1549 1680 1740 1751 μισθὸς

157 1787 212 1836 ἐν
259 1785 511 1853 οὐρανοῖς
535 1797 550 1813 ·
582 1780 770 1850 νύμφη
811 1776 1048 1848 Χριστοῦ
1077 1776 1463 1848 χρηματίζεις,
1497 1775 1600 1828 κᾶν
1630 1773 1740 1827 ἀπὸ

155 1875 380 1944 ἀνδρός·
416 1874 741 1944 συμπολῖτις
785 1871 895 1924 τῶν
923 1869 1150 1923 δικαίων
1185 1870 1281 1922 καὶ
1323 1870 1496 1936 ἁγίων
1519 1884 1531 1897 ’
1583 1867 1742 1937 εἴπερ

157 1967 502 2036 ἐμμενοῦμεν
530 1968 653 2028 ταῖς
685 1964 862 2027 θείαις
890 1963 1210 2033 ὁμολογίαις
1248 1961 1354 2023 ἕως
1384 1961 1592 2023 τέλους.
1625 1959 1742 2013 Νῦν

155 2059 210 2111 δὲ
237 2059 454 2128 λιπαρῶ
490 2057 585 2110 καὶ
623 2055 906 2126 παραινῶ,
940 2052 1363 2123 ύπομονητικῶς
1404 2069 1462 2104 σε
1497 2052 1744 2119 ἐνεγκεῖν

156 2153 254 2221 τὴν
296 2150 512 2222 ἐξορίαν
543 2152 639 2203 καὶ
677 2149 914 2220 ἐρημίαν
946 2149 1186 2210 πάντων,
1221 2142 1644 2214 ἁναθεωροῦσαν
1675 2141 1746 2196 τὰ

157 2245 386 2312 οὐράνια
408 2260 423 2274 ⁸
453 2242 657 2296 εἰδυῖαν
686 2242 747 2294 τὸ
776 2241 869 2293 ἐπὶ
900 2241 1004 2310 γῆς
1032 2242 1282 2306 παίγνιον
1310 2238 1405 2291 καὶ
1432 2234 1744 2305 ὠκύμορον.

157 2342 308 2394 Μετὰ
337 2338 434 2391 σοῦ
471 2340 500 2391 6
530 2336 707 2407 φύλαξ
746 2353 842 2388 σου
889 2337 989 2405 τῆς
1033 2333 1182 2403 ζωῆς
1213 2331 1477 2400 ἄγγελος·
1511 2328 1748 2401 Χριστὸς

159 2431 341 2492 αὐτὸς,
381 2430 409 2481 6
451 2426 658 2481 εἰπών·
702 2425 850 2494 Ἐγὼ
901 2425 1000 2478 καί
1030 2427 1062 2478 ὀ
1107 2421 1311 2490 Πατὴρ
1344 2422 1744 2491 ἐλευσόμεθα,

160 2523 253 2574 καί
278 2519 483 2590 μονὴν
508 2517 647 2586 ,παρ’
672 2517 833 2583 αὐτῷ
859 2515 1218 2584 ποιήσομεν.
1245 2514 1408 2567 ’Ἑνδέ
1427 2514 1748 2584 ὑπομιμνή-

161 2628 274 2665 σκω
295 2629 308 2643 ο
340 2613 582 2680 σεαυτὴν
606 2608 919 2680 περιποιοῦ,
940 2609 1152 2668 δίαιταν
1175 2606 1748 2677 παρακλητικωτέραν

160 2703 542 2775 ἀσπαζομένη.
578 2704 653 2756 Ού
705 2703 815 2772 γὰρ
873 2702 1067 2773 καιρὸς
1101 2699 1431 2769 ἐγκρατείας
1488 2699 1613 2769 ἄρτι
1655 2715 1747 2750 το-

163 2795 367 2859 σοῦτον,
398 2798 525 2850 ὅσον
586 2795 647 2848 τὸ
692 2795 981 2865 πρότερον.
1031 2795 1145 2846 Καὶ
1211 2793 1387 2857 τέλος,
1440 2793 1746 2860 προσεύχου

161 2890 286 2958 περὶ
314 2887 452 2957 ἐμοῦ
485 2886 584 2940 τοῦ
633 2884 964 2957 ἀμάρτωλοῦ
989 2900 1002 2913 ·
1057 2884 1133 2948 ῶς
1161 2883 1228 2937 ἂν
1274 2885 1389 2944 τοῖς
1436 2881 1616 2950 λόγοις
1657 2881 1750 2933 τὸν

164 2980 276 3050 βίον
309 2979 740 3051 συναρμόσοιμι.

375 3091 496 3144 ΞΘ¹.
527 3120 600 3131 -
629 3088 912 3159 Εὑφημίᾳ
931 3087 1280 3158 ἐγκλείστῃ.
1310 3081 1494 3156 [υογ¹.]

1842 594 2006 650 prece
2045 599 2056 633 :
2085 593 2153 632 ex
2183 575 2683 632 beneficentissima
2717 585 2808 630 tua
2841 592 2969 648 erga
2996 580 3298 634 monachos
3333 595 3432 635 vo-

1840 669 2097 725 luntate?
2130 667 2245 722 Non
2275 667 2487 738 periere
2540 666 2776 731 fructus,
2812 668 2916 723 etsi
2945 670 3200 724 concussi
3237 671 3434 738 paulu-

1839 763 1951 818 lum
1987 780 2000 816 :
2031 772 2182 816 tuam
2217 760 2364 814 illam
2408 759 2627 815 virtutis
2656 763 2846 815 turrim
2879 776 2987 814 non
3011 762 3283 818 subvertit
3312 777 3435 817 ser-

1840 872 1975 927 pens
2004 855 2283 920 inimicus,
2312 869 2630 924 quanquam
2663 870 2909 908 morsum
2940 854 3147 910 intulit.
3195 855 3436 924 Repulsa

1842 949 2130 1002 irrisorum
2193 946 2400 1000 invidia
2458 955 2586 1001 est:
2632 946 2955 1001 exciderunt
2996 947 3435 1003 conviciatorum

1839 1055 2033 1110 nugae:
2069 1038 2200 1093 vicit
2230 1036 2487 1092 Christus
2517 1037 2570 1092 in
2599 1047 2649 1092 te
2678 1047 2732 1091 et
2762 1053 2857 1106 per
2881 1046 2953 1102 te,
2986 1052 3019 1092 o
3045 1037 3250 1092 femina
3277 1054 3434 1109 egre-

1841 1133 1947 1199 gia,
1979 1148 2013 1185 o
2045 1130 2291 1200 martyrii
2317 1129 2534 1198 cupida,
2578 1115 2658 1195 et:
2679 1129 2823 1199 quod
2857 1129 3085 1184 tertium
3116 1139 3219 1193 est,
3249 1145 3283 1184 ο
3312 1146 3434 1186 ma-

1840 1235 1924 1277 ter
1958 1238 2078 1276 mea
2109 1240 2122 1277 :
2156 1238 2281 1277 nam
2315 1238 2380 1277 eo
2405 1234 2456 1277 te
2501 1222 2724 1277 nomine
2761 1221 2975 1292 appeilo
3022 1222 3075 1276 in
3112 1222 3336 1291 spiritu,
3371 1230 3436 1276 ut

1843 1317 2162 1372 certaminis
2186 1319 2389 1372 sociam
2422 1357 2438 1380 ,
2473 1326 2527 1372 et
2551 1316 2987 1387 coniunctiorem
3013 1316 3080 1372 iis
3105 1331 3227 1387 quae
3248 1331 3311 1371 ea
3323 1314 3437 1370 rnis

1843 1419 1971 1464 sunt
2005 1411 2332 1466 visceribus.
2366 1409 2458 1465 Sic
2494 1411 2641 1464 enim
2675 1425 2771 1465 eos
2821 1410 3051 1480 spiritus
3084 1410 3237 1465 nnvit
3263 1425 3436 1480 copu-

1842 1504 1976 1569 lare,
2010 1520 2147 1574 quos
2181 1505 2296 1574 ipse
2345 1505 2616 1574 genuerit.
2659 1503 2794 1558 Novi
2847 1504 3064 1559 labores
3104 1513 3228 1560 tuos
3269 1505 3436 1558 :novi

1843 1607 1978 1667 quot
2004 1597 2187 1651 animo
2210 1595 2490 1650 molestias
2520 1595 2794 1657 hauseris,
2819 1611 2965 1665 quae,
3008 1610 3134 1650 cum
3167 1611 3196 1650 a
3226 1597 3436 1650 mundo

1841 1691 2031 1745 avulsa
2057 1705 2138 1755 es,
2157 1687 2431 1743 toleraris.
2455 1686 2560 1741 Sed
2589 1687 2848 1742 confidito
2875 1687 3142 1757 :plurima
3174 1687 3266 1742 tibi
3292 1703 3438 1742 mer-

1843 1798 1934 1838 ces
1975 1783 2027 1836 in
2061 1782 2201 1837 caelo
2231 1800 2244 1835 :
2278 1779 2481 1836 Christi
2514 1796 2714 1851 sponsa
2762 1781 2988 1844 diceris,
3021 1781 3130 1836 etsi
3161 1792 3283 1849 post
3304 1796 3442 1837 cou-

1840 1875 2052 1944 juginm
2087 1891 2099 1927 :
2129 1873 2404 1944 justorum
2423 1887 2486 1927 ac
2518 1880 2836 1928 Sanctorum
2869 1871 3028 1937 civis,
3054 1873 3098 1928 si
3122 1871 3344 1942 quidem
3369 1870 3440 1927 ad

1849 1965 2008 2020 finem
2042 1980 2216 2036 usque
2247 1965 2301 2019 in
2331 1964 2515 2018 divina
2539 1964 2893 2019 confessione
2915 1975 3244 2033 perstemus.
3273 1963 3439 2020 Nunc

1845 2072 1976 2110 vero
2011 2056 2243 2110 obsecro
2270 2063 2325 2109 et
2355 2055 2546 2109 hortor
2572 2061 2633 2108 ut
2655 2069 2810 2123 aequo
2855 2053 3041 2106 animo
3076 2053 3331 2110 exsiliunt
3360 2052 3441 2106 fec

1846 2163 1959 2213 ras,
1995 2161 2289 2217 rerumque
2322 2148 2571 2201 omnium
2626 2146 2934 2215 penuriam,
2967 2145 3272 2199 caelestium
3301 2159 3439 2199 con-

1848 2238 2206 2304 templatione
2233 2255 2246 2291 :
2276 2252 2401 2293 cum
2435 2238 2605 2308 probe
2631 2238 2926 2308 intelligas,
2960 2237 3229 2307 quidquid
3267 2247 3441 2292 terre-

1848 2346 1983 2385 num
2013 2338 2116 2392 est,
2154 2329 2424 2385 ludicrum
2470 2344 2592 2385 esse
2618 2339 2671 2383 et
2712 2329 2820 2383 cito
2852 2330 3179 2399 periturum.
3233 2328 3441 2384 Tecum

1847 2429 2035 2476 custos
2065 2421 2189 2475 vita:
2221 2430 2326 2475 tuae
2362 2420 2588 2490 angelus
2613 2461 2628 2487 ,
2659 2419 2914 2476 Christus
2960 2421 3076 2489 ipse
3129 2423 3223 2490 qui
3256 2422 3392 2474 dixit
3426 2439 3439 2474 :

1850 2512 1962 2585 Ego
1984 2524 2032 2568 et
2061 2513 2226 2568 Pater
2264 2519 2550 2577 veniemus,
2579 2523 2628 2567 et
2653 2514 2979 2567 mansionem
3027 2515 3168 2584 apud
3201 2530 3320 2568 eum
3356 2515 3443 2582 fa-

1849 2607 2045 2658 ciemus
2068 2602 2324 2659 ".Unum
2353 2619 2482 2658 vero
2505 2619 2706 2658 moneo
2725 2623 2736 2658 :
2756 2614 2814 2658 ut
2836 2605 3135 2660 valetudini
3159 2606 3439 2671 consulas,

1850 2700 2162 2753 suaviorem
2201 2699 2454 2766 amplexa
2497 2699 2713 2752 vivendi
2750 2713 3023 2753 normam.
3078 2697 3266 2769 Neque
3293 2701 3442 2754 enim

1852 2807 1998 2845 nunc
2033 2801 2249 2861 tempus
2293 2791 2645 2846 abstinentiae
2675 2801 2784 2846 tam
2815 2791 3003 2862 rigidae
3030 2801 3134 2857 est,
3155 2810 3444 2862 quaman-

1851 2893 1935 2938 tea
1971 2885 2204 2938 exstitit.
2226 2883 2473 2955 Denique
2497 2900 2596 2954 pro
2616 2901 2703 2940 me
2729 2895 3018 2955 peceatore
3043 2903 3232 2956 preces
3250 2886 3440 2956 funde,

1852 2987 1911 3030 ut
1945 2993 2069 3030 eum
2097 2977 2447 3032 sermonibus
2480 2978 2564 3031 via
2602 2993 2722 3032 mea
2745 2981 3078 3034 consentiat.

2205 3091 2393 3147 LXIX.
2426 3091 2822 3162 -Ειιρίιειηίιε
2845 3095 3081 3161 inclusw.

1206 3222 1270 3272 Ut
1291 3223 1487 3271 Lhristo
1509 3236 1690 3284 sponso
1717 3236 1828 3284 suo,
1852 3233 1954 3275 tota
1975 3234 2142 3275 mente
2172 3228 2376 3277 serviat.

229 3337 290 3391 El
318 3336 411 3391 καὶ
430 3331 753 3402 ἐλλείπομεν
798 3331 1120 3400 ωχνὸτερον
1180 3332 1247 3400 τῇ
1307 3331 1582 3406 τιμιότητί
1651 3349 1744 3383 σου

1927 3332 2040 3388 Etsi
2093 3333 2384 3389 omisimus
2407 3335 2715 3391 crebriores
2756 3335 2823 3390 ad
2881 3339 3244 3394 reverentiam
3293 3349 3442 3398 tuam

162 3427 499 3483 ἐπιστέλλειν
533 3443 546 3457 ·
580 3424 695 3478 ἀλλ’
717 3421 811 3477 οὖν
835 3421 928 3476 τοῦ
968 3422 1283 3492 μεμνῆσθαι
1319 3422 1487 3490 αὐτῆς
1545 3425 1601 3474 ἐν
1633 3424 1748 3475 Ku-

166 3524 262 3593 ρίῳ
288 3563 301 3587 ,
334 3523 436 3575 ούκ
463 3517 873 3588 ἐπιλελήσμεθα
905 3533 917 3546 ·
951 3515 1120 3569 διὰτὸ
1152 3515 1470 3569 κοινωνικὸν
1499 3518 1597 3584 τῆς
1618 3533 1749 3584 προ-

163 3618 382 3680 θέσεως,
411 3617 510 3669 καὶ
540 3615 603 3666 τὸ
631 3612 938 3665 ἐπιδοτικὸν
963 3611 1065 3680 τῆς
1085 3611 1483 3681 προαιρέσεως.
1526 3614 1592 3664 Ὃ
1627 3614 1746 3663 ἱκα-

163 3710 268 3770 νῶς
292 3710 430 3778 ἔχει,
469 3707 546 3770 ὡς
578 3703 859 3775 μανθάνω,
885 3702 994 3755 ἀπὸ
1020 3702 1245 3772 πρώτης
1275 3701 1490 3772 ἡλικίας
1510 3703 1747 3773 ᾑρετίσω

164 3804 250 3855 τὸν
278 3800 654 3872 σταυροφόρον
678 3798 791 3867 βίον
812 3815 825 3826 ·
854 3797 949 3850 καὶ
980 3795 1060 3848 ἔτι
1093 3796 1194 3867 τὴν
1226 3798 1608 3867 φρουρητικὴν
1633 3795 1750 3848 δια-

163 3894 368 3946 δίωσιν.
395 3895 509 3946 Καὶ
533 3891 720 3962 ἡλίκον
745 3908 838 3942 σου
863 3889 923 3942 τὸ
939 3886 1213 3958 ἐγκώμιον
1232 3927 1247 3948 ,
1278 3887 1463 3957 νύμφη
1486 3887 1746 3957 Χριστοῦ.

175 3986 310 4038 Ἀλλ’
340 3985 759 4055 ὑπομιμνῄσκω
792 3981 1074 4053 περιέπων
1132 3997 1190 4032 σε
1229 3979 1640 4049 πνευματικῶς,
1674 3979 1748 4042 ὼς

163 4080 418 4150 ἀδελφήν.
463 4074 808 4145 Ἐπείχθητι,
841 4074 1028 4143 κυρία,
1065 4072 1355 4143 ἐπείχθητι
1408 4070 1748 4142 θεραπεῦσαί

165 4189 256 4224 σου
291 4172 384 4225 τὸν
419 4170 502 4222 Νυ
517 4168 703 4238 μφίον.
741 4166 805 4218 Ἥ
840 4166 1233 4235 νυμφευθεῖσα,
1264 4164 1446 4234 πάσης
1508 4163 1750 4234 σχέσεως

163 4264 357 4334 ἑαυτὴν
387 4259 770 4322 ἀποδιίστασο,
808 4257 938 4325 ὅλην
965 4255 1063 4327 τὴν
1092 4255 1344 4326 καρδίαν,
1401 4255 1496 4309 καὶ
1545 4253 1747 4324 ψυχὴν,

165 4359 256 4409 καὶ
281 4357 411 4426 ὅλην
441 4355 542 4425 τὴν
578 4351 822 4404 διάνοιαν
859 4347 1140 4418 ἐρωτικῶς
1209 4347 1348 4417 πρὸς
1397 4347 1492 4400 τὸν
1547 4347 1750 4415 ἑαυτῆς

165 4449 413 4521 Νυμφίον
445 4447 670 4518 ἔχουσα.
694 4444 755 4496 Εί
783 4441 941 4495 τοῦτο
965 4442 1059 4493 ἐπὶ
1084 4439 1177 4493 τοῦ
1201 4439 1446 4510 φθαρτοῦ
1472 4440 1569 4491 καὶ
1594 4438 1751 4507 ῥέον-

165 4560 251 4605 eo;
274 4542 399 4611 -ἐχει
432 4556 446 4569 ·
509 4538 666 4607 πόσῳ
728 4532 822 4589 οὖν
849 4535 1059 4603 ,μᾶλλον
1084 4532 1179 4586 ἐπὶ
1207 4531 1302 4585 τοῦ
1331 4531 1618 4602 ἀφθάρτου
1657 4529 1753 4583 καὶ⁹

163 4635 472 4699 ἀθανάτους
521 4629 715 4692 Οὕτως
755 4628 1048 4698 ὀφείλομεν
1103 4625 1302 4696 (κοινὸς
1329 4627 1357 4678 6
1388 4623 1569 4692 λόγος)
1659 4622 1754 4675 καὶ

1853 3426 2060 3481 litteras
2091 3426 2338 3494 mittere;
2389 3438 2444 3481 at
2497 3443 2608 3482 non
2644 3428 2936 3485 desiimus
2965 3430 3212 3500 ejusdem
3243 3437 3442 3490 memi-

1853 3518 2000 3572 nisse
2059 3519 2113 3572 in
2143 3517 2397 3584 Domino,
2441 3529 2555 3574 tum
2589 3521 2660 3574 ob
2699 3521 2932 3576 instituti
2962 3526 3442 3592 communionem,

1854 3619 1966 3662 tum
2004 3609 2074 3663 ob
2133 3609 2501 3664 voluntariam
2553 3611 2682 3666 novi
2728 3615 2994 3684 propositi
3041 3617 3440 3674 accessionem.

1851 3701 2003 3766 Quod
2049 3716 2143 3769 per
2170 3718 2228 3756 se
2261 3704 2561 3757 maximum
2608 3713 2712 3767 est,
2745 3722 2774 3759 a
2803 3708 2978 3776 prima
3012 3717 3190 3774 aetate,
3250 3720 3309 3764 ut
3354 3713 3442 3767 in-

1852 3795 2076 3864 telligo,
2131 3797 2256 3850 vita:
2306 3811 2555 3850 normam
2605 3798 2919 3869 arripuisti,
2950 3801 3004 3855 in
3049 3819 3156 3871 qua
3202 3805 3443 3860 tollenda

1852 3901 2032 3940 crux:
2084 3901 2148 3940 ac
2193 3897 2456 3956 praeterea
2522 3900 2718 3958 sponte
2764 3891 2979 3947 inclusa
3031 3895 3187 3965 degis
3243 3913 3440 3952 aevum.

1852 3977 1995 4031 Proh
2041 3988 2248 4048 quanta
2290 3989 2382 4035 tua
2429 3983 2840 4039 commendatio
2887 3994 2991 4049 est,
3032 3986 3247 4056 Sponsa
3277 3989 3442 4045 Chri-

1851 4073 1956 4126 sti!
1997 4070 2175 4126 Unum
2224 4082 2407 4128 tamen
2449 4091 2686 4145 suggero
2742 4078 2817 4131 tui
2873 4079 3199 4148 spiritaliter
3253 4098 3444 4140 curam

1852 4181 2068 4234 gerens,
2109 4176 2369 4237 tanquam
2403 4170 2632 4225 sororis.
2667 4171 2948 4237 Adnitere,
2986 4173 3234 4236 domina,
3286 4177 3447 4232 adni-

1853 4265 1967 4311 tere
2017 4257 2291 4326 Sponsum
2344 4269 2497 4313 tuum
2557 4259 2850 4316 demereri.
2909 4261 3195 4334 Tanquam
3252 4280 3443 4340 nupta,

1851 4365 2071 4404 omnem
2105 4364 2248 4405 exue
2288 4351 2569 4416 affectum,
2622 4361 2818 4421 pectus
2848 4369 3031 4421 omne,
3073 4373 3292 4414 omnem
3325 4363 3448 4415 ani-

1853 4455 2026 4502 mum,
2072 4441 2458 4509 cogitationem
2490 4457 2708 4498 omnem
2739 4446 2946 4501 amoris
2993 4447 3235 4516 impulsu
3267 4461 3450 4508 trans-

1854 4531 2035 4587 ferens
2075 4534 2127 4586 in
2179 4533 2451 4602 Sponsum
2508 4545 2687 4590 tuum.
2748 4538 2906 4603 Quod
2946 4539 2992 4595 si
3048 4541 3101 4593 in
3136 4545 3354 4597 mortali
3387 4561 3451 4598 ac

1855 4627 2098 4696 perituro
2127 4625 2178 4679 id
2211 4628 2430 4694 accidit,
2469 4638 2679 4698 quanto
2713 4631 2885 4701 magis
2913 4632 2966 4684 in
3006 4635 3346 4703 sempiterno
3397 4648 3452 4693 et

165 4730 321 4797 ἡμεῖς
351 4722 669 4780 διακεῖσθαι
695 4722 832 4791 πρὸς
859 4721 948 4773 τὸν
983 4718 1189 4787 Κύριον
1211 4718 1306 4771 καὶ
1329 4717 1631 4786 Δεσπότην,
1657 4715 1745 4768 καὶ

1856 4719 2182 4773 immortali!
2234 4718 2326 4774 Sic
2355 4720 2640 4780 debemus.
2689 4723 2802 4791 pari
2837 4725 3070 4788 ratione,
3111 4735 3166 4779 et
3189 4743 3287 4781 nos
3323 4745 3451 4799 erga

170 4822 241 4890 μὴ
279 4818 585 4888 λαμϐάνειν
617 4813 777 4882 κόρον
805 4812 899 4864 τοῦ
938 4812 1104 4865 πόθου
1137 4810 1334 4864 αὑτοῦ·
1367 4809 1463 4862 καὶ
1490 4811 1546 4862 ἐν
1573 4808 1750 4877 τούτῳ

166 4911 476 4980 ἐξίστασθαι
507 4908 692 4973 πάσης
719 4906 910 4975 ἡδονῆς
937 4901 1291 4976 φθοροποιοῦ.
1325 4901 1452 4953 Ὅτι
1475 4900 1571 4952 καὶ
1590 4899 1752 4961 αὐτὸς

166 5004 446 5075 ἐρωτικῶς
475 5002 617 5074 πρὸς
645 5001 796 5069 ἡμᾶς
822 4997 1006 5067 ἔχεται
1028 5012 1040 5025 ’
1075 4995 1170 5048 καὶ
1190 4995 1354 5047 οἱονεὶ
1381 4994 1656 5057 ἐξίσταται
1679 4993 1745 5061 τῇ

168 5096 522 5166 ὕπεραπείρῳ
548 5093 849 5160 ἀγαπήσει.
886 5088 979 5158 Μὴ
1009 5087 1117 5158 γὰρ
1144 5086 1205 5138 οὐ
1234 5086 1320 5138 διὰ
1354 5084 1434 5145 σέ,
1490 5083 1622 5145 Θεὸς
1651 5081 1747 5143 ὢν,

167 5188 350 5242 δούλου
395 5185 619 5259 μορφὴν
668 5179 953 5245 ἁνέλαὸεν,
1011 5180 1078 5248 ἢν
1137 5177 1234 5229 νῦν
1288 5174 1650 5246 ἀτιμάζουσιν
1701 5173 1752 5225 οί

169 5278 572 5350 Εἰκονομάκοι;
611 5273 685 5344 μὴ
703 5274 804 5326 οὐκ
835 5270 1154 5339 ἐπτώχευσε
1215 5268 1472 5330 πλούσιος
1511 5266 1630 5327 div;
1678 5265 1753 5333 μὴ

169 5371 265 5440 οὐχ
294 5371 562 5440 ὑπέμεινε
595 5366 662 5418 τὰ
700 5363 927 5433 θλιὸερὰ
958 5361 1204 5422 ἅπαντα,
1258 5359 1445 5432 ὕϐρεις
1475 5400 1488 5422 ,
1541 5356 1756 5428 ἐμπτύ-

173 5480 382 5530 σματα,
418 5462 769 5531 ῥαπίσματα,
830 5455 1123 5526 μάστιγας,
1178 5453 1410 5521 σταυρὸν
1441 5453 1537 5504 καὶ
1595 5450 1757 5504 θάναο

171 5571 259 5607 τον
284 5554 528 5619 γΟῶως
555 5552 769 5620 ὀφείλει
799 5549 1007 5618 ἑκάστη
1042 5545 1190 5616 ψυχὴ
1255 5545 1593 5597 διατίθεσθαι
1627 5561 1639 5573 ·
1681 5542 1758 5606 ὡς

173 5647 311 5717 ὑπὲρ
348 5647 519 5715 αὐτῆς
555 5645 748 5715 μόνης,
773 5642 876 5696 κᾶν
906 5641 1048 5711 ὑπὲρ
1080 5640 1286 5706 πάσης,
1322 5635 1390 5689 τὰ
1428 5635 1751 5706 παθήματα,

176 5743 264 5792 καὶ
291 5739 544 5809 στέργειν
573 5737 667 5788 καὶ
696 5735 940 5805 ἀγαπᾷν,
982 5731 1075 5786 καὶ
1111 5729 1362 5800 ἐφίεσθαι
1392 5728 1569 5793 ὲξίσου
1602 5729 1750 5781 ἀντιο

241 5855 288 5887 ’⁸
315 5855 474 5910 Juan.
511 5869 626 5919 xlv,
655 5853 744 5908 23.

1861 4811 2148 4865 Dominum
2177 4820 2232 4864 et
2253 4810 2571 4878 magistrum
2597 4811 2757 4877 allici,
2781 4827 2883 4867 nec
2901 4813 3066 4869 ullam
3091 4814 3237 4869 illius
3258 4831 3453 4871 ainan-

1861 4903 1912 4957 di
1947 4903 2251 4956 satietatem
2285 4918 2518 4972 capere;
2571 4912 2736 4972 atque
2765 4920 2884 4958 eam
2920 4906 2991 4959 ob
3037 4922 3149 4961 rem
3183 4909 3332 4963 omni
3365 4925 3456 4965 ca-

1855 5009 1976 5048 rere
2027 4995 2261 5048 exitiosa
2315 4994 2616 5064 voluptate.
2683 4994 2818 5049 Nam
2875 5007 2927 5051 ct
2977 4997 3093 5065 ipse
3162 5014 3454 5068 peramans

1860 5086 2035 5141 nostri
2057 5093 2165 5150 est,
2197 5101 2263 5142 ac
2287 5088 2456 5141 veluti
2492 5097 2644 5142 extra
2683 5104 2741 5143 se
2766 5089 2938 5144 fertur
2979 5090 3283 5146 incredibili
3313 5094 3450 5147 cha-

1861 5182 2043 5234 ritate.
2093 5180 2292 5235 Annon
2341 5180 2485 5235 enim
2529 5191 2750 5251 propter
2805 5194 2876 5249 te,
2935 5198 3061 5237 cum
3099 5183 3244 5240 Deus
3286 5197 3454 5254 esset,

1862 5272 2002 5325 servi
2052 5270 2288 5327 formam
2343 5273 2577 5342 accepit,
2610 5289 2772 5343 quam
2813 5292 2961 5330 nunc
2987 5274 3336 5332 lconomachi
3366 5279 3457 5332 de-

1864 5366 2064 5418 decore
2090 5363 2372 5420 allicinnt?
2397 5381 2509 5420 non
2541 5366 2679 5421 vixit
2728 5368 2907 5438 inops,
2935 5385 3058 5425 cum
3088 5371 3242 5425 dives
3275 5373 3458 5426 esset?

1868 5470 1976 5507 non
2015 5469 2274 5524 perpessu
2306 5461 2501 5525 aspera
2533 5458 2716 5512 omnia
2769 5460 3024 5529 pertulit?
3050 5462 3455 5516 contumelias?

1866 5546 2069 5616 sputa?
2123 5547 2357 5618 alapas?
2387 5547 2656 5602 verbera?
2706 5565 2925 5606 crucem
2961 5566 3026 5604 ac
3068 5553 3307 5607 necem?
3366 5554 3459 5610 Sic

1864 5639 2166 5709 quamlibet
2207 5643 2450 5694 animam
2479 5655 2601 5696 esse
2635 5640 2882 5698 affectam
2913 5644 3068 5699 decet
3102 5646 3326 5716 (quippe
3353 5662 3454 5713 pro

1863 5728 1980 5799 ipsa
2015 5730 2150 5793 sola,
2194 5731 2417 5800 perinde
2439 5745 2502 5784 ac
2537 5746 2635 5800 pro
2661 5734 2918 5790 omnibus
2968 5735 3048 5788 hae
3073 5738 3460 5806 perpessiones
