3990 6318
581 351 719 415 1'239

1774 353 1833 411 S.
1868 349 2259 410 THEODORI
2303 347 2651 407 STUDITIE

3729 345 3875 407 1300

578 471 853 533 suscepta:
908 459 1079 529 sunt),
1139 470 1195 515 ut
1240 472 1293 514 et
1324 461 1699 529 concupiscat,
1732 470 1787 514 et
1824 473 1986 525 amet,
2014 469 2067 513 et
2100 474 2160 513 ex

2274 457 2627 511 πεπονθέναι.
2664 455 2782 509 Κᾶν
2838 456 2997 525 τυχόν
3050 456 3109 507 οὐ
3164 456 3570 525 παραχωρῆται
3626 456 3875 508 ὐποίσαι

575 569 732 623 atquo
763 555 872 624 pati
906 554 1146 608 vicissim
1172 555 1387 623 gesniat.
1417 554 1494 608 Ac
1519 554 1564 608 si
1602 554 1840 609 fortasse
1868 553 2055 607 nullus
2086 553 2160 606 sit

577 648 679 699 ista
742 645 1045 714 perferendi
1084 646 1258 709 locus,
1310 647 1646 715 propositum
1679 648 1855 699 vicem
1884 645 2069 713 operis
2098 659 2161 698 ac

575 737 791 791 laudem
842 737 1023 800 habet,
1060 736 1170 790 Deo
1204 737 1411 805 Optimo
1440 738 1520 791 sic
1565 745 1976 791 remunerante.
2037 734 2164 788 Haec

576 838 704 883 sunt
733 844 763 882 a
796 844 880 881 mc
912 828 1141 897 prolata,
1184 844 1291 881 nou
1326 829 1481 896 quasi
1543 844 1650 882 non
1685 838 1814 882 ante
1842 827 2031 883 oculos
2060 827 2163 880 ba-

575 920 729 985 beas,
782 920 877 975 sed
906 919 1051 987 quod
1087 918 1223 972 mihi
1281 929 1456 974 tecum
1490 919 1541 972 in
1575 918 1809 972 Domino
1858 932 2015 971 mens
2054 931 2161 971 una

576 1013 646 1064 sit

952 1123 1115 1179 LXX.
1148 1158 1217 1167 —
1250 1126 1533 1194 Theophila
1572 1126 1778 1194 Ephesi.

2262 549 2437 602 ταῦτα
2464 569 2479 579 ο
2510 552 2606 602 καὶ
2637 551 2668 617 ἡ
2700 546 2959 617 πρόθεσις
2979 548 3341 601 ἀποδέδεκται
3373 548 3455 610 είς
3480 550 3652 615 ἔργον
3673 566 3689 579 ο
3722 549 3877 602 οὕτω

2263 641 2359 693 τοῦ
2390 640 2595 707 ἀγαθοῦ
2636 640 2773 693 Θεοῦ
2827 639 3310 709 φιλοτιμουμένου.
3377 639 3568 692 Ταῦτα
3626 640 3741 709 οὐχ
3794 644 3875 703 ὡς

2265 736 2365 788 οὐκ
2404 733 2637 803 ἐχούσης
2674 749 2769 785 σου
2792 732 3009 785 ἔναυλα·
3043 730 3157 784 ἀλλ’
3216 731 3291 794 ὡς
3321 731 3624 803 συμψυχῶν
3668 748 3760 785 σοι
3812 735 3873 786 ὲν

2266 826 2479 897 Κυρίῳ.

2462 1118 2539 1169 0'.
2568 1146 2636 1155 ——
2656 1112 2922 1182 Θεοφίλῳ
2945 1110 3056 1179 τῆς
3090 1112 3368 1181 Ἐφέσου.
3400 1110 3565 1185 [νος-⁸.

1295 1240 1597 1297 Gratulatur,
1625 1249 1857 1300 tanquam
1891 1238 2157 1287 confessori
2182 1234 2475 1299 perillustri.
2501 1230 2697 1284 (Baron.
2722 1241 2799 1277 an.
2834 1225 2943 1286 8l6,
2964 1242 3014 1276 n.
3044 1228 3144 1286 42.)

650 1348 785 1403 Cum
820 1347 1106 1417 epistolam
1145 1347 1320 1403 lenori
1351 1349 1649 1411 dedissem,
1685 1347 2069 1416 exspectabam
2099 1354 2159 1400 ut

578 1441 820 1497 debitum
850 1440 1135 1495 eharitatis
1162 1441 1457 1508 reciperem
1497 1461 1523 1495 ε.
1544 1440 1636 1496 sed
1665 1440 1791 1509 quia
1814 1454 1922 1492 non
1951 1438 2157 1507 accepi,

579 1532 743 1603 cupio
790 1542 845 1587 et
892 1535 1089 1587 iterum
1138 1531 1393 1587 fencrari.
1437 1532 1604 1586 Dulce
1638 1533 1783 1585 enim
1840 1531 1973 1584 mihi
2006 1530 2162 1584 valde

583 1626 686 1680 hoc
741 1624 919 1690 fenus,
980 1626 1032 1680 id
1075 1634 1179 1691 est,
1216 1642 1337 1679 cum
1373 1641 1534 1679 sacro
1566 1624 1742 1693 capite
1773 1632 1864 1677 tuo
1900 1624 2162 1692 colloqui,

2334 1340 2592 1403 Δανείσας
2622 1339 2683 1392 τὸ
2704 1339 2961 1409 γράμμα,
2987 1337 3437 1405 ἀπεκαραδὸκουν
3469 1337 3755 1407 λήψεσθαι
3808 1341 3871 1394 τὸ

2263 1434 2426 1505 χρέος
2455 1436 2553 1503 τῆς
2584 1432 2804 1499 ἀγάπης
2825 1447 2838 1458 ⁶
2869 1430 2984 1483 ἀλλ’
3011 1431 3135 1482 ἐπεὶ
3157 1430 3256 1481 οὐκ
3285 1430 3511 1498 εἴληφα,
3575 1436 3733 1498 φιλεῖ)
3775 1436 3868 1487 καὶ

2264 1523 2423 1587 αὖθις
2444 1526 2716 1579 δανεῖσαι.
2755 1523 2882 1576 Ἡδύ
2910 1523 3016 1593 γάρ
3043 1539 3135 1591 μοι
3164 1522 3224 1573 τὸ
3253 1521 3463 1575 δάνειον
3486 1521 3613 1576 λίαν
3634 1540 3649 1554 ·
3693 1526 3869 1595 ἤγουν

2264 1622 2328 1689 τῇ
2366 1621 2432 1687 σῇ
2490 1619 2612 1687 ἱερᾷ
2648 1619 2859 1687 κορυφῇ
2893 1614 3265 1682 διαλέγεσθαι,
3299 1613 3385 1668 διὰ
3447 1616 3699 1685 Χριστὸν
3764 1636 3868 1671 πα-

580 1717 781 1773 Christi
858 1733 1025 1773 causa
1081 1718 1354 1786 patiente,
1427 1718 1511 1770 vel
1569 1717 1751 1786 potius
1825 1712 2160 1769 confessoris

2269 1710 2491 1782 σχούσῃ,
2526 1709 2803 1779 μᾶλλονδὲ
2847 1709 3255 1778 ὁμολογητικῶς
3310 1713 3739 1783 στεφανουμένη
3808 1731 3864 1766 τε

581 1808 757 1862 instar
789 1817 1052 1864 coronato
1081 1818 1135 1863 et
1169 1817 1454 1863 exornato.
1482 1808 1596 1861 Non
1628 1808 1771 1862 enim
1803 1807 2006 1877 quibus
2032 1820 2162 1858 ocu-

582 1901 649 1955 lis
701 1901 847 1955 videt
906 1901 1167 1967 mundus,
1228 1901 1421 1955 iisdem
1478 1916 1634 1954 mens
1668 1901 1861 1964 cernit,
1897 1900 2064 1954 Deum
2099 1913 2163 1951 ac

581 1994 761 2047 divina
807 1993 1179 2063 conspiciens.
1237 1991 1334 2047 Ille
1382 1993 1650 2061 siquidem
1687 1991 2070 2061 corruptibilia
2110 2001 2165 2044 et

581 2089 869 2156 pereuntia
932 2102 1131 2140 nomen
1194 2086 1461 2140 bonorum
1497 2086 1745 2140 obtinere
1777 2096 1986 2152 censet,
2024 2084 2164 2138 male

575 2178 832 2245 judicans
882 2190 934 2234 et
986 2194 1287 2247 perverse:
1362 2180 1476 2233 haec
1524 2192 1654 2232 vero
1686 2178 1832 2230 illam
1894 2193 1959 2231 ac
1989 2176 2161 2230 solam

579 2270 890 2324 beatitalem
930 2279 1133 2335 censet,
1165 2286 1286 2339 quae
1317 2284 1423 2323 non
1464 2269 1585 2324 istis
1623 2270 1823 2324 finibus
1856 2267 2047 2324 definit
2067 2279 2165 2321 vo-

578 2362 863 2432 luptatem,
924 2363 1016 2417 sed
1045 2372 1337 2416 venturum
1374 2363 1427 2415 in
1464 2377 1640 2415 :evum
1678 2361 1919 2431 reposita
1948 2369 2057 2424 est,
2094 2360 2162 2413 ad

580 2455 945 2509 interminata:
972 2455 1210 2509 fructum
1254 2456 1636 2523 iucunditatis.
1674 2454 1787 2510 Hoc
1830 2454 1995 2509 modo
2033 2469 2157 2509 san-

579 2548 784 2603 ctitatis
812 2554 919 2601 tua:
958 2563 1046 2602 res
1083 2548 1300 2602 intuens
1336 2547 1520 2611 miser,
1557 2548 1767 2617 gaudeo
1801 2556 1856 2602 et
1894 2548 2163 2617 gratulor,

578 2643 1061 2697 desideratissime.
1118 2641 1510 2713 Contempsisti
1553 2643 1781 2713 gloriam
1837 2652 2161 2697 terrenam:

578 2733 787 2805 elegisti
816 2749 940 2788 eum
972 2733 1197 2789 Christo
1224 2734 1451 2788 humilia
1484 2743 1538 2788 et
1563 2734 2021 2805 contemptibilis,
2054 2734 2165 2788 imo

577 2843 709 2883 vero
750 2827 1158 2881 tribulationem
1187 2837 1239 2881 et
1266 2826 1570 2897 angustias,
1607 2827 1837 2881 verbera
1865 2836 1918 2880 et
1949 2826 2161 2880 exsilia.

578 2919 753 2986 Quam
814 2920 969 2975 beata
1004 2930 1132 2975 sunt
1161 2934 1282 2990 quae
1341 2920 1591 2989 gessisti!
1657 2918 1832 2985 Quam
1888 2918 2164 2974 laudanda

576 3028 698 3083 quze
755 3014 984 3083 passus!
1037 3010 1247 3067 Orienti
1296 3012 1691 3082 Oecidentique
1760 3011 2051 3068 celebrata.
2111 3010 2163 3063 in

2266 1804 2361 1856 καὶ
2390 1802 2874 1872 καλλωπιζομένῃ.
2910 1802 2984 1855 Οὐ
3007 1802 3116 1870 γὰρ
3176 1798 3255 1866 οἷς
3304 1802 3611 1872 ὀφθαλμοῖς
3666 1805 3863 1874 βλέπει

2265 1894 2492 1962 κόσμος,
2523 1892 2734 1956 τούτοις
2769 1892 2927 1962 ἀθρεί
2956 1893 3051 1946 καὶ
3083 1892 3207 1956 νοῦς
3232 1893 3375 1963 ὁρῶν
3409 1893 3545 1946 Θεὸν
3576 1896 3679 1948 καὶ
3717 1886 3860 1950 θεῖα.

2270 1985 2392 2038 Ὀτι
2423 1988 2451 2038 ὁ
2480 1985 2580 2055 μὲν
2624 1986 2691 2039 τὰ
2727 1986 3061 2055 φθειρόμενα
3125 1987 3220 2040 καὶ
3259 1985 3620 2056 ἀπολλιῖμενα
3686 1991 3867 2041 οἴεται

2263 2073 2373 2126 τῶν
2405 2075 2628 2143 ἀγαθῶν
2666 2078 2877 2146 -μοϊραν
2930 2078 3242 2148 τυγχάνειν,
3304 2078 3491 2141 κακῶς
3542 2080 3715 2144 εἰδὼς
3771 2083 3866 2134 καὶ

2266 2167 2704 2237 πεπλανημένως
2729 2186 2743 2198 ·
2772 2170 2800 2222 ὁ
2828 2169 2884 2221 δὲ
2926 2170 3105 2223 ἐκεῖνο
3126 2172 3221 2223 καὶ
3254 2170 3415 2239 μόνον
3441 2172 3653 2241 κρίνων
3683 2176 3866 2242 μακά-

2268 2278 2403 2330 ριον,
2433 2260 2461 2312 ὃ
2488 2260 2589 2313 οὐκ
2617 2260 2854 2315 ἐνταῦθα
2884 2260 2985 2331 τὴν
3013 2261 3312 2315 εὐπάθειαν
3345 2263 3517 2333 ὀρίζοι
3549 2280 3563 2291 ·
3602 2266 3730 2318 ἀλλ’
3787 2270 3865 2330 εἰς

2265 2353 2355 2404 τὸν
2383 2352 2643 2422 μέλλοντα
2671 2352 2844 2406 αἰῶνα
2876 2352 3536 2424 ὲναποθησαυριζόμενον,
3563 2358 3650 2420 εἰς
3686 2358 3865 2426 χαρὰν

2267 2446 2573 2515 ἀπέραντον
2597 2446 2891 2516 θυμηδίας.
2927 2446 3086 2499 Οὕτω
3109 2446 3178 2500 τὰ
3211 2448 3355 2499 κατὰ
3381 2446 3482 2519 τὴν
3534 2449 3860 2520 ἁγιωσύνην

2270 2554 2363 2589 σου
2389 2538 2498 2605 ἐγὼ
2531 2538 2559 2590 ὁ
2586 2537 2756 2600 τάλας
2781 2536 2949 2603 ὀρῶν,
2981 2537 3161 2606 χαίρω
3189 2536 3284 2589 καὶ
3312 2538 3628 2609 συγχαίρω,
3670 2541 3865 2611 τριπό-

2268 2626 2417 2698 θητε.
2486 2628 2931 2699 Περιεφρόνησας
2978 2628 3137 2698 δόξης
3200 2630 3484 2697 ἐπιγείου·
3543 2634 3703 2686 εἵλου
3769 2635 3864 2686 σὺν

2268 2720 2490 2792 Χριστῷ
2518 2724 2586 2775 τὰ
2616 2722 2852 2775 ταπεινὰ
2887 2720 2979 2774 καὶ
3033 2721 3436 2792 ἐξουθενημένα
3461 2738 3477 2754 ·
3542 2725 3759 2794 μᾶλλον
3810 2726 3863 2778 δὲ

2270 2814 2448 2884 θλίψιν
2487 2815 2581 2868 καὶ
2612 2814 2999 2884 στενοχωρίαν,
3062 2813 3279 2884 πληγὰς
3303 2815 3398 2868 καὶ
3457 2815 3711 2887 ὲξορίας.
3778 2818 3864 2882 Ὠς

2273 2909 2520 2980 μακάριά
2550 2927 2643 2962 σου
2672 2909 2741 2961 τά
2772 2908 3023 2979 πρακτέα
3050 2910 3062 2963 1
3096 2909 3173 2973 ὡς
3208 2909 3394 2962 αίνετά
3416 2890 3516 2963 σου
3552 2911 3626 2964 τὰ
3679 2914 3864 2981 παθήο

2273 3006 2449 3074 ματα1
2499 2990 2752 3073 Ἀνατολῇ
2784 3001 2878 3055 καὶ
2907 3002 3071 3054 Δύσει
3098 3003 3463 3073 διαΰοὼμενα,
3497 3007 3560 3058 ὲν
3605 3006 3863 3077 οὐρανοῖς

578 3105 737 3161 eteiis
781 3104 1083 3175 descripta,
1131 3104 1355 3174 angelos
1382 3104 1773 3169 exhilarantia,
1817 3101 2160 3156 confessores

2270 3096 2725 3164 ἀπογραφόμενα,
2762 3095 3033 3162 ἀγγέλους
3089 3095 3475 3167 εὐφραίνοντα,
3506 3098 3860 3168 ὀμολογητάς

577 3214 643 3253 ac
690 3209 959 3268 martyres
990 3197 1344 3261 oblectantia,
1381 3196 1681 3260 daemones,
1703 3203 1757 3249 et
1787 3194 1871 3249 his
1898 3210 2065 3249 sensu
2095 3208 2160 3247 ac

576 3292 822 3346 moribus
875 3290 1086 3346 similes
1134 3289 1557 3355 leonomachos,
1603 3288 1931 3358 pungentis!
1971 3285 2162 3342 Merito

575 3385 741 3455 igitur
771 3383 869 3438 tibi
902 3384 1170 3454 gratulor,
1216 3384 1476 3452 princeps
1502 3384 1747 3437 Patrum.
1794 3379 1899 3434 Sed
1944 3389 2067 3449 peto
2098 3388 2159 3434 ut

556 3491 676 3553 pro
706 3491 789 3530 me
813 3476 978 3530 etiam
1021 3492 1145 3531 ores
1177 3476 1380 3529 misero
1418 3474 1802 3543 undequaque,
1839 3481 1900 3527 ut
1929 3488 1960 3527 a
1992 3472 2153 3528 vesti-

577 3565 684 3636 giis
715 3569 912 3623 vestris
949 3568 1331 3624 consectandis
1363 3583 1473 3621 non
1508 3566 1779 3621 aberrem.

966 3765 1151 3820 LXXI.
1182 3794 1253 3805 ——
1275 3764 1571 3817 Naucratio
1600 3765 1735 3832 ﬁlio.

2268 3191 2359 3241 καὶ
2386 3189 2673 3259 μάρτυρας
2705 3188 2988 3258 ήδύνοντα,
3017 3188 3423 3260 δαίμονας,καὶ
3454 3192 3592 3254 τοὺς
3639 3193 3863 3256 τούτοις

2263 3282 2574 3352 ὀμόφρονάς
2598 3299 2657 3335 τε
2688 3282 2782 3335 καὶ
2804 3284 2945 3352 ὀμοτ
2966 3282 3165 3352 ρόπους
3196 3283 3614 3354 Είκονομάχους
3648 3287 3863 3351 στίζον-

2264 3375 2370 3428 τα1
2407 3375 2645 3437 Εἰκότως
2708 3374 2923 3428 οῦν-σοι
2952 3375 3384 3445 συναγάλλοιιαι,
3460 3380 3859 3449 πρωτοπάτορ.

2277 3464 2416 3522 Ἀλλ’
2443 3464 2581 3517 αἰτῶ
2603 3464 2817 3519 δέεσθαί
2842 3483 2901 3518 σε
2943 3466 3037 3519 καὶ
3074 3466 3205 3536 περὶ
3228 3467 3364 3536 ἐμοῦ
3389 3466 3487 3519 τοῦ
3507 3469 3656 3520 κατὰ
3680 3471 3859 3522 πάντα

2265 3544 2483 3630 οἰκτροῦ
2519 3576 2533 3590 ·
2578 3559 2655 3622 ὼς
2689 3558 2756 3613 ἂν
2788 3561 2863 3629 μὴ
2914 3562 3214 3613 ἀποπεσεῖν
3265 3577 3332 3630 με
3366 3561 3467 3631 τῆς
3534 3564 3660 3615 κατ’
3722 3565 3863 3633 ἴχνος

2272 3650 2301 3701 ὐ
2312 3650 2426 3718 μῶν
2447 3651 2863 3719 παραστάσεως.

2501 3767 2624 3820 OA'.
2661 3768 3097 3833 -Ναυκρατίῳ
3123 3768 3331 3831 τέκνῳ.
3364 3765 3572 3842 [unt]

577 3883 735 3951 Imple
757 3891 809 3936 et
830 3884 1106 3935 crudeliter
1126 3883 1185 3932 ab
1216 3882 1548 3931 lconomachis
1577 3888 1717 3944 gesta
1759 3885 2083 3990 ειιροῐιιιῐιξιιέὶιι
2103 3881 2531 4003 ἓὸῐὴὲᾱο1ιῖτυω
2558 3882 2607 3932 111
2642 3884 2703 3933 iis
2725 3882 2944 3933 ferendis
2968 3887 3249 3935 constantia
3302 3887 3627 3949 predicatur.
3662 3888 3859 3952 (Barea.

2073 3977 2086 3989 .
2208 3980 2220 4003 ,
2301 3982 2313 3994 .
2377 3982 2385 3991 .

2073 3977 2086 3989 ο
2108 3977 2220 4003 V-‘V’
2262 3977 2313 3994 ιι.
2345 3977 2385 3992 ⁸.

649 4032 836 4088 Serius
875 4032 944 4087 ad
989 4040 1042 4086 te
1080 4028 1421 4099 scripsimus,
1471 4028 1668 4081 dilecte
1718 4027 1792 4081 fili
1829 4045 1843 4081 :
1907 4027 2000 4082 sed
2035 4027 2166 4095 quia

583 4127 765 4181 fervet
790 4126 882 4179 hic
910 4124 1076 4180 etiam
1114 4121 1445 4193 persecutio,
1484 4120 1675 4189 plagae,
1707 4118 1945 4184 vincula,
1980 4134 2166 4174 carce-

577 4234 668 4272 res
701 4236 715 4271 :
745 4218 819 4270 ita
854 4216 946 4270 ille
975 4217 1070 4285 qui
1110 4230 1213 4269 nos
1237 4211 1464 4274 detinet,
1496 4212 1671 4281 spirat
1701 4208 1947 4263 furorem
1975 4218 2029 4265 et
2058 4211 2167 4264 mi-

578 4326 698 4373 nas,
730 4319 783 4365 et
812 4310 903 4364 hic
933 4318 1031 4363 aut
1067 4309 1182 4362 illic
1209 4309 1462 4362 inventos
1499 4307 1619 4375 pios
1647 4304 2065 4374 comprehendit
2102 4320 2166 4359 ac

576 4404 814 4458 divexat.
871 4402 977 4468 Qui
1034 4401 1255 4470 quidem
1298 4400 1355 4453 in
1408 4401 1598 4453 urbem
1653 4397 2047 4465 proﬁciscens;
2089 4397 2162 4451 ibi

574 4496 721 4550 enim
780 4509 928 4547 nunc
981 4493 1129 4561 agit;
1184 4492 1369 4546 dicere
1415 4507 1523 4544 non
1578 4489 1852 4543 dubitavit
1896 4487 2161 4559 :Rogabo

576 4590 982 4657 imperatorem,
1025 4594 1082 4638 ut
1120 4598 1334 4638 mecum
1359 4583 1555 4637 ducam
1580 4582 1792 4647 regium
1823 4582 2159 4645 ministrum,

574 4682 668 4749 qui
710 4686 806 4733 aut
832 4678 1011 4746 capite
1047 4676 1267 4746 penitus
1301 4676 1615 4740 obtruncet,
1666 4683 1759 4727 aut
1791 4673 2031 4743 linguam
2059 4674 2157 4728 ab-

574 4771 804 4826 scindat.
844 4768 1111 4838 Equidem
1154 4768 1341 4823 nescio
1381 4784 1449 4821 an
1501 4768 1667 4822 verba
1697 4768 1765 4822 ad
1797 4769 2004 4823 exitum
2032 4781 2161 4835 per-

573 4862 847 4916 venerint.
878 4862 961 4917 Ob
996 4861 1138 4915 hanc
1177 4859 1398 4928 quidem
1429 4874 1655 4913 causam
1694 4875 1798 4915 nos
1827 4858 2014 4914 omnia
2043 4857 2157 4927 jam

574 4955 975 5024 disposuimus,
1008 4952 1388 5023 conjecturam
1421 4968 1487 5006 ex
1515 4952 1625 5006 alio
1658 4953 1821 5007 etiam
1853 4952 2153 5021 capientes,

572 5045 813 5102 hominis
848 5046 1063 5103 scilicet
1109 5046 1477 5115 perversitate
1501 5053 1557 5097 et
1586 5058 1858 5098 concursu
1882 5044 2169 5113 episcopo-

572 5155 696 5194 rum
740 5158 755 5193 ι
800 5138 1251 5211 quandoquidem
1309 5137 1529 5202 adsunt,
1573 5145 1635 5191 ut
1682 5136 1875 5202 fertur,
1912 5150 2024 5206 quo
2058 5136 2165 5189 tale

574 5229 785 5301 aliquid
832 5230 1168 5299 perficiatur.
1233 5227 1481 5282 Minister
1542 5241 1671 5281 vero
1703 5228 1900 5285 timore
1932 5237 1987 5282 et
2013 5237 2163 5281 metu

572 5322 864 5391 perculsus
903 5324 1119 5393 (graves
1150 5321 1297 5376 enim
1331 5329 1491 5375 antea
1516 5321 1696 5375 minas
1724 5320 2020 5391 impiorum
2050 5321 2163 5375 dux

568 5417 887 5477 intentarat,
938 5423 1115 5469 morte
1164 5414 1444 5483 proposita
1496 5413 1542 5468 si
1577 5413 1662 5467 vel
1696 5412 1955 5468 levissimi
1992 5413 2162 5467 errati

567 5522 697 5561 reus
730 5507 987 5562 inventus
1016 5509 1190 5563 esset)
1229 5506 1475 5560 chartam
1506 5514 1564 5560 et
1593 5514 1959 5560 atramentum
1996 5506 2155 5560 nobis

566 5598 700 5651 dare
725 5598 952 5651 omnino
986 5596 1385 5651 reformidavit.
1436 5596 1578 5650 Hinc
1618 5596 1867 5650 tarditas.
1900 5596 2151 5651 Accessit

567 5690 635 5744 ad
695 5690 1165 5761 impedimentum,
1226 5687 1374 5758 quod
1415 5688 1695 5743 audieram
1749 5699 1801 5744 te
1840 5704 1902 5743 ex
1931 5705 2153 5747 carcere

568 5782 823 5841 eductum
854 5799 973 5839 esse
1003 5800 1013 5837 :
1048 5782 1144 5839 sed
1190 5791 1241 5837 et
1294 5780 1643 5849 Sardensem,
1683 5782 1862 5853 qualis
1912 5797 2021 5840 non
2052 5784 2143 5841 de-

2352 4026 2684 4105 Ὠψίσθημεν
2731 4032 3037 4086 ἐπιστεῖλαί
3072 4051 3177 4100 σοι,
3205 4035 3400 4089 τέκνον
3444 4038 3813 4107 ἠγαπημένον
3840 4058 3854 4072 ί

2269 4124 2382 4176 ἀλλ’
2414 4126 2501 4179 δτι
2526 4126 2616 4179 καὶ
2644 4126 2878 4179 ἐνταῦθα
2906 4126 3147 4198 διωγμὸς
3175 4127 3335 4192 ζέων,
3371 4129 3614 4201 πληγαὶ,
3660 4136 3854 4205 δεσμὰ,

2270 4219 2510 4287 φυλακαί
2539 4237 2553 4251 ·
2603 4219 2750 4273 οὕτω
2775 4219 2871 4273 τοῦ
2900 4221 3225 4291 κατέχοντος
3250 4224 3402 4291 ἡμᾶς
3462 4225 3732 4290 πνέοντος
3768 4230 3858 4280 θυ-

2274 4308 2378 4378 μοῦ
2403 4311 2495 4363 καὶ
2518 4310 2771 4377 ἀπειλῆς,
2804 4311 2897 4363 καὶ
2931 4310 3060 4372 τοὺς
3087 4305 3189 4363 ὧδε
3247 4313 3475 4365 κάκεῖσε
3530 4316 3859 4386 εὑρισκομέ-

2271 4418 2395 4463 νους
2426 4401 2673 4464 εὐσεϐεῖς
2716 4401 3189 4470 συλλαμϐάνοντός
3246 4419 3307 4455 τε
3360 4405 3457 4458 καὶ
3508 4405 3852 4472 κολάζοντος.

2274 4493 2373 4554 ’ος
2404 4486 2467 4559 γε
2503 4493 2595 4546 καὶ
2619 4492 2882 4563 ἀπαίρων
2908 4494 2967 4545 ἐν
3008 4492 3165 4551 ἄστει
3186 4509 3202 4524 ’
3227 4496 3417 4549 αὐτόθι
3450 4498 3563 4567 γὰρ
3602 4499 3699 4552 νῦν
3746 4504 3856 4555 δια-

2268 4585 2479 4654 τρίϐει·
2521 4584 2622 4637 οὐκ
2664 4584 2914 4654 ὤκνησεν
2973 4586 3172 4653 είπείν,
3224 4588 3422 4657 ὅτιπερ
3465 4589 3853 4663 Ἐξαιτήσομαι

2266 4678 2358 4731 τὸν
2386 4677 2632 4746 βασιλέα,
2667 4678 2946 4745 βασιλικὸν
2976 4681 3306 4746 συνεπάραι,
3362 4680 3445 4743 είς
3502 4682 3567 4734 τὸ
3642 4686 3855 4746 πάντως

2267 4770 2693 4839 ἀποκεφαλίσαι,
2719 4771 2752 4842 ἢ
2776 4772 2873 4825 καὶ
2901 4771 3383 4841 γλωσσοκοπῆσαι.
3404 4774 3521 4827 Οὐκ
3542 4772 3663 4829 οἶδα
3689 4779 3788 4847 μὲν
3811 4778 3853 4829 εί

2265 4865 2292 4914 ὁ
2322 4863 2476 4929 λόγος
2507 4866 2586 4925 εἰς
2621 4863 2796 4932 πέρας
2828 4863 2993 4917 ἔλθοι.
3037 4863 3153 4933 Ἐφ’
3185 4856 3230 4931 ᾧ
3257 4865 3421 4935 ἡμεῖς
3464 4866 3567 4936 μὲν
3608 4869 3677 4921 τὰ
3734 4887 3850 4921 συν·

2264 4953 2538 5022 τακτήρια
2588 4952 2691 5023 ἤδη
2717 4952 3098 5024 ἐποιησάμεθα
3120 4970 3134 4984 '
3174 4955 3269 5009 καὶ
3311 4956 3492 5021 ἄλλως
3518 4959 3848 5030 στοχαζόμε-

2266 5057 2348 5093 νοι
2374 5042 2439 5095 ἐκ
2476 5059 2536 5094 τε
2565 5043 2665 5113 τῆς
2694 5042 3031 5111 κακοηθείας
3077 5043 3174 5097 τοῦ
3202 5045 3418 5116 ἀνδρὸς,
3454 5049 3552 5100 rat
3576 5051 3679 5119 τῆς
3731 5068 3849 5103 συν-

2262 5131 2472 5203 δρομῆς
2514 5132 2621 5186 τῶν
2660 5130 2849 5186 αὐτόοι
2879 5135 3199 5189 ἐπισκόπων
3225 5152 3239 5167 ·
3276 5138 3537 5209 ἐπείπερ,
3564 5138 3644 5204 ὥς
3698 5159 3843 5211 φασι,

2266 5226 2543 5295 πάρεισιν,
2570 5226 2651 5279 δτι
2684 5226 2926 5279 τοιοῦτον
2989 5244 3043 5280 τι
3093 5228 3509 5300 ἀποτελεσθείη.
3549 5232 3612 5284 '0
3644 5232 3706 5286 δὲ
3755 5235 3851 5289 ὐπ-

2259 5317 2464 5386 ηρέτης
2492 5315 2731 5385 ἔμφοϐος
2761 5317 2858 5371 καὶ
2888 5315 3152 5388 ἔντρομος
3177 5319 3502 5389 γενόμενος’
3524 5323 3763 5396 ἐπείπερ
3785 5322 3849 5396 ἦν

2256 5407 2356 5459 καὶ
2384 5406 2893 5477 προαπειλούμενος
2926 5407 3132 5477 σφόδρα
3162 5408 3298 5478 πρὸς
3343 5408 3511 5461 αὐτοῦ
3542 5410 3642 5463 τοῦ
3687 5413 3844 5465 ἀσεϐ-

2264 5498 2456 5568 ἀρχου,
2489 5500 2538 5551 εί
2566 5497 2818 5569 εὑρεθείη
2863 5499 2968 5553 κᾰν
3004 5516 3059 5551 τι
3095 5499 3296 5571 μικρὸν
3336 5499 3617 5565 ὑπαίτιος,
3644 5504 3836 5574 μηκέτι

2263 5589 2363 5660 ζῇν
2391 5605 2405 5621 ⁸
2444 5590 2620 5643 ἔδεισε
2653 5592 3003 5645 παντάπασιν
3038 5590 3320 5643 ἐπιδοῦναι
3347 5592 3483 5661 ἡμῖν
3507 5594 3723 5666 χάρτην
3752 5595 3842 5648 καὶ

2266 5684 2458 5754 μέλαν.
2499 5682 2779 5737 Ἐντεῦθεν
2827 5683 2862 5752 ἠ
2894 5682 3191 5753 βραδυτής.
3227 5682 3465 5737 Ἔπειτα
3489 5688 3843 5755 προσεγένετο

2261 5780 2336 5843 εἰς
2363 5777 2617 5849 μπόδιον
2651 5777 2745 5834 καὶ
2768 5776 2907 5844 ἀκοὴ
2940 5774 3165 5846 τοιαύτη
3199 5790 3212 5803 ’
3247 5776 3329 5829 ὅτι
3354 5793 3438 5831 τοι
3475 5778 3639 5842 αὐτὸς
3672 5779 3837 5849 ἐπήρ-
