3990 6318
152 370 282 434 1301

1353 358 1897 420 ΕΙῚΞῚῸΙΛΒΠΜ
1957 364 2102 424 LIB.
2158 365 2235 422 ll.

3304 357 3443 421 1302

151 491 248 556 θης
289 487 386 554 τῆς
413 484 686 555 φυλακῆς-ο
726 481 839 535 ἀλλ’
867 482 946 534 ὅτι
980 480 1074 532 καὶ
1107 478 1172 531 δι’
1208 475 1594 544 ἀνοσιουργίαν
1618 469 1738 522 τι·ιά

1871 477 2176 545 iniebalur,
2240 477 2311 532 ob
2369 475 2644 531 nefarium
2716 476 2940 544 aliquod
2994 474 3210 531 facinus
3267 478 3445 541 capite

151 584 177 634 ὁ
206 580 441 650 Σάρδης,
473 581 647 640 ποῖος,
677 577 775 645 οὐχ
807 566 1581 645 ὼρισμ.ἐνως,ἐκαρατομήοη.
1649 561 1743 626 Ἐξ

153 674 486 743 ἀμφοτέρων
516 666 611 724 οῦν
642 671 674 738 ὴ
711 669 1113 738 ὑποκράτησις,
1143 664 1336 733 Ὅμως
1390 663 1471 714 ὅτι
1504 657 1746 728 ἠξιώθη-

157 785 257 838 μεν
289 768 336 819 οἱ
361 765 611 818 ταπεινοὶ
632 764 724 816 καὶ
753 757 907 823 αὖθις
942 757 1102 831 ῥῆξαι
1130 758 1317 828 φωνὴν
1349 755 1428 817 είς
1491 754 1560 806 τὰ
1629 745 1747 803 ὦτά

158 879 273 925 σου,
316 858 676 930 γνωρίζοντες
709 874 790 910 σοι
820 857 902 909 ὅτι
934 852 1226 926 ἐρρώμεθα
1279 850 1515 921 σώματι,
1571 846 1657 915 εἴη
1689 845 1747 896 δὲ

156 957 333 1009 εἰπεῖν
361 953 454 1005 καὶ
481 951 778 1020 πνεύματι,
817 949 1006 1018 εὐχαῖς
1039 943 1192 1016 ὑμῶν
1226 941 1435 1010 ἀγίαις,
1491 939 1590 991 σὺν
1649 932 1744 989 τοῦ

159 1046 438 1119 μακαρίου
468 1062 568 1114 μου
618 1042 851 1113 Πατρός.

231 1141 372 1211 Πρὸς
413 1139 448 1192 ἃ
497 1138 554 1190 δὲ
587 1136 752 1199 αὐτὸς
794 1136 1095 1204 ἐσήμανας,
1129 1128 1369 1192 τίείπω,
1411 1125 1508 1180 καὶ
1549 1125 1601 1176 τί
1654 1123 1742 1176 λα·

156 1233 323 1304 λήσω,
361 1232 394 1302 ἢ
431 1232 513 1284 ὅτι
557 1228 698 1283 κατὰ
728 1228 786 1280 τὸ
823 1225 1059 1296 χαλεπὸν
1089 1223 1190 1292 τῆς
1217 1221 1485 1293 αἱρέσεως
1519 1217 1748 1271 ἀκόλου-

158 1327 248 1389 Θος
279 1326 421 1379 καὶὸ
452 1322 648 1394 πικρὸς
670 1320 913 1390 διωγμὸς
940 1318 1039 1383 ;Τί
1071 1317 1179 1387 γὰρ
1213 1315 1396 1387 βούλει
1431 1313 1586 1384 ὀρᾷν,
1612 1311 1749 1364 ὲπάν

159 1416 451 1487 ὁ·Χριστὸς
482 1415 717 1486 ἤρνηται
748 1412 815 1466 δι’
847 1411 1061 1482 ὖὸρεως
1105 1410 1203 1479 τῆς
1231 1407 1396 1475 ἁγίας
1443 1404 1611 1458 αὑτοῦ
1673 1406 1750 1456 εἰσ

161 1512 314 1574 κόνος
338 1529 352 1578 ;
379 1510 515 1579 Οὐχὶ
545 1507 755 1578 αἵματα
793 1505 1119 1575 κενούμενα,
1152 1503 1245 1556 καὶ
1286 1501 1498 1572 σάρκας
1554 1514 1750 1568 τεμνο-

165 1604 369 1673 μένας;
411 1602 473 1654 οὐ
508 1601 718 1669 θλίψεις
756 1599 851 1651 καὶ
882 1595 1245 1666 στενοχωρίας
1281 1611 1294 1660 ;
1335 1594 1396 1647 οὐ
1421 1592 1595 1662 δεσμά
1657 1588 1749 1642 καὶ

163 1695 433 1764 φυλακὰς,
461 1695 552 1746 καὶ
583 1690 750 1762 ἄλλην
782 1687 1043 1742 παντοίαν
1067 1686 1313 1740 κάκωσιν
1340 1703 1354 1749 ;
1414 1682 1537 1753 οὐχὶ
1559 1681 1749 1746 σκεύη

165 1788 348 1857 ὀργῆς
375 1783 826 1853 κατηρτισμένα
847 1784 934 1848 εἰς
966 1779 1293 1844 ἀπώλειαν,
1330 1772 1405 1830 ὧν
1437 1771 1516 1839 εἷς
1557 1775 1616 1826 ὃν
1671 1768 1750 1825 εἷ-

166 1899 272 1943 πας
298 1898 312 1945 ;
353 1880 464 1933 Καὶ
505 1878 584 1931 ἔτι
616 1878 758 1948 ὄψει,
784 1874 999 1942 ἀδελφέ,
1021 1873 1300 1942 δεινότερα
1322 1911 1337 1936 ,
1378 1869 1519 1922 ἐπὰν
1555 1884 1753 1938 μακρο-

165 1976 329 2044 χρονῇ
363 1975 396 2042 ἡ
424 1972 654 2042 αἵρεσις.
702 1968 894 2023 Ἀλλὰ
923 1965 1203 2037 μακάριοι
1233 1969 1286 2018 οἱ
1320 1962 1748 2032 ὑπομένοντες·

165 2069 252 2121 ὅτι
280 2065 483 2121 αὐτῶν
513 2065 688 2118 ἐστιν
712 2065 749 2131 ἡ
787 2061 1082 2126 βασιλεία
1115 2059 1236 2112 τῶν
1261 2056 1556 2126 οὐρανῶν.
1611 2054 1752 2123 Ἤδη

165 2163 214 2215 oi
237 2166 390 2231 χοροὶ
411 2159 521 2212 τῶν
551 2157 928 2228 ὁμολογητῶν,
965 2155 1073 2208 τῶν
1117 2151 1435 2223 μαρτύρων,
1493 2146 1754 2216 ἀγάλλον-

164 2272 278 2318 ται,
313 2252 702 2323 εὐφραίνονται
726 2267 739 2280 ’
766 2249 860 2314 οὓς
895 2249 993 2319 μὲν
1021 2248 1108 2302 διά
1135 2246 1371 2300 θανάτου
1402 2243 1579 2297 αίσίου
1625 2242 1758 2294 ὑπο-

166 2346 452 2416 δεχόμενοι
482 2362 496 2375 ο
533 2342 628 2406 οὓς
659 2342 716 2395 δέ
747 2340 1134 2409 ἐπαλείφοντες
1169 2339 1425 2409 ἀοράτως
1456 2337 1576 2398 ταῖς
1637 2336 1758 2386 ἐπι-

171 2437 423 2507 σκέψεσι.
463 2435 573 2488 Καὶ
606 2435 658 2487 τί
690 2435 837 2501 λέγω
879 2433 1199 2503 μάρτυρας;
1249 2430 1413 2492 αὐτὸς
1465 2427 1701 2497 Χριστὸς
1731 2422 1759 2478 ὁ

175 2528 646 2602 μαρτυρούμενος,
674 2529 882 2597 χαίρων
904 2542 961 2577 τε
995 2524 1090 2577 καὶ
1133 2520 1420 2576 συναθλῶν
1465 2523 1615 2573 ἐστιν
1679 2519 1761 2571 évi.

172 2625 386 2694 ἑκάστῳ
436 2623 547 2674 τῶν
585 2618 1016 2690 ὁμολογούντων.
1052 2618 1116 2670 Εἰ
1143 2618 1218 2689 μὴ
1251 2616 1362 2686 γὰρ
1397 2613 1594 2680 οὕτως,
1659 2613 1760 2666 οὐκ

173 2717 236 2771 ἂν
269 2717 466 2786 ἔφερον
489 2715 538 2766 οἱ
571 2713 829 2783 φέροντες
855 2713 924 2766 τὰ
951 2712 1197 2783 παρόντα
1223 2708 1493 2780 γενναίως
1513 2724 1526 2737 ·
1570 2707 1671 2760 οὐκ
1694 2705 1761 2758 ἂν

175 2809 267 2862 καὶ
296 2811 551 2877 γυναῖκες
584 2804 896 2878 ἠνδρίζοντο
920 2805 1064 2858 κατά
1111 2802 1211 2866 τὰς
1242 2801 1411 2855 πάλαι
1431 2799 1593 2868 ἁγίας
1624 2815 1636 2827 ·
1660 2798 1763 2849 οὐκ

176 2902 240 2954 ἂν
279 2901 374 2954 καὶ
403 2899 585 2952 λαῖκοὶ
621 2899 714 2951 καὶ
741 2896 1097 2967 συγκλητικοὶ
1127 2894 1426 2949 ἀπεδύοντο
1453 2893 1589 2963 πρὸς
1634 2892 1763 2954 τοὺς

175 2992 389 3060 ἀγῶνας
421 3006 435 3020 ’
467 2991 571 3043 οὐκ
602 2990 668 3043 ἂν
699 2991 792 3044 καὶ
820 2989 982 3060 κόραι
1022 2986 1394 3057 κατεφρόνουν
1421 2985 1603 3055 ὅψεως
1657 2984 1761 3054 ἀρ-

180 3085 346 3155 ρένων
379 3081 722 3139 ἀσεῦούντων
745 3097 760 3111 ’
794 3081 893 3135 οὐκ
916 3081 981 3134 ἂν
1008 3080 1318 3132 ἐδείκνυντο
1350 3068 1631 3147 πανταχοῦ
1670 3075 1763 3146 δη-

181 3177 356 3248 μόσιοι
390 3176 655 3246 φυλακαὶ,
703 3174 796 3226 καὶ
832 3172 1169 3244 ἐπληροῦντο
1198 3169 1416 3241 ἔρημοι,
1444 3169 1546 3241 ὅρη
1573 3185 1634 3220 τε
1666 3168 1761 3220 καὶ
1791 3196 1832 3252 C

177 3269 343 3323 νάπαι
380 3275 476 3322 καὶ
519 3267 784 3337 σπήλαια,
816 3266 925 3320 τῶν
978 3263 1067 3317 διά
1106 3263 1313 3334 Κύριον
1349 3260 1764 3330 πεφυγαδευμὲ-

177 3380 282 3417 νων
302 3380 315 3393 ·
341 3364 442 3417 οὐκ
468 3362 536 3415 ἂν
560 3359 894 3413 ἐκωδωνεῖτο
918 3359 952 3429 ὴ
978 3357 1070 3411 ὑπ’
1097 3355 1355 3427 οὐρανὸν,
1386 3354 1539 3418 τέλος
1568 3355 1763 3407 εἰπεῖν.

180 3456 342 3509 Ὥστε
375 3454 728 3509 πιστεύονται
757 3451 1004 3523 ἐναργῶς
1032 3451 1115 3504 ὅτι
1141 3449 1382 3520 Χριστὸς
1429 3447 1721 3501 δεδίωκται
1749 3461 1762 3474 ·

179 3551 314 3602 ὥστε
335 3547 620 3602 ἐλπιστέον
651 3544 787 3615 ὁμοῦ
815 3545 908 3598 καὶ
935 3542 1339 3615 προθυμητέον,
1370 3541 1451 3593 ὅτι
1475 3540 1638 3594 οἷσειε
1661 3541 1769 3602 πᾶς

180 3656 262 3703 τις
298 3644 354 3692 ἐν
382 3638 623 3710 ἀληθείᾳ
656 3638 928 3690 πιστεύων
963 3638 1073 3689 πᾶν
1105 3636 1287 3689 ὁτιοῦν
1324 3632 1651 3687 κολαστικὸν
1681 3650 1771 3702 με·

181 3731 494 3804 τάΧριστοῦ
520 3732 613 3783 καὶ
646 3731 742 3782 σὺν
777 3727 1020 3799 Χριστῷ.
1037 3725 1275 3781 Τοιαῦτα
1299 3727 1367 3780 τά
1410 3727 1659 3796 ἡμέτερα
1685 3725 1766 3778 δι-

182 3828 458 3895 ηγήματα.
483 3821 956 3876 Ἀκουσιὶτωσαν
984 3819 1193 3886 πραεῖς
1225 3819 1325 3872 καὶ
1358 3816 1771 3887 εὐφρανθήτω-

184 3935 324 3972 σαν.
371 3915 650 3968 Ἀκουέτω
698 3913 960 3983 ’Λνατολὴ
1009 3913 1104 3966 καὶ
1145 3911 1307 3974 Δύσις
1347 3909 1417 3963 τὰ
1461 3913 1518 3962 ἐν
1558 3910 1768 3972 Βυζαν-

184 4011 301 4081 τίῳ,
333 4011 427 4063 καὶ
449 4009 692 4062 αἰνείτω.
727 4007 916 4060 Ὅπου
969 4006 1352 4059 ἐπλεόνασεν
1411 4003 1448 4071 ἡ
1488 4003 1766 4072 ἁμαρτία,

186 4104 784 4173 ὑπερεπερίσσευσεν
811 4102 849 4169 ἡ
883 4098 1079 4170 χάρις.
1109 4095 1236 4152 Ὧδε
1268 4098 1522 4161 ἔνστασις
1552 4097 1773 4167 ἀθλητι-

187 4195 255 4256 κή
276 4188 402 4248 ’ὧδε
421 4190 566 4264 αἷμα
595 4196 678 4264 ῥεῖ
709 4195 870 4263 ἄρδον
886 4193 985 4264 τὴν
1017 4190 1349 4262 Ἐκκλησίαν
1365 4189 1600 4260 Χριστοῦ
1631 4187 1772 4255 ὑπὲρ

188 4287 275 4337 τὸν
298 4287 566 4357 ποτισμὸν
597 4283 690 4337 τοῦ
728 4286 785 4337 ἐν
832 4283 993 4353 Ἐδέμ
1015 4283 1369 4353 παραδείσου.
1395 4281 1487 4334 Ζῶ
1511 4280 1646 4350 ἐγὼ,
1678 4281 1776 4335 λέ-

189 4395 274 4446 γει
308 4382 548 4446 Κύριος,
586 4378 723 4431 ἀλλ’
764 4378 801 4445 ἦ
832 4378 974 4443 τοὺς
1002 4376 1364 4442 δοξάζοντάς
1385 4393 1462 4445 με
1491 4375 1731 4440 δοξάσω
1757 4391 1769 4404 ·

191 4468 285 4520 καὶ
317 4463 348 4521 ὅ
380 4468 724 4532 ἐξουθενῶν
768 4485 845 4537 με
897 4468 1392 4536 ἀτιμασθήσεται.
1445 4468 1768 4536 ’Λπόγραφε

192 4559 284 4613 καὶ
313 4563 375 4613 σὺ
403 4562 555 4623 ὅστις
580 4560 645 4612 ἂν
677 4559 795 4629 εἴης
823 4560 1002 4629 ζηλῶν
1032 4559 1110 4629 τῷ
1169 4560 1380 4629 Κυρίῳ,
1411 4559 1480 4612 τὰ
1518 4561 1763 4630 νεουργάι

1890 4566 2084 4629 minus,
2116 4565 2364 4633 quoniam
2392 4563 2754 4632 gloriﬁcantes
2787 4579 2868 4615 me
2896 4563 3205 4632 gloriﬁcabo

196 4647 396 4720 μᾶλλον
427 4653 483 4704 δὲ
515 4651 776 4720 θεουργά,
812 4652 1095 4722 μαρτύρια
1127 4667 1139 4678 ·
1172 4650 1248 4713 ὡς
1288 4652 1355 4703 ἂν
1376 4651 1569 4702 εἰδεῖεν
1599 4653 1648 4704 οἱ
1681 4669 1775 4721 με·

193 4745 599 4815 ταγενέστεροι.
631 4744 713 4794 ὅτι
742 4746 768 4794 ὁ
797 4744 926 4805 Θεὸς
958 4743 1128 4804 ὅντως
1186 4745 1245 4794 ἐν
1303 4745 1435 4813 ἡμῖν
1474 4745 1589 4795 ἐστι
1622 4759 1636 4772 ·
1685 4744 1777 4795 καὶ

193 4834 256 4905 ζῇ
295 4836 353 4888 τὸ
403 4838 630 4907 σπέρμα
667 4834 776 4886 τῶν
826 4834 1092 4887 δικαίωνο
1151 4835 1244 4887 καὶ
1287 4835 1655 4904 Χριστοφορεῖ
1715 4835 1777 4885 τὸ

196 4928 427 4997 χρυσοῦν
453 4931 614 4998 γένος
646 4927 754 4979 τῶν
782 4926 1079 4998 μαρτύρων
1106 4943 1118 4956 ·
1153 4921 1224 4981 οὗ
1257 4927 1443 4979 πύλαι
1499 4926 1648 4993 ᾅδου
1701 4928 1774 4980 οὐ

194 5019 548 5090 κατίσχυσαν,
579 5018 702 5072 οὔτε
720 5021 1157 5088 κατισχύσειαν
1177 5036 1190 5047 ·
1219 5018 1341 5089 ὼςή
1367 5020 1660 5090 ὑπόσχεσις
1679 5021 1774 5072 τοῦ

197 5110 479 5179 ἀψευδοῦς.
513 5111 795 5179 Σκληρόν
815 5128 936 5175 σοι,
969 5112 1124 5181 φησὶ,
1145 5114 1295 5178 πρὸς
1325 5110 1539 5180 κέντρα
1562 5116 1773 5168 λακτί-

197 5196 454 5266 ἀινμιαὶ
483 5203 719 5266 ἀλλοίως
788 5205 888 5256 οὐκ
957 5202 1124 5255 ἐστιν.
1195 5201 1336 5270 Ἐγὼ
1395 5204 1494 5272 μὲν
1527 5205 1555 5255 ὁ
1605 5204 1774 5266 τάλας

199 5294 362 5348 ταῦτα
392 5295 726 5367 προσφωνῶ.
768 5297 840 5349 Σὺ
867 5296 943 5359 δέ,
974 5294 1016 5347 ὦ
1042 5297 1143 5347 παῖ
1197 5294 1330 5363 laps,
1384 5295 1646 5348 ἀντιδίδου
1681 5314 1773 5364 μοι

197 5385 291 5450 τὰς
312 5389 496 5459 εὐχάς.
539 5389 826 5442 Ἀσπασαι
860 5392 984 5452 τοὺς
1019 5387 1465 5458 συνομολογητὰς
1525 5407 1619 5441 σου
1655 5391 1773 5442 κατ’

199 5477 363 5549 ὄνομα
388 5484 481 5536 καὶ
514 5481 887 5553 συμμαθητάς
912 5499 925 5512 ·
967 5483 1062 5536 καὶ
1091 5481 1151 5533 οὐ
1190 5479 1352 5549 μόνον
1392 5481 1602 5546 τούσδε,
1656 5483 1772 5535 ἀλλ’

201 5570 248 5621 εἰ
281 5573 506 5642 φθάζεις
536 5577 632 5629 xai.
658 5576 786 5637 τοὺς
813 5575 1009 5639 ἄλλους
1049 5574 1296 5637 ἅπαντας
1322 5574 1446 5636 τοὺς
1481 5575 1772 5639 ἐκλεκτοὺς

203 5664 291 5717 τοῦ
326 5669 459 5722 Θεοῦ
484 5687 498 5702 ·
531 5670 658 5731 τοὺς
677 5668 1160 5740 ἐκλελογισμένους
1187 5668 1292 5721 ἀπο
1311 5667 1584 5738 μυριάδων
1610 5685 1622 5696 ·
1655 5671 1779 5731 τοὺς

273 5801 313 5829 ’⁵⁸
357 5802 510 5858 llom.
549 5821 623 5861 Ix.
654 5803 744 5856 2‘2.
823 5804 870 5834 θ’
896 5804 1084 5859 Matth.
1125 5820 1174 5868 ι’,
1209 5803 1289 5856 l0.

211 5867 292 5924 18.
360 5875 373 5904 ¹
406 5879 525 5930 Act.
555 5891 706 5943 nu,
736 5872 825 5926 24.

1368 5803 1410 5832 "‘
1449 5801 1587 5856 Paul.
1636 5819 1825 5869 \xxm,
1861 5804 1908 5859 3.

1849 569 2064 638 plexum
2097 571 2289 626 fuisse.
2324 569 2568 640 Utraque
2600 569 2766 640 igitur
2795 585 2863 624 ex
2890 584 3057 624 causa
3098 568 3438 625 distulimus.

1850 663 2159 722 llumilibus
2193 674 2375 720 tamen
2415 666 2576 720 nobis
2610 679 2942 720 concessum
2983 671 3090 727 est,
3126 673 3186 717 ut
3218 663 3446 718 auribus

1849 761 1960 815 tuis
1993 774 2096 814 vox
2135 771 2328 814 nostra
2366 761 2847 826 rursuminsonet,
2876 758 3197 830 signiﬁcans
3216 757 3313 813 tibi
3349 774 3449 814 nos

1849 865 2081 920 corpore
2117 850 2342 914 valere;
2370 850 2554 904 dicere
2583 858 2767 904 autem
2802 849 2987 916 liceat,
3022 849 3191 904 etiam
3225 848 3446 918 Spiritu,

1851 943 2060 999 sanctis
2085 944 2345 1014 precibus
2375 944 2577 1000 vestris
2611 960 2738 1000 eum
2763 945 2924 1000 beato
2951 959 3076 1001 meo
3106 943 3291 1015 Patre.

1924 1125 2004 1180 Ad
2042 1140 2107 1181 ea
2143 1143 2273 1182 vero
2303 1143 2429 1198 qua:
2479 1127 2760 1193 indicasti,
2795 1129 2927 1199 quid
2956 1127 3158 1195 dicam,
3200 1138 3293 1193 aut
3320 1130 3449 1200 quid

1851 1219 2078 1302 loquar,
2137 1219 2246 1273 nisi
2309 1219 2460 1289 quod
2513 1220 2789 1275 haereseos
2861 1219 3135 1275 atrocitati
3188 1231 3453 1291 congruat

1853 1312 2128 1368 acerbitas
2179 1312 2637 1381 persecutionis?
2682 1311 2824 1378 Quid
2880 1312 3025 1366 enim
3077 1313 3262 1366 videre
3294 1314 3452 1373 Veiis.

1853 1406 2071 1474 quando
2099 1403 2356 1460 Christus
2385 1416 2619 1475 negatur
2670 1420 2769 1475 per
2818 1415 3024 1459 sanctae
3051 1405 3309 1476 imaginis
3341 1423 3454 1462 sua:

1853 1497 2291 1552 contumeliam?
2347 1497 2545 1551 Annon
2596 1494 2875 1552 ﬂuentem
2919 1500 3270 1567 sanguinem,
3327 1516 3447 1556 car-

1857 1606 2062 1659 nesque
2087 1591 2389 1644 concisas?
2415 1606 2523 1644 non
2552 1589 2878 1645 alilictiones
2904 1599 2954 1644 et
2981 1592 3313 1661 angustias?
3346 1610 3450 1648 non

1856 1688 2075 1742 vincula
2123 1697 2180 1742 et
2228 1702 2502 1750 carceres,
2555 1696 2610 1741 et
2650 1687 2788 1742 alias
2822 1689 3006 1742 omnis
3042 1689 3259 1759 generis
3288 1705 3454 1744 vexa-

1859 1779 2082 1834 tiones?
2111 1795 2218 1833 non
2258 1797 2386 1834 rasa
2423 1781 2518 1834 ira:
2546 1791 2855 1848 iii-reparata
2902 1781 2958 1834 in
2995 1781 3264 1835 interitum
3292 1783 3360 1849 ’⁸,
3390 1801 3456 1838 ex

1862 1873 2068 1942 quibus
2115 1890 2259 1928 unus
2301 1884 2386 1928 est
2433 1890 2595 1943 quem
2639 1874 2868 1928 dixisti?
2897 1873 2961 1927 Et
3003 1874 3234 1936 videbis,
3269 1874 3453 1940 frater,

1862 1966 2029 2019 etiam
2068 1967 2344 2036 graviora,
2381 1968 2427 2021 si
2454 1967 2667 2023 diutius
2709 1968 2871 2022 duret
2895 1968 3141 2021 haeresis.
3184 1966 3289 2022 Sed
3319 1970 3455 2022 beati

1863 2061 1952 2129 qui
2013 2061 2298 2123 sustinent,
2331 2062 2584 2130 quoniam
2637 2064 2870 2130 ipsorum
2929 2070 3006 2114 est
3055 2077 3268 2130 regnum
3303 2061 3456 2113 c0310-

1866 2153 2068 2206 rum".
2127 2150 2248 2206 Jam
2307 2153 2464 2207 chori
2495 2153 2906 2218 confessorum,
2940 2164 3243 2223 martyrum
3272 2154 3456 2208 exsul-

1868 2255 2007 2314 tant,
2077 2248 2355 2311 laetantur,
2407 2246 2546 2301 alios
2578 2247 2799 2317 quidem
2847 2263 2946 2316 per
2978 2246 3273 2316 legitimam
3309 2261 3455 2301 mor-

1870 2346 1977 2389 tem
2027 2337 2416 2406 suscipientes,
2458 2339 2597 2392 alios
2633 2337 2986 2391 invisibiliter
3019 2336 3370 2392 consolantes
3401 2348 3457 2390 et.

1867 2429 2280 2485 confirmantes.
2346 2430 2414 2485 Et
2471 2429 2603 2500 quid
2658 2440 2928 2500 martyres
2981 2429 3150 2483 dico?
3208 2428 3460 2484 Christus

1869 2522 2008 2590 ipse,
2034 2537 2197 2592 quem
2246 2530 2520 2594 martyres
2572 2523 2930 2588 conﬁtentur,
2977 2522 3220 2592 gaudens
3267 2535 3320 2577 et
3352 2539 3462 2577 una

1868 2625 2088 2670 certans
2141 2615 2295 2670 adest
2350 2615 2646 2686 unicuique
2710 2617 3111 2671 conﬁtentium.
3157 2616 3270 2670 Nisi
3315 2616 3458 2672 enim

1871 2706 1944 2759 ita
1973 2721 2059 2760 res
2083 2714 2250 2769 esset,
2281 2707 2707 2776 haudquaquam
2731 2706 3038 2776 perferrent
3061 2707 3152 2776 qui
3177 2708 3461 2777 praesentia

1871 2809 2091 2854 strenue
2118 2800 2401 2870 perferunt
2430 2821 2443 2856 :
2480 2803 2911 2872 haudquaquam
2953 2803 3214 2856 mulieres
3243 2801 3454 2855 virilem

1870 2891 2114 2945 animum
2148 2908 2399 2961 gererent
2420 2893 2487 2948 ad
2518 2893 2831 2962 exemplum
2863 2893 3218 2961 antiquarum
3249 2900 3464 2947 sancta-

1872 2999 1992 3037 rum
2026 3002 2040 3038 :
2083 2986 2514 3057 haudquaquam
2574 2997 2627 3042 et
2665 2987 2792 3042 laici
2833 2998 2889 3042 et
2923 2996 3207 3042 senatores
3233 2987 3296 3041 ad
3332 3002 3460 3055 ago-

1872 3093 1967 3132 nes
1995 3079 2314 3147 prosilirent
2349 3097 2362 3133 :
2416 3080 2843 3151 haudquaquam
2878 3082 3073 3150 puellae
3111 3081 3243 3151 ipsa}
3271 3081 3463 3149 impio—

1870 3185 1990 3223 rum
2043 3170 2280 3224 marium
2334 3183 2616 3241 aspectum
2671 3181 3131 3227 contemnerent:
3182 3170 3460 3240 haudqua-

1869 3278 2031 3332 quam
2081 3265 2502 3319 ostenderentur
2533 3265 2733 3332 ubique
2765 3265 2995 3335 publica:
3031 3264 3327 3329 custodiae;
3364 3277 3463 3317 nec

1869 3353 2084 3408 refertae
2132 3363 2320 3408 essent
2377 3356 2705 3410 solitudines
2759 3367 2813 3411 et
2875 3365 3093 3411 montes
3141 3365 3195 3410 et
3227 3355 3374 3409 silvae
3409 3363 3464 3406 et

1870 3447 2146 3515 speluncae
2175 3446 2243 3501 iis
2273 3448 2364 3516 qui
2396 3459 2618 3517 propter
2641 3446 2932 3502 Dominum
2960 3449 3120 3516 ejecti
3155 3456 3282 3503 sunt
3315 3464 3328 3501 :
3354 3462 3462 3500 non

1870 3538 2127 3607 denique,
2157 3549 2217 3592 ut
2245 3540 2591 3604 concludam,
2614 3542 2868 3594 universa
2888 3550 3274 3595 concuteretur
3296 3551 3461 3594 terra.

1872 3631 2056 3695 Quare
2102 3632 2398 3686 manifesto
2429 3634 2662 3688 credunt
2699 3635 3138 3703 persecutionem
3167 3637 3279 3705 pati
3302 3634 3463 3690 Chri-

1876 3735 2023 3778 stum
2052 3744 2064 3792 ;
2102 3726 2549 3796 sperandumque
2581 3728 2751 3782 simul
2781 3739 2836 3783 et
2865 3730 3176 3784 audendum
3207 3749 3219 3784 :
3251 3741 3308 3784 ut
3336 3744 3466 3806 sup;

1874 3818 2037 3887 plicia
2069 3819 2276 3888 qumvis
2307 3820 2360 3872 in
2402 3819 2634 3874 veritate
2666 3821 2920 3888 credens,
2965 3837 3090 3876 cum
3126 3821 3366 3890 Christo,
3409 3831 3463 3875 ct

1873 3912 2165 3980 adiuvante
2227 3911 2472 3977 Christo,
2527 3913 2760 3984 quisque
2809 3916 3102 3969 sustineat.
3163 3914 3288 3969 [Lee
3336 3924 3466 3967 sunt

1875 4020 1997 4073 quae
2056 4021 2367 4059 narramus.
2427 4006 2666 4060 Audiant
2721 4009 2986 4062 mansueti
3043 4018 3092 4061 et
3132 4007 3461 4062 trarentur”.

1875 4097 2076 4150 Audiat
2122 4095 2316 4152 Oriens
2343 4107 2397 4151 et
2427 4096 2697 4153 Occidens
2721 4115 2782 4153 ea
2827 4116 2948 4170 qua:
2976 4101 3117 4169 apud
3145 4099 3466 4170 Byzantium

1879 4190 2036 4256 ﬁunt,
2085 4199 2138 4245 et
2193 4191 2410 4245 laudem
2474 4193 2640 4246 dicat.
2713 4191 2815 4246 Ubi
2860 4193 3154 4248 abundavit
3195 4193 3473 4258 delictum,

1877 4285 2331 4356 superabundavit
2355 4287 2617 4355 gratia“.
2661 4287 2762 4341 Hic
2783 4287 3028 4356 pugilum
3056 4298 3350 4351 certamen,
3382 4285 3468 4339 hic

1880 4381 2104 4451 sanguis
2129 4380 2248 4433 ﬂuit
2273 4381 2576 4434 Eeclesiam
2607 4380 2812 4434 Christi
2838 4381 3026 4448 rigans
3054 4381 3275 4435 uberius
3304 4394 3465 4448 quam

1883 4473 2174 4541 paradisus
2207 4472 2376 4526 Edem
2413 4472 2768 4541 irrigabatur.
2871 4471 2993 4524 Vivo
3021 4489 3136 4539 ego,
3193 4471 3323 4524 dicit
3360 4469 3465 4521 [)0-

3245 4577 3264 4615 :
3305 4570 3353 4614 et
3379 4560 3468 4630 qui

1882 4673 1962 4710 me
2017 4657 2236 4723 spernit,
2265 4656 2367 4708 erit
2416 4656 2679 4724 inglorius
2699 4654 2767 4709 ⁸⁸.
2822 4654 3083 4709 Describe
3112 4665 3165 4709 et
3197 4663 3276 4719 tu,
3314 4655 3468 4722 quis-

1884 4747 2009 4814 quis
2063 4761 2122 4800 es
2155 4747 2333 4798 zelum
2370 4744 2586 4799 Domini
2637 4746 2868 4810 habens,
2920 4760 3082 4808 nova,
3141 4759 3239 4798 seu
3286 4742 3467 4812 potius

1885 4837 2072 4892 divina
2105 4837 2366 4908 martyria
2399 4854 2411 4889 :
2452 4848 2510 4890 ut
2544 4838 2724 4891 sciant
2752 4837 2980 4908 posteri,
3005 4838 3134 4910 quia
3169 4836 3313 4890 Deus
3341 4850 3469 4888 vere

1883 4929 1938 4981 in
1966 4928 2125 4983 nobis
2153 4941 2258 4993 est,
2294 4927 2537 4996 vivitque
2567 4943 2753 4981 semen
2773 4932 3070 4996 iustorum,
3103 4936 3157 4981 et
3188 4926 3467 4982 Christum

1881 5022 2018 5090 gerit
2050 5036 2280 5075 aureum
2313 5036 2486 5093 genus
2519 5030 2841 5092 martyrum,
2886 5020 3148 5074 adversus
3173 5018 3313 5088 quod
3340 5035 3467 5086 por-

1885 5125 1952 5166 ta:
2009 5114 2168 5182 inferi
2215 5129 2318 5167 non
2375 5113 2873 5182 praevaluerunt”:
2929 5127 3028 5165 nec
3085 5111 3468 5180 praevalebunt,

1880 5207 2342 5275 quemadmodum
2389 5207 2641 5276 promisit
2666 5207 2759 5276 qui
2795 5221 2958 5258 verax
2988 5213 3092 5257 est.
3125 5203 3331 5257 Durum
3362 5213 3467 5267 est,

1880 5299 2080 5365 inquit,
2117 5298 2212 5352 tibi
2263 5309 2451 5351 contra
2499 5298 2774 5351 stimulant
2829 5296 3182 5358 calcitrare‘,
3212 5304 3267 5349 ct
3313 5295 3472 5348 aliter

1882 5406 2006 5445 esse
2033 5392 2244 5459 nequit.
2291 5390 2400 5460 Ego
2426 5391 2647 5459 quidem
2680 5389 2864 5444 infelix
2905 5389 3018 5442 haec
3045 5388 3190 5443 dico.
3218 5388 3300 5444 Tu
3319 5405 3468 5450 vero,

1887 5495 2044 5533 sacer
2112 5481 2205 5540 lili,
2261 5482 2493 5550 repende
2548 5481 2681 5534 mihi
2734 5490 2855 5533 tuas
2895 5494 3108 5549 preces.
3142 5481 3331 5534 Saluta
3367 5497 3469 5534 nu-

1887 5573 2137 5627 minatim
2191 5574 2536 5627 confcssores
2579 5575 2671 5641 qui
2715 5584 2891 5626 tecum
2939 5579 3088 5636 sunt,
3120 5583 3173 5628 et
3201 5572 3472 5627 condisci-

1894 5667 2092 5740 pulos;
2155 5682 2329 5735 neque
2371 5667 2466 5718 hos
2519 5674 2750 5730 tantum,
2789 5664 2882 5719 sed
2917 5665 2961 5719 si
3001 5667 3206 5736 possis,
3252 5678 3305 5721 et
3335 5667 3468 5720 alios

1992 5804 2028 5834 ³⁷
2072 5801 2230 5855 Hom.
2274 5816 2317 5860 γ,
2347 5797 2431 5852 ‘20.
2512 5794 2606 5850 e"‘l
2650 5796 2778 5866 lleg.
2809 5812 2868 5866 ιι,
2903 5798 2968 5851 50
3069 5798 3322 5853 ‘~‘".\Ialth.
3362 5813 3468 5853 xm
