3990 6318
542 333 682 402 1303

1744 347 1803 406 S.
1847 347 2245 410 THEODORI
2287 348 2671 423 STUDIT/E‘

3727 363 3866 428 130!

532 468 729 508 omnes
790 452 996 511 electos
1054 455 1169 522 Dei,
1227 456 1431 513 electos
1482 472 1548 512 ex
1608 458 1873 527 millibus,
1930 461 2133 516 lumina

2248 466 2305 517 ἐν
2338 465 2531 535 κόσμῳ
2561 468 2881 539 φωστῆρας,
2907 470 2977 525 τὰ
3010 471 3185 544 σκεύη
3210 473 3303 529 τοῦ
3329 473 3543 540 ἐλέους,
3564 479 3704 542 τοὺς
3730 498 3861 551 χρη-

530 548 749 610 mundi.
802 564 933 605 vasa
968 549 1384 616 misericordiae,
1422 551 1531 606 Deo
1572 552 1757 618 utiles,
1789 553 2142 611 desideratus

531 640 834 699 Trinitati:
882 661 1121 715 quorum
1182 646 1438 714 precibus
1485 645 1765 700 salvemur
1803 657 1858 701 et
1916 663 2018 702 nos
2059 648 2145 703 in-

530 734 704 807 digni.
758 736 838 794 Te
877 755 1002 793 cum
1084 738 1343 794 oumibus
1390 738 1593 794 salutat
1650 740 1743 811 qui
1783 757 1996 798 mecum
2036 751 2143 800 est.

894 851 1110 908 LXXII.
1142 885 1213 897 -
1242 852 1473 909 Nicolao
1498 854 1615 925 [ilio
1639 858 1726 925 (').

2249 558 2443 628 σίμους
2480 559 2621 632 θεῷ,
2655 564 2782 626 τοὺς
2811 566 3039 634 ὲφετοὺς
3090 570 3159 639 τῇ
3218 570 3413 642 Τριάδι
3440 587 3455 602 ·
3520 565 3601 625 ὧν
3664 574 3865 643 εὐχαῖς

2247 652 2555 724 σωθείημεν
2578 655 2673 708 καὶ
2706 656 2868 727 ἡμεῖς
2901 660 2951 712 οἱ
2973 659 3209 729 ἀνάξιοι.
3244 665 3315 718 Σὲ
3356 668 3457 720 σῦν
3498 669 3639 722 πᾶσι
3678 671 3778 722 καὶ
3836 670 3865 721 ό

2247 745 2348 798 σὺν
2375 746 2501 817 ἐμοὶ
2532 747 2864 812 ἀσπάζεται.

2568 866 2687 920 οΠ’.
2709 897 2775 907 -
2793 868 3074 938 Νικολάῳ
3093 871 3303 940 τέκνῳ.
3327 872 3382 947 [υ
3392 875 3519 949 πε¹.]

532 990 610 1040 De
647 991 832 1040 sanctis
864 990 2220 1080 iinagip'ibushguatuti.gener-arargumeptorumipro
2235 1002 2480 1080 catholica
2528 1005 2591 1053 de
2635 1001 2936 1080 imaginlbus
2962 1008 3224 1080 doctrina:
3250 1012 3433 1080 Natura
3460 1017 3699 1080 corporis
3727 1034 3741 1068 :
3766 1020 3861 1070 lli-

915 1056 1070 1102 storia
1099 1070 1109 1103 :
1144 1056 1324 1106 Patres
1352 1071 1363 1104 :
1393 1058 1601 1117 Synodi.
1641 1056 1845 1107 Fruitra
1868 1056 2182 1110 adversaries
2204 1074 2498 1127 argumenta
2525 1056 2815 1118 eorumd'ém
2864 1056 3450 1132 gene'ruih‘ﬁbiéu'déié.

599 1155 1056 1228 Quandoquidem
1091 1177 1259 1219 nosse
1311 1180 1467 1225 aves,
1525 1163 1752 1220 Nicolae
1788 1165 1981 1230 frater,
2013 1168 2141 1238 qui-

528 1249 633 1305 bus
673 1261 913 1320 quatuor
957 1258 1297 1325 argumentis
1326 1257 1474 1312 circa
1515 1257 1884 1314 venerandam
1926 1260 2137 1315 Christi

531 1344 824 1414 imaginem
859 1347 1061 1402 veritas
1092 1350 1453 1405 contirmetur
1486 1370 1499 1406 :
1532 1353 1614 1407 sic
1640 1353 1860 1418 habeto,
1903 1355 2133 1426 physico

528 1437 804 1505 dogmate,
862 1447 1045 1493 vetere
1096 1440 1352 1508 historia,
1400 1452 1723 1501 sanctorum
1756 1446 2006 1512 vocibus,
2039 1462 2133 1518 sy-

528 1529 724 1583 nodica
758 1531 1179 1588 acclamatione.

2328 1172 2551 1245 Ἐπειδὴ
2612 1176 3002 1244 φιλοπευστεῖς
3046 1182 3265 1252 μαθεῖν,
3323 1183 3519 1253 ἀδελφέ
3578 1187 3857 1243 Νικόλαε,

2243 1265 2353 1320 ἀπ’)
2382 1268 2551 1321 ποίων
2586 1271 2877 1342 τεσσάρων
2900 1273 3214 1327 ὑποθέσεων
3244 1277 3277 1346 ἡ
3312 1280 3444 1349 περὶ
3496 1283 3600 1350 τὴν
3637 1283 3860 1351 σεπτὴν

2242 1362 2425 1414 είκόνα
2457 1362 2699 1433 Χριστοῦ
2757 1365 2991 1436 ἀλήθεια
3048 1369 3421 1440 κρατύνεται·
3480 1374 3689 1438 ίστέον,
3744 1378 3860 1431 ἀπὺ

2240 1456 2476 1524 φυσικοῦ
2498 1456 2772 1528 δόγματος
2795 1474 2810 1489 ⁸
2845 1461 2955 1515 ἀπὸ
2982 1462 3218 1533 ἀρχαίας
3244 1466 3490 1536 ἱστορίας
3520 1484 3536 1498 ·
3569 1470 3687 1524 ἀπὸ
3736 1491 3857 1542 φωρ

2238 1547 2345 1599 νῶν
2382 1549 2557 1617 ἁγίων
2578 1567 2591 1579 ³
2624 1550 2735 1604 ἀπὸ
2766 1554 3059 1625 συνοδικῆς
3094 1558 3458 1629 ὲκφωνήσεως

599 1622 889 1689 Quomodo
946 1624 1176 1695 physico
1219 1624 1520 1697 dogmate?
1557 1627 1831 1696 Quoniam
1883 1640 1997 1687 tunc
2038 1647 2132 1686 na-

2309 1640 2434 1702 Πῶς
2467 1642 2576 1696 ἀπὸ
2603 1644 2838 1713 φυσικοῦ
2908 1622 3223 1718 δόγματοςς
3285 1622 3613 1725 "Cudb-:1;
3680 1656 3858 1725 φύσις

528 1722 652 1768 tura
694 1726 778 1770 est
824 1716 1080 1785 corporis
1110 1725 1172 1771 ut
1204 1725 1416 1773 tactum
1458 1729 1514 1774 et
1544 1722 1786 1776 colorem
1816 1721 2075 1775 admittat
2116 1740 2131 1776 :

528 1805 675 1874 quod
733 1821 862 1860 vero
924 1815 1132 1861 tactum
1182 1818 1237 1863 et
1274 1811 1517 1865 colorem
1548 1811 1809 1877 admittit,
1846 1812 1990 1867 idem
2023 1814 2135 1867 cir-

526 1896 853 1961 cumseribi,
894 1895 998 1951 hoc
1028 1906 1131 1963 est,
1163 1898 1215 1951 in
1257 1900 1432 1971 elligie
1460 1901 1724 1957 delineari
1754 1912 1957 1973 potest.
2004 1904 2138 1960 Tale

526 2000 709 2045 autem
764 2005 966 2061 corpus
1016 2001 1100 2047 est
1149 1993 1376 2058 Christi,
1431 1997 1891 2065 quemadmodum
1942 2007 1996 2051 et
2034 2015 2135 2051 no-

526 2093 729 2147 strum,
784 2085 1180 2140 contrectabile
1225 2100 1279 2141 et
1336 2088 1668 2143 coloratum.
1714 2090 1794 2145 Ac
1830 2105 1962 2145 sane
2002 2090 2139 2145 seri-

526 2187 680 2247 ptum
713 2185 797 2232 est
831 2195 843 2232 :
887 2178 957 2232 Et
990 2180 1291 2250 quicunque
1317 2181 1605 2251 tetigerunt
1645 2197 1796 2248 eum,
1839 2183 1976 2237 salvi
2003 2184 2137 2253 facti

525 2272 713 2325 sunt”.
769 2269 834 2324 Et
865 2270 997 2325 alibi
1039 2289 1053 2325 :
1089 2270 1160 2324 Et
1216 2273 1367 2341 facta
1420 2283 1497 2327 est
1555 2274 1755 2342 species
1798 2276 1977 2329 vultus
2018 2276 2133 2345 ejus

526 2363 757 2419 aitera’.
811 2363 1002 2434 Itaque
1032 2364 1354 2436 depingitur
1391 2368 1694 2421 secundum
1743 2369 1992 2438 corporis
2022 2368 2135 2423 for-

525 2472 672 2510 mam
707 2474 720 2511 :
772 2457 938 2512 ilhesa
973 2456 1192 2512 interim
1225 2458 1440 2513 ratione
1482 2458 1975 2531 incircumscripti,
2010 2477 2136 2532 quae

524 2546 771 2615 ejusdem
801 2546 1074 2601 divinitati
1099 2548 1359 2617 competit
1396 2565 1410 2602 :
1464 2549 1914 2620 quandoquidem
1951 2536 2135 2621 neque

524 2652 664 2705 ego,
720 2636 847 2691 licet
897 2650 1130 2706 corpore
1186 2636 1672 2707 circumscriptus,
1722 2638 2039 2691 necessario
2080 2648 2136 2691 et

527 2729 833 2783 secundum
888 2729 1159 2792 animum,
1215 2729 1313 2799 qui
1367 2730 1520 2785 cerui
1562 2729 1739 2785 oculis
1776 2731 1986 2800 nequit.
2018 2731 2130 2784 cir-

528 2820 904 2890 cumscriptus
950 2836 1074 2876 sum
1120 2839 1137 2876 :
1186 2837 1404 2892 neque,
1462 2823 1729 2892 quoniam
1777 2837 1979 2889 corpus
2013 2822 2137 2892 qui-

525 2915 649 2970 dem
685 2929 869 2968 tneum
894 2914 1379 2985 circumscriptum
1424 2927 1511 2971 est
1536 2954 1552 2977 .
1584 2915 1804 2969 animus
1843 2923 2024 2968 autem
2055 2914 2133 2966 in-

526 3011 1028 3080 circumscriptus:
1087 3025 1235 3065 unus
1292 3009 1349 3064 in
1416 3009 1556 3065 duos
1606 3010 1821 3065 divisus
1874 3017 1977 3063 est.
2040 3004 2133 3061 Sic

2248 3031 2296 3082 τὸ
2326 3032 2753 3097 ὲξεικονίζεσθαι
2787 3037 2955 3090 αὑτὸν

527 3104 704 3158 multo
737 3104 912 3174 magis
942 3118 1044 3157 nec
1067 3101 1324 3157 Christus
1358 3102 1707 3171 partitionem
1734 3102 2133 3156 divisionemve

537 3203 769 3274 patitur,
799 3217 866 3257 eo
899 3201 1045 3272 quod
1080 3200 1355 3271 corporali
1387 3198 1562 3255 forma
1592 3199 1927 3271 depingitur.

596 3295 885 3362 Quomodo
921 3294 992 3349 ab
1029 3293 1259 3349 historia
1291 3293 1518 3348 vetere?
1544 3292 1819 3358 Quoniam
1852 3292 2145 3347 universus

2242 1732 2496 1802 σώματος
2545 1736 2659 1808 ἁφῇ
2698 1737 2793 1791 καὶ
2838 1740 3001 1811 χροιᾷ
3029 1741 3364 1797 ὑποπίπτει·
3399 1746 3462 1799 τὸ
3494 1745 3542 1800 δ’
3573 1748 3695 1821 ἁφῇ
3754 1753 3856 1806 καὶ

2240 1828 2401 1898 χροιᾷ
2429 1828 2762 1898 ὑποπίπτον,
2797 1837 3183 1904 περιγραπτόν
3211 1853 3227 1867 ·
3275 1838 3446 1909 ἤγουν
3503 1840 3856 1909 ἐξεικονιζόο

2243 1936 2425 1988 μενον.
2461 1920 2719 1976 Τοιοῦτον
2749 1923 2807 1977 δὲ
2834 1926 2896 1978 τὸ
2921 1926 3085 1999 σῶμα
3118 1928 3213 1982 τοῦ
3246 1931 3513 2003 Χριστοῦ,
3578 1937 3855 2010 καθάπερ

2240 2014 2337 2067 καὶ
2366 2014 2427 2067 τό
2456 2014 2751 2087 ἡμέτερον,
2784 2018 2960 2072 ἁπτὸν
3025 2022 3118 2075 καὶ
3160 2022 3471 2109 ὑῖιόχροιον.
3542 2028 3661 2081 Καὶ
3712 2032 3856 2099 γοῦν

2238 2105 2572 2178 γέγραπται·
2602 2108 2712 2164 Καὶ
2743 2108 2879 2165 ὅσοι
2910 2112 2988 2165 ἂν
3015 2105 3280 2181 iitum/to
3306 2117 3853 2185 αὑτοῦ,ὲσὼζόντο.

2242 2198 2351 2250 Καὶ
2381 2197 2609 2269 ἑτέρωθι
2633 2200 2775 2255 ’Καὶ
2800 2201 3041 2272 ἐγένετο
3074 2204 3141 2258 τὸ
3174 2203 3337 2273 εἶδος
3365 2210 3474 2264 τοῦ
3502 2216 3854 2279 προσώπου

2238 2290 2429 2345 αὑτοῦ
2450 2291 2679 2358 ἕτερον.
2742 2294 2957 2349 Οὐκοῦν
3018 2298 3359 2369 ἐγγράφεται
3408 2304 3553 2356 κατά
3616 2306 3717 2359 τὸν
3749 2308 3854 2362 τοῦ

2242 2380 2496 2451 σώματος
2525 2385 2856 2457 χαρακτῆρα
2882 2403 2897 2419 ·
2929 2388 3101 2460 μηδὲν
3138 2394 3428 2457 πεπονθὼς
3461 2398 3544 2459 είς
3573 2398 3636 2450 τὸ
3706 2400 3854 2454 ἀττε-

2241 2474 2546 2545 ρίγραπτον
2578 2476 2747 2529 αὑτοῦ
2788 2479 2889 2548 τῆς
2931 2480 3191 2551 θεότητος
3220 2501 3233 2513 ·
3258 2484 3342 2537 ὅτι
3382 2487 3522 2556 μηδὲ
3562 2488 3681 2555 ἐγὼ
3733 2492 3855 2544 σώ-

2243 2585 2375 2637 ματι
2409 2571 2921 2641 περιγραφόμενος,
2974 2572 3034 2641 ἐξ
3086 2575 3336 2646 ἀνάγκης
3401 2580 3497 2632 καὶ
3551 2582 3705 2635 κατὰ
3743 2585 3854 2655 τὴν

2239 2660 2469 2713 ἀθέατον
2553 2661 2732 2733 ψυχὴν
2795 2668 3407 2740 συμπεριγέγραμμαι·
3472 2672 3613 2739 οὐδὲ,
3648 2677 3854 2751 ἐπειδὴ

2238 2754 2300 2805 τὸ
2358 2754 2459 2824 μὲν
2537 2755 2699 2826 σῶμά
2803 2775 2906 2828 μου
2976 2763 3357 2834 περιγραπτδν
3390 2804 3407 2832 ,
3456 2767 3490 2836 ἡ
3575 2768 3631 2820 δὲ
3694 2769 3853 2842 ψυχὴ

2238 2847 2677 2916 ἀπερίγραπτος·
2714 2850 2741 2902 6
2773 2845 2853 2915 εἷς
2916 2853 2998 2916 εἰς
3041 2853 3135 2907 δύο
3159 2855 3451 2927 τέτμηται.
3473 2856 3634 2913 Οῦτω
3659 2862 3855 2935 πολλῷ

2244 2938 2446 3006 μᾶλλον
2476 2940 2600 2992 οὑδὲ
2632 2941 2869 3012 Χριστὸς
2893 2945 3123 3017 τομὴνῆ
3146 2947 3413 3019 διαίρεσιν
3430 2950 3735 3019 ὑφίσταται
3759 2955 3855 3010 διὰ

3011 3040 3314 3112 σωματικῷ
3368 3048 3713 3117 χαρακτῆρι.

2321 3302 2444 3366 Πῶς
2470 3304 2576 3357 ἀπὸ
2611 3305 2848 3377 ἀρχαίας
2878 3308 3160 3378 ίστορίαςς
3199 3311 3323 3363 ’Ὁτι
3383 3314 3415 3383 ἡ
3468 3314 3563 3367 ὑπ’
3606 3317 3851 3388 οὐρανὸν

525 3388 675 3448 orbis
718 3388 788 3442 ab
832 3387 955 3459 ipso
998 3387 1205 3443 Christi
1247 3402 1483 3442 ascensu
1528 3387 1899 3444 venerandam
1962 3387 2133 3457 ipsius

2248 3392 2340 3445 ἀπ’
2365 3392 2539 3464 αὑτῆς
2564 3395 2893 3466 ἀναλήψεως
2924 3398 3189 3467 Χριστοῦ,
3244 3400 3345 3471 τὴν
3403 3404 3614 3475 σεπτὴν
3667 3387 3846 3465 αὑτοῦ

528 3481 823 3552 imaginem
856 3482 910 3535 in
942 3481 1117 3537 sacris
1148 3480 1367 3551 templis
1408 3481 1685 3551 depictam
1739 3482 1983 3536 exhibet.
2022 3477 2133 3545 Quo

2248 3485 2431 3539 εἰκόνα
2465 3486 2524 3538 ὲν
2549 3489 2663 3551 τοῖς
2690 3489 2860 3558 ἱεροῖς
2890 3493 3043 3554 ναοῖς
3101 3492 3571 3565 ἑγγεγραμμένην
3617 3498 3852 3555 ὑποδεί-

529 3575 654 3642 quid
687 3589 809 3629 esse
828 3574 1004 3643 possit
1046 3574 1113 3629 ad
1144 3574 1627 3629 demonstrandam
1685 3574 1966 3629 veritatem
2016 3573 2133 3626 illu-

2248 3595 2451 3635 κνυσιν.
2481 3574 2555 3635 Οὑ
2583 3581 2637 3634 τί
2661 3582 2728 3635 ἂν
2761 3584 2972 3652 γένοιτο
2986 3586 3068 3648 είς
3093 3586 3369 3653 ἀπόδειξιν
3391 3587 3654 3659 ἀληθείας
3677 3594 3851 3666 ἐναρ.

531 3666 741 3720 Strius?
781 3665 1053 3735 siquidem
1080 3674 1164 3720 est
1182 3680 1269 3719 res
1288 3665 1403 3736 ipsa
1425 3665 1595 3721 multo
1629 3682 1794 3736 quam
1822 3668 2001 3721 oratio
2021 3681 2133 3720 cer-

2248 3671 2542 3742 γέστερον;
2579 3672 2742 3746 εἴπερ
2768 3675 2930 3746 ἔργον
2954 3676 3115 3746 λόγου
3153 3676 3537 3751 βεὸαιότερον,
3583 3686 3681 3739 καὶ
3738 3665 3847 3758 ὀφε-

531 3759 635 3810 tior
662 3799 678 3825 ,
718 3757 1154 3828 locupletiorque
1182 3758 1337 3814 testis
1356 3758 1506 3812 visus
1538 3769 1625 3813 est
1663 3774 1829 3828 quam
1894 3760 2136 3817 auditus.

602 3848 891 3915 Quomodo
923 3866 953 3907 a
981 3860 1302 3905 sanctorum
1330 3851 1598 3906 vocibus?
1627 3849 1901 3917 Quoniam
1929 3852 2134 3907 alicubi

530 3955 661 3997 sane
694 3941 1017 4012 coryphaeus
1052 3941 1431 4011 apostolorum
1478 3939 1679 3996 Petrus
1711 3941 1788 3995 ait
1820 3961 1834 3997 :
1878 3961 1896 3995 ‹
1946 3941 2137 3996 Profer

532 4033 829 4103 imaginem
868 4034 1086 4088 Domini
1127 4035 1303 4089 nostri
1343 4032 1474 4089 Jesu
1516 4034 1750 4099 Christi,
1791 4044 1848 4088 et
1879 4034 2131 4088 eamdem

534 4124 778 4195 insculpe
840 4126 893 4179 in
946 4126 1208 4181 turricula
1236 4143 1251 4180 :
1284 4134 1343 4179 ut
1388 4125 1695 4197 intelligant
1728 4126 1915 4196 populi
1947 4142 2119 4196 quam

528 4214 628 4271 Dei
658 4215 830 4271 Filius
882 4216 1121 4271 formam
1180 4218 1605 4287 assumpserit‘.
1651 4237 1669 4269 ι
1743 4218 1959 4272 Alicnbi
1995 4233 2127 4273 vero

530 4325 765 4381 magnus
822 4310 1061 4366 Basilius
1100 4311 1275 4364 dicit:
1326 4328 1346 4362 ‹
1386 4309 1726 4381 Depingatur
1778 4312 1831 4365 in
1866 4311 2049 4365 tabula
2081 4321 2135 4365 et

531 4401 901 4455 certaminum
950 4416 1155 4471 prteses
1186 4401 1500 4457 Christus“.
1540 4421 1559 4454 ι
1612 4403 1825 4470 Quibus
1882 4403 2133 4457 videlicet

530 4509 721 4549 omnes
774 4494 950 4548 sancti
988 4493 1365 4548 consentiunt.

601 4584 893 4653 Quomodo
937 4600 970 4640 a
1027 4585 1283 4657 synodica
1351 4585 1789 4642 acclamatione?
1858 4587 2127 4655 Quoniam

530 4692 653 4749 quae
674 4687 800 4747 post
829 4687 1039 4733 sextam
1066 4678 1463 4733 (ecumetiicam
1508 4681 1774 4750 synodum
1805 4689 2130 4750 congregata

530 4780 634 4834 est,
670 4770 785 4825 haec
824 4771 987 4825 habet
1018 4786 1034 4825 :
1073 4790 1091 4820 ‹
1128 4768 1392 4827 Jubemus
1410 4771 1692 4842 deinceps,
1727 4772 1847 4825 loco
1876 4772 2000 4840 agni
2037 4788 2130 4827 ve-

534 4866 685 4927 teris,
741 4863 877 4933 erigi
934 4863 1230 4934 imaginem
1277 4863 1495 4919 Domini
1520 4880 1586 4919 ae
1621 4865 1930 4919 Servatoris
1956 4864 2131 4920 nostri

530 4956 657 5011 Jesu
694 4955 960 5012 Christi“.

639 5048 699 5104 Si
732 5065 859 5105 vero
906 5049 1149 5104 dixerint
1178 5059 1234 5106 et
1271 5049 1638 5116 lconomachi,
1674 5050 1866 5106 iisdem
1892 5062 2132 5121 quatuor

532 5141 864 5209 argumentis
888 5155 1049 5196 suum
1097 5141 1340 5209 ipsorum
1390 5140 1587 5210 dogma
1645 5141 1906 5208 stabiliri;
1945 5151 2131 5197 osten-

533 5234 683 5298 dant,
747 5233 984 5302 exempli
1073 5234 1268 5303 gratia,
1322 5232 1376 5286 in
1440 5233 1621 5302 primo
1674 5250 1859 5288 causa:
1900 5234 2077 5304 capite
2111 5276 2126 5300 ,

534 5325 993 5393 quemadmodum
1029 5326 1078 5378 id
1114 5341 1302 5379 verum
1353 5326 1444 5381 sit.
1506 5328 1589 5380 Au
1640 5343 1843 5396 corpus
1893 5330 2001 5383 tale
2034 5329 2125 5383 di-

534 5426 667 5471 cunt
696 5420 852 5486 quale
894 5420 1099 5474 veritas
1128 5419 1395 5484 exhibuit,
1452 5421 1678 5475 annon?
1719 5421 1773 5473 Si
1835 5423 2115 5476 enimvero

534 5508 675 5573 tale;
711 5511 790 5563 vel
819 5510 973 5564 inviti
1003 5508 1412 5564 conﬁtebuntur
1438 5511 1655 5581 depingi
1704 5510 2006 5566 Christum.
2054 5512 2112 5567 Si

605 5691 625 5719 ²
649 5686 842 5740 Matth.
874 5704 986 5751 xw,
1017 5689 1109 5742 36.

532 5781 557 5817 τ
578 5764 730 5816 ()mt.
760 5766 811 5809 tu
847 5758 903 5811 S.
930 5758 1205 5817 Burlaam.

645 5855 709 5923 (‘)
740 5852 1082 5922 Dogmatiea.

1209 5689 1229 5720 ³
1270 5686 1403 5743 an.
1465 5705 1542 5753 tx,
1594 5689 1685 5743 99.

1285 5763 1303 5793 ε
1346 5762 1548 5833 Synod.
1582 5758 1754 5814 'l‘rull.
1778 5775 1896 5814 can.
1925 5759 2012 5813 8:2.

2241 3766 2447 3836 θαλμὸς
2478 3768 2690 3839 μάρτυς
2714 3770 2884 3841 ἀκοῆς
2912 3770 3387 3843 ἀξιοπιστότερος.

2316 3861 2438 3925 Πῶς
2471 3862 2579 3915 ἀπὸ
2609 3863 2804 3932 φωνῶν
2828 3864 2999 3932 ἁγίων
3024 3865 3187 3931 ;”Οτι
3213 3865 3317 3920 ποῦ
3350 3867 3452 3937 μὲν
3476 3867 3506 3920 ό
3531 3875 3849 3941 κορυφαῖος

2237 3952 2347 4005 τῶν
2388 3953 2706 4007 ἀποστόλων
2767 3954 2977 4023 Πέτρος
3028 3953 3218 4023 λέγει·
3285 3975 3305 4009 ι
3352 3955 3680 4026 Ἐξένεγκον
3739 3963 3847 4028 τὴν

2237 4046 2426 4099 εἰκόνα
2458 4045 2553 4098 τοῦ
2585 4047 2793 4119 Κυρίου
2829 4046 2987 4119 ήμῶν
3031 4046 3206 4116 Ἰησοῦ
3238 4048 3499 4119 Χριστοῦ,
3542 4053 3640 4104 καὶ⁵
3684 4055 3847 4108 ἐντύ-

2236 4152 2423 4190 πωσον
2447 4137 2620 4207 αὑτὴν
2656 4138 2715 4189 ὲν
2736 4136 2814 4207 τῷ
2872 4138 3172 4210 πυργίσκῳ
3195 4154 3210 4169 ·
3244 4140 3333 4192 ἵνα
3365 4139 3549 4193 ἴδωσιν
3604 4143 3656 4195 oi
3718 4144 3845 4199 λαοὶ

2237 4227 2356 4279 οἷαν
2389 4227 2606 4297 μορφὴν
2632 4228 2894 4281 ἀνέλαϐεν
2923 4232 2951 4282 6
2976 4229 3104 4294 Υἱὸς
3130 4229 3225 4283 τοῦ
3261 4230 3423 4284 Θεοῦ·
3460 4250 3483 4283 ι
3532 4232 3641 4286 ποῦ
3700 4236 3761 4289 δὲ
3810 4239 3843 4290 ὁ

2240 4320 2414 4388 μέγας
2450 4317 2731 4381 Βασίλειος
2756 4320 2955 4387 φάσκει
2989 4335 3003 4350 ·
3034 4340 3054 4372 ι
3103 4321 3501 4392 Ἐγγραφέσθω
3529 4322 3610 4394 τῷ
3638 4326 3841 4381 πίνακι

2236 4410 2331 4462 καὶ
2361 4411 2390 4462 ό
2416 4408 2527 4461 τῶν
2558 4409 2959 4479 παλαισμάτων
2984 4410 3335 4481 ἀγωνοθέτης
3360 4410 3621 4479 Χριστός.
3662 4432 3684 4465 ι
3740 4412 3842 4480 Οἷς

2238 4500 2704 4570 συνομοφρονοῦσι
2724 4501 2923 4573 δηλαδὴ
2939 4503 3138 4567 πάντες
3164 4503 3214 4555 οἱ
3236 4501 3405 4571 ἅγιοι.
3528 4502 3531 4503 ⁷

2311 4592 2431 4656 Πῶς
2460 4592 2570 4646 ἀπὸ
2603 4593 2887 4663 συνοδικῆ;
2919 4594 3282 4664 ὲκφωνήσεως
3304 4610 3319 4659 ;
3339 4594 3463 4648 Ὅτι
3492 4597 3526 4666 ή
3561 4598 3711 4667 μετὰ
3737 4599 3843 4670 τὴν

2235 4684 2405 4755 ἕκτην
2446 4684 2836 4756 οἰκουμενικὴν
2903 4685 3123 4740 σύνοδον
3170 4686 3654 4757 συναθροισθεῖσα,
3706 4692 3838 4745 τάδε

2236 4778 2429 4849 φησίν·
2473 4796 2491 4827 ι
2539 4778 2828 4850 ὐρίζομεν
2849 4779 3025 4832 τοίνυν
3052 4779 3162 4832 ἀπὸ
3184 4778 3276 4832 τοῦ
3304 4780 3422 4843 νῦν,
3449 4782 3575 4834 ἀντὶ
3604 4784 3703 4837 τοῦ
3729 4803 3839 4838 πα-

2234 4868 2388 4923 λαιοῦ
2414 4869 2613 4941 ἀμνοῦ,
2647 4870 3088 4943 ἀναστηλοῦσθαι
3116 4870 3215 4942 τὴν
3274 4872 3464 4926 είκόνα
3488 4873 3587 4927 τοῦ
3617 4877 3834 4947 Κυρίου

2236 4961 2330 5016 καὶ
2383 4961 2640 5033 Σωτῆρος
2672 4961 2833 5033 ἡμῶν
2871 4959 3047 5033 Ἰησοῦ
3077 4960 3341 5032 Χριστοῦ.

2307 5050 2371 5105 Ei
2400 5052 2457 5105 δὲ
2488 5051 2702 5122 λέγοιεν
2725 5055 2822 5108 καὶ
2858 5055 2906 5107 οἱ
2931 5054 3292 5125 Εἱκονομάχοι
3331 5054 3451 5116 ταῖς
3476 5053 3677 5117 αὑταῖς
3704 5058 3835 5110 τέσ-

2236 5161 2429 5214 σαρσιν
2460 5144 2755 5199 ὑποθέσεσι
2796 5147 2857 5199 τὸ
2902 5146 3112 5200 ἑαυτῶν
3151 5145 3444 5216 κρατύνειν
3474 5146 3678 5219 δόγμα·
3719 5149 3838 5202 δει-

2234 5236 2482 5301 ξάτωσαν
2502 5231 2614 5290 οἷον
2644 5238 2739 5291 ἐπὶ
2761 5238 2856 5291 τοῦ
2888 5237 3107 5309 πρώτου
3129 5236 3447 5307 κεφαλαίου,
3477 5238 3629 5302 ὅπως
3646 5239 3831 5295 τοῦτο.

2232 5330 2469 5400 Πότερον
2529 5327 2693 5399 σῶμα
2719 5330 2963 5384 τοιοῦτον
2995 5329 3247 5398 λέγουσιν
3297 5322 3411 5382 οἷον
3460 5330 3751 5398 ὑπέδειξεν
3792 5335 3830 5405 ἡ

2230 5421 2481 5491 ἀλήθεια,
2524 5420 2646 5492 ἢοὺ
2670 5438 2685 5488 ;
2708 5423 2772 5475 Et
2808 5421 2909 5493 μὲν
2937 5421 3202 5487 τοιοῦτον,
3237 5420 3333 5474 καὶ
3367 5420 3445 5490 μὴ
3481 5419 3831 5494 βουλόμενοι,

2226 5511 2753 5583 συνομολογήσουσιν
2808 5509 3232 5578 ὲξεικονίζεσθαι
3274 5510 3539 5581 Χριστόν.
3583 5512 3647 5567 Ei
3676 5513 3738 5568 δὲ
3770 5516 3834 5569 οὑ

1798 5688 1816 5718 ⁸
1848 5688 1905 5741 1η
1926 5687 2071 5773 “(ita
2125 5690 2185 5746 S.
2246 5689 2545 5758 Pancratii,
2580 5689 2725 5773 apud
2787 5686 3131 5755 Bollandum,
3183 5702 3376 5745 mense
3423 5691 3625 5763 Aprili,
3659 5694 3753 5751 die
3774 5694 3831 5751 3.
