3990 6318
178 392 318 456 1305

1378 394 1917 456 EPISTOLARUM
1979 395 2133 460 LIB.
2165 398 2223 459 II
2236 447 2250 458 .

3313 397 3451 464 13θῦ

174 510 442 567 τοιοῦτονο
499 508 826 580 λειπόμενόν
876 509 994 562 ἐστι
1043 509 1266 572 πάντως
1332 510 1516 578 λέγειν
1573 511 1734 564 αὐτοῦ

1838 545 1850 574 ι
1877 528 2007 568 vero
2039 513 2148 569 tale
2175 529 2283 570 non
2314 523 2398 570 est
2430 533 2444 581 ;
2480 513 2753 587 reliquum
2799 517 3027 570 omnino
3054 527 3138 570 est
3166 525 3223 570 ut
3269 517 3456 572 dicant

174 606 384 676 ἀναφές
429 621 490 657 τε
538 603 637 656 καὶ
689 602 934 673 ἇχροιον·
971 601 1179 656 τούτων
1209 601 1318 673 γάρ
1372 604 1538 673 μέσον
1580 603 1754 657 οὐδέν’

170 705 246 763 ὡς
267 702 387 755 οὐδὲ
419 699 607 754 ὲνύλου
641 699 735 752 καὶ
763 699 951 765 ἀΰλου,
978 701 1259 771 ὁρωμένου
1279 715 1337 752 τε
1368 698 1465 754 καὶ
1495 701 1754 772 ἀοράτου.

171 797 246 849 Τὸ
262 795 316 848 δὲ
341 792 586 847 τοιοῦτον
611 792 965 862 ἀνειληφέναι
995 793 1089 848 τὸν
1111 791 1350 864 Χριστὸν
1371 793 1533 863 σῶμα
1550 791 1754 861 λέγειν,

169 887 516 956 Μανιχαίων,
572 886 796 955 δοκήσει
846 887 942 940 καὶ
985 887 1271 958 φαντασίᾳ
1317 887 1418 958 τὴν
1485 887 1757 957 σωτήριον

167 981 412 1050 Χριστοῦ
441 981 754 1051 οἰκονομίαν
781 979 1207 1051 φληναφούντων
1229 979 1584 1050 γεγενῆσθαι.
1629 980 1754 1034 Ἐπὶ

164 1075 262 1128 τοῦ
292 1075 548 1144 δευτέρου
576 1117 590 1139 ,
641 1074 748 1127 κᾶν
777 1075 932 1127 αὐτοὶ
963 1074 1213 1127 σιωπῶσι
1259 1073 1360 1144 τὴν
1393 1072 1674 1143 ἀλήθειαν,
1704 1075 1753 1127 οἱ

163 1166 305 1219 λίθοι
337 1165 732 1236 κεκράξονται,
767 1167 870 1237 τὴν
900 1167 991 1235 ὑφ’
1018 1166 1156 1236 ἡλίῳ
1188 1168 1255 1236 τῇ
1307 1167 1477 1219 εἰκόνι
1508 1165 1751 1237 Χριστοῦ

163 1257 733 1328 περιαστράπτεσοαι.
773 1257 899 1310 Ἐπὶ
922 1257 1015 1310 τοῦ
1046 1257 1252 1327 τρίτου’
1284 1256 1432 1328 οἰατῷ
1465 1256 1753 1328 κορυφαίῳ

161 1349 391 1419 Πέτρῳ,
429 1349 522 1401 καὶ
554 1348 631 1418 τῷ
663 1349 887 1419 μεγάλῳ
925 1349 1192 1419 Βασιλείῳ
1227 1347 1750 1418 ἀντιδιατιθέμενοι,

157 1443 264 1512 τῆς
293 1441 464 1511 αὐλῆς
504 1439 742 1510 Χριστοῦ
772 1441 1121 1494 παντάπασιν
1164 1439 1462 1510 ἀλλότριοι.
1504 1439 1629 1492 Ἐπὶ
1655 1438 1750 1493 τοῦ

155 1535 448 1605 τετάρτου⁸
499 1536 531 1606 ὴ
579 1537 638 1587 έν
687 1533 1022 1604 Βλαχέρναις
1068 1534 1201 1602 παρ’
1245 1533 1432 1597 αὐτοῖς
1477 1532 1749 1605 λεγομένη

157 1627 378 1691 σύνοδος
409 1628 554 1680 κατὰ
581 1627 682 1696 τῆς
717 1627 927 1688 εἰκόνος
962 1625 1206 1697 Χριστοῦ
1227 1663 1240 1690 ,
1281 1624 1417 1679 πολὺ
1455 1643 1752 1694 μεταγενε-

156 1722 328 1791 στέρα
371 1721 471 1788 τῆς
521 1719 659 1788 μετὰ
710 1719 811 1790 τὴν
860 1718 1029 1790 ἕκτην
1061 1717 1550 1789 συναθροισθείσης
1605 1718 1750 1790 ὑπὲρ

150 1814 256 1882 τῆς
282 1813 490 1877 εἰκόνος
522 1811 784 1883 Χριστοῦ.
817 1811 927 1864 Καὶ
957 1811 990 1881 ἡ
1022 1811 1120 1881 μὲν
1151 1810 1557 1882 ἅποδεδεγμένη
1595 1809 1747 1881 παρὰ

149 1907 268 1968 τοῖς
299 1904 460 1958 πέντε
487 1904 872 1976 πατριάρχαις’
904 1905 937 1974 ἡ
961 1903 1019 1956 δὲ
1047 1903 1558 1974 ἀναθεματιζομένη
1592 1903 1742 1974 παρὰ

149 1999 267 2060 τοῖς
304 1997 599 2066 τέσσαρσιν
636 1996 711 2059 ὼς
751 1994 1158 2065 Χριστομάχος.
1210 1992 1444 2047 Ἔπειτα
1477 1993 1572 2047 καὶ
1609 1995 1643 2065 ή
1684 1995 1744 2048 ὲν

148 2088 364 2159 Νικαίᾳ
394 2088 456 2141 τὸ
485 2086 761 2160 δεύτερον,
792 2086 869 2150 ὡς
896 2087 1156 2158 όμόφρων
1188 2087 1255 2156 τῇ
1283 2084 1425 2155 μετὰ
1447 2084 1546 2155 τὴν
1575 2085 1743 2156 ἕκτην

150 2181 380 2251 συνόδῳ,
412 2180 736 2252 εὐπρόσιτος
759 2178 911 2252 παρὰ
941 2180 1058 2243 τοῖς
1085 2179 1269 2231 πέντε·
1287 2180 1320 2248 ἡ
1345 2177 1401 2229 δὲ
1432 2176 1528 2231 νῦν
1557 2177 1747 2247 ἀθροι-

148 2273 348 2326 σθεῖσα
380 2272 475 2325 ἐπὶ
525 2270 815 2342 βεϐαιώσει
857 2274 957 2343 τῆς
996 2273 1055 2324 ὲν
1092 2269 1430 2340 Βλαχέρναις
1471 2269 1613 2322 κατὰ
1643 2270 1744 2340 τῆς

145 2367 359 2429 εἰκόνος
381 2364 642 2436 Χριστοῦ,
676 2366 1024 2427 ἀπόπτυστος
1044 2364 1119 2428 ὡς
1150 2363 1403 2434 κάκείνη.
1439 2361 1588 2432 Δῦτη
1622 2380 1738 2416 τοι·

143 2459 358 2528 γαροῦν
394 2457 658 2529 σύντομος
680 2457 938 2520 ἀπόδοσις
965 2456 1068 2526 τῆς
1091 2454 1371 2527 ἀληθείας,
1397 2454 1492 2507 καὶ
1518 2455 1737 2525 ἔλεγχος

141 2549 258 2602 τῶν
287 2548 568 2602 ἐναντίων.

1861 606 2021 662 iidem
2060 623 2210 662 :non
2245 624 2369 664 esse
2413 609 2544 665 illud
2593 610 2757 666 tactui
2818 619 2914 665 aut
2942 609 3112 666 colori
3131 609 3455 674 obnoxium,

1860 715 1986 754 nam
2023 699 2166 756 inter
2191 702 2308 756 haec
2348 703 2588 757 medium
2644 703 2781 758 nihil
2831 704 3100 769 interest,
3163 712 3226 758 ut
3278 717 3455 774 neque

1859 788 2000 844 inter
2028 789 2080 845 id
2111 791 2257 862 quod
2289 792 2521 847 materia
2585 801 2822 860 constat,
2859 803 2912 850 et
2945 795 2997 849 id
3052 794 3199 865 quod
3256 809 3453 861 expers

1857 883 2097 939 materias
2134 893 2264 943 est:
2305 885 2450 940 inter
2488 886 2540 941 id
2570 887 2716 956 quod
2775 887 3034 951 videtur,
3083 895 3139 942 et
3211 886 3263 942 id
3302 888 3450 956 quod

1857 974 2026 1029 videri
2059 976 2268 1046 nequit.
2298 976 2430 1033 Tale
2464 988 2648 1033 autem
2712 980 2894 1034 dicere
2934 995 2963 1034 a
3010 979 3232 1035 Christo
3249 994 3449 1050 corpus

1855 1081 2220 1138 assumptum,
2245 1070 2671 1126 Manichaeorum
2720 1083 2823 1139 est,
2872 1075 3053 1143 specie
3089 1084 3251 1129 tenus
3304 1083 3356 1128 et
3391 1074 3446 1127 in

1855 1162 2238 1232 phantasmate
2269 1164 2564 1226 salutarem
2619 1166 2821 1221 Christi
2855 1166 3329 1237 dispensationem
3367 1167 3447 1220 la-

1856 1262 1996 1309 ctam
2026 1270 2148 1310 esse
2187 1257 2350 1311 stulte
2385 1258 2726 1328 nugantium.
2756 1259 2832 1312 Ad
2882 1259 3178 1314 secundum
3221 1277 3236 1313 :
3271 1274 3447 1329 quan-

1856 1349 2061 1404 tumvis
2093 1349 2171 1405 illi
2199 1351 2485 1406 veritatem
2525 1351 2748 1406 silentio
2808 1364 3084 1420 premant,
3112 1353 3324 1423 lapides
3356 1355 3442 1406 in-

1854 1440 2167 1497 clamabunt
2217 1443 2535 1498 universum
2602 1444 2789 1498 orbem
2825 1443 3026 1498 Christi
3069 1445 3302 1514 imagine
3332 1445 3446 1500 col-

1853 1529 2094 1584 lustrari.
2127 1530 2206 1586 Ad
2243 1532 2462 1586 tertium
2501 1549 2514 1586 :
2557 1532 2650 1602 qui
2691 1534 2982 1604 coryphmo
3034 1531 3215 1597 Petro,
3245 1545 3297 1588 et
3327 1550 3443 1589 ma-

1853 1638 1959 1692 gno
1992 1621 2192 1678 Basilio
2237 1625 2619 1689 adversantur,
2653 1636 2783 1680 sunt
2817 1627 2890 1679 illi
2943 1641 3168 1696 prorsus
3192 1628 3260 1680 ab
3314 1629 3438 1683 ovili

1850 1713 2053 1770 Christi
2114 1716 2302 1771 alieni.
2337 1717 2421 1772 Ad
2488 1729 2746 1788 quartum
2791 1737 2805 1775 :
2849 1718 3102 1791 Synodus
3134 1720 3221 1774 illa
3278 1736 3438 1790 quam

1852 1807 1940 1862 isti
1978 1808 2030 1863 in
2076 1808 2400 1867 Blachernis
2441 1821 2666 1877 vocant,
2715 1814 2980 1868 adversus
3015 1812 3219 1867 Christi
3250 1814 3438 1885 imagi-

1849 1916 1972 1954 nem
2009 1941 2024 1966 ,
2087 1902 2262 1956 multo
2317 1903 2593 1972 posterior
2649 1913 2733 1958 est
2779 1920 2842 1960 ea
2897 1921 3018 1974 quae
3061 1917 3182 1976 post
3227 1916 3432 1962 sextam

1847 1999 2035 2045 coacta
2070 2001 2156 2046 est
2187 2007 2286 2061 pro
2309 1991 2515 2047 Christi
2550 1994 2808 2064 imagine.
2840 1995 3007 2064 Atqui
3067 1995 3182 2050 haec
3213 1997 3429 2066 quidem

1845 2093 2062 2153 recepta
2095 2092 2179 2139 est
2229 2099 2260 2138 a
2310 2084 2554 2155 quinque
2602 2087 2932 2156 patriarchis
2971 2105 2985 2144 :
3041 2089 3131 2143 illa
3179 2099 3358 2143 autem
3398 2105 3429 2145 a

1845 2184 2085 2244 quatuor
2141 2177 2493 2233 anathemate
2544 2179 2828 2246 damnata,
2886 2191 3148 2250 tanquam
3211 2181 3428 2235 inimica

1845 2268 2084 2323 Christo.
2121 2268 2328 2325 Deinde
2360 2279 2414 2324 et
2457 2269 2675 2325 Nicmna
2729 2272 2925 2338 altera,
2958 2281 3148 2341 utpote
3181 2271 3230 2326 ei
3293 2288 3429 2328 con-

1843 2361 2108 2428 sentiens,
2140 2377 2263 2431 qua:
2295 2371 2417 2432 post
2439 2371 2649 2417 sextam
2674 2363 2899 2428 dicitur,
2934 2363 3092 2420 facile
3113 2380 3143 2420 a
3181 2365 3426 2436 quinque

1843 2454 2149 2508 admittitur
2179 2469 2194 2509 :
2234 2470 2360 2523 quae
2391 2470 2519 2510 vero
2553 2472 2698 2511 nunc
2735 2467 3066 2527 congregata
3094 2466 3177 2514 est
3206 2459 3270 2512 ad
3297 2473 3428 2513 con-

1843 2546 2204 2600 lirmationem
2248 2547 2393 2602 illius
2447 2561 2571 2618 qua:
2621 2548 2674 2601 in
2731 2546 3050 2604 Blachernis
3086 2549 3381 2618 appellatur
3409 2590 3425 2615 ,

142 2645 419 2696 adversus
490 2641 782 2711 imaginem
838 2638 1090 2703 Christi;
1163 2637 1522 2704 detestabilis,
1558 2638 1635 2694 uti
1687 2645 1742 2694 et
1780 2637 1892 2704 illa,
1957 2647 2062 2693 est.
2123 2637 2249 2695 llaec
2315 2639 2483 2711 igitur
2525 2640 2933 2710 compendiaria
2987 2641 3258 2711 expositio
3286 2640 3428 2696 veri;

143 2736 302 2802 tatis,
332 2741 391 2787 et
413 2732 860 2787 adversariorum
888 2729 1189 2784 confutatin
1218 2739 1319 2785 est.

401 2824 520 2878 Ol".
557 2852 631 2862 —
660 2822 1013 2890 Ναυκρατίῳ
1051 2821 1261 2886 τέκνῳ.
1298 2819 1487 2892 [υἱ-ια’]

2220 2815 2454 2870 LXXIII.
2488 2847 2560 2858 —
2589 2817 2884 2873 Naucratio
2936 2822 3072 2890 filio.

518 2939 596 2989 De
619 2935 807 2986 Leonis
827 2936 1032 2986 Armeni
1058 2936 1451 2985 orthodoxorum
1475 2932 1814 2998 persecutoris
1835 2933 2180 2982 Immanissimi
2215 2945 2391 2982 onere.
2427 2934 2632 2994 (Baron.
2667 2949 2726 2983 an
2776 2935 2887 2988 821.
2910 2950 2957 2984 η.
2981 2936 3085 2990 25.)

214 3025 290 3077 Τὸ
328 3024 426 3093 μὲν
485 3022 630 3092 ἱερὸν
674 3020 912 3091 γράμμα
964 3019 1134 3089 φησί·
1200 3017 1372 3084 Φωνὴ
1414 3018 1484 3070 ἐν
1545 3014 1730 3084 Ῥαμᾷ
1761 3024 1805 3081 C

137 3121 418 3187 ἠκούσθη
446 3157 461 3178 ,
507 3114 731 3184 θρῆνος
767 3113 866 3166 καὶ
921 3112 1179 3181 ὀδυρμὸς
1220 3113 1434 3176 πολύς.
1497 3109 1728 3178 Ῥαχὴλ

138 3212 449 3264 κλαίουσα
479 3207 552 3260 τὰ
580 3205 762 3259 τέκνα
792 3201 983 3270 αὐτῆς
1002 3243 1016 3267 ,
1049 3202 1148 3255 καὶ
1178 3204 1290 3256 οὐκ
1329 3201 1508 3270 ἤθελε
1537 3216 1726 3268 παρα⁴

138 3301 467 3370 κληθῆναι.
511 3297 654 3366 Ἐγὼ
671 3297 728 3350 δὲ
751 3296 967 3357 ότόιλας
996 3293 1352 3365 μεθαρμόσας
1384 3293 1482 3362 τὴν
1518 3290 1723 3360 φωνὴν,

138 3399 320 3448 ἐκεῖνο
338 3393 404 3447 ἂν
435 3391 663 3454 εἰκότως
694 3389 990 3460 φράσαιμι·
1021 3388 1209 3457 Χαρᾶς
1231 3385 1525 3453 εὐαγγέλια
1555 3381 1724 3453 ἡκού-

140 3487 246 3556 σθη
299 3487 433 3557 ἡμῖν
463 3483 614 3554 παρὰ
646 3481 748 3551 τῆς
786 3478 1098 3552 τιμιότητός
1136 3495 1228 3530 σου
1250 3491 1265 3506 ο
1301 3478 1388 3544 ἐφ’
1424 3468 1468 3542 ᾧ
1497 3473 1726 3543 σκιρτᾷν

138 3577 310 3637 ἔστιν,
349 3573 410 3626 οὐ
446 3574 544 3643 τὴν
572 3573 725 3625 πόλιν
757 3569 935 3640 τήνδε,
973 3572 1005 3638 ἢ
1037 3567 1216 3639 τήνδε⁹
1261 3566 1397 3620 ἀλλὰ
1429 3565 1611 3636 σχεδὸν
1643 3565 1724 3616 εἰ·

138 3671 265 3721 πεῖν
297 3668 514 3721 ἃπασαν
542 3665 643 3735 τὴν
676 3664 768 3716 ὑπ’
799 3663 1030 3733 οὐρανόν
1056 3678 1066 3689 ο
1098 3661 1181 3713 ὅτι
1231 3657 1446 3710 καθεῖλε
1476 3656 1682 3727 Κύριος
1704 3693 1720 3719 ,

136 3765 198 3815 οὐ
226 3760 319 3813 τόν
350 3758 506 3827 Σηὼν
539 3756 761 3828 βασιλέα
786 3755 895 3807 τῶν
941 3751 1305 3823 Ἀμορραίων·
1336 3750 1456 3802 οὐδὲ
1492 3751 1583 3801 τὸν
1623 3749 1723 3815 Ὢγ

139 3851 371 3923 βασιλέα
401 3850 499 3919 τῆς
560 3847 763 3911 Βασὰν,
821 3845 1062 3915 βασιλεῖς
1098 3841 1332 3913 μικροὺς
1357 3881 1370 3903 ,
1403 3840 1498 3893 καὶ
1527 3839 1724 3910 μικρὸν

141 3947 311 4015 μέρος
336 3943 435 4011 τῆς
462 3939 788 4010 οἰκουμένης
803 3937 1175 3997 ὲκθλίϐονταςο
1200 3931 1337 3985 ἀλλὰ
1367 3931 1459 3984 τὸν
1486 3931 1722 4001 νεοφανῆ

135 4039 232 4092 καὶ
267 4036 446 4106 μέγαν
470 4035 758 4104 δράκοντα,
795 4029 891 4084 καὶ⁸
925 4026 1124 4097 πολλὴν
1148 4023 1478 4094 οἰκουμένην
1508 4022 1724 4092 ληῖζον-

131 4149 223 4184 τα·
260 4132 356 4184 τὸν
406 4127 618 4182 σκολιὸν
647 4127 770 4193 ὅφιν
817 4123 915 4176 καὶ
956 4119 1248 4192 συρίζοντα
1297 4117 1591 4188 βλάσφημα
1618 4130 1632 4144 °
1664 4113 1726 4167 τὸ

134 4223 418 4294 βδέλυγμα
447 4220 546 4290 τῆς
575 4215 928 4288 ἐρημώσεως
963 4213 1025 4264 τὸ
1061 4209 1255 4272 σκεῦος
1284 4209 1384 4277 τῆς
1411 4207 1602 4277 ὀργῆς·
1633 4206 1725 4258 τὸν

1947 3015 2241 3069 Sacrarum
2280 3016 2582 3070 litterarum
2615 3018 2776 3070 verba
2821 3027 2992 3072 sunt:
3032 3018 3142 3072 Vox
3170 3022 3222 3072 in
3257 3019 3423 3076 Rama

1830 3109 2016 3160 audita
2046 3119 2146 3172 est,
2175 3110 2420 3178 ploratus
2460 3118 2510 3163 et
2543 3111 2784 3163 ululatus
2818 3112 3014 3165 multus
3045 3129 3064 3166 :
3094 3111 3288 3168 Rachel
3315 3116 3423 3185 plo-

1827 3217 1952 3253 rans
1982 3201 2122 3266 ﬁlias
2187 3217 2332 3266 suos,
2364 3211 2414 3256 et
2462 3203 2630 3255 noluit
2684 3204 2956 3256 consolari
2998 3205 3052 3258 ⁷.
3113 3203 3228 3276 Ego
3281 3223 3412 3262 vero

1827 3291 2012 3347 infelix
2043 3308 2179 3348 voce
2211 3303 2564 3359 commutata,
2593 3295 2718 3364 jure
2763 3296 2894 3350 illud
2930 3297 3194 3352 dixerim:
3225 3297 3419 3357 Gaudii

1826 3384 2000 3440 fausta
2035 3389 2225 3440 nuntia
2257 3389 2416 3442 nobis
2445 3388 2629 3442 audita
2663 3400 2793 3443 sunt
2823 3406 2888 3443 ex
2922 3393 3238 3458 reverentia
3294 3405 3409 3458 tua,

1824 3495 2058 3549 quorum
2078 3481 2252 3550 gratia
2283 3482 2545 3548 exsultet,
2608 3498 2715 3537 non
2755 3483 2948 3539 civitas
2981 3486 3097 3540 hare
3147 3496 3241 3541 aut
3293 3489 3414 3551 illa,

1823 3573 1918 3626 sed
1970 3588 2138 3642 prope
2168 3574 2345 3628 dicam
2404 3590 2527 3644 qua:
2580 3577 2684 3630 sub
2718 3576 2858 3631 coelo
2921 3588 3051 3633 sunt
3114 3581 3412 3648 universae;

1823 3660 1950 3729 quia
1995 3660 2216 3715 sustulit
2254 3661 2541 3729 Dominus,
2605 3678 2714 3716 non
2765 3664 2944 3720 Sehon
2985 3681 3167 3736 regem
3219 3669 3418 3723 Amor-

1823 3753 2119 3817 rhteorum,
2154 3769 2334 3822 neque
2372 3752 2452 3822 0g
2487 3771 2671 3824 regem
2739 3755 2941 3824 Basan,
2974 3773 3132 3829 reges
3190 3777 3411 3831 parvos,

1823 3853 1878 3899 et
1905 3860 2125 3914 parvam
2161 3845 2312 3900 orbis
2372 3856 2580 3913 partem
2640 3857 2903 3903 vexantes
2956 3849 3028 3917 ⁸;
3090 3851 3182 3906 sed
3242 3864 3414 3923 numer

1822 3950 2074 3993 exortum
2108 3954 2365 4009 magnum
2393 3940 2710 4004 draconem,
2743 3950 2800 3996 et
2830 3958 3080 4013 magnam
3109 3945 3255 3999 orbis
3285 3963 3412 4017 par-

1825 4037 1932 4083 tem
1963 4030 2314 4100 populantem
2344 4048 2358 4085 :
2386 4039 2695 4086 tortuosum
2723 4041 3031 4101 serpentem
3075 4045 3130 4088 et
3158 4035 3412 4106 blasphe-

1825 4136 1910 4174 ma
1981 4122 2291 4175 sibilantem
2322 4159 2339 4185 ,
2404 4121 2864 4175 abominationem
2911 4121 3411 4188 desolationis,vas

1824 4213 1936 4277 iraa,
1986 4214 2157 4267 lilium
2186 4212 2406 4276 'l‘abeel,
2443 4228 2509 4267 ne
2565 4213 2741 4267 dicam
2790 4212 3100 4282 Caballini,
3159 4227 3410 4286 nepotem

133 4316 249 4368 υἱὸν
302 4312 402 4365 τοῦ
459 4309 712 4380 Ταϐεήλ·
762 4307 852 4360 ἵνα
891 4306 965 4376 μὴ
1011 4304 1154 4372 λέγω
1203 4299 1581 4356 Καϐαλλίνου’
1632 4297 1724 4349 τὸν

1838 4305 2032 4369 Achab,
2061 4304 2262 4358 Juliani
2280 4305 2582 4375 exemplar,
2609 4305 3065 4375 complementum
3092 4308 3240 4371 mali,
3273 4324 3410 4362 con-

130 4405 409 4472 ἀπόγονον
436 4403 530 4455 τοῦ
571 4373 799 4472 Ἀγαάᾶ
826 4373 1288 4467 τὸνὲξεμπλὰριον
1324 4390 1631 4446 Ἰουλιανοῦ·
1662 4389 1722 4442 τὸ

1838 4398 2177 4451 Lumeliosum
2213 4397 2265 4451 in
2296 4396 2596 4465 Christum,
2629 4398 2877 4468 Deipara:
2931 4399 3168 4466 hostem,
3215 4402 3408 4457 adver-

131 4497 414 4566 πλήρωμα
445 4492 538 4545 τοῦ
580 4490 855 4560 πονηροῦ*
889 4489 982 4542 τὸν
1014 4485 1277 4558 ὑϐριστὴν
1323 4481 1559 4554 Χριστοῦ
1585 4495 1598 4508 °
1627 4481 1719 4533 τὸν

132 4587 328 4659 ἐχθρὸν
362 4585 462 4653 τῆς
507 4582 771 4637 Θεοτόκου
796 4598 810 4611 ο
855 4581 947 4632 τὸν
999 4577 1291 4632 ἀντίπαλον
1319 4575 1429 4627 τῶν
1460 4574 1718 4626 ἁπάντων

129 4675 327 4744 ἁγίων.
364 4664 466 4723 Ὦν
493 4670 602 4739 γὰρ
634 4670 762 4730 τοὺς
794 4668 1027 4729 σεπτοὺς
1051 4665 1404 4735 χαρακτῆρας
1439 4661 1623 4724 ἐδίωξέ
1653 4678 1714 4715 τε

129 4768 227 4820 καὶ
256 4764 491 4834 ἠφάνισε
513 4803 526 4827 ,
562 4761 807 4831 δηλονότι
844 4757 1056 4812 τούτων
1092 4755 1352 4817 ὁλοτελῶς
1397 4753 1589 4822 ἐχθρὸς
1621 4753 1716 4806 καὶ

128 4857 371 4926 διώκτης
405 4854 798 4924 ἐχρημάτισεν.
853 4848 1410 4918 Εὐφραινέσθωσαν
1444 4848 1496 4898 ol
1537 4849 1715 4912 obpa-

128 4955 248 5017 νοί,
280 4951 383 5004 καί
420 4947 808 5018 ἀγαλλιάσθω
840 4945 879 5012 ἡ
933 4943 1010 5013 γῆ
1030 4958 1045 4972 ⁶
1073 4940 1436 5008 ῥανάτωσαν
1479 4938 1554 4991 τὰ
1603 4938 1709 5004 ὄρη

128 5044 515 5113 τλυκασμὸν,
553 5039 652 5094 καί
684 5040 740 5093 οὶ
762 5035 981 5102 ,βουνοί
1022 5034 1440 5100 δικαιοσύνην.
1484 5031 1711 5082 Πέπτω-

1827 4489 2032 4543 sarium
2067 4497 2384 4543 sanctorum
2403 4491 2668 4543 omnium.
2723 4489 2968 4555 Quorum
3028 4492 3174 4545 enim
3222 4509 3409 4548 sacros

1824 4582 2167 4636 characteres
2227 4592 2544 4649 persecutus
2578 4591 2682 4647 est,
2713 4591 2769 4635 et
2813 4597 2842 4635 e
2905 4582 3086 4636 medio
3146 4584 3405 4649 sustulit;

1821 4687 2010 4726 eorum
2058 4673 2248 4743 procul
2294 4672 2460 4726 dubio
2517 4673 2690 4726 hostis
2745 4673 2966 4740 penitus
2997 4681 3052 4726 et
3091 4684 3406 4740 persecutor

1824 4763 1945 4817 fuit.
1979 4764 2248 4820 Lwtenmr
2285 4765 2399 4818 ειειὶ
2421 4773 2470 4818 et
2517 4763 2740 4817 exsultet
2785 4773 2925 4816 terra
2958 4765 3019 4816 ἐ
3055 4764 3222 4830 [luant
3254 4781 3402 4818 man-

1821 4865 1898 4910 tes
1925 4845 2252 4914 dulcedinem
2276 4899 2291 4922 ,
2335 4868 2383 4911 et
2428 4856 2586 4910 colles
2617 4856 2889 4923 justitiam
2927 4854 2972 4886 ¹⁶
3005 4893 3022 4908 .
3079 4854 3282 4910 Cecidit
3305 4858 3404 4910 ho-

1814 4952 1916 5005 stis
1949 4969 1963 5005 :
1997 4953 2262 5006 contritus
2287 4951 2480 5018 estqui
2519 4964 2615 5002 nos
2643 4948 2884 5002 caedebat
2912 4964 2924 5000 :
2962 4945 3294 5000 Obstructum
3324 4961 3401 5005 est

1813 5058 1871 5095 os
1905 5044 2119 5112 loquens
2149 5044 2332 5111 iniqua
2365 5042 2404 5072 “
2442 5055 2735 5110 ;repressa
2791 5056 2986 5095 manus
3036 5040 3393 5098 Abessalom:

131 5156 227 5191 κεν
251 5140 282 5191 ό
308 5134 526 5206 ἐχθρός·
557 5130 848 5202 συνετρίϐη
872 5131 900 5181 ὁ
920 5127 1139 5180 κόπτων
1168 5126 1334 5195 ἡμᾶς.
1380 5120 1711 5191 Ἐνεερράπη

1838 5137 1972 5189 leriit
2000 5135 2174 5188 durus
2199 5135 2363 5188 corde
2386 5132 2601 5186 Pharao
2634 5150 2647 5186 :
2685 5142 2738 5186 et
2791 5135 3028 5185 nondum
3072 5135 3206 5188 mihi
3260 5145 3395 5190 tem-

130 5228 332 5294 στόμα
360 5223 598 5280 λαλοῦν
640 5221 837 5274 ἁδικαο
873 5215 1143 5286 ἐπεσχέθη
1174 5214 1295 5283 χεὶρ
1337 5208 1711 5279 Ἀϐεσσαλώμ·

131 5318 342 5388 οἴχεται
368 5318 397 5369 ό
428 5313 855 5387 σκληροκάρδιος
898 5307 1116 5380 Φαραώ·
1153 5307 1247 5359 καὶ
1278 5305 1430 5357 οὔπω
1464 5319 1553 5373 μοι
1591 5318 1717 5354 και-

135 5410 228 5480 ρὸς
275 5407 372 5461 καὶ
399 5406 561 5470 τόπος
605 5407 886 5476 ἐκφράσαι
917 5405 986 5457 τὰ
1012 5404 1181 5472 ὰκοῆς
1211 5399 1338 5465 ἄξια
1367 5396 1460 5452 τοῦ
1494 5411 1716 5464 παγκα-

133 5503 321 5556 κίστου
358 5499 673 5570 δράκοντος.

217 5591 425 5645 Ἐκεῖνο
462 5590 520 5642 δὲ
562 5588 860 5662 προσθείην
898 5589 1010 5650 τοῖς
1040 5584 1348 5656 εἰρημένοις
1372 5599 1386 5612 ο
1421 5582 1503 5635 ὃτι
1538 5580 1708 5650 ἐχρῆν

131 5687 223 5740 τὸν
244 5683 561 5753 ἀποστάτην
579 5681 812 5750 τοιούτῳ
833 5679 1022 5749 τρόπῳ
1045 5677 1188 5730 καθά
1217 5677 1522 5747 γέγραφας,
1541 5676 1711 5746 ἀπορ-

202 5803 224 5834 '
272 5797 474 5854 Jerem.
521 5793 759 5860 “31,15
795 5789 1029 5857 ;Matth.
1059 5805 1095 5842 ιι
1144 5789 1230 5860 l8.

138 5869 277 5927 Psal.
326 5884 471 5935 uxr,
499 5867 555 5923 5.
666 5866 707 5897 “
737 5863 884 5919 l’sal.
929 5874 1061 5924 an,
1101 5859 1189 5916 1‘2.

1337 5790 1358 5821 "
1419 5787 1579 5843 Num.
1620 5800 1732 5849 xxi,
1785 5799 1914 5841 xxiv
1939 5793 1994 5839 et
2050 5799 2236 5841 xxxn'.

1811 5242 1912 5296 pus
1946 5243 2047 5281 nec
2089 5227 2267 5292 locus,
2303 5234 2362 5280 ut
2408 5225 2596 5280 auditu
2620 5225 2781 5296 digna
2825 5225 3044 5295 eloquar
3064 5226 3131 5280 de
3161 5227 3398 5295 pessimo

1812 5320 2072 5376 dracone.

1888 5579 2000 5634 Hoc
2028 5595 2159 5634 vero
2194 5579 2450 5649 adjiciam
2492 5579 2559 5633 ad
2607 5593 2669 5632 ea
2715 5593 2837 5648 qua:
2872 5578 2983 5634 dixi
3032 5596 3047 5632 :
3086 5578 3396 5649 oportuisse

1818 5680 2123 5742 apostatam
2162 5686 2228 5726 eo
2243 5685 2353 5741 quo
2370 5669 2633 5740 scripsisti
2667 5669 2829 5724 modo
2857 5670 3022 5725 vitam
3041 5670 3390 5744 abrumpere.

2346 5785 2368 5817 ’
2408 5779 2554 5838 Psal.
2587 5795 2706 5850 xcv,
2740 5781 2822 5836 ll.
2934 5783 2976 5814 ¹⁰
3006 5779 3124 5838 Joel
3151 5799 3208 5838 ιιι
3241 5825 3255 5849 ,
3297 5786 3388 5849 l8;
