3990 6318
543 353 681 418 1307

538 468 840 539 Oportebat
925 485 1086 530 noctu
1143 475 1493 533 tenebrarum
1542 474 1715 529 lilium
1756 476 2131 530 occumbere:
2164 478 2209 533 Α

540 568 830 634 oportebat
863 585 987 624 eum
1009 612 1025 637 ,
1057 571 1153 641 qui
1204 570 1390 626 divina
1422 570 1625 640 templa
1707 571 2041 636 devastarat,
2079 571 2133 623 in

544 655 761 712 Domini
826 661 1033 730 templo
1093 661 1327 717 nudatos
1384 662 1440 717 in
1486 678 1547 718 se
1605 663 1817 734 gladios
1863 680 2136 720 cernere:

542 748 829 817 Oportebat
890 751 961 805 ad
1016 750 1269 807 divinum
1325 753 1501 810 altare
1564 756 1971 827 coniugientem
2029 773 2137 813 non

544 839 796 908 salvari,
828 843 921 911 qui
984 844 1160 901 altare
1200 847 1381 917 ipsqu
1446 849 1801 908 destruxerat
1831 868 1851 909 :
1897 853 1953 907 in
2015 868 2138 907 eam

546 948 769 988 manum
795 975 809 1000 ,
842 951 964 1005 qua:
1001 947 1231 994 extensa
1265 941 1319 994 in
1362 951 1551 997 sancta
1586 940 1804 1010 fuerat,
1841 946 2139 1001 sectionem

545 1026 734 1080 inferri
770 1047 782 1082 :
831 1027 887 1083 in
917 1030 1110 1085 fauces
1142 1048 1264 1102 qua:
1296 1034 1464 1104 impia
1498 1045 1836 1103 eructarant,
1898 1036 2139 1107 gladium

543 1120 852 1192 distringi:
914 1124 969 1179 in
1015 1126 1311 1182 humerum
1375 1128 1496 1199 ejus
1549 1132 1646 1200 qui
1732 1132 2139 1187 contumeliose

543 1212 767 1271 Christo
798 1215 1116 1284 insnltabat,
1148 1231 1520 1292 opportunum
1547 1224 1750 1281 vulnus
1807 1225 1978 1297 inlligi
2007 1245 2020 1280 :
2045 1240 2144 1295 pro

542 1306 675 1377 justi
695 1310 979 1380 sanguinis
1009 1312 1300 1381 effusione,
1333 1316 1598 1387 injustum
1630 1320 1949 1390 sanguinem
1986 1336 2145 1389 spar-

549 1400 601 1469 gi
636 1420 649 1455 :
692 1417 793 1471 pro
858 1406 1102 1462 sectione
1145 1418 1201 1463 et
1237 1410 1595 1467 dilaniatione
1634 1414 2006 1469 membrorum
2060 1425 2144 1469 at—

550 1508 661 1562 que
705 1502 1010 1566 tergorum,
1056 1499 1230 1557 invisa
1272 1502 1385 1557 Deo
1432 1504 1677 1560 membra
1730 1508 1994 1562 concidi:
2048 1523 2147 1578 pro

551 1596 729 1638 morte
762 1600 953 1642 sancta
979 1590 1200 1659 impiam
1236 1602 1467 1649 mortem
1490 1597 1770 1652 exhiberi:
1815 1608 1871 1653 et
1897 1614 1996 1670 pro
2027 1617 2150 1671 pur-

553 1688 693 1743 pura
757 1681 1086 1737 centonibus
1132 1683 1282 1739 indui
1324 1702 1513 1743 semen
1550 1690 1865 1761 inglorium.
1900 1692 2009 1749 Nec
2058 1710 2149 1750 ve-

554 1782 620 1821 ro
652 1769 720 1823 de
757 1785 888 1826 casu
928 1774 1082 1845 impii
1117 1778 1385 1847 gaudens,
1439 1782 1570 1851 quin
1590 1799 1812 1854 gemens
1842 1794 1897 1841 et
1932 1787 2146 1857 lugens,

558 1868 753 1921 mortis
799 1882 969 1936 genus
991 1869 1188 1939 sugillo
1222 1890 1234 1925 :
1271 1871 1365 1926 sed
1422 1873 1553 1943 quia
1600 1876 1777 1931 malus
1823 1879 1967 1933 male
2026 1895 2149 1950 per-
2179 1864 2222 1922 Β

557 1958 753 2022 ibit,ut
774 1960 989 2014 veracis
1014 1970 1097 2015 est
1137 1962 1406 2018 sententia
1444 1966 1487 1996 ¹³
1517 1982 1531 2019 :
1558 1975 1613 2020 et
1632 1970 1815 2023 omnis
1848 1970 1944 2039 qui
1968 1985 2158 2028 contra

558 2051 731 2108 Deum
809 2060 1064 2123 proterve
1119 2055 1377 2127 insurgit,
1435 2059 1705 2131 condigna
1762 2061 1923 2120 factis
1983 2065 2161 2135 capiet

559 2147 723 2201 etiam
759 2147 869 2202 hic.
904 2146 1147 2203 Necdum
1175 2152 1322 2205 enim
1344 2152 1469 2208 dico
1504 2152 1752 2211 futurum
1775 2166 2157 2216 etextremum

559 2240 765 2311 ignem,
790 2258 899 2312 quo
916 2245 1435 2301 exterminabuntur
1460 2248 1615 2319 impii
1635 2265 1830 2307 omnes
1860 2262 1916 2308 et
1941 2254 2154 2325 injusti.

561 2335 700 2402 Quid
733 2350 860 2391 vero
894 2346 1017 2407 post
1056 2337 1211 2394 haec?
1266 2338 1419 2396 Novo
1457 2340 1609 2398 Josia
1635 2358 1777 2415 Opus
1804 2354 1929 2413 est,
1973 2349 2081 2417 vel,
2110 2351 2157 2407 si

560 2428 666 2495 vis,
712 2428 943 2485 Joviano
979 2434 1260 2503 quopiam,
1285 2436 1372 2490 vel
1427 2438 1538 2492 alio
1584 2454 1649 2495 ex
1701 2440 1975 2497 similibus
2007 2482 2023 2508 ,
2062 2445 2158 2514 qui

562 2518 783 2576 Domini
842 2522 957 2577 zelo
1005 2524 1205 2581 ardens
1237 2566 1253 2592 ,
1296 2527 1505 2595 deiecta
1538 2532 1750 2604 erigere
1791 2536 2157 2602 studeat,di-

563 2615 720 2667 vulsa
761 2626 1039 2682 coaptare,
1072 2614 1183 2672 Deo
1208 2618 1434 2676 reddere
1465 2638 1590 2692 qua:
1637 2624 1733 2680 Dei
1788 2637 1920 2682 sunt
1953 2629 1997 2661 ¹⁸
2026 2669 2041 2695 ,
2100 2637 2162 2686 υι

564 2705 792 2771 dicitur,
834 2709 1128 2765 restituere
1167 2713 1462 2784 imaginem
1501 2716 1708 2774 Christi
1735 2729 1790 2775 et
1821 2720 2069 2793 Deipara:
2097 2740 2162 2780 ac

569 2801 748 2855 sancti
832 2804 1146 2874 cujusque:
1190 2821 1302 2861 non
1349 2810 1495 2879 quod
1554 2814 1857 2870 conciderit
1914 2833 2161 2887 unquam

568 2895 775 2951 Christi
807 2897 1012 2967 imago,
1045 2899 1189 2955 absit
1224 2901 1238 2956 !
1284 2903 1381 2958 sed
1421 2914 1482 2959 ut
1506 2921 1609 2961 nos
1641 2909 1736 2976 qui
1762 2924 1858 2978 per
1906 2910 2162 2980 impieta-

569 2996 681 3044 tem
716 2984 1051 3058 cecidimus,
1101 2995 1453 3051 suscitemur.
1507 2995 1648 3053 Eum
1685 3016 1785 3055 nos
1840 3011 2163 3070 peccatores

570 3091 829 3152 optamus
863 3082 1250 3155 imperatorem
1285 3087 1379 3159 qui
1416 3087 1667 3144 videatur
1693 3100 1749 3146 et
1780 3092 1853 3147 sit
1878 3093 2163 3165 piissimus

570 3185 624 3232 et
650 3192 681 3231 a
713 3175 824 3233 Deo
852 3190 1161 3248 promotus.
1194 3179 1262 3235 Et
1288 3184 1335 3237 si
1369 3183 1597 3252 quidem
1624 3184 1697 3239 ita
1741 3186 1854 3254 sit,
1888 3188 2159 3258 optimum
2188 3223 2233 3283 α

570 3278 627 3324 et
663 3277 869 3326 aeterno
903 3273 1177 3340 przeconio
1230 3273 1642 3331 celebrandum.
1694 3274 1794 3331 Sin
1823 3279 1896 3334 ob
1937 3290 2162 3349 peccata

570 3375 695 3417 mea
733 3376 841 3416 non
886 3364 959 3417 ita
988 3403 1004 3430 ,
1037 3373 1278 3421 attamen
1302 3380 1403 3421 nos
1434 3365 1509 3421 ita
1545 3368 1599 3421 in
1626 3367 1831 3424 Christi
1862 3370 2167 3428 confessio-

574 3471 641 3512 ne
673 3474 687 3509 :
724 3471 833 3512 non
887 3466 1209 3527 spernentes
1265 3473 1487 3514 sacrum
1539 3459 1662 3531 ejus
1702 3476 2003 3531 carcerem,
2060 3480 2162 3521 nec

573 3549 955 3616 formidantes,
986 3561 1079 3606 aut
1120 3552 1427 3623 quidquam
1473 3569 1586 3625 prae
1646 3553 1759 3611 Deo
1809 3567 2157 3626 metuentes,

573 3653 635 3698 ut
663 3642 808 3699 Deus
831 3645 946 3712 ipse
1000 3644 1272 3700 hortatur.
1313 3644 1439 3701 Haec
1466 3647 1693 3704 ostende
1740 3649 2160 3708 confessoribus

575 3735 742 3790 sociis
775 3734 920 3790 tuis:
954 3751 1094 3806 quos
1111 3745 1166 3791 et
1186 3752 1253 3792 ex
1290 3738 1447 3794 nobis
1481 3739 1692 3808 saluta;
1718 3739 1914 3797 deinde
1938 3751 1993 3797 et
2019 3742 2160 3797 ami-

574 3840 672 3880 cos
697 3833 753 3879 et
782 3827 902 3895 pios
940 3828 1036 3896 qui
1062 3828 1158 3883 tibi
1201 3829 1413 3898 probati
1449 3830 1677 3886 fuerint.
1718 3829 1944 3887 Utinam.
2008 3834 2161 3906 digni

576 3933 825 3975 essemus
861 3920 1067 3990 quibus
1100 3935 1286 3976 coram
1340 3922 1600 3993 congredi
1650 3923 1863 3979 liceret.
1904 3922 2063 3992 Quod
2116 3926 2164 3983 si

577 4028 688 4067 non
719 4023 799 4069 est
832 4012 927 4068 Dei
964 4015 1240 4077 voluntas,
1269 4024 1444 4079 utere,
1482 4014 1655 4071 frater
1688 4017 1784 4083 mi,
1831 4018 2066 4088 epistola
2101 4027 2165 4075 ut

582 4108 711 4165 hinc
746 4110 929 4165 videas
963 4120 1019 4166 et
1075 4112 1337 4167 videaris.
1385 4109 1581 4168 Frater
1612 4120 1742 4168 tuus
1770 4111 2034 4172 Nicolaus
2062 4116 2167 4172 im-

581 4218 749 4274 pense
792 4205 1015 4259 salutat.

764 4399 997 4455 LXXIV.
1027 4431 1097 4441 —
1122 4400 1376 4456 Michaeli
1404 4403 1710 4472 imperatori
1738 4403 1988 4473 principi.

901 4518 1095 4569 Novum
1124 4521 1474 4582 imperatorem
1503 4525 1698 4586 magnis
1722 4522 1991 4586 praeconiis
2024 4520 2243 4585 extollit,

1751 359 1813 421 S.
1844 355 2243 420 THEODORI
2283 355 2633 416 STUDITrE

3741 345 3888 411 1308

2238 468 2400 541 ῥῆξαι
2429 467 2527 540 τὴν
2564 468 2735 539 ζωήν.
2766 469 2915 524 Ἔδει
2945 472 3006 525 ὲν
3022 470 3178 526 νυκτὶ
3206 470 3301 525 τὸν
3337 467 3436 524 τοῦ
3474 466 3737 529 σκότους
3763 467 3885 521 υἱὸν

2244 562 2672 616 ὲπικαταλαϐεῖν
2704 561 2941 618 θάνατον
2966 580 2981 595 ·
3007 565 3115 619 ἔδει
3162 566 3256 620 τὸν
3290 566 3424 630 τοὺς
3473 562 3678 625 θείους
3709 562 3886 624 ναοὺς

2246 653 2647 726 ἐρημώσαντα,
2684 657 2741 709 ὲν
2790 656 2905 728 ναῷ
2957 659 3167 729 Κυρίου
3218 659 3348 712 ἰδεῖν
3398 657 3473 712 τά
3517 656 3656 710 κατ’
3703 652 3884 707 αὑτοῦ

2247 745 2374 814 ξίφη
2404 746 2779 815 γυμνούμενα·
2816 746 2926 800 ἔδει
2958 750 3347 818 προσφυγόντα
3373 747 3462 819 τῷ
3488 747 3634 817 θείῳ
3671 746 3884 798 θυσια-

2248 839 2457 909 στηρίῳ
2487 840 2563 910 μὴ
2597 838 2839 909 σωθῆναι
2865 838 2959 893 τὸν
2992 840 3151 893 τοῦτο
3181 842 3549 909 ἀφανίσαντα·
3590 838 3759 892 κατὰ
3785 838 3885 907 τῆς

2247 934 2329 995 εἰς
2381 933 2449 987 τά
2486 932 2618 1000 ἅγια
2672 932 3001 1005 ἐκταθείσης
3053 933 3240 1005 χειρὸς
3286 934 3467 1005 τομὴν
3513 931 3884 1003 ἐπαχθῆναι·

2248 1027 2390 1080 κατά
2416 1026 2511 1080 τοῦ
2534 1026 2807 1097 λάρυγγος
2838 1026 2933 1099 τοῦ
2963 1026 3331 1099 ὲρευξαμένου
3360 1014 3522 1091 ἄθεα,
3575 1027 3884 1097 μάχαιραν

2248 1119 2495 1173 διελάσαι
2518 1135 2531 1149 ·
2564 1118 2707 1172 κατά
2733 1118 2828 1172 τοῦ
2867 1097 3022 1190 ῶθμου
3055 1118 3152 1173 τοῦ
3180 1120 3532 1190 παλλομένου
3579 1117 3674 1186 ἐφ’
3713 1116 3883 1186 ὕϐρει

2251 1208 2523 1281 Χριστοῦ,
2552 1210 2775 1279 καιρίαν
2798 1209 3012 1283 πληγὴν
3057 1209 3320 1264 ὑποδῦναι
3347 1226 3360 1239 ·
3386 1210 3533 1280 ὑπὲρ
3568 1209 3877 1281 ἐκχύσεως

2252 1303 2502 1372 αἱμάτων
2536 1302 2764 1357 δικαίων
2806 1297 2950 1372 αἷμα
2997 1303 3185 1359 ἄδικον
3210 1302 3441 1374 χεοῆναι
3468 1318 3482 1330 ·
3520 1304 3656 1355 ἀντὶ
3690 1301 3883 1371 κοπῆς

2252 1394 2346 1447 καὶ
2384 1393 2605 1464 ξεσμῶν
2648 1393 2829 1464 μελῶν
2858 1394 2953 1449 καὶ
3010 1396 3219 1459 νώτων,
3267 1394 3407 1466 μέλη
3453 1398 3718 1465 κοπῆναι
3758 1396 3879 1447 (teo-

2254 1487 2427 1556 στυγῆ
2448 1503 2462 1517 ·
2498 1487 2620 1541 ἀντὶ
2650 1488 2885 1542 Θανάτου
2915 1487 3087 1552 ὁσίου,
3116 1489 3332 1542 ἀνόσιον
3367 1488 3615 1541 Θάνατον
3649 1487 3883 1541 ἀποδει-

2254 1575 2486 1648 χθῆναι,
2526 1579 2622 1631 καὶ
2668 1580 2789 1633 ἀντὶ
2822 1579 3157 1651 πορφυρίδος
3215 1578 3383 1651 ῥάκος
3431 1578 3797 1632 ἐνδύσασθαι
3822 1578 3882 1631 τὺ

2256 1670 2451 1739 ἄτιμον
2494 1673 2737 1743 σπέρμα.
2771 1673 2882 1725 Καὶ
2908 1674 3008 1726 οὐκ
3035 1672 3459 1742 ὲπιχαιρόμενος
3490 1671 3575 1742 τῷ
3604 1671 3881 1742 πτώματι

2254 1762 2351 1815 τοῦ
2383 1762 2615 1828 ἀσεϐοῦς
2635 1806 2651 1831 ,
2677 1765 2802 1818 ἐπεὶ
2846 1768 2940 1818 καὶ
2972 1768 3177 1819 στένων
3207 1765 3303 1818 ml
3334 1764 3572 1832 κλαίων,
3612 1765 3881 1836 κωμιεῶ

2248 1856 2341 1909 τὸν
2367 1856 2569 1928 τρόπον
2589 1856 2684 1910 τοῦ
2714 1856 2947 1911 θανάτου
2974 1875 2989 1888 ·
3021 1857 3136 1911 ἀλλ’
3192 1858 3273 1911 ὅτι
3312 1858 3487 1921 κακὸς
3517 1858 3730 1921 κακῶς
3778 1860 3881 1911 ἁπ-

2257 1950 2485 2017 ολείται,
2514 1949 2590 2015 ὡς
2635 1953 2668 2022 ἡ
2709 1949 2804 2003 τοῦ
2832 1951 3103 2021 ἀψευδοῦς
3126 1952 3433 2021 ἀπόφασις·
3472 1951 3577 2005 καὶ
3607 1953 3731 2014 πᾶς
3755 1968 3881 2003 νεα·

2258 2042 2570 2114 νιευόμενος
2600 2044 2745 2098 κατά
2775 2042 2911 2097 Θεοῦ
2945 2044 3224 2115 ἐφάμιλλα
3267 2040 3342 2097 ὧν
3390 2043 3631 2115 ἔδρασεν
3666 2043 3882 2115 ἀπολή-

2257 2135 2418 2206 ψεται
2447 2134 2751 2191 κάνταῦθα.
2793 2135 2961 2190 Οὔπω
2991 2138 3101 2208 γὰρ
3132 2136 3276 2205 λέγω
3306 2136 3365 2189 τὸ
3413 2136 3623 2206 μέλλον
3655 2137 3763 2191 καὶ
3794 2153 3880 2188 τε-

2257 2226 2506 2282 λευταῖον
2562 2226 2676 2300 πῦρ
2702 2270 2717 2293 ,
2797 2221 2841 2297 ᾧ
2864 2228 3339 2299 δοκιμασθήσεται
3375 2229 3489 2291 πᾶς
3517 2229 3746 2300 ἀσεϐὴς
3786 2229 3881 2283 καὶ

2260 2323 2601 2392 παράνομος.
2633 2321 2700 2374 Τί
2734 2315 2827 2375 οῦν
2854 2321 2993 2393 πρὸς
3015 2320 3217 2388 ταῦτα;
3245 2321 3393 2375 Νέου
3435 2321 3660 2376 Ἰωσίου
3688 2322 3879 2393 χρεία·

2261 2413 2310 2465 εἰ
2334 2411 2390 2465 δὲ
2418 2411 2623 2483 βούλει,
2667 2412 2930 2466 Ἰοϐιανοῦ
2955 2430 3122 2478 τινος,
3160 2414 3193 2484 ἢ
3226 2413 3391 2467 ἄλλου
3428 2413 3545 2466 τῶν
3574 2416 3876 2467 τοιούτων·

2261 2506 2321 2568 ὃς
2357 2505 2538 2577 ζηλῶν
2566 2505 2646 2578 τῷ
2693 2506 2907 2577 Κυρίῳ,
2951 2506 3242 2559 σπεύσειεν
3275 2507 3598 2579 ἀνορθῶσαι
3628 2508 3705 2561 τὰ
3746 2525 3881 2561 κατ-

2262 2596 2620 2666 ερραγμένα,
2665 2595 2906 2665 συνάψαι
2937 2596 3006 2650 τὰ
3052 2597 3324 2651 διεστῶτα
3350 2638 3365 2662 ,
3398 2598 3723 2652 ἀποδοῦναι
3756 2599 3879 2669 Θεῷ

2259 2687 2329 2740 τά
2359 2685 2455 2739 τοῦ
2486 2686 2647 2755 Θεοῦ,
2674 2687 2736 2741 τὸ
2763 2687 2831 2759 δὴ
2852 2687 3169 2759 λεγόμενον,
3202 2690 3514 2759 ἀναστῆσαι
3541 2692 3655 2761 τὴν
3685 2692 3879 2745 εἰκόνα

2260 2777 2524 2849 Χριστοῦ,
2563 2781 2663 2850 τῆς
2688 2796 2750 2832 τε
2777 2779 3068 2843 Θεοτόκου⁹
3100 2781 3198 2833 καὶ
3225 2781 3460 2835 ἑκάστου
3508 2783 3629 2835 τῶν
3674 2785 3874 2852 ἁγίων·

2262 2868 2363 2939 οὐχ
2388 2870 2470 2923 ὅτι
2502 2869 2760 2924 πέπτωκέ
2794 2889 2924 2925 ποτε
2948 2871 2983 2943 ἡ
3011 2871 3250 2943 Χριστοῦ
3281 2873 3472 2937 εἰκὼν,
3506 2874 3731 2941 ἄπαγε·
3765 2874 3877 2928 ἀλλ’

2266 2983 2354 3038 ἵνα
2381 2987 2432 3037 οἱ
2464 2985 2723 3049 πεσόντες
2753 2986 2938 3057 ἡμεῖς,
2972 2989 3041 3057 τῇ
3090 2985 3318 3059 ἀσεϐείᾳ
3340 3028 3356 3052 ,
3386 2981 3874 3060 άνασταὺείημεν.

2265 3076 2519 3131 Τοιοῦτον
2543 3077 2889 3149 ἐπευχόμεθα
2919 3080 2968 3132 οἱ
3000 3079 3322 3149 ἁμαρτωλοὶ
3350 3080 3446 3133 καὶ
3485 3082 3744 3152 φανῆναι
3785 3082 3877 3135 καὶ

2266 3169 2485 3224 ἔσεσθαι
2512 3169 2605 3224 τὸν
2634 3169 3026 3224 εὐσεϐέστατον
3048 3170 3280 3241 βασιλέα
3305 3171 3402 3224 καὶ
3428 3170 3877 3243 οεοπρόϐλητον.

2268 3264 2377 3318 Kal
2406 3264 2456 3317 εί
2493 3264 2593 3335 μὲν
2619 3261 2827 3329 οὕτως,
2862 3261 3087 3333 ἄριστον
3139 3264 3236 3316 καὶ
3279 3264 3359 3326 εἰς
3402 3262 3620 3328 αἰῶνας
3670 3266 3874 3335 ὑμνού-

2269 3373 2452 3428 μενον.
2492 3357 2556 3409 Εἰ
2600 3355 2658 3409 δὲ
2698 3354 2844 3409 κατὰ
2875 3355 2977 3418 τὰς
3020 3353 3300 3425 ἁμαρτίας
3330 3370 3437 3423 μου
3463 3394 3480 3420 ,
3525 3354 3638 3425 οὐχ
3676 3356 3873 3418 οὕτως,

2264 3447 2402 3503 ἀλλά
2436 3464 2501 3517 γε
2551 3450 2715 3520 ἡμεῖς
2747 3447 3011 3512 οὕτωςλὲν
3045 3449 3111 3518 τῇ
3143 3445 3409 3519 ὁμολογίᾳ
3450 3447 3746 3518 Χριστοῦ,
3801 3451 3873 3520 μὴ

2264 3540 2661 3612 ὀλιγωροῦντες
2706 3540 2810 3612 τῆς
2855 3541 3019 3609 ἁγίας
3067 3540 3235 3594 αὐτοῦ
3269 3540 3563 3610 φυλακῆς·
3627 3544 3771 3612 μηδέ
3822 3561 3872 3597 τι

2266 3636 2737 3707 ὑποπτήσσοντες·
2777 3634 2915 3707 μηδὲ
2944 3633 3274 3705 φοϐούμενοι
3304 3633 3435 3688 ἄλλο
3468 3651 3520 3686 τι
3558 3638 3675 3705 πρὸ
3707 3637 3872 3690 Θεοῦ·

2265 3730 2343 3796 ὡς
2367 3731 2532 3795 αὐτὸς
2562 3730 2695 3795 Θεὸς
2725 3731 3013 3800 ἐγγυᾶται.
3048 3729 3235 3784 Ταῦτα
3276 3728 3564 3794 ὑπόδειξον
3592 3735 3716 3795 τοῖς
3750 3749 3870 3784 συν-

2268 3827 2631 3898 ομολογηταῖς
2658 3841 2776 3879 σου·
2801 3823 2895 3888 οὓς
2924 3824 3020 3878 καὶ
3040 3823 3173 3895 παρ’
3198 3822 3360 3894 ἡμῶν
3388 3825 3867 3894 προσαγόρευσον·

2270 3917 2393 3969 ἐπεὶ
2426 3920 2523 3969 καὶ
2551 3915 2740 3984 φίλους
2764 3914 2861 3967 καὶ
2888 3911 3134 3975 εὐσεϐεῖς
3162 3910 3256 3973 οὓς
3279 3908 3629 3979 δοκιμάζοις.
3682 3912 3868 3976 Ἀξιω-

2274 4009 2500 4080 Θείημεν
2538 4009 2633 4061 καὶ
2664 4008 2757 4061 ἐπὶ
2785 4006 2886 4077 τῆς
2912 4006 3033 4059 κατ’
3064 4005 3378 4073 ὀφθαλμοὺς
3413 4000 3647 4070 ὁμιλίας
3677 4002 3865 4057 ἐλθεῖν.

2275 4103 2339 4155 Εἰ
2367 4102 2423 4155 δὲ
2455 4101 2518 4155 οὑ
2543 4100 2769 4170 Οελητὸν
2796 4097 2937 4167 Θεῷ,
2971 4096 3113 4167 χρῶ,
3156 4093 3352 4157 ἀδελφέ
3398 4110 3526 4164 μου,
3558 4093 3650 4162 τῷ
3686 4094 3864 4165 γράμ-

2276 4210 2429 4265 ματι·
2465 4191 2688 4263 Θεωρῶν
2713 4190 2962 4245 ἐντεῦθεν
2990 4188 3087 4243 καὶ
3110 4186 3515 4258 θεωρούμενος.
3567 4189 3626 4243 ’0
3643 4188 3864 4258 ἀδελφός

2275 4303 2371 4340 σου
2395 4286 2665 4351 Νικόλαος
2698 4284 2919 4358 θερμῶς
2942 4281 3362 4354 προσαγορεύει.

2348 4405 2466 4458 ΟΔ’.
2502 4433 2570 4444 -
2597 4402 2844 4474 Μιχαὴλ
2872 4400 3263 4471 αὐτοκράτορι
3303 4400 3586 4465 βασιλεῖ.
3666 4396 3857 4474 [vlidi]

2267 4511 2599 4574 orthodoxam
2628 4530 2783 4575 ratus.
2812 4524 3011 4589 (Baron.
3040 4536 3118 4572 an.
3144 4522 3256 4582 821,
3278 4535 3332 4571 n.
3359 4519 3468 4585 31.)

654 4622 899 4695 quuum
948 4633 1033 4679 est
1062 4639 1227 4693 quam
1270 4626 1512 4682 maxime
1567 4628 1674 4683 hoc
1704 4636 1950 4697 tempore
1983 4644 2049 4682 ex
2077 4644 2159 4682 ore

2344 4629 2564 4682 Δίκαιόν
2598 4629 2750 4682 ἐστιν
2798 4629 2883 4682 ὅτι
2926 4628 3160 4697 μάλιστα
3203 4628 3262 4679 ὲν
3296 4626 3376 4696 τῷ
3416 4629 3657 4700 παρόντι
3691 4630 3859 4701 καιρῷ

584 4724 851 4784 omnium,
905 4720 1000 4790 qui
1064 4719 1504 4790 persecutionem
1558 4719 1706 4788 passi
1764 4728 1929 4784 sunt,
1984 4720 2172 4789 parari

586 4813 825 4876 laudem,
892 4812 1131 4880 primum
1191 4811 1412 4881 quidem
1483 4810 1705 4866 Christo
1782 4810 2170 4866 universorum

586 4907 700 4977 regi
733 4924 747 4959 :
797 4905 992 4971 deinde
1020 4912 1225 4969 vestro,
1274 4904 1540 4959 divinitus
1575 4905 1876 4959 constituto
1916 4906 2170 4975 imperio,

585 5014 683 5069 per
720 4999 864 5068 quod
900 4998 1077 5068 adepti
1107 5013 1301 5054 sumus
1326 4997 1717 5052 relaxationem
1748 4998 1940 5064 vincti,
1972 4999 2169 5055 dimis-

586 5092 799 5146 sionem
822 5091 1114 5155 carcer-ali,
1158 5090 1594 5147 consolationem
1634 5089 1841 5156 aﬂlicti,
1875 5091 2168 5147 sanitatem

588 5185 884 5250 vulnerati,
913 5185 1223 5240 libertatem
1254 5172 1634 5247 condemnati,
1661 5185 1896 5239 reditum
1924 5185 2168 5241 exsules.

589 5278 657 5334 Et
675 5279 893 5349 quidem
918 5289 1064 5333 recte
1076 5278 1266 5333 videor
1284 5277 1597 5332 existimare
1616 5275 1975 5333 imitationem
2004 5279 2171 5334 Chri-

590 5374 662 5429 sti
709 5373 997 5442 imperium
1055 5382 1296 5427 vestrum
1350 5370 1641 5425 futurum:
1681 5378 1741 5425 ut
1779 5370 1959 5425 simile
1999 5371 2166 5428 simili

591 5463 845 5531 reddens,
878 5464 1024 5519 dicat
1050 5480 1197 5519 nunc
1239 5466 1294 5520 et
1333 5463 1535 5534 ipsum,
1562 5478 1687 5518 cum
1711 5460 1931 5519 Christo
1961 5473 2016 5519 et
2044 5472 2169 5533 post

591 5556 895 5622 ChriStum,
935 5558 1015 5610 his
1064 5560 1155 5628 qui
1187 5556 1484 5610 vinctisum
1516 5569 1533 5608 :
1574 5553 1765 5618 Exite;
1794 5564 1850 5607 et
1876 5555 1957 5608 his
1983 5556 2074 5623 qui
2111 5555 2168 5608 in

594 5647 819 5702 tenebris
851 5664 869 5701 :
908 5647 1293 5702 Reuelamini"
1317 5688 1333 5713 ,
1375 5656 1430 5703 et
1467 5664 1480 5701 :
1541 5645 1855 5701 Benedictus
1908 5645 2166 5701 Dominus

668 5836 923 5896 "Matth.
950 5855 1059 5904 χιι,
1093 5840 1174 5894 il.
1239 5840 1278 5871 ³³
1304 5837 1494 5894 Matth.
1522 5853 1655 5905 χχιι,
1692 5836 1777 5891 21.
1843 5836 1886 5868 ν·
1918 5835 2020 5891 lsa.
2046 5850 2191 5899 χιιι,
2219 5832 2272 5886 9.

2276 4721 2342 4774 ὲκ
2381 4721 2650 4791 στόματος
2681 4722 2936 4775 ἁπάντων
2970 4720 3079 4774 τῶν
3114 4719 3497 4790 δεδιωγμένων
3534 4723 3855 4790 καταρτίζε-

2278 4815 2405 4869 σθαι
2438 4811 2607 4878 αἶνον,
2643 4813 3079 4886 προηγουμένως
3121 4813 3220 4883 μὲν
3252 4811 3481 4883 Χριστῷ
3524 4812 3607 4881 τῷ
3647 4813 3849 4881 παμϐα-

2279 4907 2448 4971 σιλεῖ,
2481 4906 2674 4959 ἔπειτα
2701 4907 2779 4975 τῷ
2813 4904 3066 4977 ὑμετέρῳ
3100 4901 3493 4975 θεοπροϐλήτῳ
3526 4902 3761 4972 κράτει,
3792 4903 3854 4955 δι’

2278 4993 2339 5053 οὗ
2365 4999 2679 5069 ἐσχήκαμεν
2710 4998 2811 5066 τὴν
2849 4995 3229 5065 ἀπολύτρωσιν
3262 4992 3312 5044 οἱ
3340 4992 3739 5061 πεπεδημένοι,
3764 4991 3853 5062 τὴν

2276 5090 2471 5159 ἄφεσιν
2497 5092 2546 5143 οἱ
2591 5087 3063 5158 πεφυλακισμένοι
3088 5125 3105 5151 ,
3136 5084 3239 5155 τὴν
3277 5082 3637 5153 παράκλησιν
3676 5085 3724 5136 οἱ
3768 5102 3852 5136 ςε-

2276 5184 2643 5253 τρυχωμένοι,
2678 5184 2779 5253 τὴν
2808 5180 3022 5248 ὑγίειαν
3059 5177 3110 5230 oi
3156 5175 3723 5245 τετραυματισμένοι,
3761 5177 3853 5247 τὴν

2276 5275 2598 5347 παρρησίαν
2653 5275 2702 5327 oi
2746 5267 3212 5340 κατακεκριμένοι
3240 5265 3396 5339 [Reg.
3452 5269 3573 5323 cod.
3628 5286 3853 5323 κατακε-

2274 5367 2646 5442 κρυμμένοι],
2702 5367 2801 5437 τὴν
2853 5360 3201 5433 ὑποστροφὴν
3250 5362 3302 5415 oi
3359 5361 3849 5434 πεφυγαδευμένοι.

2278 5458 2389 5513 Kal
2426 5477 2484 5541 γε
2514 5459 2721 5531 νομίζω
2746 5456 2927 5518 καλῶς
2952 5451 3384 5523 ὑπολαμϐάνειν,
3406 5452 3483 5516 ὡς
3508 5451 3851 5507 ὑποτύπωσιν

2276 5552 2517 5625 Χριστοῦ
2546 5553 2609 5606 τὸ
2634 5553 2735 5621 τῆς
2763 5546 3034 5620 ὑμετέρας
3060 5544 3341 5616 βασιλείας
3372 5544 3550 5610 πάθος
3575 5547 3852 5617 προϋπάρ-

2277 5646 2383 5712 ξαι·
2418 5646 2494 5710 ὡς
2525 5644 2592 5700 ἂν
2623 5643 2701 5715 τῷ
2730 5640 2901 5711 ὁμοίῳ
2928 5639 2988 5693 τὸ
3014 5638 3197 5710 ὅμοιον
3247 5639 3535 5710 δράσασα,
3580 5639 3727 5692 circa:
3765 5637 3853 5693 νῦν
