3990 6318
197 364 341 433 1309

1383 373 1916 433 EPISTOLARUM
1971 375 2118 437 LIB.
2165 377 2246 468 ll.

3315 371 3454 436 1310

191 491 290 540 καὶ
337 485 474 553 αὑτὴ
528 487 624 538 σὺν
656 484 874 556 Χριστῷ
920 487 1011 538 καὶ
1057 491 1195 555 μετὰ
1229 488 1489 557 Χριστοῦ,
1522 488 1648 553 τοῖς
1697 488 1766 542 ἐν

1872 486 2008 543 Deus
2038 491 2233 554 Israel,
2295 493 2546 561 quoniam
2576 492 2741 545 erexit
2765 506 2930 544 cornu
2971 488 3163 542 salutis
3211 487 3360 540 nobis
3383 486 3451 553 “’,

190 577 467 647 δεσμοῖς,
505 577 827 640 Ἔξέλθετε·
861 577 1106 644 καὶτοῖς
1143 578 1213 631 ἐν
1239 577 1319 643 τῷ
1341 582 1545 635 σκότει
1567 581 1766 645 ,Ἀνα-

191 674 600 726 Μλύπτεσυε.
641 671 769 734 Καὶ,
803 672 1150 740 Εὐλογητὸς
1176 675 1387 743 Κύριος
1423 679 1456 729 ὁ
1486 676 1630 742 Θεὸς
1658 675 1766 729 τοῦ

205 760 481 828 Ἰσραὴλ,
525 763 613 815 ὅτι
666 761 862 830 ἤγειρε
903 764 1081 831 κέρας
1122 767 1418 833 σωτηρίας
1456 768 1619 836 ἡμῖν,
1674 768 1766 821 τὸν

189 854 318 906 νέον
348 854 527 919 Δαυῖδ,
562 856 654 907 τὸν
684 855 934 924 δεύτερον
984 857 1216 920 Ἰωσίαν,
1244 858 1338 911 τὸν
1381 861 1481 929 τῆς
1512 862 1768 930 εἰρηναρ-

191 944 325 1010 χίας
358 943 599 1012 βασιλέαο
644 945 702 1007 ὃς
745 947 916 998 ποιῶν
945 949 1162 1018 ποιήσει
1190 950 1258 1004 τά
1291 950 1497 1020 ἀρεστὰ
1527 950 1645 1018 Θεῷ
1666 966 1679 979 ·
1710 949 1769 1011 ὃς

188 1038 267 1088 τὰ
320 1037 644 1089 πεπτωκότα
694 1039 1060 1109 ἀναστήσειέ·
1099 1042 1167 1093 τὰ
1215 1042 1582 1112 διατμηθέντα
1641 1061 1768 1096 συν-

192 1128 382 1193 άψειε·
425 1131 656 1198 μοτώσει
689 1132 783 1183 καὶ
814 1134 1026 1198 ὑγιάσει
1054 1151 1068 1164 ·
1106 1137 1198 1187 καὶ
1245 1138 1310 1205 τῇ
1349 1136 1506 1206 τρίτῃ
1555 1137 1768 1206 ήμέρᾳ,

189 1221 554 1288 προφητικῶς
590 1225 785 1283 είπειν.
816 1225 1187 1293 ἀναστήσειεν.
1235 1227 1452 1296 Ἐπειδὴ
1482 1228 1538 1280 δὲ
1560 1269 1571 1283 .
1613 1227 1770 1297 βασι-

188 1312 292 1364 λεῦ
323 1314 756 1384 Χριστομίμητε,
788 1319 839 1367 οἱ
887 1315 1188 1383 φθάσαντες
1217 1318 1272 1368 ἐν
1311 1321 1375 1386 τῇ
1418 1319 1630 1385 αἱρέσει
1676 1336 1766 1371 τε-

187 1406 454 1474 λευτῆσαι
475 1410 532 1458 ὲν
564 1407 740 1476 μερίδι
768 1407 1044 1469 ἀπωλείας
1083 1407 1306 1478 ᾤχοντο,
1340 1409 1573 1479 Χριστὸν
1600 1411 1772 1479 ήρνη-

192 1499 353 1565 μένοι
386 1501 449 1566 τῇ
486 1498 587 1565 τῆς
625 1498 833 1561 εἰκόνος
881 1499 1044 1551 αὑτοῦ
1078 1500 1337 1569 ἀρνήσει,
1365 1499 1471 1551 κᾶν
1503 1501 1767 1568 Χριστια-

187 1591 279 1642 νοὶ
324 1590 713 1658 ὀνομάζωνται.
765 1592 837 1644 Τὸ
864 1591 972 1661 γάρ
1003 1609 1082 1643 τοι
1113 1593 1386 1644 πιστεύειν
1421 1595 1502 1654 εἰς
1537 1595 1770 1663 Χριστὸν

186 1684 348 1734 οὐδὲν
379 1683 564 1750 ἕτερόν
594 1683 766 1747 ἐστιν,
807 1682 839 1752 ἢ
891 1684 974 1734 ὅτι
1003 1684 1031 1734 ὁ
1068 1682 1193 1746 Υἱὸς
1230 1684 1322 1735 τοῦ
1353 1683 1488 1736 Θεοῦ
1532 1687 1628 1737 καὶ
1667 1688 1774 1738 Πα-

185 1775 344 1844 τρδς.
374 1774 657 1843 ἄνθρωπος
683 1773 922 1841 γεγονὼς
952 1774 1154 1836 τέλειος
1180 1814 1194 1838 ,
1227 1774 1612 1838 έξεικονίζεται
1642 1777 1764 1829 καθ’

185 1865 455 1931 ὁμοίωσιν
508 1864 684 1933 ήμῶψ
727 1864 812 1916 ἵνα
857 1864 930 1935 μὴ
984 1863 1113 1916 ἄλλο
1163 1882 1213 1918 τι
1267 1866 1350 1930 εἰη
1401 1867 1532 1935 παρ’
1579 1869 1759 1936 ήμᾶςο
1797 1845 1840 1900 Β

189 1956 378 2023 μένων
431 1958 458 2008 ὁ
516 1956 676 2018 αὐτὸς
724 1956 1138 2024 ἀπερίγραπτος
1197 1957 1294 2009 σὺν
1347 1957 1522 2028 Πατρί
1567 1976 1626 2012 τε
1671 1958 1766 2013 καὶ

185 2049 500 2116 Πνεύματι,
526 2045 663 2099 καθό
686 2048 802 2098 ἐστι
829 2047 959 2109 Θεὸς
983 2047 1251 2117 ἀληθινός.
1277 2047 1464 2109 Οὕτως
1486 2045 1578 2103 οῦν
1598 2052 1767 2104 νοοῖτο

190 2141 426 2210 μεσίτης
455 2139 588 2191 Θεοῦ
630 2140 723 2191 καὶ
775 2138 1097 2208 ἀνθρώπωψ
1129 2140 1205 2202 ὼς
1235 2141 1560 2212 ἀμφοτέρων
1593 2142 1768 2210 ἀμφό-

183 2249 326 2301 τερα
370 2232 530 2298 ἔχων,
577 2232 670 2284 καὶ
698 2232 754 2282 ὲν
803 2231 1044 2301 ἐκατέρῳ
1073 2232 1182 2284 οὐδ’
1211 2232 1389 2284 ὁτιοῦν
1425 2232 1763 2302 λειπόμενοςο

185 2323 380 2384 καθὼς
415 2323 558 2383 ἄπας
590 2323 616 2374 ό
642 2324 752 2375 τῶν
783 2323 1058 2394 θεοφόρων
1086 2325 1249 2394 χορὸς
1284 2325 1403 2396 βοᾷ.
1436 2327 1545 2380 Καὶ
1579 2326 1766 2397 ὥσπερ

187 2421 285 2469 ἐπὶ
317 2416 414 2468 τοῦ
447 2417 712 2486 ὑμετέρου
741 2417 1030 2487 κράτουςή
1062 2419 1341 2490 παραδοχὴ
1371 2422 1470 2489 τῆς
1495 2424 1769 2490 τυπουμέ-

185 2527 288 2577 νης
340 2509 568 2571 εἰκόνος,
617 2510 876 2578 ὁμολογία
927 2511 1044 2562 ἐστὶ
1087 2512 1182 2564 τοῦ
1234 2513 1538 2580 βασιλεύειν
1585 2517 1766 2585 ὑμᾶς.

185 2601 447 2667 καθάπερ
478 2599 573 2651 καὶ
609 2599 670 2651 τὸ
697 2600 950 2669 ἔμπαλιψ
991 2599 1133 2654 οῦτω
1159 2603 1254 2654 καὶ
1284 2604 1376 2656 ἐπὶ
1411 2605 1648 2675 Χριστοῦ
1671 2607 1766 2659 τοῦ

188 2691 460 2759 βασιλέως
496 2690 675 2760 πάσης
708 2692 808 2760 τῆς
845 2693 980 2761 γῆς,
1021 2693 1080 2744 τὸ
1109 2693 1239 2746 αὐτὸ
1282 2693 1397 2748 ἐστι
1439 2682 1642 2763 λαϐεῖν,
1673 2699 1766 2751 καὶ

189 2781 374 2848 πολλῷ
409 2782 622 2849 μᾶλλον,
649 2783 730 2835 ὅτι
777 2783 886 2850 τῆς
906 2784 1230 2850 βασιλείας
1249 2787 1434 2840 αὐτοῦ
1459 2791 1569 2842 οὐκ
1598 2790 1768 2844 ἔσται

187 2872 389 2937 τέλος.
426 2874 486 2924 Εἰ
515 2869 607 2925 οὖν
639 2875 696 2925 ἐν
745 2875 809 2943 τῇ
840 2875 1065 2944 ἀρνήσει
1108 2877 1206 2946 τῆς
1250 2878 1456 2939 εἰκόνος
1505 2881 1764 2952 Χριστοῦ,

188 2963 358 3017 αὐτόν
385 2965 655 3034 ⁴Ιδιρνῆσθαι
681 2966 916 3033 Χριστὸν
938 2967 1314 3022 ἀποδέδεικται
1341 2971 1489 3042 πάσῃ
1516 2973 1765 3045 ἀληθεία·

188 3055 440 3122 δηλονότι
489 3057 580 3108 καὶ
621 3056 678 3107 ὲν
725 3058 788 3126 τῇ
851 3056 1107 3125 ἀθετήσει
1160 3060 1259 3126 τῆς
1342 3065 1766 3135 προσκυνήσεως

188 3146 386 3214 αὐτῆς,
420 3146 580 3209 αὐτὸς
611 3147 842 3216 Χριστὸς
877 3148 1137 3216 ήθέτηται
1173 3155 1616 3220 προσκυνεῖσθαι.
1660 3159 1769 3210 Καὶ

189 3236 277 3291 διὰ
306 3237 469 3290 τοῦτο
502 3241 534 3307 ή
567 3239 656 3290 ὑπ’
694 3240 922 3310 οὐρανὸν
953 3241 1048 3293 ἀπ’
1082 3242 1246 3295 αὑτοῦ
1282 3246 1374 3297 τοῦ
1406 3248 1763 3303 ἀποστολικοῦ

192 3329 572 3398 κηρύγματος·
600 3329 675 3392 ὡς
708 3334 973 3401 μαρτυρεί
1014 3335 1108 3385 καὶ
1145 3335 1177 3402 ἡ
1208 3334 1331 3402 ὄψις
1373 3336 1438 3389 δι’
1484 3340 1724 3410 ἰστορίας
1747 3382 1762 3405 ,

192 3423 288 3473 καὶ
333 3422 366 3490 ή
409 3421 544 3488 ἀκοὴ
577 3420 664 3472 διὰ
695 3421 1084 3490 λογογραφίας·
1114 3425 1211 3495 τήν
1240 3427 1401 3494 ἁγίαν
1429 3431 1612 3483 εἰκόνα
1641 3434 1766 3496 Χρι‹

195 3511 347 3571 στοῦ,
379 3511 483 3579 τῆς
513 3511 808 3573 Θεοτόκου,
848 3512 958 3564 τῶν
991 3514 1260 3581 ἀγγέλωνο
1295 3518 1480 3589 ἐπειδὴ
1516 3537 1765 3590 σωματο-

193 3603 536 3672 γραφοῦνται
571 3602 666 3654 καὶ
724 3596 868 3655 οῦτοι
918 3602 1343 3671 θεοκελεύστως,
1379 3609 1583 3679 καίπερ
1614 3612 1765 3675 ὄντες

194 3693 502 3763 ἀσώματοι,
530 3693 639 3745 τῶν
667 3695 808 3746 κατά
840 3694 1027 3764 καιρὸν
1063 3696 1252 3764 ἁγίων,
1295 3698 1352 3751 ἐν
1376 3717 1434 3751 τε
1461 3705 1574 3765 τοῖς
1603 3703 1766 3768 θείοις

195 3787 368 3846 ναοῖς,
405 3785 500 3837 καὶ
535 3785 700 3852 ἰεροῖς
731 3785 949 3836 σκεύεσι
983 3787 1222 3854 φέρουσά
1253 3791 1368 3841 ἐστι
1403 3794 1495 3844 καί
1530 3811 1770 3862 προσκυ-

196 3875 384 3929 νοῦσα.
428 3876 546 3928 Κᾶν
598 3875 722 3944 ἄρτι
760 3878 792 3942 ή
838 3876 960 3928 καθ’
1005 3880 1154 3959 ἡμᾶς
1209 3880 1503 3950 Ἐκκλησία
1547 3885 1771 3956 διαρῤα-

195 3970 356 4032 γεῖσα
377 3967 488 4018 τῶν
519 3969 802 4036 τεσσάρων
821 3971 1198 4040 πατριαρχῶν,
1227 3972 1468 4042 ήνόμησε
1491 3975 1765 4047 διακενῆς.

209 4060 368 4111 Ἀλλὰ
427 4060 544 4112 νῦν·
585 4061 787 4128 καιρός
828 4061 1305 4129 εὐπρόσδεκτος,
1338 4065 1574 4122 δέσποτα
1617 4070 1769 4138 φιλο-

195 4152 548 4220 χριστότατε·
591 4154 710 4205 νῦν
754 4153 942 4220 ἡμέρα
987 4156 1321 4222 σωτηρίας,
1367 4159 1772 4230 καταλλαγῆναι

193 4243 342 4310 ἡμᾶς
375 4242 629 4312 Χριστῷ,
666 4246 729 4313 τῇ
774 4245 1024 4313 μεσιτεία
1069 4247 1163 4297 καὶ
1203 4247 1425 4318 εὐδοκία
1454 4249 1550 4317 τῆς
1586 4255 1770 4321 εἰρηνο

195 4331 362 4401 ἀρχου
415 4349 510 4385 σου
567 4332 879 4400 βασιλείαςο
931 4335 1199 4404 ἐνωθῆναι
1249 4340 1398 4406 ήμᾶς
1447 4343 1511 4409 τῇ
1551 4348 1764 4413 κορυφῇ

196 4419 303 4471 τῶν
343 4421 685 4490 Ἐκκλησιῶν
709 4422 800 4474 τοῦ
823 4422 957 4474 Θεοῦ
999 4423 1209 4495 Ῥώμην
1244 4426 1337 4478 καὶ
1364 4426 1433 4480 δι’
1461 4429 1631 4499 αὐτῆς
1658 4433 1770 4492 τοῖς

1867 600 2066 638 novum
2085 584 2269 646 David,
2287 585 2513 638 alterum
2526 582 2748 646 Josiam,
2770 581 2982 653 pacillci
3001 580 3212 650 imperii
3237 595 3413 648 regem
3435 597 3449 633 :

1867 677 1960 747 qui
2007 677 2210 732 faciens
2239 678 2400 730 faciet
2425 692 2545 746 quae
2569 677 2768 744 placita
2818 684 2944 729 sunt
2969 672 3080 726 Deo
3110 689 3124 727 :
3157 672 3250 740 qui
3301 673 3454 738 lapsa

1869 769 2140 830 restituet.
2180 767 2770 835 dissecta'conjunget,
2818 764 3088 834 percutiet
3116 770 3171 816 et
3204 761 3447 824 sanabit,

1868 871 1923 914 et
1955 861 2112 914 tertia
2146 862 2252 923 die,
2288 869 2346 914 ut
2385 860 2700 929 prophetice
2753 859 2946 927 loquar
2973 857 3039 922 ¹⁶,
3072 854 3446 909 resuscitabit.

1871 953 2140 1018 Quoniam
2177 963 2382 1015 autem,
2413 951 2621 1006 Christi
2654 951 2848 1004 aemule
2876 950 3192 1017 imperator,
3227 961 3366 1015 quos
3395 946 3451 998 in

1873 1044 2063 1098 haeresi
2123 1059 2273 1097 mors
2317 1045 2620 1113 occupavit,
2678 1044 2713 1096 ii
2761 1045 2819 1096 in
2873 1040 3195 1110 perditionis
3242 1049 3452 1110 partem

1873 1137 2146 1198 abierunt,
2188 1136 2464 1190 Christum
2529 1143 2788 1200 negantes
2824 1133 2954 1187 dum
2996 1133 3116 1201 ejus
3157 1132 3454 1201 imaginem

1874 1236 2173 1299 negarunt,
2219 1228 2470 1297 quamvis
2496 1226 2795 1280 Christiani
2849 1225 3274 1294 appellarentur.
3328 1223 3456 1276 Cre-

1872 1321 2002 1374 dere
2028 1321 2172 1373 enim
2211 1320 2264 1372 in
2298 1319 2572 1373 Christmn
2620 1318 2755 1371 nihil
2790 1317 2937 1370 aliud
2965 1327 3074 1379 est,
3108 1332 3272 1384 quam
3305 1315 3455 1386 quod

1872 1410 2046 1466 Filius
2086 1412 2177 1467 Dei
2218 1422 2271 1467 et
2296 1411 2500 1476 Patris,
2539 1410 2815 1481 perfectus
2877 1412 3041 1464 homo
3075 1408 3275 1471 factus,
3317 1409 3456 1462 ima-

1874 1504 1998 1573 gine
2019 1504 2344 1571 exprimitur
2369 1503 2672 1557 secundum
2715 1502 3134 1558 similitudinem
3163 1513 3408 1555 nostram
3437 1519 3452 1554 :

1873 1605 1936 1649 ut
1965 1610 2069 1648 non
2100 1596 2172 1648 sit
2201 1595 2347 1648 aliud
2397 1595 2677 1662 quidpiam
2733 1608 2899 1661 quam
2931 1608 3122 1646 sumus
3161 1607 3260 1646 nos
3292 1610 3304 1644 :
3345 1606 3456 1644 ma-

1875 1703 2011 1741 nens
2037 1688 2178 1740 idem
2229 1687 2735 1754 incircumscriptus
2761 1701 2888 1739 cum
2928 1683 3086 1738 Patre
3120 1692 3177 1739 et
3222 1684 3452 1752 Spiritu,

1875 1789 2146 1850 quatenus
2188 1789 2271 1834 est
2329 1795 2492 1833 verus
2535 1780 2695 1834 Deus.
2747 1778 2838 1832 Sic
2878 1779 3064 1849 itaque
3112 1779 3450 1847 intelligatur

1873 1870 2139 1923 mediator
2163 1867 2257 1922 Dei
2279 1876 2334 1922 et
2370 1869 2675 1931 hominum,
2709 1877 2968 1937 tanquam
2998 1868 3285 1937 utriusque
3312 1879 3460 1922 utra-

1872 1977 1978 2029 que
2029 1961 2252 2024 habens,
2289 1969 2344 2014 ct
2394 1960 2448 2014 in
2474 1961 2680 2014 utrovis
2725 1961 2872 2014 nulla
2920 1971 3075 2030 parte
3102 1960 3399 2014 destitutus
3439 1980 3453 2016 :

1873 2051 2018 2105 sicut
2050 2051 2227 2103 omnis
2254 2059 2566 2105 sanctorum
2601 2049 2822 2104 Patrum
2858 2051 3062 2104 chorus
3095 2048 3455 2106 vociferatur.

1872 2141 1939 2196 Et
1989 2142 2132 2197 sicut
2188 2143 2242 2196 in
2299 2143 2529 2209 imperio
2594 2152 2814 2205 vestro,
2869 2157 3144 2211 expressa:
3199 2141 3451 2211 imaginis

1873 2233 2168 2301 susceptio,
2201 2233 2479 2288 confessio
2512 2241 2595 2287 est
2623 2233 2834 2302 imperii
2863 2233 3030 2288 vestri
3061 2249 3076 2294 ;
3111 2242 3166 2288 et
3204 2245 3394 2288 contra
3437 2248 3453 2286 :

1873 2325 1948 2379 ita
1976 2333 2030 2380 et
2060 2325 2114 2376 in
2146 2322 2364 2379 Christo
2401 2339 2524 2393 rege
2552 2325 2822 2379 universae
2870 2332 3031 2378 terra:
3068 2325 3208 2378 idem
3237 2340 3456 2379 sumere

1874 2416 2019 2479 licet,
2037 2430 2099 2470 ac
2129 2416 2301 2469 multo
2321 2416 2511 2485 magis,
2532 2417 2662 2485 quia
2693 2417 2842 2485 regni
2862 2416 2976 2484 ejus
3001 2432 3104 2468 non
3132 2416 3232 2468 erit
3255 2417 3452 2484 ﬁnis”.

1875 2507 1932 2562 Si
1960 2523 2090 2577 ergo
2119 2507 2170 2560 in
2205 2507 2491 2576 negatione
2521 2506 2778 2576 imaginis
2811 2506 3037 2572 Christi,
3065 2508 3249 2576 negari
3283 2507 3447 2560 Chri-

1874 2609 2018 2653 stum
2053 2600 2253 2667 ipsum,
2286 2600 2435 2652 omni
2470 2598 2699 2652 veritate
2731 2597 3165 2653 demonstratum
3191 2607 3305 2662 est;
3335 2614 3458 2667 per—

1873 2694 2122 2762 spicuum
2171 2701 2338 2746 estet
2369 2693 2422 2745 in
2453 2692 2792 2746 adorationis
2849 2692 2970 2761 ejus
3023 2692 3450 2762 improbationc,

1874 2782 2080 2838 Christi
2120 2797 2337 2852 quoque
2369 2782 2541 2848 ipsius
2564 2781 2944 2837 adorationem
2972 2781 3247 2852 abrogari.
3276 2783 3454 2851 Atque

1875 2873 1995 2927 ideo
2024 2873 2278 2926 universa
2313 2888 2433 2941 quae
2456 2873 2558 2926 sub
2585 2873 2724 2926 ccelo
2755 2881 2858 2937 est,
2897 2875 2966 2926 ab
2991 2873 3108 2942 ipsa
3141 2875 3446 2942 aposwlica

1875 2965 2277 3034 praedicatione,
2315 2974 2372 3018 ut
2407 2973 2636 3019 testatur
2661 2973 2715 3018 et
2742 2973 3002 3033 aspectus
3035 2980 3129 3034 per
3154 2965 3448 3033 picturam,

1875 3066 1929 3110 et
1964 3057 2183 3111 auditus
2221 3071 2319 3125 per
2367 3056 2567 3124 scripta
2603 3065 2983 3119 monumenta,
3025 3066 3270 3111 sanctam
3311 3057 3448 3110 ima-

1875 3148 2053 3218 ginem
2116 3147 2338 3212 Christi,
2398 3147 2661 3216 Deiparze,
2719 3147 3039 3216 angelorum
3073 3147 3446 3216 (quandoqui-

1873 3241 1994 3295 dem
2026 3249 2079 3294 et
2111 3241 2195 3294 isti
2238 3256 2360 3295 cum
2408 3255 2642 3309 corpore
2694 3239 2993 3309 pinguntur
3047 3239 3236 3292 divino
3293 3254 3450 3292 man-

1873 3334 2020 3398 dato,
2075 3332 2200 3386 licet
2241 3333 2351 3387 sint
2395 3332 2750 3400 incorporei),
2790 3339 2844 3385 et
2889 3340 3208 3384 sanctorum
3242 3331 3336 3400 qui
3365 3331 3452 3384 di-

1870 3425 2043 3481 versis
2089 3425 2424 3494 temporibus
2481 3423 2722 3488 fuerunt,
2772 3421 2826 3474 in
2879 3421 3082 3475 divinis
3111 3420 3329 3490 templis
3362 3434 3451 3473 sa-

1870 3517 2088 3585 crisque
2133 3517 2276 3569 vasis
2318 3515 2457 3585 gerit
2503 3526 2554 3569 et
2583 3515 2800 3569 adorat.
2847 3513 3115 3579 Quamvis
3141 3527 3317 3580 nuper
3341 3511 3449 3566 Ec-

1871 3609 2033 3662 clesia
2098 3615 2282 3661 nostra
2337 3622 2368 3660 a
2422 3617 2655 3674 quatuor
2702 3600 3030 3674 patriarchis
3075 3603 3308 3667 divulsa,
3355 3617 3452 3657 ne-

1874 3702 2170 3771 quidquam
2219 3700 2571 3768 praevaricata
2605 3707 2709 3752 est.
2747 3697 2854 3750 Sed
2887 3712 3025 3748 nunc
3063 3704 3263 3764 tempus
3297 3711 3449 3749 acce-

1872 3792 2086 3860 ptabile,
2153 3791 2380 3846 Domine
2435 3789 2641 3844 Christi
2696 3789 3097 3853 amantissime,
3147 3805 3282 3841 nunc
3334 3788 3449 3841 dies

1873 3883 2064 3937 salutis
2088 3883 2131 3915 ¹⁸
2168 3903 2180 3937 :
2220 3894 2280 3936 ut
2331 3883 2747 3938 reconciliemur
2779 3896 2880 3936 nos
2913 3881 3157 3946 Christo,
3217 3881 3446 3950 auspice

1874 3984 1930 4029 et
1961 3975 2310 4030 conciliatore
2357 3985 2546 4044 pacato
2577 3974 2808 4042 imperio
2839 3981 2934 4026 tuo
2967 3989 2982 4025 :
3043 3981 3104 4026 ut
3185 3973 3450 4024 uniamur

1876 4083 1978 4122 nos
2027 4067 2218 4121 vertici
2254 4065 2618 4120 Ecclesiarum
2678 4065 2772 4119 Dei
2827 4063 3035 4128 Romae,
3076 4072 3130 4118 et
3181 4077 3276 4132 per
3324 4076 3448 4116 eam

1875 4160 2047 4213 tribus
2109 4157 2434 4225 patriarchis
2460 4175 2472 4211 :
2514 4167 2574 4210 ut
2607 4157 2942 4209 unanimiter
2972 4171 3083 4208 uno
3113 4169 3209 4208 ore
3239 4151 3449 4222 gloriﬁ-

1872 4265 2060 4305 cemus
2093 4248 2261 4305 Deum
2297 4258 2351 4306 et
2394 4249 2610 4304 Patrem
2659 4248 2872 4302 Domini
2905 4249 3076 4302 nostri
3123 4245 3254 4301 Jesu
3288 4245 3451 4300 Chri-

1870 4341 1962 4404 sti,
2020 4356 2150 4395 cum
2203 4340 2344 4395 Filio
2378 4351 2432 4395 et
2478 4339 2683 4410 Spiritu
2743 4347 2956 4402 sancto,
3003 4338 3341 4392 celebrantes
3395 4341 3454 4389 et

1869 4443 2111 4489 vestrum
2147 4435 2453 4503 piissimum
2487 4443 2541 4488 et
2575 4433 2732 4487 valde
2782 4431 3022 4500 optabile
3061 4429 3377 4498 imperium.
3427 4497 3431 4501 ι

194 4514 341 4580 τρισὶ
371 4517 779 4584 πατριάρχαις·
813 4516 898 4567 ἵνα
944 4517 1287 4586 ὁμοθυμαδὸν
1334 4521 1390 4571 ἐν
1429 4523 1529 4578 ἑνὶ.
1569 4524 1798 4593 στόματι
1832 4525 2144 4598 δοξάζωμεν
2179 4529 2270 4580 τὸν
2303 4527 2437 4579 Θεὸν
2483 4529 2577 4580 καὶ
2632 4526 2852 4595 Πατέρα
2900 4523 2996 4576 τοῦ
3039 4522 3244 4593 Κυρίου
3289 4519 3452 4592 ήμῶν

209 4605 383 4674 Ἰησοῦ
432 4607 705 4678 Χριστοῦ,
751 4607 849 4659 σὺν
925 4607 1004 4677 τῷ
1037 4608 1150 4679 Υἰῴ
1182 4611 1276 4663 καὶ
1325 4613 1603 4676 Πνεύματι
1677 4615 1838 4688 ἁγίῳ·
1878 4620 2272 4689 μεγαλύνοντες
2310 4619 2405 4673 καὶ
2441 4619 2539 4689 τὴν
2582 4619 2858 4688 ὑμετέραν
2901 4614 3306 4685 εὐσεϐεστάτην
3357 4613 3453 4666 καὶ

197 4704 526 4758 πολύευκτον
555 4703 857 4774 βασιλείαν.

398 4839 521 4890 OE'.
547 4865 618 4876 —
638 4835 917 4905 Στεφάνῳ
958 4836 1338 4904 Ἀσηκρῆτις.
1369 4837 1553 4912 [ubst]

2193 4838 2403 4895 LXXV.
2430 4868 2500 4881 —
2533 4837 2798 4906 Stephano
2825 4853 2858 4890 α
2886 4837 3108 4892 Secretis

194 4948 268 4997 De
300 4949 482 5000 Leonis
521 4953 724 5000 Armeni
765 4965 907 5002 nece.
943 4953 1174 5013 Quaedam
1204 4955 1385 5023 deinde
1425 4969 1512 5015 pro
1555 4958 1848 5023 defensione
1870 4962 2138 5023 imaginum
2165 4973 2176 5006 :
2203 4963 2362 5019 utque
2419 4957 2700 5018 Stephanus
2740 4954 2837 5007 iste
2868 4954 3252 5006 orlhodoxorum
3289 4968 3449 5008 causa

1337 5017 1494 5066 faveat
1526 5021 1652 5079 apud
1679 5034 1860 5070 novum
1886 5017 2258 5084 imperatorem.

384 5122 504 5187 μὲν,
535 5137 581 5172 ω
611 5119 866 5188 φιλότης,
911 5121 1366 5190 προσηγόρευσας
1405 5123 1556 5191 ἡμᾶς
1597 5124 1766 5176 πάλαι

1942 5127 2020 5179 Tu
2087 5124 2332 5194 quidem,
2379 5122 2573 5184 amice,
2631 5120 2842 5174 salvere
2896 5133 2995 5173 nos
3047 5118 3177 5171 olim
3221 5116 3439 5185 iussisti

196 5207 280 5262 διὰ
327 5215 513 5283 φωνῆς
547 5213 640 5265 τοῦ
689 5211 1056 5283 φρουροῦντος
1103 5215 1272 5283 ήμᾶςο
1322 5207 1383 5266 οὗ
1433 5215 1766 5286 ρυσθείημεν

197 5301 490 5373 ἀμφότεροι
518 5306 617 5373 τῆς
646 5304 861 5372 μανίας.
904 5304 1166 5374 Ἐπείπερ
1197 5305 1346 5357 ἐστὶν
1396 5306 1765 5376 ὑπερϐαλλόν-

199 5406 302 5453 τως
355 5396 535 5450 πνέων
576 5396 807 5466 ἀπειλῆς
854 5397 949 5450 καὶ
996 5396 1168 5467 θυμοῦ
1210 5400 1289 5460 εἰς
1323 5399 1451 5461 τοὺς
1495 5399 1762 5461 εὐσεϐεῖς·

199 5482 408 5551 δεσμῶν
438 5506 496 5542 τε
546 5491 640 5541 καὶ
684 5488 956 5558 φρουρῶν,
992 5489 1220 5552 αἰκίζων
1273 5505 1332 5541 τε
1395 5490 1492 5542 καὶ
1545 5490 1766 5560 πορθῶν

200 5579 294 5643 τὰς
327 5585 624 5658 ἐκκλησίας
666 5584 761 5641 τοῦ
796 5585 931 5640 Θεοῦ
985 5587 1086 5638 σὺν
1124 5586 1277 5657 πάσῃ
1307 5585 1627 5656 βλασφημίᾳ
1671 5585 1765 5638 καὶ

202 5677 481 5747 παροινίᾳ»
516 5679 592 5741 ὡς
638 5679 738 5731 οὐκ
783 5673 879 5731 οἶδ’
913 5679 966 5732 εἴ
1005 5693 1087 5739 τις
1115 5675 1269 5738 ἄλλος
1302 5677 1410 5728 τῶν
1444 5677 1502 5728 ὲν
1538 5675 1764 5746 ἀσεϐείᾳ

274 5786 318 5818 ⁸³
349 5788 477 5848 Luc.
541 5811 577 5858 ι,
615 5795 683 5851 68
743 5794 832 5850 69.
913 5796 954 5827 ¹⁶
985 5793 1111 5850 ()sc.
1136 5810 1209 5859 Vl,
1249 5794 1303 5861 ‘2,
1341 5795 1392 5849 3.

1475 5795 1515 5826 ιτ
1547 5793 1677 5849 Luc.
1713 5809 1752 5859 ι,
1781 5793 1867 5847 55.

1874 5217 2021 5271 illius
2064 5230 2160 5269 ore
2203 5229 2234 5267 a
2274 5228 2385 5282 quo
2413 5213 2612 5281 captivi
2661 5219 2912 5264 tenemur
2945 5227 2958 5262 :
3000 5223 3032 5262 a
3060 5207 3225 5276 cujus
3260 5207 3446 5261 furore

1873 5310 2081 5363 utinam
2108 5307 2268 5362 ambo
2292 5306 2606 5360 liberemur.
2656 5303 2868 5372 Quippe
2917 5301 3096 5355 minas
3125 5314 3287 5368 supra
3320 5315 3445 5352 mo-

1872 5402 2004 5455 dum
2056 5399 2306 5467 iramque
2357 5398 2528 5465 spirat
2560 5396 2614 5449 in
2655 5409 2752 5448 eos
2782 5392 2876 5462 qui
2919 5393 3173 5461 pietatem
3205 5391 3391 5444 colunt
3426 5408 3442 5444 :

1872 5491 1928 5544 in
1962 5489 2182 5543 vincula
2211 5489 2601 5555 custodiasque
2632 5484 2954 5553 conjiciens,
2986 5482 3225 5546 ctedens,
3281 5489 3448 5548 atque

1872 5582 2144 5638 Ecclesias
2189 5580 2282 5635 Dei
2333 5590 2574 5641 vastans.
2624 5594 2749 5633 cum
2805 5576 2954 5631 omni
2999 5575 3354 5644 blasphemiae
3389 5581 3447 5626 et

1871 5675 2216 5732 contumeliae
2260 5688 2502 5744 genere:
2545 5671 2819 5743 quomodo
2866 5669 3010 5725 haud
3052 5670 3166 5724 scio
3203 5683 3271 5722 an
3304 5666 3446 5721 alius

1950 5791 1991 5822 "
2025 5789 2066 5843 ll
2098 5787 2222 5849 Cor.
2261 5803 2331 5850 vt,
2360 5787 2416 5841 2.
