3990 6318
572 378 704 440 1311

1733 383 1796 443 S.
1839 382 2237 444 THEODORI

2308 382 2658 442 STUDITAE
3725 379 3858 445 1312

566 487 742 554 egerit
769 501 960 540 eorum
993 487 1089 558 qui
1145 488 1424 559 impietate
1460 492 1654 545 I'amosi
1705 492 1986 545 exstitere.
2038 492 2151 561 Ego

2267 489 2746 559 κατεγνωσμένων.
2790 488 2933 556 Ἐγὼ
2969 487 3026 542 δέ
3063 505 3158 542 σου
3191 487 3404 541 ἐπαινῶ
3435 487 3501 540 τὸ
3522 485 3848 556 φιλόσοφον·

564 597 694 635 vero
726 581 967 635 animum
1025 591 1180 636 tuum
1226 584 1666 653 philosophicum
1726 584 1910 648 laudo,
1945 593 2001 638 et
2026 585 2150 653 qui-

563 673 686 724 dem
718 674 842 741 jure
863 673 1093 740 optimo.
1125 675 1260 730 Nam
1292 676 1603 746 philosophi
1644 675 1768 743 fuit,
1800 691 1948 743 eam,
1981 692 2149 747 quam

562 763 693 829 scis,
732 765 875 833 apud
910 765 1297 835 imperatorem
1333 769 1572 824 edidisse
1605 784 1818 836 vocem,
1852 770 2070 840 aliaque
2094 775 2152 823 et

563 857 789 920 dixisse,
823 867 877 911 et
914 859 1163 912 molitum
1202 875 1321 914 esse
1353 876 1453 929 pro
1496 862 1848 917 restitutione
1879 861 2148 917 Ecclesia:

565 958 768 1002 nostra:
793 950 1070 1020 collapsas.
1095 951 1159 1004 Et
1185 967 1319 1008 sane
1346 954 1589 1022 oportuit
1620 955 1922 1023 sapientem
1945 958 2148 1020 virum,

562 1042 720 1110 cujus
754 1042 926 1111 pietas
962 1056 1246 1113 perspecta
1275 1056 1440 1111 esset,
1469 1047 1520 1100 id
1553 1057 1812 1117 prastare
1854 1049 2001 1116 quod
2034 1057 2149 1102 tum

561 1151 593 1188 e
631 1151 688 1188 re
737 1150 835 1189 sua
897 1146 1036 1200 erat,
1073 1149 1188 1190 tum
1242 1154 1273 1192 e
1323 1153 1380 1193 re
1433 1141 1600 1195 torius
1635 1143 1888 1210 corporis
1920 1142 2148 1206 Christi,

563 1230 708 1296 quod
753 1229 923 1283 draco
963 1231 1050 1284 ille
1101 1247 1336 1302 magnus
1377 1234 1719 1300 dilaceravit,
1758 1236 1852 1288 ille
1878 1246 2150 1304 apostata,

565 1321 654 1373 ille
683 1330 966 1376 tortuosus
996 1325 1213 1392 anguis,
1251 1327 1339 1381 ille
1373 1327 1699 1382 Antichristi
1732 1344 2060 1398 praecursor,
2088 1345 2154 1384 os

565 1410 839 1480 impurum
881 1423 935 1467 et
997 1417 1312 1481 scelestum,
1363 1418 1455 1472 ille
1498 1418 1592 1487 qui
1643 1434 1809 1487 supra
1858 1435 2021 1474 omne
2056 1419 2152 1475 Dei

565 1506 825 1572 templum
853 1507 1135 1562 extollitur
1158 1511 1224 1574 ¹⁹,
1283 1525 1439 1564 mens
1492 1511 1580 1564 illa
1608 1511 1854 1581 Assyria,
1904 1511 2154 1566 barbari-

566 1596 781 1649 cnsille
812 1597 1064 1662 abortus,
1120 1613 1318 1654 manus
1384 1601 1474 1654 illa
1505 1601 1684 1670 qualis
1738 1600 1974 1672 Rapsaci
2026 1601 2149 1667 fuit,

565 1686 700 1740 illud
731 1703 828 1742 cor
865 1687 971 1742 Deo
1017 1701 1385 1756 exsecratum,
1439 1693 1528 1746 ille
1601 1702 1750 1749 totus
1793 1705 2035 1763 quantus
2068 1703 2155 1750 est

568 1776 786 1832 Satanae
813 1768 1101 1850 minister;
1151 1799 1271 1850 nec,
1309 1785 1511 1855 quibus
1542 1787 1726 1842 verbis
1768 1799 1976 1856 pestem
2013 1788 2155 1843 hanc

2250 584 2344 637 xui
2375 583 2521 654 μάλα
2567 584 2813 645 εἰκότως.
2838 584 3134 652 Φιλόσοφον
3164 586 3274 653 γάρ
3302 584 3364 637 τὸ
3397 584 3566 656 ῥῆξαί
3606 601 3670 637 σε
3734 601 3845 652 φω-

2251 680 2347 746 νὴν
2387 677 2480 728 ἐπὶ
2510 675 2604 728 τοῦ
2634 677 2870 745 κράτους
2893 675 2960 746 ἣν
3011 672 3181 741 οἶδας
3213 680 3284 731 τά
3327 695 3388 729 τε
3422 677 3598 730 λοιπά
3629 694 3728 729 σου
3760 677 3852 729 λα-

2250 767 2470 837 λήματά
2532 783 2590 819 τε
2651 767 2748 820 καὶ
2815 767 3212 839 σπουδάσματα
3282 769 3424 840 ὑπὲρ
3489 769 3852 840 ἀνακλήσεως

2250 859 2348 928 τῆς
2382 859 2736 921 πεπτωκυίας
2769 859 2894 914 καθ’
2929 861 3077 930 ἡμᾶς
3105 861 3460 931 Ἐκκλησίας.
3516 863 3639 915 Καὶ
3691 862 3853 925 ὅντως

2251 951 2360 1003 εδει
2394 952 2484 1005 τὸν
2518 952 2678 1021 σοφὸν
2706 952 2894 1023 ἄνδρα,
2926 955 3021 1006 καὶ
3049 955 3454 1023 διεγνωσμένον
3487 957 3547 1006 ὲν
3575 955 3851 1024 εὐσεϐείᾳ,

2251 1044 2410 1098 τοῦτο
2455 1046 2607 1116 δρᾷψ
2647 1046 2786 1116 πρός
2814 1064 2873 1100 τε
2905 1047 2964 1100 τὸ
3007 1050 3208 1101 οἰκεῖον
3251 1047 3568 1116 συμφέρον,
3619 1048 3723 1098 καὶ
3767 1047 3852 1098 τοῦ

2253 1137 2376 1189 ὅλου
2405 1139 2660 1207 σώματος
2683 1140 2945 1209 Χριστοῦ·
2969 1141 2996 1193 ὃ
3023 1142 3270 1212 διέτεμεν
3294 1141 3322 1193 6
3349 1141 3578 1210 δράκων
3605 1142 3634 1192 6
3663 1140 3850 1208 μέγας,

2253 1227 2281 1278 6
2323 1229 2656 1295 ἀποστάτης,
2705 1233 2733 1283 6
2787 1231 2999 1294 σκολιὸς
3047 1232 3210 1300 δφις,
3251 1232 3315 1286 τὸ
3351 1231 3709 1302 προεισόδιον
3767 1229 3854 1283 τοῦ

2256 1319 2671 1391 Ἀντιχρίστου,
2714 1324 2746 1392 ὴ
2793 1327 2966 1394 μιαρὰ
3015 1325 3112 1376 καὶ
3156 1324 3486 1394 βλάσφημος
3520 1323 3785 1391 γλῶσσα,
3828 1323 3855 1374 6

2257 1412 2695 1483 ὑπεραιρόμενος
2734 1416 2828 1466 ἐπὶ
2863 1416 3043 1468 πάντα
3075 1417 3202 1468 ναὸν
3231 1415 3369 1470 Θεοῦ
3391 1456 3405 1479 ,
3433 1418 3464 1468 6
3495 1415 3630 1476 νοῦς
3661 1417 3690 1467 6
3738 1415 3855 1466 Ἀσ-

2259 1503 2483 1574 σύριος,
2534 1506 2594 1558 τὸ
2637 1506 2972 1577 βαρϐαρικὸν
3018 1507 3312 1577 έκτρωμα,
3370 1508 3403 1576 ἡ
3453 1507 3855 1574 Ῥαψακοειδὴς

2256 1602 2379 1669 χεὶρ
2405 1644 2417 1664 ,
2451 1602 2484 1672 ἡ
2520 1601 2925 1674 Θεοκατάρατος
2972 1600 3206 1670 καρδία,
3237 1603 3264 1653 6
3302 1600 3588 1670 ὁλόσωμος
3622 1598 3720 1650 τοῦ
3758 1599 3854 1649 Σα-

2255 1696 2394 1747 τανᾶ
2425 1695 2722 1765 ὑπηρέτηςο
2757 1697 2850 1748 καὶ
2879 1695 2980 1748 οὐκ
3013 1689 3152 1746 οἷδ’ξ5
3175 1711 3225 1746 τι
3258 1695 3452 1763 φράσω
3499 1693 3737 1758 ἐπάξιον
3763 1692 3848 1743 τοῦ

2260 1786 2543 1857 ἀλιτηρίου
2577 1787 2900 1858 κωμῴδημα
2921 1805 2934 1818 ο
2966 1786 3056 1840 διὰ
3097 1785 3199 1857 τὴν
3231 1786 3596 1854 πολυώνυμον
3629 1784 3728 1836 τοῦ
3772 1785 3852 1846 ἐξ·

568 1871 646 1924 uti
673 1884 915 1927 meretur
941 1875 1271 1940 describam,
1307 1878 1442 1931 satis
1482 1879 1598 1933 scio
1632 1897 1645 1932 :
1685 1895 1809 1934 cum
1841 1881 2031 1935 multis
2057 1897 2155 1951 ap-

2267 1853 2487 1938 αγίστου
2525 1853 2982 1946 ἀσέϐειανίῐιλὴν
3008 1853 3169 1930 ἄλλου
3212 1876 3412 1946 χρόνου
3439 1853 3506 1927 τδ
3530 1875 3720 1929 ταῦτα
3742 1876 3853 1926 δια-

563 1964 756 2031 pellari
786 1967 1105 2022 numinibus
1146 1970 1324 2038 possit
1365 1969 1563 2025 nefarii
1603 1971 1845 2028 hominis
1877 1973 2151 2043 impietas.

565 2055 671 2110 Sed
710 2058 937 2113 alterius
970 2062 1237 2130 temporis
1294 2061 1463 2118 fuerit
1518 2065 1622 2119 ista
1669 2081 1952 2122 enarrare.
1996 2066 2156 2122 Nunc

563 2157 746 2204 autem
781 2152 914 2204 mihi
954 2153 1097 2207 istud
1128 2153 1292 2217 refer,
1323 2170 1357 2208 ο
1383 2157 1876 2224 desideratissime,
1915 2174 2152 2229 quomo-

563 2243 655 2303 do,
693 2251 968 2297 transacta
1022 2244 1201 2300 hieme
1233 2287 1249 2311 ,
1301 2247 1606 2309 perfectum
1656 2266 1750 2304 ver
1782 2267 1890 2305 non
1918 2262 2023 2318 est,
2057 2251 2154 2307 sed

564 2342 776 2388 tantum
826 2335 1010 2390 brevis
1039 2337 1288 2405 quaedam
1329 2340 1622 2406 serenitas,
1656 2359 1721 2398 ac
1753 2360 2031 2416 prosperae
2060 2367 2156 2404 na-

564 2426 856 2493 vigationis
885 2443 1010 2497 spes
1038 2429 1326 2500 effulgens.
1355 2431 1500 2503 Ignis
1529 2437 1838 2494 exstinctus
1869 2449 1954 2494 est
1980 2461 1992 2495 :
2023 2443 2155 2512 quid

566 2517 747 2570 adhuc
781 2515 918 2570 fumi
952 2519 1223 2588 reliquum
1252 2523 1383 2575 est?
1416 2522 1658 2578 Rursum
1706 2541 1962 2596 exsurge,
2009 2532 2159 2586 desi-

566 2609 776 2662 derium
809 2625 1015 2675 meum,
1070 2611 1266 2668 fortius
1305 2615 1531 2680 dimica,
1563 2617 1772 2673 Christi
1820 2624 2153 2680 membrum.

566 2702 683 2757 Non
719 2705 911 2759 videtis
942 2705 1192 2776 impium,
1227 2717 1284 2760 nt
1310 2708 1432 2778 igne
1457 2719 1721 2776 torretur,
1754 2717 2038 2782 quomodo
2067 2733 2157 2772 ce-

564 2799 760 2851 ciderit
787 2809 952 2868 caput
977 2811 1031 2853 et
1059 2802 1211 2855 dictu
1247 2811 1302 2856 et
1324 2804 1514 2856 auditu
1553 2807 2006 2861 exsecrandum?
2041 2808 2158 2866 Nisi

568 2906 667 2945 nos
698 2891 860 2962 hujus
907 2893 1134 2948 exitium
1187 2896 1552 2965 sapientiores
1603 2899 1815 2964 reddat,
1869 2902 2051 2972 inquit
2097 2921 2160 2960 os

569 2984 700 3038 illud
726 3001 980 3051 aureum,
1014 2988 1136 3056 quis
1167 2988 1345 3042 nostri
1375 2990 1567 3045 deinde
1601 2991 1995 3048 miserebitur?
2037 2994 2157 3051 Non

566 3077 996 3146 evigilabiinns?
1023 3095 1130 3134 non
1158 3081 1552 3152 intelligemus,
1586 3085 1692 3139 nisi
1718 3085 1977 3142 Christus
1998 3104 2153 3158 spre-

2264 1971 2517 2038 στείχειν,
2551 1969 2664 2022 Νῦν
2692 1969 2746 2021 δέ
2780 1987 2869 2040 μοι
2893 1969 3050 2022 τοῦτο
3081 1968 3255 2035 λέξον,
3285 1962 3330 2020 ὦ
3363 1968 3676 2036 τριπόθητε
3702 2009 3716 2032 ,
3747 1965 3855 2030 πῶς

2261 2061 2355 2113 τοῦ
2407 2061 2674 2131 χειμῶνος
2725 2062 3089 2131 παρελθόντος
3133 2063 3195 2115 ού
3247 2063 3435 2114 τέλεον
3470 2063 3612 2129 ξαρ,
3660 2060 3778 2112 ἀλλ’
3821 2059 3853 2129 ἢ

2265 2153 2428 2223 μόνον
2468 2153 2770 2223 καλλιωρία
2810 2171 2914 2217 τις,
2945 2156 3042 2205 καὶ
3073 2153 3440 2222 ἀπαυγασμὺς
3475 2151 3853 2221 εὐπλοήσεως.

2263 2247 2337 2299 Τὸ
2385 2246 2498 2316 πῦρ
2530 2247 2820 2300 ἔσϐεσται·
2857 2247 2909 2299 τί
2959 2247 3038 2299 ἔτι
3086 2247 3370 2308 καπνῶδες
3419 2245 3851 2309 ὑπολέλειπταις

2263 2336 2534 2407 Κινήϐητι
2561 2338 2674 2400 ἔτι,
2705 2336 2929 2406 πόοημα
2953 2337 3103 2406 ἐμόν·
3133 2337 3455 2404 διαγώνισαι
3493 2336 3727 2404 μᾶλλον,
3763 2336 3853 2405 μὲ-

2262 2427 2352 2492 λος
2381 2429 2642 2500 Χριστοῦ.
2677 2429 2790 2499 υύχ
2819 2429 2982 2496 ὁρᾶτε
3021 2429 3112 2482 τὸν
3137 2427 3580 2495 ἀσεόοκαύστην,
3613 2425 3732 2480 οἷον
3765 2429 3855 2480 πέ-

2264 2538 2504 2584 πτωκεν,
2529 2522 2790 2584 ἐξαίσιον,
2825 2523 2918 2576 καὶ
2949 2520 3301 2591 λαλούμενον,
3338 2521 3432 2574 καὶ
3475 2522 3851 2590 ἁκουόμενον;

2276 2612 2402 2664 Ἐὰν
2436 2614 2463 2664 ὁ
2496 2613 2650 2664 τοῦδε
2691 2612 2912 2683 ὄλεθρος
2939 2613 3002 2666 ού
3050 2611 3358 2683 σωφρονίσῃ
3402 2613 3551 2680 ἡμᾶς
3575 2654 3590 2670 ,
3636 2613 3803 2682 φησιν
3830 2614 3856 2663 6

2264 2704 2704 2774 Χρυσοῤῥήμων,
2747 2707 2830 2771 τίς
2863 2708 3050 2761 λοιπὸν
3090 2707 3303 2772 ἐλεήσει
3348 2708 3529 2776 ήμᾶς;
3572 2709 3694 2759 Οὐκ
3726 2710 3852 2759 ἁνα-

2263 2795 2507 2865 νήῲομεν
2533 2815 2548 2862 ;
2591 2799 2690 2852 οὐκ
2724 2801 3050 2870 ἑννοήσομεν
3079 2799 3160 2851 ὅτι
3190 2802 3237 2852 εἰ
3275 2798 3348 2868 μὴ
3378 2800 3622 2869 Χριστὸς
3655 2801 3854 2868 ἦρνητο

2263 2887 2635 2960 ἀθετουμένης
2683 2891 2849 2944 αὑτοῦ
2885 2892 2983 2962 τῆς
3033 2891 3196 2958 ἁγίας
3227 2892 3468 2956 εἰκόνος,
3515 2892 3622 2942 οὐκ
3659 2892 3728 2943 ἂν
3771 2891 3854 2940 τὶν

2263 2981 2465 3050 ταύτης
2531 2983 2795 3053 ύὸριστὴν
2855 2983 3030 3044 οὕτως
3085 2983 3456 3052 ὠλεϐρίωσενς
3523 2982 3857 3034 Ἀκούσατε

2264 3074 2469 3136 ταῦτα,
2485 3076 2681 3129 πάντα
2702 3079 2772 3131 τὰ
2795 3077 2962 3143 ἔθνηο
2978 3077 3365 3137 ἐνωτίσασθε,
3387 3073 3619 3138 πάντες
3640 3077 3695 3126 οἱ
3728 3091 3856 3126 κατ-

569 3185 620 3225 ta
660 3173 831 3240 ipsius
859 3182 1049 3227 sancta
1096 3175 1337 3244 imagine
1385 3187 1701 3245 negaretur,
1757 3196 2040 3250 nunquam
2074 3182 2158 3236 fu-

2267 3167 2576 3234 οικοῦντες
2624 3169 2737 3236 τὴν
2773 3167 3161 3238 οἰκουμένην,
3195 3168 3248 3220 τί
3291 3167 3519 3235 γέγονεν
3570 3169 3632 3218 ὲν
3694 3168 3857 3236 Γραι-

572 3271 753 3314 turum
783 3261 951 3317 fuisse
979 3273 1037 3317 ut
1070 3263 1326 3334 imaginis
1374 3277 1808 3337 contemptorem
1843 3273 1923 3326 sic
1962 3275 2158 3340 perdeo

571 3355 685 3407 ret?
720 3356 910 3408 Audite
967 3357 1099 3421 haec,
1135 3375 1310 3412 omnes
1353 3372 1526 3429 gentes
1556 3377 1575 3414 :
1617 3363 1835 3417 auribus
1877 3367 2150 3435 percipite,

571 3461 745 3498 omnes
775 3448 864 3516 qui
894 3448 1150 3502 habitatis
1191 3451 1367 3502 orbem
1385 3452 1453 3514 ὀ,
1486 3453 1617 3521 quid
1641 3452 1786 3522 apud
1849 3454 2070 3512 (ἔπεσθε
2127 3461 2405 3516 acciderit.
2473 3463 2615 3519 Ante
2673 3465 3072 3520 Antichristum
3120 3465 3496 3520 Antichristus
3537 3482 3550 3517 :

573 3541 734 3594 nobis
766 3540 918 3609 regni
943 3540 1148 3596 Christi
1185 3542 1428 3611 signum.

640 3632 778 3686 Nam
840 3633 884 3686 si
916 3635 1059 3688 istud
1097 3635 1241 3703 quod
1285 3643 1370 3688 est
1419 3635 1593 3705 ipsius
1649 3635 1842 3693 forma:
1886 3656 2164 3711 corporeae

573 3724 949 3788 simulacrum,
1011 3727 1154 3794 apud
1198 3741 1298 3780 nos
1339 3744 1448 3781 non
1482 3741 1708 3798 apparet
1745 3733 1928 3788 crucis
1975 3743 2164 3803 typum

574 3817 747 3885 capite
785 3832 1014 3886 gerens;
1049 3818 1143 3872 sed
1184 3835 1354 3871 unum
1385 3820 1657 3889 rejicitur,
1697 3822 1928 3876 alterum
1967 3826 2168 3879 admit-

575 3908 740 3972 titur;
787 3908 998 3963 divisus
1037 3918 1121 3963 est
1163 3908 1415 3964 Christus
1447 3930 1460 3965 :
1513 3911 1597 3966 vel
1636 3913 1823 3982 potius
1859 3912 2166 3984 despicitur

575 4017 666 4054 rex
735 4003 827 4070 qni
879 4002 1159 4056 diabolum
1216 4003 1540 4071 interemit;
1603 4005 1821 4060 hastam
1867 4022 1999 4062 vero
2055 4023 2166 4077 qua

579 4095 788 4146 hostem
817 4093 1080 4162 confodit,
1119 4109 1241 4163 qua:
1271 4104 1356 4149 est
1404 4095 1582 4164 ipsius
1620 4097 1890 4164 potentia,
1921 4098 2169 4167 alligavit

579 4185 725 4255 regia
783 4194 1057 4255 potestas;
1109 4201 1234 4240 eum
1286 4187 1380 4256 qui
1433 4186 1726 4252 interemit,
1779 4189 1898 4256 pari
1939 4189 2168 4247 victoria

580 4294 702 4330 CIIII]
733 4292 799 4332 eo
835 4279 926 4347 qui
969 4289 1283 4348 peremptus
1306 4289 1412 4343 est,
1449 4288 1712 4348 tanquam
1746 4281 1960 4337 hostem
1993 4284 2168 4354 subji-

581 4371 729 4424 ciens
759 4390 769 4422 :
796 4370 957 4433 Audi,
986 4370 1194 4434 caelum,
1217 4379 1265 4424 et
1288 4373 1504 4424 auribus
1522 4374 1752 4442 percipe,
1778 4376 2006 4430 terra“.
2033 4375 2169 4442 Quis

582 4465 684 4517 iste
750 4474 938 4530 stupor
988 4465 1083 4534 qui
1139 4464 1232 4518 Dei
1283 4466 1544 4533 populum
1574 4466 1950 4520 dementavit?
1994 4469 2158 4533 Audi,

581 4554 776 4610 Oriens
801 4565 852 4609 et
884 4555 1173 4620 Occidens,
1227 4559 1502 4625 quomodo
1535 4568 1802 4612 excmcata
1835 4569 1920 4613 est
1958 4558 2171 4629 Byzan-

585 4654 700 4703 tina
747 4650 936 4719 regio;
991 4651 1270 4720 quomodo
1301 4651 1614 4716 obsurduit,
1653 4667 1833 4721 neque
1870 4653 2170 4721 reprehen-

581 4742 754 4797 sionis
793 4752 989 4798 vestrae
1022 4759 1209 4798 vocem
1273 4744 1445 4809 audit,
1505 4759 1602 4799 nec
1659 4746 1959 4798 testimonii
1998 4746 2169 4800 vestri

582 4837 892 4906 exemplum
921 4837 1162 4907 inspicit,
1202 4841 1296 4890 sed
1322 4836 1552 4891 Jannem
1585 4845 1638 4891 et
1670 4834 1973 4899 Jambrem,
2007 4838 2170 4892 Chri-

2264 3263 2402 3322 κοῖς.
2434 3261 2547 3330 Πρὸ
2582 3263 2675 3314 τοῦ
2718 3263 3086 3332 ’Λντιχρίστου
3148 3261 3540 3330 Ἀντίχριστος·
3592 3260 3744 3331 ἤρθη
3770 3258 3855 3325 ἀφ’

2266 3351 2424 3421 ἡμῶν
2455 3355 2515 3404 τὸ
2550 3356 2776 3424 σημεῖον
2807 3356 2905 3425 τῆς
2937 3342 3215 3425 βασιλείας
3248 3354 3339 3407 τοῦ
3372 3354 3644 3424 Χριστοῦ.

3611 3472 3854 3532 ereptum

2340 3645 2403 3697 Εί
2437 3643 2545 3715 γάρ
2579 3643 2652 3715 μὴ
2677 3643 2854 3704 τοῦτο,
2880 3645 3013 3715 ὅπερ
3049 3645 3166 3696 ἐστὶ
3187 3643 3248 3696 τὸ
3279 3643 3513 3711 ἷνδαλμα
3546 3643 3645 3696 τοῦ
3672 3661 3854 3715 σωμα-

2266 3736 2420 3789 τικοῦ
2448 3736 2611 3789 αὑτοῦ
2646 3736 2995 3806 χαρακτῆρος
3017 3752 3029 3765 ·
3057 3734 3412 3803 έμφανίζοιτο
3437 3737 3496 3784 ἐν
3519 3738 3659 3805 ἡμῖν
3690 3754 3855 3805 καρη-

2271 3827 2471 3897 φοροῦν
2499 3829 2591 3880 τὸν
2633 3828 2803 3880 τύπον
2833 3827 2928 3880 τοῦ
2977 3825 3246 3896 σταυροῦ·
3289 3826 3426 3879 ἀλλά
3468 3827 3534 3878 τὸ
3571 3827 3676 3894 μὲν
3707 3829 3855 3898 ἐκρίο

2269 3937 2490 3984 πτοιτο,
2520 3919 2581 3972 τὸ
2611 3919 2668 3972 δὲ
2687 3920 3123 3990 προσείληπται·
3169 3919 3502 3989 μεμέρισται
3527 3919 3796 3989 Χριστος·
3822 3919 3852 3988 ἢ

2273 4013 2472 4083 μᾶλλον
2495 4014 2522 4065 6
2542 4011 2795 4082 βασιλεὺς
2814 4013 3160 4066 ἀπέπτυσται
3181 4013 3210 4064 6
3235 4011 3454 4074 κτείνας
3475 4011 3568 4065 τὸν
3588 4011 3851 4067 διάϐολον·

2269 4104 2331 4157 τὸ
2359 4105 2487 4173 δόρυ
2516 4104 2572 4156 δὲ
2605 4103 2670 4157 δι’
2690 4100 2750 4158 οῦ
2769 4105 2859 4157 τὸν
2890 4103 3084 4174 ἐχθρὸν
3104 4101 3326 4172 ἔσφαξε,
3348 4104 3410 4155 τὸ
3433 4102 3633 4155 τούτου
3659 4105 3851 4172 κράτος

2274 4198 2574 4268 ἀνεδήσατο
2601 4197 2860 4266 διάδημα·
2885 4198 2971 4250 ἐπ’
2993 4197 3084 4269 τσῃ
3113 4197 3240 4268 νίκῃ
3256 4194 3350 4247 τοῦ
3385 4196 3695 4262 σφαγέντος
3727 4198 3849 4248 ὑπο-

2271 4289 2460 4354 τάξαν,
2503 4291 2577 4354 ὼς
2611 4291 2826 4360 ἐχθρὸν,
2877 4291 2968 4343 τὸν
3002 4286 3446 4358 κατασφάξαντα.
3493 4290 3730 4355 Ἄκουε,
3757 4291 3849 4342 οὺ·

2264 4383 2448 4452 ρανὲ,
2495 4385 2593 4436 καὶ
2629 4383 2925 4444 ἐνωτίζου,
2953 4381 3051 4451 γῆ.
3100 4382 3197 4445 Τίς
3230 4381 3263 4452 ἡ
3300 4379 3562 4445 ἔκστασις
3616 4383 3757 4451 αῦτη
3793 4383 3850 4449 ἢν

2270 4474 2460 4543 ἐξέστη
2490 4475 2519 4526 6
2548 4474 2672 4545 λαὸς
2701 4473 2792 4526 τοῦ
2817 4472 2952 4525 Θεοῦ
2979 4491 2994 4538 ;
3023 4473 3243 4538 Ἄκουε,
3265 4471 3522 4541 Ἀνατυλὴ
3555 4476 3654 4527 καὶ
3681 4476 3848 4533 Διίσις,

2273 4566 2422 4628 ὅπως
2475 4565 2819 4636 ὲξετυφλώοη
2868 4567 2901 4633 ἡ
2952 4563 3250 4627 Βυζαντίς·
3285 4563 3436 4627 ὅπως
3490 4564 3845 4635 κεκώφωται,

2275 4658 2462 4726 φωνῆς
2494 4658 2646 4727 ὑμῶν
2689 4658 3015 4726 ἐλεγκτικῆς
3049 4656 3150 4709 οὐκ
3193 4655 3511 4709 ἀκούσασα·
3550 4657 3850 4709 ὑποδεικτιο

2275 4753 2377 4820 κῆς
2410 4750 2564 4820 ὑμῶν
2593 4751 2902 4821 μαρτυρίας
2932 4750 3035 4802 οὐκ
3068 4748 3422 4818 ὲμόλέπουσα
3443 4765 3459 4781 ο
3497 4748 3618 4802 ἀλλ’
3665 4745 3848 4803 Ἰαννοῦ

2278 4843 2371 4894 καὶ
2409 4841 2666 4912 Ἰαμὸροῦ
2692 4843 2800 4894 τῶν
2826 4841 3163 4895 ἀντιστατῶν
3192 4839 3457 4910 Χριστοῦ,
3479 4841 3583 4911 τῆς
3614 4840 3848 4910 ὀλεθρίου

585 4929 656 4982 sti
697 4929 933 4983 hostium
960 4944 1058 4998 par
1086 4929 1384 4994 exitiabile,
1423 4931 1570 4998 quod
1611 4927 1875 4993 Trinitas,
1908 4939 1992 4983 sat
2016 4931 2159 4992 scio,

2275 4937 2496 4998 δυάδος,
2527 4938 2592 5005 ἢν
2622 4931 2678 4988 εὖ
2711 4931 2803 4988 οἷδ’
2830 4937 2909 4988 ὅτι
2938 4933 3166 5004 ήΤριάς
3195 4935 3253 4985 ὲν
3280 4934 3439 5003 τάχει
3465 4933 3848 4987 καταλύσειεν·

583 5020 736 5074 brevi
778 5021 1040 5076 dissolvet
1084 5037 1099 5074 :
1158 5031 1218 5075 ut
1246 5036 1370 5076 cum
1416 5022 1634 5077 duobus
1684 5023 1867 5093 impiis
1919 5024 2014 5092 qui
2056 5023 2168 5093 jam

587 5114 894 5183 perierunt,
951 5115 1176 5169 tollatur
1233 5115 1301 5170 de
1355 5116 1534 5170 medio
1587 5115 1733 5170 istud
1790 5131 2010 5186 quoque
2050 5133 2169 5186 par,

588 5204 950 5275 quadrijugus
978 5206 1067 5259 ille
1097 5206 1304 5260 diaboli
1341 5221 1560 5261 currus.
1592 5206 1710 5261 Huc
1734 5223 1888 5271 vero,
1920 5208 2027 5261 huc
2058 5206 2172 5261 fra-

589 5308 714 5350 ter:
757 5299 952 5352 iterum
1000 5300 1303 5354 certamina
1342 5315 1620 5354 consere:
1671 5299 1941 5355 Dominus
1991 5301 2166 5370 jubet.

589 5387 739 5443 Bona
775 5393 943 5446 verba
969 5392 1298 5447 venerandis
1322 5393 1550 5446 auribus
1594 5392 1779 5462 ingere
1811 5393 1884 5461 pii
1926 5392 2169 5462 impera-

591 5483 729 5537 toris
759 5485 952 5538 nostri.
983 5486 1230 5540 lmitetur
1269 5485 1606 5540 celebratum
1642 5486 1796 5539 illum
1827 5483 2058 5539 .Iosiam.
2091 5483 2176 5539 Sit

592 5588 768 5627 novus
800 5574 990 5643 David,
1022 5577 1136 5632 sive
1172 5586 1234 5631 ut
1264 5577 1509 5642 Saulem,
1561 5578 1678 5632 sive
1721 5585 1782 5632 ut
1818 5581 2171 5642 Ammonem,

593 5667 796 5726 Leonis
849 5672 1167 5727 exsecrandi
1219 5681 1339 5727 aeta
1395 5672 1732 5738 rescindens,
1797 5687 1850 5727 et
1879 5672 1983 5728 hoc
2011 5675 2174 5726 modo

665 5855 782 5913 “ll
807 5855 998 5915 Thess.
1043 5873 1104 5918 ιι.
1144 5856 1198 5913 4.

2269 5025 2344 5087 ὡς
2398 5025 2464 5077 ἂν
2511 5027 2607 5078 σὺν
2661 5028 2777 5088 τοῖς
2827 5023 3208 5095 προολεσθείσι
3251 5023 3404 5076 δυσὶν
3455 5025 3722 5078 ἀσεόέσιν
3752 5025 3848 5077 ἀπ-

2271 5119 2485 5189 αχθεῖεν
2547 5121 2640 5172 καὶ
2701 5118 2840 5188 αῦτη
2904 5121 2936 5188 ἡ
2991 5117 3160 5183 δυὰς,
3199 5115 3262 5168 τὸ
3310 5118 3729 5187 τετρακέφαλον
3765 5111 3846 5166 τοῦ

2269 5212 2518 5265 διαϐόλου
2549 5211 2721 5282 ἅρμα.
2743 5211 2912 5282 Δεῦρο
2943 5210 3029 5280 δὴ,
3062 5209 3244 5280 δεῦρο,
3274 5208 3472 5278 ἀδελφέ
3493 5224 3506 5237 ·
3532 5202 3836 5262 καταϐαλοῦ

2273 5306 2355 5358 ἔτι
2383 5305 2601 5373 ἀγῶνας
2623 5323 2635 5334 ·
2666 5306 2867 5376 Κύριος
2895 5302 3133 5360 κελεύει.
3163 5303 3413 5373 Λάλησον
3443 5301 3636 5370 ἀγαθά
3667 5304 3742 5363 εις
3766 5298 3850 5358 τὰς

2279 5399 2469 5467 τιμίας
2508 5396 2679 5460 ἀκοὰς
2708 5395 2801 5450 τοῦ
2843 5394 3100 5458 εὐσεϐοῦς
3141 5393 3411 5464 βασιλέως
3441 5393 3625 5464 ἡμῶν.
3672 5394 3849 5460 Μιμησ

2283 5489 2467 5544 σάσθω
2521 5489 2733 5542 Ἰωσίαν
2782 5487 2874 5543 τὸν
2908 5488 3173 5558 ἀοίδιμον.
3221 5486 3432 5540 Γίνοιτο
3481 5485 3610 5550 νέος
3668 5483 3849 5546 Δαυτδ,

2280 5581 2392 5634 εἴτε
2441 5581 2518 5643 ὡς
2551 5581 2758 5646 Σαοὺλ,
2794 5582 2904 5635 εἴτε
2943 5580 3019 5643 ὡς
3063 5578 3281 5650 Ἀμὼν,
3329 5580 3398 5632 τὰ
3440 5580 3537 5632 τοῦ
3574 5578 3849 5646 ἐξαγίστου

2282 5672 2509 5736 Λέοντος
2570 5672 2923 5728 καταπτύων’
2987 5671 3280 5725 κάντεῦθεν
3327 5670 3464 5724 Θεὸν
3513 5665 3848 5741 ὲξευμενιζόο

1301 5859 1346 5890 ³ο
1373 5856 1518 5914 Psal.
1551 5873 1739 5926 sum,
1771 5857 1826 5912 2.
1904 5859 1943 5890 ²¹
1998 5855 2100 5913 lsa.
2140 5869 2178 5922 ι,
2211 5852 2268 5909 2.
