3990 6318
192 387 333 458 1313

1373 389 1908 453 EPISTOLARUM
1963 390 2114 451 LIB.
2161 390 2248 451 II.

3300 379 3439 447 1314

188 528 385 580 μενος,
417 509 514 563 καὶ
542 507 620 580 τῷ
646 509 746 578 τῆς
783 505 1136 579 είρηναρχίας
1162 506 1347 574 στέφει
1377 506 1438 558 τὸ
1460 507 1558 575 τῆς
1593 505 1750 576 βασι-

1870 503 2024 558 Deum
2066 503 2315 574 placans,
2366 511 2531 572 atque
2578 501 3078 557 administrationis
3125 498 3442 568 tranquilla:

183 599 336 663 λείας
365 597 530 653 αὑτοῦ
559 598 759 666 κράτος
793 597 1044 668 ἀνίκητον
1065 594 1540 666 περιποιούμενος.

403 711 542 777 OQ”.
573 737 643 749 -——
676 704 958 775 Στεφάνῳ
980 706 1307 774 μαγίστρφ.
1336 703 1538 776 [υἱ-ις’]

1854 611 2056 651 corona
2086 595 2255 650 robur
2285 594 2498 664 imperii
2522 593 2608 647 sui
2639 593 2873 649 reddens
2905 592 3304 662 insuperabile.

2167 705 2402 762 LXXVI.
2431 737 2500 748 —
2526 704 2796 776 Stephano
2846 707 3121 777 magistro.

601 845 802 894 Solatur
836 855 889 891 tn
920 840 1095 890 uxoris
1127 839 1265 890 obitu
1293 855 1306 886 ι
1335 847 1437 889 tum
1459 845 1514 887 ut
1541 850 1630 901 pro
1655 836 1955 901 imaginibus
1978 840 2108 902 apud
2139 851 2320 889 novum
2339 838 2617 902 principem
2649 845 2777 901 agat,
2797 838 3040 889 hortatur.

263 941 432 1011 Οἶδα,
478 946 740 1013 δέσποτα,
785 950 906 1010 ταῖς
961 946 1256 1016 ὑπεροχαῖς
1307 942 1756 1007 ὑποστέλλεσθαι,

1923 941 2086 1008 Novi,
2117 944 2360 1010 domine,
2409 943 2706 1014 dignitates
2737 943 2992 1010 revereri,
3034 942 3268 997 maxime
3301 958 3439 998 vero

186 1040 288 1093 καὶ
340 1038 572 1108 μάλιστα
609 1038 675 1108 τῇ
719 1039 786 1107 σῇ
845 1036 1262 1108 ἀνυπερϐλήτῳ.
1324 1035 1464 1089 Ἀλλ’
1513 1036 1662 1105 ὅμως
1699 1035 1760 1087 τὸ

1870 1036 2147 1090 sublimem
2194 1037 2343 1092 illam
2375 1045 2548 1092 tuam.
2593 1035 2713 1092 Tna
2756 1043 2938 1089 tamen
2984 1034 3216 1089 comitas
3241 1034 3446 1088 animi-

187 1128 514 1198 εὑπρόσιτόν
546 1143 639 1183 σου
670 1127 764 1180 καὶ
795 1127 1012 1197 μέτριον
1039 1125 1134 1179 τοῦ
1161 1127 1525 1197 φρονήματος,
1559 1126 1756 1177 ἔδωκεν

1870 1144 1960 1198 lue
1986 1129 2254 1184 modestia
2311 1129 2566 1198 loquendi
2605 1137 2928 1198 potestatem
2993 1126 3151 1180 nobis
3194 1124 3345 1190 fecit,
3388 1134 3442 1180 et

185 1223 328 1291 ἡμῖν
357 1218 689 1290 παρρησίαν,
742 1218 838 1272 ’καὶ
890 1217 1058 1270 πάλαι
1095 1217 1225 1270 ποτε
1276 1218 1612 1281 ἐπιστεῖλαι,
1665 1217 1757 1270 καὶΙ

1870 1220 2186 1289 iampridem
2227 1221 2295 1275 ad
2336 1229 2385 1274 te
2414 1220 2774 1286 scribendi,et
2808 1233 2954 1272 nunc
2982 1217 3125 1271 idem
3159 1215 3390 1270 faciendi
3423 1233 3438 1270 :

186 1312 318 1380 ἄρτι
357 1310 418 1362 τὸ
465 1308 597 1362 αὑτὸ
637 1308 894 1378 ποιῆσαι,
943 1306 1233 1371 καλοῦντος
1281 1306 1378 1359 τοῦ
1435 1309 1627 1377 χρόνου
1664 1307 1758 1359 καὶ

185 1401 480 1471 ἀφεμένων
507 1400 540 1469 ἡ
549 1399 666 1466 μῶν
687 1399 794 1452 τῶν
816 1399 1158 1469 ἁμαρτωλῶν
1180 1398 1282 1469 τῆς
1303 1398 1391 1452 διὰ
1424 1399 1627 1468 Κύριον
1661 1415 1762 1465 φυ-

186 1492 369 1562 λακῆς
391 1533 406 1554 ,
438 1492 579 1545 κατά
611 1490 709 1561 τὴν
736 1489 831 1543 τοῦ
856 1490 1140 1553 διώκοντος
1173 1490 1384 1544 παῦλαν
1407 1506 1420 1519 ·
1447 1489 1570 1560 ἥτις
1599 1489 1762 1542 ἀκου-

189 1583 383 1636 σθεῐσα
410 1583 580 1652 ἧχησε
618 1582 816 1644 παντὸς
863 1580 1154 1649 ἀνθρώπου
1199 1581 1485 1652 ἀμφότερα
1514 1583 1582 1634 τα
1608 1574 1724 1634 ὦτα
1744 1599 1756 1612 ·

1859 1312 2118 1380 quoniam
2153 1311 2206 1366 id
2246 1321 2461 1381 tempus
2492 1311 2693 1379 poscit,
2730 1323 2940 1378 nosque
2969 1314 3286 1377 peccatores
3316 1321 3443 1360 car-

1859 1417 1985 1457 cere
2037 1411 2260 1472 propter
2304 1401 2598 1456 Dominum
2643 1401 2875 1455 tolerato
2919 1398 3083 1454 soluti
3126 1413 3317 1453 sumus
3345 1411 3444 1466 per

1859 1493 2140 1548 interitum
2173 1494 2556 1564 persequentis
2586 1509 2601 1545 :
2634 1493 2793 1562 cujus
2820 1500 2876 1545 ut
2906 1491 3047 1545 fama
3073 1489 3438 1560 percrebruit,

1861 1586 2037 1639 ambae
2089 1585 2333 1638 omnium
2390 1585 2674 1638 hominum
2730 1598 2893 1637 aures
2951 1582 3440 1635 tinnierunt:non

185 1675 292 1744 οὑχ
318 1675 401 1727 ὅτι
437 1674 626 1737 ἀπλῶς
659 1673 802 1745 ήρθη
822 1689 835 1703 ·
869 1672 984 1726 ἀλλ’
1011 1674 1094 1726 ὅτι
1127 1673 1576 1739 τοιουτοτρόπως.
1607 1671 1757 1742 Ali-cn

1870 1677 2004 1747 quod
2031 1677 2352 1746 simpliciter
2382 1677 2629 1730 sublatus
2669 1676 2735 1730 de
2768 1673 2968 1739 medio,
3014 1671 3108 1727 sed
3155 1672 3299 1740 quod
3344 1671 3440 1725 tali

190 1769 297 1836 μὲν
322 1761 472 1836 οὑνὴ
529 1767 801 1836 πρόφασις
849 1768 949 1836 τῆς
1000 1765 1311 1835 ἐπιπολῆς.
1349 1765 1489 1835 Ἐγὼ
1540 1766 1598 1819 δὲ
1658 1767 1763 1838 πρὸ

188 1859 290 1926 τῆς
316 1858 654 1928 ὁρμηθείσης
682 1874 771 1928 μοι
807 1857 1116 1922 ὑποθέσεως
1137 1860 1217 1921 είς
1237 1859 1297 1911 τὸ
1329 1858 1560 1927 γράψαι,
1588 1861 1764 1912 έκεῖνο

191 1949 481 2020 ὑποδηλιῖν
522 1950 603 2002 ὅτι
633 1949 734 2001 οὑκ
779 1949 1127 2012 ἀστενάκτως
1164 1950 1260 2002 καὶ
1293 1949 1518 2013 ἀπαθῶς
1555 1950 1764 2020 ἡνεγκα

185 2041 291 2112 τὴν
316 2042 488 2111 ἀκοὴν
520 2039 614 2093 τοῦ
650 2039 883 2093 θανάτου
917 2041 1015 2111 τῆς
1053 2040 1265 2110 ἀγαθῆς
1309 2041 1401 2094 καὶ
1434 2041 1763 2110 ἀειμνήστου

187 2132 465 2202 ὁμοζύγου
496 2149 588 2184 σου
608 2147 620 2162 ·
661 2131 1064 2202 ἐνθυμούμενος
1108 2133 1304 2202 ἡλίκην
1329 2132 1541 2203 πληγὴν
1572 2132 1764 2186 ἔλαϐεν

188 2225 226 2296 ἡ
251 2225 413 2295 τιμία
439 2241 533 2276 σου
555 2223 702 2294 ψυχὴ
721 2227 787 2295 τῇ
815 2224 1114 2290 διαζεύξει·
1143 2225 1265 2278 επεὶ
1285 2221 1353 2296 ἦν
1380 2226 1626 2296 μακαρία
1654 2223 1764 2277 τῶν

189 2317 362 2379 ὅντως
385 2317 682 2370 ἐπαινετῶν
708 2317 1012 2386 γυναικῶν·
1037 2318 1161 2371 ὅσον
1188 2319 1296 2372 ἀπὸ
1319 2319 1416 2387 τῆς
1445 2318 1548 2384 ἔξω
1570 2318 1762 2388 ἀκοῆς,

188 2403 260 2479 ἧς
291 2409 492 2479 πεῖραν
532 2407 687 2477 κάγὼ
716 2409 942 2480 -μικρὰν
970 2409 999 2462 ό
1051 2411 1327 2475 ταπεινὸς,
1361 2410 1522 2462 πλέον
1548 2409 1605 2462 δὲ
1632 2411 1767 2474 μᾶλο

189 2495 284 2550 λον
312 2497 342 2548 ό
396 2497 665 2567 μακάριός
724 2514 827 2567 μου
873 2499 1054 2568 πατὴρ
1100 2497 1320 2566 εἴληφεο
1371 2497 1440 2549 τά
1475 2495 1532 2549 δὲ
1584 2497 1766 2558 πάντα

192 2586 338 2641 κατά
382 2588 561 2642 πάντα
607 2589 767 2649 αὑτὸς
803 2582 881 2653 εί,
919 2588 1075 2659 κύριέ
1112 2604 1244 2657 μου,
1294 2585 1469 2650 εἰδώς.
1516 2588 1764 2658 Ἐκείνης

195 2679 295 2747 μὲν
320 2679 409 2750 εῐη
442 2678 505 2732 τὸ
546 2680 888 2746 μνημόσυνον
927 2680 1066 2750 μετὰ
1101 2679 1346 2732 δικαίων.
1380 2677 1763 2748 Τεκμαίρομαι

192 2768 304 2838 γὰρ
352 2769 436 2821 ὃτι
486 2769 580 2821 καὶ⁵
631 2767 915 2838 ὀρθόφρων
950 2762 1018 2838 ἦν
1068 2765 1188 2820 λίαν
1247 2766 1387 2838 μετά
1439 2766 1539 2837 τῆς
1598 2766 1764 2836 ἄλλης

191 2861 419 2931 ἀρετῆς.

265 3127 341 3188 Οῦ
370 3134 427 3188 δὲ
457 3134 620 3206 χάριν
650 3135 711 3190 τὺ
738 3137 994 3207 γράμμα,
1036 3135 1302 3207 πρόδηλον
1337 3138 1403 3208 τῇ
1435 3137 1769 3207 μεγαλοφυεῖ

197 3242 291 3279 σου
321 3227 564 3298 ἐξουσίᾳ.
605 3226 886 3295 Ἐπιζητετ
909 3244 964 3280 σε
993 3229 1020 3281 ὁ
1051 3232 1207 3298 χορὸς
1229 3228 1338 3281 τῶν
1367 3229 1732 3298 διδιωγμένων
1751 3245 1766 3260 ο

195 3319 538 3370 ἐπικαλεῖται
564 3335 623 3370 σε
659 3320 686 3371 ό
709 3318 865 3387 λόγος
891 3319 989 3388 τῆς
1017 3318 1303 3383 ἀληθείας’
1326 3318 1354 3371 ὁ
1398 3319 1498 3386 μὲν
1527 3320 1603 3382 ὡς
1645 3319 1766 3388 φιλ-

195 3409 397 3477 ευσεόῆ
446 3410 543 3462 καὶ
592 3409 956 3480 φιλομόναχον
1001 3427 1018 3443 ο
1049 3414 1078 3463 ό
1121 3410 1177 3462 δὲ
1206 3409 1282 3473 ὠς
1323 3409 1560 3480 ἐραστὴν
1602 3411 1770 3480 αὑτῆς

197 3501 696 3572 εὑπαρρησίαστον.
755 3503 868 3573 Οὑχ
924 3503 1005 3557 ὅτι
1057 3504 1157 3556 οὑκ
1208 3502 1472 3574 ἐκινήθης
1538 3504 1642 3567 ἓως
1675 3503 1770 3556 τοῦ

195 3591 292 3646 νῦν
328 3593 634 3663 προμαχῶν
659 3595 1013 3664 ἀμφοτέρων·
1067 3594 1299 3664 ὲπείπερ
1328 3594 1643 3665 ⁴ίγκοὺσαμεν
1684 3589 1772 3647 οἷα

199 3680 526 3752 θεοκινήτως
560 3681 657 3735 καὶ
706 3684 1000 3752 πέπρακας
1050 3683 1145 3735 καὶ
1175 3683 1430 3752 λέλεχαςο
1464 3684 1580 3737 ἀλλ’
1625 3685 1770 3747 ὅπως

197 3770 292 3822 καὶ
317 3771 458 3841 πρὸς
483 3771 545 3824 τὸ
573 3771 724 3841 ἑξῆς.
769 3771 931 3842 Ὁρᾷς
951 3813 966 3835 ,
994 3772 1236 3826 δέσποτα
1275 3790 1399 3844 μου,
1432 3769 1546 3827 οἷον
1584 3775 1644 3826 τὸ
1673 3792 1772 3827 κα-

198 3861 293 3914 κὸν
341 3865 446 3931 τῆς
496 3863 797 3932 αίρέσεως;
855 3864 989 3916 Οὐδὲ
1045 3865 1152 3935 γὰρ
1201 3867 1249 3917 εί
1302 3864 1377 3937 μὴ
1410 3867 1766 3938 τηλικοῦτον,

196 3952 440 4006 τοσοῦτοι
485 3955 539 4006 οῑ
586 3955 916 4025 πάσχοντες,
947 3956 1043 4010 καὶ
1072 3958 1310 4011 τοσαῦτα
1350 3959 1420 4012 τά
1469 3960 1773 4030 αἰκίσματα

199 4045 293 4097 καὶ
325 4047 660 4119 θλιπτήρια,
708 4047 745 4102 ἃ.
790 4050 983 4120 μέχρις
1025 4051 1271 4120 ἐσχάτων
1319 4051 1422 4120 τῆς
1449 4053 1773 4122 οἰκουμένης

198 4136 473 4210 διέδραμε.
522 4139 748 4204 Βλέπεις
779 4143 872 4194 καὶ
902 4143 992 4195 τὸν
1038 4143 1132 4195 τοῦ
1174 4142 1462 4208 διώξαντος
1516 4144 1770 4200 θάνατον.

199 4227 613 4302 Παρακλήθητι,
637 4232 1112 4304 ὀεὺπαράκλητος.
1134 4235 1518 4306 Συγκινήθητι,
1537 4239 1565 4289 ὁ
1597 4237 1774 4290 θεοκί-

199 4332 378 4388 νητος.
431 4323 659 4394 Ὄρεξον
699 4326 856 4394 χεῖρα
901 4326 1076 4395 χαμαὶ
1112 4326 1337 4397 κειμένῃ
1370 4329 1437 4397 τῇ
1472 4327 1594 4381 καθ’
1617 4329 1769 4398 ἡμᾶς

211 4410 509 4486 Ἐκκλησία
547 4416 673 4469 ὅσον
721 4415 994 4486 ἐνδέχεται
1017 4433 1030 4448 ·
1065 4419 1148 4487 ἐφ’
1199 4420 1321 4471 ὅσον
1355 4420 1508 4488 ίσχὺς
1532 4419 1764 4490 λάλησον
1799 4406 1842 4462 ο

202 4503 280 4566 είς
308 4506 376 4559 τά
412 4500 529 4560 ὦτα
554 4507 650 4560 τοῦ
694 4507 949 4571 εὐσεϐοῦς
977 4509 1010 4579 ἡ
1021 4509 1135 4578 μῶν
1160 4509 1426 4579 βασιλέως
1452 4509 1531 4562 ἔτι
1561 4511 1760 4579 ἀγαθά.

211 4593 380 4668 Ὑπὲρ
400 4597 642 4668 Χριστοῦ
667 4615 749 4652 σοι
768 4597 829 4650 τὸ
854 4599 1164 4667 ἀγώνισμα,
1192 4599 1330 4669 ὑπὲρ
1351 4599 1450 4669 τῆς
1477 4599 1764 4664 Θεοτόκου,

204 4680 343 4755 ὑπὶρ
373 4686 596 4740 πάντων
642 4686 751 4739 τῶν
798 4685 987 4755 ἀγίων.
1046 4689 1178 4741 Οὐδὲ
1211 4688 1318 4758 γὰρ
1357 4690 1408 4741 ετ
1434 4705 1515 4752 τις
1547 4692 1647 4760 τῆς
1672 4688 1767 4742 τοῦ

205 4769 464 4839 βασιλέως
488 4774 701 4838 εἰκόνος
735 4776 1091 4846 ἀντεχόμενος
1131 4776 1281 4846 λέγει
1313 4795 1366 4830 τι
1415 4779 1448 4849 ἦ
1493 4779 1728 4850 πράσσει
1748 4821 1764 4844 ,

202 4858 344 4930 ἄλλῳ
373 4863 481 4915 τινὶ
527 4861 562 4933 ἢ
603 4862 680 4933 τῷ
716 4863 926 4932 βασιλεί
974 4866 1256 4936 χαρίζεται
1302 4867 1394 4921 τὸν
1423 4869 1598 4936 λόγον.
1659 4871 1769 4924 Καὶ

206 4951 331 5020 περὶ
367 4955 485 5021 ἑνὸς
515 4953 675 5024 ἀγίου
711 4957 762 5008 εί
795 4952 865 5026 ἦν
891 4957 952 5010 τὸ
993 4959 1323 5029 λεγόμενονο
1375 4961 1634 5032 μέγιστόν
1684 4979 1768 5016 σοι

205 5042 265 5093 τὸ
291 5039 470 5101 ἆθλον.
505 5049 682 5101 Ὅπου
711 5048 768 5101 δὲ
828 5050 1081 5121 Χριστὸν,
1135 5053 1230 5106 καὶ
1263 5053 1403 5124 ὑπὲρ
1449 5054 1684 5125 Χριστοῦ
1734 5057 1768 5126 ἡ

206 5129 519 5206 διάπραξιςο
572 5133 682 5210 ἆρα
724 5141 844 5211 οὐχὶ
890 5145 1033 5212 χαρά
1069 5161 1182 5208 σοι,
1215 5145 1341 5209 δόξα
1369 5165 1428 5200 τε
1475 5147 1569 5200 καὶ
1596 5149 1768 5215 ἀγαλ-

210 5218 402 5292 λίασις,
429 5232 525 5284 σὺν
550 5232 719 5305 πολλῇ
750 5234 1027 5307 προθυμίᾳ
1053 5238 1174 5291 ὅλον
1200 5239 1426 5293 σεαυτὸν
1451 5241 1730 5293 ἐπιδοῦναι
1752 5258 1767 5306 ;

209 5309 346 5382 Ναὶ,
377 5320 535 5390 κύριὲ
572 5340 674 5392 μου
722 5324 1042 5396 ἀειπόθητε,
1089 5329 1386 5381 ὲκδυσωπῶ
1415 5328 1570 5398 κάγὼ
1599 5331 1628 5383 ὁ
1675 5332 1770 5384 τά·

209 5399 324 5466 λαις.
360 5409 471 5465 Καὶ
506 5412 684 5478 άλλως
715 5415 798 5468 ὁτι
838 5417 970 5487 ἡμῖν
1020 5419 1206 5483 αὐτοῖς
1238 5421 1636 5492 εὑεργετοῦμεν
1674 5424 1769 5476 τοῦ

211 5497 387 5550 κοινοῦ
421 5503 827 5572 φροντίζοντες·
868 5507 1097 5580 ἐπείπερ
1131 5511 1493 5582 συννοσοῦμεν
1518 5529 1530 5541 ·
1581 5514 1682 5566 κᾶν
1709 5516 1768 5567 οὑ

1866 1770 2048 1824 modo.
2103 1768 2230 1824 Haec
2281 1783 2442 1837 porro
2481 1768 2643 1836 hujus
2699 1766 2944 1836 epistolae
2996 1763 3242 1834 praefatio
3288 1773 3430 1819 esto.

1863 1860 2020 1915 Nunc
2041 1875 2169 1915 vero
2202 1869 2494 1929 antequam
2523 1858 2590 1912 ad
2624 1857 2965 1926 propositum
2996 1856 3128 1910 mihi
3160 1855 3439 1910 scribendi

1863 1963 2241 2021 argumentum
2273 1951 2582 2021 aggrediar,
2621 1949 2766 2004 istud
2793 1949 2969 2003 obiter
3007 1948 3291 2019 signiﬁco;
3328 1963 3441 2001 non

1866 2045 1985 2099 sine
2015 2043 2166 2097 luctu
2203 2042 2507 2111 intimoque
2538 2057 2704 2096 sensu
2755 2040 2963 2094 doloris
3014 2041 3293 2108 accepisse
3350 2053 3441 2092 me

1866 2134 2118 2189 nuntium
2159 2133 2225 2187 de
2257 2133 2407 2187 obitu
2434 2132 2655 2202 optima:
2684 2139 2997 2200 aeternaque
3046 2130 3311 2184 memoria
3355 2131 3443 2182 di-

1866 2241 1986 2297 gna-‘3
2016 2225 2265 2295 conjugis
2299 2234 2447 2280 tum:
2499 2238 2624 2277 cum
2667 2223 2808 2291 apud
2850 2238 2937 2277 me
2986 2233 3231 2287 reputem
3264 2237 3443 2291 quan-

1866 2328 1981 2374 tum
2008 2319 2112 2373 hac
2159 2316 2528 2386 disjunctiOne
2565 2315 2867 2368 veneranda
2907 2314 3090 2366 anima
3123 2321 3214 2366 tua
3240 2313 3443 2366 vulnus

1865 2411 2183 2479 acceperit:
2214 2406 2656 2478 quandoquidem
2702 2406 2829 2460 felix
2877 2407 2968 2460 illa
3009 2421 3138 2460 vere
3187 2407 3329 2458 inter
3363 2403 3443 2456 fe-

1865 2503 2044 2556 minas
2107 2500 2409 2555 laudabiles
2460 2499 2690 2564 exstitit,
2720 2507 2986 2569 quantum
3025 2499 3247 2568 quidem
3296 2496 3442 2552 fama

1862 2593 2140 2663 popularis
2197 2593 2406 2656 retulit,
2465 2591 2624 2659 cujus
2676 2592 2796 2646 leve
2852 2593 3296 2660 experimentum
3340 2603 3443 2658 ego

1865 2685 2112 2747 humilis,
2144 2685 2314 2738 multo
2342 2698 2473 2738 vero
2497 2683 2674 2749 majus
2699 2683 2896 2738 beatus
2929 2691 3086 2752 pater
3134 2698 3291 2736 meus
3342 2698 3436 2735 ac-

1864 2777 2006 2846 cepit
2034 2795 2046 2830 :
2083 2775 2268 2830 omnia
2295 2791 2424 2830 vero
2449 2777 2675 2830 omnino
2712 2777 2847 2844 ipse,
2880 2774 3105 2828 Domine
3137 2774 3233 2837 mi,
3269 2774 3439 2842 probe

1863 2867 2028 2923 nosti.
2055 2865 2138 2920 Sit
2163 2877 2344 2921 autem
2372 2867 2518 2921 illius
2541 2867 2801 2922 memoria
2825 2866 3150 2935 cumjustis.
3177 2867 3269 2920 Sic
3295 2866 3441 2920 enim

1866 2956 2098 3026 conjicio
2131 2974 2144 3010 :
2173 2957 2434 3026 quoniam
2470 2966 2666 3026 praeter
2703 2965 2928 3011 caeteras
2969 2957 3196 3010 virtutes
3249 2965 3434 3009 erecto

1869 3047 2192 3116 excelsoque
2216 3046 2400 3099 animo
2433 3043 2556 3099 fuit.

1940 3138 2072 3206 Quae
2098 3139 2170 3193 sit
2205 3148 2386 3192 autem
2416 3136 2698 3192 scribendi
2735 3151 2937 3200 causa,
2986 3134 3289 3204 magnifica:
3335 3144 3444 3189 tua:

1869 3230 2123 3303 potestati
2150 3229 2341 3299 liquet.
2371 3226 2544 3282 Tuam
2571 3227 2826 3296 implorat
2847 3241 3006 3296 opem
3038 3235 3216 3280 cmtus
3245 3241 3436 3279 eorum

1869 3324 1964 3394 qui
2005 3322 2434 3394 persecutionem
2493 3320 2826 3388 patiuntur:
2888 3319 3106 3373 invocat
3158 3328 3210 3372 te
3257 3332 3442 3372 sermo

1869 3412 2272 3469 veritatis:ille
2311 3411 2554 3482 quidem,
2601 3419 2661 3463 nt
2695 3410 2910 3480 pictatis
2959 3417 3329 3480 peramantem
3375 3423 3443 3463 ac

1872 3506 2263 3561 monachorum
2295 3503 2464 3568 :iste,
2495 3511 2556 3557 ut
2597 3501 2682 3556 sui
2724 3509 3047 3567 amatorem,
3085 3501 3137 3555 in
3165 3499 3447 3569 loquendo

1872 3597 2124 3651 liberum.
2154 3594 2272 3648 Non
2302 3594 2445 3663 quod
2486 3608 2592 3647 non
2635 3593 2764 3646 olim
2806 3607 2981 3660 usque
3017 3592 3070 3644 in
3116 3591 3263 3646 hunc
3293 3590 3440 3645 diem

1873 3704 1972 3757 pro
2003 3687 2250 3756 utrisque
2273 3686 2468 3740 acriter
2483 3683 2798 3749 dimicaris;
2827 3683 3138 3737 audivimus
3163 3682 3442 3737 enimvero

1873 3781 2052 3851 qualia
2121 3777 2214 3831 Dei
2287 3777 2522 3846 impulsu
2570 3776 2745 3846 egeris
2790 3774 3085 3839 dixerisve;
3156 3774 3250 3828 sed
3299 3782 3358 3826 ut
3384 3781 3442 3831 et

1873 3875 2148 3942 deinceps.
2183 3869 2366 3932 Vides,
2408 3869 2625 3924 domine
2664 3868 2759 3928 mi,
2794 3875 2996 3937 quanta
3036 3867 3306 3922 haereseos
3338 3866 3442 3921 im-

1873 3967 2116 4036 probitas
2184 3964 2292 4020 sit‘l
2341 3961 2528 4032 Neque
2573 3960 2741 4023 enim,
2799 3959 2905 4013 nisi
2971 3967 3117 4013 tanta
3170 3959 3332 4021 foret,
3363 3966 3444 4012 tot

1874 4067 2055 4114 essent
2077 4057 2168 4126 qui
2199 4065 2533 4125 paterentur:
2565 4067 2665 4106 nec
2693 4060 2768 4106 tot
2797 4051 3141 4105 contumelia:
3161 4060 3213 4106 et
3237 4066 3439 4105 terum-

1875 4166 1977 4213 ηαξ,
2020 4165 2140 4218 qua:
2167 4147 2231 4200 ad
2267 4148 2488 4202 ultimos
2536 4143 2685 4198 orbis
2713 4151 2986 4197 terrarum
3019 4143 3226 4197 limites
3253 4158 3442 4212 perve-

1873 4257 2023 4296 nere.
2050 4240 2239 4295 Cernis
2263 4249 2316 4293 et
2339 4239 2715 4308 persequentis
2740 4237 2971 4290 obitum.
2993 4235 3257 4290 Solatium
3285 4251 3440 4305 cape,

1871 4335 1962 4405 qui
1994 4333 2149 4387 facile
2187 4331 2318 4385 illud
2371 4329 2636 4384 admittis.
2690 4328 3103 4390 Commoveare.
3142 4328 3292 4399 quia
3329 4329 3441 4382 Deo

1869 4425 2126 4480 moveris.
2181 4421 2396 4475 Manum
2469 4422 2686 4490 porrige
2739 4419 2891 4473 humi
2927 4419 3126 4488 jacenti
3186 4419 3443 4474 Ecclesia

1868 4525 2088 4579 nostrai,
2120 4523 2379 4583 quantum
2409 4527 2494 4566 res
2519 4513 2723 4580 patitur
2751 4529 2764 4565 :
2820 4519 3088 4581 quantum
3132 4519 3309 4579 potes,
3342 4510 3441 4563 ad-

1869 4607 1976 4662 huc
2005 4609 2058 4662 in
2094 4621 2277 4660 aurem
2312 4605 2384 4674 pii
2416 4604 2587 4658 nostri
2635 4603 2976 4672 imperatoris
3019 4602 3106 4656 dic
3139 4606 3295 4657 bona.
3335 4602 3442 4656 Pro

1869 4700 2088 4754 Christo
2144 4699 2241 4751 tibi
2306 4706 2602 4759 certamen,
2658 4709 2758 4763 pro
2822 4693 3073 4763 Deipara,
3107 4709 3205 4763 pro
3232 4695 3442 4747 sanctis

1869 4788 2143 4842 omnibus.
2195 4784 2380 4854 Neque
2421 4785 2562 4836 enim
2622 4782 2668 4836 si
2741 4782 2867 4851 quis
2925 4783 3268 4851 imperatoris
3325 4797 3443 4834 am-

1869 4877 2067 4946 plexus
2115 4877 2428 4943 imaginem,
2462 4873 2667 4942 aliquid
2700 4874 2832 4927 dicit
2862 4882 2953 4926 aut
2996 4871 3148 4935 facit,
3207 4873 3440 4926 alterum

1869 4971 2174 5040 quempiam
2215 4984 2378 5038 quam
2421 4967 2802 5035 imperatorem
2842 4980 3100 5021 sermone
3127 4966 3440 5035 compellat.

1868 5060 1966 5125 Ac,
1994 5063 2038 5114 si
2069 5077 2237 5113 unum
2278 5075 2308 5114 e
2333 5061 2539 5113 sanctis
2573 5060 2686 5112 haec
2726 5073 2889 5112 causa
2921 5067 3218 5127 spectaret,
3249 5060 3440 5127 ingens

1869 5160 2119 5206 maneret
2156 5161 2206 5204 te
2239 5150 2546 5219 praemium.
2605 5149 2704 5204 Ubi
2768 5165 2898 5203 vero
2939 5150 3213 5214 Christus,
3254 5161 3307 5202 et
3340 5165 3439 5218 pro

1869 5243 2086 5299 Christo
2139 5244 2412 5312 negotium
2450 5251 2574 5305 est;
2617 5257 2723 5295 non
2762 5242 2860 5295 tibi
2905 5240 3112 5305 laetitia,
3149 5243 3339 5311 gloria,
3384 5250 3441 5294 et

1870 5335 2158 5390 exsultatio
2184 5341 2286 5397 est,
2331 5348 2454 5384 cum
2499 5332 2702 5401 ingenti
2749 5332 3030 5386 alacritate
3074 5333 3306 5400 teipsum
3355 5343 3438 5384 to-

1872 5437 1982 5481 tum
2018 5425 2367 5496 impendere?
2398 5422 2613 5493 Utique,
2681 5424 2908 5478 Domine
2951 5424 3024 5478 mi
3081 5425 3436 5480 desideratis-

1871 5519 2027 5583 sime,
2075 5518 2300 5572 obsecro
2330 5524 2384 5570 et
2411 5530 2512 5585 ego
2562 5517 2746 5570 miser.
2789 5514 3114 5585 Quanquam
3148 5526 3200 5570 et
3241 5526 3440 5570 nostra:

1871 5611 2110 5680 ipsorum
2143 5608 2357 5662 utilitati
2389 5607 2677 5672 servimus,
2705 5622 2829 5662 cum
2859 5609 3084 5677 publica:
3114 5610 3189 5662 rei
3228 5609 3438 5676 prospi-

1870 5703 2092 5760 cimus:
2144 5700 2587 5770 quandoquidem
2641 5701 2758 5771 pari
2827 5704 3015 5758 morbo
3071 5701 3434 5759 laboramus:
