3990 6318
578 347 715 414 1315

1759 363 1818 422 S.
1857 362 2250 423 THEODORI
2289 363 2635 423 STUDIT/E

3708 355 3844 419 1316

571 476 681 515 non
703 465 848 530 quod
883 478 1140 532 perverse
1170 465 1488 531 sentiamus,
1539 469 1632 524 sed
1664 473 1810 538 quod
1855 473 2139 527 haeretico-

2246 471 2520 542 ἐξαίτησις
2547 511 2562 534 ,
2611 471 2769 524 τοῦτο
2823 471 2884 523 τὸ
2919 471 3245 540 ὑπόμνημαο
3295 469 3389 523 καὶ
3436 468 3521 520 ὅτι
3561 471 3665 522 καὶ
3707 470 3844 532 ὑπὲρ

567 568 692 607 rum
733 557 1228 612 communicatione
1254 559 1626 626 inquinentur.
1661 561 1857 616 Nostra
1888 565 2004 620 haec
2036 565 2139 618 hu-

569 646 718 700 milis
749 649 1040 715 postulatio
1061 656 1166 712 est,
1205 650 1293 704 hic
1336 661 1523 706 noster
1571 653 1828 709 libellus:
1885 667 1939 712 et
1995 661 2141 726 quod

569 737 654 790 vel
689 753 786 806 pro
815 739 958 792 bono
986 740 1250 795 duntaxat
1298 757 1549 796 sermone
1587 760 1696 797 non
1742 749 2143 802 contemnenda

570 823 664 876 tibi
712 841 921 881 merces
977 829 1212 896 reposita
1251 830 1366 894 sit;
1420 831 1590 884 multo
1623 835 1796 902 magis
1853 851 1950 904 pro
1992 845 2144 890 tanto

568 914 771 980 labore,
828 929 1093 988 quantum
1143 929 1195 975 te
1260 921 1404 974 ultro
1457 925 1768 991 suscepisse
1813 926 2141 993 accepimus.

2251 566 2410 632 λόγου
2460 564 2645 626 ἁπλῶς
2693 562 2902 631 ἀγαθοῦ
2955 563 3054 615 οὐκ
3111 561 3584 630 εὐκαταφρόνητοι
3657 558 3844 628 μισθοί

2255 673 2337 708 σοι
2367 657 2717 708 ἀπόκεινται·
2778 653 2853 723 μὴ
2889 654 2968 705 ὅτι
3016 671 3082 721 γε
3133 652 3369 721 τοσούτῳ
3405 652 3598 721 μόχθῳ
3647 652 3845 702 ἑαυτὸν

2252 745 2599 808 ἐπιδώσαντι,
2637 744 2776 796 καθὰ
2820 743 3156 812 ἠκούσαμεν.
3208 743 3374 807 Σώζοι
3424 760 3482 794 σε
3513 747 3548 811 ἡ
3596 741 3844 811 κραταιὰ

2253 838 2374 907 χεὶρ
2403 835 2496 889 τοῦ
2530 835 2689 899 Θεοῦ,
2724 835 2815 886 τὸν
2849 834 2923 897 ὼς
2961 834 3178 905 ἀληθῶς
3204 834 3558 902 ἀξιάγαστον,
3609 833 3716 886 καὶ
3747 833 3844 900 τῆς

2257 928 2559 997 συγκλήτου
2587 926 2876 997 πρωτόϐαο
2887 943 2997 995 ρον.

571 1013 762 1067 Servet
790 1023 839 1068 te
887 1015 1213 1070 incolumem
1242 1029 1545 1089 praepotens
1579 1018 1671 1073 Dei
1717 1035 1931 1084 manus,
1963 1021 2137 1075 virum
2208 1024 2453 1094 profecto
2516 1027 2740 1096 dignum
2794 1024 3173 1086 admiratione,
3217 1021 3590 1091 eumdemque
3621 1020 3840 1088 princi-

566 1119 689 1174 pem
715 1115 958 1160 senatus.

636 1217 897 1275 LXXVII.
960 1252 1029 1262 —
1080 1221 1291 1277 Sanctis
1356 1223 1746 1290 confessoribus
1818 1225 2070 1279 Patribus

1162 1293 1546 1362 fratribusque.

2242 1225 2360 1282 OZ'.
2410 1257 2479 1268 —
2513 1226 2640 1290 Τοῖς
2681 1221 3323 1304 ἁγίρέςΑίὲμοολογηεαῖς
3392 1220 3676 1288 Πατρὰσι
3740 1217 3837 1268 καὶ

2762 1295 3062 1362 ἀδελφοῖς.
3100 1291 3289 1364 [υῖςξ

1231 1426 1306 1474 De
1329 1426 1653 1489 imperatoris
1673 1427 1978 1478 Icouomachi
2002 1430 2156 1490 obitu,
2179 1431 2340 1492 deque
2368 1428 2728 1491 persecutionis
2751 1432 2845 1478 ﬁne
2871 1428 3162 1489 gratulatur.

633 1532 789 1585 Nunc
815 1540 1030 1601 tempus
1059 1533 1402 1588 exclamandi
1434 1551 1560 1590 cum
1605 1535 1827 1601 Davide,
1857 1553 1920 1592 ac
1951 1537 2142 1591 (licen-

561 1622 617 1678 di
646 1642 658 1676 :
689 1622 1167 1692 Exsultate,juati,
1195 1626 1248 1678 in
1275 1625 1498 1680 Domino
1534 1643 1553 1679 :
1574 1640 1740 1681 rectos
1764 1629 1906 1682 decet
1945 1630 2148 1681 collau-

560 1716 710 1767 datio
731 1718 800 1770 ".
839 1715 1060 1770 Cantate
1083 1715 1152 1780 ei,
1189 1726 1236 1770 et
1262 1717 1473 1786 psallite
1501 1719 1608 1772 ei“
1637 1735 1654 1771 :
1685 1724 1944 1789 quoniam
1975 1738 2146 1775 exau-

563 1809 695 1861 divit
735 1809 1018 1873 Dominus,
1057 1825 1180 1863 cum
1215 1812 1471 1866 omnibus
1524 1813 1618 1881 qui
1662 1821 1790 1867 sunt
1824 1801 1940 1882 paI‘i
1974 1813 2140 1883 gloria

2313 1538 2427 1590 Νῦν
2457 1539 2644 1606 καιρὸς
2664 1536 2926 1605 ἐκϐοῆσαι
2969 1535 3109 1603 μετὰ
3143 1533 3234 1585 τοῦ
3263 1532 3442 1594 Δαυῖδ,
3476 1535 3579 1586 καὶ
3612 1537 3797 1587 εἰπεῖν
3817 1552 3831 1568 ·

2256 1628 2671 1700 Ἀγαλλιᾶσθε,
2692 1627 2928 1692 δίκαιοι,
2961 1627 3031 1678 ἐν
3055 1627 3268 1694 Κυρίῳ·
3303 1625 3424 1690 τοῖς
3447 1627 3660 1678 εὺθέσι
3695 1625 3834 1695 πρέ-

2246 1738 2340 1774 πει
2375 1721 2628 1786 alr-eme.
2669 1723 2879 1789 ᾌσατε
2911 1718 3088 1782 αὐτῷ,
3115 1718 3213 1770 καὶ
3247 1716 3482 1785 grauate
3515 1719 3718 1784 αὐτῷ·
3755 1721 3831 1771 ὅτι

2245 1815 2519 1883 ἐπακήκοε
2564 1812 2786 1882 Κύριος,
2816 1812 2911 1863 σὺν
2957 1811 3126 1864 ἅπασι
3157 1813 3268 1871 τοῖς
3304 1809 3626 1874 ίσοκλεέσιν,
3665 1814 3822 1880 ὑμῶν

559 1901 794 1967 praediti,
851 1909 1062 1954 vestras
1109 1901 1363 1956 assiduas
1394 1918 1608 1972 preces.
1643 1903 1853 1974 Ecquid
1892 1882 2023 1972 ergo
2059 1905 2139 1958 fa-

2246 1903 2344 1971 τῆς
2377 1902 2629 1964 ἐκτενοῦς
2684 1900 2985 1970 ἱκετηρίας.
3040 1900 3150 1952 Καὶ
3180 1900 3231 1951 τί
3281 1900 3529 1964 γέγονενς
3577 1901 3778 1953 Ὠλετο
3807 1905 3833 1954 6

560 2001 708 2044 ctum
765 1992 883 2046 est?
934 1991 1103 2046 Periit
1144 1994 1366 2060 impius,
1428 1995 1699 2049 contritus
1747 2004 1832 2050 est
1892 1996 1984 2064 qui
2040 2011 2141 2050 nos

561 2079 853 2132 caedebat:
917 2080 1127 2135 vicistis
1196 2080 1367 2134 lilium
1437 2081 1802 2148 iniquitatis:
1862 2081 2138 2135 furentem

560 2169 794 2223 belluam
832 2172 1225 2240 prostravistis,
1265 2180 1503 2225 mentem
1540 2187 1876 2240 perversam.
1921 2170 1966 2225 Ο
1995 2175 2140 2224 desi-

559 2260 911 2326 deratissimi,
941 2277 1102 2331 quam
1129 2270 1321 2331 potens
1362 2271 1446 2316 est
1473 2263 1695 2333 sanguis
1728 2264 1943 2316 vester!
1989 2261 2142 2317 Hanc

558 2349 652 2404 ille
693 2360 922 2420 pestem,
968 2351 1114 2406 hunc
1160 2353 1474 2408 carniﬁcem
1513 2354 1778 2407 exstinxit
1810 2373 1823 2408 :
1859 2354 1949 2407 ille
1977 2353 2139 2408 dete-

559 2443 814 2496 standum
862 2443 1150 2499 homicida
1205 2445 1527 2514 sanguinem
1605 2445 1799 2500 fudit:
1867 2446 2138 2515 siquidem

559 2535 834 2603 pollicitus
880 2547 961 2589 est
1022 2535 1110 2589 ille
1152 2535 1245 2606 qui
1287 2549 1452 2590 verax
1498 2545 1602 2601 est,
1651 2536 1768 2591 fore
1801 2548 1860 2591 ut
1905 2537 2140 2606 praebeat

560 2642 723 2682 aures
755 2628 821 2681 iis
860 2627 952 2696 qui
982 2627 1217 2682 clamant
1242 2627 1308 2682 ad
1346 2643 1405 2682 se
1434 2637 1594 2683 nocte
1629 2643 1693 2682 ac
1726 2630 1834 2692 die,
1872 2639 1932 2684 ut
1965 2645 2137 2684 sacra:

559 2719 770 2788 pagina:
801 2717 1118 2787 loquuntur.
1143 2716 1319 2782 Disce,
1345 2718 1551 2773 Christi
1579 2729 1941 2788 contemptor,
1966 2735 2138 2788 quan-

561 2819 674 2864 tum
701 2811 843 2864 illius
887 2825 990 2864 vox
1023 2812 1220 2874 valeat,
1246 2809 1405 2878 cujus
1442 2827 1636 2866 carnes
1669 2812 1941 2865 lacerasti.
1981 2811 2133 2876 Vide,

559 2903 876 2973 perduellis,
909 2911 1176 2972 quantum
1208 2903 1473 2956 adversus
1502 2902 1783 2956 Christum
1815 2902 2134 2970 profeceris.

559 2994 829 3060 Quoniam
879 2995 1144 3047 adversus
1191 2994 1476 3047 stimulum
1522 2994 1850 3059 calcitrasti,
1891 2995 2135 3064 dejectus

559 3102 619 3141 es
652 3086 705 3138 in
735 3101 972 3155 przeceps
1001 3101 1122 3139 cum
1173 3087 1433 3156 strepitu:
1481 3101 1590 3139 non
1636 3087 1847 3140 viscera
1901 3088 2127 3156 quidem

558 3191 672 3245 tua,
723 3181 815 3236 sed
855 3181 1155 3237 sceleratus
1219 3197 1385 3237 cruor
1429 3181 1637 3238 eﬂ‘usus
1680 3185 1983 3252 tergemino
2027 3185 2136 3238 vul-
2163 3223 2208 3285 Ο

559 3289 710 3340 nere,
741 3274 942 3344 quippe
989 3275 1082 3342 qui
1128 3273 1448 3328 Trinitatem
1486 3274 1778 3329 offenderis
1808 3291 1902 3345 per
1933 3287 2132 3330 contu-

559 3366 774 3422 meliam
824 3375 1024 3421 sanctae
1071 3367 1296 3434 imagini
1334 3365 1541 3421 Christi
1581 3369 1810 3421 illatam.
1853 3369 1954 3421 Abi
2012 3385 2138 3422 cum

557 3456 718 3519 Juda.
764 3460 962 3527 quippe
1012 3460 1106 3527 qui
1147 3460 1224 3514 sis
1269 3457 1426 3512 Juda:
1453 3469 1632 3512 mente
1658 3461 1874 3513 similis.
1907 3458 2136 3514 Obviam

559 3550 634 3604 ito
660 3550 806 3604 Patri
831 3562 923 3605 tuo
952 3549 1273 3623 Uralyphio,
1303 3553 1392 3606 cui
1421 3566 1450 3604 a
1479 3551 1703 3606 Caballo
1741 3567 1962 3606 nomen.
2009 3551 2140 3606 Bibe

560 3641 666 3696 hoc
695 3644 949 3711 primum,
976 3646 1126 3698 utait
1150 3645 1508 3714 propheta":
1539 3653 1596 3699 et
1624 3644 1678 3698 id
1709 3645 1854 3714 quod
1885 3644 2140 3698 acerbius

559 3732 614 3788 in
651 3735 980 3789 novissimis.

629 3823 797 3887 Proh,
860 3827 952 3895 qui
998 3828 1140 3882 illius
1201 3827 1299 3881 fuit
1341 3828 1394 3881 in
1448 3828 1726 3882 Christum
1783 3826 1974 3881 furor!
2021 3843 2141 3896 qua:

559 3927 738 3970 vestra
791 3917 1112 3972 confessio!
1171 3917 1279 3973 Vos
1351 3921 1449 3973 viri
1515 3919 1793 3972 Christum
1844 3928 2138 3987 gestantes,

564 4007 771 4059 alumni
807 4007 1044 4074 pietatis,
1080 4010 1500 4064 immortalitatis
1524 4019 1818 4078 unguenta,
1840 4010 2140 4077 triumpha-

562 4108 708 4153 tores
754 4100 985 4153 inimici.
1048 4099 1160 4155 Vos
1206 4101 1460 4156 Ecclesia:
1514 4101 1686 4163 nervi,
1738 4099 2138 4154 ﬁrmamentum

563 4188 709 4252 ﬁdei,
751 4191 898 4244 orbis
939 4191 1180 4244 universi
1227 4193 1415 4246 decus.
1467 4191 1918 4260 Auspicatissima
1976 4194 2138 4244 vestri

562 4280 825 4332 memoria
851 4288 954 4341 est,
993 4296 1154 4348 quam
1183 4289 1238 4333 et
1268 4281 1447 4334 futura
1473 4291 1602 4334 aetas
1645 4281 1893 4348 excipiet.
1927 4279 2138 4334 Corona

559 4379 740 4421 vestra
805 4371 1060 4432 caelestis,
1127 4371 1432 4424 divinarum
1495 4373 1709 4424 laudum
1775 4370 1995 4425 ﬂoribus
2040 4372 2141 4425 rite

560 4469 832 4514 contexta.
885 4460 1024 4526 Quid
1074 4462 1267 4516 deinde
1322 4463 1588 4531 reliquum
1638 4471 1741 4526 est,
1782 4463 1888 4516 nisi
1926 4473 1984 4516 ut
2031 4461 2139 4516 Deo

2243 1993 2464 2062 ἀσεϐὴς,
2499 1991 2786 2062 συνετρίϐη
2817 1993 2844 2042 6
2877 1992 3092 2042 κόπτων
3129 1992 3297 2058 ἡμᾶς.
3349 1990 3707 2059 Νενικήκατε
3743 1994 3832 2043 τὸν

2240 2083 2337 2150 τῆς
2368 2085 2631 2152 πονηρίας
2659 2081 2774 2134 υἱόν
2793 2099 2806 2110 ’
2843 2080 3169 2134 κατεϐάλετε
3198 2080 3258 2131 τὸ
3284 2079 3472 2150 Θηρίον
3501 2080 3608 2148 τῆς
3632 2081 3828 2150 ὸργῆς.

2240 2176 2328 2226 τὸν
2369 2175 2766 2242 σκολιόγνωμον
2793 2174 2932 2226 νοῦν.
2965 2169 3036 2225 Ὦ
3067 2215 3080 2236 ,
3109 2168 3153 2226 ὦ
3205 2173 3523 2243 τριπόθητοι
3563 2190 3578 2203 ·
3636 2168 3730 2224 οἷα
3765 2176 3829 2225 τὰ

2241 2266 2448 2334 αἵματα
2495 2266 2646 2334 ὑμῶν
2671 2267 2873 2318 δυνατά
2910 2267 2923 2319 !
2959 2266 3098 2318 Τάδε
3133 2265 3366 2334 ἔρῤαξαν
3413 2263 3508 2316 τὸν
3539 2264 3829 2332 ἀλάστορα

2242 2356 2510 2426 κολαστήν
2531 2375 2542 2387 ·
2576 2358 2748 2410 ταῦτα
2777 2358 3052 2409 ἐκένωσαν
3084 2356 3145 2407 τὸ
3187 2355 3379 2423 ἐναγὲς
3421 2352 3565 2423 αἷμα
3598 2356 3696 2407 τοῦ
3741 2373 3830 2424 φο-

2240 2446 2429 2500 νευτοῦ
2450 2463 2464 2477 ·
2493 2448 2650 2516 εῐπερ
2673 2448 2969 2500 ὑπακούειν
2993 2449 3021 2499 6
3051 2447 3286 2516 ἀψευδὴς
3314 2447 3691 2516 ἐπηγγείλατο
3723 2450 3829 2500 τιίν

2244 2539 2494 2610 βοώντων
2527 2541 2665 2607 πρὸς
2695 2539 2856 2591 αὐτὸν
2890 2538 3085 2600 νυκτὸς
3118 2539 3210 2589 καὶ
3243 2538 3478 2607 ἡμέρας,
3508 2538 3659 2591 καθά
3692 2557 3827 2605 φησι

2239 2633 2306 2683 τὰ
2336 2632 2525 2698 Λόγια.
2567 2629 2722 2684 Μάθε
2752 2671 2766 2692 ,
2796 2630 3098 2700 Χρίστυϐρι
3117 2670 3132 2693 ,
3157 2628 3281 2681 ὅσον
3323 2629 3541 2697 ἴσχυσεν
3575 2632 3609 2697 ἡ
3656 2630 3758 2698 βοὴ
3787 2625 3827 2697 ᾧ

2241 2721 2392 2792 [Reg.
2421 2724 2533 2775 cod.
2581 2715 2678 2793 ὧν]
2713 2721 3010 2785 κατέξανας
3050 2722 3148 2780 τὰς
3194 2719 3420 2787 σάρκας.
3480 2721 3649 2784 Ἴσοι,
3694 2740 3827 2790 μυσ-

2242 2815 2424 2882 άρχα,
2471 2813 2653 2881 ἡλίκον
2715 2829 2796 2864 σοι
2843 2813 2902 2865 τὸ
2960 2812 3102 2864 κατὰ
3153 2811 3388 2881 Χριστοῦ
3429 2812 3821 2880 ἀποτέλεσμα·

2239 2905 2425 2973 ἐπειδὴ
2458 2906 2594 2972 πρὸς
2627 2905 2832 2972 κέντρα
2863 2903 3133 2965 λακτίζων
3159 2899 3244 2970 ἧς,
3272 2903 3550 2972 ἐλάκησας
3582 2907 3820 2973 πρηνής·

2239 2995 2466 3065 ἐξεχύθη
2507 2999 2684 3058 σου,εἰ
2723 2998 2816 3048 καὶ
2841 2996 2901 3047 οὐ
2927 2996 2995 3047 τὰ
3032 2995 3333 3064 σπλάγχνα,
3367 2996 3501 3047 ἀλλὰ
3535 2996 3598 3047 τὸ
3630 2997 3824 3062 ἐναγὲς

2239 3085 2398 3158 αἷμα,
2431 3091 2684 3158 ἐντομαῖς
2732 3084 2929 3158 τρίσὶν,
2976 3088 3049 3150 ὡς
3079 3091 3144 3158 τῇ
3176 3088 3363 3158 Τριάδι
3395 3089 3821 3158 προσκρούσαν-

2239 3181 2494 3246 τος,νδιὰ
2542 3181 2642 3247 τῆς
2686 3180 2894 3248 ὕϐρεως
2939 3181 3041 3249 τῆς
3085 3181 3246 3246 ἁγίας
3286 3180 3494 3242 εἰκόνος
3553 3183 3819 3250 Χριστοῦ.

2246 3273 2430 3326 Ἄπιθι
2492 3275 2629 3341 μετὰ
2679 3272 2769 3325 τοῦ
2811 3273 3000 3336 Ἰούδα,
3029 3273 3414 3342 ἰουδαὶοφρον.
3458 3273 3704 3340 Σύντυχε
3747 3263 3820 3339 τῷ

2243 3365 2411 3432 πατρί
2457 3381 2550 3415 σου
2603 3364 2930 3432 Οὑραλυφίῳ
2979 3365 3433 3432 Καϐαλλωνύμῳ.
3504 3364 3608 3416 Πίε
3663 3363 3821 3414 τοῦτο

2243 3454 2478 3522 πρῶτον,
2504 3453 2577 3516 ὥς
2600 3471 2764 3523 φησιν
2788 3454 2816 3504 6
2841 3455 3124 3526 προφήτης
3141 3493 3155 3516 ,
3183 3455 3273 3506 καὶ
3295 3453 3353 3505 τὸ
3374 3453 3711 3524 δριμύτερον
3738 3455 3817 3505 ἐπ’

2241 3546 2507 3614 ἐσχάτων.

2313 3828 2376 3878 Ὠ
2401 3828 2497 3893 τῆς
2536 3824 2746 3877 ἐκείνου
2782 3823 3216 3892 Χριστομανίας,
3257 3819 3352 3872 καὶ
3394 3822 3495 3890 τῆς
3543 3820 3814 3890 ὑμετέρας

2240 3918 2560 3986 ὁμολογίαςί
2608 3917 2792 3984 Ὑμεῖς
2843 3915 3032 3984 ἄνδρες
3072 3914 3468 3984 Χριστοφόροι,
3523 3913 3816 3983 ορέμματα

2242 4009 2543 4071 εὐσεϐείας,
2583 4008 2904 4076 μυρίσματα
2931 4005 3246 4066 ἀθανασίας,
3282 4003 3697 4072 στηλιτεύματα
3728 4004 3815 4055 τοῦ

2243 4102 2460 4170 ἐχθροῦ.
2530 4101 2720 4169 Ὑμεῖς
2779 4098 2941 4166 νεῦρα
2986 4101 3084 4162 τῆς
3143 4094 3503 4164 Ἐκκλησίας,
3537 4096 3820 4164 ἑδραίωμα.

2245 4193 2508 4254 πίστεως,
2545 4192 2699 4252 κλέος
2740 4193 2803 4259 τῇ
2837 4191 2927 4256 ὑφ’
2954 4189 3107 4258 ἡλίῳ.
3154 4186 3340 4255 Ὑμῶν
3373 4186 3434 4237 τὸ
3470 4188 3816 4254 μνημόσυνον

2244 4284 2436 4343 αἴσιον,
2491 4283 2518 4334 ὃ
2563 4283 2656 4333 καὶ
2686 4285 2712 4334 6
2767 4283 2971 4351 μέλλων
3021 4278 3327 4342 ὑποδέξοιτο
3373 4279 3595 4348 χρόνος.
3634 4279 3817 4344 ’Υμών

2243 4375 2301 4426 τὸ
2355 4373 2685 4443 στεφάνωμα
2735 4375 3007 4443 οὐράνιον,
3059 4373 3171 4432 τοῖς
3221 4371 3551 4441 ᾁσματικοίς
3603 4371 3815 4423 ἄνθεσιν

2243 4464 2538 4533 ἁξιοχρέως
2592 4462 3058 4532 συμπλεκόμενον.
3107 4460 3172 4510 Τί
3203 4459 3262 4510 τὸ
3290 4458 3512 4521 λοιπόν;
3576 4458 3817 4508 αἰνετέον

561 4550 774 4615 Iaudes,
802 4553 891 4620 pio
936 4553 1162 4620 principi
1197 4564 1378 4623 grates
1412 4563 1660 4623 agantur,
1687 4555 1830 4622 quod
1853 4569 2132 4608 carcerum

2246 4556 2391 4619 θεὸν,
2424 4556 2772 4624 εὑχαριστέον
2806 4553 2883 4622 τῷ
2919 4552 3132 4604 εὐσεϐεῖ
3169 4550 3398 4620 βασιλεῖ,
3439 4550 3522 4600 ὅτι
3572 4549 3685 4599 τῶν
3721 4567 3816 4615 φυ-

560 4657 626 4696 ac
685 4643 932 4697 dolorum
979 4646 1140 4697 linem
1201 4647 1435 4715 denique
1498 4643 1733 4699 fecerit?
1795 4645 2133 4714 Sperandum

559 4731 679 4788 fore
707 4743 766 4787 ut
796 4736 887 4803 qui
923 4751 1179 4805 prospera
1213 4737 1359 4792 dedit
1415 4738 1570 4791 initia
1610 4737 1771 4802 Deus,
1828 4738 2047 4806 adjiciat
2078 4746 2136 4792 ut

561 4824 921 4894 respondeant
981 4839 1221 4883 extrema
1277 4831 1487 4899 primis,
1523 4839 1577 4883 et
1614 4839 1757 4883 recta
1826 4829 1959 4883 ﬁdes
2011 4845 2132 4883 cum

561 4933 693 4987 pace
750 4921 1038 4988 conjuncta
1087 4931 1251 4992 caput
1311 4932 1515 4976 exerat.
1582 4923 1814 4976 Tantum
1883 4923 2132 4984 obsecro,

563 5021 893 5066 mementote
926 5013 1030 5066 mei
1063 5015 1116 5066 in
1165 5015 1506 5068 orationibus
1533 5014 1850 5081 impensius,
1888 5028 1951 5066 ac
1983 5014 2136 5066 vobis

563 5102 695 5169 ipsis
717 5118 930 5171 semper
957 5106 1238 5159 attendite.
1264 5105 1513 5170 Quandiu
1542 5106 1686 5159 enim
1719 5104 1965 5173 spiritum
1992 5104 2136 5157 hunc

563 5194 780 5248 vitalem
832 5197 1106 5262 ducimus,
1176 5209 1410 5251 tentatur
1465 5199 1651 5251 instat.
1707 5195 1896 5250 Frater
1960 5205 2136 5250 vester

564 5283 818 5341 Nicolaus
851 5304 946 5356 pro
981 5304 1133 5342 more
1172 5289 1401 5343 salutem
1433 5289 1586 5342 dicit.

846 5401 1178 5456 LXXXVIII.
1206 5434 1273 5443 —
1305 5401 1505 5455 Nicetw
1549 5403 1852 5471 pi'wposito.

2237 4647 2414 4698 λακῶν
2455 4645 2550 4697 καὶ
2585 4645 2784 4697 ὀδυνῶν
2815 4644 2962 4695 εἴασε
3007 4642 3180 4704 τέως·
3227 4641 3320 4692 καὶ
3360 4639 3652 4690 ἐλπιστέον
3675 4640 3754 4690 ὅτι
3792 4640 3817 4689 ὁ

2236 4740 2356 4800 δοὺς
2395 4739 2525 4799 Θεὸς
2573 4739 2672 4807 τὴν
2712 4737 2965 4806 ἀπαρχὴν
2986 4735 3185 4801 δεξιὰν,
3217 4735 3541 4786 συναποίσει
3573 4737 3641 4801 τῇ
3676 4735 3811 4800 ἀρχῇ

2237 4832 2330 4882 καὶ
2352 4830 2410 4882 τὺ
2436 4830 2587 4891 τέλος
2612 4847 2622 4858 ·
2649 4830 2745 4895 τῆς
2762 4827 3111 4899 εἰρηνοχύτου
3137 4825 3445 4895 ὀρθοδοξίας
3473 4823 3813 4887 ἐξανατεῖλαι

2237 4921 2296 4973 τὸ
2348 4921 2533 4989 κέρας.
2592 4921 2766 4972 Μόνον
2825 4918 3129 4989 παρακαλῶ
3198 4916 3564 4987 μνημονεύειν
3616 4933 3717 4983 μου
3764 4915 3813 4962 ἐν

2237 5015 2567 5081 προσευχαῖς
2587 5011 2955 5082 ’θερμότερον,
2991 5012 3085 5062 καὶ
3118 5010 3410 5079 προσέχειν
3433 5009 3656 5069 ἑαυτοῖς
3691 5007 3813 5058 πᾶν·

2237 5121 2378 5156 τοτε.
2412 5104 2530 5154 ’Ότι
2563 5102 2665 5163 ἕως
2685 5103 2748 5155 ἂν
2779 5103 3125 5173 ὲμπνέωμεν,
3161 5105 3188 5154 6
3221 5099 3504 5171 πειράζων
3531 5102 3806 5169 πάρεστιν.

2249 5194 2306 5247 '0
2371 5194 2594 5261 ἀδελφὸς
2648 5193 2803 5262 ὑμῶν
2869 5192 3139 5255 Νικόλαος
3195 5191 3510 5254 ἀσπάζεται
3570 5192 3713 5243 κατὰ
3759 5187 3811 5238 τὸ

2250 5284 2494 5352 σύνηθες.

2513 5397 2638 5448 OH'.
2672 5425 2742 5433 —
2769 5394 2997 5462 Νικήτςι
3029 5391 3361 5463 ἡγουμένῳ.
3395 5392 3554 5464 ιφδ’.ι

1511 5515 1584 5564 De
1621 5515 1955 5577 persecutoris
1980 5511 2209 5568 interitu,
2235 5515 2288 5558 et
2314 5514 2481 5557 contra
2508 5508 2869 5557 lconomachos.

641 5619 785 5672 Misit
812 5620 878 5673 ad
911 5619 1266 5672 humilitatem
1303 5634 1501 5684 meam,
1530 5630 1588 5672 ut
1635 5619 1838 5687 accepi,
1874 5617 2132 5672 sanctitas

642 5774 686 5805 ⁸³
722 5773 855 5828 Psal.
905 5791 1073 5840 nm,
1112 5776 1158 5828 I.
1237 5776 1280 5806 ”
1313 5773 1452 5831 Psal.
1490 5791 1595 5842 civ,
1624 5777 1674 5829 '2.

2320 5613 2689 5680 Ἐπέστειλεν,
2754 5612 2828 5677 ὡς
2876 5611 3094 5682 ἔμαθον,
3152 5612 3184 5682 ἡ
3238 5613 3518 5683 ἁγιωσύνῃ
3553 5629 3644 5665 σου
3680 5610 3800 5682 πρὸς

1771 5779 1811 5808 ³³
1849 5775 1948 5831 lsa.
1981 5789 2051 5841 ιε,
2104 5775 2149 5838 1,
2185 5787 2291 5828 scc.
2335 5769 2493 5824 LXX.
