3990 6318
141 377 290 440 1317

1339 384 1881 446 EPISTOLARUM
1936 386 2087 444 LIB.
2129 386 2214 445 II.

3271 386 3409 449 i318

135 494 250 562 τὴν
278 489 612 544 ταπείνωσίν
661 505 797 562 μουο
852 491 967 545 ἀλλ’
1015 491 1116 545 οὐκ
1170 493 1443 568 ἐδεξάμην
1473 499 1563 552 διά
1607 516 1728 552 τινα

1844 511 1924 553 Lua
1966 499 2176 554 litteras
2204 538 2216 552 .
2268 497 2362 553 sed
2401 512 2508 551 non
2539 505 2666 552 sunt
2693 497 2759 551 ad
2801 512 2890 552 me
2922 499 3105 552 nescio
3138 513 3248 568 quo
3281 514 3410 553 casu

138 580 533 649 περιπέτειαν.
581 578 725 649 Ἐγὼ
770 579 826 634 δὲ
853 581 928 646 ὼς
971 583 1303 655 δεξάμενος,
1352 589 1729 670 χαράσσωῦσοι

135 672 271 725 τόδε
302 673 364 724 τὸ
392 672 610 734 εὐτελές
643 691 742 742 μου
773 675 1157 744 γραμμάτιον’
1203 680 1578 751 προσηγορίαν
1629 697 1727 734 κο-

139 761 314 829 μίζον
355 762 452 813 καὶ
481 762 566 825 τὸ,
588 764 782 834 Χαῐρε,
805 764 1196 837 φθεγγόμενον.
1231 771 1330 822 Διά
1369 772 1450 835 τί;
1493 774 1574 826 ὅτι
1608 789 1731 826 συν-

136 853 381 922 ετρίΰη,
427 854 625 924 μᾶλλον
678 856 734 910 δὲ
784 860 1061 930 κατεκόπη
1100 861 1130 914 6
1185 861 1403 916 κόπτων
1432 866 1580 934 ἡμᾶς
1604 882 1618 896 ⁸
1647 867 1729 920 ὅτι

135 943 358 1014 δέδειχε
403 945 607 1016 Κύριος
634 948 692 1000 ὲν
720 947 1018 1020 ὀφθαλμοῖς
1043 953 1317 1014 ἁπάντων,
1362 956 1602 1027 ἀρνητὴν
1630 957 1728 1010 αὐ-

136 1036 240 1087 τοῦ
300 1032 442 1090 εἶναι
492 1039 584 1091 τὸν
629 1040 730 1107 τῆς
781 1042 940 1109 ἁγίας
982 1045 1147 1097 αὐτοῦ
1187 1046 1393 1108 εἰκόνος
1437 1049 1725 1118 ἀθετητήν.

149 1125 248 1187 Ὦς
285 1126 397 1196 γὰρ
433 1127 494 1179 οὐ
536 1129 830 1198 χωρίζεται
861 1132 1019 1194 ἀκτὶς
1045 1133 1152 1184 ἀπὸ
1179 1133 1332 1202 ἡλίου
1355 1151 1366 1164 ·
1397 1133 1567 1195 οὑτως
1606 1135 1730 1186 οὐδέ

140 1219 319 1272 εἰκὼν
343 1221 438 1274 τοῦ
473 1224 853 1292 πρωτοτύπου,
879 1224 910 1290 ἢ
942 1224 1107 1290 μόνον
1149 1227 1289 1279 κατά
1327 1226 1386 1279 τὸ
1417 1229 1515 1296 τῆς
1545 1227 1730 1291 οὐσίας

139 1313 432 1382 διάφορον.
492 1315 614 1368 Ἐπὶ
646 1316 752 1368 τῶν
799 1317 1077 1387 τεχνητῶν
1114 1317 1176 1387 δὴ
1210 1317 1378 1392 λέγω,
1421 1318 1558 1370 Ἀλλ’
1582 1319 1730 1388 ὅμως

141 1403 246 1456 καὶ
291 1403 466 1468 οὕτως
519 1407 880 1477 ἀστραψάσης
927 1410 1028 1479 τῆς
1078 1408 1371 1480 ἀληθείας,
1431 1409 1530 1463 οὐκ
1585 1410 1731 1464 ἔστιν

141 1496 420 1566 ἄθρησις,
465 1500 704 1569 οὐδαμοῦ
746 1500 1033 1571 ἀνάνηψις.
1092 1503 1201 1555 Καὶ
1233 1505 1319 1566 τίς
1353 1503 1415 1556 οὐ
1451 1504 1728 1570 στενὰξοι;

144 1589 246 1642 καὶ
279 1591 368 1652 τίς
399 1591 500 1643 οὐκ
536 1591 962 1656 ἀποκλαύσοιτος
1009 1593 1069 1646 οὐ
1102 1595 1228 1657 τοὺς
1263 1594 1728 1664 ἀθλοφοροῦντοις·

146 1681 357 1750 μήτιγε
415 1697 498 1743 τις
565 1681 720 1734 τοῦτο
755 1682 1046 1736 ὑπολάϐοι·
1082 1685 1198 1749 πῶς
1234 1688 1344 1756 γὰρ
1383 1688 1432 1739 οἱ
1464 1687 1734 1756 θεομακά-

150 1793 331 1844 ριστοι
385 1776 807 1846 ἐπικλαύσιμοι;
854 1778 990 1832 ἀλλά
1030 1781 1154 1840 τοὺς
1199 1779 1604 1842 ἀὸλεπτοῦντας
1638 1781 1732 1833 καὶ

1835 589 2074 659 perlatae.
2114 584 2271 643 Nunc
2306 603 2456 653 vero,
2498 597 2758 658 tanquam
2786 590 3143 657 accepissem,
3177 590 3279 644 hoc
3314 590 3415 643 tibi

1835 689 1997 735 tenue
2025 681 2335 750 epistolium
2371 693 2560 744 exaro,
2595 680 2740 748 quod
2773 678 2869 732 tibi
2921 678 3300 733 salutationem
3330 677 3415 733 fe-

1835 780 1941 838 rat,
1964 779 2015 825 et
2046 770 2284 840 gaudere
2316 770 2522 839 jubeat.
2568 770 2842 835 Quorsum
2869 769 2893 823 ?
2920 771 3176 839 quoniam
3206 770 3414 824 contri~

1836 868 1925 914 tus
1949 869 2051 926 est,
2081 861 2164 914 vel
2219 862 2401 930 potius
2444 860 2698 915 concisus
2729 870 2812 915 est
2851 862 2942 930 qui
2981 876 3081 916 nos
3125 860 3411 918 caedebat:

1835 951 2093 1020 quoniam
2124 951 2302 1020 palam
2348 950 2474 1004 fecit
2514 951 2776 1005 Dominus
2831 955 2886 1005 in
2937 960 3230 1020 conspectu
3292 966 3414 1003 om—

1836 1043 2010 1105 nium,
2041 1052 2356 1112 negatorem
2382 1042 2498 1111 ejus
2527 1057 2668 1105 esse,
2722 1052 2922 1097 sanctae
2953 1043 3127 1111 ipsius
3160 1042 3414 1111 imaginis

1837 1142 2288 1202 contemptorem.
2338 1133 2807 1198 Quemadmodum
2856 1135 3000 1188 enim
3060 1149 3167 1186 non
3204 1133 3415 1199 disiun-

1836 1225 1983 1295 gitur
2030 1240 2064 1280 a
2103 1227 2216 1280 sole
2252 1227 2459 1292 radius,
2510 1228 2588 1280 sic
2617 1242 2792 1295 neque
2838 1228 3018 1296 imago
3045 1243 3074 1281 a
3110 1235 3412 1295 prototypo,

1837 1317 1942 1372 nisi
1983 1317 2100 1372 sola
2130 1319 2448 1373 suhsmntiae
2478 1318 2780 1373 differentia
2811 1337 2824 1373 :
2857 1318 2924 1373 de
2961 1329 3076 1373 arte
3127 1318 3286 1373 faetis
3316 1319 3417 1372 uti-

1837 1423 1942 1475 que
1975 1408 2193 1476 loquor.
2227 1409 2298 1460 At
2330 1408 2708 1470 nihilominus,
2735 1424 2858 1462 cum
2903 1418 3184 1476 tantopere
3211 1409 3415 1463 veritas

1838 1499 2060 1569 fulgeat,
2103 1513 2265 1553 nemo
2289 1510 2371 1553 est
2401 1498 2492 1568 qui
2536 1500 2811 1568 respiciat,
2841 1515 3001 1554 nemo
3043 1500 3135 1569 qui
3165 1502 3416 1569 expergi-

1839 1603 2045 1646 scatur.
2071 1591 2137 1644 Et
2159 1592 2282 1661 quis
2305 1608 2466 1661 porro
2500 1609 2606 1646 non
2644 1594 3013 1663 ingemiscat?
3061 1604 3114 1648 et
3153 1595 3277 1661 quis
3307 1611 3416 1648 non

1839 1684 2078 1739 deﬂeat?
2118 1700 2226 1738 non
2252 1700 2347 1739 eos
2402 1686 2494 1754 qui
2529 1684 2738 1739 fortiter
2767 1696 2979 1740 certant
3008 1703 3022 1751 ;
3079 1703 3254 1755 neque
3288 1703 3419 1750 vero

1840 1781 1964 1845 quis
2006 1775 2059 1830 id
2129 1785 2437 1844 suspicetur
2474 1794 2488 1830 :
2525 1792 2648 1829 nam
2704 1777 2978 1846 quomodo
3038 1778 3252 1848 lugendi
3310 1779 3418 1833 sint

143 1867 228 1937 τῷ
261 1868 416 1933 αὐτῷ
446 1864 594 1938 ζόφῳ
627 1870 725 1938 τῆς
765 1870 1019 1933 ἀσεὸείας
1068 1873 1536 1942 ἐπερειδομένους.
1590 1867 1730 1939 Ἐγὼ

1844 1883 1975 1938 quos
2029 1867 2173 1922 Deus
2226 1868 2572 1924 beavit?sed
2607 1883 2700 1924 eos
2727 1870 2822 1940 qui
2871 1870 3186 1934 caecutiunt,
3253 1881 3417 1941 atque

150 1962 258 2032 μὲν
303 1956 398 2014 οὖν
445 1963 473 2014 6
514 1961 683 2024 τάλας
725 1961 866 2014 οὑτω
895 1963 990 2015 καὶ
1047 1963 1402 2034 διανοοῦμαι,
1447 1963 1586 2016 οὕτω
1638 1963 1734 2017 καὶ

145 2054 552 2124 ἀποκλαίομαι.
602 2057 673 2109 Σὺ
718 2055 795 2119 δὲ,
823 2048 867 2108 ὧ
913 2055 1034 2126 ἱερά
1057 2056 1304 2126 κεφαλὴ,
1340 2057 1433 2109 xui.
1464 2056 1563 2126 τῆς
1595 2057 1734 2127 ἐμῆς

146 2145 513 2216 οὐθενότητος
538 2147 686 2218 φίλη,
716 2148 790 2219 μὴ
813 2147 1141 2218 ἀπολήξειας
1169 2139 1583 2218 προσευχομένη
1605 2165 1735 2201 κατ·

147 2238 402 2307 ἀλλαγὴν
437 2238 642 2305 φθάσαι
668 2238 876 2293 ἀνωθεν
900 2239 977 2310 τῷ
1007 2239 1122 2310 λαῷ
1151 2240 1244 2293 τοῦ
1292 2238 1446 2294 Θεοῦ.
1505 2241 1735 2294 Ἔπειτα

149 2331 247 2384 τοῦ
274 2331 374 2383 καὶ
404 2331 552 2400 ἡμᾶς
588 2330 949 2394 διασώζεσθαι
992 2332 1120 2396 τοὺς
1163 2332 1455 2399 ἀναξίους,
1506 2332 1737 2385 κατόπιν

151 2420 313 2491 ὑμῶν
353 2422 464 2474 τῶν
489 2422 661 2490 ἁγίων
698 2424 897 2488 ίόντας.
933 2423 993 2476 '0
1028 2426 1127 2478 σὺν
1158 2425 1282 2494 ἐμοὶ
1305 2423 1535 2492 ἀδελφὸς
1564 2439 1738 2493 προσ-

152 2514 435 2584 αγορεύει.
489 2515 629 2577 Τοὺς
663 2516 802 2585 μετά
839 2518 939 2588 τῆς
982 2518 1292 2587 ἁγιωσύνης
1340 2534 1434 2570 σου
1470 2516 1738 2586 ἀδελφούς

155 2625 262 2676 μου
303 2609 660 2678 ἀσπάζομαι·
705 2610 866 2679 καίγε
925 2610 1162 2681 μάλιστα
1203 2611 1296 2664 τὸν
1351 2610 1499 2682 ἱερὸν
1535 2610 1740 2684 Ἀρσέ-

155 2716 294 2754 νιον.

154 2812 276 2866 08'.
302 2843 372 2852 —
394 2814 711 2881 Νικηφόρφ
734 2813 817 2899 fdi
844 2813 1143 2882 ἁγιωτάτῳ
1183 2814 1542 2884 πατριάρχῃ.
1578 2814 1751 2888 [φς’.]

1837 1959 1894 2011 in
1941 1958 2057 2025 ipsa
2097 1957 2396 2026 impietatis
2454 1959 2686 2029 caligine
2728 1961 3049 2029 gloriantur.
3113 1959 3224 2030 Ego
3285 1976 3418 2015 sane

1837 2049 2005 2104 miser
2055 2048 2136 2103 sic
2175 2064 2388 2104 mecum
2442 2050 2624 2103 animo
2656 2061 2867 2117 reputo,
2922 2052 3001 2106 sic
3027 2059 3082 2105 et
3119 2051 3295 2120 lugeo.
3334 2051 3416 2105 Tu

1836 2156 1987 2208 vero,
2019 2157 2239 2196 sacrum
2274 2151 2458 2212 caput,
2495 2156 2558 2196 ac
2600 2142 2882 2197 tenuitatis
2930 2153 3129 2198 nostra;
3156 2146 3416 2206 amicum,

1838 2248 1911 2287 ne
1946 2233 2156 2301 precari
2185 2234 2393 2300 desine,
2419 2233 2495 2287 uti
2527 2235 2723 2303 populo
2758 2235 2851 2289 Dei
2892 2235 3108 2291 cmlitus
3147 2251 3248 2304 pax
3282 2250 3417 2290 cmi.

1841 2326 2013 2396 tingat
2055 2341 2070 2379 :
2102 2326 2299 2381 deinde
2331 2335 2390 2380 ut
2422 2335 2476 2380 et
2506 2342 2608 2381 nos
2633 2327 2768 2381 salvi
2798 2329 2995 2392 simus,
3026 2329 3233 2398 indigni
3270 2330 3416 2396 licet,

1839 2417 2067 2488 vestigia.
2092 2427 2270 2473 vestra
2297 2418 2389 2488 qui
2419 2419 2595 2474 sancti
2625 2420 2756 2474 estis
2779 2419 3200 2490 subsequentes.
3226 2421 3420 2477 Frater

1841 2510 1934 2578 qui
1987 2524 2204 2563 mecum
2247 2518 2351 2574 est,
2384 2509 2482 2563 tibi
2532 2510 2763 2564 salutem
2798 2511 2948 2565 dicit.
2986 2511 3203 2566 Fratres
3245 2527 3416 2578 meos,

1839 2602 1934 2671 qui
1990 2615 2114 2656 cum
2154 2600 2440 2655 sanctitate
2491 2609 2583 2655 tua
2616 2602 2839 2672 degunt,
2882 2603 3061 2658 saluto
3097 2622 3110 2658 :
3151 2604 3418 2674 imprimis

1839 2708 1971 2748 vero
1993 2708 2207 2748 sacrum
2227 2692 2540 2747 Arsenium.

1898 2805 2140 2862 LXXIX.
2195 2835 2266 2845 —
2315 2803 2615 2875 Nicephoro
2664 2807 3008 2860 sanctissimo
3039 2807 3380 2876 patriarcliaz.

154 2923 427 2973 Doleutem
457 2924 587 2985 quod
612 2925 847 2975 Ecclesiae
865 2941 967 2976 suae
989 2940 1078 2988 pax
1102 2926 1284 2978 Leonis
1306 2929 1512 2979 Armeni
1533 2922 2165 3048 mortesélftiduﬁgeuitus
2194 2922 2385 2972 reddita
2405 2929 2557 2982 esset,
2580 2937 2670 2986 spe
2690 2921 2956 2972 meliorum
2981 2925 3186 2974 solatur.
3217 2925 3417 2983 (Baron.

1580 3005 1659 3040 an.
1782 3027 1796 3048 ,
1817 3001 1868 3036 n.
1963 3024 1974 3034 .

1580 3005 1659 3040 an.
1684 3001 1796 3048 ὕει,
1817 3001 1868 3036 n.
1895 3001 1974 3034 az.

239 3070 565 3123 Ἐπέστειλα
619 3071 789 3126 πάλαι
833 3073 862 3124 ὁ
915 3075 1118 3141 τάλας,
1155 3076 1217 3130 οὐ
1275 3077 1410 3147 πρὸς
1465 3078 1736 3130 ἀντίδοσιν

159 3163 510 3230 γραμμάτων
563 3161 921 3216 ἀποσκοπῶν·
986 3166 1068 3218 ὃτι
1129 3165 1264 3237 μηδὲ
1320 3167 1528 3229 δούλοις
1585 3168 1736 3236 παρὰ

1905 3070 2123 3141 ‘Scripsi
2157 3070 2286 3124 olim
2331 3070 2518 3135 miser,
2551 3086 2659 3126 non
2697 3079 2757 3124 ut
2812 3071 2943 3126 mihi
2980 3071 3222 3126 vicissim
3279 3072 3419 3127 scri-

1841 3165 2000 3219 beres
2033 3181 2046 3216 :
2083 3178 2183 3216 nec
2212 3163 2356 3217 enim
2382 3163 2555 3216 servis
2589 3163 2796 3217 domini
2821 3163 3058 3229 debent;
3107 3163 3200 3217 sed
3237 3179 3419 3219 meum

158 3246 439 3301 δεσποτῶν
469 3249 658 3320 ὀφειλή
680 3266 693 3281 ⁸
726 3251 863 3304 ἀλλά
887 3254 987 3322 τὴν
1017 3256 1258 3324 ἐμαυτοῦ
1288 3256 1530 3310 διάθεσιν
1556 3257 1740 3328 γλιχό-

1844 3256 2016 3325 ipsius
2054 3254 2304 3311 affectum
2370 3255 2648 3310 declarare
2689 3257 2938 3325 cupiens,
2996 3272 3180 3311 amore
3215 3266 3270 3311 et
3319 3273 3419 3327 op-

164 3353 324 3402 μενος
358 3339 706 3407 ὐπεκφάναι·
749 3340 892 3397 οὑτω
936 3345 1029 3397 τοῦ
1070 3346 1237 3398 πόθου
1282 3347 1498 3401 καὶτοῦ
1548 3348 1743 3418 καιροῦ

163 3423 522 3497 βιαζομένων,
570 3431 669 3484 οὐκ
720 3432 1046 3498 ἀπεικότως.
1095 3437 1269 3501 Αὐτὸς
1301 3438 1379 3502 δὲ,
1411 3433 1455 3494 ὧ
1491 3439 1612 3494 θεία
1648 3441 1744 3494 καὶ

165 3521 441 3587 κορυφαία
479 3521 589 3574 τῶν
651 3523 812 3594 ἱερῶν
830 3527 1110 3597 ,κεφαλῶν
1156 3528 1398 3599 ἀκρότης
1425 3573 1440 3596 ,
1473 3532 1533 3583 οὐ
1583 3533 1743 3602 μόνον

165 3609 574 3666 ἀντεπιστεῖλαι
602 3614 846 3683 ἠξίωσας
891 3618 966 3687 τῷ
995 3619 1221 3687 ἀναξίῳ,
1270 3620 1621 3693 θεομιμήτως
1645 3623 1742 3695 δη.

163 3701 335 3755 λονότι
363 3705 664 3774 φερόμενος
685 3723 698 3736 ο
732 3706 868 3762 ἀλλὰ
894 3710 1002 3777 γάρ
1029 3711 1124 3761 καὶ
1147 3710 1244 3763 ἀπ’
1275 3711 1447 3782 αὐτῆς
1474 3713 1575 3782 τῆς
1605 3732 1742 3786 προ-

166 3797 382 3863 γραφῆς
413 3796 668 3848 τοσοῦτον
707 3798 840 3867 ἡμῖν
875 3797 928 3851 τὸ
960 3800 1060 3868 τῆς
1106 3802 1610 3873 ταπεινοφροσύνης
1647 3820 1742 3856 σου

169 3887 312 3941 θεῖον
364 3888 498 3958 ῦψος
544 3889 860 3954 ὑπέδειξας,
898 3891 974 3954 ὼς
1007 3893 1429 3962 καταπλαγῆναι
1459 3895 1618 3966 ήμῶν
1646 3896 1744 3967 τὴν

166 3982 391 4051 οἰκτρὰν
430 3981 693 4036 διάνοιαν.
728 3984 790 4037 Ὢ
831 3983 925 4034 τοῦ
963 3981 1275 4053 θαύματοςί
1311 3986 1375 4040 Εἰ
1427 3989 1454 4039 6
1494 3987 1743 4053 τοσοῦτος

169 4075 262 4126 καὶ
308 4074 628 4143 τηλικοῦτος
679 4075 778 4145 τὴν
832 4075 1010 4143 ἀξίαν,
1035 4077 1129 4130 καὶ
1179 4079 1305 4149 τῇδε
1351 4081 1742 4150 συνισουμένην

170 4167 304 4236 ἔχων
353 4168 452 4237 τὴν
491 4168 694 4238 ἀρετὴν
746 4169 1269 4238 ἀναστράπτουσαν,
1303 4172 1378 4236 ὡς
1424 4172 1562 4225 αὐτά
1599 4190 1741 4243 μαρ-

170 4262 323 4328 τυρεϊ
372 4259 442 4312 τά
474 4259 809 4328 πράγματα,
839 4261 953 4312 υἱὸν
988 4261 1180 4314 ἑαυτὸν
1207 4261 1301 4315 τοῦ
1333 4262 1592 4326 ἀσθενοῦς
1632 4265 1742 4317 ἀπ-

172 4353 428 4406 εκάλεσεν
452 4369 465 4382 ⁸
509 4351 538 4401 6
577 4350 803 4420 οὐθενὴς
850 4353 944 4404 καὶ
974 4353 1183 4424 ἀφανὴς
1214 4355 1267 4407 τί
1297 4355 1490 4410 ἑαυτὸν
1541 4356 1740 4426 ὀνομά-

177 4460 318 4510 σειε;
340 4446 451 4498 Καὶ
481 4445 529 4496 εί
559 4446 587 4497 6
619 4445 719 4515 τῆς
778 4445 1089 4516 ἁγιωσύνης
1128 4447 1389 4518 λαμπτὴρ
1420 4449 1742 4519 ἁμαρτωλὸν

175 4534 362 4591 ἑαυτὸν
409 4538 785 4609 ὐπογράφοιεν
805 4553 818 4567 ·
855 4539 884 4590 ὁ
918 4539 1240 4610 ἁμαρτωλὸς
1270 4541 1365 4594 καὶ
1397 4544 1743 4613 ἠπορημένος

173 4629 224 4679 τί
243 4630 284 4681 δ’
310 4630 373 4683 ἂν
396 4632 492 4684 καὶ
512 4630 978 4701 ἁποκριθήσεται;
1009 4633 1151 4702 Ἀρα
1178 4635 1225 4686 εί
1251 4635 1342 4687 καὶ
1368 4635 1536 4705 μηδὲν
1560 4637 1744 4706 ἕτερον

177 4719 487 4790 ἐγέγραπτο
517 4725 584 4793 τῇ
617 4723 910 4793 ἐπιστολῇ,
958 4724 1118 4794 ἤρκει
1148 4725 1306 4778 τοῦτο
1360 4728 1520 4794 μόνον
1550 4728 1643 4780 τοῦ
1685 4745 1744 4781 τε

177 4807 467 4879 δεχομένου
492 4811 585 4864 τὸν
608 4812 730 4865 νοῦν
753 4813 1119 4882 ἐκθαμϐῆσαι,
1157 4815 1251 4866 καὶ
1280 4815 1370 4867 τοῦ
1395 4817 1748 4887 πεπομφότος

179 4898 236 4950 τὸ
259 4901 672 4973 ἀνυπέρϐλητον
702 4904 760 4955 ἐν
781 4905 950 4974 ἀρετῇ
972 4904 1356 4974 θριαμϐεῦσαι.
1393 4907 1546 4959 Ἐπεὶ
1568 4908 1623 4960 δὲ
1652 4909 1748 4961 καὶ

180 4990 238 5041 τὸ
269 4987 387 5045 ὅλον
414 4993 548 5061 ῦφος
573 4993 667 5046 τοῦ
689 4995 835 5064 ίεροῦ
855 4995 1062 5065 βιϐλίου
1090 4996 1392 5066 διέγνωμεν
1411 5000 1458 5050 οί
1479 4999 1747 5065 ταπεινοὶ,

182 5082 298 5136 τότε
338 5087 436 5138 καὶ
471 5085 672 5152 μᾶλλον
697 5087 963 5157 ἥσθημεν,
995 5091 1060 5158 τῇ
1090 5089 1338 5157 κεφαλίδι
1367 5091 1426 5142 τὸ
1445 5091 1565 5144 ὅλον
1592 5090 1751 5160 σῶμα

185 5174 279 5241 τῆς
307 5177 598 5244 διαλέξεως
628 5179 977 5249 καταλλήλως
997 5181 1292 5251 εὑρηκότες
1321 5183 1747 5254 ἀπηρτισμένον.

189 5263 363 5335 Οἶδας,
394 5274 420 5323 6
465 5271 620 5339 ἅγιος
636 5273 728 5324 τοῦ
765 5273 922 5337 Θεοῦ,
953 5267 1066 5342 ,οἷα
1109 5273 1353 5342 ἐφθέγξω
1386 5293 1750 5344 πνευματοκι-

190 5358 390 5426 νήτως’
440 5364 516 5426 ὡς
557 5365 880 5434 ἐπέρῤωσας
923 5363 1080 5434 ἡμῶν
1114 5365 1214 5436 τὴν
1261 5366 1464 5436 ἀσθενῆ
1513 5367 1753 5420 διάνοιαν

193 5447 424 5504 ἐπαίνων
470 5455 976 5525 φαρμακεύμααινο
1033 5456 1109 5519 ὡς
1159 5459 1564 5529 συνερῤίζωσας
1609 5460 1755 5530 ἡμᾶς

1845 3348 2269 3418 portunitateita
2301 3348 2640 3418 cogentibus,
2681 3363 2787 3401 non
2814 3349 3127 3417 incongrue.
3155 3347 3236 3403 Tu
3268 3365 3419 3418 vero,

1846 3453 1880 3492 ο
1909 3439 2090 3493 divine
2115 3448 2168 3492 et
2193 3453 2445 3507 supreme
2484 3453 2764 3491 sacrorum
2789 3439 3028 3507 capitum
3067 3450 3275 3504 vertex,
3309 3456 3420 3495 non

1845 3531 2022 3586 solum
2054 3531 2385 3599 respondere
2406 3529 2627 3599 indigno
2651 3529 2904 3598 dignatus
2934 3546 3014 3594 es,
3044 3530 3137 3584 Dei
3173 3532 3422 3587 videlicet

1844 3625 2091 3695 exemplo
2118 3626 2334 3688 ductus,
2357 3624 2450 3678 sed
2484 3635 2538 3677 et
2565 3625 2629 3678 ab
2651 3624 2769 3694 ipso
2797 3625 3168 3694 inscriptionis
3196 3627 3422 3682 exordio

1844 3726 2051 3771 tantum
2082 3717 2241 3772 nohis
2261 3725 2365 3770 tua:
2383 3715 2706 3770 humilitatis
2722 3715 2965 3769 divinum
2993 3717 3210 3770 culmen
3238 3726 3422 3771 osten-

1844 3808 1994 3870 disti,
2023 3820 2080 3861 ut
2113 3818 2390 3876 stuporem
2425 3806 2628 3862 infelici
2675 3808 2844 3860 menti
2891 3816 3091 3861 nostra:
3144 3808 3416 3877 inieceris.

1845 3899 1886 3951 0
1917 3914 2029 3951 rem
2078 3899 2490 3952 admirandam!
2550 3897 2607 3952 Si
2647 3907 2832 3952 tantus
2865 3914 2930 3954 ac
2968 3899 3093 3953 talis
3128 3899 3417 3969 dignitate,

1843 4000 1897 4045 et
1926 3991 2053 4044 huic
2077 3990 2292 4059 quidem
2328 4005 2516 4059 parem
2542 4005 2735 4058 gerens
2765 3991 3092 4044 emicantem
3131 3993 3416 4057 virtutem,

1843 4092 1905 4136 ut
1933 4081 2074 4136 facta
2100 4083 2212 4151 ipsa
2241 4092 2528 4146 testantur,
2557 4082 2728 4135 tilium
2751 4097 2808 4137 se
2833 4082 3215 4137 homuncionis
3240 4083 3423 4151 appel-

1842 4175 1973 4230 lavit
2003 4193 2017 4242 ;
2045 4175 2166 4228 vilis
2199 4175 2362 4227 homo
2396 4189 2460 4228 ac
2489 4174 2688 4227 nullius
2715 4175 2875 4242 pretii
2907 4173 3052 4244 quod
3083 4175 3188 4229 sibi
3221 4190 3422 4230 nomen

1844 4267 2132 4337 imponet?
2171 4266 2256 4328 Et,
2305 4267 2349 4320 si
2400 4267 2777 4320 sanctimoniae
2817 4269 3048 4336 lampas,
3079 4276 3420 4336 peccatorem

1843 4362 2081 4430 seipsum
2111 4360 2405 4414 subscribit
2435 4377 2450 4426 ;
2495 4367 2746 4428 peccator
2769 4367 2822 4412 et
2842 4358 3000 4428 inops
3025 4360 3156 4428 quid
3187 4376 3420 4430 respon-

1842 4453 2040 4507 debit?
2079 4450 2242 4520 Igitur
2272 4452 2316 4506 si
2352 4451 2500 4504 aliud
2551 4451 2686 4504 nihil
2721 4450 2985 4519 scriptum
3035 4450 3250 4517 fuisset,
3287 4455 3422 4508 satis

1848 4544 1950 4597 hoc
1977 4558 2146 4596 unum
2179 4551 2297 4598 erat
2322 4552 2375 4596 et
2423 4543 2490 4596 ad
2539 4542 2858 4610 accipientis
2889 4543 3133 4595 animum
3158 4544 3421 4613 obstupe-

1849 4634 2180 4697 faciendum,
2210 4641 2263 4687 et
2288 4634 2353 4686 ad
2387 4632 2670 4687 scribentis
2706 4632 3128 4700 insuperabilem
3159 4635 3420 4689 virtutem

1845 4726 2226 4781 extollendam.
2273 4723 2570 4792 Postquam
2626 4733 2805 4776 autem
2861 4731 3030 4777 totum
3063 4725 3205 4778 sacri
3254 4725 3420 4779 libelli

1847 4825 2164 4870 contextum
2209 4815 2447 4868 humiles
2495 4815 2821 4884 perlegimus
2854 4831 2868 4879 ;
2903 4824 3015 4868 tum
3044 4815 3213 4869 multo
3248 4817 3422 4882 magis

1850 4907 2020 4975 gavisi
2074 4921 2288 4968 sumus,
2351 4914 2520 4959 totum
2572 4907 2838 4959 orationis
2883 4920 3080 4973 corpus
3123 4921 3226 4959 suo
3259 4907 3422 4975 capiti

1851 5005 1972 5065 apte
2000 4995 2329 5064 respondere
2357 4994 2872 5050 animadvertentes.
2905 4995 3046 5058 Scis,
3081 5004 3271 5050 sancte
3301 4996 3419 5062 Dei,

1852 5087 2034 5155 qualia
2071 5085 2277 5155 Spiritu
2308 5097 2558 5140 movente
2594 5086 2810 5141 locutus
2845 5087 2921 5140 sis
2955 5105 2969 5141 :
3026 5088 3300 5155 quomodo
3333 5088 3424 5140 in-

1854 5179 2066 5231 firmam
2123 5187 2357 5232 mentem
2428 5187 2670 5232 nostram
2719 5178 2946 5231 laudum
3011 5179 3424 5234 medicamentis

1854 5268 2260 5324 contirmaveris
2292 5287 2305 5320 :
2338 5269 2612 5338 quomodo
2644 5268 2710 5322 ad
2749 5269 3066 5338 patientiam
3088 5285 3186 5323 nos
3235 5285 3424 5323 corro-

1857 5361 2151 5426 boraveris,
2185 5376 2253 5415 ne
2308 5361 2362 5414 in
2411 5361 2795 5416 afflictionibus
2845 5361 3328 5429 despondeamus;
3372 5369 3426 5416 et

1860 5468 2192 5522 quaecunque
2223 5451 2326 5504 alia
2356 5452 2534 5505 divina
2565 5451 2828 5520 sapientia
2873 5451 3098 5521 pulchre
3131 5452 3425 5521 suggessit.

197 5537 641 5616 ὑπομονητικῶς,
691 5548 765 5616 μὴ
819 5547 1079 5600 ἐκκακεῖν
1123 5549 1182 5601 ἐν
1214 5553 1332 5612 ταῖς
1367 5549 1610 5620 θλίψεσι,
1665 5550 1740 5602 κα

1860 5542 1963 5597 Sed
1997 5543 2314 5597 benedictus
2344 5542 2508 5606 Deus,
2542 5543 2635 5611 qui
2670 5542 2722 5594 in
2762 5551 2912 5596 tanto
2947 5543 3241 5611 impietatis
3271 5553 3426 5597 motu

182 5626 290 5683 ὅσα
314 5633 445 5687 ἄλλα
476 5636 868 5704 ὐπεσημήνατο
897 5635 1155 5704 θεοσοφία
1186 5638 1578 5708 καλλυνόμενα.
1619 5637 1758 5691 Ἀλλ’

200 5721 481 5795 εὐλογητὸς
506 5731 534 5780 ὁ
563 5728 724 5790 Θεὸς,
754 5727 814 5788 ὃς
857 5729 915 5781 ἐν
946 5729 1174 5798 τοιούτῳ
1216 5730 1424 5800 σεισμῷ
1470 5730 1725 5794 ἀσεϐείας
1745 5770 1758 5795 ,

203 5814 511 5881 τηλικοῦτον
566 5818 886 5890 ὐπὲρμαχον
947 5819 1081 5891 ὁμοῦ
1139 5821 1231 5876 καὶ
1295 5821 1633 5893 κυϐερνήτην
1695 5823 1760 5893 τῇ

1857 5648 1911 5689 et
1930 5635 2310 5700 concussione,
2347 5635 2506 5688 talem
2542 5646 2993 5704 propugnatorem
3042 5637 3208 5690 simul
3237 5653 3297 5689 ac
3327 5653 3428 5702 gu-

1858 5728 2200 5783 bernatorem
2227 5726 2478 5780 Ecclesia:
2503 5728 2858 5796 sumlargitus
2886 5736 2989 5788 est.
3014 5727 3425 5792 inconcussum,

1861 5820 2213 5887 immobilem,
2247 5819 2408 5876 verba
2435 5818 2554 5875 vitae
2608 5819 2917 5887 habentem,
2946 5819 3308 5877 confessionis
3346 5821 3420 5875 lu-
