3964 6320
576 362 717 432 1319

1771 363 1832 423 S.
1873 360 2264 422 THEODORI
2309 359 2658 420 STUDITAZ

3737 349 3868 410 132')

574 495 698 534 men
737 479 995 533 universo
1028 475 1153 532 orbi
1211 475 1621 531 accendentem.
1667 473 1820 541 Quod
1871 475 1917 529 si
1984 474 2158 527 hiems

2271 471 2457 524 ἑαυτοῦ
2501 466 2801 537 Ἐκκλησία
2823 463 3156 535 ἐδωρήσατο,
3181 461 3462 524 ἄσειστον,
3490 458 3865 530 ἀκράδαντον,

573 573 812 626 nondum
872 569 1153 641 praeteriit,
1204 569 1330 624 licet
1373 584 1539 638 parva
1589 567 1835 637 quaedam
1887 567 2155 622 serenitas

573 665 882 720 alfulserit:
932 679 1041 717 non
1092 661 1516 732 desperandum,
1563 677 1596 716 ο
1625 672 1706 714 ter
1759 660 1937 714 beate.
1972 660 2157 712 Potest

573 759 718 812 enim
749 758 842 827 qui
879 757 1093 810 brevem
1127 756 1277 826 pacis
1317 754 1608 810 scintillam
1654 752 1924 807 concessit
1972 749 2157 805 Domi-

574 864 701 914 nus,
728 847 894 902 Deum
919 847 1262 903 ﬂectentibus
1286 846 1540 917 precibus
1573 846 1681 900 tuis
1704 843 1958 906 inﬂexus,
1989 843 2156 896 etiam

579 953 748 997 totum
785 943 1104 996 orthodoxa:
1137 940 1258 994 ﬁdei
1296 955 1390 994 ver
1418 937 1653 1008 pandere
1689 955 1704 991 :
1749 945 1804 990 et
1835 946 1963 990 tunc
1993 935 2159 990 nimi-

576 1050 723 1095 rum.
779 1033 1000 1103 quando
1067 1033 1159 1086 irae
1205 1032 1380 1086 nubes
1442 1030 1668 1084 omnino
1726 1029 2048 1097 mutabitur,
2106 1037 2161 1081 et

578 1132 795 1198 piorum
827 1142 890 1180 ac
937 1125 1104 1179 Deum
1141 1124 1440 1178 amantium
1474 1139 1630 1178 amor
1665 1123 1928 1192 probatus
1954 1121 2157 1176 clarius

577 1219 763 1272 fuerit.
821 1216 944 1272 Haec
1006 1232 1172 1271 ausus
1223 1232 1344 1272 sum
1415 1217 1470 1270 in
1537 1216 1824 1286 praesentia
1899 1223 2157 1284 tanquam

575 1307 793 1361 catulus
821 1307 1092 1376 quispiam
1132 1307 1330 1360 tnutire
1359 1307 1564 1375 optimo
1611 1320 1733 1358 meo
1764 1321 1948 1359 revera
1979 1306 2162 1358 archi-

577 1398 783 1469 pastori
814 1400 934 1467 :qui
953 1409 1006 1453 et
1029 1398 1399 1452 venerandum
1423 1397 1786 1452 enchiridium
1808 1411 1933 1451 cum
1959 1396 2161 1465 ingenti

579 1490 944 1544 exsultatione
975 1491 1217 1558 suscepi.

899 1772 1111 1828 LXXX.
1148 1805 1215 1817 —-
1259 1773 1459 1828 Joamii
1510 1773 1833 1846 Logothelw.

2261 564 2420 636 λόγον
2471 561 2618 630 ζωῆς
2674 559 2974 628 ἐπέχοντα·
3024 555 3138 626 φῶς
3181 552 3479 624 ὁμολογίας
3537 554 3608 621 τῇ
3655 551 3866 619 ὑφηλίῳ

2259 653 2628 725 πυρσεύοντα.
2679 652 2744 706 Εἰ
2770 651 2828 704 δὲ
2875 650 2958 702 ὃτι
2985 649 3014 701 6
3037 645 3248 718 χειμὼν
3275 647 3506 700 οὐτίπου
3545 644 3864 714 παρῆλθε-δ,

2259 748 2308 799 εί
2353 744 2448 798 καί
2485 759 2572 806 τις
2621 741 2794 811 μικρὰ
2840 738 3026 810 αίθρία
3071 736 3461 808 ὑπήστραψεν·
3497 737 3610 788 οὐκ
3649 734 3866 802 ἀθυμη-

2259 840 2405 902 τέον,
2459 831 2506 891 ὦ
2569 835 3030 908 τρισμακάριστε.
3089 833 3328 894 Δυνατδς
3377 831 3491 902 γὰρ
3553 833 3585 884 6
3631 830 3766 892 ϐοῦς
3811 830 3865 882 τὸ

2262 929 2436 1000 βραχὺ
2459 931 2558 1000 τῆς
2582 929 2805 998 εἰρήνης
2844 923 3182 994 ιμπύρευμα
3217 921 3446 993 Κύριος,
3461 922 3620 1004 ,ταῖς
3656 919 3866 972 0:011:-

2262 1023 2378 1076 νισι
2415 1039 2510 1074 σου
2544 1019 2934 1089 καμπτόμενος
2978 1017 3346 1086 προσευχαῖς,
3377 1015 3475 1067 καὶ
3510 1014 3574 1067 τὸ
3612 1015 3744 1066 ὅλον
3774 1013 3864 1080 τῆς

2260 1112 2572 1186 όρθοδοξίας
2623 1111 2966 1166 ἀναπετάσαι
3026 1109 3164 1179 ἔαρ·
3222 1107 3319 1160 καὶ
3375 1107 3504 1160 τότε
3576 1107 3863 1176 δηλονότι,

2260 1209 2424 1261 ὁπότε
2458 1207 2554 1269 καὶ
2605 1205 2668 1257 τὸ
2713 1205 2813 1274 τῆς
2839 1197 3012 1274 όργῆς
3065 1200 3226 1269 νέφος
3274 1198 3582 1270 ἀμειφθείη
3636 1199 3863 1258 τέλεον,

2261 1299 2357 1353 καὶ
2403 1301 2432 1352 6
2473 1297 2637 1360 πόθος
2690 1295 2803 1349 τῶν
2853 1292 3118 1362 θεοφιλῶν
3166 1290 3531 1360 δοκιμασθείη
3603 1291 3864 1359 λαμπρό-

2262 1407 2440 1460 τερον.
2471 1387 2659 1442 Ταῦτά
2687 1405 2777 1459 μοι
2811 1385 2906 1440 νῦν
2932 1385 3264 1455 τετόλμηται
3299 1382 3496 1452 ῶσπερ
3530 1399 3587 1434 τι
3621 1381 3865 1434 κυνίδιον

2262 1482 2464 1554 mea
2505 1481 2582 1550 τῷ
2612 1477 2838 1552 κρηστῷ
2887 1495 2993 1549 μου
3057 1477 3133 1540 ὡς
3181 1473 3404 1545 ἀληθῶς
3453 1473 3862 1544 ἀρχιποίμενιν

2263 1574 2509 1646 εἰληφότι
2593 1575 2691 1628 καὶ
2757 1575 2822 1626 τὸ
2884 1567 3270 1642 προσκυνητὸν
3335 1569 3678 1639 ἐγχειρίδιον
3748 1564 3864 1636 μεθ’

2263 1666 2711 1737 ὑπερϐαλλούσης
2743 1665 3148 1733 ἀγαλλιάσεως.

2546 1779 2626 1831 11’.
2665 1806 2734 1817 -
2781 1777 3027 1843 Ἰωάννῃ
3064 1768 3378 1842 Λογοθέτῃ.
3405 1767 3581 1844 [φζ’.]

1102 1885 1178 1935 De
1215 1884 1396 1936 Leonis
1414 1887 1617 1936 Armeni
1639 1897 1799 1938 morte
1820 1888 1976 1952 ipsius
2002 1892 2280 1942 sceleribus
2309 1900 2637 1955 congruente.
2676 1891 2877 1955 (Baron.
2905 1902 2985 1937 an.
3008 1886 3119 1948 821,
3153 1901 3202 1937 η.
3225 1885 3331 1948 ει.)

651 1989 932 2045 Reseravit
964 1999 1178 2059 tempus
1198 1992 1422 2062 januam
1455 1994 1742 2058 libertatis,
1772 2009 1826 2050 ut
1863 1997 2153 2067 loquamur
2183 2008 2226 2061 ι)

580 2097 682 2138 nos
711 2097 834 2137 cum
869 2083 1027 2137 bonis
1059 2084 1193 2136 viris
1227 2085 1388 2138 simul
1419 2094 1472 2139 et
1509 2085 1720 2140 amicis.
1755 2089 1814 2141 ln
1865 2089 1948 2144 his
1975 2102 2156 2144 autem

580 2177 707 2243 quis
755 2175 1022 2244 potiorem
1075 2175 1321 2230 obtineat
1367 2177 1548 2231 locum
1590 2194 1752 2246 quam
1798 2181 1972 2250 pietas
2023 2182 2160 2236 tua?

582 2268 675 2338 qui
730 2269 801 2320 ob
857 2268 1000 2322 hunc
1039 2267 1215 2337 ipsum
1263 2269 1478 2338 pietatis
1535 2270 1741 2324 cultum
1789 2287 1896 2326 non
1937 2274 2160 2343 exiguas

581 2375 875 2430 perpessus
920 2374 980 2413 es
1030 2361 1308 2414 molestias
1352 2376 1734 2432 aerumnasque
1780 2364 1848 2417 ah
1887 2380 1954 2419 eo
1989 2366 2163 2434 quiet

582 2454 750 2509 Deum
794 2450 1036 2514 oﬂ'eudit,
1085 2460 1141 2506 et
1173 2453 1440 2506 mundum
1498 2453 1775 2523 impietate
1821 2459 2076 2526 perdidit,
2109 2467 2164 2514 et

583 2559 769 2615 parem
801 2545 1092 2613 apostasia:
1120 2544 1280 2598 vitam
1309 2545 1574 2598 violenter
1601 2547 1792 2611 ﬁnivit,
1821 2564 1926 2602 non
1960 2551 2013 2603 in
2043 2551 2162 2604 loco

585 2645 799 2698 sancto,
819 2636 943 2688 licet
964 2633 1014 2688 id
1038 2634 1295 2690 horribile
1318 2637 1466 2690 dictu
1500 2638 1570 2690 sit
1609 2654 1620 2690 :
1656 2638 1784 2707 quia
1815 2655 2161 2710 nequaquant

583 2727 844 2797 templum
878 2726 970 2781 Dei
998 2737 1266 2790 sanctum,
1322 2729 1466 2798 quod
1496 2730 1566 2783 ab
1602 2730 1870 2786 haereticis
1902 2734 2161 2801 profana—

587 2829 700 2872 tum
736 2827 858 2881 est,
895 2817 988 2872 sed
1011 2819 1205 2872 domus
1239 2818 1464 2886 profana
1497 2828 1600 2885 est,
1632 2821 1776 2876 sicut
1805 2824 1882 2876 ait
1921 2840 2154 2893 magnus

585 2909 824 2964 Basilius
861 2929 874 2963 :
908 2909 1138 2978 praeside
1167 2909 1312 2963 illius
1344 2912 1536 2978 angelo
1561 2949 1576 2972 ,
1604 2921 1665 2965 ut
1691 2921 1887 2981 praeest
1909 2912 2163 2970 Ecclesia:

587 3003 903 3071 unicuique,
936 3003 1260 3057 abscedente
1282 3017 1500 3072 propter
1529 3005 1880 3074 impietatem.
1911 3007 2162 3078 Quaproo

590 3104 711 3162 pter
740 3108 839 3147 nec
875 3093 982 3146 Deo
1013 3103 1233 3163 accepta
1273 3103 1358 3146 est
1387 3109 1507 3162 quae
1548 3095 1601 3147 in
1627 3111 1694 3150 eo
1721 3097 2035 3152 immolatur
2065 3099 2164 3153 ho—

587 3184 713 3237 stia.
740 3182 803 3236 Et
839 3182 966 3236 audi
998 3183 1172 3251 ipsum
1217 3184 1485 3238 dicentem
1521 3202 1534 3238 :
1575 3182 1819 3255 Iniquus,
1855 3190 1945 3257 qui
1972 3190 2163 3242 immo-

587 3278 664 3329 lat
688 3276 816 3328 mihi
842 3275 1086 3339 vitulum,
1119 3277 1272 3345 quasi
1307 3277 1396 3345 qui
1419 3277 1675 3346 inter/icit
1705 3296 1886 3333 canem
1915 3281 1981 3334 ".
2008 3281 2163 3348 Quod

587 3370 634 3423 si
669 3377 927 3437 tanquam
958 3369 1010 3422 in
1042 3368 1238 3437 temple
1293 3378 1572 3424 tnortuum
1610 3386 1731 3426 esse
1775 3371 2001 3442 impium
2033 3389 2166 3428 con-
2195 3351 2239 3408 (ἶ

591 3461 823 3525 lendas;
871 3460 920 3514 id
959 3461 1030 3514 ita
1090 3462 1381 3515 commode
1436 3463 1821 3530 explicabitur.
1873 3463 2171 3533 Oportebat

590 3551 758 3612 enim.
793 3552 1084 3621 oportebat
1111 3567 1259 3616 eum,
1290 3553 1382 3622 qui
1416 3554 1506 3607 Dei
1540 3556 1756 3624 templis
1790 3554 1988 3610 bellum
2026 3557 2169 3610 indi-

591 3655 768 3709 xerat,
814 3644 868 3698 in
919 3644 1120 3713 templo
1183 3645 1404 3700 strictos
1466 3646 1519 3700 in
1554 3662 1612 3702 se
1660 3647 1872 3717 gladios
1933 3649 2165 3703 videre:

591 3737 1044 3808 oportebateum,
1075 3737 1167 3808 qui
1187 3738 1429 3792 divinum
1455 3739 1627 3794 altare
1654 3741 2019 3808 destruxerat,
2047 3753 2172 3798 ante

591 3830 764 3884 altare
802 3845 830 3882 a
887 3829 1066 3883 medio
1100 3829 1214 3882 tolli
1251 3847 1265 3883 :
1298 3844 1416 3883 eam
1446 3846 1691 3898 manum,
1727 3849 1852 3903 quae
1907 3833 2084 3889 fuerat
2116 3836 2168 3890 in

591 3922 795 3976 Christi
825 3921 1081 3990 probrum
1109 3921 1272 3982 elata.
1315 3923 1446 3977 caedi
1476 3935 1529 3977 et
1557 3926 1822 3994 amputari
1856 3942 1870 3979 :
1903 3927 1957 3980 in
1987 3938 2169 3997 caput,

593 4014 739 4084 quod
757 4015 821 4066 ad
840 4013 1129 4083 perniciem
1151 4014 1381 4068 aliorum
1402 4018 1933 4081 movebatur,ensem
1950 4020 2172 4074 distrin-

593 4105 678 4174 gi:
713 4101 1064 4173 humero,qui
1085 4102 1148 4156 ad
1163 4103 1377 4172 piorum
1411 4105 1595 4173 plagas
1616 4106 1946 4175 erigebatdr,
1978 4108 2173 4162 lcthale

593 4199 791 4252 vulnus
833 4196 999 4266 inﬂigi
1030 4213 1045 4262 ;
1080 4197 1231 4267 regio
1283 4212 1314 4252 e
1347 4198 1549 4266 palatio
1578 4213 1702 4253 curn
1753 4199 2017 4254 dedecore
2049 4201 2173 4269 pelli

593 4306 740 4352 eum,
768 4291 858 4360 qui
880 4289 1107 4353 Christi,
1137 4289 1232 4359 qui
1265 4289 1526 4359 Deiparae,
1565 4291 1657 4360 qui
1683 4292 1857 4346 sancti
1884 4291 2175 4361 cujuslibet

594 4391 839 4438 sanctam
867 4382 1155 4451 imaginem
1178 4382 1376 4450 probro
1393 4381 1664 4437 all'ecerat.
1692 4383 1964 4448 Quorsum
1989 4395 2171 4440 autem

595 4470 716 4532 tibi,
762 4469 988 4522 Domine
1018 4469 1111 4533 mi,
1145 4470 1392 4523 scelerati
1427 4481 1657 4524 mortem
1685 4472 1738 4525 in
1771 4473 1917 4526 hunc
1948 4475 2170 4528 modum

592 4561 796 4632 tragice
817 4559 1126 4628 descripsi?
1158 4559 1294 4625 Quia
1330 4575 1553 4614 necesse
1573 4572 1656 4615 est
1701 4561 1829 4616 hinc
1867 4578 1975 4616 non
2011 4565 2174 4618 modo

593 4655 744 4724 pium
791 4651 1200 4719 imperatorem,
1232 4663 1621 4722 congruentem
1659 4653 1922 4722 impietati
1963 4656 2168 4710 exitum

594 4745 744 4814 impii
778 4759 1099 4815 agnoscere,
1127 4743 1221 4798 sed
1276 4746 1442 4798 etiam
1486 4744 1761 4799 hominem
1803 4762 2170 4816 unumquem-

593 4850 721 4905 que.
756 4838 834 4890 Ac
865 4835 1039 4889 miror
1077 4833 1329 4904 equidem
1372 4837 1721 4890 vehementer
1749 4839 2024 4908 quomodo
2055 4840 2170 4895 haec

594 4927 900 4997 intelligens
954 4928 1196 4997 Optimus
1247 4926 1508 4983 Dominus
1553 4938 1759 4994 noster,
1817 4930 1885 4984 de
1949 4930 2169 4986 nefandi

595 5019 966 5088 persecutoris
1016 5020 1295 5088 impietate
1350 5021 1688 5090 triumphum
1743 5037 1850 5075 non
1893 5034 2040 5092 agat,
2067 5040 2168 5079 nec

595 5111 700 5164 sibi
754 5126 818 5165 ac
849 5112 1086 5165 subditis
1136 5113 1430 5166 orhodoxze
1482 5112 1606 5167 ﬁdei
1665 5115 2165 5169 reconciliationem

597 5201 890 5270 impertiat,
938 5213 1196 5272 tanquam
1251 5205 1501 5273 princeps
1549 5206 1721 5274 pacis,
1762 5207 1826 5260 ad
1860 5209 2173 5277 exemplum

596 5295 824 5351 Christi.
876 5298 1167 5366 Propterea
1199 5309 1344 5367 peto,
1405 5298 1627 5354 humilis
1683 5300 1947 5361 obtestor,
1985 5314 2046 5355 ut
2094 5315 2173 5366 tu,

597 5386 691 5454 qui
738 5390 934 5442 eximie
978 5393 1100 5458 pius
1127 5404 1208 5452 es,
1248 5404 1412 5457 porro
1463 5405 1681 5459 pergas,
1713 5391 2174 5460 quemadmodum

599 5476 783 5544 accepi
838 5484 890 5531 te
939 5488 1134 5546 sponte
1186 5494 1527 5549 aggressum,
1574 5491 1634 5534 ut
1678 5491 1850 5535 totum
1892 5490 1943 5535 te
1994 5483 2175 5537 tradas

599 5566 948 5620 restituenda:
968 5567 1112 5632 iidei,
1144 5567 1196 5621 in
1229 5582 1337 5637 qua
1361 5581 1448 5623 est
1467 5569 1614 5628 salus
1637 5581 1690 5628 et
1711 5572 1925 5644 imperii
1956 5581 2011 5629 et
2039 5575 2168 5630 sub-

600 5655 862 5711 (litorum.

672 5812 720 5842 “
767 5810 868 5868 lsa.
907 5829 1055 5880 var,
1085 5814 1140 5883 3,
1168 5829 1279 5873 sec.
1305 5814 1467 5871 LXX.

2200 4707 2251 4765 Ι)

2327 1999 2574 2063 Ἢνοιξεν
2619 2001 2646 2052 6
2669 1999 2858 2067 καιρὸς
2893 1996 3064 2068 θύραν
3106 1991 3421 2066 παρρησίας
3444 2034 3463 2057 ,
3513 1991 3862 2061 φθέγξασθαι

2260 2093 2408 2162 ἡμᾶς
2441 2090 2667 2160 ἀγαθοῖς
2697 2087 3136 2160 ἀνδράσιν,όμοῦ
3173 2104 3233 2140 τε
3273 2087 3370 2139 καὶ
3415 2085 3624 2154 φίλοις.
3664 2085 3862 2138 Τῶνδὲ

2258 2183 2516 2236 τοιούτων
2559 2183 2640 2246 τίς
2678 2184 2743 2236 ἂν
2782 2182 2866 2252 εῐη
2901 2180 3103 2251 μείζων
3162 2179 3259 2248 τῆς
3295 2177 3396 2247 σῆς
3438 2178 3776 2240 εὐσεϐείαςς
3809 2179 3861 2238 ὃς

2259 2293 2324 2343 γε
2355 2275 2422 2327 δι’
2455 2275 2586 2327 αὐτὸ
2617 2274 2777 2327 τοῦτο
2805 2274 2866 2326 τδ
2892 2271 3140 2325 εὐσεϐεῖν
3167 2288 3250 2333 σε,
3280 2272 3381 2324 οὐκ
3403 2270 3600 2337 όλίγας
3631 2272 3860 2339 ἀνέτλης

2261 2367 2470 2436 θλίψεις
2502 2385 2562 2421 τε
2611 2367 2710 2420 καὶ
2755 2364 3030 2428 κακώσεις
3061 2364 3213 2435 παρά
3249 2362 3345 2416 τοῦ
3383 2362 3481 2416 καὶ
3511 2361 3641 2433 Θεῷ
3691 2380 3858 2432 προσ-

2261 2461 2598 2531 κρούσαντος
2620 2500 2635 2523 ,
2671 2459 2765 2512 καὶ
2793 2459 2999 2528 κόσμον
3027 2457 3316 2520 όλέσαντος
3365 2457 3426 2509 ὲν
3458 2456 3723 2526 ἀσεϐείᾳ,
3769 2456 3858 2508 καὶ

2266 2551 2559 2621 ἰσόρροπον
2593 2551 2693 2619 τῆς
2722 2548 3064 2608 ἀποστασίας
3094 2547 3192 2617 τὴν
3232 2547 3378 2617 ζωὴν
3411 2547 3856 2617 ἀπορρήξαντες,

2263 2641 2364 2693 ούκ
2393 2642 2450 2692 ὲν
2492 2639 2634 2710 ἁγίῳ
2667 2640 2852 2708 τόπῳ,
2909 2636 3012 2691 κᾶν
3044 2637 3396 2708 μορμολύττῃ
3428 2638 3490 2688 τὸ
3521 2637 3853 2704 λεγόμενον·

2263 2734 2399 2787 διότι
2430 2734 2490 2785 ού
2534 2732 2660 2795 ναὸς
2695 2730 2832 2783 Θεοῦ
2870 2729 3028 2797 ἃγιος
3067 2731 3097 2782 6
3133 2729 3222 2796 ὑφ’
3254 2728 3557 2799 αἱρετικῶν
3587 2727 3854 2796 βεϐηλού-

2268 2842 2459 2895 μενος,
2495 2824 2612 2878 ἀλλ’
2659 2818 2807 2886 οἶκος
2853 2822 3056 2888 κοινὸς,
3096 2821 3172 2885 ὦς
3205 2838 3370 2890 φησιν
3406 2821 3437 2872 6
3469 2820 3653 2887 μέγας
3696 2819 3854 2871 Βασί-

2263 2917 2444 2979 λειος·
2504 2915 2598 2968 τοῦ
2655 2915 2965 2984 ἐφεστῶτος
3012 2913 3248 2982 ἀγγέλου
3299 2914 3358 2964 ὲν
3405 2911 3582 2979 αύτῷ,
3639 2911 3721 2974 ὡς
3779 2913 3855 2975 ἐφ’

2267 3009 2506 3076 ἑκάστης
2549 3007 2900 3076 Ἐκκλησίας,
2935 3004 3312 3066 ὑπεκστάντος
3328 3003 3416 3056 διὰ
3443 3001 3546 3072 τὴν
3577 3002 3852 3054 ἀσέϐειαν.

2265 3099 2466 3168 Διόπερ
2510 3098 2621 3151 οὐδ’
2651 3100 2684 3167 ἡ
2722 3097 3017 3167 τελουμένη
3052 3098 3111 3148 ἑν
3148 3093 3298 3164 αὑτῴ
3343 3092 3539 3157 θυσία,
3592 3091 3720 3162 Θεῷ
3771 3094 3854 3145 εύ-

2267 3190 2617 3261 πρόσδεκτος.
2644 3188 2753 3241 Καὶ
2773 3189 3008 3242 ἄκουσον
3033 3186 3198 3241 αὐτοῦ
3223 3185 3476 3252 λέγοντος
3496 3200 3544 3234 σε
3570 3185 3630 3238 '0
3657 3186 3857 3253 ἀσεϐὴς

2269 3282 2298 3334 6
2335 3280 2479 3333 θύων
2522 3297 2611 3349 μοι
2655 3281 2874 3348 μόσχον,
2910 3277 2988 3340 ὡς
3019 3278 3048 3330 6
3079 3275 3416 3330 ἀποκτείνων
3449 3274 3611 3331 κύνα.
3655 3295 3674 3327 ι
3712 3277 3773 3328 Et
3807 3277 3859 3328 es

2277 3374 2371 3426 καὶ
2412 3371 2487 3432 ὡς
2517 3371 2613 3423 ἐπὶ
2653 3370 2783 3422 ναοῦ
2812 3369 3000 3432 λάϐοις
3028 3367 3284 3421 τεθνᾶναι
3308 3368 3400 3420 τὸν
3430 3367 3630 3437 ἀσεϐῆ,
3687 3369 3853 3438 ἀρμόο

2279 3479 2388 3515 σειε
2429 3463 2524 3515 καὶ
2554 3457 2708 3525 οὗτος
2733 3463 2760 3514 6
2813 3459 3036 3532 τρόπος.
3074 3457 3222 3512 Ἔδει
3266 3460 3397 3530 γάρ,
3439 3460 3551 3512 ἔδει
3593 3461 3691 3512 τὸν
3723 3474 3857 3513 κατα

2275 3553 2386 3606 τῶν
2415 3551 2559 3605 ναῶν
2588 3550 2683 3604 τοῦ
2715 3550 2852 3604 Θεοῦ
2883 3555 3196 3620 γενόμενον,
3227 3551 3286 3602 ὲν
3311 3549 3428 3618 ναῷ
3465 3549 3598 3601 ίδετν
3633 3550 3705 3602 τὰ
3742 3548 3855 3602 κατ’

2277 3646 2441 3701 αὑτοῦ
2483 3644 2836 3714 γυμνούμενα
2885 3641 3054 3712 ξίφηί
3092 3641 3200 3696 ἔδει
3234 3641 3326 3695 τὸν
3377 3641 3439 3694 τὸ
3473 3640 3625 3692 θεῖον
3672 3641 3854 3693 θυσια-

2279 3741 2509 3806 στήριον
2551 3736 2890 3804 ἀφανίσαντα
2917 3777 2931 3801 ,
2993 3738 3052 3788 ἐν
3086 3735 3459 3806 θυσιαστηρίῳ
3499 3735 3857 3804 ὲξαφανισθῆ·

2277 3845 2395 3882 ναι·
2430 3828 2572 3880 κατά
2601 3827 2700 3897 τῆς
2730 3828 3057 3897 ὲκταθείσης
3087 3831 3173 3895 ἐφ’
3207 3825 3360 3898 ῦϐρει
3385 3825 3628 3896 Χριστοῦ
3655 3827 3851 3896 χειρὸς,

2278 3918 2452 3990 τομὴν
2500 3919 2838 3989 ἐπαχθῆναιο
2901 3919 3044 3972 κατά
3084 3917 3186 3987 τῆς
3237 3916 3555 3986 κινηθείσης
3616 3918 3855 3985 κεφαλῆς

2279 4011 2561 4082 ὀλεθρίως,
2597 4010 2750 4080 ξίφος
2781 4009 3061 4063 διελάσαι’
3113 4007 3254 4061 κατά
3291 4007 3386 4060 τοῦ
3436 4005 3592 4075 ὤμου
3643 4008 3743 4060 τοῦ
3774 4009 3838 4058 ὲπ

2281 4107 2524 4177 αἰκισμῷ
2571 4107 2680 4160 τῶν
2709 4104 2952 4158 εὐσεϐῶν
2998 4101 3365 4174 ἔπαρθιντος,
3416 4100 3646 4172 καιρᾰιν
3689 4102 3853 4155 ἐλθεῖν

2281 4199 2538 4270 πληγήν·
2575 4199 2771 4267 ἄτιμον
2808 4195 3239 4265 ἀποπεμφθῆναι
3278 4192 3388 4246 τῶν
3430 4193 3735 4263 βασιλικῶν
3767 4194 3852 4246 αὑ-

2281 4292 2388 4345 λῶν
2419 4291 2510 4344 τὸν
2538 4291 2882 4360 ἀτιμάσαντά
2920 4289 3020 4358 τὴν
3060 4285 3223 4356 ἁγίαν
3250 4285 3490 4356 Χριστοῦ
3519 4285 3733 4349 εικόνι-ι,
3764 4287 3851 4353 τῆς

2280 4386 2586 4449 Θεοτόκου,
2650 4385 2746 4437 καὶ
2794 4379 3107 4435 οὑτινοσοῦν
3162 4379 3274 4431 τῶν
3317 4378 3510 4446 ἁγίων.
3541 4376 3610 4430 Τί
3660 4377 3849 4447 δήποτε

2280 4475 2422 4528 οὕτω
2455 4491 2570 4539 σοι,
2616 4472 2794 4544 Κύριέ
2825 4489 2951 4542 μου,
2992 4467 3412 4541 ὲξετραγῴδησα
3442 4468 3540 4522 τοῦ
3568 4467 3849 4536 ἑξαγίστου

2280 4568 2374 4619 τὸν
2406 4566 2672 4629 θάνατον;
2705 4565 2788 4616 ὅτι
2815 4562 3111 4630 ἀναγκαῖόν
3141 4563 3288 4615 ἐστιν
3315 4559 3575 4612 ἐντεῦθεν
3608 4557 3670 4612 οὐ
3707 4565 3853 4631 μόνον

2278 4655 2371 4708 τὸν
2420 4655 2617 4725 εὐσεϐῆ
2669 4653 2892 4724 βασιλέα
2939 4651 3242 4722 ἐπιγνῶναι
3285 4651 3348 4704 τὸ
3405 4650 3750 4721 κατάλληλον
3794 4653 3848 4719 τῇ

2275 4746 2502 4817 ἀσεϐείᾳ.
2531 4745 2626 4799 τοῦ
2665 4745 2900 4809 ἀσεϐοῦς
2939 4745 3330 4817 ἀποτέλεσμα,
3368 4743 3504 4795 ἀλλά
3554 4745 3654 4797 καὶ
3689 4746 3848 4798 πάντα.

2274 4815 2580 4910 ἄνθρωπον.
2638 4838 2749 4890 Καὶ
2790 4836 3005 4906 ἄγαμαι
3051 4836 3176 4890 λίαν
3219 4815 3336 4899 πῶς
3375 4837 3405 4887 6
3445 4836 3652 4904 ἀγαθὸς
3709 4837 3848 4905 ἡμῶν

2276 4931 2557 4998 Δεσπότης
2598 4929 2760 4996 γνοὺς
2800 4928 2996 4991 τοῦτο,
3028 4927 3087 4979 οῦ
3133 4925 3460 4997 θριαμϐεύει
3501 4925 3604 4995 τὴν
3633 4924 3729 4978 τοῦ
3761 4942 3847 4976 πει-

2274 5021 2540 5091 λαμναίου
2575 5019 2894 5072 δυσσέϐειαν
2915 5036 2930 5051 ο
2984 5018 3080 5070 καὶ
3134 5017 3421 5088 χαρίζεται
3454 5015 3639 5086 ἑαυτῷ
3672 5033 3729 5068 τε
3769 5016 3848 5068 καὶ

2275 5113 2352 5182 τῷ
2383 5113 2610 5183 ὑπηκόῳ
2661 5113 2724 5165 τὸ
2770 5113 2871 5182 τῆς
2905 5111 3216 5183 ὀρθοδοξίας
3261 5108 3530 5178 ὲξίλασμα
3553 5149 3570 5172 ,
3605 5108 3680 5172 ὡς
3715 5108 3846 5177 βιαιο

2284 5207 2409 5268 λεὺς
2449 5207 2804 5277 είρηναρχίας
2828 5205 3316 5274 Χριστομιμητως.
3346 5204 3448 5254 Διά
3486 5201 3662 5268 ,τοῦτο
3689 5200 3846 5261 αἰτῶ,

2275 5298 2540 5350 ἀντιϐολῶ
2575 5302 2604 5351 6
2640 5297 2899 5360 ταπεινὸς
2919 5337 2934 5362 ,
2963 5294 3289 5366 ἐπειχθῆναι
3319 5311 3376 5347 σε
3410 5294 3506 5346 τὸν
3537 5292 3848 5346 εὐσεϐέστα-

2274 5409 2388 5457 τον,
2419 5392 2671 5461 καθάπερ
2695 5392 2788 5443 καὶ
2813 5389 3078 5460 ηκουσταί
3102 5404 3197 5458 μοι
3234 5388 3320 5440 ὅτι
3349 5385 3614 5456 ὲκινήθης
3635 5427 3650 5450 ,
3680 5385 3846 5438 δοῦναι

2278 5483 2475 5536 ἑαυτὸν
2525 5481 2726 5546 όλικῶς
2775 5483 2858 5546 εἰς
2889 5479 3193 5551 ἀνόρθωσιν
3241 5481 3345 5546 τῆς
3399 5478 3679 5541 πίστεως·
3715 5482 3767 5530 ὲν
3815 5469 3845 5546 ᾖ

2279 5577 2394 5628 ἐστι
2444 5576 2504 5628 τὸ
2548 5576 2816 5648 σωτήριον
2841 5577 2936 5630 τοῦ
2979 5591 3040 5629 τε
3081 5574 3320 5647 κράτους
3350 5573 3449 5626 καὶ⁷
3494 5572 3593 5626 τοῦ
3627 5567 3850 5646 ὑπηκόου

2283 5667 2504 5730 παντός.
