3964 6320
125 349 263 413 1321

307 462 434 515 DA’.
473 489 544 502 —-
581 462 984 517 Παντολέοντι
1013 461 1334 531 Λογοθέτῃ,
1362 460 1521 535 [φη’.]

1319 353 1854 415 EPISTOLARUM
1908 353 2056 410 LIB.
2118 351 2195 412 lI.

2468 415 2470 417 .
3244 349 3383 418 1322

2080 458 2314 515 LXXXI.
2349 490 2416 501 —
2449 458 2784 516 Pantoleonti
2814 463 3134 536 Lagei/leta.

425 571 523 621 Pro
545 571 642 620 ﬂde
675 571 836 621 libere
867 572 1088 621 locutum
1118 571 1280 622 laudat
1306 592 1318 620 :
1344 573 1670 633 hortaturque
1705 574 1762 620 ul.
1782 570 1972 620 cultum
1996 566 2264 635 imaginum
2295 584 2422 621 novo
2463 571 2749 636 imperatori
2774 578 3085 638 persuadeat.

201 678 412 733 Ἀλλων
453 680 550 749 μὲν
581 680 615 749 ή
646 677 817 749 ἁρετὴ
851 678 910 744 ἐξ
959 678 1131 749 ἀκοῆς
1165 680 1299 748 ἡμῖν
1347 678 1701 746 διέγνωσται·

1879 677 2132 732 Aliorum
2185 676 2406 747 quidem
2464 678 2643 733 virtus
2698 679 2856 735 nobis
2899 690 2980 736 est
3010 682 3293 739 auditione
3326 699 3390 738 ac

123 775 228 827 σοῦ
277 775 334 826 δὲ
387 772 483 826 τοῦ
532 772 835 843 ὑπερτίμου
877 772 1140 826 δεσπότου
1168 789 1292 841 μου,
1329 763 1592 844 πρότερον
1636 769 1703 823 δι’

115 869 327 938 ὅψεως,
370 867 467 919 νῦν
509 867 566 920 δὲ
613 867 672 931 ἐξ
723 866 894 935 ἀκοῆς
945 865 1110 934 μέχρι
1157 865 1259 935 τῆς
1289 865 1549 935 ἐσχατιᾶς
1584 857 1704 938 ὲνῇ

117 961 294 1029 ἐσμεν
347 958 654 1028 φθασάσης.
712 957 811 1020 Τίς
860 956 917 1009 δὲ
951 957 981 1007 6
1017 957 1206 1024 λόγος;
1243 957 1326 1009 ὃτι
1361 957 1706 1027 ἐπαρρησιά-

123 1052 262 1104 σατό
294 1067 388 1103 σου
415 1050 478 1103 τὸ
508 1048 1010 1119 πνευματοκίνητον
1033 1049 1210 1118 στόμα
1244 1048 1480 1118 λαλῆσαι
1515 1050 1707 1117 σοφίαν

119 1142 285 1206 Θεοῦ,
308 1143 496 1210 λόγους
514 1140 894 1212 ἁληθείας,ὲπ’
926 1140 1166 1212 ὠφελείᾳ
1203 1142 1296 1194 καὶ
1329 1141 1575 1212 σωτηρία
1608 1141 1708 1209 τῆς

120 1252 183 1288 τε
224 1235 435 1296 οἰκείας
471 1234 651 1305 ψυχῆς
698 1233 794 1288 καὶ
846 1233 1028 1304 πάσης
1067 1233 1168 1302 τῆς
1218 1232 1341 1288 καθ’
1383 1234 1535 1301 ἡμᾶς
1582 1231 1705 1285 Ἐκ-

124 1324 377 1393 κλησίας.
435 1323 547 1377 Καὶ
605 1324 874 1394 μακάριος
932 1318 1016 1388 εἴ,
1073 1323 1168 1375 καὶ
1221 1321 1586 1391 εὐλογημένον
1643 1319 1705 1373 τὸ

119 1417 300 1486 ὄνομά
330 1432 456 1468 σου⁵
491 1415 588 1468 καὶ
621 1415 680 1468 σὲ
709 1416 1025 1469 αἰνέσαισαν
1058 1414 1260 1477 πάντες
1292 1414 1339 1466 οἱ
1372 1412 1705 1476 ἀκούσαντες

120 1508 392 1570 εὐσεϐεῖς.
433 1508 542 1561 Καὶ
569 1507 833 1575 στέφανος
871 1506 1111 1578 χαρίτων
1140 1506 1236 1558 ἐπὶ
1259 1505 1357 1577 τὴν
1388 1506 1580 1576 τιμίαν
1607 1523 1701 1560 σου

119 1599 331 1668 κάρανο
375 1600 468 1652 καὶ
497 1597 679 1661 κλοιὸς
716 1598 943 1669 χρύσεος
997 1597 1091 1650 ἐπὶ
1123 1597 1214 1652 τὸν
1261 1598 1405 1668 ἱερόν
1439 1615 1535 1651 σου
1567 1599 1704 1670 τρά-

120 1693 312 1761 χηλον,
345 1692 427 1744 υἱὲ
470 1691 750 1762 ὑπακοῆς,
800 1690 989 1744 τέκνον
1026 1690 1236 1759 φωτὸς,
1271 1690 1494 1760 θρέμμα
1545 1691 1704 1744 εὐσε-

121 1785 297 1846 εἱεὶας.
322 1783 462 1836 Τάδε
488 1784 635 1851 λέγει
663 1782 866 1852 Κύριος
887 1798 900 1812 ·
934 1782 1217 1845 ’Ἂνοιξον
1245 1782 1311 1835 τὸ
1336 1785 1535 1852 στόμα
1559 1797 1700 1844 σου,

123 1875 226 1926 καί
292 1873 593 1941 πληρώσω
634 1874 818 1927 αὺτό’
862 1872 979 1925 ἀνθ’
1029 1865 1104 1926 ὧν
1161 1873 1480 1942 ὑπήκουσας
1521 1875 1704 1942 φωνῆς

125 1983 252 2035 μου.
299 1965 520 2036 Ἐντολὴ
553 1965 663 2035 γὰρ
705 1964 910 2034 Κυρίου
954 1963 1028 2033 μὴ
1060 1967 1271 2034 σιωπᾷν
1293 1966 1349 2016 ἐν
1375 1965 1555 2036 καιρῷ
1581 1982 1698 2019 κιν-

1810 769 1957 825 fama
2004 779 2334 841 perspecta:
2389 782 2480 826 tua
2533 787 2688 832 vero,
2741 772 2963 828 Domine
2992 779 3066 828 mi
3113 773 3388 844 imprimis

1807 862 2055 928 colende,
2080 863 2201 916 visu
2253 863 2513 931 primum,
2551 879 2697 918 nunc
2739 878 2868 918 vero
2895 862 3036 918 fama
3068 865 3133 920 ad
3163 866 3388 922 ultimas

1811 959 2078 1006 terrarum
2099 966 2225 1006 oras
2246 952 2444 1015 delata,
2475 950 2528 1004 in
2552 952 2752 1020 quibus
2774 952 3044 1022 (legimus.
3066 952 3201 1019 Quis
3222 969 3387 1024 porro

1808 1040 1878 1096 de
1909 1049 1962 1096 te
1988 1057 2169 1097 sermo
2198 1040 2395 1107 ?Quod
2432 1041 2644 1096 afflatus
2678 1042 2906 1112 Spiritu.
2940 1043 3033 1097 Dei
3063 1043 3384 1113 sapientiam

1808 1133 2070 1187 audacter
2099 1149 2164 1188 ac
2189 1134 2356 1188 libere
2394 1134 2472 1188 sis
2515 1134 2754 1199 locutus,
2787 1149 3068 1191 Sermones
3120 1135 3385 1202 veritatis,

1810 1224 1878 1278 ad
1905 1226 2200 1280 utilitatem
2237 1240 2301 1280 ac
2330 1225 2562 1280 salutem
2593 1235 2706 1279 tum
2745 1226 2942 1282 anima:
2983 1226 3235 1296 propriae,
3269 1236 3385 1281 tum

1806 1327 2009 1371 nostrae
2039 1317 2203 1371 totius
2231 1315 2504 1372 Ecclesiae.
2529 1313 2598 1371 Et
2632 1317 2820 1372 beatus
2850 1333 2929 1378 es,
2955 1328 3008 1370 et
3036 1317 3383 1372 benedictum

1805 1421 2003 1462 nomen
2039 1415 2190 1462 tuum
2227 1425 2240 1461 :
2272 1415 2326 1462 et
2364 1407 2585 1461 laudent
2627 1415 2676 1460 te
2727 1421 2917 1460 omnes
2953 1406 3048 1476 pii,
3071 1407 3163 1475 qui
3191 1408 3382 1461 audie-

1804 1497 1945 1561 rint,
1984 1507 2041 1552 et
2075 1513 2279 1552 corona
2303 1498 2599 1568 gratiarum
2625 1511 2788 1567 super
2823 1499 3191 1552 venerandum
3221 1511 3386 1568 caput

1805 1594 1960 1642 tuum
1984 1605 1998 1642 :
2022 1587 2224 1640 monile
2241 1602 2469 1641 aureum
2498 1586 2640 1640 collo
2665 1601 2824 1641 sacro
2847 1595 2941 1641 tuo
2961 1586 3382 1653 circumdatum,

1806 1679 1879 1732 fili
1930 1677 2273 1743 obedientiae,
2332 1678 2472 1731 lucis
2501 1680 2705 1747 proles,
2735 1679 2954 1733 alumne
2988 1678 3225 1748 pietatis.
3260 1678 3385 1734 Haec

1804 1769 1937 1825 dicit
1963 1768 2228 1824 Dominus
2259 1786 2274 1822 :
2326 1770 2487 1838 Aperi
2523 1785 2578 1822 os
2607 1778 2776 1833 tuum,
2812 1778 2861 1822 et
2889 1768 3111 1838 implebo
3141 1769 3276 1823 u'lnd
3295 1772 3339 1802 ³⁵
3367 1789 3383 1838 ;

1804 1861 2063 1932 quoniam
2091 1861 2289 1916 audisti
2321 1876 2510 1916 vocem
2564 1876 2764 1914 meam.
2801 1858 2986 1916 Jussio
3018 1861 3162 1915 enim
3199 1861 3382 1916 Domi-

1807 1952 1862 2006 ni
1907 1961 2010 2018 est,
2043 1961 2161 2006 tum
2208 1952 2432 2006 minime
2473 1951 2662 2012 silere,
2691 1967 2815 2006 cum
2856 1952 3197 2021 periclitatur
3231 1953 3383 2009 ﬁdes.

119 2032 453 2125 δυνευούσης
497 2032 754 2117 πίστεως.
795 2032 990 2108 -Λάλει
1028 2055 1160 2124 γὰρ,
1217 2032 1392 2124 φησὶ,
1459 2032 1555 2108 καὶ
1627 2057 1701 2126 μὴ

1806 2044 2054 2115 Loquere
2091 2044 2260 2110 enim,
2300 2044 2499 2114 inquit,
2537 2054 2588 2099 et
2614 2059 2721 2098 non
2772 2045 2892 2098 sile.
2928 2045 3032 2099 Et:
3067 2047 3129 2100 Si
3167 2046 3382 2101 subtra-

122 2147 328 2201 σιώπα.
373 2148 520 2212 Καὶ,
566 2147 707 2200 Ἐὰν
733 2146 1210 2215 ὑποστέλληται,
1240 2150 1353 2200 οὐκ
1395 2147 1637 2201 εὐδοκεῖ
1665 2148 1700 2215 ἡ

119 2238 295 2307 ψυχή
350 2256 470 2307 μου
509 2238 579 2291 ἐν
630 2237 811 2302 αὐτῷ.
871 2239 1007 2292 Καί’
1075 2241 1218 2293 Ἐὰν
1263 2235 1429 2294 οὗτοι
1476 2241 1704 2310 σιωπή-

119 2344 343 2394 σωσιν,
387 2331 442 2382 ol
473 2331 629 2382 λίθοι
670 2329 1086 2398 κεκράξονται.
1126 2331 1289 2383 Ὥστε
1334 2331 1423 2384 ὅτε
1456 2333 1586 2402 περὶ
1615 2332 1704 2385 πί-

123 2438 297 2486 στεως
341 2421 370 2473 6
420 2419 611 2487 λόγος,
653 2422 756 2473 οὐκ
808 2422 956 2474 ἐστιν
1005 2423 1202 2486 εἰπεῖν,
1249 2421 1392 2490 Ἐγὼ
1435 2421 1517 2486 τίς
1549 2424 1698 2493 εἱμι;

134 2510 373 2582 Ἱερεύςς
423 2511 539 2565 ἀλλ’
579 2512 839 2582 οὐδαμοῦ.
896 2515 1150 2584 Ἀρχων;
1204 2513 1300 2568 καὶ
1350 2514 1464 2567 οὐδ’
1505 2513 1698 2578 οὕτως.

122 2594 505 2674 Στρατιώτης;
530 2605 624 2658 καὶ
645 2606 747 2658 ποῦ
768 2623 782 2672 ;
813 2607 1090 2677 Γεωργός;
1116 2606 1210 2659 καὶ
1234 2605 1346 2659 οὐδ’
1369 2606 1499 2660 αὐτὸ
1522 2606 1698 2660 τοῦτο.

125 2697 338 2765 Πένης,
390 2699 550 2768 μόνον
599 2698 700 2768 τὴν
748 2698 1027 2768 ἐφήμερον
1079 2697 1284 2768 τροφὴν
1318 2699 1698 2769 ποριζόμενος.

121 2786 316 2850 Οὐδείς
348 2806 439 2857 μοι
468 2788 625 2857 λόγος
651 2790 744 2841 καὶ
777 2790 997 2860 φροντὶς
1028 2789 1156 2857 περὶ
1186 2789 1279 2842 τοῦ
1315 2794 1699 2861 προκειμένου.

120 2878 258 2942 Οὐὰ,
285 2881 332 2931 οἱ
357 2880 492 2932 λίθοι
521 2883 783 2952 κράξουσι
807 2921 820 2943 .
854 2879 947 2934 κα⁴ι
976 2883 1038 2934 σὺ
1071 2881 1345 2952 σιωπηλὸς
1378 2885 1473 2937 καὶ
1504 2884 1704 2955 ἄφρον-

117 2985 242 3033 τις;
276 2973 307 3040 ή
341 2972 671 3040 ἀναίσθητος
703 2957 864 3040 φύσις
900 2972 1037 3025 Θεοῦ
1066 2975 1345 3047 ὲπακήκοε
1366 3016 1380 3039 ,
1417 2977 1511 3028 καὶ
1539 2977 1702 3039 αὐτὸς

121 3060 522 3133 λαιλαπιστήςς
577 3064 605 3116 ὃ
665 3063 741 3134 μὴ
801 3063 1109 3133 ὲψύχωται,
1149 3066 1284 3137 μηδὲ
1335 3068 1392 3119 ἐν
1431 3067 1701 3139 κριτηρίῳ

119 3152 537 3224 λελογοθέτηται
558 3191 573 3215 ,
605 3153 840 3218 δεδοικὸς
867 3157 1033 3210 οἱονεὶ
1074 3157 1136 3209 τὸ
1170 3159 1502 3227 πρόσταγμα
1531 3176 1702 3227 φωνοο

117 3244 303 3297 σολετο
361 3245 457 3298 καὶ
508 3247 572 3299 σὺ
614 3248 643 3299 6
692 3246 901 3314 μέλλων
955 3247 1274 3302 εὐθύνεσθαι
1307 3249 1411 3302 ὑπὸ
1456 3249 1592 3303 Θεοῦ
1643 3251 1701 3305 ἐν

1802 2137 1938 2188 xerit
1975 2153 2048 2196 se.
2099 2151 2205 2189 non
2237 2135 2405 2203 placet
2439 2137 2633 2189 anima:
2675 2153 2804 2190 mea:
2829 2139 2884 2189 in
2908 2153 2966 2189 eo
2989 2138 3054 2193 ³⁷.
3088 2136 3153 2190 Ει
3189 2156 3202 2192 :
3233 2137 3291 2194 Si
3332 2140 3387 2193 Ιιὶ

1806 2226 2087 2290 tacuerint,
2106 2224 2310 2294 lapides
2335 2224 2642 2278 clamabunt
2664 2224 2708 2256 ³⁸
2764 2225 3131 2291 Quamobrem
3159 2229 3381 2297 quandu

1802 2316 1870 2370 de
1902 2315 2005 2370 fide
2048 2331 2230 2370 sermo
2277 2324 2380 2382 est,
2414 2331 2520 2369 non
2562 2328 2647 2370 est
2694 2317 2839 2386 quod
2870 2317 2996 2386 quis
3028 2317 3214 2373 dicat:
3247 2318 3382 2386 Quis

1802 2423 1902 2480 ego
1930 2423 2050 2462 sum
2095 2407 2119 2461 ?
2157 2406 2475 2463 Sacerdos?
2510 2410 2757 2464 minime.
2801 2409 3104 2479 Princeps?
3139 2427 3206 2465 ne
3233 2413 3377 2467 istud

1802 2500 2045 2572 quidem.
2081 2500 2235 2555 Miles
2265 2501 2288 2552 ?
2321 2501 2412 2555 ubi
2460 2516 2625 2570 porro
2654 2501 2949 2572 ?Agricola
2977 2504 3001 2556 ?
3027 2519 3201 2574 neque
3239 2505 3381 2559 istud

1803 2594 2000 2662 ipsum.
2058 2592 2297 2661 Egenus,
2355 2593 2736 2661 quotidianum
2801 2596 2961 2650 modo
2997 2596 3198 2650 victum
3235 2613 3383 2666 qua:-

1802 2686 1995 2739 ritans.
2031 2683 2176 2738 Nihil
2203 2684 2250 2738 id
2279 2685 2422 2753 quod
2451 2684 2643 2739 incidit
2668 2685 2720 2739 in
2749 2685 3200 2756 disputationem,
3229 2690 3381 2743 curae

1803 2775 1936 2830 mihi
1967 2784 2061 2829 aut
2094 2775 2448 2829 sollicitudini
2477 2784 2581 2830 est.
2617 2774 2756 2842 Vah,
2795 2777 3009 2846 lapides
3038 2779 3379 2844 clamabunt,

1802 2881 1858 2924 et
1902 2868 2092 2925 silebis
2137 2869 2417 2924 securus?
2461 2867 2672 2925 Sensus
2727 2884 2919 2940 expers
2956 2879 3150 2926 natura
3209 2871 3378 2928 Deum

1801 2962 2042 3017 exaudiit
2078 2978 2092 3016 :
2127 2977 2180 3016 et
2202 2975 2256 3017 tu
2295 2978 2460 3017 sensu
2501 2961 2757 3018 audiendi
2795 2966 2998 3020 cares?
3021 2965 3175 3033 Quod
3210 2983 3381 3039 neque

1800 3065 1884 3111 est
1928 3057 2250 3121 animatum,
2284 3073 2313 3111 a
2346 3073 2456 3126 quo
2486 3072 2663 3125 neque
2710 3057 2763 3111 in
2793 3057 3005 3128 judicio
3033 3060 3172 3113 ratio
3204 3063 3381 3130 posci-

1801 3157 1915 3213 tur,
1944 3148 2092 3203 velut
2131 3149 2197 3203 ad
2234 3149 2550 3203 mandatum
2601 3164 2971 3220 expavescens
2995 3166 3181 3206 vocem
3221 3153 3333 3206 edit
3366 3170 3378 3205 :

1805 3249 1860 3295 et
1890 3249 1946 3295 tu
1983 3241 2076 3311 qui
2109 3256 2237 3296 reus
2279 3256 2463 3296 coram
2494 3241 2604 3295 Deo
2652 3242 2993 3312 peragendus
3049 3257 3109 3297 es
3156 3244 3380 3313 inquisi-

121 3339 304 3409 καιρῷ
334 3340 706 3405 ἐτάσεως,καὶ
735 3341 865 3414 περὶ
895 3342 1069 3412 ἀργοῦ
1105 3336 1370 3413 ῥήματος,
1401 3344 1505 3397 κᾶν
1539 3345 1697 3398 ἐπαί-

1804 3334 1968 3389 tionis
1996 3343 2257 3403 tempore,
2287 3349 2349 3387 ac
2381 3333 2448 3388 de
2479 3333 2645 3388 verbo
2690 3335 2868 3389 otioso
2899 3334 3170 3389 rationem
3202 3334 3383 3390 reddi-

127 3447 227 3499 της
273 3424 345 3496 εἷ,
369 3430 572 3484 διδόναι
621 3432 814 3501 λόγον·
873 3433 1056 3502 λέγεις
1103 3434 1351 3503 ἀλογῶνο
1387 3436 1482 3500 Τίς
1520 3454 1608 3506 μοι
1643 3439 1699 3488 ἐν

1803 3436 1980 3493 turus,
2032 3427 2114 3480 vel
2155 3427 2199 3480 si
2255 3425 2539 3480 mendicus
2584 3425 2777 3490 fueris,
2824 3427 2988 3482 stulte
3021 3427 3160 3482 dicis
3197 3444 3211 3481 :
3242 3427 3380 3494 Quid

122 3519 296 3592 τούτῳ
341 3522 588 3592 φροντίςς
649 3523 858 3585 Ταῦτα.
893 3518 937 3578 ὦ
983 3524 1244 3591 δέσποτα,
1281 3528 1447 3596 φησὶν
1490 3529 1518 3580 6
1556 3528 1700 3583 Παῦ-

121 3610 230 3673 λος,
263 3611 756 3681 μετεσχημάτισα
779 3618 867 3680 sic
896 3614 1158 3683 ἐμαυτὸν
1183 3617 1280 3668 καί
1325 3618 1598 3672 Ἀπολλὼ
1625 3620 1700 3672 δι’

123 3703 308 3771 ὑμᾶς·
374 3705 475 3758 ἵνα
536 3706 603 3758 ἐν
629 3706 775 3774 ἡμῖν
827 3705 1056 3774 μάθητε
1097 3707 1272 3776 τὸμὴ
1326 3709 1478 3777 ὑπὲρ
1529 3711 1559 3764 ὃ
1609 3712 1702 3779 γέ-

125 3809 376 3864 γραπται
423 3797 689 3864 φρονεῖν.
737 3798 899 3850 Ὥστε
929 3800 1024 3851 καὶ
1049 3798 1211 3862 αὐτὸς
1241 3802 1269 3854 6
1318 3802 1487 3873 πένης
1516 3778 1698 3872 πάσης

123 3886 420 3955 ἀπολογίας
463 3890 754 3959 ἐπέρηται
794 3890 852 3942 ὲν
883 3889 1070 3962 ἡμέρᾳ
1117 3894 1372 3963 κρίσεως,
1429 3895 1503 3966 μὴ
1531 3896 1698 3948 τανῦν

119 3979 298 4033 λαλῶν
321 3980 397 4044 ὡς
424 3981 820 4052 κριθησόμενος
848 3982 942 4036 καὶ
980 3983 1070 4036 διὰ
1098 3984 1258 4039 τοῦτο
1294 3988 1484 4058 μόνον·
1517 3988 1590 4059 μὴ
1617 3991 1698 4042 ὅτι

121 4071 185 4139 γέ
209 4089 292 4135 τις
312 4071 422 4125 τῶν
455 4075 654 4145 ἐφεξῆς
680 4075 801 4128 καθ’
835 4075 1132 4147 ὑπεροχὴν,
1169 4079 1364 4148 μέχρις
1392 4081 1559 4134 αὑτοῦ
1603 4082 1696 4134 τοῦ

119 4164 180 4217 1:6
221 4164 456 4235 διάδημα
503 4167 897 4238 περικειμένου
923 4184 938 4198 ο
978 4161 1023 4236 ᾧ
1064 4169 1159 4222 καὶ
1191 4171 1602 4242 ἀνυπέρϐλητον
1639 4174 1698 4227 τὸ

121 4257 292 4324 κρῖμα
316 4272 329 4285 ·
351 4259 604 4312 Δυνατοὶ
629 4258 738 4329 γὰρ
754 4258 1023 4326 δυνατῶς
1043 4261 1509 4330 ἐτασθήσονται,
1535 4266 1692 4334 φησί.

126 4347 259 4398 Καὶ·
295 4349 506 4414 Κρίσις
529 4349 832 4418 ἀπότομος
845 4350 922 4403 ,ἐν
954 4351 1078 4418 τοῖς
1100 4354 1488 4421 ὑπερέχουσι.
1527 4359 1695 4412 Λάλει

124 4434 239 4503 οὖν,
269 4439 428 4510 κύριέ
458 4458 561 4513 μου
583 4482 598 4507 ,
640 4441 812 4496 λάλει.
847 4444 944 4497 Διὰ
987 4444 1147 4498 τοῦτο
1179 4446 1333 4513 κάγὼ
1361 4449 1389 4498 6
1413 4449 1581 4512 τάλας
1608 4453 1696 4503 δε-

116 4529 309 4595 δοικὼς
333 4533 392 4586 τὸ
413 4534 696 4605 κριτήριον
725 4534 891 4587 λαλῶ.
922 4536 1155 4602 Φθέγξαι
1179 4538 1285 4602 ἓως
1311 4539 1420 4592 τῶν
1456 4541 1696 4611 θεοηχὼν

120 4621 274 4676 ὢτων
313 4622 393 4694 [f.
449 4623 643 4696 ὼτῶν]
689 4625 784 4677 τοῦ
842 4626 1101 4690 εὐσεϐοῦς
1175 4629 1332 4698 ἡμῶν
1389 4631 1692 4700 βασιλέως·

122 4713 352 4784 ἐπείπερ
382 4709 432 4765 εἷ
459 4714 566 4767 τῶν
597 4715 994 4785 ὑπερεχόντων.

192 4802 426 4872 Οὐδεμία
453 4804 662 4874 αἵρεσις
693 4805 800 4858 τῶν
837 4806 946 4859 άπὸ
1011 4807 1109 4877 τῆς
1183 4809 1510 4883 Ἐκκλησίας
1571 4816 1700 4866 ἁνα-

123 4888 447 4962 6ρασάντων
475 4935 490 4957 ,
533 4895 634 4964 τῆς
671 4898 1096 4967 είκονομαχικῆς
1154 4899 1360 4971 ταύτης
1435 4903 1699 4971 αἱρέσεως

122 4983 412 5056 δεινοτέρα.
472 4986 707 5055 Χριστὸν
769 4987 1049 5058 ἤρνηται,
1124 4991 1205 5053 είς
1293 4993 1588 5059 πρόσωπον
1609 4996 1697 5048 δέ·-

125 5091 226 5145 ρει,
292 5075 696 5145 πραγματικῶς
752 5077 847 5129 καί¹
878 5077 1112 5146 λογικῶς
1171 5081 1440 5136 λυττῶσα.
1496 5086 1568 5137 Τὸ
1601 5087 1698 5154 μὲν

123 5166 409 5234 φληναφεϊ,
441 5168 678 5237 Χριστὸν
711 5168 786 5236 μὴ
821 5171 1261 5240 περιγράφεσθαι
1294 5176 1439 5228 κατὰ
1487 5177 1579 5228 τὴν
1600 5177 1694 5228 τοῦ

125 5257 375 5328 σώματος
405 5261 769 5330 χαρακτῆραο
817 5260 956 5330 ὅπερ
1011 5263 1161 5315 ἐστὶν
1214 5265 1560 5334 ἀναιρετικὸν
1603 5269 1696 5320 τοῦ

126 5349 296 5418 σάρκα
323 5350 580 5418 γενέσθαι
605 5350 696 5405 τὸν
732 5351 922 5419 Λόγον.
989 5355 1050 5405 ΕΞ
1103 5355 1213 5421 γὰρ
1267 5355 1423 5425 σὰρξ.
1481 5359 1700 5422 πάντως

121 5444 210 5494 καὶ
234 5442 636 5512 περιγράφοιτο
664 5460 678 5474 °
720 5446 845 5498 ἐπεὶ
881 5446 1171 5513 φάντασμα
1192 5449 1248 5500 τὸ
1278 5449 1699 5520 εὐαγγελιζόμε-

121 5551 204 5586 νον
233 5534 566 5605 Μανιχαῐκῷ
602 5537 936 5607 φρονήματι.
970 5538 1043 5590 T6
1084 5538 1140 5590 δὲ
1170 5539 1251 5592 ὅτι
1280 5539 1406 5605 ξὲει,
1439 5541 1560 5612 κλᾷ,
1597 5561 1697 5595 κα⁹

118 5630 440 5693 τασκάπτει,
476 5633 838 5700 πυρικαυστεῖ
883 5631 1059 5685 πάντα
1095 5632 1234 5686 θεῖον
1262 5635 1409 5697 ναὸν,
1467 5636 1575 5687 πεῖν
1625 5637 1698 5688 ls-

189 5795 228 5822 "
257 5792 402 5849 Psal.
442 5808 601 5855 Lux,
638 5795 722 5847 ll.
803 5795 844 5824 ²⁷
875 5792 1038 5849 Hebr.
1078 5811 1127 5854 κ.
1162 5797 1248 5851 38.
1327 5800 1368 5830 "
1398 5798 1526 5856 Luc.
1561 5816 1668 5866 xix,
1699 5800 1786 5855 40.

451 5892 718 5948 Pyrum“
755 5892 872 5947 Cn.
910 5891 1109 5949 XCIX.

1801 3518 1932 3572 mibi
1992 3519 2132 3572 istud
2167 3534 2311 3572 cura:
2360 3519 2486 3572 est?
2546 3518 2695 3580 (Iac.
2740 3519 2970 3575 Domine
2997 3562 3012 3587 ,
3053 3521 3128 3575 ait
3160 3521 3380 3587 Paulus,

1802 3612 2177 3680 transﬁguravi
2241 3612 2295 3664 in
2341 3628 2420 3664 me
2455 3621 2500 3664 et
2536 3611 2722 3678 Apollo
2776 3624 2987 3681 propter
3019 3631 3105 3667 vos
3139 3630 3158 3668 :
3215 3623 3274 3667 nt
3326 3616 3382 3667 in

1800 3701 1946 3756 nobis
1977 3703 2194 3755 discalis
2217 3719 2280 3755 ne
2299 3719 2460 3770 supra
2482 3720 2637 3772 quam
2665 3705 2921 3773 scriptum
2951 3717 3026 3759 est
3057 3707 3282 3771 sapiatis
3310 3710 3376 3763 ".

1801 3791 2164 3858 Quamobrem
2221 3802 2274 3846 et
2318 3793 2603 3846 mendicus
2666 3794 2782 3864 ipse
2832 3797 2980 3849 omni
3026 3800 3384 3854 excusatione

1800 3894 1949 3939 caret
1983 3884 2036 3938 in
2066 3884 2154 3938 die
2172 3884 2386 3954 judicii,
2417 3885 2527 3940 nisi
2555 3886 2607 3938 in
2631 3887 2884 3955 prwseuti
2915 3889 3078 3943 veluti
3112 3891 3379 3959 judicium

1800 3975 2087 4030 subiturus
2118 3976 2392 4044 loquatur,
2424 3977 2507 4030 vel
2559 3979 2630 4032 ob
2667 3978 2717 4032 id
2762 3996 2929 4034 unum
2958 3999 2970 4034 :
3008 3984 3176 4036 multo
3209 3986 3383 4055 magis

1799 4067 2071 4136 quispiam
2127 4083 2316 4122 eorum
2363 4069 2458 4138 qui
2519 4070 2782 4139 dignitate
2846 4073 3074 4141 pollent,
3112 4090 3283 4144 usque
3313 4080 3380 4130 ad

1798 4173 1922 4213 eum
1950 4160 2042 4228 qui
2066 4159 2361 4229 insignitus
2387 4161 2694 4217 diademate
2731 4177 2832 4227 est,
2862 4165 2952 4218 cui
2980 4166 3380 4222 intolerandum

1795 4251 2056 4321 judicium
2093 4253 2212 4306 erit.
2265 4253 2511 4307 Potentes
2547 4257 2705 4321 enim,
2752 4257 2950 4326 inquit.
3003 4269 3238 4327 potenter
3268 4271 3381 4314 tor-

1799 4354 1975 4399 menta
2024 4345 2295 4414 patientur
2317 4347 2382 4400 ³⁸.
2441 4346 2525 4413 Ει,
2566 4346 2838 4402 Iudicium
2895 4335 3248 4406 durissimum
3299 4357 3380 4407 his

1797 4440 1886 4508 qui
1918 4451 2150 4508 praesunt
2180 4439 2246 4494 δι.
2272 4438 2520 4509 Loquere
2548 4442 2733 4511 igitur,
2763 4441 2992 4499 Domine
3019 4445 3115 4510 mi,
3136 4446 3377 4514 loquere.

1798 4532 2004 4586 idcirco
2023 4541 2076 4587 et
2096 4547 2196 4602 ego
2213 4531 2423 4594 infelix,
2438 4532 2706 4602 judicium
2733 4536 2937 4590 veritus
2960 4536 3170 4607 loquor.
3191 4537 3380 4609 Usque

1799 4621 1852 4676 iu
1878 4622 2090 4676 divinas
2115 4623 2348 4692 religiosi
2370 4624 2631 4692 principis
2655 4627 2827 4680 nostri
2861 4643 3024 4682 aures
3047 4632 3379 4685 vocem-mit-

1728 4705 1773 4761 D
1800 4723 1850 4767 te
1875 4732 1886 4766 :
1913 4714 2351 4784 quandoquidem
2371 4731 2434 4769 ex
2452 4731 2638 4769 eorum
2667 4733 2896 4772 numero
2926 4734 2984 4773 es
3001 4721 3092 4789 qui
3117 4731 3379 4790 praesunt.

1867 4804 2024 4860 Nulla
2058 4807 2279 4861 hazrcsis
2308 4823 2374 4861 ex
2407 4809 2474 4863 iis
2506 4825 2627 4878 quas
2654 4810 2722 4863 ab
2749 4809 2994 4865 Ecclesia
3019 4813 3378 4879 ebullieruut,

1797 4897 1899 4953 hac
1930 4898 2344 4954 lconomacbica
2388 4901 2586 4956 lneresi
2631 4903 2887 4957 acerbior
2923 4904 3046 4959 fuit.
3097 4905 3378 4961 Christum

1796 4992 2032 5062 negavit,
2077 4993 2132 5045 in
2165 4991 2362 5047 faciem
2407 4995 2588 5060 caedit,
2631 5012 2796 5067 opere
2826 5015 2891 5054 ac
2938 5015 3190 5057 sermone
3223 5003 3378 5057 furit.

1796 5083 1929 5140 Pars
1971 5085 2192 5154 quidem
2239 5085 2376 5140 adeo
2409 5085 2609 5156 desipit
2657 5098 2714 5145 ut
2755 5089 3035 5147 Christum
3079 5107 3237 5165 neget
3267 5098 3380 5150 cir-

1797 5179 2096 5233 cumscribi
2147 5179 2445 5235 secundum
2487 5183 2736 5251 corporis
2775 5183 3012 5240 formam
3057 5188 3251 5257 :quod
3297 5201 3381 5244 est

1796 5270 1956 5340 plane
2018 5287 2215 5341 negare
2276 5269 2515 5326 Verbum
2572 5288 2797 5330 carnem
2854 5276 3084 5333 factum.
3138 5279 3274 5334 Nam
3331 5286 3376 5336 si

1797 5375 1947 5426 caro,
1978 5361 2202 5414 omnino
2248 5369 2303 5413 et
2328 5361 2805 5418 circumscribitur
2837 5383 2851 5418 :
2887 5367 3216 5436 phantasma
3234 5370 3378 5424 enim

1798 5465 1941 5516 esse,
1983 5451 2404 5506 Manichaaorum
2460 5453 2736 5524 Evangelii
2776 5459 3048 5513 sententia
3096 5470 3202 5514 est.
3248 5459 3380 5514 Pars

1803 5560 1934 5600 vero
1966 5544 2126 5606 radit,
2161 5541 2379 5612 frangit,
2411 5544 2602 5609 diruit,
2635 5547 2876 5603 incendit
2901 5564 3119 5603 omnem
3165 5566 3376 5605 sacram

1805 5634 1997 5700 tndem,
2040 5649 2258 5690 sacrum
2299 5650 2459 5690 omne
2491 5638 2777 5692 donarium
2830 5641 2881 5692 in
2920 5656 3029 5710 quo
3067 5641 3137 5695 sit
3170 5639 3378 5696 Christi

1904 5801 1946 5831 ¹⁹
1979 5799 2146 5856 lCor.
2184 5815 2254 5864 tv,
2284 5798 2336 5854 6.
2416 5800 2458 5830 ³⁰
2490 5800 2616 5870 Sap.
2652 5818 2724 5867 Vl,
2754 5801 2805 5853 7.
2882 5801 2926 5832 ³¹
2967 5800 3079 5856 ibid
3136 5800 3171 5854 6

2858 5895 2933 5953 ίιὲ
