3964 6320
582 321 716 384 1323

1767 328 1825 387 S.
1867 329 1965 387 ΤΗ
1976 327 2257 388 EODORI
2297 330 2645 393 STUDIT/E

3735 334 3863 398 I325

575 438 797 509 cmgies,
833 436 1095 507 Deiparze.
1139 447 1233 493 aut
1262 439 1555 507 cujuslibet
1588 441 1786 496 sancti.
1823 441 2019 495 Actum
2058 451 2136 496 cst

2252 441 2340 512 ρδν
2372 442 2647 514 ἀνάθημα,
2680 437 2827 514 ἑφίἶ)
2855 446 2885 499 ὁ
2922 445 3158 517 Χριστοῦ
3190 448 3504 518 χαρακτὴρ,
3534 448 3651 517 τῆς
3674 448 3867 503 Θεστο-

575 532 642 585 de
672 531 829 584 nobis
860 530 1210 585 Christianis.
1249 530 1682 600 Prwoccupemus
1718 531 1907 597 faciem
1946 532 2157 587 Christi

574 625 627 677 in
676 623 998 693 confessione
1023 623 1135 654 ”°"
1171 639 1184 675 :
1215 621 1496 676 Christum
1553 623 1964 693 amplectamur,
1989 640 2153 693 quem

575 730 670 786 per
702 717 875 784 ipsius
911 724 1116 769 sancta:
1151 714 1405 784 imaginis
1448 723 1819 784 contemptqu
1859 729 2147 785 negamus.

698 917 963 973 LXXXII.
993 951 1063 961 —
1088 916 1403 971 Demochari
1433 915 1733 986 Logothetaz
1766 918 2019 986 generali.

2266 553 2385 602 κου,
2416 534 2710 591 είτινοσοῦν
2738 538 2846 591 τῶν
2879 538 3067 605 ἁγίων.
3102 539 3423 608 Χριστιανοὶ
3459 540 3864 611 ἀπολλύμεθα.

2268 626 2717 697 Προφθάσωμεν
2744 628 2814 681 τὸ
2844 631 3169 695 πρόσωπον
3207 631 3446 698 Χριστοῦ
3473 632 3548 685 ἐν
3572 633 3869 704 ἐξομολο-

2259 718 2432 785 γήσει
2467 736 2480 748 ·
2509 720 2888 788 ἀσπασώμεθα
2912 722 3169 791 Χριστὸν,
3199 722 3256 775 ὃν
3296 723 3365 776 δι’
3400 724 3745 793 ἀθετήσεως
3774 730 3868 797 τῆς

2256 810 2424 863 αὐτοῦ
2456 811 2617 879 ἁγίας
2652 814 2860 876 εἰκόνος
2888 814 3222 883 ἀρνούμεθα.

2364 922 2491 977 ΠΒ’.
2522 956 2593 967 -
2620 927 2921 996 Δημόχαρι
2954 928 3251 999 Λογοθέτῃ
3281 933 3520 1000 τενικῷ.
3704 935 3869 1007 [φθή]

637 1048 821 1097 Laudat
841 1049 972 1111 quod
992 1051 1198 1110 impium
1218 1050 1456 1099 Joannem
1484 1062 1572 1111 pro
1591 1048 1787 1099 meritis
1812 1052 2134 1115 coarguerit:
2163 1055 2271 1102 tum
2295 1059 2353 1105 ut
2372 1071 2461 1119 pro
2485 1060 2581 1108 ﬁde
2612 1060 2741 1121 apud
2779 1061 3130 1122 imperatorem
3150 1075 3303 1126 agere
3332 1072 3515 1128 pergat
3535 1067 3807 1119 hortatur.

646 1145 901 1201 Virorum
970 1148 1266 1217 proborum
1335 1147 1627 1203 aﬂ‘abilitas
1698 1148 1766 1203 ad
1824 1164 1923 1205 eos
1982 1150 2151 1207 libere

574 1238 807 1293 adeundi
876 1238 960 1292 vel
1020 1238 1206 1308 ignoto
1294 1240 1493 1310 cuique
1562 1248 1890 1309 potestatem
1954 1240 2147 1298 facit:

581 1331 755 1384 multo
798 1330 975 1401 magis
1026 1330 1093 1385 iis
1138 1333 1229 1400 qui
1274 1344 1328 1387 et
1381 1333 1495 1387 noti
1545 1341 1697 1395 sunt,
1726 1344 1780 1387 et
1827 1337 2147 1391 eorumdem

572 1423 846 1478 comitatis
891 1424 1326 1494 experimentum
1365 1440 1578 1495 cepere.
1610 1424 1681 1479 Ea
1728 1441 1786 1481 re
1816 1428 2008 1482 conlisi
2050 1444 2150 1484 nos

576 1515 834 1582 humiles,
868 1515 937 1568 ad
999 1516 1256 1569 eximiam
1291 1526 1345 1570 et
1378 1517 1847 1587 religiosissimam
1894 1521 2149 1591 niagnili-

572 1607 810 1661 centiam
846 1617 993 1661 tuam
1031 1607 1240 1663 litteras
1276 1609 1592 1675 scribimus,
1623 1611 1957 1680 gratulantes
1984 1614 2056 1679 ei,
2090 1623 2150 1668 ut

574 1714 671 1766 par
709 1708 814 1761 est.
846 1699 995 1770 quod
1028 1699 1103 1753 sis
1156 1699 1360 1769 Optima
1401 1701 1602 1757 radicis
1645 1704 1876 1773 egregias
1907 1703 2145 1770 soboles,

568 1789 713 1857 quod
743 1792 961 1859 sagacis
992 1790 1300 1858 prudentiae
1333 1789 1573 1845 divinum
1603 1806 1764 1861 opus,
1790 1796 1934 1862 quod
1964 1795 2149 1849 multi-

571 1879 725 1946 plicis
779 1879 1147 1935 institutionis
1197 1880 1367 1935 decus
1422 1884 1795 1951 expetendum
1844 1886 2036 1940 :unde
2092 1894 2147 1941 et

570 1967 792 2038 regibus
835 1979 1094 2037 acceptus
1143 1984 1224 2031 es,
1269 1978 1325 2022 et
1358 1971 1603 2023 omnium
1649 1986 1745 2025 ore
1788 1988 1853 2025 ac
1894 1990 2147 2029 sermone

566 2059 861 2114 celebraris
901 2074 1177 2129 :eamque
1225 2060 1296 2113 ob
1336 2075 1559 2115 causam
1610 2062 1964 2131 magistratus
2009 2067 2146 2122 alios

565 2165 634 2204 ex
681 2150 804 2204 aliis
858 2166 1077 2219 gerens,
1125 2152 1191 2203 ad
1239 2165 1553 2219 supremum
1608 2153 1846 2224 denique
1896 2157 2146 2213 celeriter

563 2242 888 2310 pervenisti.
928 2243 1135 2308 Gaude,
1181 2252 1235 2297 et
1263 2240 1388 2313 jure
1432 2247 1652 2316 quidem
1702 2250 1925 2318 optimo.
1960 2250 2144 2316 Quan-

563 2351 728 2405 quam
758 2346 939 2389 aulcm
970 2336 1116 2405 quod
1147 2336 1218 2390 ob
1243 2339 1488 2391 eamdem
1529 2339 1669 2394 hanc
1699 2340 1951 2396 virtutem
1984 2342 2142 2397 nobis

565 2427 826 2482 tenuibus
871 2427 1207 2482 desiderium
1250 2430 1328 2482 tui
1373 2429 1531 2495 lacis,
1560 2431 1702 2484 haud
1737 2441 1884 2486 tanta
1919 2434 2139 2503 dignum

563 2520 930 2575 admiratione
963 2531 1067 2587 est,
1097 2535 1221 2575 cum
1260 2522 1467 2577 nullius
1508 2523 1667 2592 pretii
1702 2527 1878 2579 simus
1912 2545 1925 2579 :
1959 2539 2139 2582 tamen

560 2611 705 2665 ratio
742 2612 1005 2684 temporis
1031 2612 1309 2676 admonet,
1352 2623 1410 2667 ut
1451 2622 1506 2667 et
1536 2628 1568 2668 a
1600 2616 1853 2671 tenuibus
1883 2617 2016 2673 viris
2041 2619 2138 2672 tibi

562 2704 982 2774 supplicationis
1024 2705 1239 2759 libellus
1290 2704 1591 2760 offeratur:
1626 2718 1687 2762 ut
1736 2718 1935 2765 nostra:
1976 2711 2139 2765 nimi-

560 2812 684 2851 rum
725 2797 1012 2860 Ecelesiae,
1053 2797 1350 2866 impietatis
1391 2799 1553 2853 ruina
1598 2801 1857 2870 collapsa:
1909 2820 2135 2859 manum

2340 1156 2403 1210 Ἦ
2424 1158 2532 1212 τῶν
2559 1160 2783 1229 ἀγαθῶν
2817 1161 3026 1233 ἀνδρῶν
3053 1164 3293 1233 ἔντευξις
3319 1170 3651 1241 παρρησίαν
3672 1174 3868 1227 δίδωσι

2257 1249 2353 1303 καὶ
2382 1252 2785 1321 τούςάγνῶτας
2842 1255 2979 1325 πρὸς
3012 1257 3208 1322 αὐτοὺς
3243 1262 3419 1314 ῐεσθαι
3441 1278 3457 1292 ·
3501 1269 3583 1334 μὴ
3622 1266 3869 1329 Gtt-soi;

2255 1343 2584 1414 γνωρίμους,
2629 1346 2721 1399 καὶ
2760 1349 2858 1419 τῆς
2885 1348 3067 1401 αὐτῶν
3100 1352 3486 1426 εὐθημοσύνης
3514 1359 3730 1428 πεῖραν
3787 1363 3870 1412 εἰ·

2255 1432 2514 1503 ληφότας.
2550 1437 2650 1490 Διά
2679 1436 2839 1490 τοῦτο
2884 1438 3289 1512 τεθαρρηκότες
3323 1446 3376 1496 οι
3410 1450 3697 1514 ταπεινοὶ,
3733 1451 3869 1503 ἑπι-

2258 1524 2554 1595 στέλλομεν
2604 1530 2670 1598 τῇ
2702 1528 2973 1599 ὑπερφυεί
3007 1532 3101 1584 καὶ
3122 1533 3494 1608 εὐσεϐεστάτη
3531 1556 3636 1592 σου
3673 1558 3867 1610 μετα·

2252 1614 2491 1691 λωσύνῃ,
2526 1620 2902 1689 εὐφημοῦντες
2924 1623 3099 1694 αὐτὴν
3132 1626 3271 1679 κατά
3294 1627 3357 1679 τὸ
3391 1629 3561 1695 εἰκὸς,
3617 1633 3712 1685 ὅτι
3780 1634 3867 1705 ῥί-

2253 1704 2352 1776 ζης
2384 1708 2616 1775 εὐφυοῦς
2646 1711 2851 1779 ἀγαθὸν
2898 1712 3225 1785 βλάστημα·
3260 1718 3341 1771 ὅτι
3394 1722 3730 1793 φρονήσεως
3777 1704 3866 1777 δε-

2252 1797 2371 1863 ξιᾶς
2406 1800 2552 1872 ἱερὸν
2580 1802 2928 1873 ἀποτέλεσμα
2960 1823 2974 1837 ο
3033 1808 3116 1860 ὅτι
3175 1809 3513 1877 παιδεύσεως
3579 1818 3862 1886 ποικίλης

2249 1890 2531 1962 ἀγλάϊσμα
2587 1896 3098 1963 περισπούδαστον·
3157 1900 3310 1954 ἐνθεν
3362 1904 3455 1956 καὶ
3499 1905 3860 1976 ,βασιλεῦσιν

2248 1983 2654 2056 ἀσπαστὴ,’κα“ι
2694 1992 2831 2043 πᾶσι
2883 1992 3205 2065 διαλαλητή.
3238 1995 3363 2049 Κάκ
3396 1997 3597 2051 τούτου
3657 2002 3855 2072 ἀρχὰς

2248 2072 2309 2138 ἐξ
2340 2074 2531 2145 ἀρχῶν
2559 2079 2883 2149 ἀμείϐουσα,
2916 2086 2999 2148 είς
3021 2086 3122 2156 τὴν
3148 2090 3590 2159 κορυφαιοτάτην
3642 2093 3767 2145 τῶν
3798 2098 3860 2145 ἐν

2245 2167 2390 2219 τέλει
2437 2169 2763 2241 ἀνέδραμεν.
2800 2174 2963 2241 Εὖγε,
2996 2177 3093 2230 καὶ
3124 2179 3268 2231 πάνυ
3300 2178 3546 2244 εἰκότως.
3571 2181 3641 2235 EI
3668 2183 3727 2236 δὲ
3754 2188 3860 2239 καὶ

2245 2260 2327 2312 ὅτι
2359 2261 2493 2330 ἡμῖν
2515 2266 2629 2326 τοῖς
2684 2265 2931 2320 εὐτελέσι
2962 2268 3032 2321 δι’
3090 2270 3263 2341 αὐτὴν
3319 2272 3417 2343 τὴν
3472 2274 3690 2346 ἀρετὴν
3741 2292 3859 2330 πο.

2245 2351 2408 2422 θητὴ,
2437 2354 2497 2405 οὐ
2526 2355 2667 2407 πάνυ
2694 2373 2748 2409 τι
2803 2357 2913 2410 τῶν
2950 2359 3225 2427 ἀγαστῶν,
3262 2361 3351 2415 διά
3384 2362 3444 2415 τὸ
3499 2365 3853 2434 οὐδαμινόν·

2244 2442 2384 2511 πλὴν
2445 2444 2527 2497 ὅτι
2584 2445 2927 2501 ὐποϐἀλλοιὸ
2978 2452 3163 2521 καιρὸς
3230 2456 3321 2506 καὶ
3376 2455 3437 2519 ἐξ
3470 2456 3718 2511 εὐτελῶν
3742 2478 3856 2513 παι

2247 2533 2513 2606 ράκλησίν
2575 2554 2660 2590 σοι
2720 2540 3120 2610 προσάγεσθαι.
3189 2543 3252 2597 Ἢ
3313 2546 3368 2599 δέ
3420 2550 3570 2601 ἐστιν
3645 2553 3854 2621 ὀρέξαι

2245 2641 2305 2676 σε
2382 2630 2538 2696 χεῖρα
2588 2631 2653 2701 τῇ
2729 2633 3119 2707 καταπεσούσῃ
3204 2637 3326 2690 καθ’
3381 2640 3530 2709 ἡμᾶς
3594 2642 3853 2715 Ἐκκλη-

2243 2716 2334 2787 σίᾳ
2360 2716 2614 2787 πτώματι
2658 2721 2935 2785 ἀσεϐείας,
2970 2724 3143 2778 Τοῦτο
3168 2726 3232 2798 δὴ
3259 2730 3354 2782 καὶ
3402 2731 3674 2802 ἡκουσται
3702 2737 3850 2805 ἡμῖν

2241 2808 2660 2879 ὲνεργήσαντα·
2736 2814 2831 2866 καὶ
2882 2815 3160 2885 εὐξάμεθά
3221 2835 3303 2872 σοι
3363 2820 3435 2883 ὡς
3482 2824 3847 2895 ἁμαρτωλοὶ,

562 2889 830 2960 porrigas.
881 2888 937 2943 In
978 2889 1080 2943 hoc
1116 2898 1299 2944 autem
1340 2901 1391 2945 te
1424 2890 1539 2961 jam
1573 2893 1891 2950 elaborasse
1922 2898 1987 2951 ad
2039 2914 2136 2953 nos

2252 2901 2336 2951 καὶ
2376 2901 2755 2972 εὐλογήσαμέν
2794 2924 2853 2959 σε
2887 2907 2995 2960 ἀπὸ
3020 2909 3246 2981 καρδίας
3300 2888 3721 2986 πεπονημένης,
3756 2922 3850 2973 ὅτι

561 2982 706 3035 l'ama
744 2980 938 3035 detulit
968 3000 981 3035 :
1016 2990 1071 3035 et
1099 2981 1153 3035 id
1194 2990 1253 3035 ut
1283 2997 1503 3051 operam
1530 2985 1714 3048 dares,
1759 3000 1859 3041 nos
1888 3002 2141 3057 peccato-

558 3084 648 3125 res
685 3072 892 3141 precati
933 3088 1123 3127 sumus
1155 3090 1169 3127 ε
1204 3088 1268 3128 ac
1298 3076 1531 3129 summis
1560 3083 1613 3129 te
1653 3077 1908 3133 laudibus
1938 3081 2139 3134 extuli-

560 3177 684 3218 mus
706 3164 924 3218 sincero
943 3165 1109 3218 animi
1137 3165 1358 3230 affectu,
1381 3167 1525 3235 quod
1546 3167 1693 3235 justa
1712 3169 2139 3237 reprehensione

556 3252 823 3309 Joannem
854 3256 1152 3325 coarguisti
1198 3256 1495 3326 impietatis
1538 3257 1863 3327 principem,
1898 3275 1961 3313 ea
1995 3262 2138 3330 obji-

559 3346 712 3400 ciens
767 3360 892 3415 qua
941 3347 1236 3401 scelestum
1284 3348 1562 3402 hominem
1616 3349 1806 3403 audire
1854 3366 1951 3419 par
1980 3350 2127 3407 fuit:

557 3455 677 3507 qua:
728 3455 853 3493 cum
907 3439 1087 3504 nobis,
1134 3448 1247 3493 tum
1295 3441 1553 3509 plurimis
1603 3441 1746 3507 aliis,
1802 3452 1859 3497 ut
1911 3444 2127 3513 opinor,

556 3540 836 3599 comperta
900 3529 1136 3585 Ine’runt.
1190 3530 1461 3597 Quoniam
1513 3533 1647 3585 nihil
1701 3544 1779 3587 est
1834 3536 2135 3601 occultant,

2208 3540 2346 3609 quod
2392 3557 2495 3594 non
2544 3544 2742 3596 scietur
2802 3546 2869 3612 ³⁸,

2243 2992 2339 3079 και
2354 2991 2570 3063 ἐλεγμῴ
2593 2994 2787 3066 δικαίῳ
2815 2998 3048 3067 ἤλεγξας
3072 3002 3162 3056 τὸν
3187 3004 3501 3077 ἀσεϐἀρχην
3539 3009 3846 3083 Ἰωάννην,

2239 3082 2479 3137 τοσαῦτα
2510 3088 2700 3151 εἰπὼν,
2732 3090 2832 3142 ὅσα
2876 3087 2946 3162 ἦν
2978 3093 3126 3157 ἀξιον
3151 3095 3382 3151 ἀκοῦσαι
3412 3100 3501 3152 τὸν
3530 3106 3795 3174 μυσαρὸν
3828 3123 3843 3135 ο

2241 3173 2380 3226 ἄττα
2412 3177 2669 3247 καὶήμῖν,
2700 3177 2875 3248 οἶμαι,
2908 3185 3003 3237 καὶ
3026 3186 3241 3248 πολλοῖς
3256 3187 3437 3252 ἄλλοις
3470 3192 3847 3264 προδεδήλως

2238 3281 2348 3318 ται.
2399 3266 2551 3319 Ἐπεὶ
2569 3271 2681 3322 οὐκ
2699 3270 2831 3324 ἔστι
2844 3274 3110 3340 κρυπτὸν
3131 3276 3161 3330 ὂ
3174 3280 3246 3331 οὐ
3269 3280 3710 3348 γνωσθήσεται.
3730 3304 3849 3339 κα-

2241 3354 2309 3408 θά
2336 3375 2479 3428 φησι.
2501 3360 2569 3412 τὰ
2592 3360 2784 3429 Λὸγια.
2812 3364 2921 3416 Καὶ
2949 3366 3123 3431 ἄλλως
3151 3369 3299 3424 ὄτιοί
3332 3373 3588 3437 ἀσεϐείας
3603 3376 3849 3448 ἔξαρχος

2242 3450 2505 3504 τοιούτων
2524 3453 2782 3523 πράξεων
2804 3454 2978 3527 ἔνοχοι
2998 3458 3357 3526 δικαιοτάτως
3370 3468 3841 3538 πεφανέρωνται.

2928 3558 2987 3604 ut
3046 3551 3199 3606 aiunt
3247 3569 3418 3609 sacrae
3465 3558 3706 3627 paginae.
3765 3562 3843 3615 Et

560 3623 762 3693 alioqui
798 3624 1093 3693 impietatis
1125 3625 1294 3681 duces
1319 3627 1505 3681 talium
1539 3629 1806 3683 scelerum
1841 3630 1918 3684 rei
1952 3632 2240 3690 manifeste
2272 3636 2536 3705 comperti
2560 3640 2906 3711 convictique
2938 3654 3086 3700 sunt.

626 3710 748 3767 Noli
800 3713 988 3782 igitur,
1037 3713 1269 3769 Domine
1307 3717 1405 3777 mi,
1450 3726 1557 3770 tam
1593 3721 1857 3787 praeclaro
1904 3720 1995 3774 illo
2045 3732 2137 3778 tuo

556 3806 856 3862 certamine
901 3808 1208 3861 desistere:
1238 3807 1333 3862 sed
1385 3807 1578 3862 conler
1631 3810 1844 3864 eximiae
1883 3812 2134 3882 dignitati

2307 3726 2615 3798 Μὴστοίνυν.
2651 3723 2696 3783 ὦ
2729 3730 2969 3787 δέσποτά
3000 3743 3122 3806 μου,
3155 3736 3483 3809 ἀπολήξειας
3528 3742 3628 3795 τοῦ
3650 3746 3837 3799 καλοῦ

2236 3836 2331 3871 σου
2364 3820 2576 3889 ἀγῶνος
2602 3838 2616 3852 ·
2647 3822 2785 3878 ἀλλὰ
2856 3830 3271 3899 συνεισὲνεγκον
3302 3836 3366 3905 τῇ
3425 3836 3669 3909 μεγίστῃ
3718 3857 3827 3893 σου

559 3910 666 3953 tua;
705 3899 848 3953 haud
896 3899 1161 3967 imparem
1216 3914 1396 3968 opem,
1445 3900 1644 3970 quippe
1692 3904 1784 3971 qui
1832 3903 1909 3959 sis
1958 3907 2025 3959 ad
2082 3906 2136 3961 id

2252 3911 2475 3982 iit-epam
2538 3914 2825 3985 ίσόρῤοπον
2854 3919 2953 3988 τὴν
2980 3920 3254 3990 βοήθειαν,
3394 3899 3521 3977 δάι’
3541 3899 3686 3980 Θεοῦ
3744 3935 3839 3996 είς

556 4006 586 4044 a
608 3989 717 4045 Deo
744 4001 969 4045 vocatus
1000 3992 1052 4044 in
1086 3990 1167 4045 his
1197 4001 1500 4060 temporum
1526 4008 1590 4047 ac
1621 4009 1803 4047 rerum
1844 3998 2131 4065 angustiis.

545 4084 650 4141 Sic
676 4083 821 4138 enim
869 4084 1131 4153 majorem
1175 4085 1403 4155 gloriam
1446 4100 1802 4155 consequere,
1839 4098 1950 4143 tum
1985 4092 2127 4159 apud

558 4176 727 4231 Deum
776 4175 861 4231 cui
915 4191 1002 4231 res
1055 4191 1119 4230 ea
1187 4177 1565 4247 acceptissima
1627 4188 1750 4246 est,
1812 4189 1924 4236 tum
1985 4183 2127 4259 apud

556 4268 946 4337 imperatorem
981 4268 1075 4337 qui
1114 4267 1227 4337 jam
1281 4268 1563 4339 religionis
1609 4272 1825 4342 signum
1882 4276 2125 4341 sustulit,

555 4369 672 4413 tum
702 4360 845 4428 apud
869 4360 1162 4414 universos
1186 4361 1281 4430 qui
1306 4369 1512 4415 rectum
1539 4362 1787 4419 veritatis
1818 4379 2125 4419 sermonem
2162 4336 2204 4390 θ

556 4451 884 4505 annuntiant
919 4467 932 4504 τ
967 4452 1270 4519 quinetiam
1315 4453 1614 4507 amuletum
1651 4455 1918 4510 adversus
1952 4457 2125 4511 labem

554 4558 678 4612 qua!
710 4545 778 4596 ab
814 4544 1069 4597 haeretica
1104 4546 1487 4599 communione
1519 4547 1694 4599 oritur
1725 4548 1837 4616 ipse
1871 4547 1963 4600 tibi
1999 4566 2128 4603 con-

554 4636 723 4690 licius.

552 4748 838 4805 LXXXIII.
863 4780 932 4790 —-
961 4748 1170 4803 Sanctis
1212 4747 1456 4819 Pultibus
1481 4753 1630 4814 meis,
1659 4761 1707 4804 et
1735 4752 2121 4819 confessoribus

764 4820 991 4884 Christi,
1017 4818 1239 4884 Joanni,
1288 4818 1561 4885 Michaeli,
1602 4834 1651 4874 et
1684 4818 1911 4876 Basilio.

2231 4000 2436 4071 ταύτην
2470 4004 2838 4074 προσκληθεὶς
2867 4009 2924 4075 ἐξ
2946 4012 3249 4079 ἀναγκαίου
3274 4016 3368 4067 τοῦ
3398 4018 3617 4085 χρόνον.
3664 4021 3835 4076 Οὕτω

2234 4092 2344 4162 γὰρ
2377 4094 2579 4162 μᾶλλον
2606 4096 2954 4173 εὐκλεηθήσῃ
2992 4104 3149 4173 παρά
3192 4121 3254 4157 τε
3306 4106 3424 4159 Θεῶ
3450 4108 3531 4179 τῷ
3583 4110 3831 4185 εὐδοκή-

2237 4189 2413 4252 σαντι,
2449 4188 2545 4240 καὶ
2582 4186 2797 4257 βασιλεί
2823 4192 2901 4263 τῷ
2960 4196 3333 4269 ἀπαρξαμένῳ
3387 4200 3662 4267 εὐσεϐεῖν,
3728 4209 3831 4259 καὶ

2236 4278 2408 4331 ἅπασι
2428 4282 2541 4342 τοῖς
2570 4279 2659 4333 τὸν
2684 4282 2845 4354 ὀρθὸν
2870 4284 3030 4354 λόγον
3056 4288 3155 4358 τῆς
3179 4288 3439 4360 ἀληθείας
3468 4293 3825 4363 πρεσϐεύουο

2237 4385 2339 4423 σιν.
2366 4371 2440 4422 Οὐ
2466 4370 2576 4441 μὴν
2623 4373 2758 4428 ἀλλά
2806 4379 2901 4429 καὶ
2931 4379 3142 4449 σεαυτῷ
3183 4383 3280 4449 τῆς
3328 4384 3468 4437 κατά
3503 4384 3606 4455 τὴν
3668 4390 3828 4458 αἰρε-

2235 4461 2392 4532 τικὴν
2425 4465 2709 4518 κοινωνίαν
2738 4468 3041 4538 χράνσεως,
3080 4472 3329 4526 ἐντεῦθεν
3380 4476 3586 4547 χαρίσῃ
3636 4478 3826 4544 ἀλεξι-

2233 4556 2421 4625 τήριον
2451 4558 2763 4629 φάρμακον.

2233 4757 2353 4842 111:.
2380 4788 2450 4797 —
2478 4759 2822 4842 Τοῖς-ἀγέρω
2848 4783 2969 4842 you
2998 4768 3263 4842 Πατρᾴσι
3282 4770 3385 4842 ,καί
3418 4774 3827 4842 ὁμολογηταῖς

2301 4829 2587 4896 Χριστοῦ,
2612 4829 2880 4903 Ἶωάννῄ,
2907 4829 3174 4906 Μιχαὴξῑξ
3196 4841 3294 4893 καὶ
3314 4829 3824 4919 Βασζὶείῳᾙριέζ]

1038 4959 1249 5011 Carcere
1270 4966 1420 5021 atque
1444 4964 1628 5010 exsilio
1649 4961 1870 5010 solutum
1894 4973 1951 5011 se
1984 4963 2199 5018 nuntiat,
2226 4974 2284 5009 ae
2313 4961 2472 5011 inulta
2498 4976 2590 5024 pro
2609 4963 2803 5015 Christo
2830 4965 2982 5027 passis
3000 4971 3291 5031 gratulatur.

621 5083 690 5137 Et
723 5098 869 5137 nunc
900 5083 967 5137 ad
1005 5082 1195 5140 Patres
1222 5100 1374 5141 meos
1411 5087 1650 5143 scribere
1679 5102 1893 5156 aequum
1930 5086 2127 5142 existi-

551 5176 718 5239 mavi,
748 5185 803 5230 et
836 5176 1001 5231 simul
1024 5178 1264 5233 scribere
1294 5188 1551 5250 tauquam
1584 5182 1650 5235 ad
1673 5180 1917 5250 ejusdem
1948 5180 2123 5234 virtu-

549 5268 621 5322 tis
642 5281 707 5321 ac
729 5265 1019 5321 sententia:
1042 5268 1402 5338 martyriique
1430 5285 1528 5339 pro
1554 5269 1778 5324 Christo
1804 5270 2119 5340 participes.

548 5354 1002 5423 Quandoquidem
1054 5357 1201 5411 enim
1248 5354 1359 5411 Deo
1420 5368 1609 5413 nostro
1652 5361 1857 5429 optimo
1898 5360 2121 5430 placuit,

551 5459 609 5501 ut
636 5455 691 5501 et
709 5462 806 5502 nos
828 5456 1147 5517 peccatores
1175 5449 1577 5505 dimitteremur
1599 5469 1629 5505 e
1652 5466 1896 5517 carcere,
1929 5449 2122 5519 optimi

551 5539 814 5609 principis
872 5540 1182 5594 interventu
1228 5561 1240 5597 :
1294 5542 1469 5596 instar
1520 5542 1809 5612 cujusdam
1873 5545 2121 5595 muneris

554 5636 707 5689 \obis
734 5635 1020 5705 epistolam
1062 5634 1254 5699 oﬂ'ero,
1298 5636 1564 5705 gaudens,
1601 5635 1993 5704 gratulansth
2029 5651 2123 5704 pa-

623 5773 737 5805 "'“
770 5773 913 5827 Psal.
947 5788 1085 5836 XCIV,
1111 5773 1163 5827 2.
1243 5774 1287 5803 "
1318 5772 1505 5825 Matth.
1538 5788 1587 5837 ς,
1618 5770 1707 5824 96.

2303 5086 2412 5138 Κα)⁵
2442 5086 2536 5139 νῦν
2566 5090 2868 5145 ἐπιστεῖλαι
2894 5088 2955 5146 εὖ
2988 5093 3135 5164 ἔχειν
3187 5095 3488 5166 ἐδοκίμασα
3513 5099 3633 5161 τοῖς
3660 5101 3822 5171 ἐμοῖς

2231 5178 2500 5248 Πατράσι,
2530 5182 2623 5234 καὶ
2645 5184 2950 5241 ἐπιστεῖλαι
2999 5186 3136 5257 ὁμοῦ
3167 5186 3244 5250 ὡς
3270 5187 3369 5254 τῆς
3395 5188 3567 5259 αὐτῆς
3610 5192 3823 5263 ἀρετῆς

2230 5272 2324 5323 καὶ
2370 5272 2644 5341 ὁμονοίας,
2680 5276 2881 5345 μᾶλλον
2929 5278 2987 5331 δὲ
3037 5281 3345 5351 μαρτυρίας
3372 5280 3617 5351 Χριστοῦ
3644 5284 3819 5352 ἠξιω-

2232 5363 2433 5431 μένοις.
2474 5366 2625 5417 Ἐπεὶ
2661 5366 2770 5437 γὰρ
2808 5369 3103 5439 εὐδόκησεν
3140 5372 3170 5423 ὀ
3225 5369 3431 5437 ἀγαθὸς
3486 5370 3628 5434 Θεὸς
3660 5375 3823 5443 ἡμῶν

2228 5452 2497 5522 ἀφεθῆναι
2536 5456 2631 5508 καὶ
2658 5458 2804 5526 ἡμᾶς
2837 5458 2963 5522 τούς
3007 5458 3364 5529 ἀμαρτωλούς
3398 5459 3500 5529 τῆς
3534 5462 3819 5531 φυλακῆς,

2225 5549 2292 5615 τῇ
2324 5548 2573 5619 μεσιτείᾳ
2604 5549 2697 5600 τοῦ
2721 5549 2927 5616 ἀγαθοῦ
2987 5550 3252 5621 βασιλέως
3276 5568 3291 5584 ο
3328 5552 3523 5623 ὥσπερ
3552 5570 3601 5604 τι
3668 5556 3820 5608 εξνσι

2234 5639 2530 5711 προσφέρω
2564 5642 2691 5711 ὐμῖν
2718 5643 2780 5696 τὸ
2807 5644 3060 5719 γράμμα,
3099 5645 3305 5715 χαίρων
3357 5648 3455 5701 καὶ
3500 5650 3822 5723 συγχαίρω
