3964 6320
92 397 263 455 1325

1323 387 1861 449 EPISTOLARUM
1915 389 2060 448 LIB.
2109 389 2187 447 ll.

3250 389 3397 456 1326

93 513 278 583 ὑμῶν
314 514 382 583 τῇ
410 509 764 582 πατρωσύνῃ,
800 509 894 563 καὶ
920 511 1013 581 τῇ,
1033 503 1144 563 οἷον
1166 511 1364 573 ειπεῖν,
1401 507 1543 561 κατά
1572 509 1708 574 Χρι-

1819 507 2060 560 ternitati
2105 515 2321 570 vestrae,
2365 521 2430 562 ac
2479 515 2787 574 reportata,
2838 515 2898 561 ut
2942 507 3017 562 ita
3058 507 3260 571 dicam,
3316 528 3397 564 se-

1669 592 1696 612 τ

97 607 246 658 στὸν
309 606 456 675 νίκῃ.
501 604 611 655 Καὶ
673 603 780 671 γὰρ
817 602 1143 672 νενικήκατε
1182 599 1273 653 τὸν
1335 600 1608 669 πονηρὸν,
1664 599 1709 651 ὦ

100 699 446 768 θαυμάσιοι,
494 696 590 749 καὶ
619 695 765 747 ἔνδον
789 693 876 746 διὰ
904 696 1004 763 τῆς
1038 693 1215 763 πάλης
1263 692 1372 746 τῶν
1403 690 1707 761 λογισμῶν,

102 793 213 843 καὶ⁸
263 790 428 850 ἐκτὸς
457 787 545 839 διὰ
595 788 694 856 τῆς
717 784 901 838 ἐνθέου
932 784 1213 854 ὑπομονῆς
1235 800 1251 815 ·
1288 787 1362 854 μὴ
1393 783 1713 854 κάμψαντες

102 884 252 947 γόνυ
292 880 374 952 τῷ
409 877 775 950 ὑπηρετοῦντι
814 875 1093 949 δράκοντι.
1141 875 1382 930 Ἐκείνου
1415 878 1525 947 γὰρ
1585 878 1712 949 ἀρι-

103 979 304 1045 δὴλως
375 974 651 1045 ὑπουργὸς
682 973 858 1039 Λέων,
886 972 916 1024 ὁ
944 971 1321 1040 παγκάκιστος
1356 971 1569 1024 ἐκείνου
1621 971 1712 1024 θεο

108 1068 434 1138 ραπευτὴς,
471 1069 498 1120 ὁ
528 1066 628 1134 τῆς
659 1068 864 1129 εἰκόνος
895 1063 1132 1133 Χριστοῦ
1180 1063 1462 1133 ὑϐριστὴς,
1495 1063 1587 1116 καὶ
1601 1062 1712 1117 τῶν

103 1161 294 1224 ἁγίων
324 1160 610 1228 φονευτής.
655 1158 954 1229 Ἐκάτερος
987 1159 1237 1228 ἑκατέρῳ
1284 1157 1656 1225 συμφωνήσας
1689 1171 1705 1188 °

106 1257 210 1308 καὶ
263 1254 542 1323 συνθήκην
573 1253 739 1322 ἄμφω
762 1251 1126 1322 ποιησάμενοι
1158 1249 1430 1320 περιελεῖν
1457 1249 1518 1301 τὸ
1538 1248 1712 1318 ὄνομα

97 1323 396 1415 Χριστοῦ.
424 1345 492 1397 δι’
541 1344 885 1412 ἀφαιρέσεως
910 1341 1001 1394 τοῦ
1055 1342 1202 1394 θείου
1257 1342 1354 1393 καὶ
1392 1358 1711 1413 προσκυνη-

109 1433 210 1486 τοῧ
249 1423 420 1486 αὑτοῦ
469 1433 838 1502 χαρακτῆρος.
887 1430 1040 1483 Ἐπεὶ
1087 1431 1161 1501 μὴ
1200 1431 1482 1500 πέφθακεν
1517 1433 1545 1484 ὁ
1588 1447 1712 1484 καις

113 1526 216 1595 ρὸς
268 1518 371 1594 τῆς
402 1524 662 1593 δευτέρας
708 1523 859 1586 Θείας
909 1525 1252 1592 ἐπιφανείας,
1307 1526 1391 1576 ἵνα
1437 1524 1712 1592 ὁλοφανῶς

111 1616 363 1686 Χριστὸς
389 1613 677 1686 ἀρνηθείη.
727 1614 866 1666 Ἀλλ’
899 1614 1190 1684 εὐλογητὸς
1232 1617 1260 1668 ό
1310 1615 1461 1679 Θεὸς,
1519 1615 1580 1677 ὃς
1617 1617 1713 1670 καὶ

109 1709 209 1761 τδν
248 1707 490 1774 διώκτην
509 1705 679 1759 ὤλεσε
713 1706 928 1777 θανάτῳ
961 1707 1275 1778 περιϐοήτῳ
1305 1708 1400 1758 καὶ
1450 1706 1712 1778 ἀξιολόγῳ

110 1800 218 1867 τῆς
252 1797 598 1861 ἀποστασίας
618 1813 630 1827 ·
665 1798 772 1850 ἔδει
802 1798 911 1870 γὰρ
948 1800 1040 1850 τὸν
1071 1798 1305 1867 τεμόντα
1329 1799 1390 1850 τὸ
1435 1799 1710 1868 κυριακὸν

115 1887 310 1957 σῶμα,
345 1887 488 1956 ξίφει
519 1887 950 1957 κατατμηθέντα
1001 1887 1310 1960 ἀπορρῆξαι
1369 1889 1467 1959 τὴν
1522 1889 1667 1960 ζωήν
1693 1906 1708 1922 ·
1744 1875 1785 1930 Β

118 1982 220 2032 καὶ
257 1981 405 2050 ὑμᾶς
453 1980 779 2048 στεφανίτας
824 1981 1132 2044 ἀναδείξας,
1194 1981 1350 2044 κλέος
1391 1985 1455 2050 τῇ
1515 1983 1709 2036 ἑαυτοῦ

128 2070 438 2142 Ἐκκλησία
469 2075 922 2144 περιεποιήσατο,
950 2076 1152 2147 ἀρετῆς
1205 2078 1467 2141 ἀλείπτας
1489 2095 1501 2108 ·
1564 2077 1712 2150 ἐρεί-

123 2177 278 2230 ματα
309 2159 577 2224 πίστεως,
606 2163 955 2234 ὲδραιώματα
1014 2166 1295 2236 ἀληθείας,
1337 2169 1713 2240 ὑποδείγματα

122 2253 448 2323 καρτερίας,
481 2252 558 2323 τῷ
581 2253 694 2306 sm
723 2255 1063 2325 καθηγητὰς,
1110 2258 1186 2320 ὡς
1255 2258 1475 2327 ἀληθῶς
1538 2277 1712 2329 μονα-

121 2344 281 2410 στάς,
327 2345 766 2416 ἀπεικονίσματα
785 2349 890 2402 τῶν
927 2351 1210 2420 μακαρίων
1232 2352 1454 2404 ἐκείνων
1481 2352 1574 2405 καὶ
1610 2353 1714 2407 πά-

120 2439 215 2491 λαι
264 2440 437 2507 ἁγίων
469 2457 482 2472 ·
524 2441 572 2492 οἱ
605 2442 661 2492 ἐν
698 2445 808 2505 τοῖς
838 2444 1041 2512 ὁμοίοις
1093 2444 1337 2512 ἀνδρικοὶ
1400 2445 1709 2514 γεγονότες,

121 2529 204 2599 τῷ
237 2530 539 2601 ἀμαράντῳ
591 2534 690 2601 τῆς
739 2533 1087 2600 δικαιοσύνης
1139 2538 1389 2606 στεφάνῳ
1481 2553 1713 2590 κατεκο-

128 2621 449 2691 σμήθησαν,
504 2623 822 2692 χορεύοντες
858 2625 1071 2679 αἰώνια.
1117 2627 1359 2681 Τοιούτοι
1390 2630 1567 2698 ὑμεῖς,
1619 2628 1713 2682 καὶ

127 2711 286 2780 ὑμῶν
311 2713 338 2764 ό
355 2711 573 2774 ἔπαινος
606 2714 907 2785 ὑπέρτερος
936 2716 1038 2785 τῆς
1064 2719 1204 2788 ἐμῆς
1223 2719 1515 2790 οὑδαμινῆς
1546 2719 1716 2788 γλώτ-

127 2819 266 2871 της·
311 2803 565 2856 τοσοῦτον
611 2806 667 2859 δὲ
714 2807 874 2876 μόνον
912 2809 1171 2880 ᾀδούσης,
1225 2811 1348 2863 ὅσον
1368 2813 1459 2865 τὸν
1517 2814 1712 2882 καιρὸν

128 2894 580 2962 ἀφοσιώσασθαι,
617 2899 711 2971 καὶ
744 2898 834 2950 τὸν
897 2900 1062 2953 πόθον
1105 2901 1466 2972 θεραπεῦσαι,
1518 2905 1614 2956 καὶ
1653 2904 1713 2957 τὸ

130 2988 351 3058 πνεῦμα
383 2989 838 3061 ἀναζωπυρῆσαι,
882 2995 960 3055 είς
991 2991 1225 3062 ἄληκτον
1251 2993 1432 3063 δέησιν
1469 2994 1564 3046 τοῦ
1591 2997 1711 3048 ἐπι-

138 3081 409 3150 κληθῆναι
438 3081 596 3147 Θεὸν,
629 3083 812 3135 τέλεον
841 3085 969 3154 ἡμῖν
996 3085 1053 3137 τὸ
1080 3086 1178 3154 τῆς
1227 3088 1450 3158 είρήνης
1509 3087 1713 3156 ἀγαθὸν

131 3170 492 3234 ἐξανατείλαι.
539 3174 733 3245 Ὁρᾶτε
769 3175 902 3247 γὰρ,
957 3169 1003 3228 ὧ
1054 3176 1368 3248 σεϐάσμιοι,
1437 3180 1584 3242 ὅπως
1632 3179 1711 3233 έτι

132 3264 506 3332 κραδαίνειτὰ
542 3266 868 3336 πράγματα.
905 3269 1143 3330 Δυνατὸς
1164 3270 1217 3322 δέ
1270 3271 1386 3322 ἐστι
1435 3274 1500 3342 τῇ
1560 3274 1704 3343 ἀρχῇ

132 3356 227 3406 καὶ
277 3356 338 3407 τὸ
369 3356 521 3419 τέλος
547 3357 721 3423 δεξιὸν
753 3360 1148 3427 συναναιράναι.
1199 3359 1467 3431 Εὔχεσθαι
1526 3379 1708 3432 παρα-

131 3446 367 3516 κλήθητε
424 3449 553 3519 περὶ
627 3449 726 3520 τῆς
803 3450 1185 3514 ταπεινώσεως
1263 3470 1386 3522 μου,
1465 3453 1715 3506 ἁεισέὸα-

135 3554 271 3593 στοι.

369 3651 490 3704 ΠΔ’.
519 3683 587 3693 —-
614 3653 888 3722 Θεοδώρῳ
915 3656 1250 3724 μονάζοντι.
1284 3656 1476 3730 [φκθ’.]

1814 599 2054 652 cundum
2091 597 2368 652 Christum
2402 597 2672 653 victoriae.
2711 597 3024 654 Daemonem
3065 600 3212 654 enim
3266 602 3398 654 viei-

1812 690 1949 756 stis,
2008 705 2042 744 o
2107 689 2209 744 viri
2272 689 2583 744 admirandi
2629 705 2645 745 :
2687 697 2803 744 tum
2847 691 2997 746 intus
3046 707 3142 761 per
3193 692 3396 747 Iuctsm

1813 780 2078 835 adversus
2129 780 2533 850 cogitationes:
2563 789 2681 834 tum
2728 767 2862 836 foris
2902 797 3002 851 per
3042 783 3396 837 tolerantiam

1813 872 1975 941 plane
2002 870 2266 933 divinam,
2319 885 2429 925 non
2472 871 2754 927 flectentes
2797 887 2938 943 genu
2985 888 3174 928 coram
3215 876 3363 929 admi

1814 963 1991 1015 nistro
2031 962 2204 1031 ipsius
2230 961 2497 1017 dracone.
2527 961 2655 1017 Fuit
2682 964 2828 1018 enim
2855 964 3003 1019 haud
3030 965 3195 1020 dubie
3235 967 3397 1020 mini-

1813 1063 1925 1108 ster
1975 1054 2121 1108 illius
2175 1053 2309 1117 Leo,
2366 1055 2458 1108 ille
2511 1055 2786 1124 pessimus
2844 1056 3020 1127 ipsius
3064 1058 3257 1121 cliens,
3307 1059 3400 1114 ille

1813 1145 2074 1216 imaginis
2101 1145 2308 1201 Christi
2350 1154 2714 1218 contemptor,
2746 1147 2840 1203 ille
2873 1158 3192 1204 sanctorum
3227 1149 3398 1203 inter-

1815 1239 2007 1292 feCtor.
2070 1236 2537 1307 Conspirantibus
2596 1242 2743 1295 enim
2813 1242 3050 1296 invicem
3107 1243 3396 1298 sententiis

1814 1330 1995 1387 foedus
2021 1333 2181 1386 ambo
2213 1333 2404 1396 iniere,
2441 1343 2498 1388 ut
2521 1332 2725 1389 Christi
2758 1349 2962 1390 nomen
3001 1350 3033 1390 e
3072 1336 3255 1390 medio
3291 1337 3396 1389 tol-

1813 1424 2012 1488 lerent,
2067 1425 2285 1479 sublata
2334 1426 2527 1495 utique
2573 1425 2758 1480 divina
2803 1436 2860 1481 et
2893 1428 3172 1482 adoranda
3223 1428 3398 1497 ipsius

1812 1515 2007 1587 efﬁgie.
2051 1515 2535 1572 Verumenimvero
2592 1518 2835 1573 nondum
2906 1526 3127 1588 tempus
3175 1519 3398 1572 advenit

1813 1609 2038 1664 secundi
2073 1609 2338 1663 adventus
2370 1608 2609 1675 Domini,
2656 1617 2716 1664 ut
2759 1611 2976 1680 penitus
3001 1609 3260 1665 Christus
3303 1626 3398 1663 ne-

1813 1709 1995 1768 getur.
2051 1699 2155 1754 Sed
2206 1699 2523 1756 benedictus
2564 1701 2729 1764 Deus,
2775 1711 2889 1755 tum
2939 1701 3034 1770 qui
3080 1711 3395 1756 vexatorem

1816 1794 2053 1864 perdidit
2101 1794 2425 1861 turpissimo
2476 1796 2627 1849 necis
2668 1809 2888 1863 genere,
2925 1809 3023 1860 pro
3067 1794 3396 1850 defectionis

1815 1903 1929 1943 suae
1957 1888 2166 1942 meritis
2193 1887 2461 1957 (Oportuit
2491 1888 2637 1942 enim
2673 1903 2797 1942 eum
2825 1889 2918 1958 qui
2951 1887 3168 1943 Domini
3193 1904 3395 1957 corpus

1813 1979 2056 2043 discidit,
2093 1979 2275 2049 gladio
2305 1981 2626 2034 intercisum
2657 1980 2825 2034 vitam
2868 1979 3240 2050 abrumpere),
3280 1989 3393 2032 tum

1814 2075 1907 2143 qui
1950 2088 2048 2127 vos
2084 2083 2138 2128 et
2169 2074 2404 2126 victores
2443 2072 2715 2137 exhibuit,
2767 2081 2823 2127 et
2871 2072 2925 2125 in
2969 2070 3232 2126 Ecclesiae
3281 2087 3398 2125 suae

1813 2162 1982 2217 decus
2014 2163 2271 2224 servavit,
2310 2163 2532 2216 virtutis
2561 2171 3018 2233 propugnatores,
3051 2161 3394 2214 firmamenta

1815 2254 1961 2317 fidei,
1997 2254 2361 2307 stabilimenta
2396 2254 2664 2319 veritatis,
2702 2254 3002 2322 specimina
3033 2251 3392 2315 fortitudinis.

1813 2363 1943 2402 vere
1973 2348 2284 2416 magistros,
2314 2362 2441 2402 vere
2482 2348 2807 2410 monachos,
2855 2345 3141 2400 beatorum
3173 2345 3392 2399 illorum

1815 2455 1878 2494 ac
1917 2441 2121 2493 veteris
2175 2440 2275 2492 arvi
2320 2448 2636 2492 sanctorum
2684 2437 2999 2508 imagines:
3031 2436 3126 2506 qui
3167 2437 3220 2489 in
3277 2438 3392 2506 pari

1814 2532 2116 2586 certamine
2167 2544 2292 2584 cum
2340 2539 2564 2585 strenue
2612 2545 2671 2584 se
2728 2529 3021 2600 gesserint,
3071 2530 3390 2598 incorrupta

1811 2624 2038 2694 iustitiae
2078 2636 2280 2676 corona
2315 2622 2566 2676 exornati
2608 2638 2892 2692 nunquam
2924 2624 3168 2677 desituro
3195 2623 3394 2692 gaudio

1816 2717 2198 2786 perfruuntur.
2234 2713 2395 2768 Tales
2428 2731 2552 2769 cum
2594 2715 2736 2780 sitis,
2771 2723 2950 2770 vestra
2996 2716 3115 2770 laus
3146 2725 3391 2771 nostram

1815 2810 2070 2878 exiguam
2107 2810 2158 2862 in
2204 2808 2440 2862 dicendo
2485 2807 2800 2862 facultatem
2850 2817 3071 2876 superat
3112 2817 3396 2862 :tantum-

1813 2918 1919 2972 que
1967 2915 2364 2963 commemoro,
2422 2908 2690 2968 quantum
2743 2898 2878 2952 satis
2925 2908 3009 2953 est
3059 2906 3118 2951 ut
3165 2897 3395 2967 tempori

1817 2993 2176 3056 satisfaciam,
2211 3001 2264 3043 et
2297 2990 2573 3044 desiderio
2599 2989 2969 3044 ohsecundem
2999 3007 3013 3043 :
3043 2996 3104 3043 ut
3146 2989 3390 3044 studium

1817 3082 2106 3135 incendam
2168 3080 2410 3133 assidua:
2461 3078 2841 3148 precationis,
2918 3079 2986 3133 ad
3048 3078 3393 3134 exorandum

1820 3174 2013 3239 Deum,
2041 3184 2101 3228 ut
2125 3173 2380 3243 perfecta:
2401 3173 2819 3240 tranquillitatis
2847 3172 2992 3226 bono
3023 3170 3394 3242 perfruamur.

1820 3264 2034 3318 Videtis
2064 3265 2233 3327 enim,
2279 3277 2313 3317 ο
2348 3263 2671 3327 venerandi,
2716 3262 3180 3332 quemadmodum
3217 3262 3398 3318 adhuc

1818 3373 1907 3413 res
1940 3357 2223 3411 ﬂuctuent.
2261 3355 2365 3411 Sed
2409 3365 2602 3426 potens
2645 3365 2729 3410 est
2773 3355 2917 3409 Deus
2949 3354 3196 3410 felicibus
3227 3355 3400 3411 initiis

1821 3452 2155 3520 conjungere
2183 3465 2506 3519 prosperum
2544 3449 2732 3504 ﬁnem.
2769 3447 2937 3504 Orare
2963 3463 3063 3518 pro
3090 3448 3400 3504 humilitate

1824 3560 1945 3597 mea
1982 3561 2048 3599 ne
2077 3545 2402 3613 gravemini,
2433 3559 2466 3596 o
2499 3557 2715 3612 semper
2739 3543 3057 3597 venerandi.

2089 3657 2381 3711 LXXXIV.
2410 3690 2478 3698 -—
2509 3658 2779 3712 Theodoro
2800 3659 3052 3712 monacho
3073 3659 3161 3730 (‘).

1083 3769 1160 3818 De
1189 3777 1354 3818 sancta
1382 3769 1615 3833 imagine.
1653 3771 1821 3822 Basilii
1843 3774 2026 3822 dictum
2062 3776 2443 3834 interpretatur.

218 3867 360 3935 Ἐγώ
395 3885 487 3922 σου
523 3868 623 3938 τὴν
675 3869 987 3925 θεοσέϐειαν
1045 3875 1416 3942 παρεκάλεσα,
1453 3879 1563 3930 τῶν
1589 3881 1710 3931 κατ’

133 3960 273 4030 ἐμοῦ
327 3962 617 4030 ἐγκωμίων
666 3963 973 4032 ἀφέμενον,
1036 3964 1238 4034 μᾶλλον
1297 3969 1709 4038 προσεύχεσθαι,

140 4053 216 4122 μὴ
263 4053 438 4120 πάντη
479 4070 544 4121 με
595 4052 734 4104 Θεοῦ
763 4054 1296 4123 ἀπομακρύνεσθαι’
1354 4059 1557 4120 καὺτὸς
1609 4060 1710 4111 οὐκ

134 4143 232 4197 οἷδ’
261 4144 379 4197 ὅθεν
407 4143 727 4214 φερόμενος,
775 4148 854 4207 εἰς
883 4146 1104 4214 μείζους
1133 4147 1370 4217 ἐξήφθης
1399 4150 1588 4217 λόγους
1619 4152 1707 4203 αί-

134 4242 350 4301 νέσεως.
391 4241 482 4306 Μὴ
504 4239 662 4300 οὑτω,
695 4241 895 4311 Πάτερ,
941 4244 1224 4312 μηδαμῶς.
1277 4245 1348 4296 Ἦ
1391 4245 1492 4297 οὑκ
1551 4241 1708 4299 οἶσθα

133 4333 217 4383 ὅτι
239 4330 537 4400 ἀνθρώπων
571 4331 825 4384 ἁπάντων
841 4336 950 4401 ἐγὼ
979 4335 1180 4396 ότάλας
1215 4337 1703 4407 ἀμαρτωλότερος;

138 4424 244 4475 κᾶν
274 4425 370 4475 οὑκ
400 4419 497 4475 οἷδ’
539 4423 688 4486 ὅπως
743 4424 880 4476 ἐλέει
944 4425 1079 4478 Θεοῦ
1125 4428 1205 4490 είς
1256 4429 1503 4499 φυλακὴν
1539 4430 1703 4484 αὑτοῦ

1880 3881 2072 3934 Pietati
2110 3894 2213 3936 tua:
2257 3891 2450 3933 auctor
2483 3877 2694 3941 exstiti,
2729 3886 2789 3930 ut
2827 3876 3082 3931 laudibus
3125 3875 3262 3930 meis
3305 3893 3392 3931 sn-

1809 3971 2128 4036 persedens,
2184 3969 2440 4022 fnnderes
2488 3967 2668 4035 potius
2717 3980 2815 4034 pro
2861 3981 2948 4018 me
2983 3981 3196 4034 preces,
3249 3982 3314 4021 ne
3363 3984 3390 4019 a

1811 4061 1923 4114 Deo
1962 4061 2137 4130 magis
2185 4071 2400 4113 avertar
2432 4077 2445 4112 :
2479 4071 2534 4114 tn
2571 4074 2702 4113 vero
2736 4059 2927 4112 nescio
2971 4073 3076 4128 qua
3120 4058 3393 4128 impulsus

1810 4157 2022 4208 rati0ne
2072 4154 2126 4207 in
2173 4155 2461 4208 uberiores
2511 4153 2686 4206 multo
2728 4152 2961 4222 erupisti
2992 4153 3199 4206 laudes.
3241 4152 3392 4206 Mitte

1814 4249 2038 4302 omnino
2082 4249 2162 4302 sic
2208 4263 2393 4317 agere,
2427 4247 2605 4300 Pater.
2637 4245 2720 4298 An
2777 4245 2956 4298 nescis
2999 4244 3262 4298 miserum
3302 4260 3391 4298 me

1821 4340 2139 4394 mortalium
2209 4340 2456 4391 omnium
2521 4338 2760 4390 maxime
2818 4351 2942 4390 esse
2995 4337 3238 4405 peccatis
3290 4336 3387 4390 ob-

1812 4429 2077 4484 noxium?
2124 4429 2451 4498 Quanquam
2504 4427 2693 4482 nescio
2725 4442 2832 4495 qua
2872 4425 2964 4481 Dei
3012 4425 3384 4480 misericordia

135 4515 370 4584 ἡξίωμαι
407 4515 689 4568 διατελεῖν.
731 4517 822 4568 Διὸ
851 4518 944 4570 καὶ
977 4518 1148 4581 δέδια,
1177 4522 1373 4588 μήπως
1406 4523 1705 4592 ἐπισκεψά-

1814 4519 1916 4573 sub
1949 4520 2067 4588 ejus
2096 4522 2264 4572 t'utela
2302 4519 2666 4588 praesidioque
2710 4532 2926 4586 semper
2957 4533 3078 4570 sum
3113 4526 3381 4571 versatus.

142 4623 300 4674 μενος
340 4609 396 4657 ὲν
425 4606 502 4676 τῷ
535 4607 841 4679 τελουμένῳ
873 4609 1253 4682 ὁμολογητικῴ
1283 4615 1465 4680 γάμῳ,
1497 4615 1593 4666 ἴδοι
1639 4632 1706 4683 με

139 4715 240 4749 ουκ
287 4697 636 4766 ἐνδεδυμένον
669 4699 874 4767 ἔνδυμα
920 4700 1124 4769 γάμου,
1155 4701 1250 4753 εἴτ’
1275 4699 1366 4755 οὖν
1405 4705 1710 4776 καθαρότη-

141 4805 230 4850 τος
269 4805 279 4816 ·
314 4791 403 4841 καὶ
425 4789 567 4841 εἴποι
600 4792 710 4853 τοῖς
743 4791 1054 4858 ὑπηρέταις
1091 4794 1373 4862 ἀγγέλοιςο
1403 4795 1710 4863 Δήσαντες

138 4879 325 4933 αὑτοῦ
361 4879 559 4947 χεῖρας
608 4881 706 4933 καὶ
755 4881 968 4947 πόδας,
1020 4885 1300 4939 ἐκϐάλετε
1352 4889 1559 4954 αὑτὸν,
1611 4888 1708 4942 καί

149 4969 432 5038 epod/lere
477 4974 562 5036 εις
602 4971 667 5022 τὸ
713 4974 932 5039 σκότος
976 4977 1040 5027 τὸ
1084 4977 1392 5046 ἐξώτερον·
1428 4980 1503 5041 ὼς
1556 4997 1702 5049 παρ-

142 5062 419 5132 ενεὶραντα
443 5062 636 5115 ἑαυτὸν
655 5063 885 5127 ἀναξίως
914 5069 1022 5129 τοῖς
1039 5070 1392 5140 ὁμολογηταῖς
1412 5075 1703 5142 μου.’Ὡστε

143 5158 292 5210 τοῦτο
318 5157 494 5220 εἰδὼς,
531 5157 684 5211 κλαῖέ
717 5175 782 5227 με
819 5158 1041 5227 μᾶλλον,
1091 5162 1292 5232 Πάτερ,
1330 5167 1424 5217 καὶ
1478 5166 1707 5236 προσεύ-

142 5267 257 5320 χου,
303 5248 372 5318 μὴ
401 5249 558 5301 τοῦτό
591 5267 680 5318 μοι
709 5252 1009 5320 συμὸῆναι.
1066 5253 1174 5306 Καὶ
1240 5249 1340 5308 ὧδε
1383 5257 1478 5327 μὲν
1508 5258 1699 5311 ταῦτα.

145 5343 274 5411 Περὶ
304 5343 356 5394 δὲ
390 5343 481 5396 τοῦ
505 5345 607 5396 Διὰ
634 5343 724 5394 καὶ
759 5342 892 5395 Ἀνὰ
927 5345 1029 5397 ὑπὸ
1045 5346 1136 5398 τοῦ
1161 5349 1394 5416 μεγάλου
1423 5349 1702 5403 Βασιλείου

141 5437 452 5504 εἰρημένων,
476 5435 720 5506 δηλονότι
753 5436 812 5487 ὲν
837 5439 903 5506 τῇ
928 5440 1120 5508 χρήσει
1151 5441 1418 5508 κειμένων
1446 5441 1555 5493 τῶν
1579 5459 1710 5512 προ-

143 5527 328 5578 θέσεων
353 5527 452 5598 τῆς
485 5526 694 5589 εἰκόνος
721 5542 733 5555 '
767 5526 867 5597 οὐχ
899 5529 1005 5580 ὑπὸ
1061 5529 1156 5582 τοῦ
1208 5532 1366 5599 ἁγίου
1426 5532 1572 5584 δοκεῖ
1618 5550 1709 5602 μοι

141 5618 501 5689 ἑκςωνηθῆναι
531 5618 626 5671 καὶ
654 5615 827 5680 οὕτως
864 5617 956 5672 καὶ
986 5616 1178 5683 οὕτως,
1197 5620 1310 5673 ἀλλ’
1329 5621 1390 5673 ἐκ
1425 5638 1697 5690 μεταγραο

212 5739 251 5770 ³⁸
269 5737 453 5793 Matth.
488 5753 646 5799 χχιιι,
687 5737 772 5794 15,

241 5858 298 5918 (⁸)
331 5853 668 5906 Doutnalit'a.

1809 4612 2175 4679 Quamobrem
2213 4629 2408 4667 vereor
2431 4628 2521 4678 ne,
2543 4627 2668 4666 cum
2702 4612 3004 4666 visitaverit
3033 4611 3086 4664 in
3119 4627 3347 4666 consum
3367 4645 3383 4655 ο

1811 4707 1972 4758 matis
2011 4703 2381 4759 confessionis
2429 4703 2657 4773 nuptiis,
2698 4703 2879 4756 videat
2922 4718 3007 4755 me
3062 4718 3172 4756 non
3221 4703 3384 4757 indu-

1811 4805 1924 4850 tum
1959 4807 2107 4849 veste
2139 4800 2477 4864 nuptiarum,
2525 4795 2628 4847 hoc
2662 4804 2748 4848 est
2781 4796 3042 4863 puritatis
3089 4810 3104 4846 :
3141 4795 3384 4863 angelis-

1807 4903 1914 4958 que
1942 4887 2280 4942 administris
2321 4887 2466 4938 dicat
2497 4903 2510 4937 :
2536 4885 2745 4955 Ligatis
2786 4886 3030 4938 manibus
3067 4895 3114 4939 et
3163 4887 3381 4952 pedibus

1809 4978 1948 5046 ejus,
1972 4979 2166 5029 mittite
2187 4993 2306 5029 cum
2332 4987 2379 5028 et
2398 4977 2642 5044 projicite
2660 4979 2714 5028 in
2736 4978 2973 5029 tenebras
2997 4978 3282 5030 exteriores
3299 4978 3343 5007 ⁸³
3368 4998 3381 5043 ;

1810 5073 2012 5140 quippe
2043 5071 2135 5138 qui
2168 5086 2226 5122 se
2269 5079 2473 5122 tenuere
2521 5069 2934 5122 coM‘essoribus
2965 5067 3102 5123 meis
3132 5069 3384 5122 inserue-

1810 5165 1900 5216 rit.
1938 5162 2305 5229 Quamobrem
2355 5161 2459 5214 hoc
2501 5175 2625 5214 cum
2653 5160 2822 5229 probe
2872 5161 3040 5223 scias,
3081 5174 3168 5213 me
3203 5159 3384 5228 potius

1810 5253 1969 5317 deﬂe,
2011 5251 2192 5316 Pater,
2233 5260 2288 5305 et
2331 5266 2399 5304 ne
2445 5251 2590 5306 istud
2632 5251 2764 5305 milii
2793 5251 3032 5317 eveniat,
3064 5251 3380 5320 deprecare.

1813 5345 1920 5402 Sed
1965 5346 2030 5399 de
2065 5345 2148 5398 his
2184 5350 2473 5397 hactenus.
2502 5343 2578 5398 De
2629 5343 2838 5398 voculis
2870 5354 3051 5399 autem
3081 5344 3169 5396 διὰ
3192 5353 3246 5398 et
3275 5346 3382 5397 ἀνὰ

1809 5441 1981 5508 (trans
2004 5447 2059 5491 et
2090 5437 2180 5505 ad)
2205 5451 2344 5503 quas
2371 5434 2606 5489 Basilius
2633 5434 2860 5506 Magnus
2894 5436 3198 5506 usurpavit,
3228 5435 3382 5489 vide-

1808 5529 1938 5585 licet
1989 5530 2044 5583 in
2095 5527 2380 5598 proposito
2433 5527 2501 5581 de
2553 5527 2789 5596 imagine
2849 5538 3171 5597 argumento
3212 5543 3227 5580 :
3269 5540 3379 5579 non

1812 5621 1942 5677 mihi
1998 5621 2253 5674 videntur
2282 5634 2310 5672 a
2340 5629 2532 5674 sancto
2557 5628 2613 5674 et
2654 5621 2764 5674 lia-c
2803 5630 2854 5674 et
2888 5620 2976 5674 illa
3009 5622 3254 5690 prolatae,
3285 5618 3380 5673 sed
