3964 6320
604 359 737 422 1327

1794 362 1853 420 S.
1890 362 1991 420 ΤΗ
2002 359 2283 421 EODORI
2319 363 2669 425 STUDiT/E

3758 374 3887 436 1323

603 471 965 527 exscribentis
1011 482 1254 527 erratum
1310 473 1455 528 istud
1503 484 1586 527 est
1622 493 1633 526 ι
1668 489 1981 544 quanquam
2030 474 2168 527 idem

2281 476 2386 545 φῆς
2400 476 2461 527 τὸ
2488 478 2708 547 σφάλμα
2731 495 2742 507 ο
2766 477 2905 547 πλὴν
2932 480 3009 541 εἰς
3029 480 3223 531 ταυτὸν
3244 481 3403 552 φέρει
3426 482 3529 535 τὸν
3544 484 3685 537 νοῦν
3717 489 3886 557 ἀμεί-

598 563 885 619 ambarum
925 572 1009 617 est
1038 564 1371 619 intellectus.
1406 565 1651 635 Exempli
1695 580 1883 631 causa,
1922 567 2175 637 imaginis

599 658 776 711 honor
814 657 882 710 ad
912 665 1265 728 prototypum
1314 657 1561 711 ascendit
1591 677 1605 712 :
1634 658 1797 727 idque
1838 673 2028 714 verum
2070 668 2175 723 est,

598 756 714 802 tum
751 749 806 802 in
837 748 1077 817 imagine
1119 748 1381 808 naturali.
1427 758 1541 803 tttm
1578 750 1631 803 in
1666 766 1729 805 ea
1755 765 1878 821 qua!
1928 760 2015 807 est
2059 763 2176 808 arte

595 838 738 895 facta
771 857 786 895 :
814 840 955 895 nihil
981 841 1127 896 aliud
1162 840 1505 910 signiﬁcante
1536 858 1790 908 ascensu,
1821 860 1989 914 quam
2016 860 2174 899 eum-

594 932 719 987 dem
748 948 871 989 esse
897 935 955 989 in
990 944 1109 991 arte
1136 935 1297 991 factis
1332 936 1619 1003 honorem,
1651 947 1851 1007 praeter
1875 940 2174 995 discrimen

596 1025 923 1081 substantiae
953 1045 968 1081 :
1008 1026 1062 1081 in
1108 1029 1458 1082 naturalibus
1486 1043 1638 1094 vero,
1669 1029 1831 1083 etiam
1872 1031 2173 1084 secundum

593 1117 829 1173 similem
893 1120 1183 1174 amborum
1244 1121 1636 1176 substantiam.
1701 1120 1993 1178 Enimvero
2057 1125 2173 1193 ipsa

592 1211 799 1267 veritas
825 1212 968 1268 dixit
1001 1231 1015 1267 :
1048 1212 1149 1278 Qui
1184 1231 1273 1267 vos
1318 1216 1539 1282 spernit,
1573 1231 1652 1267 me
1686 1217 1885 1283 spernit
1917 1230 1936 1267 :
1964 1216 2052 1284 qui
2084 1233 2176 1269 au-

596 1314 698 1356 tem
742 1319 824 1357 me
857 1306 1077 1373 spernit.
1122 1306 1322 1373 spernit
1352 1320 1470 1357 eum
1499 1305 1587 1372 qui
1622 1304 1764 1357 misit
1796 1320 1876 1356 me
1896 1304 1963 1357 “.
2001 1302 2173 1357 Natu-

592 1396 726 1451 ralis
770 1397 963 1467 utique
1002 1395 1095 1452 Dei
1139 1407 1194 1453 et
1226 1396 1401 1451 Patris
1454 1397 1633 1465 imago
1674 1406 1759 1451 est
1803 1395 1975 1450 Filius
2014 1407 2173 1451 :arte

590 1487 733 1543 facta
775 1505 906 1544 vero
936 1489 1056 1544 Filii
1090 1489 1553 1559 quemadmodum
1604 1500 1660 1543 et
1693 1489 1891 1554 Patris,
1927 1505 2028 1544 nos
2076 1506 2171 1544 su-

592 1597 736 1644 mus,
798 1581 906 1636 hoc
963 1590 1069 1646 est,
1132 1579 1345 1636 factitia
1378 1597 1393 1634 :
1428 1579 1590 1633 ﬁctor
1650 1582 1796 1634 enim
1847 1588 1902 1633 et
1966 1579 2171 1634 artifex

589 1673 840 1727 omnium
876 1673 1020 1727 Deus
1054 1688 1187 1728 sane
1219 1672 1548 1742 appelletur.

658 1766 935 1821 lntellexit
964 1775 1147 1821 autem
1178 1774 1405 1820 sanctus
1433 1765 1670 1819 Basilius
1700 1774 1817 1819 arte
1853 1763 2085 1831 factum,
2115 1767 2168 1820 in

2284 583 2437 637 τερα.
2468 562 2593 622 Οίον
2622 588 2640 620 t
2664 568 2727 622 Ἡ
2755 570 2852 641 τῆς
2879 573 3088 635 εἰκόνος
3116 574 3251 643 τιμὴ
3282 575 3377 627 ἐπὶ
3409 576 3476 629 τὸ
3516 579 3881 647 πρωτότυποι

2284 659 2568 713 ἀναϐαίνει
2587 676 2633 713 ⁸»
2655 663 2749 717 καὶ
2781 662 2980 734 ἀληθὲς
3007 663 3168 717 τοῦτο
3192 667 3288 718 καὶ
3321 666 3421 718 ἐπὶ
3452 670 3719 740 φυσικῆς
3751 676 3883 725 cirri.

2284 768 2393 813 νος,
2414 752 2573 805 τοῦτο
2598 754 2692 805 καὶ
2730 756 2823 806 ἐπὶ
2844 755 3113 825 τεχνητῆς
3144 772 3159 788 ⁸
3192 757 3293 825 τῆς
3339 759 3691 823 ἀναϐάσεως
3741 765 3883 816 οὐδὲν

2282 841 2411 894 ἄλλο
2449 842 2737 912 δηλούσης,
2773 844 2805 899 ἦ
2834 844 2917 896 ὅτι
2947 846 2977 913 ἡ
3010 845 3148 916 αὐτή
3175 846 3290 898 ἐστι
3317 846 3455 917 τιμὴ
3491 851 3663 918 παρὰ
3704 850 3771 901 τὸ
3798 856 3885 916 τῆς

2281 934 2470 997 οὐσίας
2496 935 2755 1005 διάφορον
2779 936 2874 988 ἐπὶ
2900 936 3010 988 τῶν
3047 938 3326 1007 τεχνητιῖΝ
3350 954 3364 968 ·
3401 941 3500 992 ἐπὶ
3533 940 3597 993 δὲ
3623 943 3747 994 τῶν
3800 962 3886 1010 φιν

2285 1028 2471 1089 σικῶν,
2504 1029 2599 1081 καὶ
2637 1028 2778 1082 κατὰ
2818 1029 2878 1081 τὸ
2909 1030 3010 1097 τῆς
3064 1031 3254 1092 οὐσίας
3280 1031 3483 1085 ταυτὸν
3512 1034 3759 1103 ἀμφοῖν.
3787 1036 3885 1087 Καὶ

2283 1118 2413 1184 γοῦν
2436 1118 2574 1187 αὑτὴ
2603 1119 2634 1186 ἡ
2668 1118 2902 1189 ἀλήθεια
2953 1120 3174 1190 εἴρηκεν
3200 1137 3214 1149 ·
3280 1120 3335 1172 Ὀ
3400 1122 3652 1176 ἀθετῶν
3709 1123 3883 1193 ὑμᾶς,

2280 1210 2385 1278 ἐμὲ
2412 1210 2608 1265 ἀθετεῖ
2636 1228 2650 1241 ο
2704 1212 2804 1264 καὶ
2840 1215 2873 1265 ὁ
2900 1211 3005 1279 ἐμὲ
3029 1211 3272 1277 ἀθετῶν,
3313 1213 3523 1267 ἀθετεῖ
3573 1217 3695 1269 τὸν
3747 1217 3883 1286 πέμ-

2280 1303 2483 1371 ψαντὰ
2505 1320 2601 1372 με.
2633 1304 2841 1374 Φυσικὴ
2864 1301 2958 1356 οὖν
2980 1305 3073 1356 τοῦ
3101 1300 3239 1357 Θεοῦ
3270 1306 3365 1358 καὶ
3428 1307 3661 1375 Πατρὸς
3724 1312 3882 1362 εἰκὼν

2280 1398 2307 1448 6
2343 1396 2473 1458 Υἱός
2497 1412 2510 1426 °
2538 1395 2767 1465 τεχνητὴ
2797 1395 2854 1447 δὲ
2867 1395 2959 1447 τοῦ
2979 1395 3127 1454 Υἱοῦ.
3147 1396 3337 1466 ὥσπερ
3371 1398 3472 1449 καὶ
3505 1398 3608 1450 τοῦ
3640 1401 3878 1471 Πατρὸς,

2281 1489 2461 1555 ἡμεῖς,
2494 1487 2660 1557 ἧγουν
2700 1489 2956 1556 ποιητική
2983 1506 2995 1517 ’
3025 1491 3118 1550 καὶ
3151 1489 3383 1559 ποιητὴς
3411 1489 3527 1558 γὰρ
3573 1492 3675 1542 καὶ
3702 1495 3879 1561 τεχνί-

2279 1595 2379 1648 της
2409 1579 2517 1631 τῶν
2545 1579 2803 1633 ἁπάντων
2828 1579 3037 1646 λέγοιτο
3062 1579 3218 1643 Θεός.

2349 1758 2623 1831 Εῐληπται
2661 1760 2717 1813 δὲ
2738 1759 2816 1829 τῷ
2848 1759 2991 1830 ἁγίῳ
3016 1758 3287 1828 Βασιλείῳ
3314 1758 3377 1810 τὸ
3428 1758 3733 1829 τεχνητὸν,
3789 1760 3873 1811 ἐπὶ

612 1859 925 1928 maginibus
950 1873 1075 1929 qua:
1100 1868 1231 1913 sunt
1268 1858 1324 1913 in
1354 1858 1561 1913 tabulis
1596 1858 1756 1927 picta:
1786 1875 1801 1913 :
1833 1867 1889 1912 et
1922 1858 2064 1913 idem
2104 1859 2168 1912 de

2277 1852 2383 1904 τῶν
2417 1854 2474 1904 ὲν
2501 1852 2718 1917 πίναξιν
2749 1853 2971 1905 εἰκόνιον
3006 1867 3018 1879 ·
3065 1852 3161 1904 καὶ
3215 1850 3413 1903 ταυτὸν
3468 1852 3628 1920 ἡμᾶς
3686 1851 3873 1904 λαὸεἰν

590 1950 751 2006 nobis
788 1950 885 2020 qui
915 1951 982 2005 ad
1015 1950 1309 2022 imaginem
1340 1948 1433 2006 Dei
1474 1950 1683 2004 conditi
1721 1965 1937 2013 sumus.
1970 1950 2186 2026 intellio.

588 2059 716 2114 gere
758 2052 863 2110 est,
903 2053 961 2098 et
990 2058 1108 2098 eam
1164 2058 1332 2113 quam
1381 2058 1484 2097 nos
1530 2042 1633 2111 ipsi
1683 2043 1739 2097 in
1789 2043 1973 2098 tabula
2012 2044 2171 2097 ﬁnxi-

590 2152 714 2192 mus
745 2135 1042 2206 imaginem
1071 2135 1127 2189 in
1161 2144 1279 2189 arte
1310 2134 1468 2189 factis
1499 2148 1747 2190 censere.
1776 2133 1949 2205 Magis
1984 2144 2166 2189 autem

588 2242 653 2282 ac
696 2227 880 2283 verius
911 2235 1101 2281 nostra
1145 2224 1351 2295 efﬁgies
1390 2240 1561 2279 unum
1597 2232 1652 2279 et
1681 2224 1823 2278 idem
1871 2233 1957 2280 est
1984 2225 2172 2278 nobis-

586 2335 714 2373 cum
766 2318 821 2372 in
884 2317 1247 2372 similitudine
1303 2314 1794 2387 (quemadmodum
1855 2325 1910 2369 et
1966 2314 2169 2385 elﬁgies

586 2411 796 2465 Christi
822 2426 947 2465 cum
978 2409 1123 2479 ipso)
1154 2425 1317 2479 quam
1349 2419 1538 2463 nostra
1569 2424 1696 2464 eum
1735 2408 1843 2462 Deo
1875 2427 1889 2462 :
1921 2408 2169 2478 quando-

587 2503 812 2575 quidem
838 2503 985 2558 Deus
1010 2512 1065 2557 et
1092 2503 1341 2557 homines
1373 2502 1589 2557 intinito
1618 2503 1826 2557 distant
1856 2502 2165 2556 intervallo.

589 2595 725 2649 Nam
760 2595 853 2649 ille
888 2594 1187 2659 increatus,
1222 2594 1827 2662 incomprehensibilis,
1870 2594 2165 2647 incircum-

597 2688 859 2757 scriptus,
908 2694 962 2741 ει
991 2701 1115 2757 qua:
1161 2693 1292 2741 sunt
1337 2684 1583 2754 ejusdem
1625 2686 1885 2755 generis:
1921 2687 2170 2740 homines

586 2798 718 2838 vero
772 2797 860 2837 res
910 2791 1117 2847 creata,
1171 2796 1394 2849 corpus,
1442 2779 1910 2848 circumscriptio,
1950 2788 2006 2833 et
2046 2793 2171 2847 quae

586 2885 719 2931 sunt
742 2875 955 2931 ordinis
978 2875 1249 2944 ejusdem.
1284 2873 1459 2927 Homo
1486 2882 1667 2926 autem
1697 2883 1751 2927 et
1780 2874 1961 2942 imago
1996 2872 2169 2924 homi-

586 2969 698 3033 nis,
734 2976 1033 3038 utrumque
1077 2976 1325 3023 creatum
1360 2983 1373 3020 :
1403 2981 1718 3035 quanquam
1752 2973 1839 3020 est
1880 2965 2170 3033 utriusque

586 3060 665 3114 rei
693 3069 891 3114 creatae
919 3059 972 3112 in
996 3058 1303 3113 substantia
1330 3058 1651 3111 discrimen.
1681 3056 1774 3111 Est
1801 3056 1991 3125 utique
2025 3058 2169 3126 quod

585 3153 654 3207 de
683 3152 960 3222 proposita
994 3166 1022 3203 a
1053 3161 1104 3205 te
1142 3150 1445 3218 quaestione
1477 3148 1769 3218 gaudeam.
1807 3148 1987 3202 Patuit
2016 3149 2166 3202 enim
2198 3176 2240 3232 ο

586 3244 714 3300 inde
755 3243 914 3298 nobis
961 3258 1028 3297 ex
1079 3243 1199 3312 ipso
1250 3242 1439 3296 divino
1476 3241 1724 3305 oraculo,
1768 3250 1951 3305 spreta
1992 3241 2168 3308 ipsius

584 3337 824 3408 imagine
850 3337 1029 3406 ipsum
1064 3336 1249 3405 sperni
1287 3353 1300 3388 :
1336 3344 1522 3404 Spreta
1553 3341 1735 3387 autem
1778 3335 1896 3401 ipso
1917 3332 2166 3395 Christo,

584 3430 776 3501 sperni
816 3427 1034 3484 Patrem
1066 3430 1159 3499 qui
1206 3429 1359 3482 misit
1389 3428 1567 3496 ipsum
1602 3445 1614 3479 ε
1651 3440 1714 3479 ac
1744 3424 2167 3493 deprehendun-

582 3530 675 3574 tur
706 3518 1054 3575 lconomachi
1107 3535 1213 3573 non
1267 3528 1555 3587 negatores
1581 3516 1787 3571 Christi
1837 3516 2022 3576 modo.
2071 3517 2164 3571 sed

582 3623 639 3667 et
671 3622 754 3666 ter
796 3623 1106 3682 negatores.
1164 3610 1282 3667 Jam
1336 3609 1482 3679 quod
1544 3609 1611 3662 ad
1666 3623 1855 3662 vocem
1899 3608 2166 3661 διαὸαίνει

586 3705 830 3773 (transit)
862 3703 1053 3758 eodem
1086 3702 1278 3757 recidit
1302 3711 1354 3755 et
1381 3702 1647 3754 transitus
1679 3709 1732 3754 et
1762 3716 2043 3755 ascensos.
2081 3702 2168 3754 Ait

587 3794 891 3849 Dominus:
915 3793 1155 3846 Ascendo
1182 3791 1253 3845 ad
1284 3790 1502 3843 Patrem
1528 3790 1783 3844 meum".
1817 3789 1881 3843 Et
1914 3789 2161 3862 Moyses:

590 3883 872 3939 Transiens
920 3883 1098 3938 videbo
1121 3884 1191 3937 ³⁸.
1234 3881 1539 3936 Amhorum
1590 3882 1789 3937 similis
1830 3894 2012 3937 motus
2059 3893 2162 3950 est,

587 3992 762 4047 neque
813 3977 953 4030 alter
1003 3976 1235 4030 alterum
1291 3974 1597 4029 orbiculata
1641 3973 1725 4027 vel
1779 3974 1946 4027 tortili
1989 3973 2162 4042 ﬁgura

589 4079 947 4141 repmsentat
974 4089 988 4124 :
1020 4070 1115 4124 sed
1147 4068 1422 4139 quidquid
1463 4076 1549 4122 est
1590 4066 1952 4127 discriminis,
1983 4067 2163 4134 quoad

584 4163 754 4217 situm
801 4169 906 4224 est,
951 4176 1059 4216 non
1090 4162 1269 4231 quoad
1317 4159 1719 4215 habitudinem.
1754 4157 1968 4225 Septem
2014 4158 2160 4211 enim

584 4251 740 4307 aidttt
792 4268 915 4308 esse
966 4263 1170 4307 motus.
1217 4254 1500 4307 Ascensus
1545 4258 1755 4314 autem,
1811 4259 1868 4302 ut
1901 4259 1955 4302 et
1989 4248 2161 4318 ﬁgura

585 4358 698 4398 rem
770 4343 1100 4407 exhibeam,
1161 4343 1241 4397 sic
1289 4357 1349 4396 se
1406 4341 1567 4395 habet
1694 4339 2005 4395 :transitus
2058 4341 2164 4395 hoe

582 4444 745 4503 pacto
772 4462 948 4475 ---——
982 4472 996 4485 .
1026 4433 1327 4486 Amborum
1359 4431 1543 4500 igitur,
1589 4440 1648 4484 ut
1676 4431 1881 4486 dictum
1920 4440 2025 4494 est,
2066 4448 2166 4501 par

2273 1945 2400 2006 τοὺς
2438 1944 2560 1996 κατ’
2591 1943 2777 1995 εἰκόνα
2803 1941 2941 1994 θεοῦ
2973 1942 3291 2009 γεγονότας,
3323 1942 3417 1994 καὶ
3442 1942 3549 2009 τὴν
3586 1943 3653 1994 ἐν
3688 1942 3870 1995 πίνακι

2272 2032 2360 2103 ὑφ’
2384 2034 2539 2103 ἡμῶν
2568 2034 3051 2102 τεχνουργημένην
3098 2032 3285 2084 εἰκόνα
3330 2032 3425 2083 ἐπὶ
3444 2032 3545 2083 τοῦ
3574 2034 3868 2103 τεχνητοῦ.

2272 2126 2382 2179 Καὶ
2413 2126 2613 2196 μᾶλλον
2641 2126 2837 2195 ἔγγυος
2878 2124 3177 2195 ταυτισμὺς
3200 2124 3293 2176 ὲπὶ
3323 2122 3414 2175 τοῦ
3441 2123 3571 2175 καθ’
3606 2124 3869 2193 ὁμοίωσιν

2271 2222 2299 2272 ὁ
2327 2219 2597 2290 ἡμέτερος
2626 2217 2914 2289 χαρακτὴρ
2942 2218 3077 2288 πρὸς
3120 2219 3286 2289 ἡμᾶς,
3322 2214 3518 2287 ὥσπερ
3555 2218 3658 2268 καὶ
3684 2219 3714 2269 ὁ
3740 2218 3865 2286 Χρια

2274 2312 2401 2365 στοῦ
2434 2311 2571 2382 πρὸς
2602 2312 2789 2373 αὐτὸν,
2828 2312 2863 2382 ἢ
2892 2313 2919 2363 ὀ
2951 2311 3222 2380 ἡμέτερος
3258 2310 3395 2379 πρὸς
3442 2309 3581 2361 Θεόν
3604 2325 3621 2340 ο
3678 2310 3867 2378 ὲῇιδὴ

2271 2404 2405 2456 (ι)εοῦ
2440 2404 2533 2456 καὶ
2556 2402 2859 2475 ἀνθρώπων
2882 2403 2943 2455 τὸ
2962 2403 3124 2472 μέσον
3145 2402 3386 2473 ἄπειρον·
3416 2400 3501 2454 ὅτι
3518 2402 3548 2452 ὁ
3578 2399 3687 2468 μὲν
3718 2400 3867 2453 ἄκτι-

2276 2510 2418 2558 στος,
2448 2493 2843 2566 ἀπερίληπτος,
2871 2493 3305 2564 ἀπερίγραπτος,
3330 2492 3424 2544 καὶ
3479 2492 3587 2545 ὅσα
3630 2491 3740 2560 τῆς
3775 2494 3864 2545 αὺ-

2272 2588 2368 2655 τῆς
2402 2587 2743 2655 συστοιχείας
2768 2603 2781 2616 ο
2812 2586 3094 2657 ἄνθρωποι
3116 2586 3173 2638 δὲ
3200 2586 3429 2655 κτίσμα,
3484 2583 3681 2653 σῶμα,
3717 2602 3863 2656 περι-

2276 2679 2555 2749 γραμμὸς,
2588 2680 2682 2731 καὶ
2701 2679 2804 2731 ὅσα
2830 2679 3128 2749 ὁμόστοιχα
3159 2678 3384 2731 τούτων.
3422 2677 3766 2745 Ἀνθρωπος
3810 2678 3863 2729 δὲ

2274 2770 2367 2821 καὶ
2390 2767 2556 2823 εἰκὼν
2578 2768 2895 2841 ἀνθρώπου,
2938 2770 3180 2841 ὲκάτερτ
3207 2769 3415 2839 κτίσμα
3438 2784 3452 2799 ο
3504 2770 3615 2821 κᾶν
3681 2770 3861 2837 διαφο-

2277 2859 2437 2927 ρότης
2479 2862 2707 2920 κτίσεως
2731 2860 2870 2914 κατὰ
2900 2859 3128 2931 θάτερον
3151 2858 3235 2911 ἐπ’
3269 2857 3449 2928 οὐσίᾳ.
3488 2859 3606 2913 Καὶ
3643 2857 3779 2926 εὖγε
3806 2860 3860 2911 τὸ

2274 2949 2569 3019 πρόϐλημά
2600 2967 2693 3002 σου
2729 2965 2743 2979 ⁶
2771 2951 2854 3003 ὅτι
2888 2950 3171 3015 ὑπέδειξεν
3228 2951 3362 3018 ἡμῖν
3422 2950 3482 3013 ἐξ
3544 2951 3725 3020 αὐτῆς
3767 2951 3857 3019 τῆς

2275 3042 2559 3094 θεολέκτου
2585 3042 2791 3111 φωνῆς,
2815 3043 2876 3093 ἐν
2912 3044 2976 3111 τῇ
3011 3041 3270 3109 ἀθετήσει
3298 3040 3399 3111 τῆς
3431 3042 3654 3102 εἰκόνος
3703 3044 3858 3095 αὐτὸν

2275 3134 2588 3187 ἀθετεῖσθαι
2613 3150 2625 3163 ο
2660 3134 2753 3186 καὶ
2783 3134 2840 3185 ὲν
2868 3136 2933 3203 τῇ
2973 3134 3143 3185 αὑτοῦ
3173 3132 3412 3203 Χριστοῦ
3444 3134 3713 3205 ἁθετήσει
3744 3136 3859 3188 ἀθε-

2274 3224 2481 3277 τεῖσθαι
2510 3224 2602 3277 τὸν
2650 3226 2874 3295 Πατέρα
2901 3227 2993 3278 τὸν
3026 3224 3322 3294 πέμψαντα
3349 3225 3519 3277 αὐτόν
3547 3242 3561 3254 ·
3614 3228 3718 3279 καὶ
3768 3229 3855 3280 εὑ·

2277 3317 2554 3387 ρίσκονται
2593 3317 2643 3369 οἱ
2670 3316 3035 3387 Εἰκονομάχοι
3069 3319 3170 3370 οὐκ
3219 3318 3643 3389 ἀρνῃσίχριστοι
3678 3321 3857 3390 μόνον,

2270 3409 2407 3462 ἀλλὰ
2436 3410 2545 3481 γὰρ
2573 3410 2669 3462 κα)⁵
2704 3410 3075 3481 τρισάρνητοι.
3111 3409 3185 3461 Τὸ
3219 3409 3277 3461 δὲ
3307 3411 3631 3475 Δωόαἰνει,
3663 3412 3750 3464 ὅτι
3782 3413 3855 3473 είς

2270 3503 2464 3556 ταυτὸν
2495 3503 2651 3573 φέρει
2683 3504 2717 3572 ἡ
2748 3502 2997 3565 διάϐασις
3027 3506 3091 3571 τῇ
3122 3503 3410 3557 ἀναϐάσει.
3456 3497 3631 3557 Εἶπεν
3663 3506 3695 3556 ὁ
3749 3503 3855 3557 Κύ⁸

2274 3610 2386 3663 ριος
2414 3610 2429 3623 ο
2474 3595 2803 3647 Ἀναϐαίνω
2842 3594 2993 3662 πρὸς
3018 3592 3127 3646 τὸν
3183 3593 3417 3661 Πατέρα
3463 3611 3611 3664 μου.
3671 3595 3783 3646 Καὶ
3830 3594 3855 3643 ὁ

2269 3686 2510 3757 Μωῦσῆς
2536 3702 2550 3716 ⁸
2582 3687 2793 3751 Διαϐὰς
2828 3686 3069 3755 ὄψομαι.
3106 3685 3690 3756 Ἀμφοῖνόμοιοφανὴς
3720 3688 3753 3755 ὴ
3782 3686 3856 3738 κί-

2269 3795 2447 3847 νησις,
2473 3780 2569 3830 καὶ
2607 3777 2730 3829 οὔτε
2763 3776 3137 3847 κυκλοφορικὴ
3176 3776 3380 3847 Θατέρα
3417 3777 3685 3847 θατέρας,
3738 3778 3853 3831 οὔτε

2269 3870 2568 3939 ἐλικοειδής
2602 3888 2616 3904 ο
2651 3870 2766 3922 ἀλλ’
2797 3873 2845 3923 εἰ
2872 3872 2968 3923 καὶ
2989 3868 3269 3939 διάφορος,
3297 3868 3441 3921 κατὰ
3459 3868 3638 3931 Βέσιν,
3666 3872 3730 3922 οὐ
3759 3888 3851 3923 κα-

2266 3963 2336 4016 τὰ
2369 3962 2574 4033 σχέσιν.
2612 3962 2788 4015 Ἑπτὰ
2819 3962 2928 4031 γάρ
2964 3978 3130 4031 φησιν
3166 3956 3323 4014 εἷναι¹
3360 3960 3463 4022 τὰς
3504 3962 3758 4032 κινήσεις
3781 3962 3850 4030 ’ἡ

2266 4056 2360 4109 οὖν
2391 4054 2677 4116 ἀνάϐασις,
2726 4056 2814 4108 ἶνα
2844 4054 2940 4107 καὶ
2976 4054 3320 4125 σχηματίσω,
3372 4052 3536 4106 τοῦτο
3587 4055 3599 4124 |
3637 4094 3652 4107 .
3689 4056 3849 4122 Καὶή

2266 4148 2537 4212 διάϐασις,
2596 4147 2755 4201 τοῦτο
2794 4178 2851 4187 -
2881 4176 2908 4187 -
2934 4176 3020 4200 -.
3070 4148 3297 4216 Ἀμφοῖν
3331 4141 3449 4207 οὖν,
3487 4144 3567 4208 ὡς
3617 4147 3845 4215 εῐρηται,

2271 4242 2517 4312 ίσοφανῆ.
2546 4240 2781 4311 Γραμμὴ
2810 4242 2918 4311 γὰρ
2950 4238 3313 4309 φιλοωφικῶς
3332 4238 3628 4307 τὸδείγμα.
3652 4237 3754 4289 Ἦν
3766 4233 3847 4288 οὖν

2265 4334 2381 4404 ἔχει
2409 4333 2594 4402 σχέσιν
2606 4333 2664 4383 τὸ
2679 4333 2790 4385 ἄνω
2808 4331 2942 4401 πρὸς
2966 4331 3027 4384 τὸ
3060 4330 3343 4395 κάτω,τὴν
3368 4327 3545 4404 αδτὴν
3567 4328 3664 4380 καὶ
3692 4328 3753 4380 τὸ
3772 4327 3846 4379 δε-

2269 4403 2379 4492 ξιὸν
2396 4426 2530 4497 πρὸς
2545 4425 2607 4477 τὸ
2627 4424 2934 4494 ἀριστερόν.
2958 4423 3117 4475 Ὥστε
3134 4422 3195 4475 τὸ
3217 4403 3532 4473 ἀναϐαίνειν
3543 4420 3644 4472 καί⁵
3666 4420 3729 4473 τὸ
3744 4420 3844 4473 δια-

585 4525 744 4583 ratio.
782 4525 951 4580 Linea
995 4524 1141 4578 enim
1190 4523 1576 4593 phiIOSOphico
1607 4537 1760 4577 more
1791 4524 2023 4592 exempli
2074 4525 2162 4578 in-

2277 4521 2479 4574 εαίνειν
2526 4520 2605 4580 εἰς
2631 4517 2830 4569 ταυτὸν
2861 4516 3036 4586 φέρει.
3072 4517 3181 4567 Καὶ
3215 4516 3262 4567 εἰ
3321 4516 3420 4583 μὲν
3455 4514 3842 4582 ἐπιτετευγμέ-

582 4629 696 4673 star
731 4628 837 4675 est.
872 4618 1049 4684 Quam
1086 4617 1253 4686 igitur
1298 4614 1676 4669 habitudinem
1712 4613 1847 4669 dicit
1882 4630 2158 4669 summum

580 4713 644 4765 ad
681 4712 875 4775 imum,
908 4708 1158 4764 eamdem
1187 4717 1240 4762 et
1264 4708 1520 4763 dextrum
1572 4707 1714 4762 latus
1748 4706 1813 4760 ad
1849 4706 2159 4761 sinistrum.

2269 4631 2358 4675 νος
2392 4614 2421 4666 ὁ
2449 4611 2623 4679 λόγος,
2653 4608 2731 4679 τῷ
2781 4607 2901 4679 Θεῷ
2956 4608 3053 4661 καὶ
3079 4601 3245 4677 Λόγιεῖ
3292 4607 3454 4677 χάρις
3483 4622 3499 4637 -
3547 4609 3599 4660 εἰ
3659 4608 3707 4660 δ’
3763 4602 3842 4658 οὖν

2271 4707 2336 4779 [ἰ.
2367 4704 2476 4774 ob],
2511 4703 2742 4767 δίδαξον,
2779 4700 2977 4771 λῷστε,
3006 4701 3097 4753 τὸν
3126 4700 3316 4769 ἀμαθῆ
3346 4700 3470 4768 ἐμέ.

578 4804 944 4869 Quamobrem
998 4799 1309 4856 ascendere
1342 4809 1399 4854 et
1462 4800 1697 4853 transire
1756 4799 1950 4855 eodem
2016 4800 2289 4856 recidunt.
2324 4801 2399 4853 Ac
2450 4798 2495 4852 si
2572 4795 2795 4865 quidem
2870 4804 3059 4849 nostra
3120 4809 3345 4861 scopum
3390 4793 3579 4847 oratio
3656 4791 3839 4863 attigit,

580 4902 811 4963 agantur
837 4891 948 4947 Deo
980 4907 1043 4946 ac
1075 4888 1253 4946 Verbo
1281 4891 1469 4960 gratiae
1500 4906 1514 4943 :
1547 4891 1632 4945 sin
1661 4890 1864 4956 minus,
1894 4890 2032 4946 doce
2072 4907 2158 4947 me
2206 4891 2547 4962 imperitum,
2579 4889 2663 4941 vir
2693 4887 2919 4956 Optime.

922 4983 1182 5062 Lxxit'v.
1216 5037 1286 5049 -
1316 5006 1607 5059 Athanasio
1639 5006 1753 5075 ﬁlio
1774 5006 1862 5075 (σ).

2533 5004 2657 5058 llE’.
2692 5033 2761 5044 ——
2793 5000 3114 5065 Ἀσανασίῳ
3137 4999 3343 5065 τέκνῳ.
3385 5000 3596 5075 [φμβ’.]

1251 5124 1326 5173 De
1345 5119 1651 5171 sanctissima
1670 5121 1869 5173 Domini
1890 5128 1945 5173 et
1964 5122 2056 5175 Dei
2078 5129 2131 5173 et
2155 5121 2422 5173 Salvatoris
2442 5122 2595 5170 nostri
2617 5120 2738 5169 Jesu
2757 5116 2935 5170 Christi
2959 5115 3193 5179 imagine.

651 5229 978 5298 Quomodo,
1043 5227 1273 5297 inquis,
1330 5226 1486 5281 latria
1548 5241 1657 5281 non
1717 5225 1920 5280 colitur
1982 5227 2162 5297 imago

578 5321 810 5385 Christi,
853 5319 948 5375 sed
991 5317 1085 5387 qui
1138 5318 1196 5372 in
1230 5316 1349 5385 ipsa
1392 5315 1657 5371 adoratur
1704 5314 2005 5369 Christus:
2036 5331 2160 5369 cum

580 5431 687 5471 una
741 5414 797 5468 in
844 5412 1115 5467 ambobus
1164 5410 1237 5464 sit
1277 5407 1567 5462 adoratio?
1613 5405 1884 5472 Quoniam
1936 5406 1990 5460 in
2045 5407 2163 5477 ipso

580 5508 802 5578 quidem
828 5503 1051 5559 Christo
1072 5501 1245 5556 latria:
1267 5509 1353 5555 est
1380 5498 1630 5553 adoratio
1655 5499 1802 5566 (nam
1831 5514 1956 5553 cum
1983 5499 2160 5567 ipsum

580 5602 774 5664 adoro,
811 5597 975 5653 simul
1006 5595 1178 5650 adoro
1207 5592 1424 5647 Patrem
1465 5607 1530 5647 ac
1562 5592 1827 5660 Spiritum
1857 5601 2109 5645 sanctum
2149 5610 2160 5644 :

650 5712 697 5741 "
725 5709 857 5764 Luc.
888 5725 945 5771 ι,
980 5707 1067 5762 l6.
1144 5704 1373 5759 “Joan.
1409 5721 1500 5769 xx,
1544 5704 1631 5775 l7.
1713 5704 1759 5735 ⁸⁸
1783 5679 2103 5769 ῡευιίχκν,
2141 5704 2194 5757 5.

695 5829 759 5895 Γ)
797 5824 1110 5897 Dogmatica
1140 5823 1361 5878 omnino
1400 5820 1728 5877 necessaria.

2344 5226 2489 5288 Πῶς,
2526 5225 2654 5296 φὴς,
2685 5224 2746 5276 οὐ
2773 5222 3095 5293 inspuit-nat
3126 5223 3157 5293 ἠ
3185 5221 3353 5275 εἰκὼν
3403 5225 3674 5295 Χριστοῦ,
3738 5216 3837 5281 ἀλλ’

2267 5321 2296 5373 ὁ
2332 5319 2389 5372 ὲν
2415 5320 2552 5388 αὐτῇ
2582 5316 3057 5388 προσκυνούμενος
3086 5316 3319 5384 Χριστός
3340 5332 3355 5347 ·
3393 5320 3526 5386 μιᾶς
3570 5320 3738 5390 οὔσης
3765 5319 3835 5373 ἐπ’

2269 5414 2472 5483 ἀμφοῖν
2537 5411 2963 5483 προσκυνήσεως
2988 5429 3003 5477 ;
3025 5410 3151 5464 ὐτι
3199 5410 3288 5464 ἐπ’
3315 5411 3490 5465 αὑτοῦ
3523 5412 3591 5481 δὴ
3620 5414 3834 5486 Χριστοῦ

2269 5503 2597 5576 λατρευτικὴ
2628 5506 2660 5573 ὴ
2694 5502 3085 5573 προσκύνησις.
3129 5502 3471 5573 Προσκυνῶν
3502 5508 3617 5577 γὰρ
3670 5507 3831 5565 αὑτὸν,

2274 5593 2680 5665 συμπροσκυνῶ
2705 5593 2796 5646 τὸν
2823 5592 3041 5662 Πατέρα
3064 5590 3156 5646 καὶ
3175 5591 3236 5646 τὸ
3262 5592 3423 5661 ἆγιον
3439 5595 3669 5669 Πνεῦμα
3694 5597 3833 5668 ὁμοῦ·
