3964 6320
93 395 112 456 1
125 393 230 456 3.9.9

1285 383 1828 445 EPISTULARUM
1866 382 2016 443 LIB.
2090 381 2146 438 Il
2161 425 2174 439 .

3193 371 3196 374 ’
3238 376 3370 441 1330

88 515 227 580 οπερ
247 506 398 560 ἐστὶν
413 505 447 575 ἡ
469 503 720 577 τριαδικὴ
741 499 1284 574 ήμῶνπροσκύνησις
1298 503 1392 554 καὶ
1419 501 1643 571 λατρεία
1664 515 1679 531 ο

1803 508 1956 569 Itque
1987 497 2102 553 hac
2135 502 2320 550 nostra
2354 503 2439 548 est
2469 492 2757 549 Trinitatis
2801 494 3050 551 adoratio
3081 506 3135 551 et
3161 497 3370 568 latria),

87 602 185 654 ἐπὶ
219 599 279 652 δὲ
305 601 406 669 τῆς
433 596 660 660 εἰκόνος,
687 597 722 666 ή
759 594 898 666 αὐτὴ
940 594 1037 664 μὲν
1080 592 1222 663 (πῶς
1274 593 1384 663 γὰρ
1438 590 1540 655 οὓς
1597 586 1674 644 ὦν

88 691 199 763 γὰρ
230 689 291 742 ἓν
328 687 393 741 τὸ
411 688 635 756 κράτος,
670 686 766 739 καὶ
794 687 828 755 ή
875 684 1002 748 δόξα
1038 682 1155 752 μία,
1210 683 1416 737 τούτων
1471 683 1677 753 δηλαδὴ

88 782 147 834 ἓν
176 781 255 845 ,τὸ
299 778 489 846 σέσας,
526 779 621 831 καὶ
671 777 770 848 μία
801 778 835 846 ή
870 773 1266 846 προσκύνησις)
1297 813 1313 838 ,
1349 773 1574 844 σχετικὴ
1620 773 1678 826 δὲ

87 877 260 946 ὅμως,
284 873 456 944 ήγουν
483 869 835 942 όμωνυμική.
875 867 1202 938 Προσκυνῶν
1250 867 1358 936 γὰρ
1396 865 1676 959 αύῖὴν,.ού

93 963 621 1037 συμπροσεκύνησα,
645 960 782 1014 ἀλλά
809 959 1198 1031 προσεκύνησα
1227 957 1488 1029 Χριστὸν,
1511 959 1571 1011 ού
1601 958 1681 1011 δι-

89 1058 424 1130 αιρούμενον
477 1056 600 1110 καθ’
650 1054 969 1118 ὑπόστασιν,
1028 1053 1169 1108 ἀλλά
1253 1053 1683 1126 διαφορούμενον

91 1153 235 1206 κατᾶ
264 1150 360 1203 τὸν
383 1148 486 1219 τῆς
509 1147 698 1210 οὐσίας
722 1146 878 1214 λόγον
904 1161 918 1176 ·
943 1147 1083 1216 ὅπερ
1113 1147 1232 1199 ἐστὶ
1269 1145 1497 1216 σχετικὴ
1517 1188 1533 1211 ,
1565 1144 1681 1198 ἀλλ’

90 1247 150 1298 οὐ
196 1242 563 1315 λατρευτική·
612 1238 716 1294 κᾶν
776 1241 810 1311 ή
860 1239 1020 1308 αὐτὴν,
1049 1241 1167 1292 ἐκεῖ
1216 1239 1316 1308 μὲν
1337 1237 1511 1302 οὕτως
1535 1255 1686 1292 νοου-

96 1338 232 1407 μένη
296 1337 392 1388 καὶ
444 1333 738 1403 λεγομένη,
762 1330 949 1385 καθότι
971 1330 1431 1401 τριαδικὴ,ήγουν
1454 1331 1682 1400 φυσικήο

94 1428 336 1484 ἐνταῦθα
362 1427 420 1480 δὲ
446 1426 507 1480 τὸ
533 1425 793 1495 ἔμπαλιν,
826 1423 1017 1477 καθότι
1064 1421 1315 1493 σχετικὴ,
1347 1422 1514 1492 ήγουν
1548 1422 1684 1474 ὐπο-

99 1523 352 1592 στατική.
372 1519 555 1589 Είγάρ
585 1519 780 1585 εῐποις,
809 1515 1458 1588 λατρευτικὴ,ὲσήμανας
1486 1531 1686 1585 σεσαρ-

95 1617 329 1680 κῶσθαι,
365 1616 440 1679 ὡς
471 1615 565 1667 τὸν
594 1613 744 1678 Υίὸν,
776 1612 866 1665 τόν
891 1628 950 1664 τε
972 1610 1213 1680 Πατέρα,
1232 1611 1328 1665 καὶ¹
1354 1611 1416 1663 τὸ
1438 1609 1684 1679 Πνεῦμα·

95 1713 232 1782 ὅπερ
263 1711 413 1762 ἐστὶν
453 1708 705 1760 ἔκτοπον.
732 1704 1034 1775 Τοιγαροῦν
1095 1703 1418 1774 προσκυνῶν
1462 1704 1560 1774 τὴν
1610 1706 1689 1757 εἰ·

95 1802 230 1855 κόνα
254 1796 519 1870 Χριστοῦ,
552 1798 614 1850 οὐ
643 1796 742 1867 τὴν
780 1795 1010 1866 θεότητα
1056 1793 1355 1866 ’προσκυνῶ
1377 1833 1392 1858 ,
1425 1792 1500 1856 ὥς
1546 1794 1691 1858 τινές

1785 593 1839 645 in
1868 590 2110 658 imagine
2144 603 2273 642 vero
2295 587 2484 642 eadem
2517 584 2740 656 quidem
2766 595 2850 643 est
2877 602 2893 641 :
2923 590 3202 657 quomodo
3223 591 3372 644 enim

1788 699 1896 737 non
1924 682 2157 738 eadem?
2191 695 2317 735 nam
2344 694 2585 750 quorum
2617 680 2910 749 imperium
2943 689 2998 736 et
3029 680 3204 751 gloria
3236 696 3370 746 una,

1789 776 1986 830 horum
2021 774 2206 843 utique
2239 781 2296 828 et
2329 772 2514 828 cultus
2542 789 2706 838 unus,
2732 782 2788 828 et
2816 789 2926 828 una
2957 773 3206 828 adoratio
3244 782 3327 828 est
3355 791 3369 828 :

1788 875 1848 921 at
1899 867 2130 922 relativa
2188 875 2410 929 tamen,
2465 865 2583 919 sive
2643 866 3053 938 homonymica.
3117 866 3373 921 Adorans

1788 960 1935 1015 enim
1973 960 2177 1030 ipsam,
2213 960 2500 1017 Christum
2521 976 2628 1017 non
2661 959 2977 1022 coadoravi.
3024 959 3116 1014 sed
3147 958 3374 1014 adoravi

1791 1069 1901 1107 non
1932 1053 2168 1108 divisum
2198 1055 2504 1110 secundum
2533 1053 2902 1125 hypostasim,
2929 1052 3023 1107 sed
3051 1053 3375 1122 diserepan~

1791 1153 1898 1198 tem
1923 1146 2135 1200 ratione
2162 1147 2505 1210 substantiae,
2541 1146 2689 1216 quod
2707 1157 2790 1200 est
2820 1144 3072 1199 adoratio
3114 1145 3341 1198 relativa
3359 1187 3373 1208 ,

1791 1235 1887 1291 sed
1916 1251 2025 1292 non
2049 1237 2368 1305 latreutiea;
2398 1254 2718 1309 quanquam
2744 1238 2932 1293 eadem
2957 1255 2972 1303 ;
3010 1237 3123 1293 illic
3152 1238 3375 1307 quidem

1788 1327 1874 1383 sic
1920 1328 2196 1385 intellecta
2243 1331 2501 1402 dictaque
2536 1341 2812 1402 quatenus
2852 1329 3108 1386 Triadica
3143 1340 3227 1385 est
3263 1331 3381 1384 sive

1792 1422 2102 1478 naturalis:
2141 1423 2234 1478 hic
2268 1439 2400 1480 vero
2432 1425 2550 1480 vice
2601 1440 2782 1488 versa.
2830 1435 3104 1494 quatenus
3151 1423 3379 1477 relativa

1791 1523 1878 1567 est
1930 1513 2046 1569 sive
2078 1514 2450 1585 hypostatiea.
2503 1515 2640 1571 Nam
2689 1517 2734 1570 si
2786 1516 2960 1570 lati-ise
2997 1515 3380 1570 adorationem

1795 1605 2026 1669 dixeris.
2057 1607 2318 1663 indicasti
2347 1624 2569 1665 carnem
2610 1608 2842 1664 factum.
2877 1609 3024 1663 sicut
3049 1607 3273 1672 Filium,
3306 1607 3384 1663 ita

1798 1711 1857 1754 et
1889 1701 2103 1757 Patrem
2130 1711 2186 1756 et
2218 1703 2484 1772 Spiritum
2517 1720 2530 1756 :
2559 1700 2705 1772 quod
2736 1710 2820 1756 est
2849 1700 3174 1757 absurdum.
3197 1698 3385 1769 Itaque

1801 1810 1925 1848 cum
1981 1795 2273 1865 imaginem
2338 1795 2544 1850 Christi
2605 1795 2812 1860 adoro,
2866 1809 2975 1848 non
3036 1793 3384 1848 divinitatem

100 1909 269 1965 φασι’
304 1891 467 1946 τοῦτο
503 1889 614 1959 γὰρ
643 1888 744 1959 τῆς
778 1887 1012 1956 Τριὰδος
1069 1886 1408 1956 σημαντικόν
1430 1902 1445 1918 ⁹
1484 1887 1579 1939 καὶ
1634 1889 1693 1939 ού

1803 1886 1991 1951 adoro,
2023 1894 2083 1940 ut
2116 1887 2339 1957 quidam
2369 1889 2525 1941 aiunt
2557 1904 2570 1940 :
2601 1903 2724 1941 nam
2763 1888 2816 1942 id
2849 1885 3179 1940 Trinitatem
3210 1885 3384 1955 signi-

100 1987 450 2059 σεσάρκωται
483 1984 517 2055 ή
545 1983 716 2053 Τριάς
742 1999 756 2013 ο
789 1981 995 2048 ἄπαγε.
1044 1979 1207 2034 Ἀλλά
1244 1979 1336 2044 τί;
1368 1979 1531 2034 αὐτὸν
1554 1981 1690 2050 Χρι-

104 2078 228 2132 στὸν
259 2073 554 2148 σχετικῶς.
587 2073 784 2135 Μόνος.
812 2071 922 2142 γὰρ
953 2070 1118 2134 αὐτὸς
1141 2072 1170 2123 ό
1212 2070 1521 2141 σαρκωθεὶς
1559 2070 1691 2134 Θεὸς

99 2172 293 2238 Λόγος.
369 2164 700 2236 Προσκυνῶν
749 2164 810 2216 δὲ
893 2162 1057 2216 αὐτὸν
1107 2160 1366 2232 Χριστὸν,
1447 2161 1693 2232 δηλόνοτι

102 2256 608 2341 συμπροσεκύνησα
651 2252 744 2305 τὸν
772 2251 996 2322 Πατέρα
1021 2250 1161 2322 όμοῦ
1202 2253 1297 2304 καὶ
1334 2250 1396 2303 τὸ
1441 2249 1689 2320 Πνεῦμα.

99 2340 262 2404 Ὥστε
309 2349 405 2402 ἐπὶ
427 2347 524 2418 τῆς
550 2344 772 2406 είκόνως
795 2341 1046 2415 [σχετικὴ
1071 2340 1489 2414 προσκύνησις],
1512 2343 1578 2396 ἂν
1606 2359 1696 2396 νο-

99 2450 209 2498 οῖτο
244 2442 339 2497 καὶ
366 2441 581 2510 λέγοιτο
602 2455 617 2469 ⁶
650 2439 737 2490 ἐπ’
767 2435 930 2488 αὐτοῦ
956 2435 1014 2489 δὲ
1046 2434 1284 2504 Χριστοῦ
1323 2434 1652 2506 λατρευτική
1679 2452 1692 2466 ο

100 2536 172 2598 ὡς
209 2531 697 2602 συνεπινοουμένου
729 2546 788 2581 τε
816 2528 912 2582 καὶ
958 2528 1548 2598 συμπροσκυνουμένου
1598 2526 1694 2581 τοῦ

101 2647 159 2681 τε
217 2628 436 2698 Πατρδς
487 2626 583 2679 καὶ
630 2623 726 2676 τοῦ
752 2621 1089 2692 Πνεύματος.

107 2724 245 2790 HQ".
281 2750 354 2760 —
398 2715 729 2790 Ἐπιστολὴ
786 2715 856 2766 ἐκ
891 2711 1239 2790 προσφάτουΔ
1261 2709 1531 2790 ῖιάιςτωνί
1561 2711 1687 2790 τῶν

205 2789 558 2861 ἡγουμένων
594 2780 746 2855 πρὸς
781 2785 1022 2852 Μιχαὴλ
1045 2782 1335 2847 βασιλέα.
1371 2780 1580 2855 [φμη’.]

1795 1978 1922 2032 lieat
1956 2000 1970 2034 :
2007 1995 2114 2033 non
2163 1986 2250 2034 est
2293 1989 2475 2033 autem
2515 1978 2761 2034 Trinitas
2810 1994 2940 2034 caro
2983 1979 3149 2045 facta,
3192 1978 3384 2032 absit!

1791 2069 1933 2138 Quid
1980 2073 2147 2143 ergo?
2196 2071 2377 2142 ipsum
2408 2071 2690 2127 Christum
2739 2073 2985 2127 relative.
3035 2072 3202 2126 Solus
3235 2070 3384 2124 enim

1794 2163 1908 2232 ipse
1937 2178 2067 2218 caro
2096 2162 2278 2219 factus
2305 2175 2389 2220 est
2423 2163 2568 2220 Deus
2594 2163 2860 2220 Verbum.
2892 2162 3030 2218 Cum
3060 2178 3192 2218 vero
3219 2163 3386 2218 Chri-

1794 2265 1940 2310 stum
1978 2256 2158 2326 ipsnm
2188 2255 2383 2320 adoro,
2417 2257 2582 2312 simul
2615 2267 2669 2311 et
2694 2256 2912 2311 Patrem
2943 2256 3156 2312 scilicet
3181 2255 3385 2310 coado-

1805 2349 1942 2411 ravi,
1971 2357 2026 2403 et
2057 2347 2346 2418 Spiritum.
2387 2349 2756 2417 Quamobrem
2790 2351 2844 2408 in
2874 2349 3114 2420 imagine
3146 2346 3384 2402 relativa

1803 2442 2046 2496 adoratio
2098 2452 2244 2498 recte
2301 2443 2632 2513 intelligatur
2676 2453 2730 2498 et
2774 2443 3022 2504 dicatur,
3062 2442 3116 2496 in
3167 2440 3390 2496 Christo

1800 2544 1984 2585 autem
2017 2532 2140 2602 ipso
2167 2535 2342 2588 latrize
2370 2551 2386 2589 :
2421 2538 2685 2604 quoniam
2725 2545 2858 2589 tunc
2882 2534 3044 2589 simul
3081 2533 3385 2589 subintellic

1803 2623 1950 2692 gitur
1976 2635 2142 2695 atque
2181 2627 2445 2681 adoratur
2471 2637 2524 2682 et
2555 2625 2718 2682 Pater
2754 2636 2807 2681 et
2841 2625 3099 2696 Spiritus.

1868 2715 2157 2771 LXXXVI.
2189 2719 2512 2789 —Epistola
2548 2736 2613 2774 ex
2648 2736 2874 2788 persona
2926 2721 3161 2774 omnium
3191 2737 3393 2791 purpo-

1997 2791 2224 2842 sitorum
2260 2791 2328 2843 ad
2363 2791 2677 2845 Michaeiem
2702 2792 3096 2860 imperatorem.

108 2906 330 2958 \‘ineulis
354 2913 410 2954 et
436 2901 621 2954 exsilio
641 2900 843 2953 liberati
870 2902 1053 2964 gratias
1081 2906 1256 2962 agunt.
1285 2897 2108 3025 Orant(ggzumnallscaqitlicggt).
2135 2900 2256 2951 Cum
2279 2901 2531 2952 haereticis
2561 2915 2683 2952 vero
2714 2901 2934 2964 colloqui
2973 2898 3176 2950 minime
3209 2901 3388 2954 licere.

186 3074 381 3144 Ἡμεῖς
411 3069 463 3122 οί
499 3070 590 3122 ἐπὶ
614 3069 675 3121 τὸ
709 3067 844 3122 αὐτὸ
872 3065 1292 3139 συνεληλυθότες
1337 3065 1482 3119 κατά
1507 3066 1696 3120 κέλευ-

1868 3067 1980 3124 Nos
2038 3067 2132 3140 qui
2176 3071 2345 3124 vestri
2399 3085 2430 3124 a
2493 3068 2605 3123 Deo
2669 3072 2922 3125 coronati
2967 3069 3184 3140 imperii
3228 3070 3390 3139 jussu

111 3183 192 3218 σιν
222 3165 522 3218 θεοσέπτου
558 3160 714 3231 ὑμῶν
759 3158 1058 3230 βασιλείας,
1085 3159 1359 3229 ἐλάχιστοι
1385 3157 1694 3210 -ὲπίσκοποί

109 3275 166 3311 τε
194 3259 288 3310 καὶ
305 3255 628 3328 ἡγούμενοι,
657 3252 880 3324 πρώτην
905 3251 1090 3322 φωνὴν
1110 3252 1314 3321 ταύτην
1340 3249 1696 3320 φθεγγόμεθα

113 3347 202 3400 ἐπὶ
234 3345 329 3400 τοῦ
365 3343 774 3415 θεοπροϐλήτου
804 3343 958 3412 ὑμῶν
979 3342 1241 3414 κράτους,
1274 3340 1697 3411 εὐχαριστήριόν

116 3457 174 3492 τε
206 3439 302 3493 καὶ
335 3437 671 3508 αίνετήριον·
714 3435 799 3489 ὅτι
848 3433 1228 3505 ἀνεκλήθημεν
1261 3435 1310 3487 οἱ
1357 3433 1697 3503 ἀπωσμένοι,

118 3531 197 3585 ὅτι
217 3531 534 3602 ἠλεήθημεν
559 3530 608 3581 οί
631 3527 1208 3599 τεταλαιπωρημένοι,
1235 3527 1316 3580 ὅτι
1351 3526 1699 3597 ἀνεψύξαμεν

117 3627 164 3676 οί
194 3623 574 3684 ἐκλελοιπότες
599 3637 613 3650 °
643 3621 752 3675 ἀπὸ
789 3620 1061 3691 χειμῶνος
1087 3621 1168 3683 εἰς
1209 3619 1309 3690 ἔαρ
1334 3659 1350 3684 ,
1393 3619 1502 3672 ἀπὸ
1533 3619 1702 3689 ζάλης

118 3718 194 3778 εἰς
231 3716 477 3786 γαλήνην
499 3754 514 3776 .
546 3714 654 3766 ἀπὸ
684 3712 926 3783 ἀθυμίας
957 3712 1039 3775 είς
1087 3712 1379 3782 εὐθυμίανο
1411 3709 1536 3774 ξένα
1578 3712 1704 3764 τινὰ

120 3809 211 3861 καὶ
269 3805 555 3878 παράδοξα
595 3805 922 3875 ἑωρακότες.
980 3803 1218 3873 Τοιαύτη
1273 3805 1384 3875 γὰρ
1432 3805 1468 3875 ή
1518 3803 1704 3857 δικαία

122 3899 271 3970 ὑμῶν
291 3898 548 3967 βασιλεία
568 3896 934 3968 χαρμόσυνος,
959 3895 1316 3964 εύφρόσυνος,
1346 3895 1700 3960 πολύευκτος,

120 3993 441 4064 εἰρήναρχος
467 4031 483 4057 ,
522 3991 855 4061 φιλοδίκαιος
875 4032 890 4057 ,
923 3990 1146 4056 πολλαῖς
1184 3993 1404 4062 ἑτέραις
1434 4011 1706 4064 προσηγο-

123 4085 263 4154 ρίαις
319 4085 663 4155 ἀξιὼνυμοςο
728 4085 964 4156 μιμήσει
1015 4085 1256 4155 Χριστοῦ
1298 4086 1393 4139 τοῦ
1445 4070 1704 4156 ἀληθινοῦ

121 4176 252 4230 Θεοῦ
281 4177 463 4249 ήμῶν,
497 4178 568 4230 τὰ
599 4177 867 4231 διεστῶτα
889 4178 1256 4243 συνάπτουσα,
1285 4179 1354 4231 τὰ
1375 4179 1707 4248 νενοσηκότα

123 4270 452 4338 ὑγιάζουσα,
487 4270 556 4324 τὰ
594 4269 818 4340 λυπηρὰ
857 4270 1264 4341 χαροποιοῦσαο
1299 4269 1580 4340 ἐξαίρετός
1620 4287 1704 4332 τις

122 4359 251 4414 οῦσα
283 4360 556 4432 βασιλεία,
588 4361 684 4414 καὶ
714 4360 824 4414 τῶν
860 4361 1030 4414 πάλαι
1069 4361 1529 4434 μακαριζομένων
1562 4363 1706 4434 [369—

125 4453 309 4524 ροποςσ
353 4454 423 4525 ἣν
453 4451 859 4524 ἀποσεμνύνειν
889 4456 1005 4515 τοῖς
1034 4455 1333 4527 ἐγκωμίοις
1372 4455 1472 4509 οὑκ
1519 4455 1585 4510 ἂν
1616 4456 1703 4507 εύ-

126 4544 313 4612 μαρῶς
337 4544 568 4614 γλῶσσα
602 4543 898 4614 ἀνθρώπου
927 4544 1300 4616 ἐξαρκέσειεν.
1345 4545 1489 4598 Ἀλλ’
1517 4546 1704 4616 ἐπειδὴ

123 4634 289 4688 ταῦτα
330 4637 550 4701 οὕτως,
603 4635 1036 4708 παρακαλοῦμεν
1088 4639 1185 4691 καὶ
1219 4637 1609 4708 ἀντιϐολοῦμεν
1658 4641 1706 4692 οί

124 4725 348 4792 ἀνάξιοι,
377 4730 475 4784 καὶ
510 4729 681 4800 αὐτῆς
718 4732 818 4800 τῆς
851 4732 1011 4802 ἱερᾶς
1033 4731 1188 4802 ὑμῶν
1221 4732 1353 4796 θέας
1388 4733 1704 4804 ἀξιωθῆναι,

125 4818 214 4869 καὶ
240 4823 421 4892 φωνῆς
450 4819 678 4891 ἡδίστης
702 4820 936 4874 ἀκοῦσαι
976 4821 1070 4875 τοῦ
1095 4822 1368 4893 παντίμου
1397 4825 1490 4875 καὶ
1518 4825 1705 4876 θεοσό-

130 4926 226 4976 φου
283 4913 559 4982 στόματος
609 4911 783 4980 ὑμῶν·
827 4913 902 4975 ὡς
936 4912 1002 4966 ἂν
1057 4911 1203 4984 ἆπερ
1236 4913 1371 4966 ὠσὶν
1411 4913 1706 4984 ἀκούομεν,

127 5000 295 5055 ταῦτα
323 5006 443 5056 κατ’
472 5002 788 5073 ὀφθαλμοὺς
819 5005 1150 5075 θεασάμενοι
1189 5006 1586 5076 σκιρτήσοιμεν
1629 5008 1709 5077 τῷ

129 5096 416 5166 πνεύματι·
448 5097 642 5168 ὥσπερ
670 5113 724 5149 τι
761 5097 963 5167 ἔνδυμα
988 5097 1247 5151 πενθικὺν
1270 5099 1371 5167 τὴν
1401 5101 1708 5169 κατήφειαν

134 5189 667 5258 μετενδιδυσκόμενοι
691 5189 1031 5259 εὐφροσύνης
1057 5188 1450 5260 ἁγαλλιάματι.
1489 5190 1706 5261 Ἐπειδὴ

129 5277 180 5330 δὲ
207 5282 232 5332 ὁ
259 5280 510 5353 δεύτερος
539 5281 696 5347 λόγος
721 5282 847 5351 περὶ
872 5282 967 5350 τῆς
997 5280 1325 5352 εἰλικρινοῦς
1349 5298 1410 5335 τε
1438 5283 1533 5335 καὶ
1559 5283 1710 5353 ἀμω-

135 5369 296 5438 μήτου
329 5372 487 5440 ήμῶν
529 5370 637 5422 τῶν
669 5371 1019 5440 Χριστιανων
1056 5373 1174 5425 ἐστι
1212 5372 1481 5436 πίστεως·
1532 5374 1711 5426 ἐκεῖνο

136 5461 266 5525 μετά
297 5462 474 5527 αἰδοῦς
509 5462 799 5534 τολμῶμεν
833 5463 1145 5530 ἀνενέγκαι,
1180 5463 1256 5527 ὡς
1283 5465 1331 5516 εί
1363 5465 1463 5534 μὲν
1503 5463 1712 5533 ἀνθρώ-

133 5557 280 5606 πινόν
307 5573 359 5609 τι
388 5553 456 5626 ἦν
481 5557 543 5610 τὸ
574 5557 891 5626 λεγόμενον,
927 5557 1024 5608 καὶ
1050 5555 1082 5626 ἢ
1121 5556 1258 5626 πρὸς
1285 5555 1380 5610 τοῦ
1404 5558 1709 5626 ἁγιωτάτου

135 5644 283 5713 ἡμῶν
330 5650 632 5722 ἀρχιερέως
654 5690 670 5715 ,
703 5652 736 5721 ἢ
769 5650 900 5721 παρ’
922 5647 1090 5719 ,ἡμῶν
1140 5648 1249 5701 τῶν
1283 5649 1518 5716 ἀναξίων
1559 5650 1712 5714 ἐξου-

137 5739 466 5812 σιαζόμενον·
492 5745 608 5798 ούτί
630 5763 732 5799 που
757 5743 821 5795 τὸ
859 5740 1080 5813 μικρὸν,
1102 5741 1237 5795 ἀλλὰ
1258 5741 1367 5814 γὰρ
1392 5743 1486 5796 καὶ
1509 5743 1571 5795 τὸ
1601 5744 1710 5795 πᾶν

139 5840 475 5906 παρηωρεῖν
528 5839 663 5894 ἔδει·
716 5837 862 5892 οὓτω
915 5834 1015 5903 τῆς
1070 5835 1289 5904 ἐντολῆς
1345 5835 1698 5905 κελευούσης.

1799 3156 1853 3210 in
1878 3173 2050 3212 unum
2070 3157 2455 3220 convenimus,
2485 3158 2696 3211 minimi
2735 3157 2978 3228 episcopi
3010 3166 3064 3212 et
3089 3160 3390 3229 praepositi,

1798 3249 2031 3318 primam
2066 3249 2209 3304 hanc
2265 3264 2452 3304 vocem
2509 3250 2613 3305 sub
2646 3250 2910 3306 divinitus
2944 3252 3247 3307 constituto
3301 3267 3392 3306 re-

1801 3355 1908 3413 gno
1951 3350 2134 3396 vestro
2168 3342 2405 3409 edimus,
2445 3343 2678 3399 actionis
2708 3345 3007 3413 gratiarum
3060 3355 3113 3398 et
3153 3345 3333 3401 laudis
3376 3365 3387 3398 :

1801 3436 1948 3506 quod
1983 3437 2220 3491 revocati
2267 3437 2464 3500 simus,
2498 3437 2592 3507 qui
2649 3435 2933 3494 fueramus
2995 3438 3149 3507 ejeeti
3188 3458 3202 3506 ;
3245 3441 3390 3508 quod

1803 3527 2484 3600 misericordiamexperti,
2517 3531 2612 3600 qui
2647 3531 2911 3585 aerumnis
2968 3531 3143 3600 pressi
3175 3548 3190 3597 ;
3247 3533 3393 3601 quod

1806 3618 2096 3676 refocillati
2143 3621 2433 3684 fuerimus.
2486 3623 2578 3692 qui
2635 3623 3080 3688 deﬁcichamus;
3124 3625 3193 3678 ab
3220 3624 3398 3679 hieme

1805 3713 1873 3768 ad
1905 3729 2016 3778 ver,
2047 3723 2413 3784 atempestate
2445 3715 2512 3770 ad
2559 3717 3036 3787 tranquillitatem,
3086 3732 3118 3771 a
3161 3732 3400 3772 maerore

1806 3807 1873 3860 ad
1901 3807 2166 3870 laetitiam,
2200 3823 2336 3860 nova
2375 3809 2626 3877 quaedam
2678 3821 2732 3863 et
2787 3808 3126 3863 incredibilia
3167 3824 3397 3864 cernen-

1807 3905 1908 3953 tes.
1941 3896 2071 3952 Tale
2099 3898 2247 3952 enim
2286 3908 2370 3954 est
2414 3899 2624 3969 justum
2660 3901 2955 3971 imperium
2989 3914 3257 3968 vestrum;
3299 3901 3397 3956 la:-

1808 3999 1947 4058 tum,
1994 3991 2327 4062 jucundum,
2392 3992 2553 4047 valde
2611 3994 2874 4063 optabile,
2911 4004 3190 4064 pacatum,
3253 3996 3398 4065 aequi

1808 4099 2021 4150 amans,
2055 4085 2243 4140 multis
2295 4084 2419 4140 aliis
2451 4085 2910 4155 appellationibus
2937 4087 3164 4158 dignum
3196 4105 3208 4141 :
3251 4089 3400 4157 quod

1810 4177 1880 4232 ad
1914 4176 2119 4232 Christi
2159 4178 2270 4231 veri
2329 4175 2425 4231 Dei
2473 4178 2645 4231 nostri
2681 4180 3019 4249 exemplum,
3077 4179 3400 4236 dissidentia

1808 4277 2047 4338 coaptat,
2081 4284 2222 4338 aegra
2265 4279 2461 4335 sanat,
2515 4269 2693 4325 tristia
2759 4272 3056 4329 exhilarat.
3118 4272 3398 4328 Eximium

1810 4361 2083 4432 quoddam
2119 4375 2305 4416 revera
2357 4360 2672 4430 imperium,
2721 4373 2776 4419 et
2812 4365 2878 4420 iis
2905 4379 3026 4433 quae
3050 4366 3400 4432 beataquon-

1809 4453 1932 4507 dam
1957 4453 2248 4522 praedicata
2274 4453 2516 4517 fuerunt,
2559 4469 2696 4520 par:
2750 4456 2899 4526 quod
2933 4456 3192 4511 laudibus
3235 4472 3399 4512 exor-

1811 4559 1944 4599 nare
1979 4545 2219 4600 hominis
2259 4546 2440 4615 lingua
2471 4547 2617 4602 haud
2652 4545 2813 4602 facile
2840 4549 3034 4616 possit.
3089 4548 3192 4602 Sed
3225 4563 3403 4615 quan-

1811 4633 2100 4703 doquidem
2138 4634 2252 4688 haec
2282 4635 2356 4687 ita
2383 4649 2442 4689 se
2473 4635 2693 4700 habent,
2727 4650 2950 4689 oramus
2969 4645 3023 4689 et
3053 4635 3399 4689 obtestamur

1814 4725 2047 4795 indigni,
2083 4733 2143 4779 ut
2187 4740 2347 4780 sacro
2377 4726 2496 4796 ipso
2523 4737 2823 4796 conspectu
2852 4735 3039 4781 vestro
3100 4726 3206 4780 frui
3237 4727 3399 4782 nobis

1814 4817 1996 4884 liceat,
2030 4827 2085 4873 et
2115 4818 2501 4874 suavissimam
2563 4836 2754 4875 vocem
2785 4820 2977 4874 audire
3018 4820 3314 4874 venerandi
3335 4834 3400 4875 ac

1813 4916 2208 4987 sapientissimi
2249 4921 2362 4972 oris
2396 4917 2561 4972 vestri
2591 4932 2607 4972 :
2635 4927 2694 4971 ut
2723 4934 2846 4989 qua:
2906 4916 3135 4972 auribus
3181 4918 3401 4986 accepi-

1811 5023 1955 5071 mus.
1979 5008 2155 5062 oculis
2183 5008 2457 5061 intuentes
2491 5007 2678 5060 animo
2727 5006 3090 5072 exsultemus,
3131 5005 3288 5076 quasi
3311 5007 3400 5061 lu-

1812 5103 2035 5170 gubrem
2069 5101 2362 5171 quamdam
2404 5111 2605 5155 vestem
2630 5116 2917 5157 maerorem
2960 5108 3208 5154 nostrum
3256 5099 3402 5154 hila-

1811 5197 1972 5248 ritate
2002 5204 2394 5264 permutantes.
2425 5192 2490 5246 Et
2520 5195 2782 5264 quoniam
2837 5195 3068 5247 alterum
3101 5191 3259 5246 nobis
3313 5191 3400 5245 lo-

1811 5285 2014 5352 quendi
2043 5293 2425 5354 argumentum
2466 5283 2535 5336 de
2594 5284 2810 5338 sincera
2848 5290 2903 5335 et
2932 5280 3191 5334 inviolata
3233 5279 3400 5333 Chri-

1811 5376 2117 5429 stianorum
2144 5375 2248 5428 fide
2281 5385 2465 5428 nostra
2493 5383 2608 5439 est;
2642 5374 2775 5429 illud
2807 5389 2931 5428 cum
2971 5371 3277 5430 reverentia
3311 5387 3403 5426 re-

1813 5465 1954 5520 ferre
1981 5469 2263 5529 audemus,
2307 5467 2471 5535 quod,
2501 5469 2548 5519 si
2593 5467 2895 5520 humanum
2952 5465 3229 5533 quidpiam
3255 5477 3403 5520 esset

1812 5560 1880 5615 de
1912 5576 2020 5630 quo
2049 5576 2230 5615 sermo
2274 5570 2376 5620 est.
2405 5570 2459 5614 et
2499 5561 2581 5614 vel
2611 5559 2662 5612 in
2694 5559 3029 5615 sanctissimi
3074 5559 3400 5628 patriarchae

1814 5653 1986 5708 nostri
2025 5662 2291 5722 potestate
2315 5652 2504 5718 situm,
2563 5653 2646 5706 vel
2673 5651 2728 5705 in
2795 5661 3017 5715 nostra;
3067 5666 3176 5706 non
3217 5652 3394 5705 solum

1813 5758 2004 5811 parum
2040 5743 2265 5814 aliquid,
2315 5744 2408 5797 sed
2442 5753 2610 5798 totum
2655 5745 2834 5813 ipsum
2864 5743 3056 5798 cedere
3081 5754 3395 5813 oporteret,

1810 5836 1882 5891 ita
1933 5837 2156 5906 jubente
2203 5837 2478 5892 mandato.
2541 5837 2676 5893 Cum
2720 5848 2900 5894 autem
2934 5836 2999 5891 de
3042 5837 3165 5895 ,1)εο
3212 5853 3392 5891 sermo
