3964 6320
607 373 740 440 1331

1803 375 1865 435 S.
1907 375 2300 436 THEODORI
2343 376 2690 436 STUDlTAi

3778 375 3903 436 1333

604 489 697 550 sit,
726 483 854 538 etin
887 482 1058 540 Deum
1090 483 1180 540 cui
1216 484 1464 538 serviunt
1487 484 1670 539 omnia
1705 504 1718 538 :
1756 501 1864 540 non
1914 487 2075 540 modo
2107 486 2194 541 hic

2311 489 2465 542 Ἐπεί)⁵
2494 489 2550 541 δὲ
2580 489 2708 559 περὶ
2749 487 2887 540 Θεοῦ
2917 489 3013 540 καὶ
3044 491 3120 550 εἰς
3158 487 3293 540 Θεὸν
3322 491 3348 540 ὁ
3389 486 3594 554 Λόγος,
3627 478 3698 539 οὗ
3746 485 3902 538 δοῦὶε

602 585 696 629 aut
726 574 835 639 ille,
887 574 982 628 sed
1036 589 1212 643 neque
1231 576 1276 629 si
1316 573 1515 629 Petrus
1542 584 1596 628 et
1629 573 1868 637 Paulus,
1922 590 2099 644 neque
2146 575 2194 631 si

601 667 920 734 angelorum
973 666 1248 736 quispiam
1331 666 1492 733 foret,
1549 667 1838 722 demutare
1905 668 2192 737 quidpiam

601 761 686 813 vel
715 759 1006 814 minimum
1041 761 1287 820 auderet.
1318 769 1580 830 tanquam
1612 776 1807 816 everso
1862 778 1926 816 ea
1983 763 2196 815 ratione

602 851 897 921 Evangelio
923 852 1200 907 universo.
1230 851 1349 906 Jam
1379 868 1512 907 vero
1533 869 1864 918 sermonem,
1913 855 2195 909 refellendi

601 961 786 1011 causa,
820 961 944 999 cum
980 945 1327 1001 heterodoxis
1348 946 1601 1001 conferre
1627 948 1930 1015 apostolico
1967 946 2196 1001 manda-

603 1050 658 1090 to
694 1047 962 1108 repugnat
991 1039 1036 1071 ⁸⁷
1080 1057 1093 1092 :
1139 1040 1479 1108 minimeque
1535 1041 1793 1094 convenit
1837 1040 1944 1094 nisi
1977 1040 2043 1093 ad
2073 1056 2196 1094 cor-

602 1131 904 1199 replionetn
936 1133 1334 1188 tantummodo.
1405 1131 1700 1202 Propterea
1731 1134 1937 1204 indigni
1991 1149 2092 1189 nos
2119 1133 2196 1203 pii

603 1223 815 1290 imperii
847 1223 1014 1276 vestri
1060 1223 1249 1278 [amuli
1301 1240 1370 1279 ne
1407 1224 1620 1280 hiscere
1655 1226 1876 1294 quidem
1908 1226 2194 1280 audemus.

603 1312 757 1379 Quod
784 1316 830 1368 si
855 1318 984 1384 quid
1009 1325 1093 1371 est
1115 1317 1385 1386 ejusmodi
1417 1317 1485 1372 de
1512 1333 1622 1386 quo
1649 1318 1889 1387 ambigat
1931 1328 2027 1372 aut
2059 1317 2197 1372 ditii-

602 1409 696 1459 dat
733 1406 920 1460 divina
973 1407 1380 1478 magniﬁcentia
1410 1419 1591 1464 vestra
1654 1409 1742 1479 pie
1797 1425 1827 1463 a
1885 1409 2194 1479 patriarcha

600 1499 825 1554 dissolvi
857 1516 1058 1570 posse;
1109 1502 1302 1571 jubeat
1337 1517 1534 1573 magna
1565 1504 1738 1573 ipsius
1767 1515 1821 1557 et
1852 1519 1880 1557 a
1913 1503 2022 1558 Deo
2061 1518 2195 1558 con-

603 1593 819 1645 ﬁrmata
887 1608 1110 1654 manus.
1174 1594 1323 1649 velut
1379 1595 1695 1648 divinorum
1762 1595 2073 1649 :emulatrix
2127 1595 2196 1650 ad

602 1698 950 1739 communem
979 1685 1286 1749 utilitatem,
1315 1703 1344 1741 a
1369 1696 1550 1742 vetere
1581 1687 1752 1742 ltoma
1782 1690 1987 1758 suscipi
2015 1689 2198 1742 decla-

605 1775 898 1842 rationem,
927 1787 1089 1845 prout
1115 1778 1244 1831 olim
1277 1789 1332 1833 et
1357 1780 1426 1833 ab
1460 1780 1614 1834 initio
1646 1791 1868 1850 paterna
1901 1782 2195 1836 traditione

2295 583 2363 636 τά
2389 583 2682 652 σύμπαντα
2702 599 2716 611 ο
2746 582 2842 651 οὐχ
2875 584 2902 634 ό
2936 581 3079 634 τίσδε
3125 581 3159 652 ἢ
3193 581 3337 633 τίσδε
3357 597 3372 610 ⁸
3408 581 3530 633 ἀλλ’
3560 580 3684 633 οὐδ’
3707 582 3768 632 εί
3805 581 3902 632 Πε-

2296 693 2424 747 τρος
2455 677 2550 728 καὶ
2585 674 2816 738 Παῦλος,
2842 673 2950 726 οὐδ’
2974 675 3041 728 ἀν
3069 691 3152 735 τις
3179 673 3284 724 τῶν
3311 673 3570 740 ἀγγέλων
3629 671 3751 741 εἴη,
3786 673 3897 723 ττι).-

2328 771 2525 837 μήσιεν
2551 766 2617 820 ἂν
2651 766 2753 820 κᾶν
2788 766 2848 818 τὸ
2878 765 3220 836 βραχύτατον
3261 765 3683 835 παρακινῆσαι·
3714 767 3797 826 ὡς
3824 765 3900 816 διὰ

2297 862 2486 915 τούτου
2517 860 2613 914 τοῦ
2638 861 2840 922 παντὸς
2861 861 3204 928 Εὑαγγελίου
3236 861 3729 930 ἀνατρεπομένου.
3762 862 3899 928 Πρός

2295 974 2355 1009 τε
2390 956 2451 1010 τὸ
2483 957 2712 1024 συνᾶραι
2733 955 2892 1022 λόγον
2913 955 3297 1025 ἀντιρῤητικδν
3334 953 3478 1024 μετά
3502 953 3618 1006 τῶν
3648 954 3898 1025 ἑτεροδό-

2299 1048 2405 1112 ξων
2437 1048 2874 1118 ἐναντιούμενον,
2917 1050 2983 1118 τῇ
3013 1049 3344 1116 ἀποστολικῇ
3396 1047 3776 1117 παραγγελία
3844 1049 3893 1096 οι

2298 1139 2564 1209 καθῆκον·
2601 1141 2650 1191 εἰ
2696 1139 2771 1208 μή
2823 1155 2876 1190 τι
2909 1139 3044 1208 πρὸς
3093 1136 3375 1190 νουθεσίαν
3422 1137 3617 1206 μόνον.
3665 1137 3784 1187 Καὶ
3818 1136 3897 1186 διε

2295 1229 2458 1283 τοῦτο
2490 1230 2538 1282 οἱ
2573 1229 2783 1295 ἀνάξιοι
2811 1227 2988 1281 δοῦλοι
3011 1228 3105 1281 τοῦ
3140 1227 3394 1290 εὐσεϐοῦς
3432 1227 3597 1294 ὑμῶν
3628 1229 3895 1297 κράτους,

2297 1324 2394 1376 καὶ
2426 1321 2622 1392 γρύξαι
2651 1323 2813 1391 μόνον
2843 1323 2906 1374 ού
2941 1320 3396 1389 κατατολμῶμεν.
3428 1320 3492 1373 Εἰ
3530 1320 3590 1372 δέ
3621 1337 3678 1372 τι
3720 1321 3890 1387 ἀμφι-

2298 1415 2628 1485 ϐαλλόμενον
2667 1415 2699 1485 ἢ
2734 1412 3136 1483 ἀπιστούμενον
3163 1415 3226 1482 τῇ
3269 1412 3391 1484 θείᾳ
3435 1412 3601 1481 ὑμῶν
3652 1412 3891 1481 μεγαλο-

2297 1507 2417 1577 νοίᾳ
2471 1506 2785 1560 διαλύεσθαι
2844 1506 2950 1558 ὑπὸ
3005 1504 3101 1557 τοῦ
3159 1504 3458 1576 ἀρχιερέως
3523 1502 3802 1565 εύσεϐὦςο
3861 1507 3887 1570 ἡ

2301 1599 2512 1670 μεγάλη
2564 1597 2658 1651 καὶ
2703 1599 3091 1667 θεοστήρικτος
3134 1596 3305 1666 αὐτῆς
3344 1598 3490 1665 χεὶρ,
3527 1595 3607 1658 ὡς
3661 1596 3888 1666 ζηλοτυ-

2298 1692 2478 1746 ποῦσα
2506 1690 2574 1744 τά
2613 1691 2732 1744 θεῖα
2779 1691 2867 1742 ἐπ’
2901 1689 3140 1760 ὠφελείᾳ
3174 1688 3267 1741 τοῦ
3301 1689 3533 1750 παντὸς,
3569 1689 3889 1741 κελευσάτω

2299 1783 2452 1853 παρὰ
2477 1785 2574 1853 τῆς
2607 1782 2986 1854 πρεσϐυτέρας
3035 1781 3254 1850 Ῥώμης
3275 1779 3534 1844 δέξασθαι
3557 1779 3665 1848 τὴν
3704 1780 3889 1832 διαςὰ-

605 1872 971 1928 transmissus
1010 1888 1134 1929 mos
1169 1874 1294 1928 fuit.
1351 1873 1477 1930 Haec
1533 1877 1701 1940 enim,
1739 1877 1944 1931 Christi
2005 1878 2199 1933 a:mule

2305 1892 2492 1946 φησιν,
2528 1876 2603 1937 ὠς
2634 1874 2842 1928 ἀνωθέν
2867 1892 2926 1927 τε
2956 1876 3048 1927 καὶ
3087 1873 3148 1936 ἐξ
3170 1872 3346 1942 ἀρχῆς
3378 1871 3891 1942 πατροπαραδότιις

601 1964 922 2033 imperator,
955 1981 1212 2036 suprema
1247 1979 1330 2022 est
1361 1970 1732 2024 Ecclesiarum
1796 1971 1911 2034 Dei,
1973 1971 2029 2024 in
2088 1986 2195 2039 qua

601 2052 800 2109 Petrus
835 2059 1018 2111 sedem
1048 2060 1256 2125 primus
1276 2063 1474 2123 tonuit,
1501 2063 1566 2115 ad
1611 2077 1773 2131 quem
1804 2061 2069 2116 Dominus
2111 2062 2196 2115 di-

602 2145 681 2197 xit
708 2158 728 2197 .'
755 2145 827 2198 Tu
858 2162 911 2199 es
941 2147 1126 2201 l’etrus
1149 2159 1198 2201 et
1218 2164 1374 2216 super
1403 2150 1538 2202 lianc
1567 2162 1772 2217 petram
1797 2152 2075 2219 wdiﬁcabo
2099 2151 2198 2202 Ec-

600 2235 820 2290 clesium
846 2254 1037 2303 meam,
1056 2249 1104 2293 et
1130 2251 1298 2308 porta:
1323 2242 1482 2311 inferi
1498 2259 1600 2294 non
1622 2243 1977 2311 prwvalebunt
2007 2250 2195 2295 aduer-

601 2345 694 2383 ειη
749 2347 870 2382 eam
906 2331 971 2384 ⁸⁸.
1023 2331 1150 2387 Haec
1171 2344 1254 2387 est
1288 2335 1637 2404 indignorum
1685 2334 2017 2389 famulorum
2073 2345 2198 2389 tuo-

601 2434 727 2474 rum
789 2421 1141 2489 postulatio:
1186 2425 1304 2479 haec
1367 2436 1557 2480 nostra
1618 2427 1842 2481 humilis
1895 2427 2196 2481 secundum

605 2510 777 2564 Deum
801 2511 1136 2568 exhortatio.
1172 2511 1365 2567 Valida
1397 2531 1501 2583 ego
1538 2515 1630 2572 Dei
1680 2532 1877 2571 manus
1916 2528 2096 2571 servet
2147 2528 2198 2569 te

604 2603 812 2656 mundo
843 2603 1284 2671 desiderabilem,
1319 2607 1582 2678 piumque
1615 2607 2060 2663 Christianorum
2089 2608 2197 2661 im-

603 2701 936 2763 peratorem,
999 2696 1067 2750 ad
1126 2697 1328 2751 multos
1387 2715 1562 2757 annos
1598 2703 1970 2770 superstitem,
2029 2710 2082 2755 et
2129 2700 2197 2754 ad

606 2798 848 2853 ﬁliorum
900 2797 1045 2851 ﬁlios
1077 2795 1369 2866 imperium
1408 2796 1869 2848 transmittentem
1905 2809 2030 2848 cum
2068 2807 2197 2862 pro-

605 2890 786 2958 speris
815 2889 1196 2951 successibus,
1231 2888 1586 2957 hostiumque
1627 2895 1684 2941 et
1715 2886 2066 2939 inimicorum
2117 2885 2197 2937 vi-

607 2982 820 3036 ctoriis.
846 2980 991 3046 Fiat,
1019 2981 1142 3034 fiat!

679 3091 1071 3148 LXXXVII.—-
1108 3091 1385 3215 Episclepis
1422 3101 1637 3214 pi'opter
1705 3089 1985 3144 Dominum
2041 3107 2198 3142 exsu-

1289 3182 1304 3215 ι
1347 3179 1442 3215 usi
1501 3175 1532 3215 i.

1289 3175 1404 3215 rbus
1433 3175 1532 3231 tl).

2300 1967 2546 2036 ἐξεδόθη,
2587 1966 2735 2036 Αὕτη
2773 1964 2902 2034 γὰρ,
2937 1965 3340 2036 χριστομίμητε
3372 1961 3631 2032 βασιλεῦ,
3669 1964 3706 2032 ἡ
3733 1979 3892 2033 κορυ-

2300 2058 2566 2127 φαιοτάτη
2593 2056 2701 2109 τῶν
2729 2056 3068 2126 Ἐκκλησιῶν
3087 2055 3179 2108 τοῦ
3203 2055 3360 2118 Θεοῦ,
3393 2049 3460 2126 ἦς
3493 2056 3714 2125 Πέτρος
3746 2073 3891 2125 πρωρ

2298 2151 2569 2224 τόθρονος,
2596 2151 2733 2222 πρὸς
2759 2151 2819 2204 ὃν
2849 2153 2877 2205 ό
2904 2151 3110 2220 Κύριός
3131 2166 3284 2221 φησιο
3319 2150 3401 2204 Σὺ
3431 2146 3490 2203 εἷ
3515 2151 3775 2218 Πέτρος,
3801 2150 3891 2202 καί

2297 2244 2394 2296 ἐπὶ
2424 2245 2613 2310 ταύτῃ
2637 2243 2713 2311 τῇ
2738 2243 2923 2312 ,πέτρᾳ
2944 2242 3319 2313 οικοδομὴσω
3340 2260 3454 2305 μου
3480 2243 3603 2310 τὴν
3636 2243 3892 2307 Ἐκκλη-

2298 2336 2470 2387 σίανο
2504 2335 2602 2387 καὶ
2631 2334 2820 2387 πύλαι
2848 2333 2997 2400 ᾅδου
3041 2336 3114 2387 οὐ
3147 2333 3652 2400 κατισχύσουσιν
3679 2331 3886 2398 αὐτῆς.

2299 2426 2470 2479 Τοῦτο
2515 2425 2674 2495 ήμῶν
2709 2427 2767 2477 τὸ
2805 2425 3016 2493 αἴτημα
3065 2425 3175 2478 τῶν
3214 2425 3451 2490 ἀναξίων
3496 2425 3712 2478 δούλων
3758 2442 3886 2477 σου·

2300 2519 2437 2588 αὕτη
2472 2518 2570 2571 σὺν
2601 2516 2721 2588 Θεῷ
2750 2519 2782 2589 ἡ
2834 2517 3182 2588 παράκλησις
3217 2516 3325 2570 τῶν
3365 2517 3886 2586 τεταπεινωμένων.

2312 2611 2376 2664 Ἦ
2404 2611 2639 2680 κραταιά
2669 2606 2761 2662 οὖν
2787 2609 2909 2679 χεὶρ
2938 2608 3031 2661 τοῦ
3063 2607 3200 2661 θεοῦ
3232 2607 3394 2671 σώζοι
3427 2625 3511 2668 σε,
3553 2609 3655 2662 τὸν
3692 2625 3890 2677 κοσμο-

2301 2704 2536 2773 πόθητον
2573 2704 2666 2755 καὶ
2697 2701 2926 2772 θεοφιλῆ
2967 2700 3080 2765 τὸν,
3119 2699 3343 2774 βασιλέα
3363 2700 3473 2753 τῶν
3515 2700 3883 2770 Χριστιανῶν,

2300 2797 2360 2848 ἐν
2419 2795 2635 2858 πολλοῖς
2671 2797 2886 2864 χρόνοις
2928 2793 3368 2862 διατεινόμενον.
3421 2793 3518 2844 καὶ
3562 2793 3650 2854 είς
3693 2792 3884 2851 παῖδας

2298 2887 2507 2940 παίδων
2537 2887 2598 2938 τὸ
2632 2888 2834 2956 κράτος
2873 2885 3173 2956 ἀμείϐοντα
3223 2886 3281 2938 ἐν
3327 2884 3662 2954 εὐημερίαις
3707 2902 3764 2938 τε
3799 2886 3885 2936 καὶ

2299 2978 2478 3041 νίκαις
2509 2977 2723 3047 ἐχθρῶν
2749 2994 2809 3029 τε
2843 2978 2936 3030 καὶ
2957 2976 3255 3047 πολεμίων.
3293 2977 3331 3029 Γ
3337 2977 3534 3038 ἐνοιτο.
3565 2977 3817 3046 γένοιτοί

2301 3087 2374 3155 (ιι)
2408 3085 2601 3140 IIZ'.—-
2633 3085 3018 3150 Ἐπισκόποις
3060 3085 3158 3230 sila
3173 3089 3402 3230 ἔίύίίιον
3432 3088 3884 3159 πεφυγαδευμέ.

2917 3175 3068 3224 νοις.
3132 3176 3167 3227 φ
3205 3166 3272 3228 η’.

2917 3175 3068 3224 νοις.
3107 3166 3272 3228 [φξτί.

1253 3279 1489 3329 Adoratio
1511 3279 1692 3329 Christi
1718 3278 1942 3340 imaginis
1965 3278 2213 3340 quomodo
2236 3276 2585 3340 intelligenda.
2611 3274 2811 3340 (Baron.
2839 3291 2917 3325 an.
2944 3277 3056 3335 816,
3084 3290 3131 3324 ιι.
3161 3274 3262 3337 Π.)

676 3385 816 3441 Cum
855 3385 922 3439 de
945 3382 1299 3438 beatitudinis
1330 3395 1522 3439 vestrae
1545 3386 1707 3440 rebus
1737 3401 1910 3455 nuper
1943 3400 2041 3456 ego
2098 3385 2202 3439 hu-
2228 3390 2273 3449 C

608 3477 756 3531 milis
810 3475 1164 3537 audivissem,
1223 3474 1410 3530 Patres
1467 3476 1942 3540 desideratissimi,
1982 3474 2201 3544 gavisus

607 3586 731 3626 sum
758 3584 1110 3640 magnopere,
1147 3578 1200 3624 et
1247 3571 1512 3638 optimum
1567 3567 1736 3622 Deum
1775 3578 2022 3622 nostrum
2085 3567 2200 3622 cnl-

608 3662 867 3717 laudavi:
917 3661 1063 3731 quod
1097 3677 1204 3715 non
1257 3661 1420 3714 etiam
1466 3662 1650 3716 videre
1709 3677 1828 3726 vos,
1885 3677 1983 3714 nec
2014 3661 2202 3730 gratia}

610 3751 771 3810 donis
795 3770 918 3825 quae
946 3755 996 3808 in
1031 3755 1186 3809 vobis
1217 3765 1353 3808 sunt
1373 3754 1477 3808 frui
1508 3755 1683 3818 licuit,
1712 3755 2036 3822 permoleste
2076 3755 2197 3810 tuli.

611 3845 846 3902 Visurus
874 3847 1146 3916 siquidem
1174 3862 1322 3899 eram
1358 3846 1611 3901 homines
1642 3845 1758 3909 Dei,
1787 3846 2071 3916 episcopos
2095 3846 2202 3899 Do-

609 3938 768 4003 mini,
802 3939 992 3993 beatos
1024 3939 1192 4000 viros.
1224 3939 1409 3992 mundi
1435 3939 1662 4003 lumina,
1690 3939 1812 3992 ﬁdei
1837 3940 2196 4002 firmamenta,

609 4030 735 4086 etsi
776 4031 906 4100 quid
958 4031 1102 4086 aliud
1157 4032 1374 4085 honesti
1421 4043 1526 4097 est,
1576 4047 1689 4084 rem
1741 4033 1859 4099 ejus
1883 4046 1947 4084 ac
2001 4047 2198 4084 nomen

609 4121 942 4178 obtinentes.
986 4121 1031 4178 Ο
1055 4123 1365 4191 iacturam!
1401 4138 1435 4177 ο
1479 4124 1840 4177 calamitatem
1877 4125 1889 4176 ε
1925 4122 2029 4177 Sed
2063 4123 2202 4176 mul-

610 4225 663 4269 ta
715 4215 977 4269 nimirum
1062 4223 1286 4284 peccata
1342 4224 1531 4270 nostra
1607 4217 1773 4286 hujus
1824 4232 1986 4271 casus
2043 4218 2201 4271 nobis

609 4322 774 4361 causa
803 4306 1050 4361 fuerunt.
1079 4305 1188 4361 Nec
1215 4307 1330 4376 jam
1382 4307 1653 4362 miramur
1681 4307 2074 4373 infortunium,
2106 4309 2201 4362 sed

611 4398 901 4455 oﬂ‘erimus
950 4399 1432 4468 supplicationem.
1465 4400 1604 4467 Quid
1639 4401 1781 4456 istud
1836 4411 2015 4455 autem
2055 4401 2078 4453 ?
2131 4399 2200 4454 Ut

608 4491 755 4561 quod
788 4491 985 4556 defuit,
1007 4491 1206 4547 litteris
1258 4494 1648 4562 compensetis,
1685 4493 2043 4558 instruentes,
2076 4491 2198 4544 illu-

612 4583 907 4648 minantes,
965 4582 1380 4650 conﬁrmantes,
1436 4586 1793 4641 ostendentes
1851 4601 2200 4655 quazcunque

608 4685 737 4724 vera
769 4680 919 4737 sunt,
956 4686 1081 4740 quae
1139 4670 1391 4739 honesta,
1447 4689 1571 4743 quae
1599 4674 1769 4743 jnsta,
1803 4691 1925 4745 quae
1974 4676 2040 4728 ad
2074 4676 2196 4730 ﬁdei

2381 3386 2540 3456 Ἀρτι
2572 3384 2921 3446 ἀκουτισθεὶς
2949 3386 2977 3437 ὁ
3007 3384 3263 3446 ταπεινὸς
3283 3385 3366 3451 {sit
3395 3387 3527 3454 περὶ
3564 3385 3671 3456 τῆς
3709 3404 3881 3456 μακε.

2307 3478 2553 3546 ριότητος
2589 3476 2764 3546 ὑμῶν,
2801 3471 2847 3528 ὦ
2878 3474 3194 3546 τριπόθητοι
3230 3477 3492 3547 Πατέρες,
3530 3476 3658 3531 λίαν
3693 3481 3882 3549 ἣσθην,

2303 3571 2396 3621 καὶ
2427 3568 2655 3632 ἐδόξασα
2683 3567 2776 3620 τὸν
2803 3567 3005 3635 ἀγαθὸν
3037 3568 3195 3638 ἡμῶν
3229 3568 3380 3624 Θεόν,
3424 3569 3550 3622 Ὀτι
3581 3571 3710 3624 οὐδὲ
3730 3572 3881 3639 ἠξιω-

2303 3657 2403 3730 θην
2434 3660 2565 3712 ίδεῖν
2593 3660 2760 3731 ὑμᾶς,
2787 3662 2877 3713 καὶ
2899 3660 3209 3713 ἀπολαῦσαι
3235 3660 3344 3712 τῶν
3373 3661 3431 3712 ὲν
3459 3661 3591 3730 ὑμῖν
3613 3665 3881 3733 χαρισμὰο

2301 3767 2434 3815 των,
2471 3750 2566 3805 καὶ
2600 3753 2738 3806 πάνυ
2775 3751 3024 3820 ἠνιάθην.
3068 3749 3334 3821 Ἐμελλον
3365 3752 3474 3822 γὰρ
3507 3753 3646 3823 όρᾷν
3675 3755 3854 3826 ἀνθρώ

2304 3861 2440 3906 πους
2486 3844 2644 3907 Θεοῦ,
2697 3844 2960 3915 ίεράρχας
3013 3844 3241 3915 Κυρίου,
3303 3843 3614 3914 μακαρίους
3663 3844 3874 3914 ἀνδρας,

2303 3941 2601 4011 φωστῆρας
2645 3937 2889 4007 κόσμου,
2945 3937 3250 4007 ἐρείσματα
3287 3938 3531 3999 πίστεως
3571 3939 3628 3991 εί
3673 3957 3727 3992 τι
3761 3939 3876 3993 ἀλὶο

2303 4030 2413 4083 τῶν
2455 4029 2660 4093 καλῶν,
2702 4030 2796 4081 καὶ
2829 4029 2990 4090 ὄντας
3020 4029 3115 4082 καὶ
3163 4029 3628 4100 ὀνομαζομένους.
3682 4035 3745 4085 Ὃ
3784 4033 3872 4096 τῆξ

2303 4119 2543 4190 ζημίαςί
2593 4119 2638 4170 ὣ
2670 4118 2770 4183 τῆς
2817 4118 3133 4188 συμφορᾶςί
3176 4119 3322 4190 Πλὴν
3370 4121 3425 4172 αί
3479 4121 3682 4174 πολλαὶ
3729 4125 3873 4191 ἡμῶν

2304 4211 2570 4282 ἁμαρτίαι
2600 4213 2770 4265 αἴτιον
2789 4209 2885 4263 τοῦ
2913 4211 3343 4282 συμϐεϐηκότος.
3376 4211 3488 4264 Καὶ
3517 4212 3578 4264 ού
3603 4211 3870 4282 θαυμάζω-

2306 4320 2404 4372 μεν
2430 4303 2528 4372 τὴν
2560 4303 2785 4372 ἀτυχίαν
2804 4316 2819 4330 ⁶
2864 4301 3001 4355 ἀλλὰ
3030 4301 3410 4373 προϐάλλομεν
3440 4302 3540 4373 τὴν
3574 4305 3864 4375 ἱκετηρία-ι.

2301 4394 2367 4447 Τί
2412 4393 2605 4460 τοῦτο;
2643 4395 2730 4447 ἵνα
2763 4393 3054 4464 γράμμασι
3087 4395 3568 4466 παραμυθήσησθε
3613 4398 3717 4467 τὴν

2300 4487 2497 4555 λειψιν,
2525 4485 2924 4550 νουθετοῦντες,
2957 4486 3306 4555 φωτιοῦντες,
3338 4487 3717 4559 στηρίζοντες,
3751 4491 3864 4544 ὓπο-

2302 4584 2582 4652 φαίνοντες
2610 4583 2711 4636 ὅσα
2739 4581 2891 4634 ἐστὶν
2929 4581 3130 4652 ἀληθῆ,
3154 4583 3254 4636 ὅσα
3294 4583 3488 4652 σεμνά.
3525 4583 3631 4637 ὅσα
3675 4586 3861 4642 δίκαια.

2300 4676 2400 4728 ὅσα
2430 4675 2746 4736 ἐνστατικὰ,
2775 4675 2876 4728 ὅσα
2907 4674 3123 4727 ἐναθλα.
3160 4673 3227 4728 Et
3247 4692 3332 4738 τις
3367 4675 3562 4746 ἀρετὴ,
3600 4680 3698 4730 καὶ
3726 4681 3774 4731 εί
3792 4695 3861 4738 τις

609 4761 986 4817 defensionem
1069 4777 1133 4818 ac
1163 4773 1442 4820 certamen
1472 4767 1690 4821 idonea.
1723 4768 1781 4822 Si
1825 4783 1932 4836 qua
1971 4768 2144 4822 virtus
2178 4807 2193 4833 ,

2302 4767 2518 4830 ἔπαινος
2539 4765 2852 4837 ὁμολογίας,
2889 4766 3066 4820 ταῦτα
3095 4768 3359 4838 γράφοιτε
3383 4784 3396 4798 ·
3431 4769 3529 4821 καὶ
3562 4769 3686 4834 πῶς
3712 4789 3859 4841 προσ-

610 4856 655 4910 si
686 4871 793 4925 qua
824 4855 947 4911 laus
978 4855 1365 4923 confessionis,
1401 4858 1542 4913 hanc
1579 4861 1934 4930 praescribite,
1965 4869 2017 4914 et
2065 4876 2203 4929 quo—

611 4945 776 5002 modo
825 4947 1142 5002 adorandus
1173 4949 1245 5002 sit
1294 4949 1534 5020 imagine
1572 4967 1870 5019 expressus
1899 4951 2151 5005 Christus
2186 4990 2201 5014 ,

611 5039 942 5110 homonyme
981 5055 1054 5093 an
1082 5055 1435 5113 synonyme:
1480 5045 1742 5114 quoniam
1785 5045 2020 5099 alterum
2079 5045 2204 5114 qui-

609 5131 734 5186 dem
773 5132 1120 5198 orthodoxae,
1177 5135 1413 5190 alterum
1450 5151 1580 5193 vero
1629 5138 1920 5193 contrariae
1962 5147 2047 5194 est
2077 5153 2202 5194 sen-

2300 4858 2565 4930 κυνητέον
2625 4856 2862 4928 Χριστὸν
2932 4856 3426 4927 ἐγγεγραμμένον,
3481 4861 3858 4931 ὁμωνύμωςῆ

2301 4953 2655 5022 συνωνύμως,
2697 4949 2885 5020 ἐπειδὴ
2941 4949 3004 5002 τὸ
3040 4949 3141 5020 μὲν
3178 4949 3511 5019 ὀρθοδοξίας,
3543 4952 3605 5005 τὸ
3633 4953 3692 5006 δέ
3731 4956 3860 5007 dm-

2297 5043 2513 5108 δοξίαςο
2547 5044 2641 5096 καὶ
2694 5041 2811 5104 πῶς
2855 5040 2956 5109 τῆς
3002 5045 3427 5112 προσκυνήσεως
3463 5046 3769 5114 νοουμένης
3796 5048 3861 5107 εἰς

2298 5136 2533 5204 Χριστόν
2567 5153 2628 5188 τε
2665 5135 2763 5188 καὶ
2801 5135 2901 5205 τὴν
2943 5133 3109 5188 αὑτοῦ
3161 5133 3382 5196 εἰκόνα,
3442 5137 3580 5205 μιᾶς
3628 5137 3662 5206 ἢ
3703 5141 3858 5191 δυεῖν·

608 5225 790 5280 tentias
813 5228 862 5259 ”
907 5243 925 5280 :
960 5235 1016 5282 et
1053 5228 1336 5297 quomodo
1371 5229 1708 5302 intelligatur
1761 5231 2008 5286 adoratio
2070 5247 2199 5303 erga

2302 5229 2488 5299 ἐπειδὴ
2508 5229 2570 5282 τὸ
2606 5229 2728 5299 μὲν,
2757 5229 3061 5299 ήμέτερονο
3103 5226 3164 5278 τὸ
3193 5226 3272 5290 δὲ,
3303 5226 3414 5280 τῶν
3453 5228 3859 5301 Εἰκονομάχωνς

608 5317 894 5374 Christum
973 5318 1208 5390 ejusque
1271 5321 1619 5392 imaginem:
1674 5339 1858 5378 unane
1899 5338 1968 5379 an
2025 5323 2193 5390 dum;

607 5413 868 5478 quoniam
893 5413 1125 5467 alterum
1156 5413 1376 5484 quidem
1418 5425 1664 5472 nostrum
1686 5426 1791 5484 est,
1811 5417 2041 5472 alterum
2068 5432 2198 5472 vero

2301 5320 2381 5380 ὧν
2407 5323 2512 5393 γὰρ
2543 5323 2642 5393 μία
2665 5324 2699 5393 ἡ
2731 5319 3069 5390 ὑποστατικὴ
3096 5319 3357 5389 ὁμοίωσις
3378 5362 3392 5385 ,
3419 5322 3632 5376 τούτων
3664 5325 3759 5395 μία
3783 5329 3858 5376 καί

2305 5418 2339 5487 ἡ
2364 5415 2505 5486 αὑτὴ
2531 5413 2921 5485 προσκύνησις·
2953 5411 3105 5483 παρὰ
3133 5412 3195 5462 τὸ
3217 5409 3316 5481 τὴν
3339 5410 3536 5466 οὐσίαν
3555 5414 3657 5482 τῆς
3676 5417 3857 5476 εἰκόνος

679 5527 722 5556 ⁸⁷
748 5525 855 5581 Tit.
884 5542 965 5600 ιιι.
1003 5527 1086 5582 l0.
1128 5528 1208 5600 ﬁ”
1233 5528 1423 5584 Matth.
1470 5548 1581 5596 xvi,
1631 5533 1717 5587 l8.
1792 5534 1838 5564 "
1881 5531 1955 5587 Ea
1974 5531 2040 5587 de
2062 5547 2121 5587 re
2152 5530 2429 5588 Petavius.
2489 5532 2582 5586 lib.
2636 5547 2664 5584 v
2700 5530 2774 5584 De
2830 5530 3091 5584 incarnat.
3136 5545 3256 5597 cup.
3324 5531 3378 5594 8,
3426 5550 3480 5586 n.
3531 5534 3594 5585 l0
3633 5554 3646 5600 -,
3701 5545 3751 5588 et
3778 5536 3855 5590 lib.

606 5613 698 5662 xv,
735 5614 854 5665 cap.
905 5599 988 5661 l5,
1027 5616 1080 5651 ιι.
1124 5598 1176 5651 5.

2132 5733 2338 5789 ΝΟΤΞ
2351 5772 2362 5787 .

679 5857 756 5929 (ι)
793 5856 975 5912 Videri
1007 5867 1187 5911 tamen
1222 5855 1395 5924 possit
1436 5853 1638 5924 scripta
1671 5863 1793 5924 post
1829 5863 2058 5909 mortem
2095 5851 2199 5908 Leo

2303 5893 2316 5908 ο
2462 5855 2593 5911 COd.
2636 5852 2746 5924 Reg
2804 5857 2968 5927 Ἀρχὴ
2997 5856 3201 5925 βιϐλίου
3222 5858 3291 5927 γ’,
3321 5863 3538 5918 initium
3572 5866 3693 5919 libri
3713 5873 3853 5925 teriti-
