3964 6320
48 378 222 443 1333
1305 385 1709 447 EPIS'I'OLAH

1815 387 1841 446 l
1922 384 2065 446 LIB.
2104 387 2177 445 lI.
3236 385 3370 450 1334

53 489 349 559 μήτιπου
383 492 828 562 προσκυνεῖσθαι.
865 487 1034 558 Οὗτος
1059 497 1086 548 6
1110 495 1306 566 μικρὸς
1343 495 1496 565 ἡμῶν
1533 494 1690 563 λόγος

1820 494 2337 548 conomachorum?
2387 493 2633 561 Quorum
2678 495 2824 550 enim
2878 512 2986 551 una
3031 507 3112 550 est
3162 507 3216 551 et
3267 499 3368 568 hy-

45 584 592 653 ὑπομνηματικὸς,
632 585 746 638 ἀλλ’
800 587 859 638 οὑ
907 585 1213 651 διδακτικός
1241 603 1253 616 ο
1312 587 1467 657 ὑμῶν
1513 586 1571 638 δὲ
1613 585 1685 639 τὰ,

1815 586 2051 640 ιοδιδιίσιι
2085 586 2406 650 similitudo,
2441 586 2636 641 horum
2685 604 2791 642 una
2835 597 2883 642 et
2921 589 3110 641 eadem
3133 597 3216 642 est
3239 589 3372 641 ado-

39 672 401 742 τελεώτερα
423 678 640 738 πάντως
657 675 932 738 τοσοῦτον,
951 677 1074 729 ὅσον
1109 678 1204 730 καὶ
1218 677 1279 729 τὸ
1307 673 1684 744 καθυπερέχον

1819 673 1928 728 atio
1964 691 1976 726 :
2012 685 2374 745 praeterquam
2417 679 2562 746 quod
2617 677 2872 747 imaginis
2935 678 3239 733 substantia
3273 696 3372 732 ηιμ

48 765 164 818 :06
201 765 550 836 χρίσματος·
589 769 673 837 ἐφ’
709 761 754 836 ᾧ
782 768 1023 838 τελοίητε
1049 767 1140 821 τὸν
1168 768 1532 841 προκείμενον
1560 766 1684 835 δρό-

1815 782 2068 836 utaqnam
2112 766 2398 822 adoratur.
2453 769 2552 826 Hic
2588 773 2767 826 tenuis
2824 782 2908 826 est
2945 786 3126 828 sermo
3187 781 3374 825 noster

55 876 181 928 μον
226 859 570 928 ὁσιώτατοι,
619 863 1003 933 ἀνδρειότατα·
1037 861 1112 926 ὼς
1151 859 1560 933 ἀποληψόμενοι
1596 858 1688 912 τὸν

1815 862 2276 926 somnionitorius,
2336 878 2445 916 non
2504 865 2570 916 ad
2614 864 2921 919 docendum
2967 875 3320 933 comparatus
3359 882 3371 917 :

53 954 178 1023 τῆς
227 952 595 1024 δικαιοσύνης
631 956 919 1024 στέφανον.

1815 963 1971 1009 ’θειιει
2003 965 2188 1009 autem
2243 965 2396 1012 tanto
2447 973 2673 1027 prorsus
2745 958 3101 1029 perfectiora,
3169 966 3376 1028 quanto

53 1047 476 1113 supereminet
503 1044 738 1114 dignitas
794 1046 1107 1102 unctionis:
1139 1048 1192 1102 in
1223 1062 1331 1118 qua
1363 1051 1687 1116 praesentem
1727 1058 1953 1099 cursum
1985 1044 2216 1101 viriliter
2269 1050 2529 1118 peragite,
2577 1050 2932 1114 sanctissimi,
2976 1059 3236 1118 tanquam
3287 1048 3377 1117 ju-

54 1137 252 1191 stitiae
293 1153 562 1192 coronam
592 1141 924 1211 percepturi.

391 1274 526 1328 Illl'.
572 1304 641 1315 —
693 1274 947 1345 Ἀμμοῦν
982 1272 1193 1336 τέκνῳ.
1238 1273 1426 1346 [φξθ¹.]

2157 1271 2240 1324 LX
2255 1271 2563 1328 XXVlll.-—
2601 1277 2845 1330 Ammoni
2890 1278 3025 1345 lilio.

699 1411 988 1462 Monachum
1010 1417 1301 1473 apostatam,
1329 1414 1476 1460 etiam
1501 1412 1733 1474 coujugio
1756 1411 2076 1474 implicatum,
2096 1412 2156 1461 ad
2187 1411 2528 1476 paenitentiam
2551 1412 2757 1462 excitat.

144 1548 337 1613 Οῑμοι
384 1544 445 1612 ἐξ
474 1546 646 1615 αὐτῆς
686 1545 940 1613 βαλϐίδος
979 1545 1082 1616 τῆς
1123 1547 1418 1616 ἐπιστολῆς
1451 1547 1548 1599 καὶ
1579 1561 1700 1597 στε-

60 1639 307 1708 ναγμὸν
345 1637 658 1706 ἀναπέμπω
692 1639 755 1689 ὲκ

64 1731 451 1801 ἀναμίγνυμι
484 1729 562 1800 τῷ
598 1729 789 1800 μέλανι
820 1730 906 1798 ἐφ’
950 1724 1031 1793 οἷς
1057 1731 1388 1803 ἡκουτίσθην
1423 1733 1554 1802 περὶ
1584 1732 1700 1795 σοῦ,

65 1823 322 1891 ἀδελφέ.
357 1824 498 1875 Φασὶ
535 1822 646 1892 γὰρ
677 1823 1094 1893 ἀπορῤίψασθαί
1124 1841 1182 1875 σε
1220 1826 1281 1876 :6
1314 1824 1469 1892 ἅγιον
1497 1825 1701 1894 ἔνδυμα

66 1916 173 1970 :06
230 1914 512 1984 μοναχοῦ,
556 1918 652 1966 καὶ
697 1914 870 1968 τελεῖν
922 1917 979 1966 ἐν
1031 1915 1261 1978 λαϊκοῖς,
1321 1917 1415 1969 καὶ
1464 1920 1699 1984 γυναῖκα

70 2007 420 2076 περιάγειν.
451 2007 513 2058 Ὢ
542 2005 639 2058 τοῦ
673 2006 907 2060 ἐλεεινοῦ
940 2006 1323 2076 ἀκούσματοςι
1361 2006 1405 2060 ὣ
1435 2009 1531 2079 τῆς
1556 2008 1699 2079 ἐμῆς

74 2099 439 2170 συμφορᾶςξ
491 2095 627 2167 Ἐμη
661 2097 770 2170 γὰρ
794 2100 827 2165 ἡ
871 2097 962 2168 σὴ,
991 2098 1202 2161 τέκνον,
1237 2098 1506 2168 ἁμαρτία,
1557 2100 1700 2152 κατὰ

72 2194 173 2245 τὸν
209 2192 326 2260 τῆς
366 2191 644 2262 πατρικῆς
691 2189 1038 2260 συμπαθείας
1074 2189 1297 2260 τρόπον.
1347 2188 1458 2242 [106
1497 2190 1558 2242 :6
1585 2191 1701 2258 φῶς

73 2284 184 2353 τῆς
219 2285 481 2345 διανοίας
501 2297 514 2346 ;
538 2281 643 2334 7:06
666 2284 762 2353 τῆς
790 2283 1007 2346 ἐλπίδος
1027 2282 1088 2334 :6
1111 2282 1308 2352 πτερόν
1330 2299 1344 2346 ;
1379 2281 1483 2334 7:06
1515 2285 1541 2334 6
1563 2282 1702 2354 ἔρως

75 2381 105 2431 6
131 2379 284 2445 πρὸς
308 2377 412 2431 τὸν
439 2376 602 2442 Θεόν;
636 2376 740 2428 ποῦ
768 2375 871 2443 τῆς
899 2377 1140 2438 πίστεως
1165 2377 1193 2428 6
1225 2375 1451 2444 θυρεός;
1480 2375 1583 2428 ποῦ
1606 2373 1702 2427 :06

75 2470 425 2540 λογιστικοῦ
487 2470 550 2522 :6
602 2469 888 2538 κριτικόν;
945 2467 1050 2519 ποῦ
1105 2468 1134 2520 6
1189 2466 1442 2519 ἐντεῦθεν
1493 2467 1702 2537 κόσμου

77 2562 377 2632 δρασμὸς;
419 2559 522 2612 ποῦ
552 2561 584 2629 ἡ
616 2557 1008 2626 ὲγκατάλειψις
1035 2556 1295 2609 ἁπάντων
1321 2555 1430 2607 τῶν
1453 2557 1546 2608 ἐπὶ
1570 2556 1703 2624 γῆςς

82 2657 195 2710 ποῦ
245 2659 282 2727 ἡ
342 2655 648 2709 ἐπιστασία
683 2654 781 2722 τῆς
828 2653 1040 2722 μονῆς;
1089 2650 1193 2705 ποῦ
1226 2653 1259 2721 ἡ
1302 2651 1706 2713 εὐκατάνυκτος

83 2750 396 2822 παραδοχὴ
456 2752 554 2819 τῆς
616 2747 904 2817 εἱσδοχῆς;
963 2746 1066 2799 ποῦ
1113 2749 1145 2816 ὴ
1206 2747 1547 2816 στοιχείωσις
1604 2747 1705 2816 τῆς

85 2842 462 2910 κοινςὸιακῆς
495 2840 669 2909 ζωῆς;
716 2838 818 2891 7:06
874 2841 904 2908 ἡ
950 2839 1256 2907 φωτιστικὴ
1306 2839 1699 2910 ὲξαγόρευσιςς

88 2935 197 2986 7:06
240 2951 344 2987 σου
385 2933 458 2984 τὰ
500 2931 642 2984 καλά
670 2931 922 3001 δάκρυα;
963 2929 1067 2982 7:06
1097 2932 1129 2998 ἡ
1166 2929 1512 3000 εὐλαϐοειδὴς
1558 2929 1704 2994 ἕξις

88 3025 197 3078 7:06
231 3027 266 3094 ἡ
306 3026 379 3077 ὲκ
415 3023 511 3076 τοῦ
546 3023 915 3093 πληρώματος
948 3022 1050 3092 τῆς
1083 3020 1448 3091 ἀδελφότητος
1493 3037 1707 3091 μαρτυ-

93 3115 220 3187 pia;
259 3115 375 3169 7:06
433 3117 466 3185 ἡ
506 3116 599 3166 ἐπὶ
645 3113 741 3167 τοῦ
796 3114 942 3184 ἱεροῦ
982 3113 1226 3185 βήματος
1255 3113 1553 3182 ὁμολογία;
1603 3111 1706 3163 7:06

94 3209 348 3278 μάρτυρι
385 3205 512 3276 Θεῷ
547 3224 605 3258 τε
634 3207 730 3261 καὶ
784 3206 1044 3273 ἀγγέλοις
1105 3205 1471 3276 ὑποσχέσεις;
1504 3203 1609 3257 ποῦ
1672 3206 1706 3274 ή

96 3299 422 3369 ὕποφαεινὴ
481 3298 776 3369 φαιδρότης
800 3297 894 3352 :06
931 3299 1245 3368 σχήματος;
1281 3296 1384 3350 7:06
1411 3298 1440 3349 6
1462 3313 1709 3366 πνευμα-

93 3409 270 3450 τικως
293 3391 424 3444 νοού
435 3408 596 3459 μενος
616 3391 795 3460 γάμος
819 3409 832 3456 ;
867 3390 970 3443 7:06
997 3391 1026 3442 6
1051 3391 1191 3461 ὑπὲρ
1215 3387 1311 3441 σοῦ
1329 3387 1510 3451 τυθεὶς
1534 3387 1704 3458 ἀμνὸς

97 3483 194 3538 τοῦ
245 3485 431 3550 θεοῦ;
472 3483 578 3536 7:06
628 3485 691 3537 :6
748 3482 1107 3552 εὐαγγελικόν
1160 3499 1220 3535 τε
1277 3481 1372 3534 καὶ
1420 3479 1709 3549 ἀδελφικὸν

98 3580 472 3648 ἀγαλλίαμα;
515 3577 620 3631 7:06
662 3579 691 3630 6
731 3578 884 3646 παρὰ
936 3578 1156 3630 πάντων
1206 3576 1498 3645 ἱερώτατος
1533 3576 1711 3627 ἀσπα-

103 3671 277 3739 σμός;
316 3669 428 3723 ποῦ
459 3671 492 3740 ἡ
529 3670 587 3721 ὲν
623 3669 703 3738 τῷ
732 3667 860 3737 θείῳ
886 3665 1262 3735 θυσιαστηρίῳ
1317 3665 1664 3734 παράστασις
1693 3680 1708 3729 ;

102 3761 208 3814 ποῦ
236 3765 268 3832 ἡ
297 3761 397 3814 :06
431 3760 692 3828 σώματός
720 3776 780 3812 τε
812 3761 906 3812 καὶ
935 3759 1170 3828 αἵματος
1199 3755 1293 3809 :06
1327 3755 1566 3826 Χριστοῦ
1593 3753 1710 3807 Θεία

109 3855 427 3926 μετάληψις
449 3873 464 3921 ;
491 3853 598 3906 7:06
627 3856 658 3920 ἡ
688 3853 783 3923 ὅλη
809 3851 1016 3922 φαιδρά
1039 3852 1134 3904 καὶ
1161 3849 1712 3919 ἀγγελοχαρμόσυνος

103 3948 298 4019 τελετή
328 3966 342 4012 ;
367 3947 475 4002 7:06
505 3948 538 4017 ἡ
571 3946 713 4015 φανὴ
746 3945 970 4015 λαμπάς
998 3962 1012 4009 ;
1046 3943 1148 3995 7:06
1176 3944 1208 4012 ἡ
1245 3942 1490 4012 ἄμπελος
1515 3943 1548 4011 ή
1581 3940 1712 4011 ἀλη-

107 4041 268 4111 θινῆς
316 4042 428 4095 ποῦ
485 4043 521 4110 ἡ
564 4041 917 4111 καρποφόρος
968 4038 1165 4107 φυτεία
1215 4035 1310 4088 τοῦ
1362 4035 1711 4103 Πνεύματοςς

108 4134 210 4186 ποῦ
237 4134 379 4204 ἐμοῦ
425 4151 494 4203 γε
525 4133 618 4186 τοῦ
646 4133 835 4185 ἀθλίου
873 4133 901 4184 6
931 4131 1044 4192 υίὸς
1065 4171 1079 4194 ,
1113 4132 1140 4183 6
1171 4128 1470 4199 προαχθεὶς
1503 4129 1584 4180 ἔτι
1618 4128 1714 4180 καὶ

109 4225 188 4278 ἔτι
221 4228 281 4278 ὲν
307 4226 489 4296 καλῷ,
523 4227 617 4278 καὶ
645 4228 916 4294 χρήσιμος
945 4223 1131 4292 ὀφθεὶς
1161 4224 1227 4293 τῇ
1255 4220 1585 4290 ἀδελφότητι
1610 4257 1625 4282 ,
1653 4217 1714 4269 :6

109 4317 302 4370 τέκνον
341 4317 441 4370 :06
472 4316 633 4380 Θεοῦ,
664 4319 692 4368 6
726 4317 821 4368 :06
851 4315 1029 4386 φωτὸς
1059 4313 1346 4384 χορευτὴς,
1373 4313 1400 4364 6
1433 4311 1532 4381 τῆς
1563 4309 1716 4380 βασι-

114 4408 265 4472 λείας
287 4411 402 4465 τῶν
427 4409 682 4480 οὐρανῶν
717 4407 966 4477 πολίτης,
999 4406 1061 4459 :6
1102 4404 1295 4467 σκεῦος
1320 4403 1384 4456 :6
1417 4401 1670 4456 ἐκλεκτόν
1696 4417 1710 4465 ;

119 4499 242 4563 Πῶς
292 4501 552 4571 ἐστράφη
601 4500 681 4560 εἰς
721 4497 789 4549 τά
838 4497 1050 4560 ὀπίσω;
1115 4494 1234 4557 πῶς
1269 4491 1636 4545 ἀπελάκτισεν
1687 4491 1716 4541 ό

114 4592 520 4662 ἡγαπημένος;
559 4591 674 4652 πῶς
713 4587 1007 4657 ἐσκοτίσθη
1043 4588 1072 4638 6
1101 4585 1554 4654 πεφωτισμένος;
1594 4581 1713 4644 πῶς

115 4683 445 4736 ἀπεσείσατο
482 4681 553 4735 τά
593 4682 692 4750 τῆς
728 4679 953 4748 ἁγνείας
986 4677 1166 4738 ὃπλα;
1211 4675 1326 4738 πῶς
1361 4677 1577 4740 ἐγένετο
1623 4672 1718 4743 θή-

118 4793 265 4846 ραμα
287 4777 574 4838 διαϐόλου,
600 4773 990 4843 ὲζωγρημένος
1018 4771 1109 4823 ὑπ’
1135 4767 1301 4822 αὐτοῦ
1323 4769 1398 4831 εἰς
1418 4767 1480 4820 :6
1503 4765 1714 4819 ἐκείνου

119 4868 330 4939 θέλημα
352 4910 368 4932 ,
396 4869 506 4922 ’καὶ
539 4865 700 4934 ἀφεὶς
744 4865 835 4917 τὸν
883 4863 1049 4915 καλὸν
1089 4860 1342 4930 Νυμφίον
1387 4858 1480 4912 τὸν
1511 4856 1716 4927 Κύριον

117 4961 211 5031 τῆς
239 4962 423 5033 δόξης,
457 4959 557 5012 τὸν
586 4956 946 5025 ὲξουσιαστὴν
977 4953 1086 5006 τῶν
1117 4952 1416 5016 ἀπάντων;
1447 4951 1510 5002 Ὢ
1539 4948 1623 5012 τίς
1655 4950 1715 5001 οὐ

124 5048 367 5112 στενάξει
403 5052 467 5102 ὲκ
526 5045 760 5115 βαθους;
795 5045 877 5107 τίς
907 5043 1009 5096 οὐκ
1040 5041 1286 5112 ἐλεήσειε
1316 5038 1410 5091 τὸν
1440 5040 1718 5108 ἐξηπατη-

128 5135 320 5203 μένον;
353 5137 610 5209 υὺρανὲ,
647 5134 874 5203 ἔκστηθι
915 5135 1009 5186 ἐπὶ
1047 5130 1256 5200 τούτῳ’
1284 5128 1380 5198 γῆ,
1429 5129 1625 5200 βόησον
1653 5128 1714 5180 :‘0

127 5225 313 5286 πάθος.
358 5229 424 5280 Τί
460 5228 716 5297 γέγονεν,
765 5223 997 5293 ἀδελφέ;
1040 5224 1142 5275 οὐκ
1187 5219 1419 5292 ᾐδέσθης
1458 5221 1562 5273 κᾶν
1587 5219 1714 5282 τοὺς

125 5319 363 5389 ὁρῶντας
385 5341 400 5390 ;
425 5327 533 5378 οὐκ
556 5320 899 5394 ἠρυθρίασας
925 5320 1019 5373 ἀπ’
1051 5316 1217 5370 αὑτοῦ
1248 5314 1342 5368 τοῦ
1374 5314 1576 5384 ἀέρος;
1609 5311 1710 5364 οὐκ

129 5412 486 5484 ἐδυσχέρανας
521 5415 620 5485 τὴν
645 5412 913 5467 δυσωδίαν
941 5410 1041 5480 τῆς
1077 5405 1507 5477 παγκαταράτου
1539 5405 1714 5472 ἀμαρ-

130 5502 286 5570 τίας;
327 5507 473 5576 ἔχεις
511 5507 673 5572 νοῦν;
715 5505 817 5576 ζῇς
847 5505 993 5574 ᾶρα;
1045 5500 1232 5571 ἀθρεῖς
1272 5499 1458 5569 ἣλιον;
1496 5493 1713 5565 βλέπεις

138 5594 403 5666 σελήνηνς
438 5600 573 5668 ὁρᾷς
603 5595 879 5667 ἀστέρας;
915 5594 1016 5646 οὐκ
1046 5591 1216 5653 ἐστιν,
1246 5591 1349 5642 οὐκ
1379 5588 1523 5639 ἔστιν
1547 5585 1721 5636 εἰπεῖν

135 5682 252 5736 ὅσον
294 5688 355 5738 :6
385 5689 724 5761 ἁμάρτημα,
760 5687 885 5748 ὅσος
930 5685 958 5736 6
994 5683 1219 5744 σκότος,
1270 5681 1372 5748 ὂση
1418 5678 1451 5747 ή
1501 5673 1717 5740 ἀλογία.

138 5772 243 5826 Καὶ
270 5778 378 5830 εῐθε
403 5781 566 5852 μέχρι
590 5782 803 5834 τούτων
838 5780 865 5830 6
886 5776 1044 5844 λόγος
1067 5788 1081 5802 '
1115 5767 1358 5843 eixspfip
1380 5769 1498 5841 ἂνή
1531 5765 1717 5819 ἀθλιό-

143 5879 237 5933 της
265 5873 626 5944 συμμετρίαν.
668 5871 813 5927 Ἀλλ’
833 5873 912 5924 ὅτι
947 5869 1142 5938 κρῖμα,
1169 5863 1386 5931 ἀδελφὲ,
1417 5857 1719 5930 ἀπαραίτη-

1872 1570 1970 1625 llei
1997 1572 2128 1626 mihi
2163 1574 2174 1626 !
2203 1571 2388 1626 statim
2423 1571 2491 1626 ab
2527 1574 2640 1644 ipso
2670 1573 2912 1642 epistola:
2949 1575 3178 1628 exordio
3226 1577 3382 1629 mitto

799 1638 998 1707 βάθους
1039 1639 1271 1710 καρδίας
1295 1681 1309 1702 ,
1345 1642 1437 1693 καὶ
1465 1639 1702 1710 δάκρυον

1815 1676 1864 1716 ιιι
1897 1662 2087 1716 intimo
2121 1667 2286 1718 corde
2316 1665 2643 1734 suspirium,
2674 1674 2729 1718 et
2783 1665 3055 1736 lacrymas
3075 1677 3384 1721 atramento

1799 1755 2155 1820 commisceo,
2195 1756 2266 1810 ob
2287 1771 2350 1811 ea
2378 1771 2501 1826 quae
2549 1757 2614 1810 de
2643 1767 2695 1810 te
2729 1759 2937 1826 accepi,
2976 1757 3164 1812 frater.
3217 1759 3385 1814 Aiunt

1801 1849 1948 1902 enim
1994 1859 2044 1902 te
2068 1861 2318 1903 sanctum
2349 1849 2618 1918 abjecisse
2668 1853 2920 1906 monachi
2982 1853 3252 1913 habitum,
3305 1861 3387 1906 at-

1735 1955 1777 2009 B
1805 1959 1910 2011 que
1944 1943 2083 1997 inter
2123 1942 2292 1998 laicos
2325 1944 2542 2013 degere,
2589 1953 2644 1999 et
2694 1960 2913 1999 uxorem
2952 1947 3384 2000 circumducere.

1804 2036 1848 2089 0
1872 2035 2081 2089 tristem
2102 2037 2353 2090 nttntium
2385 2039 2397 2091 !
2425 2052 2457 2089 0
2489 2037 2760 2109 ingentem
2779 2039 3145 2092 calamitatem
3173 2055 3347 2092 meam
3371 2041 3384 2090 !

1805 2127 1981 2180 Tuum
2028 2130 2172 2182 enim
2224 2130 2369 2184 istud
2427 2131 2643 2193 scelus,
2702 2130 2808 2194 fili,
2884 2145 3064 2185 meum
3127 2141 3212 2186 est
3262 2148 3388 2201 pro-

1803 2231 1922 2290 pter
1953 2231 2188 2292 paternaa
2233 2225 2732 2279 commiserationis
2754 2225 3028 2282 aﬂ‘ectum.
3071 2224 3170 2280 Ubi
3192 2226 3388 2279 mentis

1805 2315 2027 2370 lumen?
2065 2317 2152 2370 ubi
2199 2319 2312 2388 spei
2347 2322 2446 2374 ala:
2474 2321 2497 2373 ?
2527 2320 2614 2374 ubi
2646 2320 2735 2374 Dei
2771 2321 2969 2375 amor?
2994 2321 3086 2374 ubi
3117 2319 3238 2374 Iidei
3280 2320 3392 2387 cly-

1805 2410 1987 2478 peus?
2021 2409 2108 2463 ubi
2140 2425 2307 2480 sagax
2329 2413 2674 2467 consultandi
2697 2416 2817 2469 vis?
2850 2415 2938 2468 ubi
2972 2414 3201 2483 hujusce
3229 2430 3390 2468 mun-

1806 2509 1859 2562 di
1889 2505 2062 2575 fuga?
2110 2506 2201 2560 uhi
2233 2519 2572 2564 terrenarum
2600 2524 2782 2563 rerum
2817 2510 3093 2578 abjectio?
3126 2511 3216 2564 ubi
3272 2527 3390 2564 mo—

1809 2604 2035 2658 nasterii
2064 2603 2436 2674 gubernatio?
2500 2602 2592 2657 ubi
2643 2612 2794 2672 gesta
2863 2619 2969 2656 non
3003 2602 3122 2657 sine
3176 2602 3392 2671 pietatis

1807 2713 1974 2752 sensu
2013 2712 2142 2750 cura
2173 2695 2559 2765 hospitalitatis
2591 2697 2614 2749 ?
2653 2695 2742 2749 uhi
2775 2695 3116 2751 coanoliiticaa
3147 2696 3269 2750 vitae
3300 2695 3389 2750 di-

1807 2789 2036 2858 sciplina
2066 2788 2090 2841 ?
2117 2787 2208 2842 ubi
2251 2786 2526 2842 confessio
2573 2785 2749 2840 lucem
2791 2787 3014 2856 pariens
3051 2785 3075 2839 ?
3112 2786 3202 2840 ubi
3237 2801 3392 2857 egre-

1807 2883 1906 2950 giae
1938 2881 2362 2948 tumlaerynue?
2423 2881 2516 2934 tibi
2564 2880 2721 2950 plena
2776 2879 3094 2933 reverentia:
3139 2879 3395 2947 species?

1812 2975 1901 3028 ubi
1925 2990 1991 3029 ex
2023 2975 2192 3030 totius
2223 2974 2581 3029 fraternitatis
2613 2986 2758 3030 etetu
2805 2975 3181 3029 testimonium
3209 2973 3233 3026 ?
3301 2973 3394 3026 ubi

1807 3069 2072 3122 emissum
2107 3068 2172 3121 ad
2208 3083 2423 3122 sacram
2458 3083 2608 3122 aram
2640 3069 2874 3122 votum?
2913 3067 3006 3122 ubi
3040 3069 3142 3121 sub
3179 3067 3288 3122 Deo
3318 3076 3397 3121 teo

1811 3170 1894 3216 ste
1926 3171 1980 3216 et
2019 3160 2225 3230 angelis
2261 3161 2414 3215 facta:
2441 3161 2883 3231 promissiones?
2927 3161 3019 3214 ubi
3058 3160 3271 3229 fulgens
3304 3160 3400 3214 ha-

1736 3286 1778 3342 c
1813 3255 1960 3309 bitus
1992 3254 2295 3324 splendor?
2327 3255 2418 3308 ubi
2472 3254 2749 3324 spiritales
2783 3269 2905 3322 quae
2959 3265 3140 3307 mente
3193 3254 3397 3307 intelli-

1812 3356 2019 3417 guntur
2045 3346 2248 3415 nuptia:
2279 3347 2302 3400 ?
2331 3346 2422 3400 ubi
2456 3346 2674 3401 oblatus
2703 3357 2924 3418 propter
2958 3356 3009 3401 te
3044 3347 3231 3414 Agnus
3264 3343 3356 3399 Dei
3379 3349 3403 3398 ?

1816 3445 1905 3498 ubi
1939 3444 2168 3498 fratrum
2199 3459 2264 3497 ex
2327 3443 2603 3514 Evangelii
2663 3445 2982 3512 praescripto
3044 3441 3271 3497 latitia?
3307 3443 3398 3496 ubi

1815 3536 2197 3592 sanctissimus
2224 3539 2469 3590 omnium
2505 3536 2857 3604 complexus?
2886 3535 2975 3590 ubi
3032 3537 3096 3589 ad
3153 3537 3399 3591 divinum

1816 3632 1985 3684 altare
2014 3644 2274 3685 accessus
2307 3630 2330 3682 ?
2385 3629 2475 3683 uhi
2504 3629 2750 3698 corporis
2775 3639 2830 3683 et
2861 3629 3145 3700 sanguinis
3193 3629 3400 3684 Christi

1814 3723 1996 3778 divina
2036 3722 2358 3791 perceptio?
2391 3721 2481 3776 ubi
2514 3733 2625 3775 tota
2663 3719 2862 3774 laetitia1
2893 3723 3055 3790 plena
3107 3729 3162 3774 et
3193 3722 3400 3789 angeli-

1815 3832 1880 3868 eo
1915 3831 2009 3884 par
2046 3815 2244 3884 gaudio
2277 3813 2601 3867 eieremonia
2638 3813 2660 3867 ?
2715 3812 2805 3866 ubi
2858 3813 3079 3866 lucerna
3145 3812 3406 3878 fulgens?

1819 3909 1907 3961 ubi
1940 3907 2063 3960 vitis
2112 3922 2239 3959 vera
2281 3905 2425 3958 ?ubi
2487 3902 2750 3974 frugifera
2801 3904 3071 3974 plantalio
3116 3902 3406 3973 Spiritus?

1820 4000 1909 4053 ubi
1945 3999 2088 4052 filius
2119 4013 2295 4060 meus,
2331 3997 2590 4051 miserum
2632 4012 2739 4061 me,
2763 3996 2858 4067 qui
2890 3996 3139 4066 quotidie
3169 3997 3406 4066 majores

1819 4095 1873 4147 in
1911 4094 2115 4146 virtute
2143 4105 2468 4160 progressus
2525 4089 2782 4152 habebat,
2843 4090 3096 4159 idemque
3131 4089 3286 4144 visus
3325 4103 3408 4145 est

1818 4182 2146 4239 fraternitati
2169 4183 2442 4251 perutilis,
2485 4181 2580 4237 Dei
2615 4182 2816 4251 proles,
2869 4182 3008 4236 lucis
3059 4181 3403 4246 administer,

1818 4277 1972 4349 regni
2021 4277 2288 4332 malorum
2346 4277 2503 4341 civis,
2575 4291 2670 4331 vas
2726 4275 3048 4332 eleCIionis?
3118 4274 3406 4341 Quomodo

1819 4384 2122 4426 conversus
2151 4379 2236 4423 est
2289 4379 2592 4422 retrorsum
2629 4367 2653 4420 ?
2699 4368 2980 4437 quomodo
3043 4367 3408 4422 recalcitravit

1818 4463 2099 4519 dilectus?
2123 4462 2400 4532 quomodo
2438 4461 2680 4516 tenebris
2711 4461 2948 4526 obsitus,
3003 4461 3098 4531 qui
3140 4461 3261 4516 luce
3291 4461 3404 4532 ple-

1821 4557 1968 4612 nus?
1988 4555 2265 4627 quomodo
2297 4553 2637 4608 castimonia:
2662 4569 2815 4607 arma
2870 4553 3100 4623 posuit?
3128 4553 3405 4623 quomodo

1748 4649 1792 4704 D
1824 4652 2003 4705 tactus
2041 4657 2126 4704 est
2153 4648 2356 4702 diaboli
2390 4648 2594 4716 praeda,
2625 4647 2694 4701 ab
2726 4646 2849 4716 ipso
2878 4657 3094 4716 captus,
3130 4646 3404 4715 ejusdem-

1814 4759 1922 4813 que
1949 4739 2218 4796 voluntati
2249 4739 2615 4808 mancipatus,
2649 4737 2902 4793 ahdicato
2936 4737 3154 4809 egregio
3190 4737 3404 4808 Sponsa

1816 4835 2052 4890 Domino
2086 4834 2293 4905 glorias,
2321 4848 2488 4899 penes
2507 4846 2669 4902 quem
2696 4845 2878 4886 rerum
2929 4832 3180 4885 omnium
3233 4834 3404 4901 inipe.

1815 4928 1958 4982 rium
1986 4936 2066 4982 est
2093 4926 2117 4979 ?
2145 4923 2282 4991 Quis
2300 4941 2406 4979 non
2434 4940 2559 4979 cum
2591 4923 2789 4979 intimo
2843 4938 3010 4978 sensu
3069 4924 3277 4978 doloris
3325 4925 3403 4976 in-

1817 5020 2111 5094 gemiscat?
2145 5019 2269 5089 quis
2311 5019 2562 5074 delusum
2604 5033 2713 5072 non
2761 5016 3242 5072 commiseratione
3278 5032 3395 5085 pro-

1822 5110 2126 5182 sequatur?
2153 5107 2512 5177 Ohstupesce,
2559 5107 2783 5169 ccelum,
2822 5118 2989 5173 super
3029 5103 3134 5158 hoc
3170 5121 3184 5156 :
3218 5113 3360 5157 terra
3394 5147 3408 5165 ,

1822 5201 2193 5258 calamitatem
2260 5199 2515 5254 inclama.
2554 5196 2697 5264 Quid
2762 5195 2965 5250 factum
3025 5205 3132 5261 est,
3198 5194 3412 5249 frater?

1821 5293 1940 5348 Non
1977 5293 2184 5348 veritus
2212 5307 2272 5345 es
2307 5291 2501 5346 saltem
2565 5289 2877 5344 intuentes?
2910 5303 3020 5342 non
3055 5289 3199 5342 hunc
3231 5289 3410 5357 ipsum

1817 5403 1997 5442 aerem
2017 5383 2329 5441 erubuisti?
2369 5399 2476 5438 non
2499 5385 2668 5439 tulisti
2703 5383 2938 5452 graviter
2966 5382 3268 5438 detestandi
3294 5397 3414 5434 sce-

1823 5481 1951 5536 leris
2000 5480 2229 5534 fetorem
2253 5479 2276 5531 ?
2305 5476 2460 5532 Tunc
2488 5479 2685 5533 mentis
2706 5492 2933 5547 compos
2956 5477 2979 5530 ?
3009 5477 3256 5531 vivisne?
3279 5493 3411 5529 nunt

1822 5572 1994 5626 solem
2023 5569 2254 5624 intueris
2281 5568 2303 5621 ?
2332 5583 2400 5621 an
2433 5568 2619 5621 lunam
2653 5569 2876 5622 cernis?
2910 5583 2978 5621 an
3035 5568 3218 5622 sidera
3258 5569 3374 5637 aspi
3395 5600 3408 5608 -

1823 5664 1946 5718 cis?
1978 5661 2094 5717 Dici
2146 5660 2391 5725 omnino,
2442 5660 2549 5714 dici
2581 5675 2689 5715 non
2727 5668 2925 5729 potest,
2959 5670 3224 5728 quantum
3265 5660 3409 5714 istud

1828 5756 2114 5826 flagitium,
2139 5762 2357 5823 quanta:
2388 5753 2647 5814 tenelirm.
2689 5765 2890 5824 quanta
2922 5755 3161 5808 amentia
3188 5755 3276 5807 sit.
3319 5757 3412 5807 At-

1827 5849 2167 5920 queutinam
2200 5847 2304 5900 huc
2368 5861 2540 5912 usque
2593 5855 2802 5901 tantum
2871 5847 3124 5916 progredi
3189 5848 3415 5901 deberet
